  <div class='ocr_page' id='page_1' title='image "/cluster/home/n/w/nwhite01/storage/ocr_20150623/103/hvd.32044018872861/030.png"; bbox 0 0 4146 6432; ppageno 0'>
   <div class='ocr_carea' id='block_1_1' title="bbox 263 462 1833 538">
    <p class='ocr_par' dir='ltr' id='par_1_1' title="bbox 263 465 1831 538">
     <span class='ocr_line' id='line_1_1' title="bbox 263 465 1831 538; baseline -0.001 -11"><span class='ocrx_word' id='word_1_1' title='bbox 263 475 326 538; x_wconf 68' lang='grc'><strong>45</strong></span> <span class='ocrx_word' id='word_1_2' title='bbox 1329 465 1831 529; x_wconf 83' lang='lat' dir='ltr'><strong>BIBLIOTHECA</strong></span> 
     </span>
    </p>
   </div>
   <div class='ocr_carea' id='block_1_2' title="bbox 1939 462 3510 538">
    <p class='ocr_par' dir='ltr' id='par_1_2' title="bbox 1939 462 3510 535">
     <span class='ocr_line' id='line_1_2' title="bbox 1939 462 3510 535; baseline 0.004 -11"><span class='ocrx_word' id='word_1_3' title='bbox 1939 493 1960 501; x_wconf 90' lang='lat'><strong>-</strong></span> <span class='ocrx_word' id='word_1_4' title='bbox 1986 464 2201 526; x_wconf 88' lang='lat' dir='ltr'><strong>CODD.</strong></span> <span class='ocrx_word' id='word_1_5' title='bbox 2246 462 2417 523; x_wconf 87' lang='grc' dir='ltr'>Ι-ΙΙΙ.</span> <span class='ocrx_word' id='word_1_6' title='bbox 3439 467 3510 535; x_wconf 67' lang='grc'><strong>46</strong></span> 
     </span>
    </p>
   </div>
   <div class='ocr_carea' id='block_1_3' title="bbox 259 572 1833 655">
    <p class='ocr_par' dir='ltr' id='par_1_3' title="bbox 259 572 1824 655">
     <span class='ocr_line' id='line_1_3' title="bbox 259 572 1824 655; baseline -0.005 -18"><span class='ocrx_word' id='word_1_7' title='bbox 259 582 439 655; x_wconf 87' lang='grc' dir='ltr'>γνησία</span> <span class='ocrx_word' id='word_1_8' title='bbox 467 580 499 651; x_wconf 85' lang='grc' dir='ltr'><strong>ή</strong></span> <span class='ocrx_word' id='word_1_9' title='bbox 523 576 619 633; x_wconf 87' lang='grc' dir='ltr'><strong>τοῦ</strong></span> <span class='ocrx_word' id='word_1_10' title='bbox 644 576 801 648; x_wconf 81' lang='grc' dir='ltr'>ἁγίου</span> <span class='ocrx_word' id='word_1_11' title='bbox 831 572 1111 631; x_wconf 79' lang='grc' dir='ltr'><strong>Διονυσίου</strong></span> <span class='ocrx_word' id='word_1_12' title='bbox 1148 574 1348 646; x_wconf 89' lang='grc' dir='ltr'>βίϐλος.</span> <span class='ocrx_word' id='word_1_13' title='bbox 1380 576 1661 630; x_wconf 84' lang='grc' dir='ltr'>Διελύοντο</span> <span class='ocrx_word' id='word_1_14' title='bbox 1688 576 1745 629; x_wconf 84' lang='grc' dir='ltr'><strong>δὲ</strong></span> <span class='ocrx_word' id='word_1_15' title='bbox 1767 578 1824 630; x_wconf 82' lang='grc' dir='ltr'>ἐν</span> 
     </span>
    </p>
   </div>
   <div class='ocr_carea' id='block_1_4' title="bbox 1939 572 3503 655">
    <p class='ocr_par' dir='ltr' id='par_1_4' title="bbox 1939 572 3503 643">
     <span class='ocr_line' id='line_1_4' title="bbox 1939 572 3503 643; baseline 0.003 -15"><span class='ocrx_word' id='word_1_16' title='bbox 1939 589 2245 643; x_wconf 69' lang='lat' dir='ltr'><strong>germanum</strong></span> <span class='ocrx_word' id='word_1_17' title='bbox 2269 588 2392 629; x_wconf 89' lang='lat' dir='ltr'><strong>esse</strong></span> <span class='ocrx_word' id='word_1_18' title='bbox 2415 573 2589 628; x_wconf 99' lang='lat' dir='ltr'><strong>sancti</strong></span> <span class='ocrx_word' id='word_1_19' title='bbox 2624 572 2863 643; x_wconf 85' lang='lat' dir='ltr'><strong>Dionysii</strong></span> <span class='ocrx_word' id='word_1_20' title='bbox 2889 588 3045 643; x_wconf 87' lang='lat' dir='ltr'><strong>opus.</strong></span> <span class='ocrx_word' id='word_1_21' title='bbox 3080 572 3377 632; x_wconf 78' lang='lat' dir='ltr'><strong>Solvuntur</strong></span> <span class='ocrx_word' id='word_1_22' title='bbox 3403 593 3503 633; x_wconf 81' lang='lat' dir='ltr'><strong>au-</strong></span> 
     </span>
    </p>
   </div>
   <div class='ocr_carea' id='block_1_5' title="bbox 258 663 1809 745">
    <p class='ocr_par' dir='ltr' id='par_1_5' title="bbox 258 663 1809 745">
     <span class='ocr_line' id='line_1_5' title="bbox 258 663 1809 745; baseline -0.014 -17"><span class='ocrx_word' id='word_1_23' title='bbox 258 676 325 745; x_wconf 81' lang='grc' dir='ltr'>τῷ</span> <span class='ocrx_word' id='word_1_24' title='bbox 354 672 484 741; x_wconf 80' lang='grc' dir='ltr'>λόγῳ</span> <span class='ocrx_word' id='word_1_25' title='bbox 510 670 789 733; x_wconf 76' lang='grc' dir='ltr'><strong>ἐνστάσεις</strong></span> <span class='ocrx_word' id='word_1_26' title='bbox 811 669 1099 737; x_wconf 78' lang='grc' dir='ltr'>τέσσαρες,</span> <span class='ocrx_word' id='word_1_27' title='bbox 1136 666 1235 739; x_wconf 88' lang='grc' dir='ltr'><strong>μία</strong></span> <span class='ocrx_word' id='word_1_28' title='bbox 1264 667 1364 737; x_wconf 84' lang='grc' dir='ltr'>μὲν</span> <span class='ocrx_word' id='word_1_29' title='bbox 1391 668 1475 721; x_wconf 81' lang='grc' dir='ltr'>ὅτι</span> <span class='ocrx_word' id='word_1_30' title='bbox 1504 668 1553 720; x_wconf 85' lang='grc' dir='ltr'><strong>εί</strong></span> <span class='ocrx_word' id='word_1_31' title='bbox 1584 663 1653 739; x_wconf 81' lang='grc' dir='ltr'>ἦν</span> <span class='ocrx_word' id='word_1_32' title='bbox 1676 683 1809 735; x_wconf 80' lang='grc' dir='ltr'>γνη-</span> 
     </span>
    </p>
   </div>
   <div class='ocr_carea' id='block_1_6' title="bbox 262 760 1818 832">
    <p class='ocr_par' dir='ltr' id='par_1_6' title="bbox 262 760 1818 832">
     <span class='ocr_line' id='line_1_6' title="bbox 262 760 1818 832; baseline -0.004 -13"><span class='ocrx_word' id='word_1_33' title='bbox 262 766 360 821; x_wconf 87' lang='grc' dir='ltr'>σία.</span> <span class='ocrx_word' id='word_1_34' title='bbox 388 764 498 825; x_wconf 85' lang='grc' dir='ltr'>πῶς</span> <span class='ocrx_word' id='word_1_35' title='bbox 522 762 623 815; x_wconf 86' lang='grc' dir='ltr'>οὐκ</span> <span class='ocrx_word' id='word_1_36' title='bbox 654 760 1005 832; x_wconf 71' lang='grc' dir='ltr'>ἐμνήσθησαν</span> <span class='ocrx_word' id='word_1_37' title='bbox 1030 760 1138 813; x_wconf 86' lang='grc' dir='ltr'>τῶν</span> <span class='ocrx_word' id='word_1_38' title='bbox 1168 762 1227 813; x_wconf 85' lang='grc' dir='ltr'>ὲν</span> <span class='ocrx_word' id='word_1_39' title='bbox 1253 761 1391 830; x_wconf 83' lang='grc' dir='ltr'>αὐτῇ</span> <span class='ocrx_word' id='word_1_40' title='bbox 1421 760 1603 831; x_wconf 82' lang='grc' dir='ltr'>ρητῶν</span> <span class='ocrx_word' id='word_1_41' title='bbox 1628 777 1688 812; x_wconf 89' lang='grc' dir='ltr'><strong>τε</strong></span> <span class='ocrx_word' id='word_1_42' title='bbox 1720 760 1818 813; x_wconf 77' lang='grc' dir='ltr'><strong>καὶ</strong></span> 
     </span>
    </p>
   </div>
   <div class='ocr_carea' id='block_1_7' title="bbox 259 852 1819 929">
    <p class='ocr_par' dir='ltr' id='par_1_7' title="bbox 259 852 1819 929">
     <span class='ocr_line' id='line_1_7' title="bbox 259 852 1819 929; baseline -0.012 -8"><span class='ocrx_word' id='word_1_43' title='bbox 259 857 485 929; x_wconf 81' lang='grc' dir='ltr'><strong>χρήσεων</strong></span> <span class='ocrx_word' id='word_1_44' title='bbox 513 852 660 916; x_wconf 77' lang='grc' dir='ltr'>τινὲς</span> <span class='ocrx_word' id='word_1_45' title='bbox 701 852 811 905; x_wconf 81' lang='grc' dir='ltr'><strong>τῶν</strong></span> <span class='ocrx_word' id='word_1_46' title='bbox 850 852 1327 922; x_wconf 84' lang='grc' dir='ltr'><strong>μεταγενεστέρων</strong></span> <span class='ocrx_word' id='word_1_47' title='bbox 1360 852 1652 922; x_wconf 84' lang='grc' dir='ltr'>Πατέρων;</span> <span class='ocrx_word' id='word_1_48' title='bbox 1686 855 1819 904; x_wconf 79' lang='grc' dir='ltr'>Δευ-</span> 
     </span>
    </p>
   </div>
   <div class='ocr_carea' id='block_1_8' title="bbox 258 942 1815 1015">
    <p class='ocr_par' dir='ltr' id='par_1_8' title="bbox 258 942 1815 1015">
     <span class='ocr_line' id='line_1_8' title="bbox 258 942 1815 1015; baseline -0.002 -16"><span class='ocrx_word' id='word_1_49' title='bbox 258 946 375 1015; x_wconf 78' lang='grc' dir='ltr'>τέρα</span> <span class='ocrx_word' id='word_1_50' title='bbox 403 944 458 997; x_wconf 80' lang='grc' dir='ltr'><strong>δέ</strong></span> <span class='ocrx_word' id='word_1_51' title='bbox 480 959 496 974; x_wconf 75' lang='grc' dir='ltr'><strong><em>ο</em></strong></span> <span class='ocrx_word' id='word_1_52' title='bbox 525 944 611 996; x_wconf 80' lang='grc' dir='ltr'>ὅτι</span> <span class='ocrx_word' id='word_1_53' title='bbox 638 942 896 1005; x_wconf 83' lang='grc' dir='ltr'>Εὐσέϐιος</span> <span class='ocrx_word' id='word_1_54' title='bbox 925 944 956 995; x_wconf 76' lang='grc' dir='ltr'><strong>ὁ·</strong></span> <span class='ocrx_word' id='word_1_55' title='bbox 981 943 1269 1011; x_wconf 80' lang='grc' dir='ltr'>Παμφίλου</span> <span class='ocrx_word' id='word_1_56' title='bbox 1311 942 1633 1014; x_wconf 83' lang='grc' dir='ltr'>ἀναγραφὴν</span> <span class='ocrx_word' id='word_1_57' title='bbox 1657 960 1815 1014; x_wconf 86' lang='grc' dir='ltr'>ποιη-</span> 
     </span>
    </p>
   </div>
   <div class='ocr_carea' id='block_1_9' title="bbox 261 1034 1821 1106">
    <p class='ocr_par' dir='ltr' id='par_1_9' title="bbox 261 1034 1821 1106">
     <span class='ocr_line' id='line_1_9' title="bbox 261 1034 1821 1106; baseline -0.001 -17"><span class='ocrx_word' id='word_1_58' title='bbox 261 1038 471 1104; x_wconf 72' lang='grc' dir='ltr'>σάμενος</span> <span class='ocrx_word' id='word_1_59' title='bbox 518 1035 629 1088; x_wconf 88' lang='grc' dir='ltr'><strong>τῶν</strong></span> <span class='ocrx_word' id='word_1_60' title='bbox 684 1034 1193 1105; x_wconf 78' lang='grc' dir='ltr'><strong>συγγεγραμμένων</strong></span> <span class='ocrx_word' id='word_1_61' title='bbox 1238 1038 1351 1099; x_wconf 88' lang='grc' dir='ltr'>τοῖς</span> <span class='ocrx_word' id='word_1_62' title='bbox 1388 1035 1679 1106; x_wconf 76' lang='grc' dir='ltr'>μακαρίοις</span> <span class='ocrx_word' id='word_1_63' title='bbox 1708 1038 1821 1090; x_wconf 75' lang='grc' dir='ltr'><strong>Πα-</strong></span> 
     </span>
    </p>
   </div>
   <div class='ocr_carea' id='block_1_10' title="bbox 258 1123 1823 1196">
    <p class='ocr_par' dir='ltr' id='par_1_10' title="bbox 258 1123 1823 1196">
     <span class='ocr_line' id='line_1_10' title="bbox 258 1123 1823 1196; baseline -0.002 -17"><span class='ocrx_word' id='word_1_64' title='bbox 258 1127 429 1195; x_wconf 85' lang='grc' dir='ltr'>τράσιν</span> <span class='ocrx_word' id='word_1_65' title='bbox 457 1125 613 1194; x_wconf 73' lang='grc' dir='ltr'>ἡμῶν</span> <span class='ocrx_word' id='word_1_66' title='bbox 638 1123 857 1194; x_wconf 80' lang='grc' dir='ltr'>βιϐλίων</span> <span class='ocrx_word' id='word_1_67' title='bbox 882 1124 1138 1195; x_wconf 76' lang='grc' dir='ltr'>οὐδεμίαν</span> <span class='ocrx_word' id='word_1_68' title='bbox 1160 1124 1363 1194; x_wconf 83' lang='grc' dir='ltr'><strong>ταύτης</strong></span> <span class='ocrx_word' id='word_1_69' title='bbox 1395 1126 1614 1196; x_wconf 81' lang='grc' dir='ltr'>μνήμην</span> <span class='ocrx_word' id='word_1_70' title='bbox 1635 1125 1823 1195; x_wconf 74' lang='grc' dir='ltr'>ἐποιή-</span> 
     </span>
    </p>
   </div>
   <div class='ocr_carea' id='block_1_11' title="bbox 262 1215 1820 1287">
    <p class='ocr_par' dir='ltr' id='par_1_11' title="bbox 262 1215 1820 1287">
     <span class='ocr_line' id='line_1_11' title="bbox 262 1215 1820 1287; baseline -0.001 -18"><span class='ocrx_word' id='word_1_71' title='bbox 262 1233 404 1281; x_wconf 66' lang='lat' dir='ltr'><strong>ostro;</strong></span> <span class='ocrx_word' id='word_1_72' title='bbox 438 1216 608 1286; x_wconf 86' lang='grc' dir='ltr'>Τρίτη</span> <span class='ocrx_word' id='word_1_73' title='bbox 647 1216 737 1268; x_wconf 78' lang='grc' dir='ltr'><strong>δέ·</strong></span> <span class='ocrx_word' id='word_1_74' title='bbox 774 1217 857 1268; x_wconf 79' lang='grc' dir='ltr'>ὅτι</span> <span class='ocrx_word' id='word_1_75' title='bbox 892 1215 1010 1279; x_wconf 85' lang='grc' dir='ltr'>πῶς</span> <span class='ocrx_word' id='word_1_76' title='bbox 1036 1216 1147 1269; x_wconf 81' lang='grc' dir='ltr'>τῶν</span> <span class='ocrx_word' id='word_1_77' title='bbox 1180 1216 1323 1269; x_wconf 84' lang='grc' dir='ltr'>κατὰ</span> <span class='ocrx_word' id='word_1_78' title='bbox 1350 1215 1633 1284; x_wconf 80' lang='grc' dir='ltr'>προκοπὴν</span> <span class='ocrx_word' id='word_1_79' title='bbox 1662 1217 1720 1269; x_wconf 81' lang='grc' dir='ltr'>ὲν</span> <span class='ocrx_word' id='word_1_80' title='bbox 1754 1218 1820 1287; x_wconf 85' lang='grc' dir='ltr'>τῇ</span> 
     </span>
    </p>
   </div>
   <div class='ocr_carea' id='block_1_12' title="bbox 271 1308 1825 1380">
    <p class='ocr_par' dir='ltr' id='par_1_12' title="bbox 271 1308 1825 1380">
     <span class='ocr_line' id='line_1_12' title="bbox 271 1308 1825 1380; baseline -0.001 -19"><span class='ocrx_word' id='word_1_81' title='bbox 271 1308 546 1380; x_wconf 71' lang='grc' dir='ltr'>Ἐκκλησία</span> <span class='ocrx_word' id='word_1_82' title='bbox 576 1310 671 1363; x_wconf 76' lang='grc' dir='ltr'><strong>καὶ</strong></span> <span class='ocrx_word' id='word_1_83' title='bbox 702 1309 792 1361; x_wconf 85' lang='grc' dir='ltr'>διὰ</span> <span class='ocrx_word' id='word_1_84' title='bbox 843 1308 1059 1380; x_wconf 78' lang='grc' dir='ltr'>μακροῦ</span> <span class='ocrx_word' id='word_1_85' title='bbox 1099 1308 1194 1361; x_wconf 87' lang='grc' dir='ltr'><strong>τοῦ</strong></span> <span class='ocrx_word' id='word_1_86' title='bbox 1241 1309 1436 1380; x_wconf 82' lang='grc' dir='ltr'>χρόνου</span> <span class='ocrx_word' id='word_1_87' title='bbox 1481 1308 1825 1377; x_wconf 75' lang='grc' dir='ltr'>αὐξηθέντων</span> 
     </span>
    </p>
   </div>
   <div class='ocr_carea' id='block_1_13' title="bbox 261 1397 1825 1469">
    <p class='ocr_par' dir='ltr' id='par_1_13' title="bbox 261 1397 1825 1469">
     <span class='ocr_line' id='line_1_13' title="bbox 261 1397 1825 1469; baseline 0.001 -19"><span class='ocrx_word' id='word_1_88' title='bbox 261 1398 591 1468; x_wconf 78' lang='grc' dir='ltr'>πιραδὸσεων</span> <span class='ocrx_word' id='word_1_89' title='bbox 622 1399 655 1467; x_wconf 84' lang='grc' dir='ltr'><strong>ή</strong></span> <span class='ocrx_word' id='word_1_90' title='bbox 685 1397 865 1468; x_wconf 82' lang='grc' dir='ltr'>βίϐλος</span> <span class='ocrx_word' id='word_1_91' title='bbox 911 1398 1051 1469; x_wconf 84' lang='grc' dir='ltr'>αὐτη</span> <span class='ocrx_word' id='word_1_92' title='bbox 1089 1399 1400 1469; x_wconf 80' lang='grc' dir='ltr'>λεπτομερῆ</span> <span class='ocrx_word' id='word_1_93' title='bbox 1430 1399 1529 1469; x_wconf 87' lang='grc' dir='ltr'>τὴν</span> <span class='ocrx_word' id='word_1_94' title='bbox 1564 1398 1825 1469; x_wconf 79' lang='grc' dir='ltr'>ἐξήγησιν</span> 
     </span>
    </p>
   </div>
   <div class='ocr_carea' id='block_1_14' title="bbox 260 1486 1825 1561">
    <p class='ocr_par' dir='ltr' id='par_1_14' title="bbox 260 1486 1825 1561">
     <span class='ocr_line' id='line_1_14' title="bbox 260 1486 1825 1561; baseline 0.001 -20"><span class='ocrx_word' id='word_1_95' title='bbox 260 1490 473 1541; x_wconf 85' lang='grc' dir='ltr'>ποιεῖται</span> <span class='ocrx_word' id='word_1_96' title='bbox 497 1504 512 1553; x_wconf 88' lang='grc'>;</span> <span class='ocrx_word' id='word_1_97' title='bbox 560 1488 619 1541; x_wconf 91' lang='lat'><strong>&#39;0</strong></span> <span class='ocrx_word' id='word_1_98' title='bbox 644 1487 743 1558; x_wconf 84' lang='grc' dir='ltr'>μὲν</span> <span class='ocrx_word' id='word_1_99' title='bbox 766 1488 872 1558; x_wconf 78' lang='grc' dir='ltr'><strong>γὰρ</strong></span> <span class='ocrx_word' id='word_1_100' title='bbox 902 1489 1073 1558; x_wconf 83' lang='grc' dir='ltr'>μέγας</span> <span class='ocrx_word' id='word_1_101' title='bbox 1090 1490 1366 1553; x_wconf 76' lang='grc' dir='ltr'>Διονύσιος</span> <span class='ocrx_word' id='word_1_102' title='bbox 1412 1490 1710 1561; x_wconf 81' lang='grc' dir='ltr'>σύγχρονος</span> <span class='ocrx_word' id='word_1_103' title='bbox 1734 1486 1825 1561; x_wconf 80' lang='grc' dir='ltr'><strong>ἦν,</strong></span> 
     </span>
    </p>
   </div>
   <div class='ocr_carea' id='block_1_15' title="bbox 261 1581 1828 1655">
    <p class='ocr_par' dir='ltr' id='par_1_15' title="bbox 261 1581 1828 1655">
     <span class='ocr_line' id='line_1_15' title="bbox 261 1581 1828 1655; baseline 0.003 -22"><span class='ocrx_word' id='word_1_104' title='bbox 261 1582 327 1645; x_wconf 84' lang='grc' dir='ltr'>ὼς</span> <span class='ocrx_word' id='word_1_105' title='bbox 354 1582 504 1650; x_wconf 77' lang='grc' dir='ltr'>δῆλον</span> <span class='ocrx_word' id='word_1_106' title='bbox 536 1583 600 1634; x_wconf 79' lang='grc' dir='ltr'><strong>ὲκ</strong></span> <span class='ocrx_word' id='word_1_107' title='bbox 633 1581 741 1635; x_wconf 84' lang='grc' dir='ltr'>τῶν</span> <span class='ocrx_word' id='word_1_108' title='bbox 779 1582 1061 1652; x_wconf 77' lang='grc' dir='ltr'>Πρὰξεων,</span> <span class='ocrx_word' id='word_1_109' title='bbox 1093 1585 1205 1645; x_wconf 87' lang='grc' dir='ltr'>τοῖς</span> <span class='ocrx_word' id='word_1_110' title='bbox 1248 1582 1598 1646; x_wconf 73' lang='grc' dir='ltr'>ἀποστόλοιςο</span> <span class='ocrx_word' id='word_1_111' title='bbox 1633 1582 1670 1637; x_wconf 80' lang='grc' dir='ltr'>ἃ</span> <span class='ocrx_word' id='word_1_112' title='bbox 1703 1583 1760 1637; x_wconf 86' lang='grc' dir='ltr'><strong>δὲ</strong></span> <span class='ocrx_word' id='word_1_113' title='bbox 1794 1584 1828 1655; x_wconf 79' lang='grc' dir='ltr'>ἡ</span> 
     </span>
    </p>
   </div>
   <div class='ocr_carea' id='block_1_16' title="bbox 265 1672 1830 1745">
    <p class='ocr_par' dir='ltr' id='par_1_16' title="bbox 265 1672 1830 1745">
     <span class='ocr_line' id='line_1_16' title="bbox 265 1672 1830 1745; baseline 0.002 -21"><span class='ocrx_word' id='word_1_114' title='bbox 265 1672 425 1742; x_wconf 68' lang='grc' dir='ltr'>βίϐλος</span> <span class='ocrx_word' id='word_1_115' title='bbox 457 1673 723 1743; x_wconf 82' lang='grc' dir='ltr'>περιέχει,</span> <span class='ocrx_word' id='word_1_116' title='bbox 760 1673 827 1726; x_wconf 77' lang='grc' dir='ltr'><strong>τὰ</strong></span> <span class='ocrx_word' id='word_1_117' title='bbox 857 1672 1086 1726; x_wconf 81' lang='grc' dir='ltr'>πλεῖστα</span> <span class='ocrx_word' id='word_1_118' title='bbox 1118 1673 1226 1727; x_wconf 86' lang='grc' dir='ltr'>τῶν</span> <span class='ocrx_word' id='word_1_119' title='bbox 1257 1676 1399 1727; x_wconf 82' lang='grc' dir='ltr'><strong>κατά</strong></span> <span class='ocrx_word' id='word_1_120' title='bbox 1428 1673 1711 1745; x_wconf 83' lang='grc' dir='ltr'>προκοπὴν</span> <span class='ocrx_word' id='word_1_121' title='bbox 1735 1675 1830 1727; x_wconf 66' lang='grc' dir='ltr'><strong>καὶ⁵</strong></span> 
     </span>
    </p>
   </div>
   <div class='ocr_carea' id='block_1_17' title="bbox 262 1764 1828 1839">
    <p class='ocr_par' dir='ltr' id='par_1_17' title="bbox 262 1764 1828 1839">
     <span class='ocr_line' id='line_1_17' title="bbox 262 1764 1828 1839; baseline 0.003 -23"><span class='ocrx_word' id='word_1_122' title='bbox 262 1766 315 1827; x_wconf 81' lang='grc' dir='ltr'>ἐς</span> <span class='ocrx_word' id='word_1_123' title='bbox 340 1765 557 1835; x_wconf 75' lang='grc' dir='ltr'>ὕστερον</span> <span class='ocrx_word' id='word_1_124' title='bbox 584 1768 641 1818; x_wconf 83' lang='grc' dir='ltr'>ὲν</span> <span class='ocrx_word' id='word_1_125' title='bbox 667 1769 732 1836; x_wconf 83' lang='grc' dir='ltr'>τῇ</span> <span class='ocrx_word' id='word_1_126' title='bbox 769 1765 1067 1837; x_wconf 73' lang='grc' dir='ltr'>Ἐκκλησία</span> <span class='ocrx_word' id='word_1_127' title='bbox 1097 1764 1443 1837; x_wconf 79' lang='grc' dir='ltr'>αὐξηθέντων</span> <span class='ocrx_word' id='word_1_128' title='bbox 1474 1766 1828 1839; x_wconf 77' lang='grc' dir='ltr'>παραδόσεων</span> 
     </span>
    </p>
   </div>
   <div class='ocr_carea' id='block_1_18' title="bbox 262 1854 1829 1929">
    <p class='ocr_par' dir='ltr' id='par_1_18' title="bbox 262 1854 1829 1929">
     <span class='ocr_line' id='line_1_18' title="bbox 262 1854 1829 1929; baseline 0.003 -22"><span class='ocrx_word' id='word_1_129' title='bbox 262 1857 394 1907; x_wconf 79' lang='grc' dir='ltr'>ἐστιν</span> <span class='ocrx_word' id='word_1_130' title='bbox 437 1855 728 1928; x_wconf 71' lang='grc' dir='ltr'>ἀναγραφή</span> <span class='ocrx_word' id='word_1_131' title='bbox 754 1871 767 1885; x_wconf 81' lang='grc'><strong><em>⁸</em></strong></span> <span class='ocrx_word' id='word_1_132' title='bbox 800 1857 1069 1911; x_wconf 84' lang='grc' dir='ltr'>ἀπίθανον</span> <span class='ocrx_word' id='word_1_133' title='bbox 1122 1854 1238 1921; x_wconf 78' lang='grc' dir='ltr'>οὖν,</span> <span class='ocrx_word' id='word_1_134' title='bbox 1273 1859 1488 1928; x_wconf 73' lang='grc' dir='ltr'>φησὶη,</span> <span class='ocrx_word' id='word_1_135' title='bbox 1521 1859 1723 1929; x_wconf 82' lang='grc' dir='ltr'>μᾶλλον</span> <span class='ocrx_word' id='word_1_136' title='bbox 1771 1859 1829 1912; x_wconf 84' lang='grc' dir='ltr'><strong>δὲ</strong></span> 
     </span>
    </p>
   </div>
   <div class='ocr_carea' id='block_1_19' title="bbox 1929 666 3509 738">
    <p class='ocr_par' dir='ltr' id='par_1_19' title="bbox 1929 666 3509 738">
     <span class='ocr_line' id='line_1_19' title="bbox 1929 666 3509 738; baseline 0.003 -18"><span class='ocrx_word' id='word_1_137' title='bbox 1929 676 2035 722; x_wconf 89' lang='lat' dir='ltr'><strong>tem</strong></span> <span class='ocrx_word' id='word_1_138' title='bbox 2068 676 2304 736; x_wconf 92' lang='lat' dir='ltr'><strong>quatuor</strong></span> <span class='ocrx_word' id='word_1_139' title='bbox 2347 666 2692 737; x_wconf 87' lang='lat' dir='ltr'><strong>potissimum</strong></span> <span class='ocrx_word' id='word_1_140' title='bbox 2725 676 3063 736; x_wconf 87' lang='lat' dir='ltr'><strong>argumenta.</strong></span> <span class='ocrx_word' id='word_1_141' title='bbox 3112 667 3354 724; x_wconf 79' lang='lat' dir='ltr'><strong>Primum</strong></span> <span class='ocrx_word' id='word_1_142' title='bbox 3384 670 3509 738; x_wconf 88' lang='lat' dir='ltr'><strong>qui-</strong></span> 
     </span>
    </p>
   </div>
   <div class='ocr_carea' id='block_1_20' title="bbox 1927 755 3510 826">
    <p class='ocr_par' dir='ltr' id='par_1_20' title="bbox 1927 755 3510 826">
     <span class='ocr_line' id='line_1_20' title="bbox 1927 755 3510 826; baseline 0.003 -16"><span class='ocrx_word' id='word_1_143' title='bbox 1927 757 2048 811; x_wconf 86' lang='lat' dir='ltr'><strong>dem</strong></span> <span class='ocrx_word' id='word_1_144' title='bbox 2074 774 2088 811; x_wconf 88' lang='lat'>:</span> <span class='ocrx_word' id='word_1_145' title='bbox 2118 755 2173 809; x_wconf 92' lang='lat' dir='ltr'><strong>Si</strong></span> <span class='ocrx_word' id='word_1_146' title='bbox 2199 757 2467 826; x_wconf 89' lang='lat' dir='ltr'><strong>genuinus</strong></span> <span class='ocrx_word' id='word_1_147' title='bbox 2487 764 2592 823; x_wconf 89' lang='lat' dir='ltr'><strong>est,</strong></span> <span class='ocrx_word' id='word_1_148' title='bbox 2616 770 2715 811; x_wconf 89' lang='lat' dir='ltr'><strong>cur</strong></span> <span class='ocrx_word' id='word_1_149' title='bbox 2733 763 3043 812; x_wconf 86' lang='lat' dir='ltr'><strong>sanctorum</strong></span> <span class='ocrx_word' id='word_1_150' title='bbox 3066 755 3287 811; x_wconf 80' lang='lat' dir='ltr'><strong>Patrum</strong></span> <span class='ocrx_word' id='word_1_151' title='bbox 3331 773 3510 821; x_wconf 89' lang='lat' dir='ltr'><strong>nemo,</strong></span> 
     </span>
    </p>
   </div>
   <div class='ocr_carea' id='block_1_21' title="bbox 1926 846 3513 915">
    <p class='ocr_par' dir='ltr' id='par_1_21' title="bbox 1926 846 3513 915">
     <span class='ocr_line' id='line_1_21' title="bbox 1926 846 3513 915; baseline 0.003 -15"><span class='ocrx_word' id='word_1_152' title='bbox 1926 846 2017 915; x_wconf 86' lang='lat' dir='ltr'><strong>qui</strong></span> <span class='ocrx_word' id='word_1_153' title='bbox 2050 859 2171 915; x_wconf 90' lang='lat' dir='ltr'><strong>post</strong></span> <span class='ocrx_word' id='word_1_154' title='bbox 2194 848 2367 901; x_wconf 87' lang='lat' dir='ltr'><strong>secuti</strong></span> <span class='ocrx_word' id='word_1_155' title='bbox 2391 857 2537 915; x_wconf 89' lang='lat' dir='ltr'><strong>sunt,</strong></span> <span class='ocrx_word' id='word_1_156' title='bbox 2561 863 2630 902; x_wconf 82' lang='lat' dir='ltr'><strong>ex</strong></span> <span class='ocrx_word' id='word_1_157' title='bbox 2659 862 2725 903; x_wconf 91' lang='lat' dir='ltr'><strong>eo</strong></span> <span class='ocrx_word' id='word_1_158' title='bbox 2746 847 2885 902; x_wconf 91' lang='lat' dir='ltr'><strong>libro</strong></span> <span class='ocrx_word' id='word_1_159' title='bbox 2908 847 3209 902; x_wconf 74' lang='lat' dir='ltr'><strong>sententias</strong></span> <span class='ocrx_word' id='word_1_160' title='bbox 3232 859 3327 903; x_wconf 90' lang='lat' dir='ltr'><strong>aut</strong></span> <span class='ocrx_word' id='word_1_161' title='bbox 3355 851 3513 904; x_wconf 90' lang='lat' dir='ltr'><strong>testi-</strong></span> 
     </span>
    </p>
   </div>
   <div class='ocr_carea' id='block_1_22' title="bbox 1934 938 3510 1005">
    <p class='ocr_par' dir='ltr' id='par_1_22' title="bbox 1934 938 3510 1005">
     <span class='ocr_line' id='line_1_22' title="bbox 1934 938 3510 1005; baseline 0.001 -14"><span class='ocrx_word' id='word_1_162' title='bbox 1934 938 2113 992; x_wconf 89' lang='lat' dir='ltr'><strong>monia</strong></span> <span class='ocrx_word' id='word_1_163' title='bbox 2142 938 2366 993; x_wconf 87' lang='lat' dir='ltr'><strong>citarit?</strong></span> <span class='ocrx_word' id='word_1_164' title='bbox 2409 939 2657 995; x_wconf 80' lang='lat' dir='ltr'><strong>Alterum</strong></span> <span class='ocrx_word' id='word_1_165' title='bbox 2698 953 2828 994; x_wconf 90' lang='lat' dir='ltr'><strong>vero</strong></span> <span class='ocrx_word' id='word_1_166' title='bbox 2869 938 3192 1005; x_wconf 84' lang='lat' dir='ltr'><strong>:Quomodo</strong></span> <span class='ocrx_word' id='word_1_167' title='bbox 3238 938 3510 995; x_wconf 82' lang='lat' dir='ltr'><strong>Eusebius</strong></span> 
     </span>
    </p>
   </div>
   <div class='ocr_carea' id='block_1_23' title="bbox 1929 1032 3511 1105">
    <p class='ocr_par' dir='ltr' id='par_1_23' title="bbox 1929 1032 3511 1105">
     <span class='ocr_line' id='line_1_23' title="bbox 1929 1032 3511 1105; baseline 0.001 -18"><span class='ocrx_word' id='word_1_168' title='bbox 1929 1032 2218 1103; x_wconf 82' lang='lat' dir='ltr'><strong>Pamphili,</strong></span> <span class='ocrx_word' id='word_1_169' title='bbox 2267 1045 2580 1090; x_wconf 88' lang='lat' dir='ltr'><strong>sanctorum</strong></span> <span class='ocrx_word' id='word_1_170' title='bbox 2625 1034 2848 1090; x_wconf 90' lang='lat' dir='ltr'><strong>Patrum</strong></span> <span class='ocrx_word' id='word_1_171' title='bbox 2893 1036 3098 1105; x_wconf 87' lang='lat' dir='ltr'><strong>scripta</strong></span> <span class='ocrx_word' id='word_1_172' title='bbox 3157 1049 3511 1097; x_wconf 87' lang='lat' dir='ltr'><strong>enumerans,</strong></span> 
     </span>
    </p>
   </div>
   <div class='ocr_carea' id='block_1_24' title="bbox 1931 1124 3516 1193">
    <p class='ocr_par' dir='ltr' id='par_1_24' title="bbox 1931 1124 3516 1193">
     <span class='ocr_line' id='line_1_24' title="bbox 1931 1124 3516 1193; baseline 0.001 -14"><span class='ocrx_word' id='word_1_173' title='bbox 1931 1125 2092 1193; x_wconf 89' lang='lat' dir='ltr'><strong>hujus</strong></span> <span class='ocrx_word' id='word_1_174' title='bbox 2120 1126 2322 1181; x_wconf 87' lang='lat' dir='ltr'><strong>nullam</strong></span> <span class='ocrx_word' id='word_1_175' title='bbox 2372 1126 2563 1181; x_wconf 74' lang='lat' dir='ltr'><strong>fecerit</strong></span> <span class='ocrx_word' id='word_1_176' title='bbox 2610 1126 2981 1181; x_wconf 82' lang='lat' dir='ltr'><strong>mentionem?</strong></span> <span class='ocrx_word' id='word_1_177' title='bbox 3016 1125 3262 1181; x_wconf 87' lang='lat' dir='ltr'><strong>Tertium</strong></span> <span class='ocrx_word' id='word_1_178' title='bbox 3310 1143 3325 1181; x_wconf 90' lang='lat'><strong>:</strong></span> <span class='ocrx_word' id='word_1_179' title='bbox 3358 1124 3516 1193; x_wconf 84' lang='lat' dir='ltr'><strong>Quo-</strong></span> 
     </span>
    </p>
   </div>
   <div class='ocr_carea' id='block_1_25' title="bbox 1934 1217 3518 1289">
    <p class='ocr_par' dir='ltr' id='par_1_25' title="bbox 1934 1217 3518 1289">
     <span class='ocr_line' id='line_1_25' title="bbox 1934 1217 3518 1289; baseline -0.002 -16"><span class='ocrx_word' id='word_1_180' title='bbox 1934 1219 2094 1273; x_wconf 89' lang='lat' dir='ltr'><strong>modo</strong></span> <span class='ocrx_word' id='word_1_181' title='bbox 2145 1218 2494 1273; x_wconf 90' lang='lat' dir='ltr'><strong>traditionum</strong></span> <span class='ocrx_word' id='word_1_182' title='bbox 2530 1234 2740 1285; x_wconf 89' lang='lat' dir='ltr'><strong>earum,</strong></span> <span class='ocrx_word' id='word_1_183' title='bbox 2766 1234 2887 1289; x_wconf 65' lang='lat' dir='ltr'><strong>qua:</strong></span> <span class='ocrx_word' id='word_1_184' title='bbox 2930 1220 2981 1272; x_wconf 93' lang='lat' dir='ltr'><strong>in</strong></span> <span class='ocrx_word' id='word_1_185' title='bbox 3032 1217 3274 1273; x_wconf 83' lang='lat' dir='ltr'><strong>Ecclesia</strong></span> <span class='ocrx_word' id='word_1_186' title='bbox 3307 1233 3405 1287; x_wconf 89' lang='lat' dir='ltr'><strong>per</strong></span> <span class='ocrx_word' id='word_1_187' title='bbox 3432 1218 3518 1271; x_wconf 90' lang='lat' dir='ltr'><strong>ln-</strong></span> 
     </span>
    </p>
   </div>
   <div class='ocr_carea' id='block_1_26' title="bbox 1931 1310 3512 1380">
    <p class='ocr_par' dir='ltr' id='par_1_26' title="bbox 1931 1310 3512 1380">
     <span class='ocr_line' id='line_1_26' title="bbox 1931 1310 3512 1380; baseline -0.001 -14"><span class='ocrx_word' id='word_1_188' title='bbox 1931 1321 2213 1366; x_wconf 87' lang='lat' dir='ltr'><strong>crementa</strong></span> <span class='ocrx_word' id='word_1_189' title='bbox 2258 1319 2312 1365; x_wconf 91' lang='lat' dir='ltr'><strong>et</strong></span> <span class='ocrx_word' id='word_1_190' title='bbox 2355 1311 2599 1365; x_wconf 83' lang='lat' dir='ltr'><strong>diuturni</strong></span> <span class='ocrx_word' id='word_1_191' title='bbox 2665 1310 2932 1380; x_wconf 84' lang='lat' dir='ltr'><strong>temporis</strong></span> <span class='ocrx_word' id='word_1_192' title='bbox 2974 1310 3149 1379; x_wconf 87' lang='lat' dir='ltr'><strong>spatia</strong></span> <span class='ocrx_word' id='word_1_193' title='bbox 3196 1319 3512 1374; x_wconf 87' lang='lat' dir='ltr'><strong>creverunt,</strong></span> 
     </span>
    </p>
   </div>
   <div class='ocr_carea' id='block_1_27' title="bbox 1936 1400 3518 1474">
    <p class='ocr_par' dir='ltr' id='par_1_27' title="bbox 1936 1400 3518 1474">
     <span class='ocr_line' id='line_1_27' title="bbox 1936 1400 3518 1474; baseline 0.001 -19"><span class='ocrx_word' id='word_1_194' title='bbox 1936 1400 2077 1456; x_wconf 88' lang='lat' dir='ltr'><strong>liber</strong></span> <span class='ocrx_word' id='word_1_195' title='bbox 2121 1400 2212 1455; x_wconf 89' lang='lat' dir='ltr'><strong>hic</strong></span> <span class='ocrx_word' id='word_1_196' title='bbox 2241 1400 2520 1471; x_wconf 88' lang='lat' dir='ltr'><strong>sigillatim</strong></span> <span class='ocrx_word' id='word_1_197' title='bbox 2563 1409 2709 1456; x_wconf 78' lang='lat' dir='ltr'><strong>texat</strong></span> <span class='ocrx_word' id='word_1_198' title='bbox 2737 1400 3139 1457; x_wconf 85' lang='lat' dir='ltr'><strong>narrationem?</strong></span> <span class='ocrx_word' id='word_1_199' title='bbox 3163 1403 3250 1470; x_wconf 72' lang='lat' dir='ltr'><strong>2a</strong></span> <span class='ocrx_word' id='word_1_200' title='bbox 3287 1400 3518 1474; x_wconf 79' lang='lat' dir='ltr'><strong>Magnus</strong></span> 
     </span>
    </p>
   </div>
   <div class='ocr_carea' id='block_1_28' title="bbox 1935 1490 3516 1562">
    <p class='ocr_par' dir='ltr' id='par_1_28' title="bbox 1935 1490 3516 1562">
     <span class='ocr_line' id='line_1_28' title="bbox 1935 1490 3516 1562; baseline -0.002 -14"><span class='ocrx_word' id='word_1_201' title='bbox 1935 1493 2082 1548; x_wconf 89' lang='lat' dir='ltr'><strong>enim</strong></span> <span class='ocrx_word' id='word_1_202' title='bbox 2126 1492 2415 1562; x_wconf 85' lang='lat' dir='ltr'><strong>Dionysius</strong></span> <span class='ocrx_word' id='word_1_203' title='bbox 2441 1530 2456 1557; x_wconf 92' lang='lat'><strong>,</strong></span> <span class='ocrx_word' id='word_1_204' title='bbox 2502 1500 2562 1545; x_wconf 91' lang='lat' dir='ltr'><strong>ut</strong></span> <span class='ocrx_word' id='word_1_205' title='bbox 2605 1506 2673 1546; x_wconf 81' lang='lat' dir='ltr'><strong>ex</strong></span> <span class='ocrx_word' id='word_1_206' title='bbox 2713 1492 2863 1546; x_wconf 83' lang='lat' dir='ltr'><strong>Actis</strong></span> <span class='ocrx_word' id='word_1_207' title='bbox 2912 1503 3100 1561; x_wconf 84' lang='lat' dir='ltr'><strong>patet,</strong></span> <span class='ocrx_word' id='word_1_208' title='bbox 3144 1490 3516 1561; x_wconf 82' lang='lat' dir='ltr'><strong>apostolorum</strong></span> 
     </span>
    </p>
   </div>
   <div class='ocr_carea' id='block_1_29' title="bbox 1936 1581 3516 1653">
    <p class='ocr_par' dir='ltr' id='par_1_29' title="bbox 1936 1581 3516 1653">
     <span class='ocr_line' id='line_1_29' title="bbox 1936 1581 3516 1653; baseline -0.002 -14"><span class='ocrx_word' id='word_1_209' title='bbox 1936 1582 2159 1653; x_wconf 73' lang='lat' dir='ltr'><strong>aequalis</strong></span> <span class='ocrx_word' id='word_1_210' title='bbox 2189 1581 2324 1650; x_wconf 81' lang='lat' dir='ltr'><strong>fuit;</strong></span> <span class='ocrx_word' id='word_1_211' title='bbox 2359 1584 2449 1638; x_wconf 91' lang='lat' dir='ltr'><strong>hic</strong></span> <span class='ocrx_word' id='word_1_212' title='bbox 2482 1597 2613 1638; x_wconf 88' lang='lat' dir='ltr'><strong>vero</strong></span> <span class='ocrx_word' id='word_1_213' title='bbox 2661 1582 2801 1637; x_wconf 89' lang='lat' dir='ltr'><strong>liber</strong></span> <span class='ocrx_word' id='word_1_214' title='bbox 2833 1597 3022 1637; x_wconf 87' lang='lat' dir='ltr'><strong>earum</strong></span> <span class='ocrx_word' id='word_1_215' title='bbox 3057 1583 3295 1638; x_wconf 78' lang='lat' dir='ltr'><strong>maxime</strong></span> <span class='ocrx_word' id='word_1_216' title='bbox 3338 1582 3516 1636; x_wconf 87' lang='lat' dir='ltr'><strong>tradi-</strong></span> 
     </span>
    </p>
   </div>
   <div class='ocr_carea' id='block_1_30' title="bbox 1940 1672 3518 1745">
    <p class='ocr_par' dir='ltr' id='par_1_30' title="bbox 1940 1672 3518 1745">
     <span class='ocr_line' id='line_1_30' title="bbox 1940 1672 3518 1745; baseline 0 -17"><span class='ocrx_word' id='word_1_217' title='bbox 1940 1675 2145 1729; x_wconf 89' lang='lat' dir='ltr'><strong>tionmn</strong></span> <span class='ocrx_word' id='word_1_218' title='bbox 2181 1673 2602 1744; x_wconf 85' lang='lat' dir='ltr'><strong>descriptionem</strong></span> <span class='ocrx_word' id='word_1_219' title='bbox 2645 1674 2912 1738; x_wconf 82' lang='lat' dir='ltr'><strong>continet,</strong></span> <span class='ocrx_word' id='word_1_220' title='bbox 2938 1690 3057 1743; x_wconf 72' lang='lat' dir='ltr'><strong>quae</strong></span> <span class='ocrx_word' id='word_1_221' title='bbox 3087 1683 3274 1745; x_wconf 80' lang='lat' dir='ltr'><strong>pastea</strong></span> <span class='ocrx_word' id='word_1_222' title='bbox 3309 1672 3518 1728; x_wconf 85' lang='lat' dir='ltr'><strong>sensim</strong></span> 
     </span>
    </p>
   </div>
   <div class='ocr_carea' id='block_1_31' title="bbox 1941 1762 3520 1836">
    <p class='ocr_par' dir='ltr' id='par_1_31' title="bbox 1941 1762 3520 1836">
     <span class='ocr_line' id='line_1_31' title="bbox 1941 1762 3520 1836; baseline 0 -18"><span class='ocrx_word' id='word_1_223' title='bbox 1941 1765 1997 1819; x_wconf 92' lang='lat' dir='ltr'><strong>in</strong></span> <span class='ocrx_word' id='word_1_224' title='bbox 2042 1765 2287 1820; x_wconf 82' lang='lat' dir='ltr'><strong>Ecclesia</strong></span> <span class='ocrx_word' id='word_1_225' title='bbox 2319 1765 2688 1818; x_wconf 85' lang='lat' dir='ltr'><strong>invaluerunt.</strong></span> <span class='ocrx_word' id='word_1_226' title='bbox 2724 1762 2841 1819; x_wconf 85' lang='lat' dir='ltr'><strong>Non</strong></span> <span class='ocrx_word' id='word_1_227' title='bbox 2889 1766 3054 1836; x_wconf 88' lang='lat' dir='ltr'><strong>igitur</strong></span> <span class='ocrx_word' id='word_1_228' title='bbox 3092 1764 3391 1820; x_wconf 86' lang='lat' dir='ltr'><strong>verisimile</strong></span> <span class='ocrx_word' id='word_1_229' title='bbox 3436 1767 3520 1818; x_wconf 88' lang='lat' dir='ltr'><strong>vi-</strong></span> 
     </span>
    </p>
   </div>
   <div class='ocr_carea' id='block_1_32' title="bbox 1944 1855 3523 1926">
    <p class='ocr_par' dir='ltr' id='par_1_32' title="bbox 1944 1855 3523 1926">
     <span class='ocr_line' id='line_1_32' title="bbox 1944 1855 3523 1926; baseline -0.002 -16"><span class='ocrx_word' id='word_1_230' title='bbox 1944 1855 2059 1911; x_wconf 87' lang='lat' dir='ltr'><strong>deri</strong></span> <span class='ocrx_word' id='word_1_231' title='bbox 2097 1856 2200 1921; x_wconf 88' lang='lat' dir='ltr'><strong>ait,</strong></span> <span class='ocrx_word' id='word_1_232' title='bbox 2235 1856 2346 1913; x_wconf 84' lang='lat' dir='ltr'><strong>imo</strong></span> <span class='ocrx_word' id='word_1_233' title='bbox 2372 1855 2509 1910; x_wconf 84' lang='lat' dir='ltr'><strong>falso</strong></span> <span class='ocrx_word' id='word_1_234' title='bbox 2538 1856 2859 1921; x_wconf 81' lang='lat' dir='ltr'><strong>conﬁctam,</strong></span> <span class='ocrx_word' id='word_1_235' title='bbox 2890 1872 3010 1926; x_wconf 57' lang='lat' dir='ltr'><strong>quae</strong></span> <span class='ocrx_word' id='word_1_236' title='bbox 3040 1857 3199 1925; x_wconf 89' lang='lat' dir='ltr'><strong>longo</strong></span> <span class='ocrx_word' id='word_1_237' title='bbox 3224 1865 3343 1926; x_wconf 87' lang='lat' dir='ltr'><strong>post</strong></span> <span class='ocrx_word' id='word_1_238' title='bbox 3387 1866 3523 1911; x_wconf 90' lang='lat' dir='ltr'><strong>tem-</strong></span> 
     </span>
    </p>
   </div>
   <div class='ocr_carea' id='block_1_33' title="bbox 262 1943 1833 2023">
    <p class='ocr_par' dir='ltr' id='par_1_33' title="bbox 262 1948 1833 2023">
     <span class='ocr_line' id='line_1_33' title="bbox 262 1948 1833 2023; baseline 0.004 -24"><span class='ocrx_word' id='word_1_239' title='bbox 262 1948 645 2015; x_wconf 83' lang='grc' dir='ltr'>κακόπλαστον,</span> <span class='ocrx_word' id='word_1_240' title='bbox 666 1948 735 2002; x_wconf 86' lang='grc' dir='ltr'><strong>τὰ</strong></span> <span class='ocrx_word' id='word_1_241' title='bbox 764 1949 905 2019; x_wconf 85' lang='grc' dir='ltr'>μετά</span> <span class='ocrx_word' id='word_1_242' title='bbox 931 1950 1099 2004; x_wconf 82' lang='grc' dir='ltr'>πολὺν</span> <span class='ocrx_word' id='word_1_243' title='bbox 1125 1952 1317 2022; x_wconf 81' lang='grc' dir='ltr'>χρόνον</span> <span class='ocrx_word' id='word_1_244' title='bbox 1344 1956 1445 2023; x_wconf 83' lang='grc' dir='ltr'>τῆς</span> <span class='ocrx_word' id='word_1_245' title='bbox 1465 1952 1723 2021; x_wconf 79' lang='grc' dir='ltr'>τελευτῆς</span> <span class='ocrx_word' id='word_1_246' title='bbox 1744 1950 1833 2005; x_wconf 85' lang='grc' dir='ltr'><strong>τοῦ</strong></span> 
     </span>
    </p>
   </div>
   <div class='ocr_carea' id='block_1_34' title="bbox 1939 1943 3523 2023">
    <p class='ocr_par' dir='ltr' id='par_1_34' title="bbox 1942 1946 3523 2019">
     <span class='ocr_line' id='line_1_34' title="bbox 1942 1946 3523 2019; baseline 0 -19"><span class='ocrx_word' id='word_1_247' title='bbox 1942 1959 2074 2015; x_wconf 91' lang='lat' dir='ltr'><strong>pore</strong></span> <span class='ocrx_word' id='word_1_248' title='bbox 2097 1961 2125 1999; x_wconf 91' lang='lat' dir='ltr'><strong>a</strong></span> <span class='ocrx_word' id='word_1_249' title='bbox 2176 1957 2355 2001; x_wconf 91' lang='lat' dir='ltr'><strong>morte</strong></span> <span class='ocrx_word' id='word_1_250' title='bbox 2399 1948 2578 2016; x_wconf 90' lang='lat' dir='ltr'><strong>magni</strong></span> <span class='ocrx_word' id='word_1_251' title='bbox 2608 1946 2853 2019; x_wconf 85' lang='lat' dir='ltr'><strong>Dionysii</strong></span> <span class='ocrx_word' id='word_1_252' title='bbox 2884 1947 2937 2001; x_wconf 90' lang='lat' dir='ltr'><strong>in</strong></span> <span class='ocrx_word' id='word_1_253' title='bbox 2974 1947 3216 2002; x_wconf 83' lang='lat' dir='ltr'><strong>Ecclesia</strong></span> <span class='ocrx_word' id='word_1_254' title='bbox 3245 1958 3366 2002; x_wconf 87' lang='lat' dir='ltr'><strong>orta</strong></span> <span class='ocrx_word' id='word_1_255' title='bbox 3414 1946 3523 2002; x_wconf 87' lang='lat' dir='ltr'><strong>sint</strong></span> 
     </span>
    </p>
   </div>
   <div class='ocr_carea' id='block_1_35' title="bbox 264 2037 1839 2114">
    <p class='ocr_par' dir='ltr' id='par_1_35' title="bbox 264 2037 1839 2114">
     <span class='ocr_line' id='line_1_35' title="bbox 264 2037 1839 2114; baseline 0.004 -26"><span class='ocrx_word' id='word_1_256' title='bbox 264 2037 484 2104; x_wconf 76' lang='grc' dir='ltr'>μεγάλου</span> <span class='ocrx_word' id='word_1_257' title='bbox 518 2038 797 2091; x_wconf 87' lang='grc' dir='ltr'>Διονυσίου</span> <span class='ocrx_word' id='word_1_258' title='bbox 820 2041 876 2093; x_wconf 83' lang='grc' dir='ltr'>ὲν</span> <span class='ocrx_word' id='word_1_259' title='bbox 904 2043 972 2111; x_wconf 82' lang='grc' dir='ltr'><strong>τῇ</strong></span> <span class='ocrx_word' id='word_1_260' title='bbox 1000 2041 1298 2114; x_wconf 74' lang='grc' dir='ltr'>Ἐκκλησία</span> <span class='ocrx_word' id='word_1_261' title='bbox 1320 2042 1625 2114; x_wconf 76' lang='grc' dir='ltr'>αὐξηθέντα</span> <span class='ocrx_word' id='word_1_262' title='bbox 1657 2040 1839 2096; x_wconf 77' lang='grc' dir='ltr'>Διονύ-</span> 
     </span>
    </p>
   </div>
   <div class='ocr_carea' id='block_1_36' title="bbox 263 2129 1842 2205">
    <p class='ocr_par' dir='ltr' id='par_1_36' title="bbox 263 2129 1842 2205">
     <span class='ocr_line' id='line_1_36' title="bbox 263 2129 1842 2205; baseline 0.003 -24"><span class='ocrx_word' id='word_1_263' title='bbox 263 2146 365 2181; x_wconf 80' lang='grc' dir='ltr'>σιον</span> <span class='ocrx_word' id='word_1_264' title='bbox 395 2129 803 2200; x_wconf 76' lang='grc' dir='ltr'>ὑπολαμϐάνειν</span> <span class='ocrx_word' id='word_1_265' title='bbox 831 2133 1170 2204; x_wconf 71' lang='grc' dir='ltr'>ἀναγράψαι.</span> <span class='ocrx_word' id='word_1_266' title='bbox 1191 2135 1233 2185; x_wconf 86' lang='grc' dir='ltr'><strong>Τ</strong></span> <span class='ocrx_word' id='word_1_267' title='bbox 1237 2133 1440 2205; x_wconf 84' lang='grc' dir='ltr'>ετάρτη</span> <span class='ocrx_word' id='word_1_268' title='bbox 1480 2134 1558 2187; x_wconf 76' lang='grc' dir='ltr'><strong>δέ’</strong></span> <span class='ocrx_word' id='word_1_269' title='bbox 1594 2134 1713 2196; x_wconf 82' lang='grc' dir='ltr'><strong>πῶς</strong></span> <span class='ocrx_word' id='word_1_270' title='bbox 1745 2132 1842 2204; x_wconf 82' lang='grc' dir='ltr'><strong>μὲ-</strong></span> 
     </span>
    </p>
   </div>
   <div class='ocr_carea' id='block_1_37' title="bbox 263 2222 1840 2297">
    <p class='ocr_par' dir='ltr' id='par_1_37' title="bbox 263 2222 1840 2297">
     <span class='ocr_line' id='line_1_37' title="bbox 263 2222 1840 2297; baseline 0.002 -22"><span class='ocrx_word' id='word_1_271' title='bbox 263 2239 447 2291; x_wconf 82' lang='grc' dir='ltr'>μνηται</span> <span class='ocrx_word' id='word_1_272' title='bbox 486 2222 592 2292; x_wconf 70' lang='grc' dir='ltr'>τῆς</span> <span class='ocrx_word' id='word_1_273' title='bbox 631 2222 726 2275; x_wconf 84' lang='grc' dir='ltr'><strong>τοῦ</strong></span> <span class='ocrx_word' id='word_1_274' title='bbox 764 2222 1027 2296; x_wconf 82' lang='grc' dir='ltr'>θεοφόρου</span> <span class='ocrx_word' id='word_1_275' title='bbox 1064 2226 1324 2294; x_wconf 82' lang='grc' dir='ltr'>ἰγνατίου</span> <span class='ocrx_word' id='word_1_276' title='bbox 1361 2226 1652 2297; x_wconf 77' lang='grc' dir='ltr'>ἐπιστολῆς</span> <span class='ocrx_word' id='word_1_277' title='bbox 1692 2228 1725 2297; x_wconf 81' lang='grc' dir='ltr'>ἡ</span> <span class='ocrx_word' id='word_1_278' title='bbox 1760 2225 1840 2296; x_wconf 88' lang='grc' dir='ltr'>βί-</span> 
     </span>
    </p>
   </div>
   <div class='ocr_carea' id='block_1_38' title="bbox 262 2313 1841 2387">
    <p class='ocr_par' dir='ltr' id='par_1_38' title="bbox 262 2313 1841 2387">
     <span class='ocr_line' id='line_1_38' title="bbox 262 2313 1841 2387; baseline 0.003 -22"><span class='ocrx_word' id='word_1_279' title='bbox 262 2313 408 2379; x_wconf 90' lang='grc' dir='ltr'>ϐλος;</span> <span class='ocrx_word' id='word_1_280' title='bbox 452 2314 511 2368; x_wconf 83' lang='lat'><strong>&#39;0</strong></span> <span class='ocrx_word' id='word_1_281' title='bbox 546 2315 648 2385; x_wconf 81' lang='grc' dir='ltr'>μὲν</span> <span class='ocrx_word' id='word_1_282' title='bbox 674 2315 785 2387; x_wconf 84' lang='grc' dir='ltr'>γὰρ</span> <span class='ocrx_word' id='word_1_283' title='bbox 817 2316 1094 2380; x_wconf 82' lang='grc' dir='ltr'>Διονύσιος</span> <span class='ocrx_word' id='word_1_284' title='bbox 1130 2320 1243 2381; x_wconf 86' lang='grc' dir='ltr'>τοῖς</span> <span class='ocrx_word' id='word_1_285' title='bbox 1268 2318 1378 2370; x_wconf 80' lang='grc' dir='ltr'>τῶν</span> <span class='ocrx_word' id='word_1_286' title='bbox 1408 2318 1721 2371; x_wconf 84' lang='grc' dir='ltr'>ἀποστόλων</span> <span class='ocrx_word' id='word_1_287' title='bbox 1754 2319 1841 2370; x_wconf 81' lang='grc' dir='ltr'><strong>ὲνο</strong></span> 
     </span>
    </p>
   </div>
   <div class='ocr_carea' id='block_1_39' title="bbox 261 2408 1843 2482">
    <p class='ocr_par' dir='ltr' id='par_1_39' title="bbox 261 2408 1843 2482">
     <span class='ocr_line' id='line_1_39' title="bbox 261 2408 1843 2482; baseline 0.004 -24"><span class='ocrx_word' id='word_1_288' title='bbox 261 2408 462 2476; x_wconf 78' lang='grc' dir='ltr'>ήκμασε</span> <span class='ocrx_word' id='word_1_289' title='bbox 510 2408 749 2479; x_wconf 84' lang='grc' dir='ltr'>χρόνοις,</span> <span class='ocrx_word' id='word_1_290' title='bbox 768 2410 1027 2478; x_wconf 82' lang='grc' dir='ltr'>Ἰγνάτιος</span> <span class='ocrx_word' id='word_1_291' title='bbox 1067 2410 1124 2465; x_wconf 81' lang='grc' dir='ltr'>δὲ</span> <span class='ocrx_word' id='word_1_292' title='bbox 1173 2412 1266 2463; x_wconf 72' lang='grc' dir='ltr'><strong>ἐπὶ</strong></span> <span class='ocrx_word' id='word_1_293' title='bbox 1295 2411 1564 2482; x_wconf 76' lang='grc' dir='ltr'>Τραϊανοῦ</span> <span class='ocrx_word' id='word_1_294' title='bbox 1612 2411 1705 2464; x_wconf 77' lang='grc' dir='ltr'>τὸν</span> <span class='ocrx_word' id='word_1_295' title='bbox 1753 2408 1843 2464; x_wconf 80' lang='grc' dir='ltr'>διὰ</span> 
     </span>
    </p>
   </div>
   <div class='ocr_carea' id='block_1_40' title="bbox 226 2500 1841 2575">
    <p class='ocr_par' dir='ltr' id='par_1_40' title="bbox 226 2500 1841 2575">
     <span class='ocr_line' id='line_1_40' title="bbox 226 2500 1841 2575; baseline 0.009 -25"><span class='ocrx_word' id='word_1_296' title='bbox 226 2550 229 2551; x_wconf 64' lang='lat'><strong>,</strong></span> <span class='ocrx_word' id='word_1_297' title='bbox 264 2500 554 2572; x_wconf 79' lang='grc' dir='ltr'>μαρτυρίου</span> <span class='ocrx_word' id='word_1_298' title='bbox 604 2500 839 2572; x_wconf 76' lang='grc' dir='ltr'>ήθλησεν</span> <span class='ocrx_word' id='word_1_299' title='bbox 874 2502 1061 2570; x_wconf 85' lang='grc' dir='ltr'>ἀγῶνα</span> <span class='ocrx_word' id='word_1_300' title='bbox 1086 2517 1101 2534; x_wconf 76' lang='grc' dir='ltr'><strong>ο</strong></span> <span class='ocrx_word' id='word_1_301' title='bbox 1147 2502 1205 2567; x_wconf 86' lang='grc' dir='ltr'>ὃς</span> <span class='ocrx_word' id='word_1_302' title='bbox 1251 2502 1346 2556; x_wconf 75' lang='grc' dir='ltr'><strong>καὶ</strong></span> <span class='ocrx_word' id='word_1_303' title='bbox 1391 2503 1499 2575; x_wconf 84' lang='grc' dir='ltr'>πρὸ</span> <span class='ocrx_word' id='word_1_304' title='bbox 1533 2502 1706 2573; x_wconf 75' lang='grc' dir='ltr'>βραχὺ</span> <span class='ocrx_word' id='word_1_305' title='bbox 1739 2502 1841 2571; x_wconf 83' lang='grc' dir='ltr'>τῆς</span> 
     </span>
    </p>
   </div>
   <div class='ocr_carea' id='block_1_41' title="bbox 260 2590 1840 2668">
    <p class='ocr_par' dir='ltr' id='par_1_41' title="bbox 260 2590 1840 2668">
     <span class='ocr_line' id='line_1_41' title="bbox 260 2590 1840 2668; baseline 0.002 -24"><span class='ocrx_word' id='word_1_306' title='bbox 260 2592 503 2664; x_wconf 82' lang='grc' dir='ltr'>τελευτῆς</span> <span class='ocrx_word' id='word_1_307' title='bbox 531 2592 739 2665; x_wconf 76' lang='grc' dir='ltr'>ταύτην</span> <span class='ocrx_word' id='word_1_308' title='bbox 771 2594 870 2666; x_wconf 85' lang='grc' dir='ltr'><strong>τὴν</strong></span> <span class='ocrx_word' id='word_1_309' title='bbox 890 2595 933 2626; x_wconf 85' lang='grc'><strong>¹³</strong></span> <span class='ocrx_word' id='word_1_310' title='bbox 958 2594 1280 2666; x_wconf 77' lang='grc' dir='ltr'>ἐπιστολὴν,</span> <span class='ocrx_word' id='word_1_311' title='bbox 1313 2590 1381 2668; x_wconf 80' lang='grc' dir='ltr'><strong>ἧς</strong></span> <span class='ocrx_word' id='word_1_312' title='bbox 1416 2597 1449 2666; x_wconf 83' lang='grc' dir='ltr'>ἡ</span> <span class='ocrx_word' id='word_1_313' title='bbox 1485 2595 1669 2666; x_wconf 79' lang='grc' dir='ltr'>βίϐλος</span> <span class='ocrx_word' id='word_1_314' title='bbox 1700 2612 1840 2665; x_wconf 88' lang='grc' dir='ltr'>μνη-</span> 
     </span>
    </p>
   </div>
   <div class='ocr_carea' id='block_1_42' title="bbox 266 2684 1842 2758">
    <p class='ocr_par' dir='ltr' id='par_1_42' title="bbox 266 2684 1842 2758">
     <span class='ocr_line' id='line_1_42' title="bbox 266 2684 1842 2758; baseline 0.003 -23"><span class='ocrx_word' id='word_1_315' title='bbox 266 2684 465 2753; x_wconf 80' lang='grc' dir='ltr'>μονεύει</span> <span class='ocrx_word' id='word_1_316' title='bbox 486 2727 503 2748; x_wconf 91' lang='lat'><strong>,</strong></span> <span class='ocrx_word' id='word_1_317' title='bbox 540 2686 768 2756; x_wconf 68' lang='grc' dir='ltr'>γράφει.</span> <span class='ocrx_word' id='word_1_318' title='bbox 804 2687 1019 2750; x_wconf 82' lang='grc' dir='ltr'>Ταύτας</span> <span class='ocrx_word' id='word_1_319' title='bbox 1052 2686 1143 2740; x_wconf 76' lang='grc' dir='ltr'>οὖν</span> <span class='ocrx_word' id='word_1_320' title='bbox 1172 2688 1271 2751; x_wconf 74' lang='grc' dir='ltr'>τὰς</span> <span class='ocrx_word' id='word_1_321' title='bbox 1301 2688 1576 2757; x_wconf 81' lang='grc' dir='ltr'>τέσσαρας</span> <span class='ocrx_word' id='word_1_322' title='bbox 1608 2688 1842 2758; x_wconf 77' lang='grc' dir='ltr'>ἀπορίας</span> 
     </span>
    </p>
   </div>
   <div class='ocr_carea' id='block_1_43' title="bbox 263 2776 1843 2850">
    <p class='ocr_par' dir='ltr' id='par_1_43' title="bbox 263 2776 1843 2850">
     <span class='ocr_line' id='line_1_43' title="bbox 263 2776 1843 2850; baseline 0.003 -23"><span class='ocrx_word' id='word_1_323' title='bbox 263 2776 497 2831; x_wconf 85' lang='grc' dir='ltr'>διαλῦσαι</span> <span class='ocrx_word' id='word_1_324' title='bbox 552 2779 1058 2848; x_wconf 78' lang='grc' dir='ltr'>ἑπαγωνισάμενος,</span> <span class='ocrx_word' id='word_1_325' title='bbox 1108 2779 1317 2849; x_wconf 72' lang='grc' dir='ltr'>βεϐαιοῖ</span> <span class='ocrx_word' id='word_1_326' title='bbox 1362 2778 1425 2832; x_wconf 87' lang='grc' dir='ltr'>τό</span> <span class='ocrx_word' id='word_1_327' title='bbox 1475 2795 1539 2847; x_wconf 89' lang='grc' dir='ltr'><strong>γε</strong></span> <span class='ocrx_word' id='word_1_328' title='bbox 1573 2779 1665 2832; x_wconf 72' lang='grc' dir='ltr'><strong>ἐπ’</strong></span> <span class='ocrx_word' id='word_1_329' title='bbox 1694 2778 1843 2850; x_wconf 81' lang='grc' dir='ltr'>αὐτῷ</span> 
     </span>
    </p>
   </div>
   <div class='ocr_carea' id='block_1_44' title="bbox 265 2862 1768 2940">
    <p class='ocr_par' dir='ltr' id='par_1_44' title="bbox 265 2862 1768 2940">
     <span class='ocr_line' id='line_1_44' title="bbox 265 2862 1768 2940; baseline 0.003 -23"><span class='ocrx_word' id='word_1_330' title='bbox 265 2866 476 2937; x_wconf 81' lang='grc' dir='ltr'>γνησίαν</span> <span class='ocrx_word' id='word_1_331' title='bbox 514 2862 658 2921; x_wconf 76' lang='grc' dir='ltr'>εἶναι</span> <span class='ocrx_word' id='word_1_332' title='bbox 694 2867 788 2922; x_wconf 85' lang='grc' dir='ltr'><strong>τοῦ</strong></span> <span class='ocrx_word' id='word_1_333' title='bbox 830 2869 1069 2940; x_wconf 83' lang='grc' dir='ltr'>μεγάλου</span> <span class='ocrx_word' id='word_1_334' title='bbox 1110 2870 1389 2923; x_wconf 82' lang='grc' dir='ltr'>Διονυσίου</span> <span class='ocrx_word' id='word_1_335' title='bbox 1426 2867 1525 2940; x_wconf 84' lang='grc' dir='ltr'>τὴν</span> <span class='ocrx_word' id='word_1_336' title='bbox 1564 2867 1768 2939; x_wconf 90' lang='grc' dir='ltr'>βίϐλον.</span> 
     </span>
    </p>
   </div>
   <div class='ocr_carea' id='block_1_45' title="bbox 996 2960 1071 3013">
    <p class='ocr_par' dir='ltr' id='par_1_45' title="bbox 996 2960 1071 3013">
     <span class='ocr_line' id='line_1_45' title="bbox 996 2960 1071 3013; baseline 0.013 -1"><span class='ocrx_word' id='word_1_337' title='bbox 996 2960 1071 3013; x_wconf 89' lang='lat' dir='ltr'><strong>B&#39;.</strong></span> 
     </span>
    </p>
   </div>
   <div class='ocr_carea' id='block_1_46' title="bbox 487 3050 1603 3124">
    <p class='ocr_par' dir='ltr' id='par_1_46' title="bbox 487 3050 1603 3124">
     <span class='ocr_line' id='line_1_46' title="bbox 487 3050 1603 3124; baseline 0.002 -18"><span class='ocrx_word' id='word_1_338' title='bbox 487 3050 807 3119; x_wconf 81' lang='grc' dir='ltr'>’Δδριανοῦ</span> <span class='ocrx_word' id='word_1_339' title='bbox 841 3053 1156 3124; x_wconf 72' lang='grc' dir='ltr'>Εἰσαγωγὴ</span> <span class='ocrx_word' id='word_1_340' title='bbox 1187 3051 1300 3123; x_wconf 84' lang='grc' dir='ltr'>τῆς</span> <span class='ocrx_word' id='word_1_341' title='bbox 1331 3052 1603 3123; x_wconf 73' lang='grc' dir='ltr'>Γραφῆς.</span> 
     </span>
    </p>
   </div>
   <div class='ocr_carea' id='block_1_47' title="bbox 327 3140 1837 3217">
    <p class='ocr_par' dir='ltr' id='par_1_47' title="bbox 327 3140 1837 3217">
     <span class='ocr_line' id='line_1_47' title="bbox 327 3140 1837 3217; baseline 0.003 -22"><span class='ocrx_word' id='word_1_342' title='bbox 327 3140 670 3215; x_wconf 80' lang='grc' dir='ltr'>’Δνεγνὼσθη</span> <span class='ocrx_word' id='word_1_343' title='bbox 726 3144 1010 3215; x_wconf 83' lang='grc' dir='ltr'>Ἀδριανοῦ</span> <span class='ocrx_word' id='word_1_344' title='bbox 1051 3145 1366 3217; x_wconf 57' lang='grc' dir='ltr'>Εἰσαγωγὴ</span> <span class='ocrx_word' id='word_1_345' title='bbox 1420 3146 1533 3217; x_wconf 79' lang='grc' dir='ltr'>τῆς</span> <span class='ocrx_word' id='word_1_346' title='bbox 1567 3145 1837 3217; x_wconf 67' lang='grc' dir='ltr'>Γραφῆς.</span> 
     </span>
    </p>
   </div>
   <div class='ocr_carea' id='block_1_48' title="bbox 267 3232 1420 3310">
    <p class='ocr_par' dir='ltr' id='par_1_48' title="bbox 267 3232 1420 3310">
     <span class='ocr_line' id='line_1_48' title="bbox 267 3232 1420 3310; baseline 0.005 -24"><span class='ocrx_word' id='word_1_347' title='bbox 267 3232 541 3307; x_wconf 78' lang='grc' dir='ltr'>Χρήσιμος</span> <span class='ocrx_word' id='word_1_348' title='bbox 575 3236 693 3300; x_wconf 83' lang='grc' dir='ltr'>τοῖς</span> <span class='ocrx_word' id='word_1_349' title='bbox 730 3236 1106 3309; x_wconf 76' lang='grc' dir='ltr'>εἰσαγομένοις</span> <span class='ocrx_word' id='word_1_350' title='bbox 1144 3239 1181 3310; x_wconf 81' lang='grc' dir='ltr'><strong>ή</strong></span> <span class='ocrx_word' id='word_1_351' title='bbox 1219 3237 1420 3309; x_wconf 90' lang='grc' dir='ltr'>βίϐλος.</span> 
     </span>
    </p>
   </div>
   <div class='ocr_carea' id='block_1_49' title="bbox 1022 3416 1097 3472">
    <p class='ocr_par' dir='ltr' id='par_1_49' title="bbox 1022 3416 1097 3472">
     <span class='ocr_line' id='line_1_49' title="bbox 1022 3416 1097 3472; baseline 0.04 -3"><span class='ocrx_word' id='word_1_352' title='bbox 1022 3416 1097 3472; x_wconf 84' lang='grc' dir='ltr'><strong>Γ’.</strong></span> 
     </span>
    </p>
   </div>
   <div class='ocr_carea' id='block_1_50' title="bbox 732 3509 1371 3577">
    <p class='ocr_par' dir='ltr' id='par_1_50' title="bbox 732 3509 1371 3577">
     <span class='ocr_line' id='line_1_50' title="bbox 732 3509 1371 3577; baseline 0 -15"><span class='ocrx_word' id='word_1_353' title='bbox 732 3509 1051 3562; x_wconf 80' lang='grc' dir='ltr'>Νοννόσου</span> <span class='ocrx_word' id='word_1_354' title='bbox 1092 3509 1371 3577; x_wconf 84' lang='grc' dir='ltr'>Ἰστορία.</span> 
     </span>
    </p>
   </div>
   <div class='ocr_carea' id='block_1_51' title="bbox 332 3595 1843 3676">
    <p class='ocr_par' dir='ltr' id='par_1_51' title="bbox 332 3595 1843 3676">
     <span class='ocr_line' id='line_1_51' title="bbox 332 3595 1843 3676; baseline 0.001 -21"><span class='ocrx_word' id='word_1_355' title='bbox 332 3598 489 3672; x_wconf 74' lang='lat' dir='ltr'><strong>[51L]</strong></span> <span class='ocrx_word' id='word_1_356' title='bbox 517 3598 864 3667; x_wconf 84' lang='grc' dir='ltr'>Ἀνεγνώσθη</span> <span class='ocrx_word' id='word_1_357' title='bbox 886 3600 1153 3654; x_wconf 85' lang='grc' dir='ltr'>Νοννόσου</span> <span class='ocrx_word' id='word_1_358' title='bbox 1185 3600 1468 3669; x_wconf 82' lang='grc' dir='ltr'>Ἰστορία,</span> <span class='ocrx_word' id='word_1_359' title='bbox 1494 3602 1551 3655; x_wconf 81' lang='grc' dir='ltr'>ὲν</span> <span class='ocrx_word' id='word_1_360' title='bbox 1615 3601 1843 3673; x_wconf 70' lang='grc' dir='ltr'>διαλαμο</span> 
     </span>
    </p>
   </div>
   <div class='ocr_carea' id='block_1_52' title="bbox 269 3686 1845 3765">
    <p class='ocr_par' dir='ltr' id='par_1_52' title="bbox 269 3686 1845 3765">
     <span class='ocr_line' id='line_1_52' title="bbox 269 3686 1845 3765; baseline 0.005 -25"><span class='ocrx_word' id='word_1_361' title='bbox 269 3686 478 3744; x_wconf 77' lang='grc' dir='ltr'>ϐἁνεται</span> <span class='ocrx_word' id='word_1_362' title='bbox 515 3689 786 3763; x_wconf 85' lang='grc' dir='ltr'>πρεσϐεία</span> <span class='ocrx_word' id='word_1_363' title='bbox 819 3691 984 3744; x_wconf 89' lang='grc' dir='ltr'>αὐτοῦ</span> <span class='ocrx_word' id='word_1_364' title='bbox 1016 3692 1153 3760; x_wconf 86' lang='grc' dir='ltr'>πρός</span> <span class='ocrx_word' id='word_1_365' title='bbox 1182 3709 1239 3743; x_wconf 88' lang='grc' dir='ltr'><strong>τε</strong></span> <span class='ocrx_word' id='word_1_366' title='bbox 1273 3692 1538 3754; x_wconf 76' lang='grc' dir='ltr'>Αἰθίοπας</span> <span class='ocrx_word' id='word_1_367' title='bbox 1566 3695 1661 3748; x_wconf 73' lang='grc' dir='ltr'>καὶ</span> <span class='ocrx_word' id='word_1_368' title='bbox 1682 3695 1845 3765; x_wconf 81' lang='grc' dir='ltr'>’Λμε-</span> 
     </span>
    </p>
   </div>
   <div class='ocr_carea' id='block_1_53' title="bbox 272 3778 1841 3854">
    <p class='ocr_par' dir='ltr' id='par_1_53' title="bbox 272 3778 1841 3854">
     <span class='ocr_line' id='line_1_53' title="bbox 272 3778 1841 3854; baseline 0.006 -23"><span class='ocrx_word' id='word_1_369' title='bbox 272 3781 474 3849; x_wconf 69' lang='lat' dir='ltr'><strong>pitag“</strong></span> <span class='ocrx_word' id='word_1_370' title='bbox 510 3778 619 3837; x_wconf 75' lang='grc' dir='ltr'><strong>’καὶ</strong></span> <span class='ocrx_word' id='word_1_371' title='bbox 667 3783 1051 3853; x_wconf 73' lang='grc' dir='ltr'>Σαρακηνούς,</span> <span class='ocrx_word' id='word_1_372' title='bbox 1083 3783 1150 3836; x_wconf 75' lang='grc' dir='ltr'>τὰ</span> <span class='ocrx_word' id='word_1_373' title='bbox 1200 3784 1523 3854; x_wconf 77' lang='grc' dir='ltr'>ἰσχυρότερα</span> <span class='ocrx_word' id='word_1_374' title='bbox 1567 3785 1678 3838; x_wconf 85' lang='grc' dir='ltr'><strong>τῶν</strong></span> <span class='ocrx_word' id='word_1_375' title='bbox 1720 3788 1841 3841; x_wconf 89' lang='grc' dir='ltr'>τότε</span> 
     </span>
    </p>
   </div>
   <div class='ocr_carea' id='block_1_54' title="bbox 266 3870 1844 3948">
    <p class='ocr_par' dir='ltr' id='par_1_54' title="bbox 266 3870 1844 3948">
     <span class='ocr_line' id='line_1_54' title="bbox 266 3870 1844 3948; baseline 0.006 -25"><span class='ocrx_word' id='word_1_376' title='bbox 266 3870 448 3939; x_wconf 76' lang='grc' dir='ltr'>ἐθνῶν,</span> <span class='ocrx_word' id='word_1_377' title='bbox 476 3874 560 3927; x_wconf 78' lang='grc' dir='ltr'>ἔτι</span> <span class='ocrx_word' id='word_1_378' title='bbox 594 3873 651 3927; x_wconf 79' lang='grc' dir='ltr'><strong>δὲ</strong></span> <span class='ocrx_word' id='word_1_379' title='bbox 679 3877 772 3927; x_wconf 77' lang='grc' dir='ltr'><strong>καὶ</strong></span> <span class='ocrx_word' id='word_1_380' title='bbox 805 3877 941 3943; x_wconf 77' lang='grc' dir='ltr'>πρὸς</span> <span class='ocrx_word' id='word_1_381' title='bbox 975 3874 1109 3928; x_wconf 84' lang='grc' dir='ltr'>ἄλλα</span> <span class='ocrx_word' id='word_1_382' title='bbox 1140 3876 1435 3929; x_wconf 78' lang='grc' dir='ltr'>ἀνατολικὰ</span> <span class='ocrx_word' id='word_1_383' title='bbox 1459 3877 1607 3948; x_wconf 76' lang='grc' dir='ltr'>ἔθνη.</span> <span class='ocrx_word' id='word_1_384' title='bbox 1627 3878 1844 3932; x_wconf 86' lang='grc' dir='ltr'>Ἰουστι-</span> 
     </span>
    </p>
   </div>
   <div class='ocr_carea' id='block_1_55' title="bbox 266 3966 1841 4042">
    <p class='ocr_par' dir='ltr' id='par_1_55' title="bbox 266 3966 1841 4042">
     <span class='ocr_line' id='line_1_55' title="bbox 266 3966 1841 4042; baseline 0.005 -25"><span class='ocrx_word' id='word_1_385' title='bbox 266 3967 434 4029; x_wconf 81' lang='grc' dir='ltr'>νιανὺς</span> <span class='ocrx_word' id='word_1_386' title='bbox 485 3967 547 4020; x_wconf 73' lang='grc' dir='ltr'><strong>δὲ</strong></span> <span class='ocrx_word' id='word_1_387' title='bbox 596 3966 719 4019; x_wconf 83' lang='grc' dir='ltr'><strong>τὸ¹⁸</strong></span> <span class='ocrx_word' id='word_1_388' title='bbox 755 3966 1058 4037; x_wconf 86' lang='grc' dir='ltr'>τηνικαῦτα</span> <span class='ocrx_word' id='word_1_389' title='bbox 1110 3968 1211 4038; x_wconf 76' lang='grc' dir='ltr'>τὴν</span> <span class='ocrx_word' id='word_1_390' title='bbox 1244 3968 1557 4039; x_wconf 84' lang='grc' dir='ltr'>Ῥωμαϊκὴν</span> <span class='ocrx_word' id='word_1_391' title='bbox 1589 3975 1841 4042; x_wconf 87' lang='grc' dir='ltr'>περιεῖπε</span> 
     </span>
    </p>
   </div>
   <div class='ocr_carea' id='block_1_56' title="bbox 266 4054 1842 4128">
    <p class='ocr_par' dir='ltr' id='par_1_56' title="bbox 266 4054 1842 4128">
     <span class='ocr_line' id='line_1_56' title="bbox 266 4054 1842 4128; baseline 0.003 -21"><span class='ocrx_word' id='word_1_392' title='bbox 266 4055 564 4110; x_wconf 76' lang='grc' dir='ltr'>πολιτείανο</span> <span class='ocrx_word' id='word_1_393' title='bbox 596 4055 872 4126; x_wconf 80' lang='grc' dir='ltr'>φύλαρχος</span> <span class='ocrx_word' id='word_1_394' title='bbox 912 4056 970 4108; x_wconf 82' lang='grc' dir='ltr'><strong>δὲ</strong></span> <span class='ocrx_word' id='word_1_395' title='bbox 996 4054 1105 4108; x_wconf 85' lang='grc' dir='ltr'><strong>τῶν</strong></span> <span class='ocrx_word' id='word_1_396' title='bbox 1138 4055 1470 4127; x_wconf 85' lang='grc' dir='ltr'>Σαρακηνῶν</span> <span class='ocrx_word' id='word_1_397' title='bbox 1504 4057 1842 4128; x_wconf 77' lang='grc' dir='ltr'>ἐχρημάτιζε</span> 
     </span>
    </p>
   </div>
   <div class='ocr_carea' id='block_1_57' title="bbox 267 4145 1842 4223">
    <p class='ocr_par' dir='ltr' id='par_1_57' title="bbox 267 4145 1842 4223">
     <span class='ocr_line' id='line_1_57' title="bbox 267 4145 1842 4223; baseline 0.005 -25"><span class='ocrx_word' id='word_1_398' title='bbox 267 4145 483 4213; x_wconf 77' lang='grc' dir='ltr'>Κάῖσος,</span> <span class='ocrx_word' id='word_1_399' title='bbox 510 4149 782 4217; x_wconf 78' lang='grc' dir='ltr'>ἀπόγονος</span> <span class='ocrx_word' id='word_1_400' title='bbox 814 4149 1030 4219; x_wconf 79' lang='lat' dir='ltr'><strong>&#39;ApéOat,</strong></span> <span class='ocrx_word' id='word_1_401' title='bbox 1065 4148 1162 4202; x_wconf 76' lang='grc' dir='ltr'><strong>καὶ</strong></span> <span class='ocrx_word' id='word_1_402' title='bbox 1192 4148 1356 4203; x_wconf 83' lang='grc' dir='ltr'>αὐτοῦ</span> <span class='ocrx_word' id='word_1_403' title='bbox 1382 4149 1661 4223; x_wconf 83' lang='grc' dir='ltr'>φυλάρχου</span> <span class='ocrx_word' id='word_1_404' title='bbox 1684 4169 1842 4222; x_wconf 87' lang='grc' dir='ltr'>γεγε-</span> 
     </span>
    </p>
   </div>
   <div class='ocr_carea' id='block_1_58' title="bbox 1941 2039 3524 2111">
    <p class='ocr_par' dir='ltr' id='par_1_58' title="bbox 1941 2039 3524 2111">
     <span class='ocr_line' id='line_1_58' title="bbox 1941 2039 3524 2111; baseline 0.001 -19"><span class='ocrx_word' id='word_1_405' title='bbox 1941 2048 2105 2106; x_wconf 82' lang='lat' dir='ltr'><strong>atque</strong></span> <span class='ocrx_word' id='word_1_406' title='bbox 2138 2042 2504 2102; x_wconf 85' lang='lat' dir='ltr'><strong>excreverint,</strong></span> <span class='ocrx_word' id='word_1_407' title='bbox 2524 2056 2587 2094; x_wconf 89' lang='lat' dir='ltr'><strong>ea</strong></span> <span class='ocrx_word' id='word_1_408' title='bbox 2612 2039 2928 2111; x_wconf 87' lang='lat' dir='ltr'><strong>Dionysium</strong></span> <span class='ocrx_word' id='word_1_409' title='bbox 2961 2040 3317 2094; x_wconf 83' lang='lat' dir='ltr'><strong>describenda</strong></span> <span class='ocrx_word' id='word_1_410' title='bbox 3342 2053 3524 2094; x_wconf 83' lang='lat' dir='ltr'><strong>susce-</strong></span> 
     </span>
    </p>
   </div>
   <div class='ocr_carea' id='block_1_59' title="bbox 1941 2128 3523 2200">
    <p class='ocr_par' dir='ltr' id='par_1_59' title="bbox 1941 2128 3523 2200">
     <span class='ocr_line' id='line_1_59' title="bbox 1941 2128 3523 2200; baseline -0.001 -16"><span class='ocrx_word' id='word_1_411' title='bbox 1941 2130 2105 2198; x_wconf 88' lang='lat' dir='ltr'><strong>pisse.</strong></span> <span class='ocrx_word' id='word_1_412' title='bbox 2135 2128 2401 2196; x_wconf 82' lang='lat' dir='ltr'><strong>Quartum</strong></span> <span class='ocrx_word' id='word_1_413' title='bbox 2440 2147 2454 2184; x_wconf 90' lang='lat'><strong>:</strong></span> <span class='ocrx_word' id='word_1_414' title='bbox 2481 2128 2591 2184; x_wconf 88' lang='lat' dir='ltr'><strong>Cur</strong></span> <span class='ocrx_word' id='word_1_415' title='bbox 2615 2130 2902 2199; x_wconf 83' lang='lat' dir='ltr'><strong>epistolam</strong></span> <span class='ocrx_word' id='word_1_416' title='bbox 2937 2129 3081 2184; x_wconf 85' lang='lat' dir='ltr'><strong>beati</strong></span> <span class='ocrx_word' id='word_1_417' title='bbox 3116 2129 3311 2200; x_wconf 87' lang='lat' dir='ltr'><strong>lgnatii</strong></span> <span class='ocrx_word' id='word_1_418' title='bbox 3344 2129 3435 2184; x_wconf 89' lang='lat' dir='ltr'><strong>hic</strong></span> <span class='ocrx_word' id='word_1_419' title='bbox 3459 2129 3523 2182; x_wconf 88' lang='lat' dir='ltr'><strong>li-</strong></span> 
     </span>
    </p>
   </div>
   <div class='ocr_carea' id='block_1_60' title="bbox 1941 2220 3521 2294">
    <p class='ocr_par' dir='ltr' id='par_1_60' title="bbox 1941 2220 3521 2294">
     <span class='ocr_line' id='line_1_60' title="bbox 1941 2220 3521 2294; baseline -0.002 -18"><span class='ocrx_word' id='word_1_420' title='bbox 1941 2220 2040 2276; x_wconf 84' lang='lat' dir='ltr'><strong>ber</strong></span> <span class='ocrx_word' id='word_1_421' title='bbox 2072 2221 2249 2277; x_wconf 87' lang='lat' dir='ltr'><strong>citat?</strong></span> <span class='ocrx_word' id='word_1_422' title='bbox 2283 2222 2571 2290; x_wconf 88' lang='lat' dir='ltr'><strong>Dionysius</strong></span> <span class='ocrx_word' id='word_1_423' title='bbox 2600 2223 2744 2276; x_wconf 90' lang='lat' dir='ltr'><strong>enim</strong></span> <span class='ocrx_word' id='word_1_424' title='bbox 2770 2220 2853 2294; x_wconf 89' lang='lat' dir='ltr'><strong>[ut</strong></span> <span class='ocrx_word' id='word_1_425' title='bbox 2870 2220 3127 2294; x_wconf 81' lang='lat' dir='ltr'><strong>diximus]</strong></span> <span class='ocrx_word' id='word_1_426' title='bbox 3156 2220 3521 2291; x_wconf 89' lang='lat' dir='ltr'><strong>apostolorum</strong></span> 
     </span>
    </p>
   </div>
   <div class='ocr_carea' id='block_1_61' title="bbox 1944 2310 3522 2383">
    <p class='ocr_par' dir='ltr' id='par_1_61' title="bbox 1944 2310 3522 2383">
     <span class='ocr_line' id='line_1_61' title="bbox 1944 2310 3522 2383; baseline -0.003 -16"><span class='ocrx_word' id='word_1_427' title='bbox 1944 2312 2279 2383; x_wconf 86' lang='lat' dir='ltr'><strong>temporibus</strong></span> <span class='ocrx_word' id='word_1_428' title='bbox 2305 2311 2492 2379; x_wconf 83' lang='lat' dir='ltr'><strong>ﬂoruit</strong></span> <span class='ocrx_word' id='word_1_429' title='bbox 2530 2332 2542 2367; x_wconf 90' lang='lat'>:</span> <span class='ocrx_word' id='word_1_430' title='bbox 2578 2310 2817 2383; x_wconf 85' lang='lat' dir='ltr'><strong>lgnatius</strong></span> <span class='ocrx_word' id='word_1_431' title='bbox 2846 2328 2975 2368; x_wconf 85' lang='lat' dir='ltr'><strong>vero</strong></span> <span class='ocrx_word' id='word_1_432' title='bbox 3003 2312 3239 2379; x_wconf 84' lang='lat' dir='ltr'><strong>Trajano</strong></span> <span class='ocrx_word' id='word_1_433' title='bbox 3279 2312 3522 2380; x_wconf 82' lang='lat' dir='ltr'><strong>Augusto</strong></span> 
     </span>
    </p>
   </div>
   <div class='ocr_carea' id='block_1_62' title="bbox 1943 2401 3528 2475">
    <p class='ocr_par' dir='ltr' id='par_1_62' title="bbox 1943 2401 3528 2475">
     <span class='ocr_line' id='line_1_62' title="bbox 1943 2401 3528 2475; baseline -0.002 -17"><span class='ocrx_word' id='word_1_434' title='bbox 1943 2404 2247 2474; x_wconf 86' lang='lat' dir='ltr'><strong>imperante</strong></span> <span class='ocrx_word' id='word_1_435' title='bbox 2294 2403 2546 2475; x_wconf 86' lang='lat' dir='ltr'><strong>martyrii</strong></span> <span class='ocrx_word' id='word_1_436' title='bbox 2617 2413 2896 2458; x_wconf 83' lang='lat' dir='ltr'><strong>certamen</strong></span> <span class='ocrx_word' id='word_1_437' title='bbox 2947 2403 3211 2468; x_wconf 86' lang='lat' dir='ltr'><strong>certavit,</strong></span> <span class='ocrx_word' id='word_1_438' title='bbox 3270 2411 3326 2455; x_wconf 88' lang='lat' dir='ltr'><strong>et</strong></span> <span class='ocrx_word' id='word_1_439' title='bbox 3367 2401 3528 2469; x_wconf 86' lang='lat' dir='ltr'><strong>paulo</strong></span> 
     </span>
    </p>
   </div>
   <div class='ocr_carea' id='block_1_63' title="bbox 1943 2494 3524 2567">
    <p class='ocr_par' dir='ltr' id='par_1_63' title="bbox 1943 2494 3524 2567">
     <span class='ocr_line' id='line_1_63' title="bbox 1943 2494 3524 2567; baseline -0.003 -16"><span class='ocrx_word' id='word_1_440' title='bbox 1943 2512 2073 2554; x_wconf 89' lang='lat' dir='ltr'><strong>ante</strong></span> <span class='ocrx_word' id='word_1_441' title='bbox 2106 2510 2338 2555; x_wconf 88' lang='lat' dir='ltr'><strong>mortem</strong></span> <span class='ocrx_word' id='word_1_442' title='bbox 2388 2513 2509 2553; x_wconf 90' lang='lat' dir='ltr'><strong>eam</strong></span> <span class='ocrx_word' id='word_1_443' title='bbox 2540 2498 2853 2567; x_wconf 86' lang='lat' dir='ltr'><strong>epistolam,</strong></span> <span class='ocrx_word' id='word_1_444' title='bbox 2887 2511 3049 2566; x_wconf 84' lang='lat' dir='ltr'><strong>quam</strong></span> <span class='ocrx_word' id='word_1_445' title='bbox 3088 2496 3176 2550; x_wconf 89' lang='lat' dir='ltr'><strong>hic</strong></span> <span class='ocrx_word' id='word_1_446' title='bbox 3203 2495 3340 2548; x_wconf 88' lang='lat' dir='ltr'><strong>liber</strong></span> <span class='ocrx_word' id='word_1_447' title='bbox 3367 2494 3524 2555; x_wconf 87' lang='lat' dir='ltr'><strong>citat,</strong></span> 
     </span>
    </p>
   </div>
   <div class='ocr_carea' id='block_1_64' title="bbox 1942 2588 3528 2661">
    <p class='ocr_par' dir='ltr' id='par_1_64' title="bbox 1942 2588 3528 2661">
     <span class='ocr_line' id='line_1_64' title="bbox 1942 2588 3528 2661; baseline -0.004 -17"><span class='ocrx_word' id='word_1_448' title='bbox 1942 2592 2296 2661; x_wconf 90' lang='lat' dir='ltr'><strong>conscripsit.</strong></span> <span class='ocrx_word' id='word_1_449' title='bbox 2316 2591 2559 2657; x_wconf 88' lang='lat' dir='ltr'><strong>Quatuor</strong></span> <span class='ocrx_word' id='word_1_450' title='bbox 2603 2592 2686 2644; x_wconf 92' lang='lat' dir='ltr'><strong>his</strong></span> <span class='ocrx_word' id='word_1_451' title='bbox 2733 2591 2896 2657; x_wconf 78' lang='lat' dir='ltr'><strong>igitur</strong></span> <span class='ocrx_word' id='word_1_452' title='bbox 2942 2588 3279 2659; x_wconf 84' lang='lat' dir='ltr'><strong>argumentis</strong></span> <span class='ocrx_word' id='word_1_453' title='bbox 3309 2595 3528 2640; x_wconf 89' lang='lat' dir='ltr'><strong>contro-</strong></span> 
     </span>
    </p>
   </div>
   <div class='ocr_carea' id='block_1_65' title="bbox 1944 2679 3528 2749">
    <p class='ocr_par' dir='ltr' id='par_1_65' title="bbox 1944 2679 3528 2749">
     <span class='ocr_line' id='line_1_65' title="bbox 1944 2679 3528 2749; baseline -0.002 -17"><span class='ocrx_word' id='word_1_454' title='bbox 1944 2695 2100 2736; x_wconf 76' lang='lat' dir='ltr'><strong>versa</strong></span> <span class='ocrx_word' id='word_1_455' title='bbox 2146 2683 2442 2738; x_wconf 81' lang='lat' dir='ltr'><strong>dissolvere</strong></span> <span class='ocrx_word' id='word_1_456' title='bbox 2486 2683 2671 2738; x_wconf 90' lang='lat' dir='ltr'><strong>studet</strong></span> <span class='ocrx_word' id='word_1_457' title='bbox 2723 2680 3081 2749; x_wconf 86' lang='lat' dir='ltr'><strong>Theodorus,</strong></span> <span class='ocrx_word' id='word_1_458' title='bbox 3121 2679 3391 2747; x_wconf 83' lang='lat' dir='ltr'><strong>eilicitque</strong></span> <span class='ocrx_word' id='word_1_459' title='bbox 3430 2692 3528 2747; x_wconf 91' lang='lat' dir='ltr'><strong>pro</strong></span> 
     </span>
    </p>
   </div>
   <div class='ocr_carea' id='block_1_66' title="bbox 1944 2772 3525 2847">
    <p class='ocr_par' dir='ltr' id='par_1_66' title="bbox 1944 2772 3525 2847">
     <span class='ocr_line' id='line_1_66' title="bbox 1944 2772 3525 2847; baseline -0.004 -17"><span class='ocrx_word' id='word_1_460' title='bbox 1944 2775 2087 2830; x_wconf 84' lang='lat' dir='ltr'><strong>virili</strong></span> <span class='ocrx_word' id='word_1_461' title='bbox 2118 2776 2423 2847; x_wconf 78' lang='lat' dir='ltr'><strong>legitimum</strong></span> <span class='ocrx_word' id='word_1_462' title='bbox 2455 2776 2606 2830; x_wconf 92' lang='lat' dir='ltr'><strong>illum</strong></span> <span class='ocrx_word' id='word_1_463' title='bbox 2642 2789 2767 2830; x_wconf 83' lang='lat' dir='ltr'><strong>esse</strong></span> <span class='ocrx_word' id='word_1_464' title='bbox 2798 2774 2976 2843; x_wconf 88' lang='lat' dir='ltr'><strong>tnagni</strong></span> <span class='ocrx_word' id='word_1_465' title='bbox 3004 2772 3250 2842; x_wconf 83' lang='lat' dir='ltr'><strong>Diooysii</strong></span> <span class='ocrx_word' id='word_1_466' title='bbox 3284 2781 3525 2839; x_wconf 89' lang='lat' dir='ltr'><strong>partum.</strong></span> 
     </span>
    </p>
   </div>
   <div class='ocr_carea' id='block_1_67' title="bbox 2262 3046 3200 3120">
    <p class='ocr_par' dir='ltr' id='par_1_67' title="bbox 2262 3046 3200 3120">
     <span class='ocr_line' id='line_1_67' title="bbox 2262 3046 3200 3120; baseline 0.003 -17"><span class='ocrx_word' id='word_1_467' title='bbox 2262 3049 2493 3104; x_wconf 80' lang='lat' dir='ltr'><strong>Adriani</strong></span> <span class='ocrx_word' id='word_1_468' title='bbox 2520 3049 2744 3120; x_wconf 81' lang='lat' dir='ltr'><strong>Isagoge</strong></span> <span class='ocrx_word' id='word_1_469' title='bbox 2782 3046 2841 3103; x_wconf 89' lang='lat' dir='ltr'><strong>S.</strong></span> <span class='ocrx_word' id='word_1_470' title='bbox 2881 3047 3200 3117; x_wconf 60' lang='lat' dir='ltr'><strong>Scriptura.</strong></span> 
     </span>
    </p>
   </div>
   <div class='ocr_carea' id='block_1_68' title="bbox 2015 3135 3531 3197">
    <p class='ocr_par' dir='ltr' id='par_1_68' title="bbox 2015 3135 3531 3197">
     <span class='ocr_line' id='line_1_68' title="bbox 2015 3135 3531 3197; baseline -0.005 0"><span class='ocrx_word' id='word_1_471' title='bbox 2015 3141 2181 3197; x_wconf 86' lang='lat' dir='ltr'><strong>Lecta</strong></span> <span class='ocrx_word' id='word_1_472' title='bbox 2239 3152 2325 3196; x_wconf 88' lang='lat' dir='ltr'><strong>est</strong></span> <span class='ocrx_word' id='word_1_473' title='bbox 2376 3141 2598 3195; x_wconf 90' lang='lat' dir='ltr'><strong>Adriani</strong></span> <span class='ocrx_word' id='word_1_474' title='bbox 2659 3140 2998 3195; x_wconf 81' lang='lat' dir='ltr'><strong>Introductio</strong></span> <span class='ocrx_word' id='word_1_475' title='bbox 3035 3140 3090 3193; x_wconf 82' lang='lat' dir='ltr'><strong>in</strong></span> <span class='ocrx_word' id='word_1_476' title='bbox 3133 3153 3341 3194; x_wconf 80' lang='lat' dir='ltr'><strong>sacrant</strong></span> <span class='ocrx_word' id='word_1_477' title='bbox 3375 3135 3531 3193; x_wconf 84' lang='lat' dir='ltr'><strong>Scri-</strong></span> 
     </span>
    </p>
   </div>
   <div class='ocr_carea' id='block_1_69' title="bbox 1944 3232 3533 3306">
    <p class='ocr_par' dir='ltr' id='par_1_69' title="bbox 1944 3232 3533 3306">
     <span class='ocr_line' id='line_1_69' title="bbox 1944 3232 3533 3306; baseline -0.001 -18"><span class='ocrx_word' id='word_1_478' title='bbox 1944 3247 2179 3306; x_wconf 84' lang='lat' dir='ltr'><strong>pturam.</strong></span> <span class='ocrx_word' id='word_1_479' title='bbox 2207 3234 2369 3292; x_wconf 88' lang='lat' dir='ltr'><strong>Utilis</strong></span> <span class='ocrx_word' id='word_1_480' title='bbox 2403 3234 2541 3292; x_wconf 85' lang='lat' dir='ltr'><strong>liber</strong></span> <span class='ocrx_word' id='word_1_481' title='bbox 2576 3234 2647 3291; x_wconf 88' lang='lat' dir='ltr'><strong>iis</strong></span> <span class='ocrx_word' id='word_1_482' title='bbox 2672 3234 2766 3306; x_wconf 91' lang='lat' dir='ltr'><strong>qui</strong></span> <span class='ocrx_word' id='word_1_483' title='bbox 2795 3234 2863 3290; x_wconf 90' lang='lat' dir='ltr'><strong>ad</strong></span> <span class='ocrx_word' id='word_1_484' title='bbox 2894 3248 3018 3290; x_wconf 87' lang='lat' dir='ltr'><strong>eam</strong></span> <span class='ocrx_word' id='word_1_485' title='bbox 3057 3232 3291 3304; x_wconf 88' lang='lat' dir='ltr'><strong>primum</strong></span> <span class='ocrx_word' id='word_1_486' title='bbox 3338 3245 3533 3304; x_wconf 83' lang='lat' dir='ltr'><strong>aggre-</strong></span> 
     </span>
    </p>
   </div>
   <div class='ocr_carea' id='block_1_70' title="bbox 1870 3312 2194 3382">
    <p class='ocr_par' dir='ltr' id='par_1_70' title="bbox 1870 3312 2194 3382">
     <span class='ocr_line' id='line_1_70' title="bbox 1870 3312 2194 3382; baseline -0.003 0"><span class='ocrx_word' id='word_1_487' title='bbox 1870 3312 1914 3371; x_wconf 68' lang='grc' dir='ltr'><strong>(ἶ</strong></span> <span class='ocrx_word' id='word_1_488' title='bbox 1950 3328 2194 3382; x_wconf 86' lang='lat' dir='ltr'><strong>diuntur.</strong></span> 
     </span>
    </p>
   </div>
   <div class='ocr_carea' id='block_1_71' title="bbox 2304 3508 3184 3578">
    <p class='ocr_par' dir='ltr' id='par_1_71' title="bbox 2304 3508 3184 3578">
     <span class='ocr_line' id='line_1_71' title="bbox 2304 3508 3184 3578; baseline -0.002 -13"><span class='ocrx_word' id='word_1_489' title='bbox 2304 3510 2545 3565; x_wconf 78' lang='lat' dir='ltr'><strong>Nomiosi</strong></span> <span class='ocrx_word' id='word_1_490' title='bbox 2577 3509 2816 3564; x_wconf 76' lang='lat' dir='ltr'><strong>Historia</strong></span> <span class='ocrx_word' id='word_1_491' title='bbox 2839 3508 3184 3578; x_wconf 85' lang='lat' dir='ltr'><strong>legationum.</strong></span> 
     </span>
    </p>
   </div>
   <div class='ocr_carea' id='block_1_72' title="bbox 2024 3599 3529 3670">
    <p class='ocr_par' dir='ltr' id='par_1_72' title="bbox 2024 3599 3529 3670">
     <span class='ocr_line' id='line_1_72' title="bbox 2024 3599 3529 3670; baseline -0.006 -12"><span class='ocrx_word' id='word_1_492' title='bbox 2024 3603 2185 3658; x_wconf 87' lang='lat' dir='ltr'><strong>Lecta</strong></span> <span class='ocrx_word' id='word_1_493' title='bbox 2223 3610 2307 3657; x_wconf 90' lang='lat' dir='ltr'><strong>est</strong></span> <span class='ocrx_word' id='word_1_494' title='bbox 2336 3600 2573 3657; x_wconf 84' lang='lat' dir='ltr'><strong>Nonnosi</strong></span> <span class='ocrx_word' id='word_1_495' title='bbox 2608 3600 2872 3665; x_wconf 73' lang='lat' dir='ltr'><strong>Historia,</strong></span> <span class='ocrx_word' id='word_1_496' title='bbox 2898 3614 3001 3669; x_wconf 87' lang='lat' dir='ltr'><strong>qua</strong></span> <span class='ocrx_word' id='word_1_497' title='bbox 3024 3599 3346 3670; x_wconf 79' lang='lat' dir='ltr'><strong>legationem</strong></span> <span class='ocrx_word' id='word_1_498' title='bbox 3377 3612 3529 3653; x_wconf 89' lang='lat' dir='ltr'><strong>suam</strong></span> 
     </span>
    </p>
   </div>
   <div class='ocr_carea' id='block_1_73' title="bbox 1950 3688 3531 3765">
    <p class='ocr_par' dir='ltr' id='par_1_73' title="bbox 1950 3688 3531 3765">
     <span class='ocr_line' id='line_1_73' title="bbox 1950 3688 3531 3765; baseline -0.005 -14"><span class='ocrx_word' id='word_1_499' title='bbox 1950 3695 2327 3765; x_wconf 72' lang='lat' dir='ltr'><strong>complet-titur</strong></span> <span class='ocrx_word' id='word_1_500' title='bbox 2364 3694 2430 3748; x_wconf 89' lang='lat' dir='ltr'><strong>ad</strong></span> <span class='ocrx_word' id='word_1_501' title='bbox 2480 3692 2787 3763; x_wconf 66' lang='lat' dir='ltr'><strong>Ethiopas,</strong></span> <span class='ocrx_word' id='word_1_502' title='bbox 2818 3703 2873 3748; x_wconf 92' lang='lat' dir='ltr'><strong>et</strong></span> <span class='ocrx_word' id='word_1_503' title='bbox 2902 3692 3232 3759; x_wconf 83' lang='lat' dir='ltr'><strong>Homeritas,</strong></span> <span class='ocrx_word' id='word_1_504' title='bbox 3247 3700 3411 3760; x_wconf 90' lang='lat' dir='ltr'><strong>atque</strong></span> <span class='ocrx_word' id='word_1_505' title='bbox 3433 3688 3531 3743; x_wconf 85' lang='lat' dir='ltr'><strong>Sa-</strong></span> 
     </span>
    </p>
   </div>
   <div class='ocr_carea' id='block_1_74' title="bbox 1950 3784 3533 3856">
    <p class='ocr_par' dir='ltr' id='par_1_74' title="bbox 1950 3784 3533 3856">
     <span class='ocr_line' id='line_1_74' title="bbox 1950 3784 3533 3856; baseline -0.005 -15"><span class='ocrx_word' id='word_1_506' title='bbox 1950 3802 2176 3842; x_wconf 87' lang='lat' dir='ltr'><strong>racenos</strong></span> <span class='ocrx_word' id='word_1_507' title='bbox 2195 3795 2527 3855; x_wconf 87' lang='lat' dir='ltr'><strong>susceptam,</strong></span> <span class='ocrx_word' id='word_1_508' title='bbox 2566 3784 2790 3856; x_wconf 79' lang='lat' dir='ltr'><strong>papulos</strong></span> <span class='ocrx_word' id='word_1_509' title='bbox 2836 3794 2949 3838; x_wconf 90' lang='lat' dir='ltr'><strong>tum</strong></span> <span class='ocrx_word' id='word_1_510' title='bbox 2975 3784 3383 3853; x_wconf 88' lang='lat' dir='ltr'><strong>potentissimos</strong></span> <span class='ocrx_word' id='word_1_511' title='bbox 3417 3798 3433 3837; x_wconf 86' lang='lat'><strong>:</strong></span> <span class='ocrx_word' id='word_1_512' title='bbox 3478 3793 3533 3834; x_wconf 84' lang='lat' dir='ltr'><strong>et</strong></span> 
     </span>
    </p>
   </div>
   <div class='ocr_carea' id='block_1_75' title="bbox 1948 3873 3532 3948">
    <p class='ocr_par' dir='ltr' id='par_1_75' title="bbox 1948 3873 3532 3948">
     <span class='ocr_line' id='line_1_75' title="bbox 1948 3873 3532 3948; baseline -0.003 -15"><span class='ocrx_word' id='word_1_513' title='bbox 1948 3879 2015 3933; x_wconf 89' lang='lat' dir='ltr'><strong>ad</strong></span> <span class='ocrx_word' id='word_1_514' title='bbox 2067 3879 2204 3934; x_wconf 91' lang='lat' dir='ltr'><strong>alias</strong></span> <span class='ocrx_word' id='word_1_515' title='bbox 2238 3878 2368 3933; x_wconf 92' lang='lat' dir='ltr'><strong>item</strong></span> <span class='ocrx_word' id='word_1_516' title='bbox 2408 3876 2648 3933; x_wconf 86' lang='lat' dir='ltr'><strong>Orientis</strong></span> <span class='ocrx_word' id='word_1_517' title='bbox 2687 3886 2899 3948; x_wconf 88' lang='lat' dir='ltr'><strong>gentes.</strong></span> <span class='ocrx_word' id='word_1_518' title='bbox 2937 3875 3275 3931; x_wconf 85' lang='lat' dir='ltr'><strong>Justinianus</strong></span> <span class='ocrx_word' id='word_1_519' title='bbox 3328 3873 3532 3928; x_wconf 79' lang='lat' dir='ltr'><strong>Roma-</strong></span> 
     </span>
    </p>
   </div>
   <div class='ocr_carea' id='block_1_76' title="bbox 1950 3967 3531 4041">
    <p class='ocr_par' dir='ltr' id='par_1_76' title="bbox 1950 3967 3531 4041">
     <span class='ocr_line' id='line_1_76' title="bbox 1950 3967 3531 4041; baseline -0.003 -16"><span class='ocrx_word' id='word_1_520' title='bbox 1950 3988 2076 4025; x_wconf 90' lang='lat' dir='ltr'><strong>num</strong></span> <span class='ocrx_word' id='word_1_521' title='bbox 2103 3981 2229 4027; x_wconf 92' lang='lat' dir='ltr'><strong>tunc</strong></span> <span class='ocrx_word' id='word_1_522' title='bbox 2259 3970 2548 4041; x_wconf 81' lang='lat' dir='ltr'><strong>imperium</strong></span> <span class='ocrx_word' id='word_1_523' title='bbox 2584 3972 2801 4025; x_wconf 87' lang='lat' dir='ltr'><strong>tenebat</strong></span> <span class='ocrx_word' id='word_1_524' title='bbox 2831 3988 2846 4025; x_wconf 88' lang='lat'><strong>:</strong></span> <span class='ocrx_word' id='word_1_525' title='bbox 2882 3971 3165 4040; x_wconf 60' lang='lat' dir='ltr'><strong>praiectus</strong></span> <span class='ocrx_word' id='word_1_526' title='bbox 3199 3983 3332 4024; x_wconf 88' lang='lat' dir='ltr'><strong>vero</strong></span> <span class='ocrx_word' id='word_1_527' title='bbox 3367 3967 3531 4021; x_wconf 58' lang='lat' dir='ltr'><strong>Sara.</strong></span> 
     </span>
    </p>
   </div>
   <div class='ocr_carea' id='block_1_77' title="bbox 1948 4058 3530 4130">
    <p class='ocr_par' dir='ltr' id='par_1_77' title="bbox 1948 4058 3530 4130">
     <span class='ocr_line' id='line_1_77' title="bbox 1948 4058 3530 4130; baseline -0.004 -13"><span class='ocrx_word' id='word_1_528' title='bbox 1948 4076 2205 4117; x_wconf 87' lang='lat' dir='ltr'><strong>cenorum</strong></span> <span class='ocrx_word' id='word_1_529' title='bbox 2250 4060 2443 4115; x_wconf 87' lang='lat' dir='ltr'><strong>Kaisns</strong></span> <span class='ocrx_word' id='word_1_530' title='bbox 2504 4068 2619 4115; x_wconf 87' lang='lat' dir='ltr'><strong>erat</strong></span> <span class='ocrx_word' id='word_1_531' title='bbox 2649 4060 2774 4130; x_wconf 77' lang='lat'><strong>(5‘),</strong></span> <span class='ocrx_word' id='word_1_532' title='bbox 2822 4059 3035 4116; x_wconf 76' lang='lat' dir='ltr'><strong>Arclhte</strong></span> <span class='ocrx_word' id='word_1_533' title='bbox 3069 4074 3283 4129; x_wconf 88' lang='lat' dir='ltr'><strong>nepos:</strong></span> <span class='ocrx_word' id='word_1_534' title='bbox 3333 4058 3425 4129; x_wconf 83' lang='lat' dir='ltr'><strong>qui</strong></span> <span class='ocrx_word' id='word_1_535' title='bbox 3474 4069 3530 4112; x_wconf 91' lang='lat' dir='ltr'><strong>et</strong></span> 
     </span>
    </p>
   </div>
   <div class='ocr_carea' id='block_1_78' title="bbox 1951 4149 3527 4221">
    <p class='ocr_par' dir='ltr' id='par_1_78' title="bbox 1951 4149 3527 4221">
     <span class='ocr_line' id='line_1_78' title="bbox 1951 4149 3527 4221; baseline -0.003 -17"><span class='ocrx_word' id='word_1_536' title='bbox 1951 4152 2065 4221; x_wconf 90' lang='lat' dir='ltr'><strong>ipse</strong></span> <span class='ocrx_word' id='word_1_537' title='bbox 2110 4150 2397 4221; x_wconf 73' lang='lat' dir='ltr'><strong>prml’ectus</strong></span> <span class='ocrx_word' id='word_1_538' title='bbox 2423 4151 2512 4206; x_wconf 89' lang='lat' dir='ltr'><strong>ille</strong></span> <span class='ocrx_word' id='word_1_539' title='bbox 2539 4149 2663 4217; x_wconf 86' lang='lat' dir='ltr'><strong>t‘uit,</strong></span> <span class='ocrx_word' id='word_1_540' title='bbox 2700 4153 2769 4205; x_wconf 87' lang='lat' dir='ltr'><strong>ad</strong></span> <span class='ocrx_word' id='word_1_541' title='bbox 2803 4166 2961 4219; x_wconf 82' lang='lat' dir='ltr'><strong>quem</strong></span> <span class='ocrx_word' id='word_1_542' title='bbox 2995 4149 3237 4205; x_wconf 85' lang='lat' dir='ltr'><strong>Nonnosi</strong></span> <span class='ocrx_word' id='word_1_543' title='bbox 3277 4164 3413 4204; x_wconf 84' lang='lat' dir='ltr'><strong>avus</strong></span> <span class='ocrx_word' id='word_1_544' title='bbox 3459 4153 3527 4202; x_wconf 73' lang='lat' dir='ltr'><strong>ali</strong></span> 
     </span>
    </p>
   </div>
   <div class='ocr_carea' id='block_1_79' title="bbox 1545 4289 2225 4348">
    <p class='ocr_par' dir='ltr' id='par_1_79' title="bbox 1545 4289 2225 4348">
     <span class='ocr_line' id='line_1_79' title="bbox 1545 4289 2225 4348; baseline 0 -2"><span class='ocrx_word' id='word_1_545' title='bbox 1545 4289 1780 4347; x_wconf 70' lang='lat' dir='ltr'><strong>VARIIE</strong></span> <span class='ocrx_word' id='word_1_546' title='bbox 1819 4291 2225 4348; x_wconf 81' lang='lat' dir='ltr'><strong>LECTIONES.</strong></span> 
     </span>
    </p>
   </div>
   <div class='ocr_carea' id='block_1_80' title="bbox 330 4381 3528 4474">
    <p class='ocr_par' dir='ltr' id='par_1_80' title="bbox 330 4381 3528 4474">
     <span class='ocr_line' id='line_1_80' title="bbox 330 4381 3528 4474; baseline 0.001 -36"><span class='ocrx_word' id='word_1_547' title='bbox 618 4383 788 4474; x_wconf 42' lang='lat' dir='ltr'><strong>iaci.</strong></span> <span class='ocrx_word' id='word_1_548' title='bbox 1346 4384 1407 4474; x_wconf 48' lang='lat' dir='ltr'><strong>j‘</strong></span> <span class='ocrx_word' id='word_1_549' title='bbox 1430 4384 1898 4474; x_wconf 46' lang='grc' dir='ltr'><strong>ΔἈμι-ξιρίνμλγρἱ</strong></span> <span class='ocrx_word' id='word_1_550' title='bbox 1914 4388 2010 4442; x_wconf 74' lang='grc' dir='ltr'><strong>καὶ</strong></span> <span class='ocrx_word' id='word_1_551' title='bbox 2059 4387 2359 4459; x_wconf 76' lang='grc' dir='ltr'>ὀμηρίτας</span> <span class='ocrx_word' id='word_1_552' title='bbox 2384 4405 2400 4421; x_wconf 77' lang='grc' dir='ltr'><strong>ο</strong></span> <span class='ocrx_word' id='word_1_553' title='bbox 2430 4389 2481 4442; x_wconf 81' lang='lat' dir='ltr'><strong>oi</strong></span> <span class='ocrx_word' id='word_1_554' title='bbox 2502 4386 2613 4460; x_wconf 82' lang='grc' dir='ltr'>γὰρ</span> <span class='ocrx_word' id='word_1_555' title='bbox 2636 4387 2697 4456; x_wconf 79' lang='grc' dir='ltr'>ἐξ</span> <span class='ocrx_word' id='word_1_556' title='bbox 2734 4388 2907 4461; x_wconf 80' lang='grc' dir='ltr'>ἀρχῆς</span> <span class='ocrx_word' id='word_1_557' title='bbox 2940 4386 3177 4460; x_wconf 84' lang='grc' dir='ltr'>βασιλεῖς</span> <span class='ocrx_word' id='word_1_558' title='bbox 3208 4386 3277 4441; x_wconf 85' lang='grc' dir='ltr'>δι’</span> <span class='ocrx_word' id='word_1_559' title='bbox 3305 4386 3528 4458; x_wconf 83' lang='grc' dir='ltr'>ὁμήρων</span> 
     </span>
    </p>
   </div>
   <div class='ocr_carea' id='block_1_81' title="bbox 268 4451 1485 4528">
    <p class='ocr_par' dir='ltr' id='par_1_81' title="bbox 268 4451 1485 4528">
     <span class='ocr_line' id='line_1_81' title="bbox 268 4451 1485 4528; baseline 0.003 -23"><span class='ocrx_word' id='word_1_560' title='bbox 268 4451 587 4510; x_wconf 72' lang='grc' dir='ltr'>ἑπιστοῦντο</span> <span class='ocrx_word' id='word_1_561' title='bbox 607 4451 708 4510; x_wconf 55' lang='grc' dir='ltr'><strong>τὴν</strong></span> <span class='ocrx_word' id='word_1_562' title='bbox 733 4454 942 4510; x_wconf 83' lang='grc' dir='ltr'>τούτων</span> <span class='ocrx_word' id='word_1_563' title='bbox 974 4451 1257 4527; x_wconf 84' lang='grc' dir='ltr'>ὐποταγήν</span> <span class='ocrx_word' id='word_1_564' title='bbox 1282 4472 1392 4528; x_wconf 88' lang='lat' dir='ltr'><strong>mg.</strong></span> <span class='ocrx_word' id='word_1_565' title='bbox 1418 4455 1485 4510; x_wconf 81' lang='grc' dir='ltr'><strong>Α.</strong></span> 
     </span>
    </p>
   </div>
   <div class='ocr_carea' id='block_1_82' title="bbox 1564 4457 1941 4514">
    <p class='ocr_par' dir='ltr' id='par_1_82' title="bbox 1564 4457 1941 4514">
     <span class='ocr_line' id='line_1_82' title="bbox 1564 4457 1941 4514; baseline 0.011 -4"><span class='ocrx_word' id='word_1_566' title='bbox 1564 4458 1609 4488; x_wconf 80' lang='grc'><strong>⁸⁸</strong></span> <span class='ocrx_word' id='word_1_567' title='bbox 1638 4457 1699 4510; x_wconf 87' lang='grc' dir='ltr'>τὸ</span> <span class='ocrx_word' id='word_1_568' title='bbox 1726 4457 1941 4514; x_wconf 66' lang='grc' dir='ltr'><strong>ειίΜζΑ.</strong></span> 
     </span>
    </p>
   </div>
   <div class='ocr_carea' id='block_1_83' title="bbox 1798 4571 2029 4628">
    <p class='ocr_par' dir='ltr' id='par_1_83' title="bbox 1798 4571 2029 4628">
     <span class='ocr_line' id='line_1_83' title="bbox 1798 4571 2029 4628; baseline 0 -1"><span class='ocrx_word' id='word_1_569' title='bbox 1798 4571 2029 4628; x_wconf 65' lang='lat' dir='ltr'><strong>NOTAE.</strong></span> 
     </span>
    </p>
   </div>
   <div class='ocr_carea' id='block_1_84' title="bbox 269 4666 3525 4737">
    <p class='ocr_par' dir='ltr' id='par_1_84' title="bbox 269 4666 3525 4737">
     <span class='ocr_line' id='line_1_84' title="bbox 269 4666 3525 4737; baseline 0.002 -20"><span class='ocrx_word' id='word_1_570' title='bbox 269 4675 463 4719; x_wconf 73' lang='lat' dir='ltr'><strong>nostra:</strong></span> <span class='ocrx_word' id='word_1_571' title='bbox 498 4666 846 4734; x_wconf 85' lang='lat' dir='ltr'><strong>tempestatis</strong></span> <span class='ocrx_word' id='word_1_572' title='bbox 871 4667 1091 4722; x_wconf 88' lang='lat' dir='ltr'><strong>sectarii</strong></span> <span class='ocrx_word' id='word_1_573' title='bbox 1119 4668 1308 4721; x_wconf 87' lang='lat' dir='ltr'><strong>eadem</strong></span> <span class='ocrx_word' id='word_1_574' title='bbox 1340 4668 1841 4737; x_wconf 84' lang='lat' dir='ltr'><strong>reciprocandoite—</strong></span> <span class='ocrx_word' id='word_1_575' title='bbox 1874 4671 1916 4725; x_wconf 89' lang='lat' dir='ltr'><strong>D</strong></span> <span class='ocrx_word' id='word_1_576' title='bbox 1946 4667 2126 4731; x_wconf 87' lang='lat' dir='ltr'><strong>debet,</strong></span> <span class='ocrx_word' id='word_1_577' title='bbox 2166 4668 2310 4737; x_wconf 87' lang='lat' dir='ltr'><strong>quod</strong></span> <span class='ocrx_word' id='word_1_578' title='bbox 2344 4669 2653 4723; x_wconf 83' lang='lat' dir='ltr'><strong>Arianismo</strong></span> <span class='ocrx_word' id='word_1_579' title='bbox 2692 4666 2926 4724; x_wconf 80' lang='lat' dir='ltr'><strong>infectus</strong></span> <span class='ocrx_word' id='word_1_580' title='bbox 2981 4667 3089 4733; x_wconf 89' lang='lat' dir='ltr'><strong>ille,</strong></span> <span class='ocrx_word' id='word_1_581' title='bbox 3144 4666 3262 4737; x_wconf 85' lang='lat' dir='ltr'><strong>ejus</strong></span> <span class='ocrx_word' id='word_1_582' title='bbox 3315 4666 3525 4737; x_wconf 85' lang='lat' dir='ltr'><strong>scripta</strong></span> 
     </span>
    </p>
   </div>
   <div class='ocr_carea' id='block_1_85' title="bbox 270 4737 1841 4806">
    <p class='ocr_par' dir='ltr' id='par_1_85' title="bbox 270 4737 1841 4806">
     <span class='ocr_line' id='line_1_85' title="bbox 270 4737 1841 4806; baseline 0.005 -21"><span class='ocrx_word' id='word_1_583' title='bbox 270 4744 401 4798; x_wconf 76' lang='lat' dir='ltr'><strong>rant,</strong></span> <span class='ocrx_word' id='word_1_584' title='bbox 439 4749 506 4790; x_wconf 86' lang='lat' dir='ltr'><strong>ac</strong></span> <span class='ocrx_word' id='word_1_585' title='bbox 544 4738 711 4791; x_wconf 88' lang='lat' dir='ltr'><strong>veluti</strong></span> <span class='ocrx_word' id='word_1_586' title='bbox 746 4738 815 4790; x_wconf 90' lang='lat' dir='ltr'><strong>ab</strong></span> <span class='ocrx_word' id='word_1_587' title='bbox 845 4737 1036 4793; x_wconf 81' lang='lat' dir='ltr'><strong>inferis</strong></span> <span class='ocrx_word' id='word_1_588' title='bbox 1087 4746 1368 4801; x_wconf 85' lang='lat' dir='ltr'><strong>revocant,</strong></span> <span class='ocrx_word' id='word_1_589' title='bbox 1412 4748 1648 4806; x_wconf 86' lang='lat' dir='ltr'><strong>quatuor</strong></span> <span class='ocrx_word' id='word_1_590' title='bbox 1691 4738 1841 4794; x_wconf 90' lang='lat' dir='ltr'><strong>hisce</strong></span> 
     </span>
    </p>
   </div>
   <div class='ocr_carea' id='block_1_86' title="bbox 268 4806 1844 4878">
    <p class='ocr_par' dir='ltr' id='par_1_86' title="bbox 268 4806 1844 4878">
     <span class='ocr_line' id='line_1_86' title="bbox 268 4806 1844 4878; baseline 0.007 -25"><span class='ocrx_word' id='word_1_591' title='bbox 268 4806 617 4878; x_wconf 2' lang='lat' dir='ltr'><strong>argumentis,</strong></span> <span class='ocrx_word' id='word_1_592' title='bbox 648 4808 887 4878; x_wconf 77' lang='lat' dir='ltr'><strong>breviter</strong></span> <span class='ocrx_word' id='word_1_593' title='bbox 930 4809 1287 4878; x_wconf 86' lang='lat' dir='ltr'><strong>respondebo.</strong></span> <span class='ocrx_word' id='word_1_594' title='bbox 1314 4806 1602 4875; x_wconf 86' lang='lat' dir='ltr'><strong>Copiosius</strong></span> <span class='ocrx_word' id='word_1_595' title='bbox 1636 4806 1748 4867; x_wconf 89' lang='lat' dir='ltr'><strong>alii.</strong></span> <span class='ocrx_word' id='word_1_596' title='bbox 1785 4819 1844 4863; x_wconf 90' lang='grc' dir='ltr'><strong>ιιι</strong></span> 
     </span>
    </p>
   </div>
   <div class='ocr_carea' id='block_1_87' title="bbox 269 4874 1844 4949">
    <p class='ocr_par' dir='ltr' id='par_1_87' title="bbox 269 4874 1844 4949">
     <span class='ocr_line' id='line_1_87' title="bbox 269 4874 1844 4949; baseline 0.006 -25"><span class='ocrx_word' id='word_1_597' title='bbox 269 4874 330 4949; x_wconf 70' lang='lat' dir='ltr'><strong>ad</strong></span> <span class='ocrx_word' id='word_1_598' title='bbox 379 4874 645 4949; x_wconf 68' lang='lat' dir='ltr'><strong>liiiduini,</strong></span> <span class='ocrx_word' id='word_1_599' title='bbox 680 4876 876 4949; x_wconf 62' lang='lat' dir='ltr'><strong>Caroli</strong></span> <span class='ocrx_word' id='word_1_600' title='bbox 933 4874 1111 4949; x_wconf 75' lang='lat' dir='ltr'><strong>Magni</strong></span> <span class='ocrx_word' id='word_1_601' title='bbox 1147 4874 1408 4948; x_wconf 74' lang='lat' dir='ltr'><strong>aequalis,</strong></span> <span class='ocrx_word' id='word_1_602' title='bbox 1460 4878 1844 4949; x_wconf 81' lang='lat' dir='ltr'><strong>Areopagitica</strong></span> 
     </span>
    </p>
   </div>
   <div class='ocr_carea' id='block_1_88' title="bbox 270 4939 1842 5021">
    <p class='ocr_par' dir='ltr' id='par_1_88' title="bbox 270 4939 1842 5021">
     <span class='ocr_line' id='line_1_88' title="bbox 270 4939 1842 5021; baseline 0.002 -22"><span class='ocrx_word' id='word_1_603' title='bbox 270 4939 852 5021; x_wconf 48' lang='lat' dir='ltr'><strong>{lal_tlt_aeus__(_}alentts,</strong></span> <span class='ocrx_word' id='word_1_604' title='bbox 886 4958 944 5002; x_wconf 90' lang='lat' dir='ltr'><strong>et</strong></span> <span class='ocrx_word' id='word_1_605' title='bbox 977 4939 1050 5021; x_wconf 70' lang='lat' dir='ltr'><strong>ad</strong></span> <span class='ocrx_word' id='word_1_606' title='bbox 1084 4939 1431 5021; x_wconf 69' lang='lat' dir='ltr'><strong>Pactiymerie</strong></span> <span class='ocrx_word' id='word_1_607' title='bbox 1470 4939 1842 5021; x_wconf 59' lang='lat' dir='ltr'><strong>paraphrasim</strong></span> 
     </span>
    </p>
   </div>
   <div class='ocr_carea' id='block_1_89' title="bbox 268 5008 1843 5088">
    <p class='ocr_par' dir='ltr' id='par_1_89' title="bbox 268 5008 1843 5088">
     <span class='ocr_line' id='line_1_89' title="bbox 268 5008 1843 5088; baseline 0.006 -25"><span class='ocrx_word' id='word_1_608' title='bbox 268 5008 488 5088; x_wconf 79' lang='lat' dir='ltr'><strong>Godol&#39;r.</strong></span> <span class='ocrx_word' id='word_1_609' title='bbox 534 5008 857 5088; x_wconf 76' lang='lat' dir='ltr'><strong>&#39;l‘ilmannus</strong></span> <span class='ocrx_word' id='word_1_610' title='bbox 913 5036 928 5072; x_wconf 91' lang='lat'><strong>:</strong></span> <span class='ocrx_word' id='word_1_611' title='bbox 982 5008 1421 5088; x_wconf 60' lang='lat' dir='ltr'><strong>denique&#39;tomo</strong></span> <span class='ocrx_word' id='word_1_612' title='bbox 1469 5008 1509 5073; x_wconf 83' lang='lat' dir='ltr'><strong>ll</strong></span> <span class='ocrx_word' id='word_1_613' title='bbox 1551 5008 1843 5072; x_wconf 78' lang='lat' dir='ltr'><strong>Annalium</strong></span> 
     </span>
    </p>
   </div>
   <div class='ocr_carea' id='block_1_90' title="bbox 269 5082 1840 5164">
    <p class='ocr_par' dir='ltr' id='par_1_90' title="bbox 269 5082 1840 5164">
     <span class='ocr_line' id='line_1_90' title="bbox 269 5082 1840 5164; baseline 0.006 -31"><span class='ocrx_word' id='word_1_614' title='bbox 269 5082 764 5164; x_wconf 58' lang='lat' dir='ltr'><strong>ecclesiasticorum</strong></span> <span class='ocrx_word' id='word_1_615' title='bbox 801 5088 873 5164; x_wconf 82' lang='lat' dir='ltr'><strong>ad</strong></span> <span class='ocrx_word' id='word_1_616' title='bbox 918 5082 1357 5164; x_wconf 46' lang='lat' dir='ltr'><strong>annum-Christi</strong></span> <span class='ocrx_word' id='word_1_617' title='bbox 1404 5090 1527 5164; x_wconf 71' lang='lat'><strong>109,</strong></span> <span class='ocrx_word' id='word_1_618' title='bbox 1561 5090 1840 5164; x_wconf 80' lang='lat' dir='ltr'><strong>illustriss.</strong></span> 
     </span>
    </p>
   </div>
   <div class='ocr_carea' id='block_1_91' title="bbox 270 5151 1846 5219">
    <p class='ocr_par' dir='ltr' id='par_1_91' title="bbox 270 5151 1846 5219">
     <span class='ocr_line' id='line_1_91' title="bbox 270 5151 1846 5219; baseline 0.005 -15"><span class='ocrx_word' id='word_1_619' title='bbox 270 5151 447 5205; x_wconf 58' lang='grc' dir='ltr'>(ἔτεσιν</span> <span class='ocrx_word' id='word_1_620' title='bbox 487 5156 641 5209; x_wconf 87' lang='lat' dir='ltr'><strong>card.</strong></span> <span class='ocrx_word' id='word_1_621' title='bbox 680 5156 965 5219; x_wconf 88' lang='lat' dir='ltr'><strong>Baronius,</strong></span> <span class='ocrx_word' id='word_1_622' title='bbox 1002 5173 1132 5213; x_wconf 88' lang='lat' dir='ltr'><strong>sane</strong></span> <span class='ocrx_word' id='word_1_623' title='bbox 1181 5161 1248 5213; x_wconf 90' lang='lat' dir='ltr'><strong>de</strong></span> <span class='ocrx_word' id='word_1_624' title='bbox 1304 5162 1450 5213; x_wconf 86' lang='lat' dir='ltr'><strong>omni</strong></span> <span class='ocrx_word' id='word_1_625' title='bbox 1502 5151 1658 5216; x_wconf 85' lang='lat' dir='ltr'><strong>sacra</strong></span> <span class='ocrx_word' id='word_1_626' title='bbox 1702 5162 1846 5212; x_wconf 88' lang='lat' dir='ltr'><strong>anti-</strong></span> 
     </span>
    </p>
   </div>
   <div class='ocr_carea' id='block_1_92' title="bbox 270 5223 1841 5293">
    <p class='ocr_par' dir='ltr' id='par_1_92' title="bbox 270 5223 1841 5293">
     <span class='ocr_line' id='line_1_92' title="bbox 270 5223 1841 5293; baseline 0.006 -21"><span class='ocrx_word' id='word_1_627' title='bbox 270 5223 499 5287; x_wconf 85' lang='lat' dir='ltr'><strong>quitate,</strong></span> <span class='ocrx_word' id='word_1_628' title='bbox 532 5232 699 5293; x_wconf 84' lang='lat' dir='ltr'><strong>atque</strong></span> <span class='ocrx_word' id='word_1_629' title='bbox 728 5228 864 5280; x_wconf 89' lang='lat' dir='ltr'><strong>adeo</strong></span> <span class='ocrx_word' id='word_1_630' title='bbox 899 5228 1160 5283; x_wconf 87' lang='lat' dir='ltr'><strong>militante</strong></span> <span class='ocrx_word' id='word_1_631' title='bbox 1194 5230 1245 5281; x_wconf 94' lang='lat' dir='ltr'><strong>in</strong></span> <span class='ocrx_word' id='word_1_632' title='bbox 1280 5231 1441 5284; x_wconf 89' lang='lat' dir='ltr'><strong>terris</strong></span> <span class='ocrx_word' id='word_1_633' title='bbox 1462 5229 1719 5291; x_wconf 73' lang='lat' dir='ltr'><strong>Ecclesia,</strong></span> <span class='ocrx_word' id='word_1_634' title='bbox 1747 5228 1841 5283; x_wconf 88' lang='lat' dir='ltr'><strong>Dei</strong></span> 
     </span>
    </p>
   </div>
   <div class='ocr_carea' id='block_1_93' title="bbox 270 5297 1841 5366">
    <p class='ocr_par' dir='ltr' id='par_1_93' title="bbox 270 5297 1841 5366">
     <span class='ocr_line' id='line_1_93' title="bbox 270 5297 1841 5366; baseline 0.009 -26"><span class='ocrx_word' id='word_1_635' title='bbox 270 5305 484 5366; x_wconf 74' lang='lat' dir='ltr'><strong>sponsa,</strong></span> <span class='ocrx_word' id='word_1_636' title='bbox 531 5298 738 5363; x_wconf 87' lang='lat' dir='ltr'><strong>optime</strong></span> <span class='ocrx_word' id='word_1_637' title='bbox 771 5297 1015 5366; x_wconf 82' lang='lat' dir='ltr'><strong>meritus.</strong></span> <span class='ocrx_word' id='word_1_638' title='bbox 1054 5298 1237 5352; x_wconf 85' lang='lat' dir='ltr'><strong>Primo</strong></span> <span class='ocrx_word' id='word_1_639' title='bbox 1269 5299 1433 5366; x_wconf 87' lang='lat' dir='ltr'><strong>igitur</strong></span> <span class='ocrx_word' id='word_1_640' title='bbox 1468 5315 1497 5352; x_wconf 92' lang='lat' dir='ltr'><strong>a</strong></span> <span class='ocrx_word' id='word_1_641' title='bbox 1539 5299 1637 5352; x_wconf 75' lang='lat' dir='ltr'><strong>SS.</strong></span> <span class='ocrx_word' id='word_1_642' title='bbox 1667 5298 1841 5354; x_wconf 47' lang='lat' dir='ltr'><strong>Patrie</strong></span> 
     </span>
    </p>
   </div>
   <div class='ocr_carea' id='block_1_94' title="bbox 270 5361 1838 5437">
    <p class='ocr_par' dir='ltr' id='par_1_94' title="bbox 270 5361 1838 5437">
     <span class='ocr_line' id='line_1_94' title="bbox 270 5361 1838 5437; baseline 0.006 -24"><span class='ocrx_word' id='word_1_643' title='bbox 270 5361 365 5437; x_wconf 71' lang='lat' dir='ltr'><strong>bus</strong></span> <span class='ocrx_word' id='word_1_644' title='bbox 400 5361 688 5437; x_wconf 78' lang='lat' dir='ltr'><strong>nunquam</strong></span> <span class='ocrx_word' id='word_1_645' title='bbox 732 5364 984 5421; x_wconf 86' lang='lat' dir='ltr'><strong>advocari</strong></span> <span class='ocrx_word' id='word_1_646' title='bbox 1029 5368 1091 5422; x_wconf 85' lang='grc' dir='ltr'><strong>Β.</strong></span> <span class='ocrx_word' id='word_1_647' title='bbox 1137 5361 1454 5437; x_wconf 68' lang='lat' dir='ltr'><strong>Dionysium</strong></span> <span class='ocrx_word' id='word_1_648' title='bbox 1514 5368 1838 5423; x_wconf 85' lang='lat' dir='ltr'><strong>inticiamur.</strong></span> 
     </span>
    </p>
   </div>
   <div class='ocr_carea' id='block_1_95' title="bbox 270 5429 1833 5510">
    <p class='ocr_par' dir='ltr' id='par_1_95' title="bbox 270 5429 1833 5510">
     <span class='ocr_line' id='line_1_95' title="bbox 270 5429 1833 5510; baseline 0.01 -30"><span class='ocrx_word' id='word_1_649' title='bbox 270 5429 475 5510; x_wconf 58' lang='lat' dir='ltr'><strong>baiidat</strong></span> <span class='ocrx_word' id='word_1_650' title='bbox 518 5429 662 5510; x_wconf 47' lang='lat' dir='ltr'><strong>enim</strong></span> <span class='ocrx_word' id='word_1_651' title='bbox 722 5436 1032 5506; x_wconf 78' lang='lat' dir='ltr'><strong>frequenter</strong></span> <span class='ocrx_word' id='word_1_652' title='bbox 1060 5439 1118 5492; x_wconf 84' lang='grc' dir='ltr'><strong>Β.</strong></span> <span class='ocrx_word' id='word_1_653' title='bbox 1153 5429 1386 5510; x_wconf 76' lang='lat' dir='ltr'><strong>Cyrillus</strong></span> <span class='ocrx_word' id='word_1_654' title='bbox 1416 5438 1833 5510; x_wconf 80' lang='lat' dir='ltr'><strong>Alexandrinus,</strong></span> 
     </span>
    </p>
   </div>
   <div class='ocr_carea' id='block_1_96' title="bbox 271 5502 1842 5579">
    <p class='ocr_par' dir='ltr' id='par_1_96' title="bbox 271 5502 1842 5579">
     <span class='ocr_line' id='line_1_96' title="bbox 271 5502 1842 5579; baseline 0.008 -28"><span class='ocrx_word' id='word_1_655' title='bbox 271 5502 979 5579; x_wconf 29' lang='lat' dir='ltr'><strong>llr‘igenes,Damascenus,</strong></span> <span class='ocrx_word' id='word_1_656' title='bbox 1006 5502 1218 5579; x_wconf 73' lang='lat' dir='ltr'><strong>Agatho</strong></span> <span class='ocrx_word' id='word_1_657' title='bbox 1243 5520 1297 5562; x_wconf 87' lang='lat' dir='ltr'><strong>et</strong></span> <span class='ocrx_word' id='word_1_658' title='bbox 1321 5508 1612 5577; x_wconf 86' lang='lat' dir='ltr'><strong>Gregorius</strong></span> <span class='ocrx_word' id='word_1_659' title='bbox 1643 5507 1662 5561; x_wconf 86' lang='grc' dir='ltr'><strong>Ι</strong></span> <span class='ocrx_word' id='word_1_660' title='bbox 1708 5502 1842 5579; x_wconf 73' lang='lat' dir='ltr'><strong>pon-</strong></span> 
     </span>
    </p>
   </div>
   <div class='ocr_carea' id='block_1_97' title="bbox 274 5574 1837 5650">
    <p class='ocr_par' dir='ltr' id='par_1_97' title="bbox 274 5574 1837 5650">
     <span class='ocr_line' id='line_1_97' title="bbox 274 5574 1837 5650; baseline 0.008 -29"><span class='ocrx_word' id='word_1_661' title='bbox 274 5574 467 5650; x_wconf 68' lang='lat' dir='ltr'><strong>tilices,</strong></span> <span class='ocrx_word' id='word_1_662' title='bbox 515 5574 740 5650; x_wconf 50' lang='lat' dir='ltr'><strong>aliique:</strong></span> <span class='ocrx_word' id='word_1_663' title='bbox 772 5575 903 5650; x_wconf 80' lang='lat' dir='ltr'><strong>Nam</strong></span> <span class='ocrx_word' id='word_1_664' title='bbox 943 5578 1295 5650; x_wconf 78' lang='lat' dir='ltr'><strong>et__Maximns</strong></span> <span class='ocrx_word' id='word_1_665' title='bbox 1338 5574 1564 5650; x_wconf 73' lang='lat' dir='ltr'><strong>martyr,</strong></span> <span class='ocrx_word' id='word_1_666' title='bbox 1609 5574 1837 5635; x_wconf 82' lang='lat' dir='ltr'><strong>Michael</strong></span> 
     </span>
    </p>
   </div>
   <div class='ocr_carea' id='block_1_98' title="bbox 273 5641 1837 5719">
    <p class='ocr_par' dir='ltr' id='par_1_98' title="bbox 273 5641 1837 5719">
     <span class='ocr_line' id='line_1_98' title="bbox 273 5641 1837 5719; baseline 0.008 -27"><span class='ocrx_word' id='word_1_667' title='bbox 273 5641 564 5719; x_wconf 72' lang='lat' dir='ltr'><strong>§yuge|us,</strong></span> <span class='ocrx_word' id='word_1_668' title='bbox 598 5641 651 5700; x_wconf 79' lang='lat' dir='ltr'><strong>et</strong></span> <span class='ocrx_word' id='word_1_669' title='bbox 680 5644 962 5719; x_wconf 79' lang='lat' dir='ltr'><strong>Georgius</strong></span> <span class='ocrx_word' id='word_1_670' title='bbox 992 5647 1379 5719; x_wconf 87' lang='lat' dir='ltr'><strong>Pachymerius</strong></span> <span class='ocrx_word' id='word_1_671' title='bbox 1408 5641 1512 5703; x_wconf 84' lang='grc' dir='ltr'>ιιυῖι</span> <span class='ocrx_word' id='word_1_672' title='bbox 1547 5641 1705 5705; x_wconf 85' lang='lat' dir='ltr'><strong>modo</strong></span> <span class='ocrx_word' id='word_1_673' title='bbox 1742 5652 1837 5705; x_wconf 86' lang='lat' dir='ltr'><strong>de-</strong></span> 
     </span>
    </p>
   </div>
   <div class='ocr_carea' id='block_1_99' title="bbox 276 5711 1839 5782">
    <p class='ocr_par' dir='ltr' id='par_1_99' title="bbox 276 5711 1839 5782">
     <span class='ocr_line' id='line_1_99' title="bbox 276 5711 1839 5782; baseline 0.008 -22"><span class='ocrx_word' id='word_1_674' title='bbox 276 5711 500 5766; x_wconf 78' lang='lat' dir='ltr'><strong>tendunt</strong></span> <span class='ocrx_word' id='word_1_675' title='bbox 545 5732 575 5768; x_wconf 89' lang='lat' dir='ltr'><strong>a</strong></span> <span class='ocrx_word' id='word_1_676' title='bbox 607 5711 916 5782; x_wconf 76' lang='lat' dir='ltr'><strong>calumniis,</strong></span> <span class='ocrx_word' id='word_1_677' title='bbox 962 5722 1059 5773; x_wconf 88' lang='lat' dir='ltr'><strong>sed</strong></span> <span class='ocrx_word' id='word_1_678' title='bbox 1087 5711 1160 5772; x_wconf 62' lang='lat' dir='ltr'><strong>et&#39;</strong></span> <span class='ocrx_word' id='word_1_679' title='bbox 1187 5720 1409 5773; x_wconf 79' lang='lat' dir='ltr'><strong>St&#39;llOiiiS</strong></span> <span class='ocrx_word' id='word_1_680' title='bbox 1447 5720 1675 5774; x_wconf 85' lang='lat' dir='ltr'><strong>eruditis</strong></span> <span class='ocrx_word' id='word_1_681' title='bbox 1725 5721 1839 5774; x_wconf 85' lang='lat' dir='ltr'><strong>illu-</strong></span> 
     </span>
    </p>
   </div>
   <div class='ocr_carea' id='block_1_100' title="bbox 275 5786 1829 5859">
    <p class='ocr_par' dir='ltr' id='par_1_100' title="bbox 275 5786 1829 5859">
     <span class='ocr_line' id='line_1_100' title="bbox 275 5786 1829 5859; baseline 0.008 -27"><span class='ocrx_word' id='word_1_682' title='bbox 275 5788 464 5859; x_wconf 75' lang='lat' dir='ltr'><strong>stt-ant.</strong></span> <span class='ocrx_word' id='word_1_683' title='bbox 492 5786 644 5840; x_wconf 78' lang='lat' dir='ltr'><strong>Adde</strong></span> <span class='ocrx_word' id='word_1_684' title='bbox 668 5792 810 5857; x_wconf 73' lang='lat' dir='ltr'><strong>quod</strong></span> <span class='ocrx_word' id='word_1_685' title='bbox 839 5789 979 5843; x_wconf 80' lang='lat' dir='ltr'><strong>infra</strong></span> <span class='ocrx_word' id='word_1_686' title='bbox 997 5790 1276 5858; x_wconf 85' lang='lat' dir='ltr'><strong>quoquein</strong></span> <span class='ocrx_word' id='word_1_687' title='bbox 1298 5803 1403 5843; x_wconf 91' lang='lat' dir='ltr'><strong>non</strong></span> <span class='ocrx_word' id='word_1_688' title='bbox 1429 5791 1627 5843; x_wconf 88' lang='lat' dir='ltr'><strong>recenti</strong></span> <span class='ocrx_word' id='word_1_689' title='bbox 1646 5805 1829 5859; x_wconf 89' lang='lat' dir='ltr'><strong>opere,</strong></span> 
     </span>
    </p>
   </div>
   <div class='ocr_carea' id='block_1_101' title="bbox 277 5860 1829 5929">
    <p class='ocr_par' dir='ltr' id='par_1_101' title="bbox 277 5860 1829 5929">
     <span class='ocr_line' id='line_1_101' title="bbox 277 5860 1829 5929; baseline 0.005 -22"><span class='ocrx_word' id='word_1_690' title='bbox 277 5862 476 5929; x_wconf 48' lang='lat' dir='ltr'><strong>ﬁlictis</strong></span> <span class='ocrx_word' id='word_1_691' title='bbox 500 5860 866 5929; x_wconf 65' lang='lat' dir='ltr'><strong>scriptoribus</strong></span> <span class='ocrx_word' id='word_1_692' title='bbox 885 5870 1277 5913; x_wconf 85' lang='lat' dir='ltr'><strong>annumeratus</strong></span> <span class='ocrx_word' id='word_1_693' title='bbox 1308 5860 1535 5929; x_wconf 83' lang='lat' dir='ltr'><strong>legatur,</strong></span> <span class='ocrx_word' id='word_1_694' title='bbox 1556 5861 1673 5914; x_wconf 88' lang='lat' dir='ltr'><strong>cod.</strong></span> <span class='ocrx_word' id='word_1_695' title='bbox 1703 5860 1829 5915; x_wconf 64' lang='grc' dir='ltr'>εει.</span> 
     </span>
    </p>
   </div>
   <div class='ocr_carea' id='block_1_102' title="bbox 276 5914 1835 5999">
    <p class='ocr_par' dir='ltr' id='par_1_102' title="bbox 276 5914 1835 5999">
     <span class='ocr_line' id='line_1_102' title="bbox 276 5914 1835 5999; baseline 0.013 -28"><span class='ocrx_word' id='word_1_696' title='bbox 276 5914 334 5973; x_wconf 82' lang='grc' dir='ltr'>ιι.</span> <span class='ocrx_word' id='word_1_697' title='bbox 354 5918 575 5980; x_wconf 72' lang='lat' dir='ltr'><strong>Eusebii</strong></span> <span class='ocrx_word' id='word_1_698' title='bbox 591 5914 856 5996; x_wconf 65' lang='lat' dir='ltr'><strong>Pamphili</strong></span> <span class='ocrx_word' id='word_1_699' title='bbox 872 5930 1146 5986; x_wconf 86' lang='lat' dir='ltr'><strong>silentium</strong></span> <span class='ocrx_word' id='word_1_700' title='bbox 1171 5914 1483 5999; x_wconf 65' lang='lat' dir='ltr'><strong>suspeciuttt</strong></span> <span class='ocrx_word' id='word_1_701' title='bbox 1504 5914 1696 5988; x_wconf 64' lang='lat' dir='ltr'><strong>merito</strong></span> <span class='ocrx_word' id='word_1_702' title='bbox 1715 5914 1835 5990; x_wconf 75' lang='lat' dir='ltr'><strong>esse</strong></span> 
     </span>
    </p>
   </div>
   <div class='ocr_carea' id='block_1_103' title="bbox 1950 4736 3529 4809">
    <p class='ocr_par' dir='ltr' id='par_1_103' title="bbox 1950 4736 3529 4809">
     <span class='ocr_line' id='line_1_103' title="bbox 1950 4736 3529 4809; baseline 0.001 -16"><span class='ocrx_word' id='word_1_703' title='bbox 1950 4736 2241 4794; x_wconf 85' lang='lat' dir='ltr'><strong>recensere</strong></span> <span class='ocrx_word' id='word_1_704' title='bbox 2293 4740 2496 4794; x_wconf 87' lang='lat' dir='ltr'><strong>idcirco</strong></span> <span class='ocrx_word' id='word_1_705' title='bbox 2532 4740 2696 4803; x_wconf 81' lang='lat' dir='ltr'><strong>cavit,</strong></span> <span class='ocrx_word' id='word_1_706' title='bbox 2730 4739 2856 4809; x_wconf 90' lang='lat' dir='ltr'><strong>quia</strong></span> <span class='ocrx_word' id='word_1_707' title='bbox 2901 4739 2985 4792; x_wconf 90' lang='lat' dir='ltr'><strong>vel</strong></span> <span class='ocrx_word' id='word_1_708' title='bbox 3024 4751 3131 4809; x_wconf 71' lang='lat' dir='ltr'><strong>uno</strong></span> <span class='ocrx_word' id='word_1_709' title='bbox 3164 4736 3225 4809; x_wconf 63' lang='grc' dir='ltr'><strong>ξ.</strong></span> <span class='ocrx_word' id='word_1_710' title='bbox 3269 4736 3529 4809; x_wconf 89' lang='lat' dir='ltr'><strong>Dionysio</strong></span> 
     </span>
    </p>
   </div>
   <div class='ocr_carea' id='block_1_104' title="bbox 1946 4805 3529 4879">
    <p class='ocr_par' dir='ltr' id='par_1_104' title="bbox 1946 4805 3529 4879">
     <span class='ocr_line' id='line_1_104' title="bbox 1946 4805 3529 4879; baseline 0.002 -17"><span class='ocrx_word' id='word_1_711' title='bbox 1946 4810 2058 4863; x_wconf 88' lang='lat' dir='ltr'><strong>Arii</strong></span> <span class='ocrx_word' id='word_1_712' title='bbox 2074 4825 2292 4863; x_wconf 86' lang='lat' dir='ltr'><strong>causam</strong></span> <span class='ocrx_word' id='word_1_713' title='bbox 2317 4809 2550 4879; x_wconf 87' lang='lat' dir='ltr'><strong>jugulari</strong></span> <span class='ocrx_word' id='word_1_714' title='bbox 2583 4805 2997 4879; x_wconf 50' lang='lat' dir='ltr'><strong>posse&#39;videret.</strong></span> <span class='ocrx_word' id='word_1_715' title='bbox 3029 4805 3121 4862; x_wconf 89' lang='lat' dir='ltr'><strong>lll.</strong></span> <span class='ocrx_word' id='word_1_716' title='bbox 3157 4805 3529 4879; x_wconf 72' lang='lat' dir='ltr'><strong>Caeremoiiias</strong></span> 
     </span>
    </p>
   </div>
   <div class='ocr_carea' id='block_1_105' title="bbox 1946 4877 3523 4948">
    <p class='ocr_par' dir='ltr' id='par_1_105' title="bbox 1946 4877 3523 4948">
     <span class='ocr_line' id='line_1_105' title="bbox 1946 4877 3523 4948; baseline 0.002 -17"><span class='ocrx_word' id='word_1_717' title='bbox 1946 4894 2076 4933; x_wconf 88' lang='lat' dir='ltr'><strong>vero</strong></span> <span class='ocrx_word' id='word_1_718' title='bbox 2116 4877 2361 4948; x_wconf 83' lang='lat' dir='ltr'><strong>ritusque</strong></span> <span class='ocrx_word' id='word_1_719' title='bbox 2387 4877 2650 4933; x_wconf 71' lang='lat' dir='ltr'><strong>Ecclesiae</strong></span> <span class='ocrx_word' id='word_1_720' title='bbox 2689 4877 2830 4948; x_wconf 82' lang='lat' dir='ltr'><strong>jam</strong></span> <span class='ocrx_word' id='word_1_721' title='bbox 2859 4878 2983 4932; x_wconf 88' lang='lat' dir='ltr'><strong>inde</strong></span> <span class='ocrx_word' id='word_1_722' title='bbox 3030 4880 3100 4933; x_wconf 84' lang='lat' dir='ltr'><strong>ab</strong></span> <span class='ocrx_word' id='word_1_723' title='bbox 3150 4877 3523 4946; x_wconf 88' lang='lat' dir='ltr'><strong>apostolorum</strong></span> 
     </span>
    </p>
   </div>
   <div class='ocr_carea' id='block_1_106' title="bbox 1949 4946 3524 5018">
    <p class='ocr_par' dir='ltr' id='par_1_106' title="bbox 1949 4946 3524 5018">
     <span class='ocr_line' id='line_1_106' title="bbox 1949 4946 3524 5018; baseline 0.003 -18"><span class='ocrx_word' id='word_1_724' title='bbox 1949 4946 2286 5017; x_wconf 81' lang='lat' dir='ltr'><strong>temporibus</strong></span> <span class='ocrx_word' id='word_1_725' title='bbox 2312 4958 2553 5011; x_wconf 76' lang='lat' dir='ltr'><strong>exortus,</strong></span> <span class='ocrx_word' id='word_1_726' title='bbox 2580 4963 2644 5003; x_wconf 90' lang='lat' dir='ltr'><strong>ac</strong></span> <span class='ocrx_word' id='word_1_727' title='bbox 2669 4946 2834 5002; x_wconf 88' lang='lat' dir='ltr'><strong>veluti</strong></span> <span class='ocrx_word' id='word_1_728' title='bbox 2870 4961 2967 5018; x_wconf 89' lang='lat' dir='ltr'><strong>per</strong></span> <span class='ocrx_word' id='word_1_729' title='bbox 2986 4963 3180 5002; x_wconf 91' lang='lat' dir='ltr'><strong>manus</strong></span> <span class='ocrx_word' id='word_1_730' title='bbox 3205 4948 3436 5003; x_wconf 87' lang='lat' dir='ltr'><strong>traditas</strong></span> <span class='ocrx_word' id='word_1_731' title='bbox 3472 4951 3524 5004; x_wconf 91' lang='lat' dir='ltr'><strong>io</strong></span> 
     </span>
    </p>
   </div>
   <div class='ocr_carea' id='block_1_107' title="bbox 1947 5018 3524 5089">
    <p class='ocr_par' dir='ltr' id='par_1_107' title="bbox 1947 5018 3524 5089">
     <span class='ocr_line' id='line_1_107' title="bbox 1947 5018 3524 5089; baseline 0.001 -18"><span class='ocrx_word' id='word_1_732' title='bbox 1947 5018 2244 5073; x_wconf 81' lang='lat' dir='ltr'><strong>Ecclesiam</strong></span> <span class='ocrx_word' id='word_1_733' title='bbox 2276 5033 2649 5087; x_wconf 86' lang='lat' dir='ltr'><strong>promanasse.</strong></span> <span class='ocrx_word' id='word_1_734' title='bbox 2673 5028 2835 5087; x_wconf 88' lang='lat' dir='ltr'><strong>atque</strong></span> <span class='ocrx_word' id='word_1_735' title='bbox 2862 5020 2914 5072; x_wconf 90' lang='lat' dir='ltr'><strong>in</strong></span> <span class='ocrx_word' id='word_1_736' title='bbox 2939 5019 3055 5073; x_wconf 67' lang='lat' dir='ltr'><strong>haec</strong></span> <span class='ocrx_word' id='word_1_737' title='bbox 3079 5032 3250 5089; x_wconf 88' lang='lat' dir='ltr'><strong>usque</strong></span> <span class='ocrx_word' id='word_1_738' title='bbox 3279 5027 3524 5089; x_wconf 89' lang='lat' dir='ltr'><strong>tempora</strong></span> 
     </span>
    </p>
   </div>
   <div class='ocr_carea' id='block_1_108' title="bbox 1946 5089 3522 5158">
    <p class='ocr_par' dir='ltr' id='par_1_108' title="bbox 1946 5089 3522 5158">
     <span class='ocr_line' id='line_1_108' title="bbox 1946 5089 3522 5158; baseline 0 -16"><span class='ocrx_word' id='word_1_739' title='bbox 1946 5090 2089 5156; x_wconf 87' lang='lat' dir='ltr'><strong>apud</strong></span> <span class='ocrx_word' id='word_1_740' title='bbox 2140 5091 2257 5157; x_wconf 88' lang='lat' dir='ltr'><strong>pios</strong></span> <span class='ocrx_word' id='word_1_741' title='bbox 2301 5090 2544 5142; x_wconf 81' lang='lat' dir='ltr'><strong>homines</strong></span> <span class='ocrx_word' id='word_1_742' title='bbox 2568 5092 2919 5158; x_wconf 71' lang='lat' dir='ltr'><strong>perdurasse,</strong></span> <span class='ocrx_word' id='word_1_743' title='bbox 2952 5104 3114 5144; x_wconf 90' lang='lat' dir='ltr'><strong>nemo</strong></span> <span class='ocrx_word' id='word_1_744' title='bbox 3150 5090 3385 5158; x_wconf 86' lang='lat' dir='ltr'><strong>negabit,</strong></span> <span class='ocrx_word' id='word_1_745' title='bbox 3415 5089 3522 5145; x_wconf 91' lang='lat' dir='ltr'><strong>nisi</strong></span> 
     </span>
    </p>
   </div>
   <div class='ocr_carea' id='block_1_109' title="bbox 1947 5157 3520 5228">
    <p class='ocr_par' dir='ltr' id='par_1_109' title="bbox 1947 5157 3520 5228">
     <span class='ocr_line' id='line_1_109' title="bbox 1947 5157 3520 5228; baseline 0 -17"><span class='ocrx_word' id='word_1_746' title='bbox 1947 5160 2061 5228; x_wconf 81' lang='lat' dir='ltr'><strong>qui,</strong></span> <span class='ocrx_word' id='word_1_747' title='bbox 2082 5158 2150 5210; x_wconf 89' lang='lat' dir='ltr'><strong>ah</strong></span> <span class='ocrx_word' id='word_1_748' title='bbox 2178 5158 2429 5212; x_wconf 62' lang='lat' dir='ltr'><strong>Ecclesia</strong></span> <span class='ocrx_word' id='word_1_749' title='bbox 2464 5157 2748 5213; x_wconf 87' lang='lat' dir='ltr'><strong>Catholica</strong></span> <span class='ocrx_word' id='word_1_750' title='bbox 2782 5157 3027 5213; x_wconf 81' lang='lat' dir='ltr'><strong>Romana</strong></span> <span class='ocrx_word' id='word_1_751' title='bbox 3053 5157 3443 5221; x_wconf 87' lang='lat' dir='ltr'><strong>desciscentes,</strong></span> <span class='ocrx_word' id='word_1_752' title='bbox 3468 5160 3520 5214; x_wconf 91' lang='lat' dir='ltr'><strong>iu</strong></span> 
     </span>
    </p>
   </div>
   <div class='ocr_carea' id='block_1_110' title="bbox 1947 5228 3526 5298">
    <p class='ocr_par' dir='ltr' id='par_1_110' title="bbox 1947 5228 3526 5298">
     <span class='ocr_line' id='line_1_110' title="bbox 1947 5228 3526 5298; baseline 0.002 -17"><span class='ocrx_word' id='word_1_753' title='bbox 1947 5238 2266 5282; x_wconf 81' lang='lat' dir='ltr'><strong>novaturum</strong></span> <span class='ocrx_word' id='word_1_754' title='bbox 2308 5238 2491 5282; x_wconf 85' lang='lat' dir='ltr'><strong>castra</strong></span> <span class='ocrx_word' id='word_1_755' title='bbox 2519 5228 2929 5298; x_wconf 83' lang='lat' dir='ltr'><strong>transfugerunt</strong></span> <span class='ocrx_word' id='word_1_756' title='bbox 2959 5248 2975 5284; x_wconf 86' lang='lat'><strong>:</strong></span> <span class='ocrx_word' id='word_1_757' title='bbox 3007 5230 3270 5297; x_wconf 83' lang='lat' dir='ltr'><strong>docetque</strong></span> <span class='ocrx_word' id='word_1_758' title='bbox 3304 5229 3526 5298; x_wconf 85' lang='lat' dir='ltr'><strong>copioso</strong></span> 
     </span>
    </p>
   </div>
   <div class='ocr_carea' id='block_1_111' title="bbox 1946 5298 3521 5367">
    <p class='ocr_par' dir='ltr' id='par_1_111' title="bbox 1946 5298 3521 5367">
     <span class='ocr_line' id='line_1_111' title="bbox 1946 5298 3521 5367; baseline 0 -14"><span class='ocrx_word' id='word_1_759' title='bbox 1946 5298 2143 5353; x_wconf 73' lang='lat' dir='ltr'><strong>Franv.</strong></span> <span class='ocrx_word' id='word_1_760' title='bbox 2195 5300 2499 5355; x_wconf 82' lang='lat' dir='ltr'><strong>Turrianus</strong></span> <span class='ocrx_word' id='word_1_761' title='bbox 2532 5309 2738 5362; x_wconf 78' lang='lat' dir='ltr'><strong>uoster,</strong></span> <span class='ocrx_word' id='word_1_762' title='bbox 2785 5301 3024 5367; x_wconf 89' lang='lat' dir='ltr'><strong>itemque</strong></span> <span class='ocrx_word' id='word_1_763' title='bbox 3066 5298 3333 5352; x_wconf 87' lang='lat' dir='ltr'><strong>Baronius</strong></span> <span class='ocrx_word' id='word_1_764' title='bbox 3368 5302 3521 5353; x_wconf 87' lang='lat' dir='ltr'><strong>card.</strong></span> 
     </span>
    </p>
   </div>
   <div class='ocr_carea' id='block_1_112' title="bbox 1947 5367 3528 5437">
    <p class='ocr_par' dir='ltr' id='par_1_112' title="bbox 1947 5367 3528 5437">
     <span class='ocr_line' id='line_1_112' title="bbox 1947 5367 3528 5437; baseline 0.001 -15"><span class='ocrx_word' id='word_1_765' title='bbox 1947 5382 2093 5422; x_wconf 89' lang='lat' dir='ltr'><strong>tomo</strong></span> <span class='ocrx_word' id='word_1_766' title='bbox 2123 5367 2139 5420; x_wconf 89' lang='grc' dir='ltr'><strong>Ι</strong></span> <span class='ocrx_word' id='word_1_767' title='bbox 2172 5369 2487 5433; x_wconf 82' lang='lat' dir='ltr'><strong>Annalium,</strong></span> <span class='ocrx_word' id='word_1_768' title='bbox 2526 5370 2592 5424; x_wconf 87' lang='lat' dir='ltr'><strong>de</strong></span> <span class='ocrx_word' id='word_1_769' title='bbox 2626 5370 2846 5424; x_wconf 84' lang='lat' dir='ltr'><strong>Essenis</strong></span> <span class='ocrx_word' id='word_1_770' title='bbox 2869 5384 3054 5437; x_wconf 88' lang='lat' dir='ltr'><strong>agens.</strong></span> <span class='ocrx_word' id='word_1_771' title='bbox 3086 5367 3177 5422; x_wconf 77' lang='lat' dir='ltr'><strong>IV.</strong></span> <span class='ocrx_word' id='word_1_772' title='bbox 3206 5367 3360 5437; x_wconf 85' lang='lat' dir='ltr'><strong>Quod</strong></span> <span class='ocrx_word' id='word_1_773' title='bbox 3394 5384 3528 5424; x_wconf 88' lang='lat' dir='ltr'><strong>vero</strong></span> 
     </span>
    </p>
   </div>
   <div class='ocr_carea' id='block_1_113' title="bbox 1943 5436 3527 5509">
    <p class='ocr_par' dir='ltr' id='par_1_113' title="bbox 1943 5436 3527 5509">
     <span class='ocr_line' id='line_1_113' title="bbox 1943 5436 3527 5509; baseline 0.001 -16"><span class='ocrx_word' id='word_1_774' title='bbox 1943 5440 2006 5494; x_wconf 85' lang='grc' dir='ltr'><strong>Β.</strong></span> <span class='ocrx_word' id='word_1_775' title='bbox 2052 5437 2249 5509; x_wconf 85' lang='lat' dir='ltr'><strong>lgnatii</strong></span> <span class='ocrx_word' id='word_1_776' title='bbox 2300 5442 2559 5509; x_wconf 85' lang='lat' dir='ltr'><strong>martyris</strong></span> <span class='ocrx_word' id='word_1_777' title='bbox 2613 5436 3094 5509; x_wconf 26' lang='lat' dir='ltr'><strong>epistolam’citat,</strong></span> <span class='ocrx_word' id='word_1_778' title='bbox 3142 5441 3234 5507; x_wconf 92' lang='lat' dir='ltr'><strong>qui</strong></span> <span class='ocrx_word' id='word_1_779' title='bbox 3287 5436 3527 5507; x_wconf 77' lang='lat' dir='ltr'><strong>Traiano</strong></span> 
     </span>
    </p>
   </div>
   <div class='ocr_carea' id='block_1_114' title="bbox 1944 5508 3525 5580">
    <p class='ocr_par' dir='ltr' id='par_1_114' title="bbox 1944 5508 3525 5580">
     <span class='ocr_line' id='line_1_114' title="bbox 1944 5508 3525 5580; baseline 0.001 -16"><span class='ocrx_word' id='word_1_780' title='bbox 1944 5508 2247 5580; x_wconf 80' lang='lat' dir='ltr'><strong>imperante</strong></span> <span class='ocrx_word' id='word_1_781' title='bbox 2292 5508 2697 5580; x_wconf 15' lang='lat' dir='ltr'><strong>martyriohiit.</strong></span> <span class='ocrx_word' id='word_1_782' title='bbox 2741 5508 2942 5580; x_wconf 73' lang='lat' dir='ltr'><strong>nemini</strong></span> <span class='ocrx_word' id='word_1_783' title='bbox 2989 5510 3185 5562; x_wconf 89' lang='lat' dir='ltr'><strong>mirum</strong></span> <span class='ocrx_word' id='word_1_784' title='bbox 3225 5508 3525 5574; x_wconf 88' lang='lat' dir='ltr'><strong>videbitur,</strong></span> 
     </span>
    </p>
   </div>
   <div class='ocr_carea' id='block_1_115' title="bbox 1940 5578 3526 5650">
    <p class='ocr_par' dir='ltr' id='par_1_115' title="bbox 1940 5578 3526 5650">
     <span class='ocr_line' id='line_1_115' title="bbox 1940 5578 3526 5650; baseline 0 -16"><span class='ocrx_word' id='word_1_785' title='bbox 1940 5578 2033 5650; x_wconf 85' lang='lat' dir='ltr'><strong>qui</strong></span> <span class='ocrx_word' id='word_1_786' title='bbox 2063 5596 2131 5634; x_wconf 81' lang='lat' dir='ltr'><strong>ex</strong></span> <span class='ocrx_word' id='word_1_787' title='bbox 2162 5583 2353 5635; x_wconf 86' lang='lat' dir='ltr'><strong>eodem</strong></span> <span class='ocrx_word' id='word_1_788' title='bbox 2386 5578 2476 5633; x_wconf 83' lang='lat' dir='ltr'><strong>illo</strong></span> <span class='ocrx_word' id='word_1_789' title='bbox 2511 5579 2744 5634; x_wconf 81' lang='lat' dir='ltr'><strong>Daronio</strong></span> <span class='ocrx_word' id='word_1_790' title='bbox 2776 5578 2839 5632; x_wconf 88' lang='grc' dir='ltr'><strong>Β.</strong></span> <span class='ocrx_word' id='word_1_791' title='bbox 2883 5579 3308 5650; x_wconf 79' lang='lat' dir='ltr'><strong>Dionysium_ad</strong></span> <span class='ocrx_word' id='word_1_792' title='bbox 3331 5595 3395 5633; x_wconf 89' lang='lat' dir='ltr'><strong>ea</strong></span> <span class='ocrx_word' id='word_1_793' title='bbox 3428 5595 3526 5634; x_wconf 89' lang='lat' dir='ltr'><strong>us-</strong></span> 
     </span>
    </p>
   </div>
   <div class='ocr_carea' id='block_1_116' title="bbox 1942 5647 3526 5721">
    <p class='ocr_par' dir='ltr' id='par_1_116' title="bbox 1942 5647 3526 5721">
     <span class='ocr_line' id='line_1_116' title="bbox 1942 5647 3526 5721; baseline 0.001 -18"><span class='ocrx_word' id='word_1_794' title='bbox 1942 5647 2048 5718; x_wconf 69' lang='lat' dir='ltr'><strong>que</strong></span> <span class='ocrx_word' id='word_1_795' title='bbox 2070 5662 2315 5721; x_wconf 79' lang='lat' dir='ltr'><strong>tempora</strong></span> <span class='ocrx_word' id='word_1_796' title='bbox 2350 5651 2688 5720; x_wconf 85' lang='lat' dir='ltr'><strong>pervenisse,</strong></span> <span class='ocrx_word' id='word_1_797' title='bbox 2711 5660 2865 5721; x_wconf 83' lang='lat' dir='ltr'><strong>certo</strong></span> <span class='ocrx_word' id='word_1_798' title='bbox 2891 5647 3159 5719; x_wconf 81' lang='lat' dir='ltr'><strong>cognorit.</strong></span> <span class='ocrx_word' id='word_1_799' title='bbox 3200 5647 3308 5702; x_wconf 88' lang='lat' dir='ltr'><strong>Sed</strong></span> <span class='ocrx_word' id='word_1_800' title='bbox 3332 5664 3431 5704; x_wconf 87' lang='lat' dir='ltr'><strong>nos</strong></span> <span class='ocrx_word' id='word_1_801' title='bbox 3456 5658 3526 5703; x_wconf 85' lang='lat' dir='ltr'><strong>de</strong></span> 
     </span>
    </p>
   </div>
   <div class='ocr_carea' id='block_1_117' title="bbox 1945 5719 3525 5792">
    <p class='ocr_par' dir='ltr' id='par_1_117' title="bbox 1945 5719 3525 5792">
     <span class='ocr_line' id='line_1_117' title="bbox 1945 5719 3525 5792; baseline 0.001 -20"><span class='ocrx_word' id='word_1_802' title='bbox 1945 5723 2030 5792; x_wconf 76' lang='lat' dir='ltr'><strong>his</strong></span> <span class='ocrx_word' id='word_1_803' title='bbox 2060 5722 2158 5774; x_wconf 80' lang='grc' dir='ltr'>σὺν</span> <span class='ocrx_word' id='word_1_804' title='bbox 2188 5719 2327 5792; x_wconf 59' lang='lat' dir='ltr'><strong>eaq.</strong></span> <span class='ocrx_word' id='word_1_805' title='bbox 2353 5721 2642 5792; x_wconf 74' lang='lat' dir='ltr'><strong>copiosius</strong></span> <span class='ocrx_word' id='word_1_806' title='bbox 2669 5720 2812 5792; x_wconf 78' lang='lat' dir='ltr'><strong>libro</strong></span> <span class='ocrx_word' id='word_1_807' title='bbox 2838 5719 2904 5774; x_wconf 91' lang='lat' dir='ltr'><strong>de</strong></span> <span class='ocrx_word' id='word_1_808' title='bbox 2937 5721 3160 5792; x_wconf 86' lang='lat' dir='ltr'><strong>scriptis</strong></span> <span class='ocrx_word' id='word_1_809' title='bbox 3189 5727 3525 5792; x_wconf 81' lang='lat' dir='ltr'><strong>sanctorum</strong></span> 
     </span>
    </p>
   </div>
   <div class='ocr_carea' id='block_1_118' title="bbox 1942 5788 3254 5852">
    <p class='ocr_par' dir='ltr' id='par_1_118' title="bbox 1942 5788 3254 5852">
     <span class='ocr_line' id='line_1_118' title="bbox 1942 5788 3254 5852; baseline -0.002 -9"><span class='ocrx_word' id='word_1_810' title='bbox 1942 5789 2165 5847; x_wconf 85' lang='lat' dir='ltr'><strong>Patrum</strong></span> <span class='ocrx_word' id='word_1_811' title='bbox 2187 5789 2242 5845; x_wconf 90' lang='lat' dir='ltr'><strong>in</strong></span> <span class='ocrx_word' id='word_1_812' title='bbox 2277 5788 2821 5852; x_wconf 81' lang='lat' dir='ltr'><strong>dubium-revocatis,</strong></span> <span class='ocrx_word' id='word_1_813' title='bbox 2848 5805 2913 5845; x_wconf 85' lang='lat' dir='ltr'><strong>ac</strong></span> <span class='ocrx_word' id='word_1_814' title='bbox 2943 5790 3254 5845; x_wconf 87' lang='lat' dir='ltr'><strong>vindicatis.</strong></span> 
     </span>
    </p>
   </div>
   <div class='ocr_carea' id='block_1_119' title="bbox 1987 5857 3523 5985">
    <p class='ocr_par' dir='ltr' id='par_1_119' title="bbox 1987 5857 3523 5985">
     <span class='ocr_line' id='line_1_119' title="bbox 1987 5857 3523 5985; baseline 0.001 -72"><span class='ocrx_word' id='word_1_815' title='bbox 1987 5860 2114 5985; x_wconf 41' lang='grc' dir='ltr'><strong>ἐξ)</strong></span> <span class='ocrx_word' id='word_1_816' title='bbox 2151 5859 2225 5913; x_wconf 91' lang='lat' dir='ltr'><strong>De</strong></span> <span class='ocrx_word' id='word_1_817' title='bbox 2246 5876 2354 5930; x_wconf 89' lang='lat' dir='ltr'><strong>quo</strong></span> <span class='ocrx_word' id='word_1_818' title='bbox 2380 5860 2609 5944; x_wconf 79' lang='lat' dir='ltr'><strong>Procop.</strong></span> <span class='ocrx_word' id='word_1_819' title='bbox 2643 5860 2735 5940; x_wconf 67' lang='lat' dir='ltr'><strong>lib.</strong></span> <span class='ocrx_word' id='word_1_820' title='bbox 2759 5875 2778 5913; x_wconf 82' lang='lat' dir='ltr'><strong>t</strong></span> <span class='ocrx_word' id='word_1_821' title='bbox 2816 5857 2891 5915; x_wconf 74' lang='lat' dir='ltr'><strong>De</strong></span> <span class='ocrx_word' id='word_1_822' title='bbox 2920 5861 3062 5918; x_wconf 89' lang='lat' dir='ltr'><strong>bello</strong></span> <span class='ocrx_word' id='word_1_823' title='bbox 3082 5859 3234 5917; x_wconf 84' lang='lat' dir='ltr'><strong>Pers.</strong></span> <span class='ocrx_word' id='word_1_824' title='bbox 3266 5858 3364 5915; x_wconf 86' lang='lat' dir='ltr'><strong>ini‘.</strong></span> <span class='ocrx_word' id='word_1_825' title='bbox 3396 5860 3523 5915; x_wconf 90' lang='lat' dir='ltr'><strong>cod.</strong></span> 
     </span>
     <span class='ocr_line' id='line_1_120' title="bbox 2065 5930 2898 5985; baseline 0 0"><span class='ocrx_word' id='word_1_826' title='bbox 2065 5930 2105 5985; x_wconf 92' lang='lat' dir='ltr'><strong>ll</strong></span> <span class='ocrx_word' id='word_1_827' title='bbox 2134 5931 2294 5985; x_wconf 86' lang='lat' dir='ltr'><strong>uaulu</strong></span> <span class='ocrx_word' id='word_1_828' title='bbox 2319 5942 2442 5985; x_wconf 84' lang='lat' dir='ltr'><strong>ante</strong></span> <span class='ocrx_word' id='word_1_829' title='bbox 2469 5931 2590 5985; x_wconf 89' lang='lat' dir='ltr'><strong>hn..</strong></span> <span class='ocrx_word' id='word_1_830' title='bbox 2620 5941 2676 5985; x_wconf 91' lang='lat' dir='ltr'><strong>et</strong></span> <span class='ocrx_word' id='word_1_831' title='bbox 2704 5930 2798 5985; x_wconf 85' lang='lat' dir='ltr'><strong>lib.</strong></span> <span class='ocrx_word' id='word_1_832' title='bbox 2837 5946 2898 5985; x_wconf 90' lang='lat' dir='ltr'><strong>tt.</strong></span> 
     </span>
    </p>
   </div>
   <div class='ocr_carea' id='block_1_120' title="bbox 1939 5929 2898 6002">
    <p class='ocr_par' dir='ltr' id='par_1_120' title="bbox 1939 5929 2898 6002">
     <span class='ocr_line' id='line_1_121' title="bbox 1939 5929 2898 6002; baseline 0.001 -15"><span class='ocrx_word' id='word_1_833' title='bbox 1939 5929 2105 5987; x_wconf 81' lang='lat' dir='ltr'><strong>LXlll</strong></span> <span class='ocrx_word' id='word_1_834' title='bbox 2132 5929 2294 6002; x_wconf 87' lang='lat' dir='ltr'><strong>paulo</strong></span> <span class='ocrx_word' id='word_1_835' title='bbox 2319 5942 2442 5987; x_wconf 85' lang='lat' dir='ltr'><strong>ante</strong></span> <span class='ocrx_word' id='word_1_836' title='bbox 2469 5931 2590 5995; x_wconf 89' lang='lat' dir='ltr'><strong>tin.,</strong></span> <span class='ocrx_word' id='word_1_837' title='bbox 2620 5941 2676 5985; x_wconf 91' lang='lat' dir='ltr'><strong>et</strong></span> <span class='ocrx_word' id='word_1_838' title='bbox 2704 5930 2798 5985; x_wconf 88' lang='lat' dir='ltr'><strong>lib.</strong></span> <span class='ocrx_word' id='word_1_839' title='bbox 2837 5946 2898 5989; x_wconf 91' lang='lat' dir='ltr'><strong>tt.</strong></span> 
     </span>
    </p>
   </div>
  </div>
