4100 6424
544 466 613 529 ιτ
1718 468 1983 528 PliOTIl
2020 467 2531 528 PATRIARCHAE
2572 469 2686 529 ΟΡ.
3761 457 3833 522 48

543 576 833 634 Anastasio
882 574 1231 645 imperatore.
1258 574 1465 645 legatus
1516 575 1711 641 fuerat,
1749 588 1800 631 et
1845 577 1993 646 pacis
2029 576 2131 629 fce-

2242 575 2496 645 νημένου,
2525 575 2662 647 πρὸς
2698 574 2757 627 ὃν
2801 576 2829 627 ὁ
2865 570 3133 626 Νοννόσου
3169 572 3395 632 πάππος
3423 566 3832 639 ἐπρεσϐεύσατο

544 674 674 724 dera
706 682 989 725 sanxerat.
1006 670 1144 737 Quin
1171 677 1225 723 et
1249 668 1486 726 Nonnosi
1508 672 1779 741 pater,cui
1796 670 1873 742 (ι)
1899 671 2133 725 Ahramo

548 779 768 827 nomen,
804 763 871 815 ad
922 762 1356 817 Alamuntlarum
1386 764 1701 833 praefectum
1733 764 2131 819 Saracenorum

544 866 732 909 orator
760 854 1051 925 aliquando
1074 854 1366 925 profectus,
1389 855 1526 911 duos
1547 857 1912 911 Romanorum
1943 856 2129 915 duces.

548 944 939 998 'l‘imostratutn
972 954 1137 1014 atque
1163 944 1452 1011 Joannem,
1486 948 1608 1000 belli
1645 948 1767 1018 jure
1790 958 1995 1015 captos,
2024 963 2129 1001 una

547 1033 814 1098 liberavit,
842 1033 1055 1091 Justino
1088 1037 1398 1103 imperatori
1434 1038 1486 1091 in
1511 1038 1742 1092 ducibus
1768 1039 1851 1091 his
1891 1037 2130 1091 liberan-

547 1132 632 1186 dis
674 1134 1046 1189 subserviens.
1083 1132 1253 1188 Porro
1295 1132 1509 1193 Kaisus.
1541 1134 1606 1187 ad
1643 1148 1803 1202 quem
1845 1130 2132 1186 Nonnosus

548 1225 768 1288 missus,
807 1227 1017 1280 duabus
1063 1236 1294 1295 praeerat
1342 1229 1593 1297 gentibus
1637 1225 1779 1295 apud
1829 1226 2133 1280 Saracenos

546 1318 884 1381 clarissimis,
929 1318 1218 1374 Chindinis
1260 1329 1315 1374 et
1372 1309 1799 1373 Maadeuis.‘Ad
1840 1332 2001 1387 quem
2048 1319 2131 1387 ip-

548 1423 665 1462 Sum
693 1410 920 1463 Kaisum
957 1408 1195 1465 Nonnosi
1231 1424 1445 1479 quoque
1484 1419 1655 1478 pater,
1694 1420 1982 1479 antequam
2016 1410 2133 1463 haec

546 1500 809 1557 Nonnoso
866 1503 1062 1571 legatio
1094 1505 1470 1567 mandaretur,
1513 1518 1541 1556 a
1581 1501 1889 1557 Justiniano
1935 1503 2132 1556 missus

547 1602 678 1647 est:
724 1595 984 1661 pacisque
1042 1593 1245 1648 hedera
1305 1594 1376 1647 ita
1424 1594 1727 1659 constituit,
1764 1603 1825 1648 ut
1879 1593 2026 1648 Kaisi
2075 1593 2135 1645 li-

545 1684 700 1751 lium,
725 1686 953 1739 Maviam
974 1686 1213 1750 nomine,
1244 1686 1487 1741 obsidem
1514 1687 1808 1755 acceperit,
1840 1696 1894 1740 et
1919 1686 2131 1757 Byzan-

548 1778 682 1828 tium
738 1778 805 1830 ad
862 1776 1223 1831 Justinianum
1265 1777 1571 1832 adduxerit.
1615 1778 1745 1832 Post
1775 1793 1895 1845 qua:
1934 1775 2130 1842 duplici

546 1866 838 1923 Nonnosus
870 1870 1094 1924 nomine
1137 1869 1346 1938 legatus
1384 1871 1587 1925 missus
1617 1880 1701 1925 est
1732 1887 1744 1923 :
1772 1870 1869 1939 2b
1906 1869 1973 1924 Ut
2002 1868 2133 1921 Kai»

2239 668 2393 737 παρά
2426 667 2781 719 Ἀναστασίου
2808 665 2927 718 τότε
2961 663 3335 734 βασιλεύοντος
3360 662 3709 725 ἀποσταλεὶς,
3739 660 3832 713 καὶ

2238 760 2307 811 τὰ
2338 758 2473 829 πρὸς
2516 760 2742 828 εἰρήνην
2786 758 3099 811 ἐσπείσατο.
3134 758 3210 810 Ού
3244 758 3351 827 μὴν
3379 754 3516 810 ἀλλὰ
3550 756 3644 807 καὶ
3672 758 3698 807 ὁ
3727 770 3832 805 1:;—

2239 852 2344 923 τὴρ
2389 852 2658 906 Νοννόσου
2700 851 3019 921 (Ἀϐράμης
3054 849 3111 920 [9.
3143 848 3239 921 [1.]
3268 850 3311 902 δ’
3339 845 3407 919 ἦν
3436 848 3584 919 αύτῷ
3616 848 3785 918 ὄνομα
3811 846 3829 916 )

2240 947 2378 1017 πρὸς
2412 944 2846 1018 Ἀλαμούνδαρον
2871 946 3147 1016 φύλαρχον
3172 945 3508 1016 Σαρακηνῶν
3532 943 3831 1012 ἐπρεσϐεύι

2240 1053 2412 1100 σατο,
2463 1040 2557 1092 καὶ
2603 1037 2697 1091 δύο
2744 1040 3078 1109 στρατηγοὺς
3117 1038 3429 1107 Ῥωμαίων,
3456 1037 3834 1107 Τιμόστρατον

2240 1130 2337 1183 καὶ⁷
2375 1131 2652 1202 Ἰωάννην,
2702 1130 2852 1202 νόμῳ
2897 1130 3138 1197 πολέμου
3170 1130 3573 1201 συλληφθέντας
3624 1128 3833 1182 ἀνεσώ-

2243 1240 2405 1277 σατοο
2446 1225 2715 1292 Ἰουστίνῳ
2761 1224 2819 1277 δέ
2864 1222 2942 1293 τῷ
2992 1224 3204 1293 βασιλεῖ
3241 1223 3337 1294 τὴν
3367 1224 3476 1276 τῶν
3510 1223 3835 1296 στρατηγῶν

2239 1313 2543 1383 διηκονεῖτο
2594 1314 2923 1385 ἀνάρρησιν.
2962 1313 3019 1366 '0
3071 1314 3252 1383 μέντοι
3304 1314 3526 1377 Κάῖσος,
3588 1313 3724 1383 πρὸς
3773 1312 3833 1365 ὃν

2242 1405 2523 1459 ἐστέλλετο
2550 1405 2839 1470 Νὸννοσος,
2872 1404 2965 1459 δύο
2994 1404 3168 1474 γενῶν
3193 1407 3381 1475 ἡγεῖτο
3410 1405 3518 1458 τῶν
3545 1406 3693 1474 παρά
3720 1407 3831 1468 τοῖς

2240 1498 2579 1568 Σαρακηνοῖς
2611 1499 3051 1569 ἐπισημοτάτων,
3098 1498 3375 1567 Χινδηνῶν
3399 1498 3440 1529 ⁸⁸
3474 1498 3568 1550 καὶ
3601 1497 3831 1565 Μααδη-

2240 1590 2369 1643 νῶν.
2409 1590 2551 1659 Πρὸς
2579 1591 2769 1643 τοῦτον
2795 1590 2859 1661 δὴ
2884 1590 2975 1643 τὸν
3006 1591 3212 1643 Κάῖσον
3243 1589 3336 1642 καὶ
3362 1590 3389 1642 ὁ
3424 1590 3690 1642 Νοννόσου
3727 1606 3835 1641 πα-

2239 1682 2365 1751 τὴρ,
2399 1682 2530 1752 πρὶν
2559 1682 2591 1752 ἢ
2633 1682 2897 1735 Νόννοσον
2924 1682 3250 1753 πρεσϐεύειν
3283 1681 3588 1752 αἱρεθῆναι,
3610 1681 3834 1734 Ἰουστι-

2240 1772 2425 1825 νιανοῦ
2479 1774 2789 1843 πέμποντος
2835 1774 3143 1827 ἀπέσταλτο
3202 1775 3295 1827 καὶ
3345 1774 3631 1845 εἰρηνικὰς
3680 1773 3835 1826 ἔθετο

2243 1863 2496 1929 σπονδὰς,
2532 1863 2673 1916 ὣστε
2708 1866 2801 1917 καὶ
2826 1864 2918 1916 τὸν
2948 1864 3062 1917 υἱὸν
3096 1866 3301 1918 Καῖσου
3336 1865 3587 1935 (Μαυῖας
3618 1863 3673 1916 δὲ
3706 1866 3835 1916 ἐκα-

548 1975 689 2026 sum,
718 1961 761 2015 si
795 1969 995 2028 posset,
1029 1961 1096 2015 ad
1129 1962 1510 2031 imperatorem
1530 1963 1850 2015 adduceret:
1886 1961 2022 2015 etad
2052 1959 2129 2027 (5)

2242 1955 2403 2026 λεῖτο)
2435 1957 2621 2028 ὅμηρα
2644 1956 2829 2011 λαϐεῖν
2855 1957 2949 2011 καὶ
2979 1959 3510 2028 πρὸςῚουστινιανὶν
3541 1959 3597 2020 ἐς
3626 1958 3835 2021 Βυζάν-

550 2053 971 2107 Auxutuitarnnt
1020 2071 1201 2125 regem
1264 2055 1370 2123 (cui
1411 2055 1555 2123 genti
1598 2054 1676 2123 (6)
1706 2052 1964 2107 Elesbaas
2006 2063 2131 2106 tunc

546 2144 821 2213 praeerat),
858 2146 1099 2215 itemque
1139 2146 1204 2199 ad
1234 2144 1311 2218 (7)
1342 2143 1651 2199 Homeritas
1674 2145 2128 2212 prolicisceretur.

545 2237 811 2289 Auxumis
857 2251 1151 2308 permagna
1192 2246 1279 2292 est
1310 2239 1525 2301 civitas,
1561 2246 1614 2290 et
1646 2236 1800 2306 qttasi
1832 2233 2131 2304 Ethiopite

551 2327 716 2381 totius
763 2327 1099 2397 metropolis,
1135 2329 1307 2397 magis
1354 2330 1420 2382 ad
1462 2329 1741 2381 meridiem
1774 2338 1827 2380 et
1864 2329 2129 2381 orientem

548 2433 976 2489 vergens,qnam
1005 2419 1306 2475 Romanum
1328 2422 1636 2490 imperium.
1674 2420 1960 2474 Nonnusus
1980 2434 2131 2484 vero,

546 2508 732 2563 multis
762 2512 1001 2579 gentium
1037 2513 1308 2581 superatis
1352 2512 1564 2568 insidiis
1612 2512 1957 2581 ferarumque
1990 2512 2134 2581 peri-

546 2600 683 2655 culis
715 2600 935 2670 (przeter
956 2603 1055 2656 vite
1078 2604 1439 2670 incommoda,
1476 2606 1754 2675 multaque
1786 2606 2125 2671 discrimina,

548 2692 601 2744 in
634 2706 754 2761 qua;
772 2707 1144 2762 saepenumero
1174 2695 1412 2766 incidit),
1438 2705 1620 2751 tamen
1656 2712 1776 2766 qua:
1811 2697 1979 2751 voluit
2004 2712 2135 2765 per-

546 2782 696 2849 fecit,
737 2796 793 2840 et
823 2786 1003 2840 salvus
1030 2798 1115 2841 est
1144 2788 1335 2856 patriae
1363 2789 1628 2843 redditus.

2240 2066 2355 2102 τιον
2386 2048 2744 2119 ἀποκομίσαι.
2777 2048 2914 2102 Μεθ’
2942 2048 3002 2101 ὃν
3035 2050 3226 2119 χρόνον
3251 2049 3655 2120 ἐπρεσϐεύσατο
3690 2049 3833 2101 Νόν-

2239 2157 2393 2204 νοσος
2424 2142 2516 2193 ἐπὶ
2544 2140 2663 2192 δυσὶ
2692 2141 2922 2205 τούτοις,
2959 2142 3183 2203 Κάῖσον,
3215 2143 3263 2193 εἰ
3292 2142 3537 2205 δυνατὸν,
3564 2141 3701 2210 πρὸς
3730 2140 3833 2209 βα-

2241 2231 2398 2285 σιλέα
2427 2234 2678 2301 ἀγαγεῖν,
2708 2234 2803 2286 καὶ
2842 2233 2979 2304 πρὸς
3002 2233 3092 2286 τὸν
3118 2233 3227 2285 τῶν
3252 2234 3604 2302 Αύξουμιτῶν
3638 2233 3836 2301 ἀφικέ-

2243 2324 2365 2376 σθαι
2383 2322 2609 2394 βασιλέα
2627 2325 2645 2395 (
2662 2324 2956 2387 Ἐλεσϐαᾶς
2972 2325 3014 2356 ¹⁷
3031 2324 3087 2377 δὲ
3105 2326 3227 2378 τότε
3244 2326 3466 2394 ἐκράτει
3484 2325 3574 2377 τοῦ
3597 2324 3831 2394 ἔθνους),

2240 2416 2503 2487 καὶπρὸς
2542 2416 2756 2481 τούτοις
2806 2419 2899 2470 καὶ
2931 2420 3010 2480 εἰς
3040 2419 3166 2481 τοὺς
3202 2418 3492 2488 ’Λμερίτας
3525 2419 3835 2487 παραγενέ-

2241 2511 2387 2565 σθαι.
2410 2511 2474 2563 Ἦ
2495 2511 2552 2564 δέ
2582 2510 2855 2581 Αύξουμις
2886 2512 3043 2575 πόλις
3070 2512 3188 2564 ἐστὶ
3216 2511 3446 2582 μεγίστη
3477 2512 3571 2564 ml.
3591 2506 3702 2564 οἷον
3734 2528 3837 2581 μη-

2237 2604 2495 2675 τρόπολις
2522 2604 2620 2674 τῆς
2649 2604 2778 2675 ὅλης
2808 2604 3117 2668 Αἰθιοπίας,
3149 2607 3322 2657 κεῖται
3346 2604 3404 2657 δέ
3437 2604 3831 2675 μεσημϐρινω-

2237 2696 2373 2766 τέρα
2410 2696 2505 2749 καὶ
2540 2695 2989 2766 ἀνατολικωτέρα
3030 2697 3130 2768 τῆς
3158 2696 3447 2767 Ῥωμαίων
3473 2696 3667 2766 ἀρχῆς.
3686 2695 3744 2749 Ὀ
3774 2695 3835 2749 δὲ

2240 2787 2506 2853 Νόννοσος
2539 2789 2741 2852 πολλὰς
2774 2790 2874 2859 μὲν
2903 2790 3195 2853 ἐπιϐουλὰς
3218 2789 3390 2843 ἐθνῶν
3421 2790 3681 2856 ύποστάς,
3711 2790 3835 2843 πολ-

546 2880 645 2943 λὰς
676 2881 734 2935 δὲ
763 2882 970 2955 θηρίων
996 2882 1375 2954 χαλεπότητας
1404 2884 1559 2956 παρὰ
1586 2885 1684 2955 τὴν
1714 2885 1852 2950 ὁδὸν,
1873 2886 1968 2940 καὶ
2002 2885 2227 2947 πολλαῖς
2296 2884 2629 2956 δυσχωρίαις
2684 2886 2779 2938 καὶ
2824 2886 3082 2956 ἀπορίαις
3150 2886 3414 2948 πολλάκις
3477 2885 3829 2956 περιπεσὼν,

546 2976 697 3049 ὅμως
726 2978 818 3029 καὶ
843 2979 912 3031 τά
935 2976 1162 3041 δόξαντα
1190 2978 1500 3042 ἐξετέλεσεν
1530 2979 1624 3032 καὶ
1654 2978 1793 3041 σῶος
1822 2980 1886 3049 τῇ
1917 2979 2137 3049 πατρίδι
2175 2978 2511 3031 ἀποδίδοται.

618 3092 843 3147 Kaisum
888 3091 1073 3157 refert,
1118 3094 1288 3147 misso
1340 3094 1534 3148 iterum
1581 3097 1817 3149 Ahramo
1867 3097 1932 3147 ad
1983 3094 2129 3146 illum

546 3184 761 3255 legato,
859 3184 1173 3258 Byzantium
1248 3185 1550 3255 profectum
1622 3201 1778 3249 esse,
1862 3202 2131 3254 suamque

547 3277 927 3345 praefecturam
963 3277 1169 3331 Ambro
1204 3288 1258 3330 et
1299 3274 1485 3329 chido
1520 3278 1781 3331 fratribus
1830 3277 2081 3333 divisisse
2115 3297 2129 3332 :

549 3370 725 3437 ipsum
757 3382 888 3421 vero
925 3367 1228 3421 Palaestina:
1278 3368 1655 3436 prmfecturant
1693 3368 1761 3421 ab
1805 3368 2132 3437 imperatore

546 3461 1033 3516 administrandam
1062 3462 1385 3529 suscepisse,
1442 3461 1817 3531 inﬁnitamth
1853 3463 2129 3517 hominum

550 3555 893 3610 subditorum
931 3570 1116 3607 secum
1151 3555 1550 3609 multitudinem
1583 3555 1821 3614 duxisse.

622 3644 751 3711 Quae
792 3659 935 3699 nunc
966 3644 1209 3697 sandalia
1252 3644 1415 3707 dicta,
1450 3644 1662 3715 arbylas
1698 3644 1998 3716 appellasse
2046 3662 2139 3701 ve-

552 3747 695 3790 teres
726 3736 801 3789 ait
838 3754 851 3790 :
887 3747 940 3788 et
974 3735 1053 3806 (8)
1085 3734 1386 3805 φακιόλιον,
1416 3735 1681 3805 φασώλιν.

622 3827 1042 3894 Saracenorum,
1084 3829 1181 3893 ait,
1215 3827 1480 3897 plerique,
1528 3839 1633 3883 tant
1661 3830 1751 3898 qui
1781 3830 1858 3901 (9)
1887 3830 1939 3885 in
1971 3831 2137 3887 th-

549 3919 762 3983 nicone,
805 3936 967 3988 quam
1017 3920 1108 3990 qui
1150 3920 1287 3973 ttltra
1327 3919 1709 3977 Phteuiconem
1742 3934 1796 3977 et
1833 3923 2135 3987 Taurenos.

548 4028 685 4082 quos
719 4021 917 4067 vocant
969 4022 1182 4066 tnoutcs
1229 4013 1428 4082 degunt
1465 4015 1601 4086 (10),
1638 4016 1810 4071 locum
1843 4019 2135 4087 quemdam

547 4120 648 4175 pro
695 4120 853 4160 sacro
923 4106 1159 4169 habent,
1210 4108 1369 4160 alicui
1422 4107 1646 4162 deorum
1707 4122 2133 4169 consecratum:

550 4210 658 4263 quo
688 4196 773 4249 bis
809 4198 1101 4264 quotannis
1139 4200 1493 4251 conveniunt.
1528 4200 1733 4253 Horum
1767 4211 2132 4255 conventuum

551 4289 797 4357 ipsorum
831 4288 968 4343 alter
1000 4304 1242 4343 mensem
1273 4289 1428 4343 durat
1457 4292 1746 4362 integrum,
1787 4294 1853 4346 ad
1896 4294 2131 4347 medium

549 4380 666 4436 fere
711 4395 827 4447 ver,
862 4382 1081 4450 quando
1114 4382 1281 4436 Tauri
1327 4383 1541 4449 signum
1582 4384 1663 4439 sol
1700 4385 1755 4439 ln
1797 4386 2019 4441 zodiaco
2052 4394 2134 4440 te-

551 4481 642 4526 net
674 4490 688 4527 :
732 4471 872 4525 alter
903 4486 1034 4526 vero
1073 4473 1124 4524 iu
1164 4472 1301 4526 duos
1343 4474 1545 4529 alteros
1575 4489 1788 4529 menses
1817 4477 2133 4530 extenditur

550 4572 839 4633 agiturque
856 4573 975 4632 post
1019 4564 1263 4618 a‘stivum
1307 4567 1619 4620 solstitium.
1666 4566 1721 4620 In
1752 4568 1858 4633 his,
1882 4568 1977 4633 ait,
2005 4584 2135 4622 con-

548 4655 801 4708 ventibus
830 4666 1041 4707 summa
1088 4654 1228 4721 viget
1252 4655 1637 4723 tranquillitas,
1667 4671 1773 4709 nun
1802 4658 1973 4710 solum
1994 4660 2136 4713 inter

548 4746 715 4814 ipsos,
746 4749 841 4800 sed
876 4755 931 4800 et
961 4760 1085 4801 eum
1110 4747 1365 4801 omnibus
1397 4749 1644 4803 advenis.
1676 4748 1813 4814 Quin
1849 4750 2011 4803 etiam
2057 4750 2135 4805 fe-

2314 3092 2436 3144 Ὅτι
2468 3092 2672 3155 Κάῖσος
2710 3091 2987 3161 Ἀϐράμου
3020 3091 3343 3162 πάλινπρδς
3368 3092 3532 3145 αὑτὸν
3561 3094 3835 3164 πρεσϐεύ-

2241 3201 2434 3247 σαντος
2468 3185 2606 3254 πρὸς
2628 3186 2689 3237 τὸ
2715 3186 3008 3249 Βυζάντιον
3030 3186 3417 3255 παραγίνεται,
3442 3189 3536 3239 καὶ
3562 3190 3661 3258 τὴν
3694 3189 3837 3244 ἰδίαν

2240 3276 2543 3347 φυλαρχίαν
2573 3277 2805 3347 Ἀμϐρῳ
2836 3280 2927 3330 καὶ
2962 3278 3162 3349 Ἰεζξδῳ
3195 3282 3309 3343 τοῖς
3351 3280 3603 3348 ἀδελφοῖς
3631 3283 3803 3335 διανει
3823 3312 3836 3321 -

2242 3370 2485 3439 μάμενος
2538 3370 2699 3432 αὐτὸς
2750 3375 2850 3441 την
2900 3370 3278 3423 Παλαιστινῶν
3327 3375 3627 3443 ἡγεμονίαν
3682 3376 3838 3445 παρά

2241 3462 2507 3533 βασιλέως
2550 3464 2799 3529 ἐδέξατο,
2832 3465 3039 3534 πλῆθος
3074 3466 3208 3519 πολὺ
3237 3466 3348 3520 τῶν
3376 3469 3838 3540 ὑποτεταγμένων

2242 3555 2391 3625 αὑτῴ
2433 3556 2531 3609 σὺν
2570 3556 2720 3626 αύτῷ
2758 3557 3119 3626 ἐπαγόμενος.

2315 3648 2437 3701 ’Ὁτι
2484 3648 2553 3701 τὰ
2597 3649 2877 3714 σανδάλια,
2908 3651 3077 3717 φησὶ,
3112 3650 3228 3702 νυνὶ
3247 3650 3537 3720 λεγόμενα,
3589 3652 3835 3722 ἀρϐύλας
3890 3654 3903 3663 ³

2241 3738 2428 3808 ελεγον
2465 3740 2514 3792 οἱ
2554 3740 2809 3802 παλαιοὶ,
2849 3740 2944 3792 καὶ
2981 3740 3043 3793 τὸ
3082 3741 3361 3811 φακιόλιον
3402 3742 3724 3812 φασώλιν¹⁸.

2314 3832 2436 3884 Ὅτι
2473 3832 2582 3883 τῶν
2614 3832 2948 3903 Σαρακηνῶν
2972 3833 3022 3885 οἱ
3050 3834 3324 3900 πλεῖστοι,
3357 3836 3493 3888 οἵτε
3522 3838 3579 3888 ἐν
3605 3836 3684 3906 τῷ
3713 3838 3839 3889 Φοι-

2240 3924 2429 3977 νικῶνι
2460 3925 2555 3977 καὶ
2579 3926 2627 3977 οἱ
2666 3923 2758 3977 τοῦ
2790 3924 3114 3989 Φοινικῶνος
3151 3927 3249 3979 κα)⁸
3277 3928 3387 3981 τῶν
3413 3929 3837 3998 ὀνομαζομένων

2241 4020 2543 4092 Ταυρηνῶν
2586 4021 2728 4091 ὀρῶν
2775 4022 3064 4085 ἐπέκεινα,
3096 4024 3240 4094 ἱερόν
3269 4040 3322 4076 τι
3353 4026 3552 4096 χωρίον
3582 4024 3838 4095 νομίζουο

2242 4131 2347 4179 σιν,
2380 4114 2554 4185 ὁτῳδὴ
2585 4113 2724 4168 θεῶν
2753 4115 3065 4183 ἀνειμένον,
3098 4116 3194 4170 καὶ
3216 4116 3451 4173 ἐνταῦθα
3482 4118 3835 4186 συλλέγονται

2239 4206 2361 4257 κατ’
2396 4205 2641 4258 ἐνιαυτὸν
2670 4204 2905 4258 ἕκαστον
2938 4200 3144 4268 δές.Ὦν
3179 4207 3279 4277 τὴν
3312 4208 3413 4277 μὲν
3444 4208 3551 4260 τῶν
3585 4208 3835 4278 πανηγύ-

2241 4313 2381 4366 ρεων
2420 4295 2600 4348 αὐτῶν
2648 4296 2755 4367 μὴν
2785 4296 2905 4359 ὅλος
2929 4297 2970 4328 ¹⁹
3002 4298 3196 4368 μετρεῖ
3245 4298 3606 4367 παρατείνων,
3642 4298 3834 4369 σχεδόν

2239 4404 2341 4439 που
2390 4385 2481 4440 τοῦ
2537 4385 2698 4458 ἔαρος
2747 4388 2891 4440 κατὰ
2920 4387 2981 4440 τὸ
3018 4388 3179 4457 μέσον
3227 4389 3581 4462 τελουμένην,
3617 4390 3704 4443 ὅτε
3739 4390 3834 4444 τὸν

2238 4480 2449 4552 Ταῦρον
2475 4482 2564 4534 6¹⁰
2600 4481 2751 4552 ἥλιος
2784 4481 3277 4553 ἐπιπορεύεται.’11
3305 4482 3361 4535 δὲ
3396 4482 3559 4553 ἑτέρα
3584 4485 3832 4553 πανήγυ-

2242 4590 2326 4644 ρις
2354 4573 2476 4627 δυσὶ
2518 4574 2651 4645 μησὶ
2680 4576 3110 4645 παρατείνεταιτ
3146 4576 3285 4645 μετὰ
3317 4575 3593 4644 θερινὰς¹¹
3624 4576 3833 4646 τροπὰς

2238 4666 2432 4733 ἄγουσι
2463 4665 2691 4737 ταύτην.
2711 4668 2800 4719 Ἐν
2830 4667 3077 4733 ταύταις,
3105 4668 3274 4737 φησὶ,
3304 4671 3424 4731 ταῖς
3452 4668 3832 4736 πανηγύρεσιν

2238 4758 2421 4809 πᾶσαν
2440 4755 2664 4825 ἄγουσιν
2682 4758 2925 4828 εἰρήνην,
2946 4758 3006 4810 οὐ
3029 4758 3167 4827 πρὸς
3196 4757 3460 4827 ἀλλήλους
3487 4758 3670 4827 μόνον,
3695 4758 3834 4811 ἀλλά

550 4851 639 4891 ras
686 4852 810 4891 cum
867 4838 1200 4907 hominibus,
1250 4857 1352 4893 non
1403 4850 1606 4893 tantum
1653 4840 1794 4895 inter
1826 4858 1906 4909 se,
1944 4855 2131 4913 pacate

2242 4850 2337 4903 καὶ
2388 4850 2525 4923 πρὸς
2578 4851 2827 4914 ἅπαντας
2873 4852 3001 4913 τοὺς
3048 4850 3415 4920 ἐνδημοῦντα,
3467 4850 3828 4921 ἀνθρώπουςο

1855 4985 2089 5041 νΛΒΙΑΞ
2132 4987 2548 5048 LECTIONES.

621 5121 664 5150 ¹⁴
699 5122 946 5191 χινδίνων
977 5141 1036 5187 ς.
1098 5126 1141 5155 ¹⁷
1172 5126 1433 5188 ἐλεσϐαάς
1486 5123 1568 5175 vel
1623 5122 1880 5186 ἐλεοϐαὰς
1918 5126 1957 5176 Α

548 5209 599 5261 p.
635 5195 787 5245 Mli.
897 5194 938 5222 ¹⁹
968 5195 1103 5257 ὅλως
1138 5214 1197 5259 ς.
1278 5194 1324 5225 ’°
1358 5198 1385 5247 ὀ
1417 5212 1524 5246 um.
1556 5212 1616 5258 ς.

2020 5142 2033 5177 :
2087 5125 2316 5188 ἐλεϐαᾶς
2356 5145 2416 5190 ς.

1699 5194 1738 5222 ²¹
1774 5206 1895 5260 post
1934 5194 2155 5264 θερινὰς
2181 5212 2302 5249 cuin
2335 5199 2373 5249 A
2400 5199 2558 5251 omisi
2581 5198 2659 5254 δέ.

2524 5128 2872 5203 ιξᾼφασώλιν]
2922 5134 3235 5199 φασκιόλιον
3287 5136 3499 5190 Suiccr.
3558 5134 3725 5189 Thes.
3764 5136 3824 5199 ll,

2083 5332 2313 5389 NOTAE.

620 5439 697 5516 (4)
724 5437 823 5494 llic
854 5441 1780 5516 Abrahamius(quinquesyllabis)
1810 5446 1894 5497 vir
1936 5447 2054 5513 pius
2076 5459 2129 5501 et

547 5511 829 5587 presbiter
875 5512 1189 5587 nominatur
1227 5511 1463 5587 inActis
1508 5511 1575 5570 SI
1624 5518 1837 5571 Arethze
1878 5511 2131 5587 martyris

548 5582 689 5648 apud
714 5581 849 5635 Sur.
885 5593 1013 5636 tom.
1034 5582 1098 5643 V,
1124 5583 1197 5636 24
1226 5582 1417 5638 Octob.

732 5652 1018 5727 l_)e_quihus
1041 5652 1332 5727 Nicephor.
1355 5656 1446 5710 lib.
1478 5673 1610 5719 ινιτ,
1644 5673 1762 5727 cap.
1794 5658 1885 5714 ‘52.

619 5722 698 5799 (ti)
723 5720 1125 5799 Cujus_mentio
1167 5720 1219 5778 in
1249 5724 1307 5779 S.
1344 5726 1563 5782 Aretha:
1578 5720 1727 5783 Actis
1761 5745 1885 5799 sup.
1916 5728 2126 5795 citatis,

548 5798 605 5845 et
632 5792 862 5863 r§iceph.
901 5792 993 5846 lib.
1023 5810 1155 5858 xm,
1186 5811 1305 5863 cap.
1346 5798 1397 5849 6.

619 5861 696 5932 (7)
744 5861 974 5943 .Nicep-lt.
1025 5866 1119 5921 lib.
1150 5861 1300 5943 ⁵νιιι,
1350 5869 1592 5943 cap.__55_,
1624 5880 1677 5925 et
1705 5886 1838 5939 xvii,
1867 5887 1988 5943 cap.
2018 5870 2123 5931 52;

550 5930 869 6001 'l'b'eOphan.
886 5930 1116 6006 Byzant.
1149 5935 1245 5991 inf.
1273 5939 1395 5993 cod.
1418 5930 1613 5995 LXIV.

2307 5447 2384 5518 (ει
2424 5448 2559 5523 Vide
2598 5451 2818 5505 Suidam
2847 5460 2902 5507 et
2942 5462 3103 5507 notas
3134 5455 3198 5507 ad
3234 5452 3551 5523 Curnpalat,
3584 5453 3658 5508 De
3682 5452 3826 5509 oﬂic.

2233 5518 2653 5591 ConstantinOp.

2305 5591 2382 5666 (θ)
2413 5590 2943 5666 thniconis_t_tr_his
2974 5592 3194 5666 Egypti
3226 5594 3476 5648 meminit
3504 5596 3604 5649 inf.
3639 5592 3828 5664 Olym-

2235 5660 2493 5726 piodnrus
2527 5664 2648 5720 cod.
2681 5662 2871 5716 LXXX
2932 5668 3031 5719 sub
3051 5660 3183 5720 "an.
3252 5668 3403 5720 Diod.
3439 5667 3611 5722 Sicul.
3650 5660 3824 5718 lib.ttt

2232 5732 2411 5856 idcum
2451 5748 2571 5787 esse
2622 5736 2954 5789 maritimum
2997 5737 3064 5790 ad
3119 5738 3299 5791 sinum
3342 5738 3636 5792 Arabicum
3683 5738 3825 5791 scri-

2255 5818 2285 5855 n
2323 5840 2335 5853 .

2255 5818 2335 5855 ill.

2307 5871 2571 5948 (l0)__Non_
2606 5873 3157 5948 omnino_dissimile,
3196 5877 3341 5948 quod
3386 5887 3573 5933 narrat
3610 5874 3827 5933 Ctesias

2232 5941 2287 5997 in
2320 5942 2527 5997 Indicis
2557 5943 2655 5999 inf.
2682 5946 2802 6000 cod.
2838 5943 3049 6001 LXXII.
