4146 6412
288 402 360 469 49

1466 413 1996 476 BIBLIO'I‘HECA.
2031 439 2100 451 -
2122 415 2287 476 COD.
2324 416 2440 476 IlI.

3500 415 3575 480 50

288 515 422 586 φασὶ
451 514 510 569 δὲ
538 514 625 568 δτι
664 514 760 569 καὶ
797 514 868 568 τὰ
898 514 1065 587 θηρία
1104 518 1244 591 πρὸς
1274 521 1402 586 τοὺς
1432 522 1773 594 ἀνθρώπους,
1806 525 1867 577 ού

1989 541 2103 581 .unc
2134 527 2330 597 degere
2369 525 2704 581 fabulantur.
2740 524 2939 580 Narrat
2968 532 3024 579 et
3051 523 3157 580 alia
3183 523 3355 580 multa
3392 525 3571 596 inopi-

289 607 448 677 μόνον
475 604 535 659 δὲ
565 603 702 659 ἀλλά
732 606 827 658 καὶ
858 606 999 660 αὐτὰ
1022 609 1159 679 πρὸς
1186 610 1413 683 ἄλληλα.
1438 613 1674 681 Λέγεται
1705 614 1763 668 δὲ
1786 617 1883 669 κα)⁵

288 698 421 753 ἄλλα
451 696 628 750 πολλά
656 697 939 770 παράδοξα
961 699 1058 753 καὶ
1089 701 1274 771 μύθων
1297 704 1448 759 οὐδὲν
1475 706 1881 763 διαλλάττοντα.

357 788 433 861 [8
482 786 581 861 8.]
606 789 735 844 Ὅτι
785 790 1133 865 διεστηκέναι
1182 797 1318 865 φησὶ
1359 796 1459 867 τὴν
1488 797 1736 854 ’Δδουλιν
1786 800 1886 870 τῆς

289 882 678 954 Δύξούμεως”
733 881 794 937 ιε’
845 886 1072 957 ἡμερῶν
1122 888 1527 944 ὀδόν.Ἀπιοῦσι
1570 891 1627 946 δὲ
1663 894 1742 954 είς
1788 893 1886 964 τὴν

291 973 567 1045 Αὖξουμιν
595 976 849 1047 Νοννόσῳ
878 994 939 1030 τε
964 978 1059 1031 καὶ
1093 982 1207 1043 τοῖς
1237 982 1413 1050 μετ’¹³
1436 981 1599 1036 αὐτὸν
1630 984 1887 1054 μέγιστον

291 1066 467 1137 ἐφάνη
523 1066 707 1137 θέαμα
754 1069 885 1139 περὶ
929 1070 1129 1141 χωρίον
1158 1070 1308 1143 Αθην
1343 1074 1889 1147 προσονομαζόμενον

294 1156 493 1225 (κεῖται
526 1156 585 1210 δὲ
632 1158 667 1227 ἡ
713 1156 831 1227 Δῦη
882 1160 939 1212 ἐν
974 1160 1126 1230 μέσῳ
1169 1162 1269 1231 τῆς
1298 1179 1359 1216 τε
1394 1164 1503 1217 τῶν
1534 1163 1888 1235 Αύξουμιτῶν

293 1250 386 1304 καὶ¹
412 1252 515 1321 τῆς
548 1253 659 1307 τῶν
693 1254 1011 1309 Ἀδουλιτῶν
1043 1257 1311 1328 πόλεως),
1344 1260 1654 1330 ἐλεφάντων
1684 1262 1891 1335 πλῆθος

295 1343 394 1396 οὐκ
419 1344 625 1413 ὀλίγον,
660 1346 798 1402 ἀλλὰ
829 1347 888 1419 [5
914 1345 1010 1419 Η-]
1046 1349 1232 1418 σχεδὸν
1255 1349 1333 1415 ὼς
1349 1353 1394 1383 ⁸⁸
1422 1352 1680 1423 χιλιάδων
1703 1355 1889 1419 πέντε,

309 1434 599 1505 Ἔνέμοντο
624 1437 682 1490 δὲ
712 1430 860 1493 οὗτοι
904 1439 954 1492 οἱ
994 1439 1287 1509 ἐλέφαντες
1328 1445 1388 1496 ἐν
1429 1444 1597 1515 πεδίῳ
1627 1446 1850 1518 μεγάλῳ
1873 1464 1887 1479 ·

298 1525 391 1579 καὶ
420 1527 679 1592 πελάζειν
704 1532 889 1596 αὐτοῖς
912 1533 1090 1589 οὐδενὶ
1112 1534 1221 1588 τῶν
1246 1536 1529 1608 ἐγχωρίων
1555 1534 1624 1611 ἦν
1646 1539 1891 1607 εὔκολον,

297 1616 415 1670 οὐδὲ
470 1618 681 1689 εἴργειν
728 1621 829 1691 τῆς
876 1626 1069 1694 νομῆς.
1104 1622 1279 1677 Τοῦτο
1327 1625 1426 1697 μὲν
1464 1621 1558 1680 οὖν
1594 1627 1798 1698 μεταξὺ
1833 1627 1894 1681 τὸ

300 1708 483 1778 θέαμα
520 1711 711 1777 αὐτοῖς
748 1716 1163 1783 προσεγεγόνει,

365 1801 490 1872 Χρὴ
526 1802 585 1856 δὲ
631 1805 726 1858 καὶ
776 1806 848 1860 τά
886 1808 1016 1878 περὶ
1062 1808 1163 1878 τῆς
1221 1808 1474 1880 κράσεως
1521 1809 1632 1863 τῶν
1696 1809 1880 1881 ἀέρων

1985 627 2133 685 nata,
2159 628 2216 676 et
2242 618 2356 692 (II)
2390 619 2588 676 fabulis
2617 633 2725 675 non
2756 616 3048 674 absimilia.

2057 821 2252 876 Adulin
2279 821 2469 878 scribit
2507 821 2576 877 ab
2607 821 2844 877 Auxumi
2876 821 3181 893 quindecim
3215 821 3411 880 itinere
3452 824 3568 881 dic-

1989 926 2108 966 rum
2139 911 2361 965 distare.
2407 910 2780 967 Proficiscenti
2811 926 2941 966 vero
2983 910 3258 966 Auxumin
3305 910 3567 969 Nonnoso

1990 1018 2112 1058 cum
2170 1003 2307 1067 suis,
2351 1003 2645 1058 maximum
2690 1003 2794 1057 hoc
2839 1001 3113 1072 objectum
3172 1003 3568 1073 spectaculum,

1989 1095 2059 1150 ad
2111 1097 2391 1166 regionem
2442 1096 2590 1149 Aven
2635 1095 2859 1159 dictam,
2904 1110 3026 1165 quae
3072 1095 3251 1150 media
3294 1105 3379 1150 est
3421 1097 3571 1150 inter

1991 1188 2263 1242 Auxumin
2309 1197 2364 1244 et
2390 1186 2586 1242 Aduliu
2624 1188 2805 1251 urbes,
2848 1187 3262 1257 elephantorum
3312 1187 3573 1242 nimirum

1992 1281 2280 1336 multitudo
2330 1295 2436 1335 non
2480 1280 2710 1347 modica,
2759 1282 2866 1335 imo
2900 1280 3069 1335 millia
3102 1280 3279 1336 ferme
3307 1281 3569 1351 quinque.

1993 1371 2297 1428 Pascebant
2332 1372 2387 1426 hi
2423 1372 2692 1443 elephanti
2722 1374 2961 1428 maximo
2989 1374 3041 1427 in
3075 1388 3289 1441 campo,
3322 1373 3573 1443 propius-

1994 1478 2099 1532 que
2129 1466 2389 1520 accedere
2422 1465 2621 1520 nemini
2658 1465 2746 1535 3a
2781 1465 3078 1521 incolarum
3114 1464 3273 1519 facile
3309 1474 3447 1527 erat,
3476 1479 3574 1519 ne-

1992 1570 2098 1625 que
2124 1565 2284 1624 pastu
2320 1557 2628 1626 prohibere.
2661 1557 2775 1613 Hoc
2806 1558 2916 1612 illis
2945 1558 3163 1613 interim
3200 1556 3573 1627 spectaculum

1993 1648 2253 1702 occurrit.

2068 1821 2145 1877 De
2189 1822 2310 1877 coeli
2351 1838 2568 1894 quoque
2622 1825 3014 1882 constitutione
3069 1826 3252 1882 dicere
3314 1836 3571 1897 oportet,

298 1892 495 1958 εἰπεῖν,
522 1895 612 1948 οἷα
638 1896 747 1950 ἀπὸ
778 1898 881 1969 τῆς
908 1898 1059 1971 Αῠης
1083 1900 1177 1954 ἐπὶ
1211 1902 1309 1973 τὴν
1335 1901 1613 1973 Αὗξουμιν
1640 1903 1882 1975 διαδέχε-

1989 1926 2106 1973 qua:
2136 1903 2219 1967 est
2250 1915 2318 1969 ab
2347 1915 2461 1968 Ave
2493 1915 2560 1969 ad
2621 1915 2895 1970 Auxumin
2931 1934 2945 1970 :
2990 1926 3182 1973 contra
3222 1918 3367 1973 enim
3412 1928 3574 1976 aestas

297 1999 403 2037 ται.
446 1984 739 2051 Ἐναντίως
763 1988 874 2060 γὰρ
909 1990 1038 2061 περί
1078 2008 1139 2044 τε
1178 1991 1337 2063 θέρος
1371 1993 1466 2046 καὶ
1491 1993 1741 2064 χειμῶνα
1770 1993 1883 2048 διά-

299 2091 498 2131 κειται.
555 2077 665 2132 Τοῦ
706 2080 817 2151 γὰρ
847 2081 1004 2152 ἡλίου
1030 2082 1123 2137 τὸν
1153 2084 1430 2156 Καρκίνον
1466 2102 1526 2138 τε
1557 2086 1653 2141 καὶ
1675 2086 1884 2139 Λέοντα

303 2168 392 2221 καὶ
424 2170 708 2241 Παρθένον
757 2172 1108 2245 διερχομένου
1162 2176 1325 2249 μέχρι
1379 2177 1481 2247 μὲν
1530 2179 1630 2248 τῆς
1680 2177 1830 2249 Αὕης
1862 2218 1880 2240 .

299 2262 488 2333 ihs-nep
512 2265 607 2318 καὶ
634 2266 765 2339 παρ’
783 2268 935 2337 ἡμῖν,
963 2266 1120 2339 θέρος
1134 2286 1194 2323 τε
1229 2270 1325 2325 καὶ
1349 2269 1583 2342 ξηρότης
1603 2270 1886 2343 διακρατεῖ

298 2348 389 2401 τὸν
414 2351 576 2421 ἀέρα,
612 2351 722 2406 ἀπὸ
757 2353 816 2407 δὲ
840 2356 941 2425 τῆς
964 2355 1113 2426 Αὖης
1142 2358 1235 2412 ἐπὶ
1257 2359 1358 2429 τὴν
1399 2359 1567 2430 ἀλλην
1596 2359 1884 2415 Αἰθιοπίαν

301 2441 510 2512 χειμὼν
552 2445 828 2499 ἐπίκειται
863 2447 1129 2518 σφοδρὸς,
1187 2449 1248 2502 οὑ
1314 2450 1381 2504 δι’
1436 2451 1565 2522 ὅλης
1623 2451 1882 2525 ἡμέρας,

301 2532 438 2586 ἀλλὰ
480 2534 592 2602 γὰρ
634 2536 745 2590 ἀπὸ
800 2538 1151 2610 μεσημϐρίας
1196 2540 1500 2612 ἀρχόμενος
1574 2542 1832 2596 ἑκάστοτε
1867 2583 1883 2609 ,

305 2629 535 2698 συννεφῆ
562 2646 624 2682 τε
671 2629 763 2683 τὸν
812 2630 950 2702 ἀέρα
989 2633 1162 2687 ποιῶν
1191 2634 1287 2687 καλ⁵
1335 2634 1565 2705 ὄμϐροις
1606 2635 1888 2707 ῥαγδαίοις

304 2714 399 2783 τὴν
449 2715 637 2787 χώραν
690 2720 1023 2785 ἐπικλύζων.
1059 2723 1377 2794 Τηνικαῦτα
1424 2725 1481 2778 δὲ
1541 2726 1659 2796 ἄρα
1718 2728 1816 2781 καὶ
1859 2729 1889 2781 ὁ

306 2806 495 2871 Νεῖλος
528 2811 697 2875 πολὺς
718 2813 813 2865 ἐπὶ
841 2814 942 2885 τὴν
973 2817 1253 2884 Αἴγυπτον
1276 2816 1572 2888 ἐρχόμενος
1600 2818 1887 2888 πελαγίζει

308 2917 367 2953 τε
390 2903 484 2955 καὶ
509 2903 769 2975 κατάρδει
815 2907 915 2975 τὴν
940 2909 1066 2978 γῆν,
1123 2909 1212 2962 ὅτε
1240 2909 1298 2962 δὲ
1326 2913 1355 2963 ὀ
1400 2910 1551 2982 ἥλιος
1588 2910 1680 2963 τὸν
1728 2912 1890 2981 Δίγό-

304 2991 482 3061 κερών
501 2995 546 3028 ’⁸
568 3012 628 3050 τε
660 2996 756 3050 καὶ¹
793 2998 1079 3071 ’Υδροχόον
1112 3000 1205 3054 καὶ
1230 2999 1444 3071 ’ἰχθύας
1475 3000 1886 3073 ἐπιπορεύεται,

306 3084 572 3139 ἀνάπαλιν
624 3088 653 3140 ὁ
697 3087 806 3159 ἀὴρ
861 3092 976 3153 τοῖς
1038 3091 1137 3161 μὲν
1210 3090 1541 3156 Ἀδουλίταις
1572 3091 1733 3162 μέχρι
1790 3092 1890 3162 τῆς

1984 2001 2095 2057 illic
2121 2010 2176 2057 et
2196 2004 2369 2060 hiems
2421 2005 2643 2060 accidit.
2671 2005 2827 2072 Nam,
2863 2008 2980 2064 sole
3015 2008 3310 2074 Cancrum,
3334 2010 3573 2065 Leonem

1982 2105 2040 2151 et
2091 2097 2367 2168 Virginem
2410 2098 2668 2165 obeunte,
2701 2100 2768 2155 ad
2806 2101 2956 2155 Aven
2985 2116 3161 2167 usque
3188 2101 3289 2169 (uti
3315 2111 3372 2157 et
3394 2093 3571 2161 nobis)

1984 2200 2144 2246 uastas
2173 2201 2276 2255 est,
2295 2206 2614 2261 summaque
2646 2192 2767 2248 coeli
2790 2192 3025 2249 siccitas.
3064 2192 3134 2248 At
3158 2193 3226 2248 ab
3245 2194 3358 2248 Ave
3380 2194 3571 2248 Auxu-

1985 2278 2099 2334 min
2133 2293 2342 2341 versus,
2378 2290 2434 2333 et
2456 2277 3069 2350 reliquammthiopiam
3096 2320 3111 2345 ,
3148 2281 3325 2335 hiems
3362 2289 3446 2333 est
3474 2293 3572 2334 ve-

1986 2373 2233 2437 hemens,
2257 2388 2365 2428 non
2405 2373 2617 2444 integro
2651 2374 2870 2442 quidem
2903 2374 2995 2428 illa
3018 2375 3142 2444 ’die,
3182 2376 3276 2430 sed
3306 2390 3426 2446 quae
3455 2372 3569 2447 (l2)

1987 2479 2018 2519 a
2063 2465 2289 2521 meridie
2315 2480 2531 2534 semper
2568 2474 2624 2520 et
2652 2466 2857 2535 ubique
2889 2466 3179 2537 incipiens,
3216 2467 3423 2523 coactis
3473 2483 3575 2521 nu-

1987 2557 2146 2614 bibus
2180 2573 2362 2613 aerem
2390 2558 2645 2624 obducat,
2687 2566 2742 2614 et
2799 2560 3083 2614 horrendis
3123 2560 3391 2615 imbribus
3417 2575 3569 2615 oram

1991 2649 2134 2703 illam
2195 2650 2443 2705 inundet.
2513 2650 2631 2718 Quo
2700 2650 2865 2707 etiam
2935 2661 3178 2721 tempore
3250 2652 3401 2706 Nilus
3466 2652 3574 2707 late

1990 2742 2282 2814 IEgyptum
2314 2743 2636 2813 pervadens,
2674 2744 2840 2800 maris
2871 2743 2923 2798 in
2953 2743 3173 2799 modum
3210 2753 3411 2799 terram
3446 2743 3574 2797 irri-

1991 2845 2101 2903 gat.
2153 2833 2288 2889 Cum
2332 2844 2510 2888 autem
2570 2834 2652 2889 sol
2697 2835 3116 2904 Capricornuiu,
3173 2836 3472 2905 Aquarium
3521 2845 3576 2890 et

1990 2924 2175 2980 Pisces
2206 2925 2568 2991 perambulat,
2595 2940 2689 2981 aer
2734 2926 2851 2981 vice
2880 2942 3037 2982 versa
3070 2928 3303 2984 Adulitis
3335 2928 3389 2981 in
3422 2929 3574 2982 Aveu

1993 3032 2165 3087 usque
2206 3016 2471 3072 imbribus
2507 3017 2781 3087 regionem
2810 3018 3054 3081 inundat,
3092 3019 3160 3072 iis
3207 3034 3337 3072 vero
3379 3018 3470 3087 qui
3505 3018 3575 3073 ab

1993 3111 2105 3165 Ave
2133 3111 2405 3165 Auxumiu
2427 3151 2444 3176 ,
2488 3120 2852 3179 crateramque
2888 3108 3224 3179 Ethiopian]
3258 3125 3458 3164 versus
3488 3109 3573 3177 ja-

305 3176 453 3248 Αὖης
480 3177 713 3250 ὀμὸροις
743 3180 1028 3244 ἐπικλύζει
1053 3183 1153 3253 τὴν
1184 3182 1394 3253 χώραν,
1427 3184 1541 3246 τοῖς
1568 3183 1622 3236 δὲ
1657 3183 1764 3238 ἀπὸ
1788 3184 1886 3254 τῆς

1994 3210 2138 3265 cent,
2173 3208 2332 3255 aestas
2360 3208 2464 3266 est,
2505 3210 2560 3254 et
2578 3176 2823 3256 maturos
2866 3199 2977 3272 jam
3011 3176 3226 3254 fructus
3258 3207 3403 3254 terra
3433 3176 3564 3269 pra:-

304 3268 451 3341 Αὖης
488 3272 652 3342 μέχρι
714 3272 1042 3344 Αύξούμεως
1109 3276 1204 3328 καὶ
1232 3274 1335 3345 τῆς
1391 3274 1559 3345 ἄλλης
1602 3276 1888 3340 Αίθιοπίας
1924 3268 1960 3278 “”
1993 3290 2101 3344 hei,

305 3360 459 3431 θέρος
489 3379 548 3416 τε
572 3363 667 3417 καὶ
689 3363 758 3418 τὰ
778 3364 957 3437 ὡραῖα
974 3366 1278 3437 τηνικαῦτα
1308 3366 1521 3431 τούτοις
1547 3369 1581 3438 ἡ
1607 3368 1680 3439 γῆ
1715 3385 1891 3439 παρα-

303 3451 539 3509 δίδωσιν.

372 3545 499 3598 Ὀτι
530 3546 639 3599 ἀπὸ
669 3547 770 3619 τῆς
813 3550 1034 3622 Φαρσάν
1077 3550 1297 3606 πλέοντι
1326 3553 1407 3625 τῷ
1458 3551 1733 3624 Νοννόσῳ,
1793 3552 1889 3605 ἐπὶ

303 3636 399 3709 τὴν
426 3639 667 3711 ἐσχάτην
714 3641 825 3696 τῶν
871 3644 1051 3714 νήσων
1104 3646 1473 3715 κατηντηκότι
1498 3686 1515 3712 ,
1587 3645 1787 3700 τοιόνδε
1834 3663 1888 3701 τι

306 3730 500 3802 συνέϐη
538 3772 554 3797 ,
610 3732 794 3805 θαῦμα
838 3737 933 3789 καὶ
987 3736 1520 3811 ἀκοῦσαι.Ἐνέτυχε
1575 3739 1685 3810 γάρ
1770 3757 1881 3794 τισι

304 3826 523 3897 μορφὴν
552 3827 653 3896 μὲν
694 3829 790 3882 καὶ
822 3828 968 3885 ἰδέαν
1012 3830 1228 3901 ἔχουσιν
1258 3830 1640 3903 ἀνθρωπίνην,
1686 3831 1890 3903 βραχυ-

300 3915 486 3979 τάτοις
537 3917 596 3971 δὲ
662 3919 723 3972 τὸ
799 3920 847 3952 ³⁸
898 3921 1133 3993 μέγεθος
1211 3924 1309 3976 καὶ
1362 3923 1560 3994 μέλασι
1648 3926 1693 3956 ’⁷
1785 3925 1886 3997 τὴν

303 4004 494 4074 χρόαν,
525 4008 632 4061 ὑπὸ
661 4008 718 4062 δὲ
747 4011 953 4081 τριχῶν
987 4012 1412 4084 δεδασυσμένοις
1442 4014 1533 4068 διὰ
1567 4015 1767 4081 παντὸς
1792 4016 1888 4070 τοῦ

305 4092 555 4165 σώματος
578 4113 593 4127 ⁸
625 4100 843 4155 εἵποντο
869 4102 925 4154 δὲ
968 4105 1084 4168 τοῖς
1112 4104 1343 4176 ἀνδράσι
1374 4105 1468 4159 καὶ
1496 4108 1754 4174 γυναῖκες
1780 4124 1889 4160 πα-

304 4189 604 4259 ραπλήσιαι
639 4192 737 4245 καὶ
797 4194 1064 4266 παιδάρια
1114 4196 1195 4250 ἔτι
1253 4196 1566 4270 βραχύτερα
1596 4198 1706 4253 τῶν
1754 4200 1887 4272 παρ’

300 4280 485 4345 αὐτοῖς
514 4283 746 4354 ἀνδρῶν.
784 4286 987 4357 Γυμνοὶ
1029 4287 1087 4342 δὲ
1113 4283 1256 4362 ἦσαν
1289 4290 1550 4356 ἅπαντες·
1599 4293 1740 4365 πλὴν
1768 4293 1888 4364 δέρ-

302 4374 432 4442 ματί
472 4393 582 4429 τινι
629 4378 811 4450 μικρῷ
844 4379 942 4452 τὴν
986 4378 1118 4435 αἰδὼ
1169 4383 1609 4455 περιεκάλυπτον
1665 4385 1715 4438 οί
1749 4401 1887 4456 προ-

300 4465 599 4539 6ε6ηκότες
625 4470 828 4540 ὁμοίως
851 4471 1043 4541 ἄνδρες
1069 4490 1131 4526 τε
1156 4476 1249 4527 καὶ
1275 4476 1551 4544 γυναῖκες.
1573 4476 1800 4547 Ἄγριον
1825 4475 1884 4530 δὲ

2062 3551 2347 3623 Naviganti
2388 3565 2418 3606 a
2462 3549 2664 3606 Pharsa
2712 3548 2974 3607 Nonnoso
3000 3592 3018 3619 ,
3066 3558 3120 3606 et
3162 3549 3231 3605 ad
3277 3558 3574 3605 extremam

1992 3660 2161 3714 usque
2204 3643 2501 3698 insularum
2560 3642 2758 3711 delato,
2809 3642 2915 3698 tale
2968 3642 3098 3713 quid
3169 3643 3430 3707 occurrit,
3491 3642 3579 3697 vel

1990 3738 2106 3808 ipso
2134 3738 2315 3792 auditu
2356 3736 2758 3791 admirandum.
2798 3734 2995 3791 Incidit
3040 3736 3184 3791 enim
3222 3737 3276 3791 in
3309 3735 3574 3804 quosdam

1992 3828 2165 3884 forma
2191 3828 2409 3898 quidem
2431 3837 2487 3882 et
2504 3827 2672 3899 figura
2689 3829 2950 3891 humana,
2975 3829 3071 3884 sed
3096 3824 3574 3899 brevissimosﬂb)

1989 3931 2044 3977 et
2076 3930 2253 3975 cutem
2304 3921 2486 3991 nigros
2531 3928 2809 3989 totumque
2859 3920 3064 3990 pilosos
3100 3934 3317 3987 corpus.
3358 3918 3569 3988 Seque-

1990 4012 2188 4067 bantur
2223 4013 2367 4066 viros
2399 4012 2636 4082 aequales
2670 4013 2911 4077 feminae,
2949 4024 3004 4070 et
3042 4016 3194 4084 pueri
3244 4014 3423 4070 adhuc
3450 4015 3576 4070 bre-

1990 4105 2187 4160 viores.
2218 4104 2355 4159 Nudi
2386 4118 2575 4159 omnes
2603 4114 2790 4174 agunt,
2817 4105 2956 4176 pelle
2996 4114 3205 4161 tantum
3229 4108 3379 4163 brevi
3411 4106 3571 4162 adul-

1988 4199 2159 4254 tiores
2190 4200 2425 4253 verenda
2452 4197 2598 4263 lecti,
2622 4196 2723 4251 viri
2752 4198 2958 4268 pariter
2991 4215 3053 4253 ac
3087 4198 3327 4267 feminae,
3361 4207 3577 4270 agreste

1989 4289 2123 4345 nihil
2162 4303 2340 4359 neque
2372 4286 2596 4342 efferum
2638 4286 2768 4356 quid
2805 4301 2916 4356 prae
2947 4302 3005 4342 se
3042 4287 3301 4343 ferentes.
3333 4286 3474 4355 Quin
3520 4295 3577 4340 et

1987 4396 2091 4437 vox
2122 4380 2229 4436 illis
2255 4380 2511 4444 humana,
2535 4379 2633 4433 sed
2657 4379 2936 4446 omnibus,
2957 4380 3123 4433 etiam
3148 4378 3374 4442 accolis,
3409 4391 3569 4447 pror-

1989 4488 2082 4528 sus
2110 4471 2290 4541 ignota
2341 4469 2544 4538 lingua,
2588 4468 2873 4539 multoque
2908 4469 3142 4538 amplius
3192 4468 3433 4524 Nonnosi
3483 4482 3574 4521 so-

296 4557 451 4611 ούδὲν
475 4560 856 4616 ἐπεδείκνυντο
886 4562 1008 4616 οὐδὲ
1037 4564 1314 4636 ἀνήμερον
1339 4604 1352 4628 ,
1400 4565 1535 4619 ἀλλὰ
1561 4567 1657 4619 καὶ
1694 4565 1880 4638 φωνὴν

1989 4564 2103 4619 ciis.
2142 4560 2341 4617 Vivunt
2369 4560 2592 4616 marinis
2632 4562 2856 4625 ostreis,
2885 4569 2941 4616 et
2972 4562 3214 4631 piscibus
3255 4574 3287 4615 e
3330 4558 3473 4614 mari
3503 4561 3572 4612 ad

297 4646 443 4720 εἶχον
478 4652 578 4723 μὲν
607 4652 980 4724 ἀνθρωπίνην,
1031 4656 1310 4726 ἄγνωστον
1337 4658 1394 4711 δὲ
1431 4658 1750 4712 παντάπασι
1778 4658 1879 4729 τὴν

294 4743 577 4799 διάλεκτον
606 4748 719 4809 τοῖς
751 4764 810 4800 τε
842 4747 1142 4819 περιοίκοις
1169 4749 1344 4804 ἆπασι
1392 4752 1484 4805 καὶ
1509 4751 1691 4822 πολλῷ
1714 4750 1878 4804 πλέον

293 4838 410 4898 τοῖς
434 4836 565 4906 περὶ
589 4836 682 4889 τὸν
707 4838 975 4893 Νόννοσον
1005 4838 1072 4893 ’⁸.
1133 4841 1338 4905 Διέζων
1388 4842 1446 4896 δὲ
1475 4845 1540 4897 ἐκ
1574 4843 1877 4897 θαλαττίων

1988 4657 2221 4712 insulam
2263 4653 2538 4725 proiectis.
2584 4653 2836 4709 Audaces
2877 4654 3101 4708 minime
3144 4661 3292 4715 sunt,
3346 4660 3428 4717 ut,
3474 4666 3575 4706 no-

1986 4751 2116 4807 stris
2170 4750 2482 4819 conspectis
2536 4748 2885 4813 hominibus,
2948 4746 3407 4816 quemadmodum
3472 4760 3577 4801 nos

1986 4844 2100 4898 visa
2130 4843 2331 4913 ingenti
2355 4840 2490 4908 fera,
2529 4852 2671 4896 metu
2700 4840 2934 4912 perculsi
2964 4839 3169 4895 fuerint

294 4932 533 5003 ὀστρέων
572 4935 619 4965 ²¹
669 4935 763 4987 καὶ
809 4934 1011 5007 ἰχθύων
1029 4936 1138 4990 τῶν
1166 4938 1272 4991 ἀπὸ
1316 4938 1418 5009 τῆς
1451 4939 1730 5013 θαλάσσης
1760 4945 1843 5007 είς
1879 4942 1979 5013 τὴν
2037 4939 2201 5010 νῆσον
2231 4936 2739 5008 ἀπορῤιπτομένων.
2783 4933 2997 5005 Θάρσος
3066 4934 3123 4989 δὲ
3166 4931 3312 5007 εἶχον
3395 4931 3568 4993 οὐδὲν,

293 5026 429 5080 ἀλλὰ
454 5026 554 5082 καὶ
590 5026 825 5099 δρῶντες
862 5031 992 5095 τοὺς
1030 5033 1155 5088 καθ’
1182 5034 1329 5106 ἡμᾶς
1358 5034 1681 5107 ἀνθρώπους
1740 5039 2085 5108 ὑπέπτησσον
2108 5036 2152 5068 ³⁰
2175 5073 2193 5099 ,
2248 5032 2437 5104 ὥσπερ
2466 5034 2630 5105 ῄμεῖς
2662 5033 2732 5088 τὰ
2762 5033 2937 5106 μείζω
2950 5034 3060 5088 τῶν
3090 5032 3316 5105 θηρίωνο

1616 5199 1852 5256 VARle
1901 5198 2312 5256 LECTIONES.

362 5350 408 5380 "
441 5346 685 5418 αύξουμέ
759 5351 872 5412 ςΑ.

362 5367 791 5473 σιῖιιελανὴννἎ.
868 5426 872 5452 ’

362 5355 408 5380 "
441 5355 786 5473 αὑξουμένἌς
808 5355 872 5405 Α.
952 5355 998 5385 ³³
1015 5355 1157 5427 μετ’]
1188 5360 1317 5427 περὶ
1350 5375 1402 5429 p.
1440 5360 1475 5414 5
1499 5377 1530 5413 a
1564 5362 1654 5418 54.

293 5415 437 5488 λοισι]
459 5418 700 5489 μελανὴν
777 5462 791 5474 .
868 5422 914 5454 ’⁸
941 5423 1246 5489 Νόννωσον,
1288 5438 1344 5482 ut
1370 5445 1535 5489 saepe.
1568 5436 1633 5486 A.

958 5532 969 5541 ε

1728 5363 1776 5396 ³⁸
1799 5363 1939 5428 ὼςΑ
1961 5383 1975 5419 :
1998 5365 2124 5418 ὅσον
2152 5381 2213 5429 ς.

868 5422 914 5454 ’⁸
941 5422 1535 5499 Νόννωᾶονίυῑέαξρθ.
1568 5436 1633 5486 A.
1706 5435 1752 5467 ”
1785 5422 2049 5500 ὀστρείων
2081 5452 2141 5500 ς.
2161 5422 2181 5429 ⁷
2217 5434 2264 5466 ⁸ο
2289 5422 2616 5503 ὑπέπτησαν
2646 5450 2708 5497 ς’.

2288 5362 2335 5395 ⁸⁸
2360 5361 2708 5432 αἱγοκέρωτα
2732 5379 2812 5432 pr.
2836 5362 2898 5417 Α.
2981 5364 3028 5393 ’³
3063 5362 3246 5415 τὸοιιι.
3277 5363 3341 5416 Α.

3419 5362 3573 5430 “pi-

1826 5594 2063 5652 NOTAE.

367 5718 480 5802 (Il)
516 5718 757 5802 ptesiam
788 5722 1040 5779 fortassis
1100 5722 1370 5792 imitatus,
1400 5744 1571 5800 a.quo
1609 5732 1867 5787 nonnulla

298 5794 528 5842 mutuari
562 5794 795 5848 videtur.

367 5858 479 5930 (l2)
504 5860 695 5918 Simile
751 5864 879 5935 quid
920 5863 974 5920 in
1024 5863 1225 5922 Indicis
1275 5867 1440 5926 refert
1490 5870 1702 5931 Ctesias
1728 5872 1869 5931 Ὀιιί-

1985 5734 2113 5789 dius
2142 5733 2242 5788 inf.
2270 5733 2392 5788 cod.
2421 5732 2635 5789 LXXII.

2051 5805 2167 5875 (15)
2184 5804 2255 5875 De
2274 5802 2540 5874 Pygmmis
2560 5804 2656 5857 iuf.
2677 5802 2885 5875 Clesias
2907 5801 3189 5875 injndicis
3211 5801 3332 5860 cod.
3353 5799 3571 5861 LXXII.

1975 5872 2250 5931 Iuvenalis
2277 5872 2511 5946 quoque,
2540 5875 2745 5931 Plinius
2767 5885 2820 5930 et
2854 5872 3133 5928 Paulinus.
