4146 6422
529 433 594 510 51
1712 433 1972 494 PHO’I‘IE
2015 429 2520 492 PA'l‘RlARClIzE
2559 427 2666 486 δι’.
3733 412 3802 472 52

1273 551 1362 606 IV.

536 648 790 701 Theodori
820 644 1128 698 Antiocheni
1153 660 1246 711 pro
1273 653 1457 698 sancto
1484 641 1685 697 Basilio
1724 640 1836 712 (M)
1871 638 2120 692 adversus

1014 715 1336 769 Eunomium
1370 714 1492 767 libri
1526 729 1650 768 xxv.

604 809 756 866 Lecti
783 820 908 865 sunt
939 807 1209 864 Theodori
1240 805 1564 862 Antiocbeui
1590 823 1686 877 pro
1709 804 1909 859 Basilio
1933 805 2121 858 adver-

534 920 622 958 sus
644 901 963 958 Eunomium
982 903 1103 955 libri
1136 901 1322 971 viginti
1360 900 1590 970 quinque
1608 898 1744 970 (15).
1762 897 1940 952 Estilli
1961 895 2124 964 phra-

537 998 612 1050 sis
639 1011 747 1049 non
779 1008 1164 1065 usquequaque
1193 994 1474 1064 perspicua
1500 1008 1516 1053 ;
1561 991 1810 1046 sensibus
1834 999 2009 1042 tamen
2037 986 2121 1056 3b

538 1096 596 1141 et
656 1087 991 1157 argumentis
1043 1085 1270 1140 nimium
1334 1093 1598 1152 quantum
1653 1083 1894 1139 densus.
1951 1093 2124 1133 sacra:

539 1181 837 1249 Scriptura:
872 1179 1200 1233 testimoniis
1225 1177 1440 1248 egregie
1489 1176 1748 1230 abundat.
1787 1171 1869 1227 Ad
1899 1172 2123 1227 verbum

540 1271 653 1330 fere
714 1274 964 1328 Eunomii
1026 1275 1265 1329 rationes
1328 1271 1562 1333 refellit,
1637 1269 1945 1339 imperitum
1999 1281 2124 1320 eum

539 1367 697 1422 valde
743 1377 1098 1422 externarum
1139 1365 1571 1436 disciplinarum,
1626 1361 1906 1429 multoque
1956 1359 2124 1425 magis

541 1469 746 1512 nostra:
792 1457 1105 1529 theologiaa,
1177 1456 1421 1526 pluribus
1484 1456 1800 1510 ostendens.
1854 1453 1953 1509 Hic
2001 1468 2126 1507 vero

543 1547 903 1621 Mopsuestia,
930 1560 988 1606 ut
1016 1559 1167 1621 puto,
1193 1548 1482 1620 episcopus
1501 1547 1625 1602 fuit.

1281 1722 1345 1777 V.

910 1812 1195 1883 Sophronii
1235 1817 1299 1868 de
1325 1817 1507 1869 eadem
1532 1830 1586 1869 re
1608 1815 1758 1869 liber.

614 1903 812 1960 Lectus
834 1906 1086 1960 similiter
1123 1907 1419 1976 Suphrouii
1445 1923 1542 1975 pro
1563 1907 1768 1962 Basilio
1797 1917 1982 1962 contra
2006 1905 2121 1962 Eu-
2158 1937 2198 1992 Β

546 2000 781 2053 nomium
816 1999 970 2064 liber,
1010 1998 1302 2056 Theodoro
1333 2002 1596 2069 apertior,
1629 2011 1684 2055 et
1713 2000 1882 2056 multo
1913 2001 2124 2056 doctior

545 2107 612 2147 ac
643 2092 880 2147 brevior.
917 2091 1104 2160 Neque
1146 2095 1292 2147 enim
1323 2109 1417 2163 per
1438 2095 1619 2148 omnia
1649 2093 1972 2148 Eunomium
2005 2107 2130 2162 per-

547 2181 814 2251 sequitur,
859 2181 952 2235 sed
978 2181 1064 2234 illa
1113 2183 1458 2250 potissimum
1489 2183 1728 2254 exagitat
1759 2193 1925 2250 atque
1969 2179 2131 2236 refel-

547 2273 629 2340 lit,
668 2290 788 2343 quze
808 2289 1019 2329 summa
1073 2275 1250 2342 capita
1301 2275 1524 2330 haeresis
1568 2277 1814 2330 Eunomii
1851 2277 2134 2332 continere

547 2365 897 2420 videbantur.
917 2366 1246 2421 Cbaractere
1278 2383 1406 2421 usus
1433 2378 1516 2422 est
1547 2368 1917 2437 distinguente
1946 2383 2009 2422 ac
2035 2369 2133 2422 de-

549 2457 821 2512 liuiente:
866 2466 922 2512 et
971 2467 1032 2513 ut
1069 2458 1358 2526 plurimum
1406 2459 1617 2515 solutus
1678 2461 1754 2515 illi
1806 2461 2137 2529 minimeque

550 2549 765 2604 vinctus
794 2565 997 2615 sermo,
1055 2567 1160 2606 non
1200 2553 1441 2623 ingratus
1480 2562 1684 2615 tamen,
1741 2553 1850 2607 imo
1901 2563 1955 2607 et
2002 2552 2138 2622 lngi-

552 2640 634 2695 cis
662 2642 1229 2711 argumentationibus
1260 2660 1520 2714 perquam
1549 2645 1773 2699 ﬂoridus
1797 2654 1899 2699 est.

1302 2737 1390 2790 Vl.

625 2823 868 2895 (ἕτερονίί
903 2825 1138 2897 Nysseni
1167 2828 1401 2898 ejusdem
1455 2832 1757 2900 argumenti
1800 2847 1958 2898 Opera
2009 2831 2136 2884 duo.

626 2978 825 3036 Lectus
865 2991 949 3036 est
993 2983 1240 3054 Gregorii
1272 2984 1459 3058 Nyssae
1485 2987 1724 3056 episcopi
1767 2986 2017 3040 similiter
2046 3003 2140 3053 pro

561 3069 762 3126 Basilio
793 3073 1041 3128 adversus
1064 3074 1384 3128 Eunomium
1411 3075 1542 3130 liber
1567 3076 1704 3145 (16).
1740 3075 1923 3147 Stylus
1960 3074 2058 3138 illi,
2095 3075 2139 3128 si

558 3164 643 3218 cui
697 3165 1001 3231 rhetorum,
1074 3167 1320 3234 illustris,
1387 3178 1440 3221 et
1468 3167 1863 3235 iucunditatem
1923 3169 2143 3222 auribus

561 3256 849 3316 instillans.
899 3259 1007 3314 Sed
1059 3273 1162 3313 nec
1227 3260 1344 3327 ipse
1377 3261 1594 3328 quidem
1647 3262 1840 3316 ordine
1896 3260 2143 3315 Eunomii

563 3349 824 3417 scriptum
885 3347 1257 3417 reprehendit.
1339 3316 1702 3415 Quamobrem
1755 3360 1812 3405 et
1859 3316 2217 3405 Theodoroc

563 3442 829 3493 concisior
861 3449 966 3504 est,
996 3448 1052 3494 et
1097 3439 1406 3510 Sophronio
1454 3439 1652 3506 latior;
1704 3443 1943 3498 abundat
2000 3445 2144 3498 enim

564 3532 1066 3600 enthymematibus
1107 3542 1271 3602 atque
1303 3533 1587 3603 exemplis.
1619 3535 1752 3588 Illud
1809 3546 1988 3589 autem
2023 3552 2148 3591 vere

564 3622 1071 3690 pronuntiaverim,
1141 3633 1402 3693 quantum
1479 3625 1777 3695 Gregorius
1839 3637 2147 3693 venustate,

562 3713 849 3784 splendore
890 3727 946 3772 et
988 3718 1216 3772 miriﬁca
1254 3720 1596 3790 jucunditale
1650 3721 1924 3775 antecellit
1973 3721 2151 3777 Theo-

563 3807 720 3872 doro,
745 3817 956 3865 tanttnn
981 3811 1146 3865 etiam
1172 3821 1619 3882 argumentorqu
1646 3815 1797 3883 c0pia
1821 3822 1877 3870 et
1905 3814 2151 3872 ubertate

565 3902 813 3956 eumdem
837 3904 1054 3959 vincere
1076 3906 1393 3960 connititur.

1314 3998 1424 4054 VII.

637 4082 862 4139 Lectum
909 4094 992 4140 est
1037 4086 1268 4142 alterum
1322 4091 1563 4158 ejusdem
1614 4088 1862 4160 Gregorii
1918 4091 2150 4160 Nysseni

565 4193 722 4246 opus.
755 4179 821 4233 de
852 4180 1041 4233 eadem
1076 4181 1193 4248 ipsa
1223 4197 1282 4235 re
1313 4202 1325 4235 :
1361 4183 1414 4236 in
1447 4198 1552 4251 quo
1591 4183 1898 4238 rationibus
1929 4184 2155 4239 validio-

567 4271 719 4325 ribus
746 4286 868 4325 cum
901 4270 1165 4328 Eunomia
1196 4290 1388 4330 manus
1435 4291 1757 4340 conserens,
1789 4291 1912 4331 eum
1949 4277 2000 4332 vi
2059 4294 2158 4333 ex-

567 4373 791 4433 pugnat,
822 4365 1005 4418 omnia
1064 4366 1358 4435 impietatis
1413 4368 1756 4424 iirmamenta
1798 4369 2155 4425 labefactans.

569 4453 844 4511 Venustas
875 4473 1005 4511 vero
1057 4459 1346 4522 orationis,
1398 4471 1453 4513 et
1504 4460 1765 4528 splendor
1816 4461 2157 4527 iucunditate

572 4549 790 4614 mistus,
830 4550 995 4604 etiam
1047 4551 1100 4605 in
1155 4551 1257 4605 hoc
1309 4566 1473 4622 opere
1527 4552 1785 4608 decenter
1809 4569 1870 4610 se
1900 4555 2157 4609 ostendit.

1305 4726 1432 4782 Vill.

915 4818 1158 4889 Origenis
1187 4819 1264 4873 De
1296 4819 1587 4890 Principiis
1619 4821 1742 4876 libri
1774 4838 1846 4878 tv.

645 4909 797 4966 Lecti
843 4922 972 4965 sunt
1009 4911 1265 4982 Origenis
1298 4914 1437 4984 (l7)
1475 4913 1551 4967 De
1591 4913 1883 4985 Principiis
1918 4917 2040 4970 libri
2086 4933 2160 4972 tv.

573 5004 776 5059 llorum
809 5005 1023 5076 primus
1055 5006 1123 5061 de
1157 5007 1340 5072 Patre,
1369 5019 1423 5062 et
1454 5006 1616 5071 Filio,
1653 5018 1708 5062 et
1733 5011 1938 5079 Spiritu
1972 5018 2164 5065 sancto

570 5098 705 5168 agit.
733 5098 854 5166 Quo
882 5099 938 5155 in
968 5099 1111 5156 libro
1140 5100 1369 5171 plurima
1420 5101 1737 5170 blaspheme
1793 5103 1986 5157 scribit
2016 5102 2035 5158 ἐ
2085 5112 2161 5166 ιιι,

2951 531 3023 587 A'.

2225 633 2529 703 Θεοδώρου
2562 629 2902 703 Ἀντιοχέως
2947 624 3100 703 ὑπὲρ
3143 620 3468 703 Βασιλείου
3511 616 3662 672 κατὰ
3687 616 3808 668 Εὑ-

2718 690 2954 768 νομίου,
2999 690 3170 764 λόγοι
3206 690 3310 746 κε’.

2307 793 2645 864 Ἀνεγνὼσθη
2664 790 2941 859 Θεοδώρου
2971 784 3289 857 Ἀντιοχέως
3308 782 3465 850 ὑπὲρ
3483 777 3808 834 Βασιλειου

2225 887 2380 942 κατὰ
2420 885 2724 952 Εὐνομίου
2752 883 2810 934 ἐν
2843 880 3019 948 λόγοις
3049 882 3147 930 κε’.
3178 875 3334 928 Ἔστι
3364 873 3425 926 δὲ’
3472 871 3572 942 τὴν
3603 869 3702 940 μὲν
3763 867 3808 897 ³³

2225 981 2426 1051 φράσιν
2453 979 2514 1031 οὐ
2541 977 2684 1030 πάνυ
2715 971 2965 1044 λαμπρὸς
2987 1011 3001 1035 ,
3036 971 3160 1032 ταῖς
3183 968 3241 1021 δὲ
3263 965 3528 1026 διανοίαις
3565 963 3660 1016 καὶ
3698 962 3812 1021 τοῖς

2224 1073 2622 1144 ἐπιχειρήμασι
2643 1067 2761 1121 λίαν
2778 1065 3002 1128 πυκνὸς,
3027 1064 3122 1116 καὶ
3149 1062 3267 1123 ταῖς
3288 1056 3591 1130 Γραφικαϊς
3615 1054 3814 1124 ἄριστα

2227 1164 2473 1219 πλουτῶν
2493 1160 2841 1233 μαρτυρίαις.
2872 1157 3030 1211 Κατὰ
3060 1155 3204 1219 λέξιν
3235 1153 3292 1205 δέ
3310 1150 3497 1222 σχεδὸν
3523 1146 3631 1200 τῶν
3653 1145 3817 1198 Εὐνο-

2230 1261 2356 1329 μίου
2388 1257 2563 1325 λόγων
2589 1255 2686 1323 τὴν
2723 1249 3034 1321 ἁνασκευὴν
3077 1249 3316 1301 ποιεῖται
3339 1284 3354 1308 ,
3383 1241 3571 1313 ἀμαθῆ
3601 1256 3662 1292 τε
3691 1236 3814 1289 λίαν

2227 1352 2336 1405 τῶν
2363 1368 2425 1403 τε
2462 1348 2698 1418 Θύραθεν
2742 1345 3086 1416 μαθημάτων
3123 1340 3219 1395 καὶ
3267 1336 3448 1407 πολλῷ
3488 1333 3690 1406 μᾶλλον
3717 1330 3818 1398 τῆς

2228 1444 2352 1499 καθ’
2383 1443 2529 1514 ἡμᾶς
2561 1439 2848 1509 θεοσοφίας
2905 1437 2994 1491 διὰ
3035 1434 3248 1488 πολλῶν
3273 1428 3604 1491 ἐπιδεικνύς.
3648 1426 3707 1477 '0
3758 1423 3817 1474 δὲ

2230 1536 2606 1608 Μοψουεστίας
2680 1531 2923 1603 γεγονὼς
3011 1530 3310 1589 ἐπίσκοπος
3391 1517 3547 1584 οὗτός
3627 1520 3815 1579 ἐστιν,

2231 1629 2405 1703 οἶμαι.

2975 1714 3052 1770 E'.

2325 1814 2672 1884 Σωφρονὶου
2701 1811 2854 1878 ὑπὲρ
2872 1806 3196 1862 Βασιλείου
3227 1800 3378 1856 κατὰ
3399 1797 3720 1866 Εὑνομίου.

2310 1905 2652 1976 Ἀνεγνώσθη
2698 1902 2900 1974 ὁμοίως
2969 1895 3280 1970 Σωφρονίου
3306 1893 3461 1960 ὑπὲρ
3493 1886 3823 1944 Βασιλείου

2232 1998 2384 2054 κατὰ
2426 1996 2752 2067 Εὐνομίου.
2811 1993 3154 2062 Σαφέστερος
3226 1987 3326 2058 μὲν
3399 1980 3675 2052 Θεοδώρου
3728 1977 3825 2030 καὶ

2231 2090 2413 2162 πολλῷ
2463 2087 2872 2159 συντομώτερος
2932 2086 2976 2116 ³¹
3009 2123 3024 2148 ,
3109 2080 3204 2134 καὶ
3251 2077 3375 2132 οὐδέ
3442 2075 3499 2148 [4
3526 2070 3622 2143 HJ,
3681 2070 3822 2162 πᾷσι

2231 2185 2343 2248 τοῖς
2375 2179 2640 2251 Εὐνομίου
2671 2176 2924 2241 ἐπεξιὼν,
2958 2173 3013 2246 [9
3042 2171 3133 2244 IL]
3167 2170 3278 2226 ἀλλ’
3318 2169 3505 2222 ἐκεῖνα
3533 2161 3827 2232 γυμνάζων

2233 2278 2328 2331 καὶ
2358 2275 2566 2343 ἐλέγχῳ
2591 2268 3059 2330 καθυποϐἀλλων,
3106 2265 3143 2318 ἃ
3186 2263 3334 2317 δοκεῖ
3385 2255 3680 2312 συνεκτικὰ
3731 2251 3829 2306 καὶ

2235 2366 2507 2436 κεφάλαια
2541 2364 2641 2432 τῆς
2673 2359 2941 2430 Εὑνομίου
2971 2355 3240 2428 αἱρέσεως
3263 2348 3428 2405 εἶναι.
3465 2343 3829 2436 Ἀφοριστικιῖ)

2235 2455 2293 2507 δὲ
2318 2433 2588 2524 κέχρηται
2633 2450 2980 2521 χαρακτῆρι,
3048 2445 3145 2500 καὶ
3177 2444 3252 2507 ὡς
3312 2439 3518 2494 ἐπίπαν
3561 2433 3829 2497 ἁπόλυτός

2237 2549 2385 2599 ἐστιν
2417 2544 2567 2613 αὑτῷ
2613 2544 2707 2597 καὶ
2741 2540 3032 2602 ἀσύνδετος
3077 2539 3106 2590 ὁ
3139 2536 3300 2604 λόγος
3322 2575 3337 2598 ,
3377 2533 3479 2585 οὐκ
3512 2530 3712 2600 ἄχαρις
3743 2526 3827 2589 δὲ,

2239 2639 2375 2694 ἀλλὰ
2396 2638 2489 2692 καὶ
2513 2637 2750 2706 λογικοῖς
2777 2633 3170 2704 ἐπιχειρήμασι
3199 2622 3679 2700 περιηνθισμὲνος.

2243 2822 2577 2894 Γρηγορίου
2609 2813 3298 2956 Νύσσηςέπὲρ
3322 2806 3652 2865 Βασιλειου
3679 2803 3834 2858 κατὰ

2338 2982 2678 3052 Ἀνεγνώσθη
2722 2979 3025 3052 Γρηγορίου
3068 2977 3290 3046 Νύσσης
3345 2974 3392 3007 ³⁸
3438 2970 3639 3052 δμρίως
3680 2965 3836 3034 ὑπὲρ

2248 3074 2572 3129 Βασίλειον
2587 3071 3020 3140 καὶΕὐνομίου.
3036 3069 3149 3138 Τὴν
3167 3067 3265 3139 μὲν
3281 3066 3500 3137 φράσιν,
3519 3063 3658 3123 εῐτις
3679 3059 3838 3118 ἄλλος

2251 3167 2520 3238 ρητόρων.
2556 3164 2812 3236 λαμπρὸς
2855 3164 2948 3216 καὶ
2977 3160 3175 3230 ἡδονῆς
3217 3160 3351 3213 ὠσὶν
3385 3154 3746 3218 ἀποστάζων,
3773 3151 3839 3204 οὐ

2256 3261 2438 3331 μέντοι
2483 3258 2721 3326 καθεξῆς
2772 3256 2882 3310 οὐδ’
2938 3255 3170 3317 αὑτὸς³δ
3230 3253 3332 3322 τὴν
3378 3246 3649 3318 Εὑνομίου
3702 3261 3841 3314 γρα-

2256 3349 2360 3419 φὴν
2402 3348 2786 3418 ἀπελέγχει³⁸.
2821 3347 2911 3400 Διὸ
2964 3345 3060 3400 καὶ⁵
3105 3339 3516 3413 συντομώτερός
3565 3339 3682 3390 ἐστι
3711 3335 3842 3387 Geo-

2253 3441 2448 3512 δώρου,
2476 3440 2789 3512 Σωφρονίου
2839 3440 2897 3493 δὲ
2950 3437 3313 3506 πλατύτερος.
3355 3426 3841 3496 Πλεονάζειγὰρ³⁶

2251 3533 2363 3593 τοῖς
2394 3531 2743 3601 ἐνθυμήμασι
2785 3531 2880 3584 καὶ
2919 3532 3033 3592 τοῖς
3082 3525 3547 3597 παραδείγμασιν.
3597 3520 3754 3573 Ἔστι
3784 3518 3842 3569 δὲ

2252 3622 2567 3684 ἀδεκάστοις
2609 3623 2783 3674 εἰπεῖν
2806 3621 2882 3684 ὡς
2921 3621 3044 3672 ὅσον
3081 3617 3418 3688 ὑπερϐάλλει¹
3444 3613 3712 3667 κάλλειτε
3749 3614 3845 3663 καὶ

2251 3715 2599 3785 λαμπρότητι
2651 3714 2746 3766 καὶ
2783 3713 2866 3784 τῷ
2904 3710 3154 3782 ἠδυτάτῳ
3202 3709 3480 3778 Θεόδωρον
3515 3745 3531 3771 ,
3586 3701 3845 3758 τοσοῦτον

2253 3808 2466 3860 ἐκείνου
2494 3805 2684 3860 τοῦτον
2703 3805 2765 3858 τὸ
2789 3805 2992 3875 πλῆθος
3023 3804 3132 3857 τῶν
3171 3801 3618 3871 ἐπιχειρημάτων
3659 3797 3756 3850 καὶ
3785 3794 3847 3847 τὸ

2256 3901 2480 3970 γόνιμον
2507 3901 2586 3963 εἰς
2615 3899 2677 3952 τὸ
2706 3899 2964 3970 προέχειν
2993 3896 3333 3960 ἐκϐιάζεται.

2994 3993 3070 4044 Z'.

2342 4081 2688 4151 Ἄνεγνώσθη
2719 4081 2884 4152 ἑτέρα
2923 4077 3278 4150 πραγματεία
3309 4073 3403 4128 τοῦ
3449 4070 3615 4126 αὑτοῦ
3638 4071 3850 4140 Γρηγο-

2262 4175 2379 4246 ρίου
2407 4174 2629 4243 Νύσσης
2663 4173 2793 4243 περὶ
2819 4172 2922 4242 τῆς
2962 4169 3135 4239 αὐτῆς
3167 4165 3504 4227 ὑποθέσεως,
3551 4165 3610 4215 ἐν
3641 4156 3851 4234 ᾖλογι-

2261 4266 2503 4336 κώτερον
2554 4263 2809 4334 Εὑνομίῳ
2845 4258 3190 4333 συμπλακεὶς
3234 4255 3379 4309 κατὰ
3413 4253 3616 4324 κράτος
3665 4248 3848 4318 αἱρεῖ,

2263 4359 2442 4412 πάντα
2471 4358 2763 4427 σαθρώσας
2807 4356 2908 4425 τῆς
2940 4350 3262 4413 δυσσεϐείας
3321 4345 3490 4402 αὑτοῦ
3534 4345 3604 4397 τὰ
3633 4339 3853 4412 ὀχυρώ-

2265 4467 2435 4522 ματα.
2465 4451 2540 4504 Τὸ
2569 4450 2624 4503 δὲ
2653 4448 2850 4512 κάλλος
2880 4446 2975 4501 τοῦ
3006 4445 3166 4514 λόγου
3195 4443 3289 4496 καὶ
3313 4443 3347 4510 ἡ
3380 4439 3685 4507 σύγκρατος
3719 4432 3854 4500 λαμ-

2263 4548 2472 4619 πρότης
2521 4546 2824 4616 γλυκύτητι
2879 4541 3157 4598 κάνταῦθα
3188 4535 3506 4609 διαπρεπῶς
3550 4528 3857 4585 ἐπιδείκνυ-

2193 4665 2242 4724 D
2268 4659 2379 4696 ται.

3009 4732 3092 4784 H’.

2501 4825 2840 4894 Ὠριγένους
2854 4825 2918 4878 τὸ
2942 4822 3083 4892 Περὶ
3107 4818 3349 4889 Ἀρχῶν,
3373 4815 3543 4883 λόγοι
3566 4809 3640 4866 δ’.

2356 4917 2696 4986 Ἀνεγνώσθη
2730 4915 3038 4986 Ὠριγένους
3070 4913 3130 4965 τὸ
3153 4910 3292 4977 Περὶ
3315 4905 3558 4976 Ἀρχῶν,
3596 4901 3748 4971 λόγοι
3793 4901 3859 4963 δ’,

2275 5005 2351 5064 ὧν
2378 5011 2406 5062 ὁ
2443 5009 2542 5080 μὲν
2566 5009 2784 5080 πρῶτος
2809 5007 2939 5077 περὶ
2963 5003 3196 5073 ιΙατρὸς,
3221 4999 3318 5054 καὶ
3357 4996 3511 5060 Υίοῦ,
3563 4993 3659 5047 καὶ
3699 4991 3863 5059 ἁγίου

2275 5101 2613 5170 ΙΙνεύματος’
2652 5102 2710 5153 ἐν
2737 5093 2784 5168 ᾧ
2815 5097 3044 5152 πλεῖστα
3083 5091 3418 5166 βλασφημεῖ,
3463 5087 3554 5140 τὸν
3597 5084 3697 5155 μὲν
3731 5084 3864 5137 Υἱὺν

1889 5240 2122 5295 νΑιιιιλΕ
2163 5236 2576 5293 LEC'l‘lONES.

675 5337 716 5368 ³¹
751 5339 848 5406 μὲν
873 5352 985 5391 om.
1010 5338 1077 5392 A.
1156 5338 1202 5367 λ’
1235 5347 1366 5390 ante
1424 5332 1834 5406 συντομώτερος
1891 5353 2012 5390 cum
2071 5337 2116 5388 Α
2158 5336 2322 5390 οιιιίεἰ
2381 5334 2744 5403 συνετώτερος
2798 5329 2914 5384 καί.
3007 5328 3054 5360 ³³
3079 5323 3245 5391 νύσης
3267 5323 3334 5378 Α.
3417 5320 3462 5351 ⁸³
3485 5314 3673 5387 αὐτὸς]
3703 5317 3766 5370 οὗ
3795 5319 3863 5372 Α·

576 5411 621 5442 i“
653 5408 941 5480 ἐπελέγχει
977 5426 1037 5474 ς.
1120 5409 1167 5440 ³⁸⁸
1197 5407 1332 5479 γὰρ]
1363 5405 1420 5458 δὲ
1455 5405 1564 5474 γὰρ
1592 5423 1650 5468 ς.

2115 5544 2344 5600 NOTAE.

647 5714 695 5786 (l
706 5714 762 5786 4)
780 5714 896 5770 Jam
914 5718 1022 5783 vita
1040 5709 1556 5786 functp,_ut_docet‘_is
1576 5707 1674 5786 ipf.
1696 5706 1819 5786 cod.
1841 5701 2179 5786 CXZKAXVlll.

648 5775 764 5852 (15)
799 5786 936 5840 Infra
963 5776 1087 5842 eod.
1135 5782 1460 5847 CLXXVII,
1500 5781 1554 5835 in
1585 5780 1705 5846 ﬁn.,
1737 5776 1907 5831 libros
1932 5775 2002 5828 9.8
2049 5775 2181 5829 scri-

587 5857 765 5927 psisse
789 5869 1272 5912 commemoratur.

2297 5698 2547 5755 biblintli.
2581 5696 2871 5762 Vaticana,
2898 5696 3062 5751 Boica
3094 5704 3149 5750 et
3174 5692 3324 5747 alibi.

2363 5751 3171 5834 (17)Ιλρςιιιίιιιιὶε’ὒ.Βεηοιι.
3207 5763 3358 5835 card.
3392 5769 3520 5835 tetu.
3582 5751 3624 5807 v
3680 5753 3748 5835 aq
3795 5755 3866 5835 Ατ

2287 5825 2508 5895 (1.397.
2555 5825 2992 5907 E‘istatelegans
3035 5831 3362 5907 epistolal}.
3427 5825 3748 5907 Hieronymi
3799 5825 3870 5879 ad

1374 5937 1476 5979 xm
1536 5921 1797 5978 adversus
1836 5917 2063 5974 Eunom.
2120 5914 2176 5972 in
2284 5911 2504 5970 Avitum
2527 5907 2593 5964 de
2618 5895 3529 5978 cavendi§0rigeiiisllapt’Apzév
3554 5895 3861 5952 erroribus.
