4146 6422
305 361 374 427 53
1330 369 1857 435 BIBLIOTHECA.
1892 374 2197 439 —CODD.
2238 377 2512 442 IV-XIII-
3350 420 3353 421 ν

305 473 415 528 ὑπὸ
446 472 544 527 τοῦ
571 473 787 546 Πατρδς
813 474 1147 546 πεποιῆσθαι
1165 475 1428 549 λέγων,τδ
1452 481 1509 535 δὲ
1530 482 1757 554 Πνεῦμα
1787 484 1894 537 ὑπὸ

2009 485 2193 542 Filium
2249 503 2278 542 a
2341 487 2503 544 Patre
2554 485 2795 555 factum,

2881 483 3145 556 Spiritum
3189 500 3221 543 a
3269 484 3407 542 Filio
3465 503 3483 542 :
3530 496 3588 544 et

304 570 401 625 τοῦ
433 570 589 636 Υίοῦ,
628 572 724 625 καὶ
761 571 970 643 διήκειν
993 573 1090 643 μὲν
1106 573 1224 663 Ι,τὸν
1251 575 1471 646 Πατέρα
1530 577 1620 632 διὰ
1673 579 1895 634 πάντων

2009 576 2215 633 Patrem
2246 579 2464 649 quidem
2519 593 2615 650 per
2669 577 2851 633 omnia
2903 593 3022 647 quas
3077 578 3345 634 exsistunt
3391 593 3583 649 perva-

306 664 415 717 τῶν
435 664 734 727 δντων,τὸν
747 665 803 719 δὲ
818 664 950 721 Υἱὸν
975 667 1138 739 μέχρι
1166 667 1274 721 τῶν
1291 667 1528 738 λογικῶν
1571 670 1748 741 μόνων
1808 672 1852 703 ³⁷
1878 713 1896 738 ,

306 754 370 807 τὸ
398 752 457 806 δὲ
478 752 907 826 Πνεῦμαμέχρι
953 753 1129 825 μόνων
1179 754 1289 808 τῶν
1327 757 1709 827 σεσωσμένων.
1734 756 1899 825 Λέγει

306 845 364 899 δὲ
387 847 483 900 καὶ
534 846 675 902 ἄλλα
727 846 1166 918 παραλογώτατα
1197 848 1294 902 καὶ
1340 848 1663 913 δυσσεϐείας
1692 848 1896 921 πλήρη.

315 938 795 1012 Μετεμψυχώσεις
818 958 877 994 τε
906 940 1016 1011 γὰρ
1042 941 1279 1014 ληρῳδεῖ
1301 982 1316 1007 ,
1350 942 1446 996 καὶ
1478 941 1755 1012 ἐμψύχους
1773 943 1903 1006 τοὺς

312 1031 591 1103 ἀστέρας,
639 1033 736 1087 καὶ
775 1033 940 1106 ’ἐτερα
966 1033 1179 1098 τούτοις
1204 1034 1586 1107 παραπλήσια.
1621 1034 1777 1087 Ἔστι
1802 1034 1845 1087 δ’
1875 1036 1904 1088 6

316 1121 417 1193 μὲν
458 1122 678 1193 πρῶτος
721 1122 872 1194 αύτῷ
921 1124 1443 1196 μεμυθολογημένος
1498 1124 1630 1195 περ).
1691 1124 1737 1156 ³⁸
1789 1125 1905 1178 Πα-

312 1215 443 1287 τρὺς
463 1218 561 1270 καὶ⁵
606 1216 705 1287 (ὡς
728 1218 932 1281 ἐκεῖνός
964 1218 1122 1289 φησι)
1160 1218 1293 1290 περὶ
1339 1217 1578 1291 Χριστοῦ
1635 1217 1733 1272 καὶ
1779 1218 1907 1289 περὶ

315 1308 472 1376 ἁγίου
510 1310 855 1381 Πνεύματος,
913 1310 994 1364 ἔτι
1059 1311 1155 1365 καὶ
1192 1310 1324 1382 περὶ
1359 1310 1595 1379 λογικῶν
1654 1310 1902 1381 φύσεωνο

312 1403 342 1456 6
365 1402 424 1457 δὲ
447 1400 707 1475 δεύτερος
768 1403 899 1475 περὶ
952 1403 1161 1473 κόσμου
1219 1403 1316 1459 καὶ
1366 1403 1477 1458 τῶν
1510 1404 1569 1459 ὲν
1598 1402 1750 1474 αὐτῷ
1785 1420 1909 1456 κτι-

319 1495 568 1564 σμάτων,
612 1496 707 1549 καὶ
749 1494 830 1549 ἔτι
864 1497 948 1551 ὅτι
1006 1490 1088 1561 εἷς
1140 1495 1275 1560 Θεὸς
1332 1496 1499 1568 νόμου
1557 1495 1654 1550 καὶ
1698 1511 1912 1566 προφη-

314 1586 465 1652 τῶν,
557 1588 655 1641 καὶ
696 1588 778 1641 ὅτι
807 1588 837 1641 6
883 1588 1046 1653 αὐτὸς
1105 1588 1353 1653 Παλαιᾶς
1404 1590 1498 1643 καὶ
1523 1590 1735 1660 Καινῆς
1784 1591 1912 1641 Δια-

314 1677 494 1750 θήκης
559 1678 716 1745 Θεὸς,
769 1681 865 1733 καὶ
927 1681 1055 1752 περὶ
1120 1681 1219 1752 τῆς
1292 1680 1386 1736 τοῦ
1443 1683 1696 1753 Σωτῆρος
1754 1682 1913 1734 ὲνανε-

315 1770 678 1842 θρωπήσεως,
732 1773 826 1827 καὶ
865 1774 949 1829 ὃτι
995 1774 1058 1829 τὸ
1090 1774 1225 1830 αὐτὸ
1263 1774 1493 1847 Πνεῦμα
1534 1776 1593 1829 ὲν
1634 1776 1843 1845 Μωῡσῇ
1868 1774 1911 1806 ³⁹

2000 668 2131 724 dere
2158 688 2171 725 :
2207 668 2404 724 Filium
2431 685 2562 725 vero
2589 669 2802 725 ratione
2832 668 3099 724 duntaxat
3127 669 3352 736 praedita
3385 687 3400 725 :
3452 669 3572 738 Spi-

2003 762 2165 816 ritum
2214 771 2394 817 autem
2453 776 2516 816 ea
2576 770 2783 815 tantum
2836 774 2957 831 quae
3016 760 3167 816 salva
3233 760 3377 815 facta
3440 769 3587 815 sunt.

2003 851 2195 907 Tradit
2216 862 2271 908 et
2295 853 2398 907 alia
2432 852 2657 907 nimium
2681 852 2939 919 absurda,
2962 849 3367 922 impietatisque
3387 848 3541 919 plena
3567 867 3583 904 :

2004 945 2315 999 animarum
2366 942 2455 1015 ha
2490 944 2845 1015 migrationes
2875 953 2930 1001 et
2959 943 3205 996 animata
3234 942 3441 1005 sidera,
3468 940 3591 1009 plu-

2006 1048 2175 1104 raque
2205 1034 2257 1089 id
2299 1049 2469 1104 genus
2505 1034 2610 1089 alia
2667 1043 2923 1104 nugatus.
2975 1032 3162 1089 Primo
3225 1032 3407 1102 itaque
3454 1031 3593 1084 libro

2010 1124 2255 1181 fabulose
2304 1126 2521 1182 disserit
2578 1126 2645 1180 de
2691 1125 2876 1187 Patre,
2927 1134 2981 1179 et
3040 1124 3130 1197 (ut
3168 1124 3285 1194 ipse
3322 1122 3589 1193 appellat)

2009 1219 2075 1274 de
2103 1218 2343 1284 Christo,
2374 1227 2430 1273 et
2457 1219 2522 1273 de
2548 1228 2739 1273 sancto
2769 1216 2975 1286 Spiritu
3013 1234 3029 1273 :
3065 1218 3292 1285 insuper
3320 1226 3374 1271 et
3407 1216 3472 1271 de
3499 1229 3591 1267 na-

2011 1310 2148 1366 turis
2203 1311 2410 1365 ratione
2454 1310 2717 1380 praeditis.
2772 1310 3026 1365 Secundo
3074 1324 3226 1375 vero,
3259 1309 3327 1362 de
3367 1307 3593 1373 mundo,

2010 1398 2283 1469 rebusque
2314 1399 2365 1453 in
2397 1413 2463 1453 eo
2494 1398 2730 1454 conditis
2758 1416 2771 1453 :
2802 1409 3063 1469 praeterea
3104 1412 3272 1453 unum
3312 1396 3590 1452 eumdem-

2011 1506 2119 1562 que
2142 1504 2263 1545 esse
2307 1489 2476 1545 Deum
2506 1490 2641 1559 legis
2696 1499 2752 1545 et
2783 1491 3172 1560 prophetarum
3201 1508 3217 1546 :
3247 1505 3412 1544 unum
3462 1488 3591 1541 item

2011 1597 2133 1639 esse
2160 1582 2370 1637 Veteris
2398 1589 2450 1636 et
2481 1578 2620 1637 Novi
2668 1580 3009 1647 Testamenti
3040 1582 3211 1637 Deum
3244 1598 3260 1637 :
3305 1581 3373 1636 de
3405 1579 3597 1634 Salva-

2015 1674 2149 1729 toris
2207 1673 2633 1730 incarnatione:
2690 1671 2941 1728 eumdem
2994 1672 3245 1744 spiritum
3282 1672 3335 1726 in
3388 1670 3595 1743 Moyse,

2016 1776 2071 1823 et
2097 1765 2217 1821 aliis
2259 1764 2560 1836 prophetis,
2596 1765 2911 1836 sanctisque
2956 1763 3222 1837 apostolis
3267 1763 3457 1818 fuisse.
3512 1763 3594 1818 Ad

312 1863 545 1928 καὶτοῖς
565 1864 748 1930 ἄλλοις
773 1866 1082 1938 προφήταις
1111 1866 1209 1921 καὶ
1228 1866 1407 1936 ἁγίοις
1450 1866 1793 1930 ἀποστόλοις·
1820 1864 1903 1918 ἔτι

2011 1861 2125 1913 haec
2158 1857 2223 1911 de
2250 1856 2456 1921 anima,
2486 1854 2553 1909 de
2581 1854 3011 1921 resurrectione,
3040 1855 3110 1910 de
3140 1867 3323 1925 ptena,
3353 1854 3420 1909 de
3452 1867 3595 1924 prae-

311 1955 443 2026 περὶ
467 1954 674 2026 ψυχῆς,
703 1958 832 2027 περὶ
858 1956 1230 2024 ἀναστάσεως,
1294 1956 1429 2029 περὶ
1450 1956 1748 2021 κολάσεως,
1774 1955 1905 2026 περὶ

312 2044 681 2114 ἐπαγγελιῶν.
733 2046 792 2102 '0
824 2047 881 2101 δὲ
916 2048 1100 2120 τρίτος
1141 2047 1274 2120 περὶ
1312 2047 1688 2115 αύτεξουσίου.
1722 2048 1846 2112 Πῶς
1877 2050 1906 2102 6

310 2138 560 2205 διάϐολος
603 2140 701 2194 καὶ
747 2142 803 2195 αἱ
862 2141 1240 2211 ἀντικείμεναι
1290 2142 1554 2212 δυνάμεις
1611 2141 1755 2197 κατὰ
1806 2140 1907 2204 τὰς

309 2232 541 2303 Γραφὰς
574 2232 965 2304 στρατεύονται
1002 2233 1081 2304 τῷ
1127 2234 1457 2306 ἀνθρωπίνῳ
1484 2234 1654 2303 γένει·
1700 2234 1783 2287 ὅτι
1815 2250 1907 2302 γε.

311 2327 475 2395 νητὸς
515 2328 544 2380 6
588 2327 794 2395 κόσμος
835 2327 932 2381 καὶ
969 2326 1212 2398 φθαρτὸς
1254 2327 1364 2381 ἀπὸ
1411 2326 1606 2398 χρόνου
1665 2326 1907 2397 ἀρξάμε-

310 2434 423 2481 νος.
467 2417 527 2470 Ὀ
552 2417 612 2470 δὲ
637 2418 895 2488 τέταρτος
916 2418 1046 2489 περὶ
1080 2418 1288 2485 τέλους,
1306 2419 1388 2473 ὅτι
1409 2416 1551 2471 θεῖαι
1583 2417 1640 2471 αἱ
1663 2415 1902 2488 Γραφαί.

310 2508 501 2573 Τέλος,
532 2510 682 2573 ὅπως
703 2512 786 2564 δεῖ
814 2509 1214 2580 ἀναγινώσκειν
1243 2511 1336 2564 καὶ
1363 2512 1504 2564 νοεῖν
1528 2509 1627 2573 τὰς
1656 2508 1901 2581 Γραφάς.

1052 2643 1132 2699 Θί.

574 2754 873 2810 Εὐσεϐίου
905 2756 1271 2825 Καισαρείας
1298 2755 1676 2811 ἐπισκόπου.

401 2866 740 2938 ’Δνεγνὼσθη
770 2867 1185 2938 Εὑαγγελικῆς
1202 2869 1722 2939 Προπαρασκευῆς
1745 2870 1909 2925 Εὐσε-

320 2958 441 3011 6ίου
463 2958 611 3027 λόγοι
632 2964 713 3024 ιε’,
734 2962 791 3013 ὲν
819 2954 901 3025 οἷς
929 2961 1007 3024 ὡς
1033 2960 1240 3014 ἐπίπαν
1270 2960 1367 3031 τὴν
1385 2960 1654 3030 Ἐλλήνων
1686 2977 1910 3031 ματαιο-

319 3052 513 3121 λογίαν
541 3053 893 3124 ὲλέγχει,καὶ
921 3053 997 3118 ὡς
1015 3054 1336 3127 ἀσύμφωνοι
1356 3054 1447 3126 [12
1468 3053 1557 3128 IL]
1588 3054 1742 3108 αὐτοὶ
1770 3054 1911 3125 πρὸς

323 3144 555 3209 ἑαυτοὺς
587 3145 919 3202 διετέλεσαν.
958 3146 1252 3218 Μέμνηται
1283 3146 1341 3199 δὲ
1379 3147 1437 3199 ἐν
1471 3146 1613 3218 ἀρχῇ
1640 3146 1735 3199 τοῦ
1777 3163 1908 3199 πεν-

2009 1950 2155 2005 miis.
2179 1947 2368 2005 Tertio
2392 1949 2459 2005 de
2491 1947 2703 2004 arbitrii
2744 1946 3000 2003 libertate
3028 1963 3045 2003 :
3078 1960 3183 2015 qua
3214 1944 3425 1999 ratione
3477 1943 3598 1998 dia-

2004 2040 2182 2105 bolos,
2200 2040 2595 2112 contrariaque
2640 2047 2957 2110 potestates,
2982 2037 3138 2107 juxta
3181 2035 3593 2106 Scripturarum

2007 2130 2335 2195 doctrinam,
2393 2146 2518 2186 cum
2569 2133 2807 2185 humano
2857 2142 3058 2199 genere
3097 2135 3337 2196 pugnent
3382 2140 3397 2178 :
3437 2138 3599 2177 mun-

2007 2222 2133 2277 dum
2156 2222 2286 2277 item
2313 2232 2494 2278 ortum
2530 2221 2756 2286 habere,
2783 2229 2839 2277 et
2889 2218 3233 2290 corruptioni
3297 2216 3594 2272 obnoxium

2007 2329 2150 2381 esse,
2181 2324 2242 2369 ut
2270 2314 2363 2385 qui
2410 2330 2440 2369 a
2470 2323 2714 2383 tempore
2746 2313 2963 2369 initium
3012 2311 3332 2381 sumpserit.
3392 2308 3599 2374 Quarto

2007 2410 2135 2464 item
2160 2407 2298 2463 libro
2326 2407 2394 2463 de
2424 2407 2529 2462 line
2557 2406 2749 2462 ultimo
2779 2424 2794 2462 :
2828 2405 3041 2461 divinas
3067 2418 3187 2459 esse
3233 2402 3546 2473 Scripturas
3578 2417 3595 2453 :

2009 2500 2077 2556 de
2097 2499 2309 2555 ratione
2334 2499 2566 2570 denique
2580 2498 2791 2571 legendi
2822 2506 2878 2553 et
2905 2495 3235 2566 intelligendi
3261 2493 3598 2564 Scripturas.

2754 2631 2851 2687 IX.

2014 2746 2228 2802 Eusebii
2266 2744 2608 2802 Cmariemis
2642 2744 2875 2816 episcopi
2906 2743 3059 2817 (17‘)
3095 2741 3293 2812 scripta
3335 2740 3604 2811 pleraque.

2080 2861 2229 2917 Lecti
2259 2869 2387 2917 sunt
2433 2859 2760 2930 Evangelij
2787 2857 3191 2929 prwparationis
3221 2854 3437 2910 Eusebii
3479 2851 3608 2907 libri

2010 2953 2364 3025 quindecim:
2401 2952 2599 3022 quibus
2649 2960 2708 3005 ut
2767 2950 3059 3021 plurimum
3110 2949 3326 3003 inanem
3364 2946 3607 3017 gentium

2012 3042 2314 3097 doctrinam
2380 3039 2613 3105 vellicat,
2694 3052 2966 3108 quamque
3027 3034 3230 3091 dissoni
3314 3033 3416 3104 ipsi
3468 3033 3610 3086 inter

2014 3146 2073 3186 se
2097 3139 2355 3202 perpetuo
2389 3127 2609 3185 fuerint.
2645 3127 2894 3182 Meminit
2932 3142 3063 3183 vero
3119 3124 3277 3180 initio
3304 3123 3426 3178 libri
3456 3122 3606 3177 deci-

323 3197 716 3293 τεκαιδέκάτου
741 3197 917 3309 λόγου-
937 3197 1113 3313 [ἐξὲῇ
1131 3197 1249 3294 ξε
1277 3197 1338 3293 έᾴ
1384 3197 1487 3310 ng;
1511 3197 1664 3294 ἷτὲἱεέ
1684 3197 1695 3199 ⁷
1712 3197 1906 3312 at...

2016 3226 2089 3279 mi
2129 3224 2326 3292 quinti,
2371 3232 2427 3279 et
2465 3222 2519 3277 in
2577 3221 2767 3278 eodem
2801 3229 3069 3285 extremo,
3125 3216 3351 3272 alterius
3401 3214 3606 3285 operis,

328 3331 742 3401 πραγματείας,
807 3333 879 3404 ἢν
910 3333 1335 3403 Εὐαγγελικὴν
1365 3332 1698 3396 Ἀπόδειξιν
1739 3333 1916 3397 ἐξονο-

331 3424 496 3493 μάζει
553 3423 604 3456 ⁸⁸
630 3464 646 3490 ,
698 3425 993 3481 ἀκόλουθον
1041 3426 1205 3481 οὖσαν
1254 3429 1323 3497 τῇ
1355 3425 1736 3496 Εὐαγγελικῇ
1767 3429 1918 3494 Προ-

2016 3320 2159 3388 quod
2203 3314 2574 3387 Evangelicam
2610 3313 3123 3369 Demonstrationem
3182 3306 3443 3372 nominat,
3490 3321 3612 3377 qua:

2017 3417 2138 3478 post
2163 3404 2537 3476 Evangelicam
2572 3401 3027 3472 Prwparationem
3050 3399 3432 3469 consequitur;
3464 3394 3611 3467 quod

330 3489 717 3587 παρασκευῇ,
777 3520 861 3575 ὅτι
890 3521 926 3591 ἡ
986 3519 1087 3591 μὲν
1132 3489 1354 3591 ἔλεγχός
1403 3489 1542 3573 ἐστι.
1573 3489 1763 3590 σχεδδν
1814 3489 1906 3592 τῆς

2022 3502 2136 3556 haec
2177 3499 2395 3569 quidem
2429 3496 2778 3567 reprehensio
2829 3494 2945 3549 fere
2981 3497 3052 3549 sit
3083 3492 3287 3547 erroris
3336 3489 3606 3562 gentium,

342 3584 617 3680 Ἐλλήνων
638 3584 871 3681 πλάνης,
987 3584 1044 3665 δὲ
1074 3584 1368 3682 βεϐαίωσις
1415 3609 1512 3665 τοῦ
1558 3584 1906 3684 κηρύγματος

2021 3593 2108 3648 illa
2143 3606 2273 3646 vero
2302 3588 2647 3645 conﬁrmatio
2676 3585 2934 3659 praeconii
2969 3584 3289 3656 evangelici.

331 3701 432 3756 τοῦ
469 3703 853 3772 εὐαγγελικοῦ.

1097 3796 1134 3848 ι,

415 3884 763 3958 Ἀνεγνὼσθη
789 3884 1053 3941 Εὑσεόίου
1071 3886 1106 3957 ἡ
1128 3886 1505 3957 Εὐαγγελικὴ
1522 3885 1853 3953 Ἀπόδειξις
1866 3887 1925 3941 ἐν

338 3979 564 4051 βιϐλίοις
592 3985 665 4036 κ’.

1093 4069 1199 4127 IA'.

427 4166 769 4238 ’Δνεγνὼσθη
795 4166 1057 4221 Εὐσεὸίου
1084 4160 1595 4232 Ἐκκλησιαστικὴ
1620 4165 1932 4232 Προπαρα-

338 4258 543 4327 σκευὴ
570 4262 629 4313 ἐν
661 4258 985 4330 βιϐλίοις...,
1022 4261 1083 4313 ὲν
1110 4251 1193 4322 οἷς
1218 4254 1463 4325 ὲκλογαί.

1098 4349 1202 4405 IB’.

426 4444 768 4517 ’Δνεγνὼσθη
787 4442 1050 4527 Εὐσεὸίου
1074 4435 1587 4509 Ἐκκλησιαστικὴ
1615 4435 1940 4504 Ἀπόδειξις

345 4541 406 4595 δν
435 4539 730 4611 βιϐλίοις...

1102 4629 1204 4683 II‘.

434 4726 740 4799 Ἀνεγνώθη
766 4724 1028 4781 Εύσεὸίου
1052 4720 1339 4790 Ἔλεγχον
1354 4716 1457 4771 καὶ
1473 4714 1823 4785 Ἀπολογίας
1860 4713 1941 4767 λό-

2097 3874 2246 3930 Lecti
2295 3883 2420 3928 sunt
2451 3871 2669 3928 Eusebii
2720 3780 3055 3940 Ευῖιιθείὶεω
3120 3864 3603 3923 Demonstrationis

2031 3965 2155 4022 libri
2183 3964 2371 4036 viginti
2406 3963 2543 4035 (18).

2776 4051 2873 4109 XI.

2105 4153 2256 4213 Lecti
2276 4158 2404 4209 sunt
2424 4160 2480 4207 et
2507 4148 2726 4206 Eusebii
2760 4147 2874 4222 (19)
2905 4143 3299 4202 Ecclesiastica:
3330 4143 3618 4213 Prcpara-

2037 4248 2195 4306 tionis
2222 4245 2465 4301 libri.....
2501 4241 2557 4298 in
2584 4240 2783 4313 quibus
2819 4247 3079 4310 excerpta
3106 4244 3254 4293 sunt.

2765 4333 2885 4390 ΧΠ.

2111 4431 2258 4486 Lecti
2291 4438 2416 4486 sunt
2440 4428 2568 4483 item
2606 4425 2822 4482 Eusebii
2866 4422 3260 4480 Ecclesiastica
3284 4422 3623 4477 Demonstra-

2044 4522 2204 4576 tionia
2239 4519 2479 4575 libri.....

1970 4564 2017 4620 D

2117 4703 2268 4763 Lecti
2315 4710 2442 4758 sunt
2496 4697 2717 4755 Eusebii
2770 4606 3184 4766 ἓὶῗξιιιαιὶοηὶε
3245 4702 3294 4748 et
3354 4692 3649 4762 Apologiw'

352 4837 441 4890 γοι
470 4784 586 4887 δύο,
621 4784 921 4890 καίετεροι
949 4815 1064 4879 δύο,
1086 4784 1285 4876 οἵτινες
1325 4810 1463 4882 πρὸς
1484 4810 1612 4872 τοὺς
1632 4784 1902 4878 προτέρου

2045 4797 2173 4852 libri
2200 4796 2327 4851 duo.
2360 4792 2535 4847 Alteri
2566 4791 2696 4845 item
2728 4788 2854 4853 duo,
2880 4787 3031 4857 quia
3083 4784 3358 4855 prioribus
3413 4786 3625 4839 duobus

354 4876 448 4965 δύο
471 4913 528 4966 ἒν
555 4876 670 4968 τισι
700 4876 886 4985 ρητοίς
908 4876 1388 4979 παραλλάσσοντες
1423 4902 1482 4955 ὲν
1510 4902 1624 4963 τοῖς
1652 4876 1837 4961 ἄλλοις
1867 4903 1906 4950 τί

2046 4907 2169 4947 cum
2208 4884 2602 4943 assertionibus
2627 4881 2954 4952 quibusdam
2986 4878 3264 4945 diﬂ‘erant,
3299 4878 3353 4932 in
3409 4876 3626 4933 caeteris

358 5021 419 5058 τε
437 5003 583 5070 λέξει
619 4968 715 5057 καί
740 4968 808 5071 τῇ
830 4968 1039 5070 διανοίᾳ
1069 4998 1118 5050 οἱ
1142 4992 1294 5048 αὐτοὶ
1324 4993 1485 5048 εἰσιν.
1516 4988 1745 5059 Είσάγει
1771 4988 1831 5042 δὲ
1855 4987 1906 5040 ὡκ

2044 4981 2253 5040 dicendi
2293 4990 2512 5050 genere,
2536 4990 2601 5029 ac
2638 4987 2803 5028 sensu
2859 4970 3021 5026 iidem
3067 4980 3214 5026 sunt.
3257 4968 3429 5024 Allert
3478 4982 3631 5031 vero,

482 5056 595 5149 1‘5»!
637 5056 904 5164 Ἑλλήνων
916 5056 1071 5154 τινας
1095 5087 1333 5159 ἀπορίας
1352 5084 1492 5139 κατὰ
1510 5083 1611 5154 τῆς
1635 5056 1906 5153 ὰνμωμήτο

2048 5084 2108 5129 ut
2134 5070 2201 5126 ab
2228 5067 2462 5126 ethnicis
2503 5063 2766 5135 profecta,
2794 5070 3115 5132 argumenta
3142 5060 3386 5129 quaedam
3421 5056 3617 5111 adver-

364 5187 659 5260 θρησκείας
692 5152 872 5256 ἡμων,
916 5182 1015 5238 καὶ
1053 5152 1257 5244 ταύτας
1306 5176 1490 5239 καλῶς
1514 5214 1531 5240 ,
1566 5152 1623 5228 εἰ
1651 5174 1749 5228 καὶ
1776 5152 1851 5245 μὴ
1890 5175 1906 5226 ἐ

2051 5182 2146 5221 sus
2170 5164 2435 5219 sinceram
2475 5168 2723 5214 nostram.
2742 5156 3095 5224 religionem;
3126 5152 3429 5221 eademque
3460 5157 3630 5215 recte,

2067 5254 2126 5260 -.
2190 5254 2218 5260 ..
2799 5246 2809 5255 .
3209 5240 3398 5260 ,ιι-η,
3454 5251 3630 5260 μη,

366 5240 535 5334 έὲεᾶινί
568 5318 585 5345 ,
638 5240 926 5332 ἐπιλύεται
987 5272 1057 5328 ⁸⁸.
1114 5240 1327 5341 Τὴνγδὲ
1375 5268 1577 5340 φράσιν
1629 5264 1734 5318 οὐκ
1777 5240 1906 5315 *ἔστι

2052 5254 2139 5327 ω)
2190 5254 2313 5307 licet
2361 5265 2468 5306 non
2523 5262 2620 5320 per
2665 5246 2869 5310 omnia,
2931 5241 3149 5299 refellit.
3207 5240 3402 5294 Phrasi
3453 5251 3634 5307 neque

1646 5401 1887 5459 VARUS
1928 5393 2337 5457 LECTIONES.

439 5513 485 5548 ³⁷
514 5513 675 5584 μόνον
711 5525 771 5574 ς.
862 5510 908 5545 ³⁸
929 5504 1081 5579 αύτῷ
1112 5503 1579 5577 μυθολογούμενος
1612 5500 1926 5571 λόγοςπερὶ
1962 5514 2023 5561 ς.
2111 5493 2156 5524 ³⁹
2193 5486 2366 5561 μωσεῖ
2388 5503 2448 5551 ς·
2539 5481 2587 5513 “
2619 5477 2875 5550 ὀνομάζει
2905 5494 2968 5543 ςο

1931 5584 2162 5643 ΝΟΤιΕ.

446 5699 588 5771 (ιτ)
622 5695 786 5752 Plura
827 5696 1141 5771 “enumerat
1188 5687 1254 5743 Β.
1303 5684 1526 5771 Iliorum
1574 5685 1630 5741 in
1685 5682 1949 5754 Catalogo

380 5756 802 5848 uineae.“
818 5764 918 5848 ,ίιιο
939 5762 1301 5848 δονμτιιητές
1332 5756 1487 5848 ξιξῖφς

455 5828 569 5913 ζιὸὶ
602 5828 777 5896 llodie
799 5834 992 5893 decem
1016 5828 1293 5889 duntaxat
1333 5828 1604 5899 leguntur.

3067 5473 3113 5505 “
3134 5470 3435 5527 ἀπολύεται
3463 5488 3525 5537 ς.

2131 5673 2243 5749 (ιθ)
2277 5669 2712 5749 υιτυηιίιιιε;ιιοε
2760 5678 2902 5749 ριιειε
2960 5658 3636 5749 Efeleeieei-sEffer}-

2060 5727 2552 5803 ac‘lJemonstra't.
2584 5727 2880 5800 intercidit,
2915 5747 3090 5803 neque
3130 5730 3381 5789 meminit
3408 5728 3475 5783 Β.
3506 5727 3649 5784 Hie-

2055 5834 2173 5875 ῐθιι.
