4146 6420
398 333 468 398 57
1487 363 2013 436 BlBLIOTHECA.
2033 403 2103 414 --
2128 380 2341 443 CODD.
2372 384 2699 451 XIV-XXI.
3586 386 3663 469 58‘

1158 470 1260 564 ἠπ
2008 498 2058 553 Α
2773 504 2960 564 xvut.

645 555 982 621 Πρακτικὸν
1015 559 1121 627 τῆς
1146 563 1420 634 πέμπτης
1444 574 1736 631 συνόδου.

471 639 528 711 [6
559 640 651 717 Η.]
694 645 1033 721 Ἀνεγνώσθη
1076 657 1379 723 Πρακτικὰ
1399 661 1509 731 τῆς
1525 666 1802 736 πέμπτης
1821 685 1975 725 συν-

404 734 569 835 ὁδου,
600 740 659 835 εν
684 736 766 803 οἷς
794 739 863 794 τὰ
892 741 1157 814 λεγόμενα
1172 750 1300 820 τρία
1320 754 1585 822 κεφάλαια
1607 734 1972 835 ἐτραέιέαΐσθη

401 826 471 880 τὰ
500 831 629 899 περὶ
671 833 998 904 Ὠριγένους,
1036 841 1127 891 καὶ
1168 843 1570 919 ἁνεθεματὶσθη
1610 826 1768 916 αὑ-τὸς
1795 857 1886 908 καὶ
1905 826 1975 911 τά

406 921 816 1012 ξυγγράμματα
864 928 1028 981 αὐτοῦ
1063 931 1130 983 τὰ
1164 934 1293 1004 περὶ
1325 938 1589 1007 Διοδώρου
1636 943 1677 993 Τ
1680 945 1848 1012 αρσοῧ
1880 947 1975 998 καὶ

402 1005 677 1079 Θεοδώρου
703 1015 795 1066 τοῦ
817 1016 1211 1087 Μοψουεστίας,
1242 1028 1336 1079 καὶ
1368 1005 1520 1081 αὐτοὶ
1552 1005 1752 1100 ὁμοίως
1781 1036 1971 1089 ἀνεθε-

405 1102 766 1173 ματέσθησαν.
810 1108 1232 1184 Ἀνεθεματίσθη
1277 1117 1457 1171 δὲκαὶ
1508 1121 1855 1193 Θεοδωρήτου
1905 1127 1975 1179 τὰ

401 1193 541 1244 κατὰ
576 1195 671 1285 τοῦ
720 1198 989 1266 Κνρίλλου
1038 1206 1319 1273 γραφέντα
1363 1212 1633 1276 κεψάλαια
1679 1215 1770 1284 ιβ’.
1815 1217 1972 1285 Ἐγέ-

400 1300 552 1335 νοντο
586 1284 631 1316 ⁸⁸
664 1286 719 1338 δὲ
769 1290 863 1341 καὶ
893 1292 997 1363 πρὸ
1049 1296 1255 1368 ταύτης
1295 1301 1521 1370 πράξεις
1569 1306 1711 1369 τινὲς
1758 1309 1886 1377 περί
1913 1327 1973 1362 τε

400 1375 587 1441 Ζωόρα
615 1380 711 1431 καὶ
755 1380 1004 1452 Ἀνθίμου
1030 1387 1123 1439 τοῦ
1165 1390 1229 1441 ἐκ
1263 1392 1675 1461 Τραπεζοῦντος
1696 1398 1787 1451 τὸν
1814 1375 1969 1453 Κων-

401 1472 896 1539 σταντινουπόλιως
931 1475 1119 1546 θρόνον
1162 1481 1483 1549 ὑπελθόντκ
1508 1486 1576 1551 δ’,
1607 1489 1763 1542 ἄλλαι
1802 1492 1862 1544 τὲ
1891 1509 1974 1544 τι·

399 1578 510 1626 νες,
541 1563 598 1615 αἳ
625 1565 795 1636 ταύτῃ
826 1572 1287 1642 συμπεριεχονται
1320 1578 1389 1631 ⁸⁸.

1129 1666 1229 1719 ΙΘ¹.

681 1757 1017 1824 Πρακτικον
1044 1757 1152 1827 τῆς
1187 1760 1368 1827 ἕκτης
1398 1763 1687 1820 συνόδου.

480 1844 820 1916 Ἀνεγνώσθη
860 1853 1162 1919 Πρακτικὰ
1204 1853 1311 1921 τῆς
1355 1856 1537 1925 ἕκτης
1591 1859 1879 1926 συνόδου,
1912 1862 1973 1916 ὲν

396 1936 755 2004 πράξεσιν...,
778 1943 836 1994 ἐν
855 1938 942 2004 αἷς
964 1944 1209 2015 Σέργιος,
1230 1947 1433 2019 Κῦρος,
1455 1949 1666 2020 Πύρῤος
1684 1953 1973 2007 Κωνσταν-

393 2032 756 2098 τικουπόλεως
808 2037 1345 2111 ἀνεθεματίσθησαν,
1408 2038 1660 2112 μεθ’“ὦν
1717 2045 1972 2117 Ὀνώριος

409 2120 649 2192 Ῥώμης.
682 2127 1037 2197 Πολυχρόνιος
1068 2131 1165 2185 καὶ
1200 2132 1377 2204 ἕτεροι
1428 2135 1525 2188 σὺν
1554 2136 1759 2200 αὐτοῖς,
1794 2138 1852 2191 ἓν
1880 2137 1971 2190 θέ-

393 2210 544 2284 λημα
576 2218 671 2270 καὶ
700 2219 830 2288 μίαν
854 2221 1133 2290 ἐνέργειαν
1160 2224 1255 2277 ἐπὶ
1289 2226 1527 2296 Χριστοῦ
1563 2229 1738 2281 εἰπεῖν
1767 2229 1973 2301 τολμή-

392 2324 605 2371 σαντες.
638 2310 711 2363 Τὸ
740 2312 796 2364 δὲ
822 2313 921 2381 τῆς
949 2314 1207 2386 ἀληθείας
1234 2317 1413 2388 δόγμα
1442 2320 1800 2377 ἐϐεϐαίωσαν.

1119 2410 1204 2464 Κ’.

640 2497 972 2560 Πρακτικύν
1002 2497 1113 2568 τῆς
1144 2501 1401 2571 ἑϐδόμης
1427 2507 1718 2564 συνόδου.

475 2580 811 2656 Ἀνεγνώσθη
838 2590 1139 2655 Πρακτικὰ
1166 2594 1275 2660 τῆς
1299 2594 1556 2664 ἑϐδόμης
1592 2598 1880 2665 συνόδου,
1909 2604 1969 2656 ὲν

389 2673 654 2741 πράξεσιν
687 2716 772 2743 ...,
808 2680 867 2731 ὲν
899 2677 987 2743 αἷς
1024 2682 1059 2751 ἦ
1093 2700 1152 2736 τε
1198 2684 1307 2738 τῶν
1333 2687 1721 2760 Εἰκονομάχων
1752 2692 1967 2763 αἵρεσις

387 2766 762 2840 ὲθριαμδεύθη
790 2772 885 2825 καὶ
912 2774 1020 2827 τῶν
1052 2776 1348 2845 ὀρθοδόξων
1372 2778 1669 2851 διέλαμψεν
1697 2784 1730 2854 ἡ
1761 2784 1964 2849 πίστις.

1092 2869 1225 2922 KA'.

402 2951 685 3008 Ἰωάννου
716 2958 1054 3012 Φιλοπόνου
1082 2963 1114 3013 ό
1139 2961 1279 3029 Περὶ
1313 2962 1723 3035 Ἀναστάσεως
1752 2970 1956 3039 λόγος.

450 3043 788 3117 Ἀνεγνώσθη
805 3048 1045 3104 Ἰωάννου
1061 3052 1351 3109 Φιλοπόνου
1363 3056 1391 3109 ὁ
1407 3057 1541 3125 Περὶ
1554 3058 1605 3112 Ἀ
1612 3061 1965 3129 ναστάσεως

386 3134 545 3202 λόγος
578 3138 637 3189 ἑν
663 3138 851 3208 τόμοις
878 3180 964 3205 ...,
994 3144 1052 3195 ἐν
1072 3140 1154 3207 οῖς
1173 3146 1273 3215 τὴν
1297 3147 1407 3201 τῶν
1432 3152 1698 3219 σωμάτιον
1724 3155 1963 3209 ἀνάστα-

388 3242 473 3277 σιν
503 3226 719 3299 ἀναιρεῖ
748 3232 918 3285 πολλά
946 3250 1005 3286 τε
1036 3235 1455 3307 ἀπερισκέπτως
1480 3239 1652 3307 λέγει,
1684 3245 1961 3314 ἐπιχλευά-

386 3317 499 3383 ζων
523 3323 618 3375 καὶ
648 3324 775 3385 τοὺς
813 3326 1117 3398 μακαρίους
1155 3330 1251 3383 καὶ
1288 3330 1474 3398 ἁγίους
1500 3333 1751 3405 Πατέρας
1776 3338 1953 3405 ἡμῶν.

2105 646 2109 650 ,
2575 594 2659 666 5a
2683 595 2929 669 Synodus
2951 602 3159 671 quinta.

2148 680 2327 737 Lectzc
2355 700 2572 757 quoque
2600 691 2833 746 actiones
2855 695 3055 763 quinta:
3073 695 3284 764 synodi,
3315 697 3514 766 quibus
3538 705 3651 752 tra-

2077 782 2281 828 ctatum
2317 776 2390 830 De
2413 779 2604 846 tribus,
2633 792 2689 835 ut
2721 793 2934 847 vocant,
2963 788 3210 852 capitulis
3237 788 3349 858 (‘25)
3386 808 3400 843 :
3433 791 3499 843 de
3529 790 3652 844 Ori-

2077 879 2233 931 gene,
2271 867 2361 934 qui
2391 882 2513 922 cum
2543 872 2764 937 scriptis
2788 875 2899 927 suis
2935 879 3284 933 anathemate
3315 880 3605 933 damnatus
3632 896 3646 933 :

2076 957 2141 1010 de
2176 959 2406 1015 Diodoro
2440 964 2717 1029 Tarsensi,
2744 976 2798 1020 et
2832 968 3119 1024 Theodoro
3150 971 3514 1041 Mopsuestizp.
3553 972 3648 1040 qui

2074 1059 2130 1103 et
2158 1050 2255 1118 ipsi
2283 1054 2533 1109 similiter
2556 1061 3413 1119 excommunicati.Anathemate
3436 1081 3652 1135 quoque

2076 1143 2347 1209 damnata,
2385 1162 2505 1215 quae
2547 1149 2917 1207 Theodoretus
2956 1155 3219 1211 adversus
3258 1156 3522 1226 Cyrillum
3554 1172 3650 1212 ca-

2075 1238 2182 1305 pita
2218 1240 2438 1304 scripsit
2460 1242 2758 1298 duodecim.
2792 1246 2952 1301 Gesta
2982 1257 3107 1301 sunt
3139 1259 3265 1304 ante
3305 1252 3444 1304 hanc
3501 1266 3651 1319 qua:-

2075 1330 2197 1381 dam
2233 1329 2300 1384 de
2329 1328 2870 1391 Zoora,etAnthimo
2892 1337 3005 1404 illo,
3035 1341 3124 1407 qui
3155 1354 3221 1393 ex
3245 1338 3647 1409 Trapezuntina

2074 1420 2721 1493 ConstantinOpolitanam
2758 1430 2940 1484 sedem
2977 1431 3174 1485 invasit
3208 1450 3223 1486 :
3257 1433 3472 1501 aliaque
3514 1448 3651 1501 pran-

2077 1517 2221 1564 terea
2248 1550 2263 1575 ,
2295 1527 2415 1581 quae
2455 1515 2553 1570 hac
2588 1515 2701 1584 ipsa
2737 1520 2944 1589 synodo
2976 1524 3534 1592 comprehenduntur.

2780 1693 2923 1751 XIX.

2639 1784 2881 1855 Synodns
2908 1799 3055 1840 sexta

2143 1873 2303 1928 Lecta
2334 1884 2461 1928 sunt
2493 1884 2609 1929 acta
2652 1887 2813 1930 sextio
2861 1879 3070 1946 synodi,
3102 1879 3405 1934 actionibus
3439 1880 3551 1951 (26)
3577 1919 3593 1934 .
3628 1921 3641 1938 .

2072 1966 2270 2036 quibus
2303 1965 2544 2034 Sergius,
2573 1968 2765 2039 Cyrus,
2802 1969 3043 2039 Pyrrhus
3089 1973 3649 2037 Constantinopolita-

2074 2074 2175 2113 uus
2203 2060 2473 2124 damnati;
2524 2059 2795 2116 Honorius
2835 2063 2946 2133 (‘27)
2994 2077 3175 2119 autem
3220 2067 3513 2130 Romanus,
3542 2065 3647 2120 Ρο⁴

2072 2151 2405 2221 lychronius,
2466 2153 2665 2222 aliique
2708 2170 2830 2208 cum
2877 2156 3018 2219 illis,
3073 2173 3233 2211 unam
3276 2158 3644 2221 voluntatem,

2071 2256 2346 2306 unamque
2390 2246 2762 2311 Operationem
2820 2246 2871 2298 in
2909 2246 3125 2300 Christo
3164 2261 3409 2302 asserere
3456 2247 3571 2301 ausi
3627 2265 3644 2301 :

2069 2330 2317 2383 veritatis
2345 2345 2475 2385 vero
2500 2332 2694 2403 dogma
2734 2335 3117 2388 conﬁrmatum
3149 2336 3285 2404 (28).

2786 2424 2907 2482 XX.

2583 2514 2832 2585 Synodus
2873 2519 3112 2585 septima.

2139 2604 2300 2658 Lecta
2346 2615 2472 2660 sunt
2509 2617 2653 2675 gesta
2687 2610 2923 2675 septima:
2961 2614 3170 2679 synodi,
3205 2608 3642 2679 actioninns(29)

2070 2734 2087 2750 .
2116 2736 2130 2751 .
2162 2698 2397 2764 .quibus
2444 2699 2510 2752 de
2560 2699 3039 2755 lcouomachorum
3089 2704 3285 2756 haeresi
3338 2705 3643 2772 triumphus

2068 2790 2282 2852 ductus,
2316 2799 2371 2845 et
2412 2792 2839 2846 orthodoxorum
2873 2793 3006 2849 fides
3031 2796 3310 2851 inclaruit.

2774 2882 2911 2938 XXI.

2260 2971 2488 3027 Joannes
2524 2972 2849 3040 Philoponus
2903 2976 2975 3030 De
3024 2977 3443 3033 Resurrectione.

2138 3062 2334 3119 Lectus
2376 3063 2602 3119 Joannis
2655 3066 2935 3136 Philoponi
2975 3068 3051 3122 De
3068 3068 3465 3124 Resurreclione
3507 3070 3645 3123 liber

1989 3186 2033 3243 ο
2070 3158 2259 3212 tomis.
2280 3195 2297 3213 .
2328 3157 2441 3228 (50)
2465 3159 2659 3226 quibus
2689 3175 2975 3226 corporum
3009 3164 3466 3216 resurrectionem
3506 3161 3640 3227 reji—

2067 3249 2161 3311 cit.
2187 3259 2240 3303 et
2273 3251 2846 3307 multainconsiderate
2867 3252 3055 3321 jactat,
3088 3252 3188 3308 SS.
3223 3257 3385 3310 etiam
3416 3254 3639 3309 Patrum
3732 3256 3735 3259 ’

2063 3343 2443 3397 auctoritatem
2487 3343 2593 3399 risu
2621 3343 2877 3399 insectari
2903 3360 3089 3403 ausus.

1670 3556 1673 3557 ν
1696 3499 1781 3557 VA
1790 3502 1929 3557 RLE
1969 3505 2373 3566 LECTIONES.

498 3607 546 3639 ⁸⁸
583 3608 823 3674 ἐγίνοντο
862 3630 920 3677 ς.
1034 3612 1079 3647 δ’
1109 3614 1428 3681 ἐπελθόντος
1468 3635 1529 3683 ς.

1642 3618 1690 3649 ⁸ο
1724 3618 2069 3690 περιέχονται
2105 3640 2166 3688 ς.

1889 3756 2126 3814 ΝΟΤΑΕ.

464 3890 575 3960 (25)
605 3894 679 3945 De.
702 3891 895 3960 quibus
916 3891 1171 3952 legendus
1192 3895 1554 3950 card.Baron.
1578 3905 1617 3952 t.
1648 3896 1733 3951 Vll
1754 3898 1950 3952 Annal.

461 3963 574 4028 (26)
609 3963 725 4016 Act.
751 3962 840 4027 18,
874 3970 932 4015 ut
954 3961 1016 4015 D.
1046 3961 1222 4019 Baron
1257 3974 1298 4019 t.
1327 3964 1458 4030 Vlll,
1492 3968 1561 4021 ad
1596 3983 1797 4023 annum
1816 3967 1949 4024 Chr.

387 4030 495 4086 680
514 4044 565 4084 et
594 4034 720 4086 681.

464 4034 565 4084 Oet
594 4034 720 4087 681.

462 4103 574 4172 (27)
608 4102 879 4160 Honorius
894 4111 1068 4158 autem
1089 4100 1378 4158 Romanus.
1398 4104 1712 4161 Antidotum
1734 4108 1858 4164 huic
1877 4125 1959 4163 ca-

391 4172 606 4227 lumniae
652 4189 857 4229 veneno
902 4175 1285 4228 adhibendum.
1307 4174 1493 4244 Neque
1520 4178 1661 4230 enim
1688 4176 1957 4235 Honorius

390 4244 655 4313 pontifex,
704 4260 732 4296 a
784 4245 864 4299 sui
898 4244 1079 4313 saeculi
1121 4245 1478 4310 scriptoribus
1516 4246 1785 4313 laudatus,
1829 4264 1952 4304 eum

390 4312 758 4367 Mouothelitls
773 4317 836 4369 de
856 4330 957 4367 una
979 4314 1032 4365 in
1056 4311 1277 4366 Christo
1299 4315 1577 4370 voluntate
1600 4311 1787 4379 sensit,
1814 4328 1872 4370 ut
1890 4321 1949 4376 S.

389 4382 659 4455 Maximus
683 4396 987 4455 martyr,“
1005 4397 1099 4436 ore
1121 4382 1414 4455 etiamnum
1432 4388 1738 4453 superstitis
1759 4391 1953 4446 scriba:

388 4454 689 4527 pontiﬁcii,
709 4455 759 4508 in
792 4452 1009 4527 D'ialogo
1037 4468 1157 4527 cum
1179 4452 1384 4527 Pyrrho
1406 4452 1664 4510 testatum
1692 4460 1947 4527 reliquit:

2062 3900 2415 3972 Anastasium
2441 3901 2947 3957 Bibliotliecarium.
2981 3902 3045 3956 Et
3068 3903 3246 3972 quivis
3283 3903 3528 3958 actiones
3560 3903 3643 3956 le-

2064 3986 2195 4039 gens
2236 3971 2393 4025 facile
2424 3972 2812 4038 deprehendat,
2867 3988 2989 4027 cum
3042 3971 3179 4027 alias
3225 3988 3367 4040 saepe
3421 3974 3644 4028 interlo-

2064 4050 2246 4113 cutum
2289 4042 2379 4100 sit.
2430 4042 2515 4096 hic
2553 4058 2619 4113 re
2640 4053 2746 4094 tam
2797 4044 2946 4113 gravi
2984 4060 3089 4113 non
3134 4058 3391 4113 excussa,
3432 4046 3637 4111 legatos

2063 4110 2267 4163 nullum
2312 4126 2410 4180 pro
2442 4111 2695 4176 pontifice
2724 4110 2947 4166 verbum
2984 4111 3199 4167 fecisse.
3257 4112 3370 4167 lmo
3399 4123 3453 4167 et
3487 4110 3634 4179 Aga-

2064 4180 2244 4233 thonis
2284 4181 2565 4249 epistolam
2603 4181 2841 4249 synodus
2886 4185 3187 4249 probando.
3231 4193 3285 4237 et
3330 4183 3635 4236 Honorium

2060 4251 2387 4311 damnando,
2446 4266 2631 4305 secum
2670 4251 2799 4321 ipsa
2827 4250 3072 4317 profecto
3109 4255 3303 4307 stolide
3346 4255 3505 4307 nimis
3546 4269 3638 4321 pu-

2058 4330 2271 4387 gnaret.
2304 4322 2477 4389 Atque
2513 4322 2594 4374 his
2627 4320 2752 4373 nixa
2782 4320 3147 4376 fundamentis
3179 4324 3382 4387 fabula,
3421 4323 3488 4376 ad
3518 4320 3653 4374 hic;

2059 4392 2258 4461 reticos
2284 4405 2453 4458 usque
2476 4405 2541 4461 eo
2567 4391 2826 4455 manavit,
2871 4402 2928 4445 ut
2950 4402 3005 4445 et
3035 4393 3336 4447 catholicos
3365 4395 3629 4461 quosdam

2056 4459 2108 4512 in
2144 4461 2385 4512 fraudem
2426 4460 2717 4513 induxerit.

387 4517 483 4575 sed
529 4524 729 4599 invidia
751 4517 1000 4599 ,quadaip
1045 4517 1258 4599 adducti
1306 4523 1477 4599 Graeci
1515 4527 1653 4594 quod
1686 4517 1824 4582 suos'
1851 4545 1949 4597 pa.
1981 4517 2029 4576 υ
2125 4529 2280 4582 Plura
2307 4540 2379 4593 te,
2413 4529 2602 4593 lector,
2634 4531 2811 4594 legere
2832 4532 3070 4599 cupiam,
3105 4534 3370 4587 consultis
3392 4530 3634 4598 ampliss.

389 4594 660 4647 triarchas
681 4595 943 4662 plurimos
972 4594 1073 4646 hac
1109 4593 1163 4646 in
1193 4595 1401 4663 synodo
1456 4593 1702 4650 errorum
1766 4593 1955 4652 convi-

387 4672 508 4739 ctos
538 4664 764 4718 moleste
787 4664 1013 4739 ferrent,
1034 4665 1171 4716 hanc
1196 4674 1378 4739 notam
1413 4663 1672 4739 Romana:
1697 4670 1810 4723 sedi
1841 4670 1956 4739 (cu-

384 4734 479 4797 jus
517 4749 789 4809 nunqnam
848 4735 999 4799 ﬁdes,
1051 4734 1398 4809 promittente
1435 4735 1687 4809 Christo,
1734 4734 1953 4809 defecit)

391 4817 490 4870 per
518 4803 671 4877 nefas
698 4804 915 4877 inurere
954 4813 1259 4877 tentarunt.
1299 4804 1633 4877 lgitttr_quod
1674 4810 1728 4861 in
1762 4803 1954 4877 pleris-l

392 4887 505 4944 que
526 4874 646 4925 aliis
674 4874 922 4944 solemne
954 4874 1019 4928 iis
1055 4874 1176 4934 fuit,
1208 4887 1271 4944 a_c
1299 4873 1590 4930 manifesto
1635 4873 1832 4944 saepius
1859 4882 1955 4935 de-

391 4943 745 5020 prehensum,
772 4942 961 5020 l‘raude
989 4959 1053 4997 ac
1084 4944 1187 5020 title
1221 4942 1407 4997 Graaca
1439 4946 1605 5020 etiam
1633 4942 1774 5020 hanc
1792 4963 1956 5020 syno-

388 5011 543 5085 dum,
578 5014 846 5085 addendo,
877 5016 1135 5085 curtandro
1171 5023 1225 5067 et
1279 5016 1533 5067 mutando
1580 5011 1950 5085 inquinarunt.

389 5081 562 5157 cujus
600 5083 677 5157 rei
702 5084 943 5157 idoneos
989 5084 1207 5157 laudare
1246 5094 1413 5157 testes
1453 5081 1758 5157 possumus,
1793 5098 1954 5157 atque

390 5152 530 5203 adeo
577 5151 834 5223 plurimos
874 5155 1019 5208 omni
1082 5154 1399 5222 exceptione
1442 5152 1696 5223 majores.
1734 5157 1811 5210 Eu
1857 5151 1952 5216 tibi

391 5237 557 5293 unum
584 5222 653 5274 de
686 5224 868 5275 multis
908 5223 1235 5291 exemplum.
1270 5222 1606 5288 Theodorus,
1645 5230 1951 5293 patriarcha

388 5289 523 5364 C_P.,
573 5297 773 5345 erroris
824 5294 879 5347 in
929 5298 1029 5348 hac
1054 5289 1169 5361 ipsa
1212 5298 1417 5363 synodo
1455 5289 1951 5364 convictus,etab-

389 5362 577 5437 dicare
611 5376 850 5426 coactus,
899 5381 1005 5419 uua
1038 5380 1158 5416 cum
1202 5362 1435 5437 Macario
1466 5362 1807 5424 Antiocheno
1857 5387 1949 5437 pa-

389 5430 659 5497 triarcha,
698 5450 817 5486 cum
863 5438 1095 5503 primum
1135 5444 1256 5500 post
1300 5433 1547 5506 Gregorii
1596 5440 1699 5492 sibi
1742 5430 1950 5495 sullécti

388 5511 651 5578 mortem,
704 5505 847 5578 edita
898 5506 1018 5558 ﬁdei
1073 5505 1318 5578 legitima
1363 5505 1720 5575 professione,
1763 5513 1952 5578 postli-

389 5572 885 5644 rninio‘restitutus
923 5586 1023 5637 est,
1073 5572 1171 5629 suo
1205 5572 1416 5631 sublato
1460 5572 1951 5644 nomine,ll'unorii

390 5641 551 5693 Pont.
584 5641 673 5707 IL,
694 5644 761 5697 ab
782 5647 925 5698 omni
951 5646 1138 5716 haeresi
1163 5646 1342 5709 alieni,
1370 5664 1585 5712 nomen,
1614 5641 1773 5716 parva
1810 5650 1951 5706 litte-

392 5727 578 5790 rarum
612 5716 919 5790 mutatione
936 5714 1185 5790 subjecit,
1217 5716 1475 5790 pluraque
1498 5714 1728 5790 llarpyis
1758 5725 1952 5789 ungui-

393 5784 497 5836 bus
563 5786 968 5840 contaminavit.
1019 5786 1146 5857 Ejus
1212 5788 1289 5842 rei
1348 5784 1951 5849 auctorcui'habeuius

2057 4600 2331 4652 cardinale
2384 4599 2618 4654 Roherto
2672 4600 3018 4663 Bellarmino,
3083 4612 3118 4655 t.
3190 4601 3499 4656 lControv.
3547 4599 3634 4663 Ill,

2058 4670 2149 4739 lib.
2187 4685 2259 4729 tv,
2294 4685 2418 4739 cap.
2453 4670 2541 4736 Η,
2577 4682 2631 4723 et
2653 4672 2867 4723 Caasare
2898 4671 3128 4725 Baronio
3157 4680 3287 4726 tom.
3319 4669 3435 4724 Vill
3457 4670 3638 4723 Anna-

2058 4738 2188 4791 lium
2218 4738 2417 4793 Eccles.
2454 4744 2518 4793 ad
2570 4755 2741 4793 annos
2780 4740 2982 4793 Christi
3021 4741 3127 4794 680
3155 4754 3208 4795 et
3235 4740 3332 4795 681
3368 4757 3382 4803 ;
3414 4750 3468 4793 et
3507 4740 3635 4793 Sta-

2057 4809 2229 4862 nislao
2262 4810 2445 4876 llosio,
2477 4810 2571 4864 lib.
2605 4826 2661 4863 lll
2692 4809 2888 4863 Contra
2917 4809 3218 4865 Brentium.
3260 4812 3413 4864 Mitto
3437 4809 3633 4864 Franc.

2057 4877 2403 4952 Iunianum,
2448 4881 2559 4952 lib._
2586 4883 2651 4932 de
2695 4894 2878 4952 v1,‘vn
2905 4892 2959 4935 et
2994 4897 3087 4936 VIII
3119 4883 3310 4952 synod.
3355 4881 3636 4952 Albiertutn

2056 4948 2263 5017 Pigium
2298 4950 2391 5004 lib.
2429 4965 2477 5004 tv
2512 4948 2864 5019 Hieran/tite,
2900 4965 3021 5019 cap.
3055 4952 3114 5015 8,
3140 4948 3375 5005 étJoan.
3422 4950 3633 5019 “esseI.

2058 5019 2261 5092 li‘h.’l)e
2303 5019 2569 5092 cathedra:
2605 5017 3057 5092 Petriﬁrmitute,
3104 5038 3226 5092 cap.
3263 5022 3352 5086 Η,
3382 5030 3439 5075 et
3483 5018 3638 5075 Onu-

2056 5090 2271 5157 phrium
2301 5089 2618 5143 l’anviuium
2665 5091 2730 5142 ad
2764 5088 3060 5145 Honorium
3096 5088 3344 5146 Platinze.
3432 5092 3433 5095 “

2128 5158 2579 5242 (28)}?raesertiin
2614 5174 2885 5242 comperta
2919 5161 3256 5242 Polychrohii
3288 5161 3529 5242 presbyt.
3564 5174 3632 5213 ac

2056 5231 2309 5283 monachi
2356 5231 2718 5284 iuonothelila
2761 5231 2815 5284 in
2861 5244 3073 5287 mortuo
3120 5231 3411 5288 excitando
3455 5231 3634 5298 impo-

2055 5310 2233 5372 stura,
2261 5314 2420 5366 quam
2455 5300 2599 5372 leges
2628 5300 2842 5355 actione
2878 5302 2942 5356 l5
2975 5304 3115 5372 apud
3156 5303 3356 5357 Barou.
3394 5301 3544 5356 card.

2129 5368 2411 5443 (29)“Αυι.
2455 5367 2626 5443 Ἰζιιιῇ
2653 5373 2786 5443 Apta
2830 5367 3115 5438 teStautur,
3152 5390 3272 5443 qua:
3296 5374 3441 5442 legas
3493 5372 3637 5439 apud

2055 5438 2204 5496 card.
2244 5438 2441 5492 Baron.
2494 5450 2532 5492 t.
2566 5438 2656 5495 ιχ.
2685 5440 2941 5495 Octavam
2980 5438 3245 5511 synodqu
3284 5438 3373 5497 hic
3411 5438 3636 5497 nonre-

2055 5513 2286 5582 censeri,
2320 5520 2692 5582 argumentum
2724 5521 2807 5565 est
2860 5514 2925 5565 de
2955 5514 3159 5576 multis,
3196 5515 3453 5582 scriptam
3492 5514 3632 5566 hanc

2055 5596 2084 5635 a
2110 5581 2304 5635 Photio
2333 5580 2724 5636 Bibliothecam
2748 5594 2876 5637 ante
2902 5593 3125 5639 exortus
3155 5583 3220 5637 de
3252 5580 3626 5652 patriarchatu

2056 5652 2338 5707 tumultus.

2124 5724 2238 5792 (50)
2273 5720 2555 5794 Legendus
2586 5722 2812 5795 Niceph.
2837 5723 2936 5782 lib.
2960 5738 3115 5792 xvut,
3166 5738 3290 5793 cap.
3315 5721 3407 5777 47.
