4146 6428
491 410 563 476 59
1637 413 1902 475 PHOTII
1957 408 2463 472 PATRIARCHE
2501 409 2610 470 CP.
3679 411 3752 476 60

1164 527 1326 583 XXII.
2079 533 2125 587 Α
2869 519 2971 576 ΚΒ

650 621 972 676 Theodosius
1004 624 1287 676 monachus
1307 631 1492 676 contra
1511 618 1891 689 Philoponum.

2185 613 2484 669 ἰεοδοσίου
2528 613 2896 689 μοχ-ἄξοντος
2929 612 3223 689 κατὰτοῦ
3247 613 3589 669 Φιλοπόνου
3617 624 3749 686 περὶ

2629 684 3039 748 Ἀναστάσεως
3070 685 3278 753 λόγου.

2243 779 2581 849 Ἀνεγνώσθη
2612 777 2898 832 Θεοδοσίου
2926 779 3251 849 μονάζοντος
3278 778 3390 831 τῶν
3417 776 3514 850 [16
3545 776 3642 852 R.)
3673 777 3754 848 τῷ

2159 873 2437 944 Φιλοπόνῳ
2489 872 2712 944 Ἰωάννῃ
2768 870 3246 942 παραληφθέντων
3301 871 3553 942 χρήσεων
3615 871 3758 924 κατά

2161 965 2260 1034 τῆς
2293 965 2402 1017 τῶν
2449 963 2716 1033 σωμάτων
2761 961 3110 1022 ἀναστάσεως
3141 961 3558 1032 ὲσπουδασμένη
3593 960 3758 1015 Ἀνα-

2163 1053 2384 1122 τροπὴ,
2425 1053 2523 1105 καὶ
2555 1051 2861 1122 παράθεσις
2897 1050 3076 1121 ῥητῶν
3100 1049 3394 1119 Γραφικῶν
3425 1067 3487 1102 τε
3529 1050 3625 1103 καὶ
3647 1067 3756 1102 πα-

545 775 710 833 Lecta
755 785 840 834 est
903 777 1194 834 Theodosii
1259 779 1511 836 monachi
1561 794 1790 842 earum,
1853 793 1976 848 qua
2028 792 2058 831 a

477 868 684 924 Joanne
709 869 1011 939 Philopono
1039 873 1286 927 adductae
1317 883 1443 928 sunt
1474 873 1802 928 citationum
1865 872 2060 924 adver-

481 978 574 1015 sus
596 976 882 1032 corporum
907 965 1392 1028 resurrectionem.
1419 965 1696 1019 elaborata
1724 962 2059 1032 Confutatio;

485 1055 537 1107 in
573 1072 677 1124 qua
716 1065 770 1109 et
803 1056 918 1110 loca
953 1073 1123 1112 sacra:
1174 1059 1472 1128 Scriptum
1505 1067 1928 1122 sanctorumque
1955 1054 2062 1108 Pa-

485 1155 626 1198 trum
656 1145 894 1212 adducit,
925 1148 1123 1217 quibus
1139 1147 1366 1202 Joannis
1399 1147 1638 1201 amentia
1673 1145 1958 1200 refellitur.

2185 1144 2373 1217 τρικῶν
2401 1145 2482 1208 είς
2515 1143 2738 1214 ἔλεγχον
2766 1146 2866 1213 τῆς
2911 1142 3162 1196 Ἰωάννου
3192 1141 3586 1212 ματαιοπονίας
3616 1143 3683 1196 ⁵⁸.

1173 1238 1366 1296 XXIII.
2879 1236 3008 1289 Kl".

486 1327 751 1396 Cononis,
811 1329 1076 1401 Eugenii,
1133 1340 1182 1384 et
1250 1330 1527 1386 Themistii
1601 1331 1657 1386 in
1709 1329 2068 1400 Philoponum

2185 1331 2472 1395 Κόνωνος.
2504 1330 2604 1401 καὶ
2641 1328 2958 1401 Εὐγενίου,
2992 1326 3090 1382 καί
3121 1328 3442 1401 Θεμιστίου
3469 1328 3621 1382 κατὰ
3651 1326 3762 1396 τῆς

1147 1402 1430 1456 invectiva.
1873 1399 1879 1400 ί

2405 1400 2596 1467 αὐτῆς
2623 1400 2729 1453 τοῦ
2768 1399 3051 1454 Ἰωάννου
3100 1399 3524 1467 πραγματείας.

557 1491 742 1548 Lectae
787 1500 913 1547 sunt
943 1491 1203 1556 Cononis,
1251 1492 1475 1563 Eugenii
1516 1493 1652 1562 (3t),
1694 1500 1748 1545 et
1785 1488 2071 1546 Themistii

2258 1491 2596 1562 Ἀνεγνώσθη
2630 1491 2879 1554 Κόνωνος
2907 1491 3003 1543 καὶ
3040 1489 3300 1557 Εύγενίου
3339 1489 3437 1544 καὶ
3468 1488 3763 1559 Θεμιστίου

487 1584 756 1638 Adversus
781 1581 1008 1637 Joannis
1034 1581 1318 1653 Philoponi
1355 1585 1418 1638 de
1449 1585 1629 1638 carnis
1663 1582 2071 1637 Resurrectione

2185 1587 2338 1642 Κατὰ
2353 1584 2644 1649 Ἰωάννου,
2671 1583 2771 1654 τὴν
2797 1584 2928 1654 περὶ⁵
2948 1582 3300 1645 ἀναστάσεως
3327 1580 3496 1635 αὐτοῦ
3529 1596 3764 1650 ματαιο-

493 1677 846 1731 deliramenta
885 1678 1183 1742 lnvectivw,
1225 1677 1424 1746 quibus
1470 1678 1673 1731 acriter
1719 1676 1854 1730 adeo
1895 1674 2067 1742 ipsum

2185 1680 2372 1733 πονίαν
2393 1681 2439 1712 ⁵⁸
2471 1676 2897 1747 στηλιτευόντων
2920 1692 2933 1705 ·
2965 1675 3023 1728 ἐν
3052 1669 3134 1737 οἷς
3166 1674 3368 1746 πολλὴν
3396 1673 3562 1727 αὐτοῦ
3598 1690 3767 1725 κατα-

489 1769 851 1835 insectantur,
887 1777 946 1822 ut
971 1769 1135 1823 etiam
1165 1769 1387 1822 omnino
1417 1784 1446 1823 a
1475 1767 1789 1823 Christiana
1837 1767 1941 1820 ﬁde
1975 1765 2074 1818 ab-

2180 1771 2388 1844 δρομὴν
2432 1768 2735 1836 ποιοῦνται,
2766 1767 2908 1822 ὥστε
2934 1768 3029 1821 καὶ
3067 1767 3350 1837 ἀλλότριον
3375 1765 3555 1834 λέγειν
3601 1765 3766 1819 αὑτὸν

489 1862 716 1917 horrere
759 1863 1030 1917 hominem
1090 1863 1386 1926 aﬂirment,
1449 1863 1579 1916 licet
1607 1861 1691 1932 5b
1747 1861 1800 1916 in
1843 1874 1910 1914 eo
1952 1875 2075 1914 cum

2185 1863 2463 1926 παντελῶς
2485 1862 2580 1917 τοῦ
2605 1862 2875 1932 δόγματος
2899 1861 3012 1915 τῶν
3049 1859 3414 1931 Χριστιανῶν.
3448 1859 3640 1912 Καίτοι
3671 1857 3768 1911 καὶ

491 1953 582 2008 illo
626 1955 914 2021 sentirent,
967 1957 1111 2024 quod
1152 1971 1252 2010 nec
1303 1955 1405 2024 ipsi
1449 1955 1754 2024 reciperent
1787 1951 2082 2008 Chalcedo-

491 2060 663 2101 nense
684 2048 999 2104 concilium.

1182 2136 1375 2194 XXIV.

489 2225 626 2281 Acta
677 2229 1053 2299 disputationis
1095 2230 1465 2354 lueretjcorgzt
1506 2247 1686 2286 coram
1731 2232 1946 2292 Joanne
1991 2254 2083 2306 pa-

1095 2312 1331 2354 trturcza
1462 2341 1476 2354 .

1095 2312 1331 2354 trturcha
1364 2312 1476 2356 ω’.

563 2390 766 2448 Lectus
799 2393 937 2448 liber
980 2396 1115 2449 Acta
1163 2396 1455 2450 continens
1505 2397 1883 2465 disputationis
1931 2401 2083 2455 initae

492 2499 677 2539 coram
721 2485 832 2557 (5‘2)
867 2485 1081 2542 Joanne
1131 2488 1296 2557 regiae
1331 2489 1483 2543 urbis
1535 2490 1813 2560 episcopo,
1867 2489 2082 2547 Justino

496 2578 821 2648 imperante,
871 2581 1012 2634 inter
1058 2580 1325 2636 Cononem
1357 2592 1406 2636 et
1455 2582 1568 2653 (55)
1615 2583 1915 2654 Eugenium
1955 2587 2079 2640 Tri-

497 2669 698 2724 theitas
721 2670 861 2740 (54),
883 2681 931 2724 et
957 2669 1182 2724 Paulum
1199 2689 1261 2724 ac
1285 2673 1637 2741 Stephanum,
1659 2676 1750 2745 qui
1770 2685 1824 2729 et
1841 2676 1941 2746 ipsi
1962 2675 2083 2730 Ilae-

495 2760 778 2815 sitantium
801 2761 916 2832 (35)
937 2763 1002 2816 de
1035 2779 1260 2817 numero
1279 2775 1454 2819 erant.
1479 2764 1578 2820 llic
1599 2769 1850 2822 visuntur
1869 2767 2077 2833 Conon,

496 2864 553 2908 et
587 2853 861 2926 Eugenius
883 2854 1184 2926 Philopono
1211 2860 1568 2926 patrocinari.
1593 2859 1730 2915 Cum
1765 2862 1910 2915 enim
1938 2861 2080 2916 Pau-

498 2944 584 2999 lus
609 2957 665 3000 et
693 2945 1004 3017 Stephanus
1035 2949 1104 3002 ab
1139 2948 1269 3017 ipsis
1290 2951 1654 3020 postularent,
1681 2962 1742 3006 ut
1767 2952 2080 3022 Philopono

497 3036 790 3091 anathema
831 3036 1104 3102 dicerent,
1157 3051 1498 3095 recusarunt.
1546 3043 1685 3108 Quin
1713 3054 1767 3097 et
1801 3044 2081 3112 proferunt

498 3127 835 3194 testimonia,
881 3131 1025 3199 quod
1079 3145 1202 3184 cum
1247 3131 1454 3186 Severo
1495 3143 1550 3187 et
1584 3133 1894 3190 Theodosio
1937 3137 2082 3206 ipsu-

2183 1957 2338 2010 αὐτοὶ
2358 1954 2404 1988 ⁸³
2429 1955 2533 2025 τῆς
2580 1955 2749 2024 αὐτῆς
2779 1953 2930 2025 αύτῷ
2978 1953 3138 2023 δόξης
3187 1951 3531 2016 ἐκοινώνουν,
3561 1953 3662 2021 τὴν
3709 1953 3768 2003 ἐν

2183 2047 2508 2120 Χαλκηδόνι,
2534 2045 2611 2113 ὡς
2637 2049 2866 2112 ἐκεῖνος,
2898 2045 2960 2098 ού
2990 2044 3425 2117 παραδεχόμενοι
3456 2043 3703 2096 σύνοδον.

2911 2141 3040 2196 KA'.

2183 2235 2485 2307 Πρακτικὰ
2549 2235 2648 2290 ἐπὶ
2706 2233 3012 2301 παρουσίᾳ
3087 2231 3364 2307 Ἰωάννου
3424 2229 3771 2284 ἐπισκόπου

2609 2303 3333 2368 Κωνσταντινουπόλεως.

2266 2399 2603 2471 Ἀνεγνώσθη
2659 2399 2862 2469 βιϐλίον
2900 2397 3024 2466 ἕχον
3085 2394 3454 2466 πεπραγμένα
3501 2393 3774 2447 συστάντα

2183 2494 2335 2563 παρὰ
2364 2491 2442 2562 τῷ
2483 2491 2583 2560 τῆς
2622 2490 2892 2560 βασιλίδος
2921 2488 3209 2558 ὲπισκόπῳ
3255 2485 3499 2557 Ἰωάννῃ,
3544 2483 3770 2538 Ἰουστί-

2183 2603 2273 2638 νου
2300 2583 2673 2654 βασιλεύοντος
2699 2598 2712 2613 ⁸
2752 2581 2914 2636 ἅτινα
2947 2580 3283 2651 συνέστησαν
3320 2578 3522 2649 μεταξὺ
3589 2575 3774 2628 Κόνω-

2184 2695 2272 2741 νος
2301 2679 2395 2732 καὶ
2419 2677 2675 2746 Εύγενίου
2704 2675 2812 2728 τῶν
2840 2673 3143 2744 Τριοεῖτῶν
3175 2674 3268 2727 καὶ
3291 2671 3506 2726 Παύλου
3531 2669 3625 2725 καὶ
3640 2670 3772 2723 Στε-

2184 2769 2377 2839 φάνου.
2417 2770 2512 2823 καὶ
2539 2768 2718 2822 αὐτῶν
2751 2767 2851 2838 τῆς
2881 2766 2990 2819 τῶν
3025 2761 3462 2835 διακρινομένων
3506 2759 3774 2830 αἱρέσεως

2181 2860 2582 2931 τυγχανόντων.
2629 2857 2719 2912 Ἐν
2762 2854 2806 2927 ᾧ
2837 2857 3117 2927 φαίνονται
3147 2855 3194 2888 ⁵⁵
3226 2856 3416 2908 Κόνων
3465 2853 3560 2905 καὶ⁸
3600 2850 3776 2919 Εὐγέ-

2183 2973 2294 3015 νιος
2336 2953 2774 3022 ἀντιποιούμενοι
2816 2951 2912 3004 τοῦ
2961 2949 3256 3002 Φιλοπόνου
3284 2964 3298 2979 ⁶
3339 2945 3446 3001 τῶν
3489 2944 3595 3016 γὰρ
3646 2945 3778 3014 περὶ

2185 3047 2396 3100 Παῦλον
2444 3047 2539 3100 καὶ
2586 3045 2858 3112 Στέφανον
2909 3041 3289 3095 ἀπαιτούντων
3327 3039 3526 3101 αὐτοὺς
3577 3035 3776 3090 ἀναθε-

2190 3137 2418 3208 ματίσαι
2451 3138 2542 3189 τὸν
2567 3135 2860 3188 Φιλόπονον
2894 3135 2962 3197 ⁸⁸,
2996 3127 3142 3187 οὗτοι
3174 3133 3273 3186 οὐκ
3300 3130 3612 3202 ἠνέσχοντο,
3641 3127 3776 3180 ἀλλὰ

502 3234 623 3272 rum
655 3223 1106 3290 praeceptoribus,
1131 3223 1320 3277 eadem
1347 3225 1681 3280 sentirel.Hi
1705 3227 1921 3296 quidem
1952 3228 2083 3282 mul-

2193 3231 2285 3283 καὶ
2313 3228 2679 3300 προεκόμιζον
2727 3226 3032 3298 μαρτυρίας
3064 3225 3138 3288 ὡς
3175 3223 3389 3295 συνῳδὰ
3433 3222 3657 3293 Σεὸήρῳ
3684 3221 3780 3273 καὶ

503 3320 586 3365 tas
617 3313 668 3366 in
715 3315 1037 3383 theologicis
1077 3316 1194 3385 pias
1239 3334 1398 3372 voces
1446 3319 1726 3383 adhibent,
1755 3329 1816 3374 ut
1855 3321 2089 3376 Trinita-

504 3411 612 3455 tum
633 3406 1158 3460 consubstantialem
1205 3422 1347 3466 esse.
1381 3409 1734 3477 ejusdemque
1770 3421 1997 3473 naturze,
2035 3420 2090 3465 et

506 3509 673 3547 unum
717 3495 909 3559 Deum,
957 3512 1233 3565 unamque
1273 3498 1653 3558 divinitatem;
1709 3497 2090 3566 blasphemant

507 3602 661 3652 vero,
693 3585 820 3640 dum
851 3587 1004 3640 aiunt
1027 3587 1242 3641 Patrem
1278 3599 1330 3642 et
1369 3588 1562 3642 Filium
1591 3599 1645 3642 et
1676 3589 1938 3657 Spiritum
1973 3605 2093 3642 san-

509 3687 658 3731 ctum
687 3677 943 3746 partiales
981 3693 1104 3734 esse
1143 3680 1505 3746 substantias,
1543 3681 1907 3750 propriasque
1953 3681 2093 3734 divi-

513 3771 736 3834 nitates,
770 3778 824 3824 et
847 3771 1096 3841 proprias
1124 3781 1366 3826 naturas.
1399 3771 1472 3825 Ita
1500 3787 1687 3827 secum
1730 3774 1855 3842 ipsi,
1888 3784 1942 3828 et
1971 3789 2093 3828 cum

512 3863 743 3917 veritate
768 3873 1094 3933 pugnantes,
1120 3864 1224 3919 alia
1250 3865 1406 3936 plura
1441 3866 1493 3920 id
1527 3880 1700 3935 genus
1735 3866 2095 3922 deliramenta

516 3971 568 4025 pl
582 3956 820 4014 oI'erunt.

1225 4047 1394 4102 XXV.

2192 3321 2458 3392 Θεοδοσίῳ
2486 3324 2600 3384 τοῖς
2643 3321 2853 3373 ἑαυτῶν
2889 3319 3078 3388 φρονεῖ
3124 3315 3492 3379 διδασκάλοις.
3527 3308 3688 3368 Οὗτοι
3721 3312 3780 3365 δὲ

2191 3416 2288 3476 τὰς
2320 3414 2419 3483 μὲν
2449 3412 2613 3476 ἄλλας
2643 3411 2772 3482 περὶ
2797 3411 2894 3482 τὴν
2923 3409 3202 3477 Θεολογίαν
3228 3409 3448 3475 λέγουσι
3479 3404 3664 3474 φωνάς
3693 3404 3781 3456 εύ-

2195 3505 2394 3565 σεϐεῖς,
2427 3501 2630 3572 Τριάδα
2655 3499 2941 3570 ὁμοούσιον
2964 3499 3058 3551 καὶ
3084 3498 3322 3568 ὁμοφυῆ,
3363 3496 3460 3550 καὶ
3489 3495 3624 3549 Θεόν
3658 3495 3777 3557 ἕνα,

2195 3597 2292 3650 καὶ
2325 3595 2452 3666 μίαν
2473 3594 2708 3663 Θεότητα
2728 3610 2742 3625 ο
2777 3591 3160 3663 βλασφημοῦσι
3187 3591 3242 3644 δὲ
3270 3590 3522 3659 λέγοντες
3551 3585 3782 3658 μερικὰς

2196 3687 2388 3750 οὐσίας
2417 3687 2512 3739 καὶ
2544 3685 2718 3747 ίδικὰς
2743 3684 3007 3754 θεότητας
3035 3684 3132 3736 καὶ
3165 3681 3341 3744 ίδικάς
3381 3680 3574 3749 φύσεις
3611 3678 3665 3750 [7
3691 3675 3784 3748 IL]

2197 3779 2289 3832 τὸν
2323 3777 2540 3850 Πατέρα
2569 3778 2663 3830 καὶ
2692 3777 2782 3830 τὸν
2816 3777 2944 3830 Υἱὸν
2973 3776 3070 3830 καὶ⁹
3105 3775 3166 3828 τὸ
3195 3775 3349 3843 ᾶγιον
3389 3771 3632 3840 Πνεῦμα,
3656 3771 3783 3823 eau—

2200 3873 2314 3935 τοῖς
2355 3887 2416 3923 τε
2449 3869 2546 3923 καὶ
2593 3872 2658 3940 τῇ
2700 3868 2932 3940 ἀληθείᾳ
2979 3867 3297 3938 μαχόμενοι.
3328 3867 3441 3919 Καὶ
3471 3864 3605 3917 ἄλλα
3649 3862 3787 3916 άττα

2199 3963 2428 4036 ληροῦσι
2455 3963 2814 4034 παραπλήσια
2843 3961 3048 4030 ταύτης
3074 3961 3173 4031 τῆς
3205 3959 3592 4030 ματαιότητος.

2929 4053 3058 4108 KE’.

519 4139 583 4194 S.
610 4138 838 4216 Joannis
881 4139 1246 4216 Chrysoslomi
1282 4143 1339 4216 in
1389 4150 1609 4195 mortem
1651 4150 1705 4194 et
1745 4143 2083 4216 ascensionen

2209 4150 2322 4206 Τοῦ
2355 4147 2792 4216 Χρυσοστόμου
2837 4148 2933 4216 εἰς
2979 4145 3086 4198 τὸν
3112 4143 3397 4206 θάνατον,
3437 4141 3650 4216 καί-εις
3678 4137 3794 4207 τὴν

699 4209 919 4275 Christi,
946 4209 1172 4281 itemque
1195 4213 1247 4264 in
1274 4211 1614 4265 Pentecosten
1645 4214 1936 4267 orationes.

592 4299 848 4370 Legimus
869 4300 1248 4372 Chrysostomi
1284 4302 1503 4355 nomine
1529 4302 1851 4370 inscriptum
1882 4303 2102 4370 librum,

2383 4213 2715 4286 ἀνάληψιν),
2753 4215 2848 4269 καὶ
2879 4219 2966 4281 είς
3014 4215 3126 4282 τὴν
3158 4213 3615 4281 Πεντηκοστήν.

2289 4310 2632 4380 Ἀνεγνώσθη
2645 4308 2740 4362 τοῦ
2764 4310 2809 4362 Χ
2817 4326 2881 4378 ρυ
2890 4307 3046 4361 σοστό
3053 4324 3154 4377 μου
3168 4306 3483 4377 ἐπιγραφὴν
3503 4304 3624 4374 ἔχον
3645 4303 3692 4356 Σ
3696 4302 3796 4370 χό-

523 4389 839 4444 Notationes
876 4391 930 4444 in
974 4399 1194 4443 mortem
1251 4388 1475 4445 Christi.
1512 4388 1651 4443 Sunt
1689 4401 1870 4446 autem
1914 4393 2083 4449 breve:

2204 4408 2308 4458 λιιι
2325 4405 2371 4436 ⁸⁸
2398 4407 2485 4468 είς
2508 4403 2612 4456 τὸν
2635 4401 2915 4462 θάνατον,
2965 4399 3114 4468 λόγοι
3149 4399 3193 4430 ⁸⁷
3239 4399 3428 4469 μικροὶ⁵
3469 4397 3644 4450 εἴκοσι
3681 4393 3794 4447 δύο.

523 4484 804 4538 orationes
832 4484 951 4538 dum
985 4491 1038 4537 et
1070 4483 1287 4553 viginti.
1318 4481 1596 4536 Habentur
1613 4493 1667 4537 et
1699 4483 1750 4537 in
1782 4485 1974 4539 eodem
2011 4501 2107 4541 vo-

2213 4496 2323 4551 Καὶ
2353 4498 2409 4550 ὲν
2438 4495 2515 4565 τῷ
2546 4494 2694 4566 αύτῷ
2726 4493 2876 4562 λόγοι
2905 4492 3280 4563 παραπλήσιοι
3313 4494 3418 4556 Είς
3433 4489 3550 4557 τὴν
3571 4485 3798 4553 ἀνάλη-

524 4577 729 4630 lumine
769 4577 1013 4632 similes:
1049 4575 1116 4629 In
1163 4576 1522 4629 ascensionem
1566 4575 1780 4630 Domini
1821 4576 1939 4631 aliae
1985 4582 2083 4633 dua

2213 4593 2324 4659 ψιν
2350 4588 2458 4642 τοῦ
2485 4588 2708 4656 Κυρίου
2735 4584 2842 4658 κβ’,
2867 4587 2960 4640 καὶ
2979 4585 3061 4639 ἐτι
3087 4588 3193 4652 Είς
3215 4584 3333 4653 τὴν
3359 4577 3800 4650 Πεντηκοστὴν

526 4675 584 4719 et
615 4665 840 4736 viginti;
881 4675 936 4721 et
971 4667 1027 4721 in
1074 4665 1417 4721 Pentecosten
1456 4681 1672 4737 quoque
1696 4668 1975 4724 orationes
2019 4683 2108 4724 se-

529 4757 878 4826 ptemdecim.

2215 4681 2477 4745 ὡσαύτως
2503 4681 2652 4750 λόγοι
2683 4681 2768 4746 ιζ’.

1823 4876 2056 4934 VARUS
2099 4879 2504 4937 LECTIONES.

602 4969 648 5001 “
687 4970 1045 5040 ματαιότητος
1072 4991 1133 5037 ς.

532 5043 600 5097 Α.
675 5041 720 5072 ⁵⁸
753 5041 966 5112 σχόλιον
996 5059 1057 5107 ς.
1145 5043 1190 5075 ⁸⁷
1214 5043 1360 5114 λόγῳ
1397 5061 1459 5109 ς.

1245 4972 1292 5049 ⁸)
1322 4969 1710 5042 ματαιολογίαν
1746 4989 1806 5038 ς.
1881 4973 1927 5005 ⁵³
1943 4974 2122 5049 αὐτοὶ]
2163 4971 2308 5032 οὗτοι
2330 4979 2392 5033 Α.

2489 4977 2537 5012 ⁸⁵
2564 4976 2811 5047 φαίνεται
2843 4975 2909 5030 Α.
3007 4973 3054 5005 ⁸³
3076 4967 3392 5041 Φιλόπονον]
3418 4965 3686 5020 Φίλιππον
3718 4977 3800 5032 ρι’.

2056 5134 2292 5192 NOTAE.

611 5249 723 5320 (3t)
752 5247 920 5317 Cujus
943 5263 1049 5303 non
1087 5247 1256 5303 semel
1287 5248 1534 5320 meminit
1558 5247 1851 5317 Nicephor.
1895 5247 2109 5302 Lallist.

536 5319 876 5375 Themistius
903 5328 1080 5372 autem
1119 5320 1259 5374 idem
1288 5319 1626 5386 videturille,
1659 5321 1922 5374 adversus
1952 5335 2111 5383 quem

539 5389 1100 5460 scripsitTheodorns
1130 5390 1380 5460 monatﬂr.
1423 5388 1522 5443 inf.
1570 5391 1699 5460 cod.
1737 5387 1918 5443 CVIII.
1945 5390 2110 5460 card.

539 5458 702 5532 porro
718 5463 927 5532 Baron.
942 5475 1038 5532 pro
1050 5460 1289 5530 Eugenio
1305 5458 1594 5528 Evagrinm
1621 5459 1804 5526 habet,
1829 5469 1962 5514 tom.
1996 5459 2080 5511 VII
2093 5500 2106 5520 ,

537 5531 606 5587 ad
639 5548 688 5586 a.
727 5532 825 5586 Ch.
864 5531 989 5585 555.

615 5603 729 5673 (δα)
744 5601 865 5656 Fuit
885 5603 970 5655 hic
982 5599 1320 5667 JoannesIlI,
1337 5613 1696 5673 cognomento
1711 5600 2108 5673 Scholasticnls,

542 5660 647 5732 sub
674 5660 887 5730 Justino
910 5673 1142 5737 minore,
1171 5675 1238 5728 de
1269 5660 1378 5742 quo
1407 5660 1585 5726 uetiam
1616 5671 1710 5726 inf.
1743 5673 1864 5726 cod.
1898 5660 2115 5725 LXXV.

543 5749 744 5802 Baron.
774 5746 925 5800 card.
959 5755 998 5800 t.
1039 5743 1148 5810 VII,
1185 5746 1249 5796 ad
1279 5760 1330 5798 a.
1364 5743 1426 5798 C.
1459 5744 1585 5799 564.

620 5817 735 5886 (55)
774 5816 1062 5886 Evagrium
1104 5815 1361 5886 nomth
1395 5815 1458 5869 I).
1496 5813 1693 5870 Baron.
1740 5813 1888 5870 card.
1929 5813 1993 5868 ad
2019 5828 2120 5865 an-

547 5883 678 5946 nutn
712 5883 915 5944 Christi
947 5886 1072 5955 555,
1109 5897 1236 5943 tum.
1276 5883 1383 5941 VII.

2297 5249 2409 5317 (54)
2466 5249 2543 5302 Ita
2592 5244 2880 5314 Philoponi
2939 5238 3452 5318 sgztatoresdictin,
3494 5234 3636 5318 quod
3696 5242 3805 5286 trcs

2225 5305 2446 5372 naturas
2482 5319 2534 5370 in
2579 5305 2929 5372 sacrosancta
2981 5305 3632 5378 Trinitateiproﬁtendas
3673 5319 3806 5356 (ζου-ε

2221 5389 2452 5443 suerint.
2487 5387 2681 5444 Leont.
2734 5395 2842 5442 act.
2872 5386 2929 5452 5,
2967 5394 3215 5440 extremo
3243 5379 3472 5449 Niceph.
3508 5378 3600 5430 lib.
3641 5389 3796 5437 xvm,

2219 5474 2339 5526 cap.
2375 5459 2464 5522 49,
2497 5459 2632 5528 lege.
2733 5527 2743 5530 _
2985 5525 3018 5530 __
3088 5524 3100 5530 _
3141 5521 3180 5530 _.
3317 5521 3332 5530 .
3359 5520 3371 5530 .
3451 5519 3464 5530 .

2292 5514 2404 5599 '(55)
2441 5514 2578 5596 Quo“
2601 5527 2821 5582 nomine
2846 5524 3102 5599 appellati
3141 5519 3466 5599 Eutychiani
3500 5525 3663 5585 atque
3696 5514 3803 5599 Se:-

2224 5584 2584 5669 ve‘rianirqui
2618 5613 2792 5668 neque
2816 5584 3341 5669 pa'laanutychétis
3376 5584 3592 5669 errores
3639 5584 3808 5669 proli:

2227 5673 2328 5726 teri
2354 5661 2789 5738 ausi,'ueqtte'ad
2817 5661 3143 5739 'Catholicos—
3167 5677 3290 5739 sese
3336 5661 3674 5739 atljungegrez'
3696 5661 3803 5739 nisi

2269 5724 2704 5796 riusida'mnatis
2758 5739 2932 5792 tribus
2989 5733 3260 5804 capitulis,
3292 5724 3602 5786 voluerunt.
3637 5724 3803 5780 (ἕνα.

2269 5759 2380 5796 l‘llts
2431 5759 2704 5796 uamnaus
2758 5759 2932 5792 Inuus
2989 5759 3260 5804 capturus,
3297 5759 3394 5785 vuu

2228 5759 2428 5868 Baron.
2460 5826 2582 5880 sup.
2616 5821 2670 5866 ct
2701 5809 2894 5866 Lcout.
2925 5817 3034 5862 act.
3068 5806 3100 5860 6
3129 5816 3394 5859 extrema.
