4146 6416
325 392 391 458 61
565 384 569 391 ’
1280 404 1810 468 BIBLIOTHECA.
1833 431 1904 442 --
1927 403 2144 468 CODD.
2176 405 2655 467 XXII-XXVIII.
3530 404 3604 468 62
3634 464 3641 475 ,

1029 513 1175 580 KQ".

327 598 628 655 Συνεσιου
656 598 1010 676 ἐπισκόπου
1044 606 1325 676 Κτφὴνης
1370 606 1504 676 περὶ
1555 607 1910 675 βασιλείας,

752 671 851 726 καί
882 674 1016 743 περὶ
1045 671 1253 729 ἄλλων
1276 671 1485 730 atrioin

405 762 753 836 Ἀνεγνὼσθη
802 766 1106 822 ἐπισκόπου
1152 769 1415 840 Κυρήνης
1448 769 1723 839 (Συνέσιος
1764 769 1915 842 αὒτῷ

324 856 517 926 ὄνομα)
544 856 686 926 Περὶ
711 861 1027 926 Προνοίας,
1046 861 1644 929 Περιβασιλείαςκαὶ
1671 864 1800 934 περὶ
1827 863 1916 917 άλ-

328 948 435 1005 λων
478 950 677 1004 τινῶν⁸
715 951 815 1022 τὴν
848 952 949 1023 μὲν
983 955 1184 1023 φράσιν
1212 954 1419 1023 ὑψηλὸς
1446 956 1539 1008 καὶ
1564 955 1728 1023 ὄγκον
1752 954 1914 1025 ἔχων,

328 1041 639 1095 ἀποκλίνων
666 1042 724 1096 δὲ
756 1042 853 1096 καὶ
885 1045 1026 1115 πρὸς
1055 1045 1114 1098 τὸ
1151 1045 1583 1118 ποιητικώτερον
1610 1047 1677 1102 ³⁸.

407 1224 859 1298 Ἀνεγνώσθησαν
887 1228 933 1260 ⁸⁹
963 1227 1019 1281 δὲ
1052 1226 1220 1282 αὑτοῦ
1260 1228 1357 1283 καὶ
1402 1230 1684 1284 ἐπιστολαὶ
1726 1231 1915 1300 διάφο-

332 1334 432 1387 ροι,
464 1318 695 1389 χάριτος
735 1317 832 1373 καὶ
874 1320 1070 1391 ἡδονῆς
1098 1317 1510 1385 ἁποστάζουσαι
1556 1322 1698 1392 μετὰ
1727 1323 1827 1393 τῆς
1856 1324 1915 1377 ὲν

326 1410 436 1473 τοῖς
463 1409 741 1479 νοήμασιν
777 1410 961 1481 ἰσχύος
994 1411 1093 1465 καὶ
1125 1411 1487 1483 πυκνότητος.

391 1495 501 1553 Ἦν
531 1501 579 1553 δ’
638 1496 795 1565 οὗτος
823 1502 885 1567 ἐξ
928 1501 1219 1573 Ἑλλήνων,
1263 1502 1552 1575 φιλοσοφίᾳ
1597 1502 1912 1573 σχολάζωνο

325 1592 381 1645 ὃν
411 1609 547 1661 φασι
580 1594 717 1666 πρὸς
755 1595 848 1647 τὸν
877 1593 1140 1665 θειασμὸν
1172 1595 1267 1649 τοῦ
1301 1597 1733 1667 Χριστιανισμοῦ
1788 1596 1914 1651 νεύ-

1946 516 1995 573 Δ

2717 511 2907 571 XXVI.

2443 608 2652 679 Syuesii
2681 605 2924 678 Cyrenwi
2949 607 3166 676 scripta.

2084 769 2264 826 Lectze
2295 779 2420 824 sunt
2443 768 2682 840 episcopi
2714 767 2978 839 Cyrenes,
3010 765 3097 821 cui
3124 765 3356 837 Synesio
3380 782 3602 834 nomen,

2017 862 2083 917 de
2109 861 2469 925 Providentia,
2498 870 2553 914 et
2581 859 2655 913 De
2682 875 2842 929 regno
2886 858 3023 929 (56),
3059 857 3291 927 aliisque
3324 858 3603 913 nonnullis

2016 955 2303 1010 orationes.
2352 953 2538 1024 Stylus
2586 951 2659 1006 illi
2716 950 2969 1003 sublimis
2998 950 3218 1018 quidem
3252 959 3307 1004 et
3355 951 3599 1020 grandis,

2015 1045 2111 1099 sed
2140 1044 2231 1111 qui
2263 1044 2329 1096 ad
2350 1041 2666 1112 popularem
2698 1040 2816 1109 (37)
2839 1038 3001 1093 simul
3025 1040 3318 1095 dictionem
3349 1040 3603 1110 aliquau-

2015 1142 2130 1191 tum
2162 1135 2408 1189 inclinet.

2086 1227 2265 1283 Lectae
2311 1236 2438 1282 sunt
2477 1236 2534 1281 et
2569 1224 2810 1294 ejusdem
2840 1224 3087 1294 epistola
3132 1224 3295 1280 varia:
3332 1225 3473 1296 (58),
3509 1242 3605 1281 ve-

2016 1325 2240 1374 nustate
2288 1333 2353 1372 ac
2396 1318 2678 1373 dulcedine
2714 1314 2985 1384 (luentes,
3032 1331 3157 1372 cum
3200 1319 3600 1372 sententiarum

2016 1410 2216 1465 robore
2245 1423 2309 1464 ac
2331 1408 2621 1464 densitate.

2088 1501 2297 1557 Prodiit
2344 1502 2430 1556 hic
2475 1518 2506 1556 e
2555 1500 2835 1571 gentilium
2894 1501 3344 1571 philosophorum
3390 1500 3599 1564 schola,

2016 1610 2176 1666 quem
2219 1595 2371 1649 aiunt
2412 1594 2478 1647 ad
2517 1593 2754 1647 divinam
2811 1593 3246 1648 Christianorum
3296 1593 3602 1647 doetrinam

2017 1688 2396 1753 inclinantem,
2419 1684 2523 1740 alia
2550 1686 2770 1753 quidem
2802 1684 2960 1740 facile
2988 1686 3286 1754 recepisse,
3308 1685 3431 1750 sed,
3455 1686 3603 1755 quod

2018 1781 2271 1851 equidem
2308 1779 2450 1834 haud
2502 1778 2618 1832 scio
2666 1794 2733 1831 an
2778 1777 2993 1831 aliunde
3024 1776 3163 1847 (39),
3208 1787 3361 1832 certe
3394 1793 3460 1831 ex
3488 1778 3605 1846 cpi—

328 1701 488 1737 ozvra
502 1683 576 1737 τὰ
596 1684 695 1756 μὲν
711 1685 848 1739 ἄλλα
867 1686 1273 1758 παραδέχεσθαι
1290 1688 1581 1753 εὐπειθῶς,
1600 1689 1690 1743 τὸν
1706 1688 1753 1756 [1
1767 1691 1798 1744 7
1820 1688 1912 1762 3.]

326 1775 379 1827 δὲ
408 1777 535 1846 περὶ
554 1776 912 1841 ἀναστάσεως
934 1779 977 1810 ⁸⁸
1007 1778 1108 1832 οὐκ
1138 1776 1348 1831 ἐθέλειν
1375 1779 1703 1850 προσίεσθαι
1731 1780 1912 1848 λόγον.

337 1868 473 1921 Ἀλλ’
503 1864 604 1923 οῦν
634 1870 733 1924 καὶ
752 1869 897 1924 οὕτω
916 1870 1261 1941 διακείμενον
1290 1870 1541 1943 ὲμύησάν
1570 1888 1632 1925 τε
1668 1871 1740 1926 τά
1774 1872 1914 1943 ἠμέ-

2018 1874 2153 1931 stola
2174 1874 2345 1944 ipsius
2373 1873 2439 1926 ad
2458 1870 2818 1941 Theophilum
2844 1870 3132 1925 manifeste
3150 1870 3599 1940 deprehenditur,

322 1976 452 2029 τερα
496 1961 599 2015 καὶ
645 1961 727 2015 ἔτι
756 1962 853 2016 καὶ
897 1962 1309 2035 ἀρχιερωσύνης
1347 1963 1614 2034 ἠξίωσαν,
1643 1965 1783 2034 πρὸς
1811 1965 1913 2038 τὴν

2018 1970 2085 2025 de
2113 1966 2522 2024 resurrectione
2552 1966 2746 2033 dogma
2778 1965 3063 2032 suscipere
3095 1963 3359 2018 noluisse.
3396 1960 3599 2015 Verum

321 2051 484 2123 ἄλλην
513 2054 614 2107 τοῦ
651 2054 845 2127 ἀνδρὸς
868 2055 1277 2124 καλοκαγαθίαν
1302 2056 1401 2110 καὶ
1430 2056 1490 2110 τὸ
1522 2058 1763 2131 καθαρὸν
1810 2059 1914 2129 ἁφ-

2019 2063 2090 2116 ita
2123 2060 2366 2115 sentiens
2403 2056 2542 2130 (40),
2573 2056 2777 2112 nostris
2809 2063 2992 2110 tamen
3014 2065 3099 2110 est
3130 2055 3475 2126 dogmatibus
3500 2052 3608 2107 iui.

320 2144 555 2216 ορῶντες
576 2145 670 2201 τοῦ
688 2147 825 2216 βίου,
849 2148 942 2201 καὶ
965 2148 1046 2202 ὅτι
1070 2148 1171 2202 οῦκ
1195 2147 1261 2202 ἂν
1281 2146 1423 2202 οὕτω
1446 2148 1596 2219 βιοὺς
1620 2148 1718 2204 ἄνθ
1727 2167 1912 2221 ρωπος

2018 2146 2203 2215 tiatus,
2231 2154 2341 2206 imo
2359 2152 2522 2205 etiam
2547 2165 2762 2205 summo
2783 2148 3093 2204 sacerdotio
3129 2149 3323 2217 dignus
3356 2146 3602 2221 habitus,

321 2236 378 2289 τὸ
404 2237 501 2306 τῆς
530 2238 887 2304 ἀναστάσεως
913 2242 1014 2294 οῦκ
1048 2239 1387 2311 ὲλλαμφθείη
1414 2240 1637 2309 φέγγος.
1672 2220 1781 2295 καὶ
1806 2241 1910 2310 τῆς

2018 2261 2139 2301 cum
2174 2245 2240 2298 ad
2278 2243 2439 2297 aliam
2486 2241 2589 2297 viri
2649 2242 2999 2311 probitatem,
3057 2241 3371 2309 pariterque
3421 2220 3601 2292 actam

322 2329 531 2393 ἐλπίδος
591 2330 691 2385 οὐκ
751 2331 1137 2403 ἐψεύσθησαν·
1188 2334 1363 2404 ῥᾷστα
1412 2331 1521 2403 γὰρ
1564 2332 1736 2402 αὐτῷ,
1787 2334 1911 2386 ἐπεὶ

2018 2335 2178 2388 vitam
2231 2339 2483 2400 respectu
2526 2330 2739 2397 habito,
2781 2340 2895 2383 tum
2921 2330 3065 2399 quod
3097 2344 3202 2383 non
3251 2338 3437 2399 posset
3470 2344 3601 2389 nun.

322 2420 734 2493 ἀρχιεράτευσε,
785 2423 881 2477 καὶ
925 2423 988 2477 τὸ
1032 2424 1135 2493 τῆς
1190 2423 1544 2486 ἀναστάσεως
1593 2425 1675 2488 εἰς
1723 2425 1909 2479 πίστιν

2018 2424 2109 2496 qui
2158 2423 2239 2478 sic
2269 2425 2430 2478 homo
2472 2422 2639 2476 vitam
2670 2422 3000 2477 instituisset
3031 2421 3142 2491 64.
3176 2419 3602 2476 resurrectionis

322 2512 674 2585 ἀπεκατέστη
701 2515 743 2548 ⁸⁸
777 2516 977 2586 δόγμα.
1024 2516 1360 2588 Ἐπεκόσμει
1405 2515 1464 2570 δὲ
1501 2517 1786 2590 Κυρήνην,
1817 2520 1907 2572 ὅτε

2018 2516 2218 2572 lumine
2264 2516 2548 2571 illustrari.
2612 2513 2723 2569 Nec
2772 2530 2834 2570 ea
2880 2530 3005 2583 spes
3054 2512 3267 2568 fefellit.
3323 2512 3606 2567 Facillime.

321 2605 582 2676 Θεόφιλος
630 2609 1041 2678 Ἀλεξανδρείας
1068 2611 1380 2666 ἐπεστάτει.

2018 2611 2157 2666 enim
2224 2609 2384 2664 simul
2430 2616 2593 2679 atque
2632 2607 2921 2677 episcopus
2959 2615 3178 2661 creatus
3223 2613 3326 2667 est,
3359 2619 3607 2659 resurre-

326 2699 514 2755 ctionis
546 2702 716 2756 etiam
751 2702 1056 2758 doctrinam
1087 2704 1317 2759 credidit
1338 2704 1473 2778 (41).
1536 2704 1804 2777 Cyrenem
1844 2718 1976 2759 vero
2013 2702 2345 2770 illustravit,
2393 2716 2504 2773 quo
2556 2710 2805 2771 tempore
2862 2698 3208 2755 Alexandriae
3264 2695 3605 2766 Theophilus

326 2798 619 2866 prasideba
627 2808 666 2855 ι.

1039 2892 1183 2962 IKZ'.
2693 2886 2913 2943 XXVII.

324 2983 618 3039 Εὑσεϐίου
661 2984 1185 3055 Ἐκκλησιαστικὴ
1225 2985 1477 3055 Ἰστορία
1520 2985 1591 3039 ἐν
1619 2986 1825 3053 τόμοις
1855 2991 1913 3040 ι’.

2053 2982 2276 3040 Eusebii
2309 2979 2574 3046 Pamphili
2619 2976 3011 3032 Ecclesiastim
3044 2974 3302 3028 Historia
3349 2971 3473 3025 libri
3508 2987 3562 3025 κ.

399 3076 744 3150 ’Δνεγνώσθη
766 3079 1027 3132 Εὐσεὸίου
1045 3077 1555 3147 Ἐκκλησιαστικὴ
1573 3078 1832 3148 Ἰστορία
1855 3079 1915 3132 ὲν

2087 3077 2237 3133 Lecti
2267 3084 2395 3130 sunt
2454 3071 2673 3128 Eusebii
2722 3067 3115 3124 Ecclesiasticm
3170 3064 3428 3119 Historia:
3477 3062 3601 3117 libri

327 3170 503 3238 τόμοις
554 3169 707 3223 δέκα.
741 3170 1008 3240 Ἀρχεται
1039 3171 1146 3223 ἀπὸ
1177 3170 1481 3242 παρουσίας
1533 3169 1771 3243 Χριστοῦ
1817 3169 1912 3224 τοῦ

2018 3168 2227 3224 decem.
2264 3167 2593 3236 Auspicatur
2637 3178 2667 3218 a
2711 3170 2845 3217 nato
2895 3159 3115 3214 Christo
3155 3172 3283 3211 vero
3339 3157 3448 3210 Deo
3509 3170 3608 3209 no-

328 3262 581 3334 άληθινοῦ
610 3261 746 3316 Θεοῦ
779 3263 963 3334 ἡμῶν,
995 3265 1090 3318 καὶ
1118 3264 1389 3334 διέρχεται
1419 3264 1487 3319 τὰ
1535 3264 1676 3317 κατὰ
1715 3264 1760 3294 θ’
1787 3263 1914 3327 τοὺς

2018 3272 2154 3325 stro,
2191 3268 2248 3315 et
2276 3275 2375 3329 per
2403 3268 2758 3330 tyrannorum
2793 3263 3039 3324 tempora
3071 3257 3324 3305 accurate
3358 3262 3608 3318 progres-

328 3356 606 3426 τυράννων
635 3355 682 3388 ⁵³
709 3357 937 3429 χρόνους
986 3357 1434 3429 ἐπιμελέστερον,
1465 3358 1562 3411 καὶ
1607 3356 1912 3425 καταλήγει

2020 3367 2132 3418 sus,
2170 3353 2236 3406 ad
2265 3348 2616 3407 Constantini
2672 3346 2844 3417 Magni
2896 3342 3182 3413 imperium
3214 3339 3493 3409 pertingit,
3523 3338 3608 3391 die

332 3448 485 3520 μέχρι
535 3450 640 3520 τῆς
687 3450 1107 3504 Κωνσταντίνου
1163 3448 1441 3519 βασιλείας
1494 3447 1589 3503 τοῦ
1634 3448 1915 3516 Μεγάλου,

2023 3443 2277 3512 ligentius
2307 3457 2427 3511 quae
2477 3440 2528 3494 in
2565 3438 2826 3493 Ecclesiis
2872 3437 2972 3492 sub
3014 3434 3118 3503 illo,
3145 3441 3200 3490 et
3226 3435 3295 3489 ab
3327 3432 3417 3487 illo
3449 3430 3607 3486 insti-

332 3539 656 3612 λεπτότερον
678 3542 779 3597 ὅσα
801 3542 1294 3614 ταῖςῈκκλησίαις
1326 3543 1418 3596 ἐπὶ
1442 3542 1608 3598 αὐτοῦ
1630 3560 1692 3597 τε
1705 3543 1802 3598 καὶ
1826 3542 1916 3595 ὑπ’

2020 3542 2138 3591 tuta
2170 3536 2497 3605 decretaque
2535 3540 2682 3598 sunt,
2716 3538 3080 3601 pertractans.

332 3631 486 3685 αὐτοῦ
516 3633 906 3706 ὲπρυτανεύθη
935 3634 1417 3706 ἀναγραφόμενος.

1037 3727 1153 3765 xw
2693 3705 2913 3765 XXVlll

2190 3802 2429 3861 Socratis
2460 3799 2851 3856 Ecclesiasticw
2895 3796 3157 3851 Historia:
3186 3794 3310 3848 libri
3334 3809 3432 3847 vn.

2093 3898 2258 3954 Lecta
2289 3905 2374 3951 est
2418 3893 2665 3950 Socratis
2692 3890 3078 3947 Ecclesiastica
3123 3887 3390 3947 Historia,
3432 3885 3603 3937 Euse-

1037 3727 1175 3781 KH’.

498 3812 864 3883 Σωκράτους
905 3815 1423 3885 Ἐκκλησιαστικὴ
1467 3815 1750 3885 Ἱστορία.

410 3905 752 3976 Ἀνεγνώσθη
767 3907 1089 3976 Σωκράτους
1106 3906 1622 3978 Ἐκκλησιαστικὴ
1641 3908 1917 3978 Ἱστορία,

334 3998 525 4070 ἑφεξῆς
585 3998 722 4053 οῦσα
752 3998 852 4069 τῆς
883 3999 1149 4053 Εὐσεϐίου
1176 4015 1192 4031 ·
1245 4000 1477 4071 ἄρχεται
1530 4000 1631 4071 μὲν
1661 4001 1771 4072 γάρ
1811 4001 1921 4055 άπὸ

334 4093 427 4161 τῆς
454 4091 871 4145 Κωνσταντίνου
922 4091 1223 4163 βασιλείας,
1253 4092 1351 4146 καὶ
1395 4092 1646 4147 κάτεισιν
1687 4092 1793 4158 ἕως
1819 4095 1920 4165 τῆς

334 4184 420 4237 τοῦ
472 4185 598 4239 νέου
659 4184 943 4239 Θεοδοσίου
996 4185 1307 4256 βασιλείας.
1364 4185 1423 4240 Ὀ
1459 4185 1516 4240 δὲ
1565 4187 1920 4257 συγγραφεὺς

336 4276 478 4346 παρὰ
504 4278 555 4310 ⁵⁸
592 4278 888 4347 Ἀμμωνίῳ
918 4278 1015 4333 καὶ
1048 4277 1311 4349 Ἑλλαδίῳ
1348 4280 1463 4343 τοῖς
1504 4278 1919 4350 Ἀλεξανδρεῦσι

334 4374 736 4441 γραμματικοῖς
765 4372 968 4443 φοιτῶν
996 4371 1077 4426 ἔτι
1109 4373 1242 4435 παῖς
1266 4354 1353 4425 ὢν
1371 4371 1440 4425 τά
1464 4370 1567 4442 τῆς
1599 4388 1920 4443 γραμματι-

334 4463 431 4532 κῆς
453 4464 785 4531 ὲδιδάσκετο,
821 4464 1194 4537 Ἐλληνισταϊς
1217 4460 1337 4519 οῦσι
1356 4464 1453 4519 καὶ
1480 4464 1571 4518 διὰ
1601 4464 1798 4519 στάσιν
1824 4467 1919 4519 ἐκ-

334 4557 555 4611 πεσοῦσι
575 4557 677 4629 τῆς
708 4557 968 4630 πατρίδος
997 4558 1093 4612 καὶ
1118 4560 1177 4610 ὲν
1209 4557 1781 4612 Κωνσταντινουπόλει
1802 4557 1919 4611 δια-

2020 3992 2169 4048 hium
2220 3990 2467 4062 proxime
2517 3986 2835 4056 excipiens:
2886 3985 3049 4038 ducto
3105 3981 3323 4051 quidem
3381 3978 3539 4032 initio
3573 3993 3604 4030 a

2019 4082 2367 4140 Constantini
2400 4080 2648 4151 imperio,
2697 4086 2753 4133 et
2781 4078 2849 4132 ad
2879 4074 3171 4130 Theodosii
3204 4072 3434 4128 minoris
3468 4080 3607 4125 tem-

2022 4189 2152 4246 pora
2184 4170 2554 4243 perducendo.

2092 4266 2338 4337 Scriptor
2378 4263 2468 4317 hic
2522 4256 2868 4314 Ammonium
2894 4264 2951 4311 et
2983 4252 3313 4317 Helladium,
3351 4251 3603 4305 Alexan-

2021 4359 2206 4415 drinos
2256 4353 2641 4429 grammaticos
2692 4350 3068 4420 frequentans,
3126 4345 3425 4401 etiamnum
3476 4355 3611 4411 pncr

2022 4449 2433 4523 grammaticam
2469 4446 2693 4501 edoctus
2739 4453 2825 4499 est
2873 4445 2942 4498 ab
2989 4440 3221 4496 ethnicis
3265 4436 3610 4497 doctoribus,

2021 4546 2090 4602 ob
2116 4544 2439 4601 seditionem
2493 4540 2666 4611 patria
2708 4536 2975 4607 profugis,
3023 4542 3079 4589 et
3130 4529 3604 4596 Constantinopoli

334 4622 909 4721 τρίδουσινίΠεριέγει
941 4650 999 4703 δὲ
1039 4652 1072 4721 ἡ
1108 4649 1289 4721 βίϐλος
1319 4650 1513 4721 χρόνον
1548 4648 1686 4703 ὲτῶν
1710 4657 1833 4721 py."
1877 4651 1912 4721 ἡ

2020 4639 2321 4711 agentibus.
2371 4635 2629 4691 Continet
2657 4646 2788 4686 vero
2815 4631 2918 4685 hoc
2947 4642 3083 4699 opus
3110 4633 3329 4680 centum
3360 4622 3605 4690 quadra-

334 4716 387 4788 δὲ
412 4739 563 4794 πᾶσα
587 4716 879 4814 ἱστορία
903 4716 1270 4812 τόμοιςναὺτῷ
1298 4716 1635 4796 συντέθειται
1652 4716 1813 4795 ἑπτά.
1844 4716 1912 4793 Ἦ

2022 4735 2169 4804 ginta
2214 4745 2484 4787 annorum
2530 4743 2618 4783 res
2654 4736 2858 4797 gestas,
2886 4721 3150 4790 omnique
3183 4718 3319 4774 adeo
3369 4716 3601 4772 historia

1650 4849 1887 4905 VARIIE
1922 4845 2218 4904 LECTION
2227 4843 2330 4902 ES.

397 4962 442 5036 ’ἲ
467 4963 892 5036 πολιτικώτερον
918 4984 981 5031 ς’·
1015 5035 1018 5036 ν
1062 4962 1447 5036 ’θάνεγνῴσθη
1472 4964 1543 5036 Α·
1619 4963 1679 5036 1⁸
1709 4973 1829 5036 Ροβι
1860 4959 2238 5036 ’ᾼνασῖάσεως
2263 4971 2385 5036 ‘l‘me
2420 4952 2579 5036 “3'39
2615 4962 2874 5036 la"‘l“a.".‘
2906 4948 3299 5036 PI‘“‘.“.."°"’“
3336 4949 3611 5036 νῖὟΨέῗΓ

337 5011 727 5106 (τοῡτόἒῖᾙὲἶ
743 5011 1250 5101 ἶᾶίᾶῐλᾉθενῶοἶ
1272 5011 1588 5099 ὸῖδᾷ’,’⁸σὲἐιῐ›ς
1614 5032 1672 5106 δὲ
1700 5011 1945 5106 asia-,1
1957 5011 2386 5106 orphgﬂsdépt‘aov
2414 5011 2583 5106 αῦτξῦ
2614 5011 2907 5106 ὲπ-ιοῖτολῆις
2941 5019 3211 5106 agrariam;
3240 5011 3605 5106 zgrqigaff

334 5106 519 5177 νεται),
546 5103 699 5177 σε’ἰη
733 5122 819 5177 mg
845 5122 903 5177 rc
946 5108 1110 5177 habet
1141 5106 1210 5159 A.
1256 5176 1261 5177 γ
1307 5107 1352 5138 ⁸⁸
1386 5103 1741 5175 ἀποκατέστη
1767 5121 1830 5169 ς.

336 5173 441 5228 τῶν
476 5173 814 5247 τυράννων.“
859 5174 904 5210 ⁵⁵
934 5176 1115 5249 παρὰ]
1146 5176 1277 5248 περὶ
1301 5177 1369 5231 Δ.

1928 5093 1975 5135 δ’
2008 5093 2089 5155 τὰ
2116 5093 2260 5154 κατά
2286 5099 2332 5151 Α
2375 5115 2390 5152 :
2428 5096 2498 5151 τά
2526 5097 2583 5149 ὲν
2609 5096 2723 5156 τοῖς
2753 5093 2897 5146 κατά
2917 5110 2981 5158 ς·

3082 5080 3127 5122 δ’
3162 5080 3465 5157 τυράννων]
3496 5081 3609 5135 imo

1837 5241 2072 5301 ΝΟΤᾸΕ.

402 5379 513 5449 (56)
547 5378 698 5435 Utoe
730 5379 1038 5447 insomniis,
1053 5377 1291 5442 calvitie,
1308 5377 1472 5449 dono,
1493 5375 1906 5449 constitutione,

335 5445 646 5519 ceterisque
669 5465 697 5505 a
727 5448 853 5519 Gul.
895 5445 1056 5506 Cant.
1086 5464 1191 5503 una
1214 5463 1344 5519 cum
1374 5445 1603 5519 Hymnis
1644 5446 1835 5519 Grmce
1856 5457 1912 5519 et

334 5518 520 5590 Latine
541 5516 793 5590 vulgatis.
817 5518 949 5576 Vide
968 5521 1119 5575 Suid.
1137 5528 1190 5573 et
1209 5516 1437 5589 Niceph.
1458 5517 1552 5574 lib.
1578 5532 1693 5586 xw,
1721 5533 1773 5574 c.
1806 5517 1907 5573 55.

401 5589 511 5657 (37)
539 5590 624 5645 AI.
643 5589 935 5657 poeticam.

401 5660 513 5732 @8)
534 5659 673 5716 CLX
704 5670 956 5716 numerat
988 5660 1215 5732 Niceph.
1248 5676 1397 5728 supr.

402 5730 513 5801 (39)
548 5732 719 5804 Epist.
762 5731 884 5796 105,
912 5748 1031 5801 qua:
1071 5730 1154 5804 est
1183 5732 1250 5787 ad
1283 5733 1610 5804 ,Eutmpium
1663 5731 1905 5798 fratrem,

342 5798 473 5855 inter
495 5798 656 5873 alios
708 5798 994 5872 opiniones
1026 5803 1435 5873 philosophicas
1463 5798 1786 5860 Christianis
1813 5804 1904 5858 do-

344 5871 603 5941 gmatibus
658 5871 1041 5939 adrersantcs,‘
1083 5871 1382 5949 Theophila
1407 5892 1514 5934 nou
1540 5873 1902 5947 ignoraudum

2020 5374 2233 5437 scribit,
2278 5373 2437 5443 longe
2489 5388 2550 5430 se
2581 5373 2650 5428 ab
2684 5385 2753 5427 eo
2784 5368 3001 5443 abesse,
3050 5373 3112 5421 ut
3148 5363 3291 5437 vulgi
3318 5366 3595 5436 opinioni-

2014 5448 2115 5505 bus
2146 5447 2213 5500 de
2248 5440 2650 5499 resurrectione
2673 5440 3007 5495 consentiat.

2084 5516 2199 5587 (40)
2232 5515 2484 5587 Fin_x_iss_e
2533 5510 3012 5587 hauc_0pinionem
3055 5507 3463 5587 sanctissimum
3508 5508 3598 5587 yi-

2012 5579 2154 5651 rum,
2180 5579 2273 5639 ad.
2290 5583 2655 5653 effugiendum
2688 5579 2790 5636 hac
2814 5592 2933 5653 arte
2959 5595 3100 5636 onus
3118 5579 3449 5653 episcopale,
3488 5580 3589 5631 dc—

2016 5648 2285 5712 moustrat
2308 5648 2504 5708 Barba.
2528 5655 2681 5707 card.
2717 5660 2850 5705 tom.
2880 5648 2918 5701 V
2943 5653 3009 5703 ad
3035 5666 3086 5705 a.
3120 5650 3221 5705 Ch.
3245 5648 3371 5703 410.

2093 5728 2205 5798 (Il)
2260 5726 2393 5779 Eam
2438 5740 2609 5798 quam
2650 5720 3212 5798 solerter_Plat0t_ti_co
3270 5718 3592 5798 philosopho

2019 5787 2257 5867 cuipiam
2310 5787 2945 5867 persuaserittdocebit
2976 5802 3042 5867 te
3088 5787 3387 5867 Lintonarii
3430 5787 3596 5847 Joau.

2014 5862 2218 5926 Moschi
2252 5862 2457 5924 Erirati
2486 5880 2606 5934 cap.
2645 5862 2749 5920 195
2786 5864 2932 5920 lectu
2958 5862 3354 5931 dignissimum.
