4146 6410
532 370 604 434 63
1700 366 1968 428 ΡΗΟΤΙΙ
2006 366 2132 427 ΡΑἸ

2233 364 2518 426 ῙΑΒΟΗΑΞ
2558 365 2663 427 CP.
3734 376 3805 440 64

535 500 743 557 septem
776 496 861 543 est
898 486 1049 541 libris
1086 484 1499 555 comprehensa.
1549 484 1735 557 Stylns
1768 485 1842 539 illi
1882 500 1987 540 non
2013 486 2107 540 ad«

2233 482 2271 535 is
2311 483 2510 552 φράσις
2540 481 2693 534 οὐδὲν
2734 481 2849 551 ἔχει
2903 480 3205 552 ἀξιόλογον.
3250 486 3412 542 Ἀλλά
3450 490 3545 543 καὶ
3591 492 3650 545 ἐν
3690 500 3806 560 τοῖς

538 586 761 639 modum
807 581 1150 651 splendidus,
1199 580 1294 635 sed
1343 595 1442 635 nec
1487 580 1541 635 in
1591 578 1941 651 degmatibus
1967 579 2124 634 valde

541 686 828 741 accuratus
859 682 963 729 est.

1256 762 1451 819 XXIX.

544 858 762 921 Evagrii
799 856 1108 912 Scholastici
1152 856 1541 909 Ecclesiasticaz
1595 853 1847 908 Historiis
1876 850 1999 906 libri
2026 850 2121 905 vit.

619 950 775 1003 Lecta
816 950 1031 1018 Evagrii
1074 946 1421 1009 Scholastici,
1475 943 1809 1014 expraal'ecti,
1852 942 1961 996 nati
1998 941 2125 1009 Epi-

545 1042 781 1111 phaniae,
817 1041 949 1093 urbe
983 1039 1312 1108 leesyrim,
1359 1035 1732 1089 Ecclesiastica
1776 1033 2017 1086 Historia
2054 1032 2121 1083 li-

550 1131 655 1183 bris
683 1147 775 1183 sex
805 1146 823 1182 :
859 1132 1118 1184 inclinans
1142 1145 1170 1181 a
1196 1128 1303 1181 line
1333 1126 1577 1182 Socratis
1607 1136 1659 1181 et
1691 1125 2015 1179 Theodoreti
2045 1122 2127 1177 hi-

546 1223 862 1285 storiarum,
897 1222 1317 1290 pertingensque
1340 1219 1408 1271 ad
1428 1217 1668 1271 Mauricii
1694 1232 1893 1269 annum
1923 1216 2128 1269 duode-

549 1314 750 1367 cimum
781 1313 993 1385 (42-43)
1035 1312 1266 1382 imperii.
1306 1310 1492 1381 Stylus
1530 1309 1653 1363 huic
1689 1323 1792 1362 non
1833 1309 2078 1376 ingratus
2109 1323 2122 1359 :

546 1406 761 1459 tametsi
805 1408 1073 1461 interdum
1125 1404 1432 1459 redundare
1487 1401 1891 1471 quodammodo
1940 1400 2129 1452 videa-

547 1504 659 1560 tur,
696 1505 845 1549 certe
890 1495 943 1548 in
998 1495 1261 1549 doctrina:
1305 1493 1543 1548 veritate
1595 1491 1809 1545 caeteris
1850 1488 2129 1543 historicis

548 1587 856 1640 accuratior
886 1596 988 1640 est.
1021 1584 1198 1640 Habet
1233 1595 1416 1640 autem
1438 1592 1495 1639 et
1522 1583 1589 1637 de
1616 1581 1941 1651 imaginibus
1970 1594 2127 1651 qua:-

542 1676 670 1731 dam
698 1677 965 1746 exempla.

1247 1856 1419 1912 XXX.

584 1947 819 2005 Hermia
852 1950 1131 2006 Sosomeni
1159 1948 1414 2004 Historia:
1445 1947 1836 2003 Ecclesiasticte
1866 1948 1987 2001 libri
2019 1964 2095 2003 ix.

619 2112 780 2167 Lecta
794 2123 877 2167 est
892 2112 1126 2167 Hermia:
1138 2112 1427 2166 Sozomeni
1448 2110 1761 2176 Salaminii,
1780 2111 2121 2177 scholastici,

548 2204 928 2258 Ecclesiastica
958 2203 1199 2257 Historia
1235 2204 1355 2257 libri
1382 2219 1564 2258 novem
1599 2216 1619 2255 :
1654 2219 1815 2273 quam
1848 2213 2125 2274 nuncupat

545 2294 859 2350 Theodosio
901 2296 1121 2349 minori.
1178 2295 1508 2363 Auspicatur
1536 2310 1566 2348 a
1599 2294 1883 2351 consulatu
1923 2295 2123 2365 Crispi,

548 2387 773 2456 ejusque
800 2389 973 2457 patris
1023 2386 1387 2451 Constantini,
1426 2397 1480 2442 et
1534 2388 1781 2456 perducit
1831 2390 1897 2442 ad
1946 2387 2128 2443 Theo-

545 2478 687 2532 dosii
739 2479 962 2533 minoris
1008 2480 1316 2546 imperium.
1372 2479 1469 2533 Hic
1511 2478 1984 2549 Constantinopoli
2035 2480 2129 2550 jus

546 2571 676 2625 olim
718 2573 972 2636 dicebat;
1034 2584 1223 2639 estque
1285 2571 1511 2626 Socrate
1555 2573 1608 2627 in
1666 2574 1809 2644 stylo
1862 2582 2126 2640 praestan-

550 2663 656 2716 tior
686 2682 699 2717 :
739 2679 767 2716 a
799 2679 906 2735 quo
931 2665 1097 2717 etiam
1127 2664 1179 2717 in
1222 2664 1628 2718 narrationibus
1653 2666 1977 2733 quibusdam
2008 2666 2123 2720 dis-

548 2754 737 2808 sentit.

1241 2845 1437 2902 XXXI.

814 2936 1123 2992 Theodoreti
1152 2936 1405 2992 Historia:
1436 2936 1640 2992 Eccles.
1669 2938 1793 2993 libri
1825 2954 1880 2998 ν.

618 3029 705 3100 6b
762 3027 926 3083 Lecta
966 3040 1052 3083 est
1098 3029 1423 3085 Theodoreti
1470 3028 1709 3085 Historia
1748 3032 2127 3086 ecclesiastica.

547 3119 805 3175 Omnium
856 3136 993 3189 quos
1064 3123 1309 3191 proxime
1380 3122 1651 3175 nominavi
1714 3126 2125 3180 convenientem

550 3216 725 3283 lmgis
783 3213 1023 3269 historia:
1078 3213 1274 3283 stylum
1336 3213 1578 3270 adhibet.
1628 3213 1824 3269 Clarus
1869 3217 2014 3270 enim
2074 3230 2129 3271 et

551 3306 775 3373 grandis
830 3315 934 3370 est,
1002 3305 1331 3375 minimeque
1402 3306 1763 3363 redundans:
1828 3308 1928 3363 nisi
1990 3310 2134 3378 quod

550 3398 1008 3453 translationibus
1068 3399 1335 3452 interdum
1394 3400 1688 3461 audacius.
1753 3415 1890 3469 pene
1956 3402 2135 3471 inepte

551 3499 757 3544 utatur.
793 3489 892 3544 llic
917 3490 1081 3544 etiam
1140 3504 1301 3557 quam
1350 3490 1532 3544 caeteri
1564 3489 1737 3545 fusius
1763 3492 2013 3545 secunda!
2044 3507 2137 3562 sy-

553 3582 680 3635 nodi
737 3590 887 3650 gesta
952 3591 1388 3637 commemorat:
1440 3599 1558 3651 qua:
1611 3584 1701 3637 alii
1766 3595 2019 3653 tauquam
2080 3586 2135 3639 in

555 3688 850 3735 concursu,
880 3673 1019 3728 dicis
1046 3676 1240 3741 gratia,
1267 3684 1324 3727 et
1353 3674 1532 3728 obiter
1559 3673 1673 3730 fere
1710 3686 1954 3742 narrant,
1980 3676 2134 3746 quasi

555 3766 621 3819 de
669 3780 738 3834 ea.
782 3764 926 3833 loqui
964 3768 1251 3836 refugiant.
1308 3767 1711 3824 Verumtamen:
1751 3785 1817 3824 ne
1869 3771 1981 3839 ipse
2010 3770 2134 3839 qui-

555 3858 678 3912 dem
725 3860 904 3912 omnia
942 3859 1216 3928 sigillatim
1272 3859 1457 3916 refert.
1515 3861 1809 3916 Historiam
1864 3862 2139 3918 inchoavit

556 3951 625 4001 ali
657 3949 843 4003 haeresi
886 3952 1023 4015 Arii,
1071 3954 1445 4022 perlexnitqne
1492 3963 1547 4007 et
1579 3954 1693 4022 ipse
1743 3955 1807 4007 ad
1842 3953 2135 4009 Theodosii

557 4041 786 4094 minoris
833 4051 1096 4111 tempora,
1144 4055 1201 4098 et
1234 4060 1405 4113 usque
1436 4045 1502 4099 ad
1546 4045 1766 4099 Diodori
1796 4045 1910 4115 (44)
1948 4059 2137 4100 exces-

557 4147 677 4185 sum
705 4173 720 4195 ,
771 4136 986 4203 quando
1033 4134 1497 4208 Constantinopoli
1543 4136 1658 4208 (£5)
1691 4153 1969 4192 sacrorum
1994 4138 2136 4193 anti-

558 4234 674 4279 stes
701 4226 972 4282 Sisiunins
1004 4226 1125 4283 fuit.

1244 4319 1461 4375 XXXII.

1028 4412 1087 4470 S.
1122 4415 1399 4469 Athanasii
1432 4416 1691 4481 epistola.

629 4503 809 4559 Lectae
841 4505 1121 4559 Athanasii
1149 4506 1382 4573 epistola:
1427 4506 1591 4559 varia:
1640 4504 1800 4578 (quas
1828 4506 1967 4561 inter
1997 4508 2136 4560 etde
2170 4528 2213 4582 ι)

555 4596 674 4660 ejus
707 4612 949 4659 secessu,
1002 4608 1258 4664 tanquam
1290 4596 1574 4665 Apologia,
1624 4596 1960 4651 collocantur
1991 4612 2131 4651 non-

561 4688 766 4756 nullae),
799 4688 1255 4765 elegantersimul
1287 4696 1341 4741 et
1369 4688 1675 4756 splendide,
1710 4688 1962 4757 clareque
1987 4703 2137 4743 cum-

560 4781 788 4849 positae:
836 4782 1196 4849 persuadendi
1249 4781 1471 4848 insuper
1525 4780 1607 4845 vi;
1644 4795 1707 4833 ac
1735 4789 2015 4833 venustate
2044 4779 2141 4834 llo-

564 4874 713 4939 ridae,
746 4886 803 4927 ut
824 4875 1122 4944 jucundum
1149 4875 1241 4939 sit,
1268 4888 1431 4944 quam
1462 4873 1533 4929 ibi
1569 4872 1887 4942 Apologiam
1922 4873 2140 4937 scribit,

561 4962 770 5019 audire.

2158 1832 2204 1888 Β

2222 572 2489 644 δόγμασιν
2522 573 2587 625 οὐ
2619 572 2740 625 λίαν
2772 573 2921 627 ἐστὶν
2954 574 3215 648 ἀκριϐής.

2940 758 3069 815 ΚΘν.

2215 850 2517 917 Εὑατριου
2531 852 2949 918 Σχολαστικοῦ
2978 854 3488 924 Ἑκκλησιαστικη
3548 858 3808 927 ιστορία.

2308 942 2649 1013 Ἀνεγνώσθη
2678 944 2950 1014 Εὐαγρὶου
2981 945 3344 1015 Σχολαστικοῦ
3381 948 3491 1003 ἀπὸ
3527 948 3811 1021 ὑπάρχων.

2228 1035 2437 1097 πόλεως
2479 1036 2534 1087 δὲ
2564 1037 2868 1103 ἐπιφανοῦς
2912 1037 3011 1105 τῆς
3049 1039 3191 1091 κατά
3220 1040 3320 1109 τὴν
3352 1041 3558 1113 Κοίλην
3588 1042 3811 1114 Συρίαν,

2227 1127 2737 1196 Ἐκκλησιαστικὴ
2772 1130 3022 1199 Ἰστορίιι
3051 1131 3108 1183 έν
3135 1132 3322 1199 τόμοις
3346 1132 3426 1201 ἐξ·
3443 1134 3815 1206 ἀρχὴνποιουο

2232 1222 2365 1291 μένη
2381 1220 2443 1272 τὸ
2454 1220 2609 1284 τέλος
2619 1222 2717 1291 τῆς
2735 1221 3058 1294 Σωκράτους
3073 1224 3167 1277 καὶ
3180 1224 3527 1296 Θεοδωρήτου
3549 1229 3811 1300 ἱστορίας,

2229 1310 2329 1364 καὶ
2356 1310 2619 1365 κατιοῦσα
2662 1312 2825 1382 μέχρι
2862 1315 2963 1383 τῆς
3000 1313 3280 1384 βασιλείας
3312 1316 3647 1387 Μαυρικίου,
3691 1316 3813 1382 ἔτος

2227 1402 2534 1455 δωδέκατον
2562 1405 2621 1456 ὲν
2651 1406 2718 1474 τῇ
2775 1404 3025 1477 βασιλείᾳ
3073 1405 3403 1471 διανύοντος.
3439 1407 3595 1461 Ἐστι
3634 1408 3815 1481 δὲτὴν

2230 1494 2431 1565 φράσιν
2455 1495 2557 1548 οὐκ
2588 1495 2807 1566 ἄχαρις,
2840 1498 2889 1550 εί
2914 1498 3007 1551 καί
3034 1516 3153 1561 πως
3183 1499 3601 1569 περιττεύεσθαι
3640 1502 3814 1555 ἐνίοτε

2229 1587 2379 1640 δοκεί
2400 1602 2415 1617 ·
2446 1589 2505 1639 ὲν
2533 1589 2679 1659 τῇδὲ
2706 1589 2817 1642 τῶν
2846 1590 3138 1659 δογμάτων
3165 1590 3222 1662 [8
3250 1590 3340 1664 ιι]
3367 1592 3619 1663 ὀρθότητι
3654 1596 3815 1665 ἀκρι-

2231 1676 2332 1747 θὴς
2364 1677 2473 1730 τῶν
2502 1678 2677 1731 ἀλλων
2703 1680 2903 1750 μᾶλλον
2926 1682 3233 1753 ἱστορικῶν.
3271 1684 3427 1754 Ἔχει
3462 1683 3520 1737 δὲ
3552 1684 3646 1739 καὶ
3680 1685 3816 1757 χρή-

2232 1786 2350 1833 σεις
2373 1770 2503 1841 περ)⁸
2534 1772 2783 1827 εἰκόνων.

2974 1864 3053 1917 Λ⁹.

2229 1951 2591 2022 Σαλαμάγου
2625 1952 2896 2025 Ἑρμείου
2943 1953 3281 2025 Σωζομένου
3305 1954 3813 2025 Ἐκκλησιαστικὴ

2666 2024 2919 2091 'Ia'topla
2946 2023 3016 2077 ἐν
3051 2027 3256 2093 λόγοις
3277 2022 3346 2080 θ’.

2316 2111 2659 2183 ’Δνεγνώσθη
2712 2112 3035 2183 Σαλαμάνου
3094 2114 3138 2146 ⁸⁸
3188 2114 3445 2185 Ἑρμείου
3495 2114 3813 2185 Σωζομένου

2230 2203 2590 2273 Σχολαστικοῦ
2622 2204 3136 2273 Ἐκκλησιαστικὴ
3172 2207 3425 2276 Ἰστορία
3453 2210 3512 2262 έν
3538 2208 3717 2276 λόγοις
3744 2208 3813 2264 θ’.

2228 2296 2552 2367 Προσφωνεῖ
2576 2296 2631 2349 δὲ
2665 2296 2767 2367 τὴν
2805 2297 3050 2367 ἱστορίαν
3081 2298 3215 2368 πρὸς
3246 2299 3526 2353 Θεοδόσιον
3556 2300 3649 2353 τδν
3670 2301 3811 2356 νέον.

2232 2390 2499 2459 Ἀρχεται
2528 2389 2586 2441 δὲ
2611 2389 2721 2442 ἀπὸ
2751 2388 2852 2458 τῆς
2884 2389 3153 2453 ὑπατείας
3178 2388 3431 2460 Κρίσπον
3459 2391 3551 2443 καὶ⁵
3580 2389 3674 2445 τοῦ
3706 2409 3814 2445 πα-

2228 2481 2355 2551 τρὸς
2382 2479 2819 2546 Κωνσταντίνου,
2853 2480 2949 2533 καὶ
2988 2482 3205 2534 κάτεισι
3242 2481 3409 2552 μέχρι
3439 2481 3540 2552 τῆς
3567 2480 3663 2534 τοῦ
3689 2482 3814 2534 νέου

2228 2570 2509 2625 Θεοδοσίου
2536 2570 2834 2641 βασιλείας.
2859 2566 3027 2636 Οὗτος
3047 2572 3104 2625 δὲ
3124 2574 3279 2637 δίκας
3298 2569 3366 2645 ἦν
3388 2573 3564 2642 λέγων
3587 2576 3645 2627 έν
3668 2575 3818 2627 Κωνο

2230 2661 2690 2715 σταντινουπόλει.
2724 2662 2879 2713 Ἔστι
2928 2662 2985 2714 δὲ
3032 2663 3355 2733 Σωκράτους
3397 2664 3457 2716 ἐν
3498 2666 3565 2735 τῇ
3615 2662 3817 2735 φράσει

2231 2752 2476 2822 βελτίων,
2509 2752 2772 2822 διαφωνεῖ
2798 2752 2854 2805 δὲ
2883 2753 3034 2823 αὑτῷ
3073 2754 3169 2807 καὶ
3196 2755 3339 2808 κατά
3368 2771 3519 2819 τινας
3555 2754 3817 2825 ἱστορίας.

2966 2843 3092 2898 AA'.

2392 2935 2773 3003 Θεοδωρήτου
2823 2935 3334 3005 Ἐκκλησιαστικὴ
3369 2918 3653 3005 Ἰστοριᾶ.

2302 3026 2393 3098 [20
2425 3025 2515 3099 8.]
2552 3026 2896 3097 Ἀνεγνώσθη
2931 3028 3279 3099 Θεοδωρήτου
3303 3028 3819 3098 Ἐκκλησιαστικὴ

2245 3118 2519 3187 Ἰστορια.
2552 3119 2778 3172 Πάντων
2805 3120 2914 3172 τῶν
2931 3120 3235 3189 είρημένων
3263 3121 3600 3193 κατάλληλον
3621 3122 3823 3191 φράσιν

2235 3214 2301 3281 τῇ
2326 3210 2540 3281 ἱστορία
2568 3210 2769 3281 μᾶλλον
2798 3204 2953 3273 οὗτος
2982 3211 3223 3282 ἐπέθηκε
3242 3228 3259 3245 ο
3294 3213 3473 3283 σαφής
3502 3229 3562 3265 τε
3591 3212 3701 3281 γάρ
3727 3212 3823 3266 καὶ

2236 3302 2440 3373 ὑψηλὸς
2470 3305 2566 3357 καὶ
2587 3303 2901 3375 ἀπέριττος.
2937 3303 3077 3375 πλὴν
3104 3305 3187 3358 ὅτι
3222 3304 3394 3359 ἐνίοτε
3430 3308 3549 3368 ταῖς
3584 3322 3824 3376 μεταφο-

2240 3397 2359 3464 ραῖς
2389 3394 2715 3465 παραϐόλως
2742 3396 2837 3449 καὶ
2868 3395 3059 3466 ὥσπερ
3108 3396 3492 3465 ἀπειροκάλως
3523 3398 3821 3467 ἐχρήσατο.

2236 3481 2406 3552 Οὗτος
2434 3488 2527 3541 καὶ
2575 3487 2911 3559 πλατύτερον
2939 3489 3046 3543 τῶν
3087 3490 3395 3561 εἰρημένων
3439 3490 3507 3544 τὰ
3553 3491 3682 3562 περ)⁸
3723 3489 3826 3559 τῆς

2235 3580 2495 3652 δευτέρας
2513 3580 2729 3634 συνόδου
2753 3580 2991 3644 διέλαϐε,
3014 3582 3199 3652 σχεδόν
3218 3600 3271 3635 τι
3297 3581 3406 3635 τῶν
3429 3581 3607 3636 ἄλλων
3634 3582 3825 3650 ὥσπερ

2240 3672 2401 3742 μόνον
2445 3672 2535 3726 διὰ
2579 3674 2679 3742 τῆς
2723 3672 3029 3744 ἐπιδρομῆς
3065 3674 3476 3745 ἀφοσιουμένων
3509 3674 3575 3740 ⁸⁸,
3611 3672 3727 3730 ἀλλ’
3762 3675 3825 3726 o‘s

2238 3764 2579 3836 βουλομένων
2600 3783 2654 3818 τι
2684 3767 2813 3837 περὶ
2843 3766 3015 3837 αὐτῆς
3045 3767 3221 3821 εἰπεῖν
3240 3783 3254 3797 ·
3288 3767 3428 3837 πλὴν
3450 3766 3585 3821 ἀλλὰ
3617 3768 3710 3821 καὶ
3739 3760 3829 3823 οὗ-

2236 3875 2329 3921 τος
2372 3858 2435 3910 οὐ
2477 3857 2657 3919 πάντα
2708 3857 3063 3928 λεπτομερῶς
3106 3858 3276 3927 λέγει.
3317 3860 3580 3930 Ἀρχεται
3625 3859 3682 3912 δὲ
3726 3858 3827 3929 τῆς

2240 3949 2487 4019 ἱστορίας
2537 3949 2646 4003 ἀπὸ
2670 3949 2769 4019 τῆς
2808 3950 3021 4019 Ἀρείου
3062 3951 3353 4021 αἱρέσεως,
3395 3951 3491 4005 καὶ
3530 3951 3826 4022 καταλήγει

2241 4043 2405 4114 μέχρι
2449 4045 2546 4113 τῆς
2592 4041 2874 4096 Θεοδοσίου
2904 4042 3000 4095 τοῦ
3048 4043 3170 4096 νέου
3218 4042 3497 4114 βασιλείας
3536 4044 3631 4097 καὶ
3665 4042 3828 4113 μέχρι

2238 4133 2337 4203 τῆς
2366 4132 2633 4203 Διοδώρου
2659 4131 2940 4202 τελευτῆς,
2973 4130 3136 4202 ἡνίκα
3175 4132 3273 4185 καὶ
3316 4132 3833 4188 Κωνσταντινουτοό·

2238 4222 2375 4286 λεως
2401 4223 2666 4286 Σισίννιος
2694 4218 2888 4293 ἦρχεν.

2962 4314 3089 4369 AB'.

2684 4406 3041 4462 Ἀθανασίου
3071 4407 3416 4462 ἐπιστολαι.

2325 4495 2773 4568 ’Δνεγνῶσθησαν
2791 4498 2834 4529 ⁸⁷
2853 4496 3173 4551 Ἀθανασίου
3199 4497 3517 4553 ἐπιστολαί
3539 4497 3831 4566 διάφοροι,

2239 4593 2298 4646 έν
2328 4586 2416 4654 αἷς
2445 4590 2774 4660 ὲμφέρονται
2802 4590 2897 4642 καὶ
2924 4592 2980 4643 αἱ
3005 4592 3103 4654 τῆς
3128 4590 3506 4661 γεγενημένης
3539 4590 3706 4643 αὑτοῦ
3733 4607 3834 4660 φυ-

2239 4684 2345 4753 γῆς
2373 4681 2564 4752 ῶσπερ
2585 4681 2915 4749 Ἀπολογίαν
2952 4682 3333 4753 περιέχουσαι,
3372 4682 3599 4752 κομψῶς
3644 4699 3703 4735 τε
3735 4682 3833 4734 καὶ

2242 4774 2511 4845 λαμπρῶς
2543 4775 2636 4829 καὶ
2668 4774 2747 4827 ἔτι
2804 4774 2992 4843 σαφῶς
3038 4774 3471 4842 συντεθειμέναι,
3504 4774 3601 4827 καὶ
3639 4772 3703 4825 τὸ
3738 4788 3833 4824 πι-

2245 4864 2408 4919 Θανὸν
2464 4864 2602 4936 μετά
2638 4863 2734 4917 τοῦ
2783 4864 3069 4935 χαρίεντος
3115 4863 3378 4918 ἀνθοῦσαι
3402 4880 3416 4897 ο
3467 4864 3631 4935 ἡδονὴ
3656 4862 3703 4895 ⁸⁸
3734 4862 3836 4933 τῆς

2248 4957 2459 5013 ἐκεῖθεν
2492 4956 2819 5028 Ἀπολογίας
2844 4956 3090 5011 ἀκούειν.

1850 5141 2085 5197 ἾΑΒΙᾸΕ
2132 5141 2542 5199 LECTIONES.

637 5304 681 5333 "
706 5301 980 5371 σλαμάνου
1016 5302 1078 5354 Α.
1106 5300 1177 5355 cf.
1207 5298 1387 5355 Vales.
1414 5301 1483 5355 de
1511 5301 1629 5357 Vita
1650 5312 1703 5358 el
1727 5302 1959 5371 Scriptis
1980 5299 2224 5356 Socratis
2249 5309 2306 5355 et
2332 5299 2617 5355 Sozomeni
2635 5314 2690 5370 p.
2711 5299 2818 5369 (ed.
2839 5296 3091 5367 Amstel.)
3120 5296 3174 5351 5.
3256 5296 3301 5326 ⁶⁶
3324 5291 3739 5363 ἀφωσιωμένων
3766 5311 3827 5362 ς.

563 5371 611 5403 ⁸⁷
651 5372 968 5442 ἀνεγνώσθη
1001 5373 1062 5425 Α.
1141 5372 1187 5403 ⁸³
1212 5372 1407 5443 ἡδονὴν
1440 5373 1665 5441 (omisso
1688 5372 1932 5440 ἀκούειν)
1969 5390 2029 5436 ς.

2113 5526 2348 5583 NOTAE.

646 5694 857 5818 (42%;?)
891 5693 1051 5747 Card.
1075 5691 1273 5746 Baron.
1302 5687 1528 5743 δέκατον
1551 5687 1829 5759 legittom.
1851 5684 1937 5750 III,
1956 5687 2021 5740 ad
2053 5702 2148 5738 an-

650 5782 700 5818 m
729 5800 745 5817 ς
846 5802 857 5818 .

572 5782 700 5823 "Ulli
729 5782 857 5818 θυι.

646 5833 762 5905 (44)
814 5832 1087 5907 Θεοδώρου
1138 5833 1225 5890 hic
1282 5829 1653 5904 reponendum
1702 5846 1769 5887 ex
1822 5826 2144 5887 auctoritate

2260 5682 2583 5755 Theodoreti
2611 5681 2792 5755 lib._v,
2816 5678 3082 5755 στρέψ’.
3098 5745 3136 5755 η
3211 5746 3223 5755 ,
3298 5745 3413 5755 η
3473 5742 3527 5755 η,

2333 5754 2445 5825 (45)
2487 5754 2615 5809 Vide
2648 5751 2742 5807 iul.
2776 5742 2901 5808 eod:
2946 5745 3160 5817 XXXV,
3206 5746 3263 5808 in
3296 5745 3435 5803 I’ItiI.
3473 5742 3682 5799 Sideta.
