4146 6408
327 390 399 455 65
1286 386 1813 448 BIBLIOTHECA.
1834 414 1900 427 -
1926 387 2143 452 CODD.
2182 390 2672 455 XXIX-XXXIV.
3550 385 3623 452 68

1061 499 1175 554 ΛΓ-

658 596 926 650 ἰούστου
967 596 1266 663 Τιϐεριέως
1293 595 1508 661 Χρονικ
1518 594 1608 649 όν.

409 686 764 757 ’Δνεγνώτθη
817 686 1051 740 Ἰούστου
1099 686 1397 759 Τιϐεριέως
1427 685 1739 755 Χρονικὸν,
1787 678 1850 740 οὗ

329 782 637 853 ἐπιγραφή,
672 779 946 833 Ἰούστου
977 778 1275 847 Τιϐεριέως
1305 778 1606 833 Ἰουδαίων
1620 779 1932 844 ,βασιλέων

329 873 452 927 τῶν
478 873 550 925 ἐν
579 870 704 937 τοῖς
725 870 1083 939 στέμμασιν.
1128 862 1300 934 Οὗτος
1332 871 1441 924 ἀπὸ
1489 871 1696 934 πόλεως
1731 871 1831 939 τῆς
1873 872 1931 923 ὲν

338 961 607 1032 Γαλιλαίᾳ
634 961 955 1030 Τιϐεριάδος
985 960 1232 1033 ὡρμᾶτο.
1272 964 1536 1033 Ἀρχεται
1568 963 1626 1017 δὲ
1658 964 1757 1033 τῆς
1789 964 1932 1016 ἱστο-

336 1056 461 1128 ρίας
518 1054 630 1109 ἀπὸ
678 1053 1002 1119 Μωῦσέως,
1050 1054 1354 1127 καταλήγει
1404 1056 1460 1109 δὲ
1516 1055 1622 1120 ἓως
1670 1056 1931 1124 τελευτῆς

334 1148 623 1220 Ἀγρίππα
648 1146 743 1200 τοῦ
772 1146 1005 1218 ἑϐδόμου
1032 1148 1132 1218 μὲν
1153 1147 1263 1201 τῶν
1290 1147 1399 1201 ἀπὸ
1423 1149 1518 1219 τῆς
1546 1150 1721 1212 οίκίας
1757 1147 1933 1220 Ἠρώ-

332 1238 447 1301 δου,
496 1239 731 1293 ὑστάτου
763 1240 806 1271 ⁸³
830 1239 887 1292 δὲ
931 1239 989 1290 ὲν
1016 1241 1130 1302 τοῖς
1172 1237 1446 1294 Ἰουδαίων
1500 1240 1833 1309 βασιλεῦσιν,
1872 1239 1932 1303 ὃς

335 1328 617 1399 παρέλαϐε
653 1328 755 1398 μὲν
782 1328 884 1399 τὴν
932 1329 1108 1399 ἀρχὴν
1148 1329 1241 1382 ἐπὶ
1280 1329 1575 1395 Κλαυδίου,
1622 1330 1831 1401 ηὐξήθη
1874 1329 1932 1383 δὲ

336 1425 431 1477 ἐπὶ
455 1424 711 1494 Νέρωνος
740 1423 835 1476 καὶ
874 1422 955 1475 ἔτι
984 1422 1188 1494 μᾶλλον
1232 1423 1339 1476 ὑπὸ
1367 1411 1803 1490 Οὐεσπασιανοῦ,
1845 1441 1931 1477 τε·

336 1514 505 1584 λευτᾷ
536 1514 595 1567 δὲ
640 1513 753 1567 έτει
783 1514 955 1585 τρίτῳ
1001 1515 1275 1585 Τραϊανοῦ
1304 1516 1371 1579 ⁷ο,
1403 1510 1465 1569 οὗ
1501 1516 1596 1569 καὶ
1641 1517 1674 1586 ή
1715 1515 1932 1586 ἱστορία

338 1606 661 1677 κατέληξεν.
703 1606 861 1659 Ἐστι
904 1607 963 1660 δὲ
1009 1607 1109 1679 τὴν
1152 1608 1355 1679 φράσιν
1405 1607 1816 1677 συντομώτατός
1848 1627 1929 1676 τε,

336 1701 434 1753 καὶ
485 1700 555 1753 τὰ
611 1700 841 1756 πλεῖστα
890 1701 997 1755 τῶν
1043 1702 1493 1769 ἀναγκαιοτάτων
1544 1704 1928 1774 παρατρέχων.

348 1793 439 1855 Ὠς
484 1792 544 1845 δὲ
591 1793 660 1846 τὰ
701 1794 979 1848 Ἰουδαίων
1029 1794 1224 1861 νοσῶν,
1257 1795 1511 1859 Ἰουδαῖος
1568 1796 1663 1849 καὶ
1691 1796 1735 1827 ⁷¹
1764 1795 1931 1859 αὐτὸς

339 1886 605 1955 ὑπάρχων
632 1884 694 1939 τὸ
718 1887 764 1918 ⁷⁸
788 1887 967 1954 γένος,
989 1887 1088 1958 τῆς
1112 1886 1351 1957 Χριστοῦ
1375 1888 1679 1957 παρουσίας
1708 1888 1930 1942 καὶτῶν

338 1978 470 2048 περὶ
496 1977 661 2032 αὑτὸν
684 1976 1049 2031 τελεσθέντων
1074 1980 1169 2032 καὶ
1196 1978 1304 2031 τῶν
1331 1980 1423 2032 ὑπ’
1446 1978 1614 2032 αὑτοῦ
1638 1997 1935 2052 τερατουρ-

337 2072 622 2143 γηθέντων
646 2072 862 2136 οὐδενὸς
890 2074 959 2105 ἠ’
1001 2072 1138 2137 ὅλως
1170 2075 1390 2145 μνήμην
1421 2076 1733 2145 ἐποιήσατο.
1762 2068 1933 2139 Οὗτος

337 2169 469 2229 παῖς
499 2166 601 2237 μὲν
634 2162 703 2238 ἦν
726 2166 984 2222 Ἰουδαίου
1028 2167 1173 2231 τινὸς
1202 2166 1374 2238 ὄνομα
1412 2168 1695 2231 Hieron",
1720 2167 1931 2239 ἀνθρὼ-

338 2275 459 2313 πων
494 2259 577 2323 δὲ,
640 2259 718 2322 ὦς
762 2276 928 2330 φησιν
971 2258 1257 2329 Ἰώσηπος,
1309 2260 1775 2332 κακουργότατος,
1810 2279 1936 2332 χρη·

342 2355 532 2421 μάτων
578 2367 640 2404 τε
694 2351 791 2404 καὶ
837 2349 1045 2421 ήδονῶν
1100 2351 1303 2420 ἥττων.
1356 2350 1830 2405 Ἀντεπολιτεύετο
1875 2353 1934 2406 δὲ

340 2443 616 2513 Ἰωσήπῳ,
646 2442 740 2496 καὶ
774 2442 981 2505 πολλὰς
1006 2441 1127 2496 κατ’
1152 2443 1365 2496 ἐκείνου
1389 2444 1609 2512 λέγεται
1638 2445 1934 2511 ἐπιϐουλὰς

341 2536 543 2606 pidici“
579 2534 719 2589 ἀλλὰ
747 2535 840 2589 τόν
871 2552 935 2604 γε
960 2535 1245 2603 Ἰώσηπον,
1278 2536 1451 2591 καίτοι
1483 2539 1588 2591 ὑπὸ
1616 2541 1774 2611 χεῖρα
1802 2539 1935 2593 πολ-

340 2628 497 2691 λάκις
522 2628 760 2683 λαϐόντα
791 2627 884 2681 τὸν
929 2628 1145 2699 ἐχθρὸν,
1177 2630 1358 2698 λόγοις
1391 2630 1551 2700 μόνον
1593 2632 1933 2686 ὀνειδίσαντα

340 2720 528 2790 ἀπαθῆ
559 2720 751 2775 κακῶν
780 2722 1025 2790 ἀφεῖναι.
1062 2723 1175 2776 Καὶ
1200 2722 1298 2793 τὴν
1328 2725 1570 2795 ἱστορίαν
1593 2724 1669 2787 δὲ,
1697 2725 1766 2795 ἣν
1786 2726 1935 2778 εκεῖ-

340 2832 432 2878 νος
465 2814 522 2886 [9
556 2812 646 2887 IL]
677 2813 909 2884 ἔγραψε,
951 2814 1425 2886 πεπλασμένην⁷³⁹
1450 2818 1519 2869 τὰ
1542 2816 1772 2870 πλεῖστὰ
1800 2834 1934 2887 φασι

342 2910 669 2977 τυγχάνειν,
716 2908 812 2960 καὶ
873 2907 1112 2977 μάλιστα
1170 2902 1254 2971 οἷς
1304 2908 1396 2961 τὸν
1440 2908 1748 2978 Ῥωμαϊκὸν
1798 2910 1935 2981 πρὸς

340 3000 639 3063 Ἰουδαίους
689 2999 910 3065 διέξεισι
974 2999 1213 3072 πόλεμον
1258 3001 1354 3054 καὶ
1392 3000 1491 3072 τὴν
1547 2999 1935 3072 Ἰεροσολύμων

342 3094 565 3149 ἅλωσιν.

1058 3190 1181 3242 ΛΔ’.

774 3278 1139 3348 Ἀφρικανοῦ
1183 3280 1529 3350 Ἶστορικόν.

428 3368 767 3441 Ἀνεγνὼσθη
807 3370 1140 3441 Ἀφρικανοῦ
1171 3372 1523 3440 Ἰστορικόν.
1552 3370 1718 3439 Οὗτός
1739 3376 1888 3428 ἐστιν
1910 3376 1939 3429 δ

340 3459 444 3514 καὶ
489 3461 619 3523 τοὺς
672 3460 1002 3532 λεγομένους
1042 3463 1313 3529 Κεστοὺς
1343 3466 1400 3518 ὲν
1446 3466 1626 3534 λόγοις
1670 3467 1938 3533 συντάξας

347 3552 412 3605 ιδ’
435 3551 501 3581 ⁷⁸⁸
532 3552 725 3605 ἔστιδὲ
758 3552 1025 3623 σύντομος
1077 3554 1201 3623 μὲν,
1256 3556 1391 3609 ἀλλὰ
1421 3558 1590 3627 μηδὲν
1632 3558 1740 3610 τῶν
1770 3559 1939 3626 ἀναγ-

344 3645 518 3697 καίων
554 3645 909 3717 ἱστορηθῆναι
940 3648 1408 3718 παραλιμπάνων.
1449 3650 1717 3721 Ἀρχεται
1747 3650 1802 3704 δὲ
1828 3650 1937 3704 ἀπὸ

342 3737 449 3803 τῆς
489 3737 795 3805 Μωσαῖκῆς
843 3742 1237 3809 κοσμογενείας
1269 3742 1340 3804 ⁷⁸,
1379 3742 1475 3795 καὶ
1541 3744 1786 3795 κάτεισιν
1826 3742 1935 3807 ἓως

342 3827 445 3897 τῆς
474 3828 713 3896 Χριστοῦ
762 3831 1090 3899 παρουσίας.
1135 3831 1533 3905 Ἐπιτροχάδην
1553 3833 1609 3886 δὲ
1638 3834 1939 3905 διαλαμϐά-

340 3936 429 3971 νει
492 3920 589 3971 καὶ
633 3920 702 3973 τὰ
729 3922 837 3974 ἀπὸ
884 3923 1125 3993 Χριστοῦ
1173 3926 1335 3993 μέχρι
1378 3926 1477 3995 τῆς
1523 3927 1809 3997 Μακρίνου
1838 3927 1935 3981 τοῦ

352 4010 650 4081 Ῥωμαίων
684 4013 952 4083 βασιλέως
984 4016 1279 4087 βασιλείας,
1304 4015 1498 4089 [211ί.]
1534 4018 1621 4071 ὅτε
1654 4020 1825 4090 αὐτῷ,
1859 4020 1938 4085 ὥς

342 4118 483 4171 φησι
522 4144 538 4169 ,
592 4106 689 4158 καὶ
746 4106 841 4176 ἥδε
898 4109 931 4179 ἡ
989 4110 1282 4179 συγγραφὴ
1356 4110 1692 4165 συνετελείτο
1725 4154 1740 4180 ,
1797 4115 1938 4169 ἑτῶν

341 4189 486 4246 οὖσα
516 4193 710 4263 βψκγ.
742 4196 923 4268 Τεύχη
950 4197 1006 4251 δὲ
1035 4198 1096 4251 τὸ
1123 4199 1327 4268 βιϐλίον
1354 4200 1401 4232 ⁷⁸³
1430 4200 1615 4257 πέντε.

418 4367 593 4437 Οὗτος
636 4374 732 4427 xui.
766 4375 900 4446 πρὸς
939 4376 1223 4449 Ὠριγένην
1255 4378 1457 4449 γράφει
1508 4382 1635 4453 περὶ
1668 4384 1762 4437 τοῦ
1797 4387 1939 4438 κατὰ

342 4464 643 4521 Σωσὰνναν
663 4466 705 4497 ⁷⁷
736 4466 1099 4537 διηγήματος,
1144 4467 1219 4531 ὡς
1246 4470 1404 4522 oux"
1432 4471 1517 4540 εἴη
1567 4472 1715 4543 αὐτῷ
1746 4476 1802 4527 ὲν
1825 4478 1938 4538 τοῖς

2701 501 2944 558 XXXIII.

2101 592 2250 648 Justi
2286 595 2596 650 Iiberiemis
2639 595 2951 650 Iudaeorum
2991 609 3171 662 regum
3219 591 3542 649 Chronicon.

2102 686 2325 744 Lectum
2366 698 2451 742 est
2488 686 2628 743 Justi
2656 687 2989 742 Tiberiensis
3018 685 3130 757 (46)
3165 685 3483 751 Chronicon,
3522 703 3620 743 cu-

2023 780 2115 849 jus
2164 780 2449 850 inscriptio
2487 800 2501 834 :
2554 779 2699 834 Justi
2740 778 3058 834 Tiberiensis
3095 796 3273 849 regum
3303 778 3621 835 Judworum

2031 873 2123 944 qui
2162 873 2401 927 coronati
2426 872 2661 942 fuerunt.
2706 871 2808 926 Hic
2848 872 2883 925 e'
2912 872 3204 926 Tiberiade
3244 872 3485 928 Galilaea:
3515 891 3614 944 op-

2031 966 2157 1035 pido
2209 975 2388 1021 ortum
2458 980 2765 1036 nomenque
2837 966 3024 1020 traxit.
3067 966 3397 1034 Auspicatur
3451 967 3623 1020 histo-

2033 1060 2169 1112 riam
2207 1074 2235 1111 a
2272 1056 2480 1131 Moyse,
2513 1059 2873 1127 perducitque
2902 1057 2968 1111 ad
2988 1058 3192 1111 exitum
3225 1073 3398 1127 usque
3426 1060 3621 1128 Agrip—

2032 1165 2113 1220 pae
2132 1151 2349 1219 septimi
2376 1164 2407 1204 e
2434 1150 2641 1204 {attiilia
2680 1149 2933 1213 Herodis,
2965 1160 3019 1203 et
3051 1149 3401 1204 .Iudaicorum
3432 1165 3617 1220 regum

2032 1241 2315 1310 postremi,
2364 1241 2455 1310 qui
2490 1256 2715 1309 regnum
2754 1243 2854 1294 sub
2888 1240 3113 1295 Claudio
3154 1242 3367 1308 accepit
3396 1259 3411 1295 :
3446 1241 3622 1293 crevit

2031 1331 2135 1385 sub
2193 1329 2430 1398 Nerone,
2484 1332 2830 1401 ampliusque
2902 1332 3024 1385 dein
3085 1330 3187 1385 sub
3234 1328 3617 1398 Vespasiano:

2032 1424 2167 1477 obiit
2217 1432 2395 1478 autem
2449 1426 2613 1479 tertio
2665 1424 2884 1491 Trajani
2942 1438 3109 1485 anno,
3147 1437 3258 1492 quo
3288 1433 3342 1476 et
3376 1422 3620 1475 historiae

2032 1516 2160 1571 ﬁnis
2186 1516 2430 1570 ducitur.
2462 1516 2649 1588 Stylus
2690 1516 2813 1570 huic
2848 1518 3082 1569 maxime
3109 1516 3383 1578 concisus,
3413 1524 3467 1567 et
3510 1515 3621 1583 ple-

2035 1624 2204 1678 raque
2248 1609 2425 1664 relatu
2466 1625 2589 1665 cum
2640 1609 2833 1677 primis
2878 1610 3185 1664 necessaria
3229 1608 3617 1677 pra-termittil.

2032 1700 2323 1755 Communi
2376 1711 2559 1755 autem
2612 1700 2965 1755 Hebraeorum
3016 1701 3150 1754 vitio
3204 1700 3481 1764 laborans,
3532 1699 3623 1753 Ju-

2035 1794 2183 1848 daaus
2204 1810 2404 1865 genere
2425 1810 2549 1849 cum
2569 1804 2740 1858 esset,
2768 1796 2833 1847 de
2849 1794 3048 1849 Christi
3074 1795 3335 1855 adventu,
3359 1795 3531 1861 deque
3556 1794 3622 1848 iis

2036 1903 2158 1959 qua:
2208 1888 2311 1959 ipsi
2360 1888 2698 1951 acciderunt,
2737 1896 2831 1940 aut
2890 1887 2957 1941 de
2992 1885 3271 1940 miraculis
3310 1886 3498 1939 abillo
3524 1900 3621 1954 pa-

2040 1981 2221 2046 tratis,
2255 1980 2458 2035 nullam
2519 1996 2745 2052 prorsus
2776 1979 2901 2034 fecit
2954 1979 3303 2034 mentionem.
3333 1980 3620 2034 Parentem

2039 2072 2327 2128 Hebraaum
2357 2074 2644 2143 quemdam
2683 2073 2892 2135 habuit,
2932 2074 3017 2126 cui
3044 2071 3193 2126 Pisto
3226 2087 3421 2125 nomen
3444 2089 3458 2125 :
3481 2086 3623 2122 mor-

2038 2164 2229 2218 talium
2282 2163 2418 2233 ipse,
2454 2172 2512 2217 ut
2547 2161 2818 2233 Josephus
2862 2165 2959 2229 ait,
3009 2162 3394 2232 nequissimus,
3446 2170 3500 2215 et
3531 2177 3624 2230 pe-

2037 2259 2215 2312 cunia:
2279 2256 2563 2327 cupiditati
2614 2272 2680 2310 ac
2751 2256 2963 2310 libidini
3026 2258 3290 2311 serviens.
3334 2253 3623 2309 Contendit

2038 2349 2181 2403 idem
2211 2348 2264 2403 in
2296 2348 2573 2417 republica
2601 2364 2724 2403 cum
2752 2346 3009 2417 Josepho,
3040 2350 3129 2403 cui
3163 2347 3363 2402 multas
3386 2346 3623 2400 Struxis—

2037 2454 2097 2493 se
2128 2438 2352 2493 insidias
2396 2438 2572 2493 fertur
2631 2456 2645 2492 :
2686 2437 2956 2507 Josephus
3007 2448 3208 2503 tamen,
3247 2439 3336 2508 7a
3371 2438 3471 2493 etsi
3518 2452 3622 2490 sae-

2037 2545 2339 2605 penumero
2395 2532 2607 2587 hostem
2659 2532 3187 2602 comprehendisset,
3241 2531 3423 2587 verbis
3482 2533 3625 2584 dun-

2039 2634 2187 2679 taxat
2218 2625 2567 2695 castigatum,
2598 2624 2817 2693 impune
2840 2625 2993 2679 ahire
3026 2624 3290 2693 permisit.
3327 2624 3620 2677 Historiam

2036 2732 2187 2783 vero,
2245 2733 2410 2789 quam
2479 2719 2671 2783 texuit,
2735 2732 2986 2787 magnam
3053 2727 3263 2786 partem
3331 2718 3620 2770 conﬁctam

2037 2810 2212 2875 aiunt,
2265 2826 2440 2878 eaque
2488 2812 2835 2879 potissimum
2889 2810 3086 2878 quibus
3132 2809 3498 2862 Romanorum
3526 2806 3623 2859 ad-

2038 2919 2228 2959 versus
2288 2902 2503 2957 Judzeos
2559 2903 2756 2958 bellum
2826 2910 2881 2956 et
2928 2902 3429 2971 Hierosolymorum
3474 2900 3623 2954 exci-

2038 2998 2185 3052 dium
2222 2997 2589 3066 persequitur.

2705 3177 2949 3236 XXXIV.

2391 3271 2527 3326 Julii
2559 3270 2803 3339 Africani
2826 3266 3071 3335 historia,
3099 3278 3146 3321 et
3184 3267 3316 3322 alia.

2111 3364 2366 3436 Legimus
2415 3364 2657 3418 Africani
2712 3363 2854 3417 illius
2903 3361 3223 3425 Historiam,
3277 3360 3368 3430 qui
3418 3359 3621 3423 Cestos,

2038 3468 2098 3513 ut
2131 3459 2437 3521 nominant,
2492 3456 2647 3510 libris
2669 3454 3087 3525 quatuordeeim
3122 3452 3449 3520 composuit.
3487 3451 3625 3505 Con-

2039 3552 2186 3605 cisns
2212 3550 2430 3618 quidem
2459 3557 2565 3613 est,
2596 3547 2729 3601 nihil
2779 3558 2957 3600 tamen
3005 3544 3226 3614 cognitu
3258 3545 3621 3599 necessarium

2039 3642 2265 3696 omittit.
2319 3639 2517 3709 Incipit
2552 3654 2580 3691 a
2635 3637 2818 3691 mundi
2872 3636 3153 3690 creatione
3201 3636 3341 3704 apud
3377 3633 3621 3705 Moysen,

2039 3732 2392 3803 pervenitque
2422 3732 2488 3784 ad
2539 3743 2712 3798 usque
2732 3728 2935 3782 Christi
2973 3728 3285 3780 adventum.
3329 3724 3619 3780 Succincte

2040 3841 2257 3896 quoque
2287 3834 2681 3881 commemorat
2718 3832 2865 3895 gesta
2893 3822 3005 3887 jam
3039 3821 3163 3875 inde
3197 3835 3225 3873 a
3261 3819 3464 3873 Christi
3490 3830 3624 3873 ana-

2042 3930 2115 3984 te,
2160 3934 2331 3989 usque
2386 3918 2452 3971 ad
2507 3915 2729 3971 Macrini
2786 3913 3132 3983 imperatoris
3177 3921 3464 3980 tempora:
3515 3928 3625 3981 quo

2042 4023 2309 4082 tempore,
2343 4020 2403 4064 ut
2450 4010 2592 4063 idem
2630 4007 2884 4073 aﬂirmat,
2936 4008 3037 4060 hoc
3077 4005 3373 4061 Chronicon
3402 4007 3625 4059 absolu-

2042 4115 2153 4159 tum
2178 4113 2282 4165 est,
2318 4115 2589 4156 annorum
2627 4098 2840 4153 scilicet
2875 4096 3166 4167 quinquies
3208 4096 3380 4163 mille,
3418 4097 3627 4167 septin-

2041 4207 2327 4268 gentorum
2381 4203 2435 4247 et
2469 4192 2655 4260 viginti
2709 4192 2893 4244 trium.
2936 4189 3085 4259 Opus
3120 4188 3437 4243 universum
3471 4192 3627 4243 volu-

2042 4288 2283 4344 minibus
2310 4289 2550 4356 quinque
2576 4283 2909 4339 continetur.

2114 4380 2214 4435 Hic
2249 4391 2303 4434 et
2332 4380 2397 4432 ad
2443 4375 2733 4448 Origenem
2779 4375 3002 4443 scripsit
3043 4372 3111 4427 de
3161 4370 3424 4428 Susanna
3453 4375 3629 4427 histo-

2042 4472 2123 4526 ria
2153 4471 2293 4542 (47),
2344 4470 2489 4540 quod
2540 4470 2593 4523 in
2648 4467 2998 4522 Hebraeorum
3041 4465 3200 4520 libris
3243 4482 3351 4520 non
3395 4467 3628 4534 legatur,

361 4556 679 4623 Ἑϐραϊκοῖς
705 4559 1144 4630 ἀνεγνωσμένον,
1190 4564 1286 4614 καὶ
1315 4560 1391 4624 ὠς
1430 4562 1540 4614 οὐδ’
1565 4565 1609 4595 ⁷³
1642 4565 1933 4619 ἀκόλουθον

2042 4565 2374 4632 minimeque
2424 4561 2756 4616 conveniens
2810 4560 2880 4613 sit
2916 4557 3182 4612 llebralco
3230 4557 3528 4627 veriloquio
3568 4559 3630 4610 il-

340 4652 413 4718 τῇ
458 4650 722 4721 Ἑϐραῖκῇ
774 4652 1103 4724 ὲτυμολογίᾳ
1160 4650 1293 4705 οὔτε
1333 4654 1395 4705 τδ
1436 4654 1545 4706 ἀπὸ
1597 4655 1691 4708 τοῦ
1738 4655 1932 4728 πρίνου

342 4745 546 4810 πρῖσαι
590 4742 715 4796 οὔτε
747 4745 809 4797 τὸ
843 4746 951 4798 ἀπὸ
991 4745 1083 4799 τοῦ
1153 4746 1334 4816 σχίνου
1366 4739 1558 4817 ’σχίσαι
1584 4764 1599 4781 ο
1626 4749 1662 4803 ἃ
1692 4750 1786 4803 καὶ
1810 4752 1934 4804 ἐπι-

341 4832 612 4903 λυόμενος
631 4836 679 4867 ⁸ο
719 4837 1004 4909 Ὠριγένης
1031 4839 1358 4909 ἀντέγραψε.

2042 4657 2157 4723 Iud,
2214 4654 2352 4708 Ἀπὸ
2378 4653 2471 4707 τοῦ
2504 4653 2703 4723 πρίνου
2756 4651 2972 4723 πρίσαι,
3002 4650 3098 4703 καὶ
3150 4649 3259 4703 ἀπὸ
3308 4650 3400 4703 τοῦ
3445 4651 3627 4721 σχίνου

2045 4750 2251 4821 σχίσαι.
2308 4748 2440 4816 Quae
2488 4745 2765 4814 excipiens
2815 4743 3117 4814 Origenes,
3158 4742 3366 4814 scripto
3404 4744 3626 4799 refellit.

1664 4961 1900 5019 VARIAE
1941 4954 2346 5015 LECTIONES.

424 5089 812 5168 ‘_’_i'iozarov_g.
887 5094 936 5168 7°
965 5094 1265 5168 Τραϊανοῦ]
1296 5094 1391 5168 τοῦ
1443 5097 1608 5149 αὐτοῦ
1668 5096 1972 5153 Dodwellus
2025 5112 2113 5167 ap.
2153 5088 2889 5168 Spanhem.‘ad_.!osepb.de
2908 5089 3230 5168 Vitansuadu
3250 5088 3631 5168 :_z_10p.t-:ttqvo_5

344 5158 594 5233 Aldrich.
626 5168 692 5215 ad
720 5162 940 5231 Joseph.
965 5158 1170 5233 Balml.
1197 5158 1371 5231 2:14,
1395 5168 1449 5221 4.
1522 5169 1566 5198 ⁷¹
1602 5168 1847 5231 Ἰουδαῖός
1868 5186 1926 5221 τε
1950 5171 2042 5222 καὶ
2178 5158 2223 5198 ’³
2246 5167 2307 5219 τὸ
2326 5180 2437 5218 (nn.
2460 5163 2526 5217 A.
2559 5162 2625 5192 ⁷²⁹
2648 5158 2800 5216 οὐδὲν
2822 5162 2862 5213 Α
2887 5179 2901 5215 :
2925 5160 3105 5214 malim
3125 5159 3253 5233 ουδ’.
3275 5158 3536 5233 ⁷[πιστοῦ
3573 5166 3630 5211 ς’.

343 5228 418 5333 ’ζ’
458 5228 1012 5333 πεπλαρρένηνὲαεηιιο
1029 5232 1098 5307 ἦν
1128 5239 1279 5333 point
1303 5228 1369 5333 Ai
1395 5236 1703 5333 Lfgendum
1737 5228 1966 5333 lori—2:53
2001 5228 2174 5333 φησι.λ
2210 5234 2403 5333 οτέιςῖ]
2427 5233 2501 5287 κδ’
2544 5234 2740 5287 Suidas
2764 5248 2816 5286 ν.
2865 5232 3073 5333 χωρῶ

344 5318 377 5333 υ
407 5316 470 5333 ηρ
508 5318 546 5333 ρ
716 5320 808 5333 ολ..
881 5324 891 5333 .
992 5324 1049 5333 ι...
1082 5324 1114 5333 _
1169 5325 1193 5333 ..
1272 5322 1348 5333 ΑΛ.
1450 5308 1495 5333 ἰε
1533 5326 1545 5333 .
1578 5326 1632 5333 _-
1648 5308 1817 5333 ".2---
1971 5328 2092 5333 ..__‘
2119 5325 2147 5333 ρ
2248 5326 2259 5333 .
2301 5309 2320 5333 π
2358 5324 2414 5333 ρ..
2439 5306 2768 5333 -..ηημιηιηιιη
2934 5305 3073 5333 ,μιρή

344 5304 470 5379 νίας
507 5318 569 5365 ς-
716 5301 819 5379 τοῦ
845 5301 1241 5379 §t61i99'_g._ef.
1270 5309 1391 5361 coll.
1429 5301 1500 5361 56
1532 5326 1545 5363 :
1578 5308 1823 5362 τοσοῦτοι
1849 5309 1906 5361 δὲ
1938 5301 2092 5373 ὄντες
2117 5308 2177 5362 τὸ
2210 5301 2414 5379 βιϐλίον
2439 5306 2796 5376 τυγχάνουσι.
2865 5303 2908 5335 ⁷⁷
2934 5301 3184 5355 σωσὰναν
3202 5301 3271 5353 Α.

3294 5228 3341 5260 ⁷⁸
3367 5245 3637 5297 κοσμογε-

2236 5238 2283 5269 7‘
2318 5234 2403 5306 ιδ’]
2427 5233 2501 5287 κδ’
2544 5234 2740 5287 Suidas
2764 5248 2816 5286 ν.
2865 5230 3237 5330 Ἀφρικανός.Δ
3294 5230 3341 5260 ⁷⁵
3367 5245 3600 5330 κρσμογε

2249 5308 2319 5330 ,επ
2339 5308 2413 5330 ι--.
2439 5306 2768 5330 -..-....'.......-.
2935 5305 3184 5330 -..υ-,ιηηη
3443 5301 3541 5330 m’...
3574 5316 3600 5330 ..ι

3443 5317 3543 5353 ουκ
3574 5316 3641 5368 ην

346 5370 482 5423 αὐτὸ
516 5390 578 5436 ς.
654 5373 701 5405 ⁷⁸
731 5370 914 5441 οὐχ’ς.
989 5376 1035 5408 ⁸ο
1058 5370 1412 5448 ἐπιλυόμενος
1439 5393 1526 5448 mg
1558 5381 1854 5434 editionum
1888 5398 1902 5434 :
1938 5370 2335 5451 ἐπιλαϐόμενος
2362 5378 2430 5431 A.

1886 5494 2120 5552 NOTAE}.

428 5604 539 5674 (46)
605 5604 935 5680 Illeminitin
987 5606 1247 5680 Catalogo
1300 5610 1365 5666 Β.
1420 5609 1643 5665 Hieron.
1673 5625 1795 5680 cap.
1828 5611 1937 5676 H;

349 5672 649 5754 Iosephus
684 5678 812 5754 item
844 5678 924 5754 __i_u
998 5678 1114 5735 Vita
1171 5672 1270 5737 sua
1296 5694 1353 5737 et
1426 5672 1756 5751 Stephanus'
1794 5672 1938 5754 Περὶ

350 5744 581 5807 πόλεων,
618 5747 771 5801 Suid.
809 5747 1028 5815 aliique.

425 5816 535 5887 (47)
572 5816 703 5873 \‘ide
724 5816 975 5875 Bibliotlt.
1012 5820 1150 5879 Sixti
1188 5822 1421 5880 Senens.
1452 5821 1548 5878 lib.
1586 5838 1705 5889 vm,
1740 5823 1933 5879 haeres.

2048 5609 2080 5663 6
2115 5626 2131 5675 ;
2184 5608 2300 5665 Jac.
2338 5607 2643 5681 Pameltad
2694 5626 2815 5681 cap.
2866 5610 2902 5665 4
2931 5607 3160 5681 Tertull.
3194 5605 3267 5681 De
3305 5619 3500 5681 corona
3536 5601 3638 5653 mi-

2047 5682 2131 5733 lit.
2168 5692 2223 5733 et
2269 5682 2470 5735 Bened.
2551 5675 3051 5736 Pereanostrum
3110 5676 3328 5733 Przefat.
3396 5675 3488 5727 lib.
3550 5686 3637 5724 λη

2048 5750 2339 5804 Comment.
2372 5752 2427 5803 in
2455 5751 2594 5803 Dan.
2647 5752 2892 5805 AlriCani
2923 5754 3083 5819 epist.
3135 5764 3257 5803 cum
3305 5761 3449 5815 reSp.
3484 5742 3637 5812 Orig.

2045 5832 2229 5877 exstat
2260 5822 2313 5875 in
2342 5822 2584 5877 editione
2614 5838 2837 5892 operum
2861 5821 3135 5892 Origcuis.

3276 6048 3293 6077 Ι
