4100 6480
489 448 557 510 67
1628 445 1818 509 ΡΙΙΟΤ
1828 446 1886 505 ΙΙ
1925 446 2067 505 PAT

2179 446 2434 505 \RCIHE
2475 447 2583 506 CP.
3682 445 3754 506 63

565 560 795 629 Scripsit
820 575 1034 631 quoque
1065 560 1366 618 Africanus
1395 563 1461 617 ad
1489 563 1804 630 Aristidem,
1841 563 1929 616 ubi
1955 578 2074 632 quae

2246 567 2450 636 Γράφει
2475 568 2532 621 δὲ
2591 568 2917 638 Ἀφρικανὸς
2969 565 3064 619 καὶ
3113 565 3252 635 πρὸς
3312 562 3675 634 Ἀριστείδην,
3695 566 3758 616 ὲν

493 653 560 706 de
595 651 897 706 Salvatoris
926 655 1096 708 nostri
1145 655 1455 725 genealogia
1487 654 1794 708 Matthazum
1829 655 1973 708 inter
2005 663 2061 708 et

489 742 690 799 Lucam
751 747 1023 801 dissensio
1079 748 1398 818 putabatur,
1443 747 1645 802 nullam
1690 761 1810 802 esse
1847 746 2072 802 demon-

490 845 649 892 strat.

1182 930 1399 986 XXXV.

568 1019 810 1089 Philippi
857 1021 1053 1076 Sidctw
1083 1023 1400 1078 Christiana:
1421 1022 1679 1078 Historia:
1717 1023 1841 1076 libri
1873 1036 2018 1074 xxrv.

562 1106 784 1164 Lectum
842 1111 1076 1181 Philippi
1146 1114 1342 1167 Sidetze
1420 1130 1590 1182 opus,
1655 1114 1809 1181 cujus
1888 1113 2072 1166 titulus

492 1201 797 1255 Christiana
826 1203 1086 1270 Historia,
1131 1208 1299 1258 ducto
1335 1205 1462 1260 inde
1513 1206 1665 1260 initio
1701 1223 1713 1258 :
1747 1224 1764 1255 ι
1787 1204 1841 1257 ln
1876 1205 2077 1274 princi-

493 1294 582 1361 pio
621 1295 827 1346 creavit
857 1295 996 1347 Deus
1026 1297 1223 1349 emittm
1271 1308 1326 1350 et
1381 1308 1601 1350 terram.
1647 1315 1665 1347 ι
1696 1296 1763 1349 Et
1798 1296 2078 1364 persequi-

495 1393 584 1435 tur
631 1383 878 1438 Mosaicae
911 1387 1147 1439 historiae
1208 1389 1454 1456 quaedam
1482 1387 1777 1453 succincte,
1830 1387 2074 1456 quaedam

492 1476 713 1540 copiose
749 1491 762 1526 :
795 1475 982 1529 multis
1034 1477 1231 1545 ubique
1260 1476 1432 1528 verbis
1469 1490 1618 1529 usus.
1657 1474 1870 1531 Primus
1897 1485 2075 1530 autem

495 1563 630 1617 liber
663 1577 837 1618 tomos
871 1567 1115 1620 continet
1174 1577 1408 1636 quatuor
1455 1580 1508 1620 et
1561 1567 1750 1636 viginti
1782 1585 1796 1620 :
1831 1565 2078 1621 similiter

493 1667 547 1710 et
577 1658 763 1726 reliqui
797 1668 909 1711 tres
936 1671 989 1711 et
1025 1659 1210 1728 viginti
1236 1658 1381 1722 libri,
1407 1673 1547 1726 quos
1567 1659 1783 1728 quidem
1815 1659 2078 1713 hactenus

493 1747 730 1800 vidimus
759 1747 999 1814 (48-49).
1032 1748 1252 1801 Multum
1289 1749 1576 1802 admodum
1601 1750 1909 1813 verborum,
1960 1749 2076 1801 sine

493 1839 601 1891 ulla
635 1851 812 1893 tamen
848 1841 1156 1892 urbanitate
1190 1851 1283 1893 attt
1329 1842 1501 1909 gratia
1525 1841 1833 1910 profundit:
1871 1839 2002 1910 quin
2022 1847 2077 1893 et

493 1930 799 1983 satietatem
861 1930 1038 1993 all'ert,
1093 1942 1184 1983 aut
1247 1933 1425 2001 potius
1502 1933 1866 1988 molestiam:

493 2022 872 2074 ostentationis
915 2021 1036 2090 plus
1076 2022 1236 2076 habet
1275 2038 1434 2092 quam
1480 2025 1751 2080 utilitatis.
1773 2022 2001 2079 Inseruit
2020 2032 2076 2079 et

497 2116 727 2184 plurima
766 2115 1051 2168 historiam
1092 2117 1223 2170 nihil
1252 2119 1555 2183 attinentia,
1587 2129 1643 2170 ut
1700 2134 1806 2172 non
1851 2127 1957 2171 tam
1994 2117 2078 2172 Iti-

493 2208 887 2271 storiamesse,
918 2223 1079 2276 quam
1131 2207 1431 2262 alienorum
1480 2211 1813 2278 negotiorum
1861 2220 2075 2264 tracta-

496 2298 697 2350 tionem
759 2298 916 2366 (adeo
965 2302 1147 2368 inepte
1185 2299 1506 2368 ellunditur)
1541 2301 1768 2355 dixeris.
1827 2300 2076 2368 Equalis

491 2389 596 2444 fuit
651 2390 735 2460 7b
793 2391 1054 2455 Sisinnii,
1120 2403 1175 2446 et
1237 2390 1413 2445 Procli
1477 2393 1632 2462 (50),
1701 2394 2074 2462 episcoporum

495 2484 1016 2552 Constantinopolis.
1053 2485 1228 2552 Atque
1281 2484 1332 2538 in
1393 2486 1495 2540 hac
1555 2485 1772 2554 quidem
1822 2485 2080 2540 historica

494 2575 793 2644 scriptione
828 2591 969 2644 saepe
999 2574 1297 2630 Sisinnium
1324 2579 1637 2645 perstringit
1667 2577 1808 2646 (51);
1831 2577 1975 2646 quod
1998 2578 2078 2648 (ut

496 2665 696 2732 ferunt)
730 2670 853 2719 dum
890 2669 1032 2721 idem
1096 2683 1289 2722 munus
1351 2669 1464 2739 (52)
1514 2680 1740 2738 uterque
1793 2671 1989 2734 obiret,
2026 2678 2081 2724 et

493 2758 803 2826 eloquentia
839 2759 1040 2824 primas
1071 2769 1253 2812 tenere
1283 2758 1870 2828 Philippusvideretur,
1901 2758 2078 2814 Sisin-

494 2851 616 2902 nius
672 2861 848 2904 tamen
879 2851 930 2904 in
983 2851 1398 2919 patriarchalem
1446 2853 1628 2907 sedem
1667 2852 1777 2922 (55)
1822 2852 2078 2921 ρτωιειιυε

493 2937 660 2993 fuerit
689 2939 828 3009 (54).

1160 3053 1402 3110 XXXVI.

1919 1943 2080 2001 atque
2113 1932 2151 1986 Β

2174 651 2254 719 οἷς
2273 658 2472 719 ἱκανῶς
2493 658 2589 728 τὴν
2609 657 2976 728 νομιζομένην
2997 655 3295 725 διαφωνίαν
3322 653 3476 724 παρὰ
3492 653 3758 723 Ματθαίῳ

2176 749 2270 801 καὶ
2309 749 2494 818 Λουκᾷ
2522 750 2653 819 περὶ
2684 750 2786 820 τῆς
2809 749 2904 803 τοῦ
2941 749 3193 820 Σωτῆρος
3221 745 3378 817 ἡμῶν
3402 744 3759 814 γενεαλογίας

2175 838 2470 910 σύμφωνον
2491 841 2716 906 ἔδειξεν.

2876 934 2998 986 ΛΕ’.

2326 1025 2628 1078 Φιλίππου
2647 1024 2890 1079 Σιδέτου
2920 1029 3307 1094 Χριστιανικὴ
3345 1026 3614 1093 Ἱστορία.

2259 1115 2599 1186 Ἀνεγνώσθη
2657 1115 2862 1185 βιϐλίον
2914 1118 3181 1172 Φιλίππου
3219 1119 3458 1180 Σιδέτου,
3492 1110 3609 1186 οὒή
3639 1115 3759 1167 ἑπι-

2175 1208 2362 1277 γραφὴ
2385 1208 2772 1275 Χριστιανικὴ
2799 1209 3066 1276 Ἱστορία.
3087 1211 3419 1280 Ἀπάρχεται
3435 1208 3490 1260 δὲ
3509 1208 3615 1260 ἀπὸ
3641 1205 3758 1270 τοῦ,

2184 1318 2202 1350 ι
2246 1300 2333 1351 Ἐν
2377 1301 2516 1370 ἀρχῇ
2550 1301 2806 1370 ἐποίησεν
2853 1303 2879 1354 ὁ
2922 1301 3053 1365 Θεος
3093 1301 3204 1374 [τὸν
3255 1302 3482 1373 οὐρανὸν
3522 1300 3613 1352 καὶ
3661 1299 3762 1366 τὴν

2178 1390 2280 1458 γῆν
2298 1391 2340 1422 ⁸¹
2353 1389 2391 1462 ,]
2408 1411 2424 1440 ι
2454 1393 2546 1444 καὶ
2560 1391 2778 1457 διέξεισι
2792 1391 2858 1444 τὰ
2879 1391 2978 1462 μὲν
3004 1394 3313 1462 συντέμνων
3327 1392 3395 1445 τὰ
3409 1392 3462 1444 δὲ
3478 1390 3763 1444 πλατύνων

2177 1483 2274 1553 τὴν
2308 1483 2608 1553 Ῐιίωσαῖκὴν
2660 1484 2920 1554 ἱστορίαν,
2976 1487 3125 1554 ὅμως
3150 1485 3245 1538 οὖν
3275 1484 3506 1546 πολλοὺς
3528 1485 3584 1535 ὲν
3615 1483 3752 1534 πᾶσι

2178 1572 2368 1640 λόγους
2391 1573 2717 1625 ἀναλίσκων.
2737 1573 2799 1624 Ἦ
2831 1573 3023 1643 πρώτη
3052 1570 3146 1626 οὖν
3168 1573 3332 1627 αὑτοῦ
3365 1573 3547 1644 βίϐλος
3569 1571 3763 1638 λόγους

2179 1665 2485 1736 περιέχει⁸³
2523 1665 2629 1719 κδ’·
2667 1666 2930 1730 ὡσαύτως
2963 1667 3020 1720 δὲ
3069 1669 3162 1721 καὶ
3193 1669 3247 1720 αἱ
3274 1667 3430 1721 ἄλλαι
3481 1665 3645 1719 αὐτοῦ
3676 1669 3764 1730 κγ’

2182 1757 2354 1827 βίϐλοι
2387 1758 2490 1810 ἀνὰ
2527 1756 2702 1825 λόγων
2734 1756 2831 1819 κδ’,
2869 1757 2935 1820 ἃς
2963 1757 3102 1820 τέως
3131 1761 3296 1827 ἡμεῖς
3329 1757 3567 1826 εἴδομεν.
3604 1754 3762 1806 Ἐστι

2179 1849 2234 1901 δὲ
2259 1848 2520 1918 πολύχους
2575 1852 2697 1912 ταῖς
2756 1849 2985 1913 λέξεσιν,
3021 1851 3121 1903 οὐκ
3158 1853 3372 1913 ἀστεῖος
3396 1851 3452 1902 δὲ
3486 1848 3608 1901 οὐδὲ
3644 1846 3764 1900 ἐπί-

2181 1959 2361 2012 χαρις,
2390 1941 2526 1996 ἀλλὰ
2574 1942 2665 1994 καὶ
2715 1943 3051 2013 προσκορὴς,
3103 1942 3305 2012 μᾶλλον
3333 1941 3390 1994 δὲ
3421 1939 3517 1993 καὶ
3560 1939 3760 2009 ἀηδὴς,

2182 2035 2275 2088 καλ⁸
2304 2034 2672 2096 ἐπιδεικτικὺς
2732 2033 2934 2103 μᾶλλον
2966 2035 2998 2104 ἢ
3030 2033 3328 2104 ὠφέλιμος,
3373 2033 3468 2085 καὶ
3495 2047 3762 2102 παρεντι-

2183 2129 2294 2192 Θεὶς
2310 2129 2354 2160 ⁸⁸
2382 2129 2454 2192 ὡς
2487 2129 2714 2181 πλεῖστα
2765 2129 2930 2199 μηδὲν
2962 2129 3098 2199 πρὸς
3140 2130 3237 2199 τὴν
3269 2126 3512 2197 ἱστορίαν
3551 2123 3765 2177 συντείο

2180 2238 2359 2286 νοντα,
2391 2221 2467 2283 ὡς
2493 2221 2644 2272 οὐδὲν
2672 2220 2872 2290 μᾶλλον
2918 2219 3160 2290 ἱστορίαν
3185 2215 3324 2272 εἶναι
3351 2217 3384 2288 ἢ
3416 2215 3764 2287 πραγμάτων

2181 2314 2384 2383 ἑτέρων
2444 2312 2544 2382 τὴν
2607 2313 2995 2382 πραγματείαν
3026 2312 3300 2382 διάληψιν
3331 2310 3505 2372 οὕτως
3538 2310 3764 2376 ἀπειρο-

2182 2406 2362 2468 κάλως
2417 2405 2731 2475 ἐκκέχυται.
2765 2404 3068 2474 Σύγχρονος
3099 2405 3154 2457 δὲ
3181 2403 3447 2456 Σισιννίου
3480 2401 3576 2455 καὶ
3611 2400 3760 2470 Πρό-

2181 2497 2333 2561 κλου,
2405 2496 2454 2548 οἳ
2501 2495 3128 2558 Κωνσταντινουπόλεως
3188 2493 3593 2562 ὲπεσκόπησαν.
3676 2490 3766 2542 Ἐν

2179 2589 2334 2658 δὲτῇ
2362 2587 2523 2640 αὐτοῦ
2577 2589 2675 2658 τῆς
2709 2589 2949 2660 ἱστορίας
2997 2589 3290 2659 συγγραφῇ
3338 2585 3541 2654 πολλὴν
3589 2599 3767 2637 κατα-

2179 2681 2386 2750 δρομὴν
2435 2682 2700 2733 Σισιννίου
2751 2685 3006 2747 ποιεῖται,
3057 2681 3139 2734 ὅτι
3197 2679 3288 2732 τὸν
3342 2677 3506 2731 αὑτὸν
3559 2675 3766 2745 κλῆρον

2182 2769 2349 2839 ἄμφω
2378 2769 2750 2841 πληρούντων,
2780 2771 2883 2824 κάν
2931 2770 3112 2837 λόγοις
3167 2764 3468 2838 πρωτεύειν
3493 2761 3768 2814 Φιλίππου

2182 2862 2486 2926 δοκοῦντος,
2549 2863 2836 2926 Σισίννιος,
2891 2863 3078 2933 φασὶν,
3132 2862 3214 2924 είς
3249 2858 3342 2913 τὸν
3375 2853 3766 2928 ἀρχιερατικδν

2184 2952 2373 3024 θρόνον
2403 2953 2705 3018 ἐξείλεκται
2723 2954 2790 3009 ⁸⁸.

2865 3065 3009 3135 ΔΕΓ.

495 3143 919 3199 Christianorum
951 3146 1101 3210 liber,
1135 3146 1450 3201 Octateuchi
1490 3149 1746 3217 expositio
1794 3149 1942 3204 libris
1970 3163 2071 3203 stt.

2183 3155 2445 3221 Βιϐλίων,
2472 3149 2544 3211 οὗ
2575 3157 2895 3228 ἐπιγραφὴ,
2927 3124 3301 3227 ἀριστιανῶν
3319 3158 3560 3223 βίϐλος,
3586 3155 3770 3224 ἑρμη-

573 3317 771 3374 Lectus
815 3320 951 3374 liber
990 3329 1094 3384 est,
1148 3320 1238 3388 qui
1271 3321 1589 3376 inscribitur
1647 3322 2072 3376 Christianorum

497 3410 673 3475 Liber,
723 3411 1035 3465 Octateuchi
1086 3414 1365 3482 expositio.
1417 3414 1694 3483 Pamphilo
1737 3417 1948 3470 cuidam
1985 3417 2075 3470 de-

495 3505 698 3558 dicavit
723 3518 848 3557 eum
887 3514 1100 3571 auctor,
1142 3505 1232 3574 qui
1291 3504 1491 3561 Justini
1544 3508 1910 3562 Romanorum
1973 3509 2076 3562 im-

2541 3231 2674 3285 νεία
2717 3232 2804 3296 εἰς
2828 3228 2945 3297 τὴν
2987 3228 3405 3296 Ὀκτὰτευχον.

2267 3323 2602 3394 ’Λνεγνώσθη
2632 3320 2855 3391 βιϐλίον,
2885 3312 2945 3373 οὗ
2969 3321 3002 3388 ἠ
3031 3320 3314 3388 ἐπιγραφὴ
3346 3314 3768 3385 Χριστιανοῦ⁸⁵

2176 3417 2414 3482 βίϐλος,
2434 3413 2715 3484 ἑρμηνεία
2736 3413 2823 3473 είς
2851 3409 3382 3478 τὴνὌκτὰτευχον·
3413 3408 3684 3479 Παμφίλῳ
3709 3407 3769 3459 δέ

2183 3527 2290 3562 τινι
2347 3507 2664 3580 προσφωνεῖ
2691 3505 2752 3558 τὸ
2783 3503 3006 3574 βιϐλίον.
3067 3499 3176 3555 Ἦν
3203 3502 3260 3556 δὲ
3282 3503 3404 3566 ταῖς
3475 3500 3772 3554 Ἰουστίνου

1739 3679 1976 3734 VARle
2016 3679 2426 3736 LECTIONES.

568 3766 612 3798 8|
638 3766 729 3842 τρν
751 3768 978 3837 οὐρανὸν
1007 3770 1104 3842 καὶ
1134 3769 1235 3838 τὴν
1262 3770 1364 3840 γῆν
1393 3785 1503 3826 om.
1550 3773 1618 3826 Λ.
1692 3771 1987 3842 ⁸¹περιέχει
2024 3772 2215 3841 λόγους
2239 3791 2300 3836 ς.
2361 3774 2407 3804 ⁸³
2434 3770 2788 3842 παρεντεθεὶς
2821 3788 2883 3834 ς.

1837 3843 1850 3857 V

499 3838 733 3910 στιανὼν
760 3857 821 3903 ς.
861 3856 980 3891 etttn
1011 3839 1204 3893 librum
1235 3838 1534 3894 tib-Allatio
1565 3857 1782 3910 quoque

2986 3770 3398 3839 1³⁸ἐξιελὴλεκται.
3428 3769 3472 3822 Α
3571 3766 3618 3798 ⁸⁸
3645 3787 3767 3839 χρι-

1862 3840 2336 3910 ιιιοιειίιιοοιιὶιιειιη
2364 3858 2409 3897 s.
2433 3840 2711 3897 Christino
2741 3842 2928 3895 datum
2976 3856 3122 3896 nunc
3157 3840 3380 3895 inscribi
3421 3840 3620 3910 Κοσμᾶ
3646 3858 3768 3910 χρι-

500 3907 784 3980 στιανικὴν
811 3910 1211 3980 τοπογραφίαν,
1250 3907 1752 3966 ιιιοιιειιῖυὺιίεὶυε
1815 3911 1877 3965 Β.
1908 3909 2002 3965 Gr.
2033 3922 2074 3967 l.
2099 3913 2154 3978 4,
2185 3913 2363 3982 ρ.545
2388 3916 2474 3967 ed.
2513 3911 2726 3967 llarles.

1995 4048 2223 4107 NOTAE.

571 4175 786 4246 (48-49)
817 4175 951 4230 Nam
990 4177 1058 4231 37
1095 4177 1328 4233 edidisse
1374 4187 1566 4234 auctor
1594 4190 1678 4234 est
1706 4178 1983 4244 Socrates,
2023 4189 2080 4236 et

497 4261 561 4302 ex
585 4247 684 4317 illo
713 4247 938 4317 Niceph.

573 4316 683 4387 (50)
709 4316 1075 4384 Cumquibus,
1108 4327 1170 4372 ut
1221 4327 1278 4373 et
1336 4333 1459 4374 cum
1509 4318 1784 4384 Nestorio,
1835 4318 1902 4372 de
1949 4319 2079 4373 sede

496 4388 1096 4455 Constantinopolitana
1137 4390 1432 4444 contendit.
1498 4390 1765 4445 Auctores
1818 4389 2075 4445 Socrates

495 4467 552 4514 et
575 4457 928 4525 Nicephorus.

569 4528 680 4596 (51)
715 4529 822 4599 Imo
855 4537 908 4580 et
931 4529 1212 4596 episcopos
1237 4528 1334 4599 qui
1366 4529 1743 4594 ordinassent,
1789 4537 1844 4584 et
1901 4543 2074 4599 popu-

497 4598 608 4653 lum
643 4599 742 4669 ιιιιί
774 4598 1045 4669 elegisset.
1081 4599 1295 4653 Socrat.
1327 4598 1422 4654 lib.
1453 4615 1548 4664 vn,
1589 4614 1712 4669 cap.
1752 4599 1844 4654 29.

571 4668 684 4736 (52)
704 4667 1052 4736 l’resbyterii.

570 4739 682 4807 (55)
710 4741 969 4792 Defuncto
1001 4740 1202 4794 Attico.

509 4841 513 4846 -
569 4810 683 4877 (54)
729 4808 908 4860 Visum
943 4819 1028 4860 est
1054 4811 1294 4863 inserere
1320 4808 1566 4864 Socratis
1609 4809 1705 4864 lib.
1751 4827 1825 4866 \‘ll
1865 4809 2068 4863 Eccles.

500 4879 705 4933 Histor.
737 4894 855 4946 cap.
886 4877 978 4944 27,
1019 4881 1164 4948 quod
1192 4881 1315 4932 huic
1351 4895 1487 4948 pene
1516 4882 1790 4950 geminum
1819 4882 1909 4944 sit,
1935 4889 2070 4933 etex

499 4949 909 5022 comparatiorte
947 4965 1127 5022 operte
1162 4952 1394 5019 pretium
1421 4949 1544 5022 liat’;
1574 4969 1591 5001 ι
1624 4952 1903 5022 Philippus
1929 4951 2072 5002 Sida:

498 5017 649 5074 ortus
673 5020 792 5092 l:t_tit.
821 5017 947 5092 Haec
968 5017 1183 5092 quidem
1207 5031 1289 5075 est
1311 5022 1502 5092 civitas
1531 5017 1881 5092 Pamphyliae,
1901 5022 2071 5088 inqua

499 5092 662 5144 etiam
688 5089 976 5158 'l‘rophilus
1003 5089 1240 5158 (Troilus
1273 5091 1466 5145 melius
1506 5089 1678 5145 habet
1706 5089 1954 5160 Niceph.)
1979 5107 2070 5144 so-

500 5162 678 5230 phista
705 5170 861 5212 natus
881 5161 1098 5230 dicitur,
1134 5163 1215 5212 cui
1251 5175 1306 5213 se
1332 5161 1924 5230 Philippuscognatum
1951 5176 2073 5214 esse

501 5229 764 5296 gloriatus
801 5239 904 5282 est.
943 5229 1041 5282 llic
1086 5231 1368 5298 Philippus
1425 5229 1546 5283 cum
1596 5229 1739 5284 esset
1786 5234 2066 5294 diaconus,

501 5300 726 5354 Joannis
781 5298 1202 5370 (Chrysostomi)
1248 5301 1484 5369 episcopi
1525 5303 1934 5366 consuetudine,
1965 5318 2069 5371 qua

504 5373 731 5424 multum
783 5385 914 5422 usus
946 5381 1047 5435 est,
1100 5371 1381 5439 impulsus,
1419 5373 1471 5424 itt
1527 5372 1722 5424 studiis
1766 5372 2068 5425 litterarum

501 5441 827 5510 permultum
869 5443 1056 5510 operis
1108 5449 1161 5492 et
1195 5442 1392 5493 laboris
1426 5441 1727 5504 collocavit,
1765 5443 2071 5508 multosque

498 5509 553 5564 et
591 5513 771 5563 varios
792 5509 1055 5578 cujusque
1095 5513 1314 5578 generis
1342 5512 1508 5565 libros
1539 5514 1590 5564 in
1626 5527 1788 5564 unum
1829 5512 2068 5578 collegit,

500 5593 664 5649 atque
707 5581 1005 5634 Asiaticum
1055 5582 1266 5634 dicendi
1314 5597 1483 5650 genus
1515 5583 1755 5638 studiose
1805 5584 2068 5645 imitatus,

501 5651 668 5704 multa
729 5651 1075 5718 conscripsit.
1114 5651 1178 5704 Et
1212 5667 1318 5720 quo
1364 5651 1564 5705 Juliani
1608 5653 1736 5720 imp.
1784 5652 1949 5705 libros
1985 5667 2072 5706 re-

501 5720 736 5791 felleret,
759 5735 897 5788 opus
937 5724 1124 5787 etiam,
1177 5723 1319 5791 quod
1368 5722 1660 5776 Historiam
1709 5721 2071 5777 Christianam

500 5789 853 5862 inscribendo
882 5789 1207 5862 composuit,
1232 5792 1396 5862 inque
1420 5793 1640 5860 triginta
1667 5809 1759 5847 sex
1782 5795 1950 5846 libros
1969 5793 2075 5846 dis-

507 5861 718 5934 tribuit.
765 5859 975 5932 Singuli
1008 5863 1135 5934 libri
1186 5859 1362 5918 tomos
1417 5859 1724 5934 complures
1769 5865 2070 5927 continent,

514 5931 650 5985 adeo
683 5939 737 5985 ut
764 5931 953 5992 omnes
973 5933 1133 5988 simul
1163 5948 1329 6004 prope
1373 5933 1519 5992 mille
1544 5931 1793 5991 'uumero
1819 5935 1945 5990 sint.
1965 5935 2091 6010 Ar-_

2177 4193 2488 4254 gumentum
2522 4182 2682 4235 etiam
2714 4180 2978 4254 cujusque
3031 4179 3162 4254 tomi
3192 4186 3398 4254 tomum
3441 4181 3615 4247 ipsum
3665 4181 3764 4254 ad-

2177 4249 2376 4320 aequat.
2400 4249 2793 4319 (Nicephorum
2830 4249 2916 4305 hic
2951 4253 3057 4306 duo
3087 4250 3631 4320 distinxisse_opera,
3661 4249 3761 4299 oh-

2174 4317 2332 4376 servo
2364 4341 2376 4374 :
2405 4317 2573 4388 Opus,
2605 4323 2800 4388 inquit,
2826 4322 3189 4390 magniﬁcum,
3212 4321 3264 4371 in
3286 4335 3386 4386 quo
3404 4317 3614 4390 Iuliani
3633 4333 3762 4370 cort-

2175 4403 2256 4444 tra
2271 4409 2425 4446 sacra
2444 4392 2615 4444 Biblia
2630 4394 2881 4459 scriptum
2904 4389 3110 4454 evertit,
3127 4392 3360 4458 reliquit.
3381 4389 3539 4442 Aliud
3553 4403 3764 4455 quoque

2173 4462 2411 4514 volumen
2436 4465 2749 4530 composuit,
2772 4463 2912 4531 quod
2938 4460 3322 4531 Clll‘lslltllLalll
3341 4460 3624 4531 historiam
3663 4476 3760 4531 ηοτ

2172 4532 2436 4603 miliarii.)
2467 4527 2574 4585 Iloc
2595 4547 2727 4600 Opus
2756 4527 2857 4584 n'on
2883 4531 3170 4584 Historiam
3196 4528 3645 4603 Ecclesittsticam,
3667 4527 3761 4580 sed

2173 4599 2532 4655 Christianam
2587 4603 2880 4669 inscripsit,
2919 4603 3225 4667 multasque
3259 4610 3314 4651 et
3365 4614 3541 4669 varias
3591 4599 3760 4669 ineo

2103 4683 2153 4742 υ
2179 4673 2447 4739 congessit
2465 4673 2717 4725 materias
2735 4667 2831 4726 :eo
2848 4673 3062 4740 quidem
3081 4671 3329 4742 consilio,
3348 4681 3406 4721 ut
3423 4685 3478 4742 se
3497 4667 3760 4742 doctrina:

2181 4743 2618 4810 pllilOSupllOl‘um
2683 4758 2787 4793 non
2865 4739 3138 4807 expertem
3192 4740 3359 4794 fuisse
3432 4739 3757 4810 declararet.

2172 4808 2508 4880 Quapropter
2522 4813 2909 4878 praeceptioocs
2923 4812 3320 4878 grammaticas,
3338 4808 3759 4880 astronomicas,

2172 4877 2538 4936 aritl'nne'ticas
2559 4895 2611 4936 et
2634 4877 2866 4936 musicas
2889 4877 3080 4935 crebro
3098 4881 3245 4932 citat.
3262 4881 3400 4946 Quin
3418 4879 3581 4932 etiam
3603 4877 3761 4930 insu-

2175 4952 2276 5014 las,
2299 4964 2527 5012 montes,
2556 4963 2608 5006 et
2644 4952 2776 5005 alias
2805 4968 2891 5006 res
2925 4968 3028 5004 non
3058 4951 3233 5018 magni
3259 4948 3515 5002 momenti
3543 4948 3757 5000 descri-

2173 5021 2271 5085 bit;
2297 5024 2435 5075 unde
2459 5037 2591 5090 opus
2611 5022 2851 5076 inﬂatum
2875 5033 2928 5074 et
2949 5017 3163 5089 plenum
3187 5021 3359 5074 inanis
3373 5017 3760 5090 ostentationis

2177 5091 2373 5144 factum
2401 5089 2507 5146 (εει.
2539 5094 2718 5158 Quare
2745 5094 2788 5145 si
2817 5092 2945 5158 quid
2979 5107 3080 5160 ego
3113 5090 3318 5158 judico,
3353 5104 3531 5160 neque
3556 5089 3754 5160 doctis,

2175 5178 2349 5229 neque
2393 5157 2625 5216 indoctis
2659 5157 2918 5230 prodeSse
2952 5157 3168 5230 poterit.
3208 5162 3414 5228 Quippe
3445 5157 3647 5230 indocti
3675 5157 3758 5230 in:

2174 5226 2434 5285 solentem
2461 5232 2626 5293 illam,
2658 5226 2712 5285 et
2731 5233 2898 5284 nimio
2921 5226 3152 5284 artilicio
3182 5226 3509 5282 elaboratam
3539 5226 3755 5280 dicendi

2175 5304 2461 5366 rationem,
2482 5319 2600 5370 qua:
2619 5306 2671 5355 in
2696 5317 2759 5354 eo
2777 5311 2878 5364 est,
2895 5302 3133 5353 animum
3151 5303 3430 5352 advertere
3449 5306 3745 5366 nequeunt;

2175 5373 2316 5424 docti
2367 5383 2544 5426 autem
2603 5373 2850 5426 crebram
2899 5372 3211 5424 eorumdem
3250 5370 3536 5422 verborum
3587 5383 3757 5432 repe~

2175 5443 2443 5505 titionem,
2473 5459 2590 5512 qua:
2615 5444 2664 5495 in
2697 5442 2787 5496 illo
2809 5456 3122 5507 usurpatur,
3145 5437 3746 5512 condemttabmtt._C-.e-

2178 5521 2349 5564 terum
2378 5507 2606 5581 quisque
2639 5512 2704 5565 de
2724 5513 2876 5566 libris
2911 5512 3016 5565 illis
3039 5526 3134 5580 pro
3168 5512 3434 5562 arbitratu
3461 5523 3558 5581 suo
3605 5507 3749 5574 judi-

2179 5582 2320 5635 cium
2354 5579 2537 5640 faciat;
2577 5583 2835 5637 Ordinem
2879 5597 3005 5635 vero
3042 5579 3385 5649 temporum,
3437 5579 3633 5649 quibus
3651 5592 3753 5649 res

2176 5653 2524 5718 gerebantur,
2552 5657 2619 5706 ab
2654 5667 2719 5706 eo
2773 5651 3055 5707 confusum
3089 5647 3209 5705 esse
3234 5688 3249 5713 ,
3314 5651 3488 5702 audeo
3536 5647 3754 5715 quidem

2176 5722 2462 5776 allirmare.
2503 5722 2634 5776 Nam
2658 5725 2993 5776 temporibus
3024 5719 3311 5775 Theodosii
3357 5731 3756 5772 commemora-

2177 5794 2269 5866 tis,
2300 5797 2365 5846 ad
2399 5803 2667 5866 tempora
2705 5785 2953 5864 (Magni,
2989 5793 3138 5866 addit
3185 5789 3434 5866 Niceph.)
3470 5785 3754 5866 Athanasii

2176 5864 2412 5987 cipiscopi
2463 5859 2723 5921 recurrit.
2747 5859 2899 5930 Quod
2954 5863 3190 5934 quidem.
3223 5860 3289 5915 ab
3335 5859 3426 5915 illo
3463 5859 3759 5929 saepissime

2202 5944 2379 5987 ειριιιιιι
2411 5945 2514 5987 881.
2544 5954 2563 5987 ι

2202 5944 2379 5990 actum
2411 5945 2514 5992 est.
2544 5954 2563 5987 ι
