4100 6428
314 409 382 475 69
1205 403 1736 465 BIBLIOTHECA.
1765 405 2068 467 —CODD.
2107 406 2673 469 XXXV-XXXVIII.
3518 405 3593 472 ’10

318 524 409 580 τοῦ
485 520 773 592 Ῥωμαίων
816 519 865 551 ⁸⁸
918 519 1183 590 βασιλέως
1258 518 1497 591 ἡμέραις
1563 519 1906 590 ὲνακμάζων.

2016 522 2287 590 peratoris
2332 522 2669 594 temporibus
2713 521 2912 579 lioruit.
2969 522 3162 595 Incipit
3202 538 3367 597 super
3412 529 3589 584 eccle-

326 614 651 686 ’Δπὰρχεται
671 612 771 682 μὲν
787 612 832 645 ⁸⁷
855 607 949 666 οῦν
966 612 1011 643 ⁸⁸
1032 612 1173 683 ὺπέρ
1186 614 1231 645 ⁸⁸
1247 607 1411 666 τινων
1432 612 1602 683 ὲκκλη
1611 612 1909 666 σιαστικῶν

312 708 597 777 δογμάτων
658 706 995 776 Γραφικαῖς,
1037 705 1113 769 ὡς
1144 705 1343 769 ἐδόκει,
1399 704 1726 775 μαρτυρίαις
1759 706 1907 772 ἀγω-

312 798 575 863 νίζεσθαι·
598 796 716 851 ἐστι
746 800 806 852 δὲ
831 801 1089 860 ταπεινὸς
1110 799 1211 868 τὴν
1241 795 1447 866 φράσιν
1475 797 1573 851 καὶ
1597 796 1909 863 συντάξεως

314 889 433 942 οὐδὲ
469 888 568 957 τῆς
631 891 824 958 κοινῆς
880 888 1149 958 μετέχων.
1185 887 1351 941 Ἀλλὰ
1379 887 1475 942 καί
1502 904 1625 941 τινα
1645 888 1788 941 κατὰ
1806 887 1906 961 τὴν

314 980 553 1049 ἱστορίαν
597 978 690 1051 [24
721 978 817 1052 IL]
875 981 1120 1035 ἀπίθανα
1182 980 1501 1051 συντίθησι·
1560 980 1645 1034 διὸ
1693 982 1789 1035 καί⁹
1810 998 1908 1051 μυ-

312 1074 603 1141 Θικώτερον
664 1072 870 1147 μᾶλλον
902 1073 936 1145 ἢ
967 1072 1336 1146 ἀληθέστερον
1378 1072 1640 1143 ήγεῖσθαι
1687 1073 1779 1126 τὸν
1812 1073 1908 1128 ἄν-

311 1164 525 1234 θρωπον
577 1161 812 1218 δίκαιον.
849 1162 1024 1235 ’Υπὲρ
1056 1158 1133 1218 ὧν
1178 1166 1235 1218 δὲ
1287 1165 1539 1237 δόγματα
1601 1167 1902 1233 ἐνίσταται,

308 1256 420 1308 ἐστι
462 1253 664 1319 ταῦτα,
694 1255 778 1309 ὅτι
807 1254 837 1306 ὁ
871 1256 1102 1327 οὐρανὸς
1142 1256 1245 1310 οὑκ
1272 1256 1388 1311 ἐστι
1416 1259 1449 1327 ή
1476 1258 1569 1327 γῆ,
1601 1256 1716 1310 ἀλλ’
1746 1259 1774 1310 ὀ
1806 1257 1905 1328 μὲν

309 1345 435 1398 ὡσεὶ
491 1344 744 1414 καμάρα,
779 1346 814 1415 ἠ
843 1344 900 1398 δὲ
931 1346 1301 1417 ἑτερομήκης,
1339 1346 1437 1401 καὶ
1482 1346 1809 1417 κεκόλληται
1837 1348 1905 1402 τὰ

311 1437 520 1509 πέρατα
541 1435 640 1509 [10
657 1435 753 1509 Η.]
774 1438 869 1491 τοῦ
895 1437 1130 1508 οὐρανοῦ
1154 1438 1292 1510 πρὸς
1310 1438 1381 1492 τὰ
1402 1440 1615 1511 πέρατα
1652 1440 1753 1510 τῆς
1776 1441 1900 1511 γῆς,

310 1530 397 1583 καὶ
425 1529 510 1582 ὃτι
540 1530 748 1593 πάντες
781 1530 833 1582 oi
864 1530 1097 1598 ἀστέρες
1122 1530 1404 1585 κινοῦνται
1432 1531 1682 1601 ἀγγέλων
1710 1532 1901 1595 αὐτοῖς

307 1623 368 1690 τῇ
401 1621 624 1691 κινήσει
672 1620 1094 1686 διακονούντων,
1149 1622 1246 1676 καὶ
1312 1622 1479 1694 ἓτερά
1505 1640 1626 1676 τινα
1649 1622 1899 1677 τοιαῦτα.

310 1712 547 1765 Ποιείται
608 1712 706 1765 καὶ
742 1712 819 1776 ὼς
844 1714 903 1765 ἑν
928 1712 1275 1784 παρεκϐάσει
1324 1713 1547 1784 μνήμην
1585 1713 1685 1782 τῆς
1744 1712 1903 1766 Γενέ-

311 1820 441 1866 σεως
458 1802 506 1835 ⁹⁰
531 1804 631 1857 καὶ
654 1804 758 1874 τῆς
784 1804 1022 1871 Ἐξόδου,
1041 1805 1309 1876 διατρίϐει
1338 1806 1397 1860 δὲ
1432 1809 1499 1876 τῇ
1530 1806 1781 1877 διηγήσει
1806 1806 1902 1859 καὶ

2009 614 2249 669 siasticis
2279 615 2608 685 quibusdam
2663 615 3027 685 dogmatibus,
3074 633 3244 673 sacrae
3275 617 3591 687 Scriptum,

2010 705 2196 774 utipsi
2259 706 2478 775 quidem
2519 704 2824 769 videbatur,
2877 707 3201 762 testimoniis
3247 710 3596 764 contendere.

2011 793 2201 868 Stylus
2227 797 2304 850 iili
2337 796 2581 863 humilis,
2604 805 3007 851 etstructuram
3040 798 3415 853 adhibetinl‘ra
3442 815 3592 855 com-

2008 904 2251 945 munem.
2283 889 2653 960 Componitet
2698 889 3037 963 incredibilia
3088 892 3354 961 quaedam,
3381 908 3483 946 non
3516 908 3597 946 sa-

2008 982 2078 1038 tis
2115 982 2183 1035 ad
2236 980 2550 1036 historicam
2577 980 2738 1036 iidem
2776 998 2791 1036 :
2835 981 2905 1036 ob
2932 996 3052 1051 qua:
3087 981 3367 1036 fabulosus
3418 982 3598 1051 potius

2008 1088 2170 1141 quam
2202 1086 2367 1125 verus
2410 1072 2647 1142 scriptor
2705 1072 2893 1127 haberi
2945 1074 3139 1127 merito
3195 1073 3407 1127 debeat.
3450 1073 3597 1126 lnter

2010 1162 2125 1227 illa,
2157 1163 2273 1216 inec
2296 1161 2410 1215 fere
2444 1161 2697 1230 dogmata
2751 1163 3005 1231 proponit
3033 1182 3047 1217 :
3082 1160 3290 1217 C(elum
3319 1162 3456 1233 (ὅδ’)
3489 1178 3594 1216 non

2006 1266 2132 1305 esse
2164 1249 2463 1304 orbiculari
2499 1251 2693 1320 ﬁgura,
2725 1265 2787 1305 ac
2808 1266 2987 1319 neque
3030 1260 3228 1304 terram
3265 1269 3279 1305 :
3311 1253 3405 1305 sed
3465 1251 3596 1305 illud

2008 1340 2237 1395 fornicis
2265 1340 2462 1406 simile,
2492 1341 2635 1395 hanc
2663 1340 2833 1395 altera
2861 1350 3013 1411 parte
3062 1340 3383 1410 longiorem,
3413 1350 3595 1394 extre-

2008 1432 2220 1498 misque
2247 1430 2491 1501 partibus
2546 1446 2669 1485 cum
2733 1430 2857 1486 C(Bli
2914 1431 3162 1486 terminis
3218 1430 3479 1499 copulari.
3509 1431 3590 1482 Ad

2006 1521 2143 1587 baic,
2173 1520 2354 1574 omnia
2388 1530 2535 1574 astra
2568 1520 2795 1583 moveri,
2816 1520 3025 1591 angelis
3044 1523 3111 1575 ad
3140 1529 3347 1574 motum
3377 1521 3593 1575 subser-

2006 1612 2299 1677 vientibus,
2348 1623 2399 1666 et
2459 1615 2510 1667 id
2548 1628 2717 1682 genus
2748 1613 2872 1665 alia.
2924 1611 3080 1666 Facit
3111 1628 3328 1683 quoque
3358 1615 3589 1668 mentio-

2006 1718 2151 1766 nem,
2177 1712 2431 1773 tanquam
2452 1704 2597 1758 aliud
2626 1720 2814 1775 agens,
2831 1705 2952 1759 libri
2978 1703 3278 1771 Geneseos,
3297 1715 3352 1760 et
3374 1704 3544 1761 Exodi
3571 1724 3587 1760 :

2006 1795 2383 1864 plurimusque
2413 1805 2498 1850 est
2528 1795 2581 1850 in
2607 1799 2917 1851 narratione
2945 1806 3001 1852 et
3018 1798 3392 1867 speculatione
3414 1800 3595 1853 taber-

306 1899 366 1967 τῇ
392 1894 603 1968 Θεωρία
630 1896 706 1960 ὡς
743 1896 948 1951 ἐπίπαν
994 1898 1096 1967 τῆς
1127 1900 1363 1970 σκηνῆς·
1405 1898 1688 1969 ἐπιτρέχει
1713 1898 1770 1951 δὲ
1810 1897 1904 1951 καὶ

2011 1890 2212 1945 naculi.
2252 1889 2535 1946 Percurrit
2588 1900 2643 1945 et
2702 1892 3017 1961 prophetas,
3071 1893 3419 1964 indidetnque
3474 1908 3597 1963 apo-

306 1990 422 2051 τοῦς
444 1990 763 2059 προφήτας,
804 1990 1062 2045 κάκεῖθεν
1089 1990 1215 2053 τοὺς
1245 1990 1600 2055 ἀποστόλους.
1623 1990 1791 2059 Λέγει
1821 1990 1899 2054 δὲ,

2009 1982 2202 2037 stolos.
2231 1980 2375 2036 Solis
2422 1980 2859 2052 magnitudinem
2887 1995 3009 2036 esse
3032 1981 3110 2035 ait
3140 1982 3368 2035 duorum
3403 1980 3597 2036 clima-

306 2077 469 2129 ὅτιτὸ
502 2077 741 2148 μέγεθος
786 2078 902 2149 ἔχει
941 2080 971 2132 ό
1009 2080 1165 2151 ἥλιος
1205 2079 1301 2134 δύο
1333 2080 1638 2151 κλιμάτων,
1686 2081 1786 2135 καὶ
1811 2082 1894 2135 ὅτι

2011 2087 2145 2131 tum.
2179 2074 2417 2143 Angelos
2452 2074 2504 2128 in
2532 2074 2676 2130 coelo
2711 2089 2817 2130 non
2860 2090 3003 2141 esse,
3054 2075 3148 2130 sed
3198 2085 3402 2130 tantum
3432 2090 3598 2144 super

306 2169 351 2220 οί
377 2168 605 2235 ἄγγελοι
621 2171 722 2223 οὐκ
745 2171 884 2224 εἰσὶν
912 2171 971 2223 ὲν
998 2171 1076 2242 τῷ
1104 2171 1342 2244 οὐρανῷ,
1369 2172 1508 2227 ἀλλὰ
1536 2173 1699 2243 μόνον
1727 2171 1892 2226 ὑπὸ⁹¹

2011 2170 2438 2233 lirmamentum,
2464 2177 2519 2220 et
2538 2165 2817 2219 nobiscum
2839 2167 3066 2220 versari.
3086 2165 3362 2220 Christum
3394 2182 3425 2221 e
3448 2177 3594 2222 terra

307 2259 363 2313 τὸ
394 2260 693 2331 στερέωμα
760 2261 861 2315 καὶ
898 2262 1018 2332 μεθ’
1045 2263 1228 2334 ἡμῶν,
1258 2264 1357 2318 καὶ
1381 2266 1467 2319 ὅτι
1489 2267 1517 2319 ό
1539 2264 1777 2336 Χριστὸς
1808 2265 1903 2318 ἁν-

2011 2259 2413 2323 asccndeutem,
2445 2257 2588 2311 inter
2643 2257 2841 2313 caelum
2881 2268 2935 2311 et
2978 2257 3378 2313 ﬁrmamentum
3404 2274 3597 2328 perve-

309 2351 472 2405 ελθὼν
537 2354 654 2407 ἀπὸ
703 2356 802 2424 τῆς
834 2357 939 2425 γῆς
963 2355 1043 2418 είς
1076 2356 1138 2409 τὸ
1167 2356 1383 2427 μεταξὺ
1414 2356 1510 2410 τοῦ
1540 2356 1774 2429 οὐρανοῦ
1804 2355 1900 2409 καὶ

2011 2347 2180 2412 uisse,
2216 2346 2380 2417 idque
2412 2348 2680 2401 duntaxat
2703 2347 2966 2402 caelorum
2998 2363 3225 2417 regnum
3260 2364 3382 2405 esse
3413 2363 3429 2403 :
3456 2350 3595 2405 alia-

308 2441 397 2495 τοῦ
454 2442 845 2514 στερεώματος
896 2445 1139 2516 εἰσῆλθε,
1200 2447 1297 2500 καὶ
1344 2448 1429 2501 ὃτι
1460 2446 1620 2499 τοῦτό
1650 2450 1765 2500 ἐστι
1804 2447 1901 2499 καὶ

2011 2452 2114 2506 que
2147 2438 2233 2493 bis
2262 2438 2457 2493 similia
2505 2439 2742 2493 absurde
2778 2437 3005 2507 profert.
3048 2438 3335 2509 Nuncupat
3382 2440 3594 2509 priores

311 2532 463 2601 μόνον
493 2535 532 2601 ἡ
570 2533 821 2603 βασιλεία
874 2534 982 2588 τῶν
1036 2536 1304 2605 οὐρανῶν.
1366 2536 1535 2604 Λέγει
1565 2536 1623 2589 δὲ
1646 2536 1741 2588 καὶ
1763 2534 1902 2590 ἄλλα

2011 2547 2105 2587 sex
2132 2530 2303 2587 libros
2356 2530 2639 2601 Pamphilo
2667 2532 2924 2588 cuidam:
2967 2532 3036 2587 de
3068 2532 3293 2602 reliquis
3330 2548 3460 2587 vero
3498 2549 3594 2588 sex

306 2625 422 2678 τινὰ
474 2626 773 2681 ἀλλόκοτα.
822 2628 1149 2699 Προσφωνεῖ
1179 2628 1238 2681 δὲ
1292 2629 1420 2693 τοὺς
1482 2628 1581 2699 μὲν
1638 2627 1698 2692 ἓξ
1736 2626 1899 2680 αὑτοῦ

2014 2614 2165 2693 (sunt
2195 2622 2345 2677 enim
2376 2622 2431 2676 in
2464 2625 2779 2679 universum
2816 2623 3126 2694 duodecim)
3162 2627 3452 2694 septimum
3484 2629 3597 2696 qni-

309 2714 491 2783 λόγους
556 2718 833 2788 Παμφίλῳ
891 2718 1028 2772 τινί·
1098 2717 1209 2772 τῶν
1246 2717 1303 2771 δὲ
1352 2719 1557 2774 λοιπῶν
1595 2716 1656 2783 ἒξ
1695 2719 1762 2789 (οἱ
1789 2716 1899 2788 γὰρ

2012 2714 2136 2767 dem
2158 2713 2475 2777 Anastasio,
2510 2730 2622 2784 quo
2656 2716 2827 2771 cmlos
2846 2716 3073 2771 minime
3100 2717 3320 2771 dissolvi
3354 2720 3550 2773 asserit
3577 2736 3592 2773 :

312 2810 515 2873 πάντες
541 2809 714 2864 αὑτοῦ
741 2810 953 2866 δώδεκά
978 2811 1107 2883 sint)
1139 2811 1231 2865 τὸν
1260 2812 1359 2881 μὲν
1388 2812 1617 2882 ἕϐδομον
1647 2813 1902 2865 Ἀναστα-

2011 2814 2265 2859 octavum
2293 2807 2416 2861 dein
2443 2808 2557 2877 (qui
2604 2818 2691 2863 est
2734 2810 2784 2863 in
2824 2810 3100 2865 canticum
3153 2810 3421 2877 Elechim,
3452 2822 3508 2865 et
3542 2815 3594 2866 in

312 2899 420 2967 σίιρ,
452 2899 513 2950 ὲν
540 2893 588 2966 ᾧ
618 2900 701 2953 ὅτι
726 2900 1062 2955 ἀκατάλυτοί
1089 2903 1228 2955 εἰσιν
1250 2903 1300 2955 oi
1327 2902 1573 2974 οὐρανοὶ,
1602 2902 1693 2954 τὸν
1711 2902 1900 2970 ὄγδοον

2011 2902 2141 2957 solis
2166 2904 2499 2972 regressum)
2527 2901 2691 2957 Petro
2733 2902 2984 2957 inscribit
3017 2920 3031 2956 :
3071 2918 3180 2973 quo
3234 2904 3286 2957 in
3348 2902 3492 2957 libro
3541 2911 3598 2957 et

309 2988 377 3049 δὲ,
409 2990 468 3053 ὃς
496 2991 656 3045 ἐστιν
682 2994 765 3056 εἰς
801 2991 902 3064 τὴν
937 2991 1085 3063 ᾠδὴν
1128 2992 1375 3058 Ἐζεκίου
1406 2994 1503 3047 καὶ
1534 2995 1614 3057 είς
1639 2993 1732 3047 τὸν
1761 2994 1899 3047 ἀνα-

2011 2993 2236 3048 Cantica
2271 2995 2612 3049 canticorum
2644 2995 2952 3063 explicasse
2974 3009 3033 3048 se
3058 3002 3473 3049 commemorat.
3500 2992 3592 3048 Re-

312 3080 572 3151 ποδισμδν
630 3083 727 3136 τοῦ
779 3084 956 3154 ήλίου,
1015 3083 1211 3156 Πέτρῳ
1264 3087 1599 3155 προσφωνεῖ,
1650 3086 1711 3137 ἐν
1742 3077 1787 3153 ᾧ
1817 3085 1901 3138 ὅτι

2011 3084 2142 3154 liqui
2168 3098 2408 3155 quatuor
2442 3096 2596 3141 certo
2631 3086 2837 3140 nemini
2861 3087 3203 3141 dedicantur.

312 3168 732 3247 ὑπεμνημάτισε
755 3180 800 3211 ⁸³
844 3177 915 3232 τὰ
940 3178 1202 3251 ’ᾼσματα
1229 3180 1338 3235 τῶν
1372 3179 1635 3252 ᾀσμάτων
1664 3178 1834 3250 λέγει.
1870 3180 1935 3234 Οί
1961 3179 2019 3233 δὲ
2039 3181 2216 3235 λοιποὶ
2241 3182 2510 3251 τέσσαρες
2540 3180 2604 3234 οὑ
2651 3181 2788 3251 πρός
2816 3198 2872 3233 τι
2900 3180 3193 3252 πρόσωπον
3256 3179 3408 3253 αὐτῷ
3471 3196 3598 3234 συν-

312 3270 606 3342 ετάγησαν.

1014 3366 1136 3419 ΛΖ’.

851 3456 993 3525 Περὶ
1034 3454 1364 3525 πολιτικῆς-ο
1424 3472 1429 3476 ·

390 3545 739 3619 ’Δνεγνώσθη
773 3548 915 3617 Περὶ
944 3549 1270 3619 πολιτικῆς
1304 3551 1351 3583 ³³
1394 3550 1471 3615 ὡς
1526 3552 1585 3605 ὲν
1646 3552 1904 3623 διαλόγῳ,

315 3640 501 3709 Μηνᾶν
564 3640 859 3711 πατρίκιον
923 3643 1019 3695 καὶ
1075 3644 1286 3713 Θωμᾶν
1330 3644 1747 3717 ρεφερενδάριον
1766 3648 1815 3678 ’δ
1838 3645 1909 3699 τὰ

316 3734 673 3802 διαλεγόμενα
736 3734 974 3803 εἰσάγων
1048 3737 1339 3807 πρόσωπα.
1416 3737 1669 3808 Περιέχει
1744 3738 1803 3791 δὲ
1871 3739 1905 3808 ή

318 3826 674 3897 πραγματεία
736 3826 932 3895 λόγους
964 3826 1044 3893 ἐξ,
1080 3828 1138 3880 ὲν
1164 3822 1247 3890 οἷς
1277 3828 1372 3881 καὶ
1414 3828 1604 3898 ἕτερον
1637 3825 1777 3893 εἶδος
1810 3847 1909 3883 no-

318 3915 515 3981 λιτείας
552 3917 709 3988 παρὰ
742 3917 811 3971 τὰ
845 3920 959 3981 τοῖς
994 3918 1249 3981 παλαιοῖς
1299 3920 1572 3990 εἰρημένα
1604 3920 1837 3989 εἰσάγει,
1880 3920 1909 3974 ὅ

316 4007 405 4057 καὶ
459 4006 622 4059 καλεῖ
666 4008 1073 4079 δικαιαρχικόν.
1114 4009 1526 4080 Ἐπιμέμφεται
1556 4012 1613 4064 δὲ
1645 4012 1744 4081 τῆς
1775 4011 1911 4067 Πλά-

316 4111 479 4161 τωνος
502 4097 739 4162 δικαίως
769 4099 1071 4163 πολιτείας.
1111 4101 1216 4154 Ἦν
1258 4100 1303 4153 δ’
1332 4102 1487 4153 αὐτοὶ⁸
1511 4102 1789 4157 πολιτείαν
1806 4105 1911 4157 eic-

327 4191 577 4257 άγουσιν,
618 4191 821 4245 ἐκτῶν
888 4192 1059 4262 τριῶν
1123 4192 1283 4246 εἱδῶν
1334 4196 1434 4264 τῆς
1490 4194 1768 4257 πολιτείας
1792 4196 1909 4249 δέον

320 4284 486 4353 αὐτὴν
532 4282 861 4350 συγκεῖσθαί
891 4300 1047 4353 φασι,
1091 4282 1376 4354 βασιλικοῦ
1407 4284 1504 4339 καὶ
1528 4287 1911 4357 ἀριστοκρατι-

317 4372 412 4427 κοῦ
465 4375 575 4428 καὶ
606 4374 1046 4444 δημοκρατικοῦ,
1077 4377 1140 4429 τὸ
1168 4375 1467 4447 εἰλικρινὲς
1496 4378 1631 4447 αὐτῇ
1676 4379 1912 4449 ἑκάστης

323 4468 607 4532 πολιτείας
669 4468 1129 4539 συνεισαγούσης,
1179 4470 1444 4540 κάκείνην
1470 4468 1568 4539 τὴν
1591 4469 1669 4532 ὡς
1696 4469 1911 4541 ἀληθῶς

317 4562 552 4633 ἀρίστην
578 4562 860 4616 πολιτείαν
892 4562 1290 4632 ἁποτελούσης.

1022 4655 1155 4710 AH'.

388 4746 699 4814 Θεοδώρου
732 4746 1084 4815 Ἀντιοχέως
1110 4747 1396 4817 ἑρμηνεία
1422 4746 1534 4813 τῆς
1557 4746 1844 4814 Κτίσεως.

396 4838 749 4907 ’Δνεγνώσθη
780 4838 1059 4910 Θεοδώρου
1098 4839 1439 4911 Ἀντιοχέως,
1462 4833 1525 4893 οὗ
1550 4842 1584 4910 ή
1609 4840 1910 4911 ἐπιγραφὴ,

2664 3359 2934 3416 XXXVII.

2462 3454 2541 3508 De
2570 3453 2854 3523 Republica
2883 3454 3004 3507 libri
3031 3468 3108 3507 Vl.

2078 3550 2169 3621 8ο
2219 3547 2418 3603 Lectus
2471 3547 2547 3602 De
2584 3545 2876 3613 Republica
2926 3546 3111 3611 Liber,
3159 3546 3376 3601 Menam
3427 3546 3599 3617 patri-

2011 3644 2156 3699 cium
2192 3651 2247 3696 et
2288 3641 2555 3695 Thomam
2600 3640 3035 3696 relerendarium
3075 3655 3173 3709 per
3204 3639 3479 3710 dialogum
3512 3641 3595 3695 lo-

2010 3744 2241 3805 quentes
2269 3734 2648 3791 introducens.
2680 3732 2945 3788 Continet
2975 3749 3112 3803 opus
3145 3734 3248 3789 hoc
3281 3733 3450 3789 libros
3476 3750 3594 3803 sex,

2009 3830 2211 3898 quibus
2260 3826 2660 3898 δικαιαρχικδν,
2692 3836 2749 3879 ut
2797 3826 2885 3880 hic
2924 3826 3244 3895 appellatur,
3278 3841 3474 3881 novum
3502 3841 3601 3895 po-

2016 3920 2152 3974 litiae
2182 3933 2380 3990 genus,
2414 3917 2693 3972 diversum
2738 3918 2806 3972 ab
2842 3916 2907 3971 iis
2933 3932 3054 3987 quae
3087 3917 3202 3986 (55)
3232 3928 3445 3972 veteres
3468 3933 3599 3987 pm-

2010 4012 2286 4076 didernnt,
2330 4010 2707 4066 introducitur
2744 4028 2759 4065 :
2788 4024 2854 4064 ac
2882 4010 3127 4064 Platonis
3159 4010 3462 4081 respublica
3490 4025 3597 4064 non

2018 4104 2297 4159 immerito
2326 4103 2769 4173 reprehenditur.
2799 4103 2971 4169 Quam
3024 4117 3155 4158 vero
3208 4118 3455 4172 persona:
3494 4102 3599 4157 illa;

2014 4196 2265 4265 politiam
2297 4194 2567 4261 aﬂ‘erunt,
2598 4210 2665 4248 ex
2696 4192 2867 4249 tribus
2892 4193 3095 4263 politiae
3120 4196 3421 4265 speciebus,
3453 4196 3599 4265 regia

2016 4287 2304 4352 nimirum,
2342 4296 2402 4341 et
2430 4286 2781 4356 optimatum,
2835 4299 2902 4339 ac
2947 4284 3310 4356 popularium,
3346 4286 3600 4353 componi

2013 4388 2271 4449 oportere
2312 4379 2468 4433 aiunt
2509 4396 2525 4434 :
2566 4388 2628 4432 ut
2653 4392 2776 4432 cum
2808 4377 3001 4431 harum
3026 4377 3467 4446 quelibet,quod
3498 4392 3601 4446 pu-

2018 4484 2140 4522 rum
2171 4477 2339 4539 atque
2383 4471 2655 4523 sincerum
2719 4466 2903 4532 habet,
2962 4466 3069 4522 huc
3124 4467 3437 4533 contulerit,
3487 4466 3603 4521 Inec

2020 4561 2237 4615 tandem
2270 4575 2402 4616 vere
2435 4560 2642 4630 optima
2677 4560 2993 4631 reipublica:
3014 4559 3188 4615 forma
3214 4563 3600 4616 constituatur.

2691 4651 2985 4715 XXXVIII.

2135 4745 2387 4798 Theodori
2424 4746 2736 4799 Antiocheni
2788 4746 3153 4814 interpretatio
3192 4742 3467 4800 Genuam.

2096 4834 2291 4891 Lectus
2324 4837 2595 4893 Theodori
2653 4837 3154 4893 Antiocheniliber
3207 4846 3294 4891 est
3341 4852 3463 4892 cum
3503 4836 3604 4891 hac

334 4925 661 4997 Ἐρμηνεία
694 4927 807 4996 τῆς
849 4929 1117 4995 Κτίσεως
1138 4944 1152 4959 ·
1180 4930 1239 4982 ὲν
1269 4929 1455 4999 τόμοις
1494 4930 1633 4983 ἑπτὰ
1656 4931 1689 4999 ή
1724 4928 1906 5000 πρώτη

2024 4928 2378 4999 inscriptione
2404 4947 2418 4983 :
2449 4928 2832 4998 Interpretatio
2859 4928 3157 4995 Geneseos;
3208 4930 3365 4985 libris
3394 4940 3602 5000 septem

322 5016 504 5087 βίϐλος
560 5018 908 5090 ἐπεραίνετο.
974 5020 1087 5091 Τὴν
1112 5019 1169 5074 δὲ
1204 5020 1407 5092 φράσιν
1437 5020 1565 5073 οὔτε
1588 5021 1633 5052 ⁸⁸
1662 5019 1917 5091 λαμπρὸς

2026 5031 2204 5074 tomus
2231 5022 2440 5090 primus
2463 5021 2786 5076 absolvitur.
2808 5021 2999 5093 Stylus
3029 5022 3105 5077 illi
3132 5037 3309 5092 neque
3344 5021 3599 5088 illusu-is,

1585 5153 1815 5210 VARIA‘J
1862 5153 2269 5211 LECTIONES.

392 5288 439 5375 ξ’
463 5288 561 5375 τοῦ
590 5288 702 5375 τών
733 5287 997 5375 ρωμαίων
1032 5307 1092 5353 ς.
1169 5291 1213 5323 ⁸⁷
1253 5291 1498 5375 prelum“.
1534 5291 1711 5375 pr.'A:

1815 5290 1861 5322 ⁸⁸
1887 5288 1980 5342 οῦν
2003 5305 2111 5345 om.
2148 5289 2212 5342 A.

2318 5290 2363 5361 δέ
2400 5288 2560 5361 ὑπὲρ]
2590 5290 2698 5342 ἀπὸ
2742 5288 2844 5361 Αη
2923 5291 2971 5323 ⁸⁸
3002 5291 3241 5361 μνήμην,
3272 5290 3367 5343 καὶ
3418 5292 3515 5361 τῆς
3543 5308 3603 5355 ς.

325 5356 506 5431 "fma
527 5360 572 5412 A
604 5377 619 5413 :
653 5356 793 5428 ὑπὲρ
821 5356 885 5424 ζ.
920 5358 1168 5431 Cosmas,
1193 5356 1382 5427 p.986
1414 5378 1426 5414 :
1454 5356 1577 5431 alia
1604 5361 1739 5430 ἡμῖν
1764 5360 1820 5412 ὲν
1836 5359 1913 5429 τῷ
1960 5358 2121 5431 χώρῳ
2142 5361 2319 5431 τούτῳ
2340 5356 2607 5428 διάγουσι,
2633 5429 2640 5431 Α
2666 5360 2761 5414 καὶ
2789 5357 2944 5413 οῦπω
2972 5356 3055 5423 τις
3096 5356 3154 5426 ἔξ
3178 5356 3369 5413 ἀὐτῶν
3394 5356 3603 5431 ἠξιώθη

328 5427 453 5501 τῶν,
476 5427 966 5501 ἄνωίτέωςτυχεῖν
985 5440 1041 5482 et
1068 5444 1121 5497 ιι.
1156 5430 1260 5483 515
1284 5445 1294 5478 :
1344 5432 1411 5483 τὰ
1431 5427 1605 5501 ἄστρα
1628 5427 1806 5484 πάντα
1852 5427 2104 5501 κατωθένή
2152 5427 2300 5501 ὲστιί
2319 5432 2414 5482 τοῦ
2443 5427 2826 5501 στερεώματος
2856 5461 2925 5470 -
2958 5431 3260 5501 κενούμενα
3284 5432 3389 5484 ὑπὸ
3420 5427 3471 5483 1)
3495 5427 3603 5482 τῶν

326 5499 571 5578 ᾴοράτων
592 5500 900 5602 δυνξμεὶον.
933 5501 1043 5602 Isti.
1075 5502 1139 5554 ὲκ
1168 5501 1360 5602 triton
1388 5500 1753 5602 διδασκόμεθα
1802 5499 2059 5553 ἐπένεικα
2081 5500 2210 5602 ⁹’.τῶν
2251 5500 2481 5602 ἄστρωῗν,
2509 5499 2739 5568 ἄγγελον
2770 5500 2856 5602 μέγ
2876 5500 3243 5602 ὑπερϐαίνειν.
3320 5503 3365 5533 ⁹¹
3396 5501 3479 5555 ὅτι
3506 5501 3604 5553 καὶ

327 5584 509 5602 nares.“
573 5587 611 5602 ι-
845 5586 911 5602 ιιη
1003 5570 1117 5602 nium
1144 5584 1189 5602 α.
1287 5574 1331 5602 in
1385 5591 1395 5602 ι
1421 5586 1450 5602 Δ
1481 5586 1607 5602 runn-
1636 5588 1646 5602 ι
1674 5571 1752 5602 inn
1787 5587 1817 5602 η
1874 5586 1958 5602 vnn
2163 5574 2418 5602 Αριυρρλρι.
2455 5587 2609 5602 nrt-nu
2669 5588 2707 5602 ρ
2884 5571 2944 5602 Λι⁹ι
3037 5588 3076 5602 ι-

327 5568 530 5639 ὑπεμν.
571 5587 633 5635 ς.
711 5570 732 5601 ⁸

791 5570 931 5641 Aug.
947 5570 1119 5625 Maius
1143 5571 1210 5624 ad
1235 5572 1353 5626 Cic.
1384 5573 1450 5625 de
1481 5571 1752 5640 republica
1785 5587 1838 5641 p.
1872 5586 1983 5624 xw.

2081 5571 2127 5603 ”
2159 5570 2609 5642 ραιφερενδάοιον
2668 5588 2729 5636 ς.
2774 5570 2782 5571 ί
2810 5570 2856 5603 ⁸⁸
2884 5570 3006 5624 οὐδὲ
3036 5588 3094 5636 ς.

1851 5685 2084 5744 ΝΟΤᾸΕ.

398 5778 696 5851 (55‘)_Vide
710 5780 773 5836 Β.
800 5781 985 5836 Basilii
1007 5792 1147 5837 orat.
1171 5782 1205 5837 5
1230 5780 1491 5837 liexaem.
1514 5790 1563 5834 et
1582 5779 1913 5851 D.Ambros.

397 5849 525 5920 (55)
545 5849 723 5920 Plato,
752 5853 1097 5920 Aristoteles,
1138 5853 1418 5923 Polybius,
1452 5852 1548 5907 lib.
1594 5866 1667 5917 rt,
1699 5865 1750 5905 ct
1794 5850 1917 5905 l‘lu-

2018 5780 2237 5833 tarchus
2262 5777 2524 5852 singulari
2579 5778 2785 5842 libello,
2819 5777 3135 5837 Heraclides
3167 5792 3381 5852 quoque
3412 5774 3594 5833 Ponti-

2027 5866 2143 5914 cus,
2175 5860 2227 5905 et
2257 5850 2427 5905 Nicol.
2454 5850 2834 5905 Damascenus.
