4100 6450
459 424 524 492 ’Π
1629 424 1895 484 ΡΗΟΤῙΙ
1936 423 2054 483 ΡΛἾ

2158 424 2443 483 raucus:
2482 425 2593 485 cr.
3653 416 3723 482 72

462 553 640 607 neque
675 536 833 592 valde
869 536 1217 609 perspicuus.
1248 536 1483 608 Fugiens
1516 551 1665 603 vero,
1696 550 1960 607 quantum
1991 538 2045 591 in

2158 536 2271 589 οὐτε
2302 536 2425 591 λίαν
2455 537 2656 607 σαφὴς,
2695 535 2913 605 φεύγων
2937 536 2993 589 δὲ
3017 535 3109 588 τὸν
3156 535 3382 589 δυνατὸν
3419 533 3573 604 αὐτῷ
3598 535 3727 604 τρό-

466 631 582 698 ipso
620 638 726 695 est,
759 630 1069 699 allegorias,
1097 639 1152 684 et
1208 630 1558 685 historiarum
1588 630 1847 684 duntaxat
1878 645 2045 698 expo-

460 722 714 777 sitionem
769 732 1034 788 tractans,
1067 722 1250 792 putide
1312 722 1476 777 nimis
1520 724 1709 777 eadem
1753 722 2042 775 identidem

464 814 759 881 repetit,et
788 813 1035 883 ingratus
1070 824 1234 881 atque
1256 812 1571 869 fastidiosus
1597 815 1792 884 legenti
1825 814 2040 868 accidit.

466 903 607 968 Quin
664 914 718 956 et
771 904 1003 959 Nestorii
1066 907 1417 969 sententiam,
1480 906 1729 976 quamvis
1763 906 1854 959 illo
1897 906 2046 976 prior

463 992 647 1056 fuerit,
691 996 854 1050 tacite
895 997 1083 1051 vomlt.
1136 997 1237 1053 llic
1291 1008 1375 1054 est
1427 998 1749 1054 Theodorus
1794 1000 1881 1054 ille
1934 1000 2046 1053 Μο-

459 1086 735 1151 psuesﬁte,
759 1102 787 1139 α
822 1102 929 1155 quo
967 1104 1345 1158 saepenumero
1400 1091 1758 1162 constat,(56)
1785 1090 2041 1146 Joannem

461 1173 830 1246 PhHOponum
870 1178 952 1249 (nt
986 1180 1214 1247 ipsemet
1264 1180 1482 1251 fatetur)
1551 1181 1815 1234 rationem
1863 1180 2047 1249 hujus-

464 1270 608 1323 modi
662 1268 1127 1336 interpretationis
1163 1270 1303 1322 bona
1334 1269 1439 1323 fide
1487 1282 1548 1323 ac
1592 1269 1734 1324 serio
1776 1270 2041 1339 exegisse,

464 1362 519 1415 in
544 1352 652 1414 ’suo
675 1358 749 1413 De
780 1360 1023 1414 universi
1057 1361 1333 1415 creatione
1360 1373 1543 1430 opere.

1118 1450 1362 1506 XXXIX.

852 1538 1114 1596 Eusebius
1141 1553 1325 1595 contra
1356 1540 1404 1593 11
1412 1541 1682 1597 ieroclem.

538 1697 700 1753 Lecta
724 1712 810 1753 est
842 1697 1058 1753 Eusebii
1106 1698 1374 1768 Pamphili
1402 1700 1707 1768 Confutatio
1731 1700 1899 1755 brevis
1932 1701 2043 1772 (57)

466 1791 727 1845 librorum
756 1788 1022 1845 Hieroclis
1044 1791 1111 1844 de
1147 1790 1435 1860 Apollonio
1463 1791 1703 1860 Tyaneo.

1180 1991 1294 2047 XL.

575 2081 919 2151 Pliilostorgii
958 2079 1354 2134 Ecclesiastica:
1391 2078 1642 2135 Historiis
1668 2081 1791 2135 libri
1824 2096 1922 2136 xu.

538 2171 704 2227 Lecta
739 2182 825 2227 est
852 2171 1201 2240 Philostorgii
1242 2169 1353 2240 (58)
1392 2170 1577 2223 Ariani
1612 2173 1772 2225 veluti
1810 2172 2049 2228 Historia

471 2265 866 2321 Ecclesiastica.
898 2265 1094 2319 Narrat
1117 2265 1231 2320 fere
1274 2267 1543 2319 contraria
1578 2268 1831 2323 omnibus
1875 2269 2051 2324 eccle-

467 2357 707 2411 siasticis
764 2356 1063 2418 historicis,
1108 2355 1355 2408 laudibus
1401 2357 1685 2421 extollens,
1720 2374 1858 2428 quos
1904 2360 2054 2414 novit

468 2448 780 2501 Arianismo
814 2444 1063 2510 infectos,
1093 2454 1148 2498 et
1177 2446 1436 2500 conviciis
1467 2448 1800 2504 orthodoxos
1829 2449 2053 2518 perfun-

471 2540 605 2593 dens
641 2556 655 2592 :
687 2547 746 2592 ut
770 2554 896 2593 esse
943 2538 1045 2593 hoc
1086 2537 1205 2607 ejus
1253 2553 1390 2606 opus
1430 2554 1539 2593 non
1576 2549 1681 2592 tam
1714 2541 1939 2595 historia
1974 2542 2056 2595 vi-

474 2632 688 2695 deatur,
723 2645 883 2699 quam
932 2631 1311 2685 haereticorum
1349 2630 1609 2697 laudatio,
1642 2648 1765 2686 cum
1816 2636 1954 2687 nuda
2002 2644 2059 2689 et

473 2737 625 2776 mera
673 2723 1076 2791 vituperatione
1126 2733 1291 2791 atque
1347 2725 1694 2778 accusatione
1747 2723 2057 2779 Catholica—

474 2830 620 2870 rnm.
659 2814 846 2885 Stylus
892 2815 970 2869 illi
1020 2816 1310 2886 comptior,
1340 2823 1395 2870 et
1444 2818 1673 2884 poeticis
1716 2818 1834 2871 sine
1878 2818 2054 2879 taedio,

474 2906 808 2974 minimeque
858 2906 1086 2975 ingratis
1128 2906 1351 2959 vocibus
1391 2906 1582 2959 utitur.
1627 2904 1789 2975 Tropi
1845 2922 2060 2976 quoque

482 3008 547 3048 ac
608 2996 770 3047 verba
813 2994 1199 3064 signiﬁcantia,
1271 2995 1499 3064 gratiam
1546 2994 1648 3063 ipsi
1700 3011 1821 3050 cum
1862 2998 2058 3065 jucun-

474 3086 643 3139 ditate
674 3084 969 3139 conciliant
1002 3102 1017 3139 :
1055 3086 1156 3139 nisi
1190 3086 1331 3154 quod
1365 3086 1634 3141 interdum
1669 3098 1873 3141 temere
1902 3090 2057 3158 ipsis,

476 3174 561 3228 vel
590 3174 818 3228 nimium
849 3176 1079 3230 detortis
1115 3176 1334 3240 utendo,
1368 3177 1421 3230 in
1461 3176 1715 3248 frigidum
1756 3187 1810 3230 et
1853 3180 2060 3247 impor-

2152 646 2252 681 πον
2296 630 2396 691 τὰς
2449 630 2800 697 ἀλληγορίας,
2862 630 2958 681 καὶ
3012 628 3155 681 κατὰ
3201 628 3303 698 τὴν
3358 627 3601 697 ἱστορίαν
3631 627 3729 697 τἠν

2150 718 2449 790 ἑρμηνείαν
2509 722 2853 789 ποιούμενος.
2907 720 3234 786 Ταυτολογεῖ
3264 718 3323 771 δὲ
3352 717 3422 771 τὰ
3474 718 3728 772 πλεῖστα.

2150 813 2245 864 καὶ
2271 811 2468 882 ἄχαρίς
2498 829 2615 876 πως
2646 813 2737 866 καὶ
2773 813 2944 884 ἀηδὴς
2987 809 3128 866 εἶναι
3176 813 3344 875 δοκεῖ,
3377 813 3515 867 ἀλλὰ
3543 814 3638 865 καὶ
3671 813 3732 864 τὸ

2150 903 2445 972 Νεπορίου
2485 901 2680 973 δόγμα,
2707 905 2756 955 εί
2783 905 2879 956 καὶ
2916 904 3024 975 πρὸ
3078 905 3377 974 Νεστορίου
3455 904 3728 974 ὑπῆρχεν,

2154 995 2618 1065 ὑπερευγόμενὶς.
2667 988 2837 1058 Οὗτος
2865 995 2921 1047 δέ
2971 998 3120 1049 ἐστιν
3149 999 3176 1049 ό
3205 996 3611 1065 Μοψουεστίας,
3667 995 3730 1049 δν

2150 1087 2247 1139 καὶ
2274 1087 2542 1150 πλείστας
2588 1086 2822 1149 εὐθύνας
2858 1088 3111 1159 Ἰωάννης
3135 1090 3164 1141 ὁ
3189 1088 3501 1152 Φιλόπονος,
3529 1088 3602 1150 ὡς
3630 1089 3732 1141 αὐ-

2149 1180 2240 1243 τός
2269 1195 2425 1249 φησι,
2478 1180 2578 1248 τῆς
2623 1179 2883 1250 τοιαύτης
2910 1180 3210 1250 ἑρμηνείας
3244 1183 3301 1234 ὲν
3331 1180 3515 1250 οἱκείῳ
3546 1181 3627 1251 τῷ
3648 1183 3732 1243 εἱς

2149 1272 2248 1344 τὴν
2286 1273 2464 1326 κτίσιν
2516 1274 2793 1343 πονήματι
2816 1273 3031 1344 ἐδείχθη
3067 1273 3373 1334 σπουδαίως
3401 1273 3732 1338 εἱσπραττὸο

2153 1380 2336 1434 μενος.

2843 1458 2966 1514 ΛΘ¹.

2163 1549 2471 1604 Ἐυσεϐίου
2501 1548 2609 1603 τοῦ
2646 1550 2963 1618 Παμφίλου
3002 1549 3151 1616 πρὸς
3180 1548 3325 1615 τοὺς
3354 1548 3506 1616 ὑπὲρ
3535 1548 3739 1602 Ἀπολ-

2278 1621 2503 1674 λωνίου
2527 1619 2634 1673 τοῦ
2665 1619 2931 1685 Τυανέως
2975 1620 3331 1686 Ἱεροκλέους
3353 1621 3595 1688 λόγους.

2233 1710 2573 1781 Ἀνεγνώσθη
2606 1711 2865 1763 Εὐσεόίου
2883 1710 2976 1764 τοῦ
3010 1711 3300 1781 Παμφίλου
3327 1711 3733 1763 ἀνασκευαστι-

2151 1802 2246 1856 κδν
2300 1802 2630 1873 βιϐλιδάριον
2684 1802 2821 1871 πρὸς
2872 1803 3002 1866 τοὺς
3044 1802 3187 1874 ὑπὲρ
3230 1802 3588 1855 Ἀπολλωνίου
3638 1799 3738 1853 τοῦ

2087 1910 2130 1965 Β
2159 1895 2415 1958 Τυανέως
2458 1894 2789 1965 Ἱεροκλέους
2806 1895 2852 1927 ⁸⁸
2882 1894 3095 1963 λόγους.

2877 1987 2967 2041 Μ’.

2365 2076 3123 2145 ΦιλοστοργίουἊρειανοῦ
3165 2077 3516 2145 Ἰστορικὸν.

2219 2169 2560 2239 Ἀνεγνώσθη
2581 2169 2673 2240 [25
2687 2167 2777 2240 H.]
2794 2167 3481 2238 Φιλοστοργίου,Ἀρειανοῦ
3494 2168 3592 2238 τὴν
3609 2168 3741 2238 θρη-

2153 2267 2360 2330 σκείαν,
2383 2264 2459 2325 ὡς
2491 2262 2649 2331 δῆθεν
2666 2260 3182 2328 Ἐκκλησιαστικὴ
3216 2260 3490 2329 Ἱστορία.
3509 2261 3741 2330 Ἱστορεῖ

2153 2355 2210 2408 δὲ
2233 2354 2493 2408 τάναντία
2506 2353 2693 2423 σχεδὸν
2711 2354 2881 2406 ἆπασι
2902 2354 3016 2413 τοίς
3038 2352 3514 2420 ὲκκλησιαστικοῖς
3537 2354 3740 2421 ἱστορι-

2156 2450 2293 2508 κοῖς.
2319 2447 2552 2518 Ἐξαίρει
2571 2448 2696 2510 τοὺς
2723 2444 3156 2518 Ἀρειανίζοντας
3170 2446 3433 2510 ἅπαντας,
3449 2446 3740 2517 λοιδορίαις

2161 2538 2354 2591 πλύνει
2376 2542 2501 2603 τοὺς
2528 2539 2860 2609 ὀρθοδόξους,
2888 2539 2965 2601 ὼς
2989 2534 3132 2591 εἶναι
3160 2538 3259 2609 τὴν
3289 2539 3532 2608 ἱστορίαν
3567 2539 3737 2592 αὐτοῦ

2168 2632 2244 2701 μὴ
2276 2632 2517 2701 ἱστορίαν
2549 2631 2770 2701 μᾶλλον,
2803 2630 2920 2685 ἀλλ’
2945 2631 3220 2700 ἐγκώμιον
3257 2630 3357 2700 μὲν
3387 2630 3499 2683 τῶν
3527 2632 3739 2700 αἱρετι-

2157 2723 2291 2788 κῶν,
2310 2722 2477 2792 ψόγον
2507 2721 2565 2773 δὲ
2591 2722 2799 2792 γυμνὸν
2822 2722 2916 2775 καὶ
2933 2722 3267 2792 κατηγορίαν
3285 2721 3393 2774 τῶν
3416 2722 3733 2791 ὀρθοδόξων.

2162 2815 2317 2867 Ἔστι
2342 2813 2399 2865 δὲ
2422 2812 2520 2882 τὴν
2554 2813 2756 2883 φράσιν
2786 2811 2871 2883 [Η
2908 2811 2997 2884 Η.]
3030 2811 3241 2882 κομψὸς
3272 2815 3369 2865 καὶ
3398 2813 3735 2881 ποιητικαῖς,

2158 2906 2274 2960 ἀλλ’
2305 2907 2367 2959 οὐ
2415 2906 2740 2975 κατακόρως
2772 2905 2882 2957 οὐδ’
2929 2904 3211 2974 ἁχαρίτοις
3230 2904 3274 2935 ⁸⁷
3302 2904 3480 2970 λέξεσι
3528 2919 3737 2972 κεχρη-

2163 3000 2342 3069 μένος.
2400 3000 2509 3051 Kal.
2534 3000 2567 3068 ἡ
2596 2998 2774 3068 τροπὴ
2805 2996 2863 3050 δὲ
2929 2994 3080 3066 αὐτῷ
3135 2995 3214 3067 τῷ
3256 2994 3544 3066 ὲμφατικῷ
3566 2996 3610 3028 ⁸⁸
3636 2995 3739 3065 τὴν

2160 3092 2321 3160 χάριν
2355 3089 2493 3159 μετὰ
2522 3087 2616 3142 τοῦ
2647 3088 2802 3159 ἡδέος
2830 3088 3117 3157 ἐφέλκεται
3143 3100 3159 3115 ‘
3190 3087 3329 3159 πλὴν
3358 3089 3531 3140 ἐνίοτε
3552 3104 3738 3157 παρα-

2164 3182 2335 3245 ϐόλως
2391 3183 2579 3244 αὑταῖς
2614 3180 2710 3234 καὶ
2762 3179 3015 3233 πλεῖστον
3061 3172 3577 3251 ἀποτετραμμέναις
3602 3178 3742 3251 χρώ-

476 3278 664 3320 tunum
701 3281 1010 3323 sermonem
1048 3269 1257 3323 incidit.
1289 3268 1527 3323 Ornatur
1560 3270 1628 3323 ab
1658 3284 1722 3324 eo
1756 3269 1844 3340 8b
1910 3272 2054 3327 varie

2163 3290 2324 3342 μενος
2373 3273 2453 3335 είς
2507 3271 2835 3341 ψυχολογίαν
2879 3272 2975 3324 καὶ
3035 3271 3417 3340 ἀκαιρολογίαν
3454 3271 3737 3324 ἐκπίπτει.

474 3359 674 3424 oratio,
714 3359 800 3413 vel
838 3360 904 3415 ad
939 3361 1280 3425 satietatem;
1331 3361 1405 3415 ita
1453 3370 1512 3415 ut
1555 3361 1608 3415 in
1643 3362 2054 3431 obscuritatem,

477 3464 578 3505 nec
605 3464 727 3503 eam
757 3465 973 3520 semper
1001 3462 1233 3521 gratam,
1270 3453 1484 3508 occulte
1520 3453 1768 3508 trahatur
1799 3454 2011 3508 auditor
2038 3468 2054 3507 :

475 3545 533 3597 in
562 3543 857 3613 multisque
895 3560 1001 3599 non
1057 3545 1430 3600 incommodas
1458 3544 1699 3614 loquitur
1734 3546 2055 3601 sententias.

477 3633 674 3704 Incipit
707 3644 889 3689 autem
931 3636 999 3691 ab
1038 3636 1154 3691 Arii
1195 3636 1378 3691 studio
1417 3638 1471 3690 in
1512 3637 1759 3691 haeresim
1792 3652 1854 3691 ac
1884 3638 2058 3705 primo

477 3725 715 3796 incepto,
775 3741 947 3796 usque
992 3727 1059 3781 ad
1110 3728 1250 3782 Aetii
1306 3727 1420 3799 (59)
1466 3728 1769 3797 impiissimi
1824 3729 2058 3785 hominis

479 3818 903 3872 revocationem.
952 3819 1143 3873 Aetius
1178 3819 1265 3874 hic
1295 3821 1363 3873 ab
1396 3821 1668 3889 ipsisiuna
1698 3822 2058 3877 sentientibus

483 3907 780 3975 haereticis,
813 3911 955 3978 quod
1012 3911 1129 3965 illos
1179 3912 1456 3979 impietate
1505 3922 1789 3981 superaret
1830 3912 1912 3983 (ut
1944 3915 2060 3983 ipse

477 3995 876 4067 Philostorgius
932 3998 1018 4054 vel
1071 4001 1275 4055 invitus
1334 3999 1523 4071 refert)
1572 4001 1879 4058 ministerio
1928 4004 2059 4059 sub-

481 4096 681 4151 motus,
705 4099 891 4156 postea
917 4090 985 4144 ab
1010 4091 1329 4159 impiissimo
1356 4088 1574 4146 Juliano
1595 4092 1921 4163 imperatore
1945 4094 2057 4165 (60)

483 4188 791 4242 revocatus,
826 4178 1246 4249 humaniterque
1278 4193 1533 4252 acceptus
1560 4196 1664 4240 est.
1694 4186 1762 4242 Et
1793 4187 1907 4241 haec
1939 4186 2061 4256 qui-

482 4266 603 4320 dem
648 4267 820 4335 ipsius
853 4269 1080 4323 historia
1114 4286 1221 4325 uno
1255 4272 1529 4327 volumine
1570 4290 1666 4330 sex
1708 4276 1875 4332 libros
1912 4291 2062 4331 com-

482 4358 667 4429 plexa,
720 4360 786 4413 ad
842 4359 947 4415 hoc
1006 4378 1178 4431 usque
1235 4373 1445 4435 tempus
1515 4370 1876 4437 progreditur.
1942 4369 2063 4437 Ipse

498 4464 630 4503 vero
667 4451 900 4518 scriptor
931 4453 1161 4507 mendax
1192 4463 1296 4518 est,
1344 4464 1400 4508 et
1428 4454 1623 4511 fabulis
1648 4458 1868 4512 minime
1895 4459 2061 4513 absti-

482 4556 649 4605 nens,
683 4544 1050 4611 prazdicatque
1080 4546 1341 4601 doctrina;
1386 4549 1621 4602 maxime
1655 4564 1814 4603 causa
1845 4551 2056 4605 Aetium

483 4643 539 4686 et
591 4632 953 4703 Eunomium,
1016 4636 1169 4704 quasi
1238 4638 1338 4692 soli
1403 4649 1787 4708 repurgasseut
1843 4641 2060 4708 pietatis

483 4730 740 4798 dogmata
810 4740 1058 4800 tempore
1118 4735 1521 4799 contaminata,
1586 4734 1890 4806 prodigiose
1952 4737 2057 4792 hoc

483 4822 657 4890 ipsum
702 4823 1065 4878 mentiendo:
1098 4825 1378 4893 signorum
1425 4836 1630 4894 autem,
1662 4838 1720 4883 et
1766 4829 1889 4882 vitae
1934 4844 2057 4899 gra-

2156 3363 2557 3435 Περιὸέϐληται
2578 3363 2634 3415 δὲ
2663 3361 2812 3431 αὑτῷ
2844 3360 3101 3424 ποικίλως
3129 3362 3158 3413 ὁ
3182 3361 3338 3429 λόγος
3360 3361 3457 3414 καὶ
3487 3363 3546 3413 ἐν
3567 3362 3735 3431 κόρῳ,

2156 3456 2231 3519 ὼς
2261 3457 2342 3519 εἱς
2375 3455 2437 3508 τὸ
2467 3454 2679 3523 ἀσαφὲς
2746 3453 2841 3507 καὶ
2869 3453 2971 3506 οὐκ
3000 3451 3090 3505 ἀεὶ
3114 3452 3307 3524 χαρίεν
3330 3453 3421 3505 τὸν
3459 3453 3739 3525 ἀκροατὴν

2158 3543 2548 3615 ὑποσύρεσθαι.
2586 3545 2673 3597 Ἐν
2707 3543 2921 3605 πολλοῖς
2942 3543 3001 3595 δὲ
3021 3543 3116 3596 καὶ
3142 3542 3356 3606 οἰκείως
3379 3543 3737 3614 γνωμολογεῖ.

2168 3640 2394 3709 Ἱστορεί
2418 3637 2476 3690 δὲ
2513 3637 2582 3690 τὰ
2606 3635 2715 3690 ἀπὸ
2765 3639 2865 3707 τῆς
2902 3636 3112 3706 Ἀρείου
3165 3636 3295 3705 περὶ
3359 3636 3459 3705 τὴν
3519 3635 3739 3706 αἵρεσιν

2160 3730 2396 3799 σπουδῆς
2419 3746 2479 3782 τε
2506 3729 2601 3782 καὶ
2664 3728 2983 3799 κατάρξεως
3035 3727 3198 3798 μέχρι
3232 3727 3334 3796 τῆς
3379 3728 3588 3781 Ἀετίου
3639 3726 3739 3780 τοῦ

2161 3818 2591 3871 δυσσεϐεστάτου
2648 3818 3023 3888 ἀνακλήσεως.
3082 3812 3252 3880 Οὗτος
3280 3817 3339 3870 δὲ
3378 3818 3585 3881 Ἀέτιος
3606 3836 3722 3887 παρ

2162 3911 2346 3964 αὐτῶν
2410 3911 2510 3981 μὲν
2567 3910 2677 3964 τῶν
2731 3909 3191 3979 συναιρεσιωτῶν,
3254 3909 3426 3964 διὰτὸ
3454 3912 3743 3974 κάκείνους

2161 3999 2569 4070 ὑπερϐαλέσθαι
2600 4002 2644 4032 ⁸³
2682 4003 2748 4071 τῇ
2796 3998 3107 4070 δυσσεϐείᾳ.
3147 4000 3224 4062 ὡς
3252 3999 3414 4061 αὐτὸς
3458 3992 3613 4062 οὗτος
3643 4001 3742 4053 καὶ

2163 4092 2240 4162 μὴ
2263 4090 2586 4161 βουλόμενος
2617 4091 2842 4159 ἱστορεῖ,
2864 4089 2964 4158 τῆς
2991 4089 3268 4153 διακονίας
3303 4090 3607 4161 καθῃρέθη,
3634 4090 3741 4143 ὑπὸ

2158 4182 2217 4236 δὲ
2247 4183 2339 4236 τοῦ
2366 4182 2798 4236 δυσσεϐεπάτου
2845 4182 3138 4236 Ἰουλιανοῦ
3207 4183 3478 4254 ἀνεκλήθη
3536 4199 3595 4236 τε
3647 4184 3741 4236 καὶ

2163 4274 2502 4345 φιλοφρόνως
2528 4272 2812 4340 ὲδεξιώθη.
2848 4274 2961 4326 Καὶ
2995 4275 3029 4344 ὴ
3083 4274 3182 4344 μὲν
3216 4274 3424 4345 ἱστορία
3475 4273 3639 4328 αὐτοῦ
3671 4275 3739 4328 δι’

2161 4367 2280 4429 ἑνὸς
2304 4365 2535 4435 βιϐλίου,
2568 4366 2756 4436 τόμοις
2785 4364 2847 4430 ἓξ
2872 4366 3363 4437 συμπληρουμένη,
3389 4368 3549 4438 μέχρι
3587 4367 3741 4421 τοῦδε

2161 4458 2379 4529 πρόεισι
2443 4458 2539 4512 τοῦ
2600 4459 2815 4528 χρόνου.
2887 4460 3044 4513 Ἐστι
3099 4460 3156 4512 δὲ
3194 4462 3262 4514 όί
3299 4461 3438 4531 ἀνὴρ
3481 4458 3735 4529 ψευδολόο

2162 4567 2258 4619 γος
2292 4569 2353 4604 τε
2400 4551 2496 4604 καὶ
2551 4551 2672 4603 οὐδὲ
2732 4550 3055 4620 μυθολογίας
3107 4552 3469 4623 ἀπεχόμενος.
3505 4552 3741 4621 Ἐξαίρει

2163 4644 2219 4697 δὲ
2258 4645 2315 4698 ὲν
2352 4643 2450 4714 μὲν
2476 4643 2654 4711 λόγοις
2708 4644 2942 4714 μάλιστα
2973 4645 3176 4698 Ἀέτιον
3208 4646 3301 4698 καὶ
3322 4645 3604 4715 Εὐνόμιον,
3643 4643 3743 4713 μό-

2162 4753 2287 4798 νους
2361 4734 2707 4805 ἀνακαθᾶραι
2761 4734 2829 4788 τὰ
2892 4737 2994 4806 τῆς
3041 4734 3323 4797 εὐσεϐείας
3366 4734 3611 4804 δόγματα
3660 4734 3741 4802 τῷ

2162 4832 2337 4901 χρόνῳ
2390 4829 2821 4900 συγκεχωσμένα
2870 4832 3293 4902 τερατευόμενος
3328 4832 3387 4883 ἐν
3432 4828 3739 4899 τεραστίοις

1766 4962 1995 5018 VARl/E
2032 4964 2436 5025 LECTIONES.

546 5078 594 5111 '°
623 5079 745 5134 libri
774 5078 1083 5150 ίεροκλέως.
1160 5079 1204 5111 ’⁷
1231 5080 1413 5133 malim
1445 5082 1741 5150 ἀχαρίτως.

1819 5082 1865 5115 ⁸⁸
1904 5084 2216 5155 ἐκφαντικῷ
2255 5100 2397 5140 corr.
2431 5088 2493 5140 A.
2570 5090 2616 5120 θ’
2645 5082 3077 5157 ὑπερϐάλλεσθαι
3106 5101 3168 5147 ς.

3246 5084 3261 5112 ¹
3293 5082 3322 5134 ὁ
3352 5080 3505 5135 libris
3534 5078 3707 5131 deest.

1996 5197 2223 5253 ΝΟΤᾸΞ.

552 5314 665 5384 (se)
687 5313 790 5371 lnl‘.
825 5316 945 5371 cod.
980 5314 1164 5370 xuu.

555 5386 666 5456 (57)
696 5387 912 5452 Septem
937 5400 1031 5440 eos
1068 5387 1233 5441 fuisse
1282 5386 1534 5455 colligere
1572 5385 1701 5442 licet
1752 5402 1817 5441 ex
1876 5386 2055 5441 libello

484 5456 723 5525 Eusebii,
745 5456 1027 5524 qniadbuc
1054 5467 1322 5524 superest,
1349 5458 1449 5510 hac
1477 5457 1829 5525 inscriptione
1865 5476 1878 5511 :
1906 5476 1923 5507 ι
1948 5456 2054 5509 Eu-

483 5526 617 5581 sebii
646 5524 910 5593 Pamphili
948 5526 1214 5596 gaesareae
1258 5527 1420 5596 episc.
1473 5526 1771 5580 confutatio
1828 5528 2058 5595 scripto-

483 5596 919 5676 rutndlieroclis,
945 5594 1222 5668 Tyaneum
1268 5594 1483 5651 Christo
1530 5597 1809 5651 Servatori
1846 5594 2060 5666 compa-

484 5677 673 5720 rantis.
707 5686 725 5716 ν

557 5736 666 5805 (58)
700 5734 943 5790 Meminit
976 5733 1089 5803 ejus
1120 5735 1314 5790 Suidas
1350 5739 1402 5791 in
1435 5737 1663 5792 Leontio
1691 5735 2044 5802 Tripolitauo,

484 5804 653 5876 allata
693 5818 749 5860 et
801 5806 1112 5861 narratione
1162 5810 1394 5874 quatlam
1446 5824 1520 5876 ex,
1558 5809 1656 5860 hac
1703 5807 2047 5876 Philostorgii

486 5875 739 5941 historia;
768 5891 1088 5945 rursumque
1118 5877 1168 5932 in
1196 5876 1463 5948 Phlegoue
1483 5875 1787 5943 Tralliano;
1813 5875 2041 5946 Nicepb.

2159 5318 2367 5372 Callist.
2408 5318 2503 5373 lib.
2546 5335 2586 5383 ι,
2622 5333 2670 5372 c.
2709 5318 2853 5382 init.,
2886 5317 2994 5371 Deo
3034 5318 3257 5372 invisum
3298 5313 3566 5375 nominat,
3593 5308 3740 5364 reciv

2162 5398 2452 5511 tatquggeix
2505 5392 2695 5443 eodem
2747 5389 2813 5441 de
2862 5388 3125 5443 Eunomio
3167 5385 3410 5456 quaedam
3463 5383 3598 5435 libro
3635 5395 3736 5445 xu,

2162 5472 2278 5511 can.
2313 5498 2343 5509 -
2430 5475 2505 5511 in.

2160 5472 2278 5524 cap.
2309 5459 2379 5511 9.9
2412 5459 2505 5513 fin.

2234 5528 2347 5596 (59)
2391 5528 2463 5581 De
2513 5543 2619 5595 quo
2669 5528 2896 5596 plurima
2948 5528 3087 5581 scitu
3132 5527 3437 5596 (lignaunon
3475 5538 3581 5577 uno
3615 5523 3737 5578 loco

2164 5594 2616 5671 scriptaureliqmt
2644 5594 2930 5671 Nicepltor.
2961 5598 3171 5671 Callist.
3203 5599 3254 5648 in
3286 5594 3488 5671 Ilistor.
3623 5662 3635 5671 .

2235 5668 2345 5737 (υο)
2380 5668 2503 5732 Ejus
2558 5670 2656 5721 hac
2710 5670 2777 5722 de
2823 5684 2880 5721 re
2936 5671 3000 5722 ad
3055 5666 3490 5737 Aetiumqipsnm
3534 5666 3733 5737 scripta

2161 5735 2388 5806 epismla
2421 5738 2582 5791 hodie
2612 5749 2812 5800 exstat,
2841 5753 2962 5791 cum
2997 5739 3210 5793 caneris
3251 5735 3491 5805 ejusdem
3540 5736 3730 5804 imper.

2158 5809 2344 5866 Graace
2371 5820 2427 5863 et
2454 5807 2646 5863 Latine
2677 5809 2819 5864 cdita
2850 5806 3095 5863 Parisiis.
