  <div class='ocr_page' id='page_1' title='image "/cluster/home/n/w/nwhite01/storage/ocr_20150623/103/hvd.32044018872861/044.png"; bbox 0 0 4146 6404; ppageno 0'>
   <div class='ocr_carea' id='block_1_1' title="bbox 250 399 3529 477">
    <p class='ocr_par' dir='ltr' id='par_1_1' title="bbox 250 399 3529 477">
     <span class='ocr_line' id='line_1_1' title="bbox 250 399 3529 477; baseline -0.004 -1"><span class='ocrx_word' id='word_1_1' title='bbox 250 416 321 477; x_wconf 82' lang='lat'><strong>73</strong></span> <span class='ocrx_word' id='word_1_2' title='bbox 1402 406 1930 472; x_wconf 80' lang='lat' dir='ltr'><strong>BlBLIOTHECA.</strong></span> <span class='ocrx_word' id='word_1_3' title='bbox 1974 438 2028 448; x_wconf 90' lang='lat'><strong>—</strong></span> <span class='ocrx_word' id='word_1_4' title='bbox 2062 411 2227 472; x_wconf 86' lang='lat' dir='ltr'><strong>COD.</strong></span> <span class='ocrx_word' id='word_1_5' title='bbox 2264 411 2413 472; x_wconf 82' lang='lat' dir='ltr'><strong>XLI.</strong></span> <span class='ocrx_word' id='word_1_6' title='bbox 3457 399 3529 467; x_wconf 70' lang='grc'><strong>74</strong></span> 
     </span>
    </p>
   </div>
   <div class='ocr_carea' id='block_1_2' title="bbox 250 516 1852 597">
    <p class='ocr_par' dir='ltr' id='par_1_2' title="bbox 250 523 1850 597">
     <span class='ocr_line' id='line_1_2' title="bbox 250 523 1850 597; baseline -0.003 -18"><span class='ocrx_word' id='word_1_7' title='bbox 250 527 310 579; x_wconf 74' lang='grc' dir='ltr'>δὲ</span> <span class='ocrx_word' id='word_1_8' title='bbox 334 527 431 580; x_wconf 81' lang='grc' dir='ltr'>καὶ</span> <span class='ocrx_word' id='word_1_9' title='bbox 464 525 566 595; x_wconf 80' lang='grc' dir='ltr'><strong>βίῳ</strong></span> <span class='ocrx_word' id='word_1_10' title='bbox 623 524 885 579; x_wconf 73' lang='grc' dir='ltr'>Εὐσέϐιον</span> <span class='ocrx_word' id='word_1_11' title='bbox 922 525 1016 578; x_wconf 81' lang='grc' dir='ltr'><strong>τὸν</strong></span> <span class='ocrx_word' id='word_1_12' title='bbox 1044 523 1385 597; x_wconf 77' lang='grc' dir='ltr'>Νικομηδίας</span> <span class='ocrx_word' id='word_1_13' title='bbox 1404 564 1418 583; x_wconf 85' lang='grc'><strong>.</strong></span> <span class='ocrx_word' id='word_1_14' title='bbox 1454 524 1514 577; x_wconf 85' lang='grc' dir='ltr'>ὃν</span> <span class='ocrx_word' id='word_1_15' title='bbox 1543 524 1637 577; x_wconf 78' lang='grc' dir='ltr'>καὶ</span> <span class='ocrx_word' id='word_1_16' title='bbox 1659 523 1850 590; x_wconf 75' lang='grc' dir='ltr'>Μέγαν</span> 
     </span>
    </p>
   </div>
   <div class='ocr_carea' id='block_1_3' title="bbox 1956 516 3528 597">
    <p class='ocr_par' dir='ltr' id='par_1_3' title="bbox 1956 516 3528 589">
     <span class='ocr_line' id='line_1_3' title="bbox 1956 516 3528 589; baseline -0.002 -15"><span class='ocrx_word' id='word_1_17' title='bbox 1956 519 2026 575; x_wconf 88' lang='lat' dir='ltr'><strong>tia</strong></span> <span class='ocrx_word' id='word_1_18' title='bbox 2061 520 2246 576; x_wconf 84' lang='lat' dir='ltr'><strong>laudat</strong></span> <span class='ocrx_word' id='word_1_19' title='bbox 2286 519 2579 577; x_wconf 81' lang='lat' dir='ltr'><strong>Eusebium</strong></span> <span class='ocrx_word' id='word_1_20' title='bbox 2632 518 2962 576; x_wconf 75' lang='lat' dir='ltr'><strong>Nicomedia:</strong></span> <span class='ocrx_word' id='word_1_21' title='bbox 3002 518 3314 588; x_wconf 83' lang='lat' dir='ltr'><strong>episcopum</strong></span> <span class='ocrx_word' id='word_1_22' title='bbox 3345 516 3528 589; x_wconf 78' lang='lat' dir='ltr'><strong>(quem</strong></span> 
     </span>
    </p>
   </div>
   <div class='ocr_carea' id='block_1_4' title="bbox 255 611 1852 687">
    <p class='ocr_par' dir='ltr' id='par_1_4' title="bbox 255 614 1847 687">
     <span class='ocr_line' id='line_1_4' title="bbox 255 614 1847 687; baseline -0.004 -15"><span class='ocrx_word' id='word_1_23' title='bbox 255 618 546 682; x_wconf 80' lang='grc' dir='ltr'><strong>ἀποκαλεῖ,</strong></span> <span class='ocrx_word' id='word_1_24' title='bbox 582 618 680 671; x_wconf 74' lang='grc' dir='ltr'>καὶ</span> <span class='ocrx_word' id='word_1_25' title='bbox 711 617 973 687; x_wconf 81' lang='grc' dir='ltr'>Θεόφιλον</span> <span class='ocrx_word' id='word_1_26' title='bbox 1006 617 1098 671; x_wconf 83' lang='grc' dir='ltr'>τὸν</span> <span class='ocrx_word' id='word_1_27' title='bbox 1132 617 1293 671; x_wconf 79' lang='grc' dir='ltr'>Ἰνδὸν</span> <span class='ocrx_word' id='word_1_28' title='bbox 1322 618 1415 670; x_wconf 73' lang='grc' dir='ltr'>καὶ</span> <span class='ocrx_word' id='word_1_29' title='bbox 1438 615 1632 678; x_wconf 81' lang='grc' dir='ltr'>ἄλλους</span> <span class='ocrx_word' id='word_1_30' title='bbox 1661 614 1847 667; x_wconf 83' lang='grc' dir='ltr'>πλείο-</span> 
     </span>
    </p>
   </div>
   <div class='ocr_carea' id='block_1_5' title="bbox 1956 611 3528 687">
    <p class='ocr_par' dir='ltr' id='par_1_5' title="bbox 1956 611 3528 684">
     <span class='ocr_line' id='line_1_5' title="bbox 1956 611 3528 684; baseline -0.003 -16"><span class='ocrx_word' id='word_1_31' title='bbox 1956 616 2113 670; x_wconf 85' lang='lat' dir='ltr'><strong>etiam</strong></span> <span class='ocrx_word' id='word_1_32' title='bbox 2168 613 2423 682; x_wconf 76' lang='lat' dir='ltr'><strong>Magnum</strong></span> <span class='ocrx_word' id='word_1_33' title='bbox 2478 612 2744 684; x_wconf 87' lang='lat' dir='ltr'><strong>nominat)</strong></span> <span class='ocrx_word' id='word_1_34' title='bbox 2800 623 2857 669; x_wconf 92' lang='lat' dir='ltr'><strong>et</strong></span> <span class='ocrx_word' id='word_1_35' title='bbox 2914 611 3266 682; x_wconf 79' lang='lat' dir='ltr'><strong>TheOphilum</strong></span> <span class='ocrx_word' id='word_1_36' title='bbox 3316 611 3528 675; x_wconf 88' lang='lat' dir='ltr'><strong>ludum,</strong></span> 
     </span>
    </p>
   </div>
   <div class='ocr_carea' id='block_1_6' title="bbox 257 706 1846 780">
    <p class='ocr_par' dir='ltr' id='par_1_6' title="bbox 257 706 1846 780">
     <span class='ocr_line' id='line_1_6' title="bbox 257 706 1846 780; baseline -0.004 -16"><span class='ocrx_word' id='word_1_37' title='bbox 257 728 379 774; x_wconf 84' lang='grc' dir='ltr'>νας.</span> <span class='ocrx_word' id='word_1_38' title='bbox 418 711 736 780; x_wconf 81' lang='grc' dir='ltr'>Κατηγορεϊ</span> <span class='ocrx_word' id='word_1_39' title='bbox 762 709 819 762; x_wconf 82' lang='grc' dir='ltr'>δὲ</span> <span class='ocrx_word' id='word_1_40' title='bbox 861 709 1117 763; x_wconf 84' lang='grc' dir='ltr'>Ἀκακίου</span> <span class='ocrx_word' id='word_1_41' title='bbox 1171 708 1431 780; x_wconf 86' lang='grc' dir='ltr'>μάλιστα,</span> <span class='ocrx_word' id='word_1_42' title='bbox 1488 706 1582 761; x_wconf 82' lang='grc' dir='ltr'>τοῦ</span> <span class='ocrx_word' id='word_1_43' title='bbox 1633 709 1846 761; x_wconf 82' lang='grc' dir='ltr'>Καισα-</span> 
     </span>
    </p>
   </div>
   <div class='ocr_carea' id='block_1_7' title="bbox 257 798 1846 873">
    <p class='ocr_par' dir='ltr' id='par_1_7' title="bbox 257 798 1846 873">
     <span class='ocr_line' id='line_1_7' title="bbox 257 798 1846 873; baseline -0.002 -19"><span class='ocrx_word' id='word_1_44' title='bbox 257 804 413 873; x_wconf 81' lang='grc' dir='ltr'>ρείας</span> <span class='ocrx_word' id='word_1_45' title='bbox 449 802 551 872; x_wconf 79' lang='grc' dir='ltr'>τῆς</span> <span class='ocrx_word' id='word_1_46' title='bbox 576 801 720 855; x_wconf 72' lang='grc' dir='ltr'>κατὰ</span> <span class='ocrx_word' id='word_1_47' title='bbox 745 800 1113 870; x_wconf 80' lang='grc' dir='ltr'><strong>Παλαιστίνην</strong></span> <span class='ocrx_word' id='word_1_48' title='bbox 1147 802 1643 871; x_wconf 81' lang='grc' dir='ltr'>ὲπισκοπήσαντος,</span> <span class='ocrx_word' id='word_1_49' title='bbox 1676 798 1846 852; x_wconf 86' lang='grc' dir='ltr'>δεινό-</span> 
     </span>
    </p>
   </div>
   <div class='ocr_carea' id='block_1_8' title="bbox 255 893 1834 969">
    <p class='ocr_par' dir='ltr' id='par_1_8' title="bbox 255 893 1834 969">
     <span class='ocr_line' id='line_1_8' title="bbox 255 893 1834 969; baseline -0.004 -19"><span class='ocrx_word' id='word_1_50' title='bbox 255 898 400 969; x_wconf 83' lang='grc' dir='ltr'>τητά</span> <span class='ocrx_word' id='word_1_51' title='bbox 446 914 506 949; x_wconf 90' lang='grc' dir='ltr'><strong>τε</strong></span> <span class='ocrx_word' id='word_1_52' title='bbox 535 894 949 966; x_wconf 74' lang='grc' dir='ltr'>ἀνυπέρϐλητον</span> <span class='ocrx_word' id='word_1_53' title='bbox 1002 896 1097 947; x_wconf 76' lang='grc' dir='ltr'>καὶ</span> <span class='ocrx_word' id='word_1_54' title='bbox 1153 894 1532 963; x_wconf 85' lang='grc' dir='ltr'>πανουργίαν¹</span> <span class='ocrx_word' id='word_1_55' title='bbox 1594 893 1834 962; x_wconf 79' lang='grc' dir='ltr'>ἄμαχον,</span> 
     </span>
    </p>
   </div>
   <div class='ocr_carea' id='block_1_9' title="bbox 260 982 1842 1061">
    <p class='ocr_par' dir='ltr' id='par_1_9' title="bbox 260 982 1842 1061">
     <span class='ocr_line' id='line_1_9' title="bbox 260 982 1842 1061; baseline -0.003 -19"><span class='ocrx_word' id='word_1_56' title='bbox 260 990 381 1061; x_wconf 75' lang='grc' dir='ltr'>μεθ’</span> <span class='ocrx_word' id='word_1_57' title='bbox 410 982 486 1042; x_wconf 80' lang='grc' dir='ltr'>ὧν</span> <span class='ocrx_word' id='word_1_58' title='bbox 507 987 602 1041; x_wconf 81' lang='grc' dir='ltr'>καὶ</span> <span class='ocrx_word' id='word_1_59' title='bbox 630 989 847 1041; x_wconf 80' lang='grc' dir='ltr'>πάντων</span> <span class='ocrx_word' id='word_1_60' title='bbox 871 1004 943 1057; x_wconf 82' lang='grc' dir='ltr'><strong>φη</strong></span> <span class='ocrx_word' id='word_1_61' title='bbox 953 988 1005 1039; x_wconf 70' lang='lat' dir='ltr'><strong>si.</strong></span> <span class='ocrx_word' id='word_1_62' title='bbox 1029 988 1359 1058; x_wconf 84' lang='grc' dir='ltr'>κατισχῦσαι</span> <span class='ocrx_word' id='word_1_63' title='bbox 1388 987 1496 1040; x_wconf 82' lang='grc' dir='ltr'><strong>τῶν</strong></span> <span class='ocrx_word' id='word_1_64' title='bbox 1521 1003 1579 1039; x_wconf 89' lang='grc' dir='ltr'><strong>τε</strong></span> <span class='ocrx_word' id='word_1_65' title='bbox 1600 986 1842 1058; x_wconf 76' lang='grc' dir='ltr'>ὁμοφρο-</span> 
     </span>
    </p>
   </div>
   <div class='ocr_carea' id='block_1_10' title="bbox 256 1078 1841 1149">
    <p class='ocr_par' dir='ltr' id='par_1_10' title="bbox 256 1078 1841 1149">
     <span class='ocr_line' id='line_1_10' title="bbox 256 1078 1841 1149; baseline -0.003 -16"><span class='ocrx_word' id='word_1_66' title='bbox 256 1085 369 1134; x_wconf 82' lang='grc' dir='ltr'><strong>νεῖν</strong></span> <span class='ocrx_word' id='word_1_67' title='bbox 411 1081 736 1145; x_wconf 72' lang='grc' dir='ltr'><strong>δοκούντων,</strong></span> <span class='ocrx_word' id='word_1_68' title='bbox 796 1080 877 1142; x_wconf 84' lang='grc' dir='ltr'><strong>είς</strong></span> <span class='ocrx_word' id='word_1_69' title='bbox 933 1078 1136 1149; x_wconf 71' lang='grc' dir='ltr'>ἔχθραν</span> <span class='ocrx_word' id='word_1_70' title='bbox 1174 1080 1230 1132; x_wconf 80' lang='grc' dir='ltr'>δέ</span> <span class='ocrx_word' id='word_1_71' title='bbox 1264 1097 1389 1133; x_wconf 87' lang='grc' dir='ltr'>τινα</span> <span class='ocrx_word' id='word_1_72' title='bbox 1427 1078 1841 1142; x_wconf 77' lang='grc' dir='ltr'><strong>καταστάντων,</strong></span> 
     </span>
    </p>
   </div>
   <div class='ocr_carea' id='block_1_11' title="bbox 258 1170 1255 1242">
    <p class='ocr_par' dir='ltr' id='par_1_11' title="bbox 258 1170 1255 1242">
     <span class='ocr_line' id='line_1_11' title="bbox 258 1170 1255 1242; baseline -0.001 -17"><span class='ocrx_word' id='word_1_73' title='bbox 258 1174 355 1225; x_wconf 68' lang='grc' dir='ltr'>καὶ</span> <span class='ocrx_word' id='word_1_74' title='bbox 376 1173 488 1226; x_wconf 82' lang='grc' dir='ltr'><strong>τῶν</strong></span> <span class='ocrx_word' id='word_1_75' title='bbox 517 1170 780 1225; x_wconf 80' lang='grc' dir='ltr'>τάναντία</span> <span class='ocrx_word' id='word_1_76' title='bbox 813 1170 1255 1242; x_wconf 77' lang='grc' dir='ltr'>Θρησκευόντων.</span> 
     </span>
    </p>
   </div>
   <div class='ocr_carea' id='block_1_12' title="bbox 330 1348 1843 1420">
    <p class='ocr_par' dir='ltr' id='par_1_12' title="bbox 330 1348 1843 1420">
     <span class='ocr_line' id='line_1_12' title="bbox 330 1348 1843 1420; baseline -0.003 -16"><span class='ocrx_word' id='word_1_77' title='bbox 330 1351 442 1404; x_wconf 76' lang='grc' dir='ltr'><strong>Καὶ</strong></span> <span class='ocrx_word' id='word_1_78' title='bbox 486 1350 662 1403; x_wconf 74' lang='grc' dir='ltr'>ταῦτα</span> <span class='ocrx_word' id='word_1_79' title='bbox 717 1350 816 1420; x_wconf 81' lang='grc' dir='ltr'>μέν</span> <span class='ocrx_word' id='word_1_80' title='bbox 852 1367 943 1420; x_wconf 88' lang='grc' dir='ltr'><strong>μοι</strong></span> <span class='ocrx_word' id='word_1_81' title='bbox 966 1349 1069 1418; x_wconf 74' lang='grc' dir='ltr'>ἤδη</span> <span class='ocrx_word' id='word_1_82' title='bbox 1091 1348 1422 1416; x_wconf 80' lang='grc' dir='ltr'>ἀνέγνωστο,</span> <span class='ocrx_word' id='word_1_83' title='bbox 1460 1350 1580 1418; x_wconf 79' lang='grc' dir='ltr'>μετ’</span> <span class='ocrx_word' id='word_1_84' title='bbox 1607 1349 1668 1401; x_wconf 83' lang='grc' dir='ltr'>οὐ</span> <span class='ocrx_word' id='word_1_85' title='bbox 1706 1348 1843 1402; x_wconf 81' lang='grc' dir='ltr'>πολὺ</span> 
     </span>
    </p>
   </div>
   <div class='ocr_carea' id='block_1_13' title="bbox 259 1440 1845 1513">
    <p class='ocr_par' dir='ltr' id='par_1_13' title="bbox 259 1440 1845 1513">
     <span class='ocr_line' id='line_1_13' title="bbox 259 1440 1845 1513; baseline -0.001 -17"><span class='ocrx_word' id='word_1_86' title='bbox 259 1444 315 1496; x_wconf 75' lang='grc' dir='ltr'>δὲ</span> <span class='ocrx_word' id='word_1_87' title='bbox 350 1446 409 1497; x_wconf 78' lang='grc' dir='ltr'>ἐν</span> <span class='ocrx_word' id='word_1_88' title='bbox 444 1442 591 1513; x_wconf 80' lang='grc' dir='ltr'>ἄλλῳ</span> <span class='ocrx_word' id='word_1_89' title='bbox 637 1442 829 1512; x_wconf 73' lang='grc' dir='ltr'>βιϐλίῳ</span> <span class='ocrx_word' id='word_1_90' title='bbox 884 1443 979 1495; x_wconf 74' lang='grc' dir='ltr'>καὶ</span> <span class='ocrx_word' id='word_1_91' title='bbox 1033 1441 1212 1512; x_wconf 70' lang='grc' dir='ltr'>ἕτεροι</span> <span class='ocrx_word' id='word_1_92' title='bbox 1252 1440 1420 1495; x_wconf 76' lang='grc' dir='ltr'>αὑτοῦ</span> <span class='ocrx_word' id='word_1_93' title='bbox 1468 1442 1618 1510; x_wconf 81' lang='grc' dir='ltr'><strong>λόγοι</strong></span> <span class='ocrx_word' id='word_1_94' title='bbox 1649 1441 1729 1506; x_wconf 80' lang='grc' dir='ltr'><strong>ἓξ,</strong></span> <span class='ocrx_word' id='word_1_95' title='bbox 1769 1442 1845 1505; x_wconf 84' lang='grc' dir='ltr'>ὼς</span> 
     </span>
    </p>
   </div>
   <div class='ocr_carea' id='block_1_14' title="bbox 262 1534 1844 1607">
    <p class='ocr_par' dir='ltr' id='par_1_14' title="bbox 262 1534 1844 1607">
     <span class='ocr_line' id='line_1_14' title="bbox 262 1534 1844 1607; baseline 0 -20"><span class='ocrx_word' id='word_1_96' title='bbox 262 1534 721 1607; x_wconf 75' lang='grc' dir='ltr'><strong>συμπληροῦσθαι</strong></span> <span class='ocrx_word' id='word_1_97' title='bbox 775 1534 941 1588; x_wconf 76' lang='grc' dir='ltr'>αὐτοῦ</span> <span class='ocrx_word' id='word_1_98' title='bbox 972 1534 1070 1604; x_wconf 78' lang='grc' dir='ltr'><strong>τὴν</strong></span> <span class='ocrx_word' id='word_1_99' title='bbox 1114 1534 1418 1603; x_wconf 84' lang='grc' dir='ltr'><strong>σύμπασαν</strong></span> <span class='ocrx_word' id='word_1_100' title='bbox 1450 1534 1844 1605; x_wconf 78' lang='grc' dir='ltr'>πραγματείαν</span> 
     </span>
    </p>
   </div>
   <div class='ocr_carea' id='block_1_15' title="bbox 260 1620 1845 1696">
    <p class='ocr_par' dir='ltr' id='par_1_15' title="bbox 260 1620 1845 1696">
     <span class='ocr_line' id='line_1_15' title="bbox 260 1620 1845 1696; baseline -0.002 -16"><span class='ocrx_word' id='word_1_101' title='bbox 260 1630 318 1681; x_wconf 81' lang='grc' dir='ltr'>ἐν</span> <span class='ocrx_word' id='word_1_102' title='bbox 344 1627 531 1692; x_wconf 78' lang='grc' dir='ltr'>λόγοις</span> <span class='ocrx_word' id='word_1_103' title='bbox 580 1627 647 1696; x_wconf 88' lang='grc' dir='ltr'><strong>ιβ’</strong></span> <span class='ocrx_word' id='word_1_104' title='bbox 678 1644 693 1659; x_wconf 75' lang='grc' dir='ltr'><strong>ο</strong></span> <span class='ocrx_word' id='word_1_105' title='bbox 730 1620 807 1681; x_wconf 81' lang='grc' dir='ltr'>ὧν</span> <span class='ocrx_word' id='word_1_106' title='bbox 831 1628 890 1680; x_wconf 76' lang='grc' dir='ltr'>αἱ</span> <span class='ocrx_word' id='word_1_107' title='bbox 919 1625 1172 1696; x_wconf 75' lang='grc' dir='ltr'>ἀπαρχαὶ</span> <span class='ocrx_word' id='word_1_108' title='bbox 1228 1624 1613 1695; x_wconf 76' lang='grc' dir='ltr'>συντιθέμεναι</span> <span class='ocrx_word' id='word_1_109' title='bbox 1641 1625 1702 1678; x_wconf 76' lang='grc' dir='ltr'>τὸ</span> <span class='ocrx_word' id='word_1_110' title='bbox 1750 1624 1845 1677; x_wconf 77' lang='grc' dir='ltr'>τοῦ</span> 
     </span>
    </p>
   </div>
   <div class='ocr_carea' id='block_1_16' title="bbox 262 1717 1839 1789">
    <p class='ocr_par' dir='ltr' id='par_1_16' title="bbox 262 1717 1839 1789">
     <span class='ocr_line' id='line_1_16' title="bbox 262 1717 1839 1789; baseline -0.001 -17"><span class='ocrx_word' id='word_1_111' title='bbox 262 1720 713 1789; x_wconf 75' lang='grc' dir='ltr'>συγγεγραφότος</span> <span class='ocrx_word' id='word_1_112' title='bbox 757 1719 1118 1789; x_wconf 77' lang='grc' dir='ltr'>ἁπαρτίζουσι</span> <span class='ocrx_word' id='word_1_113' title='bbox 1176 1717 1565 1789; x_wconf 82' lang='grc' dir='ltr'>Φιλοστοργίου</span> <span class='ocrx_word' id='word_1_114' title='bbox 1641 1717 1839 1785; x_wconf 75' lang='grc' dir='ltr'>ὄνομα.</span> 
     </span>
    </p>
   </div>
   <div class='ocr_carea' id='block_1_17' title="bbox 262 1809 1842 1881">
    <p class='ocr_par' dir='ltr' id='par_1_17' title="bbox 262 1809 1842 1881">
     <span class='ocr_line' id='line_1_17' title="bbox 262 1809 1842 1881; baseline -0.003 -16"><span class='ocrx_word' id='word_1_115' title='bbox 262 1814 492 1865; x_wconf 75' lang='grc' dir='ltr'>Κάτεισι</span> <span class='ocrx_word' id='word_1_116' title='bbox 513 1813 568 1864; x_wconf 87' lang='grc' dir='ltr'>δὲ</span> <span class='ocrx_word' id='word_1_117' title='bbox 600 1811 762 1881; x_wconf 79' lang='grc' dir='ltr'>μέχρι</span> <span class='ocrx_word' id='word_1_118' title='bbox 814 1812 924 1864; x_wconf 84' lang='grc' dir='ltr'>τῶν</span> <span class='ocrx_word' id='word_1_119' title='bbox 978 1809 1261 1863; x_wconf 77' lang='grc' dir='ltr'>Θεοδοσίου</span> <span class='ocrx_word' id='word_1_120' title='bbox 1305 1811 1401 1864; x_wconf 75' lang='grc' dir='ltr'>τοῦ</span> <span class='ocrx_word' id='word_1_121' title='bbox 1428 1810 1571 1862; x_wconf 82' lang='grc' dir='ltr'>Νέου</span> <span class='ocrx_word' id='word_1_122' title='bbox 1614 1811 1842 1880; x_wconf 86' lang='grc' dir='ltr'>χρόνων,</span> 
     </span>
    </p>
   </div>
   <div class='ocr_carea' id='block_1_18' title="bbox 1949 705 3529 779">
    <p class='ocr_par' dir='ltr' id='par_1_18' title="bbox 1949 705 3529 779">
     <span class='ocr_line' id='line_1_18' title="bbox 1949 705 3529 779; baseline -0.003 -17"><span class='ocrx_word' id='word_1_123' title='bbox 1949 707 2197 777; x_wconf 88' lang='lat' dir='ltr'><strong>aliosque</strong></span> <span class='ocrx_word' id='word_1_124' title='bbox 2230 706 2558 776; x_wconf 85' lang='lat' dir='ltr'><strong>complures.</strong></span> <span class='ocrx_word' id='word_1_125' title='bbox 2592 706 2961 779; x_wconf 81' lang='lat' dir='ltr'><strong>Reprehendit</strong></span> <span class='ocrx_word' id='word_1_126' title='bbox 2990 706 3056 761; x_wconf 91' lang='lat' dir='ltr'><strong>ad</strong></span> <span class='ocrx_word' id='word_1_127' title='bbox 3097 705 3212 761; x_wconf 65' lang='lat' dir='ltr'><strong>haec</strong></span> <span class='ocrx_word' id='word_1_128' title='bbox 3249 706 3433 763; x_wconf 78' lang='lat' dir='ltr'><strong>Acacii</strong></span> <span class='ocrx_word' id='word_1_129' title='bbox 3474 706 3529 759; x_wconf 91' lang='lat' dir='ltr'><strong>in</strong></span> 
     </span>
    </p>
   </div>
   <div class='ocr_carea' id='block_1_19' title="bbox 1946 798 3529 869">
    <p class='ocr_par' dir='ltr' id='par_1_19' title="bbox 1946 798 3529 869">
     <span class='ocr_line' id='line_1_19' title="bbox 1946 798 3529 869; baseline -0.002 -15"><span class='ocrx_word' id='word_1_130' title='bbox 1946 798 2139 869; x_wconf 86' lang='lat' dir='ltr'><strong>primis</strong></span> <span class='ocrx_word' id='word_1_131' title='bbox 2193 799 2460 856; x_wconf 65' lang='lat' dir='ltr'><strong>Caesareae</strong></span> <span class='ocrx_word' id='word_1_132' title='bbox 2522 800 2827 857; x_wconf 53' lang='lat' dir='ltr'><strong>Palaestinae</strong></span> <span class='ocrx_word' id='word_1_133' title='bbox 2884 799 3123 869; x_wconf 80' lang='lat' dir='ltr'><strong>episcopi</strong></span> <span class='ocrx_word' id='word_1_134' title='bbox 3183 799 3529 854; x_wconf 72' lang='lat' dir='ltr'><strong>severitatem</strong></span> 
     </span>
    </p>
   </div>
   <div class='ocr_carea' id='block_1_20' title="bbox 1953 893 3531 965">
    <p class='ocr_par' dir='ltr' id='par_1_20' title="bbox 1953 893 3531 965">
     <span class='ocr_line' id='line_1_20' title="bbox 1953 893 3531 965; baseline -0.001 -19"><span class='ocrx_word' id='word_1_135' title='bbox 1953 893 2373 962; x_wconf 86' lang='lat' dir='ltr'><strong>intolerandam,</strong></span> <span class='ocrx_word' id='word_1_136' title='bbox 2413 905 2469 950; x_wconf 86' lang='lat' dir='ltr'><strong>et</strong></span> <span class='ocrx_word' id='word_1_137' title='bbox 2509 894 2981 965; x_wconf 80' lang='lat' dir='ltr'><strong>inexpugnabilem</strong></span> <span class='ocrx_word' id='word_1_138' title='bbox 3026 893 3319 949; x_wconf 85' lang='lat' dir='ltr'><strong>versutiam</strong></span> <span class='ocrx_word' id='word_1_139' title='bbox 3356 908 3371 947; x_wconf 91' lang='lat'>:</span> <span class='ocrx_word' id='word_1_140' title='bbox 3408 893 3531 961; x_wconf 89' lang='lat' dir='ltr'><strong>qui-</strong></span> 
     </span>
    </p>
   </div>
   <div class='ocr_carea' id='block_1_21' title="bbox 1948 978 3529 1056">
    <p class='ocr_par' dir='ltr' id='par_1_21' title="bbox 1948 978 3529 1056">
     <span class='ocr_line' id='line_1_21' title="bbox 1948 978 3529 1056; baseline -0.001 -16"><span class='ocrx_word' id='word_1_141' title='bbox 1948 984 2052 1041; x_wconf 84' lang='lat' dir='ltr'><strong>bus</strong></span> <span class='ocrx_word' id='word_1_142' title='bbox 2083 978 2292 1041; x_wconf 86' lang='lat' dir='ltr'><strong>artibus</strong></span> <span class='ocrx_word' id='word_1_143' title='bbox 2336 989 2413 1043; x_wconf 91' lang='lat' dir='ltr'><strong>ait</strong></span> <span class='ocrx_word' id='word_1_144' title='bbox 2459 1003 2581 1043; x_wconf 91' lang='lat' dir='ltr'><strong>eum</strong></span> <span class='ocrx_word' id='word_1_145' title='bbox 2616 989 2871 1043; x_wconf 88' lang='lat' dir='ltr'><strong>omnibus</strong></span> <span class='ocrx_word' id='word_1_146' title='bbox 2901 987 3269 1056; x_wconf 74' lang='lat' dir='ltr'><strong>praevaluisse,</strong></span> <span class='ocrx_word' id='word_1_147' title='bbox 3306 997 3412 1040; x_wconf 86' lang='lat' dir='ltr'><strong>tam</strong></span> <span class='ocrx_word' id='word_1_148' title='bbox 3438 986 3529 1053; x_wconf 88' lang='lat' dir='ltr'><strong>qui</strong></span> 
     </span>
    </p>
   </div>
   <div class='ocr_carea' id='block_1_22' title="bbox 1945 1078 3529 1149">
    <p class='ocr_par' dir='ltr' id='par_1_22' title="bbox 1945 1078 3529 1149">
     <span class='ocr_line' id='line_1_22' title="bbox 1945 1078 3529 1149; baseline -0.002 -18"><span class='ocrx_word' id='word_1_149' title='bbox 1945 1091 2069 1131; x_wconf 91' lang='lat' dir='ltr'><strong>cum</strong></span> <span class='ocrx_word' id='word_1_150' title='bbox 2126 1078 2216 1132; x_wconf 93' lang='lat' dir='ltr'><strong>illo</strong></span> <span class='ocrx_word' id='word_1_151' title='bbox 2270 1079 2557 1143; x_wconf 90' lang='lat' dir='ltr'><strong>sentirent,</strong></span> <span class='ocrx_word' id='word_1_152' title='bbox 2608 1079 2736 1135; x_wconf 90' lang='lat' dir='ltr'><strong>licet</strong></span> <span class='ocrx_word' id='word_1_153' title='bbox 2789 1088 2981 1133; x_wconf 90' lang='lat' dir='ltr'><strong>mutuo</strong></span> <span class='ocrx_word' id='word_1_154' title='bbox 3040 1078 3331 1149; x_wconf 80' lang='lat' dir='ltr'><strong>ﬂagrarent</strong></span> <span class='ocrx_word' id='word_1_155' title='bbox 3381 1078 3529 1138; x_wconf 86' lang='lat' dir='ltr'><strong>odio,</strong></span> 
     </span>
    </p>
   </div>
   <div class='ocr_carea' id='block_1_23' title="bbox 1948 1171 3533 1243">
    <p class='ocr_par' dir='ltr' id='par_1_23' title="bbox 1948 1171 3533 1243">
     <span class='ocr_line' id='line_1_23' title="bbox 1948 1171 3533 1243; baseline 0.002 -20"><span class='ocrx_word' id='word_1_156' title='bbox 1948 1186 2109 1238; x_wconf 87' lang='lat' dir='ltr'><strong>quam</strong></span> <span class='ocrx_word' id='word_1_157' title='bbox 2153 1171 2245 1240; x_wconf 90' lang='lat' dir='ltr'><strong>qui</strong></span> <span class='ocrx_word' id='word_1_158' title='bbox 2294 1172 2624 1227; x_wconf 84' lang='lat' dir='ltr'><strong>contrariam</strong></span> <span class='ocrx_word' id='word_1_159' title='bbox 2669 1173 2736 1228; x_wconf 89' lang='lat' dir='ltr'><strong>de</strong></span> <span class='ocrx_word' id='word_1_160' title='bbox 2782 1173 3046 1243; x_wconf 78' lang='lat' dir='ltr'><strong>religione</strong></span> <span class='ocrx_word' id='word_1_161' title='bbox 3083 1172 3411 1227; x_wconf 85' lang='lat' dir='ltr'><strong>sententiam</strong></span> <span class='ocrx_word' id='word_1_162' title='bbox 3446 1187 3533 1231; x_wconf 77' lang='lat' dir='ltr'><strong>se-</strong></span> 
     </span>
    </p>
   </div>
   <div class='ocr_carea' id='block_1_24' title="bbox 1948 1272 2268 1331">
    <p class='ocr_par' dir='ltr' id='par_1_24' title="bbox 1948 1272 2268 1331">
     <span class='ocr_line' id='line_1_24' title="bbox 1948 1272 2268 1331; baseline 0 -16"><span class='ocrx_word' id='word_1_163' title='bbox 1948 1272 2268 1331; x_wconf 88' lang='lat' dir='ltr'><strong>querentur.</strong></span> 
     </span>
    </p>
   </div>
   <div class='ocr_carea' id='block_1_25' title="bbox 2018 1352 3532 1427">
    <p class='ocr_par' dir='ltr' id='par_1_25' title="bbox 2018 1352 3532 1427">
     <span class='ocr_line' id='line_1_25' title="bbox 2018 1352 3532 1427; baseline 0.001 -20"><span class='ocrx_word' id='word_1_164' title='bbox 2018 1354 2087 1407; x_wconf 88' lang='lat' dir='ltr'><strong>Et</strong></span> <span class='ocrx_word' id='word_1_165' title='bbox 2139 1352 2254 1408; x_wconf 82' lang='lat' dir='ltr'><strong>haec</strong></span> <span class='ocrx_word' id='word_1_166' title='bbox 2288 1354 2506 1422; x_wconf 81' lang='lat' dir='ltr'><strong>quidem</strong></span> <span class='ocrx_word' id='word_1_167' title='bbox 2554 1354 2607 1408; x_wconf 90' lang='lat' dir='ltr'><strong>in</strong></span> <span class='ocrx_word' id='word_1_168' title='bbox 2657 1368 2899 1423; x_wconf 70' lang='lat' dir='ltr'><strong>prazsens</strong></span> <span class='ocrx_word' id='word_1_169' title='bbox 2946 1354 3196 1427; x_wconf 81' lang='lat' dir='ltr'><strong>legimus.</strong></span> <span class='ocrx_word' id='word_1_170' title='bbox 3251 1354 3381 1412; x_wconf 81' lang='lat' dir='ltr'><strong>Post</strong></span> <span class='ocrx_word' id='word_1_171' title='bbox 3426 1371 3532 1411; x_wconf 86' lang='lat' dir='ltr'><strong>non</strong></span> 
     </span>
    </p>
   </div>
   <div class='ocr_carea' id='block_1_26' title="bbox 1947 1446 3535 1519">
    <p class='ocr_par' dir='ltr' id='par_1_26' title="bbox 1947 1446 3535 1519">
     <span class='ocr_line' id='line_1_26' title="bbox 1947 1446 3535 1519; baseline 0.003 -19"><span class='ocrx_word' id='word_1_172' title='bbox 1947 1446 2038 1500; x_wconf 89' lang='lat' dir='ltr'><strong>ditt</strong></span> <span class='ocrx_word' id='word_1_173' title='bbox 2074 1446 2128 1501; x_wconf 91' lang='lat' dir='ltr'><strong>in</strong></span> <span class='ocrx_word' id='word_1_174' title='bbox 2158 1447 2266 1502; x_wconf 89' lang='lat' dir='ltr'><strong>alio</strong></span> <span class='ocrx_word' id='word_1_175' title='bbox 2300 1448 2576 1502; x_wconf 86' lang='lat' dir='ltr'><strong>volumine</strong></span> <span class='ocrx_word' id='word_1_176' title='bbox 2619 1464 2715 1503; x_wconf 85' lang='lat' dir='ltr'><strong>sex</strong></span> <span class='ocrx_word' id='word_1_177' title='bbox 2754 1449 2947 1517; x_wconf 88' lang='lat' dir='ltr'><strong>reliqui</strong></span> <span class='ocrx_word' id='word_1_178' title='bbox 2994 1450 3210 1519; x_wconf 86' lang='lat' dir='ltr'><strong>reperti,</strong></span> <span class='ocrx_word' id='word_1_179' title='bbox 3241 1458 3299 1502; x_wconf 90' lang='lat' dir='ltr'><strong>ut</strong></span> <span class='ocrx_word' id='word_1_180' title='bbox 3344 1449 3535 1519; x_wconf 87' lang='lat' dir='ltr'><strong>imple-</strong></span> 
     </span>
    </p>
   </div>
   <div class='ocr_carea' id='block_1_27' title="bbox 1947 1541 3536 1612">
    <p class='ocr_par' dir='ltr' id='par_1_27' title="bbox 1947 1541 3536 1612">
     <span class='ocr_line' id='line_1_27' title="bbox 1947 1541 3536 1612; baseline 0.003 -22"><span class='ocrx_word' id='word_1_181' title='bbox 1947 1541 2090 1594; x_wconf 87' lang='lat' dir='ltr'><strong>visse</strong></span> <span class='ocrx_word' id='word_1_182' title='bbox 2141 1551 2312 1595; x_wconf 88' lang='lat' dir='ltr'><strong>totum</strong></span> <span class='ocrx_word' id='word_1_183' title='bbox 2366 1555 2501 1610; x_wconf 76' lang='lat' dir='ltr'><strong>Opus</strong></span> <span class='ocrx_word' id='word_1_184' title='bbox 2549 1542 2831 1597; x_wconf 88' lang='lat' dir='ltr'><strong>duodecim</strong></span> <span class='ocrx_word' id='word_1_185' title='bbox 2883 1542 3035 1596; x_wconf 89' lang='lat' dir='ltr'><strong>libris</strong></span> <span class='ocrx_word' id='word_1_186' title='bbox 3075 1543 3321 1596; x_wconf 82' lang='lat' dir='ltr'><strong>videatur</strong></span> <span class='ocrx_word' id='word_1_187' title='bbox 3352 1559 3367 1597; x_wconf 90' lang='lat'>:</span> <span class='ocrx_word' id='word_1_188' title='bbox 3398 1557 3536 1612; x_wconf 89' lang='lat' dir='ltr'><strong>quo-</strong></span> 
     </span>
    </p>
   </div>
   <div class='ocr_carea' id='block_1_28' title="bbox 1948 1632 3537 1704">
    <p class='ocr_par' dir='ltr' id='par_1_28' title="bbox 1948 1632 3537 1704">
     <span class='ocr_line' id='line_1_28' title="bbox 1948 1632 3537 1704; baseline 0 -17"><span class='ocrx_word' id='word_1_189' title='bbox 1948 1648 2067 1687; x_wconf 90' lang='lat' dir='ltr'><strong>rum</strong></span> <span class='ocrx_word' id='word_1_190' title='bbox 2099 1632 2213 1704; x_wconf 82' lang='lat' dir='ltr'><strong>(6i)</strong></span> <span class='ocrx_word' id='word_1_191' title='bbox 2245 1634 2505 1689; x_wconf 88' lang='lat' dir='ltr'><strong>librorum</strong></span> <span class='ocrx_word' id='word_1_192' title='bbox 2558 1635 2833 1704; x_wconf 85' lang='lat' dir='ltr'><strong>principes</strong></span> <span class='ocrx_word' id='word_1_193' title='bbox 2876 1636 3070 1690; x_wconf 83' lang='lat' dir='ltr'><strong>litterae</strong></span> <span class='ocrx_word' id='word_1_194' title='bbox 3111 1636 3156 1691; x_wconf 87' lang='lat' dir='ltr'><strong>si</strong></span> <span class='ocrx_word' id='word_1_195' title='bbox 3206 1645 3537 1689; x_wconf 86' lang='lat' dir='ltr'><strong>conuectan-</strong></span> 
     </span>
    </p>
   </div>
   <div class='ocr_carea' id='block_1_29' title="bbox 1950 1725 3538 1796">
    <p class='ocr_par' dir='ltr' id='par_1_29' title="bbox 1950 1725 3538 1796">
     <span class='ocr_line' id='line_1_29' title="bbox 1950 1725 3538 1796; baseline 0.003 -20"><span class='ocrx_word' id='word_1_196' title='bbox 1950 1732 2058 1788; x_wconf 89' lang='lat' dir='ltr'><strong>tur,</strong></span> <span class='ocrx_word' id='word_1_197' title='bbox 2093 1725 2377 1795; x_wconf 89' lang='lat' dir='ltr'><strong>scriptoris</strong></span> <span class='ocrx_word' id='word_1_198' title='bbox 2422 1725 2770 1796; x_wconf 75' lang='lat' dir='ltr'><strong>Philostorgii</strong></span> <span class='ocrx_word' id='word_1_199' title='bbox 2820 1742 3013 1780; x_wconf 80' lang='lat' dir='ltr'><strong>nomen</strong></span> <span class='ocrx_word' id='word_1_200' title='bbox 3056 1726 3372 1782; x_wconf 81' lang='lat' dir='ltr'><strong>coniiciunt.</strong></span> <span class='ocrx_word' id='word_1_201' title='bbox 3408 1726 3538 1780; x_wconf 84' lang='lat' dir='ltr'><strong>Per-</strong></span> 
     </span>
    </p>
   </div>
   <div class='ocr_carea' id='block_1_30' title="bbox 1948 1816 3534 1886">
    <p class='ocr_par' dir='ltr' id='par_1_30' title="bbox 1948 1816 3534 1886">
     <span class='ocr_line' id='line_1_30' title="bbox 1948 1816 3534 1886; baseline 0.001 -16"><span class='ocrx_word' id='word_1_202' title='bbox 1948 1816 2096 1872; x_wconf 84' lang='lat' dir='ltr'><strong>venit</strong></span> <span class='ocrx_word' id='word_1_203' title='bbox 2127 1820 2194 1871; x_wconf 91' lang='lat' dir='ltr'><strong>ad</strong></span> <span class='ocrx_word' id='word_1_204' title='bbox 2226 1816 2515 1872; x_wconf 85' lang='lat' dir='ltr'><strong>Theodosii</strong></span> <span class='ocrx_word' id='word_1_205' title='bbox 2550 1833 2722 1885; x_wconf 88' lang='lat' dir='ltr'><strong>usque</strong></span> <span class='ocrx_word' id='word_1_206' title='bbox 2752 1817 2975 1871; x_wconf 83' lang='lat' dir='ltr'><strong>Minoris</strong></span> <span class='ocrx_word' id='word_1_207' title='bbox 3007 1830 3247 1886; x_wconf 85' lang='lat' dir='ltr'><strong>tempora</strong></span> <span class='ocrx_word' id='word_1_208' title='bbox 3279 1838 3292 1874; x_wconf 90' lang='lat'><strong>:</strong></span> <span class='ocrx_word' id='word_1_209' title='bbox 3328 1834 3390 1874; x_wconf 87' lang='lat' dir='ltr'><strong>ac</strong></span> <span class='ocrx_word' id='word_1_210' title='bbox 3426 1829 3534 1873; x_wconf 88' lang='lat' dir='ltr'><strong>tum</strong></span> 
     </span>
    </p>
   </div>
   <div class='ocr_carea' id='block_1_31' title="bbox 262 1901 1852 1983">
    <p class='ocr_par' dir='ltr' id='par_1_31' title="bbox 262 1901 1849 1973">
     <span class='ocr_line' id='line_1_31' title="bbox 262 1901 1849 1973; baseline -0.003 -15"><span class='ocrx_word' id='word_1_211' title='bbox 262 1904 385 1959; x_wconf 77' lang='grc' dir='ltr'>κατ’</span> <span class='ocrx_word' id='word_1_212' title='bbox 430 1906 640 1957; x_wconf 75' lang='grc' dir='ltr'>ἐκεῖνον</span> <span class='ocrx_word' id='word_1_213' title='bbox 673 1905 764 1957; x_wconf 84' lang='grc' dir='ltr'>τὸν</span> <span class='ocrx_word' id='word_1_214' title='bbox 795 1903 986 1973; x_wconf 87' lang='grc' dir='ltr'>χρόνον</span> <span class='ocrx_word' id='word_1_215' title='bbox 1036 1903 1348 1972; x_wconf 78' lang='grc' dir='ltr'>παυόμενος</span> <span class='ocrx_word' id='word_1_216' title='bbox 1377 1903 1500 1956; x_wconf 83' lang='grc' dir='ltr'>καθ’</span> <span class='ocrx_word' id='word_1_217' title='bbox 1527 1901 1587 1955; x_wconf 82' lang='grc' dir='ltr'><strong>δν</strong></span> <span class='ocrx_word' id='word_1_218' title='bbox 1614 1902 1849 1955; x_wconf 78' lang='grc' dir='ltr'>Οὐαλεν-</span> 
     </span>
    </p>
   </div>
   <div class='ocr_carea' id='block_1_32' title="bbox 1956 1901 3539 1983">
    <p class='ocr_par' dir='ltr' id='par_1_32' title="bbox 1956 1909 3539 1983">
     <span class='ocr_line' id='line_1_32' title="bbox 1956 1909 3539 1983; baseline 0 -20"><span class='ocrx_word' id='word_1_219' title='bbox 1956 1910 2180 1975; x_wconf 84' lang='lat' dir='ltr'><strong>desinit,</strong></span> <span class='ocrx_word' id='word_1_220' title='bbox 2217 1926 2337 1964; x_wconf 91' lang='lat' dir='ltr'><strong>cum</strong></span> <span class='ocrx_word' id='word_1_221' title='bbox 2373 1922 2588 1965; x_wconf 90' lang='lat' dir='ltr'><strong>mortuo</strong></span> <span class='ocrx_word' id='word_1_222' title='bbox 2622 1909 2884 1975; x_wconf 88' lang='lat' dir='ltr'><strong>Honorio,</strong></span> <span class='ocrx_word' id='word_1_223' title='bbox 2914 1910 3252 1966; x_wconf 87' lang='lat' dir='ltr'><strong>Theodosius</strong></span> <span class='ocrx_word' id='word_1_224' title='bbox 3283 1911 3396 1983; x_wconf 61' lang='grc' dir='ltr'>(ϐα)</span> <span class='ocrx_word' id='word_1_225' title='bbox 3429 1912 3539 1965; x_wconf 79' lang='lat' dir='ltr'><strong>Ro-</strong></span> 
     </span>
    </p>
   </div>
   <div class='ocr_carea' id='block_1_33' title="bbox 262 1992 1851 2066">
    <p class='ocr_par' dir='ltr' id='par_1_33' title="bbox 262 1992 1851 2066">
     <span class='ocr_line' id='line_1_33' title="bbox 262 1992 1851 2066; baseline -0.003 -17"><span class='ocrx_word' id='word_1_226' title='bbox 262 1995 487 2065; x_wconf 86' lang='grc' dir='ltr'>τινιανῷ</span> <span class='ocrx_word' id='word_1_227' title='bbox 513 1995 593 2063; x_wconf 78' lang='grc' dir='ltr'>τῷ</span> <span class='ocrx_word' id='word_1_228' title='bbox 625 1995 774 2065; x_wconf 83' lang='grc' dir='ltr'><strong>Νέῳ,</strong></span> <span class='ocrx_word' id='word_1_229' title='bbox 809 1995 889 2066; x_wconf 81' lang='grc' dir='ltr'>τῷ</span> <span class='ocrx_word' id='word_1_230' title='bbox 932 1992 1227 2055; x_wconf 84' lang='grc' dir='ltr'>Πλακιδίας</span> <span class='ocrx_word' id='word_1_231' title='bbox 1272 1993 1367 2045; x_wconf 69' lang='grc' dir='ltr'>καὶ</span> <span class='ocrx_word' id='word_1_232' title='bbox 1398 1992 1807 2046; x_wconf 80' lang='grc' dir='ltr'>Κωνσταντίνου</span> <span class='ocrx_word' id='word_1_233' title='bbox 1830 1992 1851 2023; x_wconf 86' lang='grc'><em>³</em></span> 
     </span>
    </p>
   </div>
   <div class='ocr_carea' id='block_1_34' title="bbox 262 2082 1852 2159">
    <p class='ocr_par' dir='ltr' id='par_1_34' title="bbox 262 2082 1852 2159">
     <span class='ocr_line' id='line_1_34' title="bbox 262 2082 1852 2159; baseline -0.004 -17"><span class='ocrx_word' id='word_1_234' title='bbox 262 2088 389 2159; x_wconf 76' lang='grc' dir='ltr'>υἱῷ,</span> <span class='ocrx_word' id='word_1_235' title='bbox 434 2087 697 2156; x_wconf 85' lang='grc' dir='ltr'>Ὀνωρίου</span> <span class='ocrx_word' id='word_1_236' title='bbox 725 2086 1153 2156; x_wconf 66' lang='grc' dir='ltr'>τελευτήσαντος</span> <span class='ocrx_word' id='word_1_237' title='bbox 1178 2085 1461 2148; x_wconf 83' lang='grc' dir='ltr'>Θεοδόσιος</span> <span class='ocrx_word' id='word_1_238' title='bbox 1488 2085 1556 2137; x_wconf 66' lang='grc' dir='ltr'>τὰ</span> <span class='ocrx_word' id='word_1_239' title='bbox 1575 2085 1675 2155; x_wconf 74' lang='grc' dir='ltr'>τῆς</span> <span class='ocrx_word' id='word_1_240' title='bbox 1719 2082 1852 2138; x_wconf 82' lang='grc' dir='ltr'><strong>Ῥώ-</strong></span> 
     </span>
    </p>
   </div>
   <div class='ocr_carea' id='block_1_35' title="bbox 266 2178 1460 2253">
    <p class='ocr_par' dir='ltr' id='par_1_35' title="bbox 266 2178 1460 2253">
     <span class='ocr_line' id='line_1_35' title="bbox 266 2178 1460 2253; baseline -0.015 -5"><span class='ocrx_word' id='word_1_241' title='bbox 266 2200 375 2253; x_wconf 82' lang='grc' dir='ltr'><strong>μης</strong></span> <span class='ocrx_word' id='word_1_242' title='bbox 408 2180 667 2251; x_wconf 77' lang='grc' dir='ltr'>σκῆπτρα</span> <span class='ocrx_word' id='word_1_243' title='bbox 700 2179 777 2249; x_wconf 83' lang='grc' dir='ltr'>τῷ</span> <span class='ocrx_word' id='word_1_244' title='bbox 806 2178 1076 2249; x_wconf 78' lang='grc' dir='ltr'>ἀδελφιδῷ</span> <span class='ocrx_word' id='word_1_245' title='bbox 1104 2179 1460 2249; x_wconf 74' lang='grc' dir='ltr'>ἐνεχείρισεν.</span> 
     </span>
    </p>
   </div>
   <div class='ocr_carea' id='block_1_36' title="bbox 336 2264 1853 2340">
    <p class='ocr_par' dir='ltr' id='par_1_36' title="bbox 336 2264 1853 2340">
     <span class='ocr_line' id='line_1_36' title="bbox 336 2264 1853 2340; baseline -0.003 -17"><span class='ocrx_word' id='word_1_246' title='bbox 336 2264 510 2331; x_wconf 76' lang='grc' dir='ltr'>υῦτος</span> <span class='ocrx_word' id='word_1_247' title='bbox 539 2268 597 2322; x_wconf 84' lang='grc' dir='ltr'>δὲ</span> <span class='ocrx_word' id='word_1_248' title='bbox 628 2271 655 2322; x_wconf 87' lang='grc' dir='ltr'><strong>ό</strong></span> <span class='ocrx_word' id='word_1_249' title='bbox 686 2269 1091 2340; x_wconf 81' lang='grc' dir='ltr'>Φιλοστόργιος,</span> <span class='ocrx_word' id='word_1_250' title='bbox 1145 2268 1323 2322; x_wconf 78' lang='grc' dir='ltr'>καίτοι</span> <span class='ocrx_word' id='word_1_251' title='bbox 1375 2266 1518 2320; x_wconf 82' lang='grc' dir='ltr'>κατὰ</span> <span class='ocrx_word' id='word_1_252' title='bbox 1555 2266 1665 2319; x_wconf 82' lang='grc' dir='ltr'><strong>τῶν</strong></span> <span class='ocrx_word' id='word_1_253' title='bbox 1696 2265 1853 2337; x_wconf 75' lang='grc' dir='ltr'>ὀρθο-</span> 
     </span>
    </p>
   </div>
   <div class='ocr_carea' id='block_1_37' title="bbox 262 2358 1850 2432">
    <p class='ocr_par' dir='ltr' id='par_1_37' title="bbox 262 2358 1850 2432">
     <span class='ocr_line' id='line_1_37' title="bbox 262 2358 1850 2432; baseline -0.002 -19"><span class='ocrx_word' id='word_1_254' title='bbox 262 2361 435 2426; x_wconf 78' lang='grc' dir='ltr'>δόξων</span> <span class='ocrx_word' id='word_1_255' title='bbox 485 2360 722 2423; x_wconf 86' lang='grc' dir='ltr'>λυσσῶν,</span> <span class='ocrx_word' id='word_1_256' title='bbox 760 2362 1066 2432; x_wconf 85' lang='grc' dir='ltr'>Γρηγορίου</span> <span class='ocrx_word' id='word_1_257' title='bbox 1125 2360 1224 2429; x_wconf 86' lang='grc' dir='ltr'>μὲν</span> <span class='ocrx_word' id='word_1_258' title='bbox 1267 2358 1363 2412; x_wconf 79' lang='grc' dir='ltr'>τοῦ</span> <span class='ocrx_word' id='word_1_259' title='bbox 1387 2359 1652 2425; x_wconf 86' lang='grc' dir='ltr'>Θεολόγου</span> <span class='ocrx_word' id='word_1_260' title='bbox 1717 2358 1850 2411; x_wconf 78' lang='grc' dir='ltr'>καί)-</span> 
     </span>
    </p>
   </div>
   <div class='ocr_carea' id='block_1_38' title="bbox 265 2451 1852 2523">
    <p class='ocr_par' dir='ltr' id='par_1_38' title="bbox 265 2451 1852 2523">
     <span class='ocr_line' id='line_1_38' title="bbox 265 2451 1852 2523; baseline -0.003 -16"><span class='ocrx_word' id='word_1_261' title='bbox 265 2454 508 2522; x_wconf 57' lang='grc' dir='ltr'>άᾷασθαι</span> <span class='ocrx_word' id='word_1_262' title='bbox 538 2453 637 2505; x_wconf 82' lang='grc' dir='ltr'>οὐκ</span> <span class='ocrx_word' id='word_1_263' title='bbox 693 2454 1012 2523; x_wconf 74' lang='grc' dir='ltr'>ἐτόλμησεν,</span> <span class='ocrx_word' id='word_1_264' title='bbox 1064 2453 1200 2505; x_wconf 82' lang='grc' dir='ltr'>ἀλλὰ</span> <span class='ocrx_word' id='word_1_265' title='bbox 1228 2453 1323 2506; x_wconf 78' lang='grc' dir='ltr'>καὶ</span> <span class='ocrx_word' id='word_1_266' title='bbox 1350 2453 1449 2522; x_wconf 87' lang='grc' dir='ltr'>τὴν</span> <span class='ocrx_word' id='word_1_267' title='bbox 1479 2451 1725 2505; x_wconf 83' lang='grc' dir='ltr'>παιδείαν</span> <span class='ocrx_word' id='word_1_268' title='bbox 1755 2451 1852 2503; x_wconf 79' lang='grc' dir='ltr'>καὶ</span> 
     </span>
    </p>
   </div>
   <div class='ocr_carea' id='block_1_39' title="bbox 264 2544 1848 2615">
    <p class='ocr_par' dir='ltr' id='par_1_39' title="bbox 264 2544 1848 2615">
     <span class='ocr_line' id='line_1_39' title="bbox 264 2544 1848 2615; baseline -0.003 -16"><span class='ocrx_word' id='word_1_269' title='bbox 264 2549 415 2599; x_wconf 76' lang='grc' dir='ltr'>ἄκων</span> <span class='ocrx_word' id='word_1_270' title='bbox 441 2546 812 2615; x_wconf 83' lang='grc' dir='ltr'>συνομολογεῖ,</span> <span class='ocrx_word' id='word_1_271' title='bbox 838 2545 1119 2599; x_wconf 84' lang='grc' dir='ltr'>Βασιλείου</span> <span class='ocrx_word' id='word_1_272' title='bbox 1144 2546 1199 2597; x_wconf 72' lang='grc' dir='ltr'>δὲ</span> <span class='ocrx_word' id='word_1_273' title='bbox 1233 2545 1325 2597; x_wconf 67' lang='grc' dir='ltr'>τσῦ</span> <span class='ocrx_word' id='word_1_274' title='bbox 1354 2544 1607 2613; x_wconf 81' lang='grc' dir='ltr'>Μεγάλου</span> <span class='ocrx_word' id='word_1_275' title='bbox 1628 2544 1848 2613; x_wconf 74' lang='grc' dir='ltr'>ἐπεχεί-</span> 
     </span>
    </p>
   </div>
   <div class='ocr_carea' id='block_1_40' title="bbox 268 2631 1848 2708">
    <p class='ocr_par' dir='ltr' id='par_1_40' title="bbox 268 2631 1848 2708">
     <span class='ocr_line' id='line_1_40' title="bbox 268 2631 1848 2708; baseline -0.002 -17"><span class='ocrx_word' id='word_1_276' title='bbox 268 2655 434 2708; x_wconf 80' lang='grc' dir='ltr'>ρησεν</span> <span class='ocrx_word' id='word_1_277' title='bbox 483 2639 682 2705; x_wconf 75' lang='grc' dir='ltr'>ύφᾶναι</span> <span class='ocrx_word' id='word_1_278' title='bbox 742 2637 953 2708; x_wconf 80' lang='grc' dir='ltr'>μῶμον,</span> <span class='ocrx_word' id='word_1_279' title='bbox 1009 2637 1074 2689; x_wconf 86' lang='grc' dir='ltr'><strong>δι’</strong></span> <span class='ocrx_word' id='word_1_280' title='bbox 1112 2631 1172 2691; x_wconf 76' lang='grc' dir='ltr'><strong>οὗ</strong></span> <span class='ocrx_word' id='word_1_281' title='bbox 1218 2637 1601 2707; x_wconf 85' lang='grc' dir='ltr'>λαμπρότερον</span> <span class='ocrx_word' id='word_1_282' title='bbox 1659 2633 1848 2699; x_wconf 74' lang='grc' dir='ltr'>ἔδειξε.</span> 
     </span>
    </p>
   </div>
   <div class='ocr_carea' id='block_1_41' title="bbox 268 2728 1853 2801">
    <p class='ocr_par' dir='ltr' id='par_1_41' title="bbox 268 2728 1853 2801">
     <span class='ocr_line' id='line_1_41' title="bbox 268 2728 1853 2801; baseline -0.003 -19"><span class='ocrx_word' id='word_1_283' title='bbox 268 2730 381 2801; x_wconf 74' lang='grc' dir='ltr'><strong>Τὴν</strong></span> <span class='ocrx_word' id='word_1_284' title='bbox 440 2730 541 2799; x_wconf 82' lang='grc' dir='ltr'>μὲν</span> <span class='ocrx_word' id='word_1_285' title='bbox 587 2729 696 2799; x_wconf 79' lang='grc' dir='ltr'><strong>γὰρ</strong></span> <span class='ocrx_word' id='word_1_286' title='bbox 721 2730 875 2799; x_wconf 79' lang='grc' dir='ltr'>ἰσχὺν</span> <span class='ocrx_word' id='word_1_287' title='bbox 925 2729 1021 2781; x_wconf 73' lang='grc' dir='ltr'>καὶ</span> <span class='ocrx_word' id='word_1_288' title='bbox 1048 2728 1109 2781; x_wconf 78' lang='grc' dir='ltr'>τὸ</span> <span class='ocrx_word' id='word_1_289' title='bbox 1139 2728 1334 2791; x_wconf 84' lang='grc' dir='ltr'>κάλλος</span> <span class='ocrx_word' id='word_1_290' title='bbox 1364 2729 1464 2796; x_wconf 77' lang='grc' dir='ltr'>τῆς</span> <span class='ocrx_word' id='word_1_291' title='bbox 1486 2729 1543 2778; x_wconf 78' lang='grc' dir='ltr'>ὲν</span> <span class='ocrx_word' id='word_1_292' title='bbox 1565 2729 1686 2789; x_wconf 88' lang='grc' dir='ltr'>ταῖς</span> <span class='ocrx_word' id='word_1_293' title='bbox 1718 2743 1853 2778; x_wconf 88' lang='grc' dir='ltr'>παν-</span> 
     </span>
    </p>
   </div>
   <div class='ocr_carea' id='block_1_42' title="bbox 266 2818 1853 2891">
    <p class='ocr_par' dir='ltr' id='par_1_42' title="bbox 266 2818 1853 2891">
     <span class='ocr_line' id='line_1_42' title="bbox 266 2818 1853 2891; baseline -0.003 -20"><span class='ocrx_word' id='word_1_294' title='bbox 266 2820 535 2891; x_wconf 73' lang='grc' dir='ltr'>ηγύρεσιν</span> <span class='ocrx_word' id='word_1_295' title='bbox 587 2820 810 2890; x_wconf 82' lang='grc' dir='ltr'>ὁμιλίας</span> <span class='ocrx_word' id='word_1_296' title='bbox 842 2820 933 2873; x_wconf 80' lang='grc' dir='ltr'><strong>ὑπ’</strong></span> <span class='ocrx_word' id='word_1_297' title='bbox 970 2820 1142 2888; x_wconf 83' lang='grc' dir='ltr'>αὐτῆς</span> <span class='ocrx_word' id='word_1_298' title='bbox 1196 2819 1297 2889; x_wconf 82' lang='grc' dir='ltr'>τῆς</span> <span class='ocrx_word' id='word_1_299' title='bbox 1358 2819 1468 2870; x_wconf 83' lang='grc' dir='ltr'>τῶν</span> <span class='ocrx_word' id='word_1_300' title='bbox 1504 2818 1853 2889; x_wconf 82' lang='grc' dir='ltr'>πραγμάτων</span> 
     </span>
    </p>
   </div>
   <div class='ocr_carea' id='block_1_43' title="bbox 269 2909 1854 2982">
    <p class='ocr_par' dir='ltr' id='par_1_43' title="bbox 269 2909 1854 2982">
     <span class='ocr_line' id='line_1_43' title="bbox 269 2909 1854 2982; baseline -0.002 -19"><span class='ocrx_word' id='word_1_301' title='bbox 269 2912 561 2982; x_wconf 81' lang='grc' dir='ltr'>ἐναργείας</span> <span class='ocrx_word' id='word_1_302' title='bbox 604 2910 835 2982; x_wconf 75' lang='grc' dir='ltr'>ἐϐιάσθη</span> <span class='ocrx_word' id='word_1_303' title='bbox 870 2910 1340 2981; x_wconf 82' lang='grc' dir='ltr'>συμφθέγξασθαι,</span> <span class='ocrx_word' id='word_1_304' title='bbox 1391 2909 1597 2981; x_wconf 81' lang='grc' dir='ltr'>Θρασὺν</span> <span class='ocrx_word' id='word_1_305' title='bbox 1615 2909 1671 2962; x_wconf 79' lang='grc' dir='ltr'>δὲ</span> <span class='ocrx_word' id='word_1_306' title='bbox 1692 2909 1854 2961; x_wconf 77' lang='grc' dir='ltr'>αὑτὸν</span> 
     </span>
    </p>
   </div>
   <div class='ocr_carea' id='block_1_44' title="bbox 266 3000 1851 3071">
    <p class='ocr_par' dir='ltr' id='par_1_44' title="bbox 266 3000 1851 3071">
     <span class='ocr_line' id='line_1_44' title="bbox 266 3000 1851 3071; baseline 0 -18"><span class='ocrx_word' id='word_1_307' title='bbox 266 3007 298 3053; x_wconf 83' lang='grc' dir='ltr'><strong>ό</strong></span> <span class='ocrx_word' id='word_1_308' title='bbox 319 3005 553 3068; x_wconf 80' lang='grc' dir='ltr'>δείλαιος</span> <span class='ocrx_word' id='word_1_309' title='bbox 584 3003 851 3058; x_wconf 83' lang='grc' dir='ltr'>ἀποκαλεῖ</span> <span class='ocrx_word' id='word_1_310' title='bbox 877 3004 971 3057; x_wconf 75' lang='grc' dir='ltr'>καὶ</span> <span class='ocrx_word' id='word_1_311' title='bbox 1007 3003 1365 3071; x_wconf 83' lang='grc' dir='ltr'>ἀντιλογικῶν</span> <span class='ocrx_word' id='word_1_312' title='bbox 1394 3002 1571 3069; x_wconf 87' lang='grc' dir='ltr'>λόγων</span> <span class='ocrx_word' id='word_1_313' title='bbox 1604 3000 1851 3071; x_wconf 79' lang='grc' dir='ltr'>ἄπειρον,</span> 
     </span>
    </p>
   </div>
   <div class='ocr_carea' id='block_1_45' title="bbox 264 3095 1853 3169">
    <p class='ocr_par' dir='ltr' id='par_1_45' title="bbox 264 3095 1853 3169">
     <span class='ocr_line' id='line_1_45' title="bbox 264 3095 1853 3169; baseline -0.004 -19"><span class='ocrx_word' id='word_1_314' title='bbox 264 3100 373 3161; x_wconf 78' lang='grc' dir='ltr'>ὅτι,</span> <span class='ocrx_word' id='word_1_315' title='bbox 422 3099 610 3166; x_wconf 77' lang='grc' dir='ltr'>φησὶν,</span> <span class='ocrx_word' id='word_1_316' title='bbox 638 3096 1019 3169; x_wconf 79' lang='grc' dir='ltr'>ἀπετόλμησεν</span> <span class='ocrx_word' id='word_1_317' title='bbox 1064 3096 1331 3166; x_wconf 79' lang='grc' dir='ltr'>Εὐνομίου</span> <span class='ocrx_word' id='word_1_318' title='bbox 1362 3097 1483 3157; x_wconf 86' lang='grc' dir='ltr'>ταῖς</span> <span class='ocrx_word' id='word_1_319' title='bbox 1508 3095 1853 3164; x_wconf 83' lang='grc' dir='ltr'>συγγραφαῖς</span> 
     </span>
    </p>
   </div>
   <div class='ocr_carea' id='block_1_46' title="bbox 266 3191 682 3255">
    <p class='ocr_par' dir='ltr' id='par_1_46' title="bbox 266 3191 682 3255">
     <span class='ocr_line' id='line_1_46' title="bbox 266 3191 682 3255; baseline 0 -10"><span class='ocrx_word' id='word_1_320' title='bbox 266 3191 682 3255; x_wconf 74' lang='grc' dir='ltr'>ἀντιτάξασθαι.</span> 
     </span>
    </p>
   </div>
   <div class='ocr_carea' id='block_1_47' title="bbox 978 3280 1115 3336">
    <p class='ocr_par' dir='ltr' id='par_1_47' title="bbox 978 3280 1115 3336">
     <span class='ocr_line' id='line_1_47' title="bbox 978 3280 1115 3336; baseline -0.015 0"><span class='ocrx_word' id='word_1_321' title='bbox 978 3280 1115 3336; x_wconf 72' lang='lat' dir='ltr'><strong>MA&#39;.</strong></span> 
     </span>
    </p>
   </div>
   <div class='ocr_carea' id='block_1_48' title="bbox 509 3373 1620 3441">
    <p class='ocr_par' dir='ltr' id='par_1_48' title="bbox 509 3373 1620 3441">
     <span class='ocr_line' id='line_1_48' title="bbox 509 3373 1620 3441; baseline -0.008 -10"><span class='ocrx_word' id='word_1_322' title='bbox 509 3376 796 3431; x_wconf 78' lang='grc' dir='ltr'>Ἰωάννου</span> <span class='ocrx_word' id='word_1_323' title='bbox 823 3373 1333 3441; x_wconf 77' lang='grc' dir='ltr'>Ἑκκλησιαστικὴ</span> <span class='ocrx_word' id='word_1_324' title='bbox 1368 3373 1620 3440; x_wconf 72' lang='grc' dir='ltr'>ἱστορία.</span> 
     </span>
    </p>
   </div>
   <div class='ocr_carea' id='block_1_49' title="bbox 328 3524 1857 3609">
    <p class='ocr_par' dir='ltr' id='par_1_49' title="bbox 328 3524 1857 3609">
     <span class='ocr_line' id='line_1_49' title="bbox 328 3524 1857 3609; baseline -0.007 -18"><span class='ocrx_word' id='word_1_325' title='bbox 328 3536 423 3609; x_wconf 72' lang='lat'><strong>{28</strong></span> <span class='ocrx_word' id='word_1_326' title='bbox 437 3534 531 3607; x_wconf 84' lang='lat' dir='ltr'><strong>R.]</strong></span> <span class='ocrx_word' id='word_1_327' title='bbox 548 3531 887 3601; x_wconf 83' lang='grc' dir='ltr'>Ἀνεγνὼσθη</span> <span class='ocrx_word' id='word_1_328' title='bbox 912 3530 1157 3584; x_wconf 80' lang='grc' dir='ltr'>Ἰωάννου</span> <span class='ocrx_word' id='word_1_329' title='bbox 1176 3524 1690 3595; x_wconf 75' lang='grc' dir='ltr'>Ἑκκληοίαστικὴ</span> <span class='ocrx_word' id='word_1_330' title='bbox 1705 3529 1857 3581; x_wconf 77' lang='grc' dir='ltr'>ἱστο-</span> 
     </span>
    </p>
   </div>
   <div class='ocr_carea' id='block_1_50' title="bbox 263 3619 1854 3698">
    <p class='ocr_par' dir='ltr' id='par_1_50' title="bbox 263 3619 1854 3698">
     <span class='ocr_line' id='line_1_50' title="bbox 263 3619 1854 3698; baseline -0.004 -17"><span class='ocrx_word' id='word_1_331' title='bbox 263 3630 664 3698; x_wconf 66' lang='grc' dir='ltr'>ρία.Ἀρχεται</span> <span class='ocrx_word' id='word_1_332' title='bbox 692 3625 802 3678; x_wconf 84' lang='grc' dir='ltr'><strong>ἀπὸ</strong></span> <span class='ocrx_word' id='word_1_333' title='bbox 829 3625 927 3692; x_wconf 75' lang='grc' dir='ltr'>τῆς</span> <span class='ocrx_word' id='word_1_334' title='bbox 949 3621 1231 3676; x_wconf 84' lang='grc' dir='ltr'>Θεοδοσίου</span> <span class='ocrx_word' id='word_1_335' title='bbox 1260 3620 1355 3675; x_wconf 84' lang='grc' dir='ltr'>τοῦ</span> <span class='ocrx_word' id='word_1_336' title='bbox 1380 3621 1521 3673; x_wconf 87' lang='grc' dir='ltr'>Νέου</span> <span class='ocrx_word' id='word_1_337' title='bbox 1552 3619 1854 3690; x_wconf 81' lang='grc' dir='ltr'>βασιλείας,</span> 
     </span>
    </p>
   </div>
   <div class='ocr_carea' id='block_1_51' title="bbox 272 3712 1860 3789">
    <p class='ocr_par' dir='ltr' id='par_1_51' title="bbox 272 3712 1860 3789">
     <span class='ocr_line' id='line_1_51' title="bbox 272 3712 1860 3789; baseline -0.005 -15"><span class='ocrx_word' id='word_1_338' title='bbox 272 3724 367 3774; x_wconf 78' lang='grc' dir='ltr'><strong>ἀπ’</strong></span> <span class='ocrx_word' id='word_1_339' title='bbox 397 3720 569 3789; x_wconf 79' lang='grc' dir='ltr'>αὐτῆς</span> <span class='ocrx_word' id='word_1_340' title='bbox 616 3735 718 3771; x_wconf 87' lang='grc' dir='ltr'><strong>που</strong></span> <span class='ocrx_word' id='word_1_341' title='bbox 764 3717 863 3786; x_wconf 79' lang='grc' dir='ltr'>τῆς</span> <span class='ocrx_word' id='word_1_342' title='bbox 895 3714 1193 3785; x_wconf 82' lang='grc' dir='ltr'>Νεστορίου</span> <span class='ocrx_word' id='word_1_343' title='bbox 1221 3712 1573 3783; x_wconf 82' lang='grc' dir='ltr'>βλασφημίας</span> <span class='ocrx_word' id='word_1_344' title='bbox 1604 3715 1698 3766; x_wconf 65' lang='grc' dir='ltr'>καὶ</span> <span class='ocrx_word' id='word_1_345' title='bbox 1728 3714 1860 3767; x_wconf 87' lang='grc' dir='ltr'>καθ-</span> 
     </span>
    </p>
   </div>
   <div class='ocr_carea' id='block_1_52' title="bbox 269 3806 1861 3885">
    <p class='ocr_par' dir='ltr' id='par_1_52' title="bbox 269 3806 1861 3885">
     <span class='ocr_line' id='line_1_52' title="bbox 269 3806 1861 3885; baseline -0.011 -18"><span class='ocrx_word' id='word_1_346' title='bbox 269 3814 564 3885; x_wconf 80' lang='grc' dir='ltr'>αιρέσεως,</span> <span class='ocrx_word' id='word_1_347' title='bbox 591 3812 687 3864; x_wconf 77' lang='grc' dir='ltr'>καὶ</span> <span class='ocrx_word' id='word_1_348' title='bbox 734 3810 947 3863; x_wconf 84' lang='grc' dir='ltr'>κάτεισι</span> <span class='ocrx_word' id='word_1_349' title='bbox 997 3807 1160 3878; x_wconf 82' lang='grc' dir='ltr'>μέχρι</span> <span class='ocrx_word' id='word_1_350' title='bbox 1195 3807 1441 3876; x_wconf 81' lang='grc' dir='ltr'>Ζήνωνος</span> <span class='ocrx_word' id='word_1_351' title='bbox 1470 3807 1563 3859; x_wconf 76' lang='grc' dir='ltr'>καὶ</span> <span class='ocrx_word' id='word_1_352' title='bbox 1596 3806 1697 3876; x_wconf 85' lang='grc' dir='ltr'>τῆς</span> <span class='ocrx_word' id='word_1_353' title='bbox 1726 3806 1861 3860; x_wconf 80' lang='grc' dir='ltr'>καθ-</span> 
     </span>
    </p>
   </div>
   <div class='ocr_carea' id='block_1_53' title="bbox 272 3896 1860 3977">
    <p class='ocr_par' dir='ltr' id='par_1_53' title="bbox 272 3896 1860 3977">
     <span class='ocr_line' id='line_1_53' title="bbox 272 3896 1860 3977; baseline -0.004 -17"><span class='ocrx_word' id='word_1_354' title='bbox 272 3906 538 3977; x_wconf 81' lang='grc' dir='ltr'>αιρέσεως</span> <span class='ocrx_word' id='word_1_355' title='bbox 584 3904 792 3971; x_wconf 81' lang='grc' dir='ltr'>Πέτρου</span> <span class='ocrx_word' id='word_1_356' title='bbox 835 3900 930 3953; x_wconf 81' lang='grc' dir='ltr'>τοῦ</span> <span class='ocrx_word' id='word_1_357' title='bbox 978 3898 1276 3969; x_wconf 80' lang='grc' dir='ltr'>αἱρετικοῦ,</span> <span class='ocrx_word' id='word_1_358' title='bbox 1301 3897 1360 3961; x_wconf 75' lang='grc' dir='ltr'>ὃς</span> <span class='ocrx_word' id='word_1_359' title='bbox 1404 3896 1496 3952; x_wconf 80' lang='grc' dir='ltr'>τὸν</span> <span class='ocrx_word' id='word_1_360' title='bbox 1531 3899 1860 3969; x_wconf 86' lang='grc' dir='ltr'>Ἀντιοχικὸν</span> 
     </span>
    </p>
   </div>
   <div class='ocr_carea' id='block_1_54' title="bbox 275 3983 1860 4066">
    <p class='ocr_par' dir='ltr' id='par_1_54' title="bbox 275 3983 1860 4066">
     <span class='ocr_line' id='line_1_54' title="bbox 275 3983 1860 4066; baseline -0.003 -17"><span class='ocrx_word' id='word_1_361' title='bbox 275 3999 569 4066; x_wconf 73' lang='grc' dir='ltr'>ὑφήρπασε</span> <span class='ocrx_word' id='word_1_362' title='bbox 601 3993 974 4064; x_wconf 78' lang='grc' dir='ltr'>θρόνον.¹Ἑστι</span> <span class='ocrx_word' id='word_1_363' title='bbox 1002 3992 1057 4044; x_wconf 84' lang='grc' dir='ltr'>δὲ</span> <span class='ocrx_word' id='word_1_364' title='bbox 1085 3983 1239 4053; x_wconf 78' lang='grc' dir='ltr'>οὗτος</span> <span class='ocrx_word' id='word_1_365' title='bbox 1280 3990 1380 4059; x_wconf 79' lang='grc' dir='ltr'>τὴν</span> <span class='ocrx_word' id='word_1_366' title='bbox 1433 3989 1633 4060; x_wconf 82' lang='grc' dir='ltr'>φράσιν</span> <span class='ocrx_word' id='word_1_367' title='bbox 1683 3993 1860 4062; x_wconf 82' lang='grc' dir='ltr'>σαφὴς</span> 
     </span>
    </p>
   </div>
   <div class='ocr_carea' id='block_1_55' title="bbox 275 4081 1861 4156">
    <p class='ocr_par' dir='ltr' id='par_1_55' title="bbox 275 4081 1861 4156">
     <span class='ocr_line' id='line_1_55' title="bbox 275 4081 1861 4156; baseline -0.003 -16"><span class='ocrx_word' id='word_1_368' title='bbox 275 4090 372 4141; x_wconf 78' lang='grc' dir='ltr'>καὶ</span> <span class='ocrx_word' id='word_1_369' title='bbox 400 4087 657 4156; x_wconf 82' lang='grc' dir='ltr'>ἀνθηρός.</span> <span class='ocrx_word' id='word_1_370' title='bbox 708 4084 800 4156; x_wconf 74' lang='grc'><strong>[12</strong></span> <span class='ocrx_word' id='word_1_371' title='bbox 825 4083 916 4156; x_wconf 81' lang='grc' dir='ltr'><strong>Η.]</strong></span> <span class='ocrx_word' id='word_1_372' title='bbox 954 4084 1241 4154; x_wconf 81' lang='grc' dir='ltr'>Διέρχεται</span> <span class='ocrx_word' id='word_1_373' title='bbox 1288 4082 1345 4135; x_wconf 87' lang='grc' dir='ltr'>δὲ</span> <span class='ocrx_word' id='word_1_374' title='bbox 1381 4082 1479 4153; x_wconf 81' lang='grc' dir='ltr'>τὴν</span> <span class='ocrx_word' id='word_1_375' title='bbox 1513 4081 1705 4153; x_wconf 89' lang='grc' dir='ltr'>τρίτην</span> <span class='ocrx_word' id='word_1_376' title='bbox 1737 4083 1861 4137; x_wconf 86' lang='grc' dir='ltr'>σύν-</span> 
     </span>
    </p>
   </div>
   <div class='ocr_carea' id='block_1_56' title="bbox 270 4173 1863 4250">
    <p class='ocr_par' dir='ltr' id='par_1_56' title="bbox 270 4173 1863 4250">
     <span class='ocr_line' id='line_1_56' title="bbox 270 4173 1863 4250; baseline -0.003 -18"><span class='ocrx_word' id='word_1_377' title='bbox 270 4181 392 4232; x_wconf 80' lang='grc' dir='ltr'>οδον</span> <span class='ocrx_word' id='word_1_378' title='bbox 416 4180 517 4250; x_wconf 78' lang='grc' dir='ltr'>τὴν</span> <span class='ocrx_word' id='word_1_379' title='bbox 548 4181 605 4232; x_wconf 80' lang='grc' dir='ltr'>ἐν</span> <span class='ocrx_word' id='word_1_380' title='bbox 638 4176 847 4246; x_wconf 77' lang='grc' dir='ltr'>Ἐφέσῳ</span> <span class='ocrx_word' id='word_1_381' title='bbox 874 4173 1250 4242; x_wconf 83' lang='grc' dir='ltr'>λεπτομερῶς.</span> <span class='ocrx_word' id='word_1_382' title='bbox 1280 4173 1443 4226; x_wconf 75' lang='grc' dir='ltr'>Ἀλλὰ</span> <span class='ocrx_word' id='word_1_383' title='bbox 1468 4175 1562 4226; x_wconf 80' lang='grc' dir='ltr'>καὶ</span> <span class='ocrx_word' id='word_1_384' title='bbox 1591 4175 1690 4244; x_wconf 78' lang='grc' dir='ltr'>τὴν</span> <span class='ocrx_word' id='word_1_385' title='bbox 1722 4174 1863 4245; x_wconf 82' lang='grc' dir='ltr'>μετὰ</span> 
     </span>
    </p>
   </div>
   <div class='ocr_carea' id='block_1_57' title="bbox 272 4264 1862 4339">
    <p class='ocr_par' dir='ltr' id='par_1_57' title="bbox 272 4264 1862 4339">
     <span class='ocr_line' id='line_1_57' title="bbox 272 4264 1862 4339; baseline -0.003 -14"><span class='ocrx_word' id='word_1_386' title='bbox 272 4270 481 4339; x_wconf 78' lang='grc' dir='ltr'>ταύτην</span> <span class='ocrx_word' id='word_1_387' title='bbox 523 4272 579 4322; x_wconf 71' lang='grc' dir='ltr'>ἐν</span> <span class='ocrx_word' id='word_1_388' title='bbox 606 4270 742 4339; x_wconf 79' lang='grc' dir='ltr'>αὐτῇ</span> <span class='ocrx_word' id='word_1_389' title='bbox 777 4265 1293 4335; x_wconf 80' lang='grc' dir='ltr'>συναγελασθεῖσαν,</span> <span class='ocrx_word' id='word_1_390' title='bbox 1323 4264 1422 4335; x_wconf 84' lang='grc' dir='ltr'>τὴν</span> <span class='ocrx_word' id='word_1_391' title='bbox 1444 4264 1748 4338; x_wconf 74' lang='grc' dir='ltr'>λῃστρικὴν</span> <span class='ocrx_word' id='word_1_392' title='bbox 1776 4265 1862 4320; x_wconf 77' lang='grc' dir='ltr'><strong>λέ-</strong></span> 
     </span>
    </p>
   </div>
   <div class='ocr_carea' id='block_1_58' title="bbox 274 4357 1862 4433">
    <p class='ocr_par' dir='ltr' id='par_1_58' title="bbox 274 4357 1862 4433">
     <span class='ocr_line' id='line_1_58' title="bbox 274 4357 1862 4433; baseline -0.004 -15"><span class='ocrx_word' id='word_1_393' title='bbox 274 4379 386 4433; x_wconf 87' lang='grc' dir='ltr'>γω·</span> <span class='ocrx_word' id='word_1_394' title='bbox 428 4365 497 4433; x_wconf 72' lang='grc' dir='ltr'>ἣν</span> <span class='ocrx_word' id='word_1_395' title='bbox 526 4357 681 4423; x_wconf 71' lang='grc' dir='ltr'>οὗτος</span> <span class='ocrx_word' id='word_1_396' title='bbox 711 4358 919 4424; x_wconf 78' lang='grc' dir='ltr'>θειάξει</span> <span class='ocrx_word' id='word_1_397' title='bbox 940 4400 954 4424; x_wconf 93' lang='grc'><strong>,</strong></span> <span class='ocrx_word' id='word_1_398' title='bbox 986 4358 1080 4410; x_wconf 77' lang='grc' dir='ltr'>καὶ</span> <span class='ocrx_word' id='word_1_399' title='bbox 1113 4357 1203 4409; x_wconf 81' lang='grc' dir='ltr'>τὸν</span> <span class='ocrx_word' id='word_1_400' title='bbox 1238 4357 1442 4427; x_wconf 85' lang='grc' dir='ltr'>ταύτης</span> <span class='ocrx_word' id='word_1_401' title='bbox 1475 4359 1718 4429; x_wconf 73' lang='grc' dir='ltr'>ἡγεμόνα</span> <span class='ocrx_word' id='word_1_402' title='bbox 1743 4359 1862 4411; x_wconf 88' lang='grc' dir='ltr'>Διό-</span> 
     </span>
    </p>
   </div>
   <div class='ocr_carea' id='block_1_59' title="bbox 276 4448 1863 4526">
    <p class='ocr_par' dir='ltr' id='par_1_59' title="bbox 276 4448 1863 4526">
     <span class='ocr_line' id='line_1_59' title="bbox 276 4448 1863 4526; baseline -0.002 -19"><span class='ocrx_word' id='word_1_403' title='bbox 276 4472 475 4526; x_wconf 83' lang='grc' dir='ltr'>σκορον</span> <span class='ocrx_word' id='word_1_404' title='bbox 503 4452 752 4514; x_wconf 71' lang='grc' dir='ltr'>καὶτοὺς</span> <span class='ocrx_word' id='word_1_405' title='bbox 798 4451 897 4503; x_wconf 80' lang='grc' dir='ltr'>σὺν</span> <span class='ocrx_word' id='word_1_406' title='bbox 944 4449 1114 4519; x_wconf 77' lang='grc' dir='ltr'>αὐτῷ.</span> <span class='ocrx_word' id='word_1_407' title='bbox 1163 4449 1394 4515; x_wconf 83' lang='grc' dir='ltr'>Διέξεισι</span> <span class='ocrx_word' id='word_1_408' title='bbox 1429 4448 1486 4501; x_wconf 82' lang='grc' dir='ltr'>δὲ</span> <span class='ocrx_word' id='word_1_409' title='bbox 1520 4452 1613 4502; x_wconf 77' lang='grc' dir='ltr'>καὶ</span> <span class='ocrx_word' id='word_1_410' title='bbox 1659 4452 1760 4520; x_wconf 78' lang='grc' dir='ltr'>τὴν</span> <span class='ocrx_word' id='word_1_411' title='bbox 1806 4452 1863 4504; x_wconf 79' lang='grc' dir='ltr'>ὲν</span> 
     </span>
    </p>
   </div>
   <div class='ocr_carea' id='block_1_60' title="bbox 1955 2002 3537 2073">
    <p class='ocr_par' dir='ltr' id='par_1_60' title="bbox 1955 2002 3537 2073">
     <span class='ocr_line' id='line_1_60' title="bbox 1955 2002 3537 2073; baseline 0.001 -16"><span class='ocrx_word' id='word_1_412' title='bbox 1955 2004 2097 2057; x_wconf 85' lang='lat' dir='ltr'><strong>mani</strong></span> <span class='ocrx_word' id='word_1_413' title='bbox 2140 2004 2348 2073; x_wconf 90' lang='lat' dir='ltr'><strong>imperii</strong></span> <span class='ocrx_word' id='word_1_414' title='bbox 2385 2013 2601 2070; x_wconf 83' lang='lat' dir='ltr'><strong>sceptra</strong></span> <span class='ocrx_word' id='word_1_415' title='bbox 2629 2002 3008 2058; x_wconf 80' lang='lat' dir='ltr'><strong>Valentiniano</strong></span> <span class='ocrx_word' id='word_1_416' title='bbox 3038 2003 3255 2067; x_wconf 86' lang='lat' dir='ltr'><strong>Minori,</strong></span> <span class='ocrx_word' id='word_1_417' title='bbox 3288 2004 3537 2058; x_wconf 62' lang='lat' dir='ltr'><strong>Placidia!</strong></span> 
     </span>
    </p>
   </div>
   <div class='ocr_carea' id='block_1_61' title="bbox 1952 2094 3372 2166">
    <p class='ocr_par' dir='ltr' id='par_1_61' title="bbox 1952 2094 3372 2166">
     <span class='ocr_line' id='line_1_61' title="bbox 1952 2094 3372 2166; baseline 0.001 -17"><span class='ocrx_word' id='word_1_418' title='bbox 1952 2105 2007 2150; x_wconf 91' lang='lat' dir='ltr'><strong>et</strong></span> <span class='ocrx_word' id='word_1_419' title='bbox 2031 2094 2380 2151; x_wconf 81' lang='lat' dir='ltr'><strong>Constantini</strong></span> <span class='ocrx_word' id='word_1_420' title='bbox 2418 2095 2533 2166; x_wconf 76' lang='grc'>(65)</span> <span class='ocrx_word' id='word_1_421' title='bbox 2566 2096 2697 2159; x_wconf 85' lang='lat' dir='ltr'><strong>tilio,</strong></span> <span class='ocrx_word' id='word_1_422' title='bbox 2731 2096 2958 2165; x_wconf 89' lang='lat' dir='ltr'><strong>patrueli</strong></span> <span class='ocrx_word' id='word_1_423' title='bbox 2992 2113 3091 2150; x_wconf 87' lang='lat' dir='ltr'><strong>suo</strong></span> <span class='ocrx_word' id='word_1_424' title='bbox 3132 2098 3372 2152; x_wconf 82' lang='lat' dir='ltr'><strong>tradidit.</strong></span> 
     </span>
    </p>
   </div>
   <div class='ocr_carea' id='block_1_62' title="bbox 2023 2271 3537 2342">
    <p class='ocr_par' dir='ltr' id='par_1_62' title="bbox 2023 2271 3537 2342">
     <span class='ocr_line' id='line_1_62' title="bbox 2023 2271 3537 2342; baseline 0.002 -17"><span class='ocrx_word' id='word_1_425' title='bbox 2023 2272 2384 2339; x_wconf 86' lang='lat' dir='ltr'><strong>Qttantumvis</strong></span> <span class='ocrx_word' id='word_1_426' title='bbox 2439 2282 2617 2326; x_wconf 90' lang='lat' dir='ltr'><strong>autem</strong></span> <span class='ocrx_word' id='word_1_427' title='bbox 2670 2271 3065 2342; x_wconf 76' lang='lat' dir='ltr'><strong>Philostorgius</strong></span> <span class='ocrx_word' id='word_1_428' title='bbox 3101 2273 3188 2327; x_wconf 89' lang='lat' dir='ltr'><strong>hic</strong></span> <span class='ocrx_word' id='word_1_429' title='bbox 3239 2276 3293 2327; x_wconf 90' lang='lat' dir='ltr'><strong>in</strong></span> <span class='ocrx_word' id='word_1_430' title='bbox 3347 2274 3537 2328; x_wconf 56' lang='lat' dir='ltr'><strong>orthon</strong></span> 
     </span>
    </p>
   </div>
   <div class='ocr_carea' id='block_1_63' title="bbox 1953 2362 3538 2436">
    <p class='ocr_par' dir='ltr' id='par_1_63' title="bbox 1953 2362 3538 2436">
     <span class='ocr_line' id='line_1_63' title="bbox 1953 2362 3538 2436; baseline 0.002 -19"><span class='ocrx_word' id='word_1_431' title='bbox 1953 2362 2124 2418; x_wconf 83' lang='lat' dir='ltr'><strong>doxos</strong></span> <span class='ocrx_word' id='word_1_432' title='bbox 2169 2365 2391 2430; x_wconf 80' lang='lat' dir='ltr'><strong>fureret,</strong></span> <span class='ocrx_word' id='word_1_433' title='bbox 2428 2364 2479 2418; x_wconf 89' lang='lat' dir='ltr'><strong>in</strong></span> <span class='ocrx_word' id='word_1_434' title='bbox 2512 2364 2831 2432; x_wconf 74' lang='lat' dir='ltr'><strong>Gregorium</strong></span> <span class='ocrx_word' id='word_1_435' title='bbox 2884 2366 2997 2433; x_wconf 74' lang='grc'>(64)</span> <span class='ocrx_word' id='word_1_436' title='bbox 3048 2376 3248 2430; x_wconf 88' lang='lat' dir='ltr'><strong>tamen,</strong></span> <span class='ocrx_word' id='word_1_437' title='bbox 3279 2365 3538 2436; x_wconf 80' lang='lat' dir='ltr'><strong>Theologi</strong></span> 
     </span>
    </p>
   </div>
   <div class='ocr_carea' id='block_1_64' title="bbox 1951 2453 3537 2524">
    <p class='ocr_par' dir='ltr' id='par_1_64' title="bbox 1951 2453 3537 2524">
     <span class='ocr_line' id='line_1_64' title="bbox 1951 2453 3537 2524; baseline 0.002 -17"><span class='ocrx_word' id='word_1_438' title='bbox 1951 2462 2334 2522; x_wconf 79' lang='lat' dir='ltr'><strong>cognomento,</strong></span> <span class='ocrx_word' id='word_1_439' title='bbox 2368 2453 2646 2508; x_wconf 84' lang='lat' dir='ltr'><strong>incurrere</strong></span> <span class='ocrx_word' id='word_1_440' title='bbox 2687 2470 2789 2508; x_wconf 92' lang='lat' dir='ltr'><strong>non</strong></span> <span class='ocrx_word' id='word_1_441' title='bbox 2822 2465 2902 2509; x_wconf 87' lang='lat' dir='ltr'><strong>cst</strong></span> <span class='ocrx_word' id='word_1_442' title='bbox 2931 2471 3118 2521; x_wconf 79' lang='lat' dir='ltr'><strong>ausus,</strong></span> <span class='ocrx_word' id='word_1_443' title='bbox 3153 2457 3307 2524; x_wconf 82' lang='lat' dir='ltr'><strong>cujus</strong></span> <span class='ocrx_word' id='word_1_444' title='bbox 3333 2458 3537 2512; x_wconf 84' lang='lat' dir='ltr'><strong>doctri-</strong></span> 
     </span>
    </p>
   </div>
   <div class='ocr_carea' id='block_1_65' title="bbox 1958 2542 3542 2616">
    <p class='ocr_par' dir='ltr' id='par_1_65' title="bbox 1958 2542 3542 2616">
     <span class='ocr_line' id='line_1_65' title="bbox 1958 2542 3542 2616; baseline 0 -16"><span class='ocrx_word' id='word_1_445' title='bbox 1958 2557 2082 2601; x_wconf 82' lang='lat' dir='ltr'><strong>nam</strong></span> <span class='ocrx_word' id='word_1_446' title='bbox 2130 2542 2214 2597; x_wconf 88' lang='lat' dir='ltr'><strong>vel</strong></span> <span class='ocrx_word' id='word_1_447' title='bbox 2248 2543 2452 2597; x_wconf 89' lang='lat' dir='ltr'><strong>invitus</strong></span> <span class='ocrx_word' id='word_1_448' title='bbox 2503 2544 2760 2613; x_wconf 63' lang='lat' dir='ltr'><strong>praedicat</strong></span> <span class='ocrx_word' id='word_1_449' title='bbox 2790 2560 2804 2598; x_wconf 90' lang='lat'><strong>:</strong></span> <span class='ocrx_word' id='word_1_450' title='bbox 2835 2546 2929 2601; x_wconf 90' lang='lat' dir='ltr'><strong>sed</strong></span> <span class='ocrx_word' id='word_1_451' title='bbox 2973 2545 3175 2602; x_wconf 82' lang='lat' dir='ltr'><strong>Basilio</strong></span> <span class='ocrx_word' id='word_1_452' title='bbox 3224 2546 3416 2616; x_wconf 80' lang='lat' dir='ltr'><strong>Magno</strong></span> <span class='ocrx_word' id='word_1_453' title='bbox 3450 2564 3542 2603; x_wconf 80' lang='lat' dir='ltr'><strong>ca-</strong></span> 
     </span>
    </p>
   </div>
   <div class='ocr_carea' id='block_1_66' title="bbox 1957 2635 3538 2704">
    <p class='ocr_par' dir='ltr' id='par_1_66' title="bbox 1957 2635 3538 2704">
     <span class='ocr_line' id='line_1_66' title="bbox 1957 2635 3538 2704; baseline 0.001 -15"><span class='ocrx_word' id='word_1_454' title='bbox 1957 2635 2214 2689; x_wconf 86' lang='lat' dir='ltr'><strong>lumniam</strong></span> <span class='ocrx_word' id='word_1_455' title='bbox 2270 2645 2452 2688; x_wconf 82' lang='lat' dir='ltr'><strong>texere</strong></span> <span class='ocrx_word' id='word_1_456' title='bbox 2501 2643 2729 2688; x_wconf 84' lang='lat' dir='ltr'><strong>conatus</strong></span> <span class='ocrx_word' id='word_1_457' title='bbox 2774 2644 2891 2700; x_wconf 82' lang='lat' dir='ltr'><strong>est;</strong></span> <span class='ocrx_word' id='word_1_458' title='bbox 2944 2651 3046 2704; x_wconf 89' lang='lat' dir='ltr'><strong>qua</strong></span> <span class='ocrx_word' id='word_1_459' title='bbox 3100 2646 3280 2691; x_wconf 89' lang='lat' dir='ltr'><strong>tamen</strong></span> <span class='ocrx_word' id='word_1_460' title='bbox 3331 2638 3538 2692; x_wconf 80' lang='lat' dir='ltr'><strong>clarum</strong></span> 
     </span>
    </p>
   </div>
   <div class='ocr_carea' id='block_1_67' title="bbox 1956 2723 3539 2797">
    <p class='ocr_par' dir='ltr' id='par_1_67' title="bbox 1956 2723 3539 2797">
     <span class='ocr_line' id='line_1_67' title="bbox 1956 2723 3539 2797; baseline 0 -17"><span class='ocrx_word' id='word_1_461' title='bbox 1956 2726 2128 2797; x_wconf 77' lang='lat' dir='ltr'><strong>magis</strong></span> <span class='ocrx_word' id='word_1_462' title='bbox 2162 2725 2417 2780; x_wconf 88' lang='lat' dir='ltr'><strong>reddidit.</strong></span> <span class='ocrx_word' id='word_1_463' title='bbox 2448 2723 2569 2779; x_wconf 83' lang='lat' dir='ltr'><strong>Vim</strong></span> <span class='ocrx_word' id='word_1_464' title='bbox 2599 2726 2743 2779; x_wconf 89' lang='lat' dir='ltr'><strong>enim</strong></span> <span class='ocrx_word' id='word_1_465' title='bbox 2774 2735 2829 2779; x_wconf 90' lang='lat' dir='ltr'><strong>et</strong></span> <span class='ocrx_word' id='word_1_466' title='bbox 2870 2736 3206 2781; x_wconf 80' lang='lat' dir='ltr'><strong>venuStatem</strong></span> <span class='ocrx_word' id='word_1_467' title='bbox 3251 2728 3442 2797; x_wconf 82' lang='lat' dir='ltr'><strong>agendi</strong></span> <span class='ocrx_word' id='word_1_468' title='bbox 3488 2731 3539 2781; x_wconf 89' lang='lat' dir='ltr'><strong>iu</strong></span> 
     </span>
    </p>
   </div>
   <div class='ocr_carea' id='block_1_68' title="bbox 1955 2813 3542 2886">
    <p class='ocr_par' dir='ltr' id='par_1_68' title="bbox 1955 2813 3542 2886">
     <span class='ocr_line' id='line_1_68' title="bbox 1955 2813 3542 2886; baseline 0 -18"><span class='ocrx_word' id='word_1_469' title='bbox 1955 2814 2307 2886; x_wconf 79' lang='lat' dir='ltr'><strong>Panegyricis</strong></span> <span class='ocrx_word' id='word_1_470' title='bbox 2340 2813 2453 2878; x_wconf 87' lang='lat' dir='ltr'><strong>ipsa</strong></span> <span class='ocrx_word' id='word_1_471' title='bbox 2490 2828 2670 2867; x_wconf 90' lang='lat' dir='ltr'><strong>rerum</strong></span> <span class='ocrx_word' id='word_1_472' title='bbox 2718 2815 2988 2869; x_wconf 85' lang='lat' dir='ltr'><strong>evidentia</strong></span> <span class='ocrx_word' id='word_1_473' title='bbox 3027 2827 3250 2872; x_wconf 89' lang='lat' dir='ltr'><strong>coactus</strong></span> <span class='ocrx_word' id='word_1_474' title='bbox 3288 2828 3372 2872; x_wconf 87' lang='lat' dir='ltr'><strong>est</strong></span> <span class='ocrx_word' id='word_1_475' title='bbox 3407 2833 3542 2872; x_wconf 87' lang='lat' dir='ltr'><strong>con-</strong></span> 
     </span>
    </p>
   </div>
   <div class='ocr_carea' id='block_1_69' title="bbox 1957 2906 3545 2975">
    <p class='ocr_par' dir='ltr' id='par_1_69' title="bbox 1957 2906 3545 2975">
     <span class='ocr_line' id='line_1_69' title="bbox 1957 2906 3545 2975; baseline -0.001 -11"><span class='ocrx_word' id='word_1_476' title='bbox 1957 2907 2098 2964; x_wconf 81' lang='lat' dir='ltr'><strong>ﬁteri</strong></span> <span class='ocrx_word' id='word_1_477' title='bbox 2135 2925 2150 2960; x_wconf 91' lang='lat'><strong>:</strong></span> <span class='ocrx_word' id='word_1_478' title='bbox 2194 2916 2433 2960; x_wconf 85' lang='lat' dir='ltr'><strong>attamen</strong></span> <span class='ocrx_word' id='word_1_479' title='bbox 2488 2906 2840 2959; x_wconf 89' lang='lat' dir='ltr'><strong>temerarium</strong></span> <span class='ocrx_word' id='word_1_480' title='bbox 2895 2906 3067 2975; x_wconf 90' lang='lat' dir='ltr'><strong>ipsum</strong></span> <span class='ocrx_word' id='word_1_481' title='bbox 3118 2909 3279 2962; x_wconf 92' lang='lat' dir='ltr'><strong>homo</strong></span> <span class='ocrx_word' id='word_1_482' title='bbox 3324 2908 3545 2963; x_wconf 82' lang='lat' dir='ltr'><strong>timidus</strong></span> 
     </span>
    </p>
   </div>
   <div class='ocr_carea' id='block_1_70' title="bbox 1956 2998 3547 3071">
    <p class='ocr_par' dir='ltr' id='par_1_70' title="bbox 1956 2998 3547 3071">
     <span class='ocr_line' id='line_1_70' title="bbox 1956 2998 3547 3071; baseline -0.003 -16"><span class='ocrx_word' id='word_1_483' title='bbox 1956 3001 2227 3071; x_wconf 86' lang='lat' dir='ltr'><strong>appellare</strong></span> <span class='ocrx_word' id='word_1_484' title='bbox 2281 3014 2387 3055; x_wconf 86' lang='lat' dir='ltr'><strong>non</strong></span> <span class='ocrx_word' id='word_1_485' title='bbox 2436 3008 2675 3063; x_wconf 86' lang='lat' dir='ltr'><strong>veretur,</strong></span> <span class='ocrx_word' id='word_1_486' title='bbox 2712 2998 2853 3067; x_wconf 90' lang='lat' dir='ltr'><strong>quod</strong></span> <span class='ocrx_word' id='word_1_487' title='bbox 2904 3001 3371 3053; x_wconf 86' lang='lat' dir='ltr'><strong>contentiosarum</strong></span> <span class='ocrx_word' id='word_1_488' title='bbox 3419 3015 3547 3054; x_wconf 84' lang='lat' dir='ltr'><strong>ora-</strong></span> 
     </span>
    </p>
   </div>
   <div class='ocr_carea' id='block_1_71' title="bbox 1960 3090 3544 3161">
    <p class='ocr_par' dir='ltr' id='par_1_71' title="bbox 1960 3090 3544 3161">
     <span class='ocr_line' id='line_1_71' title="bbox 1960 3090 3544 3161; baseline 0 -14"><span class='ocrx_word' id='word_1_489' title='bbox 1960 3094 2170 3147; x_wconf 91' lang='lat' dir='ltr'><strong>tionum</strong></span> <span class='ocrx_word' id='word_1_490' title='bbox 2200 3091 2367 3154; x_wconf 87' lang='lat' dir='ltr'><strong>rmlis,</strong></span> <span class='ocrx_word' id='word_1_491' title='bbox 2403 3102 2460 3144; x_wconf 91' lang='lat' dir='ltr'><strong>ut</strong></span> <span class='ocrx_word' id='word_1_492' title='bbox 2491 3090 2593 3156; x_wconf 86' lang='lat' dir='ltr'><strong>ait,</strong></span> <span class='ocrx_word' id='word_1_493' title='bbox 2627 3090 2952 3144; x_wconf 88' lang='lat' dir='ltr'><strong>Eunomiunt</strong></span> <span class='ocrx_word' id='word_1_494' title='bbox 2984 3090 3203 3159; x_wconf 86' lang='lat' dir='ltr'><strong>scriptis</strong></span> <span class='ocrx_word' id='word_1_495' title='bbox 3232 3106 3544 3161; x_wconf 81' lang='lat' dir='ltr'><strong>oppugnare</strong></span> 
     </span>
    </p>
   </div>
   <div class='ocr_carea' id='block_1_72' title="bbox 1880 3187 2247 3272">
    <p class='ocr_par' dir='ltr' id='par_1_72' title="bbox 1880 3187 2247 3272">
     <span class='ocr_line' id='line_1_72' title="bbox 1880 3187 2247 3272; baseline -0.014 -31"><span class='ocrx_word' id='word_1_496' title='bbox 1880 3218 1922 3272; x_wconf 63' lang='grc' dir='ltr'>ο</span> <span class='ocrx_word' id='word_1_497' title='bbox 1955 3187 2030 3240; x_wconf 87' lang='lat' dir='ltr'><strong>sit</strong></span> <span class='ocrx_word' id='word_1_498' title='bbox 2063 3200 2247 3238; x_wconf 84' lang='lat' dir='ltr'><strong>ausus.</strong></span> 
     </span>
    </p>
   </div>
   <div class='ocr_carea' id='block_1_73' title="bbox 2669 3274 2807 3328">
    <p class='ocr_par' dir='ltr' id='par_1_73' title="bbox 2669 3274 2807 3328">
     <span class='ocr_line' id='line_1_73' title="bbox 2669 3274 2807 3328; baseline -0.014 0"><span class='ocrx_word' id='word_1_499' title='bbox 2669 3274 2807 3328; x_wconf 76' lang='lat' dir='ltr'><strong>XLI.</strong></span> 
     </span>
    </p>
   </div>
   <div class='ocr_carea' id='block_1_74' title="bbox 2053 3365 3476 3438">
    <p class='ocr_par' dir='ltr' id='par_1_74' title="bbox 2053 3365 3476 3438">
     <span class='ocr_line' id='line_1_74' title="bbox 2053 3365 3476 3438; baseline 0.001 -20"><span class='ocrx_word' id='word_1_500' title='bbox 2053 3366 2143 3438; x_wconf 76' lang='lat' dir='ltr'><strong>9n</strong></span> <span class='ocrx_word' id='word_1_501' title='bbox 2178 3365 2407 3420; x_wconf 79' lang='lat' dir='ltr'><strong>Joannis</strong></span> <span class='ocrx_word' id='word_1_502' title='bbox 2463 3365 2761 3438; x_wconf 75' lang='lat' dir='ltr'><strong>Presbyteri</strong></span> <span class='ocrx_word' id='word_1_503' title='bbox 2793 3365 3037 3438; x_wconf 63' lang='lat' dir='ltr'><strong>_zEgente</strong></span> <span class='ocrx_word' id='word_1_504' title='bbox 3082 3365 3137 3418; x_wconf 83' lang='grc' dir='ltr'><strong>-Ε</strong></span> <span class='ocrx_word' id='word_1_505' title='bbox 3140 3366 3476 3420; x_wconf 71' lang='grc' dir='ltr'>ςείεδίαειίαε</span> 
     </span>
    </p>
   </div>
   <div class='ocr_carea' id='block_1_75' title="bbox 2515 3435 2970 3490">
    <p class='ocr_par' dir='ltr' id='par_1_75' title="bbox 2515 3435 2970 3490">
     <span class='ocr_line' id='line_1_75' title="bbox 2515 3435 2970 3490; baseline -0.002 -2"><span class='ocrx_word' id='word_1_506' title='bbox 2515 3437 2752 3490; x_wconf 70' lang='lat' dir='ltr'><strong>historice</strong></span> <span class='ocrx_word' id='word_1_507' title='bbox 2784 3435 2906 3488; x_wconf 77' lang='lat' dir='ltr'><strong>libri</strong></span> <span class='ocrx_word' id='word_1_508' title='bbox 2938 3450 2970 3488; x_wconf 87' lang='lat' dir='ltr'><strong>v</strong></span> 
     </span>
    </p>
   </div>
   <div class='ocr_carea' id='block_1_76' title="bbox 2031 3527 3545 3599">
    <p class='ocr_par' dir='ltr' id='par_1_76' title="bbox 2031 3527 3545 3599">
     <span class='ocr_line' id='line_1_76' title="bbox 2031 3527 3545 3599; baseline -0.002 -15"><span class='ocrx_word' id='word_1_509' title='bbox 2031 3529 2191 3584; x_wconf 87' lang='lat' dir='ltr'><strong>Lecta</strong></span> <span class='ocrx_word' id='word_1_510' title='bbox 2239 3539 2323 3583; x_wconf 86' lang='lat' dir='ltr'><strong>est</strong></span> <span class='ocrx_word' id='word_1_511' title='bbox 2370 3528 2596 3583; x_wconf 79' lang='lat' dir='ltr'><strong>Joannis</strong></span> <span class='ocrx_word' id='word_1_512' title='bbox 2646 3528 3018 3581; x_wconf 78' lang='lat' dir='ltr'><strong>Ecclesiastica</strong></span> <span class='ocrx_word' id='word_1_513' title='bbox 3058 3527 3298 3583; x_wconf 76' lang='lat' dir='ltr'><strong>Historia</strong></span> <span class='ocrx_word' id='word_1_514' title='bbox 3330 3543 3350 3582; x_wconf 86' lang='lat'><strong><em>:</em></strong></span> <span class='ocrx_word' id='word_1_515' title='bbox 3383 3545 3545 3599; x_wconf 85' lang='lat' dir='ltr'><strong>quam</strong></span> 
     </span>
    </p>
   </div>
   <div class='ocr_carea' id='block_1_77' title="bbox 1961 3619 3550 3689">
    <p class='ocr_par' dir='ltr' id='par_1_77' title="bbox 1961 3619 3550 3689">
     <span class='ocr_line' id='line_1_77' title="bbox 1961 3619 3550 3689; baseline -0.001 -14"><span class='ocrx_word' id='word_1_516' title='bbox 1961 3636 1988 3675; x_wconf 89' lang='lat' dir='ltr'><strong>a</strong></span> <span class='ocrx_word' id='word_1_517' title='bbox 2026 3620 2319 3677; x_wconf 87' lang='lat' dir='ltr'><strong>Theodosii</strong></span> <span class='ocrx_word' id='word_1_518' title='bbox 2368 3619 2595 3674; x_wconf 82' lang='lat' dir='ltr'><strong>Minoris</strong></span> <span class='ocrx_word' id='word_1_519' title='bbox 2646 3620 2872 3688; x_wconf 88' lang='lat' dir='ltr'><strong>imperio</strong></span> <span class='ocrx_word' id='word_1_520' title='bbox 2916 3620 3213 3685; x_wconf 88' lang='lat' dir='ltr'><strong>inchoavit,</strong></span> <span class='ocrx_word' id='word_1_521' title='bbox 3267 3632 3431 3689; x_wconf 87' lang='lat' dir='ltr'><strong>atque</strong></span> <span class='ocrx_word' id='word_1_522' title='bbox 3481 3623 3550 3675; x_wconf 90' lang='lat' dir='ltr'><strong>ah</strong></span> 
     </span>
    </p>
   </div>
   <div class='ocr_carea' id='block_1_78' title="bbox 1961 3713 3544 3784">
    <p class='ocr_par' dir='ltr' id='par_1_78' title="bbox 1961 3713 3544 3784">
     <span class='ocr_line' id='line_1_78' title="bbox 1961 3713 3544 3784; baseline 0.003 -18"><span class='ocrx_word' id='word_1_523' title='bbox 1961 3715 2074 3784; x_wconf 89' lang='lat' dir='ltr'><strong>ipsa</strong></span> <span class='ocrx_word' id='word_1_524' title='bbox 2123 3713 2358 3768; x_wconf 83' lang='lat' dir='ltr'><strong>Nestorii</strong></span> <span class='ocrx_word' id='word_1_525' title='bbox 2410 3713 2768 3782; x_wconf 87' lang='lat' dir='ltr'><strong>blasphemia,</strong></span> <span class='ocrx_word' id='word_1_526' title='bbox 2801 3724 2853 3767; x_wconf 91' lang='lat' dir='ltr'><strong>et</strong></span> <span class='ocrx_word' id='word_1_527' title='bbox 2889 3730 2918 3768; x_wconf 92' lang='lat' dir='ltr'><strong>e</strong></span> <span class='ocrx_word' id='word_1_528' title='bbox 2961 3718 3087 3770; x_wconf 91' lang='lat' dir='ltr'><strong>sede</strong></span> <span class='ocrx_word' id='word_1_529' title='bbox 3122 3717 3495 3771; x_wconf 89' lang='lat' dir='ltr'><strong>deturbatione</strong></span> <span class='ocrx_word' id='word_1_530' title='bbox 3528 3722 3544 3759; x_wconf 75' lang='grc' dir='ltr'>ε</span> 
     </span>
    </p>
   </div>
   <div class='ocr_carea' id='block_1_79' title="bbox 1960 3805 3551 3877">
    <p class='ocr_par' dir='ltr' id='par_1_79' title="bbox 1960 3805 3551 3877">
     <span class='ocr_line' id='line_1_79' title="bbox 1960 3805 3551 3877; baseline 0.001 -17"><span class='ocrx_word' id='word_1_531' title='bbox 1960 3808 2328 3877; x_wconf 80' lang='lat' dir='ltr'><strong>perduxitque</strong></span> <span class='ocrx_word' id='word_1_532' title='bbox 2385 3807 2451 3860; x_wconf 91' lang='lat' dir='ltr'><strong>ad</strong></span> <span class='ocrx_word' id='word_1_533' title='bbox 2514 3805 2784 3860; x_wconf 86' lang='lat' dir='ltr'><strong>Zenonem</strong></span> <span class='ocrx_word' id='word_1_534' title='bbox 2842 3822 3013 3877; x_wconf 87' lang='lat' dir='ltr'><strong>usque</strong></span> <span class='ocrx_word' id='word_1_535' title='bbox 3069 3819 3124 3863; x_wconf 91' lang='lat' dir='ltr'><strong>et</strong></span> <span class='ocrx_word' id='word_1_536' title='bbox 3182 3807 3326 3863; x_wconf 91' lang='lat' dir='ltr'><strong>Petri</strong></span> <span class='ocrx_word' id='word_1_537' title='bbox 3378 3809 3551 3863; x_wconf 69' lang='lat' dir='ltr'><strong>haere-</strong></span> 
     </span>
    </p>
   </div>
   <div class='ocr_carea' id='block_1_80' title="bbox 1962 3898 3551 3969">
    <p class='ocr_par' dir='ltr' id='par_1_80' title="bbox 1962 3898 3551 3969">
     <span class='ocr_line' id='line_1_80' title="bbox 1962 3898 3551 3969; baseline 0.002 -17"><span class='ocrx_word' id='word_1_538' title='bbox 1962 3898 2054 3954; x_wconf 90' lang='lat' dir='ltr'><strong>tici</strong></span> <span class='ocrx_word' id='word_1_539' title='bbox 2090 3898 2224 3969; x_wconf 82' lang='lat'><strong>(65),</strong></span> <span class='ocrx_word' id='word_1_540' title='bbox 2258 3898 2348 3968; x_wconf 87' lang='lat' dir='ltr'><strong>qui</strong></span> <span class='ocrx_word' id='word_1_541' title='bbox 2396 3898 2794 3954; x_wconf 87' lang='lat' dir='ltr'><strong>Antiochenam</strong></span> <span class='ocrx_word' id='word_1_542' title='bbox 2835 3903 3017 3954; x_wconf 90' lang='lat' dir='ltr'><strong>sedem</strong></span> <span class='ocrx_word' id='word_1_543' title='bbox 3056 3916 3150 3969; x_wconf 93' lang='lat' dir='ltr'><strong>per</strong></span> <span class='ocrx_word' id='word_1_544' title='bbox 3198 3900 3350 3956; x_wconf 81' lang='lat' dir='ltr'><strong>nefas</strong></span> <span class='ocrx_word' id='word_1_545' title='bbox 3386 3916 3551 3957; x_wconf 88' lang='lat' dir='ltr'><strong>occu-</strong></span> 
     </span>
    </p>
   </div>
   <div class='ocr_carea' id='block_1_81' title="bbox 1959 3990 3547 4060">
    <p class='ocr_par' dir='ltr' id='par_1_81' title="bbox 1959 3990 3547 4060">
     <span class='ocr_line' id='line_1_81' title="bbox 1959 3990 3547 4060; baseline 0.004 -18"><span class='ocrx_word' id='word_1_546' title='bbox 1959 4000 2117 4059; x_wconf 87' lang='lat' dir='ltr'><strong>parat</strong></span> <span class='ocrx_word' id='word_1_547' title='bbox 2169 3990 2592 4059; x_wconf 86' lang='lat' dir='ltr'><strong>depositionem.</strong></span> <span class='ocrx_word' id='word_1_548' title='bbox 2648 3991 2822 4060; x_wconf 83' lang='lat' dir='ltr'><strong>Hujus</strong></span> <span class='ocrx_word' id='word_1_549' title='bbox 2875 3992 3053 4047; x_wconf 84' lang='lat' dir='ltr'><strong>clarus</strong></span> <span class='ocrx_word' id='word_1_550' title='bbox 3105 4001 3188 4046; x_wconf 88' lang='lat' dir='ltr'><strong>est</strong></span> <span class='ocrx_word' id='word_1_551' title='bbox 3231 4002 3285 4047; x_wconf 90' lang='lat' dir='ltr'><strong>et</strong></span> <span class='ocrx_word' id='word_1_552' title='bbox 3328 3992 3547 4048; x_wconf 65' lang='lat' dir='ltr'><strong>ﬂoridus</strong></span> 
     </span>
    </p>
   </div>
   <div class='ocr_carea' id='block_1_82' title="bbox 1960 4079 3546 4153">
    <p class='ocr_par' dir='ltr' id='par_1_82' title="bbox 1960 4079 3546 4153">
     <span class='ocr_line' id='line_1_82' title="bbox 1960 4079 3546 4153; baseline 0 -18"><span class='ocrx_word' id='word_1_553' title='bbox 1960 4081 2159 4151; x_wconf 80' lang='lat' dir='ltr'><strong>Stylus.</strong></span> <span class='ocrx_word' id='word_1_554' title='bbox 2214 4079 2405 4135; x_wconf 79' lang='lat' dir='ltr'><strong>Refert</strong></span> <span class='ocrx_word' id='word_1_555' title='bbox 2453 4096 2613 4147; x_wconf 87' lang='lat' dir='ltr'><strong>vero,</strong></span> <span class='ocrx_word' id='word_1_556' title='bbox 2664 4083 2874 4153; x_wconf 81' lang='lat' dir='ltr'><strong>singula</strong></span> <span class='ocrx_word' id='word_1_557' title='bbox 2925 4083 3279 4148; x_wconf 79' lang='lat' dir='ltr'><strong>excutiendo,</strong></span> <span class='ocrx_word' id='word_1_558' title='bbox 3335 4086 3546 4138; x_wconf 80' lang='lat' dir='ltr'><strong>tertiam</strong></span> 
     </span>
    </p>
   </div>
   <div class='ocr_carea' id='block_1_83' title="bbox 1961 4176 3550 4248">
    <p class='ocr_par' dir='ltr' id='par_1_83' title="bbox 1961 4176 3550 4248">
     <span class='ocr_line' id='line_1_83' title="bbox 1961 4176 3550 4248; baseline -0.002 -17"><span class='ocrx_word' id='word_1_559' title='bbox 1961 4178 2255 4248; x_wconf 86' lang='lat' dir='ltr'><strong>synodum,</strong></span> <span class='ocrx_word' id='word_1_560' title='bbox 2283 4192 2402 4246; x_wconf 74' lang='lat' dir='ltr'><strong>quae</strong></span> <span class='ocrx_word' id='word_1_561' title='bbox 2427 4178 2481 4230; x_wconf 91' lang='lat' dir='ltr'><strong>in</strong></span> <span class='ocrx_word' id='word_1_562' title='bbox 2518 4178 2731 4243; x_wconf 89' lang='lat' dir='ltr'><strong>Epheso</strong></span> <span class='ocrx_word' id='word_1_563' title='bbox 2764 4184 2847 4229; x_wconf 85' lang='lat' dir='ltr'><strong>est</strong></span> <span class='ocrx_word' id='word_1_564' title='bbox 2891 4176 3071 4229; x_wconf 87' lang='lat' dir='ltr'><strong>habita</strong></span> <span class='ocrx_word' id='word_1_565' title='bbox 3104 4195 3117 4230; x_wconf 86' lang='lat'><strong>:</strong></span> <span class='ocrx_word' id='word_1_566' title='bbox 3145 4177 3273 4246; x_wconf 88' lang='lat' dir='ltr'><strong>quin</strong></span> <span class='ocrx_word' id='word_1_567' title='bbox 3315 4187 3370 4231; x_wconf 88' lang='lat' dir='ltr'><strong>et</strong></span> <span class='ocrx_word' id='word_1_568' title='bbox 3414 4177 3550 4230; x_wconf 83' lang='lat' dir='ltr'><strong>alte-</strong></span> 
     </span>
    </p>
   </div>
   <div class='ocr_carea' id='block_1_84' title="bbox 1962 4265 3550 4338">
    <p class='ocr_par' dir='ltr' id='par_1_84' title="bbox 1962 4265 3550 4338">
     <span class='ocr_line' id='line_1_84' title="bbox 1962 4265 3550 4338; baseline -0.001 -15"><span class='ocrx_word' id='word_1_569' title='bbox 1962 4284 2076 4324; x_wconf 87' lang='lat' dir='ltr'><strong>ratn</strong></span> <span class='ocrx_word' id='word_1_570' title='bbox 2112 4269 2309 4322; x_wconf 82' lang='lat' dir='ltr'><strong>ibidem</strong></span> <span class='ocrx_word' id='word_1_571' title='bbox 2345 4281 2611 4332; x_wconf 85' lang='lat' dir='ltr'><strong>coactam,</strong></span> <span class='ocrx_word' id='word_1_572' title='bbox 2639 4266 2904 4337; x_wconf 81' lang='grc' dir='ltr'>ληστικὴν</span> <span class='ocrx_word' id='word_1_573' title='bbox 2933 4265 3010 4338; x_wconf 90' lang='lat' dir='ltr'><strong>[id</strong></span> <span class='ocrx_word' id='word_1_574' title='bbox 3039 4277 3143 4332; x_wconf 90' lang='lat' dir='ltr'><strong>est,</strong></span> <span class='ocrx_word' id='word_1_575' title='bbox 3172 4268 3550 4334; x_wconf 76' lang='lat' dir='ltr'><strong>prmdatoriam</strong></span> 
     </span>
    </p>
   </div>
   <div class='ocr_carea' id='block_1_85' title="bbox 1964 4359 3551 4431">
    <p class='ocr_par' dir='ltr' id='par_1_85' title="bbox 1964 4359 3551 4431">
     <span class='ocr_line' id='line_1_85' title="bbox 1964 4359 3551 4431; baseline 0.001 -18"><span class='ocrx_word' id='word_1_576' title='bbox 1964 4378 2027 4415; x_wconf 87' lang='lat' dir='ltr'><strong>ac</strong></span> <span class='ocrx_word' id='word_1_577' title='bbox 2087 4359 2520 4431; x_wconf 84' lang='lat' dir='ltr'><strong>latrocinantem]</strong></span> <span class='ocrx_word' id='word_1_578' title='bbox 2570 4360 2915 4428; x_wconf 79' lang='lat' dir='ltr'><strong>appellatam,</strong></span> <span class='ocrx_word' id='word_1_579' title='bbox 2964 4376 3124 4429; x_wconf 88' lang='lat' dir='ltr'><strong>quam</strong></span> <span class='ocrx_word' id='word_1_580' title='bbox 3178 4362 3266 4415; x_wconf 89' lang='lat' dir='ltr'><strong>hic</strong></span> <span class='ocrx_word' id='word_1_581' title='bbox 3319 4361 3551 4429; x_wconf 86' lang='lat' dir='ltr'><strong>scriptor</strong></span> 
     </span>
    </p>
   </div>
   <div class='ocr_carea' id='block_1_86' title="bbox 1968 4453 3547 4524">
    <p class='ocr_par' dir='ltr' id='par_1_86' title="bbox 1968 4453 3547 4524">
     <span class='ocr_line' id='line_1_86' title="bbox 1968 4453 3547 4524; baseline -0.002 -17"><span class='ocrx_word' id='word_1_582' title='bbox 1968 4454 2208 4507; x_wconf 85' lang='lat' dir='ltr'><strong>divinam</strong></span> <span class='ocrx_word' id='word_1_583' title='bbox 2238 4453 2386 4519; x_wconf 79' lang='lat' dir='ltr'><strong>facit,</strong></span> <span class='ocrx_word' id='word_1_584' title='bbox 2424 4465 2481 4507; x_wconf 92' lang='lat' dir='ltr'><strong>ut</strong></span> <span class='ocrx_word' id='word_1_585' title='bbox 2503 4464 2558 4508; x_wconf 91' lang='lat' dir='ltr'><strong>et</strong></span> <span class='ocrx_word' id='word_1_586' title='bbox 2590 4453 2704 4521; x_wconf 82' lang='lat' dir='ltr'><strong>ejus</strong></span> <span class='ocrx_word' id='word_1_587' title='bbox 2747 4454 3030 4524; x_wconf 72' lang='lat' dir='ltr'><strong>praesidem</strong></span> <span class='ocrx_word' id='word_1_588' title='bbox 3059 4454 3373 4508; x_wconf 89' lang='lat' dir='ltr'><strong>Dioscorum</strong></span> <span class='ocrx_word' id='word_1_589' title='bbox 3423 4468 3547 4506; x_wconf 91' lang='lat' dir='ltr'><strong>cum</strong></span> 
     </span>
    </p>
   </div>
   <div class='ocr_carea' id='block_1_87' title="bbox 276 4536 1852 4617">
    <p class='ocr_par' dir='ltr' id='par_1_87' title="bbox 276 4536 1852 4614">
     <span class='ocr_line' id='line_1_87' title="bbox 276 4536 1852 4614; baseline -0.004 -15"><span class='ocrx_word' id='word_1_590' title='bbox 276 4544 624 4614; x_wconf 66' lang='grc' dir='ltr'>Καλχηδόνιδ</span> <span class='ocrx_word' id='word_1_591' title='bbox 674 4541 912 4607; x_wconf 78' lang='grc' dir='ltr'>σύνοδον,</span> <span class='ocrx_word' id='word_1_592' title='bbox 947 4540 1217 4610; x_wconf 88' lang='grc' dir='ltr'>διασύρων</span> <span class='ocrx_word' id='word_1_593' title='bbox 1262 4539 1593 4610; x_wconf 83' lang='grc' dir='ltr'>ταύτην.Ἒξ</span> <span class='ocrx_word' id='word_1_594' title='bbox 1630 4536 1704 4593; x_wconf 82' lang='grc' dir='ltr'>ὧν</span> <span class='ocrx_word' id='word_1_595' title='bbox 1749 4542 1852 4594; x_wconf 83' lang='grc' dir='ltr'>ἔστι</span> 
     </span>
    </p>
   </div>
   <div class='ocr_carea' id='block_1_88' title="bbox 1956 4536 3546 4617">
    <p class='ocr_par' dir='ltr' id='par_1_88' title="bbox 1970 4542 3546 4606">
     <span class='ocr_line' id='line_1_88' title="bbox 1970 4542 3546 4606; baseline -0.001 -10"><span class='ocrx_word' id='word_1_596' title='bbox 1970 4545 2214 4599; x_wconf 88' lang='lat' dir='ltr'><strong>asseclis.</strong></span> <span class='ocrx_word' id='word_1_597' title='bbox 2282 4542 2479 4598; x_wconf 83' lang='lat' dir='ltr'><strong>Narrat</strong></span> <span class='ocrx_word' id='word_1_598' title='bbox 2539 4545 2668 4599; x_wconf 90' lang='lat' dir='ltr'><strong>item</strong></span> <span class='ocrx_word' id='word_1_599' title='bbox 2730 4544 3177 4599; x_wconf 86' lang='lat' dir='ltr'><strong>Chalcedonense</strong></span> <span class='ocrx_word' id='word_1_600' title='bbox 3234 4543 3546 4606; x_wconf 89' lang='lat' dir='ltr'><strong>concilium,</strong></span> 
     </span>
    </p>
   </div>
   <div class='ocr_carea' id='block_1_89' title="bbox 277 4618 1852 4707">
    <p class='ocr_par' dir='ltr' id='par_1_89' title="bbox 277 4618 1852 4707">
     <span class='ocr_line' id='line_1_89' title="bbox 277 4618 1852 4707; baseline -0.002 -17"><span class='ocrx_word' id='word_1_601' title='bbox 277 4638 576 4707; x_wconf 71' lang='grc' dir='ltr'>συμϐαλεῖν</span> <span class='ocrx_word' id='word_1_602' title='bbox 606 4634 862 4703; x_wconf 82' lang='grc' dir='ltr'>Ἰωάννην</span> <span class='ocrx_word' id='word_1_603' title='bbox 892 4618 1031 4685; x_wconf 75' lang='grc' dir='ltr'>εἶναι</span> <span class='ocrx_word' id='word_1_604' title='bbox 1053 4632 1146 4685; x_wconf 84' lang='grc' dir='ltr'>τὸν</span> <span class='ocrx_word' id='word_1_605' title='bbox 1172 4632 1385 4703; x_wconf 81' lang='grc' dir='ltr'>πατέρα</span> <span class='ocrx_word' id='word_1_606' title='bbox 1414 4633 1507 4685; x_wconf 79' lang='grc' dir='ltr'>τοῦ</span> <span class='ocrx_word' id='word_1_607' title='bbox 1538 4633 1741 4703; x_wconf 75' lang='grc' dir='ltr'>βιϐλίου</span> <span class='ocrx_word' id='word_1_608' title='bbox 1773 4634 1852 4687; x_wconf 59' lang='lat' dir='ltr'><strong>rex</strong></span> 
     </span>
    </p>
   </div>
   <div class='ocr_carea' id='block_1_90' title="bbox 1956 4618 3550 4707">
    <p class='ocr_par' dir='ltr' id='par_1_90' title="bbox 1973 4633 3550 4706">
     <span class='ocr_line' id='line_1_90' title="bbox 1973 4633 3550 4706; baseline -0.004 -15"><span class='ocrx_word' id='word_1_609' title='bbox 1973 4637 2067 4691; x_wconf 88' lang='lat' dir='ltr'><strong>sed</strong></span> <span class='ocrx_word' id='word_1_610' title='bbox 2100 4651 2204 4689; x_wconf 91' lang='lat' dir='ltr'><strong>non</strong></span> <span class='ocrx_word' id='word_1_611' title='bbox 2247 4638 2364 4691; x_wconf 90' lang='lat' dir='ltr'><strong>sine</strong></span> <span class='ocrx_word' id='word_1_612' title='bbox 2403 4638 2635 4706; x_wconf 88' lang='lat' dir='ltr'><strong>probris,</strong></span> <span class='ocrx_word' id='word_1_613' title='bbox 2668 4647 2830 4705; x_wconf 87' lang='lat' dir='ltr'><strong>atque</strong></span> <span class='ocrx_word' id='word_1_614' title='bbox 2859 4636 3169 4689; x_wconf 78' lang='lat' dir='ltr'><strong>calumniis.</strong></span> <span class='ocrx_word' id='word_1_615' title='bbox 3209 4634 3364 4688; x_wconf 85' lang='lat' dir='ltr'><strong>Unde</strong></span> <span class='ocrx_word' id='word_1_616' title='bbox 3391 4633 3550 4687; x_wconf 82' lang='lat' dir='ltr'><strong>colli-</strong></span> 
     </span>
    </p>
   </div>
   <div class='ocr_carea' id='block_1_91' title="bbox 277 4724 1863 4801">
    <p class='ocr_par' dir='ltr' id='par_1_91' title="bbox 277 4724 1863 4801">
     <span class='ocr_line' id='line_1_91' title="bbox 277 4724 1863 4801; baseline -0.003 -20"><span class='ocrx_word' id='word_1_617' title='bbox 277 4730 652 4801; x_wconf 75' lang='grc' dir='ltr'>πρεσϐύτερον</span> <span class='ocrx_word' id='word_1_618' title='bbox 676 4728 767 4780; x_wconf 81' lang='grc' dir='ltr'>τὸν</span> <span class='ocrx_word' id='word_1_619' title='bbox 792 4726 1084 4797; x_wconf 80' lang='grc' dir='ltr'>Αίγεάτην,</span> <span class='ocrx_word' id='word_1_620' title='bbox 1107 4724 1165 4788; x_wconf 79' lang='grc' dir='ltr'>ὃς</span> <span class='ocrx_word' id='word_1_621' title='bbox 1200 4726 1291 4778; x_wconf 68' lang='grc' dir='ltr'><strong>καὶ</strong></span> <span class='ocrx_word' id='word_1_622' title='bbox 1325 4724 1468 4787; x_wconf 84' lang='grc' dir='ltr'>ἰδίως</span> <span class='ocrx_word' id='word_1_623' title='bbox 1494 4725 1567 4786; x_wconf 80' lang='grc' dir='ltr'>ὡς</span> <span class='ocrx_word' id='word_1_624' title='bbox 1590 4726 1863 4794; x_wconf 74' lang='grc' dir='ltr'>αἱρετικὸς</span> 
     </span>
    </p>
   </div>
   <div class='ocr_carea' id='block_1_92' title="bbox 280 4814 1860 4890">
    <p class='ocr_par' dir='ltr' id='par_1_92' title="bbox 280 4814 1860 4890">
     <span class='ocr_line' id='line_1_92' title="bbox 280 4814 1860 4890; baseline -0.004 -16"><span class='ocrx_word' id='word_1_625' title='bbox 280 4821 423 4874; x_wconf 76' lang='grc' dir='ltr'><strong>γατὰ</strong></span> <span class='ocrx_word' id='word_1_626' title='bbox 451 4821 550 4890; x_wconf 82' lang='grc' dir='ltr'>τῆς</span> <span class='ocrx_word' id='word_1_627' title='bbox 601 4822 658 4872; x_wconf 79' lang='grc' dir='ltr'>ἐν</span> <span class='ocrx_word' id='word_1_628' title='bbox 713 4815 1021 4888; x_wconf 83' lang='grc' dir='ltr'>Καλχηδόνι</span> <span class='ocrx_word' id='word_1_629' title='bbox 1072 4816 1288 4868; x_wconf 81' lang='grc' dir='ltr'>συνόδου</span> <span class='ocrx_word' id='word_1_630' title='bbox 1325 4814 1528 4883; x_wconf 73' lang='grc' dir='ltr'>βιϐλίον</span> <span class='ocrx_word' id='word_1_631' title='bbox 1584 4814 1860 4882; x_wconf 81' lang='grc' dir='ltr'>συνέταξε.</span> 
     </span>
    </p>
   </div>
   <div class='ocr_carea' id='block_1_93' title="bbox 278 4905 1861 4981">
    <p class='ocr_par' dir='ltr' id='par_1_93' title="bbox 278 4905 1861 4981">
     <span class='ocr_line' id='line_1_93' title="bbox 278 4905 1861 4981; baseline -0.003 -18"><span class='ocrx_word' id='word_1_632' title='bbox 278 4910 393 4980; x_wconf 77' lang='grc' dir='ltr'><strong>Τῆς</strong></span> <span class='ocrx_word' id='word_1_633' title='bbox 419 4910 684 4981; x_wconf 81' lang='grc' dir='ltr'>μέντοιγε</span> <span class='ocrx_word' id='word_1_634' title='bbox 720 4909 957 4981; x_wconf 86' lang='grc' dir='ltr'>ἱστορίας</span> <span class='ocrx_word' id='word_1_635' title='bbox 986 4905 1152 4960; x_wconf 77' lang='grc' dir='ltr'>αὑτοῦ</span> <span class='ocrx_word' id='word_1_636' title='bbox 1178 4905 1308 4959; x_wconf 80' lang='grc' dir='ltr'>δέκα</span> <span class='ocrx_word' id='word_1_637' title='bbox 1326 4906 1653 4975; x_wconf 82' lang='grc' dir='ltr'>τυγχάνουσι</span> <span class='ocrx_word' id='word_1_638' title='bbox 1682 4906 1861 4975; x_wconf 81' lang='grc' dir='ltr'>τόμοι,</span> 
     </span>
    </p>
   </div>
   <div class='ocr_carea' id='block_1_94' title="bbox 1973 4724 3546 4800">
    <p class='ocr_par' dir='ltr' id='par_1_94' title="bbox 1973 4724 3546 4800">
     <span class='ocr_line' id='line_1_94' title="bbox 1973 4724 3546 4800; baseline -0.002 -19"><span class='ocrx_word' id='word_1_639' title='bbox 1973 4742 2099 4798; x_wconf 79' lang='lat' dir='ltr'><strong>gere</strong></span> <span class='ocrx_word' id='word_1_640' title='bbox 2156 4729 2312 4783; x_wconf 89' lang='lat' dir='ltr'><strong>liceat</strong></span> <span class='ocrx_word' id='word_1_641' title='bbox 2364 4728 2624 4783; x_wconf 86' lang='lat' dir='ltr'><strong>Joannem</strong></span> <span class='ocrx_word' id='word_1_642' title='bbox 2674 4730 3048 4800; x_wconf 83' lang='lat' dir='ltr'><strong>presbyterum</strong></span> <span class='ocrx_word' id='word_1_643' title='bbox 3095 4726 3377 4793; x_wconf 63' lang='lat' dir='ltr'><strong>{Egeatem</strong></span> <span class='ocrx_word' id='word_1_644' title='bbox 3425 4724 3546 4779; x_wconf 87' lang='lat' dir='ltr'><strong>libri</strong></span> 
     </span>
    </p>
   </div>
   <div class='ocr_carea' id='block_1_95' title="bbox 1972 4816 3550 4888">
    <p class='ocr_par' dir='ltr' id='par_1_95' title="bbox 1972 4816 3550 4888">
     <span class='ocr_line' id='line_1_95' title="bbox 1972 4816 3550 4888; baseline -0.003 -15"><span class='ocrx_word' id='word_1_645' title='bbox 1972 4829 2251 4873; x_wconf 88' lang='lat' dir='ltr'><strong>auctorem</strong></span> <span class='ocrx_word' id='word_1_646' title='bbox 2295 4834 2438 4883; x_wconf 90' lang='lat' dir='ltr'><strong>esse,</strong></span> <span class='ocrx_word' id='word_1_647' title='bbox 2489 4820 2603 4886; x_wconf 88' lang='lat' dir='ltr'><strong>qui,</strong></span> <span class='ocrx_word' id='word_1_648' title='bbox 2644 4822 2718 4872; x_wconf 93' lang='lat' dir='ltr'><strong>uti</strong></span> <span class='ocrx_word' id='word_1_649' title='bbox 2776 4820 3064 4871; x_wconf 78' lang='lat' dir='ltr'><strong>haereticus</strong></span> <span class='ocrx_word' id='word_1_650' title='bbox 3108 4817 3242 4888; x_wconf 87' lang='lat'><strong>(66),</strong></span> <span class='ocrx_word' id='word_1_651' title='bbox 3282 4816 3550 4888; x_wconf 88' lang='lat' dir='ltr'><strong>peculiare</strong></span> 
     </span>
    </p>
   </div>
   <div class='ocr_carea' id='block_1_96' title="bbox 1973 4910 3546 4982">
    <p class='ocr_par' dir='ltr' id='par_1_96' title="bbox 1973 4910 3546 4982">
     <span class='ocr_line' id='line_1_96' title="bbox 1973 4910 3546 4982; baseline 0 -17"><span class='ocrx_word' id='word_1_652' title='bbox 1973 4912 2233 4965; x_wconf 87' lang='lat' dir='ltr'><strong>adversus</strong></span> <span class='ocrx_word' id='word_1_653' title='bbox 2256 4910 2757 4965; x_wconf 86' lang='lat' dir='ltr'><strong>Chalcedonensem</strong></span> <span class='ocrx_word' id='word_1_654' title='bbox 2786 4911 3046 4981; x_wconf 88' lang='lat' dir='ltr'><strong>synodum</strong></span> <span class='ocrx_word' id='word_1_655' title='bbox 3071 4926 3205 4982; x_wconf 90' lang='lat' dir='ltr'><strong>opus</strong></span> <span class='ocrx_word' id='word_1_656' title='bbox 3226 4910 3546 4979; x_wconf 88' lang='lat' dir='ltr'><strong>composuit.</strong></span> 
     </span>
    </p>
   </div>
   <div class='ocr_carea' id='block_1_97' title="bbox 1467 5015 2258 5081">
    <p class='ocr_par' dir='ltr' id='par_1_97' title="bbox 1467 5015 2258 5081">
     <span class='ocr_line' id='line_1_97' title="bbox 1467 5015 2258 5081; baseline 0.016 -16"><span class='ocrx_word' id='word_1_657' title='bbox 1467 5077 1470 5081; x_wconf 19' lang='grc' dir='ltr'><strong>ε</strong></span> <span class='ocrx_word' id='word_1_658' title='bbox 1590 5015 1826 5073; x_wconf 66' lang='lat' dir='ltr'><strong>VARIE</strong></span> <span class='ocrx_word' id='word_1_659' title='bbox 1854 5018 2258 5078; x_wconf 72' lang='lat' dir='ltr'><strong>LECTIONES.</strong></span> 
     </span>
    </p>
   </div>
   <div class='ocr_carea' id='block_1_98' title="bbox 353 5108 2562 5185">
    <p class='ocr_par' dir='ltr' id='par_1_98' title="bbox 353 5108 2562 5185">
     <span class='ocr_line' id='line_1_98' title="bbox 353 5108 2562 5185; baseline 0.001 -17"><span class='ocrx_word' id='word_1_660' title='bbox 353 5121 373 5146; x_wconf 81' lang='grc'><strong>’⁵</strong></span> <span class='ocrx_word' id='word_1_661' title='bbox 396 5113 735 5185; x_wconf 84' lang='grc' dir='ltr'>κακουργίαν</span> <span class='ocrx_word' id='word_1_662' title='bbox 772 5133 833 5180; x_wconf 81' lang='grc' dir='ltr'><strong>ς.</strong></span> <span class='ocrx_word' id='word_1_663' title='bbox 910 5113 930 5144; x_wconf 85' lang='grc'>³</span> <span class='ocrx_word' id='word_1_664' title='bbox 960 5108 1340 5165; x_wconf 81' lang='grc' dir='ltr'>Κωνσταντίου</span> <span class='ocrx_word' id='word_1_665' title='bbox 1373 5108 1654 5164; x_wconf 85' lang='lat' dir='ltr'><strong>Schottus.</strong></span> <span class='ocrx_word' id='word_1_666' title='bbox 1714 5111 1736 5141; x_wconf 69' lang='grc'><strong>⁸</strong></span> <span class='ocrx_word' id='word_1_667' title='bbox 1773 5113 2079 5185; x_wconf 83' lang='grc' dir='ltr'>Χαλκηδόνι</span> <span class='ocrx_word' id='word_1_668' title='bbox 2106 5136 2165 5182; x_wconf 81' lang='grc' dir='ltr'><strong>ς.</strong></span> <span class='ocrx_word' id='word_1_669' title='bbox 2211 5118 2289 5173; x_wconf 87' lang='lat' dir='ltr'><strong>sic</strong></span> <span class='ocrx_word' id='word_1_670' title='bbox 2312 5128 2367 5172; x_wconf 89' lang='lat' dir='ltr'><strong>et</strong></span> <span class='ocrx_word' id='word_1_671' title='bbox 2403 5117 2562 5172; x_wconf 83' lang='lat' dir='ltr'><strong>infra.</strong></span> 
     </span>
    </p>
   </div>
   <div class='ocr_carea' id='block_1_99' title="bbox 1837 5204 2069 5263">
    <p class='ocr_par' dir='ltr' id='par_1_99' title="bbox 1837 5204 2069 5263">
     <span class='ocr_line' id='line_1_99' title="bbox 1837 5204 2069 5263; baseline 0.009 -5"><span class='ocrx_word' id='word_1_672' title='bbox 1837 5204 2069 5263; x_wconf 61' lang='lat' dir='ltr'><strong>NOTAE.</strong></span> 
     </span>
    </p>
   </div>
   <div class='ocr_carea' id='block_1_100' title="bbox 355 5294 3547 5377">
    <p class='ocr_par' dir='ltr' id='par_1_100' title="bbox 355 5294 3547 5377">
     <span class='ocr_line' id='line_1_100' title="bbox 355 5294 3547 5377; baseline -0.001 -12"><span class='ocrx_word' id='word_1_673' title='bbox 355 5298 605 5377; x_wconf 47' lang='lat' dir='ltr'><strong>(61)“per</strong></span> <span class='ocrx_word' id='word_1_674' title='bbox 628 5296 1004 5377; x_wconf 65' lang='grc' dir='ltr'>ἀκροσῖξχίδα,</span> <span class='ocrx_word' id='word_1_675' title='bbox 1031 5294 1504 5377; x_wconf 52' lang='grc' dir='ltr'><strong>υῑ,,1ἶξξ¹¹¹ξῙ¹]ἓ¹,¹ζ¹,¹,¹Ῑ¹</strong></span> <span class='ocrx_word' id='word_1_676' title='bbox 1548 5310 1870 5377; x_wconf 53' lang='lat' dir='ltr'><strong>argumenta</strong></span> <span class='ocrx_word' id='word_1_677' title='bbox 1972 5307 2321 5377; x_wconf 78' lang='lat' dir='ltr'><strong>Philostorgii</strong></span> <span class='ocrx_word' id='word_1_678' title='bbox 2371 5306 2530 5375; x_wconf 85' lang='lat' dir='ltr'><strong>hujus</strong></span> <span class='ocrx_word' id='word_1_679' title='bbox 2577 5308 3079 5377; x_wconf 84' lang='grc' dir='ltr'>ἀποσπασμμάτιον</span> <span class='ocrx_word' id='word_1_680' title='bbox 3121 5311 3263 5376; x_wconf 87' lang='lat' dir='ltr'><strong>apud</strong></span> <span class='ocrx_word' id='word_1_681' title='bbox 3308 5309 3461 5365; x_wconf 88' lang='lat' dir='ltr'><strong>Suid.</strong></span> <span class='ocrx_word' id='word_1_682' title='bbox 3493 5312 3547 5364; x_wconf 90' lang='lat' dir='ltr'><strong>iu</strong></span> 
     </span>
    </p>
   </div>
   <div class='ocr_carea' id='block_1_101' title="bbox 284 5364 1867 5437">
    <p class='ocr_par' dir='ltr' id='par_1_101' title="bbox 284 5364 1867 5437">
     <span class='ocr_line' id='line_1_101' title="bbox 284 5364 1867 5437; baseline 0.001 -12"><span class='ocrx_word' id='word_1_683' title='bbox 284 5364 782 5430; x_wconf 55' lang='lat' dir='ltr'><strong>coutuédiarum,&#39;et</strong></span> <span class='ocrx_word' id='word_1_684' title='bbox 814 5364 1286 5437; x_wconf 12' lang='lat' dir='ltr'><strong>Niceph.’tlallisti</strong></span> <span class='ocrx_word' id='word_1_685' title='bbox 1324 5364 1511 5430; x_wconf 79' lang='lat' dir='ltr'><strong>XVIII,</strong></span> <span class='ocrx_word' id='word_1_686' title='bbox 1547 5364 1689 5422; x_wconf 73' lang='lat' dir='ltr'><strong>Hist.</strong></span> <span class='ocrx_word' id='word_1_687' title='bbox 1721 5370 1867 5437; x_wconf 88' lang='lat' dir='ltr'><strong>libri,</strong></span> 
     </span>
    </p>
   </div>
   <div class='ocr_carea' id='block_1_102' title="bbox 287 5436 1254 5510">
    <p class='ocr_par' dir='ltr' id='par_1_102' title="bbox 287 5436 1254 5510">
     <span class='ocr_line' id='line_1_102' title="bbox 287 5436 1254 5510; baseline -0.006 -16"><span class='ocrx_word' id='word_1_688' title='bbox 287 5447 579 5510; x_wconf 71' lang='lat' dir='ltr'><strong>capitaque</strong></span> <span class='ocrx_word' id='word_1_689' title='bbox 610 5438 800 5510; x_wconf 69' lang='lat' dir='ltr'><strong>Ethica</strong></span> <span class='ocrx_word' id='word_1_690' title='bbox 833 5438 1015 5510; x_wconf 81' lang='lat' dir='ltr'><strong>Basilii</strong></span> <span class='ocrx_word' id='word_1_691' title='bbox 1048 5436 1254 5510; x_wconf 75' lang='lat' dir='ltr'><strong>Maced.</strong></span> 
     </span>
    </p>
   </div>
   <div class='ocr_carea' id='block_1_103' title="bbox 290 5504 1863 5634">
    <p class='ocr_par' dir='ltr' id='par_1_103' title="bbox 290 5504 1863 5634">
     <span class='ocr_line' id='line_1_103' title="bbox 290 5504 1863 5634; baseline 0.002 -70"><span class='ocrx_word' id='word_1_692' title='bbox 290 5504 472 5634; x_wconf 54' lang='lat' dir='ltr'><strong>rl162)</strong></span> <span class='ocrx_word' id='word_1_693' title='bbox 492 5504 976 5632; x_wconf 35' lang='lat' dir='ltr'><strong>&#39;Lege7OIympiod.</strong></span> <span class='ocrx_word' id='word_1_694' title='bbox 1001 5507 1096 5561; x_wconf 87' lang='lat' dir='ltr'><strong>iul.</strong></span> <span class='ocrx_word' id='word_1_695' title='bbox 1122 5509 1243 5561; x_wconf 86' lang='lat' dir='ltr'><strong>cod.</strong></span> <span class='ocrx_word' id='word_1_696' title='bbox 1264 5506 1333 5562; x_wconf 87' lang='lat'><strong>80</strong></span> <span class='ocrx_word' id='word_1_697' title='bbox 1358 5505 1411 5560; x_wconf 89' lang='lat' dir='ltr'><strong>itt</strong></span> <span class='ocrx_word' id='word_1_698' title='bbox 1440 5504 1545 5561; x_wconf 78' lang='lat' dir='ltr'><strong>fine</strong></span> <span class='ocrx_word' id='word_1_699' title='bbox 1566 5517 1619 5562; x_wconf 88' lang='lat' dir='ltr'><strong>et</strong></span> <span class='ocrx_word' id='word_1_700' title='bbox 1640 5506 1863 5581; x_wconf 87' lang='lat' dir='ltr'><strong>Niceph.</strong></span> 
     </span>
     <span class='ocr_line' id='line_1_104' title="bbox 312 5595 705 5634; baseline -0.008 0"><span class='ocrx_word' id='word_1_701' title='bbox 312 5599 384 5634; x_wconf 77' lang='grc' dir='ltr'><strong>ιι.</strong></span> <span class='ocrx_word' id='word_1_702' title='bbox 425 5595 538 5634; x_wconf 78' lang='lat' dir='ltr'><strong>xw.</strong></span> <span class='ocrx_word' id='word_1_703' title='bbox 568 5595 619 5633; x_wconf 88' lang='lat' dir='ltr'><strong>c.</strong></span> <span class='ocrx_word' id='word_1_704' title='bbox 692 5618 705 5632; x_wconf 92' lang='lat'><strong>.</strong></span> 
     </span>
    </p>
   </div>
   <div class='ocr_carea' id='block_1_104' title="bbox 311 5582 705 5643">
    <p class='ocr_par' dir='ltr' id='par_1_104' title="bbox 311 5582 705 5643">
     <span class='ocr_line' id='line_1_105' title="bbox 311 5582 705 5643; baseline -0.005 -9"><span class='ocrx_word' id='word_1_705' title='bbox 311 5582 384 5635; x_wconf 88' lang='lat' dir='ltr'><strong>ib.</strong></span> <span class='ocrx_word' id='word_1_706' title='bbox 425 5595 538 5643; x_wconf 74' lang='lat' dir='ltr'><strong>XIV,</strong></span> <span class='ocrx_word' id='word_1_707' title='bbox 568 5595 619 5633; x_wconf 89' lang='lat' dir='ltr'><strong>c.</strong></span> <span class='ocrx_word' id='word_1_708' title='bbox 652 5582 705 5632; x_wconf 87' lang='lat'><strong>7.</strong></span> 
     </span>
    </p>
   </div>
   <div class='ocr_carea' id='block_1_105' title="bbox 356 5648 1867 5721">
    <p class='ocr_par' dir='ltr' id='par_1_105' title="bbox 356 5648 1867 5721">
     <span class='ocr_line' id='line_1_106' title="bbox 356 5648 1867 5721; baseline -0.002 -17"><span class='ocrx_word' id='word_1_709' title='bbox 356 5652 470 5721; x_wconf 78' lang='lat'><strong>(63)</strong></span> <span class='ocrx_word' id='word_1_710' title='bbox 503 5648 803 5705; x_wconf 75' lang='lat' dir='ltr'><strong>Constantii</strong></span> <span class='ocrx_word' id='word_1_711' title='bbox 836 5663 902 5703; x_wconf 82' lang='lat' dir='ltr'><strong>ex</strong></span> <span class='ocrx_word' id='word_1_712' title='bbox 954 5648 1335 5721; x_wconf 87' lang='lat' dir='ltr'><strong>historicorum</strong></span> <span class='ocrx_word' id='word_1_713' title='bbox 1393 5655 1709 5721; x_wconf 59' lang='lat' dir='ltr'><strong>calet-orum</strong></span> <span class='ocrx_word' id='word_1_714' title='bbox 1762 5651 1867 5707; x_wconf 75' lang='lat' dir='ltr'><strong>ﬁde</strong></span> 
     </span>
    </p>
   </div>
   <div class='ocr_carea' id='block_1_106' title="bbox 290 5717 1868 5790">
    <p class='ocr_par' dir='ltr' id='par_1_106' title="bbox 290 5717 1868 5790">
     <span class='ocr_line' id='line_1_107' title="bbox 290 5717 1868 5790; baseline 0.003 -16"><span class='ocrx_word' id='word_1_715' title='bbox 290 5717 467 5790; x_wconf 61' lang='lat' dir='ltr'><strong>leges;</strong></span> <span class='ocrx_word' id='word_1_716' title='bbox 519 5721 879 5788; x_wconf 75' lang='lat' dir='ltr'><strong>cumdemque</strong></span> <span class='ocrx_word' id='word_1_717' title='bbox 932 5734 1176 5774; x_wconf 86' lang='lat' dir='ltr'><strong>errorem</strong></span> <span class='ocrx_word' id='word_1_718' title='bbox 1241 5719 1405 5774; x_wconf 88' lang='lat' dir='ltr'><strong>etiam</strong></span> <span class='ocrx_word' id='word_1_719' title='bbox 1465 5717 1591 5772; x_wconf 88' lang='lat' dir='ltr'><strong>alibi</strong></span> <span class='ocrx_word' id='word_1_720' title='bbox 1651 5720 1704 5773; x_wconf 92' lang='lat' dir='ltr'><strong>iu</strong></span> <span class='ocrx_word' id='word_1_721' title='bbox 1767 5724 1868 5778; x_wconf 88' lang='lat' dir='ltr'><strong>hoc</strong></span> 
     </span>
    </p>
   </div>
   <div class='ocr_carea' id='block_1_107' title="bbox 291 5790 770 5858">
    <p class='ocr_par' dir='ltr' id='par_1_107' title="bbox 291 5790 770 5858">
     <span class='ocr_line' id='line_1_108' title="bbox 291 5790 770 5858; baseline -0.013 -11"><span class='ocrx_word' id='word_1_722' title='bbox 291 5792 482 5847; x_wconf 84' lang='lat' dir='ltr'><strong>l’hntio</strong></span> <span class='ocrx_word' id='word_1_723' title='bbox 511 5790 770 5858; x_wconf 82' lang='lat' dir='ltr'><strong>corriges.</strong></span> 
     </span>
    </p>
   </div>
   <div class='ocr_carea' id='block_1_108' title="bbox 358 5858 1863 5931">
    <p class='ocr_par' dir='ltr' id='par_1_108' title="bbox 358 5858 1863 5931">
     <span class='ocr_line' id='line_1_109' title="bbox 358 5858 1863 5931; baseline 0.005 -22"><span class='ocrx_word' id='word_1_724' title='bbox 358 5862 471 5931; x_wconf 68' lang='grc'>(66)</span> <span class='ocrx_word' id='word_1_725' title='bbox 505 5860 649 5926; x_wconf 79' lang='lat' dir='ltr'><strong>Lege</strong></span> <span class='ocrx_word' id='word_1_726' title='bbox 704 5862 771 5912; x_wconf 90' lang='lat' dir='ltr'><strong>de</strong></span> <span class='ocrx_word' id='word_1_727' title='bbox 833 5858 954 5924; x_wconf 81' lang='lat' dir='ltr'><strong>his,</strong></span> <span class='ocrx_word' id='word_1_728' title='bbox 1009 5869 1064 5912; x_wconf 87' lang='lat' dir='ltr'><strong>et</strong></span> <span class='ocrx_word' id='word_1_729' title='bbox 1121 5858 1457 5928; x_wconf 80' lang='lat' dir='ltr'><strong>Apollinario</strong></span> <span class='ocrx_word' id='word_1_730' title='bbox 1509 5861 1863 5928; x_wconf 77' lang='lat' dir='ltr'><strong>Laodicensi,</strong></span> 
     </span>
    </p>
   </div>
   <div class='ocr_carea' id='block_1_109' title="bbox 536 5952 1156 6014">
    <p class='ocr_par' dir='ltr' id='par_1_109' title="bbox 536 5952 1156 6014">
     <span class='ocr_line' id='line_1_110' title="bbox 536 5952 1156 6014; baseline 0.002 -1"><span class='ocrx_word' id='word_1_731' title='bbox 536 5953 809 6014; x_wconf 64' lang='grc' dir='ltr'>Ρλτιλοι..</span> <span class='ocrx_word' id='word_1_732' title='bbox 843 5953 957 6014; x_wconf 73' lang='lat' dir='ltr'><strong>Gn.</strong></span> <span class='ocrx_word' id='word_1_733' title='bbox 993 5952 1156 6014; x_wconf 84' lang='lat' dir='ltr'><strong>Clll.</strong></span> 
     </span>
    </p>
   </div>
   <div class='ocr_carea' id='block_1_110' title="bbox 1975 5378 3549 5461">
    <p class='ocr_par' dir='ltr' id='par_1_110' title="bbox 1975 5378 3549 5461">
     <span class='ocr_line' id='line_1_111' title="bbox 1975 5378 3549 5461; baseline 0.003 -31"><span class='ocrx_word' id='word_1_734' title='bbox 1975 5379 2176 5461; x_wconf 52' lang='lat' dir='ltr'><strong>gasilio</strong></span> <span class='ocrx_word' id='word_1_735' title='bbox 2203 5378 2330 5447; x_wconf 92' lang='lat' dir='ltr'><strong>quid</strong></span> <span class='ocrx_word' id='word_1_736' title='bbox 2360 5379 2425 5431; x_wconf 87' lang='lat' dir='ltr'><strong>ad</strong></span> <span class='ocrx_word' id='word_1_737' title='bbox 2453 5380 2672 5431; x_wconf 87' lang='lat' dir='ltr'><strong>verbum</strong></span> <span class='ocrx_word' id='word_1_738' title='bbox 2710 5380 2950 5445; x_wconf 83' lang='lat' dir='ltr'><strong>reperies</strong></span> <span class='ocrx_word' id='word_1_739' title='bbox 2982 5379 3265 5449; x_wconf 87' lang='lat' dir='ltr'><strong>repetitum</strong></span> <span class='ocrx_word' id='word_1_740' title='bbox 3306 5381 3357 5434; x_wconf 91' lang='lat' dir='ltr'><strong>in</strong></span> <span class='ocrx_word' id='word_1_741' title='bbox 3390 5383 3549 5453; x_wconf 84' lang='lat' dir='ltr'><strong>Apol-</strong></span> 
     </span>
    </p>
   </div>
   <div class='ocr_carea' id='block_1_111' title="bbox 1971 5450 3555 5590">
    <p class='ocr_par' dir='ltr' id='par_1_111' title="bbox 1971 5450 3555 5590">
     <span class='ocr_line' id='line_1_112' title="bbox 1971 5450 3555 5590; baseline 0.002 -20"><span class='ocrx_word' id='word_1_742' title='bbox 1971 5450 2298 5590; x_wconf 44' lang='lat' dir='ltr'><strong>hnairz‘liybui</strong></span> <span class='ocrx_word' id='word_1_743' title='bbox 2328 5526 2381 5573; x_wconf 91' lang='lat' dir='ltr'><strong>et</strong></span> <span class='ocrx_word' id='word_1_744' title='bbox 2409 5514 2711 5590; x_wconf 67' lang='lat' dir='ltr'><strong>Qnaphrus,</strong></span> <span class='ocrx_word' id='word_1_745' title='bbox 2736 5533 2830 5571; x_wconf 83' lang='lat' dir='ltr'><strong>seu</strong></span> <span class='ocrx_word' id='word_1_746' title='bbox 2864 5516 3023 5574; x_wconf 85' lang='lat' dir='ltr'><strong>Fullo</strong></span> <span class='ocrx_word' id='word_1_747' title='bbox 3052 5520 3232 5574; x_wconf 85' lang='lat' dir='ltr'><strong>dictus</strong></span> <span class='ocrx_word' id='word_1_748' title='bbox 3266 5538 3281 5575; x_wconf 89' lang='lat'><strong>:</strong></span> <span class='ocrx_word' id='word_1_749' title='bbox 3318 5522 3555 5589; x_wconf 78' lang='lat' dir='ltr'><strong>itemque</strong></span> 
     </span>
    </p>
   </div>
   <div class='ocr_carea' id='block_1_112' title="bbox 1969 5587 3552 5719">
    <p class='ocr_par' dir='ltr' id='par_1_112' title="bbox 1969 5587 3552 5719">
     <span class='ocr_line' id='line_1_113' title="bbox 1969 5587 3551 5659; baseline 0.003 -18"><span class='ocrx_word' id='word_1_750' title='bbox 1969 5587 2186 5657; x_wconf 74' lang='lat' dir='ltr'><strong>impius,</strong></span> <span class='ocrx_word' id='word_1_751' title='bbox 2234 5590 2373 5654; x_wconf 82' lang='lat' dir='ltr'><strong>apud</strong></span> <span class='ocrx_word' id='word_1_752' title='bbox 2413 5587 2712 5642; x_wconf 82' lang='lat' dir='ltr'><strong>Candidum</strong></span> <span class='ocrx_word' id='word_1_753' title='bbox 2775 5590 3115 5651; x_wconf 85' lang='lat' dir='ltr'><strong>historicum,</strong></span> <span class='ocrx_word' id='word_1_754' title='bbox 3167 5593 3266 5648; x_wconf 86' lang='lat' dir='ltr'><strong>iul&#39;.</strong></span> <span class='ocrx_word' id='word_1_755' title='bbox 3318 5607 3370 5659; x_wconf 87' lang='lat' dir='ltr'><strong>p.</strong></span> <span class='ocrx_word' id='word_1_756' title='bbox 3427 5587 3551 5650; x_wconf 72' lang='lat'><strong>105.</strong></span> 
     </span>
     <span class='ocr_line' id='line_1_114' title="bbox 1973 5657 3552 5719; baseline -0.001 -5"><span class='ocrx_word' id='word_1_757' title='bbox 1973 5660 2224 5714; x_wconf 80' lang='lat' dir='ltr'><strong>diversus</strong></span> <span class='ocrx_word' id='word_1_758' title='bbox 2271 5661 2337 5712; x_wconf 85' lang='lat' dir='ltr'><strong>ab</strong></span> <span class='ocrx_word' id='word_1_759' title='bbox 2383 5659 2475 5712; x_wconf 89' lang='lat' dir='ltr'><strong>illo</strong></span> <span class='ocrx_word' id='word_1_760' title='bbox 2523 5657 2716 5719; x_wconf 81' lang='lat' dir='ltr'><strong>Motth</strong></span> <span class='ocrx_word' id='word_1_761' title='bbox 2765 5658 3150 5716; x_wconf 70' lang='lat' dir='ltr'><strong>Alexandrina:</strong></span> <span class='ocrx_word' id='word_1_762' title='bbox 3176 5662 3386 5719; x_wconf 83' lang='lat' dir='ltr'><strong>Eccles.</strong></span> <span class='ocrx_word' id='word_1_763' title='bbox 3431 5679 3552 5719; x_wconf 81' lang='lat' dir='ltr'><strong>uer-</strong></span> 
     </span>
    </p>
   </div>
   <div class='ocr_carea' id='block_1_113' title="bbox 1975 5675 3463 5800">
    <p class='ocr_par' dir='ltr' id='par_1_113' title="bbox 1975 5675 3463 5800">
     <span class='ocr_line' id='line_1_115' title="bbox 1975 5675 3463 5732; baseline 0.001 -18"><span class='ocrx_word' id='word_1_764' title='bbox 1975 5675 2224 5714; x_wconf 80' lang='lat' dir='ltr'><strong>otversus</strong></span> <span class='ocrx_word' id='word_1_765' title='bbox 2271 5675 2337 5712; x_wconf 82' lang='lat' dir='ltr'><strong>at)</strong></span> <span class='ocrx_word' id='word_1_766' title='bbox 2383 5675 2475 5712; x_wconf 88' lang='lat' dir='ltr'><strong>ttto</strong></span> <span class='ocrx_word' id='word_1_767' title='bbox 2523 5675 2716 5727; x_wconf 76' lang='lat' dir='ltr'><strong>MllIIgO</strong></span> <span class='ocrx_word' id='word_1_768' title='bbox 2765 5675 3150 5716; x_wconf 65' lang='lat' dir='ltr'><strong>Alexandrinae</strong></span> <span class='ocrx_word' id='word_1_769' title='bbox 3176 5675 3386 5719; x_wconf 66' lang='lat' dir='ltr'><strong>nectes.</strong></span> <span class='ocrx_word' id='word_1_770' title='bbox 3429 5679 3463 5732; x_wconf 83' lang='lat' dir='ltr'><strong>p</strong></span> 
     </span>
     <span class='ocr_line' id='line_1_116' title="bbox 1975 5729 3129 5800; baseline 0.003 -16"><span class='ocrx_word' id='word_1_771' title='bbox 1975 5733 2276 5800; x_wconf 74' lang='lat' dir='ltr'><strong>turhzitore,</strong></span> <span class='ocrx_word' id='word_1_772' title='bbox 2302 5730 2366 5782; x_wconf 89' lang='lat' dir='ltr'><strong>de</strong></span> <span class='ocrx_word' id='word_1_773' title='bbox 2393 5729 2587 5800; x_wconf 86' lang='lat' dir='ltr'><strong>quoad</strong></span> <span class='ocrx_word' id='word_1_774' title='bbox 2619 5743 2736 5800; x_wconf 70' lang='lat' dir='ltr'><strong>seq.</strong></span> <span class='ocrx_word' id='word_1_775' title='bbox 2765 5731 2874 5800; x_wconf 74' lang='lat' dir='ltr'><strong>vid.</strong></span> <span class='ocrx_word' id='word_1_776' title='bbox 2901 5729 3129 5800; x_wconf 77' lang='lat' dir='ltr'><strong>Niceph.</strong></span> 
     </span>
    </p>
   </div>
   <div class='ocr_carea' id='block_1_114' title="bbox 2048 5798 2811 5871">
    <p class='ocr_par' dir='ltr' id='par_1_114' title="bbox 2048 5798 2811 5871">
     <span class='ocr_line' id='line_1_117' title="bbox 2048 5798 2811 5871; baseline -0.003 -18"><span class='ocrx_word' id='word_1_777' title='bbox 2048 5799 2160 5871; x_wconf 82' lang='lat'><strong>(66)</strong></span> <span class='ocrx_word' id='word_1_778' title='bbox 2198 5800 2269 5854; x_wconf 90' lang='lat' dir='ltr'><strong>De</strong></span> <span class='ocrx_word' id='word_1_779' title='bbox 2297 5814 2403 5869; x_wconf 82' lang='lat' dir='ltr'><strong>quo</strong></span> <span class='ocrx_word' id='word_1_780' title='bbox 2435 5798 2529 5853; x_wconf 70' lang='lat' dir='ltr'><strong>ini.</strong></span> <span class='ocrx_word' id='word_1_781' title='bbox 2562 5799 2686 5853; x_wconf 81' lang='lat' dir='ltr'><strong>cod:</strong></span> <span class='ocrx_word' id='word_1_782' title='bbox 2722 5798 2811 5853; x_wconf 77' lang='lat'><strong>55.</strong></span> 
     </span>
    </p>
   </div>
   <div class='ocr_carea' id='block_1_115' title="bbox 3205 5954 3244 6013">
    <p class='ocr_par' dir='ltr' id='par_1_115' title="bbox 3205 5954 3244 6013">
     <span class='ocr_line' id='line_1_118' title="bbox 3205 5954 3244 6013; baseline 0 0"><span class='ocrx_word' id='word_1_783' title='bbox 3205 5954 3244 6013; x_wconf 88' lang='lat'><strong><em>3</em></strong></span> 
     </span>
    </p>
   </div>
  </div>
