4146 6434
611 414 647 474 7
650 410 682 474 5
1778 407 2045 468 ΡΠΟΤΙῘ
2083 405 2186 467 ΡΑ¹

2291 405 2591 466 [ARCH/E
2629 404 2741 466 ΟΡ.
3804 393 3880 457 76

610 524 779 592 llujus
821 521 1064 579 historias
1111 500 1464 576 libri‘decem
1499 533 1646 588 sunt,
1675 529 1735 575 ut
1767 523 1856 576 ille
1892 524 2004 591 ipse
2034 523 2186 593 polli-

2289 522 2362 583 ὼς
2396 522 2488 572 καὶ
2522 518 2687 580 αὐτὸς
2736 516 2944 577 ἐκεῖνος
2991 502 3523 583 ἐπαγγέλλεταιῖον
3567 505 3700 577 ἡμῖν
3752 504 3885 561 τοὺς

608 628 784 682 cetur,
820 629 1049 683 quorum
1097 614 1338 684 quinque
1381 614 1643 668 duntaxat
1686 614 1864 684 legere
1888 614 2017 668 mihi
2051 628 2183 667 con-

606 705 748 775 tigit,
790 704 1073 758 historiam
1119 701 1463 757 continentes
1510 702 1589 771 (ut
1618 701 1731 772 jam
1766 700 1901 772 dixi)
1928 716 1958 755 a
1989 699 2184 756 Nesto-

605 798 671 851 rii
701 795 1058 864 blasphemia,
1084 810 1254 864 usque
1295 796 1361 850 ad
1395 793 1538 849 Petri
1583 794 1820 849 haeretici
1854 809 1886 849 e
1927 796 2059 848 sede
2093 794 2180 846 de-

602 889 916 961 jectionem.

1308 974 1467 1030 XLII.

711 1066 905 1121 Basilii
934 1066 1119 1123 Cilicis
1151 1065 1541 1124 Ecclesiasticte
1573 1066 1807 1122 historia:
1832 1064 1955 1119 libri
1992 1078 2076 1120 Ill.

682 1159 848 1215 Lecta
871 1172 956 1215 est
976 1160 1161 1214 Basilii
1187 1159 1373 1215 Cilicis
1397 1161 1635 1215 Historia
1664 1160 2015 1215 ecclesiastica
2043 1160 2180 1231 (67).

607 1248 803 1317 Incipit
839 1248 907 1302 ab
948 1248 1166 1302 interitu
1206 1248 1467 1319 Simplicii
1512 1251 1660 1304 urbis
1692 1250 1876 1304 Roma:
1920 1251 2185 1320 episcopi,

607 1340 699 1408 qui
768 1341 834 1393 ad
892 1339 1152 1394 Acacium
1226 1338 1888 1412 Constantinopolitanum
1964 1344 2185 1412 scripsit

608 1447 677 1487 ne
726 1447 848 1487 cum
899 1432 1062 1488 Petro
1115 1435 1206 1504 qui
1264 1434 1487 1505 Mougus
1540 1441 1954 1507 cognominatus
1996 1445 2101 1502 est,
2133 1447 2188 1491 et

608 1534 734 1582 tunc
800 1526 1185 1581 Alexandriam
1248 1529 1667 1599 corrumpebat,
1731 1530 2183 1585 communicaret.

609 1615 711 1672 Hic
757 1618 902 1673 enim
940 1618 1131 1673 Petrus
1170 1628 1411 1674 sanctam
1442 1620 1783 1676 Chalcedone
1826 1621 2061 1676 habitam
2093 1637 2186 1692 sy-

606 1710 808 1763 nodum
839 1710 1055 1778 publice
1084 1720 1251 1780 atque
1288 1712 1340 1765 in
1379 1712 1620 1767 Ecclesia
1654 1714 2003 1769 anathemate
2033 1716 2186 1770 datu-

606 1799 790 1854 nabat.
837 1801 942 1855 Per
982 1817 1143 1869 quem
1194 1813 1247 1856 et
1289 1803 1522 1857 Aeacius
1563 1805 1733 1873 (recte
1772 1805 1990 1874 quidem
2029 1806 2186 1861 initio

603 1901 793 1947 contra
849 1895 1022 1962 ipsum
1079 1898 1379 1965 permotus)
1432 1905 1583 1964 post,
1626 1898 1770 1966 quod
1824 1900 1891 1952 ab
1940 1899 2033 1954 illo
2079 1915 2184 1953 non
2221 1918 2260 1969 Β

607 1984 952 2047 abhorreret,
987 1985 1226 2040 haeretici
1278 1985 1588 2055 opinionem
1640 1988 1782 2056 apud
1835 1989 2033 2044 multos
2079 2005 2184 2045 non

603 2073 811 2146 effugit,
840 2091 868 2128 a
900 2072 1161 2130 Romanis
1194 2091 1324 2131 vero
1363 2077 1525 2131 etiam
1562 2081 1690 2133 sede
1722 2091 1898 2136 motus
1930 2092 2035 2145 est,
2068 2097 2189 2150 qua:

603 2181 692 2220 res
726 2167 825 2220 sub
855 2164 1071 2220 Zenone
1121 2167 1316 2220 iterum
1370 2181 1633 2238 regnante
1681 2172 1883 2239 agitata
1916 2172 2046 2243 (68).
2077 2173 2190 2225 Au-

601 2258 1045 2327 spicaturitaque
1066 2258 1243 2313 abhis
1275 2260 1490 2329 quidem
1512 2263 1867 2330 teutporiltns,
1906 2264 2186 2333 pervenit-

602 2364 708 2417 que
736 2349 802 2403 ad
815 2349 1085 2403 Anastasii
1109 2351 1239 2421 imp.
1256 2366 1560 2417 excessum,
1579 2355 1668 2423 qui
1693 2365 1896 2425 septem
1922 2366 1975 2410 et
1997 2357 2184 2427 viginti

601 2454 793 2505 annos,
827 2456 1146 2512 mensesque
1172 2452 1365 2505 tres,ut
1406 2444 1492 2499 hic
1524 2445 1732 2512 scribit,
1763 2447 2047 2515 imperavit
2089 2464 2189 2502 cu-

594 2533 687 2603 jus
707 2532 987 2603 imperium
1004 2535 1217 2605 excepit
1234 2532 1478 2590 Justinus
1496 2535 1701 2604 Thrax,
1715 2546 1767 2591 ut
1783 2537 1979 2592 ibidem
2000 2538 2184 2596 refert.

607 2628 803 2683 Verum
833 2629 904 2683 ibi
936 2627 1048 2683 fere
1080 2629 1168 2685 hic
1196 2630 1334 2685 liber
1362 2631 1682 2695 absolvitur,
1711 2646 1739 2683 a
1768 2630 1987 2686 Zenone
2017 2646 2187 2700 usque

601 2722 667 2775 ad
702 2721 982 2775 Anastasii
1029 2722 1259 2789 exitum,
1291 2734 1346 2776 et
1384 2722 1581 2778 Justini
1630 2723 1947 2779 electionem
1988 2725 2188 2793 pertin-

600 2826 756 2880 gens.
810 2811 997 2867 llefert
1043 2813 1174 2868 item
1237 2814 1371 2869 alios
1425 2818 1558 2872 duos
1612 2831 1643 2870 a
1698 2831 1757 2871 se
1804 2815 1971 2870 libros
2021 2815 2187 2869 fuisse

600 2907 970 2975 conscriptos.
1004 2906 1236 2976 primunt
1278 2916 1333 2962 et
1384 2909 1646 2963 tertium:
1680 2916 1734 2963 et
1775 2907 1923 2962 illum
1968 2907 2185 2977 quidem

601 2998 669 3050 ab
724 2998 952 3068 imperio
1008 2997 1269 3053 Marciani
1328 2999 1494 3055 ducto
1546 2999 1736 3066 initio,
1794 3000 1861 3053 ad
1910 2998 2184 3053 Zenonem

601 3103 774 3158 usque
808 3089 1056 3157 perduci,
1097 3092 1241 3146 unde
1270 3100 1325 3147 et
1356 3093 1653 3147 secundum
1704 3093 1778 3146 sit
1828 3092 2182 3161 auspicatus;

602 3182 821 3235 tertium
859 3197 987 3236 vero
1034 3184 1193 3253 hujus
1243 3184 1466 3239 alterius
1516 3184 1603 3254 9b
1659 3184 1779 3239 libri
1828 3184 1991 3239 ﬁnem
2038 3183 2186 3239 exci—

602 3288 760 3343 pere,
790 3291 818 3327 a
849 3272 1046 3330 Justini
1082 3276 1414 3345 temporibus
1450 3277 1773 3344 incipiendo.

677 3453 774 3510 Est
819 3454 908 3510 hic
964 3454 1217 3526 scriptor,
1252 3458 1319 3511 ad
1371 3457 1569 3529 stylum
1622 3457 1767 3527 quod
1812 3459 2031 3525 attinet,
2078 3475 2183 3515 non

606 3548 764 3602 valde
826 3558 1135 3615 accuratus,
1184 3552 1277 3605 sed
1326 3560 1381 3604 et
1428 3551 1509 3606 sui
1562 3552 1831 3607 interdum
1886 3552 2183 3609 dissimilis.

602 3641 778 3695 All‘ert
822 3654 1003 3697 autem
1055 3643 1296 3698 maxime
1340 3643 1717 3713 epist-cperunt
1756 3644 1897 3699 ultro
1941 3645 2187 3713 citroque

605 3734 801 3789 missas
847 3734 1127 3804 epistolas,
1160 3751 1267 3806 quo
1315 3736 1616 3790 narrationi
1672 3752 1805 3802 suae,
1848 3735 2183 3801 utatlirmat,

608 3825 765 3880 ﬁdem
809 3826 1068 3880 conciliet
1108 3842 1122 3879 :
1156 3843 1276 3895 quae
1315 3844 1436 3883 cum
1470 3829 1793 3883 immensum
1828 3828 2057 3883 reddant
2089 3842 2184 3883 vo-

605 3916 807 3983 lumen,
843 3920 897 3971 iu
940 3934 1138 3989 magno
1179 3929 1355 3974 tamen
1394 3920 1681 3974 verborum
1717 3934 1911 3974 acervo
1944 3920 2031 3972 vix
2066 3934 2186 3973 mo-

607 4008 785 4062 dicam
844 4007 1077 4063 aﬂ‘eruut
1133 4009 1441 4073 historiam,
1494 4019 1551 4064 et
1597 4010 1922 4064 narrationis
1968 4009 2188 4077 insuper

608 4100 992 4171 perspicuitas,
1027 4102 1079 4156 vi
1112 4111 1276 4172 atque
1305 4102 1461 4171 copia
1488 4115 1677 4157 eorum
1702 4116 1822 4171 quae
1851 4099 2187 4168 interjiciun-

610 4204 718 4260 tur,
751 4194 1097 4251 rescinditur.

1318 4306 1500 4367 XLIII.

898 4399 1061 4455 Joan.
1101 4397 1423 4466 Pliiloponus
1466 4401 1518 4453 in
1555 4397 1936 4453 Hexaemeron.

681 4490 936 4562 Legimus
965 4490 1228 4547 Joannem
1265 4492 1626 4560 l’hiloponum
1662 4491 1773 4561 (69)
1807 4492 1858 4543 in
1891 4489 2184 4543 Hexaeme-

2292 613 2453 665 πέντε
2487 612 2714 680 γέγονεν
2739 608 3082 676 ἀναγνῶναι,
3116 606 3473 677 περιέχοντας
3499 598 3604 670 (ὡς
3634 595 3881 668 ἔφημεν)

2290 699 2400 752 ἀπὸ
2424 699 2525 768 τῆς
2559 696 2856 768 Νεπορίου
2891 693 3241 765 βλασφημίας
3281 692 3447 763 μέχρι
3471 689 3570 759 τῆς
3597 686 3690 740 τοῦ
3723 687 3881 755 αἶρε·-

2290 787 2444 841 τικοῦ
2494 789 2699 859 Πέτρου
2741 788 3140 859 καθαιρέσεως.

3008 968 3142 1020 ΜΒ’.

2362 1060 2690 1114 Βασιλείου
2721 1060 2967 1124 Κίλικος
2996 1057 3511 1126 Ἐκκλησιαστικὴ
3555 1059 3811 1127 ἱστορία.

2366 1149 2712 1219 Ἀνεγνώσθη
2767 1148 3049 1202 Βασιλείου
3091 1146 3317 1210 Κίλικος
3370 1148 3884 1215 Ἐκκλησιαστικὴ

2293 1242 2551 1311 ἱστορία.
2583 1243 2846 1312 ’Δρχεται
2877 1241 2987 1294 ἀπὸ
3013 1241 3114 1311 τῆς
3138 1240 3393 1309 τελευτῆς
3431 1242 3756 1311 Σιμπλικίου
3788 1242 3884 1295 τοῦ

2309 1333 2554 1403 Ῥώμης,
2590 1334 2647 1397 ὃς
2680 1334 2817 1404 πρὸς
2852 1333 3106 1386 Ἀκάκιον
3136 1334 3227 1386 τὸν
3259 1334 3884 1399 Κωνσταντινουπόλεως

2292 1424 2531 1495 ἔγραψεν
2573 1425 2879 1494 ἀποστῆναι
2922 1426 3021 1494 τῆς
3071 1425 3207 1496 πρὸς
3256 1426 3461 1496 Πέτρον
3504 1426 3598 1479 τὸν
3632 1427 3886 1493 Ἀλεξάν-

2290 1516 2509 1585 δρειαν¹⁵
2541 1516 2940 1586 λυμαινόμενον
2970 1514 3275 1579 κοινωνίας,
3380 1516 3612 1588 ἐπίκλην
3633 1518 3881 1586 Μογγός·

2291 1603 2447 1671 οὗτος
2482 1607 2593 1679 γὰρ
2626 1608 2724 1677 τὴν
2757 1610 2816 1660 ἐν
2860 1608 3166 1679 Καλχηδόνι
3201 1609 3360 1677 ἁγίαν
3396 1609 3617 1665 σύνοδον
3649 1612 3889 1683 δημοσίᾳ

2294 1703 2390 1756 καὶ
2440 1704 2498 1755 ἐν
2532 1702 2834 1773 Ἐκκλησία
2870 1703 3252 1772 ἁνεθεμάτιζε.
3286 1703 3365 1757 Δι’
3393 1704 3451 1757 ὃν
3499 1706 3594 1758 κα)⁸
3626 1706 3884 1769 Ἀκάκιος

2292 1794 2473 1858 καλῶς
2526 1796 2793 1865 πρότερον
2845 1796 2965 1848 κατ’
2994 1795 3162 1848 αὐτοῦ
3209 1797 3591 1867 κεκινημένος,
3653 1796 3884 1869 ὕστερον

2290 1889 2391 1940 οὐκ
2419 1888 2905 1958 ἀποστρεφόμενος
2936 1888 3217 1959 αἱρετικοῦ
3259 1889 3420 1956 δόξαν
3467 1890 3619 1961 παρὰ
3666 1889 3884 1955 πολλοῖς

2293 1984 2596 2055 ἐκτήσατο,
2626 1986 2742 2047 τοῖς
2772 1984 2830 2035 δὲ
2883 1984 3177 2053 Ῥωμαίοις
3243 1989 3339 2038 καὶ
3398 1988 3503 2041 ὑπὸ
3558 1987 3882 2058 καθαίρεσιν

2290 2074 2507 2127 ἔπεσεν.
2526 2076 2651 2128 Ἐπὶ⁸
2670 2077 2917 2145 Ζήνωνος
2931 2075 2985 2128 δέ
3008 2076 3068 2129 τὸ
3096 2076 3348 2147 δεύτερον
3373 2078 3545 2132 ταῦτα
3556 2080 3879 2149 ἐπράττετο.

2294 2168 2554 2237 Ἀρχεται
2586 2166 2683 2234 μὲν
2717 2162 2810 2220 οὖν
2842 2169 2907 2219 ἐκ
2937 2166 3103 2219 τῶνδε
3134 2166 3242 2219 τῶν
3270 2168 3499 2237 χρόνων,
3537 2170 3631 2222 καὶ
3664 2170 3880 2222 κάτεισι

2293 2260 2457 2330 μέχρι
2484 2258 2742 2328 τελευτῆς
2778 2260 3156 2324 Ἀναστασίου,
3192 2260 3249 2324 ὃς
3295 2261 3611 2314 εἰκοσιεπτὰ
3644 2261 3739 2332 ἐτη
3785 2261 3883 2315 καὶ

2292 2351 2467 2421 μῆνας
2494 2352 2664 2421 τρεῖςν
2691 2350 2768 2413 ὡς
2797 2346 2950 2414 οὗτός
2980 2368 3163 2423 φησιν,
3199 2353 3258 2404 ἐν
3282 2354 3346 2423 τῇ
3381 2352 3631 2423 βασιλείᾳ
3658 2352 3884 2423 διήρκε-

2291 2458 2382 2495 σεν
2402 2457 2417 2471 '
2454 2441 2572 2510 μεθ’
2605 2442 2665 2495 ὃν
2680 2442 2964 2495 ’1ουστῖνον
2996 2443 3088 2495 τὸν
3116 2444 3306 2515 Θρᾷκα
3338 2444 3719 2517 ἀναρρηθῆναι
3750 2443 3883 2515 γρά-

2289 2551 2381 2604 φει
2432 2533 2839 2605 βασιλέα.Ἀλλ’
2873 2536 2905 2606 ή
2945 2535 3043 2605 μὲν
3073 2535 3253 2605 βίϐλος
3300 2536 3437 2607 αὕτη
3493 2535 3727 2589 ἐνταῦθά
3774 2553 3881 2589 που

2287 2626 2385 2695 τὴν
2410 2626 2636 2698 Γραφὴν
2667 2626 2881 2697 ἵστησιν
2901 2666 2916 2692 ,
2953 2626 3061 2679 ἀπὸ
3090 2629 3337 2697 Ζήνωνος
3368 2630 3529 2699 μέχρι
3556 2629 3658 2700 τῆς
3690 2629 3881 2682 τελευ-

2285 2717 2385 2785 τῆς
2413 2717 2766 2771 Ἀναστασίου
2799 2718 3012 2789 καὶτῆς
3043 2719 3332 2772 Ἰουστίνου
3363 2720 3717 2792 ἀναρρήσεως
3747 2737 3880 2773 κατ-

2291 2810 2464 2863 ιοῦσα.
2485 2809 2652 2877 Λέγει
2675 2810 2733 2863 δέ
2762 2804 2918 2873 οὗτος
2944 2810 3020 2873 ὡς
3046 2811 3238 2881 εἴησαν
3262 2812 3411 2882 αὐτῷ
3442 2812 3537 2866 καὶ
3567 2812 3756 2883 ἕτεραι
3782 2812 3879 2866 δύο

2287 2902 2665 2971 πεπονημέναι
2698 2901 2892 2973 βίϐλοι,
2923 2901 3114 2973 πρώτη
3151 2903 3246 2956 καὶ
3283 2904 3481 2975 τρίτη·
3514 2898 3589 2958 ὧν
3630 2904 3731 2975 τὴν
3780 2905 3882 2974 μὲν

2286 2992 2395 3045 ἀπὸ
2424 2994 2746 3063 Μαρκιανοῦ
2776 2994 2869 3047 τοῦ
2907 2993 3171 3064 βασιλέως
3210 2996 3514 3067 ἄρχεσθαι,
3547 2995 3881 3066 καταλήγειν

2285 3083 2341 3136 δὲ
2393 3085 2498 3147 ἓως
2543 3086 2814 3155 Ζήνωνος,
2859 3089 2953 3157 ἀφ’
2983 3085 3044 3143 οὗ
3091 3092 3190 3162 τὴν
3232 3088 3407 3161 ἀρχὴν
3438 3090 3469 3159 ἡ
3500 3089 3730 3159 δευτέρα
3776 3090 3879 3141 ἐπ-

2287 3174 2541 3245 εποίητο,
2575 3175 2675 3246 τὴν
2700 3176 2757 3229 δέ
2784 3177 2974 3249 τρίτην
3007 3179 3279 3233 ποιεῖσθαι
3320 3180 3606 3249 προοίμιον
3634 3178 3695 3231 τὸ
3722 3178 3879 3243 τέλος

2213 3268 2256 3326 C
2288 3266 2389 3335 τῆς
2416 3266 2674 3340 δευτέρας
2710 3271 2804 3323 καὶ
2851 3271 2958 3323 ἀπὸ
2990 3270 3093 3342 τῆς
3142 3271 3421 3343 βασιλείας
3436 3271 3725 3325 ’ἰουστίνου
3768 3271 3879 3324 ἀπ-

2286 3358 2574 3429 ἄρχεσθαι.

2360 3453 2516 3507 Ἔστι
2537 3453 2594 3508 δὲ
2615 3455 2643 3506 ό
2670 3458 3025 3528 συγγραφεὺς
3048 3456 3108 3510 οὐ
3140 3456 3261 3512 λίαν
3289 3457 3389 3527 τὴν
3411 3456 3612 3527 φράσιν
3640 3455 3878 3527 ἀπηκρι-

2287 3543 2563 3614 ϐωμένος,
2599 3546 2737 3603 ἀλλὰ
2779 3550 2876 3603 καὶ
2909 3550 3218 3620 ἀνωμάλως
3266 3549 3405 3620 ἔχων
3454 3549 3630 3619 πρὸς⁶
3658 3549 3872 3603 ἑαυτόν.

2288 3637 2567 3709 Κέχρηται
2616 3639 2674 3692 δὲ
2710 3642 2946 3712 μάλιστα
2991 3644 3114 3705 ταῖς
3161 3644 3292 3715 παρ’
3326 3641 3574 3712 ἀλλήλων
3605 3642 3716 3695 τῶν
3756 3643 3878 3694 ἐπι-

2289 3730 2508 3784 σκόπων
2545 3734 2927 3806 στελλομέναις
2954 3736 3289 3802 ἐπιστολαῖς,
3318 3739 3400 3801 εἰς
3429 3738 3613 3791 πίστιν
3641 3736 3738 3806 (ὥς
3765 3754 3875 3807 φη·

2289 3820 2411 3891 σιν)
2439 3818 2514 3875 ὧν
2537 3824 2698 3888 αὐτὸς
2728 3826 2929 3897 γράφει
2951 3843 2964 3855 ⁸
2997 3825 3054 3878 αἳ
3085 3826 3181 3879 καὶ
3215 3826 3538 3898 πολύστιχον
3573 3826 3784 3879 ποιοῦσι
3812 3827 3877 3880 τὸ

2290 3912 2492 3983 βιϐλίον
2522 3919 2615 3970 καὶ
2644 3920 2701 3970 ἐν
2735 3919 2926 3989 πλήθει
2957 3920 3132 3991 λόγων
3194 3921 3386 3990 ὀλίγην
3433 3920 3662 3988 συνάγον
3682 3920 3701 3949 ⁷
3731 3920 3877 3972 ἱστο-

2292 4006 2446 4078 ρίαν·
2482 4009 2561 4062 διὸ
2590 4012 2683 4063 καὶ
2711 4011 2772 4063 τὸ
2802 4012 2971 4080 σαφὲς
3007 4014 3107 4085 τῆς
3156 4014 3402 4084 ἱστορίας
3438 4012 3518 4083 τῷ
3550 4012 3743 4083 πλήθει
3774 4028 3875 4065 πε-

2289 4105 2609 4175 ρικόπτεται
2648 4107 2756 4161 τῶν
2794 4109 3295 4180 παρεντιθεμένων.

2996 4308 3129 4361 MF'.

2290 4395 2575 4452 Ἰωάννου
2612 4396 2721 4451 τοῦ
2753 4398 3097 4453 Φιλοπόνου
3134 4401 3221 4466 εἰς
3262 4399 3379 4468 τὴν
3408 4400 3593 4471 ἕκτην
3620 4404 3872 4473 ἡμέραν.

2359 4490 2699 4561 Ἀνεγνώσθη
2717 4491 2962 4545 Ἰωάννου
2990 4492 3084 4546 τοῦ
3100 4493 3391 4547 Φιλοπόνου
3410 4497 3514 4561 Εἰς
3528 4495 3641 4562 τὴν
3657 4495 3873 4563 Ἑξαή-

608 4604 723 4651 ron,
766 4600 875 4656 quo
914 4584 969 4639 in
1013 4583 1154 4639 libro
1195 4599 1360 4653 purus
1403 4593 1486 4637 est
1531 4590 1585 4637 et
1618 4583 1817 4649 clarus,
1855 4598 2020 4651 seque
2071 4582 2185 4651 ipse

2288 4584 2662 4653 μερον.Ἕστι
2688 4584 2746 4638 δέ
2777 4587 2835 4638 ἐν
2864 4586 3042 4659 τούτῳ
3071 4588 3147 4659 τῷ
3176 4589 3366 4659 βιϐλίῳ
3391 4588 3629 4658 καθαρὸς
3661 4589 3750 4660 [29
3779 4586 3869 4660 R.]

607 4679 822 4734 dicendi
866 4675 1025 4731 modo
1074 4674 1263 4740 vincit,
1293 4686 1455 4744 atque
1503 4684 1561 4728 ut
1598 4673 1797 4728 Basilio
1835 4672 2028 4742 Magno
2059 4672 2180 4743 plu-

606 4771 803 4823 rimum
860 4767 973 4821 fere
1020 4765 1324 4829 consentit,
1377 4766 1456 4820 sic
1511 4779 1609 4834 per
1665 4765 1843 4821 omnia
1898 4763 2181 4819 Theodoro

606 4858 949 4927 Mopsuestia:
993 4867 1279 4926 repugnat,
1318 4856 1410 4925 qui
1456 4856 1596 4909 idem
1641 4855 1754 4924 ipse
1801 4866 2178 4924 argumentum

605 4962 916 5020 aggressus,
967 4946 1458 5018 Interpretationem
1509 4946 1765 5002 Geneseos
1798 4948 1936 5019 (70),
1985 4949 2183 5004 librum

607 5041 909 5112 inscripsit,
947 5040 1106 5111 cujus
1158 5041 1443 5111 opiniones
1498 5037 1827 5109 Philoponus
1885 5041 2184 5112 reprehen-

607 5136 759 5199 dens,
792 5143 979 5188 contra
1012 5135 1163 5190 nisus
1190 5144 1295 5190 est.

2289 4674 2383 4727 καὶ
2414 4674 2592 4745 σαφὴς
2621 4676 2716 4728 καὶ
2742 4677 3004 4747 κρείττων
3055 4682 3121 4752 τῇ
3163 4678 3304 4745 λέξει
3334 4679 3552 4742 ἐαυτοῦ,
3589 4680 3684 4731 καλ⁵
3731 4696 3874 4749 συμ-

2289 4765 2482 4835 φωνῶν
2506 4765 2686 4835 σχεδὸν
2707 4768 2763 4820 ἐν
2786 4770 2898 4831 τοῖς
2926 4770 3199 4835 πλείστοις
3227 4770 3489 4841 Βασιλείῳ
3511 4771 3587 4841 τῷ
3611 4770 3870 4840 Μεγάλῳ,

2287 4856 2630 4909 ἀντιπίπτων
2659 4857 2716 4910 δὲ
2747 4857 2813 4911 δι’
2842 4859 2964 4914 ὅλου
2991 4862 3068 4932 τῷ
3098 4862 3474 4931 Μοψουεστίας
3508 4861 3789 4931 Θεοδώρῳ,
3816 4860 3874 4923 ὃς

2292 4949 2389 5022 τὴν
2421 4949 2593 5020 αὐτὴν
2624 4949 2880 5003 ὑπόθεσιν
2921 4952 3324 5023 ἐνστησάμενος
3365 4953 3716 5019 Ἑρμηνείαν
3762 4969 3793 5005 τ
3804 4951 3874 5017 ἧς

2291 5042 2543 5107 κτίσεως
2584 5041 2644 5093 τὸ
2684 5039 2887 5112 βιϐλίον
2939 5042 3279 5114 ἐπέγραψεν·
3314 5035 3376 5095 οὗ
3426 5042 3523 5104 τὰς
3575 5041 3733 5107 δόξας
3794 5041 3874 5093 δι-

2296 5131 2536 5204 ελέγχων
2561 5135 2591 5187 ό
2614 5134 2903 5198 Φιλόπονος
2929 5136 3028 5205 τὴν
3052 5134 3303 5189 ἐναντίαν
3331 5132 3622 5204 ἐτράπετο.

1865 5313 2104 5371 VARUE
2136 5315 2538 5373 LECTIONES.

678 5438 699 5467 '
733 5436 821 5491 τὸν
853 5437 954 5508 τὴν
978 5435 1390 5508 Ἀλεξάνδρειαν
1414 5453 1477 5499 ς’.

1554 5433 1757 5507 δπρδς]
1792 5435 1885 5490 καὶ
1919 5436 2053 5506 πρὸς
2077 5436 2142 5490 A.
2222 5436 2241 5467 "
2275 5435 2512 5505 συνάγον
2538 5436 2581 5489 A
2611 5454 2623 5489 :
2658 5436 2989 5506 συναγαγεῖν
3016 5449 3077 5499 ς.

2100 5593 2333 5651 ΝΟΤίΕ.

672 5709 793 5782 (67),
823 5709 1069 5766 Meminit
1116 5710 1275 5779 hujus
1322 5708 1546 5782 Niceph.
1582 5709 1793 5764 Callist.
1844 5708 1936 5765 lib.
1970 5726 2009 5774 I,
2055 5723 2173 5779 cap.

602 5780 727 5837 iuit.
760 5780 888 5848 Ejus
918 5786 1079 5836 etiam
1110 5792 1193 5836 est
1222 5781 1343 5836 cod.
1386 5781 1485 5834 H7
1522 5782 1618 5835 inf.

667 5853 784 5922 (68)
812 5850 955 5923 Lege
977 5854 1128 5908 card.
1170 5852 1368 5908 liarou.
1401 5852 1594 5906 Annal.
1635 5863 1766 5907 tom.
1795 5850 1878 5917 Vl,
1912 5851 1978 5907 ad
2010 5850 2077 5906 A.
2109 5850 2171 5907 C.

2282 5708 2469 5847 48:69)
2511 5776 2678 5845 liuius
2714 5778 2895 5850 operis
2927 5786 3188 5850 excerpta
3215 5774 3461 5832 invenies
3492 5770 3591 5829 ini.
3622 5774 3717 5827 cod
3752 5776 3869 5835 ΗΟ.

2358 5851 2474 5921 (70)
2509 5850 2639 5918 Sup.
2675 5853 2798 5904 cod.
2833 5848 2922 5906 ⁸58.
