4146 6412
283 424 356 491 ’Π
842 476 869 528 ς
1251 418 1778 482 BIBLIOTHECA.
1822 446 1887 456 —
1916 420 2130 481 CODD.
2171 422 2568 484 XLII-XLIV.
3477 426 3548 489 78

1006 539 1139 591 ΜΔν.
1902 544 1947 599 Α
2675 535 2855 591 XLIV.

288 632 698 701 Φιλοστράτου
754 630 967 701 Τυρίου
1005 632 1093 695 είς
1152 630 1263 685 τὸν
1303 629 1716 685 Ἀπολλωνίου
1760 630 1869 682 τοῦ

1975 628 2289 684 Philostrati
2324 629 2471 700 Tyrii
2496 630 2559 683 de
2602 630 2705 682 vita
2734 628 2999 698 Apollonii
3045 627 3245 699 Tgaaei
3272 630 3399 685 libri
3430 647 3549 690 vm.

716 699 987 768 Τυανέως
1010 701 1157 766 ,βίον
1184 702 1355 771 λόγοι
1375 708 1446 773 η’.

358 793 706 866 ’Δνεγνώσθη
772 793 1138 863 Φιλοστράτου
1207 793 1409 864 Τυρίου
1459 794 1566 857 Εις
1609 791 1719 846 τὸν
1763 790 1871 845 τοῦ

2044 786 2174 857 Legi
2208 788 2522 844 Philosnati
2554 788 2701 859 Tyrii
2722 787 2800 841 De
2825 789 2929 841 vita
2952 787 3219 857 Apollonii
3239 788 3553 863 Tyanei(7l)

289 888 703 945 ’Δπολλωνίου
724 885 832 940 τοῦ
854 885 1123 951 Τυανέως
1142 885 1234 957 [i5
1263 884 1365 955 11.}
1373 885 1519 949 ,βίον
1536 885 1689 953 λόγοι
1705 884 1867 939 ὀκτώ.

1976 879 2147 936 libros
2177 890 2321 935 octo.
2357 878 2511 951 Stylo
2560 896 2692 935 usus
2750 890 2834 935 est
2877 892 3082 948 aperto,
3115 883 3377 951 gratioso,
3427 900 3558 937 con-

294 976 449 1030 Ἔστι
464 974 632 1045 δὲτὴν
648 976 849 1046 φράσιν
865 972 1043 1044 σαφὴς
1071 974 1325 1046 ἐπίχαρίς
1348 974 1370 1007 ³
1400 992 1458 1028 τε
1485 976 1580 1029 καὶ
1597 976 1875 1047 ἀφοριστι-

1976 973 2125 1039 ciso,
2155 972 2315 1042 pleno
2343 975 2505 1027 etiam
2542 972 2845 1037 dulcedine,
2879 986 2943 1025 ac
2990 987 3109 1026 cum
3142 984 3207 1026 ex
3250 973 3414 1041 prisci
3460 975 3547 1027 lo-

294 1070 412 1137 κδς,
451 1069 547 1123 καὶ⁸
605 1067 789 1137 βρύων
822 1066 1169 1138 γλυκύτητος
1189 1108 1205 1133 ,
1241 1068 1337 1122 καὶ
1357 1068 1435 1139 τῷ
1453 1069 1750 1141 ἀρχαῖσμῷ
1778 1069 1875 1123 ita).

1976 1065 2179 1135 quendi
2246 1062 2475 1132 formis,
2523 1075 2643 1120 tum
2690 1081 2756 1121 ex
2816 1064 3212 1120 recentioribus
3270 1063 3556 1135 elegantiis

293 1164 414 1225 ταῖς
441 1159 1003 1231 καινοπρεπεστέραις
1025 1157 1135 1213 τῶν
1158 1158 1464 1224 συντάξεων
1485 1158 1875 1231 ἑμφιλοτιμού-

789 1159 1003 1229 στέραις
1025 1157 1135 1213 τῶν
1158 1158 1464 1224 συντάξεων
1485 1158 1875 1231 ἑμφιλοτιμού-
1977 1156 2189 1213 laudem
2212 1159 2426 1229 quaerit.

369 1269 479 1315 νος.

369 1269 479 1315 νος.

297 1269 602 1415 μεἹστορεῖ
642 1344 701 1398 δὲ
741 1343 831 1397 τὸν
869 1342 1230 1397 Ἀπολλώνιον
1279 1342 1414 1413 πρός
1442 1361 1502 1398 τε
1539 1344 1754 1410 Ἰνδοὺς,
1784 1344 1879 1409 οὒς

2051 1332 2251 1389 Narrat
2274 1333 2611 1404 Apollonium
2640 1335 2704 1389 ad
2734 1334 2893 1389 ludos
2915 1335 3072 1405 (quos
3097 1344 3151 1389 et
3182 1334 3554 1388 Brachmanas

292 1438 451 1494 καλεί
498 1441 597 1491 καί
642 1438 993 1508 Βραχμᾶνας,
1024 1437 1267 1501 ἀπιέναι,
1303 1437 1364 1502 ἐξ
1394 1433 1469 1491 ὧν
1507 1439 1603 1492 καὶ⁵
1650 1439 1881 1492 πλεῖστα

1981 1426 2250 1496 nominat)
2284 1425 2586 1495 profectum
2625 1441 2764 1490 esse,
2801 1443 2868 1480 ex
2915 1427 3112 1494 quibus
3162 1426 3418 1494 pleralue
3466 1427 3548 1478 di-

292 1532 396 1599 τῆς
424 1532 558 1603 παρ’
586 1530 772 1592 αὐτοῖς
810 1529 1099 1599 θεοσοφίας
1140 1528 1398 1598 ἐκμαθεῖν
1420 1568 1435 1591 ,
1467 1530 1561 1582 καὶ
1588 1531 1726 1601 πρὸς
1753 1532 1882 1594 τοὺς

1982 1516 2119 1569 vinas
2145 1530 2332 1570 eorum
2361 1515 2640 1582 sapientia:
2683 1515 2952 1571 didicerit.
2984 1514 3292 1569 Profectqu
3328 1514 3453 1569 item
3486 1517 3551 1567 ad

292 1622 572 1676 Αἰθιόπων
624 1623 841 1689 σοφοὺς,
870 1620 962 1684 οὒς
1014 1620 1110 1674 καὶ
1137 1620 1418 1690 Γυμνοὺς
1447 1621 1728 1687 ὀνομάζει,
1755 1623 1838 1676 ὅτι
1860 1624 1881 1654 ⁹

1982 1606 2302 1677 Αἲιιιίοριιω
2337 1608 2627 1676 sapientes,
2657 1621 2793 1675 quos
2819 1616 2873 1660 et
2900 1607 3147 1676 Γυμνοὺς
3180 1606 3552 1674 appellal(72).

293 1715 495 1783 γυμνοὶ
544 1714 636 1766 τὸν
670 1713 781 1783 βίον
809 1714 929 1767 ὅλον
955 1712 1224 1781 διάγουσι,
1262 1713 1429 1783 μηδὲ)
1458 1712 1553 1765 τοῦ
1598 1713 1761 1784 ἀέρος
1806 1714 1884 1767 δι-

1995 1698 2141 1767 quod
2172 1697 2301 1752 nudi
2329 1707 2543 1751 :etatem
2574 1708 2833 1767 perpetuo
2888 1698 3212 1767 transigant,
3255 1707 3307 1749 et
3339 1712 3403 1750 ne
3434 1699 3556 1751 εσθιὶ

293 1805 584 1874 οχλοῦντος
608 1805 806 1867 αὐτοὺς
832 1805 911 1867 είς
931 1804 1224 1875 περιόολὴν
1247 1804 1441 1858 ἐλθεῖν.
1461 1804 1651 1875 Πολ)ιῷ
1673 1805 1730 1858 δέ
1752 1821 1884 1876 φησι

1991 1791 2207 1860 quidem
2294 1796 2617 1857 tempestate
2707 1796 2867 1857 atque
2946 1789 3288 1843 inclementia
3379 1788 3558 1842 vexati

296 1899 425 1959 τοὺς
461 1897 639 1949 Ἰνδῶν
676 1896 786 1948 τῶν
819 1896 877 1948 ἐν
903 1894 982 1964 τῷ
1007 1894 1265 1965 Αἰθιοπίᾳ
1292 1893 1472 1963 σοφῶν
1499 1894 1775 1965 προέχειν,
1802 1896 1883 1948 ὅτι
1916 1887 1933 1940 1

1923 1883 2246 1940 Bamictum
2343 1882 2589 1936 induant.
2686 1882 2937 1935 Indorum
3020 1891 3198 1937 autem
3287 1882 3560 1951 sapientes

297 1989 358 2039 τὲ
386 2003 519 2056 φησι
544 1985 676 2055 πρὸς
702 1987 895 2039 ἀκτῖνα
926 1983 1202 2047 οἰκοῦντες
1230 1983 1379 2053 ἡλίου
1410 1982 1609 2051 μᾶλλόν
1650 1986 1757 2036 εἰσι
1785 1986 1883 2053 τὴν

1987 1972 2143 2042 longe
2187 1973 2262 2027 ait
2312 1973 2397 2028 his
2441 1974 2788 2038 antecellere,
2833 1984 2943 2027 tum
3002 1972 3147 2043 quod
3200 1973 3331 2028 solis
3394 1973 3560 2028 radiis

297 2078 541 2132 διάνοιαν
569 2076 711 2140 ὀξεῖς
754 2076 849 2129 καὶ
893 2076 1158 2147 καθαροὶι,
1188 2074 1285 2129 καὶ
1308 2076 1392 2129 ὃτι
1422 2075 1515 2129 καὶ
1543 2074 1718 2146 χρόνῳ
1752 2093 1885 2147 προ-

1988 2068 2295 2134 pr0piores,
2344 2074 2526 2119 mente
2572 2075 2697 2119 sunt
2732 2066 2904 2133 magis
2947 2074 3126 2128 acuta,
3167 2075 3223 2117 ct
3252 2079 3409 2134 pura,
3446 2075 3558 2119 tutu

300 2168 551 2239 ήκοντες.
1986 2171 2053 2211 ex
2087 2171 2153 2211 eo
2178 2171 2412 2226 quoque,
2449 2158 2592 2227 quod
2617 2166 2777 2211 aetate
2810 2157 2921 2211 siut
2952 2158 3186 2225 priores.

374 2258 467 2329 Τῷ
502 2256 686 2327 μέντοι
717 2254 1059 2327 ’Δπολλωνίῳ
1085 2255 1238 2310 οὐδὲν
1265 2255 1402 2319 ὅλως
1449 2256 1584 2326 φησὶ
1628 2256 1885 2327 τελεσθῆ-

2052 2249 2135 2302 Αὶ)
2167 2248 2452 2318 Apollonio
2488 2264 2650 2318 porro
2688 2263 2876 2303 eorum
2930 2248 3062 2301 nihil
3091 2246 3314 2302 omnino
3350 2256 3561 2316 gestum

304 2365 417 2412 ναι,
446 2342 535 2401 οἷα
562 2348 591 2399 ό
622 2344 871 2416 μυθώδης
891 2346 1042 2417 αύτῷ
1065 2346 1348 2418 χαρίζεται
1373 2345 1530 2416 λόγος
1552 2364 1566 2378 ·
1598 2348 1887 2417 φιλόσοφον

1988 2340 2177 2405 refert,
2229 2355 2351 2410 qua:
2396 2338 2640 2395 fabulose
2691 2339 2757 2394 de
2804 2340 2920 2409 ipso
2969 2348 3300 2394 narrantur:
3355 2349 3561 2393 tantum

304 2438 364 2485 es
394 2450 517 2486 τινα
538 2434 635 2485 καὶ
665 2435 911 2505 ἐγκρατῆ
933 2435 1047 2507 βίον
1067 2437 1435 2509 ἀποσεμνύνει
1457 2439 1501 2471 ¹⁰
1526 2438 1689 2493 αὑτὸν
1712 2438 1891 2510 βιοῦν-

1988 2431 2419 2503 philosbphicam
2452 2432 2745 2501 quamdam
2782 2440 3250 2502 temperatamque
3290 2430 3408 2499 ejus
3454 2432 3564 2486 vita

304 2541 375 2577 τα
394 2562 412 2588 ,
442 2524 540 2579 an
572 2528 670 2580 καὶ
694 2526 1073 2599 Πυθαγορικὴν
1105 2530 1543 2602 ἐπιδεικνύμενον
1568 2531 1889 2602 φιλοσοφίαν

2000 2524 2237 2590 extollit,
2279 2540 2386 2595 qua
2423 2524 2819 2595 Pythagoream
2865 2534 3095 2590 sectam,
3146 2540 3268 2580 cum
3322 2525 3564 2580 moribus

307 2614 368 2667 ἐν
393 2629 454 2666 τε
491 2613 648 2685 ἤθεσι
694 2615 790 2669 καὶ
832 2617 891 2667 ἐν
930 2617 1183 2688 δόγμασι.
1211 2621 1315 2674 Τὸν
1356 2622 1416 2675 δὲ
1460 2623 1689 2677 θάνατον
1719 2624 1887 2679 αὐτοῦ

1992 2627 2103 2671 tum
2144 2618 2391 2673 doctrina
2422 2616 2776 2684 expresserit.
2804 2614 3029 2670 Mortem
3070 2615 3239 2685 ipsius
3271 2616 3559 2671 obscuram

309 2705 506 2777 ἄδηλόν
530 2722 590 2759 τε
620 2706 715 2759 καὶ
737 2704 951 2770 πολλοῖς
976 2708 1415 2780 διαφωνούμενον
1444 2713 1593 2782 λέγει
1614 2716 1890 2783 γενέσθαι,

2007 2708 2199 2774 fuisse,
2235 2717 2291 2763 et
2324 2724 2352 2762 a
2376 2708 2559 2764 multis
2588 2709 2738 2763 varie
2767 2717 3043 2761 narratam
3082 2706 3294 2771 scribit,
3322 2707 3565 2760 studiose

310 2795 478 2850 αὑτοῦ
499 2797 709 2851 ἐκείνου
731 2796 889 2851 τοῦτο
912 2800 1316 2865 σπουδάσαντος»
1329 2818 1344 2833 ο
1365 2806 1584 2875 καὶγὰρ
1600 2806 1695 2859 καὶ⁵
1711 2806 1891 2870 ζῶντα

1998 2803 2107 2858 hoc
2138 2803 2314 2872 ipsum
2340 2800 2673 2856 Philostrato
2699 2810 2917 2870 agente.
2954 2800 3165 2854 Etenim
3197 2808 3250 2853 et
3289 2799 3561 2853 viventem

312 2888 394 2941 ετι
436 2889 619 2958 λέγειν
638 2890 679 2921 ¹¹
725 2888 801 2954 ὡς
835 2891 917 2944 δεῖ
942 2890 1033 2944 τὸν
1068 2893 1229 2962 σοφὸν
1255 2896 1382 2958 τοὺς
1414 2896 1642 2961 πολλοὺς
1662 2897 1892 2951 λαθόντα

1994 2892 2105 2964 (75)
2125 2893 2303 2947 dicere
2319 2891 2860 2959 solitum,sapientem
2880 2901 3132 2958 oportere
3150 2889 3336 2945 fallere
3349 2903 3562 2953 omnes,

314 2982 525 3051 βιῶναι,
558 2982 684 3035 εἰδὲ
707 2981 803 3053 μὴ,
834 2983 935 3037 κᾶν
959 2983 1091 3053 γοῦν
1116 2986 1420 3040 ἀποϐιῶναι
1443 2987 1701 3043 λαθόντα⁶
1722 2989 1892 3058 τάφον

1993 3000 2059 3040 ac
2109 2984 2281 3040 latere
2318 2985 2371 3038 in
2412 2984 2551 3048 vita,
2607 2983 2658 3037 id
2699 2983 2743 3037 si
2784 2990 3037 3051 nequeat,
3069 2982 3206 3037 mori
3243 2982 3436 3036 saltem
3481 2980 3564 3035 la-

310 3075 367 3128 δέ
397 3074 565 3128 αὐτοῦ
602 3076 855 3147 μηδαμοῦ
884 3078 987 3148 γῆς
1016 3078 1303 3146 ἐγνῶσθαι.
1326 3080 1569 3149 Λέγειδέ
1597 3081 1760 3135 αὑτὸν
1784 3081 1893 3151 μά-

1995 3086 2197 3133 tentem
2243 3077 2461 3133 debere.
2508 3075 2828 3144 Sepulcrum
2870 3075 2989 3145 ejus
3018 3089 3283 3145 nusquam
3319 3074 3562 3129 ostendi.

312 3166 475 3219 λιστα
507 3167 808 3237 χρημάτων
838 3168 1073 3240 κρείττω
1098 3169 1369 3238 γενέσθαι,
1400 3172 1475 3235 ὼς
1501 3172 1594 3225 καὶ
1614 3173 1713 3243 τὴν
1755 3172 1889 3243 κτῆ-
1926 3228 1949 3243 ι

1926 3228 1963 3243 Α
2001 3167 2139 3237 ιοα
2166 3165 2331 3222 Addit
2370 3175 2426 3220 et
2458 3166 2769 3221 divitiarum
2797 3164 3085 3220 miriﬁcum
3134 3173 3562 3233 contemptorem

314 3275 405 3311 σιν
433 3228 707 3330 αὐτοῦ.τῷ
732 3277 791 3313 τε
825 3228 939 3331 ἰδίῳ
979 3228 1193 3332 ἀδελίρῷ
1223 3261 1318 3316 καὶ
1344 3228 1551 3333 έτέροις
1574 3228 1893 3318 καταλιπεῖν
1921 3228 1951 3288 ί

1927 3228 1964 3288 C
1997 3228 2187 3323 fuisse,
2216 3268 2276 3313 ut
2304 3267 2359 3313 et
2402 3272 2532 3313 suas
2560 3257 2675 3327 ipse
2706 3257 3078 3325 possessiones
3124 3271 3383 3328 germano
3408 3253 3564 3309 fratri

313 3351 415 3404 καὶ⁵
442 3353 595 3423 παρά
627 3353 853 3423 μηδενὸς
878 3354 986 3408 τῶν
1020 3354 1108 3407 ἐπ’
1127 3355 1168 3384 ⁸⁸
1197 3355 1487 3421 ἐξουσίαις,
1512 3355 1689 3409 καίτοι
1724 3355 1896 3409 πολλὰ

1998 3352 2226 3421 aliisque
2256 3363 2450 3421 sponte
2502 3350 2861 3415 concesserit,
2888 3359 2942 3404 et
2975 3365 3004 3403 a
3038 3350 3255 3404 nemine
3298 3347 3569 3416 potentio-

312 3441 640 3507 ἀξιούντων,
692 3443 979 3514 πεισθῆναι
998 3445 1043 3476 ¹⁸
1090 3443 1278 3497 λαϐεῖν
1333 3445 1614 3515 χρήματα.
1659 3443 1894 3515 Φησ¹ιν¹⁸

1999 3460 2117 3499 rum
2174 3442 2438 3513 pecunias
2488 3443 2785 3511 acceperit,
2848 3441 3197 3511 quantumvis
3254 3439 3331 3495 illi
3399 3438 3566 3494 multa

314 3534 482 3588 αὑτὸν
513 3534 604 3587 τὸν
633 3534 691 3587 ἐν
718 3534 927 3605 Ἐφέσῳ
952 3534 1140 3606 λοιμὸν
1159 3538 1200 3570 ’⁸
1228 3537 1319 3589 καὶ
1350 3537 1587 3606 προϊδεῖν
1617 3536 1711 3590 καὶ
1736 3552 1896 3605 γεγοο

1997 3533 2222 3589 tuereuti
2270 3532 2650 3589 obtruderent.
2694 3531 2915 3586 Famem
2966 3529 3165 3598 Ephesi
3208 3528 3366 3599 longe
3437 3537 3564 3583 ante

314 3629 447 3681 νότα
474 3628 701 3683 παῦσαι.
731 3629 843 3683 Καὶ
886 3629 1075 3683 λέοντα
1103 3630 1160 3683 δὲ
1193 3631 1341 3696 ίδεῖν,
1381 3632 1475 3685 καὶ
1522 3633 1697 3684 εἰπεῖν
1737 3630 1814 3694 ὠς
1858 3631 1893 3701 ἠ

1995 3629 2317 3697 providisse,
2355 3638 2409 3683 et
2439 3637 2616 3682 ortam
2657 3627 2962 3682 sustulisse.
3011 3625 3193 3680 Leone
3238 3624 3378 3680 forte
3426 3624 3563 3689 viso,

315 3719 417 3774 τοῦ
451 3720 741 3790 Ἀμάσιδος
777 3719 872 3773 τοῦ
900 3721 1216 3789 Αἰγυπτίων
1257 3721 1524 3791 βασιλέως
1552 3720 1700 3792 ψυχὴ
1729 3722 1787 3775 ἐν
1814 3720 1894 3791 τῷ

1997 3721 2202 3776 dixisse
2256 3719 2544 3789 Amasydis
2598 3717 2975 3787 Egyptiorum
3052 3717 3196 3785 regis
3271 3717 3562 3778 animam,

315 3806 493 3879 θηρίῳ
535 3809 643 3878 εἴη,
691 3809 967 3879 ὑπέχουσα
1007 3810 1166 3881 δίκην
1210 3812 1320 3863 τῶν
1365 3810 1743 3882 βεϐιωμένωνο
1797 3812 1895 3865 καὶ

1996 3829 2184 3884 pmnas
2214 3814 2337 3866 vitae
2367 3812 2633 3869 scelerum
2660 3813 2903 3872 dantem,
2944 3810 2998 3864 in
3034 3809 3204 3863 feram
3237 3809 3381 3863 illam
3413 3825 3570 3863 com-

318 3898 645 3967 Ἔμπουσαν
677 3898 897 3967 ἐλέγξαι
950 3902 1007 3953 ἐν
1053 3899 1338 3970 ὑποκρίσει
1380 3901 1599 3972 ἑταίρας
1626 3902 1757 3972 ἐρᾷν
1782 3902 1894 3955 Με-

1998 3908 2285 3976 migrasse.
2320 3905 2607 3974 Empusam
2642 3903 2751 3975 (74)
2789 3904 2917 3957 item
2964 3901 3411 3971 deprehendisse,
3466 3904 3566 3955 suh

310 3989 519 4043 νίππου
564 3990 1068 4060 προσποιουμένην
1116 3992 1212 4043 κα)⁹
1246 3991 1413 4062 κόρην
1441 3992 1498 4044 ἐν
1536 3992 1725 4065 Ῥώμῃ
1767 3992 1893 4063 ἄρτι

1999 4013 2226 4068 persona
2276 3996 2578 4052 meretricis
2622 3994 2851 4063 Meuippi
2887 4009 2946 4048 se
2986 4008 3172 4048 amore
3209 4002 3422 4060 captam
3462 3994 3566 4046 fin-

308 4081 566 4135 τεθνάναι
590 4082 854 4136 δοκοῦσαν
883 4084 1290 4154 ἐπαναστρέψαι
1321 4083 1400 4154 τῷ
1426 4084 1524 4155 βίῳ
1543 4100 1556 4115 ⁸
1602 4085 1699 4138 καὶ
1735 4084 1894 4139 λῦσαι

1998 4099 2238 4160 gentem.
2286 4088 2524 4143 Puellam
2579 4086 2768 4141 Roma:
2816 4086 3025 4155 pridem
3068 4085 3348 4153 exspirare
3373 4086 3565 4147 visam,

311 4174 375 4226 τὺ
429 4172 618 4236 σκέλος
666 4175 725 4228 ἐν
767 4173 845 4244 τῷ
887 4173 1247 4245 δεσμωτηρίῳ
1275 4174 1407 4229 ὄντα
1435 4174 1750 4244 δεδεμένονο
1799 4176 1895 4229 καὶ

2001 4184 2053 4235 in
2096 4182 2262 4235 vitam
2301 4193 2609 4234 revocasse.
2648 4177 2890 4231 Solvisse
2934 4177 3223 4245 compedes
3268 4176 3392 4241 sibi,
3444 4182 3566 4229 dum

309 4264 761 4336 ἀπολογήσασθαι
790 4267 888 4337 μὲν
913 4268 1048 4338 πρὸς
1076 4267 1393 4337 Δομιτιανὸν
1415 4268 1458 4299 ¹⁶
1483 4268 1627 4338 ὑπέρ
1647 4285 1706 4321 τε
1730 4267 1893 4322 αὑτοῦ

1999 4273 2052 4327 in
2083 4286 2303 4328 carcere
2334 4270 2660 4326 constrictus
2688 4278 2985 4323 teneretur.
3009 4267 3162 4337 Apud
3199 4267 3566 4322 Domitianum

313 4359 413 4409 καὶ
444 4356 685 4426 Νερούα,
706 4356 765 4419 ὃς
796 4358 933 4426 μετά
963 4359 1280 4428 Δομιτιανὺν
1304 4358 1587 4428 Ῥωμαίων
1615 4358 1896 4412 ἐϐασίλευ-

1998 4365 2128 4433 imp.
2165 4378 2382 4417 causam
2424 4362 2644 4425 dixisse,
2677 4376 2776 4430 pro
2822 4376 2880 4415 se
2926 4370 2982 4415 et
3010 4359 3210 4425 Nerva,
3250 4360 3346 4429 qui
3381 4360 3564 4413 Domi-

313 4465 433 4511 σεν,
463 4448 833 4518 ἀφανισθῆναι
875 4449 932 4502 δὲ
980 4450 1119 4518 μετά
1148 4449 1248 4520 τὴν
1292 4450 1587 4518 ἀπολογίαν
1615 4449 1709 4503 τοῦ
1740 4450 1895 4503 δικα-

2000 4457 2150 4511 tiano
2192 4456 2246 4509 in
2293 4455 2520 4525 imperio
2576 4455 2865 4518 successit,
2904 4468 3176 4522 causaque
3208 4454 3351 4507 dicta
3394 4468 3423 4507 e
3451 4452 3570 4505 foro

314 4540 542 4609 στηρίου
595 4540 690 4593 καὶ
739 4538 873 4612 πρὸς
914 4542 1221 4612 Δημήτριον
1252 4542 1348 4595 καὶ
1378 4541 1583 4611 Δάμιν,
1617 4542 1760 4595 οὕτω
1800 4542 1897 4596 καὶ
1930 4565 1951 4619 ι

1934 4565 1972 4619 D
2002 4548 2308 4613 evanuisse,
2345 4557 2397 4602 et
2423 4548 2488 4601 ad
2529 4546 2884 4611 Demetrium,
2922 4560 2987 4600 ac
3016 4544 3205 4598 Damin
3229 4544 3333 4613 (sic
3356 4558 3477 4598 cum
3505 4543 3571 4597 iis

313 4632 648 4701 συνθέμενον
700 4633 913 4697 αὐτοῖς,
964 4632 1399 4703 παραγενέσθαι,
1448 4634 1510 4687 οὐ
1561 4634 1647 4687 διὰ
1674 4636 1891 4705 χρόνου,

2001 4651 2162 4711 pacto
2211 4640 2369 4709 inito)
2424 4640 2572 4693 nullo
2618 4640 2879 4707 temporis
2913 4640 3107 4708 spatio,
3142 4637 3236 4690 sed
3273 4646 3571 4697 momento.

314 4724 633 4792 παραυτίκα
661 4724 737 4789 δὲ,
772 4726 947 4778 καίτοι
975 4725 1091 4779 ὁδὸν
1118 4726 1338 4795 ἡμερῶν
1368 4742 1529 4779 τινων
1550 4728 1591 4758 ¹⁷
1616 4728 1898 4799 διεστηκό-

2003 4733 2320 4797 accessisse,
2356 4731 2481 4787 licet
2531 4733 2739 4785 dierum
2788 4730 2994 4798 aliquot
3036 4728 3228 4783 itinere
3280 4728 3568 4783 distantes.

311 4832 436 4876 τας.
469 4814 657 4868 Ταῦτα
693 4819 790 4885 μὲν
833 4818 963 4886 περὶ
1009 4817 1173 4871 αὑτοῦ
1196 4818 1237 4850 ¹⁸
1268 4818 1628 4884 ἀναπλάττει,
1661 4821 1722 4872 ού
1771 4820 1897 4889 μένο

2004 4824 2156 4879 Talia
2203 4825 2270 4878 de
2324 4824 2440 4891 ipso
2499 4821 2858 4876 Philostratus
2895 4818 3351 4873 comminiscitur.
3401 4817 3572 4885 Negat

313 4922 400 4958 τοι
420 4923 480 4972 γε
511 4908 587 4970 ὡς
609 4908 693 4977 ετη
717 4907 995 4975 τελεστὴς,
1021 4909 1075 4961 εἴ
1096 4926 1217 4961 τινα
1238 4909 1572 4963 διετελέσατο
1594 4910 1705 4964 τῶν
1738 4912 1899 4975 ἐνίοις

2009 4928 2187 4971 tamen
2236 4931 2333 4984 pro
2378 4914 2657 4969 initialore
2705 4914 3012 4968 habendum
3042 4954 3057 4977 ,
3111 4914 3395 4979 propterea
3427 4915 3570 4979 qttod

312 4999 790 5071 διαθρυλουμένων
826 5003 916 5057 ὑπ’
940 5002 1107 5058 αὐτοῦ
1145 5003 1474 5074 πεποιῆσθαι
1504 5004 1851 5073 τελεσμάτων
1875 5022 1890 5037 ·

2000 5024 2189 5063 eorum
2221 5023 2447 5077 operum
2479 5007 2725 5077 quadam
2758 5005 3020 5073 effecerit,
3045 5021 3164 5075 qua:
3205 5006 3272 5059 ab
3306 5005 3397 5059 illo
3441 5019 3571 5059 cou-

1592 5116 1828 5172 ἾΑΒΙᾹΞ
1871 5117 2280 5174 LECTIONES.

391 5205 660 5283 ξ’ἀσαφὴς
679 5206 1025 5283 ἐπίχαρις-δὲ
1054 5208 1348 5283 Hamaker.
1378 5210 1502 5283 lect.
1541 5210 1861 5283 Pliilcistrat.
1914 5211 2047 5265 fasc.
2094 5213 2145 5265 1.
2173 5228 2222 5279 p.
2262 5210 2347 5266 VI.
2425 5214 2446 5245 ’
2473 5208 2577 5283 ὅτι]
2613 5211 2694 5283 δτι
2720 5210 2951 5283 καὶμςῖ.Δ
2994 5208 3447 5283 μίολάποσεμνύνει
3484 5222 3574 5276 mg

316 5278 588 5352 editorum
638 5295 689 5352 :__
711 5279 897 5352 scripti
929 5278 1353 5352 ἀποσεμνύνων.
1414 5281 1486 5352 ,7"
1535 5281 1616 5333 ἐτι
1650 5280 1829 5347 λέγειν
1860 5298 1948 5352 mg
1978 5302 1990 5336 :
2029 5277 2305 5350 ἐπιλέγειν
2330 5284 2395 5337 Α.
2461 5282 2505 5313 ¹³
2537 5277 2745 5352 {rt-{mg
2785 5298 2798 5333 :
2827 5280 3126 5352 libri__6n'._
3196 5277 3573 5352 'f‘nsteejvat.

388 5345 711 5425 quctv_add.
747 5345 878 5425 AL,"
927 5347 977 5425 ξ’
1011 5345 1168 5421 λιμὸν
1233 5368 1293 5415 ς.
1408 5351 1452 5381 ¹⁶
1484 5345 1815 5421 Δομετιανὸν
1848 5345 1945 5416 ς.’
2004 5345 2251 5425 ¹⁷τινῶν]
2311 5353 2497 5407 malim
2537 5345 2741 5421 τριῶνῖ
2789 5350 2899 5404 vid.
2941 5347 3052 5403 Vit.
3101 5347 3369 5418 Apollonii
3403 5346 3454 5414 Ἰ,
3483 5347 3578 5401 Η.

320 5413 365 5445 ⁸⁸
384 5413 579 5469 ἑαυτοῦ
615 5432 676 5481 ς’
755 5416 827 5490 εἴ]
852 5417 886 5489 ἡ
914 5419 976 5470 Α.

1849 5505 2079 5563 NOTAE.

393 5598 509 5667 (71)
551 5599 681 5671 Quae
724 5597 911 5671 Graece
954 5609 1115 5671 atque
1140 5597 1269 5671 Lat.
1303 5607 1483 5653 exstat
1522 5600 1674 5670 cujus
1726 5599 1890 5655 etiam
1999 5599 2055 5651 δὲ
2092 5601 2189 5671 μὴ,
2235 5601 2382 5655 Λάϐε
2416 5600 2721 5655 ἀποθανών.
2746 5601 2801 5655 1η
2834 5600 2975 5671 quod
3002 5600 3218 5668 Epicuri
3247 5600 3447 5655 dictum
3474 5597 3557 5652 sin

318 5678 575 5739 excerpta
610 5669 757 5739 leges
782 5669 904 5723 iufr.
943 5674 1063 5724 cod.
1086 5669 1214 5723 241.
1432 5735 1458 5739 _
1594 5669 1597 5670 ⁷
1732 5738 1739 5739 7
1768 5738 1771 5739 ν
2002 5669 2207 5739 gularis
2237 5683 2418 5725 exstat
2441 5672 2650 5726 Plutar.
2679 5669 2916 5726 libellus.

396 5738 509 5812 (7?)
533 5735 710 5805 Philo,
736 5738 1008 5805 Laertius,
1033 5751 1087 5796 et
1109 5740 1380 5805 Lucianus
1416 5735 1891 5809 Cymnosopltistas
2075 5742 2185 5811 (74)
2206 5741 2280 5795 De
2298 5757 2519 5812 empusa
2538 5742 2707 5812 fusius
2724 5742 2833 5812 agit
2855 5740 3274 5812 LiltGyraldus,
3292 5738 3434 5794 Hist.
3458 5739 3574 5792 deo.

324 5808 625 5883 norninant.
669 5880 680 5883 _
979 5881 987 5883 4
1151 5880 1163 5883 _
1226 5879 1246 5883 _
1271 5880 1314 5883 η
1390 5882 1395 5883 γ
1438 5808 1479 5883 *ξ
1560 5879 1576 5883 Α
1629 5878 1640 5883 _
1879 5879 1891 5883 Α
2005 5808 2226 5883 δμιιιαῃ.
2267 5811 2354 5881 12,
2383 5808 2505 5868 vide
2534 5822 2587 5869 et
2615 5808 2843 5868 Phavbr.
2872 5813 2927 5868 in
2956 5808 3168 5867 ιοὶτὲεο.

394 5877 506 5947 (73)
531 5878 632 5935 Iul.
668 5880 722 5936 In
750 5881 1022 5952 excerptis
1067 5880 1190 5937 cod.
1221 5879 1345 5936 2M.
1375 5880 1516 5941 Λάθε
1554 5878 1790 5952 βιώσας,
1845 5879 1894 5931 εί
