4100 6426
540 415 610 479 79
1675 411 1941 470 PIIOTlI
1979 406 2494 471 PATRIARCH/E
2532 408 2641 468 CP.
3736 406 3810 469 80

544 531 682 583 t't-cta
723 542 751 581 a
791 527 1114 596 quihusdam
1144 527 1544 596 iactabantur:
1591 528 1685 582 sed
1731 543 1828 593 per
1867 525 2109 597 philoso-

2232 525 2509 597 ριλοσοφίᾳ
2540 524 2596 578 δὲ
2627 523 2722 579 καὶ
2770 524 2889 596 βίου
2924 524 3279 598 καθαρότητι,
3315 523 3411 579 καὶ
3457 523 3603 595 ἅπερ
3648 523 3812 583 αὐτὸς

541 623 745 691 phiam,
772 634 837 675 ac
863 622 988 675 vitae
1019 623 1309 691 puritatem
1341 621 1455 676 hate
1480 621 1668 684 etiam,
1702 636 1821 688 qua:
1844 620 1958 690 ipse
1988 634 2113 673 mox

541 715 870 779 narraverit,
929 715 997 768 ab
1050 714 1143 768 illo
1186 712 1431 781 profecta
1490 711 1663 783 ﬁngit.
1730 712 1871 779 Quin
1930 709 2116 781 potius

541 821 771 860 exosum
805 806 999 875 magis,
1032 821 1095 860 ac
1118 805 1397 869 veneﬁcis,
1426 819 1532 858 nou
1573 819 1703 859 vero
1742 804 1965 874 magica:
2010 801 2116 855 arti

542 902 783 955 deditum
814 899 1005 956 fuisse.

615 991 730 1045 lam
772 993 838 1046 de
871 991 1016 1045 Indis
1048 989 1229 1044 omnia
1267 989 1390 1057 iste,
1420 986 1659 1043 maxima
1694 985 1951 1049 absurda,
1986 983 2118 1038 ﬁde-

543 1100 650 1154 que
686 1085 907 1153 indigna
941 1084 1178 1139 consuit.
1207 1082 1359 1138 Dolia
1389 1083 1536 1138 enim
1571 1082 1711 1152 apud
1738 1082 1873 1135 istos
1904 1078 2116 1144 statuit,

548 1176 703 1244 plena
751 1175 1006 1231 imbrium
1050 1183 1105 1229 et
1142 1184 1456 1240 ventorum,
1486 1174 1684 1244 quibus
1718 1173 1904 1227 datum
1933 1171 2005 1225 sit
2035 1185 2121 1225 re-

544 1270 762 1337 gionem
799 1266 1112 1336 compluere
1139 1267 1193 1322 in
1232 1267 1488 1322 imbrium
1530 1263 1778 1335 penuria,
1814 1263 2122 1331 iterumque

553 1360 819 1414 discussis
874 1358 1140 1413 imbribus
1190 1360 1421 1425 siccare,
1470 1358 1598 1412 dum
1652 1354 1883 1410 alternis
1922 1369 2121 1425 aquam

554 1460 891 1521 ventumque
919 1466 949 1506 e
980 1452 1138 1507 doliis
1190 1450 1558 1521 suppeditant.
1601 1445 1701 1501 His
1749 1445 1971 1510 similia,
2031 1445 2123 1500 de-

545 1544 762 1597 mentia:
788 1544 969 1611 plena,
1005 1550 1059 1596 et
1084 1542 1189 1597 alia
1217 1542 1450 1611 plurima
1484 1540 1791 1609 prodigiose
1838 1538 2121 1608 conﬁngit,

548 1636 730 1702 itaque
778 1634 932 1689 libris
973 1642 1097 1687 octo
1139 1633 1317 1687 omnis
1354 1632 1422 1687 ab
1467 1632 1558 1685 illo
1589 1628 1872 1685 vanissimi
1916 1628 2123 1684 laboris

545 1741 705 1794 opera
738 1724 1096 1781 consumitur.

1252 1813 1413 1868 XLV.

790 1908 1215 1962 Andronicianus
1239 1920 1426 1962 contra
1456 1906 1843 1963 Eunomianos.

618 2065 764 2121 Lecti
780 2075 904 2120 sttnt
921 2068 1302 2123 Androniciani
1321 2068 1953 2136 Adversuleuuomianos
1969 2070 2133 2129 libelli

546 2162 675 2214 duo.
724 2159 1005 2215 Promittit
1050 2164 1268 2231 quidem
1312 2163 1364 2216 in
1405 2164 1686 2233 prommiis
1724 2165 1973 2234 grandia,
2010 2182 2131 2236 qum

548 2264 726 2307 tamen
760 2270 864 2307 non
891 2256 1161 2323 praestitit,
1193 2256 1243 2308 in
1276 2256 1450 2311 altero
1472 2259 1781 2327 praesertim
1819 2257 1976 2312 libro.
2004 2257 2130 2313 Phi-

549 2342 807 2413 losophize
854 2344 943 2399 hic
991 2347 1366 2414 perstudiosus
1402 2358 1507 2412 est,
1541 2365 1663 2403 cum
1714 2348 1978 2414 moribus,
2012 2360 2126 2405 tum

548 2442 731 2484 mente
756 2472 770 2495 ,
817 2441 979 2502 atque
1017 2434 1232 2489 dicendi
1261 2434 1475 2503 forma;
1510 2436 1772 2507 religione
1809 2453 1938 2495 vero
1970 2439 2130 2496 Chri-

550 2521 786 2574 silanus.

1241 2614 1431 2672 XLVI.

556 2700 867 2759 Theodoreti
904 2701 1101 2758 Contra
1158 2708 1433 2829 latere/iens
1478 2709 1604 2763 libri
1636 2727 1819 2775 xxv";
1844 2722 1891 2767 el
1931 2712 2123 2767 Erani;

1166 2791 1259 2829 sta:
1308 2796 1321 2829 ι
1364 2796 1405 2829 ra
1435 2796 1514 2829 ιιι.

1166 2791 1259 2830 ειιο
1286 2791 1405 2831 llDl'l
1434 2796 1514 2833 Ill.

630 2869 774 2921 Lecti
808 2869 1129 2924 Theodoreti
1156 2872 1393 2940 episcopi
1424 2872 1549 2939 Cyri
1593 2872 1717 2925 libri
1751 2884 1945 2937 septem
1977 2886 2024 2928 el
2049 2877 2128 2929 vi-

549 2961 965 3027 ginti,Adversus
986 2964 1162 3016 varias
1180 2965 1586 3033 propositiones.
1610 2965 1743 3034 10b
1764 2966 1973 3021 Primus
1992 2967 2128 3021 liber

551 3051 659 3116 agit
686 3060 874 3104 contra
927 3062 1256 3116 asserentes,
1295 3054 1456 3107 unius
1500 3054 1669 3108 luisse
1720 3067 1927 3111 natura:
1957 3056 2125 3111 Deum

559 3142 822 3208 Vcrbum,
868 3156 922 3200 et
955 3148 1098 3214 quod
1127 3161 1192 3199 ex
1225 3146 1435 3200 semine
1464 3146 1632 3200 David
1657 3151 1888 3217 sumpsit
1918 3148 2123 3220 princi-

2218 615 2423 686 ἕφησεν
2448 655 2464 680 ,
2522 617 2733 670 ἐκεῖνον
2768 616 2979 685 είσάγει
3016 612 3429 685 διαπεπρᾶχθαι
3450 629 3467 645 ο
3504 610 3809 682 ἀπεχθάνε-

2218 706 2343 758 σθαι
2390 705 2447 759 δὲ
2476 706 2678 777 μᾶλλον
2728 707 2925 777 μάγοις
2955 707 3051 760 καὶ
3081 705 3399 775 φαρμακοῖς
3416 702 3483 765 ¹⁹,
3530 701 3606 772 μὴ
3635 702 3717 755 ὅτι
3744 717 3809 770 γε

2218 800 2381 854 αὐτὸν
2414 802 2482 871 τῇ
2519 800 2708 871 μάγων
2724 798 2770 831 ¹⁰
2796 798 3263 869 προσανακεῖσθαι
3288 798 3475 868 τέχνῃ.

2290 980 2428 1050 Περὶ
2471 978 2529 1032 δὲ
2564 979 2674 1032 τῶν
2708 977 2883 1032 Ἰνδῶν
2909 969 3067 1041 οὗτος
3091 975 3161 1031 τὰ
3192 975 3374 1030 πάντα
3390 975 3432 1007 ²¹
3485 974 3811 1046 παραλογιῖμ

2218 1089 2357 1129 τατα
2389 1072 2484 1126 καὶ
2518 1071 2856 1125 ἀπιστότατα
2883 1067 3254 1142 διαρραψῳδεῖ
3275 1084 3291 1100 ο
3327 1067 3521 1132 πίθους
3558 1067 3666 1139 γὰρ
3706 1067 3809 1122 αὑ-

2220 1167 2336 1228 τοῖς
2362 1164 2593 1236 πλήρεις
2622 1162 2848 1235 ὄμϐρων
2888 1163 2984 1217 καὶ
3019 1161 3239 1233 ἀνέμων
3268 1161 3393 1226 δοὺς
3423 1160 3540 1214 ὕειν
3569 1159 3669 1232 τὴν
3698 1158 3810 1232 χὼ-

2222 1274 2328 1328 ραν
2354 1255 2657 1328 ἀνομϐρίας
2689 1254 3019 1326 ἐπεχούσης,
3064 1251 3158 1327 [52
3203 1254 3299 1327 11.]
3332 1251 3650 1325 ὲξικμάξειν
3673 1254 3720 1286 ⁸⁸
3750 1270 3815 1309 τε

2223 1343 2291 1403 αὖ
2324 1348 2863 1420 καταρῤηγνυμένων
2902 1347 3126 1419 ὄμϐρων
3164 1349 3286 1410 ταῖς
3328 1348 3393 1400 ἐκ
3411 1346 3459 1378 ’³
3492 1346 3667 1400 πίθων
3707 1346 3816 1401 ἀνὰ

2227 1440 2392 1512 μέρος
2422 1441 2710 1513 χορηγίαις
2747 1440 2975 1513 κυρίους
3020 1439 3263 1505 ἐκάθισε,
3294 1437 3651 1510 παραπλήσια
3683 1438 3814 1493 τού⁶

2224 1549 2337 1596 τοις
2382 1532 2571 1600 ἀνοίας
2607 1534 2779 1603 μεστὰ
2808 1532 2904 1585 κοιλ⁴
2945 1533 3110 1603 ἕτερα
3140 1532 3368 1585 πλεῖστα
3399 1532 3812 1601 τερατευσάμε-

2225 1644 2332 1689 νος.
2364 1627 2451 1680 Ἐν
2481 1627 2625 1681 ὀκτὼ
2654 1628 2711 1681 δὲ
2740 1628 2919 1696 λόγοις
2949 1628 2981 1696 ἡ
3017 1627 3167 1679 πᾶσα
3199 1624 3348 1695 αὑτῷ
3379 1625 3477 1697 τῆς
3510 1641 3811 1695 ματαιοπο-

2234 1718 2343 1781 νίας
2383 1720 2586 1789 σπουδὴ
2622 1720 3024 1790 κατηνάλωται.

2940 1810 3075 1866 ME'.

2152 1883 2195 1938 Β
2230 1902 2717 1971 Ἀνδρονικιαινοῦ
2747 1905 2896 1975 πρὸς
2924 1904 3336 1975 Εὐνόμιον-οὺς
3363 1903 3531 1972 λόγοι
3558 1901 3813 1973 βραχεῖς

2956 1976 3087 2030 δύο.

2304 2069 2393 2142 [14
2417 2066 2509 2139 Η.]
2545 2067 2883 2138 ’Ᾱνεγνώσθη
2893 2084 2992 2121 σαν
3005 2068 3051 2099 ³⁸
3074 2064 3506 2137 Ἀνδρονικιανοῦ
3525 2065 3682 2131 Πρὸς
3695 2065 3811 2116 E13-

2230 2160 2554 2232 νομιανοὺς
2590 2157 3029 2229 λόγοιβραχεῖς
3046 2157 3176 2210 δύο.
3211 2157 3581 2225 ’Υπισχνεῖται
3598 2154 3695 2225 μὲν
3715 2150 3811 2206 οὖν

2232 2256 2291 2307 ὲν
2314 2254 2621 2324 προοιμίοις
2650 2252 2883 2322 μεγάλα,
2910 2252 2973 2304 οὐ
3000 2249 3224 2303 τοιαῦτα
3249 2250 3304 2302 δὲ
3334 2249 3370 2302 ὃ.
3396 2250 3687 2319 διέρχεται,
3716 2249 3811 2300 καὶ

2233 2346 2466 2418 μάλιστά
2498 2363 2559 2413 γε
2585 2346 2642 2413 ὲν
2668 2344 2745 2416 τῷ
2775 2344 3011 2414 δευτέρῳ
3036 2341 3363 2413 λόγῳ.Ἔστι
3395 2340 3450 2393 δὲ
3485 2336 3639 2403 οὗτος
3667 2340 3813 2409 φιλο-

2231 2439 2421 2507 σοφίας
2465 2438 2701 2510 ἐραστὴς
2728 2436 2805 2506 τῷ
2836 2454 2898 2488 τε
2932 2437 3050 2507 ἤθει
3081 2436 3178 2488 καὶ
3224 2436 3290 2503 τῇ
3335 2434 3542 2505 διανοίᾳ
3574 2432 3671 2486 καὶ
3712 2432 3809 2485 τοῦ

2228 2529 2389 2597 λόγου
2416 2530 2494 2600 τῷ
2524 2530 2787 2600 σχήματι,
2818 2527 3141 2599 Χριστιανὸς
3176 2526 3231 2579 δὲ
3261 2525 3339 2596 τῷ
3374 2525 3700 2595 σεϐάσματι.

2949 2620 3097 2686 Μςυ.

2230 2712 2613 2781 Θεοδωρήτου
2661 2712 2999 2766 ἐπισκόπου
3046 2713 3245 2780 Κύρου
3289 2714 3460 2781 λόγοι
3510 2708 3615 2770 κζ’.
3651 2709 3812 2777 Πρὸς

2728 2784 3055 2851 διαφόρους
3094 2784 3314 2849 θέσεις.

2297 2874 2641 2945 ’Λνεγνώσθη
2658 2874 3007 2944 Θεοδωρήτου
3024 2874 3327 2925 ἐπισκόπου
3342 2873 3424 2929 Κύ
3435 2890 3529 2942 ρου
3540 2872 3711 2941 λόγοι
3732 2871 3813 2931 xtr-

2228 2970 2380 3039 πρὸς
2397 2970 2723 3038 διαφόρους
2746 2966 2965 3033 θέσεις’
2985 2960 3060 3021 ὧν
3088 2969 3117 3020 ὁ
3142 2969 3242 3037 μὲν
3258 2968 3473 3039 πρῶτις
3495 2965 3651 3033 λόγος
3678 2966 3816 3035 πρὸς

2225 3063 2352 3123 τοὺς
2376 3061 2633 3129 λέγοντας
2665 3060 2792 3130 μίαν
2823 3061 2985 3128 φύσιν
3017 3060 3345 3130 γεγενῆσθαι
3369 3059 3458 3113 τὸν
3481 3059 3613 3111 Θεὸν
3641 3060 3818 3127 Λόγον

2227 3153 2321 3204 καὶ
2353 3152 2451 3220 τὴν
2477 3154 2541 3204 ἐκ
2569 3150 2883 3221 σπέρματος
2914 3149 3077 3202 Δαϐἱδ
3101 3150 3401 3222 ληφθεῖσαν
3425 3150 3682 3221 ἀπαρχὴν
3719 3153 3818 3203 καὶ

556 3237 726 3303 pium.
752 3236 989 3304 itemque
1008 3237 1273 3290 adversus
1297 3252 1416 3302 eos,
1438 3239 1526 3305 qui
1550 3238 1817 3290 divinitati
1844 3240 2125 3307 passiones

2232 3242 2644 3312 προσάπτοντας
2667 3242 2735 3294 τὰ
2760 3240 2906 3310 πάθη
2931 3243 2996 3311 τῇ
3020 3240 3253 3311 θεότητι,
3278 3243 3307 3294 ό
3325 3241 3381 3294 δὲ
3408 3241 3659 3311 δεύτερος
3678 3242 3817 3310 πρὸς

554 3328 1265 3381 attribuunt.—Secundus
1304 3329 1463 3391 liber,
1504 3344 1626 3382 cum
1683 3332 1887 3383 eisdem
1915 3345 1945 3385 e
1981 3330 2131 3385 Scri-

567 3431 725 3487 ptura
786 3436 1005 3474 manum
1049 3421 1285 3475 validius
1335 3422 1616 3476 conserit..
1670 3421 2011 3486 —-Terlius,
2065 3422 2132 3477 de

556 3514 741 3565 eadem
780 3528 838 3566 re
869 3512 1131 3582 disputat.
1158 3543 1229 3553 —
1259 3514 1517 3581 Quartus,
1553 3525 1865 3568 sanctorum
1902 3512 2129 3568 Patrum

556 3605 797 3658 continet
835 3605 1164 3668 doctrinam,
1198 3605 1264 3659 de
1314 3606 1548 3675 gloriosa
1588 3605 1969 3661 incarnatione
2018 3605 2128 3658 Dn-

558 3698 687 3750 miui
714 3698 885 3751 nostri
915 3695 1043 3752 Jesu
1073 3698 1277 3753 Christi
1302 3699 1427 3754 Filii
1453 3699 1570 3754 Dei.
1593 3729 1662 3738 —
1683 3699 1937 3765 Quintus,
1962 3700 2134 3754 haere-

560 3792 788 3842 ticorum
846 3790 1052 3856 colligit
1109 3791 1421 3858 Opiniones,
1474 3806 1612 3860 quas
1665 3792 1947 3860 componit
2004 3807 2131 3847 cum

556 3884 814 3953 opinione
856 3898 1066 3949 eorum,
1105 3884 1199 3952 qui
1235 3884 1287 3937 in
1323 3884 1545 3938 Christo
1584 3887 1717 3938 duas
1761 3896 1984 3939 naturas
2025 3886 2131 3939 mi-

560 3976 703 4030 nime
731 3988 1055 4045 agnoscunt,
1078 3986 1133 4031 et
1163 3978 1402 4032 ostendit
1448 3993 1701 4046 magnam
1752 3992 1848 4032 eos
1886 3980 2028 4032 inter
2074 3994 2133 4033 se

560 4067 887 4122 aﬂinitatem
951 4068 1174 4123 habere.
1206 4100 1278 4110 —
1325 4068 1559 4136 Sextus,
1601 4072 1752 4140 punit
1800 4087 1968 4125 unum
2006 4086 2131 4126 esse

563 4157 759 4213 Filium
793 4158 1083 4214 Dominum
1109 4170 1357 4215 nostrum
1389 4159 1573 4215 Jesum
1608 4161 1982 4216 Christum.—
2000 4161 2134 4232 Sep-

560 4250 744 4313 timus,
771 4252 1012 4319 cpistola:
1052 4251 1231 4305 locum
1279 4262 1449 4315 tenet,
1483 4254 1682 4322 quibus
1725 4254 1976 4308 volumen
2024 4256 2137 4325 pri-

561 4358 706 4394 mmu
748 4342 1064 4396 absolvitur.
1095 4372 1166 4383 —
1207 4344 1442 4399 Octavus
1475 4360 1624 4411 vero,
1656 4356 1844 4400 contra
1889 4362 2004 4411 eos,
2040 4347 2133 4416 qui

562 4433 913 4489 multitudine
931 4436 1193 4491 duntaxat
1210 4438 1495 4493 veritatem
1520 4437 2127 4507 dijudicant.-—Nonus,

561 4526 613 4578 in
660 4540 775 4589 eos,
841 4528 931 4596 qui
968 4529 1175 4597 jactant
1209 4542 1317 4584 non
1364 4540 1614 4598 oportere
1645 4545 1675 4583 e
1705 4530 2003 4598 Scripturis
2044 4542 2135 4585 aut

2231 3336 2358 3398 τοὺς
2405 3334 2602 3396 αὐτοὺς
2648 3332 3065 3405 γραφικώτερον
3110 3333 3593 3402 συμπλεκόμενος,
3644 3334 3742 3386 καὶ
3789 3334 3821 3384 ὁ

2233 3427 2413 3500 τρίτος
2443 3428 2572 3496 περὶ
2608 3425 2706 3495 τῆς
2734 3424 2905 3493 αὐτῆς
2937 3424 3344 3488 ὑποθέσεως,⁹0
3368 3424 3423 3477 δὲ
3445 3424 3704 3494 τέταρτος
3740 3424 3821 3477 δι-

2232 3517 2532 3581 δασκαλίας
2563 3518 2672 3570 τῶν
2721 3518 2890 3585 ἁγίων
2938 3517 3201 3586 Πατέρων
3247 3518 3493 3585 περιέχει
3543 3517 3675 3584 περὶ
3717 3518 3818 3584 τῆς

2235 3610 2446 3677 ἐνδόξου
2482 3611 2797 3680 οἰκονομίας
2824 3610 2919 3662 τοῦ
2948 3610 3218 3662 Δεσπότου
3249 3610 3406 3680 ἡμῶν
3438 3608 3676 3679 Χριστοῦ
3721 3609 3817 3661 τοῦ

2236 3701 2366 3753 Υίοῦ
2412 3701 2505 3754 τοῦ
2553 3701 2789 3755 Θεοῦ.Ὁ
2832 3701 3013 3771 μέντοι
3044 3700 3295 3770 πέμπτος
3325 3700 3615 3769 αἰρετικῶν
3660 3699 3820 3764 δόξας

2235 3778 2500 3862 ἀθροίζεῖ,
2532 3792 2627 3844 καὶ
2681 3790 3047 3862 παρατίθησιν
3090 3790 3260 3851 αὑτὰς
3308 3793 3375 3859 τῇ
3422 3789 3547 3861 δόξῃ
3591 3790 3697 3842 τῶν
3742 3793 3817 3860 μὴ

2235 3882 2644 3952 ὁμολογούντων
2673 3884 2766 3937 ἐπὶ
2809 3884 3047 3953 Χριστοῦ
3077 3882 3171 3936 δύο
3202 3882 3415 3952 φύσεις,
3455 3886 3549 3937 καὶ
3575 3884 3819 3937 δείκνυσι

2238 3976 2437 4047 πολλὴν
2476 3976 2612 4047 πρὸς
2654 3976 2915 4046 ἀλλήλους
2942 3976 3300 4037 διασῴζοντας
3338 3976 3435 4044 τὴν
3471 3977 3816 4043 συγγένειαν.

2250 4070 2308 4124 Ὀ
2352 4070 2408 4123 δὲ
2453 4070 2609 4131 ἕκτος
2646 4068 3000 4137 διαλαμϐάνει
3033 4068 3115 4120 ὅτι
3144 4062 3225 4130 εἷς
3257 4070 3404 4121 ἐστὶν
3418 4070 3463 4101 ³⁸
3489 4069 3614 4131 Υἱὸς
3643 4068 3673 4120 ὁ
3702 4068 3817 4120 Κύ-

2239 4180 2351 4234 ριος
2398 4161 2554 4233 ἡμῶν
2591 4159 2798 4230 Ἰησοῦς
2842 4162 2869 4212 ὁ
2900 4160 3152 4230 Χριστός.
3174 4160 3231 4212 Ὁ
3260 4160 3483 4230 ἕϐδομος
3527 4161 3818 4230 ἐπιστολῆς

2236 4256 2424 4323 ἐπέχει
2460 4254 2651 4305 τόπον·
2687 4254 2744 4306 ὲν
2776 4248 2857 4314 οἷς
2885 4252 2945 4304 τὺ
2987 4252 3200 4322 πρῶτον
3234 4253 3636 4324 συνεπληροῦτο
3651 4255 3696 4285 ’⁸
3731 4254 3817 4323 βι-

2239 4348 2405 4399 ϐλίον.
2427 4345 2484 4398 '0
2512 4345 2570 4397 δὲ
2597 4344 2780 4411 ὄγδοος
2802 4344 2846 4375 ³⁷
2876 4345 3011 4414 πρὸς
3036 4345 3162 4406 τοὺς
3190 4344 3383 4415 πλήθει
3416 4346 3562 4414 μόνῳ
3605 4347 3819 4416 κρίνον-

2236 4454 2335 4499 τας
2367 4438 2465 4507 τὴν
2490 4435 2764 4504 ἀλήθειαν.
2787 4435 2843 4488 '0
2878 4435 3095 4498 ἔννατος
3125 4438 3260 4507 πρὸς
3299 4438 3426 4500 τοὺς
3454 4436 3710 4505 λέγοντας
3743 4438 3820 4508 μὴ

2238 4523 2347 4576 δεῖν
2372 4522 2480 4576 ἀπὸ
2501 4522 2610 4575 τῶν
2640 4523 2678 4573 Γ
2686 4523 2871 4592 ραφῶν
2895 4523 3077 4593 ζητεῖν
3099 4524 3131 4593 ἢ
3160 4525 3360 4588 λαλεῖν,
3392 4526 3507 4578 ἀλλ’
3529 4527 3820 4596 ἀρκεῖσθαι

561 4614 731 4683 loqui,
758 4626 852 4670 aut
885 4631 1149 4685 quaerere,
1179 4620 1271 4671 sed
1307 4618 1464 4672 [idem
1490 4634 1643 4672 suam
1668 4619 1771 4673 sibi
1794 4618 2129 4674 sullicere.—

2241 4618 2307 4687 τῇ
2345 4615 2477 4687 παρ’
2505 4618 2717 4679 ἑαυτοῖς
2746 4615 3021 4671 πίστει.⁹0
3053 4618 3084 4670 ι’
3106 4618 3242 4687 πρὸς
3263 4618 3390 4680 τοὺς
3420 4619 3820 4689 προϐάλλοντας

562 4707 835 4774 Decimus,
865 4709 916 4762 itt
949 4709 1089 4764 male
1112 4710 1435 4780 ohjicientes
1462 4710 1592 4763 illud
1626 4728 1641 4765 :
1681 4728 1700 4761 ι
1736 4710 1969 4764 Verbum
1996 4728 2131 4766 caro

562 4798 763 4853 factum
810 4808 914 4854 est.
947 4818 966 4852 ι
989 4831 1060 4841 -
1101 4801 1462 4865 Undecimus,
1497 4804 1757 4857 adversus
1788 4802 2139 4870 prohibentes

561 4891 699 4946 duas
737 4907 933 4961 capere
983 4895 1035 4947 iu
1083 4894 1459 4948 incarnatione
1490 4906 1733 4949 naturas.
1771 4924 1842 4934 —
1871 4893 2141 4948 Duodeci-

562 4999 704 5047 mus,
740 4985 793 5037 in
827 5000 922 5038 eos
956 4986 1046 5053 qui
1076 4998 1333 5041 asserunt
1359 4989 1653 5051 dicentem,
1680 4988 1825 5041 aliud
1857 5001 1978 5041 esse
2000 4986 2139 5040 Ver-

564 5079 714 5142 bum,
765 5078 910 5132 aliud
952 5094 1073 5133 esse
1113 5095 1356 5146 carnem,
1401 5082 1535 5134 duos
1584 5080 1723 5133 ﬁlios
1776 5082 2041 5149 proﬁteri.
2068 5112 2141 5124 —

561 5170 818 5226 Decimus
858 5174 1077 5238 tertius,
1119 5183 1309 5227 contra
1368 5175 1638 5241 dicentes,
1681 5176 1827 5244 quod
1881 5176 2024 5229 idem
2069 5180 2141 5232 sit

560 5258 838 5316 Christum
881 5264 1151 5317 hominem
1197 5279 1525 5334 agnoscere,
1578 5276 1743 5335 atque
1814 5265 1866 5320 in
1919 5267 2139 5323 homine

563 5367 713 5419 spem
780 5352 1069 5407 collocare.
1127 5382 1197 5391 —
1246 5354 1501 5409 Decimus
1537 5365 1774 5423 quartus
1805 5398 1819 5421 ,
1877 5357 2140 5412 adversus

562 5444 912 5499 enuntiantes
944 5464 957 5500 :
993 5464 1012 5496 ι
1050 5445 1248 5499 Passus
1281 5453 1363 5501 est
1391 5448 1509 5500 sine
1535 5447 1808 5514 passione.
1852 5466 1950 5498 ι-
1981 5448 2137 5503 Deci-

565 5552 687 5592 mus
715 5538 955 5607 quintus,
997 5538 1048 5590 in
1103 5553 1216 5602 eos,
1249 5539 1341 5609 qui
1372 5539 1562 5594 dicunt
1598 5555 1611 5590 :
1647 5555 1665 5590 ι
1694 5537 1894 5594 Passus
1936 5549 2020 5594 est
2064 5542 2138 5595 uti

2245 4707 2531 4776 κακοήθως
2560 4708 2622 4759 τὸ
2646 4709 2703 4761 (ὁ
2726 4708 2897 4776 Λόγος
2920 4708 3054 4780 σὰρξ
3078 4710 3344 4776 ἐγένετο.»
3366 4711 3423 4762 '0
3443 4716 3511 4763 ια’
3531 4712 3666 4781 πρὸς
3692 4714 3821 4773 τοὺς

2246 4800 2553 4863 κωλύοντας
2583 4799 2676 4854 δύο
2701 4801 2891 4870 φύσεις
2909 4801 3002 4853 ἐπὶ
3021 4802 3117 4871 τῆς
3134 4802 3599 4874 ὲνανθρωπήσεως
3616 4803 3823 4874 ἐκλαμ-

2245 4891 2447 4945 ϐάνειν.
2470 4892 2526 4944 Ὀ
2560 4890 2624 4961 ιβ’
2656 4893 2791 4963 πρὸς
2827 4895 2952 4954 τοὺς
2983 4893 3237 4961 λέγοντας
3278 4896 3359 4948 ὅτι
3407 4899 3435 4949 ό
3476 4894 3645 4965 λέγων
3694 4898 3825 4951 ἄλλο

2251 4982 2351 5053 μὲν
2378 4983 2469 5037 τὸν
2501 4982 2658 5051 λόγον
2687 4984 2814 5038 ἄλλο
2841 4985 2899 5038 δὲ
2929 4986 3030 5056 τὴν
3075 4985 3252 5055 σάρκα
3279 4986 3371 5039 δύο
3403 4988 3552 5051 υἱοὺς
3578 4989 3745 5055 λέγει.
3764 4991 3823 5042 Ὀ

2248 5082 2316 5142 ιγ’
2338 5075 2475 5145 πρὸς
2497 5074 2623 5137 τοὺς
2648 5074 2903 5143 λέγοντας
2930 5077 3010 5130 ὃτι
3032 5075 3092 5129 τὸ
3116 5078 3207 5129 καὶ
3229 5077 3514 5149 ἄνθρωπον
3534 5080 3824 5148 γινώσκειν

2243 5168 2336 5222 τὸν
2367 5168 2604 5237 Χριστὸν
2630 5168 2829 5223 ταύτόν
2870 5170 2985 5222 ἐστι
3024 5169 3103 5239 τῷ
3136 5170 3231 5222 καὶ
3261 5172 3341 5233 είς
3366 5171 3652 5242 ἄνθρωπον
3680 5174 3824 5244 ἔχειν

2243 5258 2345 5322 τὰς
2371 5258 2612 5322 ἐλπίδας.
2634 5259 2690 5313 Ὀ
2726 5260 2784 5312 ιδ’
2816 5261 2953 5330 πρὸς
2986 5262 3112 5324 τοὺς
3141 5261 3399 5330 λέγοντας
3441 5262 3642 5317 ἔπαθεν
3684 5268 3829 5318 ἀπα..

2248 5350 2377 5414 θῶς.
2426 5352 2484 5403 '0
2517 5357 2579 5403 ιε’
2614 5350 2750 5419 πρὸς
2806 5352 2933 5414 τοὺς
2976 5352 3232 5419 λέγοντας
3266 5373 3283 5407 ι
3304 5353 3503 5407 ἔπαθεν
3528 5355 3602 5418 ὡς
3627 5357 3827 5429 ἠθέλη-

2250 5460 2363 5496 σεν.
2381 5462 2399 5495 ι
2420 5442 2478 5495 '0
2507 5449 2582 5509 ις’
2611 5443 2749 5513 πρὸς
2776 5444 2903 5506 τοὺς
2928 5443 3184 5512 λέγοντας
3207 5447 3286 5499 ὅτι
3314 5448 3419 5518 χρὴ
3451 5447 3701 5519 δέχεσθαι
3730 5452 3829 5515 τὰς

2249 5534 2434 5608 φωνὰς
2466 5534 2562 5587 καὶ
2594 5534 2669 5606 μὴ
2696 5538 2916 5587 σκοπεῖν
2944 5536 3010 5588 τὰ
3040 5537 3107 5589 δι’
3130 5538 3306 5592 αὐτῶν
3327 5542 3727 5612 σημαινόμενα,
3755 5543 3831 5607 ὡς

1885 5631 2123 5686 γΑιιιΑῑ
2161 5626 2572 5684 LLCTIONES.

634 5728 678 5757 "
710 5728 1025 5802 φαρμάκοις
1056 5744 1130 5802 μς.
1199 5727 1480 5802 "pem,
1507 5727 1609 5782 nisi
1633 5725 1823 5802 lallor.
1850 5726 2002 5802 5.-“
2026 5725 2129 5802 πάν

2238 5726 2472 5802 ’πάντων
2494 5736 2653 5802 corr.
2686 5720 2838 5802 AL“
2863 5719 3168 5802 ἐξεικάζειν
3191 5725 3257 5787 Α,
3289 5726 3622 5802 vulgata__pro
3644 5734 3829 5802 γραφῇ

564 5795 838 5861 apposita.
901 5801 946 5830 ’³
987 5799 1076 5867 ἐκ]
1106 5815 1214 5852 tmo
1250 5795 1313 5851 ἐκ
1365 5802 1494 5853 τῶν.
1606 5798 1651 5827 ⁸⁸
1678 5795 1992 5867 ἀνεγνώσθη
2020 5797 2085 5850 Α.

901 5801 946 5830 η
987 5799 1076 5872 ἐκ]

564 5869 701 5933 πρὸς
757 5883 815 5928 ς.

2155 5797 2199 5827 ’⁵
2234 5797 2381 5844 ἐστιν
2439 5791 2565 5844 add.
2594 5793 2659 5847 Α,
2738 5792 2783 5822 ’⁸
2814 5794 3232 5863 συμπληροῦται
3282 5812 3342 5855 ς.

3420 5799 3463 5827 ⁸⁷
3498 5795 3684 5863 ὄγδοος
3714 5795 3808 5855 και
