4146 6412
351 398 417 461 81
1324 415 1852 481 BIBLIOTHECA.
1884 444 1956 457 -
1977 419 2193 485 CODD.
2253 425 2679 487 XLV-XLVII.
3556 428 3624 487 i2

3590 474 3625 490 ω

351 516 565 581 πάντας
580 520 1014 611 νΰπερδαίνοντα.
1032 529 1092 583 Ὀ
1120 530 1185 593 ιζ’
1203 529 1340 599 πρὸς
1361 534 1488 596 τοὺς
1507 533 1762 602 λέγοντας
1783 532 1949 589 «ἔπαι

2055 540 2248 594 voluit.
2290 560 2309 593 ι
2347 572 2413 585 σ-
2446 542 2700 597 Decimus
2754 548 2965 605 sextus,
3006 541 3057 596 in
3105 552 3411 599 asserentes
3458 559 3624 611 opor-

354 611 446 660 θεν
466 610 689 679 ὁΛόγος
714 618 900 686 σαρκί.
936 639 955 671 ι
991 621 1051 675 Ὀ
1086 620 1155 693 ιη’
1173 623 1308 695 πρὸς
1336 626 1463 689 τοὺς
1492 626 1753 695 λέγοντας
1787 629 1947 683 ποίαν

350 698 624 754 δώσουσιν
651 706 703 758 oi
733 707 978 764 Ἰουδαῖοι
1006 712 1184 785 δίκην,
1209 716 1257 768 εί
1284 714 1360 785 μὴ
1392 715 1526 770 Θεδν
1552 719 1946 791 ἐσταύρωσαν;

364 792 425 845 '0
473 794 542 847 ιθ¹
576 798 716 867 πρὸς
744 801 870 865 τοὺς
897 803 1157 873 λέγοντας
1192 807 1447 873 Ἰουδαῖός
1476 811 1625 864 ἐστιν
1654 812 1683 863 6
1710 811 1785 882 μὴ
1814 810 1947 866 Θεὸν

353 886 739 957 ἐσταυρῶσθαι
765 892 957 962 λέγων.
976 898 1033 951 '0
1063 906 1110 952 κ’
1136 900 1276 971 πρὸς
1307 900 1435 965 τοὺς
1462 901 1722 970 λέγοντας
1746 904 1829 957 ὅτι
1857 905 1951 957 καὶ

355 977 582 1044 ἄγγελοι
613 982 705 1034 ἐπὶ
736 984 831 1037 τοῦ
869 987 1123 1058 ’Δὸραὰμ
1171 991 1450 1056 ἐσθίοντες
1473 994 1535 1047 οὐ
1566 995 1785 1060 πάντως
1816 1013 1951 1068 σαρ-

356 1068 454 1130 κὸς
478 1069 643 1137 φύσιν
674 1074 1024 1145 ἐπεφέροντο.
1044 1081 1103 1134 '0
1132 1089 1217 1134 κα¹
1241 1084 1378 1154 πρὸς
1399 1086 1527 1149 τοὺς
1552 1088 1951 1159 σμικρύνοντας

354 1160 587 1254 ἕκαστον
622 1165 807 1238 θαῦμα
836 1171 913 1241 τῷ
943 1175 1225 1243 ἀρνεῖσθαι
1270 1176 1369 1249 τὴν
1404 1179 1603 1249 σάρκα.
1638 1180 1733 1253 [55
1764 1182 1856 1254 [1.]
1890 1184 1950 1238 Ὀ

354 1252 439 1321 κβ⁹
468 1255 607 1321 πρὸς
633 1260 763 1322 τοὺς
796 1260 1133 1331 ζημιοῦντας
1165 1267 1326 1337 ἡμῶν
1356 1269 1417 1322 τὸ
1445 1271 1603 1338 γένος
1765 1252 1951 1345 μὴῄλέ-

353 1358 474 1409 γειν
507 1348 572 1399 ἐκ
601 1348 703 1418 τῆς
730 1351 947 1420 φύσεως
978 1357 1132 1427 ἡμῶν
1170 1359 1425 1429 εἰλῆφθαι
1460 1361 1558 1433 τὴν
1588 1364 1870 1437 ἀπαρχήν.
1890 1366 1948 1419 '0

353 1442 440 1501 κγ’
465 1438 605 1508 πρὸς
625 1442 751 1506 τοὺς
770 1443 1026 1514 λέγοντας
1056 1451 1337 1505 πιστεύειν
1365 1454 1551 1519 ἁπλῶς
1572 1451 1653 1519 οἷς
1670 1458 1715 1489 ³⁸
1733 1458 1950 1527 λέγουσι

354 1527 451 1578 καὶ
486 1527 562 1597 μὴ
597 1536 885 1587 κατανοεῖν
912 1537 965 1589 τί
1001 1540 1215 1609 πρέπον
1244 1542 1276 1612 ἢ
1308 1544 1578 1612 ἀπρεπές.
1620 1545 1679 1599 '0
1709 1548 1790 1601 κδ’
1813 1550 1949 1619 πρὸς

353 1620 486 1683 τοὺς
516 1620 876 1694 ἀναιροῦντας
907 1629 1007 1701 τὴν
1037 1631 1147 1685 τῶν
1179 1633 1396 1701 φύσεων
1424 1636 1688 1709 διαφορὰν
1721 1642 1859 1709 μετὰ
1888 1642 1949 1693 τὸ

355 1710 531 1776 πάθος
558 1717 655 1769 καὶ
682 1718 783 1790 τὴν
824 1721 1113 1794 ἀνάληψιν.
1131 1724 1190 1777 '0
1225 1733 1305 1780 κε’
1334 1730 1808 1800 ἀνακεφαλαίωσις
1840 1733 1948 1785 τῶν

2050 642 2165 687 tere
2189 646 2350 688 voces
2377 634 2523 703 ipsas
2548 634 2838 703 accipere;
2871 649 2977 688 non
3006 644 3187 689 autem
3217 650 3406 689 earum
3439 648 3621 700 sensa,

2049 736 2105 780 nt
2140 742 2261 795 qua:
2297 727 2538 781 omnium
2590 739 2805 797 captum
2841 729 3130 794 excedant,
3162 728 3523 784 considerare.
3556 757 3625 767 ——-

2050 816 2305 873 Decimus
2337 821 2623 890 septimus,
2669 822 2937 877 adversus
2985 822 3227 876 dicentes
3265 838 3280 876 :
3323 840 3345 873 ι
3393 821 3624 876 Verbum

2050 923 2147 979 per
2178 924 2396 965 carnem
2419 928 2634 981 passum
2657 924 2762 969 est.
2796 934 2813 965 ι
2843 945 2912 954 —
2938 915 3191 969 Decimus
3221 921 3467 976 octavus,
3498 927 3626 966 con-

2053 1011 2132 1057 tra
2167 1014 2502 1069 asserentes,
2522 1005 2712 1075 quales
2749 1006 2917 1061 Judaei
2950 1021 3141 1076 pinnas
3169 1006 3346 1059 daturi
3378 1005 3624 1069 fuissent,

2050 1093 2095 1146 si
2137 1092 2306 1148 Deum
2355 1096 2502 1148 cruci
2546 1110 2650 1149 non
2697 1095 3012 1149 aﬂixissent.
3043 1126 3113 1135 —
3143 1096 3393 1149 Decimus
3424 1108 3625 1157 nonus,

2052 1185 2103 1236 itt
2139 1185 2471 1240 afﬁrmantes
2510 1184 2757 1239 Judzeutn
2798 1186 2950 1238 illum
2997 1200 3138 1247 esse,
3177 1184 3267 1251 qui
3312 1181 3479 1235 Deum
3522 1182 3625 1234 nti-

2051 1276 2196 1330 nime
2224 1276 2540 1330 cruciﬁxum
2572 1285 2799 1330 asserat.
2822 1304 2884 1318 --
2904 1274 3229 1338 Vicesimus,
3261 1283 3449 1326 contra
3479 1272 3627 1325 aien-

2053 1376 2152 1429 tes,
2179 1367 2397 1435 angelos
2418 1381 2531 1426 eos.
2553 1366 2644 1435 qui
2672 1366 2811 1435 apud
2839 1366 3210 1419 Abrahamum
3258 1363 3437 1417 cibum
3478 1378 3627 1416 smn-

2050 1469 2429 1529 psertinl,non
2467 1460 2728 1513 continuo
2751 1460 2913 1513 etiam
2961 1459 3144 1512 carnis
3194 1468 3445 1510 naturam
3483 1465 3627 1507 attu-

2053 1552 2200 1605 lisse.
2226 1580 2295 1590 —-
2324 1550 2627 1606 Vicesimus
2664 1550 2890 1617 primus,
2930 1551 3198 1603 adversus
3229 1564 3346 1613 eos,
3390 1548 3480 1617 qui
3523 1548 3626 1599 mi-

2053 1646 2239 1699 racula
2276 1644 2590 1713 singulatim
2629 1652 2953 1708 extetmant,
2983 1644 3108 1695 dunt
3143 1657 3364 1696 carnem
3404 1646 3625 1706 negant.

2048 1766 2118 1777 —-
2150 1735 2453 1791 Vicesimus
2483 1738 2777 1803 secundus,
2801 1739 3065 1791 adversus
3108 1751 3228 1801 eos,
3266 1735 3357 1804 qui
3390 1735 3629 1803 humano

238 2292 245 2303 ν
355 2269 449 2339 [15
480 2270 576 2343 IL}
606 2275 700 2326 καὶ
730 2277 876 2341 τίνες
906 2279 1268 2336 ἐκκλίνουσιν.

354 1805 500 1898 κατὰ
535 1806 702 1879 μέρος
746 1812 1118 1883 ῥηθέντων.⁹0
1150 1826 1243 1883 κς¹
1278 1824 1408 1892 περὶ
1450 1823 1550 1893 τῆς
1581 1824 1806 1895 ὕστερον
1839 1844 1945 1898 μη·-

2054 1829 2233 1897 generi
2282 1831 2537 1882 damnum
2584 1828 2862 1897 irrogant,
2909 1829 3036 1883 dum
3084 1827 3388 1882 concedere
3439 1827 3631 1879 nolunt

356 1896 613 1970 νυθείσης
660 1905 963 1971 συνθέσεως
1005 1910 1126 1981 ἦτοι
1164 1915 1593 1978 συνουσιώσεως.
1615 1917 1674 1970 '0
1705 1920 1786 1983 κζ’
1817 1896 1947 1989 περὶ

2054 1934 2118 1971 ex
2146 1927 2331 1971 nostra
2371 1926 2561 1971 natura
2601 1896 2927 1989 principium
2967 1928 3237 1987 sumptum
3272 1930 3414 1970 esse.
3438 1943 3507 1954 --
3537 1913 3630 1965 Vi-

352 1993 452 2082 τοῠ
486 1993 630 2046 κατά
660 1995 752 2048 τὸν
783 1998 963 2052 κοινὸν
1005 2002 1296 2072 ἄνθρωπον
1328 2006 1745 2079 ὑποδείγματος.
1775 2012 1945 2082 Δῆλον

2054 2011 2289 2064 cesimus
2333 2010 2549 2073 tertius,
2591 2020 2781 2065 contra
2814 2009 3109 2078 iactantes,
3143 2008 3370 2063 credere
3413 2004 3631 2074 simpli-

352 2078 413 2131 δέ
439 2084 535 2134 καὶ
566 2086 631 2138 ὲκ
663 2087 829 2156 μόνης
859 2092 1043 2146 αὐτῶν
1062 2095 1162 2164 τῆς
1194 2095 1525 2161 ὑποθέσεως,
1556 2078 1698 2155 ποῖοι
1726 2078 1943 2156 τῶν-εἰ-

2054 2106 2190 2157 citer
2222 2103 2310 2167 iis,
2341 2117 2460 2171 qua:
2484 2104 2772 2167 dicuntur;
2807 2112 2863 2158 et
2896 2118 3001 2157 non
3034 2104 3341 2167 attendere,
3370 2099 3498 2169 quid
3532 2098 3629 2152 de-

356 2178 612 2245 ρημένων
646 2180 820 2251 λόγων
869 2185 931 2239 τὸ
972 2188 1254 2259 ὀρθὸδοξον
1300 2190 1629 2261 κρατύνουσι
1663 2194 1941 2267 φρόνημα,

2055 2211 2186 2251 cens
2235 2196 2326 2259 sit,
2367 2203 2462 2248 aut
2503 2195 2785 2249 indecens.
2810 2226 2880 2236 -
2914 2195 3219 2250 Vicesimus
3257 2202 3506 2262 quartus,
3536 2187 3632 2243 ad-

2046 2298 2242 2341 versus
2269 2284 2522 2338 tollentes
2564 2295 2886 2338 naturarum
2920 2282 3310 2345 dilierentiam,
3348 2290 3468 2351 post
3495 2292 3630 2347 pas-

353 2364 567 2418 sionem
600 2375 655 2419 et
676 2371 1761 2446 ascensionem.-—Vicesimusquintus,
1818 2380 2133 2433 summatim
2186 2392 2249 2431 ea
2276 2377 2493 2447 repetit,
2553 2391 2674 2446 quae
2713 2392 2809 2447 per
2866 2388 3046 2445 partes
3102 2377 3360 2430 hactenus
3431 2370 3627 2425 tradita

354 2468 508 2511 sunt.
543 2488 615 2497 —
647 2460 787 2529 11a
837 2460 1143 2521 Vicesimus
1182 2476 1390 2533 sextus,
1430 2469 1497 2523 de
1546 2471 2048 2540 post-manifestata
2097 2470 2497 2540 compositione
2552 2484 2648 2524 seu
2713 2470 3293 2524 consubstantiatioue.
3344 2494 3418 2506 --
3466 2460 3624 2517 Vice-

352 2554 527 2608 simus
571 2557 859 2624 septimus,
906 2562 971 2615 de
1000 2577 1065 2615 eo
1094 2564 1235 2632 quod
1269 2568 1567 2619 secundum
1598 2583 1944 2623 communem

2058 2569 2255 2622 minem
2291 2576 2394 2633 est,
2420 2566 2689 2636 exemplo.
2710 2566 2927 2621 Clarqu
2946 2581 3077 2631 vero
3123 2566 3203 2617 vel
3262 2580 3329 2618 ex
3357 2564 3474 2618 solo
3510 2575 3601 2619 ar-

353 2658 614 2713 gumento
636 2650 856 2719 quinam
878 2670 941 2708 ex
969 2660 1355 2730 suprascriptis
1396 2663 1546 2719 libris
1574 2668 1937 2720 orthodoxam
1964 2666 2324 2721 corroborent
2352 2666 2681 2729 doctrinam,
2711 2665 2917 2734 quique
2952 2664 3020 2718 ab
3054 2679 3116 2717 eu
3155 2663 3462 2716 discedant.

432 2742 552 2796 Ἔτι
584 2746 643 2798 ὲν
667 2746 745 2817 τῷ
765 2748 912 2819 αὑτῷ
936 2752 1117 2823 τεύχει
1146 2754 1569 2828 ἀνεγνώσθησαν
1586 2761 1631 2794 ²⁹
1662 2760 1758 2814 τοῦ
1779 2761 1945 2815 αὐτοῦ

2122 2760 2312 2815 Adhuc
2343 2762 2396 2815 in
2424 2763 2628 2829 [eodem
2672 2759 2790 2828 ipso
2821 2756 3109 2813 Volumiue
3158 2756 3260 2827 legi
3309 2767 3419 2810 tres
3480 2755 3628 2823 ejus-

354 2828 689 2924 )fyottpsig,
709 2838 929 2904 μείζους
945 2840 1053 2893 τῶν
1069 2847 1505 2916 προειρημένωνο
1538 2850 1945 2924 Ἐρανιστὴςῆ

2054 2852 2173 2907 dem
2221 2853 2387 2908 libros
2431 2852 2801 2922 superioribus
2850 2850 3102 2918 majores.
3148 2849 3386 2904 Titulum
3434 2850 3628 2917 praeie-

357 2922 757 3013 Πολύμορφος
778 2927 1425 3007 ἐφερονέπιγραφήν.Ὦν
1446 2940 1474 2993 6
1494 2941 1590 3011 μὲν
1605 2942 1843 3013 πρῶτος,
1866 2922 1947 2997 ὅτι

2054 2952 2178 2998 runt
2222 2944 2517 3013 ἐρανιστὴς
2553 2943 2689 3013 (75),
2722 2942 2755 3013 ἢ
2784 2940 3143 3010 ῐῐολύμορφος
3161 2939 3237 3008 (id
3269 2949 3369 3003 est,
3406 2940 3629 3001 sodalis,

355 3012 625 3104 ἀτρεπτος
654 3017 682 3068 6
712 3016 844 3082 Θεὸς
878 3019 1081 3090 Λόγοςο
1107 3026 1135 3076 6
1162 3024 1435 3100 δεύτερος,
1467 3030 1549 3083 ὅτι
1576 3012 1881 3102 ἀσύγχυτος
1908 3036 1941 3104 ἡ

2054 3052 2143 3091 seu
2198 3012 2587 3104 multiformis).
2649 3012 2852 3087 Horum
2908 3033 3137 3101 primus,
3184 3032 3348 3086 Deum
3394 3029 3629 3085 Verbum

354 3102 584 3168 ἒνωσιςο
620 3110 647 3160 ὁ
673 3109 882 3180 τρίτος,
918 3113 998 3166 ὅτι
1032 3116 1251 3187 ἀπαθὴς
1277 3120 1306 3172 6
1335 3119 1469 3185 Θεὸς
1497 3122 1822 3189 Λόγος.Ἔτι
1852 3102 1945 3179 καί

2054 3125 2387 3179 immutabile
2409 3102 2738 3179 esse-docet.
2771 3123 2943 3187 Alter,
2979 3121 3338 3193 inconfusam,
3376 3122 3627 3174 minime-

356 3194 639 3267 τέταρτος,
671 3200 729 3252 ἐν
777 3194 821 3271 ᾧ
867 3205 1249 3278 συλλογισμοῖς
1295 3212 1397 3282 τῆς
1441 3215 1611 3285 αὐτῆς
1642 3215 1949 3282 ὑποθέσεως

2054 3232 2158 3286 que
2212 3218 2428 3271 ntistatn
2486 3216 2741 3270 unionem
2788 3228 2929 3269 esse.
2983 3212 3199 3269 Tertius
3243 3213 3630 3283 impassibilem

358 3286 851 3381 ὑπεραγωνίζεται.
882 3291 1042 3353 Οὗτοι
1071 3300 1128 3354 δὲ
1172 3305 1220 3355 oi
1249 3308 1399 3375 τρεῖς
1423 3306 1572 3377 λόγοι
1614 3309 1672 3362 ἐν
1716 3309 1950 3381 διαλόγῳ

358 3378 501 3472 εἰσὶν
530 3382 682 3453 αὐτῷ
718 3385 1186 3461 διεσκευασμένοι,
1214 3396 1262 3447 οἱ
1290 3397 1348 3449 δὲ
1377 3398 1526 3452 ἄλλοι
1552 3378 1946 3472 καταλογάδην..

358 3470 547 3542 Σαφὴς
568 3473 628 3527 δέ
651 3478 801 3531 ἐστιν
831 3481 889 3533 ἐν
916 3482 1088 3537 ἅπασι
1111 3486 1208 3558 τὴν
1234 3488 1458 3558 φράσιν,
1481 3490 1557 3555 ὡς
1578 3492 1837 3564 εὐκρινὴς
1858 3470 1954 3547 καὶ

360 3564 626 3635 καθαρὸς,
656 3570 749 3621 καὶ
783 3572 881 3625 οὐκ
907 3575 1153 3646 ἀμοιρῶν
1186 3580 1279 3631 τοῦ
1312 3581 1486 3651 ἡδέος,
1520 3584 1871 3658 καταλλήλως
1892 3604 1950 3639 τε

360 3659 478 3721 τοῖς
517 3660 785 3731 νοήμασιν
822 3666 1286 3740 ἐνευοηνούμενος
1309 3672 1375 3726 ³⁸.

1080 3960 1213 4013 MZ'.

382 4063 670 4132 Ἰωσήπου
712 4070 1029 4151 ’Ἰουδαίου
1073 4078 1145 4130 τὰ
1183 4078 1335 4151 κατὰ
1384 4078 1707 4151 Ἰουδαίους
1768 4082 1948 4150 πάθη,

627 4140 727 4192 καὶ
758 4142 797 4209 ἠ
828 4141 938 4209 τῆς
981 4143 1380 4217 Ἰερουσαλὴμ
1414 4149 1663 4217 ἅλωσις.

440 4249 781 4325 Ἀνεγνώσθη
811 4258 1080 4329 Ἰωσήπου
1094 4260 1350 4317 Ἰουδαίου
1363 4264 1434 4319 τὰ
1451 4268 1606 4321 κατὰ
1622 4267 1953 4335 Ἰουδαίους

364 4341 551 4410 πάθη,
580 4344 639 4397 ἐν
667 4339 746 4407 οἷς
771 4346 806 4417 ἦ
836 4364 896 4400 τε
919 4350 1020 4419 τῆς
1053 4350 1409 4425 Ἰερουσαλὴμ
1430 4358 1522 4409 ἐπὶ
1549 4357 1694 4410 τέλει
1726 4358 1835 4411 τῶν
1865 4358 1953 4412 λό·

365 4450 483 4501 γων
525 4434 727 4501 ἅλωσις
770 4440 867 4494 καὶ
915 4444 947 4513 ἠ
1000 4443 1102 4511 τῆς
1146 4447 1408 4511 Μασάδας
1438 4448 1719 4519 πολίχνης,
1749 4451 1857 4521 πρὸ
1893 4450 1952 4504 δὲ

2056 3306 2170 3361 sive
2212 3303 2713 3374 imperturbabilem
2764 3317 2884 3358 esse
2928 3304 3093 3357 Deum
3114 3300 3373 3357 Verbum.
3410 3302 3635 3356 Accedit

2055 3406 2301 3464 quartus,
2330 3396 2381 3449 iu
2416 3410 2524 3464 quo
2557 3395 2884 3467 syllOgismis
2931 3395 3046 3450 haec
3092 3394 3277 3450 eadem
3311 3406 3631 3465 argumenta

2056 3486 2475 3556 retexit.Atque
2534 3488 2588 3542 hi
2638 3487 2862 3557 quidem
2917 3487 3040 3542 libri
3092 3502 3187 3556 per
3241 3487 3512 3558 dialogum
3566 3489 3634 3542 ah

2054 3579 2170 3647 ipso
2218 3580 2509 3648 conscripti
2551 3590 2699 3641 sunt,
2760 3579 2951 3648 reliqui
3005 3595 3134 3633 vero
3186 3580 3524 3644 continenti,
3571 3596 3635 3633 ac

2055 3680 2312 3739 perpetua
2371 3672 2535 3728 serie.
2592 3672 2778 3745 Stylus
2824 3675 2872 3728 ei
2925 3672 2979 3727 in
3011 3672 3262 3728 omnibus
3316 3674 3634 3744 perspicuus

2054 3764 2161 3831 (est
2182 3765 2325 3817 en’tu
2377 3766 2666 3819 distinctus
2721 3781 2785 3820 ac
2836 3764 3022 3831 purus)
3066 3780 3240 3833 neque
3278 3764 3635 3832 iucunditatis

2055 3867 2249 3923 expers
2277 3870 2290 3906 :
2325 3854 2673 3924 proportione
2695 3870 2819 3908 vero
2841 3856 3090 3909 seusibus
3125 3854 3403 3909 exuberat.

2744 3968 2950 4024 XLVII.

2236 4078 2453 4147 Iosephi
2484 4077 2664 4134 Judaei
2695 4079 2759 4132 de
2784 4078 2916 4132 libro
2943 4077 3174 4132 Iudaico
3200 4078 3320 4130 libri
3347 4092 3445 4131 VII.

2126 4259 2257 4327 Legi
2295 4256 2590 4329 Josephum
2623 4255 2891 4323 Judaeum,
2924 4256 3001 4310 De
3020 4256 3262 4310 Judaicre
3289 4256 3457 4325 gentis
3485 4255 3638 4310 'cala-

2059 4356 2241 4409 milale
2263 4362 2420 4422 atque
2450 4352 2684 4407 interitu.
2705 4350 2824 4418 Quo
2857 4351 2909 4405 in
2942 4350 3079 4405 libro
3104 4359 3348 4403 extremo
3378 4349 3635 4403 llieroso-

2058 4448 2325 4519 lymorum
2376 4444 2644 4501 excidium
2689 4454 2895 4509 narrat,
2946 4453 2999 4496 et
3038 4442 3267 4495 Masadre
3303 4440 3483 4510 oppidi
3528 4458 3543 4493 :
3581 4450 3679 4492 et,

602 4530 635 4596 ἠ
664 4530 774 4582 τῶν
793 4531 1155 4598 Ἰωταπάτων.
1183 4539 1241 4590 ὲν
1288 4533 1323 4614 ᾖ
1375 4540 1470 4592 καὶ
1508 4540 1673 4605 αὐτὸς
1692 4542 1950 4613 Ἰώσηπος

2062 4550 2190 4594 ante
2235 4541 2350 4593 hare
2399 4535 2799 4605 Jotapatorum,
2846 4537 2897 4589 iu
2950 4550 3060 4603 quo
3105 4543 3161 4587 et
3215 4533 3329 4599 ipse
3365 4528 3639 4596 Josephus

366 4616 505 4685 ἥλω,
537 4618 616 4672 ἔτι
654 4621 711 4675 δὲ
738 4623 1018 4695 Γισχάλων
1032 4629 1074 4660 ³⁸
1104 4628 1306 4694 ἅλωσις
1330 4633 1424 4685 καὶ
1446 4632 1622 4687 ἄλλων
1642 4632 1950 4691 Ἰουδαϊκῶν

367 4709 649 4797 φρουρίων
694 4713 1084 4785 ἐρημία.Ἔστι
1128 4720 1186 4773 δὲ
1237 4722 1388 4793 αὐτῷ
1403 4723 1448 4756 ³³
1477 4724 1539 4778 τὸ
1571 4723 1854 4797 σύνταγμα
1894 4728 1953 4779 ὲν

369 4796 556 4865 λόγοις
581 4802 739 4859 ἐπτά.
766 4807 1025 4880 Καθαρὸς
1054 4811 1155 4880 τὴν
1175 4813 1397 4884 φράσιν,
1425 4818 1521 4869 καὶ⁵
1552 4796 1952 4888 ἀξίωμαλόγου

374 4889 514 4958 μετά
540 4893 847 4965 εὐκρινείας
877 4902 972 4954 καὶ
1006 4902 1199 4974 ἡδονῆς
1241 4904 1416 4969 δεινὸς
1443 4908 1700 4979 ἐκφῆναι,
1729 4910 1955 4975 πιθανός

368 4994 434 5030 τε
462 4985 585 5046 ταῖς
616 4984 977 5057 δημηγορίαις
1011 4994 1107 5047 καὶ
1131 4994 1405 5066 ἐπίχαρις,
1440 4997 1547 5050 κᾶν
1578 4999 1671 5051 ἐπὶ
1699 5000 1954 5053 τάναντία

372 5074 402 5123 ὁ
429 5076 616 5143 καιρὸς
635 5079 772 5149 καλῇ
800 5084 1107 5152 χρήσασθαι
1128 5087 1206 5157 τῷ
1225 5087 1389 5157 λόγῳ,
1414 5088 1587 5153 δεξιὸς
1611 5090 1705 5142 καὶ
1728 5089 1955 5160 γόνιμος

372 5165 775 5239 ἐνθυμημάτων
821 5176 1195 5250 ὲφζέκάτερα,
1232 5181 1327 5233 καὶ
1361 5181 1769 5250 γνωμολογικὺς
1792 5181 1849 5234 δὲ
1877 5182 1954 5246 ὡς

2060 4640 2281 4701 raptus;
2320 4640 2579 4699 praeterea
2611 4626 2989 4683 Giscltalorttttt
3035 4623 3397 4688 eversionem,
3421 4632 3475 4676 et
3500 4622 3638 4677 alio-

2061 4738 2180 4778 rum
2207 4720 2555 4778 Judaicorum
2578 4719 3033 4773 munimentorum
3061 4714 3470 4772 desolationem.
3502 4715 3640 4769 Sunt

2060 4828 2241 4870 autem
2261 4814 2422 4885 hujus
2444 4813 2625 4883 operis
2646 4811 2763 4865 libri
2788 4822 3015 4878 septem.
3036 4808 3311 4865 Candidus
3336 4808 3411 4862 illi
3436 4823 3638 4873 sermo,

2060 4910 2153 4980 qui
2191 4908 2464 4962 rationum
2501 4903 2711 4973 pondus
2744 4914 2905 4970 atque
2941 4912 3271 4957 momentum
3320 4918 3442 4955 cum
3492 4904 3641 4971 puri-

2062 5011 2175 5055 tate
2204 5016 2267 5055 ac
2289 4999 2635 5069 jucunditate
2657 4995 2965 5063 exprimere
2994 4995 3184 5064 possit.
3211 4994 3264 5046 In
3289 4993 3642 5047 concionibus

2064 5089 2421 5160 persuadendi
2472 5087 2524 5140 vi
2579 5084 2837 5154 praeditus
2894 5091 3017 5146 est,
3071 5098 3135 5135 ac
3186 5081 3477 5149 gratiosus,
3529 5091 3639 5133 tum

2062 5184 2225 5235 etiam
2262 5194 2382 5234 cum
2432 5179 2622 5232 suadet
2656 5173 3035 5244 opportunitas
3078 5172 3378 5225 orationem
3424 5171 3478 5225 in
3506 5186 3641 5224 cou-

1606 5354 1842 5413 νΑιιιιΕ
1882 5354 2282 5412 LECTIONES.

450 5438 619 5522 ’ἥτιβς
650 5459 713 5505 ς.
790 5446 835 5477 ²⁹
869 5446 1187 5520 ἀνεγνώσθη
1227 5448 1321 5503 τοῦ
1344 5448 1531 5504 αὑτοῦ.
1564 5456 1631 5515 Α,
1663 5451 2083 5522 ἀνεγνώσθησαν
2116 5449 2281 5505 αὑτοῦ
2345 5466 2383 5511 ς
2414 5487 2429 5502 .

379 5508 425 5538 ³¹
452 5510 582 5563 αὐτὸ
627 5529 687 5575 ς.

2525 5447 2570 5479 ³⁰
2602 5444 2999 5517 εὐθηνούμενος
3057 5462 3119 5508 ς.
3205 5445 3243 5476 ³¹
3276 5444 3548 5516 χισχάλων
3573 5445 3639 5498 Α.

1887 5694 2115 5751 NOTAE.

448 5798 563 5880 (75)
594 5799 967 5880 [fruendicamr
999 5802 1240 5880 redditur
1271 5804 1589 5880 a‘Gentiano
1616 5805 1849 5880 lic-rveto
1880 5823 1947 5864 ex
1985 5808 2153 5880 ipsius
2182 5809 2508 5867 Theodoreti
2544 5811 2760 5867 Praefat.
2812 5809 3060 5865 Sudalem
3118 5824 3217 5879 ego
3262 5822 3417 5871 voco,
3477 5804 3633 5872 qtmci

381 5870 536 5922 simul
557 5870 785 5932 edalem.
822 5882 874 5928 ct
900 5875 1139 5939 eiusdem
1177 5875 1494 5935 participem
1523 5876 1802 5935 svutbulw.
