4100 6428
541 397 610 456 83
1695 400 1962 462 PHO'I’II
1998 396 2506 491 PATBIARCHIE
2543 395 2655 458 CP.
3729 386 3802 445 84

535 511 758 564 trariam
789 521 994 581 partem
1026 513 1263 571 nectere.
1293 514 1523 570 Dextere
1554 528 1771 584 quoque
1800 524 1851 569 et
1888 515 2109 584 copiose

2221 513 2265 565 sl’
2300 529 2385 575 τις
2414 510 2596 573 ἄλλος,
2622 508 2718 562 καὶ
2746 505 2894 577 πάθη
2925 504 3004 576 τῷ
3030 504 3176 576 λόγῳ
3207 503 3559 575 παραστῆσαι
3604 499 3804 556 ίκανώ-

534 602 954 672 enthymematis
984 607 1035 661 in
1068 616 1355 678 utramque
1407 616 1616 677 partem
1646 607 1836 670 utitur,
1885 617 2107 662 senten-

2214 620 2401 667 τατος,
2427 603 2523 655 καὶ
2550 603 2761 671 ἐγεῖραι
2791 598 2963 662 πάθος
2988 598 3081 652 καὶ
3104 595 3348 668 πραῧναι
3368 594 3762 665 δοκιμώτατος.

537 698 765 765 tiasque,
821 697 866 752 si
907 699 1029 768 quis
1083 699 1529 765 alius,adhibet.
1588 698 1831 755 Orationi
1889 700 2108 767 insuper
2141 694 2393 755 allectum
2426 692 2792 762 imprimendi,
2823 700 2879 745 et
2940 687 3247 747 concitandi
3292 696 3495 752 motus,
3553 685 3804 741 eosdem-

537 805 643 860 que
674 805 798 845 mox
828 789 1082 855 leniendi,
1112 800 1197 847 est
1231 793 1624 863 peritissimus.

611 884 778 940 Multa
831 899 963 938 vero
1005 884 1157 954 signa
1222 894 1387 953 atque
1443 887 1686 958 prodigia
1731 884 2117 955 Hierosolyma:

538 978 811 1033 excidium
867 978 1211 1047 praecessisse
1248 989 1659 1034 commemorat.
1692 979 1888 1035 Bovem
1923 978 1989 1031 ad
2023 990 2118 1029 sa-

540 1069 802 1125 crilicium
833 1068 1051 1124 ductam
1088 1083 1284 1135 agnum
1318 1072 1614 1140 peperisse.
1658 1072 1855 1125 Lucem
1888 1071 1941 1125 in
1980 1080 2119 1123 tem-

540 1163 630 1231 plo
692 1164 1051 1233 splenduisse.
1105 1163 1304 1219 Vocem
1357 1165 1553 1219 exinde
1604 1166 1885 1220 auditam:
1925 1183 1943 1215 ι
1980 1163 2118 1217 Hinc

540 1258 823 1312 abeamus.
863 1276 882 1309 ι
916 1255 1122 1326 Templi
1151 1261 1373 1327 portas,‘
1402 1272 1541 1328 quas
1575 1272 1642 1311 ne
1670 1256 1856 1325 viginti
1897 1255 2117 1325 quidem

539 1348 641 1403 viri
685 1351 897 1418 aperire
949 1359 1223 1418 poterant,
1273 1359 1464 1419 sponte
1506 1346 1770 1417 patuisse.
1804 1346 2115 1401 Exercitum

539 1440 757 1510 vesperi
810 1442 984 1496 visum
1016 1443 1203 1497 'armis
1248 1443 1515 1496 indutum.
1557 1440 1768 1503 Virum,
1802 1439 1889 1493 cui
1920 1453 2116 1494 nomen

539 1531 703 1589 Jesus
730 1533 977 1601 Ananiae,
1025 1535 1159 1589 nihil
1208 1535 1353 1589 aliud
1388 1534 1548 1589 annis
1593 1548 1688 1588 sex
1735 1542 1789 1588 et
1843 1534 2119 1588 mensibus

541 1624 718 1679 tribus
753 1626 1017 1688 sonuisse,
1058 1636 1314 1695 tanquam
1364 1625 1550 1681 furore
1601 1624 1902 1693 percitum,
1953 1639 2115 1693 quam

542 1715 834 1772 identidem
874 1735 889 1771 :
936 1735 954 1769 ι
1012 1716 1132 1779 ναξ,
1164 1732 1280 1779 vae,
1325 1716 1662 1781 Jerusalem,
1707 1736 1735 1768 ι.
1764 1717 2119 1785 eumdemque

541 1818 663 1858 cum
691 1819 754 1859 ea
786 1807 853 1859 de
874 1820 1037 1861 causa
1068 1804 1384 1861 verberibus
1404 1819 1619 1876 quoque
1641 1804 1957 1866 caederetur,
1980 1818 2119 1872 pra:-

2292 876 2470 931 Πολλά
2518 876 2575 929 δέ
2628 874 2874 944 σύμϐολα
2915 874 3011 929 καὶ
3043 874 3248 944 σημεῖα
3276 871 3427 940 λέγει
3456 869 3805 940 προῦπάρξαι

2219 970 2320 1038 τῆς
2351 967 2711 1039 Ἰερουσαλὴμ
2740 964 3025 1028 ἁλώσεως·
3061 965 3189 1035 βοῦν
3234 982 3295 1017 τε
3329 962 3437 1033 γὰρ
3471 962 3563 1014 ἐπὶ
3613 961 3807 1014 θυσίαν

2220 1058 2496 1129 ἀγομένην
2521 1057 2661 1128 ἄρνα
2679 1057 2880 1117 τεκεῖν,
2897 1054 2991 1108 καὶ
3014 1054 3130 1122 φῶς
3149 1052 3465 1122 ἀναλάμψαι
3489 1052 3548 1103 ἐν
3568 1050 3647 1120 τῷ
3670 1050 3807 1118 ναῷ,

2221 1151 2317 1205 καὶ
2337 1152 2522 1221 φωνῆς
2541 1148 2749 1201 ἐκεῖθεν
2770 1144 3536 1213 ἐπακοῦσαιιΜεταὸαίνομεν
3558 1142 3603 1174 ³⁸
3621 1140 3810 1196 ἐντεῦ-

2225 1245 2371 1309 θεν,›
2400 1244 2496 1297 καὶ⁵
2529 1242 2628 1307 τὰς
2654 1240 2748 1294 τοῦ
2787 1243 2935 1310 ἱεροῦ
2957 1239 3133 1303 πύλας
3160 1239 3271 1292 οὐδ’
3296 1237 3403 1292 ὑπὸ
3429 1236 3641 1308 ἀνδρῶν
3666 1237 3813 1289 εῐκο-

2222 1353 2309 1389 σιν
2353 1336 2713 1403 ἀνοιγομένας
2753 1331 3079 1401 αὐτομάτως
3116 1330 3408 1400 ἀνεῷχθαι,
3434 1330 3530 1383 καὶ
3579 1328 3811 1399 στρατὸν

2221 1425 2458 1497 ἑσπέρας
2488 1423 2874 1493 ἐπιφαίνεσθαι
2904 1422 3092 1487 ὅπλοις
3134 1419 3684 1493 περιπεφραγμένον,
3713 1420 3810 1472 καὶ

2219 1517 2511 1588 ἄνθρωπόν
2535 1534 2659 1569 τινα
2690 1515 2900 1587 (ὄνομα
2930 1515 3082 1585 αύτῷ
3111 1516 3139 1569 ὁ
3164 1514 3258 1568 τοῦ
3280 1512 3528 1567 Ἀνανίου
3555 1510 3810 1581 Ἰησοῦς)

2223 1609 2389 1681 μηδὲν
2422 1608 2551 1663 ἄλλο
2582 1606 3010 1677 ἐπιφθέγγεσθαι
3041 1607 3136 1660 ἐπὶ
3166 1602 3260 1678 ἔτη
3287 1611 3338 1670 ς’
3360 1604 3455 1659 καὶ
3467 1606 3513 1637 ³⁵
3541 1603 3719 1675 μῆνας
3737 1610 3807 1670 γ’,

2223 1701 2414 1769 ῶσπερ
2446 1699 2882 1770 βεϐακχευμένον
2916 1698 3047 1752 ὄντα
3088 1698 3189 1751 ἐπ”
3210 1696 3343 1750 αὐτὸ
3370 1693 3551 1760 τοῦτο,
3589 1695 3623 1766 ἦ
3665 1695 3728 1748 τὸ
3751 1694 3811 1749 αἳ

2222 1795 2289 1864 τῇ
2327 1790 2682 1864 Ἰερουσαλήμ
2703 1807 2717 1821 ο
2747 1790 2807 1854 ὃς
2836 1792 2940 1844 -καὶ
2970 1790 3113 1860 ὑπὲρ
3151 1788 3343 1843 τούτου
3374 1787 3642 1851 αἰκισθεὶς
3667 1787 3809 1855 πλὴν

543 1907 628 1953 ter
656 1900 796 1954 hanc
822 1915 985 1954 unam
1018 1915 1229 1967 vocem,
1256 1900 1459 1955 nullam
1488 1898 1736 1953 emisisse
1762 1898 1944 1952 aliam.
1966 1897 2118 1952 llunc

2223 1888 2429 1958 ταύτης
2470 1887 2571 1958 τῆς
2614 1884 2798 1955 φωνῆς
2840 1882 2993 1937 οὐδὲν
3023 1880 3151 1936 ἄλλο
3178 1878 3543 1949 ἀπεκρίνατο,
3576 1877 3635 1930 ἐν
3667 1876 3806 1946 αὐτῇ

542 1990 670 2046 item
694 1992 845 2047 urbis
865 1993 1078 2048 excidio
1114 2008 1238 2048 cum
1266 1993 1573 2059 interesset,
1601 1992 1958 2060 eamdemque
1978 1992 2117 2061 apud

540 2097 603 2138 se
630 2098 816 2138 vocem
852 2084 1231 2155 ingeminaret,
1279 2085 1472 2154 lapidis
1512 2085 1622 2140 ictu
1661 2086 1797 2154 ιιι
1840 2084 1907 2139 ab
1966 2084 2119 2138 hoste

541 2177 782 2231 occisum
812 2191 952 2233 esse.

610 2271 790 2338 Atque
846 2270 962 2323 haec
1008 2267 1225 2338 quidem
1264 2277 1392 2325 ante
1440 2269 1628 2323 urbem
1691 2277 1906 2338 captam
1963 2266 2117 2337 signa

545 2369 843 2415 monstrata
875 2359 1046 2422 fuere.
1098 2359 1340 2415 intestini
1366 2375 1496 2414 vero
1538 2359 1660 2415 belli
1690 2360 1884 2415 seditio
1916 2367 1969 2414 et
2020 2360 2119 2413 lte-

541 2460 656 2507 stes
680 2452 866 2507 urbem
888 2461 1216 2507 everterunt.
1243 2453 1299 2507 lu
1331 2453 1623 2508 zelotarum
1659 2452 1801 2507 enim
1827 2450 2116 2505 factionem

545 2553 602 2598 et
634 2543 955 2598 sicariorum
983 2544 1164 2610 divisi,
1197 2558 1257 2600 se
1285 2554 1471 2599 mutuo
1504 2542 1672 2599 Judaei
1708 2541 2117 2605 interfecerunt,

544 2637 835 2707 ipsumque
861 2637 997 2691 adeo
1029 2636 1339 2706 reipublicae
1379 2651 1576 2706 corpus
1606 2636 1816 2706 vulgus,
1847 2634 1916 2689 ab
1948 2633 2121 2687 utris-

545 2742 656 2807 que
678 2730 875 2785 acerbe
905 2738 991 2785 est
1024 2738 1185 2800 atque
1216 2729 1510 2785 crudeliter
1554 2729 1891 2784 dilaniatum.
1926 2725 2121 2781 Fames

550 2823 677 2876 item
709 2822 791 2877 sic
823 2822 1010 2877 urbem
1042 2822 1262 2886 invasit,
1294 2831 1353 2876 ut
1384 2830 1439 2874 et
1472 2822 1539 2876 ad
1570 2821 1673 2875 alia
1719 2820 1919 2891 ﬂagitia
1942 2819 2122 2875 homi-

548 2928 650 2969 nes
681 2913 893 2983 impulsi
927 2914 1148 2980 fuerint,
1190 2925 1247 2969 et
1285 2914 1481 2970 mulier
1505 2929 1659 2969 suum
1695 2914 1809 2982 ipsa
1837 2913 2001 2967 lilium
2031 2926 2123 2967 co-

546 3005 800 3061 mederit.
827 3004 1005 3061 Pestis
1029 3006 1214 3081 adhaec
1240 3006 1434 3060 famem
1458 3006 1757 3075 excipiens,
1788 3004 1921 3058 satis
1946 3001 2123 3058 omni-

544 3098 650 3152 bus
689 3098 841 3153 clare
889 3097 1150 3163 ostendit,
1188 3098 1379 3152 divina:
1436 3097 1489 3152 id
1535 3098 1630 3152 irae
1676 3111 1811 3165 opus
1857 3109 2011 3161 esse,
2059 3108 2123 3149 ac

553 3188 851 3246 Dominica:
907 3191 1333 3246 denuntiationis
1374 3191 1773 3259 minarumque,
1808 3189 1923 3246 fore
1962 3188 2123 3243 nimi-

549 3298 668 3338 rum
701 3294 759 3337 ut
782 3283 912 3339 urbs
947 3281 1186 3337 funditus
1225 3297 1411 3337 eversa
1445 3283 1656 3350 periret.

1220 3368 1444 3423 XLVIII.

689 3462 971 3529 Josephus,
998 3463 1075 3516 vel
1101 3462 1262 3516 Cuius
1289 3461 1587 3531 Presby'er.
1618 3462 1690 3514 De
1712 3460 1974 3514 universo.

625 3618 822 3673 Lectus
850 3630 953 3685 est,
980 3619 1244 3689 Josepltus
1273 3620 1349 3674 De
1375 3621 1653 3684 universo;
1695 3620 1785 3688 qui
1824 3616 1962 3671 liber
1998 3615 2122 3668 alibi

2218 1999 2281 2035 τε
2310 1984 2379 2053 τῇ
2410 1980 2610 2035 ἁλώσει
2659 1976 2853 2049 παρὼν
2882 1974 2979 2029 καὶ
3012 1971 3190 2042 ἐαυτῷ
3208 1972 3252 2006 ³⁸
3280 1971 3380 2041 τὴν
3408 1969 3667 2039 τοιαύτην
3696 1985 3808 2038 φω-

2220 2077 2316 2149 νὴν
2352 2074 2616 2140 ἐπειπὼν,
2646 2072 2782 2144 λίθῳ
2813 2069 3033 2142 βληθεὶς
3063 2067 3171 2122 ὑπὸ
3214 2067 3324 2122 τῶν
3358 2064 3653 2136 πολεμίων,
3687 2065 3809 2116 ἐτε-

2217 2168 2469 2239 λεύτησε.

2291 2261 2383 2334 [56
2409 2259 2503 2331 R.]
2545 2259 2625 2314 Τά
2656 2258 2756 2329 μὲν
2774 2256 2869 2311 οὖν
2890 2251 3277 2327 προδειχθέντα
3301 2248 3401 2320 τῆς
3428 2244 3682 2308 ἁλώσεως
3708 2259 3804 2313 ση-

2223 2358 2350 2426 μεῖα
2383 2353 2593 2408 ταῦτα·
2627 2353 2663 2422 ή
2695 2349 2885 2413 στάσις
2908 2348 2966 2401 δέ
3013 2346 3123 2401 τῶν
3171 2341 3450 2413 ἐμφυλίων
3494 2339 3529 2410 ἢ
3564 2339 3614 2391 οἱ
3640 2336 3804 2390 πολέ-

2223 2465 2337 2518 μιοι
2364 2446 2462 2517 τὴν
2490 2444 2648 2498 πόλιν
2676 2440 3007 2512 ἐπόρθησαν.
3033 2439 3126 2500 Ei;
3157 2432 3405 2503 ζηλωτὰς
3433 2431 3541 2503 γὰρ
3573 2429 3804 2491 ἑαυτοὺς

2220 2539 2316 2594 καὶ
2360 2535 2643 2608 σικαρίους
2683 2532 3074 2602 διαστήσαντες
3108 2525 3374 2595 ἀλλήλους
3418 2542 3479 2578 τε
3524 2520 3802 2590 ἔφθειρον,

2220 2633 2317 2687 καὶ
2363 2631 2425 2686 τδ
2471 2629 2650 2683 κοινὸν
2685 2626 2844 2698 σῶμα
2876 2627 2904 2678 ό
2944 2624 3114 2693 δῆμος
3153 2621 3244 2673 ὑπ’
3270 2619 3473 2689 ἀμφοῖν
3500 2612 3717 2684 πικρῶς
3741 2629 3804 2665 τε

2222 2726 2317 2781 καὶ
2359 2722 2600 2795 ἀνηλεῶς
2628 2719 3024 2791 ἐσπαράττετο.
3058 2714 3233 2784 Λιμός
3275 2729 3334 2764 τε
3365 2709 3508 2764 οὓτω
3540 2706 3805 2775 κατέσχεν

2222 2817 2298 2879 ὡς
2335 2814 2429 2869 καὶ
2462 2814 2542 2875 είς
2585 2810 2721 2867 ἄλλα
2754 2809 2852 2879 μέν
2881 2804 3181 2875 παράνομα
3204 2801 3331 2863 τοὺς
3359 2795 3679 2869 ἀνθρώπους
3711 2795 3806 2846 ἐκ-

2223 2903 2589 2976 διαιτηθῆναι,
2623 2902 2718 2955 καὶ
2745 2900 2980 2969 γυναῖκα
3006 2897 3063 2951 δέ
3088 2895 3150 2950 τὸ
3174 2894 3371 2948 οίκεῖον
3404 2892 3595 2944 τέκνον
3623 2887 3805 2976 θοιᾼνή-

2225 2974 2441 3049 σασθα-ι.
2476 2992 2587 3047 Καὶ
2611 2990 2687 3061 τῷ
2710 2989 2855 3060 λιμῷ
2880 2989 2909 3041 ό
2935 2984 3122 3055 λοιμδς
3146 2979 3639 3049 συνεπιλαϐόμενος
3666 2974 3802 3028 ἐδεί-

2224 3104 2324 3141 κνυ
2358 3088 2524 3140 πᾶσιν
2554 3082 2812 3153 ἐμφανῶς
2843 3078 3138 3150 θεομηνίας
3160 3075 3320 3146 ἔργον
3343 3073 3439 3126 καλ⁸
3464 3069 3565 3140 τῆς
3592 3071 3806 3121 Δεσπο-

2223 3181 2383 3250 τικῆς
2414 3177 2772 3250 προρρήσεως
2799 3174 2894 3227 καὶ
2922 3169 3151 3239 ἀπειλῆς
3196 3167 3297 3239 τὴν
3324 3165 3429 3237 τῆς
3461 3162 3671 3227 πόλεως
3702 3160 3807 3215 ὐπ-

2224 3273 2387 3345 άρξαι
2413 3269 2786 3341 πανωλεθρίαι)
2816 3266 2909 3319 καὶ
2940 3264 3163 3318 ἅλωσιν.

2923 3357 2978 3409 Μ
2987 3356 3066 3407 ειν.

2230 3452 2345 3509 Τοῦ
2373 3451 2559 3505 αὐτοῦ
2592 3448 2834 3520 pel/1.10!
2867 3443 2935 3496 δὲ
2963 3444 3164 3520 ,Γαΐου
3197 3437 3633 3520 ῌρεσόυτέοου,
3666 3436 3802 3504 περὶ

2743 3514 2855 3585 τῆς
2884 3514 2993 3569 τοῦ
3025 3513 3276 3579 παντός.

2291 3607 2631 3676 Ἀνεγνώσθη
2662 3606 2924 3675 Ἰωσήπου
2951 3601 3089 3669 Περὶ
3109 3600 3215 3654 τοῦ
3230 3596 3481 3661 παντὸς,
3501 3594 3529 3646 ὃ
3545 3594 3602 3645 ἐν
3617 3589 3799 3652 ἄλλοις

551 3708 848 3779 inscriptus
879 3710 1112 3779 legitur,
1148 3709 1221 3765 De
1257 3710 1485 3763 uniuersi
1513 3724 1715 3773 causa;
1761 3707 1812 3761 in
1845 3706 1967 3761 aliis
2001 3720 2118 3759 vero

2221 3704 2448 3770 ὶνέγνων
2472 3696 2909 3767 ἐπιγραφόμενον
2922 3692 3060 3759 Περὶ
3079 3689 3189 3758 τῆς
3206 3689 3312 3743 τοῦ
3328 3685 3553 3749 παντὸς
3582 3680 3804 3744 αίτίας›

551 3769 739 3867 libris;
757 3802 835 3858 De
866 3769 1328 3858 ιιηίινεηίηαιιιτα.
1358 3801 1603 3872 Suntque
1632 3769 1793 3856 libelli
1828 3800 1965 3864 duo,
2002 3799 2118 3866 qui-

2221 3798 2268 3849 ὲν
2296 3792 2476 3855 ἄλλοις
2516 3789 2574 3843 δέ
2613 3786 2752 3854 Περὶ
2778 3784 2885 3853 τῆς
2913 3783 3020 3838 τοῦ
3049 3782 3279 3846 παντὸς
3309 3778 3544 3842 οὐσίας.
3582 3772 3675 3846 [16
3704 3769 3802 3843 Η.]

552 3896 654 3951 bus
682 3910 866 3952 secum
893 3911 1132 3968 pugnare
1166 3895 1442 3950 Platonem
1478 3896 1653 3949 docet.
1682 3892 1759 3947 De
1789 3893 1967 3947 anima
1995 3905 2129 3961 quo-

2215 3888 2373 3940 Ἐστι
2401 3884 2459 3937 δέ
2478 3885 2536 3935 ἐν
2555 3880 2675 3935 δυσὶ
2697 3878 2974 3947 λογιδίοις.
2998 3874 3248 3929 Δείκνυσι
3278 3871 3336 3924 δέ
3364 3872 3422 3923 ἐν
3446 3868 3632 3930 αὐτοῖς
3660 3863 3804 3935 πρὸς

553 4002 662 4055 que
712 3990 938 4044 materia
965 4027 981 4052 ,
1022 3996 1078 4042 et
1114 3985 1515 4041 resurrectione
1560 3983 1672 4054 (76)
1714 3955 2035 4048 Alcinoum,
2071 3990 2118 4034 ul

2221 3973 2404 4029 ἑαυτὸν
2456 3970 2819 4034 στασιάζοντα
2846 3967 3133 4031 Πλάτωνα,
3185 3963 3399 4031 ἐλέγχει
3444 3959 3501 4013 δὲ
3526 3958 3628 4055 καὶ
3673 3955 3807 4022 περὶ

556 4077 787 4131 absurde
850 4091 916 4132 ac
960 4076 1096 4131 falso
1145 4076 1530 4139 disserentem,
1578 4041 1947 4142 reprehendit,
2003 4041 2118 4124 suat

2225 4070 2407 4143 ψυχῆς
2432 4068 2528 4124 καὶ
2556 4066 2690 4136 θλης
2716 4062 2811 4117 καὶ
2838 4055 3185 4116 ἀναστάσεως
3211 4047 3486 4103 Ἀλκίνουν
3516 4041 3725 4143 ἀλόγως
3744 4054 3809 4143 τε

555 4184 685 4225 vero
728 4171 844 4241 ipse
877 4171 942 4225 de
972 4170 1055 4226 his
1108 4168 1355 4224 thesibus
1400 4133 1682 4236 opiniones
1709 4133 1968 4237 opponit;
2026 4161 2118 4217 do-

2229 4133 2560 4234 timidi);
2592 4133 2816 4212 εἰπόντα
2834 4193 2849 4217 ,
2884 4148 3199 4215 ἀντεισάγει
3227 4144 3284 4197 δέ
3311 4140 3411 4204 τὰς
3444 4133 3810 4241 οίκείαςρπερὶ

555 4273 752 4333 cetqne
780 4249 1088 4318 Iudaeorum
1124 4260 1397 4315 nationem
1430 4260 1588 4330 longe
1624 4272 1767 4320 esse,
1798 4234 1956 4325 quam
1980 4252 2118 4307 Grae-

2229 4224 2434 4310 τούτων
2458 4252 2567 4306 τῶν
2593 4247 2904 4304 ὑποθέσεων
2931 4240 3111 4308 δόξας,
3136 4232 3382 4290 δείκνυσί
3408 4247 3467 4284 τε
3503 4224 3811 4299 πρεσϐύτε-

558 4374 745 4412 corum
784 4353 1171 4426 antiquiorem.
1201 4352 1363 4407 Putat
1385 4348 1742 4419 compositum
1772 4346 2047 4401 hominem
2062 4360 2118 4400 ex

2234 4366 2325 4421 ρον
2355 4346 2623 4417 Ἑλλήνων
2652 4339 2833 4409 πολλῷ
2872 4337 2934 4392 τὸ
2954 4332 3224 4391 Ἰουδαίων
3266 4328 3442 4397 γένος.
3485 4317 3813 4426 Δοξάζειαδέ

557 4452 717 4521 igne,
772 4460 938 4515 terra,
985 4462 1147 4516 aqua,
1199 4460 1264 4500 ac
1310 4452 1571 4515 praeterea
1618 4456 1650 4495 e
1696 4439 1915 4509 spiritu,
1970 4451 2118 4507 quem

2231 4411 2548 4510 συγκεῖσθαι
2575 4435 2671 4488 τὸν
2702 4431 2990 4502 ἄνθρωπον
3021 4427 3085 4479 ἐκ
3115 4423 3287 4495 πυρὸς
3311 4420 3407 4475 καὶ
3439 4415 3661 4521 γῆςικαὶ
3681 4411 3813 4521 Pfe-

555 4503 793 4594 ajrim'am
825 4503 1077 4608 app'ellai.
1117 4535 1189 4590 De
1232 4503 1340 4605 quo
1381 4533 1571 4603 spiritu
1602 4503 1751 4585 hisce
1788 4528 1970 4583 verbis
1988 4503 2118 4580 tusus

2228 4503 2341 4595 τος,
2376 4503 2471 4584 καὶ
2503 4527 2585 4581 ἔτι
2617 4528 2682 4580 ἐκ
2711 4522 3043 4591 πνεύματος,
3084 4517 3113 4570 ὃ
3163 4516 3258 4569 καὶ
3303 4512 3482 4584 ψυχὴν
3533 4503 3811 4608 ὀντη-ιάζει.

555 4641 639 4686 est
674 4646 688 4685 :
729 4597 909 4696 Huius.
952 4597 1266 4699 principem.
1298 4597 1507 4696 partem
1547 4620 1976 4692 apprehendens,
2018 4634 2118 4673 una

2229 4623 2368 4695 Περῖ⁹
2393 4615 2455 4675 οὗ
2485 4617 2790 4689 πνεύματος
2814 4614 3003 4675 αὑταῖς
3032 4609 3243 4675 λέξεσιν
3268 4605 3411 4659 οὕτω
3434 4602 3589 4671 φησί·
3604 4597 3812 4652 Τούτου

558 4741 681 4780 cum
709 4738 935 4794 corpore
964 4724 1236 4787 formavit,
1267 4730 1323 4800 et
1353 4734 1449 4789 per
1472 4718 1651 4772 omnia
1678 4715 1920 4771 membra
1951 4723 2118 4767 artus

2228 4715 2290 4769 τὸ
2315 4689 2665 4785 ’κυριώτερον
2696 4705 3020 4775 ἀνελόμενος
3054 4702 3173 4771 ἅμα
3205 4697 3284 4769 τῷ
3330 4695 3545 4764 σώματι
3585 4689 3811 4793 ἔπλασε,

558 4831 665 4886 que
694 4780 833 4869 viam
895 4816 992 4882 ipsi
1030 4780 1307 4884 patefecit:
1340 4780 1442 4875 Qui
1493 4808 1717 4877 spiritus
1750 4804 1963 4874 corpori
1996 4818 2118 4858 con-

2230 4809 2324 4861 καὶ
2352 4780 2441 4859 διά
2468 4780 2670 4865 παντὸς
2694 4798 2890 4870 μέλους
2910 4793 3007 4849 καὶ
3030 4791 3235 4863 ἄρθρου
3259 4787 3484 4857 πορείαν
3507 4780 3657 4886 αύζιῶ
3682 4796 3817 4832 κατο

558 4909 843 4973 formatus,
888 4918 1168 4976 totumque
1206 4903 1527 4972 pervadens,
1561 4903 1747 4955 eadem
1800 4896 1995 4961 l'orma,
2025 4910 2118 4966 qua

2231 4893 2586 4949 εσκεύασεν³⁶
2606 4908 2621 4923 ·
2659 4889 2689 4943 ὃ
2713 4887 2792 4958 τῷ
2819 4883 3032 4955 σώματι
3059 4876 3411 4950 ωμπλασθέν
3441 4874 3536 4927 καὶ
3562 4872 3652 4926 διὰ
3677 4885 3819 4922 παν-

559 5016 757 5070 corpus
786 5000 888 5055 hoc
918 5008 1217 5067 spectatur,
1240 4992 1530 5061 insignitus
1558 5000 1643 5047 est
1673 5006 1688 5044 :
1719 4998 1972 5044 naturam
2002 5002 2118 5041 verr

2227 4988 2321 5050 τὸς
2345 4983 2719 5053 διικνούμενον
2742 4977 2821 5048 τῷ
2850 4974 3006 5045 αὐτῷ
3045 4972 3181 5027 εῖδει
3205 4968 3300 5023 τοῦ
3337 4963 3681 5070 βλεπομένου,
3705 4959 3816 5013 σώ-

562 5052 894 5161 lrigridiorem
927 5052 1107 5153 liabet,
1142 5052 1215 5140 ad
1245 5052 1481 5148 triavilla,
1504 5097 1601 5151 per
1621 5095 1740 5150 qua:
1761 5093 1958 5149 corpus
1981 5093 2118 5132 com-

2240 5095 2410 5150 ματος
2442 5075 2778 5135 τετύπωται,
2795 5068 2895 5138 τὴν
2919 5064 3109 5120 οὐσίαν
3135 5061 3192 5115 δὲ
3213 5058 3550 5130 ψυχρότερον
3578 5052 3815 5160 ὑπάρχει

561 5143 777 5249 pactum
813 5189 918 5235 est.
956 5178 1080 5232 Haec
1110 5177 1217 5238 ille,
1242 5191 1345 5229 non
1369 5174 1502 5229 satis
1518 5182 1644 5241 apte
1675 5171 1742 5225 ad
1779 5169 2118 5224 Hebraeorum

2236 5143 2375 5242 πρὸς
2419 5168 2490 5222 τὰ
2530 5165 2681 5236 τρία,
2707 5161 2776 5215 δι’
2806 5153 2883 5213 ὧν
2932 5157 2993 5211 τὸ
3037 5154 3200 5225 σῶμα
3222 5152 3614 5221 συνήρμοσται.
3655 5143 3817 5198 Οὕτω

560 5274 629 5328 de
658 5272 893 5327 hominis
926 5280 1117 5325 natura
1162 5266 1491 5330 doctrinam,
1538 5278 1716 5335 neque
1736 5264 1869 5317 satis
1894 5277 1925 5316 e
1955 5260 2118 5329 digni

2241 5237 2342 5334 μέν
2386 5255 2481 5314 οὗν
2524 5254 2759 5321 ἀναξίως
2780 5253 2880 5322 τῆς
2902 5267 2963 5304 τε
2991 5248 3100 5302 τῶν
3125 5243 3396 5300 Ἰουδαίων
3431 5240 3559 5311 περὶ
3602 5237 3816 5307 ἀνθρώ-

562 5372 675 5417 tate
704 5361 1033 5429 reliquorum
1070 5373 1099 5412 a
1139 5371 1200 5412 se
1228 5358 1433 5413 diserte
1480 5357 1806 5426 scriptorum
1860 5351 2118 5408 elocutus.

2236 5326 2339 5405 που
2370 5347 2719 5416 φυσιολογίας
2742 5341 2917 5397 ταῦτα
2947 5339 3117 5393 εἰπὼν
3160 5336 3256 5390 καὶ
3286 5335 3384 5405 τῆς
3432 5331 3598 5402 ἄλλης
3646 5326 3812 5382 αὐτοῦ

567 5454 643 5508 De
694 5417 879 5506 mundi
922 5465 1140 5521 quoque
1204 5449 1552 5521 generatione
1595 5417 1698 5515 per
1744 5442 2118 5512 compendium

2232 5439 2363 5512 περὶ
2392 5438 2520 5498 τοὺς
2554 5436 2746 5505 λόγους
2792 5431 3110 5503 ἀσκήσεως,
3137 5426 3358 5492 διέξεισι
3394 5422 3490 5477 καὶ
3540 5419 3669 5491 περὶ
3710 5417 3814 5490 τῆς

1849 5555 2087 5611 VARIAB
2131 5551 2537 5610 LECTIUNES.

1810 5657 1853 5688 ³³
1880 5653 2082 5726 ἐαυτῷ]
2110 5652 2272 5715 αὐτὸς
2298 5665 2420 5707 esse
2449 5650 2660 5703 videtur
2689 5643 2742 5698 in
2776 5642 2845 5696 Α.

2076 5743 2310 5800 NOTAE.

644 5846 755 5917 (76)
784 5847 946 5919 Cujus
1000 5849 1064 5904 de
1113 5857 1411 5919 comparat.
1454 5846 1665 5901 Platon.
1715 5850 1768 5897 ct
1807 5841 2030 5898 At'istot.
2071 5838 2282 5893 libellus
2320 5834 2679 5901 Gracceatqnc
2708 5825 2897 5882 Latine
2928 5821 2977 5877 in
3010 5818 3185 5874 medio
3213 5823 3314 5870 est.

2950 5639 2995 5671 ³⁸
3022 5632 3434 5707 παρεσκεύασεν
3463 5631 3529 5684 Α.

638 5665 684 5700 ³³
713 5664 1127 5735 μεταϐαίνωμεν
1180 5682 1239 5729 ς.
1305 5662 1365 5734 ,³⁵
1389 5661 1482 5715 καὶ
1504 5675 1613 5716 om.
1648 5659 1710 5713 A.
