4146 6412
305 410 370 474 85
1302 396 1824 459 BIBLIOTHECA.
1857 419 1930 432 —
1950 391 2167 454 CODD;
2204 384 2542 451 XLVIII-L.
3497 370 3567 433 86

309 514 667 590 κοσμογονίας
692 510 1102 583 κεφαλαιωδῶς.
1140 508 1277 580 Περὶ
1309 512 1492 580 μέντοι
1530 505 1769 580 Χριστοῦ
1795 505 1891 559 τοῦ

1997 500 2238 557 disserit.
2271 499 2343 553 De
2386 496 2605 551 Christo
2631 499 2821 545 autem
2860 502 2989 543 vero
3032 485 3143 539 Deo
3183 480 3461 553 aptissime
3490 478 3570 533 lo—

311 607 565 679 ἁληθινοῦ
598 605 735 660 Θεοῦ
769 603 927 675 ἡμῶν
951 603 1027 666 ὼς
1061 601 1288 669 ἔγγιστα
1319 600 1580 669 θεολογεῖ,
1610 599 1800 670 κλῆσίν
1828 615 1890 652 τε

307 702 473 771 αὐτὴν
517 697 1000 768 ἀναφθεγγόμενος
1040 692 1304 763 Χριστοῦ,
1333 692 1428 746 καὶ
1464 692 1562 763 τὴν
1591 693 1655 746 ἐκ
1684 691 1891 763 πατρὺς

306 795 583 865 ἄφραστον
628 793 885 860 γέννησιν
928 786 1238 858 ἀμέμπτως
1261 784 1692 856 ἀναγράφων.“0
1740 801 1892 848 τινας

307 885 434 948 ἴσως
457 883 552 935 καὶ
595 879 933 951 ἁμφιδοξεῖν,
967 876 1043 938 ὡς
1064 875 1333 945 Ἰωσήπου
1366 874 1452 944 εἴη
1482 873 1544 925 τὸ
1579 872 1891 941 συνταγμά-

309 993 450 1038 τιον,
483 974 853 1029 ἀναπείσειεν.
886 970 1049 1025 Οὐδὲν
1093 968 1151 1022 δὲ
1195 968 1259 1022 τὸ
1298 967 1400 1036 τῆς
1446 966 1699 1036 φράσεως
1744 963 1891 1034 αὺτῷ

306 1068 443 1137 πρὸς
480 1066 549 1119 τὰ
586 1066 855 1118 ὑπόλοιπα
893 1062 987 1118 τοῦ
1026 1062 1220 1133 ἀνδρὸς
1257 1060 1467 1114 ἀποδεῖ.

375 1153 549 1233 Εὗρον
584 1160 641 1212 δὲ
661 1160 703 1192 ³⁷
736 1161 796 1211 ὲν
829 1160 1221 1229 παραγραφαίς
1251 1156 1333 1209 ὅτι
1365 1157 1466 1208 οὐκ
1496 1153 1643 1209 ἔστιν
1674 1154 1704 1206 ό
1732 1153 1889 1222 λόγος

306 1251 601 1322 Ἰωσήπου,
636 1251 774 1305 ἀλλὰ
822 1251 983 1304 Γαΐου
1026 1249 1170 1313 τινὸς
1209 1246 1581 1319 πρεσϐυτέρου
1610 1248 1669 1299 ἐν
1702 1244 1890 1315 Ῥώμῃ

304 1346 691 1417 διατρίϐοντος,
717 1346 776 1398 ὃν
804 1361 934 1413 φασι
952 1341 1210 1407 συντάξαι
1239 1343 1333 1395 καὶ
1362 1341 1470 1394 τὸν
1497 1339 1886 1408 Λαϐύρινθον·

304 1432 367 1493 οὗ
400 1439 496 1492 καὶ
527 1438 774 1505 διάλογος
803 1437 1026 1507 φέρεται
1053 1436 1193 1507 πρὸς
1217 1433 1460 1506 Πρόκλον
1484 1432 1608 1486 τινὰ
1638 1431 1890 1503 ὑπέρμα-

303 1546 397 1598 χον
419 1531 522 1601 τῆς
548 1529 656 1581 τῶν
682 1527 1066 1583 Μοντανιστῶν
1089 1528 1371 1598 αἱρέσεως.
1400 1523 1804 1593 Ἀνεπιγράφου
1832 1521 1890 1574 δὲ

303 1620 760 1689 καταλειφθέντος
802 1620 894 1674 τοῦ
932 1620 1091 1689 λόγου
1136 1618 1271 1688 φασὶ
1316 1618 1442 1680 τοὺς
1493 1616 1593 1687 μὲν
1622 1615 1889 1683 Ἰωσήπου

303 1712 612 1783 ἐπιγράψαι
631 1754 647 1780 ,
674 1714 802 1776 τοὺς
826 1713 883 1766 δὲ
912 1712 1203 1767 Ἰουστίνου
1231 1710 1326 1765 τοῦ
1363 1711 1668 1781 μάρτυρος,
1698 1707 1891 1770 ἄλλους

301 1806 357 1859 δὲ
382 1808 445 1860 Εἰ
453 1806 678 1877 ρηναίου
696 1807 760 1871 ⁸⁸,
780 1805 968 1877 ὥσπερ
987 1806 1082 1860 καὶ
1110 1807 1216 1859 τὸν
1237 1804 1609 1871 Λαϐύρινθόν
1622 1817 1765 1866 τινες
1793 1801 1892 1853 ἑπ-

1995 596 2202 668 quitur,
2244 592 2465 663 quando
2494 598 2550 644 et
2581 587 2752 655 ipsam
2798 580 2999 638 Christi
3037 577 3457 648 appellationem
3491 570 3569 624 illi

1996 689 2264 754 attribttit,
2303 697 2355 741 et
2392 680 2813 739 iuenarrabilem
2856 691 2923 730 ex
2955 674 3116 728 Patre
3159 668 3566 740 generationem

1996 781 2133 835 citra
2168 776 2645 847 reprehensionem
2673 766 2950 827 describit.
2985 766 3116 831 Quae
3141 777 3228 816 res
3261 753 3568 826 ambigendi

1999 874 2230 928 fortasse
2262 868 2496 939 cuipiam
2555 878 2775 920 causam
2807 861 3068 932 praebeat,
3109 855 3250 910 sitne
3282 854 3382 906 hoc
3412 847 3568 903 Jose-

1999 966 2087 1037 phi
2121 962 2436 1034 opusculum
2466 978 2481 1013 :
2512 958 2614 1013 etsi
2647 954 2783 1011 nihil
2815 950 3026 1009 dicendi
3055 963 3253 1019 genere
3282 961 3310 999 a
3348 941 3569 1010 reliquis

1996 1059 2238 1129 ejusdem
2266 1053 2482 1122 scriptis
2506 1047 2755 1105 discedit.
2824 1070 2827 1073 λ

2069 1148 2322 1219 Comperi
2379 1147 2695 1200 adnotatum
2744 1139 2956 1203 fuisse,
3018 1150 3125 1189 non
3179 1145 3301 1186 esse
3348 1125 3569 1197 Josephi

2003 1246 2105 1298 hoc
2161 1256 2334 1311 opus,
2385 1239 2480 1293 sed
2542 1236 2656 1292 Caii
2715 1232 2994 1300 cujusdam
3045 1224 3343 1298 presbyteri
3386 1223 3572 1277 Romae

1996 1331 2229 1399 agentis,
2259 1343 2419 1398 quem
2450 1334 2506 1381 et
2535 1332 2811 1378 auctorem
2848 1320 3055 1375 faciunt
3082 1314 3396 1384 Labyrinthi
3425 1328 3445 1367 :
3474 1326 3573 1366 cu-

1992 1426 2081 1494 jus
2112 1422 2275 1478 etiam
2308 1420 2549 1489 dialogus
2569 1425 2652 1471 cst
2680 1410 2942 1469 adversus
2976 1408 3225 1465 Proclum
3253 1406 3566 1477 quemdam,

1998 1518 2221 1571 hmresis
2252 1513 2700 1568 Montanistarum
2732 1507 3096 1561 defensorem.
3127 1502 3260 1557 Cum
3288 1500 3429 1555 enim
3449 1499 3570 1552 sine

1999 1610 2154 1664 titulo
2199 1622 2334 1676 opus
2386 1605 2633 1659 relictum
2684 1609 2868 1663 esset,
2912 1598 3000 1651 alii
3069 1595 3284 1665 quidem
3334 1590 3571 1659 Josepho

1999 1698 2318 1767 inscriptum
2357 1695 2600 1750 referunt
2642 1691 2730 1745 alii
2764 1689 2979 1743 .Iustiuo
3030 1685 3276 1756 martyri,
3325 1680 3568 1737 nonnulli

2000 1792 2221 1857 Irenaeo,
2278 1785 2731 1855 quemadmodum
2792 1792 2847 1839 et
2905 1781 3289 1851 Labyrinthum
3351 1774 3570 1846 Origeui

302 1870 552 1967 έγραιίοαν
589 1895 918 1968 Ὠριγένους.
939 1870 1119 1948 ”Επε“ι
1162 1894 1325 1947 Γαΐου
1381 1870 1498 1946 εστὶ
1548 1892 1771 1963 πόνημα
1822 1893 1888 1961 τῇ

1996 1882 2213 1950 quidam
2246 1880 2505 1934 tribuere.
2534 1877 2745 1944 Alioqui
2770 1873 2885 1929 Caii
2918 1882 3000 1928 est
3030 1887 3165 1940 opus
3205 1870 3445 1939 ejusdem
3483 1884 3572 1922 re-

299 1986 533 2059 ἀληθείᾳ
553 1987 646 2041 τοῦ
669 1988 713 2020 ³⁸
731 1986 1118 2058 συντεταχότος
1143 1986 1251 2041 τὸν
1273 1985 1665 2053 Λαϐύρινθον,
1695 1984 1772 2047 ὡς
1795 1983 1891 2036 καὶ

297 2078 463 2141 αὐτὸς
483 2080 543 2131 ὲν
565 2076 644 2148 τῷ
662 2078 807 2131 τέλει
823 2078 931 2132 τοῦ
951 2077 1322 2146 Λαϐυρίνθου
1344 2075 1743 2148 διεμαρτύρατο
1763 2075 1892 2130 ὲαυ-

298 2170 393 2223 τοῦ
430 2167 570 2226 εἶναι
585 2170 674 2225 τὸν
693 2170 830 2240 Περὶ
851 2170 962 2241 τῆς
988 2171 1095 2226 τοῦ
1112 2169 1342 2236 παντὸς
1373 2170 1594 2233 οὐσίας
1625 2168 1805 2235 λόγον.
1825 2167 1889 2219 Εἰ

296 2265 340 2318 δ’
371 2266 564 2336 ἕτερος
593 2266 687 2319 καὶ
710 2265 808 2335 οὐχ
838 2259 996 2327 οὗτός
1033 2265 1203 2330 ἐστιν,
1233 2262 1386 2317 οὔπω
1421 2279 1513 2332 μοι
1541 2260 1768 2331 γέγονεν
1800 2258 1891 2313 εὖ·

296 2356 479 2427 δηλον.
511 2355 713 2410 Τοῦτον
760 2358 853 2410 τὸν
895 2357 1053 2409 Γάϊον
1083 2354 1452 2428 πρεσϐύτερόν
1482 2371 1612 2424 φασι
1659 2353 1891 2423 γεγενῆ-

298 2449 429 2502 σθαι
449 2448 552 2518 τῆς
577 2450 717 2503 κατὰ
731 2448 952 2520 Ῥώμην
976 2447 1067 2520 [57
1092 2447 1188 2520 R.]
1205 2447 1534 2518 Ἐκκλησίας
1556 2446 1649 2500 ἐπὶ
1675 2446 1895 2500 Οὐίκτο-

301 2558 391 2613 ρος
420 2541 515 2593 καὶ
544 2539 839 2611 Ζεφυρίνου
872 2540 978 2595 τῶν
1006 2539 1327 2612 ἀρχιερέων,
1365 2537 1807 2610 χειροτονηθῆναι
1835 2535 1893 2590 δὲ

298 2633 466 2686 αὑτὸν
502 2636 597 2685 καὶ⁵
628 2631 796 2684 ὲθνῶν
829 2632 1149 2685 ἐπίσκοπον.
1183 2631 1448 2698 Συντάξαι
1479 2631 1536 2684 δὲ
1564 2632 1658 2684 καὶ
1706 2630 1893 2701 ἕτερον

295 2724 457 2793 λόγον
491 2724 634 2786 ἰδίως
658 2724 802 2777 κατὰ
833 2723 931 2794 τῆς
953 2723 1299 2794 Ἀρτέμωνος
1328 2723 1613 2793 αἱρέσεως,
1636 2720 1896 2775 καὶκατὰ

298 2815 549 2887 Πρόκλου
581 2815 638 2868 δὲ
676 2814 1016 2869 σπουδαστοῦ
1061 2814 1347 2869 Μοντανοῦ
1386 2814 1684 2868 σπουδαίαν
1708 2812 1893 2867 διάλε-

298 2909 377 2975 ξιν
402 2910 457 2939 W
480 2909 884 2979 συντεταχέναι,
918 2910 975 2961 ὲν
1065 2908 1419 2980 τρισκαίδεκα
1470 2907 1638 2977 μόνας
1672 2909 1891 2959 ἐπιστο-

300 3000 396 3063 λὰς
452 2999 771 3072 ἀριθμεῖται
826 3000 1083 3067 Παύλου,
1139 3000 1239 3054 οὐκ
1294 2998 1564 3072 ὲγκρίνων
1612 2997 1711 3070 τὴν
1756 2996 1895 3068 πρὸς

312 3091 409 3147 Ἐϐ
418 3092 624 3164 ραίους.

1010 3187 1146 3243 ΜΘ’.

298 3275 422 3331 Τοῦ
442 3276 734 3357 ἐνργζοις
761 3279 1068 3357 Κυρίλλου
1096 3277 1204 3332 τοῦ
1231 3275 1717 3357 Ἀλεξανδρείας,
1742 3273 1895 3329 κατὰ

476 3348 599 3401 τῶν
620 3351 950 3418 Νεστορίου
983 3348 1403 3418 ,βλασφημιῶν
1423 3351 1597 3417 λόγοι
1641 3353 1705 3400 ε’.

364 3438 717 3511 Ἀνεγνώσθη
746 3439 844 3494 τοῦ
888 3442 947 3494 ὲν
991 3441 1168 3509 ἁγίοις
1216 3439 1491 3512 Κυρίλλου
1522 3437 1617 3491 τοῦ
1641 3436 1896 3501 Ἀλεξαν-

299 3530 387 3601 δρε
398 3532 486 3594 ξας
499 3532 543 3563 δι
565 3532 729 3587 Κατά
754 3531 874 3586 τῶν
899 3533 1006 3588 τοῦ
1032 3534 1365 3601 Νεστορίου
1380 3527 1816 3599 βλασφημιῶν,
1837 3530 1895 3581 ὲν

299 3622 483 3691 λόγοις
500 3624 681 3679 πέντε.
697 3625 958 3683 Φυλάττει
982 3625 1040 3678 δὲ
1065 3627 1171 3678 κάν
1191 3624 1400 3688 τούτοις
1419 3623 1529 3677 τῶν
1553 3626 1770 3677 οἰκείων
1802 3623 1895 3677 λό-

298 3731 415 3783 γων
461 3715 555 3771 τὸν
601 3718 928 3789 χαρακτῆρα
971 3716 1159 3770 καὶτὸ
1194 3716 1426 3785 ἰδίωμα,
1473 3715 1809 3785 σαφέστερος
1838 3713 1896 3767 δέ

300 3807 411 3861 ἐστι
438 3807 537 3862 τοῦ
565 3809 703 3880 πρὸς
738 3808 994 3880 Ἑρμείαν
1023 3813 1119 3863 κα)⁵
1147 3809 1243 3863 τοῦ
1278 3808 1417 3877 Περὶ
1447 3808 1558 3878 τῆς
1601 3809 1673 3863 ἐν
1703 3808 1897 3862 Πνεύ-

296 3916 434 3967 ματι
462 3902 777 3968 λατρείας.
794 3902 853 3957 '0
875 3902 932 3956 δὲ
951 3901 1110 3971 λόγος
1134 3902 1285 3973 αὐτῷ
1310 3900 1678 3970 πεποιημένος
1697 3901 1792 3954 καὶ
1814 3902 1897 3966 εἰς

302 3992 613 4055 ἰδιάζουσαν
650 3994 800 4049 ἰδέαν
832 3995 1296 4067 ἐκϐεϐιασμένος,
1329 3994 1424 4047 καὶ
1471 3989 1584 4047 οἷον
1628 3993 1895 4065 λελυμένη

300 4086 393 4138 καὶ
430 4086 496 4139 τὸ
537 4087 738 4159 μέτρον
777 4088 1105 4159 ὑπερορῶσα
1144 4088 1383 4159 ποίησις.

1042 4182 1127 4237 N'.

300 4269 513 4326 Νικίου
547 4273 822 4341 μονοκοῦ
869 4274 1303 4410 καῖὰίτῶνζτοῦ
1330 4270 1674 4330 Φιλοπόνου
1704 4287 1895 4341 κεφα-

984 4363 1133 4399 αων
1205 4353 1239 4401 ’.

984 4353 1133 4399 αιων
1171 4353 1239 4401 ζ’.

368 4430 419 4504 [l
433 4434 465 4485 7
480 4432 575 4505 H.]
591 4433 931 4503 ’Λνεγνὼσθη
947 4435 1141 4488 Νικίου
1161 4432 1575 4505 μοναχοῦξΚατὰ
1588 4432 1708 4486 τῶν
1722 4433 1831 4488 τοῦ
1850 4434 1894 4465 ⁸⁸

302 4526 649 4617 Φιλοπόνου
680 4530 1027 4595 κεφαλαίων
1051 4526 1223 4590 ἑπτὰ,
1246 4520 1321 4580 ὧν
1347 4525 1805 4596 διεμνημόνευσεν
1835 4526 1895 4578 ὲν
1923 4559 1972 4617 D

302 4615 375 4685 τῷ
405 4618 729 4688 καλουμένῳ
762 4617 928 4672 αὑτοῦ
968 4619 1112 4688 λόγῳ
1139 4617 1478 4685 Διαιτητής.
1506 4618 1662 4670 Ἔστι
1711 4616 1768 4669 δὲ
1795 4615 1894 4686 τὴν

304 4708 506 4776 φράσιν
535 4707 740 4772 ἁπλοῦς
793 4710 890 4762 καὶ
920 4709 1184 4781 σύντομος
1214 4711 1309 4763 καὶ
1340 4712 1461 4772 ταῖς
1501 4704 1892 4779 ἀντίρῤήσεσιν

308 4796 491 4860 ἰκανὸς
531 4798 625 4851 καί⁵
662 4798 975 4871 ἀπέριττος.

372 4972 722 5044 Ἀνεγνὼσθη
741 4974 798 5028 δὲ
822 4974 915 5028 τοῦ
936 4974 1099 5029 αὐτοῦ
1121 4977 1215 5030 καὶ
1233 4974 1394 5030 Κατὰ
1414 4975 1522 5031 τοῦ
1541 4973 1892 5039 δυσσεϐοῦς

306 5065 595 5134 Σεϐιξρου,
620 5065 700 5120 ἑτι
735 5067 793 5120 δὲ
831 5067 927 5120 καὶ
966 5069 1128 5122 Κατὰ
1174 5066 1495 5135 Ἐλλήνων
1543 5067 1714 5135 λόγοι
1754 5064 1889 5119 δύο.

1995 1988 2155 2037 vera,
2216 1971 2308 2040 qui
2360 1968 2737 2039 Labyrinthum
2785 1964 3091 2032 composuit
3139 1962 3308 2031 12a,
3351 1958 3574 2029 quando

1995 2064 2083 2119 ille
2119 2065 2234 2133 ipse
2270 2062 2322 2116 in
2350 2070 2593 2117 extremo
2633 2056 2961 2127 Labyrintho
3014 2064 3269 2108 testatum
3328 2050 3571 2119 reliquit,

1994 2168 2117 2208 esse
2148 2168 2206 2207 se
2245 2151 2367 2207 libri
2405 2150 2479 2204 De
2509 2150 2742 2202 universi
2776 2152 2979 2200 'nalura
3033 2154 3330 2198 auctorem.
3371 2139 3570 2194 Verum

1995 2245 2082 2298 hic
2113 2258 2179 2296 ue
2204 2242 2340 2295 liber
2363 2240 2454 2295 ille
2478 2240 2572 2306 sit,
2604 2239 2671 2292 dc
2718 2250 2826 2307 quo
2877 2236 3086 2306 agitur},
3122 2248 3190 2286 au
3222 2232 3383 2295 alius,
3431 2244 3573 2283 nou-

1995 2338 2119 2390 dtuu
2177 2334 2306 2389 mihi
2361 2332 2547 2403 liquet.
2593 2330 2749 2384 Hunc
2793 2328 2985 2384 Caium
3029 2326 3143 2395 (77)
3200 2325 3570 2395 presbyterum

1996 2428 2252 2483 Romanae
2293 2427 2550 2482 Ecclesia:
2586 2424 2757 2479 fuisse
2786 2421 3083 2485 afﬁrmant,
3126 2420 3228 2476 sub
3270 2417 3489 2474 Victore
3517 2430 3574 2471 et

1994 2521 2304 2592 Zephyrino
2341 2516 2726 2590 pontificibus,
2774 2515 3202 2583 ordinatumque
3249 2520 3303 2565 et
3332 2510 3570 2579 gentium

1993 2616 2329 2683 episcopum,
2364 2610 2653 2680 scripsisse
2687 2622 2903 2679 quoque
2946 2605 3273 2676 peculiarem
3304 2603 3468 2657 alium
3502 2602 3572 2655 li-

1993 2706 2153 2760 brum
2180 2711 2372 2758 contra
2404 2699 2715 2755 Artemouis
2760 2695 3012 2752 hmresim
3043 2694 3182 2763 (78),
3223 2700 3279 2747 et
3311 2692 3573 2747 adversus

1993 2796 2267 2859 Proclum,
2302 2792 2542 2847 Montani
2579 2790 2901 2854 studiosum,
2947 2796 3255 2841 accuratam
3309 2784 3574 2853 disputa-

1999 2890 2227 2953 tionem,
2257 2887 2310 2939 in
2346 2901 2451 2951 qua
2480 2882 2737 2938 tredecim
2768 2882 3030 2935 duntaxat
3055 2879 3116 2933 Β.
3144 2876 3294 2932 Pauli
3318 2876 3574 2946 epistolas

1994 2986 2276 3035 enumeret
2306 2976 2441 3047 (79),
2478 2990 2584 3029 non
2614 2982 2830 3044 recepta
2877 2972 2931 3026 in
2968 2985 3189 3026 censum
3230 2983 3315 3031 ea,
3341 2983 3461 3038 quae
3492 2976 3575 3022 est

1993 3074 2059 3127 ad
2096 3073 2374 3127 Hebraeos.

2688 3160 2730 3214 Χ
2743 3157 2857 3214 LIX

1995 3257 2150 3312 Beati
2182 3256 2375 3329 Cyrilli
2405 3254 2761 3311 Alexandrini
2787 3261 2971 3307 contra
3005 3250 3314 3305 Nestorium
3363 3246 3485 3300 libri
3519 3261 3571 3300 ν.

2066 3418 2263 3473 Lectus
2294 3426 2377 3471 est
2417 3415 2478 3470 Β.
2516 3414 2750 3487 Cyrillus
2780 3409 3121 3466 Alexandria:
3152 3408 3439 3479 episcopus
3462 3406 3575 3460 Ad-

1995 3526 2174 3565 versus
2206 3508 2561 3578 blasphemiae
2604 3505 2865 3569 Nestorii,
2901 3503 3051 3557 libris
3091 3501 3341 3573 quinque.
3384 3498 3579 3553 Servat

1998 3602 2052 3657 in
2094 3602 2178 3657 his
2209 3614 2429 3671 quoque
2474 3614 2631 3654 suum
2665 3597 2882 3653 dicendi
2934 3596 3337 3658 characterem,
3378 3600 3435 3648 et
3463 3604 3580 3645 ser-

1998 3693 2174 3749 monis
2198 3692 2605 3762 proprietatem.
2637 3689 2854 3743 Clarior
2884 3701 3012 3741 vero
3043 3694 3128 3739 est
3156 3698 3320 3754 quam
3352 3682 3417 3736 ad
3444 3678 3580 3735 Her-

1997 3787 2163 3841 miam
2191 3784 2463 3849 scribens,
2498 3792 2593 3835 aut
2620 3782 2672 3836 in
2708 3781 2858 3835 libris
2903 3779 2977 3833 De
3012 3776 3321 3832 adoratione
3362 3774 3417 3827 in
3451 3772 3576 3842 Spi-

1997 3880 2107 3932 ritu
2158 3877 2295 3948 (80).
2348 3875 2543 3930 Sermo
2591 3873 2666 3928 illi
2720 3871 3008 3935 couﬁctus,
3069 3878 3126 3923 et
3176 3868 3243 3922 ad
3304 3867 3575 3936 propriam

1997 3970 2214 4026 dicendi
2248 3970 2479 4025 formam
2525 3977 2837 4032 contortus,
2882 3979 2946 4020 ac
2986 3961 3149 4018 veluti
3180 3960 3419 4017 solutum
3471 3974 3577 4014 nu-

1999 4076 2286 4131 merosque
2319 4060 2599 4131 negligens
2641 4066 2902 4113 metrum.

2770 4148 2832 4204 L.

2000 4248 2185 4305 Nicias
2216 4248 2504 4302 monachus
2535 4252 2725 4300 contra
2770 4242 3146 4311 Philopunum,
3199 4237 3471 4300 Severum,
3515 4252 3578 4288 ac

2694 4324 2890 4384 gentes.

2069 4412 2267 4468 Lectus
2298 4409 2483 4465 Nicias
2536 4410 2858 4473 monachus,
2903 4403 3102 4460 Contra
3158 4399 3439 4470 Philopoui
3484 4414 3577 4453 ca-

1999 4509 2108 4573 pita
2154 4517 2368 4577 septem,
2411 4520 2644 4574 quorum
2681 4502 3005 4557 meminerat
3035 4502 3086 4554 in
3123 4500 3263 4555 lihro
3298 4512 3457 4567 quem
3494 4495 3578 4548 iu-

1998 4599 2217 4665 scripsit
2256 4599 2554 4669 Διαιτήτην
2587 4596 2714 4667 (hoc
2745 4602 2851 4659 est,
2897 4594 3204 4655 arbitrium,
3258 4605 3353 4645 seu
3401 4588 3580 4657 cogni-

1996 4692 2207 4758 torem),
2246 4691 2422 4762 stylus
2481 4688 2582 4760 ipsi
2646 4685 2881 4755 simplex
2943 4693 3111 4751 atque
3158 4681 3449 4743 concisus,
3525 4687 3581 4732 et

1997 4784 2437 4854 responsionibus
2507 4778 2898 4843 satisfaciens,
2971 4775 3302 4841 minimeque
3380 4770 3581 4825 redun-

1996 4877 2151 4931 dans.

2074 4965 2198 5035 Legi
2233 4963 2473 5033 ejusdem
2500 4971 2555 5016 et
2601 4960 2805 5017 Contra
2850 4960 3068 5031 impium
3126 4957 3373 5014 Severum
3404 4957 3579 5011 adhuc

1996 5059 2163 5114 etiam
2203 5055 2402 5112 Contra
2436 5066 2612 5125 gentes
2646 5055 2809 5109 libros
2852 5057 3008 5109 duos.

1604 5217 1839 5273 VABUE
1877 5211 2290 5270 LECTIONES.

393 5316 439 5346 "
465 5317 522 5369 δὲ
551 5332 655 5372 om.
693 5318 757 5371 A.
828 5317 880 5383 ,³⁸
906 5317 1155 5389 είρηνέου
1211 5336 1273 5383 ς.

314 5399 423 5439 οιιι.
451 5391 518 5440 Α.

1351 5318 1396 5350 ³³
1424 5316 1520 5370 τοῦ
1548 5317 1593 5372 Α
1629 5336 1642 5371 :
1677 5316 1842 5371 αὐτοῦ
1880 5333 1943 5380 ς.

2025 5314 2073 5345 ⁸⁸
2110 5306 2377 5383 διάλεξιν]
2408 5309 2465 5364 δὲ
2484 5308 2630 5377 λέξιν
2654 5311 2725 5363 Α.
2796 5309 2838 5341 ⁸⁸
2867 5307 3236 5378 ἁλεξανδρὲως
3266 5309 3330 5361 Α.
3407 5310 3452 5339 ⁸³
3484 5304 3578 5359 τοῦ

1836 5523 2071 5580 NOTAE.

343 5649 501 5730 “(77)
532 5649 664 5730 Υἱός
788 5649 937 5730 Hi?!-
968 5651 1020 5705 ίη
1067 5649 1347 5730 CataIqu.
1397 5670 1446 5709 ε.
1491 5652 1581 5719 59,
1612 5662 1666 5707 et
1694 5652 1894 5709 Euseb.

320 5718 413 5774 lib.
451 5718 525 5784 vt,
554 5737 605 5775 c.
641 5721 745 5787 ης
773 5733 829 5775 et
862 5721 953 5775 lib.
987 5738 1047 5787 ιι,
1085 5737 1204 5789 cap.
1239 5722 1329 5777 24.

392 5790 505 5863 L78)
540 5792 615 5846 De
637 5807 740 5863 qua
776 5792 891 5861 lege
921 5790 1445 5863 Thcodoret.atque
1492 5792 1715 5863 Niceph.

394 5861 503 5933 (79)
526 5863 657 5929 Qua
678 5861 812 5919 item
868 5863 1136 5919 sententia
1184 5862 1438 5921 tribuitur
1471 5861 1757 5936 llippdlyto
1796 5864 1893 5921 inf.

1997 5655 2466 5794 Ln(';i.0)i2['h;Slanl
2515 5720 2674 5794 hodie
2722 5736 2834 5794 X\:ll
2877 5718 3094 5794 Dialogi
3127 5719 3209 5794 De
3260 5716 3581 5794 admotione

1998 5790 2297 5859 in'spirim
2351 5806 2399 5846 et
2464 5793 2719 5857 veritate,
2777 5790 2963 5845 liomu:
3015 5790 3141 5844 editi
3188 5792 3384 5859 iutcrp.
3450 5791 3577 5843 Ant.

2000 5867 2206 5934 Agellio
2228 5866 2396 5933 episc.
