4100 6438
535 397 602 460 87
1656 396 1919 457 ΡΗΟΤΙΙ
1958 396 2127 457 PATI

2232 393 2468 453 .RCH/E
2507 394 2624 454 CP.
3747 391 3816 453 88

1281 513 1368 569 Ll.

534 608 787 678 Ilesychii
818 608 1105 679 presbyteri
1146 606 1424 733 Coluztout.
1471 607 1537 661 In
1582 625 1784 664 anteum
1834 621 2119 679 serpentem

1233 694 1247 730 ι
1290 695 1333 731 rt
1372 694 1448 732 IV.

1233 694 1333 732 τοι-ι
1372 694 1448 732 ιν.

606 768 756 823 Lecti
819 777 949 823 sunt
996 768 1253 841 Hesychii
1303 770 1608 841 presbyteri
1662 771 2122 842 Constantinopo-

536 862 689 916 litani
721 860 790 916 In
817 877 1020 917 cuneum
1046 872 1339 931 serpentem
1367 862 1495 917 libri
1532 872 1781 936 quatuor.
1819 865 2011 920 Sermo
2046 866 2119 920 illi

538 954 603 1007 ad
635 954 1058 1010 ostentationem
1092 965 1466 1025 comparatus,
1508 967 1563 1012 et
1607 959 1944 1013 concitandis
1991 956 2121 1012 atl‘e-

538 1046 717 1101 ctibus
750 1048 1044 1102 meditatus
1075 1047 1380 1103 videbatur.
1409 1048 1509 1103 Hic
1531 1050 1809 1105 orationes
1846 1052 2123 1118 tinguuntur

538 1137 739 1209 Moysis
768 1139 833 1192 ad
883 1138 1164 1207 populum,
1199 1148 1256 1193 et
1290 1139 1454 1210 hujus
1501 1140 1744 1195 vicissim
1785 1141 1852 1194 ad
1899 1140 2123 1212 Moysen

538 1231 834 1286 artiﬁciosa
872 1232 1131 1302 alloquia.
1176 1233 1272 1287 Dei
1319 1248 1536 1303 quoque
1570 1234 1634 1286 ad
1667 1232 1889 1305 Moysen
1923 1243 1979 1288 et
2023 1250 2122 1305 po-

538 1323 745 1390 pulum,
801 1333 855 1378 et.
912 1325 1105 1379 horum
1162 1325 1445 1393 utriusque
1512 1341 1725 1379 rursum
1795 1327 1862 1381 ad
1928 1327 2121 1393 Deum,

538 1416 872 1483 precationis
934 1427 1098 1486 atque
1166 1417 1536 1472 excusationis
1606 1418 1779 1471 forma
1840 1433 2124 1474 sermones

539 1508 848 1576 compositi.
916 1508 1054 1579 12b
1093 1508 1299 1576 Quibus
1344 1510 1685 1563 orationibus
1717 1526 1968 1578 magnam
2001 1513 2122 1567 libri

541 1605 751 1659 partem
799 1597 1094 1661 consumit,
1145 1598 1336 1667 ingens
1385 1599 1527 1653 mole
1561 1599 1814 1655 volumen
1860 1601 2122 1657 eﬂiciens.

539 1688 713 1743 Porro
753 1686 998 1756 Scriptor
1034 1690 1169 1757 ipse,
1205 1700 1467 1758 quantum
1497 1706 1562 1748 ex
1594 1694 1697 1748 hoc
1720 1709 1885 1764 opere
1925 1695 2123 1765 dijudi-

541 1795 673 1834 care
711 1782 859 1845 licet,
905 1784 956 1835 in
988 1783 1310 1837 orthodoxis
1340 1794 1423 1838 est
1465 1787 1854 1843 numerandus.

1285 1875 1394 1929 Lll.

615 1960 864 2031 Syn‘odus
889 1962 1169 2029 Sidetana,
1215 1965 1430 2036 aliaque
1453 1978 1638 2021 contra
1671 1968 2042 2025 Messalianos.

608 2120 776 2177 Lecta
829 2126 1070 2193 synodus
1131 2124 1292 2195 Sydze
1339 2126 1525 2180 habita
1576 2129 1837 2183 adversus
1872 2131 2120 2186 ha‘resitn

539 2215 989 2271 Messalianorum
1048 2216 1181 2287 (81),
1238 2220 1343 2274 hoc
1412 2229 1515 2285 est,
1592 2220 1952 2276 Euchetarum
2027 2238 2122 2277 seu

540 2306 1023 2375 Adelphianorum.
1108 2308 1332 2364 Praefuit
1391 2312 1599 2382 synodo
1675 2313 2117 2383 Amphilochius.

541 2398 711 2453 lconii
777 2402 1111 2472 episcopus,
1180 2404 1590 2458 considentibus
1645 2416 1699 2459 et
1755 2407 1877 2461 aliis
1930 2408 2121 2478 viginti

540 2490 782 2560 quinque
813 2492 1102 2562 episcopis.
1157 2494 1213 2548 In
1255 2496 1446 2549 eodem
1500 2497 1618 2565 ipso
1663 2498 1798 2553 libro
1852 2500 1987 2555 lecta
2040 2511 2126 2557 est

543 2578 719 2645 ipsius
770 2582 961 2651 synodi
991 2585 1057 2637 ad
1110 2598 1364 2653 magnum
1421 2584 1760 2651 Flavianum,
1811 2589 2122 2658 episc0pum

547 2672 873 2737 Antiochiae,
935 2673 1208 2747 Synodica
1270 2677 1522 2746 cpistola,
1602 2695 1782 2735 rerum
1845 2692 2123 2751 gestarum

545 2766 810 2821 rationem
841 2768 1093 2823 reddens.

616 2854 966 2928 Quapropter
996 2859 1162 2915 etiam
1200 2862 1315 2931 ipse
1366 2861 1660 2918 Flavianus
1719 2868 1984 2936 synodum
2041 2868 2124 2921 in-

546 2948 687 3004 dixit
733 2951 995 3007 adversus
1035 2954 1253 3010 eosdem
1307 2955 1428 3010 illos
1472 2956 1777 3023 haereticos,
1819 2960 2127 3015 accedenti-

546 3040 649 3094 bus
688 3043 862 3098 tribus
897 3044 1209 3114 episcopis;
1263 3046 1391 3101 Biza
1443 3048 1706 3104 Seleuciae
1747 3050 1884 3122 (82),
1917 3061 1972 3106 et
2011 3052 2126 3106 Ma-

2952 510 3074 571 NA'.

2235 602 2533 671 Ἡσυχὶου
2556 602 2971 671 πρεσϐυτέρου
2998 603 3706 669 Κωνσταντινουπόλεως
3727 606 3815 670 εἷς

2547 674 2653 727 τὸν
2687 674 2963 742 χαλκοῦν
2996 674 3158 743 ὅφιν,
3196 675 3369 744 λόγοι
3397 675 3468 729 δ’.

2292 762 2640 835 ’Δνεγνὼσθη
2680 765 2938 836 Ἡσυχίου
2964 764 3342 836 πρεσϐυτέρου
3374 767 3819 820 Κωνσταντινου-

2223 858 2433 919 πόλεως
2467 860 2573 924 Εἰς
2611 858 2720 913 τὸν
2747 858 3027 928 χαλκοῦν
3061 858 3203 927 ὄφιν
3235 858 3408 928 λόγοι
3436 857 3668 912 δ’.Ἐστι
3702 857 3759 911 δὲ
3788 860 3818 912 ό

2222 949 2382 1019 λόγος
2408 952 2488 1014 είς
2519 950 2780 1018 ἐπίδειξιν
2803 951 3264 1023 διεσκευασμένος
3311 952 3408 1006 καὶ
3437 953 3494 1004 ὲν
3528 951 3817 1021 ἠθοποιίας

2223 1043 2356 1097 εἴδει
2380 1061 2446 1114 με
2454 1043 2653 1113 μελετη
2664 1046 2845 1114 μένος,
2875 1046 2932 1098 ἐν
2955 1040 3037 1108 οἷς
3055 1044 3390 1116 δημηγορίαι
3410 1061 3469 1097 τε
3494 1044 3819 1097 διατυποῦν-

2221 1152 2314 1188 ται
2360 1134 2455 1189 τοῦ
2500 1136 2779 1200 Μωῦσέως
2826 1137 2963 1208 πρὸς
2992 1136 3085 1191 τὸν
3114 1136 3264 1201 λαὸν,
3297 1137 3393 1190 καὶ
3441 1135 3621 1189 αὐτῶν
3653 1135 3820 1189 πάλιν

2225 1228 2802 1301 κατασχηματίζονται
2829 1231 2967 1302 πρὸς
2994 1231 3086 1284 τὸν
3115 1230 3357 1284 Μωῦσέα
3390 1228 3663 1282 διαλαλιαὶ
3686 1267 3702 1291 ,
3738 1228 3819 1281 ἔτι

2224 1322 2282 1375 δὲ
2316 1324 2410 1377 καὶ
2436 1323 2527 1376 τοῦ
2562 1323 2709 1377 θείου
2741 1324 2879 1393 πρός
2911 1340 2972 1376 τε
3012 1323 3251 1376 Μωῦσέα
3281 1323 3376 1375 καὶ
3420 1320 3513 1374 τὸν
3546 1320 3694 1387 λαὸν,
3722 1324 3818 1376 καὶ

2224 1414 2430 1469 τούτων
2456 1419 2515 1470 ὲν
2544 1420 2700 1487 τύπῳ
2723 1417 2962 1486 δεήσεων
2991 1417 3087 1472 καὶ
3114 1416 3411 1483 ἀπολογίας
3435 1417 3815 1486 ὲκπεποιημέ-

2224 1528 2307 1563 νοι
2341 1510 2487 1578 λόγοι
2507 1527 2522 1540 ο
2560 1512 2619 1562 ὲν
2651 1505 2734 1572 οἷς
2757 1511 2852 1563 καὶ
2885 1512 2913 1562 ὁ
2948 1510 3117 1572 πολὺς
3146 1507 3295 1579 αύτῷ
3317 1507 3700 1577 κατηνάλωται
3723 1505 3818 1560 τοῦ

2228 1603 2439 1674 βιϐλίου
2476 1602 2633 1670 λόγος
2658 1641 2673 1663 ,
2710 1601 3036 1671 πολύστιχον
3068 1600 3232 1669 ὄγκον
3277 1585 3741 1670 ἐμπεριειληφὼς.
3759 1599 3819 1651 '0

2225 1694 2282 1745 δέ
2311 1709 2376 1761 γε
2403 1692 2563 1762 ἀνὴρ,
2582 1692 2658 1755 ὡς
2686 1692 2835 1745 ἔστιν
2861 1695 2925 1745 ὲκ
2947 1692 3100 1745 τοῦδε
3126 1690 3294 1745 αὑτοῦ
3316 1689 3699 1761 τεκμηριῶσαι
3721 1690 3818 1744 τοῦ

2229 1785 2632 1855 συντάγματος,
2671 1784 2781 1838 τῶν
2818 1780 3304 1856 ὀρί)οδοξούντων⁴⁵³
3338 1780 3510 1835 ἐστίν.

2956 1872 3083 1928 NB’.

2230 1966 2511 2035 Σύνοδος
2567 1966 2890 2043 γενομένη·
2910 1967 2981 2019 ἐν
3006 1965 3157 2043 Σίδῃ
3191 1964 3345 2043 κατὰ
3385 1961 3670 2043 αζρέσεως
3700 1960 3812 2014 τῶι·

2539 2035 2957 2101 Μεσαᾉλιανῶν,
2994 2036 3187 2106 ἤγουν
3216 2035 3510 2105 Εὺχιτῶν.

2300 2129 2642 2200 Ἀνεγνὼσθη
2694 2130 2913 2193 σύνοδος
2958 2127 3227 2198 γενομένη
3274 2129 3331 2181 ὲν
3378 2126 3507 2199 Σίδῃ
3538 2122 3679 2177 κατὰ
3718 2125 3819 2192 τῆς

2228 2223 2496 2293 αἱρέσεως
2555 2222 2665 2275 τῶν
2731 2220 3091 2276 Μεσαλιανῶν
3150 2220 3319 2290 ῆγουν
3387 2216 3633 2287 Εύχιτῶν
3696 2215 3817 2285 ἦτοι

2240 2315 2637 2384 Ἀδελφιανῶνθ
2670 2315 2867 2386 ἐξῆρχε
2910 2313 2969 2366 δὲ
3007 2313 3109 2382 τῆς
3146 2310 3367 2364 συνόδου
3407 2307 3761 2378 Ἀμφιλόχιος
3791 2310 3819 2359 ὁ

2226 2411 2321 2463 τοῦ
2357 2409 2580 2465 Ἰκονίου
2600 2408 2666 2473 ⁸⁵,
2697 2406 3128 2479 συνεδρευόντων
3154 2403 3305 2475 αὐτῷ
3334 2404 3428 2457 καὶ
3458 2402 3661 2473 ἑτέρων
3692 2404 3818 2454 ἐπι-

2229 2508 2448 2561 σκόπων
2479 2507 2571 2560 τὸν
2599 2506 2834 2578 ἀριθμὸν
2876 2506 3040 2558 πέντε
3084 2504 3179 2557 καὶ
3211 2502 3439 2555 είκοσιν.
3459 2501 3547 2553 Ἐν
3579 2502 3645 2570 τῇ
3678 2499 3817 2569 αὐτῇ

2227 2600 2284 2652 δὲ
2317 2598 2481 2669 βίϐλῳ
2503 2598 2820 2668 ἀνεγνώσθη
2851 2597 2953 2666 τῆς
2979 2596 3151 2666 αὐτῆς
3178 2594 3400 2646 συνόδου
3431 2592 3567 2661 πρὸς
3593 2591 3685 2644 τὸν
3717 2589 3818 2660 μέ-

2228 2708 2335 2759 γαν
2380 2689 2677 2743 Φλαϐιανδν
2713 2689 2807 2742 τὸν
2844 2686 3181 2757 Ἀντιοχείας
3224 2683 3488 2753 ἐπιστολὴ
3539 2680 3819 2752 συνοδικὴ,

2228 2784 2337 2836 τῶν
2378 2781 2791 2855 πεπραγμένων
2828 2780 3127 2850 ποιουμένη
3169 2779 3268 2849 τὴν
3306 2777 3679 2831 διδασκαλίαν.

2299 2876 2499 2947 Διόπερ
2533 2877 2628 2929 καὶ
2667 2874 2830 2938 αὐτὸς
2861 2872 3207 2943 συναθροίζει
3253 2871 3469 2925 σύνοδον
3514 2869 3659 2924 κατὰ
3711 2868 3823 2921 τῶν

2231 2969 2412 3025 αὐτῶν
2429 2968 2746 3041 αίρετικῶν,
2777 2966 3178 3038 συμπαρόντων
3204 2965 3302 3035 μὲν
3325 2963 3474 3033 αὐτῷ
3505 2963 3825 3016 ἐπισκόπων

2230 3062 2421 3134 τριῶν,
2451 3063 2612 3126 Βίζου
2629 3060 2675 3094 ⁸⁵
2701 3059 2794 3113 τοῦ
2818 3058 3142 3121 Σελευκείας
3171 3057 3266 3109 καὶ
3290 3054 3555 3126 Μαρουθᾶ
3583 3052 3675 3107 τοῦ
3697 3053 3829 3105 Zon-

548 3133 708 3187 rutha
732 3132 844 3203 (85)
874 3138 1051 3206 gentis
1085 3136 1552 3208 Supharenorum,
1582 3151 1636 3196 et
1675 3142 1846 3205 Sami,
1878 3144 1943 3195 ad
1990 3158 2126 3210 quos

2233 3132 2492 3227 φαρηνῶν
2521 3154 2708 3217 ἔθνους
2741 3153 2836 3206 καὶ
2866 3152 3050 3220 Σάμου
3070 3167 3083 3180 ·
3119 3148 3482 3221 πρεσϐύτεροι
3508 3148 3566 3201 δὲ
3593 3148 3686 3199 καὶ
3711 3145 3829 3197 διά-

542 3229 607 3278 se
641 3240 763 3281 cum
812 3231 1139 3300 presbyteri,
1180 3242 1293 3286 tum
1329 3232 1541 3288 diaconi
1602 3235 1667 3288 ad
1726 3236 1947 3303 triginta
1996 3251 2127 3291 con-

2237 3218 2403 3305 ὲοᾷοἶ
2434 3249 2804 3321 συμπαρῆσαν
2860 3218 3023 3317 μέχρι
3072 3218 3501 3316 τριακονταξἙν
3536 3240 3705 3311 ταύτῃ
3757 3240 3825 3308 τῇ

541 3316 867 3381 junxerunt.
895 3318 1076 3374 Noluit
1100 3324 1213 3375 haec
1244 3326 1482 3392 synodus
1502 3326 1826 3394 Adelphium
1856 3330 2130 3396 paeniten-

550 3411 683 3469 tiam
714 3411 1087 3481 proﬁtentem,
1143 3414 1504 3484 haeresimque
1546 3417 1885 3485 abjurautem
1931 3420 2131 3474 admit-

550 3511 667 3559 tere
721 3520 736 3557 :
773 3504 918 3573 quod
962 3518 1140 3574 neque
1171 3520 1236 3561 ea
1278 3508 1550 3565 haereseos
1603 3511 1900 3582 abjuratio,
1955 3527 2132 3582 neque

551 3595 900 3663 pteniteutia,
934 3610 1062 3651 vera
1095 3608 1259 3669 atque
1288 3614 1355 3655 ex
1388 3602 1572 3656 animo
1609 3602 1750 3658 facta
1783 3605 2130 3674 probaretur.

550 3687 789 3744 Hazresis
820 3690 980 3761 hujus
1005 3702 1257 3748 auctores
1286 3692 1439 3750 fuere
1465 3694 1785 3766 Adelphius,
1805 3713 1967 3768 quem
1996 3700 2132 3764 dixi,

553 3797 731 3848 neque
759 3786 1176 3852 monachorum,
1210 3801 1388 3856 neque
1427 3790 1775 3845 sacerdotum
1806 3791 1859 3845 in
1886 3793 2131 3848 ordinem

550 3877 745 3944 lectus,
771 3877 868 3933 sed
896 3876 1156 3945 plebeius,
1183 3893 1247 3934 ac
1272 3880 1537 3949 privatus,
1566 3892 1621 3937 et
1658 3882 1886 3950 Sabbas,
1938 3901 2132 3940 mona-

550 3966 777 4021 chorum
825 3967 1071 4023 habitum
1122 3970 1439 4038 praeferens,
1490 3988 1652 4042 quem
1693 3990 1757 4029 ex
1814 3977 1889 4029 rei
1935 3987 2131 4031 eventu

550 4060 831 4114 ἀπόκοπω
878 4059 1004 4129 (Ιιοο
1042 4070 1146 4121 est.
1191 4056 1485 4133 Resectum)
1530 4068 1886 4122 nominarunt
1927 4088 1940 4122 :
1994 4070 2134 4125 alter

553 4154 683 4208 item
711 4151 939 4217 Sabbas,
969 4164 1023 4206 et
1054 4152 1372 4210 Eustathius
1408 4160 1792 4226 venerandus;
1818 4170 1872 4215 et
1901 4161 2131 4227 Dadoes,

552 4255 608 4299 et
635 4243 959 4300 Semesones
986 4245 1147 4313 (85‘),
1189 4246 1451 4302 daemonis
1503 4251 1737 4315 zizania,
1799 4252 1999 4322 aliique
2051 4254 2135 4309 his

2236 3344 2441 3414 συνόδῳ
2500 3343 2791 3412 μετάνοιαν
2860 3338 3335 3408 ἐπαγγελλόμενον
3399 3335 3491 3387 τὸν
3548 3331 3829 3401 ’Δδελφιὸν

2237 3436 2331 3508 [40
2376 3434 2607 3507 3.1m
2659 3432 2944 3498 ἐδέξαντο,
2996 3430 3118 3485 οὐδὲ
3161 3430 3261 3484 τὴν
3291 3428 3502 3497 αἵρεσιν
3548 3423 3829 3493 ἀπαρνού-

2237 3547 2398 3601 μενον
2425 3528 2776 3601 προσήκαντο
2795 3541 2810 3556 °
2840 3525 2964 3579 οὐδὲ
2998 3523 3109 3595 γὰρ
3138 3523 3203 3577 ὲκ
3232 3521 3487 3592 καρδίας,
3510 3517 3633 3571 οὒτε
3660 3518 3696 3588 ἡ
3724 3516 3828 3585 τῆς

2234 3623 2502 3695 αἱρέσεως
2518 3621 2768 3692 ἄρνησις,
2784 3617 2910 3672 οὕτε
2931 3619 2965 3684 ἡ
2990 3616 3251 3687 μετάνοια
3270 3604 3829 3667 ὲπεδείκνυτο.Ἦσαν

2234 3714 2292 3769 δὲ
2328 3716 2380 3767 οἱ
2414 3713 2620 3783 ταύτης
2648 3712 2976 3784 γεννήτορες
3003 3708 3104 3779 τῆς
3130 3706 3395 3779 αἱρέσεως
3424 3701 3702 3772 Ἀδελφιός
3742 3717 3831 3762 τις

2233 3808 2263 3861 ό
2290 3807 2498 3878 ῥηθεὶς,
2520 3804 2645 3859 οὔτε
2670 3804 2952 3876 μοναστῶν
2974 3801 3098 3857 οὔτε
3125 3801 3168 3853 ίε
3179 3800 3316 3873 ρέων
3340 3793 3830 3866 ἔγκατειλεγμένος

2234 3899 2445 3970 κλήρῳ,
2477 3897 2592 3952 ἀλλ’
2618 3898 2676 3951 ὲν
2699 3896 2910 3960 λαῖκοῖς
2941 3894 3353 3965 ἐξεταζόμενος,
3374 3890 3470 3945 καὶ
3502 3888 3680 3951 Σάϐας
3702 3887 3749 3919 ³⁸
3766 3885 3831 3939 τὸ

2234 3992 2344 4046 τῶν
2389 3989 2641 4063 μοναχῶν
2689 3990 2947 4053 ὑπεισδὺς
2999 3989 3210 4058 σχῆμα,
3246 3986 3307 4039 δν
3336 3986 3401 4038 ὲκ
3429 3983 3528 4053 τῆς
3577 3980 3831 4052 πράξεως

2236 4083 2465 4139 ἐκάλουν
2486 4082 2797 4144 ἀπόκοπον,
2831 4080 2927 4134 καὶ
2954 4079 3140 4148 ἕτερος
3173 4076 3378 4140 Σάϐας,
3403 4075 3500 4129 καὶ⁵
3528 4070 3830 4133 Εὑστὰθιος

2250 4176 2535 4246 Ἐδεσηνδς
2552 4176 2596 4207 ⁸⁷
2628 4174 2720 4228 καὶ
2746 4171 2966 4242 Δαδώης
2997 4173 3093 4225 καὶ
3118 4167 3493 4241 Συμεώνης⁶⁸,
3526 4164 3636 4220 τῶν
3662 4180 3833 4233 πονψ

2244 4269 2337 4339 ροῦ
2369 4267 2440 4322 τὰ
2473 4266 2721 4331 ζιζάνια,
2758 4265 2855 4318 καὶ
2882 4264 3060 4334 ἕτεροι
3101 4262 3315 4325 τούτοις
3349 4257 3826 4329 συμπαραρυόμεο

554 4336 916 4392 adbtereutes.
950 4338 1359 4394 Coudemnatus
1386 4356 1515 4395 vero
1543 4342 1860 4411 Adelphius,
1911 4343 2127 4415 ejusque

2239 4336 2339 4416 νοι,
2378 4357 2697 4430 Κατεκρίθη
2727 4357 2785 4411 δὲ
2816 4355 3095 4424 ’Δδελφιδς
3125 4353 3221 4408 καὶ
3245 4354 3295 4406 oi
3327 4352 3423 4405 σὺν
3448 4348 3619 4419 αὐτῷ,
3642 4347 3823 4401 καίτοι

555 4440 913 4486 sectatores:
974 4446 1152 4500 neque
1216 4435 1552 4501 paenitentia:
1614 4438 1793 4489 locum
1837 4436 2133 4506 (quamvis,

2244 4452 2535 4524 μετανοίας
2581 4450 2782 4513 τόπον,
2813 4448 2890 4511 ὡς
2937 4446 3171 4518 ἔφημεν,
3202 4442 3622 4514 ἐπιζητοῦντες·
3678 4437 3822 4508 πλὴν

555 4535 615 4578 ut
677 4524 945 4590 diximus,
1019 4525 1372 4596 quaesierint)
1432 4539 1723 4596 propterea
1780 4542 2127 4600 repererunt,

2242 4544 2446 4613 ταύτης
2477 4543 2578 4595 οὐκ
2605 4540 2820 4611 ἔτυχον,
2858 4538 2993 4592 διότι
3023 4537 3336 4608 ἐγγράφως,
3370 4532 3465 4594 οὒς
3498 4528 3827 4600 ἀνεθεμάτι-

555 4617 721 4682 quod,
756 4632 895 4686 quos
928 4618 1281 4674 anathemate
1315 4628 1571 4686 tauquam
1625 4619 1976 4678 Messalianos
2018 4640 2139 4679 c0u~

2243 4654 2347 4691 σαν
2373 4636 2449 4698 ὡς
2479 4632 2877 4695 Μεσαλιανοὺς,
2902 4630 3114 4694 τούτοις
3163 4629 3240 4691 ὡς
3286 4627 3583 4697 όμόφροσιν
3616 4621 3837 4692 ἐφωρά-

557 4709 920 4773 demnarant,
975 4725 1098 4763 cum
1160 4711 1246 4764 his
1302 4710 1465 4764 veluti
1534 4713 1877 4769 consortibus
1936 4716 2127 4786 scriptc

2243 4730 2419 4800 θησαν
2449 4727 2902 4799 κοινωνήσαντες.

556 4801 965 4856 communicare
1000 4802 1324 4872 deprehensi
1353 4813 1501 4858 sunt.

630 4891 803 4946 Porro
837 4894 1055 4963 scripsit
1106 4894 1396 4949 Flavianus
1432 4898 1498 4949 ad
1530 4895 1889 4953 Osroinenses
1934 4901 2140 4971 episto-

2314 4908 2563 4982 Ἐγράφη
2610 4907 2667 4961 δὲ
2714 4902 3001 4974 Φλασιανῷ
3052 4902 3192 4974 πρὸς
3234 4900 3363 4964 τοὺς
3412 4897 3762 4968 ἐν’θσροήνη
3790 4895 3839 4927 “’

558 4985 688 5050 lant,
725 5000 789 5039 ea
811 5002 931 5056 qua:
960 4997 1111 5056 gesta
1136 5001 1340 5053 essent,
1366 4991 1707 5056 edocentem,
1746 4993 1797 5047 in
1831 5009 1937 5065 qua
1972 4996 2127 5050 etiam

2243 4998 2502 5069 ἐπιστολὴ
2546 4997 2614 5050 τὰ
2645 4997 2776 5067 περὶ
2822 4994 3023 5057 αὐτοὺς
3070 4990 3386 5062 πραχθέντα
3418 4989 3839 5052 ὲκδιδάσκουσα,

558 5078 841 5132 haereticos
892 5081 1132 5148 punitos,
1189 5088 1244 5133 et
1283 5083 1786 5141 excommunicatos
1824 5087 2016 5151 refert,
2059 5102 2141 5142 re-

2246 5094 2306 5145 ἐν
2334 5085 2700 5164 ᾖέμφέρεται
2728 5088 2804 5152 ὡς
2828 5089 2877 5142 οί
2910 5084 3179 5158 αἱρετικοὶ
3204 5080 3589 5152 ὲτυπτήθησαν
3619 5080 3714 5133 καὶ
3737 5081 3840 5134 ἀν-

559 5183 932 5240 sponsumque
979 5183 1085 5236 est,
1123 5174 1365 5241 acceptis
1415 5175 1483 5228 ab
1515 5176 1785 5246 episcopis
1816 5177 2039 5246 litteris,
2085 5189 2127 5234 et

2248 5181 2716 5254 εθεματίσθησαν·
2742 5180 2837 5233 καὶ
2864 5178 3186 5248 ἀντεγράφη
3213 5173 3368 5245 παρὰ
3386 5172 3494 5225 τῶν
3516 5171 3841 5241 δεξαμένων

560 5262 825 5321 Flaviano
872 5283 972 5337 pro
1018 5267 1103 5322 his
1162 5267 1354 5337 gratia:
1408 5276 1565 5335 actae,
1617 5276 1784 5337 atque
1829 5284 2137 5327 assensum.

2249 5275 2565 5329 ἐπισκόπων
2598 5271 2887 5344 Φλαϐιανῷ
2936 5268 3261 5343 εὐχαριστία
3308 5265 3449 5357 ὑπὲρ
3492 5264 3699 5318 τούτων
3743 5266 3842 5318 καὶ

1836 5385 2072 5443 VARUE
2111 5387 2525 5445 LECTIONES.

638 5481 680 5510 "3
717 5480 1015 5549 ὀρθοδόξων
1049 5499 1109 5544 ς.

566 5552 697 5620 ηνὸς
719 5567 867 5604 corr.
890 5551 1237 5623 Α,αξδεσμὸς
1269 5570 1329 5623 pr
1360 5573 1373 5608 :
1411 5553 1695 5621 αἰδέσιμος
1735 5572 1796 5618 ς.

1202 5482 1504 5555 ⁸⁸είκονίου
1538 5483 1938 5537 Ᾱ.ὲπισκόπων
1965 5491 2042 5537 κε’
2064 5486 2120 5537 ὲν
2153 5504 2213 5549 ς.
2289 5487 2333 5519 ⁸⁸
2359 5485 2523 5555 βύζου
2557 5503 2642 5541 στ.

1894 5556 1941 5589 ⁴⁸
1964 5555 2155 5625 δαδόης
2181 5557 2274 5610 καὶ
2344 5574 2409 5628 ση
2421 5557 2670 5628 μεσώνης
2734 5574 2797 5621 ς.

2719 5486 2763 5517 ⁸⁸
2801 5483 3018 5546 Σᾶϐϐας
3075 5501 3135 5547 ς’.
3174 5484 3253 5538 sic
3286 5488 3341 5536 et
3371 5478 3532 5534 infra.
3609 5480 3652 5513 ⁸⁵⁷
3685 5479 3835 5532 ἐδεσο

2872 5557 2918 5589 ‘9
2939 5555 3091 5626 ροίνῃ
3135 5572 3197 5619 ς.

2058 5650 2293 5708 NOTAE.

635 5736 746 5803 (Si)
787 5737 857 5809 De
907 5755 1013 5808 qua
1052 5737 1181 5793 Vide
1216 5739 1542 5795 Theodoret.
1594 5742 1685 5795 lib.
1737 5756 1809 5809 tv,
1863 5757 1910 5796 ε.
1962 5743 2059 5808 10;
2102 5752 2151 5798 ct

564 5806 1028 5882 Nlcvt>vh.ulil_t.‘Xl.
1069 5825 1190 5880 cap.
1226 5810 1317 5880 15,
1357 5814 1414 5867 S.
1460 5813 1649 5882 Ep‘ph.

640 5880 758 5951 (se)
798 5880 1091 5937 S.Basiliu.

2329 5740 2443 5811 (83)
2478 5742 2572 5794 llle
2623 5740 2850 5794 forsitan
2906 5739 3305 5811 Mesopotamiae
3356 5738 3525 5804 episc.
3581 5736 3634 5789 in
3692 5732 3831 5789 llist.

2260 5810 2520 5866 dero-bus
2556 5813 2614 5865 Ι).
2645 5812 2929 5880 (Iltrysnst.
2966 5810 3123 5862 valde
3150 5810 3475 5880 celebratus.

2333 5883 2469 5954 (ὅδ’)
2506 5877 2795 5954 δυηιεοηέδ
2843 5880 3186 5936 'l'hcodcrelo
3218 5890 3380 5947 atque
3413 5877 3638 5946 Niceph.
