4146 6412
282 370 353 430 89
966 370 975 378 '
1450 364 1979 442 memoratam.
2011 408 2080 418 —
2108 383 2271 445 con.
2304 384 2436 445 LII.
3460 380 3531 444 90

287 491 846 564 συμφωνία.Ἔγραψε
873 495 929 549 δὲ
962 497 1055 549 καὶ
1082 496 1309 561 Λιτὼῖος
1352 499 1381 551 6
1418 498 1711 568 Ἀρμενίας
1745 498 1864 551 ἐπί⁸

1980 500 2198 570 Ξει-ἰρείι
2245 511 2300 556 et
2332 500 2542 556 Litoius
2589 498 2704 571 (84)
2771 497 3042 552 Armenia:
3090 496 3402 567 epiScopus,
3466 500 3534 553 de

287 598 505 649 σκοπος,
533 583 1030 657 διαπυνθανόμενος
1056 589 1122 642 τὰ
1143 590 1270 659 περὶ
1294 590 1401 642 τῶν
1420 590 1830 644 Μεσαλιανιτῶν
1845 607 1859 619 ·

282 672 376 745 καὶ
421 674 638 744 ἐγράφη
674 676 821 746 αὑτῷ
852 681 884 747 ἡ
914 681 1042 751 περὶ
1076 680 1252 733 αὑτῶν
1280 681 1533 752 συνοδικὴ
1562 682 1742 751 ψῆφος
1770 681 1864 734 καὶ

287 764 832 836 ἀπόφασις.“Εγραψε
875 771 932 823 δέ
961 773 988 823 6
1024 771 1196 840 μέγας
1225 772 1524 835 Φλαϐιανδς
1550 775 1642 826 καὶ
1665 775 1865 843 Ἀρμε-

288 849 381 923 νίῳ
412 854 525 908 τινὶ
554 856 836 928 ἐπισκόπῳ
862 859 988 929 περὶ
1014 860 1112 929 τῆς
1138 862 1309 929 αὑτῆς
1341 862 1655 925 ὑποθέσεως
1678 862 1864 916 δεύτε-

291 959 381 1011 ρον
401 961 414 974 ·
446 947 506 997 ἐν
526 945 582 999 δὲ
608 949 675 1017 τῇ
705 948 935 1020 δευτέρᾳ
961 952 1216 1022 ἐπιστολῇ
1247 952 1340 1023 [18
1368 952 1461 1022 Η.]
1490 955 1582 1006 καὶ
1600 955 1645 986 ⁵ο
1674 953 1867 1023 ἐγκλη-

289 1052 373 1086 σιν
416 1038 711 1106 προσάγει,
746 1041 828 1092 ὅτι
867 1042 1201 1111 προστασίας
1247 1045 1392 1108 τινὸς
1443 1045 1572 1116 παρ’
1603 1046 1763 1099 αὑτοῦ
1817 1049 1864 1100 οί

288 1126 682 1182 Μεσαλιανῖται
729 1133 1109 1202 τυγχάνουσιν.
1152 1136 1397 1207 Ἔγραψε
1448 1138 1635 1204 μέντοι
1690 1138 1787 1191 καὶ⁵
1837 1142 1866 1193 6

290 1218 913 1285 Κωνσταντινουπόλεως
931 1225 1175 1288 Ἀττικὸς
1195 1229 1311 1289 τοίς
1340 1229 1397 1279 ἐν
1424 1227 1721 1299 Παμφυλίᾳ
1744 1232 1866 1283 ἐπι-

291 1307 536 1374 σκόποις,
564 1312 652 1364 ἵνα
689 1314 1028 1384 πανταχόθεν
1065 1318 1190 1379 τοὺς
1224 1318 1598 1381 Μεσαλιανοὺς
1636 1318 1711 1378 ὡς
1754 1318 1863 1389 ἄγη

291 1402 385 1453 καὶ
416 1401 560 1474 μύση
585 1404 962 1458 ἀπελαύνωσιν
982 1422 995 1435 ⁸
1031 1407 1111 1460 ἐτι
1133 1409 1187 1461 δὲ
1210 1410 1237 1462 6
1266 1409 1428 1473 αὑτὸς
1456 1410 1549 1462 καὶ⁵
1578 1408 1713 1480 πρὸς
1734 1411 1868 1480 Ἀμ-

290 1492 532 1562 φιλόχιον
568 1496 661 1548 τὸν
698 1498 855 1567 Σίδης
891 1498 1114 1567 ὁμοίως·

359 1584 611 1656 Ἔγραψε
645 1587 701 1640 δὲ
732 1592 825 1641 καὶ
863 1590 1125 1654 Σισίννιος
1180 1593 1208 1643 6
1244 1594 1869 1664 Κωνσταντινουπόλεως

290 1676 386 1727 καὶ
419 1678 673 1741 Θεόδοτος
716 1682 745 1733 6
786 1682 1117 1752 Ἀντιοχείας
1166 1688 1353 1758 κοινὴν
1390 1690 1680 1762 ἐπιστολὴν
1732 1694 1868 1763 πρὸς

291 1766 606 1836 Βερινιανὸν
630 1774 722 1824 καὶ
756 1773 1104 1845 Ἀμφιλόχιον
1124 1778 1216 1829 καὶ
1242 1779 1461 1843 λοιποὺς
1484 1784 1608 1846 τοὺς
1629 1786 1691 1836 ἐν
1712 1786 1868 1855 Παμ-

1964 593 2302 649 Messalianis
2332 593 2693 662 interrogans,
2725 590 3061 660 missumque
3108 591 3173 645 ad
3203 591 3349 644 illum
3382 606 3539 661 syno-

1964 686 2143 740 dicum
2190 685 2256 739 de
2285 684 2391 739 illis
2437 684 2713 738 decretum
2754 691 2919 751 atque
2963 682 3253 736 sententia.
3308 682 3541 750 Scripsit

1964 790 2179 844 quoque
2227 790 2455 844 magnus
2500 774 2791 829 Flavianus
2840 773 3102 827 Armenio
3154 771 3372 853 cuidam
3424 772 3541 841 epi-

1964 880 2148 934 sc0po,
2192 864 2331 934 13a
2378 865 2575 918 iterum
2628 864 2693 918 de
2737 862 2927 917 eadem
2975 864 3090 932 ipsa
3123 878 3224 917 re;
3283 877 3387 932 qua
3421 864 3540 930 qui-

1965 956 2086 1011 dem
2112 956 2283 1009 altera
2309 955 2557 1025 epistola,
2599 955 2763 1008 etiam
2810 954 3061 1023 queritur
3105 955 3169 1007 et‘
3203 953 3539 1022 expostulat,

1966 1046 2252 1115 patrocinii
2284 1045 2428 1114 apud
2469 1046 2645 1116 ipsum
2687 1045 2892 1112 aliquid
2944 1044 3347 1100 Messalianitas
3387 1043 3538 1097 inve-

1968 1137 2105 1190 nire.
2139 1137 2376 1201 Scripsit
2402 1147 2455 1190 et
2487 1136 2702 1190 Atticus
2752 1134 3392 1203 Constantinopolitanus
3434 1137 3545 1203 epi-

1967 1230 2146 1298 scopis
2170 1231 2222 1283 in
2255 1229 2569 1300 Pamphylia
2598 1231 3014 1295 assistentibus,
3045 1240 3104 1284 ut
3134 1230 3371 1299 undique
3399 1228 3543 1283 Mes-

1968 1322 2205 1376 salianos
2242 1322 2403 1376 veluti
2436 1337 2624 1377 sacros
2667 1338 2731 1377 ac
2776 1321 3130 1376 detestandos
3163 1322 3541 1375 exturbarent.

1968 1406 2108 1472 Quin
2148 1418 2202 1461 et
2228 1408 2366 1462 idem
2399 1410 2464 1461 ad
2499 1410 2942 1480 Amphilochium
2990 1408 3135 1464 Sida:
3165 1408 3545 1479 prasideutem

1968 1498 2223 1555 similiter
2249 1500 2496 1568 scripsit.

2041 1588 2313 1645 Sisinnins
2362 1593 2490 1646 item
2547 1590 3206 1663 Constantinopolitanus,
3266 1604 3321 1647 et
3368 1592 3549 1644 Thoo-

1972 1682 2133 1737 dotus
2163 1682 2555 1746 Antiochenus,
2589 1699 2933 1739 communem
2978 1686 3265 1753 epistolam
3298 1685 3366 1738 ad
3399 1684 3551 1736 Beri-

1973 1772 2218 1838 nianum,
2265 1784 2321 1828 et
2350 1772 2810 1843 Amphilochium,
2856 1786 3192 1844 caeterosque
3241 1776 3293 1828 in
3371 1773 3539 1826 Pam-

295 1859 461 1928 φυλίᾳ
490 1861 842 1927 ἐπισκόπους,
871 1861 939 1936 ἧς
959 1868 992 1935 ή
1012 1869 1310 1939 ἐπιγραφὴ,
1331 1890 1347 1921 ι
1379 1872 1502 1935 Τοῖς
1522 1874 1868 1941 θεοφιλεστά-

1980 1863 2139 1933 philia
2172 1865 2455 1933 episc0pos
2485 1865 2787 1934 scripsere,
2822 1868 2977 1934 cujus
3023 1867 3266 1933 epistolae
3300 1865 3417 1918 haec
3468 1865 3552 1918 in-

291 1968 407 2013 τοις
443 1952 874 2024 συλλειτουργοίς
910 1958 1208 2030 Βερινιανῴ
1247 1963 1340 2015 καὶ
1382 1964 1732 2037 Ἀμφιλοχίῳ,
1779 1969 1870 2021 καὶ

294 2043 432 2094 πᾶσι
478 2047 593 2104 τοῖς
641 2048 699 2099 ἐν
748 2048 1045 2121 Παμφυλίᾳ
1089 2052 1427 2120 ἐπισκόποις,
1473 2056 1732 2119 Σισίννιος
1778 2059 1872 2112 καὶ

291 2131 554 2196 ίθεόδοτος
605 2134 697 2186 καὶ
734 2138 883 2190 πᾶσα
924 2139 955 2203 ἠ
989 2139 1119 2205 ἁγία
1161 2143 1436 2212 σύνοδοςή
1476 2147 1616 2199 κατὰ
1640 2146 1797 2200 θείαν
1825 2149 1868 2180 ⁵¹

292 2222 456 2292 γάριν
488 2227 915 2298 συγκροτηθεῖσα
948 2231 1005 2282 ἐν
1038 2234 1102 2303 τῇ
1141 2234 1497 2302 μεγαλοπόλει
1527 2241 1872 2293 Κωνσταντιο·

290 2317 551 2370 νουπόλει
591 2320 689 2385 τῆς
736 2323 1069 2390 χειροτονίας
1108 2325 1271 2379 ἕνεκα
1316 2328 1408 2381 τοῦ
1458 2329 1869 2398 θεοφιλεστάτου

294 2407 387 2458 καὶ
442 2407 745 2473 ἁγιωτάτου
772 2411 815 2442 ⁵³
861 2414 1161 2469 ἐπισκόπου
1208 2418 1493 2482 Σισιννίου,
1542 2421 1872 2491 θεσπίσματι

291 2498 384 2551 τοῦ
438 2500 829 2555 εὐσεϐεστάτου
875 2506 968 2557 καὶ
1016 2507 1363 2578 φιλοχρίστου
1404 2512 1563 2580 ἡμῶν
1608 2512 1874 2583 βασιλέως

293 2588 603 2654 Θεοδοσίου,
630 2594 686 2645 ἐν
713 2595 899 2666 Κυρίῳ
922 2598 1152 2667 χαίρειν.
1190 2618 1208 2650 ι
1230 2601 1319 2653 Ἐν
1343 2602 1515 2676 ταύτῃ
1536 2606 1601 2675 τῇ
1623 2606 1871 2677 συνοδικῇ

294 2682 557 2753 ἐπιστολῇ
588 2686 684 2738 καὶ
718 2687 872 2740 Νέων
904 2691 1200 2753 ἐπίσκοπος
1222 2692 1581 2764 ἐξεφώνησεν,
1615 2696 1690 2759 ὡς
1722 2697 1874 2759 εἴτις

298 2774 435 2839 μετὰ
467 2774 563 2827 τὸν
607 2775 1048 2849 ἀναθεματισμὶν
1084 2781 1363 2853 φωραθείη
1405 2784 1483 2850 τῷ
1524 2786 1700 2855 χρόνῳ
1734 2787 1874 2857 ἣδιὰ

299 2866 566 2934 ῥημάτων
598 2868 631 2938 ἢ
657 2869 745 2921 διὰ
780 2874 1121 2941 πραγμάτων
1151 2876 1229 2937 είς
1262 2874 1360 2945 τὴν
1392 2876 1627 2946 ὑποψίαν
1650 2879 1751 2948 τῆς
1787 2881 1875 2933 νό-

301 2976 391 3012 σου
428 2960 637 3030 ταύτης
686 2962 995 3033 ἐμπίπτων,
1029 2967 1225 3037 μηκέτι
1264 2967 1449 3022 λοιπὸν
1500 2970 1661 3026 αὑτὸν
1693 2972 1877 3043 χώραν

298 3052 462 3120 ἔχειν,
506 3053 633 3123 μηδ’
667 3055 733 3109 ἂν
780 3058 1039 3127 μυριάκις
1081 3060 1487 3131 ἐπαγγέλληται
1510 3064 1575 3125 ⁸³,
1601 3064 1699 3134 τὴν
1725 3065 1877 3130 τάξιν

1977 1957 2201 2025 scriptio
2229 1968 2350 2012 est:
2384 1976 2402 2008 ι
2448 1959 2558 2012 Deo
2585 1959 2926 2014 charissimis
2976 1974 3256 2013 sacrorum
3300 1957 3548 2028 collegis,

1978 2048 2291 2116 Beriniano,
2346 2058 2400 2104 et
2435 2050 2839 2117 Amphilochia,
2891 2051 3255 2121 omnibusque
3305 2050 3441 2104 adeo
3495 2050 3548 2103 in

1977 2140 2290 2212 Pamphylia
2324 2140 2617 2212 episcopis,
2671 2143 2970 2207 Sisinnius,
3021 2152 3189 2211 atque
3235 2143 3551 2196 Theodotus

1977 2242 2033 2286 et
2062 2232 2316 2287 universa
2370 2246 2563 2289 sancta
2621 2238 2885 2305 synodus,
2937 2251 3058 2305 quae
3114 2235 3210 2290 Dei
3267 2236 3462 2305 gratia,
3496 2236 3550 2288 in

1981 2341 2174 2396 magna
2205 2328 2341 2381 urbe
2373 2326 2978 2397 Coustantinopolitana
3018 2335 3207 2383 coacta
3256 2336 3367 2389 est,
3415 2342 3551 2381 cou-

1980 2418 2229 2472 secrandi
2260 2420 2438 2488 gratia
2481 2419 2592 2473 Deo
2623 2420 2984 2474 amantissimi
3016 2420 3255 2488 episcopi
3301 2416 3553 2481 Sisinuii,

1975 2509 2128 2575 jussu
2158 2518 2214 2564 et
2261 2511 2587 2565 auctoritate
2645 2511 2988 2579 pientissimi,
3026 2521 3081 2566 et
3125 2511 3345 2566 Christo
3393 2510 3550 2564 chari

1981 2602 2333 2671 Imperatoris
2357 2603 2525 2657 nostri
2557 2602 2873 2666 Theodosii,
2908 2604 3137 2658 salutem
3166 2603 3217 2657 in
3249 2602 3497 2657 Domino.
3531 2619 3551 2652 ι

1982 2691 2038 2747 lu
2103 2709 2165 2748 ea
2217 2695 2330 2763 ipsa
2386 2696 2641 2764 synodica
2676 2696 2906 2763 epistola
2942 2694 3091 2747 Neon
3142 2695 3430 2763 episcopus
3461 2708 3558 2744 cx-

1982 2784 2256 2850 clamavit,
2301 2795 2379 2850 ut,
2430 2788 2476 2839 si
2528 2788 2652 2856 quis
2707 2797 2827 2855 post
2876 2786 3388 2841 anathematiSmum
3448 2785 3558 2837 ttllo

1985 2884 2230 2943 tempore
2260 2876 2632 2943 deprehensus
2682 2874 2868 2936 fuerit.
2929 2890 2989 2929 ra
3036 2886 3127 2929 aut
3158 2876 3340 2941 verbo,
3376 2877 3427 2929 in
3469 2891 3561 2930 su-

1984 2965 2277 3034 spicionem
2316 2966 2468 3021 mala:
2511 2966 2672 3036 hujus
2726 2974 2891 3021 ουσιαι
2939 2967 3220 3031 incidisse,
3277 2983 3557 3036 nunquam

1983 3070 2169 3129 postea
2205 3058 2378 3113 locum
2432 3067 2635 3123 teneat,
2682 3074 2752 3113 ne
2795 3059 2839 3113 si
2875 3059 3073 3113 millies
3106 3060 3326 3129 quidem
3382 3062 3560 3129 potni-

296 3145 653 3216 ἀναπληροῦν
694 3147 803 3199 τῶν
852 3151 1291 3217 μετανοούντων
1350 3155 1790 3222 συγκινδυνεύειν
1830 3160 1876 3191 ⁸⁵

1988 3151 2224 3205 tentibus
2252 3150 2583 3205 constitutas
2613 3165 2802 3218 pinnas
2831 3150 3092 3205 luiturum
3129 3166 3187 3206 se
3214 3151 3556 3220 polliceatur.

295 3236 349 3289 δέ
367 3237 524 3307 αὑτῴ
544 3238 637 3290 καὶ
660 3239 749 3291 τὸν
781 3243 1180 3312 συγκροτοῦντα
1201 3246 1384 3311 αὑτὸν,
1418 3248 1526 3300 είτε
1552 3250 1873 3316 ἐπίσκοπος,

1981 3238 2106 3294 Pari
2132 3256 2253 3294 cum
2290 3240 2394 3294 hoc
2421 3240 2663 3311 periculo
2689 3252 2745 3295 et
2766 3256 2888 3294 eum
2918 3240 3157 3307 subjicit,
3191 3242 3283 3310 qui
3329 3254 3561 3294 consen-

298 3328 401 3381 εἴτε
436 3328 603 3392 ἄλλος
636 3347 721 3393 τις
753 3332 861 3401 εἴη.
909 3334 1154 3406 Ἐγράφη
1186 3337 1241 3389 δὲ
1276 3339 1369 3391 καὶ¹
1399 3341 1657 3413 ἐπιστολὴ
1696 3341 1878 3398 Ἰωάν-

297 3434 385 3471 νου
426 3420 764 3490 Ἀντιοχείας
797 3424 846 3456 ⁵⁸
879 3424 1014 3495 πρὸς
1043 3427 1341 3499 Νεστόριον
1386 3433 1514 3501 περ)⁸
1544 3433 1655 3487 τῶν
1695 3436 1882 3489 Μεσα-

297 3508 574 3565 λιανιτῶν.
628 3512 921 3583 Ἐξήνεγκε
956 3516 1012 3569 δὲ
1043 3517 1135 3571 καὶ
1180 3520 1308 3591 ὅρον
1334 3523 1367 3591 ή
1403 3523 1535 3592 ἁγία
1580 3527 1676 3578 καὶ
1705 3528 1883 3582 οἰκου-

302 3603 502 3673 μενικὴ
539 3601 775 3667 σύνοδος,
811 3607 845 3676 ἡ
879 3607 934 3660 ἐν
978 3607 1187 3681 Ἐφέσῳ
1221 3612 1402 3683 τρίτη.
1435 3614 1881 3685 άπογυμνὼσασα

298 3694 481 3747 αὑτῶν
508 3694 557 3727 ⁸⁸
590 3696 685 3749 καὶ
711 3697 779 3750 τά
807 3698 864 3751 ἐν
890 3699 966 3769 τῷ
996 3699 1277 3773 λεγομένῳ
1297 3704 1479 3759 αὑτῶν
1501 3705 1690 3779 βιϐλίῳ
1710 3709 1882 3781 ἀσκη-

300 3788 432 3859 τικῷ
482 3788 783 3861 βλάσφημα
825 3794 918 3846 καὶ
960 3796 1210 3865 αίρετικὰ
1265 3799 1557 3867 κεφάλαια,
1605 3804 1700 3856 καὶ
1748 3805 1883 3857 καθ-

300 3880 651 3935 υποϐαλοῦσα
672 3883 748 3953 τῷ
776 3885 1097 3955 άναθέματι.
1118 3890 1365 3960 Ἔγραψε
1388 3892 1444 3944 δέ
1471 3894 1564 3946 καὶ
1590 3894 1885 3965 Ἀρχέλαος

302 3974 329 4023 6
354 3974 699 4043 Καισαρείας
724 3977 821 4046 τῆς
854 3979 1239 4034 Καππαδοκῶν
1270 3982 1566 4047 ἐπίσκοπος
1604 3985 1885 4055 ἀναθεμα-

302 4067 532 4133 τισμοῦς
548 4068 995 4139 εἰκοσιτέσσαρας
1012 4072 1121 4124 τῶν
1136 4073 1448 4141 κεφαλαίων
1463 4074 1665 4130 αὑτῶν.
1686 4076 1771 4147 [41
1792 4076 1884 4150 8.]

307 4156 578 4221 Συνέταξε
610 4158 667 4211 δέ
706 4160 826 4212 κατ’
875 4161 1054 4214 αὑτῶν
1092 4164 1185 4215 καὶ
1224 4164 1579 4235 Ἡρακλείδας
1605 4168 1633 4219 ὁ
1666 4167 1887 4236 Νύσσης

304 4248 605 4314 ἐπίσκοπος
639 4251 925 4317 ἐπιστολὰς
951 4253 1066 4316 δύο,
1095 4248 1173 4308 ὧν
1195 4256 1254 4309 ἐν
1280 4259 1346 4328 τῇ
1376 4258 1607 4331 δευτέρα
1636 4262 1729 4313 καὶ
1751 4261 1888 4331 χρῆ-

307 4355 387 4405 σις
418 4343 652 4414 φέρεται
680 4344 780 4414 τῆς
818 4346 1179 4419 ἀρχαιότητος
1228 4348 1337 4403 τῶν
1383 4352 1601 4404 σεπτῶν
1641 4354 1885 4409 εἰκόνων.

379 4611 635 4682 Ἔγραψε
655 4612 712 4665 δέ
741 4614 915 4683 χρόνῳ
948 4613 1175 4685 ὕστερον
1204 4614 1298 4667 καὶ
1320 4613 1621 4686 Γερόντιος,
1646 4615 1886 4687 πρεσϐύο

307 4722 465 4775 τερος
501 4708 599 4757 καὶ
632 4705 934 4775 ἡγούμενος
965 4706 1074 4758 τῶν
1112 4709 1168 4760 ἐν
1208 4706 1409 4759 Γλίτιδι
1446 4707 1718 4777 μοναχῶν,
1754 4707 1893 4778 πρὸς

322 4796 577 4849 Ἀλύπιον
610 4797 1035 4868 ἁρχιεπίσκοπον
1063 4798 1165 4867 τῆς
1195 4800 1253 4850 ἐν
1283 4800 1653 4872 Καππαδοκίᾳ
1680 4802 1890 4854 Καισαο

315 4889 488 4959 ρείας,
528 4888 851 4960 ἐγκλήματα
901 4890 1042 4943 κατὰ
1086 4890 1405 4960 Λαμπετίου
1450 4892 1637 4956 κινῶν,
1689 4893 1747 4955 ὃς
1798 4895 1893 4948 καὶ

308 4983 530 5053 πρῶτος
571 4983 669 5052 τῆς
711 4983 1006 5054 εἰρημένης
1039 4984 1304 5052 αἱρέσεως
1354 4983 1577 5055 ἴσχυσεν
1626 4983 1891 5054 ἐκκλέψαι

307 5076 365 5126 το
393 5076 498 5146 τῆς
526 5074 826 5145 ίερωσύνης
856 5076 949 5128 καὶ
991 5075 1244 5129 ὑπελθεῖν
1288 5075 1528 5144 ἀξίωμα,
1563 5075 1790 5145 βέϐηλος
1822 5076 1900 5129 ὢν

312 5168 408 5223 καὶ
447 5167 724 5223 ἀπατεὼν.
765 5168 1017 5234 ’Δλύπιος
1050 5169 1107 5222 δὲ
1141 5169 1186 5202 ⁸⁷
1220 5170 1291 5223 τὰ
1333 5171 1618 5240 γραφέντα
1663 5168 1899 5240 δεξάμε-

1984 3331 2081 3384 tiat
2114 3329 2534 3399 applaudatque,
2578 3330 2694 3385 sive
2728 3332 3039 3400 episcopus,
3084 3329 3200 3384 sive
3248 3330 3370 3397 quis
3422 3327 3562 3382 alius

1982 3422 2071 3477 ille
2096 3422 2277 3477 fuerit.
2310 3422 2473 3477 Missa
2509 3437 2724 3493 quoque
2764 3422 2994 3491 epistola
3032 3420 3258 3475 Joannis
3301 3420 3415 3491 (85)
3452 3421 3564 3473 An-

1986 3514 2218 3569 tiocheni
2251 3517 2318 3569 ad
2346 3514 2678 3582 Nestorium,
2713 3514 2781 3569 de
2817 3513 3223 3570 Messalianitis.
3252 3511 3402 3568 Fecit
3434 3512 3561 3567 item

1983 3606 2261 3661 decretum
2291 3606 2384 3677 (de
2434 3606 2537 3661 hoc
2571 3606 2685 3676 ipso
2714 3604 2983 3674 Adelphio
3010 3603 3293 3673 haeretico)
3332 3618 3484 3657 sacra
3510 3613 3566 3655 ct

1984 3699 2322 3754 mcumenica
2396 3700 2639 3772 synodus
2704 3698 2981 3768 Ephesina
3063 3699 3225 3752 tertia
3262 3735 3278 3761 ,
3320 3711 3443 3766 quae
3511 3704 3567 3750 et

1985 3791 2144 3845 illum
2228 3807 2350 3845 cmn
2450 3791 2805 3860 hlaspbemiis
2901 3789 3280 3859 capitibusque
3390 3788 3565 3842 haere-

1984 3897 2149 3949 seos,
2205 3890 2472 3951 quotquot
2550 3883 2604 3937 in
2669 3882 2887 3936 illorqu
2955 3882 3095 3936 libro
3162 3880 3414 3935 Ascetico
3478 3895 3568 3933 es-

1986 3986 2127 4038 sent,
2189 3975 2431 4039 detexit,
2500 3984 2556 4029 et
2610 3974 2944 4029 anathemati
3018 3972 3276 4041 subjecit.
3338 3969 3569 4038 Scripsit

1988 4078 2045 4123 et
2123 4067 2427 4123 Archelaus
2478 4068 2741 4122 Cassareae
2823 4065 3187 4135 Cappadociae
3284 4065 3570 4133 episcopus

1987 4169 2222 4229 quatuor
2239 4170 2293 4214 et
2316 4159 2503 4228 viginti
2534 4159 3021 4212 anathematismos
3036 4157 3273 4226 capitum
3293 4156 3557 4229 ipsorum.

1987 4226 2304 4316 Composuit
2362 4226 2626 4301 adversus
2683 4246 2802 4301 illos
2840 4256 2897 4301 et
2932 4245 3246 4299 Heraclidas
3290 4226 3570 4313 Nyssenus

1986 4342 2273 4411 episcOpus
2299 4341 2435 4395 duas
2459 4338 2720 4408 epistolas
2752 4356 2767 4393 :
2800 4354 3031 4408 quarum
3092 4339 3146 4393 in
3189 4336 3359 4391 altera
3399 4338 3569 4390 etiam

1989 4433 2357 4489 teetimonium
2383 4432 2654 4503 quoddam
2693 4430 2918 4487 an'ertur
2980 4447 3082 4502 pro
3109 4430 3437 4500 antiquitate
3472 4444 3568 4483 sa-

1913 4561 1969 4621 D
1992 4539 2204 4579 crarum
2237 4523 2554 4592 imaginum.

2065 4614 2373 4685 Insequenti
2404 4631 2532 4670 vero
2564 4624 2804 4681 tempore
2850 4613 3149 4669 Gerontius
3192 4625 3406 4680 quoque
3449 4625 3573 4680 pre-

1997 4709 2184 4778 sbyter
2204 4721 2258 4762 et
2288 4707 2576 4777 praefectus
2599 4707 2988 4761 monachorum
3022 4706 3073 4757 in
3098 4703 3319 4765 Glitide,
3354 4703 3574 4770 scripsit

1994 4802 2060 4854 ad
2112 4800 2368 4871 Alypium
2431 4800 2900 4868 archiepiscopum
2937 4798 3197 4851 Caesarea:
3222 4794 3573 4864 Cappadociae

1995 4893 2245 4962 querelas
2283 4892 2462 4945 varias
2496 4892 2758 4944 adversus
2791 4888 3159 4958 Lampetiutn,
3218 4888 3310 4958 qui
3365 4887 3573 4957 primus

1994 5001 2061 5040 ex
2091 4986 2233 5040 dicta
2291 4984 2482 5039 haeresi
2541 4983 2826 5052 subripere
2883 4980 3068 5035 furtim
3104 4980 3237 5051 130
3278 4977 3572 5034 sacerdotii

1994 5079 2339 5148 dignitatem,
2367 5090 2432 5131 ac
2452 5076 2634 5130 subire
2655 5075 2849 5144 potuit,
2880 5073 3167 5141 oprofanus
3195 5072 3307 5140 ipse
3345 5085 3467 5122 cum
3488 5084 3575 5122 cs-

1992 5180 2098 5236 set,
2127 5181 2288 5239 atque
2327 5170 2610 5240 impostor.
2640 5167 2822 5235 Quare
2856 5167 3105 5238 Alypius,
3147 5165 3389 5234 acceptis
3426 5163 3573 5218 litte-

1621 5282 1852 5339 νΑιιυΕ
1890 5282 2298 5341 LECTIONES.

377 5400 426 5429 ⁸⁸
454 5399 553 5450 καὶ
580 5413 690 5471 om.
726 5402 782 5450 Α.
938 5398 1111 5471 θείαν]

312 5467 354 5497 ⁸³
395 5469 693 5537 ἁντιοχέως
720 5476 786 5522 Α.
862 5469 909 5501 ⁹⁶
939 5467 1110 5523 αὑτὸν
1129 5489 1188 5536 ς.
1264 5473 1307 5504 ³⁷
1334 5472 1390 5524 δὲ
1426 5473 1509 5527 A:
1545 5476 1642 5527 καὶ
1714 5467 1778 5537 ς’.

1165 5400 1287 5454 θεοῦ
1326 5400 1390 5454 Α.
1468 5402 1513 5433 ⁸⁸
1553 5403 1645 5454 καὶ
1672 5402 1979 5469 άγιωτάτου
2014 5406 2138 5459 add.
2172 5405 2235 5458 Α.
2312 5403 2357 5436 ⁵³
2386 5402 2758 5472 ἐπαγγέληται
2795 5400 2859 5454 Α.
2937 5399 2983 5431 ⁸⁸
3020 5394 3438 5464 συγκενδυνεύει
3508 5408 3565 5455 ς,

1808 5585 2040 5643 NOTAE.

387 5679 507 5748 (84)
553 5679 772 5735 Letoius
798 5680 1057 5734 Ecclesia:
1100 5679 1456 5737 Mclitinensis
1498 5683 1667 5748 episc.
1716 5681 1893 5737 Theo-

327 5748 517 5805 doreto
544 5751 632 5820 l_ib.
666 5766 718 5804 tv
748 5750 887 5805 Hist.
930 5765 1048 5820 cap.
1084 5751 1172 5816 10,
1214 5750 1454 5815 Latoius,
1486 5750 1715 5819 Niceph.

395 5821 513 5893 (85)
548 5818 876 5877 Patriat'cha:
904 5818 1131 5891 accipio,
1188 5824 1278 5892 qui
1337 5822 1394 5876 S.
1446 5818 1723 5878 Theodoto
1776 5836 1896 5879 suc-

2001 5684 2185 5748 cessit,
2231 5690 2393 5748 atque
2427 5676 2494 5731 ad
2527 5672 2835 5748 Nestorium
2889 5672 3175 5742 scripsisse
3230 5669 3443 5741 legitur.
3476 5667 3572 5721 Ni-

2004 5746 2283 5824 ceph.rlih.
2307 5746 2446 5815 'm,
2478 5763 2608 5817 cap.
2643 5746 2734 5799 55.
