4100 6442
549 413 613 479 91
1702 423 1967 483 PHOTII
2008 424 2515 486 PATRIARCII/E
2555 426 2663 486 (ΣΡ.
3745 417 3817 482 92

552 536 648 601 ris,
722 533 787 587 ad
852 533 1167 588 llormizam
1204 531 1474 589 Cumaues
1528 534 1865 604 episcopum,
1924 552 2044 606 qum
2072 538 2137 591 de

2250 556 2349 603 νος,
2378 540 2514 608 πρὸς
2538 539 2630 591 τὸν
2653 536 2954 590 ἐπίσκοπον
2982 536 3243 606 Κομάνης
3281 533 3547 606 ὐρμίζην
3568 533 3817 587 ἐπιστέλ-

554 624 845 694 Lampetio
869 634 1277 694 spargerentur,
1322 625 1647 680 excutienda
1688 626 1857 681 misit.
1894 626 2136 682 Accusa-

551 715 719 771 tiouis
737 724 897 769 erant
935 716 1111 786 capita
1145 717 1259 771 hzrc
1291 732 1308 770 :
1336 716 1571 770 Puellam
1631 718 1776 772 ulnis
1831 720 2136 788 amplexum

554 816 717 875 atque
757 808 1133 863 exosculatum
1169 809 1362 863 fuisse.
1420 808 1597 877 Ipsum
1642 810 1982 879 Lampetium
2016 827 2141 865 uar-

556 916 730 964 rasse,
769 901 1166 973 Hierosolymis
1220 917 1279 958 se
1319 917 1443 957 cum
1483 904 1788 957 diaconissa
1854 918 2136 973 peccasse;

559 994 956 1048 accedentibus
984 995 1106 1047 dein
1136 994 1408 1049 nonnullis
1452 995 1543 1063 qui
1591 995 1780 1048 morbo
1820 994 2138 1048 medicinam

558 1095 888 1151 qumrereut,
925 1086 1193 1146 adducite,
1231 1086 1453 1150 dixisse,
1502 1086 1783 1155 pulchram
1832 1085 1964 1139 mihi
1993 1085 2143 1154 puel-

559 1174 692 1238 lam,
731 1177 1126 1245 ostendamque
1185 1177 1279 1231 tibi
1332 1177 1790 1231 sanctimoniam:
1842 1191 1937 1231 eos
1989 1178 2138 1243 item,

561 1267 661 1334 qui
707 1267 866 1321 statis
895 1268 1043 1323 horis
1071 1269 1383 1337 psallerent,
1413 1269 1557 1323 {uade
1589 1268 1847 1329 irrisisse,
1883 1278 1936 1321 et
1957 1268 2144 1323 convi-

566 1358 654 1411 Iiis
684 1359 1034 1423 insectatum,
1097 1369 1355 1429 tanquam
1418 1361 1520 1430 legi
1567 1360 1745 1413 adhuc
1792 1361 2140 1428 servientes;

563 1449 775 1516 aliaque
793 1452 971 1504 multa
1011 1452 1061 1504 id
1102 1450 1495 1519 genusuefaria
1529 1451 1581 1504 in
1613 1452 1705 1505 illo
1730 1461 2145 1521 accusata,qu:e

563 1556 592 1592 a
624 1540 958 1598 Messalianis
994 1551 1049 1598 et
1076 1542 1233 1608 ﬁunt,
1262 1553 1313 1596 et
1345 1543 1617 1597 dicuntur.
1673 1544 2143 1610 Quemadmodum

565 1644 619 1685 et
655 1650 775 1699 nos,
840 1636 1036 1703 inquit,
1099 1636 1223 1687 dum
1258 1649 1356 1701 pro
1383 1635 1524 1688 virili
1590 1650 1855 1690 conamur
1883 1636 2144 1704 quosdam

564 1724 833 1778 abducere
873 1726 940 1779 ab
981 1727 1082 1779 hoc
1102 1740 1308 1790 errore,
1370 1726 1459 1795 qui
1496 1741 1667 1794 nuper
1690 1727 1850 1782 istinc
1880 1728 2146 1796 pullulare

564 1816 758 1883 coepit,
785 1817 1056 1883 ingentem
1085 1832 1216 1870 sane
1250 1818 1589 1884 putretliuem
1647 1820 2142 1888 perturbationum,

2237 630 2318 683 λει
2344 630 2410 685 τὰ
2434 630 2566 701 περὶ
2594 629 2913 698 Λαμπετίου
2935 628 3186 695 ἐξετάσαι
3206 627 3495 698 λεγόμενα.
3525 626 3635 681 Kai.‘
3656 621 3725 695 ἦν
3749 624 3819 678 τὰ

2237 718 2639 791 ἐγκαλούμενα,
2677 721 2759 773 ὅτι
2787 719 2959 789 κόρην
2988 716 3130 771 κατὰ
3175 717 3350 787 στόμα
3381 715 3550 784 φιλῶν
3584 716 3821 784 ἐνηγκα-

2237 809 2438 874 λίζετο,
2470 810 2566 862 κάι
2590 810 2673 863 ὅτι
2701 809 2864 872 αὐτὸς
2897 809 3104 870 ἐκεῖνος
3141 807 3245 878 ἔφη
3275 806 3588 877 Λαμπέτιος
3620 806 3678 858 ἐν
3718 805 3821 858 Ἱε-

2242 901 2560 972 ροσολύμοις
2605 901 2743 971 μετά
2776 916 2923 963 τινος
2959 898 3307 969 διακονίσσης
3345 899 3694 968 ἐξαμαρτεῖν,
3725 896 3821 948 καὶ

2239 994 2321 1046 ὅτι
2354 992 2761 1062 προσελθόντων
2780 992 2831 1023 ⁸⁸
2853 991 3015 1044 τινῶν
3044 992 3139 1044 καὶ
3159 993 3467 1060 νοσήματος
3498 991 3641 1043 ἴασιν
3672 987 3821 1052 ἐξαι-

2241 1103 2333 1138 του
2342 1085 2518 1155 μένων
2540 1086 2667 1154 ἐφη,
2684 1102 2703 1135 ι
2726 1085 2856 1154 φέρε
2880 1083 3007 1153 μίαν
3036 1083 3202 1153 κόρην
3231 1082 3367 1152 πρὸς
3394 1081 3494 1151 ἐμὲ
3511 1080 3704 1151 καλὴν,
3728 1080 3823 1133 καὶ

2241 1178 2403 1242 δείξω
2438 1195 2520 1230 σοι
2553 1176 2884 1246 ἁγιωσύνην.
2918 1195 2937 1227 ι
2973 1176 3065 1228 καὶ
3098 1176 3179 1228 ὅτι
3220 1176 3348 1237 τοὺς
3376 1174 3473 1237 τὰς
3502 1172 3651 1243 ὥρας
3683 1171 3815 1241 ψάλο

2244 1270 2433 1331 λοντας
2464 1266 2864 1337 ἐξεμυκτήριζε
2899 1267 2993 1319 καὶ
3020 1267 3268 1337 διέσυρεν
3299 1265 3374 1328 ὡς
3411 1265 3515 1318 ὑπὸ
3550 1265 3713 1334 νόμον
3741 1263 3823 1316 ἔτι

2244 1360 2634 1429 τυγχάνοντας.
2667 1359 2779 1412 Καὶ
2805 1358 2940 1411 ἄλλα
2974 1357 3112 1411 ἄττα
3154 1355 3390 1426 ἀθέμιτα
3427 1354 3759 1425 διεϐέϐλητο,
3787 1354 3825 1407 ἃ

2245 1453 2356 1513 τοίς
2384 1450 2747 1513 Μεσαλιανοῖς
2799 1449 2893 1503 καὶ
2936 1452 3171 1502 ποιεῖται
3220 1449 3314 1503 καὶ
3357 1448 3597 1516 λέγεται,
3641 1444 3823 1508 καθὼς

2246 1544 2340 1597 καὶ
2373 1544 2554 1614 ἡμεῖς,
2582 1545 2658 1606 ὡς
2686 1537 2798 1597 οἷόν
2829 1559 2890 1595 τε
2920 1544 3073 1612 ἡμῖν,
3096 1542 3249 1603 τινὰς
3272 1540 3372 1610 τῆς
3405 1540 3661 1611 τοιαύτης
3688 1538 3827 1593 πλά-

2246 1648 2344 1703 νης
2405 1632 2730 1699 ἀπάγοντες,
2773 1629 2863 1702 [I9
2917 1629 3010 1701 11.]
3060 1630 3187 1700 ἄρτι
3238 1630 3557 1701 βλαστάνειν
3614 1628 3826 1683 ἐκεῖθεν

2247 1720 2561 1793 ἀρξαμένης
2591 1723 2656 1782 ⁸³,
2696 1720 2898 1792 πολλὴν
2947 1719 3217 1792 σηπεδόνα
3264 1719 3456 1773 παθῶν
3504 1720 3598 1773 καί¹
3626 1719 3827 1781 κακίας

2246 1812 2347 1874 τὰς
2375 1812 2600 1865 ἐκείνων
2632 1810 2810 1881 ψυχὰς
2832 1811 3266 1881 ἐπιϐοσκομένην
3296 1811 3639 1882 ἑωράκαμεν.
3684 1808 3827 1862 Ἀλλ’

566 1915 728 1973 atque
764 1907 1149 1976 improbitatis.
1179 1924 1367 1962 eorum
1400 1909 1691 1975 depascere
1714 1911 1926 1965 animos
1949 1912 2143 1977 depre-

2250 1906 2275 1958 ὃ
2307 1922 2371 1973 γε
2409 1904 2728 1973 Λαμπέτιος
2770 1904 3026 1975 Ὀρμίζου
3066 1904 3163 1972 μὲν
3208 1901 3305 1956 τοῦ
3342 1902 3642 1955 ἐπισκόπου
3670 1901 3830 1955 δικά-

567 1998 881 2053 hentlimus.
914 1998 1112 2052 Verum
1145 2000 1230 2053 hic
1250 1999 1587 2069 Lampetius,
1618 2001 1868 2057 Hormiza
1891 2004 2144 2071 episcopo

562 2089 764 2156 judice,
790 2100 844 2144 et
875 2089 1144 2144 Gerontio
1181 2093 1505 2162 presbytero
1534 2100 1739 2157 actore,
1766 2094 1960 2163 partim
1987 2095 2143 2149 testi-

566 2183 666 2233 bus
697 2181 1007 2249 convicms,
1059 2178 1257 2250 partim
1314 2197 1410 2236 sua
1460 2185 1575 2253 ipse
1604 2183 1952 2239 confessione
1998 2200 2143 2250 reus,

566 2272 809 2324 omnimn
837 2272 1059 2325 calculis
1087 2275 1382 2327 sacerdotii
1442 2276 1705 2344 dignitate
1748 2276 2142 2332 submovetur:

567 2364 899 2417 assentiente
921 2366 1085 2418 etiam
1118 2365 1312 2437 Alypio
1361 2367 1709 2433 Caesariensi,
1761 2370 1853 2437 qui
1883 2371 2143 2424 miserum

567 2451 715 2505 illum
743 2455 1024 2524 (deceptus
1053 2458 1188 2529 ipse)
1224 2459 1603 2529 presbyterum
1647 2460 1951 2516 ordinarat.
1996 2460 2143 2515 Idem

566 2559 696 2599 vero
718 2548 1174 2604 sceleratissimus
1222 2551 1539 2620 Lampetius
1590 2550 1791 2607 librum
1854 2554 2144 2624 quemdam

566 2638 889 2704 composuit,
921 2655 1079 2707 quem
1115 2644 1512 2697 Testamentum
1543 2644 1862 2708 nominavit,
1926 2646 2015 2700 cui
2047 2647 2149 2700 im-

569 2730 786 2795 pietatis
811 2745 921 2784 suze
947 2730 1199 2802 dogmata
1222 2736 1467 2802 quaedam
1493 2737 1773 2806 inspersit,
1806 2753 1929 2792 eum
1949 2738 2145 2792 librum

576 2822 831 2888 Severus,
863 2824 952 2890 qui
986 2826 1381 2880 Antiochenam
1409 2828 1603 2883 invasit
1633 2830 1838 2892 sedem,
1870 2830 2149 2900 presbyter

568 2913 736 2965 etiam
769 2917 1041 2971 exsistens
1064 2916 1345 2976 refutavit.
1400 2921 1635 2988 Alpheus
1672 2930 1853 2975 tamen
1907 2923 2144 2992 quidam,

569 3003 1065 3061 Rhinocorurorum
1121 3009 1449 3080 episcopus,
1502 3010 1841 3082 Lampetium
1892 3014 2149 3084 Apologia

568 3094 830 3161 defendit,
864 3100 1018 3166 quasi
1058 3100 1187 3154 nihil
1218 3117 1430 3166 eorum,
1489 3104 1556 3157 de
1600 3104 1797 3172 quibus
1856 3121 2148 3162 accusare-

569 3193 675 3249 tur,
698 3186 1056 3253 autdixisset,
1092 3201 1181 3243 aut
1222 3190 1461 3246 fecisset.
1508 3193 1621 3247 Etsi
1668 3203 1847 3247 autem
1896 3196 1949 3248 in
1999 3196 2149 3251 edito

566 3276 800 3341 quodam
839 3294 867 3331 a
900 3294 958 3334 se
989 3280 1131 3335 lihro
1152 3282 1390 3352 Alpheus
1414 3282 1518 3338 iste
1573 3285 1729 3348 nihil,
1758 3295 2019 3355 quantum
2042 3302 2133 3341 co-

568 3384 853 3436 gnoscere
905 3371 1054 3442 licrg,
1100 3375 1484 3439 calumniatur,
1519 3378 1769 3434 abdicare
1800 3380 2153 3437 nihilominus

571 3470 824 3530 lauqttam
857 3467 1101 3521 sentiens
1124 3482 1245 3520 cum
1275 3467 1573 3539 Lampetio,
1605 3480 1827 3527 coactus
1852 3483 1957 3527 est.
1991 3473 2143 3528 Alter

567 3552 835 3616 Alpheus,
913 3558 1231 3624 praeceptori
1320 3560 1688 3628 cognominis,
1774 3577 1802 3615 a
1862 3561 2154 3618 Timotheo

568 3642 938 3697 Alexandrino
969 3646 1255 3717 presbyter
1277 3650 1584 3715 ordinatus,
1613 3652 1682 3705 ob
1710 3654 1955 3706 eamdem
1986 3655 2156 3708 haere-

575 3737 679 3789 sim
728 3738 1100 3804 submovetur,
1166 3749 1226 3794 ut
1275 3740 1574 3808 Ptolomaei,
1645 3743 2154 3799 Rhinocorurorum

570 3843 788 3897 quoque
815 3828 1080 3899 episcopi,
1110 3834 1177 3886 ad
1199 3835 1449 3888 eumdem
1476 3834 1651 3904 ipsum
1693 3834 2038 3891 Timotheum
2070 3850 2158 3891 re-

570 3918 701 3974 latio
740 3929 1004 3975 testatur.

1297 4016 1433 4076 LIII.

572 4099 818 4172 Synodus
846 4102 1279 4179 Carthaginiensis
1323 4120 1371 4162 et
1404 4107 1614 4179 Scripta
1661 4112 1904 4177 qua’dam
1955 4125 2142 4168 contra

945 4174 1248 4244 Pelagium,
1287 4189 1442 4249 atque
1478 4174 1787 4236 Céleslium.

639 4264 840 4321 Lectus
860 4266 1012 4332 liber,
1040 4285 1131 4323 seu
1161 4268 1403 4340 Synodus
1421 4275 1671 4327 adversus
1688 4274 1961 4344 Pelagium
1979 4286 2027 4329 et
2046 4276 2153 4330 Ce—

571 4360 759 4413 lesmm
787 4360 921 4430 (86),
955 4362 1290 4432 Carthagine
1336 4367 1387 4418 in
1419 4381 1626 4419 summa
1655 4368 1769 4421 aede
1802 4368 2010 4433 habita,
2048 4369 2159 4424 Ilo-

574 4454 729 4507 uorio
744 4452 922 4509 Felice
941 4454 1251 4512 Occidentis
1273 4457 1487 4525 imperii
1523 4458 1734 4512 clavum
1757 4468 1997 4514 tenente.
2020 4460 2157 4531 15a

577 4543 840 4601 Praesedit
892 4549 943 4601 in
1000 4564 1063 4603 ea
1114 4549 1364 4603 Aurelius
1420 4552 1732 4619 episcopus,
1794 4562 1848 4605 et
1899 4553 2157 4609 Dotiauus
2190 4577 2233 4630 υ

574 4636 830 4692 Pteutesii
871 4640 1057 4708 primae
1088 4641 1233 4695 sedis
1264 4640 1566 4710 Byzacena:
1590 4642 1882 4709 provincia:
1909 4658 1924 4695 :
1963 4643 2159 4709 quibus

580 4728 873 4783 adfuerunt
902 4732 1068 4786 variis
1104 4747 1135 4786 e
1167 4733 1466 4801 provinciis
1496 4734 1806 4789 sacerdotio
1839 4743 2159 4804 praestantes

573 4820 702 4882 viri,
732 4834 958 4874 numero
984 4823 1201 4876 ducenti
1222 4833 1459 4891 quatuor
1481 4834 1537 4879 et
1562 4824 1777 4895 viginti.

648 4911 877 4965 Damnat
915 4912 1029 4969 hair.
1062 4915 1301 4985 synodus
1324 4916 1675 4971 anathemate
1717 4931 1836 4982 eos,
1891 4916 1982 4987 qui
2004 4930 2158 4973 asse-

575 5010 758 5056 rerent
790 5003 903 5072 (87)
941 5005 1209 5059 Adamum
1238 5007 1524 5061 mortalem
1550 5023 1670 5063 esse
1698 5009 1999 5074 conditum,
2048 5024 2155 5063 non

575 5106 752 5149 autem
786 5098 1249 5166 praevaricationis
1284 5115 1473 5167 causa,
1511 5109 1686 5156 morte
1725 5101 2033 5157 multatum.
2070 5101 2159 5156 Si-

574 5187 775 5243 militer
806 5199 861 5244 et
889 5205 985 5245 eos
1027 5191 1119 5261 qui
1152 5206 1341 5248 recens
1378 5203 1537 5250 natos
1580 5193 1818 5250 infantes
1848 5194 2154 5264 ‘baptismo

2246 1997 2452 2062 ζοντος,
2473 1996 2539 2048 Γε
2549 1994 2760 2067 ροντίου
2778 1995 2834 2049 δὲ
2850 1995 2946 2049 τοῦ
2971 1994 3346 2067 πρεσϐυτέρου
3370 1993 3827 2065 κατηγοροῦντος,

2246 2088 2340 2141 καὶ
2370 2087 2438 2141 τὰ
2475 2087 2575 2157 μὲν
2602 2087 2689 2140 διὰ
2723 2086 3015 2159 μαρτύρων
3060 2085 3418 2157 ἐξελεγχθεὶς,
3452 2086 3522 2140 τὰ
3560 2086 3617 2139 δὲ
3642 2084 3720 2156 τῷ
3745 2088 3829 2139 oi-

2246 2179 2377 2250 κείῳ
2404 2180 2642 2250 στόματι
2667 2180 3020 2252 περιπαρεὶς,
3051 2180 3291 2243 ἁπάσαις
3317 2179 3519 2249 ψήφοις
3541 2179 3642 2249 τῆς
3672 2182 3833 2246 ἱερω-

2248 2271 2414 2343 σύνης
2455 2272 2785 2343 καθῄρηται,
2839 2274 3132 2344 συμψήφου
3181 2273 3549 2343 γεγενημένου
3596 2272 3692 2326 καὶ
3731 2273 3831 2326 τοῦ

2246 2365 2586 2435 Καισαρείας
2626 2364 2907 2430 Ἀλυπίου,
2955 2365 3014 2430 ὃς
3063 2367 3155 2420 καὶ
3191 2367 3282 2420 τὸν
3335 2366 3570 2419 δείλαιον
3620 2367 3833 2419 ἐκεῖνον

2246 2456 2615 2529 ἐξαπατηθεὶς
2670 2459 2751 2522 είς
2797 2458 2889 2511 τὸν
2935 2457 3034 2512 τοῦ
3094 2458 3492 2531 πρεσϐυτερίου
3527 2460 3572 2492 ⁶⁰
3626 2458 3833 2529 βαθμὸν

2246 2549 2510 2618 ἐτύγχανε
2559 2548 2962 2620 προενηνοχώς.
3009 2543 3177 2613 Οὗτος
3235 2550 3292 2603 δὲ
3340 2552 3369 2605 ό
3421 2550 3836 2621 τρισαλιτήριος

2246 2638 2561 2707 Λαμπέτιος
2590 2638 2686 2691 καλ⁵
2721 2638 2881 2708 λόγον
2909 2638 3032 2692 τινὰ
3064 2638 3383 2708 συνέθηκεν,
3404 2637 3463 2691 ὃν
3494 2637 3587 2690 καὶ¹
3622 2636 3837 2703 Διιιθή-

2249 2748 2371 2799 amr
2404 2731 2763 2796 ἐπεκάλεσεν,
2798 2724 2911 2802 ἐνῇ
2940 2731 3033 2784 καί
3062 2732 3239 2784 τιναθί
3268 2732 3367 2800 τῆς
3396 2728 3715 2791 δυσσεϐείας
3738 2728 3837 2782 αὖ-

2247 2823 2342 2879 τοῦ
2367 2825 2697 2896 ἐνέσπαρται
2717 2842 2732 2857 ο
2759 2825 2826 2896 ἢν
2855 2826 2949 2879 καὶ
2974 2823 3212 2895 Σεϐῆρος
3234 2825 3277 2856 ⁸²
3307 2827 3337 2878 ό
3370 2824 3462 2877 τὸν
3502 2823 3837 2893 Ἀντιοχικὸν

2250 2916 2439 2986 θρόνον
2469 2917 2749 2981 ὑπεισδῦς,
2779 2916 2860 2971 ἔτι
2906 2916 3296 2988 πρεσϐυτέρων
3335 2917 3547 2987 ἐπέχων
3579 2916 3734 2982 τάξιν
3764 2916 3834 2979 ⁸³,

2249 3008 2567 3079 ἀνέτρεψεν.
2613 3009 2862 3078 Ἀλφειὸς
2896 3009 2943 3042 ⁵⁵
2975 3009 3157 3078 μέντοι
3197 3027 3281 3073 τις
3319 3009 3617 3072 ἐπίσκοπος
3660 3009 3839 3062 Ῥινο-

2249 3101 2533 3171 κορούρων
2562 3101 2609 3133 ⁸⁵
2642 3100 3135 3172 ὐπεραπολογεϊται
3184 3100 3502 3171 Λαμπετίου
3536 3100 3611 3163 ὡς
3665 3098 3837 3170 μηδὲν

2250 3186 2326 3245 ὧν
2354 3191 2617 3264 ἐνεκλήθη
2647 3191 2681 3263 ἢ
2719 3193 2964 3255 εἰπόντος
2988 3192 3021 3262 ἢ
3054 3193 3385 3261 ποιήσαντος
3404 3205 3420 3221 ⁸
3459 3192 3753 3259 ἐκθέμενος
3780 3190 3839 3247 δὲ

2254 3284 2351 3336 καὶ
2378 3283 2537 3353 λόγον
2578 3283 2701 3337 τινὰ
2728 3283 2879 3337 οὐδὲν
2928 3285 2988 3337 ἐν
3027 3283 3201 3355 αὐτῷ.
3236 3284 3362 3337 ὅσον
3415 3282 3530 3337 ἔστι
3578 3282 3836 3349 συνιδεῖν,

2257 3374 2603 3447 βλασφημεῖ”
2650 3373 2931 3446 καθῃρέθη
2962 3374 3145 3445 μέντοι
3178 3390 3243 3442 γε
3284 3373 3363 3438 ὡς
3408 3373 3477 3427 τὰ
3518 3372 3838 3443 Λαμπετίου

2256 3469 2489 3539 φρονῶν.
2524 3467 2634 3521 Καὶ
2680 3463 2929 3536 ’Ἀλφειὸς
2973 3466 3032 3520 δέ
3084 3483 3168 3529 τις
3216 3465 3397 3531 ἄλλος,
3426 3464 3718 3536 ὁμώνυμος
3758 3465 3841 3534 τῷ

2255 3562 2563 3629 καθηγητῇ,
2596 3559 2993 3631 χειροτονηθεὶς
3026 3557 3400 3633 πρεσϐύτερος
3434 3556 3539 3611 ὑπὸ
3572 3556 3841 3626 Τιμοθέου

2254 3652 2351 3705 τοῦ
2382 3651 2792 3724 Ἀλεξανδρείας
2820 3653 2888 3717 ⁸⁸,
2923 3651 3013 3705 διὰ
3040 3651 3140 3723 τὴν
3184 3651 3353 3720 αὐτὴν
3381 3647 3661 3721 καθῃρέθη
3695 3647 3845 3721 αἶρε-

2258 3762 2365 3810 σιν,
2398 3743 2473 3807 ὡς
2496 3744 2530 3814 ἡ
2553 3741 2648 3796 τοῦ
2676 3743 3010 3814 Πτολεμαίου
3035 3741 3129 3798 τοῦ
3170 3740 3592 3813 Ῥινοκορούρων
3619 3740 3844 3793 ἐπισκό·

2257 3853 2363 3891 που
2414 3836 2553 3906 πρὸς
2604 3833 2873 3905 Τιμόθεον
2914 3835 3008 3889 τδν
3071 3834 3473 3906 προειρημένον
3531 3831 3843 3887 ἐκδιδάσκει

2258 3928 2530 3999 ἀναφορὰ.

3004 4018 3133 4073 NI".

2260 4112 2526 4179 Σύνοδυς
2554 4111 2706 4167 κατὰ
2737 4111 3037 4191 Πελαγίου
3084 4108 3551 4191 καίβελεστίου
3579 4107 3651 4161 ἐν
3674 4110 3846 4176 Καρ-

2772 4184 2995 4251 θαγένῃ
3025 4184 3333 4237 συστᾶσα.

2329 4273 2671 4345 Ἀνεγνώσθη
2694 4273 2953 4345 βιϐλίονή
2991 4273 3153 4328 Κατὰ
3184 4274 3486 4343 Πελαγίου
3515 4273 3617 4327 καὶ
3654 4275 3845 4328 Κελε-

2260 4366 2433 4421 στίου
2448 4366 2490 4398 ⁸⁷
2504 4367 2770 4432 σύνοδος
2786 4368 2844 4419 ἐν
2859 4365 3189 4437 Καρθαγένῃ
3210 4366 3454 4419 συστᾶσα
3468 4366 3525 4418 ἐν
3546 4367 3609 4435 τῇ
3631 4364 3849 4436 μεγάλῃ

2262 4458 2528 4529 ἐκκλησίᾳ
2574 4458 2820 4512 Φαύστου
2861 4458 3123 4530 Ὀνωρίου
3152 4459 3215 4511 τὸ
3250 4458 3351 4529 τῆς
3394 4456 3651 4527 ἑσπερίου
3687 4456 3849 4527 βασι-

2261 4550 2412 4614 λείας
2462 4551 2825 4624 φρουροῦντος
2865 4550 3117 4622 ὰξίωμαο
3155 4550 3354 4622 ἐξῆρχε
3394 4550 3453 4604 δὲ
3494 4548 3703 4621 ταύτης
3745 4551 3851 4621 τῆς

2261 4643 2482 4697 συνόδου
2524 4644 2794 4715 Αὐρήλιος
2821 4643 2866 4676 ⁸⁸
2889 4643 3190 4707 ἐπίσκοπος
3238 4644 3333 4696 καὶ
3370 4642 3625 4706 Δοτιανὸς
3657 4643 3703 4675 θ’
3739 4641 3852 4695 Τε-

2260 4737 2582 4791 πτεντεσίου
2613 4737 2661 4770 ⁷⁰
2693 4736 2788 4789 τοῦ
2823 4734 3042 4807 πρώτου
3069 4734 3263 4807 θρόνου
3285 4736 3328 4768 ⁷³
3370 4734 3639 4806 ἐπαρχίας
3672 4734 3854 4797 Βυζα-

2260 4830 2450 4899 κηνῆς.
2467 4823 2549 4893 οἷς
2567 4828 2894 4900 συνήδρευον
2913 4828 2977 4881 ἐκ
2998 4827 3272 4898 διαφόρων
3298 4827 3578 4897 ἐπαρχιῶν
3593 4827 3639 4858 ⁷³
3654 4825 3850 4896 ἄνδρες

2258 4920 2655 4990 διαπρέποντες
2683 4920 2950 4993 ἱερωσύνῃ
2972 4959 2989 4983 ,
3019 4920 3112 4974 τὸν
3136 4918 3368 4990 ἀριθμὸν
3405 4924 3535 4972 σκε’.

2336 5009 2490 5080 Αὕτη
2518 5010 2552 5080 ή
2583 5008 2802 5074 σύνοδος
2827 5011 2950 5072 τοὺς
2984 5009 3180 5081 θνητὸν
3223 5009 3530 5077 πλασθῆναι
3554 5007 3646 5061 τὸν
3671 5006 3853 5076 Ἀδὰμ

2268 5099 2531 5168 λέγοντας
2561 5097 2654 5169 144
2682 5098 2776 5171 IL]
2809 5099 2943 5153 ἀλλὰ
2981 5099 3055 5170 μὴ
3089 5102 3156 5154 ἐκ
3204 5100 3569 5171 παραϐάσεως
3615 5099 3776 5153 τοῦτο
3803 5101 3853 5133 ⁷³

2269 5190 2734 5261 καταδικασθῆναι
2788 5190 3179 5263 ἀναθεματίςει
3206 5207 3222 5224 ·
3283 5191 3546 5257 ὡσαύτως
3597 5192 3727 5257 τοὺς
3782 5194 3853 5247 τὰ

1867 5307 2104 5363 VARle
2139 5303 2542 5361 LECTIONES.

645 5397 690 5474 "f
721 5397 994 5474 ἐλθόντων
1004 5399 1118 5474 _A.__
1150 5401 1568 5474 "ﬁpﬁapévou;
1594 5406 1672 5474 Α.
1737 5404 1783 5436 ⁸ο
1813 5403 2188 5474 πρεσϐυτέρου
2216 5420 2278 5474 ς.

574 5468 788 5545 ἐπέχων
840 5486 913 5545 ς’.
978 5471 1023 5545 ξι
1054 5468 1479 5545 Δςὶλςριὸςίὶςείιε
1509 5484 1565 5528 et
1596 5473 1760 5529 infra.
1836 5468 1880 5507 ⁸⁸
1919 5468 2353 5545 ρινοκιξυρούρων
2380 5472 2674 5545 Assicﬁet
2720 5468 2886 5526 infra.

578 5538 693 5611 σίου
872 5539 1181 5611 θδλαύριλιος
1210 5544 1249 5595 Α
1285 5543 1559 5611 ςάϐρίλιος
1616 5562 1679 5608 ς.

2389 5400 2434 5473 9‘
2473 5416 2600 5473 τινα
2662 5398 2921 5473 τῶνᾼτῆς
2952 5418 3041 5473 ς.
3080 5399 3153 5473 ﬂ"
3179 5399 3415 5473 σευῇρος
3483 5415 3547 5473 ς.
3694 5395 3855 5473 τάᾲξιν

3000 5472 3045 5503 ⁸⁸
3069 5467 3445 5550 ᾁλεξανθρέως
3485 5468 3547 5521 Δ.
3625 5467 3669 5550 ’ἶ
3692 5467 3855 5520 κελε-

1756 5545 1800 5577 ⁶⁹
1831 5538 2413 5615 Δοτιανὸςῃδιάξτινος
2440 5542 2510 5615 Α1
2581 5542 2628 5615 ξ¹⁰
2657 5542 3146 5615 τ-επτεντεσὶουλΑε
3186 5539 3281 5615 τοῦ
3306 5538 3365 5594 τε
3406 5538 3734 5615 πτεντεσίου
3786 5555 3853 5601 ς.

577 5609 617 5640 ⁷¹
653 5607 874 5681 πρώτου
914 5609 1129 5682 θρόνου]
1158 5607 1540 5685 πρωτοθρόνου
1575 5607 1718 5669 corr.
1747 5616 1815 5669 Α.
1856 5615 1906 5647 τί
1934 5607 2205 5686 ἐπαρχίας
2234 5613 2548 5684 βυζακηνῆς
2564 5612 2642 5680 A;
2679 5609 3005 5685 Βυξακηνῆς
3039 5611 3312 5681 ἐπαρχίας
3360 5627 3422 5674 ς’.
3464 5609 3512 5641 ⁷³
3540 5607 3730 5662 τοῦτον
3787 5625 3854 5673 ς.

2095 5706 2328 5763 ΝΟΤᾸΞ..

653 5794 766 5878 (βϐ)
799 5796 963 5866 Cujus
984 5797 1201 5878 epistol.
1224 5800 1535 5872 synodalem
1571 5802 1739 5861 habes
1769 5815 1807 5863 ι.
1835 5804 1877 5862 II
1910 5803 2149 5878 Operum

583 5866 643 5921 D.
669 5869 898 5938 August.
926 5870 1086 5940 epist.
1120 5870 1208 5925 90.

2336 5804 2448 5875 (87)
2484 5803 2657 5870 Quam
2709 5805 3042 5860 sententiam
3077 5818 3303 5875 quoque
3354 5801 3595 5875 tenuisse
3637 5799 3855 5856 dicetur
3900 5856 3910 5864 ,

2259 5872 2574 5931 Theodorus
2604 5875 2981 5932 Antiocheuus
3016 5875 3112 5931 iuf.
3136 5876 3257 5931 cod.
3291 5872 3409 5928 177.
