4146 6458
278 438 357 501 93
1300 440 1825 506 BIBLIOTHECA.
1853 472 1863 481 -

1967 447 2177 510 CODD.
2220 449 2539 512 LIII-LIV.
3475 455 3547 519 94

279 553 564 623 βρέφη-τὰ
619 552 882 625 ἀρτίτοκα
926 552 1002 623 μὴ
1054 555 1248 625 χρείαν
1294 554 1439 625 ἔχειν
1486 555 1861 625 βαπτίσματος

1969 559 2191 614 minime
2219 559 2461 629 indigere
2495 561 2759 626 dicerent,
2819 562 2963 632 quod
2994 562 3112 619 illos
3143 575 3365 635 peccato
3381 568 3548 640 origi-

274 647 370 700 διὰ
406 648 468 700 τὸ
496 647 572 718 μὴ
616 646 796 700 ἕλκειν
834 645 975 701 αὐτὰ
1006 647 1336 719 προγονικὴν
1370 649 1646 720 ἁμαρτίαν
1683 648 1782 717 τὴν
1808 649 1866 712 ἐξ

278 739 455 808 ’Δδὰμ
481 738 892 807 ἀναθεματίζει.
930 739 1041 792 Καὶ
1064 741 1191 802 τοὺς
1217 740 1480 809 λέγοντας
1509 741 1674 811 μέσον
1702 743 1866 794 τόπον

276 832 559 895 κολάσεως
590 833 686 886 καὶ
727 832 1077 901 παραδείσου,
1108 834 1189 896 είς
1221 833 1281 887 ὃν
1310 835 1407 887 καὶ
1443 834 1511 887 τὰ
1556 818 1867 888 ἀϐάπτιστα

278 923 458 994 βρέφη
496 924 903 993 μετατιθέμενα
928 924 1027 995 ζῇν
1060 926 1366 996 μακαρίως.
1398 926 1492 979 καὶ
1520 926 1742 989 τούτους
1774 922 1866 979 οὖν

277 1018 694 1087 ἀναθεματίζει».
724 1019 847 1072 Ἔτι
872 1018 929 1071 δὲ
957 1019 1051 1071 καὶ
1074 1018 1240 1090 ἕτερα
1260 1019 1320 1083 ἒξ
1344 1018 1733 1087 ἀναθεματίζει
1758 1036 1865 1072 πα-

280 1110 563 1181 ραπλήσια
604 1110 818 1173 τούτοις
857 1112 1151 1179 κεφάλαια,
1178 1111 1214 1165 ὃ.
1253 1115 1365 1176 τοῖς
1412 1112 1866 1179 Πελαγιανισταῖς

278 1203 379 1256 καὶ
404 1201 787 1266 Κελεστιανοῖς
818 1202 1203 1273 πρεσϐεύεται.

355 1293 605 1363 Ἔγραψε
634 1294 690 1346 δὲ
738 1294 832 1347 κα)⁵
863 1294 1145 1359 Θεοδόσιος
1174 1297 1272 1349 καὶ
1311 1294 1565 1365 Ὀνώριος
1609 1297 1658 1349 υί
1705 1296 1864 1367 βασι-

275 1387 392 1446 λεῖς
432 1387 571 1455 πρὸς
619 1385 887 1456 Αύρήλιον
916 1387 961 1418 ⁷⁵
989 1388 1292 1441 ἐπίσκοπον
1335 1387 1475 1441 κατὰ
1506 1387 1613 1441 τῶν
1658 1390 1861 1444 αὐτῶν.

281 1476 535 1548 Ἔγραψε
579 1479 717 1546 μετὰ
749 1478 794 1509 ⁷⁵
818 1477 992 1531 ταῦτα
1019 1479 1115 1531 καὶ
1147 1479 1557 1541 Κωνσταντῖνος
1603 1480 1629 1530 6
1658 1479 1865 1533 Πλακι-

276 1570 401 1633 65a;
421 1570 584 1640 ἀνὴρ,
612 1569 1053 1624 Οὐαλεντινιανοῦ
1079 1571 1134 1624 δὲ
1159 1570 1251 1623 τοῦ
1278 1570 1476 1641 μικροῦ
1500 1570 1702 1640 πατὴρ,
1734 1571 1866 1642 περὶ

278 1663 375 1716 τοῦ
406 1663 753 1733 ἐξορισθῆναι
785 1664 1077 1716 Κελέστιον
1115 1664 1208 1717 τὸν
1238 1663 1542 1733 αἱρετικόν·
1577 1661 1783 1731 ἔγραψε
1808 1663 1864 1716 δὲ

276 1756 381 1826 τὴν
439 1754 563 1809 κατ’
589 1755 754 1808 αὑτοῦ
785 1755 967 1825 ψῆφον
1001 1757 1136 1825 πρὸς
1181 1754 1536 1807 Οὑολοσιανδν
1556 1756 1605 1786 ⁷⁸
1646 1753 1740 1826 [20
1773 1753 1861 1827 [1.]

277 1848 521 1918 ἔπαρχον
566 1848 793 1912 πόλεως.
828 1847 1073 1917 Ἔγραψε
1127 1847 1184 1899 δὲ
1235 1848 1328 1901 καὶ
1355 1848 1509 1901 Λέων
1563 1850 1590 1901 ὁ
1644 1845 1859 1916 Ῥώμης

1970 650 2053 705 nis
2083 665 2147 704 ex
2178 652 2388 706 Adamo
2424 668 2529 707 non
2555 662 2811 738 putarent
2848 655 3134 712 obnoxios.
3188 658 3294 712 Eos
3330 674 3545 731 quoque

1967 742 2060 812 qui
2091 741 2446 809 affirmarent,
2479 746 2654 801 medio
2683 747 2913 815 quodam
2951 749 3070 803 loco
3112 750 3420 819 paradisum
3457 754 3543 807 in-

1969 842 2053 888 ter
2071 844 2127 889 et
2162 834 2369 892 inferos
2399 852 2504 892 non
2534 839 2844 909 baptizatos
2889 842 3125 899 infantes
3158 845 3314 900 beate
3341 847 3542 903 vivere.

1969 926 2075 982 Sex
2099 928 2226 984 item
2246 930 2352 985 alia
2385 932 2471 988 his
2495 932 2671 988 aﬂinia
2704 937 2903 1005 capita,
2962 953 3082 1006 qua:
3109 953 3137 991 a
3170 937 3545 1009 Pelagianistis

1967 1030 2021 1075 et
2047 1021 2373 1080 Celestianis
2411 1026 2720 1094 traduntur,
2778 1029 3129 1085 anathemate
3162 1041 3347 1100 patres
3382 1032 3546 1102 jugu-

1966 1115 2103 1169 lant.

2039 1297 2390 1369 Scripseram
2418 1313 2546 1356 vero
2578 1310 2633 1355 et
2663 1300 3021 1366 Theodosius,
3048 1311 3102 1356 et
3142 1300 3414 1356 Honorius
3441 1303 3546 1356 im-

1968 1399 2253 1458 peratores
2294 1400 2487 1446 contra
2554 1393 2773 1447 eosdem
2816 1395 3101 1449 haereticos
3145 1397 3209 1449 ad
3265 1396 3545 1451 Aurelium

1966 1481 2302 1550 episcopum.
2366 1482 2497 1537 Post
2554 1483 2669 1538 haec
2713 1487 2877 1539 etiam
2932 1485 3322 1542 Constantinus
3403 1486 3541 1558 (88),

1966 1571 2224 1627 Placidia:
2286 1573 2506 1642 conjux,
2549 1571 2913 1628 Valentiniani
2977 1576 3202 1631 minoris
3244 1587 3441 1646 pater,
3482 1578 3549 1632 de

1966 1666 2203 1723 Celestio
2229 1667 2491 1722 haeretico
2523 1668 2577 1721 in
2606 1667 2857 1722 exsilium
2886 1667 3137 1736 pellendo
3169 1670 3389 1739 scripsit
3434 1669 3546 1740 (89)

1967 1759 2244 1814 decretum
2288 1760 2353 1813 ad
2387 1759 2736 1815 Volusianum
2760 1761 2911 1814 urbis
2928 1760 3264 1829 praefectum.
3297 1762 3398 1829 Qui
3424 1764 3548 1831 qni-

1968 1849 2089 1904 dem
2122 1849 2469 1915 Volusianus,
2499 1861 2705 1905 sanctae
2730 1850 2845 1921 (90)
2893 1850 3113 1906 Melena:
3145 1864 3390 1920 patruus,
3422 1869 3544 1907 cum

278 1939 549 2010 περὶτῶν
582 1940 1016 2010 ἐπιστρεφόντων
1048 1940 1510 2008 Πελαγιανιστῶν,
1542 1940 1689 2005 ὅπως
1713 1939 1861 2008 ὀφεί-

1967 1940 2221 2006 gentibus
2242 1941 2456 2007 quidem
2483 1950 2610 1996 tunc
2631 1944 2900 1999 sentiebat
2934 1960 2948 1998 :
2986 1953 3042 1997 at
3085 1945 3209 1997 dum
3248 1960 3370 1998 eum
3399 1960 3545 2000 mors

275 2030 467 2083 λουσιν
488 2030 914 2102 ἐπιστρέφοντες
943 2030 1219 2100 δεχθῆναι,
1246 2032 1326 2083 ὅτι
1359 2031 1653 2100 ἐγγράφως
1683 2030 1862 2083 αὐτῶν

275 2121 339 2173 τὸ
364 2122 626 2191 φρόνημα
658 2122 1171 2191 Δἀναθεματίζοντες.
1209 2122 1371 2175 Ἀλλὰ
1401 2125 1494 2176 καὶ
1536 2123 1594 2174 ὲν
1625 2124 1690 2193 τῇ
1728 2121 1865 2193 πρὸς

277 2215 583 2283 Νεστόριον
628 2215 952 2269 Κελεστίνου
1006 2215 1098 2269 τοῦ
1146 2217 1443 2269 ἐπισκόπου
1484 2215 1703 2288 Ῥώμης
1746 2216 1866 2270 ἐπι-

279 2307 445 2377 στολῇ
474 2309 507 2377 ή
544 2309 662 2359 κατ’
690 2308 871 2361 αὐτῶν
899 2308 1142 2375 ἔγκειται
1184 2306 1427 2380 διαϐολή.
1471 2308 1719 2379 Ἔγραψε
1746 2308 1803 2362 δὲ
1839 2311 1867 2362 6

277 2401 451 2466 αὐτὸς
500 2403 615 2466 τοῖς
648 2403 708 2455 ὲν
739 2402 778 2454 Γ
780 2402 990 2467 αλλίαις
1029 2403 1350 2466 ἐπισκόποις
1395 2402 1520 2472 περί
1549 2420 1609 2455 τε
1646 2402 1746 2473 τῆς
1771 2400 1865 2454 τοῦ

278 2495 443 2563 ἁγίου
473 2495 839 2563 Αύγουστίνου
867 2496 1103 2559 πίστεως
1128 2496 1221 2549 καὶ
1247 2494 1388 2549 κατὰ
1409 2494 1517 2547 τῶν
1544 2493 1865 2556 ἁλαζονευο·

282 2589 466 2657 μένων
502 2574 680 2660 ἐπὶτῇ
711 2589 807 2659 τῆς
839 2588 1103 2660 αἱρέσεως
1126 2588 1366 2658 ἐξουσίᾳ.
1406 2587 1655 2658 Ἔγραψε
1684 2587 1741 2640 δὲ
1765 2586 1862 2640 καὶ

290 2668 619 2752 Ἱερώνυμος
671 2681 1042 2753 πρεσϐύτερος
1103 2681 1241 2752 πρὸς
1287 2682 1657 2751 Κτησιφῶντα
1721 2680 1864 2734 κατὰ

278 2774 389 2826 τῶν
420 2775 690 2843 λεγόντων
734 2775 1003 2828 ἀπάθειαν
1033 2775 1154 2846 ἦτοι
1186 2774 1329 2827 κατὰ
1371 2772 1658 2840 Πελαγίου.
1694 2767 1865 2835 Οὗτος

280 2869 336 2920 δὲ
366 2871 395 2921 6
427 2869 694 2937 Πελάγιος
723 2869 952 2940 μοναχδς
994 2864 1083 2939 ἦν,
1117 2867 1366 2939 μαθητὴν
1411 2866 1752 2938 κτησάμενος
1772 2864 1864 2918 τὸν

281 2960 597 3014 Κελέστιον.

1969 2042 2207 2103 legatum
2245 2032 2718 2104 Constantinopoli
2744 2037 3307 2104 agenteminvaderet,
3346 2038 3411 2091 ad
3455 2053 3546 2090 or-

1971 2126 2187 2180 thoxam
2220 2125 2378 2180 [idem
2412 2127 2648 2190 transiit,
2676 2128 3091 2197 baptizatusque
3113 2138 3197 2183 est
3219 2146 3249 2183 a
3273 2128 3333 2182 Β.
3352 2127 3545 2183 Proclo

1969 2217 2585 2288 Constantinopolitano.
2616 2218 2735 2286 Quo
2767 2220 2894 2272 item
2929 2229 3171 2289 tempore
3230 2220 3375 2274 illam
3417 2235 3545 2273 san-

1971 2321 2114 2366 ctam
2152 2310 2430 2365 mulierem
2473 2310 2609 2365 forte
2637 2313 2909 2375 convenit,
2939 2328 3060 2366 cum
3090 2313 3202 2382 ipsa
3231 2312 3544 2381 Hierosoly-

1971 2406 2075 2460 mis
2113 2404 2165 2457 in
2191 2404 2393 2473 regiam
2434 2404 2620 2459 urbem
2669 2404 2999 2459 advenisset.
3056 2404 3290 2475 Scripsit
3334 2416 3389 2461 et
3428 2405 3545 2461 Leo

1969 2496 2342 2551 Romanorum
2365 2495 2522 2551 Pont.
2557 2496 2623 2549 de
2651 2495 3029 2565 Pelagianistis
3053 2497 3351 2559 conversis,
3375 2512 3544 2564 Opor-

1970 2596 2106 2655 tere,
2141 2590 2184 2645 si
2214 2588 2328 2658 jam
2358 2590 2647 2644 redeuntes
2671 2588 2838 2659 recipi
2871 2589 3061 2651 velint,
3096 2588 3317 2658 scriptis
3341 2587 3540 2642 tabulis

1970 2697 2214 2738 errorem
2252 2697 2409 2738 suum
2438 2681 2718 2737 detestari.
2749 2681 2804 2735 In
2860 2681 3092 2751 epistola
3123 2696 3338 2751 quoque
3389 2680 3546 2736 Cele-

1970 2774 2097 2829 stiui
2125 2775 2353 2828 Roman.
2388 2772 2667 2828 Pontificis
2698 2775 2764 2827 ad
2808 2772 3140 2838 Nestorium,
3172 2774 3331 2827 iidem
3375 2775 3548 2827 haere-

1972 2866 2061 2919 tici
2098 2865 2585 2934 reprehenduntur.
2620 2865 2855 2934 Scripsit
2897 2864 3039 2917 idem
3067 2875 3122 2919 et
3151 2865 3215 2918 ad
3251 2863 3544 2919 Galliarum

1968 2959 2253 3029 episcopos
2289 2959 2355 3012 de
2397 2957 2499 3011 iide
2552 2958 2616 3010 Β.
2656 2957 2971 3026 Augustini,
3004 2966 3060 3011 et
3091 2966 3280 3010 contra
3309 2972 3425 3022 eos,
3453 2957 3546 3025 qui

283 3051 512 3106 litt'l'csls
544 3052 759 3107 licentia
795 3053 956 3109 nimis
988 3054 1116 3109 elati
1157 3052 1567 3108 insolescerent.
1596 3049 1831 3119 Scripsit
1862 3050 2027 3105 etiam
2063 3050 2430 3123 Hieronymus
2460 3052 2750 3122 presbyter
2822 3049 2888 3104 ad
2936 3048 3343 3118 Ctesiphontem
3406 3064 3545 3103 con-

284 3150 359 3193 tra
432 3155 743 3198 asserentes
800 3145 1069 3199 ἀπάθειαν
1132 3145 1221 3217 (id
1279 3153 1365 3199 est
1452 3142 1942 3213 impassibilitatem
2004 3142 2116 3214 (9i)
2167 3142 2251 3197 vel
2305 3142 2880 3212 imperturbationem)
2947 3155 3044 3195 seu
3106 3146 3297 3193 contra
3376 3139 3539 3194 Pelav

280 3238 449 3303 gium.
510 3236 609 3293 llic
650 3250 827 3293 autem
863 3239 1126 3310 [Pelagius
1164 3240 1455 3295 monachus
1486 3237 1609 3306 fuit,
1666 3236 1962 3293 Celestium
1993 3236 2317 3307 discipulum
2341 3248 2552 3292 nactus.

1005 3334 1127 3391 ΝΔὲ.

291 3430 501 3499 Ἑτέρα
530 3429 793 3497 σύνοδος
824 3429 974 3484 κατὰ
1001 3428 1112 3497 τῆς
1147 3426 1523 3498 Πελαγιανῆς
1548 3425 1864 3497 καὶξΚελε-

770 3499 989 3568 στιανῆ
995 3520 1027 3565 ς
1065 3499 1345 3568 αἱρέσεως
1356 3537 1370 3551 .

350 3592 698 3664 ’.ἀνεγνώσθη
722 3594 879 3647 Κατὰ
901 3591 1010 3659 τῆς
1041 3589 1417 3659 Ιιελαγιανῆς
1431 3591 1530 3644 καὶ
1545 3594 1863 3646 Κελεστια-

280 3687 395 3754 ¹ιιῆς
429 3686 735 3754 αΙρέσεως,
768 3678 829 3739 οὗ
860 3687 892 3755 ἡ
923 3684 1226 3755 ἐπιγραφὴ,
1261 3679 1405 3737 Ἴσα
1433 3682 1864 3752 πεπραγμένων

280 3779 335 3830 ὲν
372 3780 489 3840 τοῖς
519 3778 753 3840 δυτικοῖς
783 3776 1107 3839 ἐπισκόποις
1162 3774 1305 3827 κατὰ
1334 3774 1445 3827 τῶν
1478 3772 1863 3843 Νεστοριανῶν

278 3856 590 3934 δογμάτων.
647 3869 737 3920 Ἐν
780 3860 823 3934 ᾧ
873 3869 1184 3937 γέγραπται
1216 3865 1290 3929 ὠς
1329 3867 1361 3935 ἠ
1402 3863 1740 3934 Νεστοριανὴ
1770 3862 1864 3916 καὶ

280 3957 620 4028 Κελεστιανὴ
653 3958 865 4028 αἵρεσις
892 3959 925 4027 ἡ
959 3958 1096 4026 αὐτή
1141 3958 1277 4009 ἐστι.
1305 3958 1463 4024 Φέρει
1496 3955 1553 4009 δὲ
1588 3956 1684 4009 καὶ
1722 3954 1863 4024 μάρ-

278 4065 417 4119 τυρα
461 4048 729 4119 Κύριλλον
770 4050 862 4102 τὸν
907 4048 1349 4120 Ἀλεξανδρείας,
1402 4048 1684 4118 γράφοντα
1727 4046 1865 4117 πρὸς

280 4136 562 4195 Θεοδόσιον
606 4141 703 4195 τὸν
740 4141 964 4212 βασιλέα
995 4141 1072 4204 ὡς
1121 4143 1154 4212 ἡ
1200 4141 1337 4213 αὐτή
1388 4141 1538 4193 ἐστιν
1582 4140 1797 4209 αἵρεσις
1829 4138 1863 4208 ἡ

279 4233 622 4304 Νεστοριανὴ
676 4236 740 4305 τῇ
794 4235 1153 4305 Κελεστιανῇ.
1196 4234 1367 4303 Δῆλον
1421 4233 1499 4294 δὲ,
1553 4232 1753 4302 φησίνσ
1813 4235 1863 4286 oi

283 4322 378 4392 μὲν
427 4325 540 4394 γὰρ
586 4324 938 4385 Κελεστιανο).
978 4325 1107 4393 περ).
1150 4323 1243 4377 τοῦ
1298 4322 1552 4390 σώματος
1600 4324 1719 4393 ἦτοι
1756 4321 1864 4375 τῶν

283 4415 462 4482 μελῶν
491 4414 586 4467 τοῦ
617 4417 879 4485 Χριστοῦ,
907 4417 1155 4469 τουτέστι
1188 4416 1289 4485 τῆς
1335 4414 1685 4486 Ἐκκλησίας,
1724 4416 1863 4467 ἀπο-

280 4506 645 4576 θρασύνονται
671 4508 751 4582 ὅτι
780 4525 886 4578 περ
915 4509 1037 4579 οὐχ).
1056 4509 1084 4560 6
1107 4507 1259 4570 Θεὸς,
1282 4507 1530 4560 τουτέστι
1560 4507 1622 4559 τὸ
1641 4507 1864 4577 Πνεῦμα

278 4599 336 4650 τὸ
365 4601 550 4667 ἅγιον,
595 4601 696 4669 τήν
723 4618 781 4653 τε
812 4601 996 4653 πίστιν
1040 4601 1222 4663 αὐτοῖς
1261 4602 1354 4653 καὶ
1394 4602 1570 4655 πάντα
1621 4600 1689 4654 τὰ
1724 4599 1862 4668 πρὸς

2682 3332 2816 3388 LIV.

1967 3424 2259 3496 Exemplar
2290 3426 2547 3499 Actorum
2580 3427 2643 3478 ab
2689 3425 2989 3499 Occidentis
3046 3429 3299 3499 episcopis
3359 3438 3543 3482 contra

2322 3495 2694 3559 Nestorianos,
2737 3507 2783 3550 et
2818 3497 3154 3567 Pelagianos.

2032 3589 2227 3644 Lectus
2258 3601 2343 3642 est
2368 3587 2505 3641 liber
2537 3586 2737 3641 Contra
2787 3588 3137 3659 Pelagianam
3193 3602 3240 3644 et
3279 3590 3538 3645 Celestin-

1966 3699 2089 3735 nam
2115 3681 2381 3744 haeresim,
2410 3680 2562 3748 cujus
2588 3680 2702 3734 haec
2743 3680 3029 3750 inscriptio
3066 3700 3079 3736 :
3118 3680 3411 3750 Exemplar
3445 3684 3547 3737 Ac-

1967 3780 2138 3822 torum
2167 3767 2278 3839 (92)
2314 3768 2380 3822 ab
2417 3765 2725 3823 Occidentis
2756 3768 3023 3838 episcopis
3062 3771 3320 3824 adversus
3349 3768 3542 3825 Nesto-

1968 3862 2116 3915 riana
2142 3863 2413 3929 dogmata.
2456 3859 2555 3914 Hic
2573 3858 2738 3913 refert
2764 3862 3007 3915 eamdem
3029 3877 3150 3916 esse
3168 3860 3542 3916 Nestorianam

1965 3962 2021 4009 et
2058 3953 2415 4008 Celestianam
2468 3953 2762 4008 haeresim:
2803 3962 3104 4022 testemque
3156 3954 3338 4007 laudat
3368 3954 3545 4025 Cyril-

1966 4046 2076 4100 lum
2135 4046 2563 4100 Alexandrinum
2616 4046 2953 4115 episcopum,
3004 4044 3138 4117 [ab
3178 4046 3246 4099 ad
3296 4045 3546 4100 Theodo-

1967 4138 2105 4193 sium
2173 4137 2303 4204 imp.
2357 4134 2735 4191 Nestorianam
2784 4145 2840 4191 et
2882 4134 3246 4191 Celestianam
3310 4136 3545 4191 haereses

1965 4231 2279 4299 conspirare
2305 4229 2654 4285 scribentem.
2696 4227 2921 4282 Planum
2974 4228 3025 4283 id
3062 4238 3168 4291 est,
3205 4227 3404 4297 inquit.
3440 4228 3544 4283 Co-

1966 4304 2347 4377 lestiani'enim
2371 4322 2438 4376 de
2475 4336 2723 4389 corpore,
2757 4335 2855 4375 seu
2890 4318 3150 4375 membris
3179 4318 3403 4382 Christi,
3440 4320 3543 4374 hoc

1964 4424 2047 4470 est
2075 4415 2143 4469 de
2164 4413 2405 4468 Ecclesia
2439 4413 2749 4482 petulanter
2801 4413 2903 4467 ista
2940 4413 3191 4480 jactant:
3225 4429 3331 4467 non
3366 4414 3532 4466 Deum

1967 4508 2164 4577 ipsum,
2203 4506 2254 4561 id
2281 4513 2364 4559 est
2383 4504 2642 4573 Spiritum
2667 4514 2937 4569 sanctum,
2962 4504 3117 4559 [idem
3145 4505 3301 4574 ipsis,
3323 4504 3536 4558 omnia-

1965 4612 2071 4666 que
2103 4600 2170 4650 ad
2210 4595 2400 4658 vitam,
2462 4595 2718 4663 pietatem
2769 4604 2826 4649 et
2873 4594 3101 4649 salutem
3181 4593 3537 4660 necessaria;

281 4692 426 4764 ζωὴν
459 4693 554 4747 καὶ
599 4694 883 4747 εὐσέϐειαν
909 4692 1002 4746 καὶ
1046 4693 1321 4763 σωτηρίαν
1356 4692 1558 4763 διαιρεί
1585 4692 1692 4762 ἰδία
1728 4692 1861 4744 ἑκά·-

1967 4686 2217 4755 privatim
2249 4685 2493 4740 dividere
2523 4684 2837 4753 unicuique,
2874 4692 3035 4753 prout
3065 4682 3213 4745 velit,
3269 4682 3362 4736 sed
3396 4696 3533 4736 con-

281 4802 408 4854 στῳ,
442 4785 628 4847 καθὼς
659 4784 926 4854 βούλεται,
953 4784 1067 4836 ἁλλ’
1095 4786 1175 4837 ὅτι
1208 4790 1315 4855 περ
1343 4785 1376 4853 ή
1406 4786 1859 4853 κατατεταγμένη

278 4875 367 4929 τοῦ
400 4875 695 4947 ἀνθρώπου
732 4876 913 4945 φύσις,
945 4877 978 4947 ἡ
1018 4875 1105 4929 διὰ
1130 4876 1232 4947 τὴν
1278 4875 1590 4947 παράϐασιν
1633 4875 1729 4928 καὶ
1759 4873 1860 4945 τὴν

1965 4780 2206 4833 stitutam
2232 4776 2464 4831 hominis
2483 4784 2730 4830 naturam
2751 4778 2892 4844 (qua:
2905 4777 3527 4845 pertransgressionem,

1965 4881 2018 4925 et
2035 4880 2316 4941 peccatum
2332 4868 2666 4924 beatitudine
2679 4868 2899 4933 excidit,
2914 4877 3075 4936 atque
3089 4882 3119 4920 a
3135 4866 3244 4922 Deo
3264 4872 3536 4935 separata,

1542 5017 1777 5074 VARIE
1836 5011 2248 5072 LECTIONES.

348 5136 399 5172 ιε
422 5138 668 5208 ἀϐρίλιον
692 5116 786 5204 ος.
884 5139 932 5173 ⁷⁵
967 5138 1174 5210 ἔγραψε
1211 5138 1289 5210 δὲ.
1312 5135 1453 5208 μετὰ
1507 5153 1573 5210 κς·

1679 5137 1728 5170 ⁷⁸
1767 5145 1887 5203 post
1929 5131 2285 5187 Οὐολοσιανὸν
2323 5129 2483 5203 vulgo
2511 5130 2629 5184 haec
2661 5127 2865 5203 addunt
2891 5140 2915 5203 ί
2938 5120 3092 5203 oin};
3111 5120 3210 5203 ἦν.
3242 5124 3385 5189 οεῖος
3426 5125 3540 5203 ⁸τῆς

284 5210 443 5277 ἁγίας
466 5195 717 5281 Μελένης
733 5195 834 5281 ipe
898 5195 1063 5281 cod...)
1105 5195 1334 5281 έλληνόφ
1345 5225 1474 5278 ρων,
1502 5195 1560 5258 ἕν
1593 5207 1650 5260 δὲ
1682 5195 1996 5281 τῷάποθνῄ
2007 5221 2171 5281 σκειν·
2187 5195 2556 5281 μεταθέμενος
2583 5201 2719 5281 rupi);
2744 5199 2804 5281 τδ
2825 5196 3106 5281 ὀρθόδοξον
3128 5195 3220 5281 καὶ
3243 5196 3539 5281 φωτιισθεὶης

284 5266 554 5346 πᾶρᾶτοῦ
584 5266 1173 5349 ἀγίὀυ”Πρόκλου’τοῦ
1209 5266 1838 5349 Κωνσταντινουπόλεως
1867 5292 1882 5307 ο
1915 5266 2085 5349 αύτοῦ
2110 5266 2221 5349 γὰρ
2274 5266 2470 5349 εὑρέθη
2507 5266 2739 5349 πρέσϐις
2775 5266 3124 5349 ἀποσταλεὶς,
3167 5266 3254 5318 ὅτε
3309 5267 3404 5320 καὶ
3467 5270 3536 5338 τῇ

282 5339 412 5422 ἁγίᾳ.
450 5339 703 5420 ὲνέτυῇεν
739 5339 1204 5422 ὲξἹέροσολύμων
1234 5345 1620 5421 καταλαϐούσῃ
1650 5352 1748 5414 τὴν
1785 5345 2035 5417 βασιλίδα
2066 5339 2469 5409 τῶφπόλεωνί
2493 5339 2612 5411 qua:
2646 5342 2698 5395 in
2743 5356 2852 5411 mg.
2884 5339 3049 5394 habet
3080 5341 3122 5390 A
3143 5374 3158 5402 ,
3195 5353 3225 5389 a
3270 5351 3349 5391 rc.
3374 5352 3536 5391 manu

284 5428 485 5476 addita.

1810 5511 2046 5569 NOTAE.

364 5606 478 5680 (88)
513 5606 893 5680 Constantius,
919 5620 979 5663 ut
1004 5608 1116 5680 jam
1147 5610 1282 5666 alias
1311 5620 1578 5666 notatum.

352 5677 659 5753 ($9)__Quo_d
677 5682 818 5753 apud
855 5683 916 5736 Ι).
943 5677 1144 5737 Baron.
1166 5683 1385 5753 legitur,
1414 5694 1547 5739 toni.
1580 5679 1619 5734 ν
1644 5678 1843 5735 Annal.

290 5747 347 5799 ad
378 5750 438 5799 A.
468 5748 567 5801 Ch.
597 5749 760 5816 4207,
788 5752 959 5805 initio.

353 5818 461 5893 ιθο)
498 5818 759 5893 Melania,
793 5822 945 5892 cujus
974 5821 1093 5878 Vita
1125 5822 1179 5878 in
1208 5820 1471 5893 Hetaphr.
1531 5821 1627 5877 ult.
1683 5818 1844 5875 Janu.

294 5899 338 5939 et
366 5889 486 5941 Sur.
524 5903 652 5945 tom.
688 5892 729 5945 l.

2026 5604 2136 5679 (9i)
2170 5604 2249 5679 _i_ta
2288 5604 2391 5659 hoc
2424 5603 2544 5659 loco
2572 5605 2638 5679 _D.
2670 5602 2894 5679 llie_ron.
2936 5601 3170 5679 reddidit
3196 5595 3437 5679 tom..II.

2023 5672 2135 5746 (92)
2170 5672 3174 5746 Ἰσαπεπραγμένων.ΑΕαιΙειιιΑΐονιιια,
3207 5672 3389 5746 quain
3422 5676 3532 5719 ter-

1956 5739 2293 5814 tia‘ge'nerali
2318 5739 2546 5814 synodo,
2574 5759 2693 5813 qua».
2728 5744 2922 5810 Ephesi
2960 5743 3142 5814 habita
3196 5739 3529 5814 piissimae-

1953 5807 2145 5871 currit.
2163 5814 2306 5868 Ἰσον
2328 5807 2680 5885 γράμματος.
2696 5807 2841 5867 Ἴσον
2868 5813 3192 5882 ἁποφορίας,
3226 5809 3368 5862 Ἴσον
3390 5807 3526 5860 ὑπο-

1961 5886 2263 5957 μνήματος,
2298 5884 2395 5956 pro
2421 5884 2734 5955 exemplari,
2767 5895 2861 5940 aut
2893 5884 3199 5952 descriptio.
