4100 6420
628 396 696 456 95
1720 398 1978 459 PIIOTII
2015 398 2524 460 PATRIARCHIE
2565 401 2673 461 CP.
3044 388 3047 391 ’
3786 397 3859 459 96

626 503 788 556 morti
816 502 1014 557 tradita
1048 503 1154 575 est)
1200 520 1299 575 pro
1344 507 1534 561 merito
1581 508 1874 564 voluntatis
1940 512 2178 565 uniuscu-

2296 510 2569 579 ἁμαρτίαν
2594 512 2695 580 τῆς
2729 510 2827 578 μὲν
2858 511 3255 579 μακαριότητος
3292 507 3615 562 ἐκπεσοῦσα
3638 510 3733 562 καὶ
3762 510 3859 563 τοῦ

620 595 851 664 jusque;
885 596 1145 665 Spiritum
1191 608 1435 652 sanctum
1490 608 1543 654 et
1575 601 1870 669 appellare,
1927 614 1981 657 et
2010 603 2185 672 repel-

626 687 759 741 lere.
812 688 1118 742 Nestoriani
1161 705 1288 744 vero
1327 691 1394 745 de
1454 692 1570 761 ipso
1623 694 1785 747 etiam
1825 698 2067 762 corporis
2103 709 2190 749 cae

624 778 735 846 pite
756 778 996 841 Christo,
1028 781 1214 835 eadem
1271 783 1496 844 sentire,
1542 792 1598 837 et
1643 784 1911 838 allirmare
1966 785 2187 840 audent.

625 870 889 922 Asscrunt
919 872 1085 934 enim,
1121 873 1556 941 quandoquidem
1582 884 1775 927 nostra
1804 873 2052 929 Christus
2093 889 2190 927 na-

624 969 758 1014 ῑιιι-ειι
783 963 848 1014 sit
877 962 1145 1030 particeps
1176 962 1371 1026 factus,
1424 974 1480 1018 et
1526 966 1668 1018 Detts
1707 980 1899 1019 omnes
1941 965 2187 1019 homines

624 1054 876 1107 similiter
915 1054 1095 1108 salvos
1129 1055 1243 1108 fieri
1280 1057 1428 1120 velit,
1493 1056 1977 1125 unnmquemlibet,
2022 1058 2187 1111 etiam

629 1160 727 1211 per
787 1144 998 1197 arbitrii
1051 1146 1131 1196 sui
1194 1146 1519 1209 libertatem,
1572 1148 1847 1213 pmprium
1909 1162 2185 1215 peccatum

623 1239 913 1301 corrigere,
974 1244 1028 1287 et
1092 1235 1200 1288 Deo
1227 1237 1445 1304 dignum
1484 1252 1541 1291 se
1581 1236 1778 1292 facere.
1825 1238 2184 1305 Quamobrem

622 1325 713 1390 qui
744 1340 805 1378 ex
834 1326 997 1379 Maria
1040 1327 1110 1381 sit
1141 1328 1340 1390 editus,
1402 1343 1505 1381 non
1535 1343 1656 1382 esse
1684 1328 1939 1396 Verbum,
2001 1333 2091 1384 sed
2121 1347 2186 1384 ex

620 1432 681 1468 ea
711 1418 972 1483 genitum,
997 1420 1066 1472 oh
1093 1420 1353 1471 naturalis
1386 1419 1680 1473 voluntatis
1715 1420 2056 1489 dignitatem,
2088 1424 2187 1476 ha-

617 1506 749 1561 bere
781 1509 1001 1563 verbum
1051 1511 1425 1565 concomitans
1462 1529 1477 1567 :
1514 1527 1637 1567 cum
1696 1515 1813 1568 sola
1855 1517 1955 1570 ista
1993 1516 2187 1571 nobili-

621 1606 753 1662 tate,
796 1603 1062 1654 eteadem
1094 1602 1455 1670 appellatione
1502 1607 1867 1661 communicet
1925 1623 2046 1661 cum
2096 1622 2187 1661 ra-

620 1693 767 1746 tione
793 1693 1090 1749 liliationis.

2291 600 2425 653 Θεοῦ
2452 601 2799 671 χωρισθεῖσα,
2829 599 2907 668 τῷ
2943 600 2999 652 δὲ
3032 600 3245 668 θανάτῳ
3284 599 3671 670 παραδοθεῖσα,
3718 599 3858 670 αῦτη

2290 692 2433 743 κατά
2453 691 2551 762 τὴν
2576 692 2673 761 τῆς
2696 692 3071 762 προαιρέσεως
3093 691 3249 758 ἀξίαν
3278 691 3339 745 τὸ
3364 690 3588 761 Πνεῦμα
3616 692 3675 745 τὸ
3703 691 3860 760 ἆγιον

2290 783 2387 835 καὶ
2420 783 2809 854 προσκαλεῖται
2842 784 2937 837 καὶ
2969 783 3298 836 ἀπωθεῖται·
3334 785 3383 837 oi
3411 784 3468 837 δὲ
3505 784 3860 855 Νεστοριανοὶ

2289 874 2385 926 καὶ
2412 876 2542 943 περὶ
2571 874 2740 945 αὐτὴν
2772 874 2871 944 τὴν
2899 875 2992 928 τοῦ
3026 873 3278 945 σώματος
3306 876 3569 947 κεφαλὴν,
3596 876 3687 929 τὸν
3715 879 3857 948 Χρι-

2290 964 2434 1028 στὸν,
2459 966 2556 1034 τὴν
2584 967 2754 1036 αὐτὴν
2781 967 3018 1020 διάνοιαν
3042 969 3136 1020 καὶ
3154 968 3360 1038 τόλμαν
3384 968 3589 1038 έχουσι.
3621 970 3857 1037 Λέγουσι

2288 1057 2396 1126 γάρ
2423 1058 2503 1110 ὅτι
2524 1059 2646 1110 ἐπεὶ
2682 1058 2782 1128 τῆς
2814 1059 3086 1129 ἡμετέρας
3128 1060 3343 1130 φύσεώς
3375 1062 3520 1114 ἐστιν
3548 1063 3576 1113 6
3598 1060 3856 1129 Χριστὸς,

2288 1152 2316 1202 6
2339 1150 2395 1203 δὲ
2422 1149 2553 1213 Θεὸς
2582 1150 2787 1213 πάντας
2829 1150 3150 1222 ἀνθρώπους
3193 1153 3395 1223 ὁμοίως
3438 1152 3583 1206 θέλει
3613 1153 3856 1223 σωθῆναι

2288 1241 2386 1294 καὶ
2432 1242 2612 1312 οἰκείᾳ
2649 1244 2965 1314 προαιρέσει
3012 1242 3102 1314 [45
3126 1242 3217 1315 IL]
3270 1245 3501 1298 ’ἑκαστον
3549 1244 3609 1298 τὸ
3659 1243 3855 1297 ἑαυτοῦ

2288 1337 2533 1404 πταῖσμα
2561 1334 3045 1405 ἐπανορθώσασθαι
3073 1337 3168 1389 καὶ
3195 1336 3344 1401 ἄξιον
3383 1336 3576 1389 ἑαυτὸν
3610 1336 3776 1391 αὑτοῦ
3811 1338 3854 1366 ’⁷

2287 1427 2534 1494 ποιῆσαι,
2564 1426 2649 1479 διὰ
2685 1426 2843 1479 τοῦτο
2873 1428 2973 1480 οὐκ
3001 1428 3147 1481 ἐστιν
3168 1431 3196 1481 6
3223 1430 3395 1496 Λόγος
3418 1431 3446 1481 6
3474 1428 3708 1498 τεχθεὶς,
3737 1427 3853 1480 ἀλλ’

2286 1519 2315 1571 6
2339 1518 2383 1550 ’⁷
2412 1518 2693 1588 γεννηθεὶς
2724 1520 2790 1573 ὲκ
2824 1520 3044 1591 Μαρίας
3069 1521 3157 1573 διὰ
3183 1522 3284 1591 τὴν
3320 1522 3417 1591 τῆς
3447 1524 3683 1590 φυσικῆς
3718 1538 3854 1591 προ-

2286 1609 2551 1679 αιρέσεως
2598 1608 2753 1676 ἀξίαν
2784 1606 2928 1679 εἶχεν
2953 1611 3221 1681 ἑπόμενον
3260 1614 3352 1665 τὸν
3391 1612 3566 1680 λόγον,
3602 1612 3740 1683 μόνῃ
3786 1614 3854 1681 τῇ

2286 1698 2414 1771 ἀξίᾳ
2444 1700 2538 1754 καὶ
2562 1704 2626 1772 τῇ
2651 1701 2939 1773 ὁμωνυμίᾳ.
2959 1703 3368 1772 κεκοινωνηκὼς
3382 1704 3523 1774 λόγῳ
3543 1704 3642 1774 τῆς
3672 1705 3855 1773 υίότη-

2287 1807 2396 1855 τος.

688 1868 855 1922 Porro
906 1870 1020 1924 hare
1071 1871 1287 1939 quidem
1336 1872 1661 1943 Pelagiana,
1714 1890 1807 1929 seu
1874 1875 2178 1931 Celestiana

2358 1847 2506 1950 Λῦτη
2535 1884 2714 1954 μέντοι
2740 1885 2774 1955 ἡ
2802 1885 3110 1957 Πελαγιανὴ
3141 1887 3258 1957 ἦτοι
3285 1887 3617 1957 Κελεστιανὴ
3646 1886 3858 1957 αἵρεσις

616 1957 857 2021 haeresis.
904 1977 1009 2015 non
1041 1963 1093 2015 in
1122 1962 1344 2017 Oriente
1378 1966 1633 2019 duntaxat
1677 1968 1864 2035 viguit,
1889 1970 1981 2021 sed
2021 1970 2183 2023 etiam

614 2049 959 2105 Occidentem
1014 2056 1273 2123 pervasit,
1307 2066 1359 2110 et
1388 2057 1720 2126 Carthagine
1780 2060 1833 2113 in
1883 2059 2065 2114 Africa
2116 2063 2184 2116 ab

612 2141 831 2196 Aurelio
875 2154 1035 2212 atque
1070 2147 1374 2215 Augustino
1417 2150 1772 2218 deprehensa,
1823 2161 1875 2204 et
1914 2154 2181 2218 convicta,

614 2232 890 2300 variisque
924 2236 1133 2303 publice
1160 2241 1400 2294 conciliis
1432 2241 1708 2296 damnata.
1734 2241 1899 2309 Ejecti
1938 2260 2065 2297 vero
2093 2246 2182 2313 qui

612 2338 733 2374 cum
765 2324 849 2378 his
895 2329 1178 2395 sentirent,
1219 2340 1476 2401 tanquam
1520 2334 1780 2394 haeretici,
1811 2345 1963 2389 extra
1995 2337 2183 2391 Eccle-

611 2415 771 2476 siam,
798 2420 1121 2485 temporibus
1136 2424 1505 2490 episcoporum
1526 2424 1805 2494 Theophili
1825 2428 2181 2494 Alexandriae,

612 2514 666 2558 et
708 2507 1002 2565 Innocentii
1040 2512 1187 2568 urbis
1237 2515 1437 2581 Romae,
1480 2527 1586 2571 tam
1637 2534 1665 2572 a
1708 2519 1990 2584 Romanis,
2019 2537 2181 2590 quam

612 2597 911 2666 Africanis,
937 2605 1254 2672 caaterisque
1288 2608 1595 2664 Occidentis
1614 2610 1901 2679 episcopis.
1932 2614 2181 2667 Attamen

614 2687 857 2757 Pelagius
911 2693 1019 2758 hic,
1072 2696 1123 2749 in
1173 2712 1234 2748 ea
1282 2700 1485 2768 synodo
1525 2716 1643 2769 quae
1669 2702 1721 2754 in
1756 2702 2036 2757 Palaestina
2066 2703 2180 2775 (95)

611 2783 907 2848 convenit,
948 2786 1034 2838 cui
1078 2791 1483 2853 qnalnordecim
1547 2794 1802 2859 praesules
1863 2795 2179 2858 intererant,

610 2871 887 2927 absolutus
913 2884 1017 2941 est,
1042 2892 1161 2929 cum
1187 2879 1288 2931 alia
1323 2882 1537 2949 quidem
1561 2884 1891 2951 ohjectornrn
1918 2887 2177 2955 capitum.

612 2970 667 3015 ut
701 2964 886 3028 stulta,
915 2968 1135 3023 omnino
1158 2973 1496 3041 abnegasset,
1538 2985 1699 3045 atque
1722 2979 2053 3043 damnassm,
2079 2980 2181 3033 alia

607 3069 738 3109 vero
776 3072 807 3111 a
858 3073 917 3112 se
960 3063 1174 3130 quidem
1236 3066 1373 3119 dicta
1419 3067 1699 3123 confessus
1756 3080 1921 3134 esset,
1972 3088 2075 3125 non
2119 3088 2185 3124 eo

2286 1975 2538 2047 ἤκμασεν
2571 1978 2630 2029 ἐν
2657 1980 2722 2048 τῇ
2750 1979 3001 2049 ἀνατολῇ,
3041 1980 3245 2051 διεδόθη
3279 1980 3337 2032 δὲ
3368 1982 3460 2033 καὶ
3489 1982 3548 2033 ὲν
3581 1982 3647 2051 τῇ
3683 1980 3855 2034 δύσει.

2288 2069 2399 2123 Καὶ
2423 2071 2479 2123 ἐν
2509 2069 2605 2139 μὲν
2628 2074 2693 2141 τῇ
2721 2072 3044 2143 Καρταγένῃ
3071 2074 3117 2105 ⁷⁹
3147 2072 3248 2142 τῆς
3281 2074 3543 2144 ’Λφρικῆς
3564 2072 3856 2143 διηλέγχθη

2288 2161 2384 2214 καὶ
2435 2162 2692 2233 ἐφωράθη
2742 2163 2846 2217 ὑπό
2894 2182 2953 2217 τε
2998 2165 3268 2235 Λύρηλίου
3318 2166 3414 2218 καὶ
3466 2166 3857 2233 Αύγουστίνου,

2287 2254 2647 2325 ἀπεκηρύχθη
2671 2255 2726 2307 δὲ
2761 2256 3035 2327 διαφόροις
3064 2257 3320 2321 συνόδοις.
3374 2256 3770 2327 Ἐξεϐλήθησαν
3800 2258 3859 2310 δὲ

2288 2344 2384 2397 καὶ
2416 2345 2465 2397 oi
2494 2344 2636 2397 οὕτω
2666 2347 2988 2416 φρονοῦντες
3016 2347 3464 2419 τῆςἙκκλησίας
3481 2349 3557 2411 ὡς
3590 2349 3860 2417 αίρετικοὶ

2287 2436 2346 2487 ὲν
2373 2438 2486 2499 τοῖς
2516 2438 2725 2507 χρόνοις
2750 2439 3007 2506 Θεοφίλου
3030 2438 3124 2492 τοῦ
3160 2439 3566 2509 Ἀλεξανδρείας
3597 2441 3690 2493 καὶ
3731 2442 3860 2494 Ἰνο-

2288 2526 2497 2577 κεντίου
2535 2527 2753 2597 Ῥώμης
2800 2528 2906 2581 ὑπό
2949 2546 3009 2583 τε
3045 2529 3329 2600 Ῥωμαίων
3379 2534 3474 2584 καὶ
3506 2531 3732 2600 Ἀφρων
3761 2532 3860 2585 καὶ

2285 2617 2395 2670 τῶν
2418 2617 2620 2671 λοιπῶν
2649 2619 2879 2672 δυτικῶν
2907 2620 3244 2674 ἐπισκόπων.
3288 2620 3345 2674 Ὁ
3376 2621 3560 2691 μέντοι
3592 2620 3860 2689 Πελάγιος

2285 2711 2344 2762 ὲν
2366 2709 2700 2783 Παλαιστίνῃ
2730 2711 2949 2764 συνόδου
2978 2713 3251 2782 συστάσης
3273 2714 3793 2783 (τεσσαρεσκαίδεκα
3811 2715 3859 2746 ⁸ο

2284 2800 2342 2853 δὲ
2376 2799 2473 2871 τὴν
2502 2799 2718 2854 σύνοδον
2751 2800 3023 2871 ἐπλήρουν
3048 2800 3344 2873 ἀρχιερεῖς)
3375 2802 3629 2874 ἡθωώθη,
3662 2804 3730 2856 τὰ
3756 2804 3858 2873 μὲν

2284 2892 2394 2945 τῶν
2430 2891 2739 2962 κεφαλαίων
2784 2892 3061 2956 παντελῶς
3110 2893 3549 2965 ὲξαρνησάμενος
3590 2895 3664 2959 ὡς
3698 2897 3859 2967 μωρὰ

2286 2990 2380 3043 καὶ
2412 2989 2833 3059 ἀναθεματίσας,
2867 2992 2933 3044 τὰ
2962 2989 3019 3042 δὲ
3059 2990 3339 3061 εἰρηκέναι
3375 2991 3475 3061 μὲν
3503 2993 3699 3061 φήσας,
3733 2991 3859 3061 οὐχὶ

2284 3080 2341 3133 δὲ
2368 3081 2443 3143 ὼς
2475 3084 2523 3134 οί
2547 3083 2841 3150 κατήγοροι
2875 3079 3210 3150 ἐξειλὴφασι,
3244 3080 3546 3151 συμφώνως
3565 3082 3620 3134 δὲ
3653 3082 3857 3151 μᾶλλον

611 3155 787 3200 tamen
809 3164 990 3217 sensu,
1016 3170 1122 3222 quo
1162 3168 1507 3214 accusatores
1531 3160 1617 3214 illa
1647 3162 2174 3230 interpretarentur:

2283 3177 2344 3244 τῇ
2377 3172 2635 3243 καθολικῇ
2664 3172 2979 3242 Ἐκκλησία.
3006 3175 3069 3225 Oi
3092 3175 3270 3243 μέντοι
3299 3173 3730 3244 κατηγοροῦντες
3755 3175 3856 3228 αῦ-

609 3245 665 3290 at
691 3251 847 3306 prout
888 3258 1009 3295 cum
1038 3245 1291 3302 Ecclesiae
1314 3252 1595 3306 catholicae
1629 3258 1871 3309 doctrina
1902 3263 2179 3328 conspira-

609 3335 748 3379 rent.
792 3329 1150 3387 Accusatores
1192 3336 1636 3406 erantNeporus,
1672 3354 1726 3397 et
1756 3342 2017 3410 Lazarus,
2049 3348 2177 3403 Gal-

608 3415 695 3469 lici
750 3419 1011 3490 episcopi,
1064 3424 1201 3494 15a
1249 3430 1339 3495 qui
1400 3433 1685 3498 qumsﬁoni
1730 3436 1797 3489 de
1855 3437 1943 3490 illo
1986 3441 2178 3495 habitae

607 3523 715 3560 non
771 3512 1086 3579 interfuere,
1132 3521 1202 3571 ob
1251 3521 1472 3575 alterius
1512 3540 1697 3577 eorum
1749 3527 2172 3584 invaletndinem

610 3604 820 3657 veniam
872 3610 1095 3674 precati,
1148 3625 1215 3665 ne
1261 3627 1321 3667 se
1373 3615 1649 3670 sisterent.
1697 3619 1788 3673 Sic
1846 3623 2175 3690 Augustinus

609 3693 725 3762 (94)
764 3696 815 3749 in
846 3698 912 3753 iis
944 3715 1064 3768 quae
1087 3704 1152 3755 ad
1186 3704 1459 3760 Aurelium
1487 3708 1832 3781 Carthaginis
1860 3716 2173 3785 episcopum

607 3788 843 3854 scripsit,
885 3791 1085 3847 refert.

676 3874 805 3929 Post
847 3880 1019 3932 sancti
1058 3883 1338 3951 Augustini
1376 3897 1604 3943 mortem
1630 3902 1911 3961 cceperunt
1953 3896 2171 3964 quidam

605 3963 658 4018 in
691 3965 837 4021 clero
868 3968 1088 4037 impium
1127 3973 1254 4028 illud
1291 3977 1485 4047 dogma
1514 3994 1798 4047 asserere;
1837 3963 1984 4039 male
2009 3990 2171 4041 etiam

605 4057 753 4127 loqui
785 4063 851 4116 de
869 4062 1199 4134 fAngustino,
1228 4077 1389 4139 atque
1434 4074 1570 4127 adeo
1600 4077 1853 4132 convitiis
1879 4079 2170 4145 incessere,

604 4160 860 4222 tanquam
906 4158 1116 4212 arbitrii
1160 4160 1462 4217 libertatem
1533 4167 1821 4223 tollendam
1875 4171 2170 4228 docuisset.

604 4243 802 4299 Verum
858 4245 1162 4306 Celestinus
1220 4256 1457 4323 pontifex
1518 4258 1812 4329 Romanus,
1854 4244 1920 4316 de
1982 4275 2173 4320 sancto

602 4334 740 4399 viro,
775 4345 831 4390 et
862 4348 1053 4394 contra
1076 4357 1170 4397 eos
1193 4345 1279 4413 qui
1316 4348 1454 4402 hanc
1480 4349 1728 4405 hagresitn
1762 4355 2170 4419 resuscitarent,

599 4424 719 4493 ejus
766 4443 878 4484 orte
919 4434 1186 4504 episcopis
1232 4439 1477 4495 scribens
1523 4442 1657 4513 (95),
1700 4459 1945 4502 errorem
1998 4463 2172 4519 nuper

2285 3263 2379 3316 τοῦ
2412 3264 2657 3332 Νέπορος
2693 3258 2763 3332 ἦν
2799 3264 2892 3316 καὶ
2926 3263 3174 3333 Λάζαρος
3208 3265 3256 3316 οί
3305 3264 3495 3318 Γάλλοι
3541 3264 3851 3328 ἐπίσκοποι,

2284 3354 2334 3407 οἳ
2363 3353 2483 3407 οὐδὲ
2520 3354 2880 3424 παρεγένοντο
2908 3355 2967 3407 ὲν
3010 3358 3076 3425 τῇ
3122 3354 3365 3420 ἐξετάσει
3404 3356 3589 3423 αὐτοῦ,
3634 3357 3723 3410 διὰ
3753 3358 3853 3427 τὴν

2286 3445 2528 3499 κάκωσιν
2567 3444 2797 3515 θατέρου
2824 3444 3005 3497 αὐτῶν
3044 3446 3145 3517 τὴν
3173 3448 3475 3519 παρουσίαν
3505 3449 3854 3520 παραιτησά-

2289 3553 2459 3606 μενοι.
2517 3536 2701 3599 Οὕτως
2736 3536 3094 3605 Αύγουστῖνος
3147 3539 3205 3590 ὲν
3243 3542 3357 3604 τοῖς
3410 3541 3548 3611 πρὸς
3581 3541 3855 3613 Αύρήλιον

2283 3627 2374 3680 τὸν
2403 3628 2760 3701 Καρταγένης
2788 3629 2976 3684 πάπαν
3007 3630 3279 3694 διέξεισιν.

2355 3896 2439 3968 121
2470 3895 2539 3969 Η]
2560 3896 2709 3950 Μετά
2730 3897 2912 3968 μέντοι
2940 3915 3002 3966 γε
3025 3898 3251 3953 θάνατον
3267 3899 3361 3952 τοῦ
3379 3899 3438 3952 ὲν
3450 3901 3624 3968 ἁγίοις
3644 3902 3854 3967 Λύγουε

2282 3991 2461 4042 στίνου
2478 3988 2711 4061 ἤρξαντό
2730 4007 2875 4052 τινες
2896 3990 3004 4042 τῶν
3018 3992 3074 4042 ὲν
3089 3990 3165 4060 τῷ
3189 3990 3375 4063 κλήρῳ
3391 3991 3451 4044 τὸ
3477 3992 3575 4062 μὲν
3591 3992 3650 4045 δυ
3659 3993 3853 4057 σσεϐὲς

2281 4081 2568 4152 κρατύνειν
2582 4083 2782 4152 δόγμα,
2798 4083 2984 4148 κακῶς
2995 4084 3050 4137 δὲ
3064 4084 3243 4153 λέγειν
3258 4085 3615 4153 Αύγουστῖνον
3629 4086 3722 4139 καὶ
3738 4086 3854 4139 δια-

2281 4173 2468 4244 σύρειν
2493 4173 2568 4236 ὠς
2592 4175 2870 4245 ἀναίρεσιν
2893 4174 2987 4227 τοῦ
3014 4175 3358 4242 αύτεξουσίου
3385 4178 3846 4248 εἰσηγησάμενον·

2278 4266 2413 4319 άλλά
2460 4266 2556 4320 καὶ
2590 4267 2911 4330 Κελεστῖνος
2956 4269 2984 4320 6
3032 4267 3246 4339 Ῥώμης
3280 4269 3420 4339 ὑπέρ
3449 4287 3508 4323 τε
3554 4270 3648 4323 τού
3700 4268 3849 4322 θείου

2278 4356 2471 4428 ἀνδρὸς
2494 4358 2590 4411 καὶ
2618 4356 2757 4411 κατά
2801 4358 2910 4411 τῶν
2938 4359 3332 4413 ἀνακινούντων
3357 4362 3456 4429 τὴν
3490 4361 3703 4431 αἵρεσιν
3732 4363 3851 4425 τοῖς

2279 4448 2561 4522 ἐγχωρίοις
2572 4450 2798 4520 γράφων
2816 4450 3152 4515 ἐπισκόποις,
3168 4451 3266 4522 τὴν
3291 4453 3618 4524 κινουμένην
3636 4452 3849 4523 πλάνην

600 4530 912 4574 revocatum
957 4525 1219 4582 cohibuit.
1270 4530 1402 4585 Cum
1440 4537 1697 4602 temporis
1726 4536 1847 4591 dein
1879 4555 2165 4609 progressu

2283 4539 2521 4611 ἔστησεν.
2562 4541 2770 4612 Χρόνου
2797 4541 2853 4593 δὲ
2876 4541 3160 4610 παριόντος
3191 4543 3283 4595 καὶ
3307 4543 3413 4596 τῶν
3436 4543 3543 4596 ἀπὸ
3564 4544 3664 4614 τῆς
3697 4544 3852 4614 αἱρέ-

597 4620 761 4664 sectae
801 4612 959 4681 hujus
993 4617 1239 4677 homines
1270 4636 1365 4689 per
1394 4623 1618 4680 haeresis
1642 4641 1753 4679 sua:
1772 4628 2167 4697 abjurationem

597 4701 850 4759 Ecclesiae
874 4709 1107 4765 restituti
1124 4723 1329 4781 essent,
1354 4715 1546 4769 iterum
1576 4719 1772 4772 malum
1796 4722 1863 4774 ab
1889 4721 1993 4777 illis
2016 4724 2167 4793 prin-

595 4793 793 4862 cipium
844 4803 1109 4869 sumpsit,
1160 4813 1219 4857 ut
1275 4806 1518 4877 Septimo
1559 4811 1812 4880 episcopo
1872 4828 2166 4871 renascens

592 4888 780 4941 eadem
820 4888 955 4955 lues,
1008 4904 1293 4964 antequam
1327 4896 1537 4969 longius
1587 4911 1846 4972 serperet,
1885 4903 2052 4961 fuerit
2074 4924 2160 4961 re-

591 4979 888 5047 primenda,
919 4984 1062 5039 datis
1095 4988 1159 5040 ad
1190 4988 1419 5045 Leonem
1454 4992 1586 5062 (96);
1618 4991 1803 5048 Romae
1834 5005 1943 5049 tum
1974 4999 2157 5052 sedem

590 5072 938 5138 apostolicam
959 5084 1255 5145 tenentem,
1284 5080 1504 5149 litteris,
1524 5084 1612 5153 qui
1642 5082 1751 5138 Leo
1782 5085 2009 5141 ferventi
2039 5089 2157 5144 zelo

2277 4648 2416 4695 σεως
2464 4632 2551 4685 διά
2581 4632 2642 4685 τὸ
2688 4632 3081 4701 ἀναθεματίσαι
3144 4634 3247 4702 τὴν
3287 4634 3491 4687 οίκείαν
3520 4636 3732 4706 αἰρεσιν
3775 4639 3847 4707 τῇ

2286 4724 2583 4795 Ἐκκλησία
2625 4723 3101 4794 παραδεχθέντων,
3146 4724 3305 4778 πάλιν
3340 4725 3398 4790 ἐξ
3444 4725 3622 4778 αὐτῶν
3665 4726 3847 4798 ἀρχὴν

2272 4815 2542 4884 ἐλάμϐανε
2585 4814 2645 4867 τὸ
2675 4815 2844 4868 κακόν
2871 4829 2882 4842 ·
2917 4813 3051 4867 ἀλλὰ
3089 4815 3356 4885 Σέπτιμος
3396 4815 3693 4880 ἐπίσκοπος
3734 4820 3843 4889 άρ-

2269 4906 2507 4977 χομένης
2534 4905 2635 4975 τῆς
2664 4905 2841 4974 λύμης
2879 4906 3075 4977 ἐπέσχε
3105 4908 3204 4976 τὴν
3231 4908 3403 4977 φοράν
3420 4950 3434 4973 ,
3458 4907 3676 4979 γράψας
3698 4909 3836 4980 πρὸς

2266 4999 2472 5052 Λέοντα
2500 4998 2590 5051 τὸν
2653 4997 2874 5068 Ῥώμης
2924 4999 3223 5069 τηνικαῦτα
3279 4994 3718 5070 προεδρεύοντα⁵,
3768 5001 3831 5065 ὃς

2264 5090 2516 5161 διαπύρῳ
2546 5087 2695 5160 ζήλῳ
2719 5090 2860 5142 κατά
2882 5090 2983 5160 τῆς
3008 5090 3325 5155 δυσσεϐείας
3350 5092 3672 5161 ἠγωνίσατο.
3695 5094 3833 5147 Μετ’

1853 5203 2086 5259 νΑιιιλΕ
2127 5206 2534 5263 LECTIONES.

590 5300 700 5422 6a"
722 5298 888 5357 αὐτοῦ
909 5304 950 5359 A
997 5324 1011 5361 :
1051 5307 1213 5373 αὐτὸς
1266 5327 1327 5375 ς.
1406 5312 1451 5345 ⁷⁸
1478 5314 1591 5367 ἀλλ’
1618 5312 1666 5367 ὁ“Ι
1698 5314 1813 5368 ἀλλ’
1843 5316 1924 5369 ὅτι
1965 5315 2030 5373 Αο

667 5389 755 5422 σεε
805 5390 866 5422 ς’.

663 5389 755 5442 ρες
805 5390 866 5436 ς’.

2143 5321 2189 5353 ’ν
2230 5320 2539 5391 χαρταγένη
2580 5332 2647 5385 Α,
2679 5335 2769 5390 qut
2803 5330 2857 5377 et
2897 5323 3035 5379 infra
3066 5323 3427 5396 χαρταγένηςο
3502 5323 3549 5356 ⁸⁰
3574 5324 3838 5381 δεκατέσ-

2074 5509 2300 5566 NOTAE.

585 5604 769 5725 Η895)
801 5603 1058 5676 Diospoli.
1097 5607 1159 5664 V.
1204 5609 1266 5664 D.
1308 5611 1503 5670 Baron.
1543 5626 1673 5671 tom.
1722 5617 1785 5683 V,
1819 5620 1884 5673 ad
1915 5634 2003 5671 an.
2045 5621 2146 5673 Ch.

648 5744 771 5823 tibi)
795 5744 971 5827 forte
1023 5750 1115 5827 lii).
1161 5750 1234 5804 De
1276 5754 1434 5821 gestis
1469 5752 1694 5827 Pelagii,
1727 5758 1876 5825 cujus
1909 5760 2019 5827 ipse
2042 5774 2153 5811 tne-

588 5816 743 5869 tninit
793 5816 885 5869 lib.
932 5833 967 5871 ll
1026 5816 1427 5892 Retractfcap.
1470 5826 1522 5878 4.
1581 5816 1870 5883 Verum-is
1929 5816 2154 5898 'pulutur

2261 5622 2631 5676 intercidisse.

2332 5694 2441 5761 (95)
2479 5694 2614 5764 Quae
2665 5691 2832 5761 Epist.
2884 5702 3060 5747 exstat
3116 5704 3245 5749 tom.
3298 5692 3387 5749 Vll
3435 5693 3494 5749 Β.
3540 5694 3832 5764 Augustin.

2331 5766 2442 5832 (Uti)
2478 5762 2603 5831 Ejus
2635 5764 2870 5818 nominis
2904 5764 3156 5833 primum.
