4146 6420
217 427 283 490 97
1263 421 1787 483 BIBLIOTHECA.
1819 443 1885 452 —
1914 412 2129 475 com).
2158 406 2429 469 LV-LVI.
3402 384 3472 447 98

212 542 272 593 οὐ
304 538 435 591 πολὺ
465 537 527 592 δὲ
556 539 719 593 πάλιν
750 536 939 610 ὥσπερ
979 537 1246 609 ἀναφύειν
1267 537 1368 608 τῆς
1399 539 1606 609 πικρᾶς
1641 535 1799 608 ῥίζης

1918 536 2091 583 :ontra
2145 522 2344 591 impios
2393 515 2742 587 depugnavit.
2781 512 2915 567 Post
2964 525 3070 565 non
3118 507 3208 563 diu
3256 519 3475 561 rursum

214 630 675 701 άναισχύντουσης
699 671 713 694 ,
741 631 801 683 ὲν
831 633 897 701 τῇ
931 630 1123 703 Ῥώμῃ
1149 630 1294 693 τινὲς
1339 630 1481 701 ὑπὲρ
1508 629 1608 700 τῆς
1640 627 1795 699 αἱρέ-

220 739 355 786 σεως
394 720 902 795 ἐπαρρησιάζοντο·
930 720 1069 775 ἀλλὰ
1089 721 1407 793 Πρόσπερός
1436 737 1520 784 τις
1542 761 1557 784 ,
1591 720 1799 791 ἄνθρω-

219 833 319 879 πος
342 816 420 879 ὡς
449 816 669 887 άληθῶς
688 815 783 870 τοῦ
818 814 955 870 Θεοῦ
976 856 993 884 ,
1018 813 1297 879 λιδέλλους
1325 814 1446 869 κατ’
1473 812 1655 868 αὐτῶν
1675 814 1799 866 ὲπι-

216 908 467 974 δεδωκὼς
515 909 745 979 ἀφανεῖς
782 911 992 975 αὐτοὺς
1033 909 1443 981 ἀπειργάσατο,
1470 907 1551 961 ἔτι
1573 908 1801 970 Λέοντος

220 999 316 1053 τοῦ
337 1002 742 1073 προειρημένου
774 1006 867 1055 τδν
907 1002 1219 1075 Ῥωμαϊκὸν
1269 1000 1459 1072 θρόνον
1506 1000 1799 1062 ἰθύνοντος.

233 1092 667 1165 Ἀνεθεματίσθη
692 1094 749 1148 δὲ
780 1094 919 1166 αὕτη
946 1096 982 1166 ἠ
1011 1094 1223 1166 αἵρεσις
1248 1094 1345 1147 καὶ
1367 1094 1426 1147 ὲν
1442 1095 1508 1165 τῇ
1539 1090 1804 1162 Ἐφεσίων

223 1184 355 1257 ἁγίᾳ
375 1185 596 1256 συνόδῳ.
633 1185 1048 1257 Ἀναθεματίζει
1066 1186 1124 1241 δὲ
1146 1189 1241 1241 καὶ⁸
1276 1187 1529 1258 Ἰωάννης
1557 1186 1588 1241 ὁ
1621 1182 1805 1250 Ἀλεξα-

225 1278 479 1349 ανδρείας
521 1279 580 1333 ἐν
613 1282 679 1350 τῇ
715 1279 852 1351 πρὸς
873 1279 1133 1335 Γελάσιον
1160 1280 1253 1335 τὸν
1292 1279 1513 1352 Ῥώμης
1538 1275 1806 1349 ἀπολογίᾳ

224 1368 285 1421 οὐ
317 1368 479 1437 μόνον
499 1369 602 1439 τὴν
623 1369 967 1442 Πελαγιανὴν
998 1371 1233 1442 αῐρεσιν,
1256 1371 1395 1425 ἀλλὰ
1420 1372 1514 1425 καὶ
1539 1368 1807 1437 Πελάγιον

227 1460 319 1511 καὶ
346 1459 640 1515 Κελέστιον
660 1502 674 1527 ,
731 1461 827 1517 καὶ
876 1461 959 1517 ἔτι
1023 1462 1347 1531 Ἰουλιανδν,
1396 1462 1458 1527 ὃς
1486 1463 1578 1516 καὶ
1628 1460 1808 1515 αὐτῶν

229 1552 476 1624 ἐγνώσθη
504 1554 766 1625 διάδοχος.

956 1813 1005 1865 Ν
1012 1812 1065 1865 E'

1901 619 2064 674 veluti
2093 616 2380 680 exsistere,
2428 622 2594 683 atque
2634 608 2822 667 enasci
2854 623 2886 663 e
2919 606 3058 662 mala
3088 604 3269 658 radice
3295 602 3477 669 impu-

1898 711 2088 769 denter
2117 724 2241 765 cum
2272 706 2546 777 coepisset,
2573 703 2759 759 Romae
2789 700 2952 757 etiam
2978 697 3192 769 quidem
3239 707 3339 763 pro
3366 693 3481 747 hae-

1902 804 2011 865 resi
2060 801 2229 857 libere
2274 799 2441 856 locuti
2474 807 2602 855 sunt
2636 815 2651 864 ;
2686 810 2825 868 quos
2856 794 3112 863 Prosper,
3154 791 3318 846 homo
3351 802 3483 841 sane

1901 895 2116 955 divinus
2157 894 2292 964 (9'7),
2324 893 2522 948 libellis
2552 891 2817 947 adversus
2857 902 2953 944 eos
2988 888 3041 941 in
3074 884 3266 955 vulgus
3300 880 3483 944 editis,

1903 987 2065 1045 facile
2112 985 2424 1055 dissipavit,
2474 982 2867 1052 exstinxitque,
2910 979 3097 1037 Leone
3143 976 3481 1034 etiamnum,

1904 1093 2063 1151 quem
2106 1076 2364 1144 diximus,
2405 1075 2708 1130 Romanam
2743 1073 2928 1128 sedem
2958 1071 3319 1143 gubernante.
3352 1066 3484 1118 Haec

1906 1170 2095 1227 eadem
2165 1167 2389 1223 haeresis
2434 1166 2779 1221 anathemate
2826 1164 2957 1218 item
3011 1162 3266 1217 damnata
3315 1166 3401 1212 est
3433 1155 3489 1211 in

1905 1280 2062 1319 sacra
2092 1262 2362 1334 Ephesina
2398 1262 2627 1332 synodo.
2681 1258 2969 1313 Damnavit
3005 1265 3060 1312 et
3087 1252 3325 1308 Joannes
3356 1249 3488 1304 Ale—

1908 1355 2209 1410 xandrinus
2235 1353 2545 1424 episcopus,
2565 1351 2617 1405 in
2643 1349 2904 1420 Apologia
2937 1349 3004 1403 ad
3024 1345 3302 1403 Gelasium
3341 1340 3492 1396 urbis

1908 1446 2240 1516 episcopum,
2271 1459 2380 1499 non
2417 1444 2591 1500 solum
2615 1440 2961 1512 Pelagianam
2992 1437 3270 1500 haeresim,
3301 1448 3491 1489 vermn

1910 1537 2070 1590 etiam
2122 1534 2397 1605 Pelagium
2444 1536 2642 1604 ipsum,
2677 1542 2841 1603 atque
2871 1531 3187 1594 Celestium,
3233 1541 3337 1582 una
3369 1538 3493 1577 cum

1910 1626 2146 1694 Juliano,
2176 1626 2267 1697 qui
2300 1626 2353 1681 in
2380 1625 2481 1681 hac
2502 1624 2638 1696 ipsis
2655 1635 2804 1681 secta
2836 1626 3167 1680 successisse
3189 1617 3496 1689 deprehen-

1912 1734 2007 1774 sus
2041 1727 2144 1773 est.

2643 1808 2761 1864 LV.

237 1900 517 1957 Ἰωάννου
549 1901 657 1956 τοῦ
688 1906 1029 1959 Φιλοπόνου
1074 1904 1224 1959 κατὰ
1257 1903 1365 1971 τῆς
1397 1904 1572 1973 ἁγίας
1593 1903 1692 1959 καὶ
1730 1905 1814 1958 ol-

1918 1901 2148 1957 Joannes
2218 1902 2546 1971 Philoponns
2601 1913 2646 1953 et
2703 1900 2938 1952 Joannes
2995 1899 3246 1969 Αἱρεαιεε
3309 1911 3496 1953 contra

515 1974 879 2042 κουμενικῆς
915 1974 1200 2044 τετάρτης
1239 1976 1527 2030 συνόδου.

254 2105 261 2111 -
298 2064 646 2137 ’Δνεγνώσθη
662 2067 910 2120 Ἰωάννου
924 2067 1292 2137 τοῦπφιλοπόν
1303 2084 1396 2133 ου,
1416 2068 1617 2137 μᾶλλον
1629 2068 1685 2121 δὲ
1699 2071 1815 2123 Μα-

230 2160 579 2222 tutanda-av,
597 2159 746 2214 κατὰ
760 2160 871 2228 τῆς
884 2160 1057 2230 ἁγίας
1072 2161 1171 2216 καὶ
1181 2160 1602 2231 οὶκουμενικῆς
1620 2161 1816 2229 τετάρ-

232 2265 334 2315 της
352 2248 648 2302 συνόδου.
666 2249 754 2302 Ἑν
766 2242 846 2313 οἷς
862 2251 976 2304 ἐστι
987 2250 1085 2322 τὴν
1104 2252 1203 2321 μὲν
1220 2251 1418 2320 φράσιν
1429 2252 1613 2320 ὅμοιος
1624 2249 1812 2323 [483.]

232 2339 416 2410 ἑαυτῷ
435 2380 451 2405 ,
492 2338 653 2393 ὠθεῖν
674 2340 734 2395 δὲ
762 2343 1019 2413 πειρᾶται
1049 2344 1421 2412 ἀναισχύντως
1467 2343 1567 2415 τὴν
1599 2342 1816 2396 σύνοδον

233 2432 311 2492 είς
338 2433 403 2484 τὸ
430 2433 727 2503 Νεστορίω
771 2435 1025 2506 φρόνημα
1052 2475 1067 2499 ,
1100 2438 1195 2488 καὶ
1224 2436 1372 2505 λέγει
1415 2435 1816 2501 καταδέξασθαι

234 2522 331 2594 τὴν
360 2522 583 2578 σύνοδον
613 2528 704 2580 τὸν
734 2527 1178 2597 ἀναθεματισμδν
1199 2528 1495 2597 Νεστορῐου
1526 2527 1621 2581 διτε
1648 2525 1815 2597 μηδὲν

251 2616 571 2686 ἡγουμένην
592 2620 671 2680 εἰς
698 2618 983 2689 ἄνθρωπον
1011 2618 1340 2691 ἐξαμαρτεῖν
1368 2618 1700 2689 ὲπιγυρὼσει
1729 2619 1818 2673 66-

237 2722 481 2776 γματος,
517 2709 546 2762 ὃ
594 2710 690 2763 καὶ
723 2711 885 2775 αὐτὸς
933 2712 963 2765 ὁ
1016 2712 1345 2783 βαλλόμενος
1389 2710 1466 2782 τῷ
1516 2712 1819 2782 άναθέματι

237 2800 461 2854 πάντων
490 2800 855 2872 ὑπερετίμα⁸¹
878 2802 987 2856 ’καὶ
1013 2803 1242 2873 ἔστεργε
1268 2841 1284 2867 ,
1312 2803 1545 2872 πρᾶγμα
1566 2802 1819 2861 πλάττων

241 2890 336 2942 καὶ
389 2890 851 2960 τερατευόμενος,
885 2890 914 2944 ὃ
942 2891 1040 2962 τῆς
1070 2891 1282 2944 ἐκείνου
1333 2890 1532 2959 φρενὸς
1580 2892 1677 2944 καὶ
1720 2889 1822 2959 τῆς

241 2984 578 3055 ἁστηρίκτου
615 2984 841 3054 γνώμης
866 2983 1206 3055 καθέστηκεν
1230 2983 1401 3047 ἄξιον.
1452 2982 1688 3037 Τοιαῦτα
1723 2983 1822 3052 μὲν

245 3078 387 3129 κατὰ
439 3075 645 3146 ταύτης
682 3077 1028 3146 ματαιολογεῖ
1051 3076 1147 3129 καὶ
1189 3075 1545 3148 θρασύνεται,
1600 3077 1657 3127 ὲν
1677 3076 1823 3146 τμή-

248 3184 381 3234 μασι
418 3169 477 3222 δὲ
506 3169 770 3239 τέσσαρσι
808 3172 1040 3225 ποιεῖται
1078 3175 1179 3239 τὴν
1209 3170 1337 3238 ὃλην
1369 3170 1491 3223 κατ’
1515 3170 1685 3239 αὐτῆς
1713 3186 1826 3222 κω-

2423 1985 2672 2040 quartam
2716 1973 2997 2038 synodum.

1984 2064 2181 2125 Lectus
2209 2072 2293 2119 est
2324 2063 2462 2119 liber
2486 2060 2714 2117 Joannis
2730 2061 3024 2114 Φιλοπόνου
3047 2059 3182 2131 (98),
3203 2070 3296 2113 aut
3319 2060 3499 2128 potius

1916 2155 2297 2211 Ματαιοπόνου
2351 2154 2425 2225 [Μ
2475 2163 2579 2219 est,
2635 2154 2835 2207 laboris
2871 2154 3123 2216 amantis,
3176 2168 3267 2206 seu
3325 2155 3503 2220 potius

1916 2245 2209 2319 amantis,]
2241 2247 2504 2300 Adversus
2535 2261 2743 2300 sacram
2772 2255 2820 2299 et
2853 2246 3227 2298 aecumeniram
3255 2254 3502 2312 quartam

1918 2337 2195 2407 synodum.
2240 2334 2340 2391 Hic
2371 2336 2511 2406 stylo
2545 2336 2627 2389 sui
2670 2334 2865 2389 similis
2910 2344 2997 2389 est
3031 2332 3163 2404 (99).
3200 2332 3505 2403 lmpingere

1918 2443 2047 2483 vero
2080 2429 2421 2501 impudenter
2449 2439 2682 2482 conatur
2703 2427 2750 2481 ei
2775 2427 2982 2498 synodo
3008 2426 3240 2480 Nestorii
3272 2436 3504 2487 sectam,

1920 2531 2083 2591 atque
2108 2521 2175 2575 ab
2200 2520 2286 2574 illa
2321 2522 2479 2590 hujus
2502 2519 3015 2574 anathematismnm
3050 2526 3324 2587 receptum
3355 2532 3504 2579 esse,

1919 2615 2063 2685 quod
2093 2613 2224 2668 nihil
2266 2628 2326 2668 se
2364 2622 2580 2684 putaret
2607 2614 2659 2667 in
2703 2612 2983 2666 hominem
3025 2626 3251 2680 peccare
3284 2611 3506 2678 quando

1921 2704 2116 2774 dogma
2169 2702 2330 2776 [ejus]
2387 2705 2688 2758 sanciatur.
2738 2702 2891 2770 Quod
2940 2702 3139 2756 factum
3191 2702 3354 2756 etiam
3391 2700 3508 2770 ἱρέα

1923 2794 2258 2849 anathemati
2324 2795 2603 2863 subjectus
2674 2791 2964 2848 Nestorius
3030 2794 3282 2848 omnibus
3346 2794 3509 2847 rebus

1924 2893 2236 2953 anteponat,
2287 2885 2634 2954 adametque,
2691 2885 2792 2937 hnc
2843 2885 3074 2954 agendo,
3122 2895 3287 2953 atque
3331 2883 3511 2953 prodi-

1925 2978 2075 3051 giose
2111 2977 2381 3045 ﬁngendo,
2414 2964 2556 3046 quod
2606 2977 2726 3044 ejus
2758 2977 3032 3045 ingenium
3078 2976 3385 3045 mentisque
3427 2977 3510 3029 in-

1925 3069 2277 3129 Stabilitatem
2316 3070 2526 3125 deceat.
2578 3068 2659 3124 Ac
2699 3067 2834 3123 tales
2872 3068 3091 3137 quidem
3136 3068 3227 3122 hic
3276 3068 3513 3137 scriptor

1930 3177 2103 3232 nugas
2157 3162 2415 3217 audacter
2446 3161 2731 3232 jactitans,
2763 3173 2996 3231 quatuor
3043 3162 3287 3230 partibus
3339 3170 3510 3214 totam

248 3229 489 3330 μῳδίαν,
532 3229 693 3315 οὐδὲν
745 3261 972 3316 πιθανὸν
1003 3261 1036 3330 ἢ
1064 3229 1304 3325 διανοίας
1334 3261 1508 3330 λέγων
1541 3229 1816 3331 ἐχόμενον.

1931 3252 2252 3308 comoediam
2302 3253 2562 3311 adversus
2623 3256 2889 3326 synodum
2941 3252 3213 3318 absolvit,
3266 3268 3324 3306 re
3368 3252 3513 3306 nulla

314 3439 671 3511 Ἀνεγνώσθη
696 3440 753 3494 δὲ
782 3442 839 3493 εν
865 3440 943 3510 τῷ
970 3439 1118 3510 αὐτῷ
1141 3440 1240 3495 καὶ
1260 3440 1509 3494 Ἰωάννου
1528 3441 1711 3506 ἄλλου,
1728 3439 1829 3511 τὴν

247 3532 553 3604 θρησκείαν
582 3531 969 3602 Νεστοριανοῦ,
988 3534 1151 3587 Κατὰ
1176 3530 1284 3600 τῆς
1317 3531 1511 3601 αὐτῆς
1544 3534 1717 3605 ἁγίας
1739 3550 1831 3587 τε-

246 3628 472 3695 τάρτης
499 3626 793 3681 συνόδου.
826 3622 993 3689 Οὗτός
1023 3629 1139 3680 ἐστι
1189 3628 1218 3679 ὁ
1243 3628 1534 3698 Αἰγεάτης,
1569 3626 1833 3697 δυσσεϐὴς

250 3720 380 3789 μὲν,
407 3718 736 3790 καλλιεπείᾳ
764 3718 822 3772 δὲ
852 3718 946 3771 καὶ
976 3719 1053 3788 τῷ
1079 3720 1196 3788 ἡδεῖ
1226 3719 1365 3787 μετὰ
1393 3721 1495 3790 τῆς
1528 3720 1833 3791 σαφηνείας

248 3815 341 3867 καὶ
369 3812 764 3884 λαμπρότητος
794 3810 1157 3882 κεχρημένος.

985 3989 1131 4059 NG".

396 4082 780 4151 Θεοδωρήτου
808 4084 1006 4153 Κύρου
1042 4084 1196 4139 κατὰ
1225 4084 1343 4138 τῶν
1382 4084 1693 4153 αἱρέσεων.

315 4176 669 4247 Ἀνεγνώσθη
685 4177 1032 4249 Θεοδωρήτου
1046 4178 1231 4250 Κύρου
1244 4179 1395 4233 κατὰ
1414 4178 1534 4232 τῶν
1548 4179 1839 4246 αιρέσεων

250 4272 358 4325 τῶν
387 4272 502 4325 ἀπὸ
536 4271 786 4342 Σίμωνος
815 4271 1140 4343 ἀρξαμένων
1168 4274 1267 4329 καὶ
1303 4274 1497 4345 μέχρις
1528 4268 1605 4330 ὧν
1631 4276 1838 4339 ἐκεῖνος

252 4366 349 4436 τὴν
377 4364 573 4436 ἀκμὴν
592 4366 887 4437 κατείληφε
909 4366 1014 4436 τὴν
1043 4366 1280 4437 βλάστην
1305 4367 1836 4438 προὸαλλομένων⁸¹.

254 4458 579 4529 Προσφωνεῖ
617 4456 791 4511 ταῦτα
831 4458 1123 4530 Σπορακίῳ
1151 4460 1233 4523 είς
1266 4460 1484 4530 αἴτησιν
1508 4460 1612 4530 τῆς
1647 4460 1836 4515 τοιαύ-

1932 3346 2038 3401 ﬁde
2071 3347 2251 3417 digna,
2293 3363 2468 3419 neque
2502 3349 2637 3403 adeo
2665 3363 2811 3403 sana:
2847 3348 3045 3402 mentis
3081 3347 3263 3401 allata.

2007 3438 2140 3509 15b
2174 3439 2374 3496 Lectus
2421 3451 2505 3495 est
2555 3439 2610 3493 in
2647 3439 2837 3494 eodem
2885 3439 3160 3494 volumine
3208 3450 3261 3493 et
3292 3437 3523 3494 Joannis

1934 3529 2156 3586 alterius
2172 3532 2238 3587 de
2258 3542 2406 3587 secta
2439 3530 2670 3586 Nestorii
2696 3531 2796 3597 (1),
2823 3529 3022 3585 Contra
3047 3532 3284 3584 eamdem
3308 3547 3519 3585 sacram

1932 3634 2179 3694 quartam
2212 3626 2472 3695 synodum
2500 3624 2655 3679 liber.
2682 3624 2847 3693 Cujus
2900 3633 3091 3679 auctor
3134 3625 3395 3695 AEgeatus
3429 3626 3523 3680 ille

1935 3725 2059 3782 est,
2113 3716 2311 3787 impius
2371 3718 2592 3785 quidem
2663 3718 2869 3782 homo,
2924 3725 3178 3770 caeterum
3228 3716 3514 3768 verborum

1936 3808 2222 3875 splendore
2260 3825 2324 3864 ac
2353 3808 2640 3873 suavitate,
2692 3824 2813 3863 cum
2856 3810 3240 3880 perspicuitate
3272 3817 3326 3863 et
3354 3806 3525 3864 clari-

1937 3908 2050 3956 tate
2084 3918 2234 3959 usus.

2650 3992 2760 4047 LVI
2795 4035 2809 4049 .

2224 4086 2533 4141 Theodoreti
2567 4099 2748 4141 contra
2779 4088 2999 4141 Itau'eses
3029 4088 3149 4141 libri
3181 4104 3231 4142 v.

2009 4180 2207 4235 Lectus
2239 4180 2570 4235 Theodoreti
2622 4180 2847 4247 episropi
2882 4179 3009 4251 Cyri
3037 4182 3167 4236 liber
3198 4192 3382 4237 contra
3415 4182 3527 4237 Ima»

1940 4288 2097 4334 reses,
2128 4280 2397 4342 quotquot
2420 4289 2449 4328 a
2483 4272 2709 4328 Simone
2745 4273 2899 4343 Mago
2920 4275 2985 4328 ad
3012 4275 3177 4344 ipsius
3217 4291 3385 4347 usque
3405 4275 3516 4347 jam

1940 4367 2315 4420 conﬁrmatam
2360 4376 2577 4421 aetatem
2629 4369 3052 4432 egerminaraut.
3115 4368 3334 4424 Dedicat
3378 4371 3521 4423 hunc

1942 4457 2204 4528 Sporacio
2230 4458 2522 4528 postulanti
2556 4459 2677 4511 talia
2716 4460 2938 4514 audire:
2964 4470 3018 4514 et
3044 4462 3217 4530 pergit
3259 4476 3422 4529 porro
3454 4463 3520 4515 ad

253 4567 352 4620 της
376 4548 674 4620 φιληκοΐας
701 4550 1053 4605 καταστάντι.
1086 4552 1429 4621 Κατέρχεται
1458 4551 1513 4604 δὲ
1549 4552 1711 4622 μέχρι
1732 4552 1816 4604 Νε-

1940 4548 2271 4613 Nestorium.
2321 4549 2547 4619 ejusque
2587 4551 2869 4617 hazresim,
2903 4553 3057 4621 cujus
3104 4568 3311 4609 meram
3346 4555 3523 4609 fundit

258 4643 479 4713 στορίου
520 4641 617 4695 καὶ
649 4642 748 4712 τῆς
799 4644 1061 4713 αἱρέσεως
1094 4643 1259 4696 αὐτοῦ
1283 4683 1297 4707 ,
1330 4644 1566 4714 ἄκρατον
1592 4642 1611 4714 [
1633 4643 1704 4697 22
1726 4644 1793 4698 Η.

1936 4644 2418 4713 reprehensionem
2468 4661 2484 4708 ;
2534 4646 2601 4698 ad
2653 4647 2825 4715 ipsam
2873 4662 3086 4714 quoque
3126 4647 3520 4717 Eutychianam

258 4734 429 4788 αὑτοῦ
452 4733 738 4805 καταχέων
755 4733 846 4787 τὸν
866 4733 1110 4804 ἔλεγχον.
1130 4735 1350 4804 Πρόεισι
1371 4733 1429 4787 δὲ
1441 4735 1536 4787 καὶ
1562 4735 1723 4808 μέχρι
1742 4735 1816 4805 τῆ.

1940 4736 2190 4791 Ιιωθείηι
2216 4735 2586 4805 progrediens.
2620 4735 2671 4790 In
2697 4737 2884 4805 quinto
2919 4752 3044 4791 vero
3074 4736 3213 4790 libro
3242 4736 3346 4807 (tot
3377 4740 3521 4793 enim

259 4825 604 4897 Εύτυχιανῆς
627 4827 909 4897 αἱρέσεως.
954 4827 1043 4879 Ἐν
1065 4826 1121 4879 δὲ
1151 4827 1230 4897 τῷ
1253 4827 1491 4897 πέμπτῳ
1514 4827 1659 4897 λόγῳ
1685 4831 1816 4896 (τοσ

1942 4832 2108 4887 hocce
2166 4829 2470 4884 conﬁciunt
2524 4830 2712 4898 opus)
2773 4828 3075 4883 divinorum
3139 4841 3527 4900 reetorumqne

257 4921 407 4973 οὗτοι
441 4919 501 4977 δὲ
526 4919 679 4980 ὄντες
707 4917 768 4969 τὸ
799 4915 1003 4987 βιϐλίον
1029 4915 1400 4987 τυγχάνουσι)
1430 4917 1539 4973 τῶν
1567 4916 1726 4971 θείων
1748 4935 1816 4971 κα

1940 4925 2251 4993 dogmatum
2309 4922 2549 4988 epilome
2582 4936 2680 4991 per
2710 4920 3171 4991 comparationem
3205 4938 3326 4977 cum
3356 4925 3525 4978 haere-

260 5012 443 5083 ὀρθῶν
467 5011 758 5082 δογμάτων
784 5010 885 5080 τὴν
914 5009 1183 5081 ἐπιτομὴν
1199 5010 1247 5041 ⁸³
1276 5012 1334 5063 ἐν
1362 5010 1665 5081 παραθέσει
1692 5028 1816 5083 ποιη

1946 5015 2178 5071 ticnrnm
2200 5014 2393 5067 fabulis
2418 5014 2579 5076 facta,
2622 5027 2778 5080 quam
2811 5026 2916 5066 non
2947 5013 3231 5068 confusum
3256 5030 3365 5084 pra:
3399 5016 3522 5079 illis,

262 5109 503 5177 σάμενος
524 5104 661 5174 πρὸς
690 5101 790 5165 τὰς
820 5102 1102 5170 αἱρετικὰς
1136 5100 1449 5171 ἀδολεσχίας
1472 5143 1487 5169 ,
1505 5102 1565 5155 τὸ
1592 5101 1816 5173 ἁσύγχυ

1949 5107 2044 5161 sed
2090 5106 2410 5169 sincerum,
2464 5115 2626 5175 atque
2672 5105 3149 5172 irreprehensibile
3196 5109 3523 5163 catholicum

263 5202 414 5254 τονκδ
449 5197 621 5266 αὐτῆς
654 5196 750 5248 καὶ
782 5194 1021 5266 καθαρὸν
1040 5193 1372 5247 ἐπιδεικνύει
1403 5196 1495 5247 καὶ
1515 5195 1815 5266 ἀμώμητον

1950 5201 2139 5268 dogma
2189 5200 2289 5263 sit,
2320 5198 2690 5252 demonstrat.
2759 5197 2945 5268 Stylus
2987 5201 3112 5254 huic
3175 5202 3527 5271 perspicuus,

268 5295 427 5347 Ἐστι
453 5294 511 5347 δὲ
540 5291 638 5362 τὴν
690 5288 891 5360 φράσιν
916 5286 1094 5357 σαφὴς
1119 5286 1214 5340 καὶ
1242 5286 1556 5358 ἀπέριττος.

1950 5291 2279 5359 minimeque
2310 5291 2638 5346 redundans.

1546 5399 1783 5455 VARUE
1837 5399 2135 5458 LECTION
2141 5402 2244 5459 ES.

332 5503 379 5532 ει
438 5499 739 5643 Γεριετίμα
767 5497 1107 5622 ᾳὲράττων
1135 5515 1198 5562 ς.
1272 5498 1321 5531 ⁸⁸
1346 5496 1527 5552 malim
1561 5498 2009 5571 προύαλομένων,
2096 5500 2143 5532 ⁸³
2175 5500 2470 5572 ἐπιστολὴν
2511 5513 2655 5555 corr.
2684 5499 2725 5553 Α
2756 5518 2768 5553 :
2796 5499 2840 5553 δ’
2871 5500 3138 5569 ἐπιτομὴν
3160 5517 3219 5564 ς.
3286 5498 3331 5531 ⁸⁸
3356 5498 3526 5567 sca:-

332 5590 432 5625 υτον
487 5586 815 5641 ασυγκριτον
893 5608 905 5620 .

271 5586 456 5641 χυτονι
487 5586 815 5641 ασυγκριτον
839 5586 879 5622 ιι
893 5608 905 5620 .

1792 5654 2027 5712 NOTAE.

346 5765 456 5832 (97)
507 5764 773 5829 Quatuor,
811 5774 948 5831 quos
1003 5759 1171 5815 habes
1203 5765 1449 5814 extremo
1478 5765 1608 5812 tom.
1642 5756 1733 5815 γη
1785 5757 1845 5811 Β.
2027 5757 2140 5827 (99)
2161 5758 2393 5832 Consule
2424 5761 2486 5816 D.
2524 5760 2717 5815 Baron.
2759 5772 2890 5818 tom.
2922 5763 2987 5817 lV
3026 5762 3219 5817 Annal.

280 5840 412 5897 Aug.
440 5830 447 5832 “
830 5830 835 5831 ⁷
1276 5898 1315 5901 υ
1368 5898 1376 5901 Α
1512 5900 1519 5901 7
2028 5834 2102 5899 (l)
2132 5830 2373 5885 Meminit
2400 5846 2521 5901 sup.
2557 5837 2676 5888 cod.
2716 5835 2803 5889 41.

350 5905 460 5972 ε98>
493 5903 723 5960 Consule
763 5904 825 5957 D.
854 5902 1052 5956 Barun.
1102 5909 1233 5955 tom.
1276 5898 1317 5953 V
1343 5898 1537 5953 Annal.
