4146 6418
617 389 691 457 99
1706 408 1971 470 PHOTII
2009 411 2517 473 PATRIARCH/E
2551 412 2658 474 cp.

1318 512 1449 569 LVII
1476 556 1491 572 .

658 603 889 673 Appiani
922 605 1267 661 Alexandrini
1296 609 1542 664 Historia:
1570 610 1822 666 Romana:
1857 611 1980 666 libri
2010 627 2158 668 XXIV.

688 695 853 751 Lecta
897 710 981 753 est
1040 700 1268 768 Appiani
1329 701 1569 756 Romana
1621 704 1869 771 historia,
1908 706 1984 776 (2)
2023 706 2197 760 tribus

620 786 837 851 quidem
874 788 1258 853 voluminibus,
1308 792 1428 845 libri
1459 807 1587 847 vero
1622 807 1858 862 quatuor
1888 805 1944 849 et
1983 795 2193 861 viginti.

619 876 855 941 Quorum
880 880 1087 949 primus
1121 881 1188 935 de
1215 890 1421 951 septem
1450 882 1709 955 Regibus,
1741 886 1991 949 Romulo,
2020 885 2193 940 Numa

617 967 882 1038 Pompilio
913 971 1010 1041 (5),
1045 972 1194 1026 Ancu
1224 972 1472 1041 Hostilio,
1496 987 1551 1030 et
1589 978 1757 1032 altero
1784 979 1934 1032 Anco
1970 975 2192 1042 Marcio,

616 1060 804 1117 Numas
839 1076 1050 1133 nepote,
1087 1064 1404 1136 Tarquinio,
1452 1069 1643 1124 Servio
1672 1068 1849 1124 Tullio
1874 1069 1973 1140 (6),
1999 1078 2053 1123 et
2084 1067 2193 1121 Ln-

618 1153 702 1207 cio
730 1153 1024 1223 Tarqninio
1066 1172 1251 1227 agens,
1309 1173 1496 1213 eorum
1545 1176 1732 1229 opera,
1784 1175 1977 1229 resque
2011 1169 2193 1229 gestas

617 1248 882 1302 continet.
932 1249 1135 1303 Horum
1181 1265 1367 1317 regum
1403 1254 1630 1321 primus,
1659 1263 1852 1307 auctor
1882 1254 2008 1307 licet
2039 1251 2191 1305 urbis

616 1338 824 1404 Romae,
857 1354 921 1394 ac
941 1342 1191 1395 conditor
1224 1340 1406 1408 fuerit,
1440 1352 1492 1397 et
1528 1354 1752 1413 paterno
1779 1344 1956 1413 potius
1984 1344 2191 1409 animo,

619 1442 778 1495 quam
826 1431 1107 1498 tyrannice
1141 1430 1527 1498 imperaverit;
1565 1447 1738 1486 caesus
1761 1442 1939 1486 tamen
1968 1443 2072 1495 est,
2109 1434 2193 1485 vel

619 1522 699 1584 (ut
725 1518 846 1572 aliis
882 1520 1078 1589 placet)
1111 1522 1393 1590 disparuit.
1439 1522 1609 1585 Alter,
1648 1524 1820 1577 nihilo
1854 1526 2193 1591 praecedente

618 1608 670 1661 in
712 1609 1027 1674 imperando
1060 1611 1301 1674 inferior,
1348 1626 1412 1666 ac
1458 1612 1599 1667 forte
1626 1617 1990 1682 praestantior,
2024 1616 2190 1671 vitam

617 1710 805 1753 exacta
830 1712 989 1754 aetate
1015 1702 1205 1755 finivit.
1238 1701 1454 1758 Tertius
1477 1705 1702 1760 fulmine
1725 1706 1860 1761 ictus
1887 1719 1990 1763 est.
2022 1710 2194 1775 Quar-

618 1800 705 1845 tus
739 1794 925 1845 morbo
945 1794 1055 1845 vita
1082 1794 1335 1849 decessit.
1365 1796 1598 1862 Quintus
1630 1812 1658 1851 a
1692 1798 2002 1867 pastoribus
2030 1799 2192 1869 jugu-

3773 406 3872 472 100

3017 518 3133 575 NZ'.

2490 611 2822 668 Ἀππιανοῦ
2860 611 3156 681 Ῥωμαικὰ
3191 609 3261 664 ἐν
3284 608 3549 675 βιϐλίοις
3574 610 3675 666 κδ’.

2378 705 2718 776 ’Δνεγνώσθη
2756 704 3055 758 Ἀππιανοῦ
3094 701 3388 771 Ῥωματκὴ
3408 703 3664 770 ἱστορία,
3683 701 3741 755 ἐν
3772 699 3871 771 μὲν

2293 799 2511 869 τεύχεσι
2536 801 2685 869 τρισὶ
2706 836 2721 861 ,
2744 796 2923 865 λόγοις
2950 796 3008 850 δὲ
3034 793 3111 849 κδ’
3118 838 3131 850 .
3155 788 3254 849 Ὧν
3278 797 3308 849 6
3334 796 3434 863 μὲν
3463 793 3683 865 πρῶτος
3708 793 3873 863 τόμος

2292 890 2403 943 τῶν
2435 888 2575 942 ἐπτὰ
2620 887 2884 959 βασιλέων
2903 926 2919 952 ,
2962 886 3244 958 Ῥωμύλου
3266 925 3281 949 ,
3311 886 3508 955 Νουμᾶ
3539 883 3873 954 Πομπιλίου,

2296 983 2504 1050 Ι’Ἄγκου
2543 981 2807 1035 Ὁστιλίου
2831 1022 2845 1047 ,
2875 981 2972 1035 καὶ
3008 982 3216 1049 ’Δγκου
3249 982 3437 1051 ἐτέρου
3461 980 3556 1033 τοῦ
3590 980 3686 1033 καὶ
3714 980 3874 1049 Μαρ-

2292 1070 2413 1124 κίου
2440 1112 2455 1137 ,
2492 1071 2744 1139 ἐπιγόνου
2774 1072 2970 1140 Νουμᾶ
2993 1109 3008 1133 ,
3036 1070 3344 1141 Ταρκυνίου
3358 1069 3426 1133 ⁸⁸,
3464 1069 3708 1138 Ἐρουίου
3739 1066 3875 1119 Τυλ-

2292 1158 2407 1211 λίου
2430 1201 2446 1224 ,
2484 1160 2578 1212 καὶ
2612 1158 2921 1229 Ταρκυνίου
2954 1158 3186 1211 Λευκίου
3234 1156 3330 1209 τοῦ
3361 1155 3665 1228 Ταρκυνίου
3686 1194 3701 1217 ,
3748 1154 3874 1207 τού-

2291 1268 2400 1304 των
2443 1254 2551 1306 τῶν
2606 1252 2745 1305 ἐπτὰ
2774 1251 2907 1320 ἔργα
2944 1267 3003 1303 τε
3028 1254 3122 1304 καὶ
3156 1251 3385 1322 πράξεις
3418 1249 3680 1320 περιέχει.
3713 1240 3815 1299 Ὧν
3842 1248 3871 1299 6

2294 1344 2510 1413 πρῶτος
2550 1344 2775 1413 κτίστης
2803 1360 2863 1395 τε
2908 1344 3126 1413 Ῥώμης
3159 1342 3253 1395 καὶ
3298 1343 3543 1411 οἰκιστὴς
3595 1339 3871 1409 γεγονὼς,

2292 1431 2463 1501 ἄρξας
2516 1449 2575 1484 τε
2630 1432 2914 1501 πατρικῶς
2961 1431 3164 1501 μᾶλλον
3215 1430 3247 1501 ἢ
3295 1430 3660 1501 τυραννικῶς,
3721 1430 3873 1498 ὅμως

2292 1522 2507 1589 ἐσφάγη
2528 1561 2543 1584 ,
2567 1521 2599 1591 ἢ
2631 1521 2705 1581 ὡς
2726 1520 2875 1572 ἄλλοι
2898 1521 3059 1587 φασιν
3080 1559 3093 1579 ,
3119 1518 3412 1589 ἠφανίσθη.
3454 1519 3509 1572 '0
3536 1518 3589 1570 δέ
3616 1516 3873 1586 δεύτερος

2291 1612 2443 1665 οὐδὲν
2462 1609 2623 1685 ἦττον
2660 1610 3059 1683 βεϐασιλευκὼς
3078 1610 3156 1675 ⁸⁸,
3190 1612 3236 1662 εί
3274 1609 3349 1680 μὴ
3382 1610 3479 1661 καὶ
3517 1609 3718 1679 μᾶλλον
3742 1650 3758 1673 ,
3783 1608 3876 1660 τὸν

2293 1702 2490 1757 ἑαυτοῦ
2527 1702 2641 1773 βίον
2686 1704 3008 1774 ἐτελεύτησε
3044 1702 3287 1772 ζήσαςυ.
3332 1702 3391 1754 '0
3420 1690 3478 1753 δὲ
3514 1700 3694 1771 τρίτος
3748 1704 3877 1752 ἐκε-

2295 1795 2547 1866 ραυνώθη
2572 1811 2587 1827 ·
2620 1794 2762 1863 νόσῳ
2788 1795 2845 1849 δὲ
2883 1795 2976 1850 τὸν
3008 1794 3122 1865 βίον
3156 1797 3185 1848 6
3219 1793 3478 1864 τέταρτος
3531 1792 3831 1861 ὑπεξῆλθεν
3856 1806 3870 1819 ·

617 1882 752 1937 latus
796 1885 975 1953 periit.
1032 1884 1229 1939 Sextus
1264 1887 1516 1942 similiter
1567 1905 1758 1955 cassus,
1800 1892 1966 1945 vitam
2017 1900 2184 1949 morte

2290 1886 2318 1936 6
2354 1886 2412 1938 δέ
2458 1886 2710 1955 πέμπτος
2741 1889 2846 1939 ὑπδ
2897 1886 3168 1956 ποιμένων
3202 1884 3416 1954 ἐσφάγη
3440 1925 3455 1949 ,
3492 1884 3585 1937 κα)⁴
3634 1885 3662 1936 6
3713 1883 3876 1945 ’ἐκτος

613 1980 982 2032 commutavit.
1012 1978 1285 2049 Septimus
1315 1988 1368 2034 et
1402 1981 1532 2034 urbe
1599 1993 1649 2036 et
1699 1999 1866 2054 regno
1902 1986 1972 2039 ob
2004 1994 2188 2056 tyran-

614 2069 792 2121 nidem
839 2080 1068 2125 exactus
1097 2079 1201 2125 est.
1236 2068 1363 2124 Inde
1394 2072 1571 2127 soluto
1602 2090 1787 2144 regno,
1838 2078 1903 2130 ad
1936 2078 2190 2134 consules

613 2158 902 2228 imperium
960 2161 1306 2215 translatum.
1360 2161 1483 2217 Haec
1524 2166 1743 2234 quidem
1792 2168 1997 2234 primus
2052 2170 2191 2223 liber

612 2252 992 2319 cOmplectitur
1022 2270 1035 2305 :
1072 2254 1214 2305 unde
1240 2253 1541 2322 inscriptio,
1569 2255 1929 2310 Romanorum
1955 2257 2188 2329 Regalis.

611 2339 893 2392 Secundus
923 2338 1058 2392 liber
1081 2339 1261 2403 habet,
1297 2356 1414 2407 qua!
1446 2343 1499 2395 in
1530 2344 1735 2412 reliqua
1770 2343 1941 2409 Italia,
1965 2357 2188 2415 excepta

609 2448 697 2499 ea,
734 2450 852 2504 quas
881 2435 947 2488 ad
995 2450 1143 2488 mare
1172 2434 1374 2487 Ionium
1405 2448 1507 2503 est,
1535 2450 1683 2508 gesta
1709 2450 1834 2495 sunt
1863 2457 1879 2491 :
1903 2442 2021 2510 ejus
2058 2444 2188 2495 titu-

612 2527 736 2579 lus:
789 2524 1147 2579 Romanorum
1194 2524 1411 2581 Italica.
1448 2531 1696 2600 Sequens
1751 2532 1888 2587 liber
1914 2532 2189 2589 Romano-

612 2632 730 2670 rum
762 2618 898 2671 bella
936 2635 1058 2673 cum
1099 2621 1437 2676 Samnitibus
1470 2622 1635 2677 refert
1668 2628 1809 2693 (qua:
1844 2641 1976 2696 gens
2004 2629 2189 2695 copio-

608 2725 691 2773 sa,
722 2721 1135 2780 expugnatuqne
1173 2712 1423 2778 diﬂicilis,
1468 2722 1524 2767 ut
1592 2716 1675 2768 vix
1722 2718 1877 2770 annis
1911 2719 2183 2789 octoginta

610 2800 838 2856 Romani
865 2802 1003 2856 bello
1027 2805 1276 2874 subigere
1292 2806 1583 2875 potuerint)
1608 2822 1833 2876 quisque
1855 2820 2043 2878 gentes
2062 2827 2183 2864 cum

609 2894 715 2949 illis
771 2894 967 2949 bellum
1029 2897 1331 2965 gesserint.
1386 2898 1700 2953 lnscribitur
1750 2918 1764 2953 :
1824 2900 2184 2956 Romanorum

609 2982 920 3040 Sanmitica.
971 2984 1210 3050 Quartus
1260 3003 1408 3053 vero,
1452 2989 1594 3057 quod
1644 3005 1765 3043 cutn
1792 2989 1960 3046 Gallis
1987 2990 2187 3045 Roma-

609 3092 798 3130 norum
856 3078 995 3131 bella
1059 3068 1321 3147 referat,
1364 3082 1678 3136 inscribitur
1742 3101 1756 3138 :
1826 3082 2185 3137 Romanorum

612 3169 748 3242 16a
781 3170 1001 3225 Celtica.
1036 3171 1125 3226 Sic
1165 3184 1218 3227 et
1256 3174 1446 3244 reliqui
1509 3176 1700 3231 ordine
1736 3176 1879 3231 libri.
1928 3177 2179 3243 Quintus,

606 3262 970 3317 Romanorum
1001 3263 1202 3330 Sicula,
1236 3277 1282 3318 et
1317 3264 1619 3330 Insularis;
1653 3269 1793 3334 quod
1825 3285 1946 3322 cum
1982 3267 2180 3325 Siculis

602 3365 657 3408 et
703 3356 969 3409 Insulattis
996 3368 1141 3424 gesta
1199 3367 1607 3412 commemoret.
1666 3356 1882 3424 Sextus,
1918 3357 2182 3414 Romano-

605 3461 723 3498 rum
760 3444 989 3499 lberica.
1043 3444 1344 3513 Septimus,
1400 3445 1754 3500 Romanorum
1788 3444 2180 3513 Hannibalica;

602 3540 894 3607 quodcum
943 3537 1247 3593 llannibale
1277 3537 1538 3592 Punicum
1591 3540 1787 3593 bellum
1825 3539 2043 3593 referat.
2077 3538 2184 3595 Oc-

604 3640 782 3692 tavus,
832 3628 1051 3698 Libyca,
1089 3629 1293 3684 Punica
1325 3639 1374 3683 et
1411 3627 1717 3683 Numidica.
1755 3631 1958 3696 Nonus,
1989 3628 2185 3685 Roma-

603 3739 791 3776 norum
849 3722 1214 3779 Macedonica.
1256 3724 1524 3788 Decimus,
1583 3722 1945 3776 Romanorum
1994 3724 2181 3779 Gra’ca

599 3828 646 3871 et
685 3815 893 3871 Ionica.
934 3815 1287 3880 Undecimus,
1326 3815 1686 3870 Romanorum
1713 3816 1939 3886 Syriaca
1965 3828 2012 3870 et
2045 3817 2181 3871 Par-

600 3910 762 3961 tliica.
814 3907 1200 3971 Duodecimus,
1260 3906 1630 3962 Romanorum
1686 3908 2080 3965 Mithridatica.
2114 3909 2181 3964 Et

598 3999 863 4055 hactenus
899 4000 1119 4070 quidem
1150 4014 1271 4069 quae
1305 4002 1573 4055 adversus
1599 4011 1816 4056 exteras
1839 4012 2027 4071 gentes
2064 4000 2178 4055 Ro-

598 4093 776 4147 manis
804 4090 948 4145 edita
1004 4091 1271 4156 facinora,
1324 4092 1576 4162 bellaque
1621 4103 1795 4164 gesta,
1846 4106 2175 4162 narrantur;

596 4186 896 4255 eademque
932 4185 1037 4239 hoc
1085 4185 1281 4239 ordine
1338 4201 1437 4253 per
1488 4185 1660 4241 libros
1710 4186 1998 4240 distributa
2031 4196 2175 4241 sunt.

596 4276 729 4344 Quae
766 4291 895 4331 vero
925 4276 1069 4330 inter
1104 4290 1163 4329 se
1202 4275 1435 4331 Romani
1474 4278 1865 4331 tumultuantes
1908 4277 2041 4331 bella
2066 4293 2179 4349 ges-

594 4378 805 4432 serunt,
835 4368 1093 4437 deinceps
1129 4368 1253 4421 libri
1292 4378 1754 4433 commemorant,
1790 4384 2019 4438 quorum
2053 4370 2177 4423 inde

596 4460 828 4514 titulus:
866 4459 1119 4514 Civilium
1156 4458 1428 4513 Bellorum
1461 4462 1697 4528 primus,
1745 4462 2032 4525 secundus,
2072 4470 2177 4513 ter-

2290 1978 2493 2047 όμοίως
2529 1982 2711 2049 σφαγῇ
2737 1978 3073 2049 κατέστρεψε
3092 1978 3138 2009 ⁸⁸
3171 1978 3263 2031 τὸν
3292 1977 3425 2047 βίον.
3473 1976 3530 2030 Ὀ
3557 1976 3613 2029 δέ
3643 1975 3879 2044 ἕϐδομος

2290 2066 2495 2135 καὶτῆς
2514 2067 2721 2129 πόλεως
2740 2068 2947 2136 καὶτῆς
2967 2067 3247 2137 βασιλείας
3265 2065 3601 2137 παρανομῶν
3615 2064 3876 2134 ἐξηλάθηο

2288 2153 2350 2218 ἐξ
2387 2148 2449 2207 οὗ
2484 2154 2586 2223 τῆς
2620 2155 2900 2223 βασιλείας
2938 2156 3341 2226 καταλυθείσης
3371 2157 3450 2218 είς
3475 2156 3600 2218 τοὺς
3634 2155 3877 2216 ὑπάτους

2288 2248 2355 2301 τὰ
2388 2246 2485 2317 τῆς
2509 2248 2683 2319 ἀρχῆς
2713 2248 2998 2318 μετετέθη.
3038 2250 3107 2301 Ἀ
3134 2249 3234 2319 μὲν
3259 2246 3410 2302 οὖν⁸⁹
3431 2249 3460 2301 6
3482 2248 3697 2317 πρῶτος
3719 2248 3878 2315 λόγος

2287 2340 2571 2410 περιέχει,
2622 2340 2799 2393 ταῦτά
2832 2342 2949 2393 ἐστι
2980 2358 2994 2372 ’
3044 2341 3490 2411 ἐπιγράφεταιδέ
3532 2340 3880 2407 Ῥωμαϊκῶν

2282 2431 2601 2501 βασιλική·
2632 2434 2660 2484 6
2678 2431 2735 2484 δὲ
2761 2430 3012 2503 δεύτερος
3031 2433 3099 2486 τὰ
3132 2435 3213 2496 είς
3244 2434 3343 2503 τὴν
3370 2432 3537 2503 ἄλλην
3551 2432 3597 2463 ’⁸
3644 2432 3879 2484 Ἰταλίαν

2287 2522 2457 2593 χωρὶς
2481 2523 2581 2591 τῆς
2601 2523 2752 2593 παρά
2777 2523 2868 2576 τὸν
2893 2524 3092 2576 κόλπον
3127 2524 3221 2576 τὸν
3262 2522 3446 2577 Ἰόνιον
3472 2525 3513 2556 ⁹¹
3544 2539 3560 2556 ·
3593 2517 3656 2577 οὗ
3690 2524 3721 2591 ἡ
3744 2525 3874 2574 ἐπι-

2287 2612 2475 2682 γραφὴ
2509 2611 2851 2681 Ῥωμαϊκῶν
2888 2614 3173 2679 Ἰταλικὴ.
3213 2613 3271 2666 '0
3293 2613 3351 2666 δέ
3391 2612 3589 2683 ἐφεξῆς
3626 2612 3875 2683 περιέχει

2286 2703 2377 2757 τὸν
2423 2705 2559 2775 πρὸς
2589 2705 2715 2769 τοὺς
2750 2705 3014 2768 Σαυνίτας
3062 2704 3357 2775 Ῥωμαίων
3398 2706 3668 2776 πόλεμον,
3721 2706 3875 2768 ἐθνος

2290 2794 2434 2865 μέγα
2480 2813 2538 2848 τε
2579 2798 2673 2849 καὶ
2712 2795 2949 2866 χαλεπὸν
3002 2796 3266 2865 πολέμοις
3313 2796 3566 2865 γεγονὸς,
3615 2797 3754 2866 ὅπερ
3812 2798 3875 2847 ἐν

2286 2885 2465 2941 ἐτεσιν
2511 2887 2843 2957 ὀγδοήκοντα
2886 2889 3147 2959 Ῥωμαῖοι
3181 2889 3549 2959 πολεμοῦντες
3578 2890 3729 2959 μόλις
3766 2890 3874 2940 ὑπ-

2287 2980 2559 3049 ηγάγοντο
2582 3018 2597 3043 ,
2646 2982 2746 3032 σὺν
2773 2980 2956 3043 αὐτοῖς
2986 2980 3042 3033 δέ
3079 2982 3175 3033 καὶ⁵
3216 2982 3319 3035 ὅσα
3360 2982 3544 3043 αὐτοῖς
3576 2982 3873 3049 συνεμάχει

2288 3071 2417 3140 ἐθνη
2441 3086 2455 3099 ⁸
2486 3072 2851 3140 ἐπιγράφεται
2881 3071 2938 3124 δὲ
2978 3070 3320 3141 Ῥωμαϊκῶν
3348 3077 3698 3141 Σαυνιτική.
3728 3074 3785 3125 ’0
3810 3074 3871 3125 δὲ

2288 3163 2549 3231 τέταρτος
2573 3203 2589 3227 ,
2618 3161 2741 3214 ἐπεὶ
2783 3162 2875 3215 τὸν
2909 3163 3045 3234 πρὸς
3072 3164 3310 3228 Κελτοὺς
3330 3166 3373 3196 θ’
3415 3164 3660 3235 περιέχει
3732 3163 3872 3215 Ῥω-

2295 3253 2470 3325 μαίων
2519 3255 2789 3324 πόλεμον,
2844 3256 3214 3325 ἐπιγράφεται
3264 3252 3607 3324 Ῥωμαϊκῶν
3636 3254 3738 3325 149
3777 3252 3871 3324 li.)

2291 3346 2573 3415 Κελτική.
2606 3348 2718 3401 Καὶ
2745 3350 2794 3401 οἱ
2824 3347 3000 3401 λοιποὶ
3028 3349 3170 3403 κατὰ
3196 3349 3287 3403 τὸν
3314 3349 3477 3401 αὑτὸν
3505 3347 3683 3416 λόγον,
3717 3350 3744 3401 ὁ
3771 3348 3871 3415 μὲν

2290 3438 2541 3508 πέμπτος
2573 3436 2916 3507 Ῥωμαϊκῶν
2932 3439 3219 3507 Σικελικὴ
3244 3440 3343 3492 καὶ
3359 3440 3709 3505 νησιωτικὴ,
3744 3439 3871 3489 ἐπεὶ

2290 3528 2427 3598 πρὸς
2449 3526 2754 3591 Σικελοὺς⁹³
2770 3528 2863 3580 καὶ
2890 3528 3181 3597 νησιώτας·
3207 3530 3235 3580 6
3260 3528 3315 3580 δὲ
3341 3528 3497 3589 ἕκτος
3529 3526 3871 3594 Ῥωμαϊκῶν

2300 3620 2585 3689 Ἰϐηρική·
2603 3623 2631 3673 6
2658 3620 2714 3672 δὲ
2734 3620 2961 3690 ἕϐδομος
2976 3619 3318 3689 Ῥωμαῐκῶν
3341 3619 3710 3685 Ἀννιϐαϊκὴ,
3737 3620 3865 3670 ἐπεὶ

2287 3713 2377 3765 τὸν
2409 3713 2544 3784 πρὸς
2607 3712 2853 3766 ’Δννίϐαν
2870 3713 2916 3746 ³⁵
2945 3713 3036 3767 τὸν
3078 3712 3447 3783 Καρχηδόνιον
3491 3711 3735 3781 περιέχει
3766 3709 3870 3761 πό-

2286 3802 2343 3856 λε
2353 3821 2472 3875 μον,
2494 3805 2522 3856 6
2536 3804 2722 3873 ὄγδοος
2739 3804 3081 3875 Ῥωμαϊκῶν
3099 3804 3325 3871 Λιϐυκὴ
3344 3804 3413 3869 ³³⁸,
3448 3802 3867 3872 Καρχηδονικὴ

2285 3896 2382 3947 καί
2403 3893 2731 3963 Νομαδικήο
2755 3897 2784 3949 6
2806 3896 2862 3949 δὲ
2891 3896 3077 3959 ένατος
3109 3894 3449 3966 Ῥωμαϊκῶν
3462 3893 3865 3959 Μακεδονικήο

2284 3988 2313 4039 6
2349 3986 2407 4038 δέ
2451 3986 2673 4050 δέκατος
2716 3987 3057 4057 Ῥωμαϊκῶν
3106 3986 3431 4055 Ἑλληνικὴ
3456 3988 3555 4040 καί
3603 3986 3866 4052 ’1ωνική’

2284 4080 2311 4132 6
2336 4078 2393 4132 δέ
2414 4080 2696 4144 ἑνδέκατος
2724 4079 3068 4149 Ῥωμαϊκῶν
3086 4080 3351 4148 Συριακή
3376 4080 3475 4133 καί
3498 4080 3770 4149 Παρθικὴ
3797 4097 3809 4108 ·
3840 4080 3872 4131 6

2284 4173 2340 4226 δέ
2367 4174 2669 4236 δωδέκατος
2704 4172 3045 4242 Ῥωμαϊκῶν
3071 4172 3502 4241 Μιθριδάτειος.
3533 4171 3641 4225 Καὶ
3665 4170 3733 4223 τὰ
3767 4170 3866 4239 μὲν

2283 4266 2418 4336 πρὸς
2435 4264 2766 4331 ἀλλοφύλους
2790 4263 3084 4334 Ῥωμαίοις
3106 4263 3520 4332 ἐπιδεδειγμένα
3533 4262 3673 4331 ἔργα
3689 4278 3749 4313 τε
3770 4260 3869 4313 καὶ

2280 4360 2331 4410 οἱ
2348 4358 2573 4427 πόλεμοι
2595 4356 2640 4388 ⁸⁸
2665 4356 2724 4407 ἐν
2740 4356 2951 4419 τούτοις
2968 4356 3065 4409 καὶ
3092 4354 3236 4409 οὔτω
3254 4356 3514 4425 τυγχάνει
3544 4357 3657 4419 τοῖς
3684 4354 3867 4422 λόγοις

2282 4448 2520 4503 ἐνταῦθα
2552 4448 2893 4519 διῃρημένῳ
2918 4448 3017 4501 ὃσα
3038 4448 3095 4502 δὲ
3120 4448 3274 4501 αὐτοὶ
3310 4449 3569 4518 Ῥωμαῖοι
3603 4446 3738 4518 πρὸς
3772 4446 3869 4499 άλ-

594 4554 796 4617 tius,et
821 4551 1016 4604 ordine
1050 4551 1116 4601 ad
1146 4565 1343 4603 nonum
1402 4566 1575 4619 usque
1602 4551 1823 4616 librum,
1856 4554 1947 4622 qui
1977 4552 2027 4605 in
2058 4552 2176 4605 uni-

2288 4545 2475 4616 λήλους
2501 4545 2832 4599 ἐστασίασαν
2858 4545 2954 4599 καὶ
2974 4547 3323 4618 ἐπολέμησαν
3340 4586 3355 4610 ,
3378 4549 3433 4600 al
3462 4545 3663 4615 ἐφεξῆς
3687 4544 3865 4615 βίϐλοι

591 4656 809 4697 versum
846 4641 1054 4710 primus
1087 4650 1249 4696 estet
1279 4642 1779 4699 vicesimus.Liber
1814 4654 1993 4698 autem
2031 4646 2173 4697 vice-

2288 4638 2560 4707 δηλοῦσιν,
2578 4640 2892 4711 ἐπιγραφὴν
2913 4639 3211 4710 δεξάμεναι
3242 4641 3556 4710 ἐμφυλίων
3574 4639 3777 4707 πρώτη
3796 4639 3863 4699 ’⁷.

590 4733 763 4788 simus
812 4735 1107 4798 secundus,
1145 4732 1467 4788 inscribitur
1509 4732 1881 4789 Ekatontaetia
1931 4735 2007 4805 (id
2064 4745 2171 4802 est,

592 4840 855 4879 annorum
883 4824 1176 4891 centuria.)
1209 4825 1510 4895 lnsequens
1562 4827 1719 4894 liber,
1754 4827 1977 4882 Dacica.
2006 4827 2171 4883 Vice-

593 4917 768 4972 simus
824 4928 1072 4988 quartus,
1105 4918 1361 4973 Arabica.
1410 4918 1589 4986 Atque
1632 4920 1735 4974 ista
1788 4920 2055 4975 universa:
2091 4921 2173 4974 lti—

591 5011 773 5073 storize
795 5012 1013 5080 partitio
1036 5020 1137 5065 est.
1166 5010 1437 5067 Bellorum
1468 5022 1648 5066 autem
1669 5012 1909 5066 civilium
1930 5012 2084 5067 libris
2108 5026 2171 5066 ea

587 5102 820 5170 primum
854 5105 1227 5168 continentur,
1275 5118 1393 5174 qua:
1420 5103 1623 5158 Marius
1654 5111 1709 5158 et
1756 5102 1905 5173 Sylla
1946 5103 2089 5157 'nter
2114 5119 2173 5160 se

2278 4732 2592 4801 ἐμφυλίων
2627 4731 2895 4801 δευτέρα,
2923 4736 3017 4786 καὶ
3067 4734 3195 4804 ἑξῆς
3243 4736 3405 4805 μέχρι
3450 4734 3547 4804 τῆς
3582 4730 3867 4802 ἐμφυλίων

2283 4824 2383 4894 μὲν
2416 4826 2611 4896 ἐνάτης
2635 4865 2651 4890 ,
2700 4826 2798 4895 τῆς
2827 4826 2885 4879 δὲ
2914 4826 3043 4896 ὅλης
3074 4828 3317 4897 ἱστορίας
3335 4829 3586 4897 εἰκοστῆς
3612 4825 3861 4897 πρώτης.

2290 4917 2352 4969 '0
2388 4916 2445 4969 δὲ
2493 4916 2739 4979 εἰκοστὸς
2778 4915 3032 4987 δεύτερος
3063 4917 3222 4985 λόγος
3261 4920 3632 4989 ἐπιγράφεται
3689 4920 3863 4974 Ἐκα-

2280 5010 2625 5074 τονταετία,
2660 5010 2689 5060 6
2725 5009 2782 5062 δέ
2821 5009 3021 5079 ἐφεξῆς
3068 5011 3294 5079 Δακικὴ
3320 5050 3335 5075 ,
3361 5012 3586 5064 -καὶὸ⁹¹⁸
3612 5011 3865 5074 εἰκοστὸς

2279 5102 2537 5175 τέταρτος
2585 5100 2852 5169 Ἀράϐιος
2866 5102 2934 5157 ⁸⁸.
3617 5110 3621 5115 ’

1880 5219 2114 5276 νΑῐὶῙιΕ
2145 5217 2553 5276 LECTIONES.

655 5306 701 5341 ⁸⁸
726 5308 1150 5381 τοῦῨΤαρκυνίου
1182 5311 1311 5366 add.
1365 5312 1431 5368 A.

585 5376 945 5467 litesclie’li'usl
1055 5383 1102 5413 ⁸⁸
1135 5383 1438 5467 κατέτρεψε
1501 5401 1593 5467 ις.

582 5467 645 5513 ς.
745 5450 789 5481 ⁹¹
817 5450 991 5505 ίώνιον
1012 5470 1072 5517 ς.

1703 5384 1748 5416 ⁸³
1789 5383 1882 5436 οὖν
1912 5402 2021 5438 οιιι.
2056 5390 2121 5439 Α.

1172 5454 1217 5485 ⁸³
1243 5454 1465 5517 κελτοὺς
1486 5454 1564 5507 A:
1601 5454 1729 5517 τοὺς
1753 5456 1993 5518 κόλπους
2045 5473 2106 5519 ς.

1534 5312 1581 5344 ⁸⁸
1617 5312 2027 5383 βεϐασιλευκὼς
2058 5309 2117 5368 εὖ
2174 5316 2224 5367 εἰ
2283 5314 2663 5369 Casaubonus.

2236 5386 2283 5418 ⁹⁰
2309 5386 2375 5437 τὰ
2430 5386 2508 5445 είς
2536 5384 2659 5456 τὴν]
2708 5384 2884 5438 ταῦτά
2919 5387 3067 5437 ἐστιν
3097 5384 3203 5456 Α-λς
3240 5387 3485 5456 περιέχει
3533 5387 3601 5438 τὰ
3632 5386 3711 5449 είς
3760 5388 3861 5456 τὴν

2188 5455 2236 5486 ⁵³
2262 5456 2398 5525 πρὸς
2432 5455 2557 5518 τοὺς
2593 5454 2842 5518 σικελοὺς
2878 5472 2941 5518 ς.
3008 5456 3056 5487 ’⁸
3082 5454 3335 5507 άνίϐατον
3364 5454 3431 5511 κζ
3453 5459 3519 5510 Α.

581 5537 647 5588 ς.
721 5520 769 5553 ⁵⁸
798 5523 1050 5594 πολέμιοι
1075 5524 1140 5580 A.
1217 5524 1261 5555 ³⁷
1280 5522 1475 5595 πρώτη
1505 5524 1628 5595 -β
1656 5525 1738 5580 A:
1771 5525 1988 5597 πρῶτος
2018 5557 2086 5567 —
2118 5520 2370 5595 δεύτερος
2431 5542 2493 5589 ς.
2571 5526 2619 5559 ⁹⁸
2644 5527 2739 5579 καὶ
2763 5528 2791 5579 6
2823 5527 2865 5580 A
2894 5544 2907 5580 :
2969 5526 2997 5578 6
3024 5525 3081 5579 δέ
3115 5543 3179 5590 ς.

2770 5314 2815 5345 ⁸⁷
2844 5313 3055 5384 ζήσας,
3098 5314 3237 5367 deest
3284 5330 3550 5367 annorum
3608 5330 3862 5371 numerus

3595 5458 3640 5487 "‘
3664 5456 3859 5530 λυδικὴ

3286 5528 3331 5557 ⁹⁹
3356 5526 3621 5597 ἀρράϐιος
3673 5545 3736 5592 ς.

2093 5616 2333 5672 NOTAE.

650 5709 727 5780 (ἓ)
759 5707 833 5761 De
870 5724 976 5777 qua
1022 5719 1077 5762 et
1111 5707 1309 5780 Snitlas
1353 5724 1365 5762 :
1406 5709 1762 5780 eamdemque
1815 5712 1881 5764 ad
1929 5616 2409 5766 verliultftOTfliis.

579 5796 717 5851 pene
765 5780 1095 5851 descriptam
1127 5796 1157 5833 e
1193 5779 1333 5851 Plut.
1376 5780 1515 5835 Vitis
1564 5779 1927 5835 observarunt
1984 5782 2150 5836 ducti.

2335 5782 2412 5849 (4)
2461 5778 2613 5845 Quod
2665 5795 2818 5835 serva
2870 5791 3028 5836 natus
3084 5789 3252 5835 esset.
3311 5779 3533 5853 liionys.
3590 5779 3849 5839 Halicarn

649 5850 725 5919 (ὅ)
775 5849 911 5918 Lege
955 5849 1131 5917 Tullo,
1167 5866 1231 5905 cx
1284 5848 1457 5919 Livio,
1516 5851 1735 5923 Dionys.
1793 5851 2067 5908 llalicarn.
2099 5863 2152 5907 et
2262 5848 2354 5906 lib.
2397 5867 2467 5905 ιι.
