4146 6412
270 396 362 463 ιυι

1416 391 1949 456 BIBLIOTHECA.
1976 414 2045 427 -
2082 389 2246 450 COD.
2278 388 2458 450 LVII.

3434 381 3537 448 102

332 511 486 567 Οὔτω
508 511 610 581 μὲν
639 511 737 583 τῆς
760 511 889 582 ὅλης
916 512 1158 584 ἱστορίας
1189 513 1222 585 ή
1254 512 1539 583 διαίρεσις.
1579 510 1841 583 Ἐμπερι-

1967 509 2329 580 ielligerantes
2383 517 2687 577 patrarunt.
2742 505 2943 562 Deinde
2982 518 3103 575 qua
3150 503 3441 575 Pompeius
3480 514 3539 559 et

265 606 444 675 έχεται
477 603 595 677 [23
627 605 667 658 Il
693 605 783 677 ]δὲ
806 608 919 670 τοῖς
948 606 1235 677 ἐμφυλίοις
1256 606 1473 676 πρῶτον
1500 604 1600 677 μὲν
1626 604 1695 658 τά
1719 604 1850 673 περὶ

263 699 473 769 Μάριον
498 699 599 751 καὶ
626 698 838 753 Σύλλαν
864 698 1121 769 ἀλλήλοιν
1163 696 1664 768 ἐκπολεμησάντοιν
1689 736 1705 761 ,
1752 694 1853 748 ἐπ-

264 807 380 843 ειτα
407 788 531 858 τὰ,ι
570 790 701 859 περὶ
726 789 1015 859 Πομπήϊον
1047 788 1142 841 καὶ
1184 788 1400 840 Ἰούλιον
1420 788 1512 839 τὸν
1562 785 1850 855 Καίσαρα,

265 882 358 935 καὶ
386 880 607 934 τούτοιν
628 883 687 941 ες
714 881 978 950 ἀλλήλους
1008 881 1427 934 στασιασάντοιν
1454 880 1549 933 καὶ
1582 878 1853 949 μεγάλαις

268 970 469 1039 μάχαις
507 970 906 1039 προραγέντοιν
929 1009 945 1035 ,
968 970 1057 1022 ὅτε
1096 970 1190 1021 καὶ
1222 971 1254 1037 ὴ
1281 966 1423 1037 τύχη
1448 966 1615 1020 πλέον
1651 965 1858 1034 Ἰουλίῳ

269 1056 441 1127 ῥοπὴν
489 1056 853 1128 παρασχοῦσα
884 1059 941 1121 ἐς
992 1057 1139 1109 νῶτα
1189 1056 1285 1110 καὶ
1330 1057 1511 1126 φυγὴν
1566 1054 1856 1124 Πομπήϊον

267 1144 498 1215 ἔτρεψεν
514 1160 528 1173 ⁸
554 1144 754 1215 ἐφεξῆς
777 1145 833 1198 δὲ
851 1144 919 1198 τὰ
948 1145 1075 1216 περὶ¹
1113 1142 1424 1197 Ἀντώνιον⁸
1447 1144 1541 1198 καὶ
1570 1143 1858 1195 Ὀκτάυῖον

266 1233 529 1303 Καίσαρα
558 1274 573 1297 ,
602 1233 697 1284 τὸν
746 1233 844 1287 καὶ
877 1232 1189 1300 Αὔγουστον
1216 1274 1231 1299 ,
1267 1234 1404 1304 πρὸς
1428 1233 1555 1296 τοὺς
1593 1229 1856 1302 ἀνδροφό-

266 1336 391 1382 νους
439 1318 536 1372 τοῦ
578 1322 848 1390 προτέρου
897 1320 1209 1391 Καίσαρος,
1260 1320 1383 1373 καθ’
1432 1319 1490 1373 ὃν
1535 1317 1728 1389 καιρὸν
1762 1317 1859 1370 καὶ

267 1410 456 1463 πολλοὶ
483 1409 595 1461 τῶν
626 1412 917 1480 ἐπισήμων
946 1411 1235 1481 Ῥωμαίων
1258 1410 1414 1481 δίκης
1441 1409 1658 1479 ἀπάσης
1686 1407 1858 1479 χωρὶς

265 1502 363 1572 τὴν
398 1502 491 1554 ἐπὶ
530 1499 747 1572 θανάτῳ
780 1501 1103 1573 ἀπήχθησαν
1128 1519 1142 1533 ·
1174 1503 1486 1555 τελευταῖον
1512 1501 1569 1553 δὲ
1595 1501 1631 1555 δι
1657 1502 1715 1563 ὲς
1754 1499 1854 1553 ἀλ-

267 1595 466 1666 λήλους
490 1595 787 1649 συνέπεσεν
803 1596 846 1661 ³,
891 1594 1177 1648 Ἀντώνιόν
1203 1611 1345 1664 φημι
1365 1594 1387 1626 ⁸
1409 1597 1500 1648 καὶ
1524 1593 1858 1663 Αὔγουστον,

268 1690 317 1743 οἳ
350 1690 613 1757 πολέμοις
644 1691 933 1759 κρατεροῖς
977 1688 1243 1758 ἀλλήλους
1283 1687 1689 1758 διεπολέμησαν
1710 1725 1727 1751 ,
1762 1686 1861 1739 καὶ

270 1780 491 1834 πολλῶν
523 1781 903 1852 στρατοπέδων
938 1781 1146 1851 φθορὰν
1191 1780 1623 1851 ἀνειργάσαντο,
1674 1778 1723 1830 εί
1765 1778 1860 1831 καὶ

1952 601 2127 657 Julius
2160 600 2344 656 Casar
2374 609 2678 669 gesserunt,
2714 610 2999 669 postquam
3033 597 3197 650 etiam
3234 597 3285 650 lii
3332 594 3531 649 factio-

1955 695 2116 749 nibus
2163 693 2304 748 inter
2337 707 2397 747 se
2434 693 2785 757 contendere,
2837 689 3149 760 praliisque
3215 687 3531 756 ingentibus

1954 784 2247 853 conﬂigere
2281 791 2601 852 coeperunt;
2651 782 2869 852 quando
2918 791 2974 837 et
3023 782 3239 834 fortuna
3278 778 3423 833 Julio
3457 780 3540 830 ia-

1954 890 2111 940 vens,
2146 883 2297 944 terga
2326 877 2457 928 dare
2483 888 2546 927 ac
2577 872 2763 943 iugere
2810 872 3127 940 Pompeium
3169 868 3373 937 adegit.
3412 868 3541 923 Post

1955 968 2024 1021 ab
2057 965 2294 1020 Antonio
2350 976 2405 1021 et
2468 962 2692 1019 Octavio
2725 964 2961 1029 Caesare,
3002 964 3094 1032 qui
3156 970 3211 1017 et
3264 964 3540 1031 Augustus

1958 1056 2157 1120 dictus,
2191 1065 2342 1127 gesta
2378 1073 2499 1111 cmn
2527 1057 2761 1111 Casaris
2790 1053 2916 1110 Julii
2954 1054 3402 1125 percussoribus,
3426 1067 3539 1121 qua

1958 1146 2125 1200 etiam
2168 1155 2493 1215 tempestate
2554 1146 2797 1215 plerique
2850 1143 3218 1199 Romanorum
3276 1141 3539 1203 illustres,

1961 1234 2159 1289 indicta
2191 1250 2376 1300 causa,
2428 1239 2494 1289 ad
2538 1248 2767 1289 mortem
2802 1235 3181 1305 raptabantur.
3218 1234 3460 1301 Denique
3489 1243 3544 1284 et

1960 1341 2081 1395 qua
2121 1328 2260 1395 inter
2287 1329 2432 1396 ipsos
2476 1331 2815 1394 acciderunt,
2851 1326 3170 1389 Antonium,
3219 1327 3436 1395 inquam
3489 1335 3545 1377 et

1961 1417 2288 1486 Augustum,
2324 1419 2609 1473 horrendis
2636 1419 2869 1473 invicem
2904 1417 3056 1472 bellis
3080 1431 3202 1471 cum
3230 1416 3521 1469 multorum

1961 1509 2301 1562 exercituum
2356 1520 2537 1581 strage
2579 1508 2969 1580 conﬂigentes:
3006 1519 3061 1561 et
3094 1509 3138 1562 si
3184 1510 3252 1562 ab
3295 1506 3539 1575 Augusto

1966 1597 2181 1651 tandem
2212 1599 2440 1653 victoria
2472 1601 2645 1666 stetit,
2688 1616 2791 1669 qua
2824 1602 2985 1653 etiam
3021 1616 3048 1653 a
3092 1599 3255 1653 sociis
3292 1600 3545 1651 desertus

1961 1689 2257 1754 Antonius,
2287 1690 2338 1744 in
2369 1690 2660 1762 Egyptum
2700 1692 3035 1760 proﬂigatus,
3056 1692 3143 1744 ubi
3182 1704 3400 1742 manum
3434 1689 3537 1741 sibi

1968 1782 2226 1849 alferens,
2261 1784 2424 1837 vitam
2476 1784 2711 1853 abrupit.
2743 1784 2860 1850 Quo
2916 1785 3042 1837 item
3095 1782 3359 1837 librorum
3421 1780 3542 1833 belli

266 1871 575 1943 Αὐγούστῳ
608 1872 836 1943 ὕστερον
868 1875 901 1944 ή
933 1872 1057 1943 νίκη
1097 1873 1420 1943 ἐμϐλέψασα
1474 1871 1680 1943 ἔρημον
1722 1890 1860 1943 συμ-

1967 1875 2145 1930 civilis
2182 1876 2315 1947 16b
2349 1876 2538 1930 ultimo
2585 1875 2857 1947 Atlgyptus
2883 1876 3228 1936 describitur,
3260 1882 3315 1924 ut
3344 1873 3394 1925 in
3426 1871 3536 1924 [io-

269 1966 465 2036 μάχων
498 1966 579 2027 είς
614 1965 891 2035 Αἴγυπτον
925 1965 1138 2036 φυγάδα
1168 1965 1259 2018 τδν
1304 1963 1587 2018 ’Λντώνιον
1620 1964 1821 2035 ήλασεν
1842 2004 1857 2029 ,

266 2058 352 2127 ἐφ’
396 2054 465 2132 ἦς
492 2060 587 2113 καὶ
618 2056 934 2131 αὐτοχειρίᾳ
982 2057 1074 2110 τδν
1118 2056 1228 2127 βίον
1258 2056 1647 2127 κατέστρεψεν.
1683 2050 1862 2126 ᾯτινι

1969 1985 2255 2025 manorum
2296 1979 2618 2039 potestatem
2664 1970 2874 2025 venerit
2913 1986 2926 2020 :
2966 1976 3132 2037 utque
3180 1982 3266 2021 res
3301 1965 3547 2018 Ruinana

1973 2061 2027 2115 in
2062 2063 2223 2118 unius
2252 2062 2484 2132 Augusti
2511 2041 2811 2130 imperium,
2828 2061 3099 2115 reciderit.

265 2151 374 2204 τῶν
408 2150 690 2221 ἐμφυλίων
731 2150 844 2203 δντι
872 2149 1048 2220 λόγῳ⁵
1095 2147 1392 2217 τελευταίῳ
1436 2148 1531 2200 καὶ
1576 2146 1854 2215 Αἴγυπτος
1890 2150 2184 2222 δηλοῦται,
2229 2155 2304 2217 ὡς
2336 2152 2441 2206 ὑπὸ
2479 2152 2812 2223 Ῥωμαίοιςθ
2847 2152 3064 2220 ἐγένετο
3141 2150 3235 2221 καὶ
3273 2147 3342 2204 τά
3415 2149 3550 2201 Ῥω-

269 2242 454 2313 μαίων
480 2242 540 2305 ὲς
575 2241 876 2312 μοναρχίαν
905 2241 1000 2295 καὶ
1032 2238 1342 2308 Αὔγουστον
1386 2238 1787 2310 ἐπανέδραμεν.

342 2336 616 2404 ’Δρχεται
676 2334 774 2404 μὲν
822 2328 915 2386 οὖν
944 2331 1043 2403 τῆς
1075 2330 1314 2402 ἱστορίας
1345 2330 1455 2383 ἀπὸ
1497 2328 1712 2383 Αἰνείου
1759 2329 1855 2384 τοῦ

278 2424 543 2493 Ἀγχίσου
574 2421 668 2475 τοῦ
702 2422 977 2493 ,Κάπυοψ
1026 2421 1086 2484 ὃς
1132 2422 1190 2473 ὲν
1218 2419 1295 2490 τῷ
1329 2419 1563 2491 Τρωϊκῷ
1591 2420 1807 2491 ἤκμασε
1830 2420 1850 2451 ’τ

270 2515 503 2585 πολέμῳ
525 2553 540 2576 ,
579 2514 720 2584 μετὰ
787 2513 844 2565 δὲ
874 2512 973 2583 τὴν
1022 2512 1226 2565 ἅλωσιν
1255 2511 1353 2581 τῆς
1401 2511 1620 2584 Τρωίας
1652 2512 1820 2583 ἔφυγε
1848 2553 1865 2578 ,

270 2607 366 2659 καί
385 2606 533 2675 μετὰ.
562 2602 785 2674 μακρὰν
807 2602 1021 2672 πλάνην
1044 2601 1349 2655 καταπλεῖ⁸
1371 2600 1429 2664 ἔς
1456 2619 1575 2655 τινα
1595 2600 1696 2671 τῆς
1732 2601 1868 2654 Ἰτα-

269 2698 389 2760 λίας
422 2695 676 2763 αἰγιαλὸν
698 2737 712 2759 ,
767 2692 1051 2763 Λώρεντον
1098 2692 1528 2763 ἐπικαλούμενον
1549 2733 1565 2759 ,
1613 2692 1743 2745 ἔνθα
1771 2692 1869 2746 καὶ

273 2788 642 2858 στρατόπεδον
665 2786 830 2840 αὑτοῦ
861 2785 1157 2851 δείκνυται,
1177 2786 1269 2837 καὶ
1289 2783 1387 2855 τὴν
1414 2784 1584 2855 ἀκτὴν
1609 2784 1703 2837 ἀπ’
1726 2783 1864 2835 ἐκεί-

271 2899 360 2934 νου
410 2881 621 2952 Τροίαν
656 2880 930 2934 καλοῦσιν.
969 2873 1147 2950 *Ηρχε
1182 2879 1305 2931 τότε
1363 2876 1719 2948 Ἀϐοριγίνων
1754 2876 1865 2929 τῶν

273 2974 399 3044 τῇδε
440 2971 662 3026 Ἰταλῶν
692 2971 897 3035 Φαῦνος
926 2973 953 3025 ὁ
980 2971 1073 3025 τοῦ
1104 2972 1336 3041 Ἄρεως,
1362 2969 1420 3033 ὃς
1445 2970 1541 3023 καὶ⁹
1576 2968 1869 3037 ζεύγνυσιν

272 3066 469 3134 Λίνείᾳ
490 3065 593 3134 τὴν
636 3063 916 3135 θυγατέρα
940 3061 1105 3116 αὑτοῦ
1140 3061 1432 3116 Λαουινίαν
1458 3101 1473 3125 ,
1506 3061 1603 3114 καὶ
1656 3062 1759 3132 γῆν
1788 3061 1868 3113 δί-

274 3157 443 3210 δωσιν
480 3160 547 3209 ὲκ
577 3156 826 3225 περιόδου
860 3153 1092 3208 σταδίων
1120 3152 1487 3223 τετρακοσίων
1505 3156 1546 3205 ⁸.
1596 3152 1653 3205 Ὀ
1680 3152 1737 3204 δὲ
1773 3152 1871 3205 πό·

273 3250 356 3303 λιν
390 3250 583 3302 ἔκτισε
602 3249 680 3313 ⁸ο,
717 3246 815 3301 καὶ
851 3246 959 3300 ἀπὸ
1000 3245 1098 3316 τῆς
1132 3244 1388 3312 γυναικὸς
1428 3242 1715 3296 Λαουίνιον
1765 3244 1866 3294 ἐπ-

275 3342 558 3411 ωνόμασε.
591 3340 775 3410 Τρίτῳ
812 3340 866 3392 δὲ
897 3340 1008 3392 ἔτει
1057 3337 1151 3391 τοῦ
1174 3336 1380 3390 Φαύνου
1406 3336 1827 3405 τελευτήσαντος
1846 3374 1861 3399 ,

275 3434 565 3504 ἐκδέχεται
609 3432 708 3503 τὴν
752 3432 925 3502 ἀρχὴν
948 3431 976 3483 ὁ
1003 3429 1220 3490 Αἰνείας
1267 3428 1410 3482 κατά
1444 3427 1506 3481 τὸ
1531 3427 1700 3496 κῆδος
1723 3468 1737 3491 ,
1771 3428 1865 3479 καὶ

274 3526 402 3589 τοὺς
448 3523 799 3595 Ἀϐοριγίνας
848 3522 956 3575 ἀπὸ
979 3520 1073 3574 τοῦ
1102 3518 1366 3589 κηδεστοῦ
1396 3518 1627 3571 Λατίνου
1655 3516 1863 3569 Φαύνου

274 3619 548 3680 Λατίνους
572 3618 913 3686 ἐπωνόμασε.
944 3616 1125 3686 Τρίτῳ
1149 3613 1206 3666 δὲ
1236 3613 1345 3665 ἔτει
1369 3611 1529 3666 πάλιν
1556 3611 1646 3664 διά
1666 3611 1864 3663 Λαουι-

275 3712 397 3764 νίαν
433 3710 541 3781 τὴν
586 3712 824 3777 γυναῖκα
874 3706 980 3760 ὑπὸ
1023 3703 1353 3758 Ῥουτούλων
1385 3702 1494 3755 τῶν
1531 3701 1863 3774 Τυρῤήνων,

278 3801 832 3876 προμνηστευθεῖσαν
867 3798 1045 3853 αὐτῶν
1068 3797 1145 3869 τῷ
1173 3795 1414 3866 βασιλεῖ,
1435 3796 1739 3863 ἀναιρεῖται
1773 3809 1865 3845 πο-

277 3896 447 3967 λέμου
478 3895 637 3965 νόμῳ
672 3896 700 3947 ὁ
728 3893 945 3956 Αίνείας
966 3930 981 3955 ,
1007 3892 1102 3944 καὶ
1127 3890 1225 3960 τὴν
1250 3887 1424 3958 ἀρχὴν
1453 3886 1725 3951 διεδέξατο
1758 3884 1864 3936 Εὑ-

281 3990 494 4062 ρυλέων
522 4028 538 4053 ,
581 3987 865 4048 Ἀσκάνιος
896 3980 1321 4055 μετονομασθεὶς
1342 4019 1358 4043 ,
1383 3979 1442 4043 ὃς
1479 3977 1743 4049 ἐγεννήθη
1789 3975 1866 4046 τῷ

281 4083 477 4154 Αἰνεία
510 4084 576 4135 ὲκ
620 4079 905 4150 Κρεούσης
947 4077 1040 4149 [52
1076 4073 1182 4145 IL]
1219 4076 1318 4143 τῆς
1356 4070 1606 4142 Πριάμου
1628 4109 1643 4134 ,
1677 4069 1777 4136 τῆς
1809 4070 1868 4121 ὲν

290 4175 434 4245 Ἰλίῳ
468 4171 778 4241 γενομένης
805 4168 951 4238 αὐτῷ
976 4166 1231 4236 γυναικός
1252 4179 1265 4192 ⁸
1288 4163 1338 4216 οἱ
1363 4162 1421 4215 δὲ
1453 4163 1519 4214 ὲκ
1546 4160 1644 4230 τῆς
1668 4160 1868 4213 Λαουι-

279 4266 399 4330 νίας
453 4265 740 4319 Ἀσκάνιον
769 4259 917 4330 αὐτῷ
941 4254 1267 4329 γεννηθῆναι
1302 4271 1471 4324 φασι,
1505 4252 1596 4306 τὸν
1624 4250 1867 4320 διάδοχον

280 4361 377 4430 τῆς
399 4357 611 4429 ἀρχῆς.
641 4354 925 4408 Ἀσκανίου
954 4352 1010 4405 δὲ
1032 4350 1451 4419 τελευτήσαντος
1484 4345 1594 4398 ἐτει
1621 4343 1868 4414 τετάρτῳ

284 4454 427 4524 μετά
458 4454 563 4521 τὴν
602 4448 806 4520 ’Λλϐης
829 4448 1028 4502 οῖκισιν
1048 4446 1086 4478 ¹¹
1111 4445 1243 4515 (καὶ
1264 4443 1372 4511 γὰρ
1394 4441 1489 4495 καὶ
1504 4434 1663 4503 οὗτος
1683 4440 1867 4493 ἔκτισε

282 4547 438 4599 πόλιν
461 4585 478 4610 ,
511 4542 718 4613 Ἀλϐην
748 4541 981 4604 καλέσας
1000 4581 1015 4605 ,
1050 4537 1147 4591 καὶ
1175 4536 1282 4591 ἀπὸ
1304 4533 1595 4596 Λαουινίας
1623 4532 1714 4585 τὸν
1739 4530 1868 4583 λαὸν

2045 2330 2302 2385 Historia
2349 2330 2516 2383 totius
2576 2330 2789 2383 initium
2842 2328 3061 2384 ducitur
3099 2327 3166 2381 ab
3208 2326 3402 2391 Enen,
3442 2326 3550 2381 tilio

1967 2426 2243 2489 Anchisa,
2276 2423 2367 2476 lilii
2404 2422 2625 2493 Capyis,
2664 2424 2756 2491 qui
2808 2422 3044 2491 Trojano
3096 2420 3234 2473 bello
3284 2417 3549 2482 interfuit,

1968 2519 2173 2586 llioque
2204 2528 2366 2587 capto
2396 2528 2559 2585 atque
2603 2532 2797 2570 everso
2832 2515 2984 2584 fugit,
3025 2523 3079 2567 et
3114 2513 3277 2566 variis
3310 2512 3553 2581 jactatns

1969 2611 2278 2674 erraribus,
2314 2614 2380 2663 ad
2417 2608 2587 2662 Italia
2632 2609 2905 2678 quoddam
2957 2607 3105 2659 littus
3159 2620 3218 2658 se
3267 2604 3550 2674 applicuit,

1975 2702 2121 2771 quod
2154 2701 2489 2756 Laurentum
2518 2701 2757 2763 dictum;
2786 2700 2874 2753 ubi
2905 2708 2958 2752 et
2987 2705 3168 2752 castra
3195 2696 3339 2749 illius
3370 2706 3554 2748 osten-

1975 2796 2209 2857 duntur,
2239 2802 2294 2847 et
2319 2807 2383 2846 ex
2411 2794 2525 2861 ipso
2547 2806 2642 2845 ora
2684 2790 2774 2844 illa
2809 2790 3079 2843 maritima
3109 2788 3345 2858 Trojana
3376 2786 3547 2842 nomi-

1969 2897 2153 2943 natur.
2183 2886 2487 2956 lmperabat
2511 2896 2623 2939 tum
2662 2885 2733 2937 ibi
2761 2883 3153 2952 Aboriginibus
3185 2883 3353 2936 Italia
3387 2897 3555 2951 popu-

1969 2977 2036 3031 lis
2067 2976 2305 3039 Faunus,
2360 2974 2548 3030 Martis
2614 2972 2804 3027 ﬁlius:
2856 2974 2950 3041 qui
2988 2981 3043 3026 et
3092 2971 3278 3025 [Enca
3324 2980 3550 3038 nuptum

1970 3069 2137 3123 liliam
2178 3083 2333 3123 suam
2360 3066 2653 3135 Laviniam
2702 3065 2871 3130 dedit,
2919 3065 3425 3135 quadringentaque
3472 3060 3550 3130 (5)

1969 3160 2176 3214 circum
2200 3160 2348 3213 circa
2392 3171 2550 3214 terra
2578 3159 2749 3213 stadia
2791 3157 3061 3220 attribuit,
3091 3157 3179 3208 ubi
3225 3152 3430 3211 Aineas
3453 3168 3553 3219 op-

1974 3253 2158 3323 pidum
2181 3249 2651 3319 aditicavit,quod
2676 3249 2743 3304 ab
2759 3249 2943 3304 uxoris
2968 3247 3204 3302 Lavinia
3228 3243 3556 3300 nontiueLa-

1970 3345 2173 3399 vinium
2252 3342 2485 3397 vocavit.
2546 3339 2732 3395 Tertio
2789 3339 2987 3393 abhinc
3058 3353 3223 3402 almo,
3283 3336 3553 3391 exstincto

1966 3436 2175 3503 Fauno,
2204 3435 2496 3505 imperium
2521 3442 2715 3487 nactus
2732 3431 2939 3487 Encas
2964 3440 3071 3491 est,
3105 3431 3228 3499 jure
3245 3427 3552 3494 afﬁnitatis;

1966 3540 2021 3584 et
2055 3528 2394 3597 Aborigenes
2431 3525 2501 3580 ob
2553 3524 2865 3579 atlinitatem
2904 3522 3082 3577 Latini
3122 3521 3291 3575 Fauni
3329 3519 3554 3573 Latinos

1970 3619 2295 3674 nominavit.
2323 3616 2508 3672 Tertio
2556 3617 2752 3671 iterum
2810 3632 2953 3670 anno
3000 3630 3029 3668 a
3090 3614 3302 3667 Rutulis
3334 3610 3547 3681 populis

1968 3711 2288 3784 Tyrrhenia
2334 3720 2553 3779 propter
2596 3708 2901 3770 Laviniam,
2952 3707 3165 3761 illorum
3213 3705 3342 3774 Regi
3389 3712 3551 3758 antea

1967 3806 2333 3874 desponsam,
2386 3802 2527 3856 bello
2576 3799 3075 3865 tolliturilEneas;
3146 3797 3546 3866 imperiumque

1967 3898 2239 3968 Euryleon
2312 3897 2575 3965 suscepit.
2620 3894 2887 3950 Ascanius
2939 3893 3379 3962 cognominatus.
3448 3887 3548 3943 llic

1968 3989 2156 4045 IEuea
2186 4004 2253 4044 ex
2281 3989 2491 4043 Creusa
2526 3987 2729 4042 Priami
2757 3988 2888 4051 lilia,
2922 4001 3083 4055 quam
3115 3985 3165 4037 itt
3194 3984 3289 4036 ilio
3314 3996 3540 4035 uxorem

1971 4083 2257 4149 habuerat,
2287 4082 2428 4135 ﬁlius
2456 4081 2577 4147 fuit,
2611 4081 2711 4135 etsi
2776 4080 2866 4133 alii
2896 4094 2961 4133 ex
2986 4078 3210 4131 Lavinia
3250 4087 3433 4130 natum
3470 4074 3545 4127 illi

1969 4175 2269 4230 Ascanium
2305 4174 2504 4235 lerunt.
2545 4173 2694 4242 regni
2727 4187 3120 4229 successorem.
3172 4169 3386 4223 Mortuo
3420 4166 3545 4221 dein

1967 4267 2231 4332 Ascanio,
2268 4276 2470 4336 quarto
2498 4275 2621 4336 post
2642 4281 2785 4320 anno
2811 4280 2973 4335 quam
2996 4263 3184 4317 Alham
3213 4262 3551 4319 eundiderat,

1975 4359 2200 4432 (etenim
2223 4368 2278 4413 et
2310 4360 2399 4413 hic
2427 4359 2681 4428 oppidum
2710 4357 2973 4422 condidit,
2998 4355 3139 4422 quod
3162 4354 3349 4407 Albam
3374 4351 3553 4406 nomi-

1972 4452 2146 4519 navit,
2186 4461 2349 4520 atque
2388 4466 2453 4505 eo
2478 4465 2541 4504 ex
2575 4448 2803 4503 Lavinio
2843 4448 3112 4504 coloniam
3155 4445 3397 4513 deduxit)
3426 4441 3549 4512 Syl-

1970 4546 2090 4600 vius
2128 4546 2278 4616 regni
2321 4544 2562 4598 habenas
2621 4544 2833 4612 accapit
2884 4559 2897 4593 :
2951 4540 3109 4607 hujus
3166 4537 3331 4606 Sylvii
3385 4534 3549 4588 ﬁlium

285 4639 638 4711 μετῴκισεν)
696 4636 974 4707 ἐκδέχεται
1006 4633 1103 4704 τὴν
1154 4630 1327 4702 ἀρχὴν
1374 4627 1612 4690 Σιλούιος
1635 4628 1698 4682 ¹².
1758 4624 1862 4679 Kal

1973 4634 2205 4692 IEneam
2237 4635 2483 4705 Sylvium
2521 4634 2747 4699 faciunt,
2789 4631 2977 4686 Ainea
3030 4631 3150 4685 dein
3187 4628 3355 4681 lilium
3406 4624 3553 4677 Lati-

283 4733 537 4785 Σιλουίου
586 4730 755 4783 παῖδα
792 4728 1009 4782 Αἰνείαν
1053 4724 1291 4779 Σιλούιόν
1321 4740 1484 4791 φασιν
1508 4761 1523 4785 ,
1556 4718 1771 4773 Αίνείου
1811 4717 1869 4770 δὲ

282 4827 522 4879 Λατῖνον
556 4820 795 4875 Σιλούιον
811 4861 826 4885 ,
850 4818 944 4872 τοῦ
961 4817 1017 4871 δὲ
1048 4817 1267 4878 Κάπυν,
1291 4814 1516 4874 Κάπυος
1535 4812 1592 4865 δὲ
1612 4811 1867 4864 Κάπετον

284 4914 578 4983 γενέσθαι,
614 4912 865 4965 Καπέτου
887 4911 945 4964 δὲ
968 4908 1269 4978 Τιϐερῖνον,
1295 4904 1387 4958 τοῦ
1402 4904 1459 4957 δὲ
1481 4901 1865 4973 Ἀγρίππαν¹³,

282 5004 377 5059 τοῦ
401 5006 464 5059 δὲ
493 5002 794 5073 Ῥωμύλον.
818 5000 929 5054 Kal.
950 4999 1149 5053 τόνδε¹¹⁸
1173 4998 1271 5067 μὲν
1305 4994 1569 5066 βληθῆναι
1598 4990 1867 5065 κεραυνῷ*

283 5089 345 5148 οῦ
376 5092 638 5163 γενέσθαι
662 5091 827 5144 παῖδα
854 5089 1151 5144 Ἀϐεντῖνον
1173 5129 1188 5153 ,
1225 5084 1529 5140 Ἀϐεντίνου
1558 5084 1615 5138 δὲ
1648 5082 1867 5154 Πρόκαν

284 5186 567 5257 γενέσθαι.
604 5186 713 5237 Καὶ
738 5185 872 5238 πᾶσι
896 5182 953 5235 δὲ
980 5180 1070 5235 τὸν
1105 5178 1345 5232 Σιλούιον
1384 5175 1673 5246 ἐπώνυμον
1700 5171 1862 5228 εἶναι.

285 5281 377 5351 Τῷ
405 5281 468 5336 δὲ
501 5281 689 5352 Πράκα
715 5278 807 5333 δύο
833 5275 1123 5347 ἐγενέσθην
1147 5276 1253 5328 υἱοὶ
1273 5274 1337 5339 ¹¹⁵,
1360 5272 1730 5344 πρεσϐύτερος
1765 5272 1863 5342 μὲν

1972 4744 2099 4783 num
2140 4728 2382 4801 Sylvium
2412 4728 2741 4781 nominant:
2780 4725 2937 4793 cujus
2985 4723 3150 4776 lilium
3198 4720 3405 4787 Capyn,
3450 4718 3551 4770 Ca-

1974 4818 2097 4889 pyis
2129 4833 2258 4873 vero
2291 4818 2551 4887 Capetum
2582 4817 2751 4872 fuisse
2780 4817 2932 4870 aiunt
2963 4854 2977 4880 ,
3019 4823 3073 4867 et
3111 4811 3296 4881 Capeti
3338 4809 3552 4863 Tiberi-

1974 4925 2128 4974 num,
2176 4910 2336 4978 hujus
2393 4923 2607 4963 rursum
2661 4908 2983 4976 Agrippam,
3047 4904 3203 4974 cujus
3256 4900 3549 4955 Romulum

1975 5001 2146 5055 lilium
2190 5000 2394 5064 ferunt,
2429 4999 2649 5053 fulmine
2684 4998 2979 5062 sublatum,
3016 4996 3205 5051 relicto
3244 4994 3350 5047 filio
3372 4994 3551 5045 Aven-

1975 5093 2114 5157 tino,
2149 5109 2215 5147 ex
2243 5107 2352 5163 quo
2383 5092 2603 5146 Procas.
2639 5089 2800 5145 Hisce
2846 5090 3097 5142 omnibus
3144 5086 3309 5156 Sylvii
3341 5080 3550 5137 inemo—

1981 5195 2107 5239 rant
2124 5186 2367 5239 additum
2389 5193 2829 5255 cognomentum.
2848 5180 3031 5234 Proca
3055 5180 3160 5231 duo
3186 5185 3345 5228 erant
3364 5173 3553 5236 liberi;

1972 5284 2100 5329 natu
2155 5277 2329 5347 major
2368 5275 2625 5331 Neutetor
2668 5276 2769 5346 (6),
2820 5274 2998 5327 minor
3052 5268 3302 5324 Amulius
3353 5267 3549 5320 dictus.

1590 5383 1822 5439 VARl/E
1865 5382 2270 5442 LECTIONES.

360 5487 378 5518 ⁸
409 5484 607 5537 ἔπειτα
642 5481 698 5534 δὲ
726 5481 797 5533 τά
844 5499 903 5545 ς’.

294 5557 454 5609 omisi
498 5557 579 5608 τέ.
657 5554 679 5584 ⁸
707 5551 882 5618 λόγων
917 5550 1119 5614 δντις.
1184 5551 1205 5581 ⁸
1241 5548 1545 5618 Ῥωμαίους
1564 5564 1624 5610 ς.

299 5712 359 5759 ς.
442 5697 489 5727 ¹³
549 5694 800 5764 ἀγρόπαν
826 5695 894 5748 A.
975 5690 1019 5723 “
1044 5691 1197 5745 τόνδε
1239 5693 1280 5744 Α
1320 5706 1335 5744 :
1368 5689 1461 5744 τὸν
1494 5706 1555 5754 ς.

1008 5482 1029 5513 ⁸
1057 5480 1378 5534 Ἀντωνῖνον
1418 5475 1517 5529 καὶ
1552 5476 1636 5529 ὅτι
1668 5476 1811 5529 κατά
1840 5474 2071 5545 Ἀϐριον
2096 5478 2245 5531 καίσ.
2290 5496 2351 5542 ς.

2431 5477 2451 5507 ³
2508 5477 2806 5530 συνέπεσον
2834 5493 2894 5540 ς.
2978 5476 2999 5505 ⁸
3022 5483 3147 5527 ante
3179 5488 3319 5541 φημι
3347 5485 3467 5522 cum
3510 5469 3546 5520 Α

1739 5540 1964 5616 ἧκξλιοιζιε⁷
1984 5547 2050 5601 A.
2109 5548 2131 5579 ⁸
2164 5540 2423 5602 κατέπλει
2443 5551 2506 5602 Λ.
2549 5550 2569 5579 ⁹
2599 5548 2784 5600 δίδωσι
2810 5540 3226 5615 γῆν-σταδίων
3246 5540 3548 5616 ήτριῷνῃς.

296 5625 338 5657 ’⁸
373 5627 533 5679 πόλιν
562 5640 619 5676 τε
659 5617 840 5675 ἔκτισε
873 5652 943 5662 -
970 5619 1227 5689 γυναικὸς
1252 5617 1527 5681 λαουῖνίας
1557 5617 1830 5670 λαουῖνιον
1865 5634 1925 5681 ς.

299 5712 359 5750 ς.
442 5697 489 5727 ¹³
549 5694 800 5750 ἀγρόπαν
826 5695 894 5748 A.
975 5690 1019 5723 “
1044 5691 1197 5745 τόνδε
1239 5693 1280 5744 Α
1320 5706 1335 5744 :
1368 5689 1461 5744 τὸν
1494 5706 1555 5750 ς.
1632 5687 1676 5720 ⁸⁸
1710 5686 1812 5741 υίώ
1845 5704 1907 5750 ς.

2030 5619 2071 5650 ¹¹
2100 5618 2302 5672 οῖκισιν
2332 5618 2670 5673 llasehelius
2700 5636 2713 5671 :
2740 5610 3131 5687 ιώιῖοῖκησιν,
3228 5614 3270 5644 ¹²
3300 5610 3548 5673 συλούῖος

1775 5775 2008 5833 NOTAE.

369 5881 450 5952 (5)
479 5878 621 5951 Lego
645 5879 1034 5951 τετρακοσίων.

2062 5866 2135 5940 (6)
2170 5866 2337 5937 Vulgo
2366 5865 2635 5919 Numitor.
