4146 6566
513 424 613 489 103
1639 426 1905 488 ΡΠΟΤΙῘ
1941 425 2447 488 ΡΑΤΒΙΑΗΟΠᾸΞ
2484 423 2593 485 CP.
3672 424 3769 485 1οί

511 541 645 596 Cum
700 539 876 610 major
908 552 1039 598 natu
1080 544 1252 614 patris
1284 551 1465 599 morte
1509 557 1737 614 regnum
1780 545 2095 600 haereditate
2123 570 2148 624 Α

2134 570 2167 623 Α
2196 542 2463 614 Νεμέτωρ
2486 583 2501 608 ,
2532 541 2793 613 νεώτερος
2818 539 2876 593 δὲ
2920 538 3221 611 ’Λμούλιος.
3268 538 3539 602 Δαδόντος
3577 538 3634 591 δὲ
3676 535 3771 592 τοῦ

512 633 869 701 suscepisset,
903 634 1092 704 iunior
1114 635 1165 690 vi
1215 644 1271 691 et
1296 651 1392 707 per
1424 634 1578 690 nefas
1616 634 1690 689 illi
1735 634 1958 698 ademit,
1989 633 2094 688 fra-

2192 636 2564 710 πρεσϐυτέρου
2579 636 2733 707 παρὰ
2746 634 2843 690 τοῦ
2862 635 3069 706 πατρὸς
3081 632 3445 697 τελευτῶντος
3456 631 3556 704 τὴν
3573 630 3770 705 ἀρχὴν,

515 724 725 794 trisque
752 724 920 780 illium
950 726 1207 796 Egestum
1245 727 1488 791 sustulit,
1528 726 1693 781 filiam
1720 740 1852 781 vero
1882 724 2091 780 Rheam

2192 732 2221 784 ὁ
2252 728 2514 799 νεώτερος
2542 725 2700 799 ὕϐρει
2727 727 2823 781 καὶ
2855 725 2948 799 βίᾳ
2972 724 3241 795 κατέσχεν
3272 722 3631 794 ἀφελόμενος.
3660 720 3773 777 Καὶ

515 813 755 885 Sylviam
786 817 1146 884 sacerdotem,
1184 833 1253 873 ne
1292 833 1396 888 qua
1436 818 1732 873 liberorum
1775 833 1896 886 spes
1924 825 2092 881 esset,

2194 821 2285 875 τὸν
2318 821 2416 891 μὲν
2435 819 2454 892 Ῐ
2472 819 2545 873 24
2564 818 2671 891 Η.]
2698 820 2863 874 παῖδα
2885 816 2982 872 τοῦ
3004 816 3234 886 ἀδελφοῦ
3258 817 3522 884 Ἐγεστον
3547 815 3771 874 κτείνει,

516 904 667 959 fecit.
699 906 762 960 Et
792 905 1135 963 Nemetorem
1181 911 1427 978 quidem,
1468 908 1606 978 ιτα
1638 908 1759 962 licet
1786 907 1957 962 frater
1972 908 2095 961 vita

2195 915 2294 984 τὴν
2329 913 2602 984 θυγατέρα
2629 912 2686 966 δὲ
2714 912 2871 965 Ῥέαν
2897 911 3147 965 Σιλουίαν
3165 911 3209 941 ⁸⁸
3233 909 3467 980 ἱέρειαν,
3494 907 3582 961 ἵνα
3608 908 3776 968 ἄπαις

517 996 893 1063 insidiaretur,
930 1014 1136 1053 morum
1198 1001 1451 1068 comitas,
1502 1000 1779 1068 multaque
1832 999 2095 1053 modestia

2196 1002 2484 1073 διαμείνῃ,
2533 1000 2889 1071 καθίστησι¹⁷
2914 1016 2929 1031 ·
2966 1000 3060 1053 τὸν
3102 999 3284 1070 μέντοι
3341 997 3631 1067 Νεμέτορα
3674 996 3777 1063 τῆς

520 1089 763 1158 periculo
795 1091 1033 1145 exemit:
1073 1102 1130 1146 at
1156 1090 1388 1159 Rheam,
1413 1095 1555 1161 quod
1579 1099 1765 1145 contra
1808 1091 2096 1146 sacerdotii

2199 1095 2278 1158 είς
2299 1095 2360 1148 τὸ
2389 1094 2549 1165 σῶμα
2591 1093 2884 1163 ἐπιϐουλῆς
2901 1093 2995 1163 “ﬂ
3017 1091 3123 1145 τῶν
3148 1091 3297 1162 ἠθῶν
3322 1090 3579 1156 ἐξεῖλκε¹⁹
3601 1086 3773 1159 πραό-

519 1181 693 1251 legem
768 1184 1096 1251 peperisset,
1154 1185 1423 1250 Amulius,
1475 1194 1534 1239 ut
1577 1185 1810 1255 puniret,
1856 1199 2101 1252 compre-

2199 1206 2297 1260 της
2326 1189 2422 1241 καὶ
2448 1189 2481 1258 ἡ
2515 1187 2682 1258 πολλὴ
2708 1187 2997 1240 ἐπιείκεια.
3015 1185 3158 1239 Ἀλλ’
3185 1187 3219 1256 ἡ
3246 1184 3463 1239 Σιλουία
3480 1184 3607 1237 Exue
3626 1183 3778 1254 παρὰ

520 1272 748 1337 hendit,
785 1276 924 1328 duos
974 1290 1102 1329 vero
1157 1276 1294 1331 filios
1342 1292 1410 1330 ex
1451 1292 1510 1331 ea
1554 1288 1709 1331 natos
1753 1278 1804 1330 in
1862 1277 2097 1331 vicinum

2200 1280 2292 1333 τὸν
2330 1280 2493 1350 νόμον
2516 1319 2533 1343 ,
2561 1279 2656 1333 καὶ
2682 1280 2783 1350 τὴν
2822 1279 2920 1349 μὲν
2952 1278 3238 1348 Ἀμούλιος
3275 1278 3367 1331 ἐπὶ
3402 1275 3623 1331 κολάσει
3655 1292 3781 1327 συν-

519 1359 763 1427 ﬂttvium,
809 1364 894 1418 cui
932 1363 1147 1419 Tiberis
1186 1382 1379 1421 nomen
1414 1379 1520 1433 est,
1552 1367 1969 1437 praecipitandos
2004 1384 2101 1436 pa-

2203 1370 2475 1441 ελάμδανε
2497 1412 2511 1436 ,
2541 1370 2636 1423 δύο
2669 1370 2727 1423 δὲ
2773 1370 2973 1433 παῖδας
3007 1371 3071 1423 ἐκ
3106 1370 3267 1441 τῆσδε
3304 1370 3633 1440 γενομένους
3663 1384 3783 1421 ποι-

523 1456 768 1510 storibus
802 1458 1043 1512 tradidit.
1089 1458 1404 1513 Liberorum
1425 1475 1621 1514 nomen
1656 1457 1880 1522 Romus,
1909 1468 1963 1513 et
1998 1459 2105 1513 Ro-

2208 1462 2364 1533 μέσιν
2403 1463 2604 1516 ἔδωκεν
2624 1504 2638 1528 ,
2664 1464 2743 1525 εἱς
2773 1462 2863 1514 τὸν
2890 1462 3118 1532 πλησίον
3162 1462 3406 1532 ποταμὸν
3431 1460 3689 1532 ἐμόαλεῖν
3714 1459 3784 1513 τά

522 1545 699 1601 mulus
724 1546 825 1616 (7),
861 1550 929 1603 ab
968 1550 1138 1605 Aiuea
1188 1566 1284 1619 per
1320 1560 1549 1605 matrem
1590 1566 1763 1629 genus
1802 1552 2099 1607 trahentes.

2208 1553 2383 1626 βρέφη
2407 1574 2419 1586 ⁸
2444 1554 2648 1625 Θύϐρις
2671 1550 2740 1627 ἦν
2765 1554 2936 1625 ὄνομα
2960 1554 3038 1626 τῷ
3063 1554 3293 1626 ποταμῷ
3312 1596 3327 1619 ,
3367 1554 3577 1623 Ῥῶμος
3600 1553 3657 1606 δέ
3688 1552 3784 1605 καὶ

522 1633 800 1693 Incertum
846 1642 991 1696 enim
1043 1653 1326 1711 parentem
1371 1643 1648 1708 detestati,
1693 1641 1884 1698 Aineae
1935 1644 2105 1713 magis

2216 1642 2493 1714 Ῥωμύλος
2519 1646 2569 1698 οἱ
2599 1645 2819 1711 παῖδες,
2857 1645 2917 1710 ἐξ
2947 1647 3160 1699 Αἱνείου
3194 1645 3452 1709 ἕλκοντες
3511 1644 3784 1716 μητρόθεν

524 1731 746 1785 nomine
768 1732 1163 1801 gloriabantur.

2206 1738 2269 1791 τὸ
2297 1737 2455 1805 γένος
2482 1754 2496 1769 ·
2529 1737 2590 1792 τδ
2622 1737 2732 1810 γὰρ
2762 1739 2858 1792 τοῦ
2890 1739 3086 1809 φύντος
3106 1739 3152 1770 ²⁰
3183 1738 3464 1810 ἄδηλον¹¹.

598 1822 932 1893 Auspicatur
953 1842 1105 1896 ergo,
1135 1828 1213 1881 uti
1236 1827 1496 1893 diximus,
1515 1827 1796 1882 historiam
1827 1827 1894 1881 ab
1909 1825 2104 1890 Enea,

2282 1828 2541 1898 Ἀρχεται
2581 1828 2679 1899 μὲν
2716 1824 2831 1893 οὖν,
2864 1827 2939 1891 ὡς
2980 1828 3219 1899 εἴρηται,
3260 1828 3293 1898 ἡ
3325 1826 3533 1897 ἱστορία
3571 1825 3629 1878 ἐν
3669 1827 3789 1878 ἐπι-

524 1914 704 1970 obiter
738 1917 804 1971 ad
837 1917 934 1971 hos
969 1932 1141 1986 usque
1171 1932 1518 1987 progressus,
1542 1920 1634 1972 sed
1654 1934 1682 1972 a
1708 1918 1938 1973 Romulo
1957 1919 2105 1971 urbis
2137 1914 2161 1969 Ε

2152 1914 2177 1968 3
2206 1918 2380 1991 δρομῇ
2407 1920 2516 1974 ἀπὸ
2544 1920 2756 1973 Αἰνείου
2790 1921 2919 1991 ἄχρι
2940 1920 3049 1972 τῶν
3074 1919 3301 1971 παίδωψ
3333 1918 3443 1971 ἀπὸ
3474 1918 3531 1970 δὲ
3568 1916 3789 1986 Ῥωμύ-

523 2007 811 2063 conditore
858 2021 1112 2065 accurate
1148 2010 1357 2081 singula
1394 2022 1732 2080 persecutus,
1762 2010 2008 2080 perducit
2037 2009 2104 2063 ad

2206 2011 2300 2064 λου
2344 2011 2439 2065 τοῦ
2494 2012 2736 2065 οἰκιστοῦ
2771 2012 3125 2083 λεπτομερῶς
3174 2010 3391 2065 ἅπαντα
3435 2007 3706 2075 διεξιοῦσα
3733 2007 3780 2039 ¹¹

526 2103 853 2170 Augustum,
890 2105 1018 2169 imo,
1057 2105 1288 2173 sparsim
1318 2105 1534 2173 saltem,
1563 2115 1617 2159 et
1658 2106 1711 2160 in
1761 2115 2104 2172 transcursu,

2208 2104 2423 2157 κάτεισι
2456 2104 2619 2174 μέχρι
2651 2103 2744 2156 τοῦ
2791 2102 3065 2156 Σεϐαστοῦ
3106 2144 3121 2168 ,
3178 2101 3455 2173 σποράδην
3488 2100 3544 2153 δὲ
3607 2100 3703 2154 καὶ
3731 2100 3792 2164 ἐξ

528 2210 701 2265 usque
730 2196 796 2249 ad
821 2193 1144 2264 Traianum.

2209 2194 2509 2264 ἐπιδρομῆς
2540 2193 2637 2246 καὶ
2661 2193 2764 2257 ἕως
2788 2192 3081 2266 Τραϊανοῦ.

599 2286 879 2355 Appianus
904 2288 990 2341 hic
1010 2302 1210 2357 genere
1236 2288 1638 2344 Alexandrinus
1668 2289 1788 2353 fuit,
1816 2288 2110 2362 Roma:th

2285 2280 2455 2351 Οὗτος
2483 2288 2539 2340 δὲ
2573 2288 2601 2338 ό
2644 2287 2940 2351 Ἀππιανδς
2981 2286 3045 2340 τὸ
3088 2286 3186 2358 μὲν
3218 2287 3373 2355 γένος
3411 2281 3480 2357 ἦν
3541 2283 3796 2350 Ἀλεξαν-

528 2377 686 2430 initio
710 2393 905 2431 causas
924 2380 1033 2447 egit
1068 2394 1082 2430 :
1117 2395 1238 2433 mox
1272 2379 1469 2447 dignus
1507 2382 1722 2434 habitus
1753 2380 1845 2448 qui
1882 2381 2113 2448 impera-

2211 2376 2392 2448 δρεὺς,
2441 2378 2499 2430 ἐν
2544 2375 2734 2449 Ῥώμῃ
2767 2377 2823 2429 δέ
2873 2378 2942 2431 τὰ
2992 2376 3187 2447 πρῶτα
3239 2376 3417 2439 δίκαις
3480 2375 3792 2445 συνηγόρει,

536 2472 717 2517 torum
753 2465 973 2519 nomine
1006 2466 1343 2534 provinciam
1369 2466 1797 2520 administraret.
1836 2465 2017 2537 Stylus
2038 2465 2112 2518 illi

2215 2470 2403 2523 ἔπειτα
2436 2471 2493 2523 δέ
2521 2472 2614 2524 καὶ
2649 2470 2913 2542 βασιλέων
2953 2468 3334 2540 ἐπιτροπεύειν
3367 2467 3594 2538 ἠξιώθη.
3635 2468 3795 2519 Ἐστι

533 2557 734 2618 tettuis,
763 2571 825 2610 ac
848 2558 1078 2612 minime
1116 2559 1462 2613 redundans:
1497 2561 1590 2613 sed
1619 2559 1896 2612 historiam
1939 2557 2114 2627 quoad

2214 2561 2271 2614 δὲ
2299 2560 2398 2630 τὴν
2435 2561 2637 2631 φράσιν
2665 2562 2959 2631 άπέριττος
2995 2564 3089 2613 καὶ
3123 2562 3286 2630 ίχνὸς,
3320 2560 3420 2631 τὴν
3447 2560 3503 2612 δέ
3529 2560 3792 2628 ἱστορίαν,

532 2649 651 2719 ejus
678 2649 793 2703 ﬁeri
828 2658 1027 2720 potest,
1052 2664 1237 2704 veram
1263 2652 1419 2712 texit,
1437 2658 1491 2704 et
1522 2650 1772 2704 militaris
1795 2648 2113 2716 disciplinae,

2216 2652 2293 2716 ὡς
2324 2648 2433 2706 οἷόν
2464 2654 2511 2706 τ’
2538 2654 2678 2718 ἐστὶ,
2704 2653 3026 2724 φιλαλήθης,
3061 2654 3154 2706 καὶ
3181 2650 3564 2723 στρατηγικῶν
3584 2651 3671 2704 διὰ
3695 2648 3793 2718 τῆς

538 2746 583 2798 si
609 2743 732 2813 quis
764 2743 922 2807 alius,
968 2755 1255 2797 enarrator
1301 2754 1404 2797 est.
1435 2743 1691 2798 Oratione
1735 2742 1973 2812 deiectos
2018 2740 2119 2792 mi-

2220 2745 2463 2817 ἱστορίας
2500 2744 2776 2816 μεθόδων,
2818 2747 2865 2798 εί
2906 2746 2998 2797 καί
3036 2746 3083 2776 ’³
3124 2763 3207 2808 τις
3245 2744 3435 2808 ἄλλος,
3490 2743 3793 2814 ὑποφήτης,

535 2837 687 2889 Ιίιιιιιι
725 2837 935 2889 animos
956 2839 1188 2905 erigere,
1226 2845 1280 2889 et
1321 2835 1662 2889 ardentiores
1688 2835 1957 2905 mitigare,
1995 2832 2120 2886 affe—

2220 2838 2502 2908 ἐπᾶραίτε
2548 2838 2726 2906 λόγοις
2756 2838 3223 2905 τεταπεινωμένον
3260 2839 3515 2906 φρόνημα
3564 2834 3796 2905 στρατοῦ

539 2940 768 2997 ctusque
803 2928 1126 2995 exprimere,
1166 2943 1230 2982 ac
1258 2926 1301 2981 si
1336 2928 1463 2996 quid
1484 2927 1625 2981 aliud
1663 2926 1860 2980 imitari
1888 2926 2118 2979 dicendo

2223 2933 2316 2984 καὶ
2349 2930 2676 3002 διαπραῦναι
2710 2931 3044 3001 φλεγμαῖνον
3085 2932 3181 2984 καὶ
3210 2930 3381 2992 πάθος
3429 2927 3668 2989 δηλῶσαι
3703 2924 3798 2978 καὶ

538 3019 687 3085 licet,
709 3021 913 3089 optime
936 3020 1106 3075 novit.
1129 3018 1334 3074 Floruit
1352 3031 1531 3073 autem
1562 3018 1785 3088 Traiani
1816 3027 1869 3071 et
1890 3016 2117 3071 Adriani

2224 3023 2342 3075 εῐτι
2380 3024 2508 3075 ἄλλο
2536 3023 2715 3089 λόγοις
2746 3022 3160 3093 ἐκμιμήσασθαι
3188 3022 3429 3093 ἄριστος.
3458 3021 3712 3091 Ἢκμασε
3741 3018 3800 3071 δὲ

540 3114 897 3184 temporibus.

2225 3116 2283 3166 ἐν
2305 3116 2415 3176 τοῖς
2440 3113 2655 3184 χρόνοις
2686 3113 2955 3183 Τραϊανοῦ
2984 3114 3078 3166 καὶ
3118 3113 3419 3184 Ἀδριανοῦ.

1234 3205 1417 3260 LVIII.
2958 3204 3092 3260 Nli'.

759 3300 971 3353 Arriani
1009 3299 1289 3361 Parthico,
1327 3298 1633 3368 Bitliynica,
1666 3308 1711 3350 et
1740 3296 1869 3349 alia.
2150 3263 2195 3321 C‘

1702 3308 1711 3347 r
1740 3296 1869 3349 alia.
2150 3263 2195 3321 C'
2702 3299 3011 3369 Ἀρῤιανοῦ
3060 3297 3339 3368 Παρθικὰ.

616 3389 767 3444 Lecti
802 3392 1168 3445 smttArriani
1204 3391 1280 3463 (8)
1317 3390 1685 3444 Parthicarum
1720 3389 1837 3443 libri
1882 3397 2123 3456 septem-

2308 3390 2649 3461 Ἀνεγνῶσθη
2695 3390 2981 3464 Ἀρριανοῦ
3025 3393 3289 3461 Παρθικὰ
3319 3392 3376 3442 ἐν
3435 3389 3657 3459 βιϐλίοις
3715 3386 3804 3453 ιζ’.

549 3482 751 3536 decim.
815 3482 911 3536 Hic
973 3485 1103 3537 item
1158 3484 1395 3537 omnium
1436 3484 1638 3552 optime
1686 3498 1770 3535 res
1824 3492 2003 3549 gcsms
2049 3479 2125 3546 (9)

2231 3476 2384 3544 οὗτος
2421 3483 2475 3533 δέ
2528 3484 2813 3537 συντάττει
2884 3484 3102 3537 πάντων
3159 3484 3382 3553 ἄμεινον
3413 3484 3505 3535 καὶ
3563 3483 3629 3535 τά
3666 3483 3807 3533 κατὰ

552 3574 848 3627 Alexandri
887 3576 1030 3644 regis
1066 3574 1423 3629 Macedonum
1454 3576 1799 3643 conscripsit.
1826 3574 2126 3625 Aliuditeni

2243 3574 2591 3645 Ἀλέξανδρον
2624 3574 2714 3627 τὸν
2739 3574 3019 3627 Μακεδόνα
3042 3617 3054 3640 ,
3091 3575 3169 3628 ἔτι
3208 3575 3264 3628 δὲ
3295 3575 3389 3626 καὶ
3418 3573 3585 3642 ἄλλην
3627 3590 3808 3641 πραγ-

547 3680 687 3735 opus
724 3668 774 3719 in
804 3668 1032 3735 gratiam
1084 3667 1348 3738 Bithynia:
1390 3670 1579 3737 patriae
1612 3668 1762 3737 (hinc
1790 3665 1934 3719 enim
1973 3674 2130 3717 natns

2238 3668 2488 3736 ματείαν,
2520 3667 2589 3719 τὰ
2628 3669 2835 3739 πάτρια
2868 3669 2965 3735 τῆς
3007 3666 3282 3731 Βιθυνίας,
3315 3665 3374 3730 ἐξ
3403 3660 3468 3736 ἦς
3511 3666 3605 3717 καὶ
3648 3665 3812 3723 αὐτὸς

548 3761 658 3825 est)
692 3760 1019 3828 composuit,
1048 3760 1449 3831 Bithyuirorum
1490 3764 1665 3816 titulo.
1710 3763 2039 3816 Edideratet
2061 3760 2129 3813 ab

2235 3761 2360 3827 ἔφυ,
2397 3762 2707 3831 ἐπιγράψας
2743 3761 2803 3811 τὸ
2834 3760 3034 3829 βιϐλίον
3071 3758 3413 3815 Βιθυνιακά·
3437 3759 3814 3829 συγγράφετινι

552 3852 739 3905 Alanis
757 3862 908 3919 gesta
934 3870 949 3919 ;
979 3870 1136 3922 quem
1175 3856 1369 3908 librum
1414 3856 1694 3908 Alanicam
1744 3855 2042 3922 inscripsit.
2076 3850 2133 3904 ln

2235 3852 2291 3903 δὲ
2332 3852 2426 3904 καὶ
2452 3851 2518 3904 τά
2550 3853 2693 3905 κατὰ
2736 3850 3012 3913 Ἀλανοὺς,
3040 3850 3105 3920 ἣν
3147 3848 3457 3918 ἐπέγραψεν
3474 3847 3814 3912 Ἀλανικήν.

553 3944 732 4013 primo
764 3944 857 3998 illo
879 3960 1042 4014 opere
1080 3946 1217 4000 bella
1253 3963 1280 3999 a
1327 3947 1545 4000 Parthis
1585 3959 1639 4001 et
1683 3947 1941 4001 Romanis
1987 3957 2133 4015 gesta

2238 3940 2523 4010 Διέρχεται
2557 3943 2611 3995 δὲ
2644 3945 2699 3995 ἐν
2728 3941 2902 4014 ταύτῃ
2925 3942 2969 3973 ’δ
3004 3945 3069 4013 τῇ
3103 3943 3456 4013 πραγματείᾳ
3497 3942 3621 4004 τοὺς
3651 3940 3815 3992 πολέ-

556 4036 745 4099 refert,
781 4040 944 4091 ductu
990 4047 1153 4107 atque
1199 4040 1454 4109 auspiciis
1486 4039 1706 4110 Trajaui
1760 4039 2126 4109 imperatoris.

2244 4052 2397 4104 μους,
2434 4035 2527 4096 οὓς
2585 4036 2933 4104 ἐπολέμησαν
2969 4035 3233 4105 Ῥωμαῖοι
3278 4034 3373 4088 καὶ
3425 4034 3632 4103 ῐῐάρθοι
3677 4034 3817 4085 Ῥω-

555 4129 683 4185 Vult
712 4131 943 4186 Parthos
984 4148 1011 4185 a
1058 4131 1279 4203 Scythis
1318 4134 1586 4203 originem
1618 4135 1851 4187 ducere:
1885 4132 2137 4186 Macedo-

2245 4129 2417 4199 μαίων
2463 4129 2870 4199 αὐτοκράτορος
2913 4129 3066 4191 ὄντος
3111 4126 3407 4198 Τραϊανοῦ.
3457 4126 3593 4195 Φησὶ
3630 4126 3687 4179 δέ
3754 4124 3818 4176 τὸ

558 4242 685 4279 nutu
708 4236 888 4278 autem
925 4228 1215 4295 imperium
1252 4228 1579 4290 excussisse,
1624 4242 1746 4281 cum
1783 4226 1988 4295 pridem
2018 4240 2139 4279 ser-

2244 4219 2478 4289 Πάρθων
2527 4220 2681 4288 γένος
2737 4218 3045 4282 Σκυθικὸν,
3101 4217 3407 4286 ἀποστῆναι
3464 4215 3521 4268 δὲ
3552 4215 3651 4284 τῆς
3708 4214 3820 4267 τῶν

558 4319 787 4372 vitutem
830 4320 1185 4385 serviissent,
1217 4318 1399 4373 Persis
1442 4335 1545 4371 una
1587 4318 2002 4384 rebellantibus,
2041 4320 2142 4371 hac

2241 4309 2569 4364 Μακεδόνων
2627 4310 3017 4380 ἐπικρατείας,
3057 4308 3173 4377 ἅμα
3230 4306 3458 4378 Περσῶν
3510 4322 3825 4376 καταστρα-

468 4472 473 4477 1
568 4410 906 4479 potissimum
944 4413 1010 4465 de
1064 4428 1246 4466 causa.
1273 4413 1505 4464 Arsaces
1551 4420 1603 4465 et
1638 4409 1917 4464 Teridates
1946 4410 2105 4464 fratre

2245 4403 2455 4472 φέντων
2492 4402 2660 4458 πάλαι
2688 4403 2976 4467 δουλωθέν,
3007 4401 3073 4454 δι’
3099 4400 3279 4455 αἰτίαν
3310 4401 3584 4471 τοιαύτην.
3629 4399 3826 4469 ’Λρσά-

556 4512 713 4555 erant
753 4504 1048 4567 Arsacidae,
1104 4518 1171 4556 ex
1217 4501 1327 4555 filio
1370 4503 1589 4555 Arsace:
1624 4501 1904 4570 Phriapita
1953 4502 2139 4570 geniti.

2246 4512 2349 4564 κης
2374 4494 2471 4547 καὶ
2518 4494 2827 4565 Τηριδάτης
2861 4496 3032 4564 ἤστην
3075 4491 3290 4560 ἀδελφὼ
3338 4491 3682 4563 Ἀρσακίδαι,
3728 4489 3824 4542 τοῦ

558 4591 624 4647 lli
652 4592 969 4647 Plierecleiu
1000 4596 1068 4647 ab
1091 4595 1359 4647 Antiocho
1384 4608 1505 4662 rege
1532 4593 1714 4663 (quem
1754 4593 1911 4647 deum
1940 4609 2139 4661 coguo-
2172 4601 2195 4653 Ι

2190 4588 2365 4653 )υἱοῦ
2466 4588 2735 4659 Ἀρσάκου
2793 4586 2887 4639 τοῦ
2954 4584 3254 4655 Φριαπίτου
3314 4585 3589 4651 ἀπόγονοι.
3665 4576 3827 4636 Οὗτοι

556 4683 1120 4753 inemoappellabant)
1144 4683 1261 4749 ejus
1279 4698 1389 4736 ora:
1419 4684 1712 4752 Satrapam
1753 4682 2135 4748 constitutum,

2244 4680 2519 4752 Φερεκλέα
2564 4680 2656 4732 τὸν
2694 4679 2795 4732 ὑπὸ
2853 4679 2899 4711 ’³
2947 4679 3222 4747 Ἀντιόχου
3253 4674 3347 4727 τοῦ
3391 4675 3653 4744 βασιλέως
3680 4673 3827 4743 (θεὸν

553 4779 707 4846 quod
740 4777 911 4831 altero
940 4776 1176 4829 fratrum
1208 4776 1359 4829 abuti
1396 4791 1493 4845 per
1522 4776 1630 4828 τὶιιι
1657 4774 1800 4829 foede
1834 4784 2143 4842 conaretur,

2247 4775 2409 4829 αὑτὸν
2445 4774 2676 4840 ἐπίκλην
2702 4771 3031 4842 ὠνόμαζον),
3063 4771 3155 4842 [53
3187 4768 3276 4839 IL]
3311 4769 3425 4821 ἀλλ’
3448 4768 3501 4820 οἵ
3521 4784 3583 4836 γε
3632 4768 3830 4835 Ἀρσα-

554 4869 945 4923 contumeliam
992 4884 1098 4922 non
1152 4866 1413 4931 ferentes,
1470 4880 1773 4931 necarunt;
1834 4868 1970 4937 17b
2016 4883 2145 4920 con-

2247 4867 2389 4921 κίδαι
2438 4867 2530 4918 τὸν
2577 4865 2683 4916 om
2733 4865 3004 4932 Ἀντιόχου
3061 4862 3347 4931 σατράπην
3396 4859 3576 4912 αὐτῶν
3626 4858 3671 4889 ’⁸
3726 4858 3827 4923 τῆς

559 4962 698 5016 sciis
716 4963 881 5016 etiam
908 4960 1036 5015 aliis
1053 4957 1559 5029 quinque.Gentem
1588 4962 1767 5030 itaque
1788 4960 2141 5014 Macedonum

2248 4962 2433 5031 χώρας
2462 4958 2812 5013 καταστάντα
2851 4954 3127 5025 Φερεκλέα
3150 4994 3163 5018 ,
3198 4956 3320 5005 ἐπεὶ
3344 4954 3431 5005 τὸν
3472 4952 3657 5023 ἕτερον
3719 4950 3828 5001 τῶν

560 5054 846 5137 pellentes,
880 5052 1165 5121 imperium
1215 5052 1313 5120 ipsi
1364 5053 1737 5120 abripuerunt,
1786 5068 2144 5123 magnamque

2252 5053 2496 5122 ἀδελφῶν
2538 5052 2798 5123 ἐπείρασε
2850 5047 3214 5119 βιασάμενος,
3246 5046 3345 5098 οὐκ
3372 5046 3683 5114 ἐνεγκόντες
3727 5041 3828 5113 τὴν

1884 5168 1969 5223 VA
1980 5167 2112 5221 “le
2148 5167 2550 5223 LECTIONES.

634 5270 679 5300 η
708 5266 965 5337 σερουῖαν
996 5281 1081 5337 στ.
1160 5264 1203 5299 ¹¹¹
1233 5262 1521 5332 καθίστησι
1552 5264 1646 5318 καὶ
1671 5266 1763 5318 τὸν
1792 5283 1873 5319 στ.
1938 5266 2189 5337 {Scopa
2216 5264 2311 5317 τοῦ
2339 5263 2575 5337 ἀδελφοῦ
2598 5260 2889 5337 ἐπιϐουλῆς
2922 5276 3004 5311 στ.
3048 5329 3058 5337 _
3085 5258 3126 5289 '9
3159 5255 3328 5320 ἐξεῖλε
3354 5254 3608 5337 (ears/5L.
3660 5255 3704 5283 ²⁰
3731 5252 3835 5337 φύτ

566 5324 1352 5406 caveo;'Scliweigbzeuserus,
1389 5324 1481 5406 sed
1511 5345 1564 5406 et
1594 5336 1731 5389 infra
1762 5354 1811 5401 ιι.
1844 5337 1886 5388 li
1922 5335 2047 5396 680,
2074 5324 2136 5388 5'1
2199 5336 2325 5397 τοὺς
2359 5324 2564 5402 φύντας
2600 5334 2680 5393 είς
2712 5324 3189 5406 τοὺς-φυομένους
3211 5339 3268 5406 et
3301 5342 3364 5406 ‘p.
3398 5324 3559 5406 1952,
3584 5325 3615 5374 4
3662 5328 3752 5406 xu}
3803 5326 3833 5376 ό

564 5412 695 5470 παῖς
728 5395 822 5462 καί
853 5395 1136 5475 όφύςῖᾲυΐ.
1191 5419 1277 5475 p._
1309 5404 1432 5470 165,
1470 5403 1555 5459 16.
1612 5406 1735 5473 175,
1762 5395 1855 5462 55.
1888 5406 2012 5465 615,
2037 5395 2139 5461 37.
2216 5406 2257 5436 ²¹
2289 5395 2409 5473 post
2439 5395 2632 5475 ἄδηλον
2666 5417 2786 5475 qum
2810 5395 3831 5475 addebauturugosius-cepev9}actito:

566 5463 774 5550 μᾶλλον
809 5463 1225 5550 ἐγκαυχώμενόι
1251 5463 1550 5545 ἦσαν,ὀιιι.
1579 5463 1735 5533 ΑΟΕξ
1838 5480 1881 5510 ²⁸
1906 5463 2179 5540 διεξιοῦσα
2207 5463 2304 5528 καῖ
2334 5476 2457 5529 κάτ.
2494 5463 2561 5530 Ᾰ.
2667 5463 2713 5503 ²’³
2740 5470 2835 5524 καί
2875 5470 3003 5523 add.
3038 5468 3097 5521 Β.
3182 5466 3230 5497 ’δ
3257 5467 3394 5535 αὐτῇ
3426 5467 3492 5519 Α.
3568 5466 3612 5496 ’³
3634 5463 3742 5515 ἀπὸ
3765 5468 3834 5518 Δ.

566 5545 615 5582 ⁵⁸
638 5550 820 5604 αὐτῶν
841 5550 887 5599 Α
913 5560 928 5600 :
964 5545 1134 5615 αὐτῆς
1163 5561 1248 5600 στ.

2141 5658 2378 5715 ΝΟΤιΕ.

653 5754 732 5822 (7)
769 5748 942 5818 Vulgo
976 5747 1189 5805 Remus.
2336 5748 2412 5819 (9)
2442 5748 2623 5803 Libris
2649 5762 2770 5812 rm,
2795 5748 2883 5815 qui
2922 5742 3193 5822 hodieque
3219 5751 3455 5822 exstant.
3484 5740 3844 5822 Oetaeus}?

643 5810 1219 5897 (‘8)'N_ico'niedien.~_em
1256 5822 1384 5882 facit
1412 5824 1556 5883 hunc
1590 5824 1913 5897 scriptorem
1950 5822 2147 5879 Suidas
2260 5810 2698 5897 mein'nneculiari
2745 5810 2900 5872 titulo
2940 5815 3127 5868 Indica
3180 5812 3517 5866 inscribitur.
3558 5810 3687 5865 Vide
3734 5812 3839 5867 inf.

568 5896 625 5950 in
654 5890 915 5956 'A'rriano,
940 5908 1100 5962 quem
1127 5893 1261 5963 lege.
1704 5890 1720 5897 ’
2258 5894 2379 5947 cod.
2415 5890 2446 5944 9
2459 5891 2476 5943 l
2490 5929 2505 5945 .
