4146 6432
612 334 712 401 107

1751 336 2020 398 ΡΗΟΤΙΙ
2061 334 2570 396 ΡΑΤΒῙΑΒΕΗΛΞ
2602 337 2711 397 CP.

3773 343 3877 409 108

606 451 987 507 moniacorum
1036 465 1190 508 more
1233 451 1512 508 astrictus.
1555 451 1825 515 Tertium,
1870 453 2013 523 quod
2066 466 2188 521 pre-

2300 450 2594 519 ροφόρησεο
2629 449 2837 520 τρίτον,
2868 452 2949 504 ὅτι
2976 452 3045 506 τὰ
3082 454 3349 527 κειμήλια
3390 456 3438 489 ³⁵
3485 457 3691 529 πλῆθος
3742 459 3878 513 πολὺ

611 546 870 601 tiosarum
913 558 1096 599 rerum
1143 558 1390 615 magnam
1418 545 1527 598 vim
1557 545 1971 601 divendidissct.
2010 545 2189 611 Quar—

608 642 722 688 tum
773 633 1005 699 crimen,
1062 634 1205 702 quod
1262 650 1532 689 marmora
1583 635 1643 689 S.
1696 634 2021 700 Anastasiae,
2071 647 2191 703 quae

606 724 894 779 Nectarius
937 724 1012 778 illi
1059 724 1307 779 ecclesiae
1349 726 1715 780 marmoribus
1754 724 2015 777 ornanda:
2065 723 2190 777 reli-

607 824 823 882 querat,
852 815 967 884 ipse
996 816 1349 870 vendidisset.
1376 816 1661 882 Quintum,
1700 815 1844 885 quod
1875 830 1972 884 per
1998 822 2189 867 contu-

605 906 826 961 meliam
860 908 1093 977 appellet
1132 907 1360 963 clericos
1387 907 1544 973 viles,
1576 916 1892 975 corruptos,
1924 906 2037 959 suis
2066 906 2190 960 usi-

603 999 709 1053 bus
742 1010 933 1069 sponte
981 1009 1223 1069 paratos,
1261 1000 1707 1067 triobolaresque.
1753 996 2000 1061 Sextum,
2046 995 2188 1065 quod

608 1102 855 1146 sanctum
879 1091 1237 1161 Epiphanium
1258 1091 1483 1145 delirutn
1497 1100 1551 1145 et
1566 1092 1843 1159 parvulum
1862 1088 2187 1143 daemonium

606 1181 917 1251 appellarit.
951 1182 1275 1251 Septimum,
1308 1181 1451 1250 quod
1497 1180 1794 1236 Severiano
1827 1179 1940 1248 (l6)
1975 1180 2190 1234 calum-

609 1272 753 1325 niam
786 1272 1100 1339 struxisset,
1136 1273 1376 1327 incitatis
1402 1282 1591 1327 contra
1631 1287 1755 1326 eum
1796 1271 2020 1326 decanis
2050 1270 2185 1341 (l7).

600 1359 895 1428 Octavum,
930 1364 1072 1432 quod
1096 1364 1469 1434 sycophantiis
1496 1364 1715 1433 plenum
1750 1363 1948 1417 librum
1986 1361 2042 1417 in
2077 1362 2189 1416 cle-

606 1469 729 1508 rum
778 1457 1126 1526 conscripsit.
1179 1455 1413 1522 Nonum,
1446 1457 1591 1525 quod
1622 1456 1789 1511 totius
1823 1454 1954 1509 cieri
2000 1455 2189 1509 habito

608 1553 901 1608 conventu,
950 1556 1059 1601 tres
1134 1546 1388 1601 diaconos
1442 1547 1649 1607 citarit,
1707 1547 1987 1609 Acacium,
2046 1543 2188 1597 Eda-

609 1634 818 1702 pltium,
848 1645 901 1689 et
925 1633 1208 1701 Joannem,
1239 1646 1295 1690 et
1323 1636 1477 1704 quasi
1510 1634 1792 1688 humeraie
1825 1634 1995 1703 ipsius
2025 1632 2189 1688 furati

598 1736 808 1792 essent,
843 1728 1144 1793 accusarit;
1178 1742 1453 1796 quaerens,
1506 1736 1689 1779 utrum
1729 1735 1785 1779 et
1826 1725 1893 1778 ad
1930 1725 2095 1779 alium
2121 1723 2189 1779 il-

608 1818 697 1871 lud
740 1833 894 1871 usum
934 1818 1171 1887 aliquem
1233 1818 1524 1887 cepissent.
1576 1816 1879 1879 Decimttm,
1918 1816 2062 1884 quod
2090 1815 2203 1870 An-

600 1909 817 1963 tonium
864 1911 1245 1979 sepulcrorum
1305 1908 1623 1962 violatorem
1675 1909 2007 1970 convictum,
2073 1905 2190 1976 epi-

600 2013 829 2068 scopum
864 1999 1154 2054 ordinarit.
1203 1997 1585 2063 Undecimum,
1635 1999 1779 2067 quod
1805 1996 2070 2053 Joannem
2105 2011 2189 2051 co-

605 2090 797 2145 mitem
841 2091 896 2145 in
939 2090 1172 2144 tumultu
1210 2089 1431 2143 militari
1467 2090 1580 2160 ipse
1606 2090 1931 2159 prodiderit.
1966 2088 2185 2142 Duode-

599 2182 833 2246 cimum,
864 2182 1007 2251 quod
1054 2195 1230 2251 neque
1272 2179 1531 2236 incedens
1567 2182 1634 2235 ad
1686 2180 1964 2250 templum,
2011 2194 2189 2249 neque

608 2273 944 2343 ingrediens,
977 2270 1149 2327 Deum
1189 2281 1442 2340 precatus
1483 2272 1575 2327 sit.
1623 2270 1903 2326 Decimum
1942 2270 2182 2334 tertium,

608 2366 755 2431 quod
779 2365 899 2416 sine
937 2363 1096 2416 altari
1138 2362 1489 2416 diaconorum
1527 2372 1582 2416 et
1613 2363 2054 2433 presbyterorum
2093 2374 2185 2414 or-

610 2454 917 2507 dinationes
970 2452 1189 2508 fecerit.
1240 2453 1519 2509 Decimum
1567 2463 1845 2523 quartum,
1887 2452 2032 2523 quod
2083 2466 2187 2506 una

609 2545 951 2599 ordinatione
980 2556 1217 2614 quatuor
1260 2545 1422 2599 simul
1465 2544 1750 2614 episcopos
1780 2544 1999 2598 crearit.
2031 2541 2190 2598 Deci-

610 2653 756 2691 mum
783 2637 1054 2707 quintum,
1102 2638 1247 2708 quod
1292 2638 1547 2692 mulieres
1578 2636 1841 2705 suscipiat
1874 2636 2010 2707 (18),
2042 2636 2190 2690 solus

614 2744 738 2782 cum
772 2727 925 2793 solis,
976 2730 1099 2784 aliis
1152 2729 1407 2784 omnibus
1445 2727 1594 2783 foras
1630 2728 1868 2782 emissis.
1911 2727 2187 2782 Decimum

619 2833 859 2886 sextum,
885 2823 1025 2891 quod
1076 2821 1444 2875 haareditatem
1485 2837 1513 2873 a
1567 2820 1767 2875 Thecla
1799 2818 2062 2884 relictam,
2097 2833 2191 2887 per

612 2913 949 2968 Theodulum
997 2911 1318 2966 vendiderit.
1357 2910 1633 2965 Decimum
1681 2910 1988 2978 septimum,
2046 2909 2191 2977 quod

612 3005 866 3061 Ecclesia:
895 3004 1095 3059 reditus
1118 3017 1275 3058 nemo
1303 3002 1515 3057 noverit
1529 3017 1635 3071 quo
1665 3001 1880 3055 abeant.
1912 3001 2189 3055 Decimum

608 3103 881 3161 octavum,
927 3096 1069 3163 quod
1114 3094 1470 3164 Sarapionem
1525 3091 1637 3165 (l9)
1679 3103 2016 3159 accusatum,
2057 3106 2190 3145 cau-

2299 539 2582 611 διέπρασεο
2638 540 2921 610 τέταρτον,
2967 544 3049 596 ὅτι
3104 547 3174 599 τὰ
3233 548 3502 621 μάρμαρα
3562 550 3664 619 τῆς
3718 551 3882 617 ἁγίας

2312 634 2707 699 Ἀναστασίας,
2754 634 2790 689 ἆ
2820 636 2865 667 ³⁵
2907 636 3214 710 Νεκτάριος
3256 644 3337 705 εἰς
3366 644 3728 716 μαρμάρωσιν
3774 646 3881 715 τῆς

2295 724 2592 795 ἐκκλησίας
2618 726 2910 780 ἐναπέθετο
2929 769 2944 793 ,
2992 723 3149 794 οὗτος
3180 731 3465 803 διέπρασε·
3499 736 3774 804 πέμπτον,
3797 739 3880 790 ὅτι

2292 814 2421 876 τοὺς
2448 814 2745 884 κληρικοὺς
2789 815 3020 885 ἀτίμους
3060 820 3156 873 καὶ
3196 820 3635 893 διεφθαρμένους
3659 828 3753 877 καὶ
3786 826 3882 879 αύ-

2290 905 2797 975 τοπαραχρήτους³⁶
2822 909 2916 959 καὶ
2948 909 3390 979 τριοϐολιμαίους
3419 913 3655 983 ὑϐρίζειν
3689 916 3876 980 ἕκτον,

2290 996 2372 1048 ὅτι
2401 995 2491 1048 τὸν
2514 996 2669 1064 ἆγιον
2720 997 3033 1067 Ἐπιφάνιον
3063 1000 3228 1070 λῆρον
3262 1004 3446 1057 ἐκάλει
3488 1006 3529 1038 ³⁷
3561 1007 3657 1060 καὶ
3689 1008 3881 1078 δαιμο-

2291 1086 2500 1157 νιάριον
2527 1103 2541 1118 ·
2607 1089 2860 1157 ἕϐδομον,
2900 1090 2984 1143 ὅτι
3030 1094 3172 1146 κατὰ
3216 1094 3549 1167 Σεϐηριανοῦ
3610 1101 3883 1170 συσκευὴν

2293 1178 2609 1249 ἐποιήσατο,
2656 1180 2747 1252 [56
2777 1180 2871 1252 R.)
2909 1183 3138 1251 κινήσας
3181 1187 3302 1239 κατ’
3328 1189 3495 1242 αὐτοῦ
3535 1190 3661 1253 τοὺς
3714 1191 3881 1245 δεκα-

2290 1269 2437 1334 νούς·
2468 1269 2682 1338 ὄγδοον,
2718 1274 2797 1326 ὅτι
2827 1273 2920 1326 καὶ
2951 1276 3094 1329 κατὰ
3123 1276 3217 1330 τοῦ
3256 1278 3459 1351 κλήρου
3488 1284 3881 1351 συκοφαντικδν

2294 1362 2496 1432 βιϐλίον
2560 1365 2984 1417 κατεσκεύασεν·
3052 1366 3294 1435 ἔννατον,
3359 1372 3443 1424 ὅτι
3501 1375 3883 1445 συγκροτήσας

2293 1455 2571 1524 συνέδριον
2600 1458 2802 1518 παντὸς
2832 1456 2926 1509 τοῦ
2944 1458 3150 1528 κλήρου
3182 1462 3377 1531 ἔστησε
3403 1466 3551 1533 τρεῖς
3572 1466 3877 1530 διακόνους,

2304 1543 2581 1607 Ἀκάκιον,
2629 1544 2882 1613 Ἐδάφιον
2903 1587 2919 1610 ,
2963 1548 3218 1619 Ἰωάννην
3240 1590 3253 1613 ,
3288 1555 3675 1623 κατηγορήσας
3714 1555 3790 1617 ὡς
3820 1555 3881 1607 τὺ

2297 1635 2568 1704 μαφόριον
2591 1633 2634 1665 ³⁸
2652 1635 2815 1688 αὐτοῦ
2841 1637 3348 1706 κλέψαντας,λέγων
3362 1642 3453 1712 Μὴ
3478 1644 3572 1696 καὶ
3589 1646 3667 1706 είς
3683 1644 3810 1697 ἄλλο
3824 1661 3880 1698 τι

2291 1723 2423 1776 αὐτὸ
2449 1722 2641 1775 ἔλαϐον
2664 1740 2679 1788 ;
2701 1724 2946 1789 δέκατον,
2980 1729 3062 1779 ὅτι
3092 1729 3375 1782 ’Λντώνιον
3394 1729 3710 1800 ἐλεγχθέντα
3738 1749 3879 1802 τυμ-

2231 1824 2275 1879 Β
2308 1814 2555 1887 ϐωρύχον
2597 1818 3009 1889 ἐχειροτόνησεν
3044 1819 3343 1874 ἐπίσκοπον
3366 1836 3380 1849 ·
3454 1820 3758 1883 ἑνδέκατον,
3793 1823 3878 1875 ὅτι

2305 1906 2558 1976 Ἰωάννην
2596 1908 2687 1959 τὸν
2718 1909 2936 1979 κόμητα
2974 1911 3033 1963 ὲν
3072 1914 3137 1981 τῇ
3165 1912 3354 1964 στάσει
3380 1912 3493 1965 τῶν
3532 1914 3879 1982 στρατιωτῶν

2291 1997 2452 2060 αὐτὸς
2517 1999 2921 2069 κατεμήνυσεν⁸
2986 1999 3319 2065 δωδέκατον,
3372 2000 3455 2053 ὃτι
3498 1998 3623 2053 οὔτε
3671 1998 3880 2070 προῖὼν

2289 2088 2499 2157 ηὔξατο
2547 2091 2628 2152 είς
2679 2090 2781 2159 τὴν
2812 2090 3113 2161 ἐκκλησίαν
3145 2092 3270 2145 οὔτε
3296 2092 3506 2146 είσιώνν
3565 2092 3880 2161 τρισκαιδέ-

2289 2196 2480 2245 κατον,
2511 2180 2593 2233 ὅτι
2627 2180 2757 2234 ἄνευ
2809 2181 3194 2254 θυσιαστηρίου
3239 2186 3575 2255 χειροτονίας
3616 2185 3879 2238 διακόνων

2291 2274 2384 2326 καὶ
2408 2275 2793 2347 πρεσϐυτέρων
2838 2275 3082 2346 ἐποίησε·
3127 2276 3741 2346 τεσσαρεσκαιδέκατον,
3790 2276 3874 2329 ὅτι

2291 2362 2350 2413 ὲν
2379 2364 2481 2433 μιᾷ
2544 2364 2853 2434 χειροτονίᾳ
2920 2364 3012 2435 [26
3062 2363 3157 2436 H.]
3222 2364 3496 2435 τέσσαρας
3547 2366 3878 2426 ἐπισκόπους

2292 2454 2539 2524 ἐποίησεν
2568 2456 3074 2523 πεντεκαιδέκατον,
3104 2456 3185 2509 δτι
3213 2455 3428 2525 δέχεται
3483 2457 3748 2523 γυναῖκας
3781 2471 3883 2524 μοι·

2291 2546 2638 2617 νοπρόσμονα
2675 2548 2718 2579 ⁸³
2747 2586 2760 2611 ,
2796 2546 3008 2609 πάντας
3053 2545 3332 2599 ἐκϐάλλων
3372 2546 3441 2577 ⁸⁹⁶
3469 2545 3594 2609 ἔξω·
3637 2544 3880 2610 ἑξκαιδε-

2293 2653 2491 2699 κατον,
2518 2638 2601 2690 ὅτι
2635 2637 2734 2700 τὴν
2764 2638 3131 2708 κληρονομίαν
3156 2637 3255 2708 τὴν
3285 2637 3394 2691 ἀπὸ
3408 2638 3453 2669 ⁸⁸
3472 2636 3680 2701 Θέκλας
3704 2655 3875 2690 κατα-

2292 2727 2603 2795 λειφθεῖσαν
2629 2729 2881 2801 πέπρακε
2906 2730 2994 2783 διὰ
3029 2729 3341 2783 Θεοδούλου·
3378 2730 3870 2795 ἑπτακαιδέκατον,

2291 2820 2373 2872 δτι
2397 2819 2465 2873 τὰ
2498 2821 2757 2891 προσόδια
2772 2821 2871 2889 τῆς
2886 2820 3213 2892 Ἐκκλησίας
3236 2821 3410 2884 οὐδεὶς
3434 2817 3541 2874 οἶδε
3568 2820 3669 2873 ποῦ
3693 2822 3875 2891 ἀπῆλ-

2294 2912 2405 2966 θεν·
2424 2914 2891 2968 ὀκτωκαιδέκατον
2906 2915 2986 2967 ὄτι
3010 2914 3341 2984 Σαραπίωνα
3360 2914 3463 2967 ὑπὸ
3481 2912 3729 2984 ἔγκλημα
3746 2912 3876 2967 ὄντα

2294 3001 2664 3072 πρεσϐύτερον
2684 3004 3109 3074 ἐχειροτόνησενο
3134 3002 3630 3069 ἐννεακαιδέκατον,
3647 3004 3729 3056 ὅτι
3748 3005 3874 3068 τοὺς

2294 3094 2647 3155 κοινωνικούς
2707 3094 2810 3163 τῆς
2865 3093 3192 3163 οἰκουμένης
3243 3096 3384 3147 κατὰ
3430 3093 3657 3164 γνώμην
3708 3092 3876 3145 αὑτοῦ

612 3201 836 3256 samque
866 3187 1032 3240 etiam
1067 3195 1178 3240 tum
1217 3186 1511 3247 dicentem,
1544 3184 1923 3253 presbyterum
1962 3183 2185 3238 ordina-

2294 3183 2710 3253 ἐγκλεισθέντας
2742 3155 2854 3252 {titul
2913 3155 3344 3255 τελευτήσαντας
3393 3155 3452 3238 ὲν
3503 3155 3569 3255 τῇ
3610 3155 3624 3164 ’
3657 3183 3872 3254 φυλακῇ

614 3281 705 3334 rit.
776 3277 1051 3331 Decimum
1102 3288 1324 3337 novum,
1360 3275 1503 3343 quod
1543 3274 2008 3327 communicantes
2063 3286 2185 3326 cum

613 3373 745 3428 orbe
795 3370 1049 3423 universo
1093 3367 1238 3437 (20),
1283 3367 1453 3437 ipsius
1500 3366 1783 3421 voluntate
1831 3364 2085 3427 inclusos,
2133 3372 2189 3417 et

615 3466 667 3518 in
706 3460 950 3516 custodia
995 3468 1263 3524 mortuos,
1312 3456 1723 3526 contempserit,
1770 3466 1829 3510 ut
1858 3471 1924 3510 ne
1954 3470 2187 3524 corpora

614 3556 829 3626 quidem
878 3553 1117 3623 ipsorum
1158 3550 1450 3620 sepulturae
1480 3548 1788 3604 mandanda
1830 3550 2056 3602 curarit.
2096 3546 2185 3600 Vi-

614 3646 903 3711 cesimum,
938 3644 1082 3714 quod
1127 3642 1324 3710 injuria
1360 3639 1767 3696 sanctissimum
1810 3639 2069 3694 Acacium
2105 3638 2187 3692 af-

617 3738 826 3803 leceril,
876 3745 932 3790 et
984 3748 1053 3788 ne
1096 3734 1163 3788 ad
1206 3731 1540 3803 colloquium
1598 3731 1817 3801 quidem
1861 3730 2035 3801 ipsum
2092 3729 2189 3783 ad-

616 3828 846 3883 miserit.
920 3824 1254 3881 Vicesimum
1315 3824 1572 3896 primum,
1624 3823 1767 3892 quod
1826 3821 2188 3892 Porphyrium

614 3920 990 3990 presbyterum
1025 3917 1314 3987 Eutropio,
1343 3927 1403 3971 ut
1434 3917 1487 3970 in
1525 3915 1776 3971 exsilium
1799 3915 2043 3983 pelleret.
2080 3922 2188 3966 tra-

614 4011 834 4065 diderit.
867 4010 1196 4066 Vicesitnunt
1229 4010 1551 4074 secundum,
1577 4008 1862 4077 quoditem
1901 4004 2185 4058 Bereniunt

613 4100 952 4154 sacerdotem
990 4098 1336 4153 contumeliis
1387 4098 1569 4150 multis
1616 4096 1758 4149 male
1784 4104 2064 4164 acceptum
2098 4095 2189 4146 de-

614 4191 816 4246 diderit
842 4190 975 4261 (2i).
1018 4189 1348 4244 Vicesimum
1380 4188 1627 4254 tertium,
1655 4187 1799 4256 quod
1842 4186 1919 4240 illi
1948 4186 2045 4241 soli
2076 4184 2191 4239 bal-

616 4298 779 4337 neum
829 4282 1213 4347 succendatur,
1258 4289 1312 4336 et
1346 4280 1436 4335 ubi
1481 4280 1701 4346 laverit,
1740 4277 2010 4347 Sarapion
2039 4276 2190 4332 clau-

617 4376 709 4430 dat
735 4373 969 4441 labrum,
999 4375 1073 4429 ita
1127 4384 1184 4429 ut
1229 4374 1371 4429 alius
1418 4385 1577 4427 nemo
1627 4371 1791 4425 lavet.
1841 4371 2105 4437 Quartum
2136 4380 2191 4423 et

614 4468 958 4532 vicesimum,
989 4468 1131 4537 quod
1180 4467 1301 4521 sine
1356 4465 1585 4520 testibus
1632 4463 1769 4532 18b
1807 4462 2004 4515 multos
2042 4460 2188 4514 ordi-

612 4556 780 4611 narit.
806 4555 1062 4622 Quintum
1094 4564 1149 4610 et
1173 4555 1515 4620 vicesimum,
1543 4552 1687 4621 quod
1716 4551 1875 4607 solus.
1895 4549 2008 4620 (22)
2039 4553 2185 4615 edat,

2292 3278 2545 3347 ὑπερεῖδε
2577 3315 2594 3342 ,
2642 3276 2736 3329 καὶ
2793 3275 2913 3328 οὐδὲ
2968 3276 3289 3346 προπέμψαι
3321 3278 3364 3309 ⁸³
3418 3276 3488 3330 τὰ
3537 3276 3874 3346 σκηνώματα

2290 3368 2469 3422 αὐτῶν
2499 3369 2840 3438 κατηξίωσεν
2864 3368 2930 3399 ⁸³·
2990 3369 3256 3433 εἰκοστὸν,
3290 3370 3373 3422 ὃτι
3427 3369 3520 3422 τὸν
3569 3368 3873 3437 ἁγιώτατον

2303 3460 2556 3514 Ἀκάκιον
2587 3458 2775 3529 ὕϐρισε
2807 3460 2902 3512 καὶ
2950 3458 3075 3512 οὕτε
3121 3459 3283 3529 λόγου
3337 3459 3640 3530 μετέδωκεν
3698 3459 3868 3528 αὐτῷ·

2289 3551 2532 3603 εἰκοστὸν
2551 3550 2788 3621 πρῶτον,
2802 3551 2884 3604 ὃτι
2902 3550 3210 3623 Πορφύριον
3226 3552 3315 3605 τὸν
3338 3552 3711 3623 πρεσϐύτερον
3728 3566 3872 3620 παρ-

2289 3641 2492 3695 έδωκεν
2521 3641 2807 3712 Εύτροπίῳ
2829 3642 3195 3713 ἐξορισθῆναι·
3218 3644 3461 3696 εἰκοστὸν
3485 3643 3755 3713 δεύτερον,
3788 3642 3872 3695 ὅτι

2291 3734 2388 3788 καὶ⁵
2426 3733 2677 3805 Βενέριον
2708 3735 2754 3766 ⁸³
2787 3734 3161 3805 πρεσϐύτερον
3188 3735 3472 3804 παρέδωκε
3505 3735 3625 3805 μεθ’
3660 3735 3873 3804 ὕϐρεως

2292 3826 2513 3897 πολλῆςο
2561 3825 2804 3881 εἰκοστὸν
2854 3825 3061 3896 τρίτον,
3103 3828 3185 3880 ὅτι
3239 3826 3388 3898 αὐτῷ
3454 3829 3600 3898 μόνῳ
3646 3825 3872 3896 λουτρὸν

2291 3918 2635 3981 ὐποκαίεται,
2661 3918 2756 3970 κα)⁵
2793 3918 2933 3987 μετὰ
2964 3918 3025 3971 τὸ
3067 3917 3361 3971 λούσασθαι
3388 3918 3549 3971 αὑτὸν
3576 3919 3872 3989 Σαραπίων

2290 4009 2511 4064 ἀπολύει
2533 4009 2577 4041 ’⁸⁵
2596 4009 2695 4078 τὴν
2720 4008 2973 4077 ἔμϐασιν,
2997 4008 3139 4061 ὥστε
3163 4010 3321 4064 ἄλλον
3347 4010 3469 4063 τινὰ
3502 4009 3577 4081 μὴ
3594 4008 3866 4062 λούεσθαι·

2295 4101 2541 4153 εἰκοστὸν
2584 4100 2867 4169 τέταρτον,
2902 4100 2985 4153 ὅτι
3023 4101 3250 4164 πολλοὺς
3294 4102 3627 4171 ἀμαρτύρως
3661 4102 3869 4171 ὲχειρο-

2292 4193 2541 4263 τόνησεν⁶
2585 4193 2831 4245 εἰκοστὸν
2851 4193 3124 4263 πέμπτον,
3141 4194 3222 4247 ὅτι
3256 4194 3413 4262 μόνος
3433 4192 3597 4245 ἐσθίει
3621 4191 3867 4255 ἀσώτως,

2293 4282 2402 4346 ζῶν
2418 4280 2742 4336 Κυκλώπων
2765 4281 2897 4351 βίονο
2920 4283 3165 4336 εἰκοστὸν
3187 4281 3342 4335 ἕκτον
3363 4282 3444 4335 ὅτι
3462 4281 3625 4343 αὐτὸς
3643 4295 3872 4348 κατηγο-

2298 4376 2399 4445 ρεῖ,
2418 4373 2579 4438 αὐτὸς
2613 4377 2902 4446 μαρτυρεῖ,
2929 4375 3093 4438 αὐτὸς
3107 4374 3465 4443 ἀποφαίνεται
3483 4372 3599 4443 (καὶ
3622 4369 3780 4441 δῆλον
3806 4372 3874 4423 ὲκ

2225 4495 2264 4548 D
2295 4465 2404 4518 τῶν
2438 4464 2567 4535 περὶ
2601 4466 2920 4538 Μαρτύριον
2943 4466 3036 4519 τὸν
3076 4465 3529 4536 πρωτοδιάκονον,
3560 4463 3655 4517 καὶ
3680 4463 3745 4515 ἐκ
3763 4461 3875 4514 τῶν

2300 4555 2429 4626 περὶ
2449 4557 2826 4628 Προαιρέσιον,
2853 4558 3006 4626 φασὶ,
3024 4558 3115 4610 τὸν
3134 4556 3341 4620 Λυκίας
3361 4553 3702 4624 ἐπίσκοπον)·
3723 4555 3873 4606 εἰκο-

1919 4684 2151 4741 VARUE
2180 4686 2473 4743 LECTION
2483 4689 2585 4743 ES.

686 4785 731 4861 9"
751 4802 860 4838 των
892 4785 1190 4861 κειμηλίων
1220 4785 1286 4839 Α.
1428 4779 1487 4861 ἃ]
1510 4778 1667 4861 διό-ς..
1744 4778 1789 4809 ³⁸
1805 4780 2322 4861 αύτρπαρακλήτους
2352 4798 2461 4861 mg.
2481 4781 2767 4861 editorum.
2789 4851 2801 4861 _
2847 4781 3253 4861 ⁸⁸⁷ιὶιπεκάλεικῖ⁵
3324 4780 3370 4812 ³⁸
3399 4780 3797 4861 ᾠμοφδριονςἰ
3828 4772 3875 4812 ³⁸

606 4855 786 4925 ,μόνας
815 4856 953 4926 πρὸς
984 4849 1152 4923 μόνας
1181 4872 1241 4918 ς.
1317 4852 1385 4926 ³⁹ξ
1455 4849 1705 4926 ἔκδοξλάξν
1737 4866 1796 4912 ς-

619 4919 710 4978 σεν
742 4943 802 4990 ς.
857 4919 923 4957 ’⁸³
964 4919 1211 4996 Βερένιον
1241 4942 1301 4988 ς.
1370 4921 1417 4959 ⁸⁸
1443 4919 1722 4974 ἀποκλείει
1750 4932 1860 4988 ing.
1895 4921 2020 4975 edd.

1874 4849 1920 4879 ¹⁶⁰
1945 4847 2074 4923 ἀπὸ]
2107 4847 2328 4919 praestat
2356 4847 2483 4905 ὑπό.
2557 4852 2602 4885 ’δι
2626 4849 2948 4923 προπέμψαι
2972 4863 3091 4920 pom
3114 4849 3294 4903 αὐτῶν
3321 4847 3470 4919 ponit
3499 4868 3558 4915 ς.
3595 4847 3604 4849 ’
3632 4850 3678 4881 δ’
3709 4850 3877 4919 ἠξίω-

2124 5036 2361 5097 NOTAE.

690 5132 803 5204 (16)
838 5134 914 5189 De
962 5148 1067 5201 quo
1094 5132 1218 5186 vide
1264 5128 1496 5204 Niceph.
1544 5127 1810 5204 lib._tt_ttt,
1857 5142 1977 5199 cap.
2005 5128 2061 5195 9,
2094 5129 2196 5184 sub

606 5197 714 5268 lin,
746 5197 800 5259 et
824 5197 1026 5272 Georg.
1056 5202 1320 5272 Alexand.
1352 5198 1477 5253 intr.
1506 5198 1627 5272 cod.
1655 5197 1746 5252 96.

2372 5132 2485 5202 (20)
2540 5132 2676 5193 Τοὺς,
2707 5130 3058 5193 κοινωνικούς
3102 5129 3201 5198 τῆς
3232 5128 3582 5202 οἰκουμένης,
3622 5142 3883 5202 quasse-

2299 5198 2519 5273 quettt'is
2564 5201 2725 5273 libelli
2763 5219 2812 5253 c.
2849 5202 2938 5273 10,
2977 5198 3328 5273 κοινωνικούς
3528 5198 3880 5273 Ἐκκλησίας.

692 5267 803 5345 (l7)
842 5267 1089 5345 Δεκαῖιοὶ,
1119 5271 1187 5345 8.Δ
1210 5269 1472 5339 Epiphan.
1516 5267 1701 5345 lib._ttt
1730 5278 1975 5345 extremo
2009 5278 2199 5322 contra
2302 5267 2353 5345 id
2383 5272 2893 5345 εειὲκαθολικοὺς,
2920 5269 3384 5345 Isaacinsnvocat.
3423 5268 3546 5322 illos
3575 5267 3766 5345 nempe
3797 5272 3884 5345 di-

619 5336 814 5401 hm‘res.
851 5347 913 5410 Ε,
943 5344 994 5396 οἱ
1023 5342 1094 5395 τὰ
1123 5336 1354 5411 σώματα
1382 5336 1825 5411 περιστέλλοντες
1853 5338 1963 5411 τών
1992 5354 2202 5411 κοιμωτ-

2300 5343 2377 5397 cit
2405 5360 2434 5397 a
2467 5342 2769 5413 TheOphilo
2813 5339 3119 5413 submissos
3155 5338 3449 5413 Catholicae
3480 5338 3884 5413 communionis

626 5416 852 5486 pévmv.
886 5405 949 5469 Et
1005 5405 1323 5486 NonL-69,
1377 5405 1485 5486 qui,
1518 5424 1650 5486 cum
1710 5405 2048 5486 ἀκολούθοις,
2087 5405 2214 5486 καὶ
2304 5405 2636 5475 monachos,-
2674 5411 2980 5486 Longor‘nm
3038 5408 3501 5486 fratrutn,_ve_lut__
3529 5407 3883 5486 Orige'nista-

622 5474 969 5556 ἄσκητρίαςς,
1007 5474 1442 5556 καὶ-κανονικαῗς
1464 5479 1735 5549 κάμνουσι
1792 5477 1925 5550 περὶ
1966 5478 2064 5544 τὴν
2092 5477 2202 5530 τῶν
2309 5496 2428 5556 rnm
2469 5474 2855 5556 accusatores;
2873 5479 3095 5556 gertum
3128 5477 3182 5532 id
3208 5491 3272 5533 ex
3301 5477 3563 5545 Palladio,
3594 5474 3652 5531 et
3679 5474 3881 5548 Georg.

608 5552 891 5623 .lsttpldv'wv
910 5552 1171 5623 ἐκφοράν.

694 5618 815 5703 (18).
866 5618 1760 5703 0_Iy_mpiadem_atqueﬁicetam,
1792 5627 1846 5677 et
1885 5619 2017 5677 alias
2041 5620 2199 5676 beato

620 5691 820 5750 loanni
848 5691 1220 5749 ministrantes
1253 5691 1524 5760 intelligit.

699 5763 812 5836 (l9)
852 5763 985 5822 Vide
1010 5762 1293 5824 Socratem
1328 5761 1423 5819 lib.
1453 5774 1540 5817 vn.

2309 5551 2461 5607 Alex.
2493 5551 2621 5605 inl'r.
2656 5553 2781 5607 cod.
2817 5548 3000 5603 XCVI.

2382 5620 2494 5691 (21)
2528 5622 2937 5691 Berrhteensetn
2968 5618 3139 5691 episc.

2380 5686 2506 5761 (22),
2539 5693 2743 5761 Causas
2790 5687 2951 5746 alie’rt
2998 5686 3198 5761 Georg.
3237 5689 3510 5746 Alexand.
3547 5689 3600 5744 iu
3634 5687 3742 5743 vita
3775 5686 3881 5742 inf.

2311 5763 2431 5818 cod.
2469 5760 2600 5818 XCI.
