4146 6464
329 393 434 460 109

1460 389 1987 449 BIBLIOTHECA.
2026 410 2088 422 --
2128 385 2293 447 COD.
2320 385 2471 446 LIX.

3476 378 3578 445 110

324 503 455 555 στὸν
486 499 737 569 ἕϐδομον,
764 498 844 551 ὅτι
860 496 1086 568 γρόνθον
1105 496 1271 549 ἔδωκε
1290 497 1534 565 Μέμνονι
1547 498 1604 549 ἐν
1624 500 1736 558 τοῖς
1751 496 1913 548 Ἀπο-

2039 503 2437 564 ntemperanter
2490 491 2783 564 Cyclopum
2844 491 3007 545 vitam
3083 490 3305 560 degens.
3369 489 3577 544 Vicesi~

331 592 563 656 στόλοις,
588 591 688 642 καὶ
723 589 937 660 ῥέοντος
967 587 1061 640 τοῦ
1092 588 1323 657 αἵματος
1346 589 1409 639 ἐκ
1430 586 1522 639 τοῦ
1544 587 1805 656 στόματος
1821 587 1917 639 a6-

326 682 422 735 τοῦ
457 683 765 753 προήνεγκε
789 681 856 733 τὰ
886 680 1180 751 μυστήρια·
1244 678 1487 732 εἰκοστὸν
1521 678 1730 746 ὄγδοον,
1754 680 1839 732 ὅτι
1859 679 1917 732 ἐν

328 774 502 843 θρόνῳ
529 771 825 826 ἀποδύεται
856 771 953 824 καὶ
973 770 1221 824 ἐνδύεται
1243 769 1337 824 καὶ
1355 769 1613 823 πάστιλον
1631 770 1675 801 ⁸⁸
1693 768 1913 839 τρώγεισ

326 864 575 917 εἰκοστὸν
632 863 875 926 ἔννατον,
924 862 1007 915 δτι
1044 862 1139 914 καὶ
1178 864 1438 931 χρήματα
1469 864 1585 923 τοῖς
1620 858 1716 912 ὑπ’
1755 858 1919 911 αὐτοῦ

330 955 826 1026 χειροτονουμένοις
861 954 1179 1016 ἐπισκόποις
1221 954 1456 1017 δίδωσιν,
1512 953 1598 1007 ἵνα
1626 952 1693 1005 δι’
1725 951 1905 1005 αὐτῶν

330 1049 609 1116 καταπονῇ
644 1045 740 1098 τοῦ
768 1045 867 1114 κλή
879 1062 992 1116 ρου.

2015 601 2160 640 mum
2218 594 2455 650 sextum,
2504 584 2648 653 quod
2701 582 2843 637 idem
2887 582 3004 652 ipse
3049 591 3290 647 accuset,
3328 581 3578 648 idemque

2016 676 2170 731 testis
2207 675 2299 738 sit,
2340 689 2406 729 ac
2432 674 2618 743 iudex.
2659 672 2884 728 Planum
2932 672 2987 727 id
3029 687 3149 727 esse
3171 687 3234 726 ex
3278 671 3408 735 illis,
3459 686 3579 740 quae

2014 782 2137 821 cum
2194 766 2457 837 Martyrio
2514 767 2935 828 archidiacono,
2985 774 3040 817 et
3103 779 3224 817 cum
3277 761 3579 817 Proseresio

2015 857 2194 928 Lycia:
2247 857 2506 927 episcopo
2558 867 2707 927 gesta
2746 856 3080 936 referantur.
3110 854 3455 909 .Vicesimutn
3489 868 3581 908 se-

2013 949 2265 1018 ptimum,
2319 948 2464 1017 quod
2515 962 2693 1017 pugno
2733 946 2848 1017 (23)
2899 945 3204 1001 contuderit
3245 944 3581 998 Memnonem

2006 1040 2060 1094 in
2116 1041 2497 1109 Apostolorum
2553 1054 2707 1095 sacra
2765 1039 2900 1103 aede,
2965 1047 3018 1093 et
3070 1037 3327 1106 sanguine
3379 1050 3443 1090 ex
3489 1049 3585 1089 ore

330 1140 502 1209 ipsius
553 1150 828 1205 manante,
890 1139 1241 1195 nihilominus
1302 1138 1646 1194 eucharistiae
1706 1135 1967 1191 obtulerit
2023 1135 2306 1206 mysteria.
2369 1134 2698 1189 Vicesimutn
2757 1143 3027 1197 octavum,
3079 1135 3223 1201 quod
3277 1132 3328 1185 in
3390 1132 3586 1185 throno

329 1234 555 1286 exuitur
591 1242 647 1287 et
698 1233 959 1297 induitur,
998 1240 1054 1286 et
1087 1231 1360 1300 pastillum
1393 1231 1506 1301 (24)
1530 1230 1660 1285 edit.
1694 1229 2025 1283 Vicesimum
2068 1227 2475 1297 nonum,'quod
2537 1227 2809 1296 episc0pis
2878 1240 2907 1279 a
2973 1240 3030 1280 se
3094 1223 3357 1279 ordinatis
3423 1236 3588 1291 pecu-

335 1325 454 1379 nias
486 1324 767 1393 largiatur,
803 1333 862 1377 ut
883 1338 979 1390 per
1012 1324 1132 1378 illos
1173 1324 1453 1380 laboribus
1483 1323 1685 1377 clerum
1717 1322 2010 1391 opprimat.

408 1417 489 1469 Τὰ
511 1417 610 1486 μὲν
633 1418 777 1471 κατὰ
798 1417 843 1449 ⁸⁸
875 1418 968 1471 τοῦ
998 1418 1152 1487 ἁγίου
1193 1418 1463 1487 κεφάλαια
1482 1416 1675 1471 ταῦτα’
1709 1419 1915 1479 ἐκεῖνος

334 1504 392 1557 δὲ
423 1503 687 1575 τέταρτον
709 1506 1073 1577 προσκληθεὶς
1093 1508 1152 1559 οὐ
1178 1508 1532 1578 παρεγένετο,
1550 1507 1918 1578 δηλοποιήσας

335 1598 451 1654 τοῖς
465 1595 986 1663 προσκαλουμένοις,
1004 1596 1085 1647 ὅτι
1103 1613 1122 1645 t
1148 1597 1206 1648 Ei
1228 1599 1351 1659 τοὺς
1371 1598 1665 1667 προφανεῖς
1688 1594 1917 1664 ἐχθροὺς

338 1684 448 1737 ἀπὸ
461 1686 563 1753 τῆς
577 1685 784 1748 τάξεως
794 1686 901 1737 τῶν
921 1689 1211 1755 κρινόντων
1236 1686 1629 1757 παραστέλλετε
1652 1687 1695 1718 ⁸⁷
1711 1685 1924 1755 ἕτοιμός

340 1776 567 1843 είμικαὶ
582 1777 1010 1845 παραγενέσθαι,
1036 1778 1131 1830 καὶ
1155 1777 1562 1846 ἀπολογεῖσθαι,
1582 1777 1727 1839 ehi;
1753 1776 1804 1829 τί
1821 1792 1922 1845 μου

341 1866 657 1934 κατηγορεῖ·
677 1866 795 1919 εἰδὲ
805 1866 962 1919 τοῦτο
975 1869 1149 1920 ποιεῖν
1160 1868 1218 1920 οὐ
1234 1866 1486 1937 βούλεσθε
1497 1907 1509 1927 .
1523 1866 1710 1928 ὁσάκις
1723 1867 1788 1920 ἂν
1799 1868 1927 1919 ἁπο-

346 1952 611 2023 στείλητε,
634 1954 784 2008 οὐδὲν
805 1955 965 2009 πλέον
986 1957 1373 2031 ἀνυσθήσεται.
1401 1976 1421 2010 ι
1441 1957 1740 2025 Ἑξήτασαν
1756 1956 1833 2020 δὲ,
1850 1954 1925 2017 ὼς

345 2040 629 2109 ἐνόμισαν,
653 2043 847 2096 ἐκτῶν
874 2045 1186 2112 κεφαλαίων
1232 2045 1442 2099 τούτων
1486 2045 1547 2098 τὸ
1573 2045 1790 2115 πρῶτον
1831 2045 1924 2097 καὶ

346 2136 406 2188 τὸ
429 2135 722 2204 δεύτερον,
778 2131 896 2188 εἶτα
944 2137 1183 2207 ἧρξαντο
1234 2138 1365 2207 περὶ
1431 2136 1780 2206 Ἡρακλείδου
1833 2138 1928 2189 καὶ

350 2226 651 2281 Παλλαδίου
695 2225 790 2282 τοῦ
841 2226 1271 2293 Ἐλενουπόλεως
1312 2227 1420 2282 τῶν
1456 2227 1771 2283 ἐπισκόπων
1841 2227 1930 2294 ἐξ·

348 2320 588 2382 στάζειν·
622 2319 719 2371 καὶ
749 2320 993 2373 ἐπέδωκε
1032 2320 1077 2352 ⁸⁸
1127 2320 1371 2373 λίϐελλον
1427 2320 1590 2373 πάλιν
1628 2322 1657 2372 ὁ
1696 2321 1928 2389 μοναχὸς

365 2408 654 2477 Ἰωάννης,
688 2403 750 2462 οὗ
785 2412 813 2463 ό
842 2409 1089 2473 διάκονος
1125 2410 1379 2478 Ἰωάννης
1424 2411 1482 2464 ἐν
1509 2413 1630 2472 ταῖς
1668 2410 1809 2465 κατὰ
1832 2410 1926 2462 τοῦ

353 2499 743 2571 Χρυσοστόμου
792 2503 1151 2572 κατηγορίαις
1197 2503 1463 2572 ἐμνήσθη,
1492 2504 1740 2571 ἐγκαλῶν
1788 2501 1931 2555 κατὰ

365 2590 718 2660 Ἡρακλείδου
771 2593 852 2646 ὅτι
902 2595 1346 2666 Ὢριγενειαστής
1394 2597 1530 2659 ἐστι,
1574 2594 1662 2665 ['37
1693 2593 1785 2665 3.]
1836 2594 1931 2646 καὶ

354 2684 438 2737 ὅτι
466 2684 707 2753 κλέπτης
728 2686 987 2756 ἐφωράθη
1013 2688 1070 2739 ἐν
1090 2686 1398 2759 Καισαρείᾳ
1421 2686 1523 2755 τῆς
1548 2685 1930 2755 Παλαιστίνης,

359 2773 558 2843 ἱμάτια
609 2773 705 2827 τοῦ
756 2774 1006 2829 διακόνου
1053 2774 1338 2828 ’Λκυλίνου
1382 2773 1666 2836 κλέπτων,
1711 2775 1805 2827 καὶ
1851 2775 1933 2826 ὃτι

360 2865 545 2930 αὐτὸν,
580 2866 743 2935 φησὶν
766 2906 782 2930 ,
822 2868 849 2919 ὀ
895 2866 1194 2930 ἐπίσκοπος
1247 2866 1500 2935 Ἰωάννης
1538 2865 1778 2919 τοιοῦτον
1803 2864 1933 2917 ὄντα

359 2955 442 3018 είς
468 2955 700 3021 Ἔφεσον
731 2956 1154 3027 ἐχειροτόνησεν.
1205 2955 1479 3010 Ἐνεκάλει
1513 2957 1556 2988 ‘9
1588 2956 1647 3009 δὲ
1690 2956 1784 3008 καὶ
1813 2955 1932 3008 κατ’

2094 1416 2220 1471 lltnc
2255 1416 2616 1470 accusationis
2646 1415 2698 1467 in
2724 1423 2971 1467 sanctum
3006 1413 3180 1466 virum
3210 1411 3385 1478 capita
3412 1416 3534 1463 sunt
3570 1424 3583 1462 ε

2026 1507 2119 1575 qui
2167 1506 2383 1574 quidem
2425 1514 2677 1571 quartum
2741 1502 3040 1573 appellatus
3101 1517 3206 1556 non
3259 1499 3586 1567 comparuit,

2029 1597 2326 1652 citantibus
2377 1596 2489 1667 (25)
2532 1597 2865 1663 respondens
2902 1612 2915 1648 :
2976 1611 2995 1643 t
3034 1591 3091 1646 Si
3138 1600 3359 1659 apertos
3406 1592 3591 1643 hostes

2025 1689 2263 1758 judicum
2297 1687 2487 1741 ordine
2516 1684 2918 1747 submovcritis,
2967 1692 3185 1753 prmsto,
3220 1683 3416 1753 inquit,
3449 1696 3590 1746 sum,

2028 1793 2220 1847 meque
2271 1779 2497 1838 sistam;
2546 1787 2606 1829 ut
2640 1777 2683 1830 si
2720 1776 2844 1845 quis
2894 1789 2980 1830 me
3036 1778 3330 1839 accusarit,
3372 1787 3591 1829 causam

2027 1873 2202 1926 dicam
2238 1888 2251 1922 :
2285 1870 2366 1924 sin
2394 1869 2444 1923 id
2480 1869 2662 1923 facere
2705 1866 3157 1930 detrectaveritis,
3196 1865 3408 1935 quaties
3453 1864 3592 1917 cita-

2027 1963 2175 2028 bitis,
2235 1961 2368 2015 nihil
2423 1959 2737 2030 proficiatis.
2775 1976 2794 2009 ›
2839 1956 3231 2011 Examinarunt
3287 1958 3489 2026 itaque,
3535 1964 3594 2008 ut

2028 2053 2311 2124 putabant,
2346 2054 2536 2106 horum
2566 2050 2808 2104 omnium
2849 2057 3012 2117 caput
3038 2048 3272 2119 primum
3302 2062 3366 2102 ac
3396 2063 3593 2103 secun-

2029 2146 2176 2199 dum.
2213 2142 2350 2196 Hinc
2375 2150 2655 2210 coeperunt
2699 2141 2751 2194 in
2809 2139 3173 2205 Heraclidem,
3202 2148 3257 2194 et
3292 2138 3593 2192 Palladium

2028 2232 2375 2302 llelenopolis
2422 2231 2559 2303 (26),
2619 2230 2906 2301 episcopos
2960 2232 3173 2294 ambos,
3220 2229 3593 2297 conquirere:

2030 2337 2083 2383 et
2111 2326 2348 2381 Joannes
2377 2324 2676 2379 monachus
2706 2323 2879 2392 (cujus
2919 2321 3156 2377 Joannes
3187 2320 3445 2375 diaconus
3480 2316 3598 2390 [27]

2031 2418 2083 2472 in
2116 2418 2230 2471 suis
2258 2416 2405 2470 beati
2435 2413 2810 2484 Chrysostomi
2861 2411 3303 2468 accusationibus
3337 2412 3598 2465 memine-

2030 2510 2135 2579 rat)
2164 2506 2403 2561 libellum
2445 2504 2631 2560 itidem
2666 2505 2930 2574 porrexit,
2965 2517 3229 2557 accusans
3260 2500 3601 2555 Heraclidem

2031 2600 2173 2669 quod
2220 2596 2533 2668 Origenista
2580 2606 2746 2660 esset,
2802 2604 2856 2651 et
2889 2596 3149 2650 Caesarea:
3193 2594 3495 2648 Palaestina:
3546 2592 3599 2646 in
3692 2655 3699 2661 ι

2032 2690 2176 2744 furto
2225 2689 2599 2758 deprehensus
2647 2687 2856 2752 fuisset,
2900 2686 3136 2755 Aquilini
3169 2684 3380 2740 diaconi
3441 2684 3604 2738 vesti-

2035 2791 2213 2835 menta
2280 2782 2531 2844 furatus;
2579 2789 2633 2833 et
2689 2780 2937 2847 quamvis
2998 2778 3124 2833 talis
3175 2787 3340 2839 esset,
3409 2774 3600 2843 inquit.

2032 2870 2271 2925 Joannes
2297 2871 2584 2939 episcopus
2631 2866 2991 2935 Ephesiorum
3022 2882 3144 2922 eum
3178 2868 3490 2937 episcopum
3521 2879 3605 2918 or-

2035 2963 2261 3017 dinavit.
2305 2962 2541 3016 Accusat
2588 2968 2851 3028 praeterea
2914 2959 3086 3027 ipsum
3136 2958 3603 3029 Chrysostomum,

362 3045 529 3101 αὐτοῦ
590 3046 684 3099 τοῦ
736 3048 1145 3117 Χρυσοστόμου,
1188 3048 1264 3113 ὡς
1321 3046 1491 3102 πολλὰ
1544 3047 1689 3101 κακὰ
1744 3044 1931 3100 παθὼν

2036 3055 2180 3124 quod
2234 3052 2402 3107 multa
2451 3049 2889 3121 Origenistarum
2929 3065 3094 3103 causa
3149 3050 3375 3103 adversa
3416 3062 3606 3116 passus

362 3140 528 3210 χάριν
554 3139 665 3192 τῶν
709 3138 1161 3208 Ὤριγενειαστῶν
1188 3140 1277 3193 διὰ
1307 3139 1657 3210 Σαραπίωνος
1685 3138 1781 3192 καὶ
1805 3138 1935 3208 παρ’

362 3226 529 3282 αὐτοῦ
548 3227 757 3281 ἐκείνου
775 3228 844 3281 ⁸⁰.
865 3223 998 3281 Εἶτα
1023 3229 1227 3283 τούτων
1245 3229 1636 3293 ἐξετασθὲντων
1665 3227 1933 3298 ἐξητάσθη

362 3321 529 3375 πάλιν
566 3320 626 3373 τὸ
658 3320 876 3373 ἔννατον
918 3321 1213 3389 κεφάλαιον
1244 3321 1353 3374 τῶν
1391 3320 1773 3391 ἐγκλημάτων,
1816 3314 1935 3373 εἶτα

364 3412 427 3466 τὸ
464 3412 707 3465 εἰκοστὸν
736 3413 857 3465 ἕὸδο
864 3430 982 3482 μον.

437 3500 573 3557 Εἶτα
619 3504 781 3557 πάλιν
824 3505 1202 3574 κατηγόρησεν
1258 3505 1527 3568 Ἰσαὰκιος
1557 3507 1600 3537 Μ
1634 3505 1930 3570 ἐπίσκοπος

365 3594 460 3646 τοῦ
503 3594 854 3663 Ἡρακλείδου
894 3595 970 3655 ὡς
1010 3594 1443 3666 Ὠριγενειαστοῦ
1476 3596 1570 3647 καὶ
1607 3595 1682 3658 ὡς
1714 3596 1788 3665 μὴ
1827 3613 1935 3648 πα-

370 3687 723 3755 ραδεχθέντος
749 3685 838 3758 [27
873 3685 968 3758 [1.]
997 3686 1307 3757 Έπιφανίῳ
1338 3686 1413 3757 τῷ
1468 3688 1758 3757 ἁγιωτάτῳ
1801 3693 1937 3757 μήτε

367 3782 447 3844 εἰς
480 3779 642 3850 εὐχὴν
683 3779 821 3850 μήτε
845 3781 926 3842 είς
952 3779 1311 3833 συνεστίασιν.
1345 3779 1617 3832 Ἐπέδωκε
1643 3780 1698 3832 δὲ
1725 3781 1753 3831 ὁ
1778 3780 1937 3843 αὐτὸς

380 3873 649 3935 Ἰσαὰκιος
698 3872 794 3925 καὶ
825 3871 1063 3924 λίϐελλον
1109 3872 1250 3924 κατὰ
1281 3870 1375 3923 τοῦ
1408 3872 1817 3941 Χρυσοστόμου,
1844 3889 1939 3924 πε-

371 3961 623 4032 ριέχοντα
654 3959 850 4013 ταῦτα’
882 3962 1118 4031 πρῶτον,
1152 3961 1282 4030 περὶ⁵
1312 3960 1407 4014 τοῦ
1439 3960 1698 4023 πολλάκις
1730 3980 1938 4032 μνημο-

370 4050 653 4115 νωθέντος
702 4051 948 4105 Ἰωάννου
977 4050 1072 4103 τοῦ
1101 4051 1359 4123 μοναχοῠ,
1390 4053 1472 4105 ὅτι
1500 4052 1663 4125 ἐδάρη
1700 4052 1789 4106 διὰ
1816 4055 1941 4118 τοὺς

383 4141 826 4209 Ὦριγενειαστὰς
849 4143 942 4194 καὶ
974 4142 1056 4194 ὅτι
1086 4142 1533 4213 ἐσιδηροφόρησε·
1552 4142 1824 4214 δεύτερον,
1859 4144 1941 4196 ὅτι

368 4236 397 4285 ὁ
429 4232 699 4302 μακάριος
736 4231 1048 4300 Ἐπιφάνιος
1079 4231 1167 4285 διὰ.
1196 4234 1323 4296 τοὺς
1357 4234 1941 4305 Ὠριγενειαστάςᾏμ-

2043 3145 2175 3200 sita
2210 3143 2528 3212 Sarapione,
2561 3143 2815 3213 quodque
2869 3143 3011 3195 hunc
3059 3139 3149 3194 ille
3202 3154 3231 3193 a
3271 3153 3330 3192 se
3376 3138 3604 3191 miserit.

2040 3237 2243 3292 Horum
2272 3236 2455 3304 itaque
2480 3235 2791 3304 cognitione
2839 3240 3081 3303 peracta,
3116 3230 3429 3299 inquisitum
3459 3228 3609 3282 deiu-

2039 3344 2168 3399 ceps
2213 3337 2296 3383 est
2325 3327 2379 3381 in
2426 3334 2588 3394 caput
2652 3340 2853 3379 nonum
2900 3321 3326 3383 accusationum,
3374 3332 3497 3372 mox
3551 3317 3606 3371 in

2039 3419 2354 3476 vicesimum
2386 3417 2693 3486 septimum.

2110 3511 2301 3566 Postea
2358 3523 2573 3563 rursum
2619 3505 2990 3576 lsaacius(28)
3022 3506 3305 3575 cpiscopus
3366 3503 3609 3559 Heracli-

2039 3604 2159 3659 dem
2186 3610 2403 3657 accusat
2430 3611 2488 3654 ut
2521 3600 2880 3669 Origenistam
2901 3642 2916 3666 ,
2954 3600 3276 3667 minimeque
3305 3610 3610 3668 susceptum

2040 3713 2069 3750 a
2105 3694 2447 3751 sanctissimo
2475 3692 2797 3763 Epiphanio,
2836 3707 3009 3759 neque
3048 3693 3100 3745 in
3132 3692 3480 3759 precationis,
3518 3707 3611 3745 ne-

2040 3801 2147 3855 que
2194 3787 2248 3839 in
2302 3786 2546 3840 ciborum
2592 3783 3049 3838 communionem.
3103 3781 3337 3835 Protulit
3387 3791 3440 3835 et
3472 3782 3610 3835 idem

2045 3877 2286 3931 lsaacius
2321 3874 2571 3932 libellum
2619 3884 2805 3930 contra
2839 3873 3279 3942 Chysostomum,
3334 3874 3447 3927 haec
3498 3873 3610 3925 fere

2042 3968 2407 4024 continentem
2429 3984 2444 4020 :
2470 3966 2729 4031 Primum,
2763 3967 2830 4020 de
2858 3964 3063 4020 Joanne
3093 3965 3381 4030 monacho,
3419 3965 3613 4032 saepius

2036 4059 2149 4128 jam
2179 4060 2478 4124 nominato,
2509 4060 2651 4127 quod
2681 4071 2901 4128 propter
2927 4057 3258 4126 Origeuistas
3284 4055 3610 4123 vapulasset,

2043 4152 2261 4213 etferro
2285 4152 2496 4205 vinctus
2519 4150 2730 4204 luisset.
2758 4148 3087 4211 Secundum,
3112 4148 3252 4216 quod
3274 4148 3462 4201 beatus
3488 4147 3615 4214 Epi-

2045 4242 2275 4310 phanius
2312 4251 2532 4310 propter
2570 4242 2668 4297 hos
2696 4240 3031 4307 Origettistas
3063 4238 3200 4308 (29),
3246 4238 3612 4299 Ammonium,

372 4324 598 4392 μώνιον,
639 4323 930 4394 Εὑθύμιον,
963 4326 1243 4392 Εὐσέϐιον,
1275 4329 1369 4379 καὶ
1425 4326 1804 4396 Ἡρακλείδην,
1846 4328 1931 4382 καὶ

2046 4332 2416 4403 Euthymittm,
2452 4332 2763 4395 Eusebium,
2789 4330 3164 4403 (Heraclidem,
3206 4340 3260 4385 et
3295 4330 3611 4392 Palladium,

374 4416 671 4470 Παλλάδιον
699 4418 799 4469 οὐκ
844 4416 1075 4485 ἠθέλησε
1130 4417 1474 4486 κοινωνῆσαι·
1502 4418 1705 4487 τρίτον,
1732 4410 1813 4472 ὅτι
1841 4418 1931 4489 τὴν

2042 4425 2441 4479 communicare
2477 4440 2598 4478 cum
2657 4426 2747 4480 illo
2813 4425 3089 4481 uoluisset.
3138 4425 3399 4491 Tertium,
3456 4424 3616 4492 19a,

373 4506 681 4574 φιλοξενίαν
704 4509 908 4570 ἀθετεῖ,
951 4508 1257 4576 μονοσιτίαν
1282 4509 1633 4578 ἐπιτηδεύων
1664 4509 1942 4581 τέταρτον,

371 4598 457 4651 ὃτι
487 4599 574 4650 ἐπ’
622 4600 917 4669 ἐκκλησίας
942 4600 1089 4667 λέγει
1111 4599 1388 4671 τράπεζαν
1418 4602 1704 4671 Ἐριννύων
1734 4604 1947 4673 πεπλη-

2054 4514 2199 4582 quod
2238 4513 2683 4584 hospitalitatem,
2720 4516 2867 4571 solus
2900 4516 3142 4585 quotidie
3169 4516 3346 4570 cibqu
3377 4513 3616 4580 capiens.

2056 4604 2354 4658 desereret.
2390 4605 2676 4671 Quartum,
2727 4607 2869 4675 quod
2904 4608 2957 4660 in
3005 4605 3244 4660 Ecclesia
3276 4604 3442 4669 dicat,
3469 4618 3617 4657 meu-

1667 4694 1902 4748 VARIIE
1944 4694 2343 4749 LECTIONES.

446 4764 495 4795 ⁵³
524 4762 778 4815 παστῖλον
809 4780 869 4827 ς.
942 4762 988 4794 ⁸⁸
1013 4764 1113 4833 μὲν
1143 4763 1233 4816 οὖν
1261 4762 1401 4815 κατά
1422 4782 1483 4828 ς’·

1558 4764 1603 4796 ⁸⁷
1627 4766 2023 4836 ,παραστείλετε
2052 4768 2117 4821 Α.
2194 4765 2238 4797 ⁵⁸
2264 4767 2509 4821 ἀπέδωκε
2534 4785 2591 4831 ς.
2668 4769 2711 4801 ⁸⁸
2739 4769 2979 4836 ἐγκαλεῖ.
3055 4767 3102 4798 ⁸⁰
3133 4765 3475 4836 ροειέκείνου
3500 4782 3620 4820 cum

373 4833 422 4888 Δ
440 4836 599 4889 omisi
626 4834 961 4887 ἀπέστειλεν.
1038 4833 1081 4863 ⁵⁸
1108 4834 1336 4895 Ἰσάκιος
1363 4835 1429 4899 Α,
1458 4844 1511 4888 et
1540 4850 1590 4903 p.
1617 4834 1682 4887 18
1699 4833 1730 4887 ά
1754 4836 1823 4888 29
1846 4835 2097 4889 Ἰσάκιον.

1875 4924 2108 4982 NOTAE.

451 5015 566 5087 ('23)
596 5014 826 5085 Γρόνθον
862 5014 1046 5080 ἔδωκε,
1128 5017 1634 5087 συγκαμπτομένων
1693 5017 1801 5070 τῶν
1861 5018 1954 5071 δα-

378 5085 617 5148 κτύλων,
648 5096 704 5137 ut
734 5087 993 5140 describit
1013 5085 1401 5159 'l‘he0phylact.
1416 5085 1472 5144 et
1501 5099 1608 5141 vet.
1640 5090 1803 5156 gloss.
1832 5090 1953 5141 red-

378 5160 459 5213 dit
484 5169 743 5213 pugnum.

774 5223 1080 5296 divinorum
1138 5227 1518 5296 mysteriorum
1551 5227 1951 5295 perceptionem

380 5297 535 5350 addit
566 5292 786 5361 Nicepb.
819 5292 912 5347 lib.
939 5308 1060 5358 xm,
1089 5292 1211 5365 cap.
1248 5296 1306 5360 9,
1342 5312 1408 5349 ex
1437 5292 1679 5348 Palladio
1705 5292 1759 5350 et
1804 5297 1943 5351 aliis.

379 5366 615 5432 PrOpter
660 5372 875 5430 Sputum
907 5365 1193 5433 Allilllil'lllll.
1244 5365 1497 5433 Idemque
1557 5367 1772 5420 caeteris
1821 5381 1947 5421 sua-

380 5431 525 5490 sisse
560 5433 797 5504 tradunt.
830 5431 918 5499 qui
949 5432 1023 5487 B.’
1048 5433 1329 5504 Chrysost.
1360 5431 1445 5504 res
1479 5435 1838 5501 scripserunt.

455 5504 571 5572 (‘25)
617 5500 897 5573 Discrepat
958 5500 1203 5573 nonnihil
1260 5503 1320 5557 Β.
1362 5500 1605 5573 Joannis
1639 5506 1942 5573 responsio,

385 5571 505 5642 quae
528 5582 614 5626 est
634 5572 774 5642 apud
810 5571 1033 5642 Niceph.
1072 5572 1166 5627 lib.
1198 5588 1315 5636 xm,
1346 5588 1465 5641 cap.
1500 5572 1566 5626 15
1602 5583 1711 5627 ext.

456 5643 573 5711 (20)
623 5641 789 5709 Cujus
838 5641 1064 5710 insignis
1108 5643 1194 5699 ille
1226 5642 1480 5711 Dialogus
1519 5642 1571 5697 in
1612 5643 1860 5701 manibus
1887 5644 1952 5700 de

389 5713 449 5767 li.
472 5713 753 5778 Cbrysost.
790 5712 922 5765 vita.

2134 5020 2245 5090 (27)
2277 5021 2451 5088 Supra
2491 5036 2612 5090 cap.
2638 5020 2692 5074 Ξ).

2134 5090 2316 5159 (28)Ι).
2370 5091 2565 5145 Baron.
2622 5092 2688 5143 ad
2729 5105 2930 5144 annum
2975 5091 3177 5147 Christi
3239 5093 3364 5157 405,
3418 5104 3524 5148 tom
3561 5093 3623 5146 V.

2062 5158 2193 5239 {tegit
2230 5158 2381 5239 hic_
2421 5160 2999 5239 Aeacius-“episcopum
3077 5162 3410 5217 Heraclidem
3439 5203 3453 5227 ,
3517 5172 3625 5216 etc.

2061 5226 2333 5302 Eot'tassis
2363 5228 2599 5302 Isaacitts
2652 5226 2740 5285 ille
2771 5226 3066 5288 monachus
3088 5274 3102 5295 ,
3150 5247 3309 5302 quem
3339 5226 3445 5287 una
3504 5247 3627 5286 cum

2062 5296 2801 5371 TheophilaAlegandriam
2890 5302 3101 5356 venisse
3167 5296 3343 5357 refert
3397 5304 3626 5371 Niceph.

2055 5367 2278 5429 lib.xm,
2314 5384 2347 5441 c_
2375 5369 2461 5441 l7.
2512 5368 2718 5424 Pallad.
2753 5371 3000 5425 eumdem
3050 5372 3299 5440 Syrulum
3346 5367 3631 5441 circumfo-

2055 5452 2296 5513 raneum,
2326 5437 2581 5513 falsorum
2616 5441 3002 5513 monachorum
3054 5437 3242 5496 ducem
3290 5445 3544 5513 appellat.

2091 5504 2459 5587 ⁸(θὲξῇοιιιξιιίι
2484 5508 2731 5587 fortassis
2746 5504 3373 5587 Dioscorttm,_quartttm'
3399 5515 3452 5566 iu
3482 5513 3627 5587 Lon-

2053 5576 2471 5655 gis__l’ratribus,
2520 5578 2848 5645 adcenscre,
2902 5582 3043 5649 quod
3094 5576 3320 5655 is_'_ante
3368 5583 3631 5653 synodum

2065 5646 2373 5720 inchoatam
2416 5658 2657 5701 mortuus
2682 5646 3074 5720 (esset,r'teste
3121 5650 3346 5720 Niceph.
3378 5646 3471 5707 lib.
3507 5668 3630 5718 xm,

2068 5730 2119 5768 c.
2154 5716 2220 5769 15
2244 5752 2258 5769 .
2299 5715 2373 5770 De
2398 5720 2593 5785 quibus
2618 5719 2784 5773 etiam
2834 5719 2932 5775 ini“.
2957 5735 3007 5774 c.
3036 5720 3105 5776 96
3145 5715 3289 5777 circa
3322 5723 3463 5778 med.
