4100 6436
583 310 678 423 in

1704 366 1967 425 ΡΙΙΟΤΙΙ
2008 363 2511 423 ΡΑΤΙΠΑΗΟΗΞΕ
2550 365 2658 423 GP.

3725 358 3825 423 112

580 486 698 527 sam
727 484 850 526 esse
882 470 1144 525 furiarum
1194 471 1434 541 plenam.
1495 472 1754 539 Quintum
1778 473 1923 543 quod
1957 476 2009 527 in
2052 475 2146 528 Ec-

2256 475 2523 545 ρωμένην·
2548 476 2821 543 πέμπτον,
2848 475 2931 529 ὅτι
2977 475 3247 543 καυχᾶται
3284 471 3372 525 ἐπ’
3416 471 3713 542 ἐκκλησίας
3777 474 3822 504 ⁸¹

580 564 743 619 clesia
778 579 838 619 se
872 565 943 619 ita
971 566 1138 634 jactet
1172 582 1187 619 :
1226 566 1476 635 θέρει-ιο,
1504 567 1710 619 insanio
1729 565 1864 635 (50).
1893 566 2113 621 Sextum
2136 605 2151 626 ,

2256 563 2448 631 λέγων·
2486 562 2648 631 Ἐρῶ,
2679 564 2986 633 μαίνομαι,
3031 563 3124 616 καὶ
3142 564 3187 595 ⁵⁸
3217 564 3296 615 ὅτι
3317 562 3519 631 ὀφείλει
3554 560 3827 631 ἑρμηνεῦ-

580 656 885 724 oportuisse
931 656 1083 709 illum
1134 656 1516 725 interpretari,
1568 671 1814 725 quaenam
1851 657 1956 711 illze
2003 656 2152 709 furiae

2259 670 2348 705 σαι
2376 653 2517 712 τίνες
2540 653 2676 704 είσὶν
2708 652 3001 723 Ἑριννύες,
3036 654 3131 704 καὶ
3151 651 3203 703 τί
3234 653 3353 703 ἐστι
3372 651 3433 703 τδ
3456 647 3824 718 λέγειν,Ἔρῶ,

579 756 759 800 essent
785 764 800 812 ;
834 754 887 801 et
915 746 1044 815 quid
1077 746 1167 812 sit,
1200 746 1453 814 Depereo,
1481 748 1723 811 insanio;
1752 749 1846 801 has
1878 748 2021 800 cnim
2050 746 2152 798 Ec-

580 836 744 913 clesia
805 851 966 892 voces
1018 838 1249 905 ignorat.
1310 837 1647 907 Septimum,
1689 838 1831 905 quod
1883 836 2151 891 licentiam

583 931 927 996 peccantibus
963 931 1221 997 praebeat,
1259 931 1337 983 sic
1367 930 1566 984 docens
1600 946 1614 981 :
1663 949 1681 981 ι
1714 928 1772 983 Si
1799 930 1990 982 iterum
2025 942 2153 997 pec-

580 1021 748 1084 casti,
808 1020 1069 1089 paeniteat
1100 1021 1294 1074 iterum
1345 1038 1358 1074 :
1425 1029 1479 1075 et
1543 1020 1754 1089 quoties
1810 1019 2150 1087 peccaveris,

581 1112 701 1165 veni
739 1113 807 1165 ad
842 1126 960 1175 me,
990 1126 1089 1181 ego
1135 1122 1187 1165 te
1224 1113 1427 1166 sanabo
1462 1111 1598 1181 (51).
1628 1129 1647 1162 ι
1690 1111 1977 1174 Octavum,
2009 1109 2150 1178 quod

582 1204 633 1258 in
667 1203 908 1258 Ecclesia
942 1206 1142 1259 docens
1189 1204 1559 1274 blaSphemet,
1594 1203 1870 1258 Christum
1904 1211 2150 1256 orantem

580 1296 702 1349 ideo
778 1309 1025 1349 nonesse
1087 1297 1369 1360 auditum,
1422 1296 1562 1364 quod
1630 1308 1734 1347 non
1795 1303 1851 1347 ut
1904 1302 2151 1360 oportet,

581 1396 807 1440 orasset.
881 1385 1128 1450 Nonum,
1188 1388 1333 1457 quod
1381 1388 1446 1438 ad
1521 1385 1840 1439 seditionem
1900 1383 2150 1453 populum

582 1475 1035 1545 concitaret(52),
1108 1476 1270 1529 etiam
1326 1475 1585 1529 adversus
1654 1474 1940 1543 synodum.
1995 1472 2153 1527 Deci-

581 1580 749 1629 mum,
797 1568 939 1634 qund
992 1580 1056 1618 ex
1110 1565 1360 1633 gentibus
1410 1564 1710 1632 quosdam,
1758 1562 1848 1632 qui
1882 1560 2149 1616 Christia-

580 1669 678 1711 nos
730 1655 883 1709 valde
932 1654 1287 1719 amisissent,
1344 1655 1708 1722 suscepisset.
1760 1664 1815 1707 et
1866 1654 1918 1706 in
1964 1652 2150 1705 Eccle-

578 1748 655 1803 sia
707 1749 948 1813 haberet,
1027 1757 1191 1816 atque
1240 1746 1552 1801 defenderet
1579 1746 1713 1816 (55).
1767 1743 2146 1807 Undecimum,

2250 743 2532 811 μαίνομαι
2550 758 2565 773 ο
2588 745 2747 814 ἡγὰρ
2772 744 3070 813 Ἐκκλησία
3096 744 3195 795 οὐκ
3216 739 3323 796 οῐδε
3351 741 3524 795 ταῦτα
3541 758 3554 770 ⁸
3580 740 3737 794 ’ἐκτον
3755 742 3826 806 ⁸⁵,

2255 836 2337 887 ὅτι
2360 834 2544 888 ἄδειαν
2563 837 2791 905 παρέχει
2804 839 2913 898 τοῖς
2937 836 3329 906 ἁμαρτάνουσι,
3347 835 3634 899 διδάσκων,
3652 852 3672 884 ι
3699 833 3828 888 Ἐὰν

2256 925 2420 979 πάλιν
2442 927 2692 998 ἁμάρτῃς
2717 928 2761 961 ⁸⁸
2780 967 2795 992 ,
2832 928 2993 981 πάλιν
3024 928 3376 997 μετανόησον,
3412 926 3507 978 καὶ
3538 926 3729 988 ὁσάκις
3760 926 3829 979 ἂν

2254 1018 2534 1090 ἁμάρτῃς,
2569 1019 2691 1071 ἐλθὲ
2725 1019 2861 1089 πρός
2889 1036 2980 1088 με,
3015 1021 3108 1073 καὶ
3149 1019 3259 1087 ἐγώ
3307 1034 3365 1070 σε
3402 1014 3732 1088 θεραπεύσω
3753 1035 3769 1050 ·
3800 1036 3819 1068 ι

2254 1109 2479 1179 ἕϐδομον
2510 1111 2577 1175 ⁵⁸,
2607 1111 2689 1163 ὅτι
2718 1110 3025 1180 βλασφημεῖ
3061 1112 3147 1163 ἐπ’
3204 1109 3519 1179 ἐκκλησίας,
3549 1108 3720 1175 λέγων
3746 1110 3829 1161 ὅτι

2253 1203 2280 1252 ὁ
2309 1201 2353 1232 ⁵⁷
2379 1200 2609 1273 Χριστὸς
2644 1203 3083 1271 προσευξάμενος
3103 1204 3202 1254 οὐκ
3228 1199 3577 1269 εἰσηκούσθη,
3598 1197 3719 1248 ἐπεὶ
3752 1198 3828 1265 μὴ

2251 1295 2478 1358 δεόντως
2506 1294 2869 1367 προσηύξατοο
2889 1293 3071 1361 ὃγδοον
3093 1293 3160 1356 ⁸⁸,
3180 1292 3261 1344 ὅτι
3286 1293 3397 1351 τοῖς
3420 1290 3568 1353 λαοῖς
3591 1286 3830 1340 ὑποϐάλ-

2250 1388 2332 1440 λει
2386 1387 2699 1450 στασιάζειν
2732 1386 2777 1418 ⁸⁸
2809 1386 2951 1438 κατὰ
2979 1383 3080 1452 τῆς
3125 1382 3344 1435 συνόδου
3363 1394 3377 1409 °
3406 1379 3623 1432 ἔννατον
3651 1377 3719 1442 ⁸⁸,
3745 1376 3829 1428 ὅτι

2255 1476 2523 1546 ’Έλληνας
2573 1476 2743 1528 πολλὰ
2777 1475 2923 1527 κακὰ
2963 1475 3075 1534 τοῖς
3108 1471 3450 1540 Χριστιανοῖς
3478 1466 3831 1535 διαθεμένους

2252 1568 2546 1633 ὑπεδέξατο
2579 1567 2673 1620 καὶ
2699 1569 2810 1637 ἔχει
2852 1569 2910 1619 ἐν
2943 1567 3008 1635 τῇ
3048 1562 3346 1632 Ἐκκλησία
3380 1561 3475 1614 καὶ
3504 1558 3831 1630 προΐσταται

2249 1659 2461 1712 αὐτῶν·
2498 1659 2723 1712 δέκατον
2751 1659 2835 1711 ὅτι
2872 1656 3141 1708 ἐπιϐαίνει
3186 1654 3493 1725 ἀλλοτρίαις
3537 1648 3831 1718 ἐπαρχίαις

2249 1751 2345 1804 καὶ
2372 1750 2669 1819 χειροτονεῖ
2698 1748 3028 1808 ἐπισκόπους
3049 1762 3061 1775 '
3092 1745 3399 1806 ἑνδέκατον,
3421 1743 3500 1794 ὅτι
3544 1740 3755 1810 ὑϐρίζει
3784 1736 3831 1770 ⁵⁸

580 1842 722 1907 quod
780 1839 1008 1894 aliorum
1054 1840 1272 1893 invadat
1303 1838 1416 1910 (54)
1461 1838 1789 1907 provincias,
1835 1836 2152 1902 ordinetque

2254 1843 2376 1903 τοὺς
2400 1841 2729 1903 ἐπισκόπους
2746 1840 2840 1892 καὶ
2868 1837 3233 1904 ἐκπιγγάτους
3264 1833 3475 1887 κελεύει
3498 1830 3832 1901 ἐκϐληθῆναι

582 1932 780 1986 ibidem
819 1931 1099 1999 episcopos
1128 1930 1261 2000 (55).
1326 1930 1734 1994 Duodecimum,
1770 1928 1911 1995 quod
1940 1926 2151 1995 episco-

579 2034 676 2089 pos
701 2019 894 2088 injuria
922 2018 1114 2073 alliciat
1146 2028 1199 2074 et
1228 2019 1586 2087 ὲκπιδγάτους
1645 2015 1793 2088 (56),
1845 2016 2003 2069 domo
2056 2030 2151 2068 sua

580 2112 911 2182 pellijubeat
932 2150 946 2165 .
976 2110 1253 2166 Decimum
1284 2113 1531 2177 tertium,
1561 2113 1701 2178 quod
1725 2108 1952 2165 clericos
1985 2107 2154 2162 inusi-

583 2200 707 2255 tatis
766 2200 981 2269 injuriis
1054 2200 1504 2269 contumeliisque
1561 2196 2151 2253 aﬂeceritabecimum

575 2299 866 2360 quartum,
899 2290 1041 2358 quod
1072 2289 1302 2342 aliorum
1337 2288 1584 2357 deposita
1644 2290 1693 2340 vi
1736 2287 2000 2354 rapuerit.
2052 2285 2154 2339 De-

576 2380 778 2435 cimum
842 2379 1127 2448 quintum,
1163 2380 1305 2448 quod
1338 2380 1455 2433 sine
1491 2386 1794 2443 c'onventu,
1850 2388 2150 2444 praeterque

580 2469 710 2524 cleri
765 2478 1037 2531 mentem,
1089 2470 1327 2523 ordinet.
1382 2468 1661 2522 Decimum
1712 2476 1957 2530 sextum,
2009 2466 2154 2534 quod

579 2560 693 2631 (57)
717 2559 1060 2631 Origenistas
1095 2559 1361 2628 receperit
1384 2576 1398 2612 :
1423 2555 2009 2628 communicantcs(58)
2027 2570 2154 2610 vero

579 2667 702 2705 cum
750 2652 992 2706 Ecclesia
1046 2652 1378 2715 monachos,
1407 2651 1507 2704 etsi
1561 2649 2032 2704 cmnmendatitias
2064 2647 2151 2700 lit-

580 2753 727 2798 teras
758 2743 1023 2798 alferrettt
1046 2786 1061 2810 ,
1092 2745 1144 2797 in
1181 2758 1455 2797 carcerem
1495 2740 1773 2807 conjectos
1797 2755 1902 2793 non
1932 2739 2155 2793 dimise-

580 2833 689 2886 rit:
721 2834 851 2901 quin
883 2843 939 2887 et
972 2834 1023 2886 in
1054 2848 1121 2888 eo
1146 2834 1443 2886 morientes
1464 2871 1479 2897 ,
1524 2845 1593 2885 ne
1623 2829 1872 2884 inviserit
1898 2828 2151 2897 quidem.

580 2923 856 2981 Decimum
881 2926 1169 2994 septimum
1195 2964 1209 2990 ,
1234 2925 1376 2993 quod
1405 2923 1583 2977 aliena
1610 2919 1879 2989 mancipia
1917 2920 2150 2975 nondum

578 3018 949 3082 manumissa,
988 3018 1093 3070 imo
1124 3027 1178 3070 et
1203 3023 1493 3079 accusata,
1526 3013 1812 3083 episcopos
1859 3011 2154 3065 ordinarit.

581 3109 857 3163 Decimum
908 3118 1199 3171 octavum,
1256 3107 1407 3175 quod
1459 3108 1634 3177 ipsum
1690 3105 1836 3161 hunc
1896 3102 2155 3158 lsaacium

578 3197 721 3254 tttale
752 3214 894 3270 saepe
926 3200 1088 3253 multa
1099 3199 1190 3252 rit.

649 3292 854 3346 Harum
911 3294 1325 3347 accusationum
1380 3293 1615 3361 primum
1660 3301 1858 3360 caput,
1908 3293 2052 3360 quod
2101 3291 2155 3347 id

580 3397 740 3438 antea
770 3387 851 3453 (ut
876 3384 1161 3456 rebantur)
1186 3386 1549 3439 examinatum
1581 3393 1748 3449 esset,
1775 3397 2032 3441 excutere
2057 3399 2154 3439 no-

580 3479 831 3545 luerunt;
891 3487 946 3531 at
1003 3478 1058 3532 itt
1107 3480 1404 3533 secundum
1477 3487 1531 3532 et
1583 3480 1875 3547 septimum
1928 3478 2155 3545 inquisi-

584 3582 717 3626 tum.
769 3570 894 3626 Mox
948 3574 1170 3626 tertium
1227 3588 1444 3643 quoque
1495 3573 1914 3629 accusationisa
1946 3572 2154 3628 Joanne

582 3667 810 3721 diacono
839 3666 995 3720 factae
1032 3674 1191 3734 caput
1217 3664 1577 3719 examinatur.
1613 3664 1669 3717 ln
1692 3678 1758 3719 eo
1789 3664 1964 3731 capite
1984 3664 2152 3717 Arsa-

583 3754 702 3811 rius
723 3754 1160 3823 archipresbyter
1181 3753 1338 3824 (58'),
1376 3755 1465 3823 qui
1494 3753 1591 3823 ipsi
1616 3752 2004 3822 Chrysostomo
2031 3766 2155 3805 suc-

584 3850 769 3912 cessit,
800 3857 854 3902 et
898 3848 1108 3901 Atticus
1133 3847 1411 3917 presbyter
1446 3847 1586 3917 (59),
1627 3846 1810 3900 nescio
1841 3860 1949 3914 quo
1994 3844 2156 3900 modo

585 3949 750 3993 testes
813 3938 1061 4001 adhibiti,
1108 3948 1296 3991 contra
1346 3938 1564 3991 beatum
1593 3936 2039 4008 Chrysostomum
2075 3944 2155 3988 te-

584 4030 900 4083 stimoniunt
942 4029 1234 4094 dixerunt;
1276 4038 1334 4083 ut
1365 4038 1418 4084 et
1468 4030 1712 4098 Elpidius
1751 4028 2051 4099 presbyter.
2081 4026 2156 4081 li-

581 4123 740 4185 dem,
772 4132 826 4175 et
876 4136 996 4175 cum
1042 4122 1171 4189 ipsis
1219 4122 1387 4175 etiam
1440 4122 1672 4176 Aeacius
1722 4122 2042 4191 presbyter,
2101 4120 2153 4174 in

570 4223 833 4281 quartum
882 4212 1282 4267 criminationis
1327 4224 1488 4281 caput
1538 4212 1720 4267 testati
1772 4221 1930 4266 sunt.
1994 4212 2150 4265 Post-

582 4319 743 4371 quam
776 4305 849 4358 ita
894 4318 1125 4359 excussa
1167 4303 1316 4359 fuere
1352 4306 1499 4367 haec,
1535 4304 1775 4373 prazdicti
1826 4304 2153 4374 presbyteri,

2253 1933 2351 2003 τῆς
2378 1931 2556 1994 οίκίας
2586 1930 2748 1983 αὐτοῦ
2767 1945 2780 1958 ·
2814 1929 3133 2000 δωδέκατον,
3164 1929 3246 1979 ὅτι
3266 1925 3392 1987 τοὺς
3423 1921 3719 1993 κληρικοὺς
3744 1920 3832 1986 ξέ-

2251 2036 2369 2083 ναις
2399 2019 2622 2089 ὕϐρεσιν
2650 2017 2881 2088 ὑϐρίζει·
2902 2016 3369 2086 τρισκαιδέκατον,
3392 2014 3473 2065 ὃτι
3502 2010 3835 2082 παραθήκας

2252 2109 2541 2180 ἀλλοτρίας
2567 2110 2786 2178 ἥρπασε
2823 2108 2914 2179 βίᾳ
2933 2122 2948 2137 ⁸
2971 2104 3561 2177 τεσσαρεσκαιδέκατον
3594 2103 3676 2155 ὅτι
3701 2101 3834 2154 ἄνευ

2253 2201 2528 2269 συνεδρίου
2561 2204 2657 2253 καὶ
2706 2199 2859 2270 παρὰ
2896 2196 3120 2268 γνώμην
3152 2197 3246 2250 τοῦ
3288 2196 3490 2266 κλήρου
3545 2194 3690 2248 ποιεῖ
3733 2191 3835 2253 τὰς

2252 2294 2619 2367 χειροτονίας*
2663 2293 3168 2355 πεντεκαιδέκατον,
3196 2291 3279 2343 ὅτι
3325 2290 3449 2350 τοὺς
3485 2285 3585 2357 μὲν
3623 2285 3836 2354 Ὠριγε-

2251 2384 2504 2447 νειαστὰς
2524 2382 2759 2448 ἐδέξατο,
2784 2384 2911 2445 τοὺς
2937 2381 2994 2435 δὲ
3008 2380 3353 2440 κοινωνικοὺς
3381 2377 3481 2444 τῆς
3499 2372 3838 2442 Ἑκκλησίας

2256 2478 2395 2547 μετὰ
2417 2476 2757 2529 συστατικῶν
2788 2474 3039 2535 ἐλθόντας
3060 2471 3404 2541 γραμμάτων
3434 2468 3529 2521 καὶ
3556 2468 3615 2519 ἐν
3637 2467 3707 2535 τῇ
3732 2480 3841 2531 φυ-

2253 2572 2392 2640 λακῇ
2424 2568 2720 2639 βληθέντας
2742 2569 2843 2620 οὐκ
2863 2564 3121 2630 ἐξείλετο,
3166 2563 3302 2617 ἀλλὰ
3332 2562 3428 2613 καὶ
3466 2556 3840 2617 ἀποθανόντας

2253 2663 2310 2714 ἐν
2338 2662 2474 2730 αὐτῇ
2498 2659 2604 2712 οὐδ’
2630 2660 2765 2721 ὅλως
2788 2659 2834 2690 ⁶²
2855 2655 3217 2724 ἐπεσκέψατο·
3243 2650 3623 2717 ὲξκαιδέκατον
3652 2647 3720 2713 ⁸³,
3753 2646 3841 2699 ὅτι

2251 2752 2473 2814 δούλους
2504 2750 2818 2819 ἀλλοτρίους
2850 2749 3018 2819 μήπω
3043 2743 3527 2816 ἐλευθερωθέντας,
3564 2739 3700 2793 ἀλλὰ
3744 2738 3844 2790 καὶ

2254 2843 2713 2915 διαϐεϐλημένους
2740 2839 3147 2910 ἐχειροτόνησεν
3176 2834 3507 2895 ἐπισκόπους
3532 2846 3545 2859 ·
3580 2830 3843 2882 ὲπτακαι·

2253 2937 2498 3001 δέκατον,
2521 2936 2603 2988 ὃτι
2628 2934 2789 2987 αὐτὸν
2815 2932 3002 2985 τοῦτον
3031 2930 3298 2984 Ἰσαάκιον
3320 2923 3491 2979 πολλὰ
3520 2922 3649 2992 παρ’
3674 2920 3845 2972 αὐτοῦ

2258 3028 2459 3099 συνέϐη
2490 3026 2831 3095 κακωθῆναι.

2335 3290 2555 3344 Τούτων
2583 3285 2676 3340 οὖν
2731 3286 2839 3339 τῶν
2865 3281 3210 3353 κατηγοριῶν
3248 3278 3306 3331 τὸ
3359 3277 3458 3347 μὲν
3491 3273 3705 3346 πρῶτον
3743 3270 3848 3326 an

2255 3380 2323 3451 δὴ
2366 3376 2785 3449 προεξετασθέν,
2823 3374 2899 3437 ὠς
2932 3370 3200 3442 ἐνόμιζον,
3249 3368 3431 3421 οὐκέτι
3457 3362 3750 3435 ἐξητάσθη,
3781 3362 3847 3413 τὸ

2255 3475 2314 3530 δὲ
2340 3473 2592 3543 δεύτερον
2621 3468 2893 3541 ἐξητάσθη
2923 3464 3099 3520 καὶτὸ
3128 3463 3373 3531 ἕϐδομον.
3408 3454 3540 3512 Εἶτα
3567 3454 3846 3543 ἐξητάσθη

2258 3565 2419 3620 πάλιν
2451 3564 2512 3617 τὺ
2537 3563 2716 3633 τρίτον
2734 3560 2986 3628 ἔγκλημα
3007 3555 3114 3608 τῶν
3133 3554 3238 3606 ὑπὸ
3263 3549 3359 3603 τοῦ
3383 3547 3631 3601 διακόνου
3661 3542 3846 3596 Ἰωάν-

2258 3677 2351 3712 νου
2373 3656 2748 3710 ἐπιδοθέντων.
2795 3650 2884 3704 Ἐν
2906 3649 3081 3718 τούτῳ
3100 3647 3156 3700 δὲ
3171 3645 3247 3715 τῷ
3274 3640 3555 3711 κεφαλαίῳ
3582 3636 3677 3691 καὶ
3718 3637 3849 3705 ’Δρ-

2260 3754 2447 3813 σάκιος
2472 3751 2501 3801 ὁ
2520 3743 3098 3818 πρωτοπρεσϐύτερος,
3151 3741 3178 3792 ὀ
3205 3737 3368 3790 αὑτὸν
3395 3734 3487 3787 τὸν
3535 3730 3849 3802 Χρυσόστο-

2262 3860 2360 3912 μον
2392 3840 2798 3909 διαδεξάμενος,
2834 3837 2928 3889 κα)⁸
2970 3831 3213 3892 Ἀττικὸς
3262 3830 3290 3881 ὁ
3340 3824 3710 3897 πρεσϐύτερος
3740 3821 3847 3873 οὐκ

2258 3931 2354 3988 οἷδ’
2384 3936 2531 3995 ὅπως
2562 3932 2838 4002 μάρτυρες
2861 3928 3095 3996 ἔστησαν
3129 3923 3224 3975 καὶ
3256 3919 3350 3972 τοῦ
3368 3918 3526 3984 ἁγίου
3560 3928 3847 3981 κατεμαρ-

2257 4029 2501 4098 τύρησαν
2519 4042 2534 4057 ⁸
2565 4023 2661 4078 καὶ
2700 4020 2961 4080 Ἐλπίδιος
2988 4018 3046 4070 δὲ
3067 4018 3095 4069 ὁ
3116 4012 3502 4086 πρεσϐύτερος.
3539 4005 3631 4079 [60
3657 4003 3758 4098 Β.)
3778 4003 3845 4098 Oi

2258 4093 2412 4171 αὐτοὶ
2461 4115 2519 4168 δὲ
2565 4108 3080 4181 κατεμαρτύρησαν,
3127 4102 3223 4155 καὶ
3290 4101 3387 4153 σὺν
3443 4098 3626 4158 αὐτοῖς
3675 4093 3771 4147 καὶ
3812 4094 3846 4145 ὁ

2260 4205 2631 4281 πρεσϐύτερος
2671 4200 2944 4263 Ἀκάκιος,
2993 4196 3086 4250 ἐπὶ
3133 4194 3211 4261 τῷ
3245 4190 3489 4259 τετάρτῳ
3536 4182 3840 4281 κεφαλαίῳ.

2260 4274 2476 4353 Τούτων
2505 4292 2597 4349 οὖν
2652 4290 3044 4358 ὲξετασθέντων
3079 4283 3229 4339 αύτοί
3266 4299 3327 4335 τε
3358 4283 3406 4333 οί
3447 4274 3843 4348 προειρημένοι

583 4410 647 4451 ae
681 4406 875 4466 prteter
925 4410 1018 4452 eos
1047 4397 1334 4453 Eudaemon
1363 4406 1416 4451 et
1448 4395 1740 4452 Onesimus
1760 4435 1775 4460 ,
1825 4395 2152 4450 sententiam

2260 4389 2639 4462 πρεσϐύτεροι,
2666 4385 2759 4438 καὶ
2775 4379 3056 4447 Εὐδαίμων
3075 4377 3156 4429 ἔτι
3182 4374 3275 4427 καὶ
3310 4373 3618 4441 Ὀνήσιμος,
3646 4363 3844 4436 ᾑτοίνο

1931 4608 2165 4664 VAle
2223 4605 2635 4666 LECTIONES.

654 4730 699 4801 9³
723 4730 986 4801 ἐκκλησίᾳ
1016 4747 1075 4794 ς.
1153 4730 1198 4801 ’ἓ
1230 4730 1323 4781 καὶ
1342 4729 1405 4801 -Α
1437 4727 1642 4801 ιλ-ἒκτον
1674 4744 1733 4790 ς’.
1810 4725 2046 4801 “ﬁxi-0v
2140 4744 2163 4801 ἰ
2186 4725 2415 4801 ἕϐδομον
2439 4741 2502 4788 ς.
2551 4721 2622 4801 ,⁵⁸
2642 4719 2962 4801 ἁμαρτανῃς
2989 4734 3049 4782 ς.
3103 4716 3173 4801 ⁸⁸⁸
3192 4712 3492 4801 ἐϐθδνομον
3558 4706 3838 4801 6760315:

582 4799 736 4868 ⁸⁷γὸτι
768 4803 817 4853 εί
848 4785 971 4854 δ’ΛῘ
1024 4785 1091 4831 ⁷⁵⁸
1114 4800 1298 4868 ὃγδοον
1325 4799 1409 4851 A:
1462 4785 1770 4868 Evvatong.
1847 4797 1905 4868 “9_
1938 4785 2401 4868 atqcté§etv__§c_al.
2435 4785 2578 4868 κατὰ
2612 4809 2673 4855 ς.

584 4867 791 4938 ὑϐρίζει
822 4901 893 4909 -
916 4865 1215 4924 δωδέκατον
1238 4884 1345 4922 om.
1372 4868 1435 4922 A.
1513 4869 1558 4897 δ’
1586 4865 1695 4917 οὐδ’
1720 4865 1856 4927 ὅλως
1882 4866 1957 4918 A:
1984 4866 2082 4916 ούκ
2106 4878 2166 4929 ς.

2769 4775 2814 4821 δθ
2840 4775 3057 4843 ἔννατον
3089 4787 3135 4840 Α
3183 4802 3199 4841 :
3238 4775 3462 4838 δέκατον
3508 4796 3571 4845 ς.
3602 4775 3608 4777 “
3673 4775 3716 4806 ⁸⁸
3752 4776 3844 4828 ὅτι

2260 4865 2303 4895 ⁸³
2328 4861 2715 4916 ἑκκαιδέκατον
2743 4876 2803 4924 ς.

2148 5047 2372 5104 NOTAE.
2474 5110 2477 5113 _

655 5217 769 5288 (30)
786 5214 1053 5288 Quantam
1071 5207 1304 5288 exempl.
1336 5208 1451 5260 haec
1479 5200 1643 5258 verba
1665 5201 1927 5271 superiori
1958 5216 2079 5270 cap.
2105 5202 2160 5268 5,

584 5278 927 5345 continenter
969 5278 1301 5345 adiungunt.
1442 5342 1499 5350 __
1575 5340 1675 5350 ____
1752 5339 1791 5350 ἢ
1862 5340 1899 5350 η
1969 5340 1979 5350 ,

657 5338 1225 5428 (5ι)εοοεοι-ιιξι)εἶιι.
1280 5340 1713 5428 (εξρτῖιηγίὁο
1752 5339 1814 5394 Β.
1862 5339 2022 5394 Basil.
2079 5338 2157 5394 De

582 5410 767 5498 pani};
792 5410 848 5498 et
874 5424 932 5477 S.
962 5410 1492 5498 Epiphannpontra
1529 5410 1725 5498 Nova};

676 5494 767 5561 52)
802 5494 944 5561 Lege
974 5481 1206 5557 N'ic'eph.
1248 5486 1322 5561 |_ib
1350 5500 1490 5561 xm,
1513 5499 1633 5553 cap.
1657 5484 1735 5561 )6
1777 5491 1830 5535 et
1864 5481 1948 5534 l7.

676 5501 743 5551 52
802 5501 944 5561 Lege
976 5501 1206 5557 Niceph.
1248 5501 1322 5541 ιιι)
1350 5501 1473 5548 xm,
1513 5501 1633 5553 cap.
1669 5501 1735 5536 ιο
1777 5501 1784 5532 ι

653 5501 768 5636 (55)
797 5562 1126 5636 -Ἑνδέκατον
1159 5561 1215 5614 in
1246 5557 1435 5613 Grzeco
1480 5554 1784 5636 legendum.

795 5634 1022 5704 Nicepb.
1071 5633 1163 5704 lib.
1192 5644 1303 5704 3m
1334 5669 1350 5695 ,
1380 5642 1499 5704 cap.
1779 5691 1791 5704 _
1860 5691 1870 5703 _

675 5642 742 5691 55
795 5642 1022 5704 Niceph.
1072 5642 1163 5687 Ill).
1204 5644 1303 5684 xm
1334 5669 1350 5695 ,
1380 5642 1499 5695 cap.
1538 5642 1593 5680 υ.

675 5642 765 5777 55)
798 5705 909 5777 lloc
954 5718 1071 5773 cap.
1106 5703 1159 5757 in
1191 5695 1586 5777 ΒοιοιιτΑηηοι.
1625 5691 1719 5777 lib.
1762 5690 2118 5777 desideratur.

675 5762 763 5847 56)
794 5762 1138 5847 Repraesénto
1177 5769 1615 5839 voccmignotam
1645 5772 1808 5847 atque
1834 5762 2151 5827 inauditam,

2259 5203 2306 5257 si
2350 5204 2475 5271 quis
2504 5198 2969 5271 forsitanialiquid
2997 5184 3341 5271 ex_ea_rccte
3369 5193 3666 5262 exsculpat.

2354 5267 2446 5342 57)
2486 5272 2701 5341 Longos
2726 5267 2922 5342 fratres
2962 5267 3234 5342 intelligit.

2354 5274 2446 5342 57)
2486 5274 2701 5341 Longos
2726 5274 2922 5323 fratres
2962 5274 3234 5337 intelligit.

2331 5274 2443 5413 (58)
2472 5342 2557 5413 Ad
2606 5339 2943 5396 accusandos
2971 5337 3204 5413 Longos,
3236 5352 3266 5389 a
3293 5332 3537 5402 'I‘beoph.
3568 5332 3843 5413 Constan-

2259 5400 2438 5496 :3...pr
2487 5412 2711 5496 missus,
2763 5400 3217 5496 plvesnl’alladio
3256 5400 3489 5471 (onstat,
3538 5411 3592 5459 et
3634 5400 3839 5470 Georg.

2258 5477 2523 5535 Aleiand.
2559 5482 2654 5534 inf.
2681 5479 2801 5533 cod.
2825 5477 3011 5533 XCVI.

2329 5551 2459 5623 (58')
2483 5550 2817 5623 Nicephorus
2854 5564 2975 5605 eum
2999 5548 3112 5604 suis
3136 5548 3375 5619 depingit
3406 5545 3699 5610 coloribus,
3736 5542 3839 5599 lib.

2256 5636 2376 5683 xm,
2414 5635 2533 5689 cap.
2559 5622 2651 5676 28.

2256 5758 2300 5761 __
2327 5691 2440 5761 (59)
2499 5690 2642 5744 Idem
2685 5698 2834 5761 puto,
2890 5690 2979 5759 qui
3017 5690 3240 5746 Arsacia
3285 5686 3566 5750 successit,
3614 5684 3680 5739 de
3727 5696 3842 5752 quo

2255 5758 2481 5821 Niceplt.
2511 5775 2659 5837 supr.
2685 5758 2742 5815 ἒξ.
2785 5761 2876 5814 29.
