4100 6440
473 448 573 515 115

1537 449 1805 509 PHOTII
1837 449 2345 509 PATRIARCH/E
2386 451 2494 510 CP.

3634 438 3737 503 116

471 561 834 626 Timarchum,
892 575 1012 631 qua!
1062 560 1316 631 princeps
1379 570 1463 616 εει
1526 562 1835 616 orationum
1892 562 2042 632 ejus,

2158 562 2401 632 μάρχου,
2441 563 2500 623 ὃς
2520 565 2635 615 ἐστι
2666 563 2756 614 καὶ
2794 560 3010 632 πρῶτος
3042 559 3152 613 τῶν
3178 556 3342 612 αὐτοῦ
3365 556 3561 625 λόγων,
3595 555 3688 608 καὶ
3713 557 3743 607 6

467 664 524 711 et
548 652 733 708 Falsa:
778 653 1075 723 legationis.
1126 652 1309 708 Tertia
1356 669 1488 719 vero
1532 664 1587 709 et
1629 655 1817 709 ultima
1848 654 2047 711 Contra

468 747 875 819 Ctesiphontem.
932 747 1068 803 Tres
1110 748 1257 802 enim
1305 748 1569 803 duntaxat
1610 747 1880 818 legitimas
1928 762 2049 802 esse

468 842 634 895 hasce
660 840 842 894 ferunt
880 858 895 893 :
956 838 1210 909 epistolas
1235 853 1362 894 vero
1393 854 1583 894 novem
1613 838 1751 909 (45).
1776 838 2049 905 Quamob-

472 947 589 987 rem
653 930 898 986 nonnulli
946 932 1225 987 orationes
1256 930 1373 998 ejus
1398 930 1613 985 Gratias
1660 932 2047 994 nominarunt,

471 1039 594 1077 cum
622 1025 691 1078 oh
718 1022 983 1079 orationis
1010 1022 1241 1093 gratiam
1270 1032 1380 1077 tum
1420 1038 1449 1075 a
1482 1037 1707 1077 numero
1739 1021 2046 1087 Charitum;

471 1112 657 1167 Musas
718 1128 846 1169 vero
902 1113 1159 1184 epistolas
1187 1114 1478 1178 dixerunt,
1509 1129 1537 1167 a
1583 1127 1808 1167 numero
1858 1126 2050 1165 novem

470 1203 769 1259 Musarum.
799 1204 1197 1261 Circumlertur
1232 1214 1285 1258 ct
1327 1205 1444 1273 ejus
1478 1204 1580 1257 alia
1608 1205 1802 1269 oratio,
1834 1202 2051 1256 Deliaco

470 1297 556 1350 lea:
610 1296 905 1367 inscripta;
939 1312 1099 1366 quam
1155 1307 1331 1351 tamen
1362 1296 1585 1351 Cicilius
1606 1295 1718 1367 (46)
1760 1309 1865 1348 non
1915 1296 2051 1349 reci-

470 1388 583 1455 pit,
625 1388 720 1441 sed
758 1387 825 1441 ad
870 1386 1099 1441 alterum
1128 1385 1444 1441 [Eschinem
1486 1385 1870 1440 Atheniensem
1911 1386 2048 1456 (47),

472 1478 589 1547 ejus
620 1476 907 1545 aequalem,
941 1476 1079 1530 hanc
1103 1476 1429 1539 orationem,
1465 1485 1523 1528 ut
1552 1486 1786 1544 partum,
1822 1474 2011 1530 refert.

542 1566 833 1622 tEschines
867 1569 953 1621 hic
977 1582 1118 1623 unus
1144 1574 1227 1621 est
1257 1567 1309 1619 in
1358 1567 1542 1620 decem
1569 1564 1793 1621 Graecia:
1818 1567 2052 1621 oratorio

472 1661 575 1714 bus
608 1676 621 1712 :
656 1658 747 1727 qui
783 1667 1069 1713 accusatus
1118 1657 1407 1726 aliquando
1434 1672 1462 1709 a
1505 1656 1866 1711 Demosthene
1912 1656 2054 1711 male

471 1748 636 1804 obita:
702 1749 1003 1819 legationis,
1055 1748 1348 1802 damnatus
1400 1748 1521 1803 ideo
1586 1762 1691 1802 non
1742 1756 1848 1812 est,
1909 1747 2051 1817 quod

2151 653 2658 721 Παραπρεσϐείας.
2684 653 2863 723 τρίτος
2895 651 2953 705 δὲ
2991 652 3086 705 καὶ
3115 652 3159 682 ⁷¹
3191 649 3496 711 τελευταῖος
3522 649 3554 701 6
3582 647 3743 701 Κατὰ

2151 743 2598 813 Κτησιφῶντος.
2633 745 2792 814 Τρεῖς
2824 742 2933 813 γὰρ
2962 742 3154 812 μόνους
3177 739 3342 795 αὑτοῦ
3374 756 3507 810 φασι
3538 739 3585 771 τ’
3610 754 3745 808 γνη-

2154 838 2302 900 σίους
2334 833 2495 902 εἶναι,
2516 836 2611 889 καὶ
2640 836 2793 889 ἐννέα
2810 834 3102 898 ἐπιστολάς
3123 850 3136 863 ·
3163 834 3244 887 διὸ
3269 832 3396 895 τοὺς
3424 832 3523 904 μὲν
3550 831 3744 899 λόγους

2160 930 2328 984 αὐτοῦ
2352 946 2496 992 τινες
2524 927 2777 996 Χάριτας
2812 927 3103 998 ὠνόμασαν
3128 926 3217 979 διά
3251 942 3312 978 τε
3333 924 3395 977 τὸ
3428 922 3617 994 χαρίεν
3644 921 3741 976 τοῦ

2152 1021 2310 1090 λόγου
2341 1022 2434 1074 καὶ
2456 1020 2545 1073 τὸν
2572 1019 2804 1089 ἀριθμὸν
2832 1018 2939 1071 τῶν
2970 1018 3244 1087 Χαρίτων.
3272 1016 3523 1079 Μούσας
3552 1014 3610 1067 δέ
3643 1013 3745 1076 τὰς

2154 1113 2443 1175 ἐπιστολὰς
2468 1111 2553 1184 [61
2583 1110 2677 1182 IL]
2706 1111 2795 1164 διά
2818 1110 2908 1162 τὸν
2928 1109 3160 1181 ἀριθμὸν
3175 1108 3284 1161 τῶν
3312 1106 3466 1161 ἐννέα
3486 1107 3738 1159 Μουσῶν.

2153 1207 2383 1277 Φέρεται
2398 1205 2453 1258 δὲ
2480 1203 2643 1257 αὑτοῦ
2666 1203 2758 1256 καὶ
2781 1201 2940 1264 ἄλλος
2959 1200 3138 1268 λόγος,
3162 1200 3192 1252 6
3220 1198 3514 1265 Δηλιακὸς
3532 1198 3741 1263 νόμος*

2156 1299 2255 1351 οὐκ
2296 1297 2539 1367 ἐγκρίνει
2573 1295 2629 1348 δὲ
2659 1294 2822 1347 αὐτὸν
2848 1296 2875 1347 6
2928 1292 3211 1356 Καικίλιος
3244 1291 3310 1354 ⁷⁸,
3341 1288 3455 1343 ἀλλ’
3482 1288 3745 1358 Αἰσχίνην

2155 1389 2314 1443 ἄλλον
2354 1387 2651 1459 σύγχρονον
2696 1385 2848 1439 τοῦδε
2883 1384 3169 1455 Ἀθηναῖον
3189 1382 3280 1436 τὸν
3342 1381 3556 1452 πατέρα
3600 1374 3743 1432 εἶναι

2155 1479 2251 1532 τοῦ
2280 1478 2439 1546 λόγου
2472 1477 2661 1547 φησίν.

2228 1563 2395 1632 Οὗτος
2430 1570 2459 1621 6
2488 1568 2743 1639 Αἰσχίνης
2776 1562 2857 1630 εἷς
2891 1562 2960 1637 ἦν
2989 1566 3097 1618 τῶν
3122 1565 3256 1618 δέκα
3291 1562 3557 1634 ῥητόρων.
3589 1560 3743 1612 Κατ-

2156 1661 2451 1733 ηγορηθεὶς
2487 1661 2546 1714 δὲ
2613 1658 3061 1730 παραπρεσϐείας
3096 1656 3201 1711 ὑπὸ
3227 1654 3607 1726 Δημοσθένους
3642 1651 3741 1721 ούχ

2156 1754 2320 1821 ἑάλω,
2336 1755 2430 1807 ἆτε
2447 1751 2511 1822 δὴ
2540 1750 2810 1805 Εὐϐούλου
2836 1748 2929 1804 τοῦ
2964 1748 3317 1819 δημαγωγοῦ,
3337 1740 3381 1815 ᾧ
3406 1744 3740 1815 ὑπηρέτησε,

475 1838 736 1904 Eubulus,
768 1841 931 1895 homo
950 1839 1141 1910 popula
1152 1840 1246 1906 ris,
1262 1838 1348 1895 cui
1373 1838 1741 1893 subservierat
1762 1838 2050 1907 aliquando

2160 1844 2668 1913 συναγωνισαμένου
2712 1840 2862 1910 αύτῷ
2909 1842 3054 1893 κατά
3104 1838 3385 1907 Δηλιακὸς
3440 1838 3497 1888 ἐν
3533 1833 3610 1904 τῷ
3640 1850 3747 1886 πα-

471 1929 785 1999 JEschines,
840 1932 1255 1987 Demosthenem
1292 1945 1399 1985 una
1450 1946 1813 2001 Oppugnans,»
1844 1941 2050 1986 tantum

2163 1940 2501 2013 ρασκευάσαι
2532 1939 2660 2002 τοὺς
2698 1936 2960 2001 δικαστὰς
2997 1935 3293 2005 ἀναστῆναι
3322 1935 3402 1988 ἔτι
3426 1932 3520 1987 τοῦ
3562 1934 3743 2002 Δημο-

474 2022 737 2088 etfecerit,
774 2033 830 2076 ut
864 2031 1153 2093 antequam
1186 2023 1403 2078 dicendi
1444 2022 1607 2077 linem
1659 2022 2053 2079 Demosthenes

473 2112 944 2181 fecisset,judices
968 2121 1346 2182 exsurgerent.
1376 2112 1504 2168 Post
1534 2128 1663 2167 vero
1694 2128 1815 2168 cum
1864 2128 2051 2182 repre-

472 2202 755 2259 hendisset
798 2203 1087 2259 Eschines
1138 2204 1414 2259 decretum
1470 2202 1606 2273 (48),
1656 2219 1721 2258 ac
1761 2204 1806 2259 si
1857 2211 2049 2259 contra

475 2299 647 2368 legem
677 2297 939 2367 scriptum
983 2306 1151 2364 esset,
1193 2298 1338 2369 quod
1380 2313 1447 2353 ex
1500 2297 1879 2368 Ctesiphontis
1923 2313 2051 2354 sen-

474 2388 647 2444 tentia
672 2388 809 2459 (49),
853 2389 1232 2445 Demosthenis
1265 2391 1408 2446 bono
1438 2391 1699 2460 scriptum
1745 2390 1960 2458 fuerat;
1999 2402 2054 2447 et

474 2480 702 2534 multam
740 2479 856 2551 ipse
910 2480 1013 2536 sibi
1066 2481 1466 2548 prmﬁnivisset,
1531 2483 1583 2537 ni
1640 2493 1827 2537 contra
1880 2484 2050 2554 legem

475 2568 735 2642 Scriptum
763 2586 882 2627 esse
909 2575 1222 2629 ostenderet
1258 2592 1273 2628 :
1304 2574 1405 2629 hoc
1437 2589 1541 2629 non
1566 2584 1810 2643 ostenso,
1842 2582 1901 2629 ut
1932 2589 2054 2645 pro-

475 2663 722 2728 miserat,
760 2665 937 2734 patria
969 2666 1153 2721 cessit.
1186 2664 1367 2732 Quare
1393 2667 1459 2719 ad
1509 2665 1880 2722 Alexandrum
1935 2666 2052 2737 (50)

473 2752 709 2825 Philippi
743 2756 912 2810 tilium
949 2755 1004 2810 in
1048 2755 1180 2811 Asia
1216 2756 1629 2827 belligerantem
1688 2759 1875 2827 lugere
1932 2760 2053 2813 ani-

475 2860 625 2900 mum
654 2845 896 2913 induxit;
931 2847 1190 2902 sustinuit
1219 2858 1424 2912 tamen,
1467 2849 1651 2903 audito
1699 2849 1819 2919 ejus
1874 2849 2048 2916 obitu,

474 2944 533 2992 et
564 2937 784 3006 cognito
816 2937 1005 3008 plenos
1036 2952 1154 2993 esse
1206 2938 1488 2993 turbarum
1543 2954 1912 2996 successores.
1971 2940 2052 2995 Ad

474 3027 725 3083 Rhodum
784 3028 948 3098 igitur
985 3028 1349 3099 adnavigavit,
1384 3031 1437 3084 in
1471 3045 1641 3100 eaque
1694 3032 1897 3087 diutius
1942 3031 2053 3085 hae-

476 3134 606 3175 rens
633 3119 831 3187 insula,
866 3135 1065 3191 pueros
1095 3121 1296 3177 docuit.
1333 3122 1658 3178 Mirantibus
1688 3138 1817 3180 vero
1838 3123 2054 3179 audito-

476 3210 650 3276 ribus,
711 3212 1173 3284 haarentibusque,
1233 3222 1417 3269 tantus
1469 3225 1654 3271 orator
1700 3231 1822 3272 cum
1886 3224 2050 3284 esset,

474 3300 749 3369 quomodo
801 3316 830 3354 a
884 3297 1248 3356 Demosthene
1313 3301 1487 3357 victus
1544 3304 1800 3360 cessisset
1851 3322 1922 3360 ει
1970 3306 2051 3371 Si,

475 3390 675 3460 inquit,
708 3391 937 3446 bestiam
970 3392 1137 3460 ipsam
1164 3391 1617 3457 (Demmtbenem
1664 3396 1920 3451 nimirum
1975 3396 2055 3452 le-

478 3495 594 3537 ram
637 3480 937 3551 appellans)
997 3483 1310 3551 audissetis,
1376 3500 1481 3539 non
1533 3485 1721 3555 utique
1773 3486 2053 3543 haesitare-

479 3572 549 3626 tis
571 3571 706 3640 (5i).
756 3590 775 3624 ι
817 3571 1014 3627 Fertur
1056 3573 1131 3628 ibi
1166 3577 1377 3644 primus
1414 3585 1470 3631 et
1502 3578 1770 3641 ﬁctiones,
1806 3590 1861 3633 et
1920 3594 2057 3649 quas

475 3662 657 3717 ferunt
681 3663 1120 3731 declamationes,
1145 3667 1234 3722 illo
1255 3668 1307 3723 in
1330 3669 1441 3723 otio
1465 3670 1852 3740 composuisse.
1880 3671 2059 3727 Senex

477 3754 698 3807 demum
726 3770 758 3809 e
789 3754 980 3812 Rhodo
1017 3758 1069 3811 in
1106 3757 1328 3813 Samum
1360 3760 1639 3829 migravit,
1671 3760 1907 3833 fatisque
1928 3777 2059 3819 con-

477 3851 671 3904 cessit.
705 3850 963 3905 Obscuris
994 3861 1149 3905 natus
1176 3862 1261 3907 est
1312 3854 1664 3921 parentibus;
1720 3865 1875 3924 patre
1932 3857 2055 3925 qui-

476 3938 601 3993 dem
633 3940 936 4007 Atrometo,
980 3953 1154 3999 matre
1206 3959 1335 4000 vero
1385 3945 1719 4001 Glaucotltea
1792 3949 2051 4002 sacerdo-

2160 2033 2379 2097 σθένους
2414 2033 2688 2101 λέγοντος.
2721 2031 2987 2100 ’Ὕστερον
3025 2030 3081 2083 δὲ
3109 2031 3496 2099 κατηγορήσας
3523 2025 3615 2079 τοῦ
3642 2024 3748 2093 ψη-

2160 2123 2427 2194 φίσματος
2456 2123 2531 2187 ὡς
2552 2121 2933 2194 παρανόμου,δ
2968 2120 3506 2189 κατὰΚτησιφῶντος
3538 2115 3745 2187 ἔγραψε

2157 2216 2527 2285 Δημοσθένης,
2579 2215 2671 2274 καὶ
2698 2214 2889 2284 ὁρίσας
2932 2212 2993 2265 τὸ
3023 2212 3325 2283 πρόστιμον
3352 2208 3444 2281 [29
3468 2206 3558 2279 ιι]
3583 2208 3745 2271 αὐτὸς

2156 2307 2356 2377 ἑαυτῷ,
2390 2306 2485 2360 ἐὰν
2540 2306 2614 2376 μὴ
2643 2305 2791 2378 δείξῃ
2824 2305 3161 2376 παράνομον,
3220 2303 3294 2373 μὴ
3324 2301 3503 2366 δείξας
3528 2303 3573 2334 τι
3598 2300 3673 2363 ὼς
3699 2300 3747 2332 ⁷⁵

2157 2400 2423 2469 ὑπέσχετο
2441 2397 2667 2463 ἐξέπεσε
2691 2398 2789 2467 τῆς
2822 2395 3098 2467 πατρίδος.
3119 2394 3232 2449 Καὶ
3257 2394 3395 2465 πρὸς
3429 2393 3527 2463 μὲν
3558 2391 3745 2456 Ἀλέξ-

2155 2491 2349 2563 ανδρον
2404 2490 2495 2543 τὸν
2522 2488 2788 2541 Φιλίππου
2825 2489 2883 2540 ἐν
2925 2486 3082 2557 Ἀσίᾳ
3114 2484 3477 2557 στρατεύοντα
3523 2482 3746 2551 φεύγειν

2154 2580 2417 2653 ὁρμηθεὶς
2442 2578 2731 2650 ἐπεσχέθη,
2763 2577 2856 2631 τὸν
2889 2577 3099 2631 ἐκείνου
3123 2576 3353 2630 θάνατον
3372 2573 3609 2637 ἀκούσας
3650 2574 3749 2626 καὶ

2159 2673 2391 2744 μεστοὺς
2426 2670 2672 2743 θορύϐων
2709 2669 2838 2734 τοὺς
2870 2669 3079 2722 ἐκείνου
3115 2667 3303 2739 μαθὼν
3336 2666 3633 2737 διαδόχους,
3664 2666 3748 2728 είς

2168 2764 2347 2818 Ῥόδον
2384 2764 2442 2817 δὲ
2467 2762 2707 2826 πλεύσας
2736 2762 3025 2833 κατέμεινε
3054 2760 3264 2831 χρόνον,
3296 2761 3354 2813 ἐν
3382 2754 3563 2827 ᾧτοὺς
3592 2760 3749 2823 νέους

2156 2855 2433 2912 ἐπαίδευε.
2457 2852 2861 2924 Θαυμαζόντων
2885 2854 2942 2906 δέ
2975 2852 3084 2906 τῶν
3123 2852 3425 2923 ἀκροατῶν,
3481 2852 3575 2905 καὶ
3612 2852 3748 2904 ἀπο-

2156 2948 2397 3020 ρούντων
2440 2947 2591 3011 ὅπως
2619 2944 2890 3016 τοσαύτην
2921 2944 3059 3015 ἔχων
3098 2944 3328 3014 δύναμιν
3360 2942 3454 2996 τοῦ
3513 2944 3749 3015 γράφειν

2155 3039 2261 3094 ὑπὸ
2316 3038 2691 3111 Δημοσθένους
2736 3037 2966 3109 ήττήθη,
3005 3036 3107 3107 ἔφη
3132 3054 3147 3069 ο
3182 3054 3200 3087 ι
3237 3038 3298 3089 El
3328 3036 3596 3106 ἠκούσατε
3650 3034 3748 3089 τοῦ

2156 3128 2350 3201 θηρίου
2384 3128 2594 3182 ἐκείνου
2645 3127 2857 3197 (θηρίον
2879 3126 3063 3179 καλῶν
3084 3127 3175 3178 τὸν
3211 3122 3615 3195 Δημοσθένην),
3646 3125 3749 3178 οὐκ

2162 3218 2229 3273 ἂν
2261 3220 2391 3290 ὑμῖν
2442 3218 2602 3273 τοῦτο
2626 3219 2889 3289 ἠπόρητο.
2917 3237 2935 3269 ι
2980 3217 3213 3287 Λέγεται
3245 3218 3301 3270 δὲ
3332 3208 3487 3279 οὗτος
3531 3215 3750 3287 πρῶτος

2161 3310 2341 3363 ἐκεῖσε
2397 3308 2675 3379 σχολάζων
2703 3310 2772 3362 τὰ
2815 3308 3110 3379 πλάσματα
3144 3308 3237 3362 καὶ
3294 3307 3395 3372 τάς
3445 3308 3750 3378 λεγομένας

2165 3399 2394 3471 μελέτας
2417 3399 2708 3455 συνθεῖναι.
2748 3398 2999 3471 Γηράσας
3028 3399 3086 3453 δὲ
3111 3399 3219 3453 ἀπὸ
3244 3399 3426 3452 Ῥόδου
3456 3400 3536 3463 είς
3564 3398 3749 3469 Σάμον

2165 3492 2420 3563 μετέστη,
2452 3493 2614 3545 κάκεῖ
2653 3491 2898 3563 τελευτᾷ.
2930 3487 3040 3545 Ἦν
3078 3492 3134 3544 δὲ
3169 3490 3375 3563 πατρὸς
3408 3491 3504 3561 μὲν
3556 3490 3749 3561 Ἀτρο-

2168 3587 2364 3657 μήτου,
2426 3585 2633 3656 μητρὸς
2654 3585 2712 3638 δὲ
2762 3583 3102 3647 Γλαυκοθέας
3141 3584 3240 3653 τῆς
3277 3583 3496 3653 ἱερείας,
3530 3582 3748 3650 ἀσήμου

2164 3679 2385 3746 γένουςο
2418 3676 2682 3746 ἀδελφοὺς
2711 3676 2766 3729 δὲ
2796 3672 2909 3746 εἶχε
2939 3676 3051 3742 δύο,
3083 3674 3379 3744 Ἀφόϐητον
3411 3675 3502 3727 κα)⁵
3522 3672 3749 3742 Φιλόχα-

2164 3786 2269 3840 ριν.
2310 3770 2384 3823 Τὸ
2409 3769 2508 3839 μὲν
2536 3764 2629 3823 οὖν
2658 3768 2874 3839 πρῶτον
2897 3767 3338 3838 ἐτριταγωνίστει
3363 3765 3749 3837 μεγαλόφωνος

2159 3859 2255 3926 ὢν,
2282 3859 2474 3913 ἔπειτα
2504 3858 2894 3929 ἐγραμμάτευε
2928 3860 2995 3929 τῇ
3054 3855 3240 3927 βουλῇ,
3280 3857 3374 3910 καὶ
3422 3856 3540 3909 κατ’
3565 3855 3749 3923 ὀλίγον

2160 3954 2250 4005 ἐπὶ
2275 3951 2337 4004 τὸ
2359 3952 2707 4021 δημαγωγεῖν
2729 3950 2989 4022 προῆλθε.
3022 3950 3134 4021 Τῆς
3162 3949 3218 4002 δὲ
3260 3949 3368 4002 τῶν
3393 3947 3747 4012 Φιλιππιζόν-

479 4038 531 4082 te
565 4029 699 4101 (52).
731 4029 951 4089 Fratres
994 4034 1130 4091 duos
1169 4036 1381 4099 habuit,
1419 4037 1759 4107 Aphobetum
1789 4050 1845 4094 et
1872 4039 2050 4094 Philo-

2158 4058 2263 4096 των
2295 4042 2355 4097 ἐν
2396 4041 2650 4113 Ἀθήναις
2706 4041 2901 4113 μοίρας
2934 4036 3037 4111 ἦν’
3092 4040 3172 4094 διὸ
3202 4039 3297 4093 καὶ
3350 4038 3749 4093 διεπολιτεύετο

477 4120 689 4178 cburin.
743 4124 923 4193 Initio,
958 4129 1240 4183 tertiarum
1270 4129 1382 4200 (55)
1434 4132 1668 4199 partium
1732 4131 2048 4187 histrionem

2158 4133 2507 4204 Δημοσθένει.
2543 4132 2839 4187 Διακοῠσαι
2875 4131 2933 4185 δὲ
2962 4130 3122 4184 αὐτὸν
3150 4131 3439 4193 Πλάτωνος
3466 4130 3559 4183 καὶ
3586 4128 3746 4180 ’Λντ-

476 4216 585 4285 egit
617 4216 751 4287 (54),
798 4228 855 4273 ut
889 4229 1006 4274 erat
1047 4221 1250 4277 vocalis
1286 4240 1299 4275 :
1342 4222 1541 4277 deinde
1578 4223 1799 4279 tabellio
1833 4225 2044 4279 senatui

476 4306 613 4371 fuit;
663 4319 777 4377 post
810 4325 939 4365 vero
973 4328 1078 4367 non
1106 4314 1195 4367 diu
1239 4314 1305 4367 ad
1337 4314 1731 4382 rempublicam
1760 4330 1820 4371 se
1855 4325 2047 4370 contu-

476 4397 537 4450 lit
585 4397 843 4470 :fuitque
900 4402 1132 4456 Athenis
1186 4403 1385 4457 Atticis
1437 4403 1864 4475 Philippicarum
1923 4421 2051 4475 par-

478 4500 610 4550 tium
642 4495 958 4563 studiosus;
1003 4511 1106 4567 qua
1135 4496 1299 4550 etiam
1338 4497 1403 4557 de
1427 4511 1589 4553 causa
1627 4514 1654 4552 a
1684 4498 2050 4555 Demosthene

2157 4224 2351 4297 αλκίδᾳ
2385 4226 2521 4293 φασὶ
2583 4221 2941 4294 μαθητεῦσαι,
2983 4223 3077 4278 καὶ
3110 4219 3249 4275 εἷναί
3274 4223 3317 4253 ⁷⁸
3345 4238 3397 4275 τι
3427 4220 3520 4274 καὶ
3549 4218 3746 4273 ἐκατέο

2164 4335 2256 4388 ρου
2282 4317 2479 4387 δεῖγμα
2515 4315 2602 4368 διὰ
2644 4314 2753 4366 τῶν
2790 4314 3041 4384 Αἰσχίνου
3075 4313 3250 4381 λόγων
3280 4315 3357 4378 ⁷⁷,
3408 4312 3468 4364 τὸ
3512 4308 3746 4381 μέγεθος

2161 4409 2271 4462 τῶν
2298 4407 2578 4477 ὀνομάτων
2612 4408 2706 4459 καὶ
2728 4404 2825 4477 τὴν
2852 4406 3155 4476 σεμνότητα
3183 4404 3227 4435 ⁷⁸
3259 4403 3367 4456 τῶν
3386 4402 3741 4471 πλασμάτων.

2165 4500 2442 4565 Διονύσιος
2471 4499 2528 4554 δέ
2562 4516 2693 4552 ποτε
2725 4500 2753 4552 6
2785 4499 3042 4569 σοφιστὴς
3075 4494 3312 4567 ἐντυχὼν
3330 4495 3408 4567 τῷ
3435 4493 3573 4549 κατά
3602 4492 3745 4560 Τιμ-

1686 4672 1689 4677 ’
1732 4662 1959 4718 VARl/E
2002 4662 2298 4719 LECTION
2310 4665 2410 4717 ES.

545 4753 589 4783 '"
619 4753 674 4807 δὲ
700 4755 729 4806 6
754 4753 847 4807 καὶ
872 4774 931 4820 ς.

471 4818 541 4895 ἦν
563 4822 643 4877 ἐτι
678 4841 736 4887 ς.
813 4825 857 4855 ⁷⁷
883 4818 976 4876 διὰ
1004 4818 1113 4877 τῶν
1139 4818 1208 4863 '—
1232 4823 1405 4892 λόγων
1434 4823 1476 4876 Α
1502 4842 1516 4877 :
1549 4824 1640 4877 τὸν
1660 4856 1728 4865 -
1759 4824 1917 4893 λόγον
1940 4844 1999 4892 ς.

1010 4755 1055 4787 ⁷²
1083 4753 1217 4824 φησὶ
1246 4754 1312 4809 A.
1390 4753 1435 4784 ⁷³
1458 4753 1715 4818 Κικίλλος
1750 4754 1814 4807 Α.
1848 4756 2093 4819 Κικίλιος
2120 4775 2180 4820 ς.
2239 4759 2283 4789 ⁷⁸
2300 4759 2462 4821 δείξει
2500 4777 2558 4822 ς,
2636 4760 2682 4789 τις

1010 4824 1113 4877 τῶν
1139 4853 1208 4863 -
1232 4823 1405 4892 λόγων
1434 4823 1476 4876 Α
1502 4842 1516 4877 :
1549 4824 1640 4877 τὸν
1660 4856 1728 4865 -
1759 4824 1917 4893 λόγον
1940 4844 1999 4892 ς.
2110 4828 2156 4858 ⁷⁸
2186 4829 2220 4897 ή
2244 4830 2509 4897 σεμνότης
2541 4829 2607 4883 Λ,

2244 4845 2301 4880 σε
2311 4845 2509 4897 μνοτης
2541 4845 2578 4880 Λ
2594 4869 2607 4883 .

2718 4757 2896 4822 δείξας
2923 4755 2978 4807 δὲ
2996 4755 3069 4815 ὡς
3097 4770 3158 4817 ς.
3234 4752 3282 4784 ⁷⁸
3312 4744 3456 4803 εἶναί
3476 4765 3529 4800 τι
3552 4746 3646 4800 καί
3671 4744 3738 4799 Ai

1984 4940 2216 4997 NOT/E.

546 5038 656 5106 (45)
681 5036 835 5092 Nunc
870 5036 937 5091 12
966 5036 1237 5102 leguntur.

544 5105 659 5176 (46)
692 5108 853 5162 Forte
880 5106 1151 5170 Caecilius,
1183 5106 1344 5176 cujus
1358 5105 1606 5176 oratoris
1632 5107 1882 5176 meminit
1909 5108 2051 5163 Plut.

475 5179 529 5232 in
557 5174 679 5231 Vita
705 5177 973 5231 Demosth.
1000 5187 1049 5229 et
1075 5176 1291 5245 Dionys.
1324 5174 1607 5229 Halicarn.
1644 5175 1811 5240 Epist.
1838 5178 1904 5228 ad
1928 5192 2051 5245 pop.

474 5246 748 5302 Deliacam
783 5256 962 5299 autem
996 5248 1133 5300 hanc
1159 5250 1320 5301 etiam
1339 5245 1611 5299 Plutarch.
1634 5245 1883 5301 Alschini
1902 5245 2056 5315 obju-

475 5317 617 5372 dicat
650 5317 743 5370 lib.
780 5316 855 5369 De
873 5318 1047 5369 decem
1064 5328 1201 5370 orat.

546 5384 1028 5510 (‘7)lssttct'glt'cuttt
1054 5395 1444 5455 cognomento,
1480 5390 1546 5443 de
1573 5404 1682 5457 quo
1711 5397 1767 5441 et
1807 5386 1897 5452 hic
1934 5400 2052 5453 seq.

547 5476 599 5510 εξ.
637 5473 666 5510 e
762 5472 814 5509 ιιι
860 5497 874 5510 .

513 5474 599 5512 οε.
637 5467 690 5511 et
719 5467 874 5510 διιιιι.

476 5473 881 5596 Ρθῗλεῗιιῧέῗί
915 5526 1055 5596 idem
1096 5526 1380 5596 ἀνώνυμος
1434 5527 1558 5581 νίκη
1608 5524 2056 5596 λΕειτΙιίηἰεεςτξ·

474 5592 597 5720 pter
625 5592 651 5651 ε’
670 5598 793 5653 Ὅτι
826 5595 1066 5666 ἠδυνήθη
1093 5592 1310 5666 κινῆσαι
1358 5596 1458 5669 τὴν
1490 5595 1825 5668 κατηγορίαν
1852 5592 2055 5648 E6606-

507 5686 568 5720 ου
592 5667 1133 5720 συναγωνισαμένου.
1161 5678 1265 5720 etc.

507 5686 568 5722 ου
592 5667 1133 5737 συναγωνισαμένου,
1161 5678 1265 5721 etc.

547 5737 659 5807 (49)
692 5736 953 5807 Etnendo,
984 5738 1012 5792 ὃ
1042 5737 1183 5791 κατά
1228 5736 1594 5806 Κτησιφῶντα
1625 5736 1841 5807 ἐγράφη
1860 5739 2050 5807 ,Δημο-

476 5804 674 5937 Roma,
701 5808 784 5887 χοι
810 5804 1033 5878 trajecta
1056 5826 1205 5874 voce,
1230 5807 1257 5861 ὂ
1287 5804 2050 5884 ὑπὲρΔημοσθέννούς-εγραψε

510 5893 786 5937 Ατησιφων.

510 5893 786 5948 μτησιφων.

2082 5040 2136 5100 D

2233 5038 2346 5105 (50)
2383 5038 2517 5093 Vide
2549 5037 2688 5091 Plut.
2719 5032 2963 5105 opuscul.
3002 5030 3089 5105 10,
3124 5040 3267 5084 orat.
3300 5029 3352 5082 in
3382 5026 3585 5105 ἔδει).

2236 5093 2346 5177 (δι)
2380 5108 2511 5162 Vide
2553 5107 2693 5161 Plin.
2728 5093 2934 5177 Histo_r.
3001 5093 3094 5177 ιη..
3148 5093 3736 5177 vt[,__c.zt_o;ptt>tip.

2166 5164 2401 5233 Secuud.
2454 5177 2547 5231 lib.
2582 5192 2641 5241 ιι,
2669 5175 2831 5244 epist.
2869 5172 2923 5235 5,
2950 5180 3003 5226 et
3033 5172 3189 5224 Auct.
3212 5168 3340 5223 Vide
3366 5166 3555 5223 discit.
3592 5164 3737 5217 ἀνώ-

2163 5264 2583 5398 Ἱέρεια,
2603 5314 2727 5371 alibi
2751 5312 3057 5385 τελέστρια,
3082 5308 3234 5381 quasi
3267 5308 3531 5362 initiatrix
3549 5321 3569 5360 :
3595 5308 3737 5376 apud

2166 5387 2348 5537 sulgs')
2380 5454 2493 5510 Cic.
2524 5454 2796 5537 Divinain
2826 5452 2999 5537 Verr.
3024 5451 3102 5537 sic
3128 5449 3324 5537 reddit
3342 5449 3738 5537 compararu-

2164 5517 2469 5588 νιστούντα,
2502 5526 2593 5594 qui
2635 5526 2813 5579 rarius
2873 5522 2939 5576 ad
2981 5522 3245 5594 agendum
3267 5517 3735 5594 _reg_red_iehatur,

2161 5612 2324 5665 quam
2356 5587 2462 5665 qui
2484 5587 2845 5649 secundarum
2874 5587 3041 5647 esset.
3082 5587 3229 5644 ldetn
3265 5587 3562 5644 Tertiarius
3594 5600 3737 5655 quo-

2164 5682 2269 5736 que
2296 5666 2475 5736 dictus
2507 5665 2725 5736 legitur.

2166 5723 2195 5859 ί
2229 5736 2343 5804 (54)
2366 5734 2518 5804 Quod
2544 5723 2594 5791 ei
2631 5730 2907 5790 Demosth.
2927 5727 3293 5799 exprobravit.
3313 5738 3454 5783 orat.
3491 5724 3567 5781 De
3593 5723 3739 5786 falsa

2184 5817 2322 5875 eget.
