4146 6422
340 438 439 504 117
1452 435 1978 496 BIBLIOTHECA.
2011 460 2078 471 —
2097 436 2260 498 COD.
2302 422 2494 498 LXII:
3501 422 3601 491 IIS

328 558 496 623 ἀρχου
518 551 792 622 λόγῳ,καὶ
822 551 921 621 τὴν
935 549 1108 620 ἀρχὴν
1128 548 1398 617 ἀναγνοὺς
1425 549 1521 601 τοῦ
1557 550 1927 619 προοιμίου⁷⁹,

2035 550 2180 605 civili
2211 548 2568 605 contentione
2596 542 2874 598 dissensit.
2905 541 3150 595 Platonis
3174 554 3388 611 quoque
3437 542 3596 595 audi-

334 666 353 697 ι
385 646 591 699 οὐδένα
618 644 839 698 πώποτε
876 643 1000 697 οὔτε
1040 642 1259 714 γραφὴν
1289 642 1641 712 γραψάμενος
1693 642 1819 697 οὕτε
1861 643 1921 694 ἐν

2034 653 2220 703 torem,
2255 651 2309 696 et
2336 639 2668 694 Anatalcidze
2692 637 2806 707 (55)
2830 635 3152 704 discipulum
3179 634 3345 689 fuisse
3366 633 3554 688 ferunt
3581 651 3597 689 :

324 738 579 800 εὐθύναις
589 740 862 808 λυπήσας,
883 756 1005 789 ι-ι
1029 737 1148 790 Ετθε
1165 737 1391 799 πολλοὺς
1407 736 1651 807 ἐγράψω,
1668 737 1794 805 ἔφη,
1813 734 1926 788 εῐθε

2034 740 2081 786 et
2114 740 2243 785 sunt
2290 732 2573 798 utriusque
2612 726 2687 782 rei
2723 727 2922 780 indicio
2952 726 3101 795 200
3152 724 3429 779 Eschinis
3482 741 3610 777 ora-

329 831 560 895 πολλοὺς
590 830 891 900 ἐλύπησας,
910 830 998 883 ἵνα
1025 829 1239 893 πλείους
1270 828 1672 890 καταλελοιπὼς
1698 827 1928 896 ἐτύγχα-

2035 824 2227 887 tiones,
2270 839 2391 876 cum
2448 822 2736 875 verborum
2796 819 3122 887 granditate,
3172 826 3284 871 tum
3340 818 3609 886 gravitate

326 939 416 984 νες
444 922 676 991 λόγουςε
712 942 730 973 ι
770 921 943 984 οὕτως
995 920 1137 991 ἥσθη
1192 919 1272 991 τῷ
1301 920 1611 990 χαρακτῆρι
1647 918 1741 972 τοῦ
1775 920 1932 989 ῥήτο·

2035 914 2385 971 inventionis.
2445 913 2734 985 Dionysius
2804 926 2931 965 vero
2976 910 3221 980 sophista
3277 908 3415 981 (56),
3480 924 3603 963 cum

333 1028 442 1080 ρος.
2035 1005 2175 1059 forte
2203 1006 2255 1058 in
2274 1004 2391 1073 ejus
2414 1004 2738 1065 orationem,
2763 1018 2929 1073 quam
2955 1002 3216 1055 adversus
3248 999 3604 1053 Timarchum

331 1103 543 1170 habuit,
583 1102 893 1164 incidisset,
932 1100 1073 1155 lecto
1118 1100 1371 1169 prooemii
1397 1100 1514 1167 ejus
1563 1100 1668 1155 hoc
1725 1097 2010 1167 principio,
2055 1114 2075 1147 ι
2124 1096 2380 1163 Equidem
2413 1095 2541 1149 nulli
2605 1108 2844 1162 unquam
2906 1101 3001 1145 aut
3067 1093 3120 1146 in
3189 1091 3391 1158 judicio
3457 1089 3606 1159 peri-

256 1230 275 1237 ς
328 1195 509 1248 culum
534 1196 739 1258 creari,
774 1204 866 1247 aut
906 1195 959 1248 in
986 1194 1289 1249 rationibus
1329 1194 1607 1263 exigendis
1644 1193 1903 1246 molestus
1943 1190 2039 1255 fui,
2076 1209 2095 1242 ι
2127 1189 2330 1244 dixisse
2352 1188 2570 1243 fertur:
2611 1205 2630 1238 ι
2664 1185 2882 1241 Utinam
2954 1186 3137 1241 multis
3199 1200 3339 1256 saepe
3396 1185 3609 1255 pericu-

327 1285 437 1339 lum
472 1301 761 1353 creasses;
804 1286 1006 1340 utinam
1041 1286 1225 1341 multis
1258 1286 1518 1340 molestus
1565 1285 1784 1345 fuisses,
1838 1293 1897 1337 ut
1936 1282 2136 1337 multas
2170 1282 2225 1336 id
2282 1294 2455 1352 genus
2504 1279 2781 1333 orationes
2832 1278 2993 1333 nobis
3057 1277 3369 1347 reliquisses
3399 1277 3545 1347 (57)!
3583 1293 3602 1326 ι

326 1379 480 1433 Adeo
516 1390 601 1435 est
634 1381 871 1435 oratoris
900 1381 1063 1449 hujus
1096 1381 1417 1436 charactere
1449 1379 1779 1436 delectatus.

399 1474 556 1527 Ἔστι
590 1474 650 1526 δὲ
676 1477 704 1528 ὁ
735 1473 893 1542 λόγος
930 1474 1079 1545 αὐτῷ
1106 1474 1297 1546 ὥσπερ
1361 1474 1640 1544 αὐτοφυὴς
1689 1474 1783 1529 καὶ
1819 1475 1918 1529 αὐ-

325 1565 628 1635 τοσχέδιος,
659 1570 721 1617 οὐ
753 1566 1006 1619 τοσοῦτον
1038 1566 1214 1630 διδοὺς
1244 1568 1343 1635 τὴν
1367 1567 1566 1638 τέχνην
1596 1567 1921 1635 ἀποθαυμά-

2034 1581 2151 1629 tea;
2172 1580 2278 1619 non
2301 1575 2502 1618 tantam
2534 1565 2689 1624 artis,
2721 1572 2978 1632 quantam
3002 1561 3203 1631 ingenii
3235 1560 3403 1629 ipsius
3427 1560 3602 1614 admi-

327 1653 446 1717 ζειν
470 1653 518 1683 ⁸⁸
556 1652 652 1705 τοῦ
680 1654 876 1723 ἀνδρὸς
904 1655 1026 1707 ὅσον
1053 1655 1154 1725 τὴν
1180 1654 1343 1723 φύσιν
1364 1670 1377 1685 ο
1430 1659 1525 1708 καὶ
1545 1657 1654 1725 γὰρ
1684 1656 1785 1709 ὅσα
1815 1655 1924 1708 δει-

2034 1656 2294 1709 rationem
2324 1656 2625 1710 concitans.
2667 1652 2878 1707 Etenim
2926 1667 3049 1704 cum
3086 1651 3310 1722 grandia
3338 1650 3519 1704 omnia
3558 1652 3610 1703 in

327 1748 550 1815 νότητος
586 1744 791 1812 ἔχεται,
833 1744 1014 1797 ταῦτα
1045 1745 1193 1798 ἐστιν
1217 1746 1399 1815 εὑρεῖν
1432 1746 1582 1813 παρὰ
1615 1748 1729 1809 τοῖς
1745 1745 1924 1813 λόγοις

2034 1747 2138 1817 ejus
2164 1746 2507 1800 orationibus
2545 1744 2803 1813 reperias,
2836 1756 2946 1798 tum
2979 1757 3099 1811 qua:
3141 1745 3376 1795 maxime
3401 1751 3606 1797 natura:

327 1835 519 1899 αὑτοῦ,
543 1836 638 1887 καὶ
665 1835 701 1888 ἃ
724 1835 941 1904 φύσεως
971 1836 1172 1905 μᾶλλόν
1211 1838 1327 1890 ἐστι
1379 1836 1670 1907 δείγματα.
1704 1836 1840 1907 Περί
1863 1854 1922 1889 τε

2034 1837 2393 1905 praestantiam
2445 1837 2756 1890 ostendant.
2807 1833 2863 1886 In
2922 1832 3144 1887 vocibus
3187 1832 3331 1885 enim
3379 1833 3610 1901 simplex

327 1927 440 1995 γὰρ
472 1928 573 1995 τὴν
597 1926 896 1995 ὀνομασίαν
935 1926 1086 1979 ἐστὶν
1142 1927 1350 1998 ἀφελὴς
1381 1928 1475 1980 καὶ
1511 1926 1774 1997 εὔσημος,
1829 1927 1926 1981 καὶ

2034 1938 2082 1983 et
2114 1925 2403 1993 candidus,
2439 1927 2621 1981 clarus
2657 1933 2938 1987 tatueu,et
2987 1927 3040 1976 in
3107 1925 3414 1981 orationum
3463 1938 3613 1977 com-

330 2015 463 2082 περὶ
488 2014 586 2084 τὴν
605 2016 714 2068 τῶν
738 2015 913 2084 λόγων
936 2016 1184 2071 σύνθεσιν
1215 2017 1339 2072 οὕτε
1362 2018 1503 2084 ἄγαν
1519 2019 1707 2083 ἄτονος
1735 2018 1925 2090 ὥσπερ

2034 2020 2318 2090 positione,
2399 2032 2576 2086 neque
2631 2016 2786 2070 valde
2837 2014 3124 2083 languidus
3204 2023 3263 2068 ut
3318 2012 3611 2075 Isocrates.

2027 2128 2203 2182 neque
2272 2120 2589 2167 contractus
2634 2118 2691 2164 et
2757 2108 3016 2162 astrictus
3073 2116 3134 2160 ut
3177 2105 3371 2175 Lysias
3418 2122 3433 2159 :
3492 2105 3612 2175 ipso

2087 1476 2184 1529 Est
2210 1471 2331 1543 ejus
2346 1474 2521 1528 oratio
2542 1480 2794 1542 tanquam
2810 1480 3001 1539 sponte
3032 1480 3156 1523 nata
3187 1478 3242 1523 et
3266 1478 3608 1537 extempora-

340 2106 693 2177 Ἰσοκράτης,
751 2106 878 2159 οὔτε
934 2110 1298 2179 πεπιεσμένος
1344 2110 1439 2163 καλ⁸
1499 2112 1928 2181 συνεσφιγμένος

329 2196 523 2269 ὥσπερ
555 2199 583 2251 6
612 2199 845 2263 Λυσίας·
876 2198 1144 2271 πνεύματι
1164 2201 1221 2255 δὲ
1266 2202 1361 2255 καὶ
1394 2202 1533 2273 τόνῳ
1561 2202 1713 2256 οὐδὲν
1742 2204 1925 2275 Δημο-

332 2289 559 2352 σθένους
584 2291 895 2346 ἀπολείπει.
927 2291 1039 2361 Σχή
1051 2307 1181 2362 ματι
1225 2293 1283 2346 δέ
1307 2293 1575 2364 κέχρηται
1596 2293 1838 2357 διανοίας
1865 2311 1927 2347 τε

332 2384 429 2435 καὶ
457 2381 678 2449 λέξεως,
707 2382 767 2435 οὐ
797 2383 933 2454 πρὸς
967 2383 1029 2436 τὺ
1078 2383 1256 2437 δοκεῖν
1292 2401 1345 2437 τι
1382 2386 1480 2438 σὺν
1527 2386 1692 2456 τέχνῃ
1723 2386 1926 2454 λέγειν,

332 2476 472 2528 ἀλλὰ
552 2477 686 2547 πρὸς
760 2476 823 2529 τὸ
875 2477 1305 2545 ἀναγκαιότατον
1366 2480 1480 2541 τοῖς
1548 2478 1928 2549 ὑποκειμένοις

333 2568 648 2638 πράγμασι.
688 2569 779 2621 Διὸ
819 2570 912 2622 καὶ
942 2569 1301 2640 ἀπάνουργός
1333 2587 1452 2633 πως
1510 2572 1540 2623 6
1580 2570 1737 2639 λόγος
1789 2565 1928 2624 εἶναι

332 2660 502 2723 δοκεῖ,
535 2660 630 2712 καὶ
655 2658 730 2722 ὡς
751 2660 851 2724 τὰς
886 2662 945 2713 ἐν
971 2660 1167 2730 πλήθει
1194 2660 1483 2732 ῥητορείας
1513 2663 1608 2715 καὶ
1633 2663 1758 2725 τοὺς
1782 2663 1928 2715 ἰδιωο

336 2751 525 2812 τικοὺς
552 2748 745 2817 λόγους
777 2751 820 2782 ⁸⁸
857 2751 1094 2820 μάλιστα
1134 2752 1435 2822 ἐμπρέπων
1456 2767 1473 2785 ⁸
1506 2752 1603 2806 καὶ
1659 2755 1771 2823 γὰρ
1806 2754 1929 2807 οὐδὲ

337 2839 767 2909 ἐπιχειρήμασιν
818 2840 938 2893 οὐδὲ
999 2840 1353 2912 ἐνθυμήμασι
1415 2842 1647 2912 συνεχής
1697 2859 1782 2907 τις
1833 2842 1931 2895 καὶ

336 2932 458 2984 λίαν
494 2930 587 3002 [64
644 2930 735 3002 Β.1
770 2932 1217 3003 ἐκϐεϐιασμένος.
1268 2934 1372 2987 Τὸν
1431 2933 1614 3004 μέντοι
1660 2935 1929 2989 Λυσανίου

336 3022 601 3091 Αίσχίνην
630 3021 780 3076 ἄλλοι
810 3040 869 3076 τε
910 3022 1005 3076 καὶ
1023 3023 1285 3095 Φρύνιχος
1339 3023 1564 3095 μᾶλλον,
1604 3025 1663 3078 ὃν
1692 3028 1786 3079 καὶ
1814 3027 1931 3080 Σω-

338 3116 603 3186 κρατικὸν
648 3114 930 3182 καλοῦσιν,
964 3117 1045 3180 εἰς
1073 3116 1202 3180 τοὺς
1248 3115 1503 3187 ἀρίστους
1536 3117 1799 3187 ἐγκρίνει,
1830 3134 1933 3170 κα-

2024 2204 2249 2273 iusnper
2294 2203 2489 2273 spiritu
2546 2217 2610 2257 ac
2664 2200 3017 2256 contentione
3068 2198 3203 2253 nihil
3252 2194 3614 2252 Demosthene

2026 2300 2278 2355 inferior.
2328 2298 2710 2354 Schematihus
2740 2305 3005 2367 praeterea
3043 2310 3166 2349 cum
3194 2293 3607 2354 sententiarum,

2027 2400 2140 2443 tum
2168 2389 2455 2443 verborum
2491 2388 2565 2442 ita
2598 2402 2729 2441 usus
2762 2396 2868 2450 est,
2891 2400 2998 2438 non
3033 2392 3141 2440 tam
3178 2392 3236 2437 ιιι
3270 2394 3411 2446 arte,
3444 2398 3609 2454 quam

2028 2497 2125 2550 pro
2160 2478 2420 2544 subjecta:
2459 2480 2533 2534 rei
2565 2493 2629 2533 ac
2684 2477 2885 2548 negotii
2924 2476 3273 2537 necessitate,
3310 2474 3495 2529 dicere
3531 2473 3614 2527 vi-

2026 2575 2241 2629 deatur.
2281 2572 2646 2639 Quamobrem
2711 2581 2766 2626 et
2805 2570 3033 2640 simplex
3077 2578 3241 2637 atque
3280 2567 3613 2621 inelaborata

2026 2666 2145 2736 ejus
2186 2674 2410 2735 apparet
2446 2664 2632 2729 dictio,
2670 2678 2735 2717 ac
2764 2663 2929 2717 veluti
2969 2659 3215 2731 papulari
3264 2659 3522 2722 orationi,
3558 2670 3615 2713 et

2027 2754 2240 2823 privato
2296 2753 2533 2807 sermoni
2576 2752 2812 2805 maxime
2884 2752 3233 2805 conveniens.
3295 2747 3414 2802 Non
3466 2749 3614 2803 enim

2027 2840 2113 2895 vel
2154 2839 2209 2894 in
2242 2838 2781 2903 ratiocinationibus,
2816 2837 2898 2893 vel
2928 2838 2979 2890 in
3015 2836 3439 2906 enthymematis
3476 2834 3615 2888 mul-

2033 2942 2143 2997 tus,
2177 2932 2513 3000 nimiumque
2549 2941 2795 2986 coactus.
2822 2929 3095 2984 Casterum
3132 2927 3449 2982 IEschinem
3476 2926 3614 2994 (58),

2029 3021 2284 3093 Lysanim
2372 3022 2567 3087 lilium,
2656 3035 2819 3090 quem
2899 3032 2954 3073 et
3033 3018 3373 3072 Socraticum
3446 3018 3616 3070 nomi-

2031 3123 2183 3179 nant,
2217 3129 2341 3169 cum
2375 3114 2463 3168 alii
2495 3114 2696 3182 plures,
2735 3122 2844 3165 tum
2876 3110 3218 3180 Phrynichus
3239 3109 3353 3180 (59)
3392 3108 3618 3176 potissi-

339 3208 468 3260 νόνα
530 3207 671 3276 μετά
712 3223 777 3276 γε
826 3207 955 3271 τοὺς
1007 3205 1258 3279 πρώτους
1302 3207 1548 3264 Ἀττικοῦ
1602 3208 1760 3279 λόγου
1811 3209 1932 3272 τοὺς

2044 3221 2213 3270 mum,
2256 3204 2307 3257 itt
2337 3203 2556 3273 optimis
2614 3202 2945 3265 oratoribus,
3001 3210 3060 3254 ιιι
3113 3199 3354 3269 regulam
3400 3199 3615 3262 statuit,

339 3300 553 3353 ἐκείνου
582 3299 1019 3370 ἀποφαινόμενος
1040 3299 1232 3370 λόγους
1260 3301 1331 3354 ⁸⁸.

1082 3471 1205 3526 ΞΒθ.

339 3564 738 3635 Πραξαγόρου
760 3564 1081 3631 Ἀθηναίου
1112 3566 1224 3635 τῆς
1247 3567 1398 3621 κατὰ
1427 3566 1534 3621 τὸν
1556 3567 1642 3621 Μέ

655 3635 980 3689 drmit-or
1016 3638 1279 3704 ἱστορίας
1310 3639 1523 3702 ,ϐιϐλιά
1547 3638 1630 3702 β’.

416 3728 509 3800 [30
547 3727 640 3801 Η]
680 3727 1025 3799 Ἀνεγνὼσθη
1052 3729 1414 3802 Πραξαγόρου
1443 3732 1489 3764 ⁸³
1518 3731 1611 3784 τοῦ
1638 3732 1935 3803 Ἀθηναίου

342 3820 448 3888 τῆς
472 3820 635 3873 Κατὰ
658 3819 977 3887 τὸνΜέγαν
987 3821 1450 3874 Κωνσταντῖνον
1460 3823 1729 3891 ἱστορίας
1756 3822 1937 3893 βιϐλία

343 3912 462 3967 δύο.
494 3913 584 3966 Ἐν
622 3908 704 3975 οἷς
733 3912 915 3980 λόγοις
963 3912 1215 3978 διέξεισιν
1252 3913 1335 3966 ὅτι
1363 3914 1391 3965 6
1440 3913 1622 3985 πατὴρ
1651 3916 1937 3967 Κωνσταν-

345 4004 495 4057 τίνου
523 4004 906 4068 Κωνστάντιος
948 4004 1244 4076 Βρετανίας
1294 4005 1612 4058 ἐϐασίλευσε
1654 4006 1721 4070 ⁸⁵,
1762 4007 1936 4072 Μαξι-

350 4098 503 4165 μῖνος
528 4096 584 4148 δέ
616 4096 719 4165 τῆς
754 4094 974 4167 Ῥώμης
1008 4098 1100 4150 καὶ
1125 4099 1224 4167 τῆς
1250 4098 1416 4168 ἄλλης
1455 4098 1683 4161 Ἰταλίας
1714 4099 1809 4152 καὶ
1850 4101 1938 4153 Σι-

348 4186 559 4249 κελίας.
587 4187 616 4239 6
637 4187 695 4240 δὲ
746 4188 931 4258 ἕτερος
957 4188 1263 4257 Μαξιμίνος
1294 4193 1392 4261 τῆς
1424 4207 1485 4242 τε
1545 4188 1797 4250 Ἑλλάδος
1843 4193 1938 4244 καὶ

347 4279 452 4347 τῆς
491 4279 643 4331 κάτω
686 4280 871 4343 Ἀσίας
903 4280 1000 4333 καὶ
1057 4281 1306 4351 Θρᾴκηςο
1362 4282 1740 4353 Διοκλητιανδς
1793 4284 1873 4347 δὲ,
1909 4285 1938 4337 6

346 4370 446 4421 καὶ
477 4370 584 4421 τῶν
614 4368 791 4423 ἄλλων
821 4371 1219 4440 πρεσϐύτατος,
1270 4373 1371 4442 τῆς
1397 4390 1456 4426 τε
1507 4374 1760 4439 Βιθυνίας
1799 4372 1937 4445 ἦρχε

347 4459 446 4511 καὶ
474 4460 568 4527 τῆς
609 4460 869 4529 Ἀραϐίας
899 4462 994 4514 καὶ
1019 4462 1117 4533 τῆς
1143 4463 1350 4530 Λιϐύης
1378 4465 1470 4517 καὶ
1502 4465 1599 4535 τῆς
1634 4466 1935 4534 Αἰγύπτου,

1646 3584 1755 3637 γαν
1782 3570 1937 3621 Κων-

2036 3296 2270 3367 ejusque
2302 3295 2582 3350 orationes
2631 3304 2750 3364 post
2805 3291 2971 3347 Attici
3027 3290 3294 3347 sermonis
3346 3289 3618 3360 principes
3724 3344 3729 3353 ,

2037 3388 2288 3443 (εοΙΙοθςιῑ.

2754 3477 2915 3533 LXII.

2115 3573 2441 3643 Praxagom’
2472 3570 2807 3653 Atheniensis
2824 3574 2901 3693 Id;
2933 3572 3092 3653 rebus
3120 3570 3458 3625 Constantini
3496 3570 3616 3625 Μα-

2708 3657 2796 3693 ant
2845 3659 2858 3692 ι
2901 3656 3031 3693 rut.

2706 3657 2796 3711 gnt
2824 3656 2947 3693 tum
2971 3656 3031 3695 ιι.

2111 3735 2259 3789 Lecti
2302 3744 2429 3789 sunt
2464 3733 2793 3802 Praxagorae
2822 3732 3176 3787 Atheniensis
3202 3732 3276 3787 De
3295 3734 3453 3802 gestis
3479 3731 3618 3786 Con-

2038 3832 2257 3886 stantini
2298 3828 2482 3899 Magni
2511 3829 2854 3882 historiarum
2884 3828 3029 3882 libro
3055 3828 3161 3881 duo
3195 3845 3208 3881 :
3251 3827 3450 3895 quibus
3488 3841 3617 3880 nar-

2041 3932 2125 3975 rat
2151 3919 2499 3976 Constantini
2562 3930 2773 3987 patrem
2802 3918 3186 3974 Constantium
3231 3917 3526 3972 Britannia:
3564 3927 3620 3970 et

2042 4011 2312 4082 Hispania:
2338 4011 2448 4082 (60)
2488 4012 2824 4081 imperasse;
2858 4010 3211 4064 Maximinum
3261 4010 3448 4064 Romae
3477 4008 3615 4080 (61),

2039 4112 2093 4157 et
2126 4110 2335 4157 ca‘terae
2370 4102 2556 4163 Italiae,
2587 4112 2751 4171 atque
2808 4100 3010 4156 Sicilia:
3044 4115 3270 4170 regnum
3336 4099 3571 4153 tenuisse
3601 4116 3615 4152 :

2038 4195 2269 4248 alterum
2301 4208 2429 4247 vero
2462 4191 2816 4245 Maximinum
2867 4190 3158 4251 Gmciam,
3217 4188 3616 4249 Macedoniam,

2045 4287 2423 4353 mitioremque
2452 4284 2667 4346 Asiam,
2693 4298 2758 4337 ac
2794 4282 3088 4336 Thraciam
3122 4295 3417 4349 occupasse
3448 4297 3462 4332 ε
3490 4280 3618 4333 Dio.

2040 4375 2330 4430 cletiauum
2354 4383 2558 4437 autem,
2593 4373 2686 4443 qui
2738 4380 2966 4427 caeteros
2997 4380 3155 4425 aetate
3197 4370 3460 4433 anteibat,
3518 4368 3610 4420 Bi-

2044 4466 2289 4537 thyniam
2358 4465 2652 4531 habuisse;
2715 4463 2974 4518 Arabiam
3033 4465 3184 4527 item,
3243 4472 3296 4516 et
3354 4460 3617 4522 Africam,

347 4553 483 4621 ὅσην
507 4554 536 4605 6
569 4552 762 4615 Νεῖλος
792 4554 1162 4624 ἐπερχόμενος
1188 4554 1363 4626 ἄρδει.
1396 4556 1498 4608 Τὸν
1527 4554 1618 4609 οὖν
1645 4559 1932 4611 Κωνσταν-

2042 4568 2204 4627 atque
2236 4556 2453 4627 XEgypti
2490 4572 2705 4611 omnem
2734 4572 2885 4611 oram
2914 4571 3074 4625 quam
3118 4553 3269 4608 Nilus
3305 4552 3478 4604 alluit.
3512 4549 3614 4618 lgi-

347 4647 494 4699 τῖνον
515 4647 543 4696 6
572 4646 757 4715 πατὴρ
784 4644 993 4714 πέμπει
1039 4646 1189 4714 παρὰ
1226 4646 1271 4679 ⁸⁵
1302 4648 1686 4717 Διοκλητιανδν
1735 4651 1816 4714 εἰς
1845 4652 1936 4703 Νι-

349 4734 647 4805 κομήδειαν
683 4736 1198 4806 παιδευθησόμενον.
1226 4736 1423 4806 Παρὼν
1457 4738 1536 4800 δὲ,
1570 4741 1724 4809 φησὶ,
1758 4742 1935 4807 Μαξι-

351 4826 507 4892 μῖνος
538 4825 689 4894 ὁτῆς
737 4827 887 4878 κάτω
936 4826 1120 4889 Ἀσίας
1176 4826 1474 4895 βασιλεύων
1520 4829 1600 4891 είς
1644 4829 1933 4892 ἐπιϐουλὰς

347 4914 579 4985 ὥρμησε
626 4915 721 4969 τοῦ
782 4918 925 4980 νέου,
975 4917 1071 4971 καὶ
1126 4920 1263 4990 πρὸς
1305 4920 1483 4989 μάχην
1528 4918 1701 4973 λέοντι
1751 4920 1930 4991 ἀγρίῳ

2044 4658 2129 4701 tttr
2155 4648 2574 4701 Constantinum
2610 4656 2764 4715 pater
2798 4647 2863 4699 ad
2915 4645 3313 4699 Diocletianum
3364 4640 3619 4695 Nicome-

2041 4738 2186 4791 diam
2214 4738 2573 4790 erudiendum
2609 4737 2779 4790 misit.
2816 4734 3020 4786 Aderat
3050 4743 3160 4784 Itttn
3191 4732 3333 4785 forte
3365 4729 3616 4784 Maximi—

2055 4843 2157 4881 nus
2181 4828 2295 4891 ille,
2326 4829 2419 4896 qui
2454 4827 2698 4881 inferiori
2729 4826 2873 4879 Asiae
2902 4824 3268 4892 imperitabat,
3304 4830 3359 4876 et
3392 4821 3617 4876 insidias

2035 4919 2371 4974 adolescenti
2417 4920 2641 4974 tendere
2666 4917 2906 4971 animum
2948 4917 3233 4979 inducens,
3268 4916 3333 4968 ad
3381 4930 3617 4984 pugnam

1628 5030 1863 5086 νΑιιιᾹε
1899 5033 2305 5091 LECTIONES.

428 5124 478 5202 ξ’
509 5127 797 5202 προοιμίου
826 5124 898 5202 ως
931 5125 1946 5202 ουδένα-γραψὰμενοςμῶφθην-οὖτε
1979 5150 2038 5195 ς.
2118 5134 2164 5165 ⁸ο
2195 5132 2477 5202 ἁποθαυμ.
2508 5130 2609 5201 τὴν
2636 5130 2831 5202 τέχνην
2862 5147 2920 5192 ς.

349 5195 453 5246 καὶ
477 5198 589 5255 τοῖς
620 5194 904 5256 ἰδιωτικοῖς
938 5195 1117 5262 λόγοις
1142 5215 1203 5261 ς.

347 5264 461 5317 220
493 5264 762 5334 leguntur.

351 5334 400 5366 ⁸⁸
426 5333 581 5404 παρὰ
602 5336 647 5386 Α
674 5349 687 5385 :
715 5333 853 5402 πρός
886 5352 946 5398 ς.

2996 5129 3037 5158 ⁸³
3072 5129 3190 5188 ταῖς
3211 5155 3282 5165 --
3307 5124 3615 5195 ῥητορείαις

855 5198 904 5293 Ei
938 5197 1117 5293 λέγοές
1142 5215 1203 5293 ςὶ
1308 5198 1354 5293 :1
1395 5210 1519 5293 pos:
1546 5198 1738 5293 λόγους
1778 5199 1868 5278 illa
1894 5201 1976 5253 ὅτι
2008 5203 2057 5293 οἱ
2086 5197 2701 5293 μμργαρῖταιΩῑ-ηπολὺ
2723 5197 2729 5198 ⁷
2751 5197 2809 5293 ἐν
2836 5202 2903 5269 τῇ
2936 5200 3130 5293 χρήσέι
3157 5197 3310 5293 potiit
3333 5199 3525 5293 Aequa:
3558 5212 3610 5262 ιι,

952 5265 1327 5339 Πραξαγόρου]
1372 5268 1728 5340 πραξαγόρου
1763 5268 1857 5322 τοῦ
1892 5265 2238 5343 πραξαγόρου
2273 5265 2336 5327 Ᾱ.

2441 5274 2486 5305 ⁸³
2521 5270 2850 5344 Βρεττανίας
2878 5264 3012 5321 ’καὶ
3067 5264 3312 5329 Σικιλίας
3342 5264 3501 5319 ἐϐασ.
3552 5282 3613 5329 ς.

1887 5424 2120 5485 NOTAE.

437 5514 557 5586 (55)
590 5515 689 5570 Ini.
724 5517 847 5570 cod.
882 5515 1136 5571 CCLXIV
1179 5525 1235 5571 ct
1287 5518 1339 5570 in
1400 5518 1679 5573 Plutarchi
1736 5518 1929 5573 Decem

352 5587 665 5640 oratoribus
694 5586 1074 5642 Leodantautis
1099 5588 1311 5642 auditor
1337 5588 1555 5644 dicitur.
1590 5591 1771 5645 Suidae
1805 5603 1933 5645 vero

352 5657 745 5711 Alcidamantis
766 5656 982 5713 Eleataz.

433 5724 551 5798 (ag)
575 5724 746 5798 _anus
771 5726 1128 5798 vi_tan_t_h_ahes
1152 5728 1291 5798 apud
1328 5726 1505 5784 Laert.
1535 5728 1630 5784 lib.
1664 5744 1722 5785 ll.

458 5795 547 5863 57)
575 5794 706 5847 lnir.
740 5796 861 5850 cod.
893 5795 1118 5849 CLVIII.

461 5865 545 5935 58)
577 5863 741 5933 Cujus
778 5867 943 5921 vitam
970 5867 1133 5924 hahcs
1162 5870 1301 5939 apud
1332 5868 1513 5925 Laert.
1556 5869 1651 5926 lib.
1680 5885 1737 5925 ll.

2110 5527 2223 5594 (59)
2259 5526 2352 5579 Iul‘.
2391 5528 2511 5580 cod.
2540 5523 2766 5578 (ZLVIII.

2109 5591 2223 5666 (60)
2266 5596 2503 5667 Ἰϐηρίας
2564 5596 2664 5649 hoc
2715 5596 2833 5649 loco
2864 5605 2962 5664 pro
2991 5591 3241 5656 Σικελίας
3304 5591 3613 5663 legendum,

2033 5666 2277 5719 historiae
2307 5666 2546 5719 monent.

2104 5737 2218 5805 (61)
2251 5734 2655 5805 Maximiantttn,
2686 5732 3038 5791 Maximinum
3073 5739 3130 5787 et
3155 5730 3421 5788 Licinium
3446 5732 3611 5800 iutpp.

2028 5807 2242 5864 videtur
2268 5804 2628 5861 confundere.
