4100 6442
511 432 614 498 119

1610 431 1875 492 ΡΗΟΤῙΙ
1914 426 2425 490 ΡΑΤΒῙΑΒΟῘΠΕ
2465 432 2575 491 CP.

3655 430 3758 492 120

505 562 626 602 cum
661 546 802 615 21a
861 543 978 599 fero
1044 544 1198 600 leone
1247 542 1537 596 iucundam
1586 543 1916 609 composuit.
1976 542 2069 597 ille

2176 540 2464 610 καθίστησι
2490 540 2581 593 τὸν
2609 542 2854 597 νεανίανο
2887 545 2915 597 ὁ
2933 542 2991 597 δὲ
3020 542 3080 597 τὸ
3104 544 3205 612 μὲν
3233 542 3421 613 θηρίον
3476 545 3760 614 κρατήσας

510 650 634 691 vero
669 637 839 690 feram
874 651 1157 704 superans,
1192 637 1410 701 occidit,
1468 638 1928 708 deprehensisque
1987 642 2073 694 iu-

2176 632 2374 704 ἀνεῖλε,
2395 632 2495 701 τῆς
2524 634 2580 686 δὲ
2604 633 2895 703 ἐπιϐουλῆς
2920 634 3243 703 αἰσθόμενος
3266 634 3457 704 φεύγει
3488 634 3625 704 πρὸς
3669 635 3763 688 τὸν

504 729 681 791 sidiis,
714 733 779 783 ad
824 739 1032 797 patrem
1062 728 1307 797 confugit
1340 748 1354 784 :
1388 745 1495 799 quo
1535 731 1643 785 vita
1680 731 1841 788 simul
1878 740 1931 785 et
1965 733 2069 786 im-

503 825 656 891 perin
691 824 894 888 functo,
933 840 1155 892 rerum
1194 825 1336 879 filius
1371 827 1605 895 excepit.

574 916 652 970 Eo
677 917 896 983 politus,
935 917 1118 974 Gallos
1167 928 1219 973 et
1251 919 1572 985 Germanos,
1603 930 1792 989 gentes
1820 921 2076 975 finitimas

506 1024 570 1065 ac
598 1011 884 1076 barbaras,
937 1012 989 1064 in
1031 1021 1356 1081 potestatem
1393 1014 1622 1081 redegit.
1672 1015 1899 1083 Cognito
1950 1015 2073 1069 dein

505 1104 832 1171 impotenter
866 1118 932 1157 ac
959 1104 1240 1174 tyrannice
1270 1105 1507 1159 subditis
1535 1105 1806 1173 imperare
1842 1104 2077 1159 Maxen-

505 1197 635 1249 tium
690 1196 816 1265 (hic
847 1207 967 1264 post
1008 1195 1362 1251 Maximinum
1399 1198 1588 1252 Romae
1632 1198 2074 1268 dominabatur),

505 1286 909 1351 expeditionem
939 1287 1199 1341 adversus
1219 1302 1341 1341 eum
1380 1288 1636 1353 suscepit,
1670 1301 1859 1354 poenas
1894 1295 2079 1357 tyran-

509 1376 651 1429 nidis
684 1375 735 1429 in
786 1378 1035 1431 subditos
1062 1387 1378 1432 exacturus.
1416 1375 1535 1429 Mox
1587 1376 1771 1440 przclio
1806 1379 2075 1443 superior,

504 1467 558 1521 in
613 1466 791 1534 fugam
824 1478 1116 1539 tyranuum
1169 1468 1460 1524 convertit.
1526 1467 1620 1523 Ille
1673 1483 1802 1521 vero
1839 1468 2077 1536 fugiens,

502 1572 662 1626 quem
720 1558 970 1612 hostibus
1021 1573 1117 1627 per
1170 1557 1349 1611 dolum
1404 1557 1681 1612 interitum
1739 1559 2079 1614 machinatus

501 1661 605 1713 cst,
636 1651 752 1715 ipse
787 1651 1005 1718 reperit.
1037 1652 1088 1703 in
1122 1651 1352 1711 foveam,
1384 1664 1544 1715 quam
1604 1649 1725 1704 aliis
1772 1659 2076 1719 paraverat,

503 1740 736 1794 delatus.
781 1740 949 1807 liujus
980 1749 1140 1806 caput
1172 1740 1403 1793 Romani
1440 1754 1467 1791 a
1499 1755 1725 1808 corpore
1781 1750 2074 1803 resectum,

504 1828 779 1899 hastaeque
833 1830 1166 1897 impositum,
1226 1845 1324 1896 per
1386 1831 1574 1884 urbem
1637 1833 1968 1898 gestabant:
2022 1840 2152 1922 etB

503 1922 695 1976 victori
744 1922 1103 1977 Constantino
1161 1924 1391 1979 libentes
1430 1940 1488 1979 se
1524 1940 1587 1979 ac
1616 1925 1860 1981 volentes
1911 1928 2073 1981 etiam

504 2013 665 2083 hujus
698 2015 846 2084 regni
878 1999 1068 2070 incolre
1104 2017 1449 2074 dediderunt.

573 2195 774 2250 Audito
834 2211 1051 2251 rursum
1104 2198 1372 2254 Licinium
1422 2217 1637 2270 quoque
1684 2205 1973 2261 crudeliter
2022 2216 2078 2264 et

505 2288 801 2345 inhumane
840 2290 953 2344 suis
979 2290 1154 2355 abuti,
1189 2293 1272 2345 cui
1312 2309 1440 2362 pars
1467 2295 1553 2349 illa
1589 2295 1802 2365 imperii
1836 2298 2075 2355 obvene-

502 2389 607 2444 rat,
640 2396 804 2450 quam
830 2381 1160 2437 Maximinus
1205 2385 1286 2451 (is
1321 2386 1412 2455 qui
1442 2387 1802 2445 Constantino
1829 2406 1926 2459 per
1960 2393 2076 2447 leo-

504 2485 624 2537 nem
657 2472 882 2526 insidias
919 2476 1228 2543 struxerat)
1272 2486 1537 2539 tenuerat,
1565 2489 1908 2549 mortemque
1929 2483 2078 2537 obie-

501 2573 586 2617 rat
623 2581 635 2617 :
670 2578 775 2618 non
827 2565 1006 2620 ferens
1062 2567 1459 2622 intolerandam
1513 2572 1726 2627 civibus
1760 2573 1865 2626 vim
1906 2585 2074 2643 atque

504 2650 759 2717 iniuriam
788 2653 999 2719 inferri,
1053 2658 1237 2724 capias
1271 2658 1396 2712 item
1430 2670 1618 2716 contra
1668 2663 1814 2719 hunc
1865 2666 2073 2735 eduxit,

502 2757 611 2807 quo
676 2744 1017 2814 tyrannidem
1084 2746 1325 2814 legitimo
1382 2761 1747 2808 commutaret
1822 2755 2074 2825 imperio.

500 2830 746 2887 Licinius
781 2847 934 2900 vero,
992 2834 1265 2891 intellecta
1306 2837 1357 2892 in
1409 2854 1468 2894 se
1512 2840 1879 2909 expeditione,
1931 2855 2073 2901 metu

502 2924 799 2990 perculsus,
889 2925 1284 2982 immanitatem
1364 2932 1540 2995 texit,
1611 2933 2076 3006 humanitatisque

500 3016 735 3071 Baecicm
772 3016 1084 3084 prmferens,
1135 3019 1489 3087 jurejurando
1527 3023 1690 3077 etiam
1728 3040 1787 3081 se
1840 3027 2078 3083 obstrin-

500 3106 602 3168 xit,
639 3108 963 3163 clementem
998 3110 1253 3179 deinceps
1289 3112 1525 3168 subditis
1550 3115 1815 3184 futurum,
1846 3135 2073 3190 quaeque

2176 724 2406 793 πατέρα.
2438 717 2513 778 Οὔ
2545 725 2637 778 τὸν
2665 724 2778 785 βίον
2811 726 3056 790 λιπόντος
3109 727 3139 779 ό
3170 728 3301 789 παῖς
3326 726 3608 796 ἐκδέχεται
3659 726 3757 796 τὴν

2116 891 2120 895 ,
2176 813 2511 885 βασιλείαν..

2247 909 2462 978 Ταύτης
2504 908 2561 962 δὲ
2594 909 2789 972 ἐπιϐὰς
2839 908 3077 972 Κελτοὺς
3124 910 3217 963 καὶ
3257 910 3591 980 Γερμανοὺς,
3628 910 3758 978 ἔθνη

2176 1000 2445 1071 πρόσοικα
2486 1001 2581 1054 καὶ
2614 1000 2863 1069 βάρϐαρα
2885 1042 2901 1064 ,
2936 1002 3655 1071 κατεστρέψατο.Ἀσελγῶς
3691 1003 3750 1056 δὲ

2176 1093 2272 1145 καὶ
2299 1090 2511 1161 βαρέως
2553 1091 2661 1143 τῶν
2690 1090 2945 1161 ὑπηκόων
2991 1090 3183 1161 ἄρχειν
3222 1092 3525 1158 Μαξέντιον
3570 1090 3762 1160 μαθὼν

2181 1176 2356 1253 (οὗτος
2403 1185 2447 1237 δ’
2486 1182 2597 1257 ¹ἄρ’
2658 1177 2726 1253 ἦν
2797 1182 2935 1252 μετὰ
2983 1182 3293 1251 Μαξιμῖνον
3316 1182 3526 1236 τῶνηὲν
3573 1182 3760 1253 Ῥώμῃ

2178 1275 2453 1339 καταστὰς
2476 1274 2709 1346 κύριος),
2737 1275 3096 1344 ἐστράτευσεν
3124 1274 3211 1327 ἐπ’
3260 1274 3444 1335 αὐτὸν,
3478 1274 3633 1335 δίκας
3661 1275 3763 1342 τῆς

2180 1368 2261 1429 είς
2292 1367 2420 1430 τοὺς
2473 1367 2807 1436 ἀρχομένους
2838 1367 3186 1436 παρανομίας
3220 1366 3614 1437 πραττόμενος.
3647 1365 3762 1419 Καὶ

2182 1457 2328 1529 μάχῃ
2379 1459 2610 1529 νικήσας
2642 1459 2698 1519 ἐς
2726 1458 2903 1527 φυγὴν
2933 1458 3150 1528 ἔτρεψε.
3181 1459 3404 1527 Φεύγων
3443 1458 3522 1519 δὲ,
3548 1460 3616 1528 ἢν
3648 1461 3762 1522 τοῖς

2179 1550 2458 1619 πολεμίοις
2485 1550 2647 1612 αὐτὸς
2692 1549 2970 1612 ἀπωλείας
3002 1550 3352 1621 ἐδολοῤῥάφει
3409 1550 3657 1620 μηχανὴν
3688 1552 3757 1614 ⁸⁸,

2178 1642 2383 1711 ταύτην
2428 1641 2627 1712 εὕρατο
2654 1641 2750 1694 τοῦ
2794 1641 2910 1711 βίου
2942 1644 3350 1711 καταστροφὴν,
3385 1646 3449 1713 τῇ
3496 1647 3626 1713 παρ’
3660 1645 3762 1697 αὑ·-

2179 1733 2273 1786 τοῦ
2305 1733 2815 1806 κατασκευασθείσῃ
2845 1732 3070 1803 διώρυγι
3123 1731 3459 1802 περιπεσών.
3489 1733 3601 1802 Τὴν
3638 1734 3765 1802 μέν-

2180 1840 2261 1875 τοι
2286 1822 2476 1876 τούτου
2533 1823 2777 1891 κεφαλήν
2814 1839 2962 1884 τινες
2994 1821 3104 1875 τῶν
3148 1820 3435 1891 Ῥωμαίων
3458 1823 3763 1891 ἀποτεμόν-

2179 1930 2269 1975 τες
2312 1914 2407 1966 καὶ
2447 1913 2588 1982 ξύλῳ
2625 1914 2963 1983 ἀρτήσαντες
2994 1912 3091 1981 τὴν
3154 1912 3308 1965 πόλιν
3352 1913 3760 1983 περιεπόλευον.

2179 2006 2575 2075 Κωνσταντίνῳ
2616 2005 2673 2057 δὲ
2700 2005 2793 2057 καὶ
2834 2004 2989 2074 ἦδεή
3033 2004 3285 2074 βασιλεία
3326 2004 3621 2075 προθύμως
3664 2005 3762 2060 καὶ

2179 2098 2450 2168 χαίρουσα
2483 2096 2927 2168 προσεχώρησεν.

2265 2188 2419 2241 Ἐπεὶ
2446 2188 2500 2241 δὲ
2531 2188 2624 2241 καὶ
2650 2188 2890 2242 Λικίνιον
2919 2189 3087 2259 ὠμῶς
3112 2191 3204 2245 καὶ
3234 2188 3620 2259 ἀπανθρώπως
3645 2193 3761 2252 τοῖς

2179 2282 2442 2352 ὑπηκόοις
2484 2283 2933 2352 ἀποκεχρημένον
2976 2282 3305 2337 ἐπυνθάνετο
3351 2276 3541 2355 (οὗτος
3566 2283 3619 2336 δὲ
3657 2283 3760 2351 τῆς

2182 2378 2375 2448 μοίρας
2398 2377 2611 2447 ἐκείνης
2641 2376 3006 2439 ἐϐασίλευσεν,
3029 2371 3095 2448 ἦς
3130 2374 3430 2445 Μαξιμῖνος
3448 2376 3477 2429 6
3505 2377 3603 2444 τὴν
3634 2376 3758 2427 ἐπιο

2179 2470 2373 2541 ϐουλὴν
2419 2469 2813 2539 Κωνσταντίνῳ
2857 2468 2945 2522 διὰ
2990 2468 3085 2522 τοῦ
3126 2467 3342 2529 λέοντος
3373 2466 3759 2539 προσενεγκὼν

2178 2564 2485 2629 ἐπεστάτει,
2527 2562 2693 2617 αὐτοῦ
2736 2563 2827 2616 τὸν
2872 2564 2985 2632 βίον
3028 2562 3336 2631 λιπόντος),
3375 2563 3473 2615 οὐκ
3517 2561 3759 2629 ἐνεγκὼν

2177 2655 2463 2724 ὁμοφύλων
2521 2654 2678 2727 ὓϐριν
2719 2657 2991 2726 ἀφόρητον
3037 2659 3360 2727 ἐστράτευεν
3412 2658 3498 2709 ἐπ’
3555 2656 3753 2721 αὐτὸν,

2176 2750 2276 2813 τῆς
2304 2748 2618 2816 τυραννίδος
2655 2747 2816 2800 αὐτὸν
2843 2749 2923 2809 εἰς
2955 2748 3014 2800 τὸ
3046 2747 3345 2815 βασιλικῶς
3373 2748 3561 2817 ἄρχειν
3591 2764 3757 2816 μεταο

2180 2836 2507 2906 στησόμενος
2520 2837 2587 2892 ⁸⁷.
2605 2837 2839 2899 Λικίνιος
2862 2837 2918 2890 δὲ
2948 2837 3045 2906 τὴν
3067 2836 3157 2889 τοῦ
3190 2835 3453 2906 βασιλέως
3482 2839 3759 2907 ἐπιστρα-

2175 2928 2326 2981 τείαν
2356 2928 2603 2989 ἀκούσας
2654 2928 2748 2981 καὶ
2795 2928 2997 2992 δείσας,
3023 2927 3259 2999 ἔκρυπτέ
3291 2943 3350 2979 τε
3381 2926 3479 2997 τὴν
3496 2926 3758 2996 ὠμότητα

2178 3019 2588 3089 φιλανθρωπίας
2617 3019 2685 3051 ⁸⁷⁸
2735 3020 3106 3089 προσχήματι.
3137 3019 3230 3072 καὶ
3250 3020 3444 3088 ὅρκους
3478 3020 3757 3072 ὑπέτεινεν

2176 3108 2381 3175 ἀγαθόν
2427 3124 2486 3159 τε
2533 3107 2723 3159 ἑαυτὸν
2763 3110 2874 3169 τοῖς
2916 3107 3020 3160 ὑπὸ
3048 3109 3208 3175 χεῖρα
3250 3107 3630 3178 παρασχέσθαι
3659 3108 3758 3160 καὶ

503 3197 704 3252 fmdere
738 3198 844 3253 icto
871 3201 1229 3268 promisisset,
1268 3202 1476 3272 integre
1498 3217 1858 3263 servaturum.
1887 3210 2073 3276 Quam!

2190 3200 2255 3264 ἂς
2288 3199 2446 3252 ἔθετο
2477 3199 2709 3261 σπονδὰς
2741 3201 3026 3268 συντηρεῖν
3073 3198 3486 3267 ἁπαραϐάτους.
3518 3200 3609 3251 Διὸ
3632 3200 3756 3251 τότε

499 3290 687 3344 obrem
752 3290 889 3345 bello
948 3292 1396 3360 tuncimperator
1426 3296 1709 3350 abstinuit.
1742 3297 2073 3355 Posttamen

502 3382 596 3448 (ut
630 3381 1022 3448 conquiescere
1061 3383 1382 3450 improbitas
1432 3387 1656 3457 nequit)
1697 3388 1879 3442 violati
1907 3389 2075 3456 juris-

494 3470 717 3537 jurandi
750 3487 927 3536 reum,
982 3483 1143 3541 atque
1199 3474 1250 3526 in
1307 3490 1467 3530 omne
1521 3475 1841 3545 flagitiorum
1903 3494 2075 3544 genus

501 3562 803 3633 delapsum,
838 3563 1149 3633 ingentibus
1196 3566 1397 3635 proeliis
1434 3582 1776 3637 Oppugnans,
1816 3568 2074 3625 Nicome-

503 3654 605 3709 dize
652 3655 942 3719 inclusum,
992 3655 1226 3712 obsedit.
1265 3656 1401 3711 Hinc
1451 3659 1710 3729 supplicis
1764 3662 1949 3714 habitu
2006 3663 2071 3716 ad

502 3745 925 3801 Constantinum
981 3746 1227 3816 fugienti,
1280 3750 1594 3814 ademptum
1636 3751 1924 3820 imperium
1964 3763 2069 3817 est,

500 3844 557 3899 et
584 3837 945 3892 Constantino
980 3837 1177 3907 Magno
1203 3839 1484 3894 traditum.
1528 3840 1643 3903 Sic,
1684 3844 1913 3910 quaesito
1962 3847 2076 3914 pri-

500 3931 623 3985 dem
652 3929 815 4000 digno
863 3931 1213 3998 imperatore,
1250 3932 1352 3987 sibi
1408 3934 1623 3990 tandem
1658 3935 1747 3990 ille
1785 3936 1896 4003 jam
1932 3938 2073 3992 dicta

500 4020 728 4089 imperia
769 4021 950 4074 omnia
981 4022 1301 4076 vindicavit.
1362 4021 1608 4078 Patrium
1658 4026 1804 4080 enim
1846 4042 2071 4098 regnum

497 4111 833 4166 haereditatis
886 4114 1005 4179 jure
1053 4115 1207 4177 adiit,
1265 4116 1569 4170 Romanum
1627 4118 1813 4183 etiam,
1882 4134 2074 4175 everso

497 4200 792 4257 Maximino
856 4203 1009 4273 (62),
1066 4205 1286 4260 Graeciae
1339 4222 1556 4276 quoque
1610 4223 1673 4261 ac
1725 4208 2072 4277 Macedoniae,

496 4294 830 4362 minorisque
851 4295 1015 4357 Asiae,
1046 4305 1232 4361 exuto,
1272 4306 1326 4350 ut
1360 4298 1613 4361 diximus,
1640 4314 1810 4364 regno
1842 4301 2069 4356 Licinio.

496 4380 879 4438 Verumtamen
937 4394 991 4438 et
1042 4385 1267 4439 alterius
1317 4386 1510 4452 partis,
1562 4388 1647 4440 cui
1707 4388 2072 4443 Diocletianus

2180 3290 2279 3359 μὲν
2317 3290 2345 3341 6
2381 3290 2633 3358 βασιλεὺς
2684 3289 2897 3357 ἀπέστη
2935 3288 3030 3343 τοῦ
3070 3290 3331 3359 πολεμεῖν
3362 3306 3377 3321 ·
3416 3288 3644 3360 ὕστερον
3674 3291 3755 3350 δὲ.

2176 3378 2299 3431 ἐπεὶ
2329 3379 2494 3432 κακία
2532 3379 2760 3450 ἠρεμεῖν
2787 3378 2885 3447 οὐχ
2912 3379 3000 3431 οἵα
3028 3377 3088 3431 τέ
3135 3380 3271 3442 ἐστι,
3304 3379 3530 3433 καὶτῶν
3576 3380 3757 3450 ὅρκων

2174 3470 2502 3539 ἠφειδηκότα
2540 3470 2635 3523 καὶ⁵
2678 3471 2735 3532 ἐς
2775 3471 2883 3522 πᾶν
2908 3470 3209 3540 κακότητος
3256 3470 3553 3539 ὲληλακότα
3583 3489 3753 3526 καται

2176 3564 2491 3632 πολεμήσας
2539 3562 2739 3631 μάχαις
2786 3564 3081 3631 καρτεραῖς
3117 3562 3165 3596 ⁸⁸
3192 3563 3284 3615 καὶ
3314 3564 3372 3615 ὲν
3413 3565 3477 3631 τῇ
3508 3563 3757 3633 Νικομη-

2174 3655 2292 3725 δείᾳ
2360 3654 2684 3721 συγκλείσας
2745 3653 3073 3722 ἐπολιόρκει.
3132 3653 3404 3706 Κάκεῖθεν
3454 3654 3511 3705 ὲν
3576 3654 3754 3706 ἱκέτου

2177 3744 2313 3814 πρὸς
2349 3742 2570 3813 βασιλέα
2600 3742 2984 3812 καταφυγόντα
3022 3742 3265 3810 σχήματι
3298 3741 3590 3793 κατέλιπεν
3625 3741 3670 3773 ⁸⁹
3720 3743 3754 3811 ἡ

2178 3836 2445 3907 βασιλεία,
2482 3836 2576 3889 καὶ
2616 3834 2814 3901 συνέϐη
2839 3834 2931 3886 τὸν
2974 3834 3164 3900 Μέγαν
3197 3834 3624 3893 Κωνσταντῖνον,
3657 3832 3758 3899 τῆς

2179 3925 2422 3995 μεγάλης
2453 3924 2623 3993 ἀρχῆς
2648 3923 2740 3975 τδιν
2764 3924 2914 3989 ἄξιον
2931 3922 3312 3991 ἐπιζητούσης,
3342 3925 3420 3985 είς
3443 3922 3636 3975 ἑαυτὸν
3657 3923 3757 3985 τὰς

2175 4016 2471 4087 εἰρημένας
2515 4015 2784 4085 βασιλείας
2814 4014 3242 4067 ἐπισπάσασθαι·
3268 4015 3361 4083 τῆς
3394 4032 3451 4066 τε
3497 4015 3604 4083 γὰρ
3647 4031 3753 4066 πα-

2175 4107 2357 4179 τρῴας
2372 4107 2709 4177 κληρονόμος
2740 4108 2977 4174 ἐγένετο,
3011 4107 3105 4160 καὶ
3138 4107 3237 4175 τῆς
3259 4107 3548 4176 Ῥωμαίων
3580 4125 3752 4162 κατα-

2174 4196 2338 4260 λύσας
2359 4196 2680 4264 Μαξιμῖνον,
2698 4196 2948 4259 Ἐλλάδος
2998 4214 3056 4250 τε
3081 4197 3173 4250 καὶ
3194 4197 3641 4270 Μακεδονίας
3658 4197 3750 4271 IL]

2175 4292 2267 4343 καὶ
2305 4291 2402 4358 τῆς
2437 4290 2588 4342 κάτω
2637 4289 2820 4352 Ἀσίας
2850 4290 3170 4359 παραλύσας
3207 4292 3305 4359 τῆς
3330 4292 3504 4359 ἀρχῆς
3532 4293 3627 4345 τὸν
3651 4296 3748 4362 ρη.

2175 4381 2335 4432 θέντα
2368 4380 2627 4434 Λικίνιον.
2670 4381 2745 4432 Οὐ
2785 4382 2888 4451 μὴν
2917 4382 3053 4434 ἀλλὰ
3087 4382 3176 4435 καὶ
3206 4384 3305 4450 τῆς
3334 4383 3500 4454 ἄλλης
3525 4384 3747 4452 μοίρας,

494 4473 809 4542 praefuerat,
870 4474 1155 4541 imperium
1214 4477 1313 4530 sibi
1377 4474 1644 4544 adiunxit.
1715 4477 1846 4532 Nam
1906 4480 2068 4534 etiam

2176 4467 2239 4543 ἦε
2272 4468 2409 4543 ἦρχε
2429 4473 2826 4543 Διοκλητιανὸς,
2859 4474 3020 4536 αὐτὸς
3048 4476 3094 4507 ⁹⁰
3129 4476 3424 4545 ἀνεδήσατο
3460 4476 3539 4545 [3|
3578 4475 3666 4548 H.]
3692 4476 3751 4529 τὸ

494 4566 635 4618 hanc
667 4565 815 4634 216
863 4565 986 4620 belli
1013 4565 1136 4635 jure
1164 4565 1457 4622 Maximino
1491 4569 1795 4637 ademptam
1830 4573 2066 4637 tenebat,

494 4656 583 4722 qui
617 4654 952 4710 Diocletiano
985 4667 1344 4718 successerat.
1399 4656 1660 4712 Licinius.
1722 4659 1909 4714 Victor
1968 4661 2067 4714 ita-

493 4761 619 4814 que,
647 4754 701 4799 et
735 4762 897 4800 unum
933 4761 998 4801 ex
1033 4748 1284 4802 omnibus
1310 4748 1595 4817 imperiunm
1633 4748 1895 4814 conﬂans,
1931 4766 2055 4806 mox

492 4837 810 4906 Byzantium
852 4837 1230 4906 cognominem
1260 4837 1362 4892 sibi
1400 4838 1672 4892 civitatem
1700 4839 1844 4893 fecit.
1882 4838 2068 4893 Refert

492 4938 671 4983 autem
700 4927 1059 4996 Praxagoras.
1097 4929 1311 4984 tametsi
1365 4930 1605 4998 gentium
1662 4939 1825 4985 secta:
1881 4931 2067 4983 adhae-

492 5032 638 5081 rens,
671 5018 815 5073 omni
852 5019 1109 5071 virtutum
1135 5028 1293 5086 atque
1324 5018 1624 5074 honestatis
1650 5034 1871 5091 genere,
1894 5021 2069 5075 omni-

490 5123 597 5177 que
624 5110 757 5163 adeo
785 5108 1059 5171 felicitate,
1089 5123 1277 5163 omnes
1299 5110 1522 5164 omnino
1552 5111 1644 5179 qui
1675 5111 2069 5167 antecesserint

491 5201 882 5270 imperatores,
946 5201 1101 5255 facile
1170 5203 1496 5259 obscurasse
1556 5203 1973 5259 Constantinum
2040 5220 2056 5260 :

491 5290 685 5363 quibus
728 5301 781 5345 et
815 5293 919 5347 duo
950 5292 1117 5362 ipsius
1146 5293 1499 5350 Historiarum
1530 5294 1649 5351 libri
1682 5296 2063 5350 terminantur.

2174 4565 2373 4634 κράτος
2402 4582 2415 4594 ’
2440 4567 2468 4618 6
2490 4565 2599 4633 γὰρ
2627 4565 2864 4628 Λικίνιος
2888 4565 2983 4618 καὶ
3004 4564 3208 4633 ταύτην
3234 4564 3378 4635 εἶχεν
3406 4568 3494 4635 ὑφ’
3520 4569 3712 4620 ἑαυτὸν
3732 4608 3746 4630 ,

2172 4653 2481 4724 Μαξιμίνου
2514 4656 2557 4687 ⁹¹
2590 4655 2831 4723 πολέμου
2869 4655 3018 4723 νόμῳ
3063 4655 3299 4723 ἀφελὼν,
3330 4656 3387 4717 ὃς
3430 4656 3748 4722 Διοκλητια-

2170 4747 2261 4798 νοῦ
2292 4746 2531 4816 διάδοχος
2560 4747 2824 4815 ἐγεγόνει.
2855 4748 3275 4819 Κρατυνάμενος
3299 4749 3342 4779 ’³
3376 4744 3468 4800 οὖν
3496 4749 3589 4800 καὶ
3618 4747 3749 4817 μίαν

2168 4839 2346 4903 δείξας
2382 4840 2481 4909 τὴν
2517 4840 2809 4909 σύμπασαν
2839 4840 3134 4910 βασιλείαν,
3166 4840 3337 4904 κτίζει
3372 4840 3434 4893 τὸ
3460 4841 3748 4904 Βυζάντιον

2173 4931 2460 5001 ἐπώνυμον
2513 4932 2709 5001 ἑαυτῷ.
2751 4933 2917 5000 Φησλν
2968 4928 3060 4985 οὖν
3092 4933 3120 4983 6
3162 4930 3540 5001 Πραξαγόρας,
3570 4930 3747 4984 καίτοι

2174 5021 2272 5092 τὴν
2301 5022 2599 5092 ορησκείαν
2624 5022 2819 5090 Ἕλλην
2851 5022 2943 5087 ὣν,
2975 5023 3055 5074 ὅτι
3083 5020 3229 5089 πάσῃ
3266 5021 3432 5088 ἀρετῇ
3469 5018 3563 5070 καὶ
3588 5018 3747 5070 καλο-

2175 5112 2413 5183 καγαθία
2446 5113 2539 5166 καὶ
2560 5113 2723 5165 παντὶ
2756 5112 3090 5182 εὐτυχήματι
3130 5112 3339 5173 πάντας
3364 5111 3491 5173 τοὺς
3521 5111 3624 5178 πρὸ
3652 5111 3746 5161 αύ-

2173 5204 2268 5257 τοῦ
2354 5204 2809 5274 βεϐασιλευκότας
2895 5207 2922 5257 ὁ
3007 5204 3256 5273 βασιλεὺς
3337 5204 3747 5264 Κωνσταντῖνος

2172 5295 2546 5363 ἀπεκρύψατο.
2590 5296 2677 5348 Ἐν
2714 5290 2792 5357 οἷς
2816 5295 2979 5349 αὑτοῦ
3010 5296 3105 5349 καὶ
3144 5296 3191 5348 οἱ
3220 5295 3311 5348 δύο
3343 5292 3743 5366 συμπεραιοῦν-

2171 5403 2261 5438 ται
2286 5386 2455 5453 λόγοι.

1787 5491 2021 5550 νΑῐζΙᾸΞ
2064 5496 2473 5554 LECTIONES.

561 5580 608 5612 ⁸⁸
645 5582 756 5663 τοξς
777 5582 902 5663 πολε
927 5610 993 5621 -—-
1017 5584 1267 5663 μηχανὴν
1287 5583 1332 5635 Α
1352 5599 1376 5663 ί
1389 5584 1549 5663 αὐτὸς
1579 5586 1689 5647 τοῖς
1716 5587 1994 5663 πολεμίοις
2019 5588 2367 5663 ὲδολορρἀφει
2394 5591 2640 5663 μηχανὴν
2670 5592 2765 5662 τῆς
2798 5591 3074 5663 ἀπωλείας
3106 5607 3167 5654 ς’.

492 5667 602 5729 εκεῖ.
677 5648 748 5729 17-
785 5648 1041 5729 ὡμότητα
1189 5648 1597 5729 φιλανθρωπίας
1634 5672 1698 5729 ς,
1777 5658 1825 5689 εις
1853 5648 2239 5729 infant;
2290 5648 2336 5692 .8

2008 5789 2235 5846 NOTAE.

496 5709 645 5787 μῖνον
676 5709 1043 5777 CasatibOuiIS.
1120 5724 1164 5754 ⁹⁸
1193 5709 1593 5791 κρατυνάμενος
1619 5709 1684 5777 ἐξ.

553 5882 662 5963 (62)
696 5884 803 5941 imo
840 5902 1018 5941 verius
1041 5887 1330 5953 Maxentio,
1354 5902 1415 5941 cx
1450 5886 1687 5942 historia:
1722 5886 1843 5942 title.

3246 5588 3291 5620 ⁸⁷
3323 5586 3635 5657 μεταστησά
3644 5602 3738 5655 με·

2180 5657 2239 5724 ς,
2293 5657 2360 5700 ⁷⁸³
2393 5657 2806 5726 κατέλειπενς.
2882 5664 2927 5694 ⁹⁰
2961 5661 3121 5725 αὐτὸς
3150 5659 3271 5714 add.
3333 5658 3399 5716 A.
3477 5659 3519 5690 ⁹¹
3568 5657 3742 5721 Μαξι·
