4100 6436
629 436 732 501 1'23

1748 441 2012 501 PHOI‘II
2049 438 2552 503 PATRIARCHIE
2591 442 2701 502 CP.
3068 487 3097 503 ς

3789 438 3892 504 124

633 553 779 620 pium
811 549 1108 616 rhetorem,
1137 550 1384 619 aliosque
1413 551 1674 607 classicos
1698 554 2014 622 scriptores.
2061 556 2201 609 Mar-

2322 570 2361 606 te
2398 553 2687 625 Προκοπίῳ
2735 551 2813 623 τῷ
2858 552 3046 624 ῥήτορι
3073 551 3166 605 καὶ
3199 551 3379 616 ἄλλοις
3407 554 3428 584 ¹
3461 551 3759 622 ἀξιολόγοις
3783 593 3800 618 ,
3830 550 3893 606 τὸ

627 640 829 709 garidae
861 649 946 696 est
967 641 1107 712 apud
1141 642 1532 713 Praxagoram,
1587 642 1827 697 Ionicmu
1852 646 2197 714 scriptorem,

627 731 766 787 libro
790 735 1027 789 secundo
1052 732 1414 788 Historiarum
1436 735 1500 789 de
1515 735 1617 789 vita
1641 733 1980 789 Constantini
1997 735 2200 805 Magni,

573 818 578 823 ’
627 833 683 877 et
717 822 853 878 alios
887 825 1015 879 item
1034 834 1309 880 auctores.
1332 823 1643 896 Margaritze
1668 840 1799 881 vero
1822 827 2076 896 frequens
2096 835 2202 893 est,

628 924 685 968 et
709 929 738 968 a
768 915 951 969 multis
980 925 1322 984 usurpatum.
1361 935 1382 968 ι

699 1004 907 1061 Dehinc
941 1014 1062 1075 post
1096 1006 1336 1061 Perozen
1371 1007 1640 1071 Cabades,
1673 1008 1932 1061 minimus
1965 1018 2095 1062 natu
2137 1008 2205 1061 [l-

629 1095 758 1158 lius,
818 1111 1043 1165 regnum
1103 1098 1340 1167 excepit.
1382 1097 1431 1151 Is
1480 1098 1799 1153 violatarum
1852 1098 2027 1167 legum
2083 1115 2207 1155 reus

629 1185 827 1253 factus,
862 1188 915 1241 in
956 1188 1279 1254 custodiam,
1327 1189 1412 1243 cui
1460 1188 1661 1244 Lethes
1699 1203 1919 1254 nomen,
1958 1190 2026 1243 ab
2073 1191 2208 1259 ipsis

633 1274 815 1330 Persis
852 1276 1071 1343 missus,
1116 1278 1303 1333 uxoris
1348 1278 1564 1332 tandem
1608 1277 1795 1331 fraude
1834 1278 2094 1347 dilapsus,
2140 1280 2207 1334 ad

634 1364 936 1423 Euthalitas
976 1368 1224 1437 confugit
1254 1388 1269 1424 :
1303 1384 1533 1439 quorum
1568 1384 1690 1423 eum
1738 1370 2009 1439 ingentem
2042 1371 2207 1427 colle-

633 1457 801 1526 gisset
844 1459 1168 1526 exercitum,
1217 1474 1375 1529 quem
1418 1460 1471 1513 in
1522 1458 1721 1515 Persas
1760 1460 1935 1525 duxit,
1978 1477 2205 1532 regnum

633 1547 753 1601 sine
786 1562 961 1619 pugna
1013 1550 1395 1619 recuperavit:
1432 1558 1488 1604 et
1526 1550 1718 1605 Blaseu
1750 1550 1937 1605 Perozi
1983 1552 2205 1607 fratrem

627 1637 739 1704 jam
766 1650 875 1693 tum
897 1655 994 1709 pro
1014 1655 1071 1695 se
1098 1650 1436 1710 regnantem,
1465 1643 1741 1696 desertum
1762 1659 1789 1695 a
1819 1645 1931 1698 suis
1961 1656 2208 1713 captum-

631 1743 759 1797 que.
792 1730 915 1784 oleo
951 1731 1180 1785 ferventi
1216 1732 1267 1785 in
1291 1732 1484 1787 oculos
1512 1733 1680 1788 misso
1715 1734 1820 1802 (sic
1851 1735 1995 1788 enim
2022 1734 2206 1791 Persis

2301 643 2357 697 δὲ
2386 645 2715 714 μαργαρίδαι
2746 644 2898 712 παρά
2944 661 3005 697 τε
3047 644 3378 716 Πραξαγόρᾳ
3423 645 3686 709 ίωνίςοντι
3717 646 3775 698 ἐν
3822 646 3893 715 τῇ

2303 734 2442 799 Περὶ
2465 735 2576 786 νὸν
2595 733 2797 803 Μέγαν
2813 733 3272 787 Κωνσταντῖνον
3293 734 3773 806 δευτέρᾳΊστορίᾳ,
3798 736 3896 787 καὶ

2304 825 2435 894 παρ’
2478 822 2678 886 ἄλλοις.
2708 826 2773 876 Ui.
2813 823 2872 877 δὲ
2915 826 3248 895 μαργαρῖται
3279 823 3508 894 σύνηθες
3530 824 3624 878 καὶ
3665 824 3803 877 πολὺ
3835 825 3896 877 ἐν

2305 917 2370 986 τῇ
2408 915 2622 985 χρήσεα
2662 932 2682 967 ι

2377 1004 2512 1061 Εἶτα
2550 1006 2689 1077 μετὰ
2732 1006 2979 1076 Περόζην
3020 1008 3050 1059 6
3078 1006 3345 1069 νεώτατος
3378 1005 3473 1078 [52
3502 1005 3593 1079 IL]
3627 1008 3741 1071 υίὸς
3772 1009 3898 1059 Κα-

2308 1096 2474 1166 ϐάδης
2515 1095 2590 1158 ὡς
2618 1095 2982 1159 ἐϐασίλευσεν,
3025 1098 3172 1159 ὃπως
3198 1113 3259 1148 τε
3294 1098 3314 1127 ³
3357 1095 3689 1167 παρανομῶν
3724 1097 3804 1158 είς
3836 1096 3899 1147 τὸ

2307 1186 2405 1255 τῆς
2460 1184 2647 1256 Λήθης
2706 1184 2966 1255 φρούριον
3018 1185 3109 1237 ὑπ’
3157 1185 3337 1238 αὐτῶν
3376 1184 3601 1255 Περσῶν
3650 1184 3897 1255 ἑνετέθη,

2309 1277 2458 1339 ὅπως
2483 1294 2541 1329 τε
2568 1275 2746 1329 λαθὼν
2768 1277 2855 1329 διὰ
2884 1276 2987 1344 τῆς
3020 1276 3280 1343 γυναικὸς
3305 1279 3384 1341 εἰς
3414 1278 3543 1341 τοὺς
3569 1277 3896 1346 Ἐφθαλίτας

2309 1362 2540 1432 ἀπέδρα,
2572 1362 2667 1415 καὶ
2693 1363 2841 1426 ὅπως
2871 1364 3052 1415 ἐκεῖσε
3081 1364 3352 1435 κηδεύσας
3372 1406 3389 1429 ,
3420 1365 3641 1436 στρατῷ
3667 1366 3897 1436 μεγάλῳ

2322 1454 2657 1523 Ἐφθαλιτῶν
2686 1455 2779 1507 ἐπὶ
2812 1456 3028 1523 Πέρσας
3066 1455 3284 1529 ἐλάσας,
3317 1457 3564 1527 ἀμαχητὶ
3591 1459 3693 1526 τὴν
3718 1458 3897 1527 ἀρχὴν

2307 1545 2663 1616 ἀνεκτήσατο,
2693 1546 2789 1599 καὶ
2838 1547 3035 1599 Βλάσιν
3064 1545 3085 1577 ⁸
3113 1546 3207 1599 τὸν
3244 1548 3484 1618 Περόζου
3513 1548 3742 1618 ἀδελφὸν
3778 1550 3895 1602 ἀντ’

2308 1639 2475 1692 αὐτοῦ
2506 1638 2902 1708 βασιλεύσαντα
2930 1638 3139 1709 ἔρημον
3184 1637 3367 1692 λαϐὼν
3392 1640 3500 1692 τῶν
3533 1641 3896 1711 ἀμυνομένων

2308 1730 2667 1797 ἐξετύφλωσε,
2687 1730 2806 1794 ζέον
2824 1730 3003 1783 ἔλαιον
3019 1733 3131 1793 τοῖς
3146 1731 3444 1801 ὀφθαλμοῖς
3454 1732 3823 1802 ἠνεῳγμένοις
3838 1732 3898 1767 δ’

633 1819 879 1875 solemne
922 1822 1029 1883 est)
1063 1824 1386 1877 excmcavit.
1448 1824 1579 1889 Qua:
1638 1826 1863 1895 insuper
1915 1824 2204 1881 Pacurium

2322 1824 2581 1903 ἐπεχχέας
2601 1839 2615 1854 ο
2644 1823 2831 1895 τρόπῳ
2854 1823 2961 1892 γὰρ
2987 1823 3122 1892 τῷδε
3149 1822 3355 1891 Πέρσαι
3380 1823 3693 1891 τυφλοῦσιν.
3716 1825 3799 1876 Τά
3834 1842 3896 1877 τε

634 1911 776 1966 inter
822 1913 1111 1969 Persarum
1178 1932 1359 1987 regem
1426 1927 1481 1972 et
1526 1917 1769 1973 Arsacen
1827 1919 2209 1974 Armeniorum

2322 1886 2777 1985 περῖΠακουρίου
2932 1886 3163 1984 ’Περσῶν
3195 1886 3578 1983 βασιλέως-καὶ
3622 1916 3895 1984 Ἀρσάκου

570 2051 590 2071 ,
633 2005 999 2074 contigerunt.
1029 2007 1203 2077 deque
1244 2024 1522 2078 magorum
1550 2010 1785 2065 consilio
1813 2009 2044 2066 Pacurio
2077 2027 2210 2067 con-

636 2106 716 2150 tra
737 2098 976 2154 Arsacen
1011 2101 1157 2166 dato,
1196 2102 1298 2156 uisi
1332 2100 1577 2157 fabulosa
1624 2104 1739 2158 haec
1792 2110 1941 2170 sunt,
1990 2105 2217 2174 scripsit

634 2199 850 2245 300101⁵.

707 2275 848 2333 Idem
879 2280 971 2335 ille
1017 2279 1265 2336 Cabades
1294 2281 1586 2337 Eutltalitis
1614 2283 1817 2353 ingenti
1868 2298 1979 2339 tere
2015 2284 2217 2341 obstri-

636 2381 779 2438 ctus,
807 2373 875 2427 ab
905 2374 1201 2428 Anastasio
1248 2374 1442 2444 imper.
1476 2376 1760 2443 pecuniam
1836 2385 2080 2431 mutuam
2122 2392 2218 2445 po-

639 2462 885 2519 stulavit.
918 2465 1091 2530 Quam
1135 2462 1225 2517 ubi
1267 2479 1373 2518 non
1423 2463 1755 2532 impetravit,
1804 2465 1947 2518 nulla
1990 2464 2094 2519 alia
2149 2468 2214 2521 de

640 2569 805 2608 causa
839 2556 1118 2624 repentina
1149 2557 1464 2611 incursione
1487 2556 1679 2612 bonam
1702 2556 1976 2611 Armenia:
2002 2572 2067 2627 pa
2079 2569 2214 2613 rtem

637 2648 897 2713 vastavit,
922 2648 1281 2718 Amidamque
1308 2649 1546 2704 obsedit.
1584 2649 1720 2702 Dum
1753 2663 1883 2703 vero
1904 2649 1972 2702 ab
2004 2664 2091 2714 ea,
2122 2666 2219 2719 po-

638 2739 838 2792 tiundae
869 2754 963 2809 spe
992 2740 1214 2805 amissa,
1247 2741 1476 2803 recedit,
1499 2737 1703 2794 foedum
1740 2740 2216 2794 meretricularum

639 2832 1006 2901 spectaculum
1044 2830 1303 2886 iteranda:
1356 2831 1657 2886 obsidionis
1703 2846 1923 2885 causam
1969 2832 2215 2902 prmbttit.

640 2922 722 2976 Ira
753 2923 917 2992 igitur
945 2936 1011 2977 ac
1049 2921 1234 2977 furore
1269 2923 1507 2990 percitus
1539 2921 1783 2978 Cabades
1831 2924 1884 2976 in
1934 2924 2220 2981 obsidione

642 3014 983 3083 perdurans,
1032 3016 1224 3069 urbem
1277 3014 1329 3069 vi
1373 3024 1685 3084 expugnat,
1737 3015 1996 3086 civesque
2032 3031 2221 3072 servos

640 3122 762 3163 esse
795 3108 971 3177 jubet.
1008 3106 1203 3162 Postea
1236 3116 1415 3161 tamen
1447 3107 1733 3176 plerosque
1768 3108 2014 3178 captivos
2050 3108 2221 3177 gratis

2328 2008 2625 2077 Ἀρμενίων
2694 2008 2795 2075 τῆς
2852 2024 2911 2059 τε
2952 2006 3062 2059 τῶν
3114 2006 3379 2059 ἐπαοιδῶν
3419 2006 3704 2077 ὑποθήκης
3749 2008 3896 2059 κατὰ

2327 2097 2597 2168 Ἀρσάκου
2636 2098 2719 2166 τῷ
2759 2098 3045 2169 Πακουρίῳ
3089 2098 3488 2168 γεγενημένης,
3510 2099 3558 2151 εί
3590 2098 3665 2168 μὴ
3724 2096 3899 2167 μῦθος

2315 2189 2490 2242 ταῦτα
2531 2188 2803 2244 συνέθετο.

2392 2278 2516 2331 Ὀτι
2542 2278 2801 2348 Καϐάδης
2824 2280 2853 2332 6
2890 2277 3289 2350 προειρημένος
3334 2277 3513 2346 ϐφλων
3547 2274 3902 2344 Ἐφθαλίταις

2317 2373 2573 2442 χρήματα
2588 2372 2937 2425 Ἀναστάσιον
2978 2371 3198 2441 βασιλέα
3223 2369 3401 2441 ᾐτεῖτό
3430 2371 3478 2422 ol
3509 2369 3769 2431 δανεῖσαι,
3801 2366 3899 2420 τοῦ

2315 2464 2372 2516 δὲ
2412 2464 2485 2534 μὴ
2521 2464 2700 2526 δόντος
2726 2463 2853 2517 ἄνευ
2898 2464 3060 2534 ἄλλης
3109 2463 3285 2523 αἰτίας
3327 2461 3523 2531 ἀθρόον
3568 2460 3741 2513 πολλὰ
3782 2460 3900 2528 τῆς

2331 2554 2622 2623 Ἀρμενίας
2668 2554 2976 2625 κατέδραμε
3003 2554 3098 2607 καὶ
3132 2552 3354 2621 Ἀμίδαν
3397 2551 3722 2619 ἐπολιόρκει,
3754 2550 3901 2602 ἀπο-

2322 2645 2491 2716 ρήσας
2517 2645 2573 2697 δέ
2608 2643 2894 2715 ἀνεχώρει,
2918 2642 3287 2716 ἀναχωροῦντι
3315 2643 3371 2696 δὲ
3404 2644 3436 2713 ή
3472 2642 3580 2695 τῶν
3609 2641 3901 2711 ἑταιρίδων

2320 2736 2594 2804 γυναικῶν
2634 2735 3193 2807 αἰσχροπραγμοσύνη
3240 2735 3387 2788 αίτία
3408 2734 3509 2803 τῆς
3545 2732 3903 2803 ὑποστροφῆς

2319 2828 2578 2896 κατέστη,
2612 2828 2707 2879 καὶ
2740 2826 3109 2897 πολιορκήσας
3149 2825 3306 2895 θυμῷ
3353 2827 3450 2878 καὶ
3476 2825 3612 2896 ὀργῇ
3640 2824 3904 2894 Καϐἁδης

2318 2920 2419 2989 τήν
2440 2935 2499 2970 τε
2524 2917 2676 2970 πόλιν
2719 2917 2860 2970 κατὰ
2882 2916 3083 2987 κράτος
3122 2916 3245 2985 ἔσχε
3272 2916 3366 2969 καὶ
3400 2917 3525 2978 τοὺς
3551 2915 3607 2968 ἐν
3638 2915 3773 2984 αὐτῇ
3806 2915 3907 2983 ην-

2319 3009 2701 3080 δραποδίσατο.
2734 3010 3000 3079 ’Ὕστερον
3034 3007 3093 3060 δέ
3124 3007 3351 3069 πολλοὺς
3385 3007 3492 3060 τῶν
3532 3005 3905 3076 αἰχμαλώτων

2321 3100 2501 3169 ἀφῆκε
2536 3101 2737 3171 προῖκα
2759 3136 2774 3161 ,
2801 3098 2895 3162 οὓς
2935 3100 3027 3152 καί
3070 3099 3421 3163 Ἀναστάσιος
3464 3102 3521 3164 ἐς
3563 3101 3633 3153 τὰ
3663 3100 3906 3168 μάλιστα.

641 3200 862 3255 domum
899 3201 1136 3263 remisit,
1170 3216 1309 3269 quos
1342 3209 1395 3255 et
1416 3199 1745 3256 Anastasius
1770 3200 1919 3257 omni
1943 3208 2026 3256 est
2056 3200 2217 3257 bene-

2323 3193 2810 3264 ἐφιλοφρονήσατο.

639 3289 894 3344 volentia;
926 3305 1126 3359 genere
1154 3290 1490 3360 complexus.

713 3381 944 3451 Cognito
994 3395 1123 3435 vero
1150 3381 1401 3436 Amidam
1450 3382 1713 3449 obsideri,
1746 3382 1995 3454 ingentes
2030 3383 2221 3439 admo-

644 3472 771 3526 dum
797 3472 1059 3527 adversus
1081 3470 1276 3527 Persas
1302 3473 1620 3528 Anastasius
1648 3475 1755 3544 22
1778 3475 1805 3528 b
1835 3476 2023 3546 copias
2046 3476 2217 3542 misit,

646 3563 849 3619 creatis
876 3563 1102 3618 ducibus
1135 3564 1446 3620 Areobindo
1498 3566 1742 3622 Orientis
1787 3568 1947 3632 duce,
1973 3569 2063 3639 qui
2096 3567 2223 3640 Oly-

647 3652 775 3719 brit,
804 3652 920 3720 ejus
945 3652 1039 3721 qui
1068 3652 1226 3721 paulo
1257 3662 1384 3708 ante
1411 3655 1463 3708 in
1502 3653 1799 3710 Occidente
1830 3655 2217 3726 imperaverat,

648 3759 816 3815 gener
841 3755 961 3799 erat
995 3742 1220 3799 :Celere
1252 3744 1377 3799 item
1414 3746 1697 3816 magistro,
1741 3744 1984 3802 Patricio
2008 3762 2225 3817 quoque

649 3835 881 3906 Phryge,
916 3845 971 3890 et
1015 3834 1246 3907 Hypatio
1278 3848 1509 3906 cognato
1561 3837 1828 3906 patruele.
1879 3837 1961 3892 Ad
1990 3848 2225 3908 quatuor

648 3936 829 3980 autem
874 3926 1038 3982 hosce
1087 3930 1254 3983 duces
1300 3936 1653 3983 accesserunt
1699 3938 1754 3983 et
1791 3927 2097 3995 Justinusg
2131 3932 2223 3999 qui

648 4017 922 4071 Anastasii
969 4018 1252 4086 imperium
1294 4018 1530 4088 excepit,
1577 4017 1782 4087 aliique
1825 4019 2043 4088 plurimi
2085 4022 2225 4076 bello

651 4118 971 4176 praestantes
999 4110 1122 4164 viri.
1150 4109 1463 4164 Exercitum
1503 4116 1714 4163 tantum
1748 4126 2025 4181 nunquam
2049 4128 2077 4165 a
2108 4112 2220 4167 Ro-

650 4199 828 4252 manis
872 4198 923 4251 in
971 4196 1163 4253 Persas
1205 4198 1432 4252 tuissum
1487 4197 1690 4253 rerunt.
1727 4200 1797 4253 At
1843 4200 1971 4254 dum
2017 4216 2225 4256 moram

649 4292 956 4344 cunctando
1002 4300 1248 4360 nectunt,
1282 4302 1437 4361 capta
1467 4291 1661 4347 civitas
1691 4302 1798 4356 est,
1834 4307 2009 4361 neque
2053 4295 2215 4349 simul

650 4396 838 4435 omnes
880 4397 1004 4436 eum
1055 4383 1294 4449 Cabade,
1327 4394 1581 4439 conserta
1614 4399 1797 4451 manu,
1825 4385 2225 4454 conﬂixerunt;

650 4474 745 4527 sed
795 4474 1023 4528 seorsim
1065 4473 1265 4544 singuli
1312 4476 1544 4545 turpiter
1583 4475 1737 4538 victi,
1795 4476 1982 4530 multis
2008 4491 2226 4532 suorum

2394 3372 2516 3425 Ὅτι
2555 3368 3015 3440 πολιορκουμένην
3044 3368 3267 3438 Ἀμίδαν
3311 3369 3498 3439 μαθὼν
3551 3369 3911 3434 Ἀναστάσιος

2323 3461 2731 3534 στρατεύματος
2780 3460 2983 3530 πλῆθος
3036 3459 3155 3513 λίαν
3201 3459 3344 3512 κατὰ
3390 3459 3614 3528 Περσῶν
3667 3459 3909 3526 ἔστειλε,

2324 3554 2659 3626 στρατηγοὺς
2708 3552 3007 3622 ἐπιστήσας
3074 3550 3409 3622 Ἀρεόϐινδόν
3476 3567 3538 3602 τε
3583 3552 3676 3603 τὸν
3727 3550 3914 3620 Ἐῴας

2324 3644 2648 3716 στρατηγὸν,
2690 3643 2750 3703 ὃς
2776 3637 2845 3712 ἦν
2900 3640 3181 3711 Ὀλυϐρίου
3210 3643 3231 3673 ⁵
3284 3640 3551 3712 κηδεστὴς
3589 3640 3682 3694 τοῦ
3720 3642 3914 3712 μικρῷ

2323 3732 2559 3806 πρόσθεν
2588 3731 2687 3800 τῆς
2729 3730 2999 3801 Ἐσπέρας
3026 3730 3463 3799 βασιλεύσαντος,
3487 3731 3701 3802 Κέ)ερά
3721 3750 3779 3785 τε
3812 3734 3915 3786 τὸν

2327 3826 2649 3897 μᾶγιστρον,
2679 3823 2974 3893 Πατρίκιόν
3002 3839 3062 3875 τε
3103 3822 3194 3877 τὸν
3244 3822 3461 3897 Φρύγα,
3501 3824 3597 3877 καὶ
3645 3824 3916 3878 ’Υπάτιον

2323 3892 2430 3972 τὸν
2455 3892 2654 3971 οἰκεῖον
2676 3892 3009 3982 ἀδελφιδοῦν.
3031 3907 3191 3968 Οὗτοι
3213 3892 3434 3985 μένὀὗν
3459 3916 3757 3987 στρατηγοὶ
3779 3917 3915 3969 τέσ-

2328 4025 2515 4080 σαρες,
2565 4007 2733 4077 συνῆν
2757 4007 2814 4060 δὲ
2850 4007 3033 4069 αὐτοῖς
3070 4007 3165 4060 καὶ
3199 4008 3483 4071 ’Ῑουστῖνος
3511 4010 3539 4060 6
3567 4008 3705 4079 μετὰ
3748 4009 3920 4061 Ἀναπ-

2331 4100 2550 4154 στάσιον
2585 4097 2909 4169 βασιλεύσας
2943 4099 2987 4161 ⁸,
3021 4097 3173 4152 ἄλλοι
3206 4115 3264 4150 τε
3291 4098 3477 4153 πολλοὶ
3500 4101 3594 4152 καὶ
3617 4099 3810 4167 ἁγαθοὶ
3840 4100 3920 4153 τὰ

2330 4191 2565 4260 πολέμια
2589 4205 2604 4220 ο
2639 4188 2956 4259 στράτευμα
2990 4188 3099 4259 γὰρ
3121 4187 3365 4241 τοιοῦτον
3404 4186 3599 4265 οὔποτε
3633 4189 3723 4242 ἐπὶ
3762 4188 3920 4258 Πέρ-

2330 4300 2429 4345 σας
2463 4280 2753 4349 Ῥωμαίοις
2800 4281 2932 4348 φασὶ
2960 4279 3239 4347 ξυστῆναι,
3282 4279 3398 4332 ἀλλ’
3426 4281 3841 4350 ὑστερησάντων
3879 4284 3917 4351 ή

2328 4375 2482 4437 πόλις
2540 4373 2704 4435 ἑάλω,
2760 4373 2854 4425 καὶ
2897 4372 2995 4442 οὐχ
3046 4371 3164 4439 ἅμα
3211 4371 3435 4441 Καϐάδῃ
3474 4372 3919 4440 πολεμήσαντες,

2329 4467 2465 4521 ἀλλὰ
2487 4465 2655 4537 χωρὶς
2685 4464 2935 4524 ἕκαστοι,
2978 4461 3194 4525 ἀκλεῶς
3239 4462 3651 4532 ἀπηλλάγησαν,
3683 4460 3926 4523 πολλοὺς

652 4566 995 4631 desideratis,
1031 4567 1423 4621 discesserunt.
1455 4563 1698 4645 Tandem
1732 4573 1937 4631 tamen,
1969 4567 2217 4621 ductisad

2328 4558 2456 4611 τῶν
2488 4556 2704 4609 οἰκείων
2765 4553 3149 4615 ἀποϐαλόντες.
3179 4553 3444 4623 ’Ύστερον
3492 4553 3547 4605 δέ
3585 4554 3642 4615 ἐς
3686 4552 3925 4620 Ἀμίὸαν

650 4656 898 4709 Amidam
934 4657 1128 4726 c0piis,
1166 4655 1353 4711 urbem
1381 4656 1693 4721 cinxerunt,
1726 4657 1927 4726 diuque
1955 4657 2228 4713 haerentes

655 4746 905 4812 Romani,
934 4747 1130 4803 Persas
1158 4748 1419 4814 inclusos,
1450 4757 1506 4803 et
1547 4762 1729 4803 rerum
1766 4747 1945 4817 inopia
1974 4748 2231 4804 laboran-

655 4850 755 4905 les,
781 4840 847 4895 ad
871 4851 1074 4909 septem
1107 4856 1373 4895 annorum
1399 4840 1651 4895 inducias
1685 4839 2087 4908 compulerunt,
2133 4854 2231 4893 au-

653 4931 896 4987 ctoribus
915 4930 1103 4987 Celere
1138 4918 1384 4986 Eonuauo
1409 4942 1464 4987 et
1488 4931 1772 5002 Aspevede
1802 4931 1989 4986 Persa.

723 5108 932 5162 Taurus
981 5108 1205 5166 Cilicum
1233 5128 1385 5166 mons
1413 5127 1508 5180 per
1540 5111 1893 5180 Cappadocas
1946 5111 2177 5179 primum
2207 5128 2224 5178 ;

653 5207 704 5251 el
736 5199 1024 5254 Armenios
1053 5216 1171 5256 sese
1196 5204 1460 5268 extendit,
1492 5218 1556 5259 ac
1595 5212 1821 5267 terram,
1851 5216 1987 5271 quos
2011 5211 2225 5265 vocant,

654 5286 1200 5357 Pcrsarmeuiorum;
1256 5293 1452 5348 dehinc
1492 5309 1587 5362 per
1623 5293 1865 5349 Albanos
1913 5293 2228 5362 porrigitur,

657 5386 712 5431 et
732 5376 934 5444 Iberos,
961 5390 1017 5436 et
1043 5397 1389 5452 quascunque
1416 5384 1549 5439 alias
1571 5387 1652 5440 sui
1687 5386 1831 5452 juris
1866 5393 2073 5454 gentes,
2110 5397 2231 5453 qua:

659 5467 842 5527 Persis
866 5471 1012 5528 dicto
1039 5474 1338 5543 audientes,
1362 5476 1431 5532 iis
1454 5476 1661 5533 inlocis
1695 5477 1965 5532 habitant.
1997 5475 2228 5530 Praeter-

2334 4648 2654 4719 ἀφικόμενοι
2682 4645 3034 4716 ἐπολιόρκουν
3061 4644 3159 4713 τὴν
3188 4644 3340 4697 πόλιν
3367 4660 3383 4676 ο
3418 4643 3925 4713 χρονοτριϐούντων

2334 4742 2411 4805 δὲ,
2439 4741 2488 4792 οἱ
2518 4739 2666 4802 ἐντὸς
2686 4738 2911 4808 Πέρσαι,
2930 4737 3030 4807 ήδη
3054 4736 3233 4790 δὲ’καὶ
3256 4735 3639 4806 ἀπορούμενοι,
3662 4736 3717 4796 ἐς
3751 4751 3932 4787 σπον-

2335 4832 2429 4897 δὰς
2461 4830 2753 4901 Ῥωμαίοις
2784 4830 2957 4882 ἐτεσιν
2989 4827 3128 4880 ἑπτὰ
3164 4827 3468 4897 συνέϐησαν
3494 4870 3507 4891 ,
3538 4827 3775 4896 Κέλερος
3814 4828 3931 4895 μὲν

2338 4922 2479 4994 ὑπὲρ
2518 4921 2824 4991 Ῥωμαίων,
2867 4919 3188 4972 Ἀσπευέδου
3228 4917 3284 4971 δὲ
3325 4918 3448 4972 ἀντὶ
3488 4919 3716 4989 Περσῶν
3739 4920 3928 4985 αὐτὰς

2338 5014 2741 5085 ποιησαμένων.

2406 5106 2529 5157 Ὅτι
2571 5101 2633 5154 τὸ
2663 5101 2901 5153 Κιλίκων
2934 5099 2954 5131 ⁷
2979 5099 3104 5170 ὅρος
3144 5099 3173 5151 6
3200 5098 3412 5166 Ταῦρος
3455 5098 3676 5168 ἀμείϐει
3723 5097 3824 5167 μὲν
3854 5100 3936 5153 τὰ

2336 5195 2529 5267 πρῶτα
2548 5190 2943 5253 Καππαδόκας,
2968 5191 3061 5243 καὶ
3076 5189 3398 5259 Ἀρμενίους
3423 5188 3645 5241 καὶτῶν
3668 5190 3859 5258 Περσα
3869 5207 3937 5259 ρ-

2339 5285 2539 5358 μενίων
2582 5280 2680 5351 τὴν
2722 5280 2847 5349 γῆν,
2874 5276 2993 5332 εἷτα
3031 5279 3350 5343 Ἀλϐανοὺς,
3404 5279 3499 5332 καὶ
3524 5277 3770 5348 Ἴϐηρας,
3821 5285 3939 5333 καὶ

2335 5378 2436 5431 ὅσα
2457 5373 2590 5429 ἄλλα
2620 5371 2891 5440 αὐτόνομα
2923 5369 3050 5440 ἔθνη
3080 5372 3177 5424 καὶ
3204 5369 3441 5441 Πέρσαις
3470 5372 3714 5440 κατήκοα
3741 5369 3938 5443 ταύτῃ

2336 5462 2945 5539 ῷκηνται.”Υπερϐάντι
2971 5462 3029 5517 δὲ
3067 5462 3194 5526 τοὺς
3239 5461 3465 5534 Ἰϐήρων
3494 5462 3516 5496 ⁸
3560 5462 3719 5534 ὄρους
3747 5462 3941 5534 ἀτρα-

1998 5657 2228 5715 VARle
2264 5651 2665 5711 LECTIONES.

732 5798 1248 5884 ξροειᾶλλριεριιιη
1290 5799 1333 5884 A
1364 5798 1621 5884 onttisifs.
1698 5798 1718 5829 ³
1751 5814 1809 5884 τε
1844 5797 1921 5851 A:
1956 5797 2012 5851 δὲ
2034 5813 2094 5862 ς.
2174 5795 2193 5826 ³
2215 5793 2416 5864 βλάσην
2448 5810 2511 5857 ς.
2585 5788 2628 5822 ⁵⁸
2668 5787 3039 5861 ἀνεῳγμένοις
3058 5805 3121 5854 ς.

667 5867 846 5933 σιλεῦς
871 5886 931 5937 ς.
1008 5872 1028 5905 ⁷
1050 5870 1274 5933 Κίλικος
1291 5869 1356 5924 Α.
1433 5873 1453 5902 ⁵
1485 5868 1729 5939 ἰϐήρους
1763 5870 1826 5923 A.

3226 5790 3249 5823 ³
3278 5784 3608 5857 Ὀλυμϐρίου
3629 5801 3687 5851 ς.
3769 5787 3789 5819 ⁸
3822 5786 3940 5858 βα-
