4146 6430
641 445 739 505 127
1765 402 2030 503 PHOTiI
2070 440 2582 502 PATRIARCH/E
2620 440 2732 501 cr.
3792 435 3891 499 128

710 559 863 627 Quod
907 559 1048 612 inter
1089 558 1386 627 Bosporum
1432 566 1485 611 et
1514 557 1853 612 Cbersonem
1893 558 2102 611 dierum
2132 555 2214 609 vi-

2392 554 2515 606 ’Ότι
2541 554 2742 621 μεταξὺ
2766 555 2811 584 ’⁸
2843 553 3123 625 Βοσπόρου
3146 553 3242 607 καὶ
3267 551 3579 623 Χερσῶνος,
3598 548 3655 602 αἳ
3684 548 3897 619 διέχου-

641 650 776 723 ginti
811 651 1044 705 medium
1086 650 1371 716 interjacet
1402 651 1659 719 Spatium,
1703 649 1882 702 llunni
1932 648 2214 703 incolunt:

2344 664 2407 699 rw
2431 645 2679 715 ἀλλήλων
2702 646 2817 699 ὁδὸν
2834 646 3058 717 ἡμερῶν
3103 647 3276 699 εἰκοσι
3322 644 3392 697 τὰ
3407 644 3465 697 ἐν
3492 641 3641 713 μέσῳ
3659 639 3899 694 Ούννικὰ

642 744 735 814 qui
788 743 903 799 suis
946 742 1073 797 olim
1123 740 1333 811 legibus
1380 740 1661 810 degentes,
1694 739 1746 793 in
1795 737 1994 793 Justiui
2048 750 2219 799 nuper

2344 739 2451 809 ἰονη
2507 738 2779 808 αὐτόνομα
2807 738 2937 791 ὄντα
2987 738 3253 809 πρότερον
3321 736 3597 806 Ἰουστίνῳ
3650 733 3901 802 κατήκοα

644 840 971 901 potestatem
999 839 1266 885 venerunt
1293 848 1308 883 :
1333 828 1526 895 utjam
1548 829 1791 883 Cberson
1846 826 2069 881 Romani
2112 834 2222 879 ter-

2344 830 2567 895 έέγονεψ
2591 831 2624 899 ή
2640 829 2697 882 δὲ
2723 827 2948 897 Χερσὼν
2965 829 3169 898 ἐσχάτη
3203 828 3304 895 τῆς
3337 824 3648 897 Ῥωμαῖκῆς
3684 822 3901 892 ὑπῆρχε

642 924 823 979 minus
874 923 1084 990 imperii
1133 931 1298 977 esset.
1349 922 1714 977 Accesserunt
1757 929 1811 975 et
1840 919 1979 973 lberi
2009 918 2222 973 Justino

2344 924 2425 993 ’ἧς
2488 920 2925 994 Προσεχὼρησαν
2954 922 3012 975 δὲ
3049 922 3144 976 καὶ
3199 921 3421 991 ’Ίὸηρες
3466 920 3739 988 ’1ουστίνῳ
3785 916 3904 986 ἅμα

644 1017 839 1085 imper.
894 1030 999 1068 una
1052 1029 1173 1067 cum
1226 1013 1547 1082 Gurgogcne
1598 1009 1709 1080 (70)
1761 1023 1948 1064 eorum
2000 1007 2155 1070 duce,
2191 1020 2222 1059 a

2344 1015 2655 1085 .‘oopvév-g"
2678 1014 2758 1084 τῷ
2781 1014 2931 1083 σφῶν
2959 1014 3206 1085 ἡγεμόνι,
3236 1015 3342 1066 ὑπὸ
3370 1012 3594 1083 Περσῶν
3616 1012 3899 1064 ταλαιπω-

645 1106 830 1161 Persis
859 1106 998 1161 male
1043 1106 1283 1159 tractati.
1323 1104 1438 1168 Qua
1487 1104 1551 1157 de
1584 1116 1746 1157 causa
1781 1100 2055 1155 Romanos
2085 1099 2224 1154 inter

2344 1107 2604 1176 >ούμενοι.
2645 1106 2755 1160 Καὶ
2813 1106 2955 1178 ὑπὲρ
2989 1107 3167 1159 αὐτῶν
3209 1098 3504 1175 Ῥωμαίοις
3542 1102 3637 1157 καὶ
3662 1102 3906 1170 Πέρσαις

647 1208 701 1252 et
733 1197 930 1251 Persas
966 1196 1159 1250 bellum
1196 1196 1424 1250 exarsit.

2344 1196 2500 1269 ήρέθη
2517 1198 2561 1228 ’⁸
2601 1196 2854 1266 πόλεμος.

726 1288 927 1342 Vivens
966 1288 1262 1342 etiamnum
1300 1285 1545 1340 Justinus
1576 1283 1628 1337 in
1661 1282 1977 1339 societatem
2012 1280 2225 1351 imperii

2400 1289 2522 1341 Ὅτι
2549 1288 2628 1341 ἔτι
2660 1286 3069 1350 ζῶνἸουστῖνος
3109 1286 3484 1340 ’ῐουστινιανδν
3515 1283 3776 1338 κοινωνὸν
3809 1285 3911 1354 τῆς

648 1377 841 1433 ascivit
878 1375 1278 1441 Iustinianum,
1320 1375 1430 1440 qui.
1469 1383 1684 1428 mortuo
1727 1372 2027 1437 avunculo,
2082 1371 2229 1426 solus

2344 1378 2608 1441 Βασιλείας
2660 1379 2978 1447 ἐποιήσατο,
3005 1377 3430 1445 τελευτήσαντος
3455 1376 3512 1428 δὲ
3539 1375 3635 1428 τοῦ
3680 1375 3828 1428 θείου
3852 1376 3913 1438 ἐς

649 1467 875 1536 imperio
913 1467 1115 1536 potitus
1148 1475 1250 1521 est.
1290 1464 1585 1519 Belisarius
1616 1472 1670 1519 et
1729 1463 1875 1517 Siras
1919 1461 2229 1532 praetoriani

2344 1470 2495 1540 μόνον
2535 1469 2907 1523 Ίουστινιανδν
2923 1469 2991 1521 τὰ
3015 1470 3112 1538 τῆς
3134 1468 3312 1537 ἀρχῆς
3336 1484 3402 1520 πε
3413 1466 3716 1536 ριελήλυθε.
3749 1467 3912 1519 Βελι-

650 1558 852 1612 milites
910 1557 1160 1621 fuerunt,
1210 1571 1321 1625 quo
1374 1566 1617 1625 tempore
1667 1553 2009 1609 Justiuianus
2048 1552 2230 1623 copias

2344 1562 2522 1629 τάριος
2551 1560 2608 1613 δὲ
2659 1562 2753 1613 καὶ
2782 1560 3039 1621 Σίττας²⁸
3068 1560 3352 1629 δορυφόρω
3383 1559 3558 1627 ἤστην
3598 1557 3914 1610 Ἰουστινια-

650 1651 883 1703 ducebat
915 1667 929 1703 :
964 1667 991 1703 ιι
1037 1648 1251 1704 Justino
1299 1664 1428 1703 vero
1469 1648 1730 1703 militibus
1774 1648 1827 1701 in
1878 1647 2048 1702 Daras
2092 1662 2233 1716 pra:-

2344 1653 2425 1707 νοῦ
2478 1653 2557 1706 ἔτι
2588 1653 3041 1724 στρατηγοῦντος.
3088 1651 3181 1723 [54
3213 1649 3306 1721 Η.]
3353 1649 3487 1703 Ὑπὸ
3516 1649 3573 1702 δὲ
3621 1648 3913 1702 Ἰουστίνου

651 1741 823 1796 fectus
867 1742 1154 1797 Bclisarius
1184 1742 1343 1796 datus
1385 1753 1470 1796 est
1496 1758 1514 1795 :
1558 1757 1678 1793 cum
1711 1750 1766 1794 et
1807 1740 2104 1808 Procopius
2146 1739 2233 1793 hic

2344 1746 2442 1797 τῶν
2484 1746 2543 1797 ἐν
2574 1745 2754 1813 Δαρᾶς
2768 1746 2817 1777 ¹⁶
2862 1743 3179 1812 καταλόγων
3208 1742 3525 1812 Βελισάριος
3556 1742 3738 1811 ἄρχων
3764 1758 3907 1794 κατ-

650 1834 884 1901 scriptor
937 1849 965 1887 a
1025 1834 1270 1888 consiliis
1327 1833 1403 1887 illi
1459 1832 1694 1886 additus.
1752 1831 2058 1901 lmperante
2113 1840 2233 1899 post

2344 1836 2487 1903 ἐστη,
2519 1834 2612 1906 [72
2642 1834 2731 1905 R.]
2752 1836 2840 1887 ὅτε
2874 1835 2967 1888 καὶ
2999 1834 3306 1902 Προκὸπιος
3337 1833 3365 1885 ὁ
3393 1833 3747 1901 συγγραφεὺς
3775 1832 3918 1899 σύμ-

649 1898 929 1994 8010231)
973 1923 1304 1991 Justiniano,
1363 1923 1475 1979 dux
1513 1924 1750 1978 Orientis
1789 1898 2004 1979 creatus
2034 1898 2235 1977 Belisa-

2344 1898 2537 1989 ϐουλος.
2553 1924 2699 1995 αὐτῷ
2718 1898 2918 1997 ᾖρέοη.
2938 1898 3398 1994 Μον-αρχήσαντος
3428 1898 3482 1976 δέ
3514 1898 3915 1975 ν’ίουστινιανοῦ

649 2018 760 2069 rius
797 2019 846 2070 in
878 2019 1073 2072 Persas
1111 2032 1333 2070 movere
1361 2017 1547 2087 jussus
1577 2025 1682 2101 est.
1714 2016 1959 2071 Cabades
1992 2014 2231 2071 Perozen

2344 2019 2655 2090 Βελισάριος
2676 2019 2776 2089 τῆς
2805 2018 2924 2071 Ἕω
2951 2017 3258 2087 στρατηγὸς
3287 2014 3565 2077 καταστὰς
3582 2015 3681 2066 ἐπὶ
3697 2015 3919 2082 Πέρσας

648 2124 846 2174 genere
891 2107 1133 2173 Persam,
1180 2107 1444 2177 dignitate
1496 2123 1797 2172 meranem,
1831 2107 2094 2162 exercitui
2134 2122 2234 2160 suo

2344 2108 2650 2178 στρατεύειν
2704 2109 2984 2163 ἐτέτακτο.
3041 2107 3299 2172 Καϐάδης
3324 2106 3382 2159 δὲ
3421 2104 3668 2175 Περόζην
3736 2103 3912 2170 ἄνδρα

648 2196 911 2266 praefecit.
944 2199 1077 2253 Cum
1108 2209 1287 2252 autem
1314 2209 1541 2268 uterque
1567 2198 1867 2253 exercitum
1896 2199 2039 2252 circa
2068 2198 2235 2253 Daras

649 2290 893 2354 haberet,
941 2290 1203 2348 Belisario
1256 2290 1489 2346 Perozes
1553 2291 1914 2357 denuntiavit,
1985 2300 2232 2360 paratum

651 2379 753 2432 sibi
781 2380 833 2432 in
866 2381 997 2435 urbe
1033 2382 1281 2436 balneum
1320 2383 1543 2437 haberet
1578 2400 1591 2437 :
1626 2382 1809 2436 lavare
1832 2383 1976 2436 enim
2015 2391 2235 2449 postero

651 2469 737 2523 die
762 2471 915 2525 velle.
950 2474 1313 2537 Quamobrem
1355 2473 1582 2527 Romani
1637 2475 1703 2527 ad
1751 2488 1984 2543 pugnam
2020 2472 2235 2527 fortiter

652 2575 712 2615 se
774 2574 1179 2631 compararunt.
1220 2562 1277 2617 In
1324 2566 1441 2619 acie
1498 2566 1620 2620 dein
1668 2565 1950 2634 utriusque
1988 2564 2233 2619 exercitu

652 2655 972 2718 constituto,
1013 2656 1261 2712 Andreas
1305 2657 1523 2726 quidam
1574 2657 1891 2728 Byzantius,
1935 2658 2235 2728 gymnasti-

658 2742 739 2797 cis
772 2743 883 2815 (71)
925 2747 1410 2801 exercitationibus
1466 2760 1628 2816 atque
1678 2748 1944 2815 palaestrae
1989 2749 2232 2817 Byzantii

654 2832 943 2900 prml'ectus
994 2835 1105 2905 (qui
1158 2847 1210 2889 et
1256 2834 1434 2901 Buzae,
1511 2837 1741 2890 militum
1798 2852 1922 2891 cum
1970 2836 2236 2891 Belisario

664 2922 905 2985 tribuno,
951 2924 1279 2980 domesticus
1314 2926 1571 2990 haerebat,
1604 2926 1763 2979 Buz:e
1798 2942 1997 2995 corpus
2035 2927 2089 2980 in
2121 2926 2236 2981 bal-

654 3026 759 3066 neo
805 3029 1000 3069 curare
1050 3014 1285 3083 solitus),
1341 3031 1463 3069 cum
1514 3017 1579 3070 ad
1628 3015 1907 3081 singulare
1957 3024 2233 3070 certamen

652 3117 1007 3175 provocatum
1042 3118 1205 3171 esset,
1236 3109 1451 3177 ignotus
1472 3109 1744 3167 omnibus.
1772 3108 1855 3161 bis
1880 3105 2237 3174 depugnandu

658 3197 833 3251 victor
861 3198 1115 3260 decessit,
1136 3209 1488 3268 coeptumque
1518 3199 1761 3265 praelium
1793 3198 2068 3252 ﬁnierunt.
2106 3196 2233 3251 Post
2262 3225 2307 3283 ρ

657 3287 853 3342 iterum
905 3289 1196 3343 commisso
1241 3290 1383 3343 inter
1424 3306 1519 3344 eos
1553 3290 1758 3359 praelia,
1808 3289 2033 3343 Romani
2079 3288 2237 3359 longe

659 3376 970 3445 superiores
1000 3390 1315 3445 evaserunt,
1339 3395 1460 3433 cum
1500 3380 1704 3446 ingenti
1745 3379 2030 3433 Persarum
2068 3379 2237 3435 clade.

660 3468 778 3533 Quo
815 3468 1015 3522 factum
1049 3478 1154 3536 est,
1184 3480 1242 3522 ut
1277 3487 1400 3524 cum
1432 3469 2082 3539 Romanisexindejusto
2108 3486 2243 3538 pra:-

662 3557 735 3612 lio
764 3559 1024 3615 dimicare
1063 3562 1438 3627 tletrectarint,
1471 3563 1809 3617 incursiones
1850 3573 2029 3617 tamen
2075 3563 2246 3616 utrin-

663 3665 769 3720 que
812 3650 988 3707 facta}.

2337 2200 2581 2270 Πέρσην,
2644 2198 2979 2271 μιρῤἀνην²⁷
3025 2198 3082 2252 δὲ
3128 2198 3187 2250 τὸ
3256 2194 3492 2265 ἀξίωμα,
3554 2193 3647 2247 τοῦ
3709 2192 3923 2246 οἰκείου

2338 2290 2568 2359 στρατοῦ
2600 2292 2844 2360 ἡγεμόνα
2873 2290 3249 2359 κατεστήσατο
3269 2304 3282 2317 ⁸
3316 2287 3411 2341 καὶ⁵
3450 2286 3616 2357 ἄμφω
3643 2285 3711 2339 τὰ
3746 2302 3914 2353 στρα-

2334 2383 2581 2453 τεύματα
2618 2384 2747 2454 περὶ
2775 2384 2957 2452 Δαρᾶς
2985 2377 3574 2451 ἐστρατοπεδεύσαντο.
3603 2377 3715 2428 Καὶ
3736 2376 3917 2446 Περό-

2336 2474 2436 2542 ζης
2470 2474 2774 2543 Βελισαρίῳ
2833 2472 3022 2541 ἐδήλου
3089 2470 3147 2523 ὲν
3213 2468 3537 2539 παρασκευῇ
3566 2466 3629 2519 τὸ
3656 2468 3713 2518 ὲν
3753 2466 3917 2518 πόλει

2339 2566 2616 2636 βαλανεῖον
2672 2565 2857 2635 ἔχειν·
2909 2561 3195 2632 βούλεσθαι
3235 2560 3345 2630 γὰρ
3408 2558 3571 2612 αὐτδν
3618 2556 3923 2610 λούσασθαι

2336 2659 2402 2727 τῇ
2438 2655 2781 2726 occeperis”.
2856 2654 2947 2706 Διὸ
2998 2653 3063 2721 δὴ
3111 2651 3370 2721 Ῥωμαῖοι
3401 2649 3471 2703 τὰ
3512 2650 3571 2711 ἐς
3604 2648 3705 2719 τὴν
3781 2664 3925 2717 συμο

2339 2747 2557 2815 6ολὴν²⁹
2592 2745 2875 2817 κρατερῶς,
2942 2743 3284 2814 ἐξηρτύοντο.
3339 2739 3705 2810 Παρατάξεως
3732 2739 3790 2792 δὲ
3830 2756 3927 2806 γε-

2335 2837 2566 2906 νομένης
2594 2836 2859 2904 ἐκατέρου
2910 2834 3340 2905 στρατεύματος,
3408 2829 3667 2899 Ἀνδρέας
3697 2846 3783 2892 τις
3814 2828 3929 2881 Βυ-

2338 2929 2551 2992 ζάντιος
2618 2925 2973 2996 παιδοτρίϐης
3005 2925 3099 2979 καὶ
3159 2923 3503 2993 παλαίστρας
3542 2923 3602 2973 ἐν
3633 2919 3926 2987 Βυζαντίῳ

2340 3017 2711 3088 προεστηκὼς,
2745 3017 2805 3081 ὃς
2826 3018 2891 3087 δὴ
2925 3017 3019 3070 καὶ
3047 3018 3104 3069 ἐν
3133 3018 3248 3079 τοῖς
3298 3015 3392 3068 τοῦ
3425 3013 3628 3077 Βούζου
3686 3011 3781 3064 τοῦ
3830 3026 3929 3063 συ-

2339 3106 2768 3178 στρατηγοῦντος
2785 3106 3085 3177 Βελισαρίῳ
3112 3106 3333 3168 οικείοις
3354 3103 3676 3173 ἐτύγχανεν,
3713 3103 3809 3156 ἅτε
3827 3100 3927 3154 τοῦ

2337 3199 2539 3262 Βούζου
2604 3198 2853 3270 σώματος
2881 3200 2940 3251 ἐν
2969 3196 3234 3267 βαλανείῳ
3250 3193 3720 3265 ἐπιμελούμενος,
3765 3184 3931 3253 οὗτος

2342 3289 2693 3359 προκλήσεως
2711 3290 2768 3352 ἐς
2786 3287 3123 3360 μονομαχίαν
3145 3270 3522 3357 γεγενημένης
3549 3284 3730 3337 λαθὼν
3748 3284 3931 3337 ἅπαν-

2337 3399 2457 3445 τας,
2486 3382 2740 3452 δεύτερον
2773 3382 3183 3451 μονομαχήσας,
3215 3379 3455 3448 ἐνίκησε,
3474 3378 3570 3430 καὶ
3602 3373 3923 3447 ἀρξαμένου

2341 3471 2435 3525 τοῦ
2470 3472 2709 3543 πολέμου
2738 3471 3080 3542 διελύθησαν.
3116 3471 3387 3540 ’Ύστερον
3416 3468 3474 3520 δὲ
3505 3467 3668 3520 πάλιν
3697 3464 3936 3519 συστάν-

2342 3580 2436 3627 τος
2478 3564 2662 3628 αὐτοῖς
2710 3563 2950 3633 πολέμου
3010 3560 3191 3631 πολλῷ
3213 3559 3613 3630 καθυπέρτεροι
3655 3557 3934 3625 Ῥωμαῖοι

2344 3650 2594 3719 ἐγένοντο
2639 3652 2733 3705 καὶ
2773 3651 2996 3722 Περσῶν
3039 3650 3264 3712 πολὺς³⁰
3293 3648 3462 3720 ἐρρύη
3493 3647 3675 3717 φόνος,
3706 3644 3802 3698 καὶ
3830 3644 3931 3696 ἀπ’

664 3743 827 3796 αὐτοῦ
857 3744 1040 3797 οὐκέτι
1075 3744 1265 3815 ἤθελον
1300 3745 1364 3799 ἐκ
1392 3745 1486 3800 τοῦ
1517 3745 1704 3809 εὐθέος
1734 3748 1914 3818 μάχην
1933 3746 2230 3815 διενεγκεῖν
2259 3746 2327 3809 ιὲς
2368 3745 2676 3815 Ῥωμαίους
2697 3745 2763 3810 ⁸⁸,
2812 3742 2991 3812 ἔφοδοι
3012 3742 3068 3795 δὲ
3101 3740 3159 3807 ἐξ
3222 3740 3525 3811 ἐπιδρομῆς
3593 3733 3936 3806 ἀμφοτέροις

666 3836 929 3903 ἐγίνοντο.

738 3928 982 3983 Cabach
1030 3930 1256 3984 alterum
1298 3932 1351 3985 in
1397 3932 1709 3987 Armeniam
1753 3934 2012 3989 Romanis
2049 3935 2241 3990 subdi-

667 4028 777 4074 tam
825 4022 1121 4076 cxercitum
1157 4023 1324 4088 misit,
1355 4025 1443 4094 qui
1476 4041 1540 4079 ex
1584 4025 1978 4091 Persarmenis,
2015 4036 2071 4082 et
2105 4027 2243 4082 Satt-

671 4112 798 4166 nitis
833 4111 930 4184 [αι.
976 4112 1254 4187 Sauritis].
1293 4124 1347 4169 et
1393 4113 1614 4169 Saberis
1663 4116 1771 4185 (72)
1817 4117 2121 4173 constabat.
2150 4118 2246 4172 His

670 4202 997 4258 Met-meroes
1047 4206 1217 4274 copiis
1271 4205 1577 4271 prmiectus.
1626 4205 1926 4261 Dorotbeus
1969 4223 2096 4262 vero
2142 4209 2247 4261 Ar-

675 4296 869 4350 tneuize
896 4296 1026 4357 dux,
1055 4306 1107 4350 et
1135 4296 1325 4362 Sittas,
1352 4298 1441 4366 qui
1464 4307 1520 4351 ct
1542 4299 1634 4351 tori
1665 4298 1790 4352 huic
1818 4297 2064 4352 Romano
2094 4314 2251 4354 exer-

672 4387 803 4439 citui
854 4387 1101 4455 prazfuit,
1158 4402 1319 4440 manu
1371 4402 1493 4441 cum
1550 4390 1705 4443 hoste
1753 4402 2037 4452 conserta,
2090 4390 2245 4457 pauci

678 4480 908 4547 majores
940 4479 1098 4547 longe
1135 4480 1320 4547 copias
1357 4491 1685 4548 superarunt
1719 4499 1732 4534 :
1771 4483 1911 4536 unde
1942 4494 1996 4536 et
2028 4484 2246 4535 domum

674 4569 853 4624 Persa:
898 4570 1175 4640 fugerunt.
1218 4570 1332 4625 Hac
1378 4573 1665 4628 occasione
1700 4573 1927 4627 Romani
1968 4589 2088 4627 cum
2138 4572 2245 4626 alia

674 4659 908 4714 Persicae
957 4660 1197 4726 regionis
1246 4672 1584 4730 occuparunt
1637 4662 1786 4727 loca,
1848 4671 1958 4715 tum
2008 4661 2248 4715 Pbarau-

2423 3927 2547 3980 ’Ὀτι
2575 3922 2837 3991 Καϐάδης
2898 3921 3028 3975 ἄλλο
3060 3920 3380 3989 στράτευμα
3413 3918 3470 3980 ἐς
3505 3912 3797 3986 Ἀρμενίαν
3827 3913 3938 3982 τὴν

2357 4016 2654 4087 Ῥωμαίοις
2680 4014 2949 4083 κατήκοον
2973 4009 3239 4079 ἐπεμψεν,
3258 4009 3286 4061 ὃ
3312 4010 3376 4078 δὴ
3409 4008 3723 4076 στράτευμα
3752 4006 3939 4075 Περσο

2350 4108 2628 4180 αρμενίων
2692 4106 2787 4158 καὶ
2827 4103 3101 4155 Σαυνιτῶν
3159 4102 3256 4154 καὶ
3289 4099 3538 4168 Σαϐίρων
3563 4099 3605 4129 ³⁸
3634 4093 3722 4167 ἦν’
3750 4095 3939 4165 τούτῳ

2351 4201 2428 4271 τῷ
2453 4197 2669 4269 στρατῷ
2715 4195 3047 4266 Μερμερόης
3092 4194 3298 4263 ἠγεῖτο.
3339 4190 3616 4259 Δωρόθεος
3637 4190 3694 4241 δὲ
3722 4191 3750 4241 ὁ
3795 4188 3852 4240 Ἀ
3867 4205 3935 4257 ρ-

2358 4289 2545 4363 μενίας
2587 4286 2912 4356 στρατηγὸς,
2944 4284 3040 4336 καὶ
3066 4283 3280 4346 Σίττας,
3306 4281 3366 4344 ὃς
3388 4281 3590 4342 παντὸς
3634 4279 3938 4346 ἐφεστήκει

2348 4380 2504 4435 τοῦδε
2541 4377 2635 4430 τοῦ
2671 4373 2982 4445 Ῥωμαῖκοῦ
3055 4372 3460 4443 στρατεύματος
3483 4410 3497 4434 ,
3565 4366 3938 4438 συμϐαλόντες

2347 4477 2459 4537 τοῖς
2516 4470 2796 4541 πολεμίοις
2837 4468 3010 4535 ὀλίγοι
3073 4465 3209 4517 πολὺ
3272 4464 3539 4515 πλειόνων
3590 4460 3934 4531 ἐκράτησανο

2356 4564 2415 4629 ἐξ
2450 4557 2511 4617 οὗ
2537 4561 2601 4630 δὴ
2633 4557 2832 4626 καὶξέπ⁹
2853 4557 3003 4609 οίκου
3016 4556 3065 4607 οἱ
3088 4555 3129 4585 ⁸³
3152 4554 3280 4623 τῇδε
3317 4552 3526 4621 Πέρσαι
3552 4546 3934 4619 ἀνεχώρησαν.

2350 4658 2486 4711 Τότε
2532 4655 2627 4707 καὶ
2691 4651 2826 4706 ἄλλα
2874 4650 2972 4719 μὲν
3009 4645 3256 4716 Περσικὰ
3287 4643 3463 4713 χωρία
3506 4640 3766 4709 Ῥωμαῖοι
3798 4654 3937 4690 κατ-

678 4753 847 4815 gium,
878 4752 1020 4816 quod
1072 4759 1290 4814 vocant,
1336 4763 1617 4822 ceperunt,
1654 4754 1794 4805 unde
1826 4766 2018 4806 aurum
2065 4750 2243 4804 Persa:

2350 4748 2530 4815 έσχον,
2585 4741 2849 4810 κατέσχον
2874 4738 2933 4791 δὲ
2966 4736 3063 4789 καὶ
3101 4735 3161 4787 τὺ
3186 4735 3500 4803 Φαράγγιον
3572 4727 3937 4822 καλούμενρν,

678 4840 1014 4906 cll‘odientes,
1051 4844 1162 4912 regi
1219 4848 1477 4913 pendunt.
1529 4844 1660 4898 Zaui
1710 4859 1859 4905 vero,
1899 4843 2063 4896 Sauni
2109 4844 2243 4894 anti-

2352 4833 2576 4905 ὂθενοδὴ
2616 4832 2712 4885 καὶ
2749 4829 2842 4882 τὸν
2872 4826 3076 4899 χρυσὸν
3106 4824 3314 4894 Πέρσαι
3353 4822 3682 4891 ὀρύσσοντες
3719 4816 3942 4886 βασιλεῖ

680 4932 863 5000 quitus
912 4935 1201 5003 appellati,
1249 4937 1444 5001 liberi,
1494 4946 1548 4991 et
1600 4936 1868 4989 latronum
1925 4935 2027 4988 ritu
2077 4933 2250 4988 vicina

682 5023 998 5091 populantes
1048 5026 1189 5092 loca,
1222 5026 1358 5082 Sitta
1407 5029 1543 5083 duce
1588 5027 1738 5092 victi,
1777 5027 1826 5079 in
1858 5026 1946 5094 jns
1982 5034 2249 5090 nostrum,

682 5115 1049 5186 tlitionemque
1089 5119 1468 5184 concedentes,
1506 5117 1797 5173 Christiani
1844 5117 1971 5171 facti
2017 5126 2164 5179 sunt,
2196 5122 2252 5167 et

2354 4929 2601 4999 φέρουσι.
2621 4923 2731 4978 Καὶ
2758 4920 2955 4985 Τζὰνοι
2978 4917 3057 4982 δὲ,
3079 4918 3131 4969 οἱ
3159 4914 3326 4968 πάλαι
3350 4908 3938 4999 Σάνοι³¹⁵καλούμενοι,

2353 4996 2641 5088 αὐτόνομοι
2670 5016 2825 5077 ὄντες
2858 5012 2952 5066 καὶ¹
2980 5008 3423 5082 λῃστρικώτερον
3450 5003 3581 5062 τοὺς
3625 4996 3941 5070 πλησιοχώ-

2357 5111 2542 5184 ρους³⁵
2608 5104 3057 5174 κατατρέχοντες,
3104 5098 3209 5151 ὑπὸ
3258 5098 3424 5149 Σίττα
3474 5106 3941 5160 καταστρατηγη-

1958 5248 2192 5305 ἾΔΒΙᾹΞ
2236 5244 2635 5301 LECTIONES.

753 5369 797 5398 "
827 5368 905 5420 ὃτι
927 5367 996 5419 τὰ
1029 5367 1232 5435 μεταξύ
1256 5372 1319 5423 Α.
1394 5370 1440 5401 ’³
1468 5368 1896 5439 Γουργογένεις.
1973 5364 2310 5439 "apsens.
2337 5364 2518 5439 malint
2540 5362 2705 5439 ᾕρθη.
2782 5361 2831 5439 ’ξ
2853 5358 3014 5439 Σίλας
3046 5373 3108 5439 ςί
3185 5358 3278 5433 ’Ἃ

686 5439 787 5493 ira.
866 5439 909 5469 ³⁷
947 5425 1196 5508 μηρὰνην
1223 5457 1282 5503 ς’.
1359 5440 1402 5471 ²⁸
1435 5448 1548 5506 post
1576 5425 1975 5505 ύστέραίᾳέιιιιι
2007 5425 2228 5488 Α’ὸιιιῑὲἰ
2258 5435 2383 5500 ἔφη.
2459 5434 2503 5465 ’³
2540 5425 3017 5495 Ιίὺνῖσυςιδουλήν.
3052 5425 3376 5523 ἐξηρτοῦντο
3416 5439 3476 5485 ς.

687 5509 916 5567 πολλοὺς
936 5527 998 5567 ς’.
1076 5510 1119 5540 ’ί
1154 5510 1211 5567 ἐς
1237 5509 1543 5567 Ῥωμαίους
1569 5512 1609 5560 A
1645 5526 1660 5560 ε
1699 5505 2007 5567 Ῥωμαίους
2039 5522 2098 5567 ς’.
2176 5505 2220 5535 ³³
2254 5501 2515 5567 Σαϐήρων
2538 5520 2597 5567 ς.
2676 5502 2722 5533 ³⁸
2746 5501 2796 5553 οί
2814 5500 2936 5553 add.
2960 5498 3024 5552 A.
3106 5495 3127 5526 ³
3181 5494 3339 5548 Σὰνοι
3363 5493 3406 5544 Α
3434 5510 3448 5545 :

1744 5523 2007 5571 ’ωμαιους
2039 5523 2098 5567 ς.
2176 5523 2219 5535 ν·
2255 5523 2515 5574 ωιοηρων
2538 5523 2597 5567 ς.

1744 5577 1854 5635 τοῖς
1882 5572 2277 5644 πλησιοχώροις
2295 5591 2355 5637 ς’.

687 5509 916 5571 πολλοὺς
936 5505 1039 5572 ς’.”
1076 5510 1119 5540 ’ί
1154 5505 1211 5570 ἐς
1237 5505 1543 5577 Ῥωμαίους
1569 5512 1609 5560 A
1645 5526 1660 5560 ε
1699 5505 2007 5577 Ῥωμαίους
2039 5522 2098 5567 ς’.

687 5579 880 5647 legitur
916 5578 1175 5649 Ἰσαυροι.
1209 5580 1583 5632 Casanbonus.
1661 5577 1704 5609 ³⁸

3185 5354 3231 5386 ²⁶
3247 5353 3427 5422 Δὰρας
3447 5350 3511 5413 Α,
3548 5350 3637 5422 qui
3666 5346 3826 5422 sicel
3853 5345 3942 5422 in-

3555 5418 3600 5450 ⁸⁰
3640 5412 3806 5475 πολύς
3844 5417 3885 5464 Α
3922 5429 3939 5473 ;

2676 5502 2722 5533 τε
2746 5484 2796 5553 at
2814 5500 2936 5553 add.
2953 5482 3024 5552 Ἀ.
3093 5482 3165 5526 ⁷³⁸·
3181 5494 3339 5548 Σὰνοι
3363 5493 3406 5544 Α
3426 5482 3448 5545 ἐ
3476 5487 3671 5542 Σαῦνοι
3708 5502 3768 5550 ς.
3809 5482 3941 5535 alibi

2199 5680 2432 5736 ΝΟΤᾹΞ.

763 5801 876 5873 (ῘΟ)
909 5802 1173 5868 Gurgenes
1202 5814 1285 5859 est
1314 5804 1366 5858 in
1395 5804 1658 5873 Procopio
1690 5802 2051 5858 Volaterrani.

764 5871 876 5942 ΠΙ)
905 5873 1285 5945 Παιδοτρίϐης,
1314 5870 1889 5946 magisterexercitor,
1919 5874 2054 5943 apud
2077 5870 2254 5927 Plaut.

2368 5800 2497 5855 Trin
2506 5814 2612 5850 um.
2940 5858 2979 5864 __
3102 5857 3115 5864 _
3310 5853 3320 5864 ,

2438 5870 2548 5941 (72)
2582 5867 2656 5922 Ita
2691 5877 2905 5936 quoque
2939 5857 3115 5915 llunni
3150 5857 3323 5913 vocati
3360 5859 3507 5908 sunt.
