4146 6422
221 364 305 427 129
620 354 633 367 ’
1308 358 1838 420 BIBLIOTHECA.
1874 385 1943 396 ·-
1968 362 2130 423 COD.
2156 363 2374 423 LXIII;

3331 365 3432 430 130

212 474 372 535 θέντες
403 472 480 535 είς
507 470 565 524 τὸ
584 470 855 542 ἡμέτερόν
878 488 938 525 τε
966 470 1401 542 μεταϐληθέντες
1424 474 1748 544 Χριστιανοὶ

1864 477 2111 533 Romanis
2160 488 2376 549 parent,
2425 488 2483 535 ut
2527 480 2693 535 etiam
2747 480 2800 535 in
2843 480 3036 561 horum
3084 482 3282 538 castris
3325 499 3429 538 una

210 564 434 634 γεγόνασι
470 561 563 614 καὶ
581 562 840 630 κατήκοοι
884 560 1198 631 Ῥωμαίοις,
1226 562 1301 626 ὡς
1339 563 1434 616 καὶ
1468 565 1527 626 ἐς
1554 562 1748 629 λόγους

210 652 412 726 στρατοῦ
453 652 760 721 Ῥωμαῖκοῦ
796 652 1250 706 κατατάττεσθαι.

267 748 373 799 Ὅτι
431 743 684 813 Καϐάδης
747 745 916 814 ἄμφω
960 744 1069 797 τῶν
1110 745 1543 814 στρατευμάτων
1581 743 1749 798 αὑτοῦ

207 837 517 908 ἡττηθέντων
555 838 613 887 ὲν
656 837 863 907 ἀπορίᾳ
889 832 980 907 ἦν,
1027 835 1462 904 Ἀλαμούνδαρος
1504 835 1561 888 δὲ
1592 836 1752 888 ὁτῶν

206 926 334 993 παρὰ
376 926 607 993 Πέρσαις
633 925 968 996 Σαρακηνῶν
998 924 1272 994 βασιλεὺς,
1307 924 1446 995 ἀνὴρ
1473 923 1549 976 ὢν
1580 924 1753 985 δεινὸς

205 1023 261 1073 τὰ
278 1020 497 1090 πολέμια
523 1019 617 1072 καὶ
637 1017 985 1086 δραστήριος,
1002 1015 1059 1078 ὃς
1077 1016 1121 1045 ³⁸
1143 1017 1197 1077 ἐς
1213 1016 1344 1082 γόνυ
1363 1015 1433 1068 τά
1468 1015 1753 1084 Ῥωμαίων

206 1110 357 1161 ἔκλινε
414 1108 718 1179 πράγματα
756 1106 900 1157 ἔτεσι
937 1106 1300 1175 πεντήκοντα,
1338 1100 1492 1168 οὗτος
1523 1104 1753 1159 ὑπέθετο

207 1200 403 1269 Καϐἀδῃ
427 1200 483 1260 ὲς
527 1197 859 1265 Ἀντιόχειαν
910 1196 1034 1247 τότε
1093 1194 1406 1265 ἀφύλακτον
1437 1191 1603 1248 οὖσαν
1657 1195 1753 1247 καὶ

205 1289 260 1339 τὶ
296 1286 513 1356 ταύτῃ³⁷
567 1286 743 1356 χωρία
807 1283 1075 1338 ἐσϐαλεῖν.
1138 1284 1304 1346 Γνοὺς
1331 1283 1389 1337 δὲ
1430 1283 1751 1354 Βελισάριος

207 1378 326 1429 κατὰ
366 1378 525 1447 τάχος
586 1374 908 1445 ὑπηντίαζε,
972 1376 1286 1444 στράτευμα
1331 1374 1595 1443 ἰσαύρων
1657 1376 1754 1427 καὶ

216 1467 412 1538 Ἀρέθαν
434 1467 524 1518 τὸν
543 1465 587 1497 ³⁸
609 1466 717 1518 τῶν
748 1468 897 1536 παρὰ
913 1466 1206 1535 Ῥωμαίοις
1236 1466 1572 1536 Σαρακηνῶν
1607 1465 1754 1535 βασι-

204 1558 283 1609 λὲα
308 1558 417 1627 ἅμα
438 1557 531 1609 τοῦ
581 1557 783 1610 οἰκείου
843 1557 1285 1627 συνεπαγόμενος
1339 1556 1471 1610 λαοῦ
1492 1557 1558 1610 ³³.
1596 1557 1755 1609 Ἀλα-

206 1650 471 1719 μούνδαρος
504 1648 564 1701 δὲ
590 1648 683 1701 καὶ
746 1648 1046 1719 Ἀζαρέθης
1089 1649 1409 1720 ὀρρωδήσας
1454 1650 1541 1701 ἐπ’
1599 1648 1752 1701 οίκου

206 1740 483 1811 ἁπεχὼρει’
519 1742 615 1793 καὶ
646 1740 967 1811 Βελισάριος
1018 1741 1228 1804 εἵπετο,
1263 1739 1447 1793 οὗτιδθ
1479 1742 1536 1803 ὲς
1564 1742 1754 1811 χεῖρας

1852 572 2096 639 permisti
2128 572 2436 626 militarint.

1921 746 2188 812 Cabades,
2236 748 2440 803 amisso
2489 759 2719 817 utroque
2770 750 3035 814 exercitu,
3076 749 3242 803 animi
3294 764 3430 820 pen-

1852 838 2033 893 debat.
2076 837 2179 893 Sed
2217 840 2614 893 Alemuudarus
2658 840 2995 894 Persicorum
3032 840 3429 897 Saracenorum

1855 946 1971 993 rex,
2007 931 2089 984 vir
2128 931 2265 985 bello
2317 947 2442 986 acer
2495 948 2558 985 ac
2615 941 2889 996 strenuus,
2924 948 3012 986 res
3062 932 3429 987 Romanorum

1855 1023 2037 1076 valde'
2071 1022 2325 1091 infregit,
2386 1024 2544 1078 anuis
2601 1025 3016 1093 quinquaginta.
3077 1023 3177 1079 llic
3229 1023 3430 1079 Cabadi

1852 1115 2147 1180 suggessit,
2225 1113 2389 1185 zﬁa
2448 1116 2790 1169 Antiochiam
2848 1117 3100 1185 prmsitlio
3155 1115 3431 1180 nudatam,

1854 1203 2196 1273 finitimoque
2236 1206 2538 1259 invaderet.
2564 1206 2878 1270 Belisarius,
2915 1222 2971 1261 re
2995 1208 3233 1274 cognita,
3264 1222 3427 1275 quant

1856 1296 2185 1350 maturrime
2234 1298 2495 1365 occurrit,
2540 1298 2750 1352 eductis
2803 1299 3108 1352 Isaurorum
3156 1298 3349 1367 c0piis,
3382 1308 3438 1350 et

1852 1381 2058 1436 Aretba
2116 1382 2484 1436 Romanarum
2549 1384 2779 1450 partium
2840 1383 3236 1438 Saracenorum
3286 1397 3434 1453 rege,

1854 1472 1944 1537 qui
2007 1487 2162 1525 suam
2232 1472 2350 1539 ipse
2409 1481 2621 1541 gentem
2691 1472 2970 1528 ductabat.
3038 1472 3438 1526 Alanutndarus

1855 1576 2007 1621 vero,
2040 1568 2091 1614 et
2143 1561 2442 1615 Azarethes
2488 1570 2633 1615 metu
2676 1575 2989 1628 percussus,
3033 1571 3178 1616 retro
3218 1562 3437 1616 domum

1854 1664 1912 1703 se
1963 1649 2187 1717 recepit.
2245 1649 2310 1703 Et
2359 1646 2653 1703 Belisarius
2704 1664 2847 1717 pone
2917 1652 3269 1719 sequebatur,
3328 1667 3434 1706 non

1860 1752 1966 1793 tam
2014 1756 2136 1794 cum
2192 1739 2348 1793 hosw
2404 1756 2601 1794 manus
2647 1755 2937 1795 conserere
2979 1741 3224 1811 cupidus,
3277 1757 3438 1810 quam

206 1834 353 1886 ἐλθεῖν
378 1832 830 1903 προαιρούμενος,
858 1833 955 1902 τὴν
983 1831 1164 1898 δίωξιν
1177 1832 1232 1885 δὲ
1259 1831 1752 1903 σχηματιζόμενος.

1864 1843 1919 1886 ιιι
1972 1848 2095 1887 eum
2150 1832 2361 1900 insequi
2414 1848 2473 1886 se
2531 1835 2760 1901 lingeret
2792 1850 2806 1886 :
2844 1835 3015 1887 donec
3064 1834 3244 1889 multis
3298 1835 3437 1904 vulgi

214 1923 351 1975 Ἀλλὰ
378 1924 436 1975 τό
467 1939 533 1991 γε
566 1921 769 1992 πλῆθος
802 1921 1128 1992 ἐλοιδορεῖτο
1151 1923 1320 1994 αὐτῷ,
1358 1922 1449 1993 [55
1486 1921 1576 1993 ΙΙ.]
1610 1921 1757 1992 πρῶ-

202 2030 277 2066 τον
334 2014 427 2083 μὲν
475 2014 581 2066 οὑκ
640 2013 719 2075 εις
741 2012 803 2065 τὸ
836 2013 1105 2082 ἐμφανές·
1164 2013 1288 2065 ἐπεὶ
1330 2014 1386 2067 δὲ
1418 2014 1680 2084 ἐμφανῶς
1710 2013 1753 2043 ’δι

203 2105 447 2171 ἐκάκιζον,
486 2106 639 2160 ἄκων
671 2107 961 2176 συγκροτεῖ
1000 2105 1093 2157 τὸν
1125 2104 1385 2175 πόλεμον.
1419 2107 1530 2159 Καὶ
1558 2106 1627 2159 τὰ
1654 2105 1755 2176 μὲν

202 2197 367 2266 πρῶτα
414 2196 728 2249 πιπτόντων
786 2194 1126 2266 ἑκατέρωθεν
1181 2196 1572 2267 άγχώμαλοςή
1605 2199 1756 2267 μάχη

203 2290 409 2356 ἐγένετο,
437 2289 633 2341 ἔπειτα
661 2288 717 2342 δὲ
738 2289 1039 2361 τραπέντος
1069 2287 1165 2341 τοῦ
1190 2290 1321 2358 περὶ
1363 2289 1593 2360 ’Δρέθαν
1623 2289 1755 2341 λαοῦ

200 2381 278 2432 καὶ
319 2379 421 2432 τῶν
455 2380 721 2450 ’ίσαύρων
785 2379 925 2431 κατὰ
954 2380 1156 2449 κράτος
1188 2379 1381 2432 ἐνίκων
1444 2380 1652 2449 Πέρσαι
1674 2378 1718 2411 ’⁵³
1739 2395 1754 2413 ο

201 2472 279 2523 καὶ
304 2472 347 2522 εἰ
376 2470 449 2540 μὴ
493 2470 606 2523 ἀπὸ
636 2469 731 2522 τοῦ
790 2469 959 2522 ἵππου
1008 2470 1252 2533 καταϐὰς
1286 2469 1606 2541 Βελισάριος
1644 2472 1759 2531 τοῖς

202 2560 693 2631 καταλελειμμένοις
724 2562 1076 2614 συνετάττετο
1111 2563 1205 2614 καὶ⁸
1231 2560 1487 2631 ἠμύνετο,
1516 2562 1757 2623 ἅπαντες

202 2651 254 2702 ἂν
306 2652 688 2724 διεφθάρησαν.
754 2650 1052 2722 Ἀζαρέθης
1085 2652 1133 2683 ⁸³
1202 2652 1387 2720 μέντοι
1449 2655 1476 2705 6
1531 2651 1760 2722 Περσῶν

204 2744 475 2813 στρατηγὸς
546 2744 890 2812 ὑποστρέψας
939 2745 1074 2814 πρὸς
1100 2744 1145 2775 ⁸⁵
1177 2743 1439 2812 Καϐάδην
1496 2744 1597 2796 οὐκ
1652 2746 1760 2795 ἁπ-

204 2832 355 2886 ώνατο
387 2836 485 2905 τῆς
528 2833 625 2907 [75
658 2832 750 2904 Κ]
777 2834 934 2904 νίκης
956 2850 971 2865 ⁸
998 2834 1227 2896 πολλοὺς
1263 2836 1370 2904 γὰρ
1391 2830 1459 2905 ἦν
1488 2834 1581 2885 καὶ
1601 2834 1761 2895 αὐτὸς

202 2926 461 2980 ἀποϐαλὼν
500 2930 564 2979 ὲν
601 2930 668 2998 τῇ
720 2927 888 2997 μάχῃ,
934 2930 982 2980 εἰ
1031 2927 1125 2980 καὶ
1177 2927 1314 2979 πολὺ
1372 2926 1592 2989 πλείους
1645 2926 1760 2978 τῶν

204 3019 483 3072 ἀντιπάλων
548 3019 955 3089 διεφθάρησαν·
1012 3019 1093 3071 διὸ
1115 3021 1173 3071 ὲν
1214 3019 1328 3080 τοῖς
1372 3017 1592 3088 ἀτίμοις
1643 3017 1762 3069 ἐτέ-

203 3122 285 3159 κει.

1865 1925 2150 1990 conviciis,
2210 1925 2443 1995 primum
2501 1925 2718 1994 quidem
2780 1924 2957 1991 clam,
3026 1927 3219 1980 deinde
3275 1927 3438 1981 etiam

1855 2018 2033 2087 palam
2090 2018 2412 2081 lacessitus,
2469 2018 2671 2071 invitus
2720 2017 2786 2069 ad
2839 2032 3075 2086 pugnam
3137 2019 3437 2074 descendit.

1857 2107 2195 2163 (ludentibus
2225 2108 2383 2163 initio
2415 2107 2601 2161 multis
2633 2108 2909 2177 utrinque,
2943 2124 3007 2163 ac
3038 2111 3212 2173 casis,
3244 2123 3443 2180 anceps

1857 2198 1947 2251 diu
1979 2213 2157 2268 pugna
2188 2197 2287 2252 fuit
2316 2216 2332 2263 ;
2366 2199 2539 2253 versis
2581 2198 2775 2252 dehinc
2810 2199 2864 2252 in
2894 2198 3068 2268 fugam
3098 2201 3313 2276 Arethze
3344 2216 3441 2255 co-

1860 2290 1985 2357 piis,
2010 2299 2176 2358 atque
2202 2288 2424 2354 lsauris,
2461 2305 2489 2341 a
2518 2288 2700 2343 Persis
2727 2303 2937 2343 summa
2971 2292 3170 2343 virtute
3197 2306 3442 2361 pugnan-

1861 2382 2031 2441 tibus.
2089 2381 2315 2435 victoria
2366 2381 2521 2435 stetit
2564 2397 2578 2433 :
2622 2393 2682 2433 ιιι
2731 2381 2831 2434 nisi
2883 2396 2947 2433 ex
2994 2396 3133 2450 equo
3175 2385 3243 2436 ad
3277 2383 3441 2452 pedes

1860 2475 2157 2530 Belisarius
2199 2473 2511 2539 desiliisset,
2562 2488 2626 2527 ac
2669 2473 2892 2541 reliquis
2937 2487 3058 2527 sese
3096 2472 3440 2544 adjungendo

1859 2567 2122 2622 auxilium
2164 2565 2460 2629 attulisset,
2493 2563 2822 2618 debellatum
2869 2577 2934 2616 eo
2979 2563 3065 2617 die
3095 2574 3258 2628 esset,
3283 2566 3433 2619 caasi-

1860 2675 1966 2728 que
2012 2661 2078 2712 ad
2130 2673 2297 2711 unum
2334 2670 2527 2712 omnes
2563 2656 2936 2710 internecione
2987 2654 3242 2710 fuissent.
3286 2654 3442 2712 Atta-

1869 2765 1988 2802 men
2021 2748 2324 2802 Azarethes
2355 2746 2646 2799 Persarum
2680 2747 2805 2810 dux,
2840 2749 3053 2800 domum
3087 2748 3152 2801 ad
3179 2746 3440 2803 Cabaden

1862 2855 2135 2902 reversus,
2175 2837 2413 2891 victoria‘.
2446 2836 2683 2890 fructum
2723 2852 2827 2891 non
2860 2838 2997 2890 tulit.
3030 2837 3260 2892 Suorum
3295 2840 3440 2894 enim

1863 2929 2060 2983 multos
2120 2928 2173 2982 in
2235 2926 2418 2995 praelio
2475 2927 2772 2991 amiserat,
2824 2927 2953 2981 licet
3007 2929 3440 2983 adversariorum

1862 3019 2043 3089 plures
2084 3017 2432 3073 cecidissent.
2473 3015 2843 3083 Quamobrem
2890 3017 3230 3073 inbonoratis
3266 3020 3442 3073 adnu-

1865 3120 2109 3166 meratus
2142 3119 2245 3164 est.

262 3196 371 3251 Ὀτι
416 3200 739 3270 Βελισάριον
766 3200 793 3252 ὁ
818 3198 1071 3268 βασιλεὺς
1100 3199 1158 3262 ἐς
1177 3200 1222 3231 ’⁵⁸
1260 3196 1556 3261 Βυζάντιον
1600 3212 1763 3266 μετα-

1938 3199 2138 3253 Evocat
2161 3197 3034 3266 ConstantinopolimJustinianus
3057 3184 3442 3267 imperatorem

206 3286 574 3360 καλεσάμενος,
611 3290 695 3357 ἐφ’
728 3282 772 3356 ᾧ
803 3289 899 3341 ἐπὶ
958 3287 1268 3351 Βανδάλους
1291 3287 1337 3317 ⁸⁸
1376 3285 1757 3357 στρατεύσειε,

206 3377 372 3434 Σίτταν
390 3382 704 3451 φυλάξοντα
728 3382 771 3412 ⁸⁷
795 3382 894 3449 τὴν
925 3380 1098 3450 Ἐᾠαν
1131 3378 1450 3434 ἀπέστειλεν
1468 3398 1480 3409 σ
1505 3380 1563 3430 ὲν
1593 3371 1635 3445 ᾧ
1670 3378 1764 3432 καὶ

208 3469 388 3540 Πέρσαι
450 3474 602 3527 κατὰ
635 3473 922 3540 Ῥωμαίων
970 3473 1311 3536 ἐσϐάλλουσι,
1365 3472 1462 3526 καὶ
1514 3470 1763 3524 Καϐάδου

207 3567 609 3637 τελευτήσαντος
643 3568 671 3619 6
705 3567 834 3628 παῖς
875 3565 1125 3635 Χοσρόης
1151 3564 1251 3633 τὴν
1304 3564 1580 3634 βασιλείαν
1619 3563 1766 3617 ἐκδέ-

206 3674 355 3727 χεται.
399 3660 685 3727 Ῥουφῖνος
713 3658 768 3709 δὲ
807 3659 902 3710 καὶ
939 3655 1290 3727 Ἀλέξανδρος
1313 3657 1408 3709 καὶ
1433 3657 1636 3725 Θωμᾶς
1670 3657 1766 3708 σὺν

217 3752 513 3822 Ἑρμογένει
568 3752 722 3821 παρὰ
782 3750 1033 3820 Χοσρὸην
1088 3750 1482 3821 παραγίνονται
1510 3748 1603 3802 ἐπὶ
1631 3766 1766 3819 πρε-

210 3840 390 3895 σϐείαν·
420 3840 502 3904 οἷς
524 3843 630 3912 τὴν
656 3840 882 3911 εἰρήνην
910 3841 1217 3911 ἀπέραντον
1238 3839 1407 3909 ἔφησε
1430 3838 1621 3892 θέσθαι
1637 3838 1769 3892 δέκα

207 3932 286 3982 καὶ
312 3933 501 3985 ἑκατὸν
561 3932 959 4002 κεντηναρίο·ς.
1028 3929 1190 3982 Ἀλλὰ
1212 3930 1335 3983 τότε
1371 3929 1469 3999 μὲν
1492 3929 1769 3999 ἄπρακτοι

208 4021 501 4096 διελύθησαν
532 4066 550 4093 ,
619 4024 847 4093 ὕστερον
894 4024 950 4075 δὲ
1014 4023 1114 4093 τὴν
1165 4023 1473 4092 ἀπέραντον
1548 4022 1770 4091 εἰρήνην

210 4116 529 4183 ἐσπείσαντο,
554 4118 714 4170 ἕκτον
734 4115 835 4185 ἤδη
859 4113 1086 4185 ἔτος-τὴν
1122 4114 1409 4184 βασιλείαν
1452 4114 1771 4167 Ἰονστινιασ

210 4207 286 4259 νοῦ
333 4209 566 4278 ἔχοντος.
622 4207 732 4260 Καὶ
762 4208 1026 4275 Ῥωμαῖοι
1068 4207 1166 4278 μὲν
1192 4207 1260 4260 τά
1292 4224 1353 4258 τε
1374 4207 1637 4277 χρήματα
1677 4207 1771 4259 καὶ

209 4296 259 4348 τὸ
306 4300 615 4367 Φαράγγιον
668 4298 762 4351 καὶ
807 4297 1046 4350 Βῶλον¹⁵³
1107 4298 1168 4349 τὸ
1220 4296 1480 4368 φρούριον
1512 4284 1772 4366 Πέρσαις

212 4388 515 4457 παρέδοσαν,
585 4388 791 4458 Πέρσαι
843 4389 900 4441 δὲ
939 4389 1232 4457 Ῥωμαίοις
1267 4389 1335 4442 τά
1403 4406 1463 4440 τε
1522 4387 1771 4457 Λαζικῆς

1863 3292 2205 3353 Belisarium,
2237 3302 2296 3344 ut.
2337 3290 2460 3344 inde
2493 3290 2833 3345 inVaudalos
2849 3290 3248 3360 expeditionem
3266 3289 3445 3345 susci-

1862 3385 1977 3449 piat
2006 3401 2020 3437 :
2046 3381 2369 3451 Orientique
2403 3383 2680 3437 custodem
2710 3380 2919 3435 Settam
2956 3381 3233 3450 imposuit.
3283 3381 3446 3437 Hisce

1872 3475 2208 3544 temporibus
2246 3486 2301 3529 et
2327 3475 2507 3528 Persae
2557 3489 2679 3529 cum
2721 3474 2985 3528 Romanis
3031 3485 3445 3541 concurrerunt,

1866 3573 1944 3627 et,
1979 3562 2199 3618 Cabade
2226 3576 2461 3628 mortuo,
2500 3561 2641 3617 ﬁlius
2673 3562 2947 3616 Chosroes
2993 3564 3143 3632 regni
3205 3563 3448 3618 habenas

1867 3657 2131 3725 suscepit.
2162 3654 2455 3724 Missiergo
2480 3657 2546 3709 ad
2575 3669 2698 3707 eum
2723 3654 2907 3723 legati,
2933 3655 3181 3719 Rufinus,
3213 3658 3450 3710 Alexan-

1868 3748 1989 3809 der,
2024 3746 2287 3810 Thomas,
2343 3754 2394 3800 et
2436 3744 2802 3815 Hermogenes
2830 3763 2844 3800 :
2877 3747 3072 3815 quibus
3102 3761 3293 3816 pacem
3312 3747 3450 3799 velle

1868 3854 1927 3893 se
1952 3838 2132 3893 facere
2171 3838 2307 3892 dixit
2336 3844 2674 3906 perpetuam,
2716 3839 3156 3891 centenariornm
3194 3838 3448 3892 nimirum

1870 3940 2088 3985 centum
2109 3937 2164 3983 et
2187 3930 2397 3992 decem,
2435 3928 2632 3983 Verum
2685 3944 2743 3983 re
2790 3940 2900 3981 tum
2936 3930 3136 3984 infecta
3173 3929 3451 3984 discesse-

1873 4031 1999 4074 runt
2030 4039 2044 4074 :
2084 4035 2183 4074 nec
2208 4021 2311 4075 nisi
2342 4030 2531 4089 postea
2560 4020 2856 4074 constituta
2883 4031 3145 4089 pac'aque
3195 4036 3305 4090 pax
3360 4021 3451 4076 illa

1872 4123 1955 4168 est
1982 4121 2265 4182 perpetua,
2316 4114 2620 4181 imperante
2672 4122 2884 4166 sextum
2925 4112 3037 4182 (7‘5)
3089 4111 3201 4179 jam
3251 4128 3451 4167 annum

1872 4205 2212 4260 Justiniano.
2232 4203 2335 4258 Per
2352 4220 2469 4259 eam
2488 4203 2718 4259 Romani
2749 4205 3030 4273 pecunias,
3064 4203 3451 4273 Pharangium,

1873 4309 1928 4353 et
1953 4298 2144 4353 Belum
2172 4314 2355 4353 arcem
2404 4298 2588 4354 Persis
2630 4298 3001 4359 reddiderunt,
3056 4297 3159 4351 etsi
3211 4297 3452 4351 vicissim

1876 4389 2139 4445 Romanis
2176 4388 2467 4445 Laziorum
2502 4389 2557 4443 in
2588 4389 2785 4443 finibus
2810 4389 3029 4458 Oppida,
3084 4397 3139 4441 et
3162 4386 3451 4456 Dagarem,

210 4477 311 4546 ὅρια
342 4482 433 4533 καὶ
464 4482 791 4551 Δά“ταριν³⁹,
826 4480 993 4549 ἄνδρα
1025 4479 1229 4547 ἀγαθὸν
1259 4480 1327 4532 τὰ
1360 4478 1619 4549 πολέμια,
1653 4480 1766 4534 ἀντ’

1876 4484 2051 4539 virum
2088 4484 2228 4539 bello
2255 4494 2536 4538 strenuum
2570 4481 2792 4553 (tradito
2824 4495 2925 4550 pro
2962 4494 3028 4534 eo
3052 4488 3106 4533 et
3143 4479 3315 4533 altero
3344 4494 3450 4532 nou

213 4570 353 4623 αὐτοῦ
370 4573 561 4643 ἕτερον
583 4571 977 4641 κεκομισμένοι
995 4571 1041 4602 δ’)
1063 4571 1163 4623 οὐκ
1211 4570 1392 4639 ἀφανῆ
1447 4570 1638 4642 ἄνδρα.
1665 4572 1769 4624 Εὑ-

212 4659 292 4724 95;
338 4664 519 4732 μέντοι
568 4663 820 4735 ἑκατέρῳ
878 4663 1090 4733 βασιλεῖ
1138 4660 1432 4732 ἐπιϐουλὴν
1459 4660 1764 4733 ξυνηνέχθη

213 4753 440 4816 γενέσθαι
475 4756 616 4824 πρὸς
656 4755 766 4808 τῶν
818 4755 1090 4823 ὑπηκόων.
1119 4754 1230 4807 Καὶ
1259 4754 1504 4823 Χοσρόην
1549 4754 1648 4824 μὲν
1677 4754 1773 4807 am

214 4842 463 4916 Θορυϐώδη
491 4849 589 4902 καὶ
611 4848 849 4901 ἄτακτον
865 4848 892 4899 6
912 4846 1139 4916 Περσῶν
1159 4849 1399 4915 μισήσας
1416 4844 1574 4910 λεὼς,
1594 4846 1777 4900 Καϐά-

214 4930 291 5001 δην
310 4935 394 4988 τὸν
413 4937 603 5006 Ζάμου
621 4935 715 4988 τοῦ
739 4935 969 5004 ἀδελφοῦ
992 4934 1153 4987 παῖδα
1169 4933 1394 5003 βασιλέα
1416 4935 1600 5005 σφίσιν
1620 4935 1775 4988 έϐουυ

215 5019 449 5081 ὶεὺσαντο
481 5027 811 5099 στήσασθαι·
836 5027 975 5081 ἀλλὰ
1003 5026 1166 5095 γνοὺς
1188 5026 1215 5078 6
1243 5026 1493 5096 Χοσρόης
1521 5027 1770 5097 Ζάμηνδί

216 5127 264 5165 τε
310 5117 395 5171 τὸν
462 5119 696 5188 ἀδελφὸν
750 5119 846 5172 καὶ
914 5119 1044 5180 τοὺς
1102 5115 1299 5180 ἄλλους
1351 5115 1617 5185 ἀδελφοὺς
1648 5116 1766 5187 ἅμα

1880 4574 2103 4643 ignobili
2127 4574 2267 4637 viro)
2296 4572 2648 4627 remiserunt.
2708 4570 2830 4625 Mox
2873 4571 3094 4639 utrique
3136 4568 3452 4637 imperatori

1877 4673 2099 4718 structa:
2120 4665 2331 4720 insidia:
2357 4680 2385 4718 a
2404 4664 2659 4718 subditis.
2697 4661 2971 4717 Chosroen
2991 4660 3232 4729 quidem,
3253 4668 3312 4713 ut
3339 4668 3456 4712 tur-

1881 4753 2089 4809 bulenti
2120 4753 2643 4824 intemperantisque
2680 4752 2879 4822 ingenii
2911 4751 3106 4812 virum,
3155 4748 3335 4803 Persae
3365 4748 3450 4801 in-

1881 4846 2055 4899 visum
2092 4860 2212 4897 cum
2236 4844 2458 4910 habent,
2496 4842 2751 4898 Cabadeu
2809 4841 2986 4895 Zama:
3018 4840 3206 4895 fratris
3235 4840 3353 4908 ejus
3385 4838 3452 4892 fi-

1877 4936 2034 4998 lium,
2069 4948 2249 5002 regem
2286 4933 2388 4987 sibi
2422 4932 2606 4986 facere
2625 4932 2987 4986 constituunt.
3045 4931 3162 4996 Quo
3204 4928 3445 4999 cognito,

1878 5027 2149 5082 Chosroes
2200 5024 2399 5080 Zamen
2444 5024 2594 5097 246
2626 5024 2874 5090 fratrem,
2933 5023 3278 5092 reliquosque
3328 5035 3452 5091 ger-

1877 5134 2091 5180 manos,
2124 5128 2180 5173 et
2210 5116 2602 5187 conjuratiouis
2624 5115 2806 5171 socios
2824 5124 3002 5170 necat.
3056 5115 3148 5171 Sic
3183 5112 3452 5182 tranquil-

1506 5272 1739 5328 VARUE
1780 5274 2187 5331 LECTIONES.

272 5412 310 5445 ⁸⁸
329 5412 385 5476 ὃς
411 5412 542 5466 add.
571 5412 638 5466 Δ,

220 5478 258 5511 ⁸⁸
280 5482 393 5536 οὔτε
437 5500 497 5546 ς’.

218 5547 255 5581 ⁸⁸
278 5555 349 5617 είς
379 5570 441 5617 ς.

222 5622 358 5688 μένον
387 5642 450 5687 ς.
528 5624 570 5655 ⁸¹
601 5623 782 5694 Ζάμον
822 5640 882 5687 ς.

744 5412 797 5483 ³⁷7
818 5412 989 5483 ταύτῃ
1014 5412 1411 5483 Hapograpbum
1454 5410 1720 5481 Stephani
1750 5431 1763 5468 :
1794 5414 2000 5482 ταύτης
2032 5433 2093 5478 ς.

609 5482 653 5558 ξι
694 5482 817 5558 επεὶ
855 5481 1088 5558 ἀφανῶς
1116 5481 1205 5558 ςιζι
1239 5481 1325 5558 ,ξ’
1357 5483 1553 5537 ὲνίκων
1583 5485 1792 5558 Πέρσαι
1840 5481 2187 5558 κατακρατος
2214 5504 2276 5551 ς.

518 5552 564 5584 δ’
588 5553 876 5616 Βανδίλους
901 5553 968 5607 Α.
1044 5552 1088 5584 ⁸⁷
1116 5551 1429 5621 φυλάξαντα
1460 5570 1522 5617 ς’.
1607 5551 1869 5623 δεβόλων.

2212 5417 2257 5448 ³⁸
2288 5415 2387 5486 τὸν
2430 5430 2539 5470 om.
2565 5417 2657 5486 A.7
2737 5416 2781 5449 ³⁵
2820 5415 2899 5486 τῷ
2930 5413 3115 5486 οἰκείῳ
3138 5442 3207 5486 -έ
3240 5412 3354 5483 λαῷ
3388 5429 3452 5477 ς’.

2377 5485 2421 5519 ’⁵³
2448 5485 2739 5565 ’ᾼΔζαρίθης
2760 5504 2824 5565 ς.
2872 5484 2881 5486 ἡ
2919 5485 2985 5565 f:
3004 5485 3141 5553 πρὸς
3173 5484 3246 5536 A:
3276 5486 3353 5544 εἰς
3388 5500 3450 5545 ς.

1962 5558 2006 5589 ⁸9
2029 5556 2289 5629 Δαγάρην
2319 5575 2376 5622 ς.
2471 5556 2516 5589 ⁸ο
2557 5556 2721 5611 αὐτοῦ
2755 5558 2814 5611 δὲ
2849 5556 2941 5610 καὶ
2962 5556 3151 5625 ἕτερον
3170 5568 3452 5623 κεκοσμη-

1741 5693 1972 5752 NOTAE.

277 5805 379 5876 (75)
412 5807 659 5880 Septimo
683 5810 894 5881 imperii
926 5826 1089 5876 anno,
1127 5811 1301 5883 inquit
1332 5811 1563 5885 Procop.
