4146 6412
666 358 764 427 131

1789 356 2048 417 ΡΗΟΤΙΙ
2088 353 2595 416 PATRIARCH/E
2639 354 2749 415 (ΞΡ.

3834 347 3937 414 132

666 472 782 526 lata
823 483 913 525 res
943 477 1049 536 est,
1081 469 1348 540 quiesque
1381 469 1528 525 data.
1561 468 1805 525 Cabadcs
1841 478 2044 532 tamen,
2076 468 2255 522 Zamae

2365 466 2465 520 τῶν
2519 467 2899 537 μετασχόντων
2930 465 2976 496 ⁸⁸
3026 464 3123 535 τῆς
3156 463 3351 536 βουλῆς
3382 464 3591 519 ἀνελὼν
3616 463 3715 537 τὴν
3736 466 3937 519 στάσιν

670 559 835 622 ﬁlius,
857 558 1147 613 admodum
1176 559 1522 623 adolescens,
1580 558 1866 629 prudentia
1903 555 2249 628 Chanarangi

668 649 1307 722 Adergi-Dubantaaﬁsj
1358 651 1558 706 caedem
1605 649 1815 720 ell'ugit,
1869 665 1976 722 quo
2036 649 2252 704 nomine

675 744 769 798 hic
813 752 1001 812 postea
1043 756 1071 794 a
1116 740 1360 796 Cltosroe
1405 749 1489 795 est
1534 742 1876 797 interfectus.
1943 739 2251 796 Iustiniano

673 848 889 903 quoque
918 834 1108 902 imper.
1162 832 1312 901 plebs
1381 832 1569 887 Romae
1610 833 1837 888 insidias
1887 832 2248 901 comparavit,

675 933 863 979 creato
932 925 1259 993 imperatore
1321 925 1561 996 (tametsi
1619 925 1960 994 repugnaret)
2021 922 2251 993 llypatio

680 1011 952 1071 Anastasii
987 1017 1127 1085 ejus,
1171 1017 1597 1085 quiimperarat,
1642 1016 1905 1085 patruele.
1947 1017 2070 1069 nat'a
2104 1016 2251 1071 sedi-

681 1107 849 1169 tione,
885 1115 1115 1174 ortoque
1143 1106 1376 1159 tumultu
1406 1122 1434 1160 e
1466 1107 1818 1161 contentione
1866 1106 2112 1160 ludorum
2142 1103 2255 1159 cir-
2301 1140 2305 1144 ~

680 1200 923 1252 censium
949 1197 1084 1266 (75).
1140 1196 1321 1251 Cmsar
1363 1197 1544 1266 itaque
1582 1195 1941 1261 Justinianus,
1985 1195 2248 1251 Bclisario

680 1300 734 1343 et
763 1289 959 1344 Mundo
991 1288 1216 1343 ducibus
1246 1304 1399 1353 usus,
1423 1289 1710 1359 Hypatium
1756 1288 1976 1354 occidit,
2028 1288 2253 1342 multos—

685 1396 790 1449 que
852 1381 1245 1447 conjurationis
1292 1381 1456 1449 hujus
1506 1382 1685 1435 socios
1711 1380 1953 1447 susutlit,
2005 1381 2164 1449 plane
2200 1388 2259 1435 ut

689 1473 891 1526 civium
925 1481 1051 1526 tunc
1069 1471 1132 1525 ad
1157 1472 1374 1540 triginta
1406 1471 1572 1524 millia
1603 1472 1977 1525 occubuerint.
2015 1472 2257 1541 Impera-

686 1567 788 1619 tori
814 1565 1088 1633 suppetias
1112 1564 1410 1619 all‘erebaut
1436 1564 1724 1629 Boraides,
1774 1574 1829 1619 et
1863 1563 2051 1619 Justus
2090 1564 2259 1619 Justi—

685 1658 832 1711 niani
874 1656 1062 1710 fratris
1096 1655 1261 1711 ﬁlius.

754 1834 811 1889 In
856 1849 920 1889 eo
958 1835 1075 1904 ipso
1125 1834 1266 1888 libro
1299 1842 1485 1888 narrat
1538 1834 1606 1888 de
1656 1832 2014 1901 Triboniano,
2078 1834 2170 1905 qui
2230 1849 2259 1890 e
2291 1844 2336 1900 Β

685 1923 998 1994 Pamphylia
1026 1938 1197 1991 genus
1217 1923 1396 1988 duxit,
1450 1932 1505 1977 et
1529 1924 1813 1992 quaestoris
1841 1939 2038 1979 munus
2102 1924 2258 1991 obiit,

685 2015 862 2084 deque
909 2015 1138 2067 avaritia
1192 2013 1454 2084 ejusdem,
1526 2029 1590 2069 ac
1647 2014 2123 2085 blandiloquentia.
2186 2015 2263 2071 De

685 2104 1047 2161 Joanneitem
1068 2106 1446 2176 Cappadocum
1476 2106 1734 2175 praefecto
1794 2106 2068 2175 praetorio,
2114 2107 2263 2178 ejus-

686 2213 795 2267 que
833 2197 990 2265 ,vitiis
1040 2196 1309 2265 plurimis.
1380 2197 1450 2252 Ut
1506 2198 1777 2253 Antonina
1832 2200 2079 2255 Belisarii
2129 2215 2264 2256 con-

684 2287 780 2358 jux
800 2301 893 2355 per
917 2285 1271 2356 Euphemiam
1302 2288 1465 2342 ﬁliam
1494 2288 1611 2357 ejus
1643 2290 1836 2345 callide
1870 2289 2137 2346 Joannem
2159 2293 2267 2347 cir-

689 2379 1045 2443 cumvenerit,
1104 2388 1159 2433 et
1190 2380 1414 2435 insidias
1443 2381 1758 2450 imperatori
1806 2392 2020 2439 struere
2059 2384 2265 2453 patefe-

690 2469 830 2522 cerit
863 2479 1070 2536 :utque
1109 2469 1349 2537 demum,
1383 2470 1616 2526 Eusebio
1656 2473 1839 2543 Cyzici
1893 2475 2151 2546 episcOpo
2197 2491 2261 2531 ex

693 2559 907 2613 insidiis
946 2560 1147 2626 occiso,
1189 2561 1338 2631 impii
1369 2563 1589 2619 sceleris
1619 2580 1844 2622 consors
1868 2568 2103 2630 habitus.
2144 2584 2266 2624 cor-

646 2680 665 2717 η
693 2653 1224 2721 porequazstionibus
1246 2657 1508 2722 cruciato,
1540 2658 1897 2716 inclementer
1935 2661 2149 2717 tandem
2201 2678 2265 2718 ac

694 2756 882 2797 severe
906 2744 1250 2816 proscriptus
1282 2747 1375 2801 sit.

764 3006 929 3063 Libro
971 3011 1210 3064 secundo
1261 3008 1457 3065 Rerum
1511 3010 1856 3069 Persicorum
1910 3016 2012 3071 ista
2076 3016 2261 3073 refert.

695 3098 970 3153 Chosroen
1010 3101 1209 3153 invidia
1236 3101 1593 3167 stimulatum,
1619 3104 1976 3173 quodAl‘rica:
2007 3106 2265 3161 ditionem

694 3186 926 3246 Romam
980 3202 1248 3256 tenerent,
1298 3195 1556 3263 pacisque
1596 3207 1880 3265 pr0pterea
1919 3197 2121 3252 lmdera
2158 3201 2267 3253 sol-
2292 3185 2335 3241 (ἶ

693 3296 821 3336 vere
846 3292 1147 3351 parantem,
1184 3285 1409 3352 Vitiges,
1467 3284 1790 3341 Gottliorum
1828 3304 1943 3355 rex,
1984 3305 2078 3358 per
2101 3289 2267 3359 Lign-

696 3388 787 3427 res
818 3379 1083 3441 quosdam
1112 3371 1341 3441 legatos,
1366 3374 1488 3427 dein
1519 3384 1574 3427 et
1605 3390 1700 3443 per
1736 3376 1999 3431 Basacutn
2027 3380 2268 3435 collocu-

697 3471 807 3524 tus,
851 3462 1026 3532 magis
1050 3461 1426 3518 inﬂammavit.
1462 3462 1580 3529 Quo
1599 3478 1720 3518 cum
1749 3466 1876 3521 item
1911 3477 2151 3538 tempore
2172 3469 2268 3524 Ar-

696 3551 861 3607 menii
892 3567 922 3606 a
960 3551 1223 3606 Romanis
1240 3552 1586 3619 defecissent,
1625 3554 1762 3610 Sitta
1792 3558 1931 3612 duce
1980 3564 2267 3629 pugnando

697 3644 1045 3712 interempto,
1083 3644 1378 3713 Persisque
1436 3661 1497 3700 se
1548 3649 1946 3715 permisissent,
2010 3665 2265 3722 perpetua

698 3736 813 3799 illa,
859 3744 1155 3800 utvocant,
1205 3739 1353 3804 pacis
1413 3736 1620 3793 fmdera
1677 3755 1928 3809 rumpere
1975 3742 2264 3808 Cltosroes,

694 3829 1004 3897 bellumque
1068 3844 1259 3899 gerere
1322 3834 1563 3886 animum
1617 3832 1849 3889 induxit.
1923 3833 2266 3894 Justinianus

697 3921 1024 3988 imperator,
1059 3935 1117 3974 re
1174 3923 1418 3989 cognita,
1473 3922 1821 3978 Anastasium
1876 3925 2108 3995 legatum
2168 3931 2269 3983 mi-

693 4012 765 4066 sit
807 4012 1077 4065 hortatum
1141 4027 1209 4067 ne
1273 4028 1459 4081 pacem
1507 4013 1764 4069 solveret.
1803 4015 2003 4071 Eadem
2066 4029 2268 4089 tempe-

694 4114 835 4159 state
871 4115 926 4159 et
972 4103 1178 4175 Vitiges
1206 4121 1235 4158 a
1276 4105 1542 4159 Belisario
1597 4117 1815 4176 captus,
1886 4110 2269 4168 Constantino-

694 4198 862 4266 polim
886 4208 969 4252 est
991 4200 1210 4254 missus.
1230 4199 1507 4253 Chosroes
1527 4198 1876 4255 nihilominus
1896 4201 2266 4261 Romanorum

699 4291 837 4343 lines
869 4289 1131 4346 invadens
1161 4291 1425 4345 Surorum
1447 4300 1703 4370 oppidum
1741 4300 1908 4367 cepit,
1930 4299 2269 4371 Surinosque

694 4378 748 4433 in
780 4380 1094 4435 servitutem
1129 4383 1374 4439 abduxit.
1405 4386 1557 4456 25a
1597 4387 1703 4442 Sed
1744 4388 1958 4443 tandem
2015 4389 2265 4444 undecim

2362 560 2593 613 ἔπαυσε.
2653 557 2911 627 Καϐάδης
2966 556 3022 610 δὲ
3053 558 3081 610 6
3112 558 3373 628 Ζάμου⁵⁸,
3428 558 3620 630 κομιδῇ
3683 558 3802 622 νέος
3838 558 3934 623 ὢν,

2352 652 2581 721 προνοίᾳ
2636 650 3000 720 Χαναράγγου
3061 648 3426 718 τοῢἋδέργου
3459 648 3760 703 Δουϐἀνδου
3788 648 3838 680 ⁸⁸
3859 648 3938 700 δι-

2365 743 2536 812 έφυγε
2578 742 2670 795 τὸν
2735 743 2999 797 Θάνατονο
3058 742 3151 796 καὶ⁵
3210 742 3237 794 6
3292 741 3660 811 Χαναράγγης
3712 739 3938 809 ὕστερον

2354 834 2443 888 διὰ
2502 832 2716 886 τοῦτο⁸⁶
2748 833 2852 885 ὑπὸ
2884 833 3127 904 Χοσρόου
3157 832 3449 903 ἀνῄρηται.
3498 829 3936 884 ἰουστινιανδν1⁵⁸

2354 924 2414 978 δέ
2440 926 2467 976 6
2500 924 2670 995 δῆμος
2707 923 3076 976 ἐπιϐουλεύων
3128 922 3392 975 ’Υπάτιον
3425 923 3647 984 ἄκοντα,
3668 921 3760 973 τὸν
3791 921 3943 974 Ἀνα-

2359 1015 2579 1067 στασίου
2635 1015 2730 1067 τοῦ
2794 1013 3243 1084 βεϐασιλευκότος
3308 1013 3647 1081 ἀδελφιδοῦν,
3711 1012 3941 1082 βασιλέα

2360 1104 2509 1172 σφῶν
2544 1104 2999 1173 ἀνηγόρευσαν⁸⁷,
3028 1104 3327 1176 ἀρξάμενοι
3354 1104 3455 1172 τῆς
3514 1103 3811 1172 ἐπιϐουλῆς
3844 1104 3944 1157 καί⁸

2355 1195 2457 1264 τῆς
2513 1195 2754 1257 στάσεως
2789 1194 2895 1248 ἀπὸ
2936 1195 3034 1264 τῆς
3072 1197 3130 1248 ἐν
3159 1198 3273 1258 τοῖς
3314 1195 3696 1266 ἱπποδρομίοις
3729 1195 3941 1265 ἔριδος·

2361 1284 2613 1354 βασιλεὺς
2639 1284 2696 1337 δὲ
2722 1284 3131 1350 Ἰουστινιανδς,
3164 1284 3465 1354 Βελισαρίῳ
3486 1301 3547 1337 τε
3579 1284 3673 1337 καὶ
3713 1284 3946 1354 Μούνδῳ

2357 1378 2471 1438 τοῖς
2512 1378 2837 1447 στρατηγοῖς
2865 1374 3167 1445 χρώμενος,
3200 1376 3292 1428 τόν
3320 1392 3378 1428 τε
3420 1375 3682 1427 ’Υπάτιον
3723 1371 3946 1428 κᾶθεῖλε

2358 1469 2453 1522 καί¹
2507 1467 2736 1530 πολλοὺς
2775 1467 2883 1520 τῶν
2936 1466 3252 1519 στασιωτῶν
3302 1467 3534 1531 ἀνεῖλεν,
3576 1468 3703 1537 ἄχρι
3758 1469 3852 1521 καὶ
3888 1471 3947 1532 ἐς

2358 1564 2507 1631 τρεῖς
2541 1560 2808 1633 μυριάδας
2837 1560 2928 1612 τοῦ
2960 1559 3343 1628 ἀναιρεθέντος
3368 1558 3500 1612 λαοῦ
3538 1559 3946 1624 συντελοῦντος.

2361 1652 2740 1723 Συνέπραττον
2771 1652 2829 1705 δέ
2859 1650 2935 1722 τῷ
2966 1650 3179 1722 βασιλεῖ
3222 1650 3485 1721 Βοραῖδης
3504 1651 3549 1682 ⁸⁸
3575 1652 3668 1704 καὶ
3691 1651 3947 1717 Ἰοῦστος,

2359 1744 2410 1797 oi
2435 1743 2603 1797 αὑτοῦ
2632 1742 2866 1812 ἀνεψιοί.

2444 1836 2534 1888 Ἐν
2563 1832 2714 1904 αύτῷ
2729 1833 2787 1886 δὲ
2815 1833 2896 1903 τῷ
2925 1831 3069 1904 λόγῳ
3130 1832 3259 1903 περὶ
3305 1833 3681 1904 Τριϐωνιανοῦ
3742 1833 3836 1887 τοῦ
3872 1835 3942 1887 ἐκ

2363 1926 2690 1999 Παμφυλίας
2748 1926 3002 1989 ἕλκοντος
3061 1926 3124 1979 τὸ
3184 1927 3341 1995 γένος
3385 1924 3679 1990 διέξεισιν,
3734 1926 3795 1989 ὃς
3847 1927 3951 1997 τὴν

2363 2018 2686 2089 κυαίστορος
2703 2020 2747 2050 ³³
2773 2018 2982 2072 διεῖπεν
3040 2017 3236 2088 ἀρχὴν,
3308 2016 3437 2087 περί
3466 2034 3527 2070 τε
3547 2017 3649 2086 τῆς
3688 2017 3955 2089 φιλοχρη-

2366 2108 2570 2179 ματίας
2616 2108 2840 2177 καὶτῆς
2870 2107 3035 2177 ἄλλης
3086 2108 3364 2179 αἱμυλίας,
3407 2109 3657 2179 καὶπερὶ
3700 2107 3951 2162 Ἰωάννου

2362 2198 2458 2252 τοῦ
2476 2200 2720 2271 ἐπάρχου
2750 2200 2847 2253 τοῦ
2878 2200 2944 2252 ἐκ
2964 2199 3371 2265 Καππαδοκῶν,
3402 2201 3503 2271 τῆς
3519 2217 3579 2252 τε
3606 2199 3954 2271 πανουργίας

2365 2291 2460 2344 καὶ
2487 2291 2791 2361 ἀπληστίας
2816 2292 2913 2346 καὶ
2957 2291 3130 2362 μέθης
3163 2293 3258 2345 καὶ
3289 2293 3387 2362 τῆς
3412 2292 3579 2363 ἄλλης
3610 2294 3950 2363 κακότητος’

2364 2380 2514 2444 ὅπως
2546 2399 2606 2435 τε
2643 2382 2937 2435 ’Δντωνῖνα
2961 2384 2994 2451 ή
3027 2380 3122 2434 τοῦ
3153 2381 3471 2453 Βελισαρίου
3499 2381 3639 2453 γυνὴ
3661 2381 3731 2434 δι’
3759 2382 3951 2453 Εὐφηο

2369 2472 2499 2542 μίας
2529 2474 2627 2542 τῆς
2663 2472 2827 2526 αὐτοῦ
2865 2473 3137 2541 θυγατρὸς
3176 2474 3646 2544 φρεναπατήσασα
3688 2473 3954 2545 Ἰωάννην

2367 2563 2460 2635 [36
2490 2562 2579 2635 ἢ]
2604 2563 2886 2617 ἐπίϐουλον
2914 2563 3082 2629 ἔδειξε
3111 2564 3400 2633 βασιλέως,
3421 2566 3572 2628 ὅπως
3594 2581 3657 2618 τε
3689 2563 3947 2637 ὕστερον,

2366 2654 2628 2708 Εὐσεϐίου
2650 2654 2744 2707 τοῦ
2778 2653 3076 2708 ἐπισκόπου
3116 2654 3355 2718 Κυζίκου
3375 2656 3432 2721 ἐξ
3456 2656 3752 2727 ἐπιϐουλῆς
3790 2659 3956 2711 ἀναι-

2369 2748 2634 2819 ρεθέντος,
2661 2747 2927 2817 συνεργὸς
2952 2747 3275 2816 ὑπονοηθεὶς
3302 2748 3397 2802 τοῦ
3423 2750 3731 2820 μιάσματος
3747 2750 3953 2823 ᾐκίσθη

2364 2839 2426 2891 τὸ
2457 2838 2617 2906 σῶμα
2663 2839 2757 2892 καὶ
2790 2837 3002 2902 ἀκλεῶς
3019 2838 3064 2870 ⁶⁰
3103 2838 3289 2912 ἐξορίᾳ
3324 2842 3500 2912 πικρᾷ
3534 2842 3629 2895 καὶ
3662 2842 3957 2914 τελευταίᾳ

2366 2930 2664 3001 παρεδόθη.

2443 3023 2566 3076 Ὀτι
2594 3024 2653 3076 ἐν
2684 3020 2761 3093 τῷ
2787 3021 3025 3094 δευτέρῳ
3054 3023 3197 3093 λόγῳ
3228 3022 3482 3091 διέξεισιν
3532 3025 3681 3089 ὅπως
3718 3044 3779 3079 τε
3847 3028 3959 3082 Xo-

2370 3115 2539 3184 σρόην
2566 3113 2877 3184 μελετῶντα
2917 3113 3077 3167 λῦσαι
3108 3114 3207 3177 τὰς
3238 3114 3466 3179 σπονδὰς
3521 3115 3609 3169 διά
3638 3117 3737 3187 τὴν
3783 3119 3892 3172 τῶν
3910 3121 3956 3153 ⁸¹

2379 3207 2665 3277 Ῥωμαίων
2717 3208 2859 3262 κατά
2909 3207 3115 3278 Λιϐύην
3133 3208 3176 3239 ⁶¹
3202 3209 3563 3278 ἐπικράτειαν
3598 3209 3809 3281 (φθόνῳ
3837 3214 3954 3284 γάρ

2368 3298 2645 3367 ἐϐάλλετο)
2697 3300 3003 3369 Ούῒτιγιςυ
3053 3299 3083 3351 6
3129 3300 3237 3353 τῶν
3282 3301 3493 3354 Γότοων
3550 3301 3806 3372 βασιλεὺς
3863 3305 3959 3361 διά

2368 3406 2527 3443 τινων
2540 3390 2824 3460 Διγούρων
2846 3390 3370 3462 κοινολογησάμενος
3394 3393 3595 3463 μᾶλλον
3617 3395 3955 3467 ἐπώτρυνεν·

2368 3481 2488 3538 εἶτα
2524 3484 2618 3538 καὶ
2646 3484 2934 3538 Βασσάκου
2951 3485 2997 3516 ⁸⁸
3026 3485 3145 3555 ἃμα
3172 3486 3281 3539 τῶν
3327 3487 3633 3558 ’Δρμενίων
3665 3491 3950 3545 ἀποστάν-

2366 3593 2476 3629 των
2533 3576 2632 3645 μέν
2650 3578 2694 3609 ⁸⁸
2735 3576 3023 3647 Ῥωμαίων
3057 3577 3154 3629 καὶ
3206 3578 3400 3632 Σίτταν
3428 3580 3521 3633 τὸν
3552 3584 3865 3653 στρατηγὸν
3894 3587 3958 3639 ἐν

2371 3669 2520 3740 μάχῃ
2590 3669 2921 3735 ἀνελόντων,
3000 3669 3238 3739 Πέρσαις
3299 3671 3357 3723 δέ
3415 3676 3957 3745 προσχωρησάντων,

2367 3759 2467 3821 τὰς
2515 3759 2854 3829 ἀπεράντους
2902 3759 3140 3822 σπονδὰς
3160 3761 3204 3793 ⁸⁸
3233 3761 3577 3833 καλουμένας
3606 3764 3776 3829 λύσας
3844 3768 3960 3820 Χο-

2370 3851 2537 3920 σρόης
2555 3851 2810 3923 πολεμεῖν
2828 3852 2989 3921 ἔγνω,
3025 3851 3117 3924 [76
3144 3851 3239 3925 8.]
3272 3854 3649 3920 Ἰουστινιανὸς
3670 3858 3725 3911 δὲ
3761 3859 3959 3929 μαθὼν

2368 3943 2691 4012 παραίνεσιν
2719 3944 2867 4015 αύτῷ
2894 3944 2959 3997 δι’
2996 3945 3358 3998 Ἀναστασίου
3382 3950 3627 4018 προσῆγε
3655 3949 3731 4021 μὴ
3766 3969 3956 4024 παρα-

2370 4033 2639 4087 σπονδεῖν.
2685 4035 2773 4086 Ἐν
2791 4034 2965 4104 τούτῳ
3012 4036 3107 4087 καὶ
3138 4036 3387 4103 Ούϊτιγις
3408 4040 3760 4108 αἰχμάλωτος
3794 4047 3957 4115 παρά

2368 4124 2683 4195 Βελισαρίου
2729 4127 2809 4189 είς
2867 4125 3158 4190 Βυζάντιον
3200 4127 3546 4201 ἀνεπέμφθη.
3586 4133 3838 4205 Χοσρόης
3891 4139 3953 4191 δὲ

2367 4216 2435 4268 τὰ
2453 4216 2739 4285 Ῥωμαίων
2792 4216 2917 4286 ὅρια
2969 4216 3336 4286 καταδραμὼν
3400 4220 3500 4290 τὴν
3569 4221 3790 4294 Σούρων
3853 4226 3954 4279 πό-

2370 4305 2454 4358 λιν
2487 4303 2599 4359 εἷλε
2627 4308 2723 4360 καὶ
2757 4306 3035 4378 Σούρηνας
3055 4310 3098 4340 ⁵⁷
3155 4310 3611 4379 ἠνδραποδίσατο.
3683 4313 3962 4383 ’Ὕστερον

2376 4396 2559 4467 μέντοι
2621 4399 2701 4461 είς
2746 4398 3037 4469 δισχιλίους
3090 4399 3135 4432 ⁸⁸
3176 4401 3271 4455 καὶ
3329 4401 3556 4473 μυρίους
3617 4402 3779 4468 ὄντας
3827 4410 3963 4472 τοὺς

693 4470 1032 4537 captivorum
1069 4473 1236 4528 millia
1261 4477 1511 4532 ducentis
1552 4479 1731 4533 aureis
1754 4487 2090 4547 permutans,
2131 4479 2266 4534 libe-

2376 4489 2759 4559 αἰχμαλώτους
2810 4490 2956 4543 δυοῖν
2997 4491 3261 4561 ὁμολογίᾳ
3326 4470 3697 4563 κεντηναρίων
3740 4470 3961 4568 ἀφῆκεν

696 4575 787 4614 ros
844 4576 1036 4656 omnes
1061 4563 1288 4630 dimisit,
1335 4566 1580 4623 Candidu
1641 4569 1976 4638 SergiOpolis
2013 4568 2266 4639 episcopo

2376 4570 2641 4643 ἅπαντας,
2703 4580 2968 4634 Κανδίδου
3019 4581 3112 4633 τοῦ
3167 4582 3465 4636 ἐπισκόπου
3510 4563 3962 4656 Σεργιουπόλ-εως

693 4650 981 4718 pecuniam
1017 4652 1257 4720 pollicito
1289 4672 1304 4709 :
1337 4656 1429 4724 qui
1459 4672 1580 4712 cum
1628 4661 1910 4728 promissis
1945 4675 2048 4713 non
2079 4668 2269 4727 staret,

692 4738 761 4791 ad
824 4739 1027 4808 justam
1099 4742 1511 4801 dissolutionem
1571 4750 1799 4805 adactus
1848 4760 1949 4805 est.
2000 4750 2269 4807 Cliosroes

694 4830 817 4885 dein
843 4831 1166 4904 Hierapolim
1224 4837 1477 4895 obsidere
1532 4851 1794 4909 σωροί-σι,
1856 4858 1979 4897 cum
2038 4843 2115 4898 illi
2166 4844 2269 4899 Be-

695 4926 865 4980 rltaxe
898 4928 1184 4999 episcopus
1213 4932 1323 5003 (cui
1358 4934 1553 5005 Magno
1587 4938 1808 5007 nomen)
1833 4936 2011 5005 pondo
2058 4939 2267 5009 argenti

696 5015 803 5070 duo
836 5016 1002 5072 millia
1038 5024 1307 5090 promisit.
1370 5025 1544 5081 Solvit
1578 5027 1759 5097 itaque
1779 5027 2114 5084 obsidionem
2149 5045 2266 5096 rex,

2376 4669 2589 4723 ἐκτῖσαι
2614 4669 2676 4722 τὸ
2702 4670 2861 4739 χρέος
2904 4670 3279 4742 ὑποσχομένου
3313 4673 3357 4704 ⁸⁸
3379 4690 3392 4702 ·
3423 4675 3452 4727 6
3488 4675 3545 4727 δὲ
3574 4675 3675 4744 τῆς
3718 4678 3963 4750 ὑποσχέ-

2379 4777 2517 4823 σεως
2566 4760 2843 4833 ἀλογήσας
2889 4762 2988 4833 τὴν
3013 4762 3226 4817 δικαίαν
3291 4766 3681 4836 εἰσεπράττετο
3718 4769 3959 4827 ἔκτισιν.

2375 4852 2623 4923 Χοσρόης
2644 4852 2814 4924 δὲτὴν
2829 4853 2895 4905 ἰε
2905 4852 3130 4924 ράπολιν
3155 4854 3464 4924 πολιορκεῖν
3483 4856 3810 4926 ἀρξάμενος,
3834 4861 3964 4915 ἐπεὶ

2372 4942 2402 4995 ὁ
2439 4943 2667 5013 Βεροίας
2698 4944 2745 4976 ⁷⁸
2772 4944 2921 5016 αὐτῷ
2952 4944 3251 5008 ἐπίσκοπος
3277 4946 3520 5017 ἀργύρου
3551 4947 3766 5019 σταομὰ
3784 4950 3967 5022 δισχί-

2375 5034 2465 5087 λια
2495 5035 2669 5103 ἔθετο,
2691 5035 2902 5107 ἀπέστη
2948 5036 3047 5106 τῆς
3093 5037 3431 5108 πολιορκίας,
3477 5039 3828 5111 ὁμολογήσας
3862 5045 3965 5097 καὶ

1963 5181 2193 5237 νΑΒΙᾹΞ
2232 5184 2639 5243 LECTIONES.

769 5272 815 5346 θ’
855 5276 961 5335 τοῖς
991 5276 1323 5346 μετασχοῦσι
1359 5294 1417 5340 ς.
1528 5277 1574 5309 ⁸³
1606 5274 1790 5345 Ζαμοῦ
1820 5277 1885 5327 Δ.
1938 5294 1943 5301 ο

696 5343 756 5416 ξ’,
772 5344 1139 5414 ἀνηγόρευσεν
1171 5343 1237 5410 ξ’.
1336 5348 1384 5379 ⁵⁸
1418 5343 1779 5416 Βαραῖδηςῗςο

694 5411 839 5466 ϐύων
865 5411 958 5470 Α(
1046 5417 1091 5447 ⁸³
1117 5416 1146 5468 6
1197 5416 1460 5484 ’Υίττιγις
1501 5411 1562 5478 ζ’.

694 5484 740 5515 ⁸⁷
769 5484 942 5556 Σύρον
966 5514 1036 5526 -
1062 5486 1322 5557 Συρίνους
1363 5482 1423 5550 ς.
1514 5485 1560 5516 ⁸⁸
1602 5482 1803 5554 χιλίους
1837 5502 1897 5547 ς.

1997 5276 2044 5307 ⁵⁸
2073 5277 2368 5331 Δουνάντου
2411 5298 2472 5343 ς.

1667 5364 1690 5406 ς
1719 5364 1779 5408 ς.
1884 5348 1930 5379 ⁸⁸
1951 5345 2051 5416 τὴν
2084 5346 2179 5398 τοῦ
2205 5349 2557 5418 κοιαίστωρος
2578 5369 2638 5414 ς.

1667 5415 1712 5446 ⁸⁵
1731 5415 1981 5469 Βασάκου
2034 5416 2124 5467 ὅτε
2159 5417 2275 5469 ἅμα
2303 5436 2361 5469 ς.
2464 5420 2508 5450 ⁸⁵
2540 5422 2634 5469 μὲν

1977 5436 1981 5460 ι
2034 5434 2124 5467 οτε
2159 5434 2275 5485 αμα
2303 5436 2361 5481 ς.
2464 5434 2508 5450 ν’
2539 5434 2659 5491 μεν]
2691 5434 2791 5488 μεν
2850 5438 2959 5480 των
3004 5437 3026 5484 ς

1977 5484 2021 5516 ⁶⁹
2043 5485 2449 5556 ὑποσχουμένου
2484 5508 2544 5554 ς.
2604 5493 2648 5521 ’⁷⁸
2677 5490 2936 5560 Βερῤοίας
2967 5507 3026 5553 ς.

2569 5282 2614 5314 ⁸⁵
2645 5280 2731 5333 διὰ
2754 5281 2932 5353 ,τοῦτο
2989 5281 3214 5353 ὕστερον
3244 5301 3303 5347 ς.

2744 5352 2789 5382 ⁸ο
2811 5351 3050 5419 ἀνηλεῶς
3092 5351 3153 5416 ςί.

2464 5420 2508 5450 ⁸⁵
2539 5418 2659 5491 μὲν]
2691 5420 2791 5488 μὲν
2850 5418 2959 5491 τῶν
3004 5437 3065 5484 ς.

3399 5286 3445 5317 ⁸⁸
3492 5284 3861 5358 ’1ουστινιανῷ
3892 5309 3957 5356 ς.

3255 5354 3296 5385 ⁶¹
3329 5354 3435 5407 τῶν
3464 5356 3585 5408 add.
3620 5358 3683 5409 Α.
3783 5354 3838 5389 ⁶¹’
3860 5354 3964 5414 Λί-

3166 5422 3210 5453 ss
3236 5422 3576 5494 καλουμένας
3620 5427 3856 5493 σπονδὰς
3890 5448 3957 5496 ς.

2204 5598 2435 5659 NOTAE.

766 5690 878 5760 (‘74)
912 5708 932 5743 ι
963 5692 1110 5744 Adeo
1133 5688 1472 5760 Quadnbadi,
1510 5707 1529 5740 ι
1562 5688 1735 5760 cst_i_n
1766 5686 2029 5757 Procopio
2050 5690 2263 5746 Latino.

763 5757 876 5829 (75)
908 5757 1374 5830 Populusubique
1398 5759 1629 5813 l'actinnc
1659 5757 1859 5815 Veneta
1891 5770 1945 5815 et
1982 5760 2210 5817 Prasina
2241 5762 2447 5817 divisus
2477 5771 2613 5816 erat.
2652 5757 3022 5831 (Pnncorws.)
