4146 6406
160 358 324 421 -133

1338 353 1867 418 BIBLIOTHECA.
1902 380 1973 391 —
2015 355 2179 418 COD.
2223 355 2444 417 LXIII.

3368 352 3470 418 134

230 469 397 535 πάσης
444 462 746 534 ἀποστῆναι
776 463 877 531 τῆς
935 462 1128 533 Ἑῷος,
1167 463 1216 516 εἰ
1249 462 1381 517 δέκα
1430 463 1635 534 χρυσοῦ
1681 482 1796 518 κεν⁴

1910 465 2183 534 pollicitus
2236 465 2422 520 adth
2465 463 2612 519 omni
2666 462 2803 517 adeo
2841 461 3079 518 Orientis
3109 461 3479 518 Romanorum

230 558 441 626 τηνάρια
498 555 668 608 λάϐοι.
726 553 938 625 Βούζης
961 555 1016 607 δὲ
1046 557 1074 607 ὁ
1109 555 1207 624 τῆς
1248 554 1424 624 Ἕῲας
1456 557 1788 625 στρατηγὸς,

230 648 503 717 ἀξιόμαχον
534 645 724 697 ἑαυτὸν
756 645 858 698 οὐκ
893 645 1144 715 οἰόμενος
1181 645 1259 715 τῷ
1287 647 1529 717 Χοσρόῃ,
1558 643 1659 699 ῶδε
1684 648 1789 700 κά·

232 740 364 792 κεῖσε
394 736 816 807 περιεπλανᾶτο.
868 737 1118 806 Χοσρόης
1156 736 1215 789 δὲ
1238 736 1333 789 ἐπὶ
1363 737 1597 804 Βέροιαν
1629 756 1793 808 στρα-

231 829 409 891 τεύσας
435 829 555 899 ᾔτει
594 830 692 898 μὲν
719 827 891 880 πολλὰ
942 829 1222 899 χρήματα,
1262 827 1445 880 λαϐὼν
1470 830 1531 881 δέ
1553 830 1791 900 δισχίλια

232 918 429 987 σταθμὰ
456 920 718 990 ἀργυρίου
763 919 898 972 ἄλλα
941 918 1179 971 τοσαῦτα
1239 919 1681 989 προσεπεζήτει,
1716 922 1790 989 μὴ

229 1009 494 1063 διδούντων
547 1010 589 1039 ’ί
642 1009 697 1062 δὲ
750 1008 986 1080 ἰσχυρῶς
1026 1008 1359 1080 ἐπολιόρκει.
1405 1008 1515 1061 Τοῦ
1548 1010 1603 1062 δὲ
1640 1012 1792 1079 σφῶν

234 1099 512 1152 ἐπισκόπου
544 1100 989 1169 παραγενομένου
1028 1099 1070 1129 τ’
1092 1100 1303 1169 (Μέγας
1324 1096 1392 1169 ἦν
1422 1101 1591 1170 ὄνομα
1621 1102 1790 1172 αὐτῷ)

234 1191 316 1244 καὶ
340 1190 582 1260 Χοσρόην
598 1190 954 1259 λιπαροῦντος
985 1192 1111 1253 τοὺς
1137 1192 1235 1261 μὲν
1266 1193 1580 1262 Βεροιαίους
1607 1194 1794 1247 κακῶν

233 1278 442 1339 ἀπαθεῖς
478 1281 692 1348 ἀφῆκεν
724 1281 881 1344 ἱέναι,
916 1282 1024 1350 ὅπη
1069 1281 1222 1349 φίλον
1253 1283 1471 1353 ἑκάστῳ
1496 1284 1584 1352 εἴη
1610 1301 1625 1315 '
1657 1286 1705 1337 οί
1736 1284 1794 1337 δὲ

234 1368 541 1438 στρατιῶται
568 1371 619 1421 οἱ
650 1372 893 1423 πλεῖστοι
921 1371 1139 1435 ἑκόντες
1178 1372 1393 1425 εἵποντο
1427 1376 1795 1446 στρατευόμε-

232 1476 299 1510 νοι
334 1460 570 1533 Χοσρόῃ,
634 1462 717 1514 ὃτι
766 1463 963 1525 αὐτοὺς
991 1465 1018 1515 ὁ
1043 1462 1296 1532 βασιλεὺς
1340 1464 1450 1518 τῶν
1484 1467 1796 1533 συντάξεων

232 1553 523 1623 ἀπεστέρει,
579 1555 827 1625 Χοσρόης
870 1554 947 1616 δέ,
1012 1556 1136 1607 ἐπεὶ
1194 1558 1453 1627 χρήματα
1501 1560 1796 1629 Ἀντιοχεῖς

233 1645 443 1713 αἰτήσας
487 1646 591 1697 οὐκ
641 1646 854 1711 ἔλαϐεν,
908 1646 1220 1718 ἐπολιόρκει
1282 1648 1378 1719 τὴν
1429 1650 1794 1721 Ἀντιόχειαν

236 1731 461 1801 σφοδρῶς
477 1732 534 1785 δέ
553 1734 1024 1805 πολιορκουμένης
1041 1736 1364 1801 Θεόκτιστος
1379 1741 1473 1792 καὶ
1484 1740 1791 1811 Μελάτζης,

1903 557 2111 611 ditione
2145 570 2204 612 se
2243 572 2617 621 excessurum,
2642 556 2685 611 si
2724 555 2871 609 mille
2888 554 3005 608 auri
3039 555 3214 624 pondo
3244 562 3482 623 caperet.

1892 648 2107 703 Interea
2139 647 2334 713 Buzes,
2371 649 2476 703 dux
2529 647 2793 712 Orientis,
2822 648 3038 702 viribus
3090 648 3205 701 suis
3257 646 3484 712 dilIisus,

1894 754 2015 793 cum
2113 738 2355 794 Chosroe
2424 754 2667 810 pugnare
2742 739 3075 804 detrectans,
3131 739 3484 795 circumcirca

1892 832 2201 887 oberrabat.
2257 832 2400 903 Ergo
2433 832 2673 886 Berhoaae
2723 830 2943 885 admoto
2983 830 3252 893 exercitu,
3307 830 3481 885 Chos-

1893 938 2018 978 roes
2049 924 2396 993 pecuniarum
2466 922 2690 976 nimium
2725 926 2987 989 quantum
3028 921 3339 989 postulavit,
3392 936 3485 975 ac-

1895 1016 2177 1084 ceptisque
2206 1014 2393 1085 pondo
2440 1014 2649 1083 argenti
2687 1012 2923 1065 millibus
2962 1013 3196 1074 duobus,
3251 1012 3480 1065 altemm

1897 1116 2104 1160 tantum
2133 1106 2314 1175 exegit
2343 1125 2355 1160 :
2389 1120 2551 1174 quam
2583 1105 2711 1173 quia
2746 1104 2893 1157 cives
2927 1118 3195 1157 sutmnam
3222 1117 3327 1157 nou
3349 1117 3481 1171 pen-

1896 1198 2114 1262 debant,
2149 1197 2328 1252 valide
2350 1198 2537 1250 urbem
2592 1203 2885 1265 oppugnat.
2947 1195 3141 1247 Verqu
3185 1193 3482 1248 accedente

1896 1284 2094 1354 Magno
2137 1284 2318 1353 oppidi
2369 1284 2644 1352 episc0po,
2698 1291 2751 1334 et
2782 1282 3058 1336 Chosroen
3124 1280 3482 1348 deprecante,

1896 1376 2256 1430 Berhuzeuses
2275 1376 2540 1428 immunes
2576 1374 2883 1442 liberosque
2906 1374 3057 1425 abire
3089 1372 3357 1440 permisit,
3380 1387 3488 1441 quo

1878 1469 2126 1541 quisque
2177 1465 2354 1520 vellet.
2411 1466 2554 1519 llinc
2612 1464 2854 1533 plerique
2913 1464 3076 1517 etiam
3118 1463 3356 1515 militum
3418 1463 3487 1515 ad

1895 1560 2174 1614 Chosroen
2202 1573 2296 1611 sua
2350 1566 2547 1625 sponte
2587 1556 2943 1616 transierunt,
2994 1555 3138 1621 quod
3195 1554 3490 1623 stipendiis

1896 1664 1988 1703 eos
2013 1651 2309 1717 imperator
2344 1646 2671 1701 fraudasset.
2720 1645 2802 1699 Ab
2858 1644 3215 1699 Autiochenis
3235 1644 3490 1698 similiter

1900 1740 2184 1807 pecuniam
2220 1738 2493 1793 Chosroes
2522 1738 2820 1805 postulans,
2859 1753 2960 1791 nec
2992 1739 3309 1805 impetrans,
3339 1746 3489 1790 arcte

234 1821 335 1890 ἅμα
358 1821 463 1873 τῶν
493 1823 781 1892 ἑπομένων
800 1826 987 1889 αὐτοῖς
1009 1825 1118 1880 άπὸ
1148 1828 1244 1881 τοῦ
1277 1831 1512 1884 Λιϐάνου
1532 1849 1796 1904 στρατιω-

1898 1830 2243 1884 Antiochiam
2302 1830 2493 1885 cinxit.
2530 1829 2776 1898 Cumque
2813 1843 2906 1883 rex
2937 1837 3157 1898 urgeret
3188 1828 3485 1889 obsidium,

231 1910 348 1977 τῶν,
384 1913 772 1979 ὑπεξελθόντες
806 1916 1028 1985 ἔφυγον,
1063 1918 1158 1972 καὶ
1202 1919 1345 1973 οὕτω
1375 1922 1623 1994 Χοσρόης
1662 1925 1797 1978 ἀτα-

232 2002 507 2073 λαιπώρως
542 2006 876 2077 Ἀντιόχειαν
896 2012 1283 2082 παρεστήσατο
1298 2014 1537 2079 καὶτοὺς
1577 2018 1635 2069 ἐν
1657 2017 1794 2090 αὐτῇ

232 2093 664 2163 ἠνδραποδίσατο.
718 2099 1010 2166 Πρέσϐεων
1049 2102 1106 2155 δὲ
1154 2104 1288 2174 παρ’
1335 2104 1499 2159 αὑτὸν
1549 2107 1796 2177 ἡκόντων

243 2184 473 2238 Ἰωάννου
502 2205 566 2240 τε
593 2188 687 2242 τοῦ
724 2190 1005 2259 Ῥουφίνου
1025 2195 1121 2247 καὶ
1167 2194 1459 2250 Ἰουλιανοῦ
1482 2198 1576 2252 τοῦ
1616 2217 1799 2272 γραμ-

238 2275 434 2342 ματέως
496 2278 612 2332 τῶν
656 2281 1010 2355 ἀπορρήτων,
1055 2286 1152 2339 καὶ
1191 2288 1394 2359 πολλῆς
1425 2290 1797 2361 δικαιολογίας

234 2368 530 2437 ἁναμεταξὺ
555 2372 739 2426 αὐτῶν
759 2392 817 2427 τε
843 2376 937 2428 καὶ
960 2378 1200 2449 Χοσρόου
1222 2383 1620 2453 γεγενημένης,
1644 2386 1798 2452 τέλος

235 2455 462 2527 ἀλλήλοις
490 2461 799 2533 συνέϐησαν
824 2464 911 2533 ἐφ’
930 2458 974 2533 ᾧ
999 2467 1247 2538 Χοσρόην
1269 2473 1327 2524 ἐν
1360 2472 1456 2542 μὲν
1477 2472 1554 2543 τῷ
1585 2491 1801 2546 παραυ-

234 2546 344 2600 τίκα
364 2552 697 2621 κεντηνάρια
744 2557 1086 2626 πεντήκοντα
1119 2561 1273 2631 παρὰ
1292 2562 1337 2593 ⁷³
1390 2563 1677 2635 Ῥωμαίων
1702 2567 1801 2620 λα-

236 2636 401 2704 ϐόντα,
441 2642 611 2695 πέντε
643 2643 700 2696 δὲ
741 2647 1045 2717 φερόμενον
1063 2650 1305 2705 ἐπέτειον
1334 2654 1493 2709 άλλον
1521 2657 1567 2687 ⁷⁸
1594 2657 1799 2728 δασμὸν

236 2731 303 2793 είς
360 2733 445 2785 τὸν
491 2736 677 2789 πάντα
741 2739 935 2804 αἰῶνα,
984 2743 1155 2813 μηδὲν
1211 2746 1409 2810 αὐτοὺς
1459 2748 1800 2818 ἐργάσασθαι

239 2824 529 2894 περαιτέρω
574 2828 743 2881 κακόν
762 2843 774 2855 ·
809 2829 1071 2899 πρέσϐεις
1094 2849 1152 2885 τε
1175 2834 1337 2888 πάλιν
1361 2837 1509 2906 παρὰ
1534 2837 1801 2907 βασιλέως

240 2910 613 2983 στελλομένους
638 2920 735 2980 τὰς
770 2920 914 2989 ἀμφὶ
969 2924 1035 2992 τῇ
1067 2924 1262 2995 εἰρήνῃ
1292 2925 1339 2955 ⁷⁸
1372 2926 1604 2989 σπονδάς
1635 2929 1802 2998 ἐμϐε-

240 3002 651 3077 ϐαιωθήσεσθαι.
697 3010 860 3065 Ἀλλὰ
904 3016 1081 3068 καίτοι
1120 3016 1294 3070 ταῦτα
1323 3016 1413 3088 ['57
1441 3018 1534 3089 ιι]
1574 3019 1801 3089 θέμενος

1901 1920 2253 1975 Theoctistus
2305 1930 2360 1974 et
2435 1918 2716 1982 Mulatzes,
2777 1933 2880 1972 una
2928 1933 3050 1970 cum
3102 1918 3169 1972 iis
3220 1916 3487 1972 militibus

1900 2027 2039 2081 quos
2063 2027 2093 2066 a
2123 2011 2327 2066 Libano
2354 2026 2537 2067 secum
2562 2011 2850 2076 duxerant,
2881 2009 3019 2063 clam
3039 2009 3227 2063 urbem
3258 2008 3485 2078 egressi,

1907 2104 2193 2174 fugerunt.
2231 2104 2307 2158 Ita
2342 2104 2615 2159 Chosroes
2673 2102 2789 2157 sine
2814 2102 3001 2157 labore
3037 2101 3385 2155 Antiochiam
3419 2100 3489 2154 ad

1898 2197 2235 2252 deditionem
2254 2196 2536 2267 compulit,
2600 2196 2857 2264 civesque
2893 2193 2947 2249 in
2976 2194 3298 2247 servitutem
3329 2193 3489 2247 rede-

1900 2290 1976 2359 git
2004 2288 2138 2360 (76).
2199 2289 2332 2344 Inde
2357 2288 2521 2357 legati
2563 2287 2628 2342 ad
2653 2287 2803 2341 illum
2830 2285 3005 2350 missi,
3037 2283 3275 2340 Joannes
3307 2282 3487 2337 Ruﬁni

1900 2380 2068 2445 Illius,
2133 2390 2189 2435 et
2238 2378 2484 2435 Julianus
2520 2388 2856 2435 secretorqu
2898 2375 3079 2430 scriba
3131 2392 3145 2429 :
3187 2375 3485 2442 multisque

1900 2473 2046 2527 ultro
2067 2472 2318 2541 citroque
2337 2472 2404 2526 de
2425 2470 2598 2540 aequis
2620 2467 3031 2524 conditionibus
3056 2466 3255 2521 habitis
3276 2481 3489 2520 sermo-

1901 2564 2087 2628 nibus,
2127 2564 2347 2617 tandem
2405 2561 2660 2617 convenit
2692 2579 2705 2613 :
2743 2569 2801 2613 ut
2833 2559 3077 2613 Chosroe
3130 2557 3245 2626 (77)
3301 2557 3486 2612 statim

1901 2655 2135 2711 Romani
2231 2655 2474 2724 quinque
2518 2667 2809 2706 aureorum
2892 2650 3057 2704 millia
3110 2659 3485 2711 numerarent,

1902 2750 2233 2819 quingentos
2268 2762 2399 2800 vero
2426 2759 2621 2800 aureos
2653 2741 2969 2812 quotannis,
3030 2741 3217 2795 tributi
3251 2740 3484 2795 alterius

1902 2843 2146 2906 nomine,
2181 2849 2437 2909 perpetuo
2471 2837 2792 2907 penderent,
2828 2834 2959 2888 nihil
2998 2848 3058 2887 se
3083 2833 3340 2901 deinceps
3367 2847 3486 2883 nm-

1902 2934 2074 2989 lestize
2109 2932 2397 2985 allaturum
2441 2926 2777 2999 promittenti
2817 2942 2832 2977 :
2865 2934 3030 2993 utque
3082 2924 3231 2978 missi
3286 2923 3484 2976 iterum

1902 3025 1971 3079 ab
2001 3024 2332 3093 imperatore
2356 3020 2538 3091 legati,
2579 3020 2728 3088 pacis
2751 3026 3020 3073 conventa
3048 3015 3354 3068 ﬁrmarent.
3385 3011 3488 3067 Ve-

239 3095 485 3197 ξοσρόης,
509 3103 609 3197 ent
640 3120 699 3155 τε
728 3105 828 3176 τὴν
871 3107 1178 3177 Ἀπάμειαν
1230 3110 1318 3182 ᾔει
1357 3112 1428 3178 ⁷⁸,
1469 3113 1643 3183 Θωμᾶ
1676 3115 1796 3169 τότε

1904 3133 2021 3171 rum
2046 3116 2211 3170 etiam
2250 3114 2336 3169 bis
2377 3112 2450 3166 ita
2480 3111 2813 3181 compositis,
2857 3109 3130 3162 Chosroes
3187 3105 3484 3173 Apameam

239 3187 372 3255 ἀρχιε
382 3191 720 3258 ρατεύοντος,
746 3196 843 3247 καλ⁵
861 3197 1121 3268 χρήματα
1144 3200 1356 3270 μεγάλα
1372 3202 1761 3273 εἰσεπράττετο
1780 3220 1794 3235 ·

237 3275 370 3341 τέλος
406 3281 473 3333 τά
496 3298 561 3334 τε
624 3283 746 3353 ἱερά
798 3288 894 3338 καὶ
946 3288 1011 3341 τὰ
1052 3288 1380 3360 ἀναθήματα
1411 3291 1589 3345 πάντα
1617 3291 1799 3345 λαϐὼν

238 3367 394 3422 ἀπιὼν
425 3372 625 3442 ᾤχετο.
671 3376 757 3427 Ἐν
784 3370 828 3444 ᾧ
858 3379 1102 3450 καὶπερὶ
1155 3381 1265 3434 τῶν
1307 3383 1510 3452 τιμίων
1540 3384 1635 3437 καὶ
1658 3383 1799 3447 ζωο-

240 3459 387 3513 ποιῶν
409 3462 592 3529 ξύλων
647 3466 1222 3542 τεθαυματούργηται.
1268 3473 1496 3544 Εἴρηται
1530 3475 1627 3527 καὶ
1651 3475 1799 3539 ὅπως

239 3550 464 3625 Χοσρόης
507 3557 873 3629 ἱπποδρόμιον
918 3563 1036 3613 ἐκεῖ
1087 3563 1369 3616 ἐθεάσατο.
1407 3565 1543 3617 Ἀλλ’
1592 3566 1799 3620 ἐκεῖθεν

240 3639 464 3715 Χοορόης
498 3648 600 3699 ἐπί
640 3648 889 3704 Χαλκίδα
938 3652 1099 3706 πάλιν
1129 3654 1172 3684 ⁷⁷
1205 3654 1520 3725 ἐπορεύετο,
1561 3656 1702 3727 ὑπὲρ
1730 3652 1798 3727 ἦς

239 3728 318 3784 δύο
338 3732 513 3788 λαϐὼν
546 3740 881 3809 κεντηνάρια
919 3740 963 3772 ⁷⁸
1006 3743 1159 3814 παρὰ
1186 3744 1297 3797 τῶν
1336 3745 1627 3799 οἰκούντων
1659 3747 1797 3800 άπο-

241 3820 503 3895 λιόρκητον
533 3828 710 3883 εἴασε.
746 3832 855 3884 Καὶ
909 3833 1003 3885 ἐπὶ
1040 3834 1304 3887 Ἔδεσσαν
1337 3836 1393 3888 δὲ
1418 3836 1462 3867 ⁷⁸
1490 3837 1796 3906 πορευθεὶς,

241 3912 321 3965 δύο
341 3916 518 3971 λαϐὼν
549 3922 903 3993 κεντηνάρια,
928 3923 1041 3975 τισὶ
1061 3924 1118 3977 δὲ
1145 3926 1239 3978 καὶ
1267 3926 1614 3996 θεοσημείαις
1642 3928 1800 3981 ἀπει-

241 4001 423 4073 ληθεὶς,
476 4010 879 4081 άπολιόρκητον
931 4014 1081 4066 εἴασε
1120 4016 1404 4085 κάκείνην.
1459 4016 1607 4084 Αὕτη
1650 4019 1797 4085 ἐστὶν

244 4095 475 4164 Ἔδεσσα,
500 4095 615 4172 ἐν
638 4101 886 4171 Αὗγαρός
908 4120 969 4155 τε
996 4107 1090 4159 καὶ
1119 4106 1187 4158 τά
1203 4108 1330 4177 περὶ
1356 4106 1608 4179 Αύγαρον
1630 4108 1798 4163 πάλαι

243 4186 359 4254 πρὸς
414 4190 659 4260 Χριστοῦ
722 4193 997 4265 ἐπράχθη.
1056 4191 1225 4260 Οὗτος
1264 4197 1320 4251 δὲ
1363 4199 1392 4250 ὁ
1428 4197 1676 4269 Αῠγαρος
1705 4200 1799 4254 καὶ

242 4284 352 4352 παρ’
378 4285 698 4355 Αὔγουστον
748 4290 842 4344 τὸν
903 4294 1027 4346 τότε
1081 4294 1371 4366 Ῥωμαίων
1418 4298 1799 4370 αὐτοκράτορα

244 4379 618 4445 παραγεγονὼς
649 4380 800 4449 φίλος
837 4399 897 4436 τε
943 4386 1007 4448 ἐς
1053 4385 1123 4438 τὰ
1154 4387 1392 4456 μάλιστα
1431 4390 1794 4460 ἐχρημάτισε,

1901 3206 2201 3278 profectus,
2244 3205 2332 3259 ubi
2369 3203 2608 3258 Thomas
2630 3201 2917 3271 episcOpus
2950 3198 3296 3267 praesidebat,
3321 3210 3473 3264 mag-

1902 3312 2031 3352 nam
2062 3297 2111 3353 ei
2143 3296 2495 3364 pecuniarum
2527 3293 2635 3347 vim
2656 3289 2985 3361 impetravit,
3048 3302 3112 3342 ac
3156 3285 3369 3340 tandem
3396 3300 3485 3337 sa-

1899 3406 1993 3446 cra
2023 3389 2177 3453 vasa,
2232 3387 2562 3455 templisque
2587 3384 2836 3439 dedicata
2886 3381 3135 3433 universa
3164 3392 3351 3433 secum
3382 3391 3482 3429 au-

1900 3485 2101 3546 ferens,
2139 3479 2389 3534 discessit
2418 3494 2432 3531 :
2471 3478 2613 3530 inter
2646 3490 2764 3542 quae
2796 3474 2940 3529 circa
2960 3471 3250 3525 adorandae
3303 3483 3367 3524 ac
3396 3469 3480 3522 vi-

1899 3572 2074 3627 viﬁcze
2109 3570 2293 3626 crucis
2316 3569 2522 3637 liguuut
2558 3564 2882 3621 miraculum
2911 3563 3140 3631 contigit
3173 3559 3310 3631 (78).
3341 3557 3483 3613 Nar-

1900 3672 2054 3717 ratur
2083 3662 2246 3715 etiam
2273 3661 2428 3714 ludos
2455 3666 2740 3728 equestres
2771 3655 2967 3710 ibidem
2992 3661 3289 3721 spectasse.
3350 3650 3485 3705 Inde

1900 3754 1967 3809 ad
1990 3753 2302 3807 Chalcidem
2319 3750 2506 3805 urbem
2527 3764 2849 3820 progressus
2866 3759 2971 3812 est,
2990 3758 3041 3800 et
3057 3745 3163 3815 25
3177 3747 3204 3798 b
3230 3745 3484 3800 ducentis

1901 3845 2088 3900 aureis
2114 3846 2181 3899 ab
2215 3844 2411 3898 incolis
2469 3841 2700 3905 exactis,
2752 3842 2870 3895 sine
2901 3838 3181 3894 obsidione
3233 3837 3480 3892 recessit.

1902 3936 2064 3990 Venit
2094 3935 2220 3988 hinc
2259 3933 2546 4003 Edessam,
2582 3942 2636 3986 et
2670 3933 3000 3985 tantumdem
3029 3929 3284 3983 abstulit:
3318 3943 3381 3982 ac
3403 3928 3481 3983 si-

1902 4027 2024 4096 gnis
2046 4025 2375 4095 quihusdam
2410 4024 2610 4078 divinis
2634 4025 2945 4085 deterritus,
2979 4023 3119 4075 hanc
3146 4035 3362 4091 quoque
3392 4035 3484 4073 ur-

1900 4119 2023 4173 bem
2053 4133 2159 4170 non
2192 4116 2428 4172 obsedit.
2474 4114 2624 4185 (Haec
2655 4116 2856 4172 Edessa
2892 4116 2978 4169 illa
3001 4125 3084 4169 est
3117 4116 3169 4168 itt
3209 4130 3313 4183 qua
3370 4116 3481 4167 Au-

1899 4226 2063 4281 garus
2095 4210 2230 4281 (79),
2271 4224 2500 4280 qumque
2532 4210 2588 4264 in
2623 4210 2714 4265 illo
2734 4209 3038 4279 antiquitus
3073 4223 3171 4276 per
3199 4207 3476 4261 Christum

1900 4311 2117 4372 patrata
2149 4320 2165 4369 ;
2198 4301 2448 4371 idemque
2469 4302 2559 4357 hic
2606 4300 2878 4372 Augarus,
2925 4300 3015 4369 qui
3046 4302 3110 4354 ad
3147 4298 3476 4368 Augustum,

1905 4404 2032 4447 tunc
2069 4393 2437 4448 Romanorum
2470 4393 2853 4463 imperatorem
2882 4392 3178 4461 prolectus,
3210 4390 3384 4444 amico
3414 4403 3480 4443 eo

242 4466 443 4557 atate-iw
472 4472 530 4532 ἐς
560 4472 632 4524 τά
661 4474 835 4527 οἰκεῖα
884 4476 1145 4531 ἐπάνοδον
1178 4478 1344 4550 σοφίᾳ
1393 4482 1795 4552 κατεπράξατο.

1906 4488 1957 4541 in
1982 4487 2175 4557 primis
2203 4500 2356 4551 usus,
2387 4495 2446 4541 ut
2478 4487 2550 4540 illi
2583 4486 2649 4540 ad
2679 4500 2807 4540 suos
2847 4485 3025 4539 redire
3051 4482 3263 4537 nonnisi
3306 4480 3480 4535 soler-

253 4551 371 4643 ΪΔλλ*
403 4559 429 4610 ὅ
464 4576 531 4627 γε
564 4562 814 4634 Χοσρόης
847 4566 906 4632 ἐξ
937 4568 1192 4639 Ἐδέσσης
1221 4570 1441 4642 ἀπάρας
1485 4572 1799 4643 ἐπορεύετο.

242 4640 355 4733 Τότε
386 4649 478 4700 καὶ
506 4649 601 4721 [77
642 4651 737 4723 1L]
797 4654 1178 4723 Ἰουστινιανὸς
1239 4640 1447 4729 ἔγραψε
1497 4640 1611 4724 τοῖς
1676 4665 1806 4733 πρέ-

244 4732 424 4805 σϐεσιν,
446 4741 787 4797 ἐπιτελέσειν
804 4746 871 4799 τὰ
890 4750 1213 4805 συντεθέντα
1229 4751 1530 4823 ὁμολογῶν.
1556 4732 1803 4826 Χοσρόης

1903 4578 1974 4632 tia
1999 4576 2234 4646 quadam
2262 4576 2334 4629 sit
2363 4576 2592 4647 datum).
2617 4573 2723 4639 .Sic
2769 4574 2930 4643 igitur
2961 4573 3230 4628 Chosroes
3262 4569 3476 4624 Edessa

1900 4667 2172 4721 discessit.
2196 4666 2273 4720 Ea
2305 4668 2469 4722 ctiam
2503 4674 2822 4734 tempestate
2854 4663 3044 4731 legatis
3075 4660 3189 4715 suis
3209 4658 3477 4714 Justinia-

1901 4770 2005 4810 nus
2036 4755 2341 4825 rescripsit,
2396 4764 2643 4824 paratum
2694 4766 2754 4807 se
2801 4760 2957 4820 pacta
3013 4757 3276 4805 conventa
3327 4745 3477 4817 pacis

1499 4914 1730 4969 VARIAE
1770 4913 2176 4973 LECTIONES.

288 5015 327 5048 ⁷¹
348 5017 596 5075 διδόντων
630 5039 693 5086 ς.

244 5022 693 5114 ,ἕξιέξδένῖφζῖο
778 5022 1327 5114 ,ἶἚοέρατξναιξένου
1366 5029 1431 5081 eo
1578 5029 1754 5114 φρὶξ]
1793 5032 1927 5103 πρὸς
1951 5032 2019 5114 ἐξ·

312 5088 389 5159 ﬁat
414 5094 500 5146 A:
529 5092 619 5162 εἴη
643 5109 707 5158 ς.
778 5094 822 5128 ⁷⁷
855 5088 1008 5148 πόλίν
1036 5088 1104 5159 ’ς.
1165 5088 1225 5128 ’⁸⁸⁸
1256 5098 1585 5169 κεντηνάρια
1608 5088 1786 5155 λαϐὼν
1912 5088 1923 5092 ’
1951 5102 1995 5134 ⁷⁸
2033 5099 2092 5154 δὲ
2129 5102 2253 5156 add.
2290 5100 2355 5154 A.

2124 5030 2174 5063 "
2203 5029 2362 5085 ἄλλον
2393 5030 2438 5084 Α
2492 5046 2506 5082 :
2565 5026 2762 5099 μᾶλλον
2788 5044 2850 5092 ς.
2964 5025 3011 5057 ⁷⁸
3038 5023 3137 5097 τὴν
3160 5024 3385 5096 εἰρήνην
3407 5040 3471 5089 ς’.

1730 5214 1964 5272 ΝΟΤᾸΕ.

247 5320 836 5448 cemﬁddilpmcop.
875 5344 894 5379 ι
932 5327 1242 5399 Urbemque
1271 5341 1469 5402 praeter
1493 5332 1687 5404 templa
1710 5334 1792 5391 in-

1889 5339 2101 5410 juhare.

1966 5393 2079 5481 (79)
2104 5411 2180 5465 De
2208 5407 2403 5481 quo‘D.
2434 5405 2632 5481 Βία-ορ.
2672 5413 2808 5481 tom.
2843 5401 2883 5481 Ι,
2908 5401 2977 5481 ad
3000 5413 3089 5453 an.
3118 5393 3469 5481 Chr_._31,ex.

302 5460 402 5531 (77)
436 5464 506 5520 Ut
535 5463 806 5522 Chosroes
840 5466 893 5521 in
928 5483 1169 5538 praesens
1188 5470 1588 5541 {quinquaginta
1621 5472 1787 5529 millia
1895 5460 2482 5535 Da‘ma'sEendﬂlibatv
2552 5460 2786 5530 rOrt/wd.
2844 5460 2991 5541 Ιῖάεξ,
3052 5464 3311 5541 cap._l7,
3376 5466 3465 5518 ubi

248 5539 823 5620 992‘jwmgaureormn
863 5535 1500 5620 ἓξὲἰριὶάειηήυοέᾷιιιέξε
1528 5555 1789 5620 perpetuo
1891 5552 2174 5620 Ahagarus
2218 5545 2681 5620 nominaturuEt
2716 5544 2809 5620 lib.
2844 5535 2857 5595 i
2927 5535 3132 5620 Contra
3185 5535 3469 5620 [conamu-

505 5619 677 5740 usque
706 5620 803 5661 eos
833 5606 973 5662 ultra
998 5600 1246 5668 lacessat.
1281 5609 1399 5683 (Sic
1429 5600 1656 5680 Pro'cup'.
1680 5611 1787 5667 Vo-

305 5736 406 5804 (78)
434 5736 720 5800 Ζωοποιῶν
780 5744 973 5810 ξυλων.
1001 5747 1315 5817 Apparente
1360 5753 1596 5822 desuper
1648 5751 1788 5822 ignis

1891 5605 2042 5674 chos?
2072 5619 2268 5673 Euseb.
2318 5617 2413 5671 lib.
2446 5633 2494 5669 ο.
2548 5616 2631 5682 l3,
2696 5612 2971 5683 Agburus;
3031 5609 3153 5665 aliis
3205 5605 3460 5661 Acbarus.

1892 5688 2027 5746 Vide
2048 5699 2101 5745 et
2124 5687 2250 5744 Sur.
2294 5688 2360 5743 l6
2391 5688 2527 5758 Aug.
