4100 6470
242 429 321 493 137
1274 423 1798 484 BIBIJOTHECA.
1833 450 1904 460 ·-
1944 425 2107 486 COD.
2155 427 2355 488 LXIV.

3350 373 3450 495 13s;

242 547 264 598 ὁ
291 540 474 610 Περσῶν
500 534 749 604 ἀλλήλοις
775 531 979 596 ἔθεντο,
1016 533 1174 587 ἐλυσε
1205 533 1262 587 δὲ
1293 535 1540 606 Χοσρόης
1573 552 1633 586 τε
1666 535 1763 588 αὑ-

1869 551 2018 592 sroes
2044 539 2334 594 Persarum
2368 555 2462 594 rex
2517 539 2752 595 invicem
2799 543 3222 600 constituerant.
3260 547 3450 602 Solveo

236 633 307 697 τὸς
336 631 416 684 καὶ
453 627 726 687 Ἰουστῖνος
759 624 1002 694 διάδοχος
1048 619 1436 679 Ἰουστινιανοῦ
1462 627 1760 699 καταστὰς,

236 721 438 790 δευτέρου
460 717 608 780 ἔτους
637 716 736 785 τῆς
781 716 958 785 ἀρχῆς
1006 715 1157 786 αὐτῷ
1193 715 1285 788 [80
1304 715 1395 789 IL]
1430 721 1766 792 περαιουμέ-

234 833 304 868 νου
323 813 376 863 ’⁸.
415 811 731 880 Ἀρχόμενος
759 808 816 862 δέ
864 808 1116 861 ἐντεῦθεν
1157 809 1254 877 τῆς
1284 810 1527 882 ἱστορίας
1550 813 1764 866 κάτεισι

236 907 362 976 μέχρι
397 901 610 954 δεκάτου
657 899 813 964 ἔτους
840 900 1005 953 αὑτοῦ
1035 899 1131 952 τοῦ
1169 901 1432 970 πολέμου.
1472 903 1766 974 Μέμνηται

230 999 271 1050 δὲ
295 998 342 1048 ἐν
369 993 486 1064 nixis
517 991 595 1062 τῷ
619 991 822 1064 πρώτῳ
864 991 960 1044 τοῦ
996 991 1202 1062 βιϐλίου
1235 993 1379 1064 λόγῳ
1405 994 1499 1047 καὶ
1525 994 1597 1046 τά
1624 995 1765 1048 κατὰ

239 1085 562 1141 ἰουστινιανὸν
589 1084 874 1155 ἱστορῆσαι
893 1101 907 1114 '
940 1084 1002 1136 οὐ
1042 1084 1148 1160 μὴν
1168 1083 1306 1139 ἀλλὰ
1329 1084 1486 1156 δῆλός
1505 1088 1653 1139 ἐστιν
1685 1086 1762 1151 ὡς

232 1184 304 1234 καὶ
326 1178 501 1249 ἑφεξῆς
531 1178 640 1232 τῶν
664 1178 797 1230 δέκα
821 1178 996 1245 λόγων
1046 1177 1268 1247 ἐτέρους
1301 1179 1578 1244 συνέταξε.
1613 1179 1767 1244 Διέξ-

229 1295 310 1330 εισι
363 1277 412 1328 δὲ
449 1277 502 1326 ἐν
541 1275 642 1344 μὲν
667 1274 804 1344 τῷδε
828 1273 904 1343 τῷ
928 1274 1073 1345 λόγῳ
1115 1275 1264 1337 ὅπως
1299 1275 1353 1326 αἱ
1380 1274 1604 1327 σπονδαὶ
1637 1292 1766 1327 συν·

227 1366 470 1438 εχύθησαν,
524 1366 814 1419 Ἰουστίνου
866 1366 965 1436 μὲν
1033 1366 1123 1419 διὰ
1185 1367 1553 1437 Κομεντιόλου
1595 1368 1767 1420 Σουα-

225 1467 318 1518 νίαν
339 1463 472 1534 παρὰ
510 1464 758 1532 Χοσρόου
803 1463 1188 1524 ἀπαιτοῦντος.
1221 1463 1386 1516 αὑτοῦ
1421 1463 1478 1516 δέ
1516 1464 1766 1517 ὑποτιθε-

225 1559 372 1628 μένου,
395 1557 449 1609 οὐ
475 1555 664 1625 μέντοι
716 1554 989 1616 διδοῦντος
1018 1555 1086 1616 θ’,
1115 1555 1266 1618 ὅπως
1300 1572 1358 1607 τε
1383 1557 1415 1625 ἡ
1445 1556 1765 1609 Μεσοποτα-

225 1650 299 1719 μία
341 1650 474 1702 πᾶσα
531 1647 780 1718 ἐσείσθη,
831 1647 1120 1718 προοίμιον
1160 1647 1269 1702 τῶν
1315 1649 1765 1719 ἐπελευσομένων

222 1740 370 1795 κακῶν
397 1739 683 1810 γενομένη.

275 1834 376 1886 Ὀτι
408 1832 472 1885 τὰ
494 1835 510 1864 ¹
550 1834 691 1904 πρὸς
729 1828 900 1902 Εὗρον
930 1832 1131 1903 ἄνεμον
1162 1832 1256 1887 τοῦ
1295 1834 1560 1898 Τανάϊδος
1587 1835 1764 1906 Τοῦρ-

221 1943 288 1978 κοι
311 1925 570 1993 νέμονται,
603 1927 654 1977 οἱ
679 1926 848 1978 πάλαι
873 1926 1234 1994 Μασσαγέται
1262 1926 1282 1956 ³
1313 1923 1768 1994 καλούμενοι,οὒς

221 2011 384 2088 Πέρται
413 2019 587 2089 οἰκείᾳ
619 2019 843 2091 γλώσσῃ
875 2018 1278 2088 Κερμιχίωνὰς
1303 2035 1455 2088 φασι.
1483 2019 1589 2072 Καὶ
1615 2017 1769 2072 αὐτοὶ

217 2109 260 2161 δὲ
281 2112 328 2163 ἐν
354 2108 424 2177 τῷ
440 2111 562 2162 τότε
601 2111 751 2182 δῶρα
790 2113 882 2164 καὶ
907 2111 1166 2183 πρέσϐεις
1200 2111 1338 2180 πρὸς
1363 2110 1589 2183 βασιλέα
1633 2111 1768 2163 Ἰου-

219 2205 358 2278 mia?)
401 2202 669 2265 ἔστειλαν,
730 2204 977 2273 δεόμενοι
1025 2203 1102 2274 μὴ
1154 2203 1518 2268 ὑποδέξασθαι
1544 2203 1710 2256 αὑτὸν
1745 2201 1766 2233 ³

216 2294 314 2356 τοὺς
343 2292 592 2364 Ἀϐἀρους
617 2310 631 2323 ·
656 2296 684 2348 ὁ
704 2296 760 2348 δέ
776 2296 844 2349 τὰ
869 2295 1019 2367 δῶρα
1043 2295 1225 2349 λαϐὼν
1259 2295 1356 2349 καὶ
1385 2295 1768 2365 ἀντιφιλοφρο-

217 2386 484 2456 νησάμενος
507 2386 786 2439 ἀπέλυσεν
821 2389 904 2451 είς
926 2386 996 2440 τὰ
1034 2389 1229 2442 οἰκεῖα.
1273 2388 1396 2450 Τοῖς
1418 2387 1476 2440 δὲ
1515 2386 1766 2457 Ἀϐάροις

216 2477 403 2549 ὕστερον
433 2478 705 2544 ἐλθοῦσιν,
734 2480 829 2532 καὶ
854 2480 1154 2533 Παννονίαν
1181 2478 1514 2548 οἱκῆσαικαὶ
1539 2479 1766 2550 εἰρήνης

212 2571 360 2637 τυχεῖν
377 2569 678 2638 δεομένοις,
730 2569 818 2622 διὰ
856 2569 948 2622 τὸν
972 2569 1108 2640 πρὸς
1130 2569 1256 2631 τοὺς
1300 2567 1577 2638 Τοὺρκους
1607 2567 1766 2636 λόγον

213 2658 392 2723 καὶτὰς
419 2661 699 2730 συνθήκας
732 2660 833 2713 οὐκ
863 2661 1179 2716 ἐσπείσατο.

265 2750 368 2803 Ὀτι
394 2751 489 2821 τὴν
509 2750 629 2803 τῶν
657 2750 960 2820 σκωλήκων
990 2751 1207 2819 γένεσιν
1257 2751 1395 2823 ἀνὴρ
1426 2751 1642 2822 Πέρσης
1667 2751 1764 2822 βα-

213 2839 472 2904 σιλεύοντος
543 2841 928 2895 ἰουστινιανοῦ
982 2843 1039 2895 ἐν
1098 2841 1383 2912 Βυζαντίῳ
1448 2842 1762 2908 ὑπέδειξεν,

208 2934 330 2987 οὔπω
360 2936 631 3004 πρότερον
655 2936 1009 3007 ἐγνωσμένην
1059 2935 1375 3006 Ῥωμαίοις.
1417 2931 1583 3002 Οὗτος
1615 2937 1670 2990 δέ
1703 2938 1766 2990 ἐκ

211 3028 364 3100 Σηρῶν
384 3031 654 3101 ὁρμηθεὶς
677 3033 705 3084 ὁ
742 3030 959 3102 Πέρσης
981 3029 1043 3082 τὸ
1070 3031 1296 3102 σπέρμα
1325 3030 1436 3083 τῶν
1466 3031 1766 3102 σκωλήκων

209 3122 251 3171 ἐν
276 3122 491 3192 νάρθηκι
558 3122 743 3176 λαϐὼν
779 3123 942 3193 μέχρι
995 3122 1295 3186 Βυζαντίου
1325 3122 1642 3187 διεσώσατο,
1674 3124 1766 3176 καὶ

209 3213 282 3266 τοῦ
302 3213 448 3284 ἔαρος
477 3213 796 3285 ἀρξαμένου
819 3215 912 3267 ἐπὶ
932 3215 1031 3285 τὴν
1064 3215 1272 3286 τροφὴν
1308 3215 1417 3268 τῶν
1449 3216 1764 3284 συκαμίνων

209 3307 386 3374 φύλλων
411 3311 675 3380 ἐπαφῆκε
708 3308 776 3361 τὰ
809 3309 1103 3379 σπέρματα
1127 3324 1140 3338 ·
1169 3308 1236 3362 τὰ
1257 3308 1313 3362 δὲ
1341 3310 1618 3377 τραφέντα
1656 3311 1770 3373 τοῖς

210 3397 392 3465 φύλλοις
439 3396 836 3468 ἐπτεροφύησέ
887 3414 947 3450 τε
979 3398 1073 3451 καὶ
1105 3393 1278 3450 τᾶλλα
1313 3397 1630 3468 εἰργάσατο.
1668 3391 1770 3452 Ὧν

206 3492 284 3558 τήν
309 3509 361 3545 τε
392 3494 616 3558 γένεσιν
653 3493 749 3544 καὶ
770 3491 869 3561 τὴν
902 3491 1166 3561 ἐργασίαν
1200 3493 1227 3545 ὁ
1259 3490 1512 3561 βασιλεὺς
1549 3493 1770 3546 Ἰουστί-

207 3600 276 3646 νος
295 3584 511 3654 ὕστερον
571 3587 686 3648 τοῖς
717 3585 983 3657 Τούρκοις
1013 3585 1300 3650 ὑποδείξας
1347 3585 1690 3655 ἐθάμϐησεν·
1719 3587 1768 3638 oi

204 3678 548 3749 τὰρΤοῦρκοι
607 3679 731 3731 τότε
761 3678 833 3731 τά
888 3695 948 3731 τε
990 3675 1182 3749 Σηρῶν
1237 3677 1484 3747 ἐμπόρια
1519 3677 1770 3740 καὶτοὺς

203 3765 390 3836 λιμένας
423 3771 707 3839 κατεῖχον.
742 3768 928 3823 Ταῦτα
984 3769 1040 3822 δὲ
1074 3768 1206 3840 πρὶν
1253 3769 1353 3839 μὲν
1399 3768 1606 3838 Πέρσαι
1635 3784 1770 3821 κατ-

203 3863 340 3929 εῖχον,
383 3861 735 3930 Ἐφθαλάνου
769 3862 828 3915 δὲ
870 3861 966 3914 τοῦ
1011 3860 1352 3930 Ἐφοαλιτῶν
1398 3859 1684 3930 βασιλέως,
1709 3857 1770 3924 ἐξ

205 3947 251 4004 οὗ
275 3955 434 4008 καὶτὸ
455 3957 622 4025 γένος
651 3955 778 4025 ἐσχε
807 3955 907 4025 τὴν
929 3955 1147 4024 κλῆσιν,
1167 3951 1413 4024 Περόζην
1436 3953 1530 4005 καὶ
1554 3951 1768 4022 Πέρσας

203 4049 496 4117 νικῆσαν-Μ
523 4048 888 4120 ἀφῃρέθησαν
915 4047 1014 4116 μὲν
1035 4045 1242 4100 τούτων
1263 4047 1309 4098 οί
1326 4045 1552 4115 Πέρσαι,
1579 4043 1772 4096 δεσπό-

205 4155 275 4190 ται
289 4141 339 4192 δὲ
353 4143 701 4210 κατέστησαν
717 4140 1050 4210 Ἐφθαλῑταιο
1073 4137 1165 4201 οὓς
1181 4137 1362 4208 μικρῷ
1380 4137 1504 4190 ὖστε
1515 4153 1604 4206 ρον
1620 4135 1768 4207 μάχῃ

201 4235 496 4302 νικήσαντες
549 4233 790 4303 Τοῦρκοι
832 4232 1052 4301 ἀφεῖλον
1087 4229 1147 4295 ἐξ
1187 4229 1367 4284 αὐτῶν
1426 4228 1522 4282 καὶ
1568 4226 1764 4283 ταῦτα.

267 4325 542 4389 ’1ουστῖνος
600 4324 660 4377 δέ
712 4326 1005 4394 Ζήμαρχον
1051 4325 1108 4386 ἐς
1157 4323 1284 4384 τοὺς
1317 4321 1596 4392 Τούρκους
1635 4319 1771 4391 πρέ-

202 4416 308 4469 σϐυν
359 4419 720 4472 ἀπέστειλενσ
788 4417 848 4480 ὃς
903 4418 999 4470 καὶ
1053 4416 1323 4488 λαμπρῶς
1390 4416 1648 4478 ἑστιάσας
1709 4431 1769 4466 τε

200 4513 303 4573 τοὺς
325 4512 611 4583 Τούρκους
641 4511 737 4564 καὶ
764 4513 824 4572 ἐς
851 4510 922 4564 τὰ
965 4509 1204 4580 μάλιστα
1260 4507 1680 4580 φιλοφρονηθεὶς
1713 4508 1770 4570 ἐς

196 4602 246 4652 τὸ
263 4600 552 4667 Βυζάντιον
591 4602 843 4673 ἐπανῄει.
899 4604 990 4656 Διὸ
1019 4603 1112 4656 καὶ
1140 4604 1168 4655 ό
1202 4602 1449 4670 Χοσρόης
1475 4602 1561 4653 ἐπ’
1588 4598 1769 4652 Αἰθίο-

199 4710 304 4756 πας,
337 4694 527 4762 φίλους
564 4695 729 4756 ὄντας
751 4693 1067 4764 Ῥωμαίοις,
1082 4694 1207 4758 τοὺς
1234 4693 1403 4747 πάλαι
1428 4693 1526 4762 μὲν
1545 4694 1770 4764 Μακρο-

196 4785 322 4850 ϐίους
344 4787 440 4841 νῦν
490 4788 554 4842 δὲ
613 4787 917 4857 Ὀμηρίτας
968 4786 1361 4857 καλουμένους,
1412 4787 1768 4855 ἐστράτευσε,

196 4877 275 4929 καὶ
295 4880 380 4931 τόν
404 4897 469 4932 τε
489 4881 514 4910 ⁸
546 4879 774 4950 βασιλέα
800 4880 909 4932 τῶν
940 4879 1080 4949 Ὀμη
1091 4877 1253 4948 ριτῶν
1278 4876 1662 4948 Σανατούρκην
1681 4876 1771 4930 διὰ

196 4968 462 5039 Μηράνους
495 4970 597 5024 τοῦ
631 4969 858 5040 Περσῶν
891 4969 1203 5042 στρατηγοῦ
1229 4968 1538 5040 ἐζώγρησε,
1581 4970 1683 5038 τήν
1708 4984 1771 5020 τε

195 5060 326 5114 ’ὠλιν
352 5063 544 5116 αὐτῶν
579 5062 940 5133 ἐξεπόρθησε,
963 5063 1058 5116 καὶ
1087 5063 1148 5116 τὸ
1175 5061 1328 5124 ἔθνος
1357 5061 1765 5132 παρεστήσατο.

195 5152 401 5218 Διέξεισι
430 5155 493 5208 δὲ
527 5157 626 5208 καὶ
673 5155 822 5217 ὅπως
865 5153 1143 5224 Ἀρμένιοι
1175 5153 1270 5226 [59
1304 5151 1394 5225 H.]
1431 5152 1538 5205 ὑπὸ
1560 5151 1769 5221 Σουρή-

197 5259 268 5295 νου
290 5246 308 5276 ⁸
329 5247 698 5316 κακούμενοι,
755 5247 850 5300 καὶ
898 5245 1134 5315 μάλιστα
1177 5245 1306 5316 περὶ
1337 5244 1435 5317 τὴν
1462 5242 1766 5309 εὐσέϐειαν,

1870 640 1991 684 rant
2017 645 2080 685 ea
2109 631 2382 688 Cltosroes
2431 632 2566 702 ipse,
2603 643 2658 687 et
2679 631 2930 688 Justinus
2964 635 3101 704 (84),
3154 636 3448 694 Justinlani

1863 719 1976 789 jam
2067 739 2373 789 successor,
2427 736 2667 780 exeunte
2738 726 2912 780 altero
2993 727 3205 797 imperii
3282 747 3448 787 anno.

1871 810 2007 867 llinc
2107 829 2239 883 ergo
2292 818 2663 869 narrationem
2745 818 3096 887 auspicatus,
3157 822 3331 890 pergit
3383 824 3451 879 ad

1869 921 2069 958 annum
2102 921 2269 973 usque
2293 907 2415 960 belli
2446 907 2739 961 decimum.
2769 907 3012 963 Meminit
3041 926 3169 964 vero
3198 911 3299 965 hoc
3332 911 3451 980 ipso

1869 997 2045 1066 primo
2099 997 2390 1053 voluminis
2445 998 2605 1063 libro,
2642 1001 2930 1068 scripsisse
2968 1017 3182 1071 quoque
3231 1018 3288 1058 se
3331 1021 3452 1072 qua:

1867 1092 1969 1144 sub
2001 1090 2307 1146 JuStiniano
2342 1100 2488 1162 gesta
2512 1103 2660 1156 sunt,
2691 1094 2798 1149 imo
2832 1105 2888 1149 et
2921 1094 3101 1166 plures
3117 1113 3240 1152 eum
3263 1097 3451 1151 det-ent

1869 1183 2019 1237 hisce
2067 1185 2415 1250 subjunxisse
2446 1185 2634 1249 libros,
2675 1187 2810 1242 satis
2860 1187 3148 1243 manifeste
3204 1199 3448 1259 apparet.

1869 1271 2068 1326 Narrat
2091 1284 2273 1328 autem
2300 1277 2582 1339 boclibro,
2623 1293 2729 1346 qua
2763 1281 2972 1334 ratione
3004 1292 3158 1349 pacta
3187 1291 3451 1336 conventa

1869 1364 1977 1416 sint
2035 1362 2321 1432 dissoluta,
2379 1382 2498 1421 cum
2548 1367 2797 1424 Justinus
2881 1386 2977 1439 per
3054 1371 3448 1427 Comentiolum

1870 1455 2127 1508 Suaniam
2159 1472 2187 1509 a
2217 1458 2458 1512 Chosroe
2513 1469 2804 1528 repeteret,
2834 1462 2947 1530 ipse
2981 1477 3106 1518 vero
3139 1465 3304 1519 verbo
3331 1465 3452 1533 qui-

1869 1545 1990 1600 dem
2024 1549 2393 1616 promitteret,
2443 1566 2549 1605 non
2588 1564 2767 1607 tamen
2816 1569 2875 1608 re
2933 1565 3234 1622 prmstaret.
3265 1556 3452 1610 Refert.

1869 1649 1923 1693 et
1954 1641 2005 1694 in
2032 1652 2144 1695 tota
2175 1642 2561 1713 Mesopotamia
2599 1657 2799 1701 terram
2817 1649 3077 1715 movisse,
3107 1648 3320 1704 initium
3363 1649 3450 1702 ni-

1869 1735 2066 1786 mirum
2112 1735 2508 1801 calamitatum,
2540 1754 2660 1808 quae
2685 1741 2989 1795 subsecuta:
3017 1753 3165 1796 sunt.

1943 1828 2003 1882 In
2035 1827 2257 1883 Oriente
2301 1831 2367 1884 ad
2423 1828 2650 1884 Tanaim
2675 1831 2835 1887 Turci
2859 1834 3079 1902 degunt,
3112 1833 3202 1903 qui
3273 1833 3448 1889 Masa-

1870 1931 2007 1991 geta:
2040 1923 2340 1992 antiquitus
2370 1923 2522 1987 dicti,
2556 1938 2586 1976 a
2640 1923 2824 1980 Persis
2854 1941 2950 1980 sua
2998 1927 3182 1996 lingua
3235 1925 3449 1982 Κατηιὲ-

1871 2013 2082 2066 Chiones
2099 2013 2459 2082 appellantur.
2486 2014 2549 2068 lli
2599 2024 2924 2085 tempestate
2960 2017 3062 2072 hac
3087 2019 3292 2090 legatos
3324 2037 3448 2076 cum

1870 2107 2190 2162 muneribus
2215 2107 2285 2162 ad
2324 2106 2596 2163 Justinum
2641 2109 2774 2179 imp.
2813 2109 3084 2178 legarunt,
3131 2127 3198 2166 ne
3241 2114 3452 2167 Abaros

1871 2201 2138 2268 reciperet
2166 2199 2538 2257 obsecrantes.
2573 2203 2668 2257 Ille
2711 2219 2935 2258 munera
2961 2203 3191 2260 libenter
3219 2205 3449 2276 accepii,

1869 2291 2129 2361 omnique
2159 2293 2294 2346 adeo
2337 2292 2728 2349 benevolentia:
2759 2305 2924 2364 atque
2955 2294 3306 2350 humanitatis
3360 2312 3454 2366 ge-

1871 2399 2005 2438 nere
2064 2385 2384 2453 complexus
2435 2386 2652 2440 domum
2705 2387 2936 2442 remisit.
2999 2388 3246 2456 Cumque
3286 2389 3450 2442 Abari

1870 2487 1996 2527 mox
2033 2474 2394 2530 accessissent
2429 2474 2540 2546 (qui
2602 2474 2940 2531 Pannoniam
2993 2477 3260 2544 habitare,
3293 2493 3454 2548 pace.

1869 2582 1976 2636 que
2000 2565 2109 2622 frui
2134 2567 2504 2623 Romanorum
2549 2569 2936 2640 precabantur)
2962 2572 3032 2625 ob
3084 2571 3267 2626 datam
3309 2570 3452 2625 Tur-

1869 2659 1950 2714 cis
1978 2659 2158 2723 fidem,
2179 2671 2475 2730 pactasqne
2499 2663 2864 2726 conditiones,
2884 2663 3152 2733 repulsam
3190 2665 3451 2720 tulerunt.

1941 2749 2272 2821 Bombycum
2311 2751 2428 2819 (85)
2482 2753 2750 2821 originem
2803 2755 2968 2810 homo
3013 2759 3230 2826 quidam
3259 2756 3451 2820 Persa,

1871 2842 2176 2899 Justiniano
2203 2845 2522 2912 imperante,
2543 2846 3012 2916 Constantinopoli
3044 2849 3302 2912 ostendit,
3324 2867 3454 2903 nuu-

1871 2951 2033 3004 quam
2063 2945 2222 2990 antea
2253 2935 2519 2991 Romanis
2551 2940 2846 3006 cognitam.
2879 2939 2976 2991 llic
3001 2939 3162 2995 Persa
3195 2956 3227 2996 e
3257 2941 3450 2996 Serum

1875 3029 2096 3098 regione
2118 3028 2418 3099 profectus,
2443 3031 2709 3084 vermium
2735 3045 2919 3084 semen
2965 3030 3135 3085 ferula
3161 3031 3450 3095 inclusum,

1871 3117 2394 3189 Constantinopolim
2431 3119 2642 3174 salvum
2673 3121 2982 3188 deportavit
3027 3121 3192 3192 26b,
3225 3137 3288 3176 ac
3327 3138 3455 3176 vete

1873 3205 2096 3260 ineunte
2126 3207 2176 3259 in
2209 3207 2527 3261 alimentum
2561 3210 2696 3264 mori
2729 3207 2872 3264 foliis
2903 3211 3112 3264 semina
3149 3212 3408 3282 imposuit
3435 3232 3449 3244 ο

1871 3312 1990 3363 qua:
2041 3296 2185 3352 foliis
2215 3299 2443 3362 nutrita,
2469 3309 2523 3353 et
2549 3301 2600 3353 in
2636 3300 2750 3357 alas
2779 3317 2839 3355 se
2883 3303 3196 3368 induerunt,
3226 3317 3280 3360 et
3319 3305 3454 3361 niire

1869 3399 2155 3457 ca-perunt
2180 3390 2415 3457 operari.
2453 3389 2596 3458 Ergo
2623 3391 2946 3463 bombycum
2972 3404 3173 3459 ortum,
3208 3399 3456 3451 texendi-

1870 3495 1975 3550 que
2009 3481 2299 3535 artificium
2333 3498 2454 3536 cuin
2480 3494 2603 3552 post
2642 3481 2840 3540 Turcis
2868 3485 3116 3543 Justinus
3148 3489 3454 3556 imperator

1869 3572 2220 3640 ostendisset,
2251 3575 2609 3630 vehementer
2623 3577 3024 3646 obstupuerunt
3056 3596 3071 3646 ;
3097 3597 3220 3634 nam
3257 3584 3450 3636 Serum

1872 3664 1945 3718 illi
1989 3675 2098 3718 tum
2153 3669 2395 3734 emporia
2442 3679 2740 3738 portusque
2793 3673 3068 3737 tenebant,
3119 3689 3240 3742 qua:
3277 3675 3455 3731 Persa:

1871 3757 2024 3825 prius
2080 3769 2382 3814 tenuerant.
2443 3760 2816 3826 Eplitlialanus
2857 3762 3002 3815 enim
3057 3763 3452 3834 Eplttalitarutn

1873 3863 1966 3900 rex
2001 3850 2176 3918 (aquo
2204 3860 2259 3902 et
2289 3849 2703 3917 appellationem
2733 3851 3046 3905 universum
3072 3868 3242 3921 genus
3266 3856 3453 3925 traxit)

1872 3939 2110 3994 Perozen
2169 3949 2224 3993 et
2273 3939 2467 3994 Persas
2492 3957 2614 3996 cum
2650 3942 2869 3997 vicisset
2901 3943 3041 4012 (86),
3072 3946 3312 3999 submoti
3371 3947 3456 4002 liis

1871 4034 2006 4088 locis
2055 4034 2258 4098 Persat,
2293 4051 2474 4088 rerum
2529 4051 2656 4088 Vero
2696 4036 2848 4104 potiti
2888 4047 3017 4090 sunt
3077 4037 3408 4106 prtltalita:
3435 4081 3452 4104 ,

1871 4141 2008 4195 quos
2031 4136 2154 4194 p0st
2184 4125 2341 4195 paulo
2377 4126 2542 4182 Turci
2567 4129 2754 4195 praelio
2786 4139 3132 4196 superantes,
3173 4130 3258 4185 liis
3286 4135 3452 4186 etiam

1871 4219 2067 4272 finibus
2102 4219 2447 4288 pepulerunt.

1940 4307 2188 4362 Justinus
2242 4307 2598 4362 Zemarclium
2638 4309 2704 4362 ad
2735 4307 2944 4364 Turcos
2997 4309 3234 4380 legatum
3270 4312 3454 4368 misit:

1872 4400 1962 4466 qui
1987 4411 2041 4452 et
2066 4399 2280 4468 publice
2327 4414 2420 4452 eos
2456 4400 2634 4468 epulis
2680 4401 2986 4470 excipiens,
3018 4403 3277 4472 omnique
3320 4406 3458 4458 adeo

1873 4492 2034 4546 ofﬁcii
2067 4507 2264 4562 genere
2297 4502 2576 4561 exceptus,
2617 4490 3146 4562 ConstantinOpolim
3197 4495 3458 4550 remissus

1799 4581 1847 4638 D
1873 4597 1976 4642 cst.
2007 4585 2370 4653 Quamobrem
2397 4586 2561 4640 etiam
2586 4586 2858 4642 Cbosroes
2886 4589 2936 4641 in
2965 4586 3271 4658 JEtbiOpas,
3307 4587 3461 4641 ami-

1873 4694 1968 4732 cos
1999 4677 2178 4747 populi
2203 4675 2430 4730 Romani
2487 4677 2636 4747 (olim
2685 4677 3008 4743 Macrobius,
3039 4682 3180 4732 nunc
3211 4675 3427 4732 Homeri
3453 4705 3462 4722 ν

1875 4780 1960 4824 tas
2018 4770 2338 4839 appellatos)
2394 4770 2792 4839 expeditionem
2851 4769 3112 4838 suscepit,
3170 4783 3461 4839 regemque

1876 4861 2279 4917 liomeritarum
2313 4863 2674 4928 Sanaturcen,
2697 4877 2862 4930 Opera
2897 4861 3134 4917 Meranis
3169 4861 3458 4918 Persarum

1878 4956 2053 5017 ducis,
2091 4956 2274 5008 vivum
2333 4954 2499 5022 cepit,
2536 4954 2782 5022 urbeque
2811 4968 3000 5008 eorum
3027 4954 3262 5024 direpta,
3307 4955 3462 5008 inco—

1877 5047 1957 5102 las
1985 5045 2314 5114 subjugavit.
2347 5045 2592 5098 Armenii
2625 5060 2654 5097 a
2691 5043 2887 5098 Surina
2917 5045 3054 5098 male
3081 5045 3286 5113 accepti
3317 5043 3462 5114 (ma-

1877 5145 2024 5198 xime
2071 5143 2124 5196 in
2179 5141 2396 5210 pietatis
2441 5139 2832 5210 religionisque
2901 5138 3138 5210 negotio)
3176 5140 3457 5204 Surinam,

1879 5240 2254 5311 coniuratione
2299 5237 2440 5292 facta
2505 5252 2603 5306 per
2644 5234 2979 5299 Vardanum,
3009 5235 3186 5305 (cujus
3235 5234 3458 5288 fratrem

1488 5380 1723 5437 VARUE
1764 5379 2172 5436 LECTIONES.

259 5496 300 5524 ”
327 5495 503 5549 αὐτοῦ
534 5494 604 5551 Α.
682 5498 729 5528 θ’
759 5496 992 5562 διδόντος
1037 5517 1096 5563 ς.

1181 5498 1319 5572 {eaq
1371 5499 1499 5556 libri
1543 5518 1626 5556 ετ.

201 5564 325 5628 pinos
345 5581 401 5623 et
419 5570 695 5639 Σουρίναν
752 5585 813 5632 ς.

1705 5502 1724 5531 ¹
1751 5499 2059 5569 μασαγέται
2109 5517 2168 5560 ς.

2265 5495 2493 5548 ⁸αὐτῶν
2547 5508 2631 5561 pr.
2685 5491 2751 5545 A.
2827 5489 2936 5542 ⁴τε
2970 5489 3096 5544 add.
3138 5490 3204 5542 Α.
3279 5489 3299 5518 ³
3333 5489 3465 5540 Zeu-

1715 5655 1941 5712 ΝΟΤᾸΞ.

258 5772 364 5844 (84)
385 5775 647 5828 Justinus
661 5774 867 5844 iunior.

258 5839 363 5916 (85)
398 5849 477 5900 De
501 5847 597 5899 his
627 5839 686 5916 ei
729 5844 1034 5916 TlteOphyl.
1076 5845 1381 5916 Simocatcs
1413 5841 1508 5896 lib.
1534 5856 1629 5907 vn,
1657 5839 1760 5900 inf.

202 5914 311 5969 cod.
345 5913 488 5972 'sec.
561 5925 615 5968 et
668 5913 899 5984 Procop.
958 5913 1050 5967 lib.
1111 5932 1204 5980 tv;
1271 5913 1498 5983 Nicepli.
1557 5928 1773 5982 queque

425 6008 711 6070 ΡΑτιιοι.
751 6007 869 6069 Gs.
902 6007 1066 6068 Clll.

1891 5769 1984 5824 lib.
2021 5785 2150 5822 xvtt.
2187 5785 2310 5837 cap.
2340 5771 2430 5824 52.

1947 5840 2056 5911 (86)
2085 5840 2218 5896 Vide
2247 5856 2399 5910 supr.
2435 5840 2665 5910 Procop.
2693 5841 2869 5910 princ.
2893 5841 3020 5897 cod.
3049 5840 3138 5894 63.

3071 6001 3110 6060 5
