4100 6456
597 340 695 403 139
1754 337 2015 398 PHOTII
2053 335 2216 396 ΡΑΤ]

2227 333 2556 394 UARCHZE
2595 335 2700 394 ΟΡ.
3745 336 3846 404 HO

593 450 896 505 Manuelem
923 449 1012 504 ille
1037 448 1415 519 interfecerat)
1448 459 1500 505 et
1526 449 1689 502 alium
1719 449 2006 518 quemdam
2031 447 2164 502 Ver-
2195 454 2212 506 l

2232 491 2236 505 ,
2265 445 2357 499 τόν
2385 463 2444 498 τε
2469 446 2748 516 Σουρήναν
2788 446 3068 516 ὁμοφρονή
3081 463 3271 511 σαντες
3301 447 3390 501 διὰ
3423 449 3757 521 Οὐαρδάνου,
3788 444 3851 506 οὗ

592 544 719 597 dum
776 543 1131 608 occiderunt;
1157 551 1212 597 et
1239 558 1266 595 a
1299 541 1479 598 Persis
1509 542 1824 597 deﬁcientes
1855 544 1922 596 ad
1964 542 2166 596 Roma-

2270 538 2361 592 τόν
2393 537 2622 607 ἀδελφὸν
2644 539 2904 611 Μανουὴλ
2931 539 3226 610 ἐτύγχανεν
3261 540 3483 603 ἀνελὼν,
3511 544 3606 596 καὶ
3639 543 3706 596 δι’
3734 545 3853 598 ἐτέ-

593 649 692 688 nos
725 635 1015 701 transiere,
1063 634 1366 704 relictoque
1415 635 1613 704 oppido
1638 635 1781 703 quod
1837 635 2165 698 incolebant,

2271 646 2367 700 ρου
2396 630 2540 694 τινὸς
2564 631 2808 702 Οὐάρδου
2858 631 3090 700 ἀνεῖλον,
3133 635 3227 686 καὶ
3261 634 3486 702 Περσῶν
3516 636 3853 700 ἀποστάντες

593 729 749 784 Dubii
781 729 1017 793 nomine,
1051 727 1104 782 itt
1132 727 1502 781 Romanorum
1539 729 1810 794 regionem
1838 729 2165 795 commigra-

2283 718 2576 791 Ῥωμαίοις
2640 722 3094 794 προσεχώρησαν,
3137 724 3200 777 τὸ
3239 725 3462 788 Δούϐιος
3495 727 3556 778 τὸ
3586 727 3849 798 πόλισμα,

591 830 738 876 runt.
797 821 977 888 Atque
1039 821 1153 874 baro
1191 819 1304 887 ipsa
1357 821 1698 888 potissimum
1767 835 1929 872 causa
1991 819 2168 872 Persis

2269 813 2325 864 ὲν
2354 805 2398 877 ᾧ
2423 810 2726 882 κατῴκουν,
2753 813 3111 876 ἀπολιπόντες
3143 815 3236 867 καὶ
3275 815 3411 886 πρὸς
3447 819 3517 869 τὰ
3561 816 3853 887 Ῥωμαίων

589 912 692 966 fuit
722 912 1004 981 rumpendi
1039 911 1281 975 fwderis,
1329 911 1775 980 induciarumque
1809 926 1929 963 cum
1961 908 2163 963 Roma-

2269 905 2376 974 ἤθη
2427 905 2752 974 γενόμενοι·
2792 905 2886 957 καὶ
2919 904 3077 958 τοῦτο
3111 906 3348 975 μάλιστα
3395 907 3586 976 γέγονε
3614 910 3714 977 τῆς
3743 909 3853 962 τῶν

591 1005 696 1059 nis.
741 1005 1094 1059 Descirerunt
1152 1013 1272 1071 post
1323 1005 1421 1058 hos
1451 1005 1633 1058 statim
1687 1005 1846 1056 etiam
1881 1002 2080 1066 lberes,
2111 1011 2166 1056 et

2270 996 2496 1065 Περσῶν
2523 997 2656 1066 πρὸς
2692 996 2998 1066 Ῥωμαίους
3019 997 3261 1050 σπονδῶν
3284 1000 3632 1063 καταλύσεως
3653 1003 3849 1056 αἴτιον.

591 1094 841 1166 Gorgene
899 1095 1046 1164 ipsos
1076 1093 1331 1155 ducente,
1359 1095 1425 1147 ad
1481 1093 1755 1148 Romanos
1808 1095 2162 1148 transierunt.

2283 1089 2622 1159 Ἀπέστησαν
2649 1089 2704 1143 δὲ
2734 1092 3046 1161 παραυτίκα
3075 1091 3169 1144 καὶ
3193 1092 3431 1161 Ἴϐηρες,
3451 1093 3546 1145 καὶ
3567 1094 3854 1164 προσεχώ-

589 1187 901 1259 Metropolis
935 1198 1116 1243 autem
1144 1187 1426 1243 Iberorum
1477 1186 1711 1256 Tipbilis
1763 1195 1890 1242 tunc
1916 1198 2054 1243 erat.

2273 1196 2445 1249 ρησαν
2488 1181 2804 1251 Ῥωμαίοις,
2847 1181 3145 1251 Γοργένους
3176 1181 3357 1234 αὐτῶν
3383 1184 3811 1253 ἡγεμονεύοντος
3832 1200 3847 1216 ’

2267 1267 2336 1342 ἦν
2386 1272 2445 1324 δὲ
2499 1271 2610 1325 τῶν
2663 1271 2888 1343 Ἰϐήρων
2941 1273 3062 1325 τότε
3102 1275 3135 1343 ἡ
3179 1274 3435 1342 Τίφιλιςθ
3489 1275 3847 1346 μητρόπολις.

657 1365 964 1421 Marcianus
1009 1366 1208 1420 Justini
1270 1366 1398 1435 imp.
1456 1366 1738 1435 patruelis,
1785 1366 2025 1423 Orientis
2057 1369 2165 1423 dux

2343 1363 2465 1417 Ὅτι
2488 1365 2804 1435 Μαρκιανὸς
2830 1366 2858 1418 6
2885 1363 2980 1418 τοῦ
3016 1364 3302 1420 Ἰουστίνου
3339 1365 3434 1419 τοῦ
3472 1366 3736 1437 βασιλέως
3761 1367 3850 1432 ἐξ·

581 1458 692 1528 jam
719 1461 1080 1522 renuntiatus,
1100 1461 1150 1513 in
1172 1460 1566 1527 expeditionem
1587 1462 1847 1516 adversus
1865 1461 2163 1528 Chosroeu,

2270 1457 2515 1527 ἀδελφος,
2545 1459 2642 1528 τῆς
2683 1458 2795 1510 Ἕω
2823 1457 3229 1529 χειροτονηθεὶς
3278 1462 3602 1529 στρατηγὸς,
3649 1460 3728 1524 εἰς
3757 1460 3849 1513 τὸν

583 1562 777 1604 oetavo
841 1553 968 1619 imp.
1029 1549 1226 1604 Justini
1291 1567 1421 1604 ann.
1493 1551 1688 1606 miSSus
1757 1563 1860 1609 est.
1929 1552 2166 1608 Joannes

2269 1549 2405 1621 πρὸς
2426 1551 2673 1620 Χοσρόην
2716 1550 2952 1620 πόλεμον
3012 1551 3186 1622 ὀγδόῳ
3237 1550 3347 1603 ἔτει
3406 1553 3505 1622 τῆς
3561 1551 3847 1606 Ἰουστίνου

584 1657 713 1695 vero
746 1643 1016 1698 Armenia:
1055 1643 1159 1696 dux
1181 1653 1233 1696 et
1281 1642 1528 1697 Meranes
1577 1645 1886 1708 Persarum,
1960 1647 2050 1715 qui
2111 1655 2166 1701 et

2269 1641 2545 1712 βασιλείας
2567 1641 3041 1706 ἐξαποστέλλεται.
3076 1641 3161 1712 [81
3196 1641 3286 1712 3.]
3316 1642 3572 1712 Ἰωάννης
3601 1644 3655 1697 δὲ
3693 1646 3720 1697 6
3749 1646 3850 1715 τῆς

583 1733 987 1798 Baramaanes,
1051 1735 1350 1788 exercitum
1424 1735 1764 1803 colligebant.
1844 1737 1908 1791 Et
1972 1740 2202 1807 Armc-I

2224 1800 2232 1807 _
2279 1734 2570 1804 Ἀρμενίας
2597 1734 2905 1804 στρατηγὸς
2935 1735 3030 1787 καὶ
3083 1735 3334 1805 Μιρανης
3355 1736 3374 1765 ⁷
3407 1737 3434 1788 ὁ
3459 1734 3566 1788 τῶν
3595 1736 3843 1807 Περσῶν,

584 1827 688 1880 n‘iis
753 1827 969 1896 quidem
1063 1826 1244 1881 socios
1313 1842 1371 1880 se
1453 1829 1896 1896 conjunxerunt,
1953 1798 2203 1894 Colchi,l

2228 1803 2236 1846 ⁵
2265 1829 2292 1879 ὁ
2321 1827 2415 1879 καὶ
2449 1827 2842 1897 Βαραμαάνης,
2876 1828 2975 1896 τὴν
3008 1828 3296 1898 στρατείαν
3330 1827 3702 1898 συνήθροιζον.
3737 1830 3847 1881 Καὶ

583 1918 808 1986 Altasgi,
857 1928 911 1971 et
958 1915 1160 1972 Saroes
1213 1933 1306 1971 rex
1357 1917 1653 1971 Alanorum
1695 1938 1706 1972 :
1763 1920 2000 1972 Mer-ante
2033 1935 2163 1974 vero

2263 1919 2376 1979 τοῖς
2413 1917 2512 1986 μὲν
2575 1917 2883 1986 Ἀρμενίοις
2935 1917 3272 1986 συνεμάχουν
3324 1917 3545 1986 Κόλχοι,
3589 1917 3846 1985 Ἀϐασγοὶ

583 2008 763 2062 Sabiri
792 2009 930 2079 (8‘7),
967 2019 1020 2062 et
1053 2011 1296 2079 [)aganes
1327 2023 1380 2064 et
1440 2009 1702 2064 Dilmaina
1737 2026 1889 2080 gens.
1929 2012 2163 2067 Marcia-

2265 2009 2357 2061 καὶ
2393 2009 2620 2080 Σαρώης
2651 2010 2672 2040 ⁸
2706 2009 2733 2062 6
2775 2008 3012 2062 Ἀλανῶν
3069 2008 3340 2078 βασιλεὺς,
3394 2008 3473 2078 τῷ
3511 2009 3567 2062 δὲ
3628 2010 3849 2081 Μιράνῃ

585 2117 686 2153 nus
717 2103 780 2153 ad
830 2101 1216 2154 Nisibenorum
1272 2101 1482 2164 urbem,
1524 2100 1692 2169 signis
1721 2101 1955 2168 eullatis,
1993 2101 2164 2156 Mera-

2266 2102 2486 2173 Σάϐιροι
2520 2105 2613 2155 καὶ
2640 2102 2880 2164 Δαγάνες
2907 2104 2926 2135 ⁹
2956 2103 3049 2155 καὶ
3077 2103 3137 2154 τὸ
3156 2102 3446 2172 Διλμαϊνὸν
3480 2102 3650 2164 ἔθνος.
3683 2103 3849 2155 Πολε-

584 2207 704 2246 nem
751 2193 806 2245 in
865 2192 1042 2263 fugam
1103 2193 1410 2247 convertit:
1446 2207 1620 2260 eoque
1684 2193 1871 2260 pra-lio
1940 2194 2084 2248 mille
2110 2205 2164 2249 et

2269 2199 2447 2268 μήσας
2477 2198 2518 2228 ¹⁰
2548 2197 2603 2249 δὲ
2625 2199 2652 2249 6
2681 2195 2999 2268 Μαρκιανὸς
3026 2195 3118 2247 τὸν
3145 2195 3396 2267 Μιράνην
3421 2195 3547 2264 περὶ
3575 2195 3671 2265 τὴν
3697 2196 3849 2248 Νισι-

581 2285 842 2340 ducentos
897 2285 1114 2348 cecidit,
1185 2285 1327 2354 27a
1389 2285 1539 2339 vivos
1599 2287 1740 2354 cepit
1801 2288 2160 2356 septuaginta,

2266 2289 2444 2362 ϐηνῶν
2475 2290 2519 2322 ¹¹
2548 2290 2704 2342 πόλιν
2735 2289 2897 2342 αὐτὸν
2926 2289 3022 2358 μὲν
3058 2291 3115 2352 ὲς
3171 2289 3351 2358 φυγὴν
3382 2287 3628 2358 ἔτρεψεν,
3672 2287 3848 2340 ἀνεῖλε

583 2377 848 2432 Romanis
870 2387 1081 2447 septem
1106 2379 1368 2433 duntaxat
1404 2378 1746 2432 desideratis.
1782 2377 1900 2433 Mox
1947 2379 2162 2434 Nisibe-

2263 2384 2320 2436 δὲ
2349 2385 2407 2435 ἐν
2437 2385 2503 2454 τῇ
2540 2384 2689 2453 μάχῃ
2737 2382 2942 2453 χιλίους
2987 2383 3081 2434 καὶ
3129 2381 3456 2444 διακοσίους,
3500 2382 3594 2434 καὶ
3647 2380 3848 2444 ζῶντες

582 2487 775 2526 norum
809 2472 1009 2526 moenia
1045 2470 1322 2526 obsidione
1351 2470 1842 2539 cinxit.‘Chosroes,
1875 2486 1931 2527 re
1956 2483 2164 2526 mature

2265 2473 2578 2545 ἐλήφθησαν
2604 2480 2680 2526 ο’·
2727 2472 3014 2543 Ῥωμαίων
3071 2471 3128 2524 δὲ
3183 2473 3372 2539 ἄνδρες
3413 2472 3454 2502 ³⁸
3503 2470 3851 2543 ἀνῃρέθησαν

583 2563 822 2631 cognita,
846 2562 1205 2630 quadraginta
1243 2562 1490 2629 equitum
1525 2563 1720 2625 millia,
1769 2563 2009 2632 peditum
2032 2577 2164 2616 vero

2266 2565 2309 2628 ζ’
2335 2584 2348 2598 ·
2379 2565 2688 2634 ἐπολιόρκει
2735 2582 2794 2618 τε
2854 2565 2955 2636 ἤδη
2984 2563 3074 2617 καὶ
3110 2565 3170 2617 τὸ
3195 2565 3304 2617 τῶν
3334 2565 3644 2636 Νισιϐηνῶν
3673 2564 3717 2594 ¹⁸
3739 2566 3852 2616 τεῖ-

584 2654 819 2724 amplius
845 2665 1064 2709 centum
1107 2655 1438 2718 conducens,
1474 2655 1733 2709 auxilium
1768 2655 1930 2719 ferre,
1953 2666 2007 2710 et
2039 2670 2162 2708 cmn

2265 2677 2379 2728 χος.
2427 2659 2676 2730 Χοσρόης
2721 2657 2777 2710 δὲ
2809 2656 2985 2709 ταῦτα
3041 2655 3229 2726 μαθὼν
3286 2657 3697 2726 τεσσαράκοντα
3749 2656 3850 2724 μὲν

583 2745 847 2802 Romanis
885 2745 1175 2814 conﬂigere
1241 2748 1570 2816 properavit.
1628 2747 1838 2801 interea
1874 2747 1978 2800 loci
2023 2747 2163 2816 apud

2266 2751 2511 2822 χιλιάδας
2553 2749 2764 2803 ίππέων
2795 2749 2858 2811 ⁸⁵,
2891 2747 3074 2812 πεζῶν
3119 2749 3176 2800 δὲ
3206 2747 3348 2818 ὑπὲρ
3373 2747 3472 2811 τὰς
3509 2747 3704 2800 ἑκατὸν
3726 2765 3854 2800 συν-

587 2840 978 2906 imperatorem
1011 2838 1318 2893 Marcianus
1349 2838 1588 2893 aﬂectati
1617 2839 1823 2907 imperii
1856 2848 2162 2903 accusatur,

2265 2845 2494 2915 ἀγείρας
2521 2843 2783 2914 ἠπείγετο
2804 2840 3017 2910 βοηθεῖν
3040 2841 3136 2893 καὶ
3159 2839 3420 2910 πολεμεῖν
3458 2839 3766 2909 Ῥωμαίους
3781 2839 3849 2894 ⁸⁸.
3873 2845 3875 2849 ’

585 2931 942 2986 etcalumnire
976 2930 1134 2984 Iidem
1169 2931 1436 2986 adhibens
1455 2930 1724 2997 Justinus,
1750 2930 2024 2984 exercitus
2041 2945 2163 2984 eum

2268 2937 2358 2989 Ἐν
2378 2934 2552 3004 τούτῳ
2579 2933 2634 2986 δὲ
2670 2930 3014 2986 διαϐάλλεται
3039 2932 3068 2980 ὁ
3090 2931 3407 2999 Μαρκιανὸς
3437 2928 3515 2999 τῷ
3535 2929 3747 2998 βασιλεῖ
3775 2930 3852 2993 ὼς

587 3025 819 3092 imperio
855 3025 1149 3090 submovit,
1179 3024 1637 3092 Tlteodorumque
1663 3023 1954 3079 .lustiniani
1994 3023 2163 3077 lilium

2268 3029 2407 3100 ἐρῶν
2454 3026 2789 3095 τυραννίδος,
2832 3024 2926 3077 καὶ
2965 3024 2993 3075 6
3034 3022 3290 3094 βασιλεὺς
3332 3023 3376 3054 ¹⁶
3413 3022 3655 3085 πεισθεὶς
3687 3021 3855 3075 αὐτὸν

585 3114 782 3168 Tzirou
835 3124 1216 3183 cognomento,
1271 3115 1505 3170 suliecit.
1536 3115 1672 3170 l-liuc
1714 3115 1946 3170 turbatis
1977 3114 2159 3180 rebus,
2192 3137 2204 3186 ε

2272 3119 2368 3188 μὲν
2391 3117 2667 3184 παρέλυσε
2693 3116 2792 3184 τῆς
2826 3113 3021 3183 ἀρχῆς,
3072 3112 3346 3182 Θεόδωρον
3377 3111 3856 3179 ἀντικαταστήσας

589 3208 816 3260 ittnnaui
858 3221 1078 3276 quoque
1118 3207 1459 3261 obsidionem
1494 3206 1793 3269 solverunt,
1821 3215 1878 3260 et
1898 3203 2165 3259 Cbosroes

2270 3211 2360 3263 τὸν
2390 3209 2482 3262 τοῦ
2511 3204 2886 3260 Ἰουστινιανοῦ
2927 3205 3120 3269 παῖδα,
3159 3204 3355 3274 Τζίρον
3389 3204 3639 3275 ἐπίκλην.
3689 3204 3855 3257 Ἀτα-

587 3304 755 3356 Daras
784 3310 1151 3370 oppugnatam
1189 3301 1374 3354 urbem
1405 3299 1453 3352 vi
1477 3299 1635 3368 cepit.

2269 3303 2389 3369 ξίας
2427 3301 2482 3354 δὲ
2511 3299 2599 3352 διὰ
2620 3299 2794 3352 ταῦτα
2821 3297 3108 3370 συμϐάσης
3147 3299 3246 3368 τῆς
3270 3315 3329 3351 τε
3367 3298 3686 3369 πολιορκίας
3723 3299 3859 3352 Ῥω-

2272 3396 2422 3464 μαῖοι
2444 3393 2768 3463 ἀπέσχοντο,
2795 3395 2888 3446 καὶ
2907 3393 3154 3464 Χοσρόης
3187 3392 3248 3445 τὸ
3273 3391 3454 3462 Δαρὰς
3484 3390 3859 3462 πολιορκήσας

2271 3487 2657 3557 παρεστήσατο
2691 3486 2755 3540 ¹⁷.

1298 3565 1456 3621 LXV.
2781 3587 2787 3594 '
2983 3576 3106 3631 ΞΕ’.

667 3658 1044 3729 Theophylacti
1075 3657 1364 3713 Simocatte
1405 3657 1768 3714 Historiarum
1810 3657 1931 3711 libri
1971 3674 2093 3713 vut.
2271 3680 2286 3727 ε

2271 3671 2699 3742 Θεοφυλάκτου
2752 3672 2871 3728 ἀπὸ
2931 3670 3218 3742 ἐπάρχων,
3271 3671 3371 3725 καὶ
3421 3668 3857 3740 ἀντιγραφέως,

2862 3745 3036 3811 λόγιοι
3079 3741 3253 3796 ὀκτώ.

654 3837 804 3893 Lecti
863 3845 990 3893 sunt
1035 3836 1421 3908 Theophylacti
1486 3835 1816 3905 expraal‘ecti,
1862 3844 1920 3891 et
1964 3835 2168 3890 Scriba:

2353 3837 2693 3908 Ἀνεγνὼσθη
2730 3835 3114 3906 Θεοφυλάκτου
3153 3837 3264 3889 ἀπὸ
3290 3835 3546 3904 ἐπάρχων
3579 3835 3670 3887 καὶ
3701 3835 3866 3887 ἀντι-

582 3937 707 3984 octo
736 3929 857 3983 libri
892 3927 1273 3982 Historiarum.
1305 3927 1399 3982 Est
1432 3927 1518 3982 hic
1543 3925 1976 3996 Tlteopltylactus
2007 3926 2167 3982 domo

2271 3932 2532 4001 γραφέως
2565 3931 2816 4001 ἱστοριῶν
2855 3929 3002 3998 λόγοι
3041 3927 3371 3982 ὀκτώ.Ἐστι
3400 3927 3456 3979 δὲ
3486 3919 3642 3988 οὗτος
3667 3928 3694 3979 ὁ
3722 3926 3867 3978 Θεο-

581 4021 896 4093 IEgyptius.
937 4021 1112 4075 Dictio
1145 4021 1288 4075 illius
1334 4019 1563 4076 Veneris
1596 4020 1801 4089 aliquid
1833 4020 2025 4091 babet,’
2060 4021 2164 4075 nisi

2271 4024 2542 4094 φύλακτος
2573 4021 2652 4093 τῷ
2694 4022 2842 4091 γένει
2901 4020 3219 4090 Αἰγύπτιος.
3288 4018 3351 4073 Ἠ
3413 4019 3595 4088 μέντοι
3649 4019 3865 4088 φράσις

580 4117 723 4184 quod
759 4115 1002 4184 liguratis
1029 4113 1270 4180 vocibus,
1303 4122 1358 4167 et
1382 4112 1687 4182 al—legoricis
1703 4111 1951 4167 sensibus
1983 4113 2166 4183 putide

2268 4117 2418 4187 αὑτῷ
2439 4116 2551 4187 ἔχει
2593 4115 2694 4186 μέν
2730 4133 2784 4168 τι
2815 4102 3036 4185 χάριτος
3057 4155 3072 4178 ,
3120 4113 3259 4182 πλήν
3285 4129 3349 4179 γε
3403 4111 3467 4181 δὴ
3500 4112 3533 4181 ή
3579 4110 3686 4163 τῶν
3717 4127 3865 4180 τρο-

581 4208 742 4261 nimis
798 4222 862 4261 ac
916 4205 1230 4274 frequenter
1261 4208 1327 4260 ad
1361 4205 1662 4260 satietatem
1722 4221 1875 4270 usus,
1911 4205 1962 4258 in
2011 4205 2164 4275 frigi-

2269 4209 2448 4262 πικῶν
2491 4207 2688 4272 λέξεων
2727 4208 2824 4260 καὶ
2875 4206 2974 4276 τῆς
3025 4204 3396 4277 ἀλληγορικῆς
3435 4203 3644 4264 ἐννοίας
3674 4218 3865 4255 κατα-

579 4304 800 4355 ditatem
847 4301 1135 4370 quamdam
1186 4314 1250 4352 ac
1278 4297 1548 4366 juveniles
1602 4297 1834 4365 ineptias
1872 4295 2161 4350 dilabatur.

2270 4299 2439 4369 κορὴς
2487 4298 2683 4367 χρῆσις
2734 4298 2816 4359 είς
2855 4296 3224 4367 ψυχρολογίαν
3273 4294 3396 4348 τινὰ
3444 4293 3540 4346 καὶ
3590 4293 3866 4362 νεανικὴν

577 4393 963 4448 Verumtamen
994 4401 1048 4445 et
1075 4391 1465 4444 sententiarum
1512 4389 1600 4442 illa
1633 4387 1935 4454 interjectio
1987 4387 2165 4439 minus

2268 4385 2662 4457 ἀπειροκαλίαν
2708 4386 3066 4456 ἀποτελευτᾷ.
3113 4386 3187 4438 υύ
3223 4385 3329 4456 μὴν
3359 4383 3496 4436 ἀλλὰ
3546 4382 3640 4435 καὶ
3675 4383 3708 4451 ὴ
3748 4382 3866 4452 τῆς

576 4496 898 4555 opportuna,
924 4484 1259 4554 diligentiam
1290 4482 1466 4551 arguit
1491 4492 1544 4535 et
1571 4483 1864 4547 Curiosam,
1886 4491 1941 4535 et
1975 4493 2166 4549 super-

2267 4482 2644 4552 γνωμολογίας
2683 4483 2783 4535 οὐκ
2824 4483 2882 4534 ὲν
2937 4482 3114 4552 καιρῷ
3164 4482 3485 4552 παρενθήκη
3530 4480 3865 4549 φιλοτιμίας

575 4595 890 4635 vacaneam.
939 4577 1145 4634 Cetera
1197 4577 1391 4642 bonus,
1446 4577 1498 4630 in
1531 4573 2006 4644 reprehensionem
2056 4585 2161 4624 non

2263 4579 2382 4631 ἐστὶ
2413 4576 2706 4648 περιέργου
2748 4575 2843 4629 καὶ
2884 4576 3167 4646 περιττῆς.
3199 4575 3280 4628 Τά
3333 4573 3379 4626 δ’
3417 4573 3553 4627 ἄλλα
3579 4570 3640 4625 οὔ
3680 4589 3733 4624 τι
3792 4574 3864 4635 ἐς

577 4673 826 4727 incurrit.
862 4671 1207 4741 {Auspicatur
1235 4667 1265 4721 ξι
1293 4666 1537 4720 Mauricii
1573 4665 1824 4734 imperio,
1877 4663 2163 4734 pergitque

2268 4670 2461 4740 μῶμον
2490 4668 2617 4738 ἥκει
2649 4668 2712 4721 ¹⁸.
2743 4668 3011 4739 Ἀρχεται
3034 4666 3091 4720 δὲ
3106 4666 3214 4722 ἀπὸ
3243 4666 3341 4736 τῆς
3367 4665 3541 4735 ἀρχῆς
3560 4663 3653 4716 τοῦ
3687 4666 3877 4718 Metu—-

578 4766 702 4818 dum
734 4763 942 4818 Pboeas
969 4769 1188 4818 creatus
1218 4760 1518 4829 imperator
1553 4769 1658 4814 est.

2270 4761 2482 4831 ρικίου,
2541 4761 2636 4813 καὶ
2710 4758 2924 4813 κάτεισι
2998 4759 3161 4831 μέχρι
3220 4761 3322 4829 τῆς
3374 4757 3538 4810 Φωκᾶ
3597 4757 3873 4828 ἀναρρή-

2274 4869 2430 4916 σεως.

645 4945 806 5002 Libro
832 4948 1009 5018 primo
1045 4946 1162 5001 haec
1194 4951 1384 5000 narrat
1412 4943 1525 5013 (88)
1555 4963 1568 4998 :
1613 4942 1905 5001 Mauricius
1938 4961 1966 4998 a
1995 4945 2159 5001 Tibe-

2353 4944 2440 4997 Ἐν
2471 4945 2569 5014 μὲν
2606 4938 2699 4997 οὗν
2723 4943 2801 5014 τῷ
2827 4943 3027 5014 πρώτῳ
3046 4943 3188 5013 λόγῳ
3206 4942 3460 5009 διέξεισιν
3484 4941 3627 5003 ὅπως
3646 4941 3673 4991 6
3694 4941 3879 4995 Mau-

575 5040 658 5094 rio
692 5049 816 5094 tunc
846 5041 1152 5110 imperante
1193 5035 1535 5091 renuntiatus
1579 5036 1872 5105 imperator
1912 5045 1996 5091 est
2023 5036 2158 5107 (89),

2274 5035 2444 5106 ρίκιος
2493 5035 2599 5088 ὑπὸ
2650 5035 2904 5106 Τιϐερίου
2975 5037 3068 5089 τοῦ
3139 5034 3404 5105 βασιλέως
3455 5032 3881 5104 ἀναγορεύεται

1884 5147 2121 5204 νΑιιιΑι
2161 5147 2573 5204 LECTIONES.

647 5249 1012 5319 ’τιφλὶςμςον
1066 5247 1086 5278 ⁷
1119 5242 1393 5319 Μηράνης
1425 5260 1489 5319 ς.
1569 5238 1821 5319 ξ’Σᾳρρης
1871 5257 1928 5304 ς.
2008 5240 2310 5319 ’.Δαϐἀνεςι
2350 5242 2445 5293 καὶ
2502 5241 2562 5319 r6
2617 5241 2968 5319 At).tpvrrtbv_
3009 5241 3276 5319 lfabb‘eus.
3338 5240 3401 5319 "°
3431 5239 3731 5319 πολεμίσας
3787 5261 3881 5319 ς.

578 5320 619 5351 ¹¹
662 5310 961 5372 Νιάιϐινῶν
991 5318 1055 5370 Α.
1131 5316 1174 5352 ³³
1202 5310 1322 5385 post
1352 5310 1545 5384 ἄνδρες
1571 5312 1621 5363 in
1655 5311 1698 5363 A
1729 5311 1922 5385 lacuna
1950 5311 2190 5385 quinque
2229 5312 2311 5385 vel
2351 5313 2844 5385 ‘sex‘litterarum.
2913 5313 2970 5385 _“
3006 5312 3296 5365 Νισιϐινῶν
3323 5310 3387 5365 Α.
3469 5312 3513 5342 ⁸⁵
3546 5311 3751 5385 ἱππέας
3784 5318 3882 5368 Α.

577 5391 621 5421 ¹⁵
661 5389 951 5460 Ῥωμαίοις
976 5407 1063 5460 ςιη
1113 5388 1156 5418 ⁸⁸
1174 5379 1269 5442 κά).
1297 5379 1566 5460 ,βασιλεὺς
1597 5379 1841 5444 πεισθεὶς
1969 5419 1983 5443 ,
2031 5382 2124 5434 καὶ
2156 5382 2402 5444 πεισθεὶς
2427 5385 2453 5434 6
2478 5381 2734 5452 βασιλεὺς
2766 5401 2826 5447 ς’.
2907 5383 2949 5414 ’⁷
2992 5394 3110 5453 pust
3138 5384 3522 5454 παρεστήσατο
3562 5383 3615 5434 in
3655 5382 3699 5433 A
3735 5397 3896 5435 ver-

575 5475 670 5517 sus
711 5453 1127 5530 quatuordecim
1152 5453 1330 5512 vacui.
1413 5454 1455 5486 ¹⁸
1478 5455 1604 5523 ῆκοι
1655 5469 1716 5515 ς.
1934 5453 1942 5463 '

925 5560 933 5572 ‘
2090 5546 2322 5603 ΝΟΤᾸΞ.

646 5644 758 5715 (87)
796 5643 956 5698 iidem
989 5645 1157 5704 forte,
1189 5645 1279 5713 qui
1313 5659 1433 5713 sup.
1467 5641 1654 5697 Saberi
1687 5656 1714 5695 a
1751 5640 1975 5715 Procop.
2007 5639 2158 5694 dicti.
2341 5641 2466 5715 (89)⁸
2487 5640 2615 5710 Ejus
2647 5641 2882 5695 nominis
2905 5640 2997 5705 1V,
3032 5655 3191 5715 quem
3219 5637 3581 5708 Jejunatorem
3617 5636 3908 5707 appella-

649 5711 762 5784 (88)
806 5715 1094 5784 Nicephor.
1127 5711 1598 5769 Callistus—eadem
1647 5721 1835 5768 narrat
1883 5711 1978 5767 lib.
2021 5725 2157 5766 xvnt
2271 5722 2415 5768 runt.
2451 5713 2522 5768 De
2559 5726 2666 5781 quo
2702 5727 2820 5781 sup.
2858 5726 3073 5781 quoque
3104 5711 3198 5764 lib.

573 5789 753 5843 eccles.
792 5785 1066 5854 Historia’,
1100 5803 1149 5842 c.
1183 5785 1269 5840 45.
