  <div class='ocr_page' id='page_1' title='image "/cluster/home/n/w/nwhite01/storage/ocr_20150623/103/hvd.32044018872861/078.png"; bbox 0 0 4146 6458; ppageno 0'>
   <div class='ocr_carea' id='block_1_1' title="bbox 274 364 370 428">
    <p class='ocr_par' dir='ltr' id='par_1_1' title="bbox 274 364 370 428">
     <span class='ocr_line' id='line_1_1' title="bbox 274 364 370 428; baseline -0.021 0"><span class='ocrx_word' id='word_1_1' title='bbox 274 364 370 428; x_wconf 69' lang='grc'><strong>141</strong></span> 
     </span>
    </p>
   </div>
   <div class='ocr_carea' id='block_1_2' title="bbox 1370 363 2442 431">
    <p class='ocr_par' dir='ltr' id='par_1_2' title="bbox 1370 363 2442 431">
     <span class='ocr_line' id='line_1_2' title="bbox 1370 363 2442 431; baseline -0.003 -6"><span class='ocrx_word' id='word_1_2' title='bbox 1370 367 1895 431; x_wconf 83' lang='lat' dir='ltr'><strong>BIBLIOTHECA:</strong></span> <span class='ocrx_word' id='word_1_3' title='bbox 1936 390 2007 401; x_wconf 88' lang='grc'><strong>-·</strong></span> <span class='ocrx_word' id='word_1_4' title='bbox 2044 364 2209 425; x_wconf 91' lang='lat' dir='ltr'><strong>COD.</strong></span> <span class='ocrx_word' id='word_1_5' title='bbox 2269 363 2442 425; x_wconf 86' lang='lat' dir='ltr'><strong>LXV.</strong></span> 
     </span>
    </p>
   </div>
   <div class='ocr_carea' id='block_1_3' title="bbox 3438 363 3538 425">
    <p class='ocr_par' dir='ltr' id='par_1_3' title="bbox 3438 363 3538 425">
     <span class='ocr_line' id='line_1_3' title="bbox 3438 363 3538 425; baseline -0.02 0"><span class='ocrx_word' id='word_1_6' title='bbox 3438 363 3538 425; x_wconf 71' lang='grc'><strong>142</strong></span> 
     </span>
    </p>
   </div>
   <div class='ocr_carea' id='block_1_4' title="bbox 265 472 1869 550">
    <p class='ocr_par' dir='ltr' id='par_1_4' title="bbox 265 476 1847 550">
     <span class='ocr_line' id='line_1_4' title="bbox 265 476 1847 550; baseline -0.001 -19"><span class='ocrx_word' id='word_1_7' title='bbox 265 476 545 549; x_wconf 81' lang='grc' dir='ltr'>βασιλεὺς,</span> <span class='ocrx_word' id='word_1_8' title='bbox 593 478 841 531; x_wconf 79' lang='grc' dir='ltr'>Ἰωάννου</span> <span class='ocrx_word' id='word_1_9' title='bbox 872 478 994 530; x_wconf 83' lang='grc' dir='ltr'>κατ’</span> <span class='ocrx_word' id='word_1_10' title='bbox 1024 478 1199 531; x_wconf 75' lang='grc' dir='ltr'>έκεῖνο</span> <span class='ocrx_word' id='word_1_11' title='bbox 1228 479 1421 550; x_wconf 83' lang='grc' dir='ltr'><strong>καιροῦ</strong></span> <span class='ocrx_word' id='word_1_12' title='bbox 1444 481 1544 549; x_wconf 77' lang='grc' dir='ltr'>τῆς</span> <span class='ocrx_word' id='word_1_13' title='bbox 1569 481 1847 531; x_wconf 83' lang='grc' dir='ltr'>Κωνσταν-</span> 
     </span>
    </p>
   </div>
   <div class='ocr_carea' id='block_1_5' title="bbox 1972 472 3543 550">
    <p class='ocr_par' dir='ltr' id='par_1_5' title="bbox 1972 472 3543 544">
     <span class='ocr_line' id='line_1_5' title="bbox 1972 472 3543 544; baseline 0.006 -23"><span class='ocrx_word' id='word_1_14' title='bbox 1972 475 2159 528; x_wconf 80' lang='lat' dir='ltr'><strong>Io:mne</strong></span> <span class='ocrx_word' id='word_1_15' title='bbox 2202 477 2390 528; x_wconf 84' lang='lat' dir='ltr'><strong>eadem</strong></span> <span class='ocrx_word' id='word_1_16' title='bbox 2424 482 2743 543; x_wconf 82' lang='lat' dir='ltr'><strong>tempestate</strong></span> <span class='ocrx_word' id='word_1_17' title='bbox 2787 472 3399 544; x_wconf 67' lang='lat' dir='ltr'><strong>Constantinopolitanre</strong></span> <span class='ocrx_word' id='word_1_18' title='bbox 3437 476 3543 530; x_wconf 85' lang='lat' dir='ltr'><strong>Ec-</strong></span> 
     </span>
    </p>
   </div>
   <div class='ocr_carea' id='block_1_6' title="bbox 262 565 1849 638">
    <p class='ocr_par' dir='ltr' id='par_1_6' title="bbox 262 565 1849 638">
     <span class='ocr_line' id='line_1_6' title="bbox 262 565 1849 638; baseline 0 -17"><span class='ocrx_word' id='word_1_19' title='bbox 262 565 1009 636; x_wconf 79' lang='grc' dir='ltr'>τινουπολιτῶνἘκκλησίας</span> <span class='ocrx_word' id='word_1_20' title='bbox 1055 569 1475 638; x_wconf 66' lang='grc' dir='ltr'><strong>προεστηκότος</strong></span> <span class='ocrx_word' id='word_1_21' title='bbox 1524 570 1624 621; x_wconf 81' lang='grc' dir='ltr'>ὅσα</span> <span class='ocrx_word' id='word_1_22' title='bbox 1661 586 1721 621; x_wconf 89' lang='grc' dir='ltr'><strong>τε</strong></span> <span class='ocrx_word' id='word_1_23' title='bbox 1769 570 1849 633; x_wconf 84' lang='grc' dir='ltr'>εἰς</span> 
     </span>
    </p>
   </div>
   <div class='ocr_carea' id='block_1_7' title="bbox 261 650 1847 731">
    <p class='ocr_par' dir='ltr' id='par_1_7' title="bbox 261 650 1847 731">
     <span class='ocr_line' id='line_1_7' title="bbox 261 650 1847 731; baseline -0.001 -20"><span class='ocrx_word' id='word_1_24' title='bbox 261 656 551 712; x_wconf 75' lang='grc' dir='ltr'><strong>νουθεσίαν</strong></span> <span class='ocrx_word' id='word_1_25' title='bbox 577 650 701 709; x_wconf 83' lang='grc' dir='ltr'>εἶπε</span> <span class='ocrx_word' id='word_1_26' title='bbox 727 656 1035 728; x_wconf 84' lang='grc' dir='ltr'>Μαυρικίου</span> <span class='ocrx_word' id='word_1_27' title='bbox 1055 695 1072 722; x_wconf 89' lang='grc'><strong>,</strong></span> <span class='ocrx_word' id='word_1_28' title='bbox 1112 656 1335 731; x_wconf 80' lang='grc' dir='ltr'>Ἰωάννῃ</span> <span class='ocrx_word' id='word_1_29' title='bbox 1381 656 1459 726; x_wconf 81' lang='grc' dir='ltr'>τῷ</span> <span class='ocrx_word' id='word_1_30' title='bbox 1489 657 1774 727; x_wconf 79' lang='grc' dir='ltr'>κυαὶστορι</span> <span class='ocrx_word' id='word_1_31' title='bbox 1804 657 1847 689; x_wconf 71' lang='grc' dir='ltr'><strong>ι’</strong></span> 
     </span>
    </p>
   </div>
   <div class='ocr_carea' id='block_1_8' title="bbox 262 746 1851 820">
    <p class='ocr_par' dir='ltr' id='par_1_8' title="bbox 262 746 1851 820">
     <span class='ocr_line' id='line_1_8' title="bbox 262 746 1851 820; baseline 0.001 -19"><span class='ocrx_word' id='word_1_32' title='bbox 262 747 554 819; x_wconf 84' lang='grc' dir='ltr'>χρώμενος</span> <span class='ocrx_word' id='word_1_33' title='bbox 616 746 875 819; x_wconf 81' lang='grc' dir='ltr'>ὑπουργῷ</span> <span class='ocrx_word' id='word_1_34' title='bbox 916 746 1027 801; x_wconf 83' lang='grc' dir='ltr'><strong>τῶν</strong></span> <span class='ocrx_word' id='word_1_35' title='bbox 1090 747 1287 816; x_wconf 77' lang='grc' dir='ltr'>λόγων,</span> <span class='ocrx_word' id='word_1_36' title='bbox 1323 749 1383 812; x_wconf 82' lang='grc' dir='ltr'>ὃς</span> <span class='ocrx_word' id='word_1_37' title='bbox 1416 749 1555 820; x_wconf 88' lang='grc' dir='ltr'>πρός</span> <span class='ocrx_word' id='word_1_38' title='bbox 1582 767 1642 801; x_wconf 79' lang='grc' dir='ltr'><strong>τε</strong></span> <span class='ocrx_word' id='word_1_39' title='bbox 1687 749 1851 802; x_wconf 79' lang='grc' dir='ltr'>αὑτὸν</span> 
     </span>
    </p>
   </div>
   <div class='ocr_carea' id='block_1_9' title="bbox 263 840 1851 912">
    <p class='ocr_par' dir='ltr' id='par_1_9' title="bbox 263 840 1851 912">
     <span class='ocr_line' id='line_1_9' title="bbox 263 840 1851 912; baseline 0 -17"><span class='ocrx_word' id='word_1_40' title='bbox 263 841 584 912; x_wconf 81' lang='grc' dir='ltr'>Μαυρίκιον</span> <span class='ocrx_word' id='word_1_41' title='bbox 625 840 841 894; x_wconf 76' lang='grc' dir='ltr'>καὶτὸν</span> <span class='ocrx_word' id='word_1_42' title='bbox 880 840 1053 911; x_wconf 77' lang='grc' dir='ltr'>δῆμον</span> <span class='ocrx_word' id='word_1_43' title='bbox 1090 840 1190 911; x_wconf 78' lang='grc' dir='ltr'><strong>τὴν</strong></span> <span class='ocrx_word' id='word_1_44' title='bbox 1247 842 1306 895; x_wconf 83' lang='grc' dir='ltr'>ὲν</span> <span class='ocrx_word' id='word_1_45' title='bbox 1334 840 1412 911; x_wconf 79' lang='grc' dir='ltr'><strong>τῷ</strong></span> <span class='ocrx_word' id='word_1_46' title='bbox 1469 841 1612 912; x_wconf 81' lang='grc' dir='ltr'>λόγῳ</span> <span class='ocrx_word' id='word_1_47' title='bbox 1650 842 1851 912; x_wconf 78' lang='grc' dir='ltr'>πρᾶξιν</span> 
     </span>
    </p>
   </div>
   <div class='ocr_carea' id='block_1_10' title="bbox 224 931 1853 1007">
    <p class='ocr_par' dir='ltr' id='par_1_10' title="bbox 224 931 1853 1007">
     <span class='ocr_line' id='line_1_10' title="bbox 224 931 1853 1007; baseline 0.002 -22"><span class='ocrx_word' id='word_1_48' title='bbox 224 980 227 1007; x_wconf 26' lang='grc' dir='ltr'><strong>ὲ</strong></span> <span class='ocrx_word' id='word_1_49' title='bbox 264 932 468 1003; x_wconf 80' lang='grc' dir='ltr'><strong>ἐτάχθη</strong></span> <span class='ocrx_word' id='word_1_50' title='bbox 513 931 758 1003; x_wconf 80' lang='grc' dir='ltr'><strong>πληροῦν</strong></span> <span class='ocrx_word' id='word_1_51' title='bbox 788 931 881 985; x_wconf 86' lang='grc' dir='ltr'><strong>τοῦ</strong></span> <span class='ocrx_word' id='word_1_52' title='bbox 944 932 1233 1002; x_wconf 86' lang='grc' dir='ltr'>βασιλέως·</span> <span class='ocrx_word' id='word_1_53' title='bbox 1278 934 1428 995; x_wconf 83' lang='grc' dir='ltr'>ὅπως</span> <span class='ocrx_word' id='word_1_54' title='bbox 1468 952 1529 987; x_wconf 89' lang='grc' dir='ltr'><strong>τε</strong></span> <span class='ocrx_word' id='word_1_55' title='bbox 1560 934 1711 1004; x_wconf 82' lang='grc' dir='ltr'>αὐτῷ</span> <span class='ocrx_word' id='word_1_56' title='bbox 1754 935 1853 1007; x_wconf 84' lang='grc' dir='ltr'>τὴν</span> 
     </span>
    </p>
   </div>
   <div class='ocr_carea' id='block_1_11' title="bbox 218 1025 1853 1098">
    <p class='ocr_par' dir='ltr' id='par_1_11' title="bbox 218 1025 1853 1098">
     <span class='ocr_line' id='line_1_11' title="bbox 218 1025 1853 1098; baseline 0.001 -21"><span class='ocrx_word' id='word_1_57' title='bbox 265 1025 543 1094; x_wconf 81' lang='grc' dir='ltr'>θυγατέρα</span> <span class='ocrx_word' id='word_1_58' title='bbox 576 1026 977 1097; x_wconf 81' lang='grc' dir='ltr'>κατενεγύησεν</span> <span class='ocrx_word' id='word_1_59' title='bbox 995 1027 1072 1058; x_wconf 73' lang='grc' dir='ltr'><strong>’θ’</strong></span> <span class='ocrx_word' id='word_1_60' title='bbox 1104 1028 1256 1090; x_wconf 80' lang='grc' dir='ltr'>ὅπως</span> <span class='ocrx_word' id='word_1_61' title='bbox 1283 1044 1345 1081; x_wconf 87' lang='grc' dir='ltr'><strong>τε</strong></span> <span class='ocrx_word' id='word_1_62' title='bbox 1366 1029 1433 1097; x_wconf 74' lang='grc' dir='ltr'>τῇ</span> <span class='ocrx_word' id='word_1_63' title='bbox 1464 1028 1728 1098; x_wconf 78' lang='grc' dir='ltr'>ὑστεραίᾳ</span> <span class='ocrx_word' id='word_1_64' title='bbox 1752 1029 1853 1097; x_wconf 85' lang='grc' dir='ltr'>τῆς</span> 
     </span>
    </p>
   </div>
   <div class='ocr_carea' id='block_1_12' title="bbox 265 1118 1851 1195">
    <p class='ocr_par' dir='ltr' id='par_1_12' title="bbox 265 1118 1851 1195">
     <span class='ocr_line' id='line_1_12' title="bbox 265 1118 1851 1195; baseline 0.001 -24"><span class='ocrx_word' id='word_1_65' title='bbox 265 1118 575 1188; x_wconf 72' lang='grc' dir='ltr'>Μαύρικίου</span> <span class='ocrx_word' id='word_1_66' title='bbox 625 1119 985 1190; x_wconf 78' lang='grc' dir='ltr'>ἀναρρήσεως</span> <span class='ocrx_word' id='word_1_67' title='bbox 1031 1120 1388 1192; x_wconf 78' lang='grc' dir='ltr'>ἐτελεύτησε,</span> <span class='ocrx_word' id='word_1_68' title='bbox 1425 1121 1521 1175; x_wconf 72' lang='grc' dir='ltr'><strong>καὶ</strong></span> <span class='ocrx_word' id='word_1_69' title='bbox 1555 1120 1632 1185; x_wconf 87' lang='grc' dir='ltr'>ὼς</span> <span class='ocrx_word' id='word_1_70' title='bbox 1661 1122 1851 1195; x_wconf 72' lang='grc' dir='ltr'>πρὶνῆ</span> 
     </span>
    </p>
   </div>
   <div class='ocr_carea' id='block_1_13' title="bbox 265 1207 1853 1285">
    <p class='ocr_par' dir='ltr' id='par_1_13' title="bbox 265 1207 1853 1285">
     <span class='ocr_line' id='line_1_13' title="bbox 265 1207 1853 1285; baseline 0.005 -25"><span class='ocrx_word' id='word_1_71' title='bbox 265 1210 765 1279; x_wconf 79' lang='grc' dir='ltr'>τελευτῆσαιαύτὺν</span> <span class='ocrx_word' id='word_1_72' title='bbox 794 1207 932 1266; x_wconf 75' lang='grc' dir='ltr'>εἶδεν</span> <span class='ocrx_word' id='word_1_73' title='bbox 953 1212 1078 1282; x_wconf 67' lang='grc' dir='ltr'>ὄψιν</span> <span class='ocrx_word' id='word_1_74' title='bbox 1103 1213 1371 1282; x_wconf 79' lang='grc' dir='ltr'><strong>λέγουσαν</strong></span> <span class='ocrx_word' id='word_1_75' title='bbox 1396 1214 1566 1285; x_wconf 80' lang='grc' dir='ltr'>αὐτῷ,</span> <span class='ocrx_word' id='word_1_76' title='bbox 1590 1214 1729 1268; x_wconf 86' lang='grc' dir='ltr'><strong>Τάδε</strong></span> <span class='ocrx_word' id='word_1_77' title='bbox 1748 1232 1853 1280; x_wconf 84' lang='grc' dir='ltr'>σοι,</span> 
     </span>
    </p>
   </div>
   <div class='ocr_carea' id='block_1_14' title="bbox 267 1301 1857 1378">
    <p class='ocr_par' dir='ltr' id='par_1_14' title="bbox 267 1301 1857 1378">
     <span class='ocr_line' id='line_1_14' title="bbox 267 1301 1857 1378; baseline 0.006 -25"><span class='ocrx_word' id='word_1_78' title='bbox 267 1301 511 1372; x_wconf 85' lang='grc' dir='ltr'>Τιϐέριε,</span> <span class='ocrx_word' id='word_1_79' title='bbox 539 1303 602 1355; x_wconf 83' lang='grc' dir='ltr'><strong>τὸ</strong></span> <span class='ocrx_word' id='word_1_80' title='bbox 628 1303 914 1374; x_wconf 87' lang='grc' dir='ltr'>τρισάγιον</span> <span class='ocrx_word' id='word_1_81' title='bbox 945 1303 1038 1376; x_wconf 72' lang='grc'><strong>[40</strong></span> <span class='ocrx_word' id='word_1_82' title='bbox 1060 1304 1151 1377; x_wconf 85' lang='grc' dir='ltr'><strong>Η.]</strong></span> <span class='ocrx_word' id='word_1_83' title='bbox 1183 1305 1352 1374; x_wconf 85' lang='grc' dir='ltr'>λέγει·</span> <span class='ocrx_word' id='word_1_84' title='bbox 1374 1308 1438 1360; x_wconf 77' lang='grc' dir='ltr'><strong>Οἱ</strong></span> <span class='ocrx_word' id='word_1_85' title='bbox 1469 1308 1725 1378; x_wconf 89' lang='grc' dir='ltr'>τύραννοι</span> <span class='ocrx_word' id='word_1_86' title='bbox 1755 1308 1857 1376; x_wconf 81' lang='grc' dir='ltr'>τῆς</span> 
     </span>
    </p>
   </div>
   <div class='ocr_carea' id='block_1_15' title="bbox 268 1396 1856 1472">
    <p class='ocr_par' dir='ltr' id='par_1_15' title="bbox 268 1396 1856 1472">
     <span class='ocr_line' id='line_1_15' title="bbox 268 1396 1856 1472; baseline 0.003 -23"><span class='ocrx_word' id='word_1_87' title='bbox 268 1396 528 1455; x_wconf 80' lang='grc' dir='ltr'>ἀσεϐείας</span> <span class='ocrx_word' id='word_1_88' title='bbox 569 1398 613 1428; x_wconf 72' lang='grc' dir='ltr'>’ί</span> <span class='ocrx_word' id='word_1_89' title='bbox 664 1399 756 1450; x_wconf 73' lang='grc' dir='ltr'><strong>ἐπὶ</strong></span> <span class='ocrx_word' id='word_1_90' title='bbox 805 1398 906 1468; x_wconf 82' lang='grc' dir='ltr'>τῆς</span> <span class='ocrx_word' id='word_1_91' title='bbox 961 1402 1060 1469; x_wconf 82' lang='grc' dir='ltr'>σῆς</span> <span class='ocrx_word' id='word_1_92' title='bbox 1102 1400 1380 1468; x_wconf 81' lang='grc' dir='ltr'>βασιλείας</span> <span class='ocrx_word' id='word_1_93' title='bbox 1419 1401 1481 1455; x_wconf 85' lang='grc' dir='ltr'><strong>οὐ</strong></span> <span class='ocrx_word' id='word_1_94' title='bbox 1536 1402 1856 1472; x_wconf 70' lang='grc' dir='ltr'>φοιτήσουσι</span> 
     </span>
    </p>
   </div>
   <div class='ocr_carea' id='block_1_16' title="bbox 268 1486 1857 1564">
    <p class='ocr_par' dir='ltr' id='par_1_16' title="bbox 268 1486 1857 1564">
     <span class='ocr_line' id='line_1_16' title="bbox 268 1486 1857 1564; baseline 0.003 -22"><span class='ocrx_word' id='word_1_95' title='bbox 268 1489 472 1559; x_wconf 79' lang='grc' dir='ltr'>χρόνοι.</span> <span class='ocrx_word' id='word_1_96' title='bbox 508 1486 619 1542; x_wconf 87' lang='grc' dir='ltr'>Ἦν</span> <span class='ocrx_word' id='word_1_97' title='bbox 648 1491 695 1543; x_wconf 80' lang='grc' dir='ltr'>δ’</span> <span class='ocrx_word' id='word_1_98' title='bbox 726 1490 834 1561; x_wconf 82' lang='grc' dir='ltr'>ἄρα</span> <span class='ocrx_word' id='word_1_99' title='bbox 872 1491 1047 1545; x_wconf 86' lang='grc' dir='ltr'>ταῦτα</span> <span class='ocrx_word' id='word_1_100' title='bbox 1076 1494 1123 1524; x_wconf 82' lang='grc'>²²</span> <span class='ocrx_word' id='word_1_101' title='bbox 1156 1494 1340 1546; x_wconf 83' lang='grc' dir='ltr'>ἐκεῖνα</span> <span class='ocrx_word' id='word_1_102' title='bbox 1370 1493 1680 1564; x_wconf 82' lang='grc' dir='ltr'>τραγῳδίας</span> <span class='ocrx_word' id='word_1_103' title='bbox 1714 1493 1857 1557; x_wconf 86' lang='grc' dir='ltr'>τινὸς</span> 
     </span>
    </p>
   </div>
   <div class='ocr_carea' id='block_1_17' title="bbox 272 1584 1858 1657">
    <p class='ocr_par' dir='ltr' id='par_1_17' title="bbox 272 1584 1858 1657">
     <span class='ocr_line' id='line_1_17' title="bbox 272 1584 1858 1657; baseline 0.003 -23"><span class='ocrx_word' id='word_1_104' title='bbox 272 1585 678 1653; x_wconf 78' lang='grc' dir='ltr'>προαγόρευσις</span> <span class='ocrx_word' id='word_1_105' title='bbox 703 1585 801 1654; x_wconf 79' lang='grc' dir='ltr'>τῆς</span> <span class='ocrx_word' id='word_1_106' title='bbox 850 1584 953 1637; x_wconf 81' lang='grc' dir='ltr'><strong>ἀνά</strong></span> <span class='ocrx_word' id='word_1_107' title='bbox 985 1585 1077 1638; x_wconf 80' lang='grc' dir='ltr'><strong>τὸν</strong></span> <span class='ocrx_word' id='word_1_108' title='bbox 1112 1586 1454 1657; x_wconf 78' lang='grc' dir='ltr'>παλαμναῖον</span> <span class='ocrx_word' id='word_1_109' title='bbox 1492 1587 1689 1640; x_wconf 85' lang='grc' dir='ltr'>Φωκᾶν</span> <span class='ocrx_word' id='word_1_110' title='bbox 1732 1587 1858 1639; x_wconf 85' lang='grc' dir='ltr'>ἀνο-</span> 
     </span>
    </p>
   </div>
   <div class='ocr_carea' id='block_1_18' title="bbox 272 1674 1859 1749">
    <p class='ocr_par' dir='ltr' id='par_1_18' title="bbox 272 1674 1859 1749">
     <span class='ocr_line' id='line_1_18' title="bbox 272 1674 1859 1749; baseline 0.003 -22"><span class='ocrx_word' id='word_1_111' title='bbox 272 1674 530 1744; x_wconf 82' lang='grc' dir='ltr'>σιουργοῦ</span> <span class='ocrx_word' id='word_1_112' title='bbox 579 1676 912 1746; x_wconf 72' lang='grc' dir='ltr'><strong>τυραννίδος⁸</strong></span> <span class='ocrx_word' id='word_1_113' title='bbox 963 1675 1045 1729; x_wconf 75' lang='grc' dir='ltr'>ἔτι</span> <span class='ocrx_word' id='word_1_114' title='bbox 1080 1677 1136 1730; x_wconf 84' lang='grc' dir='ltr'><strong>δὲ</strong></span> <span class='ocrx_word' id='word_1_115' title='bbox 1172 1680 1262 1731; x_wconf 77' lang='grc' dir='ltr'><strong>καὶ</strong></span> <span class='ocrx_word' id='word_1_116' title='bbox 1303 1678 1380 1744; x_wconf 83' lang='grc' dir='ltr'>ὼς</span> <span class='ocrx_word' id='word_1_117' title='bbox 1416 1680 1552 1749; x_wconf 74' lang='grc' dir='ltr'>πρὸς</span> <span class='ocrx_word' id='word_1_118' title='bbox 1591 1677 1859 1747; x_wconf 85' lang='grc' dir='ltr'>Ἀϐάρους</span> 
     </span>
    </p>
   </div>
   <div class='ocr_carea' id='block_1_19' title="bbox 268 1766 1859 1841">
    <p class='ocr_par' dir='ltr' id='par_1_19' title="bbox 268 1766 1859 1841">
     <span class='ocr_line' id='line_1_19' title="bbox 268 1766 1859 1841; baseline 0.003 -24"><span class='ocrx_word' id='word_1_119' title='bbox 268 1766 370 1836; x_wconf 63' lang='grc' dir='ltr'>ἤδη</span> <span class='ocrx_word' id='word_1_120' title='bbox 404 1766 587 1837; x_wconf 80' lang='grc' dir='ltr'>μικρῷ</span> <span class='ocrx_word' id='word_1_121' title='bbox 616 1767 850 1838; x_wconf 84' lang='grc' dir='ltr'>πρόσθεν</span> <span class='ocrx_word' id='word_1_122' title='bbox 872 1767 933 1820; x_wconf 84' lang='grc' dir='ltr'><strong>τὸ</strong></span> <span class='ocrx_word' id='word_1_123' title='bbox 966 1768 1190 1839; x_wconf 87' lang='grc' dir='ltr'>Σίρμιον</span> <span class='ocrx_word' id='word_1_124' title='bbox 1210 1769 1679 1841; x_wconf 84' lang='grc' dir='ltr'>πολιορκήσαντας</span> <span class='ocrx_word' id='word_1_125' title='bbox 1705 1772 1859 1824; x_wconf 89' lang='grc' dir='ltr'>Μαυ-</span> 
     </span>
    </p>
   </div>
   <div class='ocr_carea' id='block_1_20' title="bbox 272 1846 1939 1933">
    <p class='ocr_par' dir='ltr' id='par_1_20' title="bbox 272 1846 1939 1933">
     <span class='ocr_line' id='line_1_20' title="bbox 272 1846 1939 1933; baseline 0.004 -24"><span class='ocrx_word' id='word_1_126' title='bbox 272 1859 450 1927; x_wconf 85' lang='grc' dir='ltr'>ρίκιος</span> <span class='ocrx_word' id='word_1_127' title='bbox 486 1858 719 1923; x_wconf 79' lang='grc' dir='ltr'>σπονδάς</span> <span class='ocrx_word' id='word_1_128' title='bbox 750 1859 923 1925; x_wconf 76' lang='grc' dir='ltr'>ἔθετο,</span> <span class='ocrx_word' id='word_1_129' title='bbox 968 1861 1051 1913; x_wconf 85' lang='grc' dir='ltr'><strong>ἀν’</strong></span> <span class='ocrx_word' id='word_1_130' title='bbox 1077 1862 1123 1893; x_wconf 77' lang='grc'><strong>’³</strong></span> <span class='ocrx_word' id='word_1_131' title='bbox 1166 1861 1285 1925; x_wconf 79' lang='grc' dir='ltr'>ἔτος</span> <span class='ocrx_word' id='word_1_132' title='bbox 1324 1862 1556 1916; x_wconf 74' lang='grc' dir='ltr'>ἕκαστον</span> <span class='ocrx_word' id='word_1_133' title='bbox 1586 1866 1697 1925; x_wconf 83' lang='grc' dir='ltr'>τοῖς</span> <span class='ocrx_word' id='word_1_134' title='bbox 1726 1863 1861 1933; x_wconf 86' lang='grc' dir='ltr'>βαρ·</span> <span class='ocrx_word' id='word_1_135' title='bbox 1891 1846 1939 1905; x_wconf 83' lang='grc' dir='ltr'><strong>Β</strong></span> 
     </span>
    </p>
   </div>
   <div class='ocr_carea' id='block_1_21' title="bbox 272 1950 1866 2025">
    <p class='ocr_par' dir='ltr' id='par_1_21' title="bbox 272 1950 1866 2025">
     <span class='ocr_line' id='line_1_21' title="bbox 272 1950 1866 2025; baseline 0.004 -23"><span class='ocrx_word' id='word_1_136' title='bbox 272 1952 467 2020; x_wconf 87' lang='grc' dir='ltr'>ϐάροις</span> <span class='ocrx_word' id='word_1_137' title='bbox 497 1950 826 2022; x_wconf 79' lang='grc' dir='ltr'>συνθέμενος</span> <span class='ocrx_word' id='word_1_138' title='bbox 862 1952 1370 2020; x_wconf 83' lang='grc' dir='ltr'>ὲγκαταϐάλλεσθαι</span> <span class='ocrx_word' id='word_1_139' title='bbox 1405 1953 1472 2007; x_wconf 87' lang='grc' dir='ltr'>δι’</span> <span class='ocrx_word' id='word_1_140' title='bbox 1499 1955 1801 2025; x_wconf 82' lang='grc' dir='ltr'>ὲμπορείας</span> <span class='ocrx_word' id='word_1_141' title='bbox 1819 1956 1866 1989; x_wconf 73' lang='grc' dir='ltr'>’δ</span> 
     </span>
    </p>
   </div>
   <div class='ocr_carea' id='block_1_22' title="bbox 267 2042 1866 2119">
    <p class='ocr_par' dir='ltr' id='par_1_22' title="bbox 267 2042 1866 2119">
     <span class='ocr_line' id='line_1_22' title="bbox 267 2042 1866 2119; baseline 0.004 -23"><span class='ocrx_word' id='word_1_142' title='bbox 267 2042 517 2114; x_wconf 84' lang='grc' dir='ltr'>ἀργύρου</span> <span class='ocrx_word' id='word_1_143' title='bbox 542 2061 601 2096; x_wconf 87' lang='grc' dir='ltr'><strong>τε</strong></span> <span class='ocrx_word' id='word_1_144' title='bbox 626 2044 722 2097; x_wconf 74' lang='grc' dir='ltr'>καὶ</span> <span class='ocrx_word' id='word_1_145' title='bbox 739 2043 965 2116; x_wconf 80' lang='grc' dir='ltr'>ἐσθῆτος</span> <span class='ocrx_word' id='word_1_146' title='bbox 990 2046 1193 2116; x_wconf 80' lang='grc' dir='ltr'>χρυσοῦ</span> <span class='ocrx_word' id='word_1_147' title='bbox 1211 2046 1458 2116; x_wconf 77' lang='grc' dir='ltr'><strong>χιλιάδας</strong></span> <span class='ocrx_word' id='word_1_148' title='bbox 1480 2054 1553 2101; x_wconf 89' lang='grc' dir='ltr'>π’.</span> <span class='ocrx_word' id='word_1_149' title='bbox 1578 2048 1646 2100; x_wconf 71' lang='lat' dir='ltr'><strong>Al</strong></span> <span class='ocrx_word' id='word_1_150' title='bbox 1671 2049 1866 2119; x_wconf 83' lang='grc' dir='ltr'>μέχρις</span> 
     </span>
    </p>
   </div>
   <div class='ocr_carea' id='block_1_23' title="bbox 271 2135 1865 2213">
    <p class='ocr_par' dir='ltr' id='par_1_23' title="bbox 271 2135 1865 2213">
     <span class='ocr_line' id='line_1_23' title="bbox 271 2135 1865 2213; baseline 0.004 -26"><span class='ocrx_word' id='word_1_151' title='bbox 271 2135 542 2189; x_wconf 77' lang='grc' dir='ltr'>ἐνιαυτῶν</span> <span class='ocrx_word' id='word_1_152' title='bbox 580 2135 673 2190; x_wconf 86' lang='grc' dir='ltr'><strong>δύο</strong></span> <span class='ocrx_word' id='word_1_153' title='bbox 698 2136 1016 2208; x_wconf 83' lang='grc' dir='ltr'>διήρκεσαν,</span> <span class='ocrx_word' id='word_1_154' title='bbox 1048 2138 1153 2191; x_wconf 79' lang='grc' dir='ltr'>ὑπὸ</span> <span class='ocrx_word' id='word_1_155' title='bbox 1179 2139 1278 2208; x_wconf 81' lang='grc' dir='ltr'><strong>τῆς</strong></span> <span class='ocrx_word' id='word_1_156' title='bbox 1311 2138 1657 2211; x_wconf 77' lang='grc' dir='ltr'>βαρϐαρικῆς</span> <span class='ocrx_word' id='word_1_157' title='bbox 1688 2142 1865 2213; x_wconf 87' lang='grc' dir='ltr'>ἀπλη-</span> 
     </span>
    </p>
   </div>
   <div class='ocr_carea' id='block_1_24' title="bbox 269 2226 1865 2304">
    <p class='ocr_par' dir='ltr' id='par_1_24' title="bbox 269 2226 1865 2304">
     <span class='ocr_line' id='line_1_24' title="bbox 269 2226 1865 2304; baseline 0.004 -24"><span class='ocrx_word' id='word_1_158' title='bbox 269 2227 430 2291; x_wconf 80' lang='grc' dir='ltr'>στίας</span> <span class='ocrx_word' id='word_1_159' title='bbox 480 2226 757 2282; x_wconf 75' lang='grc' dir='ltr'>λυθεῖσαιο</span> <span class='ocrx_word' id='word_1_160' title='bbox 792 2229 963 2283; x_wconf 75' lang='grc' dir='ltr'>εἴκοσι</span> <span class='ocrx_word' id='word_1_161' title='bbox 995 2231 1105 2301; x_wconf 86' lang='grc' dir='ltr'>γὰρ</span> <span class='ocrx_word' id='word_1_162' title='bbox 1147 2229 1402 2299; x_wconf 74' lang='grc' dir='ltr'>χιλιάδων</span> <span class='ocrx_word' id='word_1_163' title='bbox 1436 2233 1693 2303; x_wconf 88' lang='grc' dir='ltr'>χρυσοῦὸ</span> <span class='ocrx_word' id='word_1_164' title='bbox 1731 2233 1865 2304; x_wconf 87' lang='grc' dir='ltr'>βάρ-</span> 
     </span>
    </p>
   </div>
   <div class='ocr_carea' id='block_1_25' title="bbox 269 2315 1866 2391">
    <p class='ocr_par' dir='ltr' id='par_1_25' title="bbox 269 2315 1866 2391">
     <span class='ocr_line' id='line_1_25' title="bbox 269 2315 1866 2391; baseline 0.004 -21"><span class='ocrx_word' id='word_1_165' title='bbox 269 2320 443 2389; x_wconf 83' lang='grc' dir='ltr'>ϐαρος</span> <span class='ocrx_word' id='word_1_166' title='bbox 464 2317 785 2391; x_wconf 78' lang='grc' dir='ltr'>προσθήκην</span> <span class='ocrx_word' id='word_1_167' title='bbox 804 2319 1005 2391; x_wconf 74' lang='grc' dir='ltr'>ἐζήτει.</span> <span class='ocrx_word' id='word_1_168' title='bbox 1024 2320 1114 2385; x_wconf 79' lang='grc' dir='ltr'><strong>Ἐξ</strong></span> <span class='ocrx_word' id='word_1_169' title='bbox 1126 2315 1186 2375; x_wconf 74' lang='grc' dir='ltr'><strong>οῦ</strong></span> <span class='ocrx_word' id='word_1_170' title='bbox 1201 2320 1356 2385; x_wconf 84' lang='grc' dir='ltr'>λύσις</span> <span class='ocrx_word' id='word_1_171' title='bbox 1370 2323 1560 2391; x_wconf 84' lang='grc' dir='ltr'>γέγονε</span> <span class='ocrx_word' id='word_1_172' title='bbox 1578 2322 1688 2376; x_wconf 85' lang='grc' dir='ltr'>τῶν</span> <span class='ocrx_word' id='word_1_173' title='bbox 1704 2340 1866 2376; x_wconf 89' lang='grc' dir='ltr'>σπον-</span> 
     </span>
    </p>
   </div>
   <div class='ocr_carea' id='block_1_26' title="bbox 268 2411 1864 2488">
    <p class='ocr_par' dir='ltr' id='par_1_26' title="bbox 268 2411 1864 2488">
     <span class='ocr_line' id='line_1_26' title="bbox 268 2411 1864 2488; baseline 0.001 -22"><span class='ocrx_word' id='word_1_174' title='bbox 268 2412 379 2466; x_wconf 77' lang='grc' dir='ltr'><strong>δῶν</strong></span> <span class='ocrx_word' id='word_1_175' title='bbox 405 2429 420 2443; x_wconf 74' lang='grc' dir='ltr'><strong>ο</strong></span> <span class='ocrx_word' id='word_1_176' title='bbox 452 2412 548 2465; x_wconf 73' lang='grc' dir='ltr'><strong>καὶ</strong></span> <span class='ocrx_word' id='word_1_177' title='bbox 578 2411 859 2466; x_wconf 82' lang='grc' dir='ltr'>ἁλίσκεται</span> <span class='ocrx_word' id='word_1_178' title='bbox 898 2414 1002 2466; x_wconf 82' lang='grc' dir='ltr'><strong>ὑπὸ</strong></span> <span class='ocrx_word' id='word_1_179' title='bbox 1033 2413 1143 2467; x_wconf 85' lang='grc' dir='ltr'><strong>τῶν</strong></span> <span class='ocrx_word' id='word_1_180' title='bbox 1177 2413 1471 2486; x_wconf 86' lang='grc' dir='ltr'>βαρϐάρων</span> <span class='ocrx_word' id='word_1_181' title='bbox 1521 2416 1802 2486; x_wconf 87' lang='grc' dir='ltr'>Σιγγηδὼν</span> <span class='ocrx_word' id='word_1_182' title='bbox 1831 2417 1864 2488; x_wconf 81' lang='grc' dir='ltr'>ὴ</span> 
     </span>
    </p>
   </div>
   <div class='ocr_carea' id='block_1_27' title="bbox 271 2503 1865 2578">
    <p class='ocr_par' dir='ltr' id='par_1_27' title="bbox 271 2503 1865 2578">
     <span class='ocr_line' id='line_1_27' title="bbox 271 2503 1865 2578; baseline 0.004 -22"><span class='ocrx_word' id='word_1_183' title='bbox 271 2504 433 2567; x_wconf 83' lang='grc' dir='ltr'>πόλις</span> <span class='ocrx_word' id='word_1_184' title='bbox 466 2506 562 2557; x_wconf 70' lang='grc' dir='ltr'>καὶ</span> <span class='ocrx_word' id='word_1_185' title='bbox 589 2503 874 2572; x_wconf 76' lang='grc' dir='ltr'>Αύγούστα</span> <span class='ocrx_word' id='word_1_186' title='bbox 922 2505 1020 2559; x_wconf 73' lang='grc' dir='ltr'><strong>καὶ</strong></span> <span class='ocrx_word' id='word_1_187' title='bbox 1039 2506 1102 2559; x_wconf 82' lang='grc' dir='ltr'><strong>τὸ</strong></span> <span class='ocrx_word' id='word_1_188' title='bbox 1120 2507 1465 2577; x_wconf 87' lang='grc' dir='ltr'>Βιμινάκιον,</span> <span class='ocrx_word' id='word_1_189' title='bbox 1492 2511 1865 2578; x_wconf 86' lang='grc' dir='ltr'>πολιορκεῖται</span> 
     </span>
    </p>
   </div>
   <div class='ocr_carea' id='block_1_28' title="bbox 270 2596 1866 2668">
    <p class='ocr_par' dir='ltr' id='par_1_28' title="bbox 270 2596 1866 2668">
     <span class='ocr_line' id='line_1_28' title="bbox 270 2596 1866 2668; baseline 0.001 -18"><span class='ocrx_word' id='word_1_190' title='bbox 270 2597 329 2650; x_wconf 78' lang='grc' dir='ltr'><strong>δὲ</strong></span> <span class='ocrx_word' id='word_1_191' title='bbox 358 2596 454 2650; x_wconf 78' lang='grc' dir='ltr'><strong>καὶ</strong></span> <span class='ocrx_word' id='word_1_192' title='bbox 496 2596 783 2665; x_wconf 78' lang='grc' dir='ltr'>Ἀγχίαλος</span> <span class='ocrx_word' id='word_1_193' title='bbox 806 2596 980 2660; x_wconf 85' lang='grc' dir='ltr'>πόλις.</span> <span class='ocrx_word' id='word_1_194' title='bbox 1014 2597 1125 2652; x_wconf 79' lang='grc' dir='ltr'>Καὶ</span> <span class='ocrx_word' id='word_1_195' title='bbox 1153 2597 1551 2668; x_wconf 88' lang='grc' dir='ltr'>πρεσϐεύονται</span> <span class='ocrx_word' id='word_1_196' title='bbox 1594 2599 1866 2662; x_wconf 81' lang='grc' dir='ltr'>Ἐλπίὸιος</span> 
     </span>
    </p>
   </div>
   <div class='ocr_carea' id='block_1_29' title="bbox 272 2686 1867 2760">
    <p class='ocr_par' dir='ltr' id='par_1_29' title="bbox 272 2686 1867 2760">
     <span class='ocr_line' id='line_1_29' title="bbox 272 2686 1867 2760; baseline 0.003 -20"><span class='ocrx_word' id='word_1_197' title='bbox 272 2689 370 2741; x_wconf 76' lang='grc' dir='ltr'><strong>καὶ</strong></span> <span class='ocrx_word' id='word_1_198' title='bbox 396 2686 764 2756; x_wconf 80' lang='grc' dir='ltr'>Κομεντίολος</span> <span class='ocrx_word' id='word_1_199' title='bbox 800 2687 1092 2758; x_wconf 86' lang='grc' dir='ltr'>Ῥωμαίων</span> <span class='ocrx_word' id='word_1_200' title='bbox 1140 2690 1400 2760; x_wconf 85' lang='grc' dir='ltr'>πρέσϐεις</span> <span class='ocrx_word' id='word_1_201' title='bbox 1448 2690 1586 2759; x_wconf 81' lang='grc' dir='ltr'>πρὸς</span> <span class='ocrx_word' id='word_1_202' title='bbox 1615 2689 1708 2743; x_wconf 81' lang='grc' dir='ltr'><strong>τὸν</strong></span> <span class='ocrx_word' id='word_1_203' title='bbox 1759 2691 1867 2744; x_wconf 84' lang='grc' dir='ltr'><strong>τῶν</strong></span> 
     </span>
    </p>
   </div>
   <div class='ocr_carea' id='block_1_30' title="bbox 284 2777 1869 2854">
    <p class='ocr_par' dir='ltr' id='par_1_30' title="bbox 284 2777 1869 2854">
     <span class='ocr_line' id='line_1_30' title="bbox 284 2777 1869 2854; baseline 0.001 -22"><span class='ocrx_word' id='word_1_204' title='bbox 284 2778 539 2847; x_wconf 83' lang='grc' dir='ltr'>Ἀϐάρων</span> <span class='ocrx_word' id='word_1_205' title='bbox 590 2779 864 2847; x_wconf 87' lang='grc' dir='ltr'>Χαγάνον,</span> <span class='ocrx_word' id='word_1_206' title='bbox 906 2778 997 2850; x_wconf 67' lang='grc'><strong>[84</strong></span> <span class='ocrx_word' id='word_1_207' title='bbox 1034 2777 1126 2852; x_wconf 84' lang='lat' dir='ltr'><strong>R.]</strong></span> <span class='ocrx_word' id='word_1_208' title='bbox 1160 2781 1255 2834; x_wconf 73' lang='grc' dir='ltr'><strong>καὶ</strong></span> <span class='ocrx_word' id='word_1_209' title='bbox 1306 2781 1654 2850; x_wconf 81' lang='grc' dir='ltr'>ἀτιμοῦνται,</span> <span class='ocrx_word' id='word_1_210' title='bbox 1679 2781 1775 2835; x_wconf 85' lang='grc' dir='ltr'>ἆτε</span> <span class='ocrx_word' id='word_1_211' title='bbox 1804 2781 1869 2854; x_wconf 84' lang='grc' dir='ltr'>δὴ</span> 
     </span>
    </p>
   </div>
   <div class='ocr_carea' id='block_1_31' title="bbox 274 2873 1867 2946">
    <p class='ocr_par' dir='ltr' id='par_1_31' title="bbox 274 2873 1867 2946">
     <span class='ocr_line' id='line_1_31' title="bbox 274 2873 1867 2946; baseline 0.002 -20"><span class='ocrx_word' id='word_1_212' title='bbox 274 2873 649 2943; x_wconf 79' lang='grc' dir='ltr'>Κομεντιόλου</span> <span class='ocrx_word' id='word_1_213' title='bbox 685 2874 1213 2945; x_wconf 78' lang='grc' dir='ltr'>παρρησιασαμένου</span> <span class='ocrx_word' id='word_1_214' title='bbox 1245 2874 1383 2946; x_wconf 83' lang='grc' dir='ltr'>πρὸς</span> <span class='ocrx_word' id='word_1_215' title='bbox 1408 2874 1502 2926; x_wconf 85' lang='grc' dir='ltr'><strong>τὸν</strong></span> <span class='ocrx_word' id='word_1_216' title='bbox 1566 2873 1867 2946; x_wconf 82' lang='grc' dir='ltr'>βάρϐαρον.</span> 
     </span>
    </p>
   </div>
   <div class='ocr_carea' id='block_1_32' title="bbox 274 2966 1870 3040">
    <p class='ocr_par' dir='ltr' id='par_1_32' title="bbox 274 2966 1870 3040">
     <span class='ocr_line' id='line_1_32' title="bbox 274 2966 1870 3040; baseline 0.003 -21"><span class='ocrx_word' id='word_1_217' title='bbox 274 2966 384 3019; x_wconf 81' lang='grc' dir='ltr'>Τοῦ</span> <span class='ocrx_word' id='word_1_218' title='bbox 414 2968 474 3020; x_wconf 84' lang='grc' dir='ltr'>δὲ</span> <span class='ocrx_word' id='word_1_219' title='bbox 497 2970 891 3040; x_wconf 78' lang='grc' dir='ltr'>ἐπιγενομένου</span> <span class='ocrx_word' id='word_1_220' title='bbox 919 2970 1075 3031; x_wconf 80' lang='grc' dir='ltr'>ἔτους</span> <span class='ocrx_word' id='word_1_221' title='bbox 1110 2970 1275 3024; x_wconf 87' lang='grc' dir='ltr'>πάλιν</span> <span class='ocrx_word' id='word_1_222' title='bbox 1311 2969 1581 3033; x_wconf 86' lang='grc' dir='ltr'>Ἐλπίδιος</span> <span class='ocrx_word' id='word_1_223' title='bbox 1614 2970 1754 3040; x_wconf 82' lang='grc' dir='ltr'>πρὸς</span> <span class='ocrx_word' id='word_1_224' title='bbox 1778 2969 1870 3023; x_wconf 80' lang='grc' dir='ltr'><strong>τὸν</strong></span> 
     </span>
    </p>
   </div>
   <div class='ocr_carea' id='block_1_33' title="bbox 274 3061 1871 3135">
    <p class='ocr_par' dir='ltr' id='par_1_33' title="bbox 274 3061 1871 3135">
     <span class='ocr_line' id='line_1_33' title="bbox 274 3061 1871 3135; baseline 0.001 -22"><span class='ocrx_word' id='word_1_225' title='bbox 274 3062 538 3129; x_wconf 83' lang='grc' dir='ltr'>Χαγάνον</span> <span class='ocrx_word' id='word_1_226' title='bbox 584 3062 1042 3134; x_wconf 80' lang='grc' dir='ltr'>διαπρεσϐεύεται</span> <span class='ocrx_word' id='word_1_227' title='bbox 1122 3064 1217 3115; x_wconf 75' lang='grc' dir='ltr'><strong>ἐπὶ</strong></span> <span class='ocrx_word' id='word_1_228' title='bbox 1269 3062 1348 3135; x_wconf 77' lang='grc' dir='ltr'>τῷ</span> <span class='ocrx_word' id='word_1_229' title='bbox 1400 3063 1495 3115; x_wconf 74' lang='grc' dir='ltr'><strong>καὶ</strong></span> <span class='ocrx_word' id='word_1_230' title='bbox 1544 3062 1645 3125; x_wconf 84' lang='grc' dir='ltr'>τὰς</span> <span class='ocrx_word' id='word_1_231' title='bbox 1698 3061 1871 3115; x_wconf 74' lang='grc' dir='ltr'>εἴκοσι</span> 
     </span>
    </p>
   </div>
   <div class='ocr_carea' id='block_1_34' title="bbox 277 3154 1872 3227">
    <p class='ocr_par' dir='ltr' id='par_1_34' title="bbox 277 3154 1872 3227">
     <span class='ocr_line' id='line_1_34' title="bbox 277 3154 1872 3227; baseline 0.003 -23"><span class='ocrx_word' id='word_1_232' title='bbox 277 3154 533 3223; x_wconf 79' lang='grc' dir='ltr'>χιλιάδας</span> <span class='ocrx_word' id='word_1_233' title='bbox 564 3154 953 3227; x_wconf 82' lang='grc' dir='ltr'>προστεθῆναι,</span> <span class='ocrx_word' id='word_1_234' title='bbox 990 3155 1085 3209; x_wconf 78' lang='grc' dir='ltr'><strong>καὶ</strong></span> <span class='ocrx_word' id='word_1_235' title='bbox 1115 3154 1297 3209; x_wconf 87' lang='grc' dir='ltr'>λαϐὼν</span> <span class='ocrx_word' id='word_1_236' title='bbox 1344 3154 1640 3226; x_wconf 84' lang='grc' dir='ltr'>Ταργίτιόν</span> <span class='ocrx_word' id='word_1_237' title='bbox 1668 3156 1716 3187; x_wconf 74' lang='grc'><strong>³⁵</strong></span> <span class='ocrx_word' id='word_1_238' title='bbox 1744 3171 1872 3208; x_wconf 89' lang='grc' dir='ltr'>τινα</span> 
     </span>
    </p>
   </div>
   <div class='ocr_carea' id='block_1_35' title="bbox 278 3224 1941 3320">
    <p class='ocr_par' dir='ltr' id='par_1_35' title="bbox 278 3224 1941 3320">
     <span class='ocr_line' id='line_1_35' title="bbox 278 3224 1941 3320; baseline 0.001 -22"><span class='ocrx_word' id='word_1_239' title='bbox 278 3247 391 3298; x_wconf 75' lang='grc' dir='ltr'>ἀπὸ</span> <span class='ocrx_word' id='word_1_240' title='bbox 416 3246 530 3299; x_wconf 85' lang='grc' dir='ltr'><strong>τῶν</strong></span> <span class='ocrx_word' id='word_1_241' title='bbox 586 3246 834 3317; x_wconf 83' lang='grc' dir='ltr'>Ἀϐάρων</span> <span class='ocrx_word' id='word_1_242' title='bbox 878 3250 936 3312; x_wconf 81' lang='grc' dir='ltr'><strong>ἐς</strong></span> <span class='ocrx_word' id='word_1_243' title='bbox 995 3247 1289 3312; x_wconf 75' lang='grc' dir='ltr'>Βυζάντιον</span> <span class='ocrx_word' id='word_1_244' title='bbox 1342 3243 1500 3320; x_wconf 77' lang='grc' dir='ltr'>ἧκεν.</span> <span class='ocrx_word' id='word_1_245' title='bbox 1551 3247 1704 3300; x_wconf 72' lang='grc' dir='ltr'>Ἐπεὶ</span> <span class='ocrx_word' id='word_1_246' title='bbox 1731 3246 1789 3300; x_wconf 80' lang='grc' dir='ltr'>δὲ</span> <span class='ocrx_word' id='word_1_247' title='bbox 1819 3248 1869 3299; x_wconf 86' lang='grc' dir='ltr'>οἱ</span> <span class='ocrx_word' id='word_1_248' title='bbox 1899 3224 1941 3281; x_wconf 76' lang='lat' dir='ltr'><strong><em>C</em></strong></span> 
     </span>
    </p>
   </div>
   <div class='ocr_carea' id='block_1_36' title="bbox 279 3338 1872 3413">
    <p class='ocr_par' dir='ltr' id='par_1_36' title="bbox 279 3338 1872 3413">
     <span class='ocr_line' id='line_1_36' title="bbox 279 3338 1872 3413; baseline 0.002 -23"><span class='ocrx_word' id='word_1_249' title='bbox 279 3338 555 3409; x_wconf 83' lang='grc' dir='ltr'>βάρϐαροι</span> <span class='ocrx_word' id='word_1_250' title='bbox 584 3339 632 3369; x_wconf 77' lang='grc'><strong>’⁸</strong></span> <span class='ocrx_word' id='word_1_251' title='bbox 664 3339 837 3393; x_wconf 76' lang='grc' dir='ltr'>πολλὰ</span> <span class='ocrx_word' id='word_1_252' title='bbox 861 3339 973 3393; x_wconf 85' lang='grc' dir='ltr'>τῶν</span> <span class='ocrx_word' id='word_1_253' title='bbox 1016 3340 1305 3411; x_wconf 89' lang='grc' dir='ltr'>Ῥωμαίων</span> <span class='ocrx_word' id='word_1_254' title='bbox 1338 3339 1636 3411; x_wconf 78' lang='grc' dir='ltr'>ἐληΐζοντο,</span> <span class='ocrx_word' id='word_1_255' title='bbox 1667 3340 1872 3413; x_wconf 83' lang='grc' dir='ltr'>Ταργι-</span> 
     </span>
    </p>
   </div>
   <div class='ocr_carea' id='block_1_37' title="bbox 276 3431 1869 3505">
    <p class='ocr_par' dir='ltr' id='par_1_37' title="bbox 276 3431 1869 3505">
     <span class='ocr_line' id='line_1_37' title="bbox 276 3431 1869 3505; baseline 0.001 -22"><span class='ocrx_word' id='word_1_256' title='bbox 276 3448 395 3494; x_wconf 86' lang='grc' dir='ltr'>τιος</span> <span class='ocrx_word' id='word_1_257' title='bbox 458 3433 543 3494; x_wconf 83' lang='grc' dir='ltr'>εἰς</span> <span class='ocrx_word' id='word_1_258' title='bbox 579 3432 828 3486; x_wconf 85' lang='grc' dir='ltr'>Χαλκίδα</span> <span class='ocrx_word' id='word_1_259' title='bbox 870 3435 1034 3504; x_wconf 76' lang='grc' dir='ltr'>νῆσον</span> <span class='ocrx_word' id='word_1_260' title='bbox 1097 3433 1435 3505; x_wconf 78' lang='grc' dir='ltr'>ἐξορίζεται,</span> <span class='ocrx_word' id='word_1_261' title='bbox 1488 3432 1676 3504; x_wconf 86' lang='grc' dir='ltr'>μηνῶν</span> <span class='ocrx_word' id='word_1_262' title='bbox 1706 3431 1765 3498; x_wconf 78' lang='grc' dir='ltr'>ἓξ</span> <span class='ocrx_word' id='word_1_263' title='bbox 1804 3434 1869 3503; x_wconf 81' lang='grc' dir='ltr'>τῇ</span> 
     </span>
    </p>
   </div>
   <div class='ocr_carea' id='block_1_38' title="bbox 279 3523 1874 3596">
    <p class='ocr_par' dir='ltr' id='par_1_38' title="bbox 279 3523 1874 3596">
     <span class='ocr_line' id='line_1_38' title="bbox 279 3523 1874 3596; baseline 0.001 -21"><span class='ocrx_word' id='word_1_264' title='bbox 279 3523 472 3593; x_wconf 71' lang='grc' dir='ltr'>ἐξορία</span> <span class='ocrx_word' id='word_1_265' title='bbox 510 3525 961 3594; x_wconf 86' lang='grc' dir='ltr'>παραταθέντων.</span> <span class='ocrx_word' id='word_1_266' title='bbox 996 3526 1310 3595; x_wconf 79' lang='grc' dir='ltr'>Στρατηγὸς</span> <span class='ocrx_word' id='word_1_267' title='bbox 1338 3526 1394 3579; x_wconf 82' lang='grc' dir='ltr'><strong>δὲ</strong></span> <span class='ocrx_word' id='word_1_268' title='bbox 1426 3524 1671 3596; x_wconf 77' lang='grc' dir='ltr'>αἱρεθεὶς</span> <span class='ocrx_word' id='word_1_269' title='bbox 1693 3524 1738 3556; x_wconf 78' lang='grc'><strong>³⁷</strong></span> <span class='ocrx_word' id='word_1_270' title='bbox 1762 3524 1874 3577; x_wconf 86' lang='grc' dir='ltr'><strong>Κο-</strong></span> 
     </span>
    </p>
   </div>
   <div class='ocr_carea' id='block_1_39' title="bbox 283 3614 1872 3689">
    <p class='ocr_par' dir='ltr' id='par_1_39' title="bbox 283 3614 1872 3689">
     <span class='ocr_line' id='line_1_39' title="bbox 283 3614 1872 3689; baseline 0.001 -22"><span class='ocrx_word' id='word_1_271' title='bbox 283 3614 570 3683; x_wconf 80' lang='grc' dir='ltr'>μεντίολος</span> <span class='ocrx_word' id='word_1_272' title='bbox 595 3616 737 3668; x_wconf 89' lang='grc' dir='ltr'><strong>κατά</strong></span> <span class='ocrx_word' id='word_1_273' title='bbox 773 3616 1102 3688; x_wconf 85' lang='grc' dir='ltr'>Σκλαϐήνων</span> <span class='ocrx_word' id='word_1_274' title='bbox 1136 3617 1542 3689; x_wconf 74' lang='grc' dir='ltr'>ἠνδραγάθησε.</span> <span class='ocrx_word' id='word_1_275' title='bbox 1584 3618 1696 3672; x_wconf 77' lang='grc' dir='ltr'>Καὶ</span> <span class='ocrx_word' id='word_1_276' title='bbox 1724 3617 1872 3680; x_wconf 85' lang='grc' dir='ltr'>ὅπως</span> 
     </span>
    </p>
   </div>
   <div class='ocr_carea' id='block_1_40' title="bbox 281 3706 1874 3781">
    <p class='ocr_par' dir='ltr' id='par_1_40' title="bbox 281 3706 1874 3781">
     <span class='ocr_line' id='line_1_40' title="bbox 281 3706 1874 3781; baseline 0.002 -23"><span class='ocrx_word' id='word_1_277' title='bbox 281 3706 453 3760; x_wconf 82' lang='grc' dir='ltr'>πάλιν</span> <span class='ocrx_word' id='word_1_278' title='bbox 513 3707 543 3759; x_wconf 86' lang='grc' dir='ltr'>ὁ</span> <span class='ocrx_word' id='word_1_279' title='bbox 592 3708 847 3775; x_wconf 83' lang='grc' dir='ltr'>Χαγάνος</span> <span class='ocrx_word' id='word_1_280' title='bbox 896 3709 997 3772; x_wconf 84' lang='grc' dir='ltr'><strong>τὰς</strong></span> <span class='ocrx_word' id='word_1_281' title='bbox 1060 3710 1293 3773; x_wconf 77' lang='grc' dir='ltr'>σπονδὰς</span> <span class='ocrx_word' id='word_1_282' title='bbox 1335 3711 1544 3781; x_wconf 86' lang='grc' dir='ltr'>συγχεῖ.</span> <span class='ocrx_word' id='word_1_283' title='bbox 1576 3709 1689 3763; x_wconf 72' lang='grc' dir='ltr'><strong>Καὶ</strong></span> <span class='ocrx_word' id='word_1_284' title='bbox 1743 3709 1874 3780; x_wconf 83' lang='grc' dir='ltr'>περὶ</span> 
     </span>
    </p>
   </div>
   <div class='ocr_carea' id='block_1_41' title="bbox 280 3799 1874 3872">
    <p class='ocr_par' dir='ltr' id='par_1_41' title="bbox 280 3799 1874 3872">
     <span class='ocr_line' id='line_1_41' title="bbox 280 3799 1874 3872; baseline 0.001 -19"><span class='ocrx_word' id='word_1_285' title='bbox 280 3799 637 3871; x_wconf 81' lang='grc' dir='ltr'>Βουγολόϐρα</span> <span class='ocrx_word' id='word_1_286' title='bbox 673 3801 719 3833; x_wconf 79' lang='grc'><strong>³⁸</strong></span> <span class='ocrx_word' id='word_1_287' title='bbox 759 3802 852 3855; x_wconf 87' lang='grc' dir='ltr'><strong>τοῦ</strong></span> <span class='ocrx_word' id='word_1_288' title='bbox 905 3802 1105 3872; x_wconf 88' lang='grc' dir='ltr'>μάγου·</span> <span class='ocrx_word' id='word_1_289' title='bbox 1156 3802 1422 3872; x_wconf 85' lang='grc' dir='ltr'>πόρθησίς</span> <span class='ocrx_word' id='word_1_290' title='bbox 1479 3819 1542 3855; x_wconf 87' lang='grc' dir='ltr'><strong>τε</strong></span> <span class='ocrx_word' id='word_1_291' title='bbox 1605 3801 1874 3855; x_wconf 79' lang='grc' dir='ltr'>πλείστων</span> 
     </span>
    </p>
   </div>
   <div class='ocr_carea' id='block_1_42' title="bbox 281 3891 1496 3965">
    <p class='ocr_par' dir='ltr' id='par_1_42' title="bbox 281 3891 1496 3965">
     <span class='ocr_line' id='line_1_42' title="bbox 281 3891 1496 3965; baseline 0.004 -22"><span class='ocrx_word' id='word_1_292' title='bbox 281 3891 500 3944; x_wconf 75' lang='grc' dir='ltr'>πόλεων</span> <span class='ocrx_word' id='word_1_293' title='bbox 539 3892 869 3962; x_wconf 84' lang='grc' dir='ltr'>Ῥωμαϊκῶν</span> <span class='ocrx_word' id='word_1_294' title='bbox 899 3894 1004 3948; x_wconf 80' lang='grc' dir='ltr'><strong>ὑπὸ</strong></span> <span class='ocrx_word' id='word_1_295' title='bbox 1032 3895 1142 3947; x_wconf 84' lang='grc' dir='ltr'><strong>τῶν</strong></span> <span class='ocrx_word' id='word_1_296' title='bbox 1184 3894 1496 3965; x_wconf 86' lang='grc' dir='ltr'>βαρϐάρων.</span> 
     </span>
    </p>
   </div>
   <div class='ocr_carea' id='block_1_43' title="bbox 352 3976 1875 4056">
    <p class='ocr_par' dir='ltr' id='par_1_43' title="bbox 352 3976 1875 4056">
     <span class='ocr_line' id='line_1_43' title="bbox 352 3976 1875 4056; baseline 0.001 -21"><span class='ocrx_word' id='word_1_297' title='bbox 352 3976 497 4035; x_wconf 83' lang='grc' dir='ltr'>Εἶτα</span> <span class='ocrx_word' id='word_1_298' title='bbox 516 3982 610 4038; x_wconf 83' lang='grc' dir='ltr'>τὸν</span> <span class='ocrx_word' id='word_1_299' title='bbox 625 3984 860 4054; x_wconf 85' lang='grc' dir='ltr'>πόλεμον</span> <span class='ocrx_word' id='word_1_300' title='bbox 879 3984 1100 4052; x_wconf 80' lang='grc' dir='ltr'>διέξεισι</span> <span class='ocrx_word' id='word_1_301' title='bbox 1114 3985 1222 4039; x_wconf 84' lang='grc' dir='ltr'><strong>τῶν</strong></span> <span class='ocrx_word' id='word_1_302' title='bbox 1236 3985 1462 4056; x_wconf 83' lang='grc' dir='ltr'>Περσῶν</span> <span class='ocrx_word' id='word_1_303' title='bbox 1476 3986 1570 4039; x_wconf 73' lang='grc' dir='ltr'>καὶ</span> <span class='ocrx_word' id='word_1_304' title='bbox 1585 3984 1875 4054; x_wconf 83' lang='grc' dir='ltr'>Ῥωμαίων</span> 
     </span>
    </p>
   </div>
   <div class='ocr_carea' id='block_1_44' title="bbox 279 4075 1874 4149">
    <p class='ocr_par' dir='ltr' id='par_1_44' title="bbox 279 4075 1874 4149">
     <span class='ocr_line' id='line_1_44' title="bbox 279 4075 1874 4149; baseline 0.002 -23"><span class='ocrx_word' id='word_1_305' title='bbox 279 4075 373 4127; x_wconf 73' lang='grc' dir='ltr'>τὸν</span> <span class='ocrx_word' id='word_1_306' title='bbox 405 4076 501 4128; x_wconf 73' lang='grc' dir='ltr'>ἐπὶ</span> <span class='ocrx_word' id='word_1_307' title='bbox 526 4076 619 4129; x_wconf 77' lang='grc' dir='ltr'><strong>τὸν</strong></span> <span class='ocrx_word' id='word_1_308' title='bbox 642 4076 722 4129; x_wconf 87' lang='grc' dir='ltr'>Νύ</span> <span class='ocrx_word' id='word_1_309' title='bbox 732 4094 809 4147; x_wconf 80' lang='grc' dir='ltr'>μφ</span> <span class='ocrx_word' id='word_1_310' title='bbox 819 4095 893 4129; x_wconf 88' lang='grc' dir='ltr'><strong>ιον</strong></span> <span class='ocrx_word' id='word_1_311' title='bbox 910 4079 1155 4149; x_wconf 83' lang='grc' dir='ltr'>ποταμὸν</span> <span class='ocrx_word' id='word_1_312' title='bbox 1177 4080 1269 4132; x_wconf 90' lang='grc' dir='ltr'>τόν</span> <span class='ocrx_word' id='word_1_313' title='bbox 1293 4095 1353 4131; x_wconf 89' lang='grc' dir='ltr'><strong>τε</strong></span> <span class='ocrx_word' id='word_1_314' title='bbox 1372 4080 1549 4148; x_wconf 88' lang='grc' dir='ltr'>γάμον</span> <span class='ocrx_word' id='word_1_315' title='bbox 1565 4078 1874 4146; x_wconf 87' lang='grc' dir='ltr'>Μαυρικίου</span> 
     </span>
    </p>
   </div>
   <div class='ocr_carea' id='block_1_45' title="bbox 283 4168 1881 4241">
    <p class='ocr_par' dir='ltr' id='par_1_45' title="bbox 283 4168 1881 4241">
     <span class='ocr_line' id='line_1_45' title="bbox 283 4168 1881 4241; baseline 0.001 -22"><span class='ocrx_word' id='word_1_316' title='bbox 283 4168 383 4219; x_wconf 71' lang='grc' dir='ltr'><strong>καὶ</strong></span> <span class='ocrx_word' id='word_1_317' title='bbox 416 4168 849 4238; x_wconf 83' lang='grc' dir='ltr'>Κωνσταντίνης</span> <span class='ocrx_word' id='word_1_318' title='bbox 870 4169 969 4239; x_wconf 80' lang='grc' dir='ltr'>τῆς</span> <span class='ocrx_word' id='word_1_319' title='bbox 987 4170 1239 4240; x_wconf 80' lang='grc' dir='ltr'>Τιϐερίου</span> <span class='ocrx_word' id='word_1_320' title='bbox 1255 4168 1544 4241; x_wconf 83' lang='grc' dir='ltr'>θυγατρός.</span> <span class='ocrx_word' id='word_1_321' title='bbox 1564 4168 1881 4238; x_wconf 85' lang='grc' dir='ltr'>Διαλαμϐά-</span> 
     </span>
    </p>
   </div>
   <div class='ocr_carea' id='block_1_46' title="bbox 282 4255 1879 4330">
    <p class='ocr_par' dir='ltr' id='par_1_46' title="bbox 282 4255 1879 4330">
     <span class='ocr_line' id='line_1_46' title="bbox 282 4255 1879 4330; baseline 0.003 -24"><span class='ocrx_word' id='word_1_322' title='bbox 282 4272 364 4307; x_wconf 83' lang='grc' dir='ltr'><strong>νει</strong></span> <span class='ocrx_word' id='word_1_323' title='bbox 383 4255 447 4308; x_wconf 84' lang='grc' dir='ltr'>δὲ</span> <span class='ocrx_word' id='word_1_324' title='bbox 472 4256 721 4327; x_wconf 74' lang='grc' dir='ltr'>καὶπερὶ</span> <span class='ocrx_word' id='word_1_325' title='bbox 750 4257 844 4311; x_wconf 86' lang='grc' dir='ltr'><strong>τοῦ</strong></span> <span class='ocrx_word' id='word_1_326' title='bbox 867 4259 1164 4330; x_wconf 83' lang='grc' dir='ltr'>γενομένου</span> <span class='ocrx_word' id='word_1_327' title='bbox 1191 4258 1551 4329; x_wconf 76' lang='grc' dir='ltr'>ἐμπρησμοῦ,</span> <span class='ocrx_word' id='word_1_328' title='bbox 1580 4258 1639 4321; x_wconf 82' lang='grc' dir='ltr'>ὃς</span> <span class='ocrx_word' id='word_1_329' title='bbox 1658 4259 1703 4290; x_wconf 82' lang='grc'><strong>²⁹</strong></span> <span class='ocrx_word' id='word_1_330' title='bbox 1726 4260 1783 4311; x_wconf 83' lang='grc' dir='ltr'><strong>ἐν</strong></span> <span class='ocrx_word' id='word_1_331' title='bbox 1799 4257 1879 4327; x_wconf 83' lang='grc' dir='ltr'><strong>τῷ</strong></span> 
     </span>
    </p>
   </div>
   <div class='ocr_carea' id='block_1_47' title="bbox 284 4349 1879 4423">
    <p class='ocr_par' dir='ltr' id='par_1_47' title="bbox 284 4349 1879 4423">
     <span class='ocr_line' id='line_1_47' title="bbox 284 4349 1879 4423; baseline 0.003 -23"><span class='ocrx_word' id='word_1_332' title='bbox 284 4349 445 4419; x_wconf 71' lang='grc' dir='ltr'><strong>φόρῳ</strong></span> <span class='ocrx_word' id='word_1_333' title='bbox 473 4349 619 4401; x_wconf 81' lang='grc' dir='ltr'>κατὰ</span> <span class='ocrx_word' id='word_1_334' title='bbox 656 4351 724 4403; x_wconf 76' lang='grc' dir='ltr'><strong>τά</strong></span> <span class='ocrx_word' id='word_1_335' title='bbox 758 4350 1022 4422; x_wconf 85' lang='grc' dir='ltr'>προοίμια</span> <span class='ocrx_word' id='word_1_336' title='bbox 1051 4352 1150 4423; x_wconf 85' lang='grc' dir='ltr'>τῆς</span> <span class='ocrx_word' id='word_1_337' title='bbox 1182 4351 1463 4422; x_wconf 86' lang='grc' dir='ltr'>βασιλείας</span> <span class='ocrx_word' id='word_1_338' title='bbox 1492 4351 1803 4422; x_wconf 85' lang='grc' dir='ltr'>Μαυρικίου</span> <span class='ocrx_word' id='word_1_339' title='bbox 1833 4351 1879 4382; x_wconf 83' lang='grc'>³⁰</span> 
     </span>
    </p>
   </div>
   <div class='ocr_carea' id='block_1_48' title="bbox 285 4439 1881 4513">
    <p class='ocr_par' dir='ltr' id='par_1_48' title="bbox 285 4439 1881 4513">
     <span class='ocr_line' id='line_1_48' title="bbox 285 4439 1881 4513; baseline 0.003 -23"><span class='ocrx_word' id='word_1_340' title='bbox 285 4439 523 4509; x_wconf 81' lang='grc' dir='ltr'>συνέϐη,</span> <span class='ocrx_word' id='word_1_341' title='bbox 557 4440 654 4493; x_wconf 77' lang='grc' dir='ltr'><strong>καὶ</strong></span> <span class='ocrx_word' id='word_1_342' title='bbox 682 4442 813 4511; x_wconf 74' lang='grc' dir='ltr'>περὶ</span> <span class='ocrx_word' id='word_1_343' title='bbox 846 4443 944 4511; x_wconf 85' lang='grc' dir='ltr'>τῆς</span> <span class='ocrx_word' id='word_1_344' title='bbox 973 4443 1309 4513; x_wconf 84' lang='grc' dir='ltr'>ἀναιρέσεως</span> <span class='ocrx_word' id='word_1_345' title='bbox 1335 4443 1607 4496; x_wconf 85' lang='grc' dir='ltr'>Παυλίνου</span> <span class='ocrx_word' id='word_1_346' title='bbox 1627 4442 1722 4496; x_wconf 89' lang='grc' dir='ltr'><strong>τοῦ</strong></span> <span class='ocrx_word' id='word_1_347' title='bbox 1748 4442 1881 4513; x_wconf 74' lang='grc' dir='ltr'>περὶ</span> 
     </span>
    </p>
   </div>
   <div class='ocr_carea' id='block_1_49' title="bbox 1956 563 3549 638">
    <p class='ocr_par' dir='ltr' id='par_1_49' title="bbox 1956 563 3549 638">
     <span class='ocr_line' id='line_1_49' title="bbox 1956 563 3549 638; baseline 0.002 -18"><span class='ocrx_word' id='word_1_348' title='bbox 1956 566 2133 620; x_wconf 83' lang='lat' dir='ltr'><strong>clesiae</strong></span> <span class='ocrx_word' id='word_1_349' title='bbox 2163 565 2343 619; x_wconf 82' lang='lat' dir='ltr'><strong>sedem</strong></span> <span class='ocrx_word' id='word_1_350' title='bbox 2384 575 2618 619; x_wconf 85' lang='lat' dir='ltr'><strong>tenente.</strong></span> <span class='ocrx_word' id='word_1_351' title='bbox 2641 563 2915 634; x_wconf 67' lang='lat' dir='ltr'><strong>Praecepta</strong></span> <span class='ocrx_word' id='word_1_352' title='bbox 2959 565 3203 634; x_wconf 67' lang='lat' dir='ltr'><strong>quaadam</strong></span> <span class='ocrx_word' id='word_1_353' title='bbox 3252 567 3549 638; x_wconf 78' lang='lat' dir='ltr'><strong>imperator</strong></span> 
     </span>
    </p>
   </div>
   <div class='ocr_carea' id='block_1_50' title="bbox 1957 655 3550 729">
    <p class='ocr_par' dir='ltr' id='par_1_50' title="bbox 1957 655 3550 729">
     <span class='ocr_line' id='line_1_50' title="bbox 1957 655 3550 729; baseline 0.003 -19"><span class='ocrx_word' id='word_1_354' title='bbox 1957 656 2217 711; x_wconf 82' lang='lat' dir='ltr'><strong>Mauricio</strong></span> <span class='ocrx_word' id='word_1_355' title='bbox 2251 657 2419 724; x_wconf 80' lang='lat' dir='ltr'><strong>dedit,</strong></span> <span class='ocrx_word' id='word_1_356' title='bbox 2446 655 2666 710; x_wconf 83' lang='lat' dir='ltr'><strong>Joannis</strong></span> <span class='ocrx_word' id='word_1_357' title='bbox 2699 656 2985 725; x_wconf 51' lang='lat' dir='ltr'><strong>quaestoris</strong></span> <span class='ocrx_word' id='word_1_358' title='bbox 3019 658 3084 710; x_wconf 89' lang='lat' dir='ltr'><strong>ad</strong></span> <span class='ocrx_word' id='word_1_359' title='bbox 3119 673 3238 713; x_wconf 88' lang='lat' dir='ltr'><strong>eam</strong></span> <span class='ocrx_word' id='word_1_360' title='bbox 3275 675 3387 713; x_wconf 88' lang='lat' dir='ltr'><strong>rem</strong></span> <span class='ocrx_word' id='word_1_361' title='bbox 3421 676 3550 729; x_wconf 86' lang='lat' dir='ltr'><strong>ope-</strong></span> 
     </span>
    </p>
   </div>
   <div class='ocr_carea' id='block_1_51' title="bbox 1959 749 3552 823">
    <p class='ocr_par' dir='ltr' id='par_1_51' title="bbox 1959 749 3552 823">
     <span class='ocr_line' id='line_1_51' title="bbox 1959 749 3552 823; baseline 0.003 -19"><span class='ocrx_word' id='word_1_362' title='bbox 1959 765 2017 804; x_wconf 88' lang='lat' dir='ltr'><strong>ra</strong></span> <span class='ocrx_word' id='word_1_363' title='bbox 2070 766 2221 812; x_wconf 90' lang='lat' dir='ltr'><strong>usus,</strong></span> <span class='ocrx_word' id='word_1_364' title='bbox 2274 751 2366 817; x_wconf 86' lang='lat' dir='ltr'><strong>qui</strong></span> <span class='ocrx_word' id='word_1_365' title='bbox 2423 750 2488 803; x_wconf 86' lang='lat' dir='ltr'><strong>ad</strong></span> <span class='ocrx_word' id='word_1_366' title='bbox 2539 749 2857 804; x_wconf 80' lang='lat' dir='ltr'><strong>Mauricium</strong></span> <span class='ocrx_word' id='word_1_367' title='bbox 2918 751 3115 819; x_wconf 91' lang='lat' dir='ltr'><strong>ipsum,</strong></span> <span class='ocrx_word' id='word_1_368' title='bbox 3186 752 3552 823; x_wconf 78' lang='lat' dir='ltr'><strong>populumque</strong></span> 
     </span>
    </p>
   </div>
   <div class='ocr_carea' id='block_1_52' title="bbox 1959 842 3546 912">
    <p class='ocr_par' dir='ltr' id='par_1_52' title="bbox 1959 842 3546 912">
     <span class='ocr_line' id='line_1_52' title="bbox 1959 842 3546 912; baseline 0.002 -17"><span class='ocrx_word' id='word_1_369' title='bbox 1959 842 2123 897; x_wconf 88' lang='lat' dir='ltr'><strong>verba</strong></span> <span class='ocrx_word' id='word_1_370' title='bbox 2175 842 2376 907; x_wconf 86' lang='lat' dir='ltr'><strong>facere,</strong></span> <span class='ocrx_word' id='word_1_371' title='bbox 2417 842 2762 911; x_wconf 76' lang='lat' dir='ltr'><strong>imperatoris</strong></span> <span class='ocrx_word' id='word_1_372' title='bbox 2812 843 2932 898; x_wconf 91' lang='lat' dir='ltr'><strong>loco</strong></span> <span class='ocrx_word' id='word_1_373' title='bbox 2971 843 3159 912; x_wconf 88' lang='lat' dir='ltr'><strong>jussus</strong></span> <span class='ocrx_word' id='word_1_374' title='bbox 3204 854 3307 899; x_wconf 89' lang='lat' dir='ltr'><strong>est.</strong></span> <span class='ocrx_word' id='word_1_375' title='bbox 3354 844 3546 899; x_wconf 88' lang='lat' dir='ltr'><strong>Filiam</strong></span> 
     </span>
    </p>
   </div>
   <div class='ocr_carea' id='block_1_53' title="bbox 1960 935 3551 1006">
    <p class='ocr_par' dir='ltr' id='par_1_53' title="bbox 1960 935 3551 1006">
     <span class='ocr_line' id='line_1_53' title="bbox 1960 935 3551 1006; baseline 0 -16"><span class='ocrx_word' id='word_1_376' title='bbox 1960 935 2222 990; x_wconf 78' lang='lat' dir='ltr'><strong>Mauricio</strong></span> <span class='ocrx_word' id='word_1_377' title='bbox 2275 936 2529 990; x_wconf 87' lang='lat' dir='ltr'><strong>Tiberius</strong></span> <span class='ocrx_word' id='word_1_378' title='bbox 2561 936 2869 1004; x_wconf 75' lang='lat' dir='ltr'><strong>despondit,</strong></span> <span class='ocrx_word' id='word_1_379' title='bbox 2923 945 3246 1005; x_wconf 85' lang='lat' dir='ltr'><strong>posteroque</strong></span> <span class='ocrx_word' id='word_1_380' title='bbox 3277 935 3365 990; x_wconf 91' lang='lat' dir='ltr'><strong>die</strong></span> <span class='ocrx_word' id='word_1_381' title='bbox 3387 952 3551 1006; x_wconf 87' lang='lat' dir='ltr'><strong>quam</strong></span> 
     </span>
    </p>
   </div>
   <div class='ocr_carea' id='block_1_54' title="bbox 1959 1029 3552 1101">
    <p class='ocr_par' dir='ltr' id='par_1_54' title="bbox 1959 1029 3552 1101">
     <span class='ocr_line' id='line_1_54' title="bbox 1959 1029 3552 1101; baseline -0.002 -15"><span class='ocrx_word' id='word_1_382' title='bbox 1959 1042 2179 1086; x_wconf 89' lang='lat' dir='ltr'><strong>creatus</strong></span> <span class='ocrx_word' id='word_1_383' title='bbox 2227 1030 2521 1085; x_wconf 81' lang='lat' dir='ltr'><strong>Mauricius</strong></span> <span class='ocrx_word' id='word_1_384' title='bbox 2554 1038 2657 1095; x_wconf 90' lang='lat' dir='ltr'><strong>est,</strong></span> <span class='ocrx_word' id='word_1_385' title='bbox 2704 1030 2791 1084; x_wconf 86' lang='lat' dir='ltr'><strong>hic</strong></span> <span class='ocrx_word' id='word_1_386' title='bbox 2821 1031 2931 1085; x_wconf 89' lang='lat' dir='ltr'><strong>vita</strong></span> <span class='ocrx_word' id='word_1_387' title='bbox 2961 1031 3196 1085; x_wconf 75' lang='lat' dir='ltr'><strong>decessit</strong></span> <span class='ocrx_word' id='word_1_388' title='bbox 3223 1030 3357 1101; x_wconf 90' lang='lat'><strong>(90).</strong></span> <span class='ocrx_word' id='word_1_389' title='bbox 3392 1029 3552 1083; x_wconf 85' lang='lat' dir='ltr'><strong>Morti</strong></span> 
     </span>
    </p>
   </div>
   <div class='ocr_carea' id='block_1_55' title="bbox 1960 1120 3555 1190">
    <p class='ocr_par' dir='ltr' id='par_1_55' title="bbox 1960 1120 3555 1190">
     <span class='ocr_line' id='line_1_55' title="bbox 1960 1120 3555 1190; baseline -0.003 -11"><span class='ocrx_word' id='word_1_390' title='bbox 1960 1125 2174 1179; x_wconf 87' lang='lat' dir='ltr'><strong>vicinus</strong></span> <span class='ocrx_word' id='word_1_391' title='bbox 2203 1124 2375 1177; x_wconf 92' lang='lat' dir='ltr'><strong>visum</strong></span> <span class='ocrx_word' id='word_1_392' title='bbox 2404 1123 2554 1190; x_wconf 84' lang='lat' dir='ltr'><strong>vidit,</strong></span> <span class='ocrx_word' id='word_1_393' title='bbox 2609 1124 2707 1177; x_wconf 90' lang='lat' dir='ltr'><strong>hac</strong></span> <span class='ocrx_word' id='word_1_394' title='bbox 2747 1124 2892 1177; x_wconf 88' lang='lat' dir='ltr'><strong>edita</strong></span> <span class='ocrx_word' id='word_1_395' title='bbox 2932 1137 3065 1177; x_wconf 93' lang='lat' dir='ltr'><strong>voce</strong></span> <span class='ocrx_word' id='word_1_396' title='bbox 3098 1138 3113 1175; x_wconf 90' lang='lat'><strong>:</strong></span> <span class='ocrx_word' id='word_1_397' title='bbox 3148 1120 3292 1184; x_wconf 87' lang='lat' dir='ltr'><strong>Tibi,</strong></span> <span class='ocrx_word' id='word_1_398' title='bbox 3326 1137 3359 1176; x_wconf 92' lang='grc' dir='ltr'><strong>ο</strong></span> <span class='ocrx_word' id='word_1_399' title='bbox 3388 1120 3555 1176; x_wconf 86' lang='lat' dir='ltr'><strong>Tibe-</strong></span> 
     </span>
    </p>
   </div>
   <div class='ocr_carea' id='block_1_56' title="bbox 1964 1213 3553 1283">
    <p class='ocr_par' dir='ltr' id='par_1_56' title="bbox 1964 1213 3553 1283">
     <span class='ocr_line' id='line_1_56' title="bbox 1964 1213 3553 1283; baseline -0.003 -12"><span class='ocrx_word' id='word_1_400' title='bbox 1964 1218 2032 1283; x_wconf 88' lang='lat' dir='ltr'><strong>ri,</strong></span> <span class='ocrx_word' id='word_1_401' title='bbox 2104 1217 2340 1270; x_wconf 86' lang='lat' dir='ltr'><strong>Trinitas</strong></span> <span class='ocrx_word' id='word_1_402' title='bbox 2394 1216 2534 1269; x_wconf 86' lang='lat' dir='ltr'><strong>l)cns</strong></span> <span class='ocrx_word' id='word_1_403' title='bbox 2602 1216 2834 1277; x_wconf 86' lang='lat' dir='ltr'><strong>nuntiat,</strong></span> <span class='ocrx_word' id='word_1_404' title='bbox 2919 1214 3215 1282; x_wconf 82' lang='lat' dir='ltr'><strong>impietatis</strong></span> <span class='ocrx_word' id='word_1_405' title='bbox 3268 1213 3553 1283; x_wconf 86' lang='lat' dir='ltr'><strong>tyrannica</strong></span> 
     </span>
    </p>
   </div>
   <div class='ocr_carea' id='block_1_57' title="bbox 1965 1306 3557 1380">
    <p class='ocr_par' dir='ltr' id='par_1_57' title="bbox 1965 1306 3557 1380">
     <span class='ocr_line' id='line_1_57' title="bbox 1965 1306 3557 1380; baseline -0.005 -14"><span class='ocrx_word' id='word_1_406' title='bbox 1965 1320 2231 1380; x_wconf 89' lang='lat' dir='ltr'><strong>tempora,</strong></span> <span class='ocrx_word' id='word_1_407' title='bbox 2266 1320 2316 1362; x_wconf 89' lang='lat' dir='ltr'><strong>te</strong></span> <span class='ocrx_word' id='word_1_408' title='bbox 2347 1309 2667 1375; x_wconf 88' lang='lat' dir='ltr'><strong>imperante,</strong></span> <span class='ocrx_word' id='word_1_409' title='bbox 2720 1307 2939 1361; x_wconf 89' lang='lat' dir='ltr'><strong>minime</strong></span> <span class='ocrx_word' id='word_1_410' title='bbox 2968 1318 3212 1362; x_wconf 76' lang='lat' dir='ltr'><strong>ventura.</strong></span> <span class='ocrx_word' id='word_1_411' title='bbox 3258 1306 3557 1362; x_wconf 83' lang='lat' dir='ltr'><strong>Denuntia-</strong></span> 
     </span>
    </p>
   </div>
   <div class='ocr_carea' id='block_1_58' title="bbox 1965 1400 3556 1472">
    <p class='ocr_par' dir='ltr' id='par_1_58' title="bbox 1965 1400 3556 1472">
     <span class='ocr_line' id='line_1_58' title="bbox 1965 1400 3556 1472; baseline -0.004 -15"><span class='ocrx_word' id='word_1_412' title='bbox 1965 1406 2059 1457; x_wconf 87' lang='lat' dir='ltr'><strong>bat</strong></span> <span class='ocrx_word' id='word_1_413' title='bbox 2101 1403 2359 1457; x_wconf 86' lang='lat' dir='ltr'><strong>nimirum</strong></span> <span class='ocrx_word' id='word_1_414' title='bbox 2402 1403 2719 1472; x_wconf 71' lang='lat' dir='ltr'><strong>tragmdiam</strong></span> <span class='ocrx_word' id='word_1_415' title='bbox 2774 1400 2994 1454; x_wconf 67' lang='lat' dir='ltr'><strong>nefaria}</strong></span> <span class='ocrx_word' id='word_1_416' title='bbox 3045 1400 3399 1471; x_wconf 85' lang='lat' dir='ltr'><strong>tyrannidisa</strong></span> <span class='ocrx_word' id='word_1_417' title='bbox 3431 1416 3556 1454; x_wconf 90' lang='lat' dir='ltr'><strong>cru-</strong></span> 
     </span>
    </p>
   </div>
   <div class='ocr_carea' id='block_1_59' title="bbox 1966 1491 3553 1562">
    <p class='ocr_par' dir='ltr' id='par_1_59' title="bbox 1966 1491 3553 1562">
     <span class='ocr_line' id='line_1_59' title="bbox 1966 1491 3553 1562; baseline -0.004 -10"><span class='ocrx_word' id='word_1_418' title='bbox 1966 1496 2068 1552; x_wconf 88' lang='lat' dir='ltr'><strong>deli</strong></span> <span class='ocrx_word' id='word_1_419' title='bbox 2118 1495 2297 1551; x_wconf 87' lang='lat' dir='ltr'><strong>Phoca</strong></span> <span class='ocrx_word' id='word_1_420' title='bbox 2332 1494 2702 1561; x_wconf 78' lang='lat' dir='ltr'><strong>scelerataque</strong></span> <span class='ocrx_word' id='word_1_421' title='bbox 2751 1493 3098 1562; x_wconf 67' lang='lat' dir='ltr'><strong>occupandae.</strong></span> <span class='ocrx_word' id='word_1_422' title='bbox 3149 1492 3284 1548; x_wconf 86' lang='lat' dir='ltr'><strong>Cum</strong></span> <span class='ocrx_word' id='word_1_423' title='bbox 3331 1491 3553 1553; x_wconf 87' lang='lat' dir='ltr'><strong>Aharis.</strong></span> 
     </span>
    </p>
   </div>
   <div class='ocr_carea' id='block_1_60' title="bbox 1965 1583 3558 1663">
    <p class='ocr_par' dir='ltr' id='par_1_60' title="bbox 1965 1583 3558 1663">
     <span class='ocr_line' id='line_1_60' title="bbox 1965 1583 3558 1663; baseline -0.003 -21"><span class='ocrx_word' id='word_1_424' title='bbox 1965 1591 2056 1659; x_wconf 89' lang='lat' dir='ltr'><strong>qui</strong></span> <span class='ocrx_word' id='word_1_425' title='bbox 2078 1589 2189 1656; x_wconf 86' lang='lat' dir='ltr'><strong>jam</strong></span> <span class='ocrx_word' id='word_1_426' title='bbox 2227 1588 2484 1642; x_wconf 90' lang='lat' dir='ltr'><strong>Sirmium</strong></span> <span class='ocrx_word' id='word_1_427' title='bbox 2513 1587 2767 1641; x_wconf 87' lang='lat' dir='ltr'><strong>obsidere</strong></span> <span class='ocrx_word' id='word_1_428' title='bbox 2801 1594 3098 1652; x_wconf 70' lang='lat' dir='ltr'><strong>cmperant,</strong></span> <span class='ocrx_word' id='word_1_429' title='bbox 3134 1583 3558 1663; x_wconf 43' lang='lat' dir='ltr'><strong>inducias‘Mau-</strong></span> 
     </span>
    </p>
   </div>
   <div class='ocr_carea' id='block_1_61' title="bbox 1968 1678 3558 1751">
    <p class='ocr_par' dir='ltr' id='par_1_61' title="bbox 1968 1678 3558 1751">
     <span class='ocr_line' id='line_1_61' title="bbox 1968 1678 3558 1751; baseline -0.005 -15"><span class='ocrx_word' id='word_1_430' title='bbox 1968 1683 2132 1737; x_wconf 88' lang='lat' dir='ltr'><strong>ricius</strong></span> <span class='ocrx_word' id='word_1_431' title='bbox 2177 1681 2326 1745; x_wconf 80' lang='lat' dir='ltr'><strong>fecit,</strong></span> <span class='ocrx_word' id='word_1_432' title='bbox 2381 1697 2442 1736; x_wconf 89' lang='lat' dir='ltr'><strong>ea</strong></span> <span class='ocrx_word' id='word_1_433' title='bbox 2492 1681 2629 1751; x_wconf 83' lang='lat' dir='ltr'><strong>lege,</strong></span> <span class='ocrx_word' id='word_1_434' title='bbox 2681 1690 2739 1733; x_wconf 93' lang='lat' dir='ltr'><strong>ut</strong></span> <span class='ocrx_word' id='word_1_435' title='bbox 2791 1679 3045 1733; x_wconf 85' lang='lat' dir='ltr'><strong>Barbaris</strong></span> <span class='ocrx_word' id='word_1_436' title='bbox 3099 1678 3391 1747; x_wconf 87' lang='lat' dir='ltr'><strong>quotannis</strong></span> <span class='ocrx_word' id='word_1_437' title='bbox 3434 1693 3558 1731; x_wconf 88' lang='lat' dir='ltr'><strong>cum</strong></span> 
     </span>
    </p>
   </div>
   <div class='ocr_carea' id='block_1_62' title="bbox 1969 1770 3560 1841">
    <p class='ocr_par' dir='ltr' id='par_1_62' title="bbox 1969 1770 3560 1841">
     <span class='ocr_line' id='line_1_62' title="bbox 1969 1770 3560 1841; baseline 0.001 -16"><span class='ocrx_word' id='word_1_438' title='bbox 1969 1772 2195 1841; x_wconf 84' lang='lat' dir='ltr'><strong>pecunia</strong></span> <span class='ocrx_word' id='word_1_439' title='bbox 2228 1781 2530 1835; x_wconf 88' lang='lat' dir='ltr'><strong>numerata,</strong></span> <span class='ocrx_word' id='word_1_440' title='bbox 2583 1781 2692 1825; x_wconf 92' lang='lat' dir='ltr'><strong>tum</strong></span> <span class='ocrx_word' id='word_1_441' title='bbox 2728 1770 2993 1837; x_wconf 84' lang='lat' dir='ltr'><strong>vestibus,</strong></span> <span class='ocrx_word' id='word_1_442' title='bbox 3050 1771 3191 1840; x_wconf 80' lang='lat' dir='ltr'><strong>27b</strong></span> <span class='ocrx_word' id='word_1_443' title='bbox 3224 1771 3342 1825; x_wconf 87' lang='lat' dir='ltr'><strong>auri</strong></span> <span class='ocrx_word' id='word_1_444' title='bbox 3382 1770 3560 1841; x_wconf 92' lang='lat' dir='ltr'><strong>pondo</strong></span> 
     </span>
    </p>
   </div>
   <div class='ocr_carea' id='block_1_63' title="bbox 1968 1863 3559 1934">
    <p class='ocr_par' dir='ltr' id='par_1_63' title="bbox 1968 1863 3559 1934">
     <span class='ocr_line' id='line_1_63' title="bbox 1968 1863 3559 1934; baseline 0 -16"><span class='ocrx_word' id='word_1_445' title='bbox 1968 1864 2134 1918; x_wconf 87' lang='lat' dir='ltr'><strong>millia</strong></span> <span class='ocrx_word' id='word_1_446' title='bbox 2174 1864 2447 1933; x_wconf 80' lang='lat' dir='ltr'><strong>octoginta</strong></span> <span class='ocrx_word' id='word_1_447' title='bbox 2483 1864 2763 1934; x_wconf 86' lang='lat' dir='ltr'><strong>penderet.</strong></span> <span class='ocrx_word' id='word_1_448' title='bbox 2818 1863 2968 1931; x_wconf 69' lang='lat' dir='ltr'><strong>Qum,</strong></span> <span class='ocrx_word' id='word_1_449' title='bbox 2998 1880 3118 1919; x_wconf 90' lang='lat' dir='ltr'><strong>cum</strong></span> <span class='ocrx_word' id='word_1_450' title='bbox 3148 1865 3424 1919; x_wconf 86' lang='lat' dir='ltr'><strong>biennium</strong></span> <span class='ocrx_word' id='word_1_451' title='bbox 3473 1866 3559 1919; x_wconf 89' lang='lat' dir='ltr'><strong>in-</strong></span> 
     </span>
    </p>
   </div>
   <div class='ocr_carea' id='block_1_64' title="bbox 1969 1953 3561 2022">
    <p class='ocr_par' dir='ltr' id='par_1_64' title="bbox 1969 1953 3561 2022">
     <span class='ocr_line' id='line_1_64' title="bbox 1969 1953 3561 2022; baseline 0.001 -14"><span class='ocrx_word' id='word_1_452' title='bbox 1969 1953 2141 2008; x_wconf 69' lang='lat' dir='ltr'><strong>ducite</strong></span> <span class='ocrx_word' id='word_1_453' title='bbox 2193 1964 2425 2008; x_wconf 64' lang='lat' dir='ltr'><strong>servata:</strong></span> <span class='ocrx_word' id='word_1_454' title='bbox 2455 1953 2709 2019; x_wconf 85' lang='lat' dir='ltr'><strong>fuissent,</strong></span> <span class='ocrx_word' id='word_1_455' title='bbox 2756 1954 3037 2009; x_wconf 86' lang='lat' dir='ltr'><strong>barbarica</strong></span> <span class='ocrx_word' id='word_1_456' title='bbox 3069 1957 3299 2022; x_wconf 84' lang='lat' dir='ltr'><strong>quadam</strong></span> <span class='ocrx_word' id='word_1_457' title='bbox 3330 1967 3382 2010; x_wconf 90' lang='lat' dir='ltr'><strong>et</strong></span> <span class='ocrx_word' id='word_1_458' title='bbox 3413 1957 3561 2010; x_wconf 82' lang='lat' dir='ltr'><strong>inex-</strong></span> 
     </span>
    </p>
   </div>
   <div class='ocr_carea' id='block_1_65' title="bbox 1969 2044 3559 2115">
    <p class='ocr_par' dir='ltr' id='par_1_65' title="bbox 1969 2044 3559 2115">
     <span class='ocr_line' id='line_1_65' title="bbox 1969 2044 3559 2115; baseline 0.001 -19"><span class='ocrx_word' id='word_1_459' title='bbox 1969 2044 2149 2113; x_wconf 91' lang='lat' dir='ltr'><strong>plebili</strong></span> <span class='ocrx_word' id='word_1_460' title='bbox 2197 2045 2497 2113; x_wconf 86' lang='lat' dir='ltr'><strong>cupiditate</strong></span> <span class='ocrx_word' id='word_1_461' title='bbox 2535 2044 2725 2099; x_wconf 80' lang='lat' dir='ltr'><strong>solutae</strong></span> <span class='ocrx_word' id='word_1_462' title='bbox 2779 2054 2947 2101; x_wconf 87' lang='lat' dir='ltr'><strong>sunt:</strong></span> <span class='ocrx_word' id='word_1_463' title='bbox 2986 2046 3171 2115; x_wconf 78' lang='lat' dir='ltr'><strong>viginti</strong></span> <span class='ocrx_word' id='word_1_464' title='bbox 3214 2047 3359 2100; x_wconf 91' lang='lat' dir='ltr'><strong>enim</strong></span> <span class='ocrx_word' id='word_1_465' title='bbox 3395 2047 3559 2100; x_wconf 84' lang='lat' dir='ltr'><strong>millia</strong></span> 
     </span>
    </p>
   </div>
   <div class='ocr_carea' id='block_1_66' title="bbox 1969 2135 3562 2206">
    <p class='ocr_par' dir='ltr' id='par_1_66' title="bbox 1969 2135 3562 2206">
     <span class='ocr_line' id='line_1_66' title="bbox 1969 2135 3562 2206; baseline 0.001 -17"><span class='ocrx_word' id='word_1_466' title='bbox 1969 2135 2202 2203; x_wconf 85' lang='lat' dir='ltr'><strong>amplius</strong></span> <span class='ocrx_word' id='word_1_467' title='bbox 2236 2135 2316 2206; x_wconf 91' lang='lat' dir='ltr'><strong>(nt</strong></span> <span class='ocrx_word' id='word_1_468' title='bbox 2348 2145 2565 2190; x_wconf 90' lang='lat' dir='ltr'><strong>centum</strong></span> <span class='ocrx_word' id='word_1_469' title='bbox 2606 2135 2812 2206; x_wconf 85' lang='lat' dir='ltr'><strong>essent)</strong></span> <span class='ocrx_word' id='word_1_470' title='bbox 2840 2135 3191 2191; x_wconf 86' lang='lat' dir='ltr'><strong>additamenti</strong></span> <span class='ocrx_word' id='word_1_471' title='bbox 3232 2137 3348 2191; x_wconf 89' lang='lat' dir='ltr'><strong>vice</strong></span> <span class='ocrx_word' id='word_1_472' title='bbox 3373 2147 3562 2206; x_wconf 89' lang='lat' dir='ltr'><strong>postn-</strong></span> 
     </span>
    </p>
   </div>
   <div class='ocr_carea' id='block_1_67' title="bbox 1969 2229 3565 2301">
    <p class='ocr_par' dir='ltr' id='par_1_67' title="bbox 1969 2229 3565 2301">
     <span class='ocr_line' id='line_1_67' title="bbox 1969 2229 3565 2301; baseline 0.002 -19"><span class='ocrx_word' id='word_1_473' title='bbox 1969 2229 2173 2282; x_wconf 88' lang='lat' dir='ltr'><strong>labant.</strong></span> <span class='ocrx_word' id='word_1_474' title='bbox 2222 2229 2357 2284; x_wconf 91' lang='lat' dir='ltr'><strong>llinc</strong></span> <span class='ocrx_word' id='word_1_475' title='bbox 2410 2230 2778 2299; x_wconf 86' lang='lat' dir='ltr'><strong>postissimnm</strong></span> <span class='ocrx_word' id='word_1_476' title='bbox 2836 2239 3005 2298; x_wconf 65' lang='lat' dir='ltr'><strong>rupta:</strong></span> <span class='ocrx_word' id='word_1_477' title='bbox 3061 2230 3337 2296; x_wconf 62' lang='lat' dir='ltr'><strong>inducias,</strong></span> <span class='ocrx_word' id='word_1_478' title='bbox 3367 2241 3565 2301; x_wconf 71' lang='lat' dir='ltr'><strong>capta:-</strong></span> 
     </span>
    </p>
   </div>
   <div class='ocr_carea' id='block_1_68' title="bbox 1969 2322 3562 2392">
    <p class='ocr_par' dir='ltr' id='par_1_68' title="bbox 1969 2322 3562 2392">
     <span class='ocr_line' id='line_1_68' title="bbox 1969 2322 3562 2392; baseline 0.001 -17"><span class='ocrx_word' id='word_1_479' title='bbox 1969 2338 2075 2392; x_wconf 91' lang='lat' dir='ltr'><strong>qne</strong></span> <span class='ocrx_word' id='word_1_480' title='bbox 2110 2342 2137 2378; x_wconf 91' lang='lat' dir='ltr'><strong>a</strong></span> <span class='ocrx_word' id='word_1_481' title='bbox 2170 2323 2430 2379; x_wconf 80' lang='lat' dir='ltr'><strong>Barbaris</strong></span> <span class='ocrx_word' id='word_1_482' title='bbox 2477 2324 2751 2392; x_wconf 77' lang='lat' dir='ltr'><strong>Singedon</strong></span> <span class='ocrx_word' id='word_1_483' title='bbox 2803 2322 3085 2392; x_wconf 90' lang='lat' dir='ltr'><strong>oppidum,</strong></span> <span class='ocrx_word' id='word_1_484' title='bbox 3134 2322 3373 2392; x_wconf 82' lang='lat' dir='ltr'><strong>Augusta</strong></span> <span class='ocrx_word' id='word_1_485' title='bbox 3406 2324 3562 2387; x_wconf 88' lang='lat' dir='ltr'><strong>item,</strong></span> 
     </span>
    </p>
   </div>
   <div class='ocr_carea' id='block_1_69' title="bbox 1969 2413 3565 2484">
    <p class='ocr_par' dir='ltr' id='par_1_69' title="bbox 1969 2413 3565 2484">
     <span class='ocr_line' id='line_1_69' title="bbox 1969 2413 3565 2484; baseline -0.003 -12"><span class='ocrx_word' id='word_1_486' title='bbox 1969 2424 2024 2472; x_wconf 86' lang='lat' dir='ltr'><strong>et</strong></span> <span class='ocrx_word' id='word_1_487' title='bbox 2072 2415 2467 2484; x_wconf 89' lang='lat' dir='ltr'><strong>Viminacium;</strong></span> <span class='ocrx_word' id='word_1_488' title='bbox 2512 2416 2733 2471; x_wconf 85' lang='lat' dir='ltr'><strong>obsessa</strong></span> <span class='ocrx_word' id='word_1_489' title='bbox 2782 2424 2835 2468; x_wconf 87' lang='lat' dir='ltr'><strong>et</strong></span> <span class='ocrx_word' id='word_1_490' title='bbox 2885 2415 3181 2469; x_wconf 85' lang='lat' dir='ltr'><strong>Anchialos</strong></span> <span class='ocrx_word' id='word_1_491' title='bbox 3227 2414 3376 2469; x_wconf 89' lang='lat' dir='ltr'><strong>urbs.</strong></span> <span class='ocrx_word' id='word_1_492' title='bbox 3416 2413 3565 2470; x_wconf 80' lang='lat' dir='ltr'><strong>Missi</strong></span> 
     </span>
    </p>
   </div>
   <div class='ocr_carea' id='block_1_70' title="bbox 1971 2506 3563 2578">
    <p class='ocr_par' dir='ltr' id='par_1_70' title="bbox 1971 2506 3563 2578">
     <span class='ocr_line' id='line_1_70' title="bbox 1971 2506 3563 2578; baseline -0.002 -13"><span class='ocrx_word' id='word_1_493' title='bbox 1971 2511 2341 2566; x_wconf 78' lang='lat' dir='ltr'><strong>Romanorum</strong></span> <span class='ocrx_word' id='word_1_494' title='bbox 2407 2509 2569 2578; x_wconf 82' lang='lat' dir='ltr'><strong>legati</strong></span> <span class='ocrx_word' id='word_1_495' title='bbox 2631 2508 2895 2577; x_wconf 88' lang='lat' dir='ltr'><strong>Elpidius,</strong></span> <span class='ocrx_word' id='word_1_496' title='bbox 2966 2518 3020 2563; x_wconf 86' lang='lat' dir='ltr'><strong>et</strong></span> <span class='ocrx_word' id='word_1_497' title='bbox 3071 2506 3446 2564; x_wconf 84' lang='lat' dir='ltr'><strong>Comentiolus</strong></span> <span class='ocrx_word' id='word_1_498' title='bbox 3498 2510 3563 2563; x_wconf 83' lang='lat' dir='ltr'><strong>ad</strong></span> 
     </span>
    </p>
   </div>
   <div class='ocr_carea' id='block_1_71' title="bbox 1968 2600 3569 2672">
    <p class='ocr_par' dir='ltr' id='par_1_71' title="bbox 1968 2600 3569 2672">
     <span class='ocr_line' id='line_1_71' title="bbox 1968 2600 3569 2672; baseline 0 -16"><span class='ocrx_word' id='word_1_499' title='bbox 1968 2603 2273 2657; x_wconf 87' lang='lat' dir='ltr'><strong>Abarorum</strong></span> <span class='ocrx_word' id='word_1_500' title='bbox 2332 2601 2671 2672; x_wconf 80' lang='lat' dir='ltr'><strong>Chaganum,</strong></span> <span class='ocrx_word' id='word_1_501' title='bbox 2723 2600 2837 2670; x_wconf 85' lang='lat' dir='ltr'><strong>qui,</strong></span> <span class='ocrx_word' id='word_1_502' title='bbox 2891 2601 3033 2670; x_wconf 90' lang='lat' dir='ltr'><strong>quod</strong></span> <span class='ocrx_word' id='word_1_503' title='bbox 3080 2600 3300 2656; x_wconf 91' lang='lat' dir='ltr'><strong>liberius</strong></span> <span class='ocrx_word' id='word_1_504' title='bbox 3356 2602 3569 2657; x_wconf 89' lang='lat' dir='ltr'><strong>locutus</strong></span> 
     </span>
    </p>
   </div>
   <div class='ocr_carea' id='block_1_72' title="bbox 1971 2692 3569 2765">
    <p class='ocr_par' dir='ltr' id='par_1_72' title="bbox 1971 2692 3569 2765">
     <span class='ocr_line' id='line_1_72' title="bbox 1971 2692 3569 2765; baseline 0.001 -17"><span class='ocrx_word' id='word_1_505' title='bbox 1971 2696 2115 2765; x_wconf 89' lang='lat' dir='ltr'><strong>apud</strong></span> <span class='ocrx_word' id='word_1_506' title='bbox 2162 2694 2462 2749; x_wconf 87' lang='lat' dir='ltr'><strong>Barbarum</strong></span> <span class='ocrx_word' id='word_1_507' title='bbox 2530 2692 2902 2747; x_wconf 86' lang='lat' dir='ltr'><strong>Comentiolus</strong></span> <span class='ocrx_word' id='word_1_508' title='bbox 2950 2703 3115 2757; x_wconf 88' lang='lat' dir='ltr'><strong>esset,</strong></span> <span class='ocrx_word' id='word_1_509' title='bbox 3177 2695 3569 2750; x_wconf 89' lang='lat' dir='ltr'><strong>contumeliose</strong></span> 
     </span>
    </p>
   </div>
   <div class='ocr_carea' id='block_1_73' title="bbox 1971 2780 3567 2855">
    <p class='ocr_par' dir='ltr' id='par_1_73' title="bbox 1971 2780 3567 2855">
     <span class='ocr_line' id='line_1_73' title="bbox 1971 2780 3567 2855; baseline 0 -18"><span class='ocrx_word' id='word_1_510' title='bbox 1971 2784 2200 2853; x_wconf 89' lang='lat' dir='ltr'><strong>accepti.</strong></span> <span class='ocrx_word' id='word_1_511' title='bbox 2232 2783 2490 2837; x_wconf 84' lang='lat' dir='ltr'><strong>Vertente</strong></span> <span class='ocrx_word' id='word_1_512' title='bbox 2532 2798 2699 2846; x_wconf 87' lang='lat' dir='ltr'><strong>anno,</strong></span> <span class='ocrx_word' id='word_1_513' title='bbox 2731 2780 2973 2850; x_wconf 85' lang='lat' dir='ltr'><strong>Elpidius</strong></span> <span class='ocrx_word' id='word_1_514' title='bbox 3009 2799 3222 2837; x_wconf 85' lang='lat' dir='ltr'><strong>rursum</strong></span> <span class='ocrx_word' id='word_1_515' title='bbox 3258 2784 3323 2837; x_wconf 87' lang='lat' dir='ltr'><strong>ad</strong></span> <span class='ocrx_word' id='word_1_516' title='bbox 3352 2783 3567 2855; x_wconf 77' lang='lat' dir='ltr'><strong>Cliaga-</strong></span> 
     </span>
    </p>
   </div>
   <div class='ocr_carea' id='block_1_74' title="bbox 1973 2871 3564 2944">
    <p class='ocr_par' dir='ltr' id='par_1_74' title="bbox 1973 2871 3564 2944">
     <span class='ocr_line' id='line_1_74' title="bbox 1973 2871 3564 2944; baseline 0 -14"><span class='ocrx_word' id='word_1_517' title='bbox 1973 2892 2100 2931; x_wconf 91' lang='lat' dir='ltr'><strong>num</strong></span> <span class='ocrx_word' id='word_1_518' title='bbox 2156 2876 2210 2929; x_wconf 93' lang='lat' dir='ltr'><strong>in</strong></span> <span class='ocrx_word' id='word_1_519' title='bbox 2266 2875 2589 2943; x_wconf 84' lang='lat' dir='ltr'><strong>legationem</strong></span> <span class='ocrx_word' id='word_1_520' title='bbox 2660 2871 2956 2942; x_wconf 80' lang='lat' dir='ltr'><strong>profeCtus,</strong></span> <span class='ocrx_word' id='word_1_521' title='bbox 3040 2875 3229 2944; x_wconf 83' lang='lat' dir='ltr'><strong>viginti</strong></span> <span class='ocrx_word' id='word_1_522' title='bbox 3283 2891 3342 2930; x_wconf 90' lang='lat' dir='ltr'><strong>se</strong></span> <span class='ocrx_word' id='word_1_523' title='bbox 3400 2876 3564 2930; x_wconf 91' lang='lat' dir='ltr'><strong>millia</strong></span> 
     </span>
    </p>
   </div>
   <div class='ocr_carea' id='block_1_75' title="bbox 1973 2965 3564 3038">
    <p class='ocr_par' dir='ltr' id='par_1_75' title="bbox 1973 2965 3564 3038">
     <span class='ocr_line' id='line_1_75' title="bbox 1973 2965 3564 3038; baseline -0.002 -14"><span class='ocrx_word' id='word_1_524' title='bbox 1973 2970 2281 3024; x_wconf 88' lang='lat' dir='ltr'><strong>additurum</strong></span> <span class='ocrx_word' id='word_1_525' title='bbox 2361 2967 2656 3036; x_wconf 87' lang='lat' dir='ltr'><strong>quotannis</strong></span> <span class='ocrx_word' id='word_1_526' title='bbox 2731 2965 3078 3033; x_wconf 89' lang='lat' dir='ltr'><strong>pollicetur:</strong></span> <span class='ocrx_word' id='word_1_527' title='bbox 3130 2978 3184 3022; x_wconf 92' lang='lat' dir='ltr'><strong>et</strong></span> <span class='ocrx_word' id='word_1_528' title='bbox 3253 2968 3564 3038; x_wconf 78' lang='lat' dir='ltr'><strong>Targetinm</strong></span> 
     </span>
    </p>
   </div>
   <div class='ocr_carea' id='block_1_76' title="bbox 1974 3057 3566 3129">
    <p class='ocr_par' dir='ltr' id='par_1_76' title="bbox 1974 3057 3566 3129">
     <span class='ocr_line' id='line_1_76' title="bbox 1974 3057 3566 3129; baseline 0.001 -17"><span class='ocrx_word' id='word_1_529' title='bbox 1974 3058 2264 3129; x_wconf 87' lang='lat' dir='ltr'><strong>quemdam</strong></span> <span class='ocrx_word' id='word_1_530' title='bbox 2299 3057 2529 3129; x_wconf 84' lang='lat' dir='ltr'><strong>legatum</strong></span> <span class='ocrx_word' id='word_1_531' title='bbox 2572 3060 2639 3111; x_wconf 88' lang='lat' dir='ltr'><strong>ab</strong></span> <span class='ocrx_word' id='word_1_532' title='bbox 2671 3059 2867 3112; x_wconf 87' lang='lat' dir='ltr'><strong>Abaris</strong></span> <span class='ocrx_word' id='word_1_533' title='bbox 2900 3057 3192 3128; x_wconf 86' lang='lat' dir='ltr'><strong>accipiens,</strong></span> <span class='ocrx_word' id='word_1_534' title='bbox 3241 3059 3566 3113; x_wconf 85' lang='lat' dir='ltr'><strong>Constanti-</strong></span> 
     </span>
    </p>
   </div>
   <div class='ocr_carea' id='block_1_77' title="bbox 1978 3148 3566 3219">
    <p class='ocr_par' dir='ltr' id='par_1_77' title="bbox 1978 3148 3566 3219">
     <span class='ocr_line' id='line_1_77' title="bbox 1978 3148 3566 3219; baseline 0.001 -16"><span class='ocrx_word' id='word_1_535' title='bbox 1978 3150 2215 3219; x_wconf 87' lang='lat' dir='ltr'><strong>nopolim</strong></span> <span class='ocrx_word' id='word_1_536' title='bbox 2262 3150 2428 3203; x_wconf 90' lang='lat' dir='ltr'><strong>misit.</strong></span> <span class='ocrx_word' id='word_1_537' title='bbox 2480 3148 2775 3218; x_wconf 80' lang='lat' dir='ltr'><strong>Postquam</strong></span> <span class='ocrx_word' id='word_1_538' title='bbox 2826 3165 2953 3203; x_wconf 85' lang='lat' dir='ltr'><strong>vero</strong></span> <span class='ocrx_word' id='word_1_539' title='bbox 2984 3149 3146 3204; x_wconf 86' lang='lat' dir='ltr'><strong>Abari</strong></span> <span class='ocrx_word' id='word_1_540' title='bbox 3193 3148 3566 3205; x_wconf 83' lang='lat' dir='ltr'><strong>Romanorum</strong></span> 
     </span>
    </p>
   </div>
   <div class='ocr_carea' id='block_1_78' title="bbox 1976 3242 3565 3312">
    <p class='ocr_par' dir='ltr' id='par_1_78' title="bbox 1976 3242 3565 3312">
     <span class='ocr_line' id='line_1_78' title="bbox 1976 3242 3565 3312; baseline 0 -17"><span class='ocrx_word' id='word_1_541' title='bbox 1976 3257 2155 3312; x_wconf 81' lang='lat' dir='ltr'><strong>agros,</strong></span> <span class='ocrx_word' id='word_1_542' title='bbox 2208 3242 2419 3311; x_wconf 61' lang='lat' dir='ltr'><strong>praedas</strong></span> <span class='ocrx_word' id='word_1_543' title='bbox 2476 3256 2697 3312; x_wconf 82' lang='lat' dir='ltr'><strong>magnas</strong></span> <span class='ocrx_word' id='word_1_544' title='bbox 2760 3253 3002 3311; x_wconf 85' lang='lat' dir='ltr'><strong>agentes,</strong></span> <span class='ocrx_word' id='word_1_545' title='bbox 3083 3242 3456 3311; x_wconf 85' lang='lat' dir='ltr'><strong>diripuissent,</strong></span> <span class='ocrx_word' id='word_1_546' title='bbox 3514 3244 3565 3297; x_wconf 90' lang='lat' dir='ltr'><strong>in</strong></span> 
     </span>
    </p>
   </div>
   <div class='ocr_carea' id='block_1_79' title="bbox 1975 3332 3564 3404">
    <p class='ocr_par' dir='ltr' id='par_1_79' title="bbox 1975 3332 3564 3404">
     <span class='ocr_line' id='line_1_79' title="bbox 1975 3332 3564 3404; baseline -0.001 -14"><span class='ocrx_word' id='word_1_547' title='bbox 1975 3334 2286 3390; x_wconf 87' lang='lat' dir='ltr'><strong>Chalcidem</strong></span> <span class='ocrx_word' id='word_1_548' title='bbox 2325 3332 2557 3387; x_wconf 88' lang='lat' dir='ltr'><strong>insulam</strong></span> <span class='ocrx_word' id='word_1_549' title='bbox 2601 3332 2888 3403; x_wconf 86' lang='lat' dir='ltr'><strong>Targetius</strong></span> <span class='ocrx_word' id='word_1_550' title='bbox 2915 3336 3251 3404; x_wconf 86' lang='lat' dir='ltr'><strong>deportatur,</strong></span> <span class='ocrx_word' id='word_1_551' title='bbox 3279 3352 3375 3389; x_wconf 74' lang='lat' dir='ltr'><strong>sex</strong></span> <span class='ocrx_word' id='word_1_552' title='bbox 3414 3351 3564 3391; x_wconf 89' lang='lat' dir='ltr'><strong>men-</strong></span> 
     </span>
    </p>
   </div>
   <div class='ocr_carea' id='block_1_80' title="bbox 1975 3427 3568 3483">
    <p class='ocr_par' dir='ltr' id='par_1_80' title="bbox 1975 3427 3568 3483">
     <span class='ocr_line' id='line_1_80' title="bbox 1975 3427 3568 3483; baseline 0 0"><span class='ocrx_word' id='word_1_553' title='bbox 1975 3429 2115 3483; x_wconf 88' lang='lat' dir='ltr'><strong>sium</strong></span> <span class='ocrx_word' id='word_1_554' title='bbox 2168 3427 2241 3481; x_wconf 91' lang='lat' dir='ltr'><strong>illi</strong></span> <span class='ocrx_word' id='word_1_555' title='bbox 2277 3427 2470 3482; x_wconf 82' lang='lat' dir='ltr'><strong>exsilio</strong></span> <span class='ocrx_word' id='word_1_556' title='bbox 2521 3429 2762 3482; x_wconf 89' lang='lat' dir='ltr'><strong>decreto.</strong></span> <span class='ocrx_word' id='word_1_557' title='bbox 2819 3428 3190 3483; x_wconf 89' lang='lat' dir='ltr'><strong>Comentiolus</strong></span> <span class='ocrx_word' id='word_1_558' title='bbox 3234 3429 3429 3483; x_wconf 84' lang='lat' dir='ltr'><strong>deinde</strong></span> <span class='ocrx_word' id='word_1_559' title='bbox 3473 3431 3568 3483; x_wconf 87' lang='lat' dir='ltr'><strong>ad-</strong></span> 
     </span>
    </p>
   </div>
   <div class='ocr_carea' id='block_1_81' title="bbox 1976 3518 3569 3588">
    <p class='ocr_par' dir='ltr' id='par_1_81' title="bbox 1976 3518 3569 3588">
     <span class='ocr_line' id='line_1_81' title="bbox 1976 3518 3569 3588; baseline 0.001 -15"><span class='ocrx_word' id='word_1_560' title='bbox 1976 3535 2166 3574; x_wconf 90' lang='lat' dir='ltr'><strong>versus</strong></span> <span class='ocrx_word' id='word_1_561' title='bbox 2213 3518 2440 3574; x_wconf 89' lang='lat' dir='ltr'><strong>Sclavos</strong></span> <span class='ocrx_word' id='word_1_562' title='bbox 2467 3519 2572 3573; x_wconf 83' lang='lat' dir='ltr'><strong>dux</strong></span> <span class='ocrx_word' id='word_1_563' title='bbox 2610 3529 2850 3586; x_wconf 87' lang='lat' dir='ltr'><strong>creatus,</strong></span> <span class='ocrx_word' id='word_1_564' title='bbox 2880 3535 2990 3573; x_wconf 89' lang='lat' dir='ltr'><strong>rem</strong></span> <span class='ocrx_word' id='word_1_565' title='bbox 3024 3519 3283 3588; x_wconf 78' lang='lat' dir='ltr'><strong>praeclare</strong></span> <span class='ocrx_word' id='word_1_566' title='bbox 3326 3520 3569 3574; x_wconf 78' lang='lat' dir='ltr'><strong>fortiter-</strong></span> 
     </span>
    </p>
   </div>
   <div class='ocr_carea' id='block_1_82' title="bbox 1976 3612 3571 3683">
    <p class='ocr_par' dir='ltr' id='par_1_82' title="bbox 1976 3612 3571 3683">
     <span class='ocr_line' id='line_1_82' title="bbox 1976 3612 3571 3683; baseline 0.002 -17"><span class='ocrx_word' id='word_1_567' title='bbox 1976 3628 2080 3682; x_wconf 90' lang='lat' dir='ltr'><strong>que</strong></span> <span class='ocrx_word' id='word_1_568' title='bbox 2109 3615 2296 3683; x_wconf 80' lang='lat' dir='ltr'><strong>gessit.</strong></span> <span class='ocrx_word' id='word_1_569' title='bbox 2344 3614 2536 3667; x_wconf 86' lang='lat' dir='ltr'><strong>Pacem</strong></span> <span class='ocrx_word' id='word_1_570' title='bbox 2583 3615 2777 3668; x_wconf 89' lang='lat' dir='ltr'><strong>iterum</strong></span> <span class='ocrx_word' id='word_1_571' title='bbox 2823 3628 2947 3666; x_wconf 91' lang='lat' dir='ltr'><strong>cum</strong></span> <span class='ocrx_word' id='word_1_572' title='bbox 2979 3613 3237 3668; x_wconf 84' lang='lat' dir='ltr'><strong>Romanis</strong></span> <span class='ocrx_word' id='word_1_573' title='bbox 3282 3612 3571 3682; x_wconf 82' lang='lat' dir='ltr'><strong>Chaganus</strong></span> 
     </span>
    </p>
   </div>
   <div class='ocr_carea' id='block_1_83' title="bbox 1979 3703 3572 3773">
    <p class='ocr_par' dir='ltr' id='par_1_83' title="bbox 1979 3703 3572 3773">
     <span class='ocr_line' id='line_1_83' title="bbox 1979 3703 3572 3773; baseline -0.001 -13"><span class='ocrx_word' id='word_1_574' title='bbox 1979 3707 2180 3761; x_wconf 84' lang='lat' dir='ltr'><strong>turbat.</strong></span> <span class='ocrx_word' id='word_1_575' title='bbox 2237 3705 2399 3760; x_wconf 71' lang='lat' dir='ltr'><strong>Refer</strong></span> <span class='ocrx_word' id='word_1_576' title='bbox 2451 3715 2643 3760; x_wconf 86' lang='lat' dir='ltr'><strong>auctor</strong></span> <span class='ocrx_word' id='word_1_577' title='bbox 2681 3705 2751 3759; x_wconf 90' lang='lat' dir='ltr'><strong>de</strong></span> <span class='ocrx_word' id='word_1_578' title='bbox 2799 3703 3127 3758; x_wconf 87' lang='lat' dir='ltr'><strong>Boscolobra</strong></span> <span class='ocrx_word' id='word_1_579' title='bbox 3177 3718 3351 3773; x_wconf 77' lang='lat' dir='ltr'><strong>mago,</strong></span> <span class='ocrx_word' id='word_1_580' title='bbox 3395 3713 3451 3757; x_wconf 88' lang='lat' dir='ltr'><strong>et</strong></span> <span class='ocrx_word' id='word_1_581' title='bbox 3506 3705 3572 3759; x_wconf 85' lang='lat' dir='ltr'><strong>de</strong></span> 
     </span>
    </p>
   </div>
   <div class='ocr_carea' id='block_1_84' title="bbox 1979 3796 3577 3867">
    <p class='ocr_par' dir='ltr' id='par_1_84' title="bbox 1979 3796 3577 3867">
     <span class='ocr_line' id='line_1_84' title="bbox 1979 3796 3577 3867; baseline -0.002 -14"><span class='ocrx_word' id='word_1_582' title='bbox 1979 3800 2270 3853; x_wconf 84' lang='lat' dir='ltr'><strong>multarum</strong></span> <span class='ocrx_word' id='word_1_583' title='bbox 2326 3799 2538 3853; x_wconf 89' lang='lat' dir='ltr'><strong>urbium</strong></span> <span class='ocrx_word' id='word_1_584' title='bbox 2572 3798 2941 3852; x_wconf 77' lang='lat' dir='ltr'><strong>Romanorum</strong></span> <span class='ocrx_word' id='word_1_585' title='bbox 2978 3810 3073 3867; x_wconf 89' lang='lat' dir='ltr'><strong>per</strong></span> <span class='ocrx_word' id='word_1_586' title='bbox 3104 3796 3374 3850; x_wconf 86' lang='lat' dir='ltr'><strong>Barbaros</strong></span> <span class='ocrx_word' id='word_1_587' title='bbox 3413 3811 3577 3866; x_wconf 55' lang='lat' dir='ltr'><strong>expue</strong></span> 
     </span>
    </p>
   </div>
   <div class='ocr_carea' id='block_1_85' title="bbox 1984 3892 3313 3960">
    <p class='ocr_par' dir='ltr' id='par_1_85' title="bbox 1984 3892 3313 3960">
     <span class='ocr_line' id='line_1_85' title="bbox 1984 3892 3313 3960; baseline 0.002 -16"><span class='ocrx_word' id='word_1_588' title='bbox 1984 3892 2259 3960; x_wconf 79' lang='lat' dir='ltr'><strong>gnatione.</strong></span> <span class='ocrx_word' id='word_1_589' title='bbox 3306 3892 3313 3899; x_wconf 77' lang='grc'><em>’</em></span> 
     </span>
    </p>
   </div>
   <div class='ocr_carea' id='block_1_86' title="bbox 2049 3980 3574 4053">
    <p class='ocr_par' dir='ltr' id='par_1_86' title="bbox 2049 3980 3574 4053">
     <span class='ocr_line' id='line_1_86' title="bbox 2049 3980 3574 4053; baseline -0.002 -16"><span class='ocrx_word' id='word_1_590' title='bbox 2049 3983 2246 4037; x_wconf 82' lang='lat' dir='ltr'><strong>Narrat</strong></span> <span class='ocrx_word' id='word_1_591' title='bbox 2288 3998 2450 4053; x_wconf 89' lang='lat' dir='ltr'><strong>porro</strong></span> <span class='ocrx_word' id='word_1_592' title='bbox 2480 3983 2769 4037; x_wconf 84' lang='lat' dir='ltr'><strong>Persarum</strong></span> <span class='ocrx_word' id='word_1_593' title='bbox 2810 3980 3289 4051; x_wconf 80' lang='lat' dir='ltr'><strong>Romanorumque</strong></span> <span class='ocrx_word' id='word_1_594' title='bbox 3329 3981 3574 4052; x_wconf 67' lang='lat' dir='ltr'><strong>praalium</strong></span> 
     </span>
    </p>
   </div>
   <div class='ocr_carea' id='block_1_87' title="bbox 1980 4072 3577 4146">
    <p class='ocr_par' dir='ltr' id='par_1_87' title="bbox 1980 4072 3577 4146">
     <span class='ocr_line' id='line_1_87' title="bbox 1980 4072 3577 4146; baseline -0.003 -17"><span class='ocrx_word' id='word_1_595' title='bbox 1980 4076 2045 4129; x_wconf 88' lang='lat' dir='ltr'><strong>ad</strong></span> <span class='ocrx_word' id='word_1_596' title='bbox 2094 4074 2420 4146; x_wconf 86' lang='lat' dir='ltr'><strong>Nymphium</strong></span> <span class='ocrx_word' id='word_1_597' title='bbox 2476 4074 2671 4129; x_wconf 84' lang='lat' dir='ltr'><strong>ﬂumen</strong></span> <span class='ocrx_word' id='word_1_598' title='bbox 2704 4073 2840 4145; x_wconf 78' lang='lat'><strong>(91).</strong></span> <span class='ocrx_word' id='word_1_599' title='bbox 2884 4072 3110 4142; x_wconf 84' lang='lat' dir='ltr'><strong>Nuptias</strong></span> <span class='ocrx_word' id='word_1_600' title='bbox 3147 4073 3275 4128; x_wconf 89' lang='lat' dir='ltr'><strong>item</strong></span> <span class='ocrx_word' id='word_1_601' title='bbox 3305 4072 3577 4137; x_wconf 85' lang='lat' dir='ltr'><strong>Mauricii,</strong></span> 
     </span>
    </p>
   </div>
   <div class='ocr_carea' id='block_1_88' title="bbox 1980 4166 3573 4222">
    <p class='ocr_par' dir='ltr' id='par_1_88' title="bbox 1980 4166 3573 4222">
     <span class='ocr_line' id='line_1_88' title="bbox 1980 4166 3573 4222; baseline -0.001 0"><span class='ocrx_word' id='word_1_602' title='bbox 1980 4178 2035 4222; x_wconf 93' lang='lat' dir='ltr'><strong>et</strong></span> <span class='ocrx_word' id='word_1_603' title='bbox 2088 4166 2465 4222; x_wconf 66' lang='lat' dir='ltr'><strong>Constantina:</strong></span> <span class='ocrx_word' id='word_1_604' title='bbox 2516 4167 2717 4221; x_wconf 89' lang='lat' dir='ltr'><strong>Tiberii</strong></span> <span class='ocrx_word' id='word_1_605' title='bbox 2756 4167 2899 4222; x_wconf 70' lang='lat' dir='ltr'><strong>ﬁliae.</strong></span> <span class='ocrx_word' id='word_1_606' title='bbox 2952 4166 3141 4221; x_wconf 83' lang='lat' dir='ltr'><strong>Refert</strong></span> <span class='ocrx_word' id='word_1_607' title='bbox 3177 4176 3230 4222; x_wconf 91' lang='lat' dir='ltr'><strong>et</strong></span> <span class='ocrx_word' id='word_1_608' title='bbox 3263 4166 3573 4222; x_wconf 88' lang='lat' dir='ltr'><strong>incendium</strong></span> 
     </span>
    </p>
   </div>
   <div class='ocr_carea' id='block_1_89' title="bbox 1983 4259 3575 4330">
    <p class='ocr_par' dir='ltr' id='par_1_89' title="bbox 1983 4259 3575 4330">
     <span class='ocr_line' id='line_1_89' title="bbox 1983 4259 3575 4330; baseline -0.001 -14"><span class='ocrx_word' id='word_1_609' title='bbox 1983 4262 2034 4316; x_wconf 89' lang='lat' dir='ltr'><strong>in</strong></span> <span class='ocrx_word' id='word_1_610' title='bbox 2069 4261 2187 4315; x_wconf 89' lang='lat' dir='ltr'><strong>l&#39;oro</strong></span> <span class='ocrx_word' id='word_1_611' title='bbox 2218 4269 2425 4326; x_wconf 88' lang='lat' dir='ltr'><strong>natum,</strong></span> <span class='ocrx_word' id='word_1_612' title='bbox 2463 4260 2563 4315; x_wconf 89' lang='lat' dir='ltr'><strong>sub</strong></span> <span class='ocrx_word' id='word_1_613' title='bbox 2588 4259 2800 4313; x_wconf 83' lang='lat' dir='ltr'><strong>initium</strong></span> <span class='ocrx_word' id='word_1_614' title='bbox 2828 4261 3042 4330; x_wconf 88' lang='lat' dir='ltr'><strong>imperii</strong></span> <span class='ocrx_word' id='word_1_615' title='bbox 3075 4259 3323 4316; x_wconf 83' lang='lat' dir='ltr'><strong>Mauricii</strong></span> <span class='ocrx_word' id='word_1_616' title='bbox 3384 4261 3575 4330; x_wconf 75' lang='lat' dir='ltr'><strong>Angu~</strong></span> 
     </span>
    </p>
   </div>
   <div class='ocr_carea' id='block_1_90' title="bbox 1994 4350 3575 4424">
    <p class='ocr_par' dir='ltr' id='par_1_90' title="bbox 1994 4350 3575 4424">
     <span class='ocr_line' id='line_1_90' title="bbox 1994 4350 3575 4424; baseline -0.002 -17"><span class='ocrx_word' id='word_1_617' title='bbox 1994 4353 2064 4408; x_wconf 91' lang='lat' dir='ltr'><strong>sti</strong></span> <span class='ocrx_word' id='word_1_618' title='bbox 2099 4352 2234 4424; x_wconf 71' lang='lat'><strong>(92).</strong></span> <span class='ocrx_word' id='word_1_619' title='bbox 2277 4353 2353 4407; x_wconf 91' lang='lat' dir='ltr'><strong>De</strong></span> <span class='ocrx_word' id='word_1_620' title='bbox 2402 4350 2613 4405; x_wconf 88' lang='lat' dir='ltr'><strong>Paulini</strong></span> <span class='ocrx_word' id='word_1_621' title='bbox 2650 4350 2874 4405; x_wconf 80' lang='lat' dir='ltr'><strong>veneﬁci</strong></span> <span class='ocrx_word' id='word_1_622' title='bbox 2927 4366 3077 4416; x_wconf 87' lang='lat' dir='ltr'><strong>nece,</strong></span> <span class='ocrx_word' id='word_1_623' title='bbox 3124 4360 3180 4405; x_wconf 92' lang='lat' dir='ltr'><strong>et</strong></span> <span class='ocrx_word' id='word_1_624' title='bbox 3226 4351 3486 4405; x_wconf 90' lang='lat' dir='ltr'><strong>miraculo</strong></span> <span class='ocrx_word' id='word_1_625' title='bbox 3523 4351 3575 4404; x_wconf 93' lang='lat' dir='ltr'><strong>in</strong></span> 
     </span>
    </p>
   </div>
   <div class='ocr_carea' id='block_1_91' title="bbox 1984 4441 3577 4514">
    <p class='ocr_par' dir='ltr' id='par_1_91' title="bbox 1984 4441 3577 4514">
     <span class='ocr_line' id='line_1_91' title="bbox 1984 4441 3577 4514; baseline -0.002 -17"><span class='ocrx_word' id='word_1_626' title='bbox 1984 4444 2126 4514; x_wconf 87' lang='lat' dir='ltr'><strong>pelvi</strong></span> <span class='ocrx_word' id='word_1_627' title='bbox 2176 4442 2442 4513; x_wconf 68' lang='lat' dir='ltr'><strong>Glycerize</strong></span> <span class='ocrx_word' id='word_1_628' title='bbox 2491 4442 2771 4512; x_wconf 88' lang='lat' dir='ltr'><strong>martyris.</strong></span> <span class='ocrx_word' id='word_1_629' title='bbox 2812 4441 3093 4508; x_wconf 79' lang='lat' dir='ltr'><strong>Quomodo</strong></span> <span class='ocrx_word' id='word_1_630' title='bbox 3122 4454 3176 4496; x_wconf 92' lang='lat' dir='ltr'><strong>et</strong></span> <span class='ocrx_word' id='word_1_631' title='bbox 3204 4441 3438 4497; x_wconf 87' lang='lat' dir='ltr'><strong>Joannes</strong></span> <span class='ocrx_word' id='word_1_632' title='bbox 3483 4458 3577 4510; x_wconf 88' lang='lat' dir='ltr'><strong>pa-</strong></span> 
     </span>
    </p>
   </div>
   <div class='ocr_carea' id='block_1_92' title="bbox 280 4531 1869 4607">
    <p class='ocr_par' dir='ltr' id='par_1_92' title="bbox 280 4531 1869 4607">
     <span class='ocr_line' id='line_1_92' title="bbox 280 4531 1869 4607; baseline 0.003 -24"><span class='ocrx_word' id='word_1_633' title='bbox 280 4532 380 4584; x_wconf 83' lang='grc' dir='ltr'><strong>τοῦ</strong></span> <span class='ocrx_word' id='word_1_634' title='bbox 406 4531 693 4602; x_wconf 84' lang='grc' dir='ltr'>θαύματος</span> <span class='ocrx_word' id='word_1_635' title='bbox 734 4533 830 4586; x_wconf 86' lang='grc' dir='ltr'><strong>τοῦ</strong></span> <span class='ocrx_word' id='word_1_636' title='bbox 869 4534 1011 4588; x_wconf 83' lang='grc' dir='ltr'>κατὰ</span> <span class='ocrx_word' id='word_1_637' title='bbox 1041 4535 1141 4606; x_wconf 81' lang='grc' dir='ltr'>τὴν</span> <span class='ocrx_word' id='word_1_638' title='bbox 1184 4535 1391 4605; x_wconf 89' lang='grc' dir='ltr'>κόγχην</span> <span class='ocrx_word' id='word_1_639' title='bbox 1427 4534 1729 4607; x_wconf 83' lang='grc' dir='ltr'>Γλυκερίας</span> <span class='ocrx_word' id='word_1_640' title='bbox 1780 4536 1869 4606; x_wconf 81' lang='grc' dir='ltr'>τῆς</span> 
     </span>
    </p>
   </div>
   <div class='ocr_carea' id='block_1_93' title="bbox 1972 4531 3581 4607">
    <p class='ocr_par' dir='ltr' id='par_1_93' title="bbox 1987 4533 3581 4602">
     <span class='ocr_line' id='line_1_93' title="bbox 1987 4533 3581 4602; baseline -0.004 -11"><span class='ocrx_word' id='word_1_641' title='bbox 1987 4537 2245 4602; x_wconf 87' lang='lat' dir='ltr'><strong>triarcha,</strong></span> <span class='ocrx_word' id='word_1_642' title='bbox 2274 4535 2415 4602; x_wconf 91' lang='lat' dir='ltr'><strong>quod</strong></span> <span class='ocrx_word' id='word_1_643' title='bbox 2447 4534 2677 4589; x_wconf 72' lang='lat' dir='ltr'><strong>Caesaris</strong></span> <span class='ocrx_word' id='word_1_644' title='bbox 2718 4533 2889 4588; x_wconf 86' lang='lat' dir='ltr'><strong>lenior</strong></span> <span class='ocrx_word' id='word_1_645' title='bbox 2920 4543 3064 4589; x_wconf 87' lang='lat' dir='ltr'><strong>esset</strong></span> <span class='ocrx_word' id='word_1_646' title='bbox 3095 4534 3395 4599; x_wconf 89' lang='lat' dir='ltr'><strong>sententia,</strong></span> <span class='ocrx_word' id='word_1_647' title='bbox 3428 4534 3581 4601; x_wconf 81' lang='lat' dir='ltr'><strong>igni-</strong></span> 
     </span>
    </p>
   </div>
   <div class='ocr_carea' id='block_1_94' title="bbox 288 4625 1875 4699">
    <p class='ocr_par' dir='ltr' id='par_1_94' title="bbox 288 4625 1875 4699">
     <span class='ocr_line' id='line_1_94' title="bbox 288 4625 1875 4699; baseline 0.003 -23"><span class='ocrx_word' id='word_1_648' title='bbox 288 4625 599 4697; x_wconf 77' lang='grc' dir='ltr'>μάρτυρος,</span> <span class='ocrx_word' id='word_1_649' title='bbox 636 4627 787 4689; x_wconf 84' lang='grc' dir='ltr'>ὅπως</span> <span class='ocrx_word' id='word_1_650' title='bbox 831 4643 890 4679; x_wconf 89' lang='grc' dir='ltr'><strong>τε</strong></span> <span class='ocrx_word' id='word_1_651' title='bbox 934 4628 1190 4698; x_wconf 88' lang='grc' dir='ltr'>Ἰωάννης</span> <span class='ocrx_word' id='word_1_652' title='bbox 1217 4630 1245 4681; x_wconf 86' lang='grc' dir='ltr'>ὁ</span> <span class='ocrx_word' id='word_1_653' title='bbox 1280 4627 1651 4699; x_wconf 87' lang='grc' dir='ltr'>πατριάρχης,</span> <span class='ocrx_word' id='word_1_654' title='bbox 1685 4626 1875 4697; x_wconf 84' lang='grc' dir='ltr'>φιλαν-</span> 
     </span>
    </p>
   </div>
   <div class='ocr_carea' id='block_1_95' title="bbox 283 4714 1878 4790">
    <p class='ocr_par' dir='ltr' id='par_1_95' title="bbox 283 4714 1878 4790">
     <span class='ocr_line' id='line_1_95' title="bbox 283 4714 1878 4790; baseline 0.003 -23"><span class='ocrx_word' id='word_1_655' title='bbox 283 4714 544 4786; x_wconf 78' lang='grc' dir='ltr'>θριωπότε</span> <span class='ocrx_word' id='word_1_656' title='bbox 554 4734 649 4787; x_wconf 88' lang='grc' dir='ltr'><strong>ρον</strong></span> <span class='ocrx_word' id='word_1_657' title='bbox 665 4716 948 4781; x_wconf 82' lang='grc' dir='ltr'>δοκοῦντος</span> <span class='ocrx_word' id='word_1_658' title='bbox 971 4721 1116 4789; x_wconf 77' lang='grc' dir='ltr'>ἔχειν</span> <span class='ocrx_word' id='word_1_659' title='bbox 1135 4718 1228 4772; x_wconf 88' lang='grc' dir='ltr'><strong>τοῦ</strong></span> <span class='ocrx_word' id='word_1_660' title='bbox 1256 4719 1541 4790; x_wconf 86' lang='grc' dir='ltr'>βασιλέως,</span> <span class='ocrx_word' id='word_1_661' title='bbox 1561 4721 1723 4783; x_wconf 83' lang='grc' dir='ltr'>αὐτὸς</span> <span class='ocrx_word' id='word_1_662' title='bbox 1742 4737 1814 4772; x_wconf 88' lang='grc' dir='ltr'><strong>πυ</strong></span> <span class='ocrx_word' id='word_1_663' title='bbox 1823 4720 1878 4790; x_wconf 77' lang='lat' dir='ltr'><strong>pl.</strong></span> 
     </span>
    </p>
   </div>
   <div class='ocr_carea' id='block_1_96' title="bbox 285 4807 1880 4883">
    <p class='ocr_par' dir='ltr' id='par_1_96' title="bbox 285 4807 1880 4883">
     <span class='ocr_line' id='line_1_96' title="bbox 285 4807 1880 4883; baseline 0.003 -24"><span class='ocrx_word' id='word_1_664' title='bbox 285 4807 674 4878; x_wconf 80' lang='grc' dir='ltr'>παραδοθῆναι</span> <span class='ocrx_word' id='word_1_665' title='bbox 701 4810 792 4863; x_wconf 75' lang='grc' dir='ltr'>τὸν</span> <span class='ocrx_word' id='word_1_666' title='bbox 818 4811 992 4881; x_wconf 86' lang='grc' dir='ltr'>γόητα</span> <span class='ocrx_word' id='word_1_667' title='bbox 1010 4811 1393 4883; x_wconf 77' lang='grc' dir='ltr'>διισχυρίζετο,</span> <span class='ocrx_word' id='word_1_668' title='bbox 1418 4811 1880 4883; x_wconf 65' lang='grc' dir='ltr'>παρυφαίνωνξτῷ</span> 
     </span>
    </p>
   </div>
   <div class='ocr_carea' id='block_1_97' title="bbox 284 4898 1880 4975">
    <p class='ocr_par' dir='ltr' id='par_1_97' title="bbox 284 4898 1880 4975">
     <span class='ocr_line' id='line_1_97' title="bbox 284 4898 1880 4975; baseline 0.003 -25"><span class='ocrx_word' id='word_1_669' title='bbox 284 4898 440 4969; x_wconf 82' lang='grc' dir='ltr'>λόγῳ</span> <span class='ocrx_word' id='word_1_670' title='bbox 461 4900 558 4952; x_wconf 73' lang='grc' dir='ltr'><strong>καὶ</strong></span> <span class='ocrx_word' id='word_1_671' title='bbox 584 4900 686 4970; x_wconf 85' lang='grc' dir='ltr'><strong>τὴν</strong></span> <span class='ocrx_word' id='word_1_672' title='bbox 710 4901 1075 4975; x_wconf 76' lang='grc' dir='ltr'>ἀποστολικὴν</span> <span class='ocrx_word' id='word_1_673' title='bbox 1104 4904 1264 4974; x_wconf 80' lang='grc' dir='ltr'><strong>ρἦιν</strong></span> <span class='ocrx_word' id='word_1_674' title='bbox 1282 4904 1348 4935; x_wconf 80' lang='grc'><strong>³¹⁶</strong></span> <span class='ocrx_word' id='word_1_675' title='bbox 1381 4903 1477 4955; x_wconf 74' lang='grc' dir='ltr'><strong>καὶ</strong></span> <span class='ocrx_word' id='word_1_676' title='bbox 1502 4904 1585 4957; x_wconf 81' lang='grc' dir='ltr'><strong>ὅτι</strong></span> <span class='ocrx_word' id='word_1_677' title='bbox 1614 4903 1880 4967; x_wconf 76' lang='grc' dir='ltr'>Παυλῖνος</span> 
     </span>
    </p>
   </div>
   <div class='ocr_carea' id='block_1_98' title="bbox 282 4991 1885 5066">
    <p class='ocr_par' dir='ltr' id='par_1_98' title="bbox 282 4991 1885 5066">
     <span class='ocr_line' id='line_1_98' title="bbox 282 4991 1885 5066; baseline 0.006 -27"><span class='ocrx_word' id='word_1_678' title='bbox 282 5006 344 5042; x_wconf 85' lang='grc' dir='ltr'><strong>τε</strong></span> <span class='ocrx_word' id='word_1_679' title='bbox 366 4991 521 5043; x_wconf 79' lang='grc' dir='ltr'><strong>καὶὸ</strong></span> <span class='ocrx_word' id='word_1_680' title='bbox 551 4994 712 5059; x_wconf 82' lang='grc' dir='ltr'>παῖς,</span> <span class='ocrx_word' id='word_1_681' title='bbox 759 4994 1014 5058; x_wconf 88' lang='grc' dir='ltr'>κοινωνὸς</span> <span class='ocrx_word' id='word_1_682' title='bbox 1063 4994 1140 5049; x_wconf 83' lang='grc' dir='ltr'>ὢν</span> <span class='ocrx_word' id='word_1_683' title='bbox 1184 4999 1286 5064; x_wconf 77' lang='grc' dir='ltr'>τῆς</span> <span class='ocrx_word' id='word_1_684' title='bbox 1333 4994 1613 5061; x_wconf 80' lang='grc' dir='ltr'>ἀσεϐείας,</span> <span class='ocrx_word' id='word_1_685' title='bbox 1642 4995 1741 5066; x_wconf 86' lang='grc' dir='ltr'>τὴν</span> <span class='ocrx_word' id='word_1_686' title='bbox 1791 4995 1885 5048; x_wconf 72' lang='grc' dir='ltr'><strong>ἐπὶ</strong></span> 
     </span>
    </p>
   </div>
   <div class='ocr_carea' id='block_1_99' title="bbox 1985 4626 3579 4697">
    <p class='ocr_par' dir='ltr' id='par_1_99' title="bbox 1985 4626 3579 4697">
     <span class='ocr_line' id='line_1_99' title="bbox 1985 4626 3579 4697; baseline -0.003 -13"><span class='ocrx_word' id='word_1_687' title='bbox 1985 4632 2086 4685; x_wconf 90' lang='lat' dir='ltr'><strong>bus</strong></span> <span class='ocrx_word' id='word_1_688' title='bbox 2136 4644 2260 4685; x_wconf 91' lang='lat' dir='ltr'><strong>esse</strong></span> <span class='ocrx_word' id='word_1_689' title='bbox 2311 4629 2629 4683; x_wconf 88' lang='lat' dir='ltr'><strong>tradendum</strong></span> <span class='ocrx_word' id='word_1_690' title='bbox 2686 4627 3136 4697; x_wconf 63' lang='lat' dir='ltr'><strong>prmstigiatorem</strong></span> <span class='ocrx_word' id='word_1_691' title='bbox 3192 4626 3579 4696; x_wconf 87' lang='lat' dir='ltr'><strong>pronuntiarit,</strong></span> 
     </span>
    </p>
   </div>
   <div class='ocr_carea' id='block_1_100' title="bbox 1981 4718 3580 4788">
    <p class='ocr_par' dir='ltr' id='par_1_100' title="bbox 1981 4718 3580 4788">
     <span class='ocr_line' id='line_1_100' title="bbox 1981 4718 3580 4788; baseline 0 -14"><span class='ocrx_word' id='word_1_692' title='bbox 1981 4721 2226 4788; x_wconf 87' lang='lat' dir='ltr'><strong>Apostoli</strong></span> <span class='ocrx_word' id='word_1_693' title='bbox 2289 4720 2453 4774; x_wconf 88' lang='lat' dir='ltr'><strong>etiam</strong></span> <span class='ocrx_word' id='word_1_694' title='bbox 2519 4719 2700 4773; x_wconf 87' lang='lat' dir='ltr'><strong>verbis</strong></span> <span class='ocrx_word' id='word_1_695' title='bbox 2762 4719 2814 4772; x_wconf 93' lang='lat' dir='ltr'><strong>in</strong></span> <span class='ocrx_word' id='word_1_696' title='bbox 2881 4718 3247 4772; x_wconf 86' lang='lat' dir='ltr'><strong>testimonium</strong></span> <span class='ocrx_word' id='word_1_697' title='bbox 3303 4718 3580 4784; x_wconf 86' lang='lat' dir='ltr'><strong>adhibitis,</strong></span> 
     </span>
    </p>
   </div>
   <div class='ocr_carea' id='block_1_101' title="bbox 1987 4808 3584 4881">
    <p class='ocr_par' dir='ltr' id='par_1_101' title="bbox 1987 4808 3584 4881">
     <span class='ocr_line' id='line_1_101' title="bbox 1987 4808 3584 4881; baseline 0.002 -17"><span class='ocrx_word' id='word_1_698' title='bbox 1987 4811 2086 4881; x_wconf 87' lang='lat' dir='ltr'><strong>(De</strong></span> <span class='ocrx_word' id='word_1_699' title='bbox 2118 4811 2422 4880; x_wconf 75' lang='lat' dir='ltr'><strong>veneﬁciis).</strong></span> <span class='ocrx_word' id='word_1_700' title='bbox 2469 4809 2647 4877; x_wconf 85' lang='lat' dir='ltr'><strong>Quare</strong></span> <span class='ocrx_word' id='word_1_701' title='bbox 2686 4808 2942 4863; x_wconf 83' lang='lat' dir='ltr'><strong>Paulinus</strong></span> <span class='ocrx_word' id='word_1_702' title='bbox 2972 4824 3096 4862; x_wconf 92' lang='lat' dir='ltr'><strong>cum</strong></span> <span class='ocrx_word' id='word_1_703' title='bbox 3126 4808 3256 4875; x_wconf 81' lang='lat' dir='ltr'><strong>lilio,</strong></span> <span class='ocrx_word' id='word_1_704' title='bbox 3288 4810 3584 4880; x_wconf 87' lang='lat' dir='ltr'><strong>impietatis</strong></span> 
     </span>
    </p>
   </div>
   <div class='ocr_carea' id='block_1_102' title="bbox 1989 4899 3582 4969">
    <p class='ocr_par' dir='ltr' id='par_1_102' title="bbox 1989 4899 3582 4969">
     <span class='ocr_line' id='line_1_102' title="bbox 1989 4899 3582 4969; baseline 0.002 -14"><span class='ocrx_word' id='word_1_705' title='bbox 1989 4917 2140 4969; x_wconf 69' lang='lat' dir='ltr'><strong>wque</strong></span> <span class='ocrx_word' id='word_1_706' title='bbox 2189 4916 2305 4964; x_wconf 89' lang='lat' dir='ltr'><strong>reo,</strong></span> <span class='ocrx_word' id='word_1_707' title='bbox 2347 4915 2476 4953; x_wconf 88' lang='lat' dir='ltr'><strong>ense</strong></span> <span class='ocrx_word' id='word_1_708' title='bbox 2512 4899 2781 4967; x_wconf 88' lang='lat' dir='ltr'><strong>percussi,</strong></span> <span class='ocrx_word' id='word_1_709' title='bbox 2830 4899 3023 4969; x_wconf 86' lang='lat' dir='ltr'><strong>capitis</strong></span> <span class='ocrx_word' id='word_1_710' title='bbox 3070 4913 3259 4969; x_wconf 63' lang='lat' dir='ltr'><strong>poenas</strong></span> <span class='ocrx_word' id='word_1_711' title='bbox 3295 4900 3582 4959; x_wconf 87' lang='lat' dir='ltr'><strong>dederunt.</strong></span> 
     </span>
    </p>
   </div>
   <div class='ocr_carea' id='block_1_103' title="bbox 1991 4991 3585 5057">
    <p class='ocr_par' dir='ltr' id='par_1_103' title="bbox 1991 4991 3585 5057">
     <span class='ocr_line' id='line_1_103' title="bbox 1991 4991 3585 5057; baseline 0.002 -10"><span class='ocrx_word' id='word_1_712' title='bbox 1991 4994 2193 5048; x_wconf 71' lang='lat' dir='ltr'><strong>Adhacc</strong></span> <span class='ocrx_word' id='word_1_713' title='bbox 2226 4994 2292 5047; x_wconf 90' lang='lat' dir='ltr'><strong>de</strong></span> <span class='ocrx_word' id='word_1_714' title='bbox 2322 4991 2573 5057; x_wconf 67' lang='lat' dir='ltr'><strong>praesidio</strong></span> <span class='ocrx_word' id='word_1_715' title='bbox 2597 4991 2994 5057; x_wconf 84' lang='lat' dir='ltr'><strong>thumorum,</strong></span> <span class='ocrx_word' id='word_1_716' title='bbox 3029 5002 3085 5047; x_wconf 93' lang='lat' dir='ltr'><strong>et</strong></span> <span class='ocrx_word' id='word_1_717' title='bbox 3109 4992 3292 5049; x_wconf 66' lang='lat' dir='ltr'><strong>Acbaz.</strong></span> <span class='ocrx_word' id='word_1_718' title='bbox 3317 4992 3374 5048; x_wconf 84' lang='lat' dir='ltr'><strong>In</strong></span> <span class='ocrx_word' id='word_1_719' title='bbox 3395 4995 3585 5050; x_wconf 90' lang='lat' dir='ltr'><strong>eodem</strong></span> 
     </span>
    </p>
   </div>
   <div class='ocr_carea' id='block_1_104' title="bbox 1616 5131 2294 5194">
    <p class='ocr_par' dir='ltr' id='par_1_104' title="bbox 1616 5131 2294 5194">
     <span class='ocr_line' id='line_1_104' title="bbox 1616 5131 2294 5194; baseline -0.016 1"><span class='ocrx_word' id='word_1_720' title='bbox 1616 5138 1850 5194; x_wconf 74' lang='lat' dir='ltr'><strong>VARUE</strong></span> <span class='ocrx_word' id='word_1_721' title='bbox 1880 5131 2294 5192; x_wconf 82' lang='lat' dir='ltr'><strong>LECTIONES.</strong></span> 
     </span>
    </p>
   </div>
   <div class='ocr_carea' id='block_1_105' title="bbox 361 5226 3591 5303">
    <p class='ocr_par' dir='ltr' id='par_1_105' title="bbox 361 5226 3591 5303">
     <span class='ocr_line' id='line_1_105' title="bbox 361 5226 3591 5303; baseline 0.002 -24"><span class='ocrx_word' id='word_1_722' title='bbox 361 5226 409 5259; x_wconf 80' lang='lat'><strong><em>”</em></strong></span> <span class='ocrx_word' id='word_1_723' title='bbox 438 5229 755 5303; x_wconf 64' lang='grc' dir='ltr'>κοιαίστορι</span> <span class='ocrx_word' id='word_1_724' title='bbox 795 5250 856 5296; x_wconf 83' lang='grc' dir='ltr'><strong>ς.</strong></span> <span class='ocrx_word' id='word_1_725' title='bbox 932 5233 978 5264; x_wconf 80' lang='grc'><strong>²⁰</strong></span> <span class='ocrx_word' id='word_1_726' title='bbox 1005 5233 1391 5303; x_wconf 85' lang='grc' dir='ltr'>κατηγγύησεν</span> <span class='ocrx_word' id='word_1_727' title='bbox 1421 5253 1482 5299; x_wconf 73' lang='grc' dir='ltr'>ς’.</span> <span class='ocrx_word' id='word_1_728' title='bbox 1558 5236 1604 5266; x_wconf 75' lang='grc' dir='ltr'><strong>ἰ</strong></span> <span class='ocrx_word' id='word_1_729' title='bbox 1629 5232 1911 5296; x_wconf 82' lang='grc' dir='ltr'>εὐσεϐείας</span> <span class='ocrx_word' id='word_1_730' title='bbox 1957 5247 2040 5302; x_wconf 89' lang='lat' dir='ltr'><strong>pr.</strong></span> <span class='ocrx_word' id='word_1_731' title='bbox 2086 5228 2153 5282; x_wconf 85' lang='lat' dir='ltr'><strong>A.</strong></span> <span class='ocrx_word' id='word_1_732' title='bbox 2185 5226 2469 5303; x_wconf 14' lang='lat' dir='ltr'><strong>A’i&#39;cat&#39;rra</strong></span> <span class='ocrx_word' id='word_1_733' title='bbox 2496 5228 2624 5289; x_wconf 89' lang='lat' dir='ltr'><strong>add,</strong></span> <span class='ocrx_word' id='word_1_734' title='bbox 2651 5228 2830 5303; x_wconf 76' lang='lat' dir='ltr'><strong>A_:jn</strong></span> <span class='ocrx_word' id='word_1_735' title='bbox 2864 5242 2984 5303; x_wconf 61' lang='lat' dir='ltr'><strong>quae</strong></span> <span class='ocrx_word' id='word_1_736' title='bbox 3009 5231 3080 5303; x_wconf 87' lang='lat' dir='ltr'><strong>sit</strong></span> <span class='ocrx_word' id='word_1_737' title='bbox 3101 5228 3290 5283; x_wconf 89' lang='lat' dir='ltr'><strong>ultima</strong></span> <span class='ocrx_word' id='word_1_738' title='bbox 3314 5232 3591 5303; x_wconf 72' lang='lat' dir='ltr'><strong>sequentis</strong></span> 
     </span>
    </p>
   </div>
   <div class='ocr_carea' id='block_1_106' title="bbox 286 5297 1184 5371">
    <p class='ocr_par' dir='ltr' id='par_1_106' title="bbox 286 5297 1184 5371">
     <span class='ocr_line' id='line_1_106' title="bbox 286 5297 1184 5371; baseline 0.01 -22"><span class='ocrx_word' id='word_1_739' title='bbox 286 5297 551 5371; x_wconf 59' lang='lat' dir='ltr'><strong>vocabuli</strong></span> <span class='ocrx_word' id='word_1_740' title='bbox 580 5297 784 5364; x_wconf 75' lang='lat' dir='ltr'><strong>littera,</strong></span> <span class='ocrx_word' id='word_1_741' title='bbox 850 5319 957 5358; x_wconf 93' lang='lat' dir='ltr'><strong>non</strong></span> <span class='ocrx_word' id='word_1_742' title='bbox 996 5297 1184 5371; x_wconf 78' lang='lat' dir='ltr'><strong>liquet.</strong></span> 
     </span>
    </p>
   </div>
   <div class='ocr_carea' id='block_1_107' title="bbox 1264 5306 1528 5369">
    <p class='ocr_par' dir='ltr' id='par_1_107' title="bbox 1264 5306 1528 5369">
     <span class='ocr_line' id='line_1_107' title="bbox 1264 5306 1528 5369; baseline 0.008 -12"><span class='ocrx_word' id='word_1_743' title='bbox 1264 5306 1309 5337; x_wconf 78' lang='lat'>“</span> <span class='ocrx_word' id='word_1_744' title='bbox 1331 5306 1436 5358; x_wconf 83' lang='grc' dir='ltr'>ἀνὰ</span> <span class='ocrx_word' id='word_1_745' title='bbox 1467 5322 1528 5369; x_wconf 83' lang='grc' dir='ltr'><strong>ς.</strong></span> 
     </span>
    </p>
   </div>
   <div class='ocr_carea' id='block_1_108' title="bbox 289 5366 925 5442">
    <p class='ocr_par' dir='ltr' id='par_1_108' title="bbox 289 5366 925 5442">
     <span class='ocr_line' id='line_1_108' title="bbox 289 5366 925 5442; baseline 0.017 -25"><span class='ocrx_word' id='word_1_746' title='bbox 289 5366 538 5442; x_wconf 58' lang='grc' dir='ltr'>ϐαροιᾉ</span> <span class='ocrx_word' id='word_1_747' title='bbox 573 5387 587 5423; x_wconf 91' lang='lat'>:</span> <span class='ocrx_word' id='word_1_748' title='bbox 625 5372 822 5442; x_wconf 83' lang='grc' dir='ltr'>ἄϐαροι</span> <span class='ocrx_word' id='word_1_749' title='bbox 864 5392 925 5438; x_wconf 80' lang='grc' dir='ltr'><strong>ς.</strong></span> 
     </span>
    </p>
   </div>
   <div class='ocr_carea' id='block_1_109' title="bbox 1027 5375 1541 5446">
    <p class='ocr_par' dir='ltr' id='par_1_109' title="bbox 1027 5375 1541 5446">
     <span class='ocr_line' id='line_1_109' title="bbox 1027 5375 1541 5446; baseline 0.004 -19"><span class='ocrx_word' id='word_1_750' title='bbox 1027 5376 1070 5446; x_wconf 23' lang='grc' dir='ltr'><strong>²ᾼ⁷</strong></span> <span class='ocrx_word' id='word_1_751' title='bbox 1098 5375 1448 5446; x_wconf 75' lang='grc' dir='ltr'>προαιρεθεὶς</span> <span class='ocrx_word' id='word_1_752' title='bbox 1479 5393 1541 5440; x_wconf 79' lang='grc' dir='ltr'><strong>ς.</strong></span> 
     </span>
    </p>
   </div>
   <div class='ocr_carea' id='block_1_110' title="bbox 1612 5305 2175 5444">
    <p class='ocr_par' dir='ltr' id='par_1_110' title="bbox 1612 5305 2175 5444">
     <span class='ocr_line' id='line_1_110' title="bbox 1612 5305 2175 5444; baseline -0.007 -17"><span class='ocrx_word' id='word_1_753' title='bbox 1612 5305 2072 5444; x_wconf 60' lang='grc' dir='ltr'><strong>’ἒξειξεεξιξεξά</strong></span> <span class='ocrx_word' id='word_1_754' title='bbox 2113 5387 2175 5434; x_wconf 83' lang='grc' dir='ltr'>ς.</span> 
     </span>
    </p>
   </div>
   <div class='ocr_carea' id='block_1_111' title="bbox 2181 5297 3272 5369">
    <p class='ocr_par' dir='ltr' id='par_1_111' title="bbox 2181 5297 3272 5369">
     <span class='ocr_line' id='line_1_111' title="bbox 2181 5297 3272 5369; baseline 0.004 -19"><span class='ocrx_word' id='word_1_755' title='bbox 2181 5300 2228 5332; x_wconf 82' lang='grc'><strong>³⁸</strong></span> <span class='ocrx_word' id='word_1_756' title='bbox 2257 5298 2583 5369; x_wconf 18' lang='grc' dir='ltr'>Ταργήτιονν</span> <span class='ocrx_word' id='word_1_757' title='bbox 2616 5309 2669 5353; x_wconf 91' lang='lat' dir='ltr'><strong>et</strong></span> <span class='ocrx_word' id='word_1_758' title='bbox 2699 5297 2837 5352; x_wconf 83' lang='lat' dir='ltr'><strong>infra</strong></span> <span class='ocrx_word' id='word_1_759' title='bbox 2867 5300 3179 5369; x_wconf 88' lang='grc' dir='ltr'>Ταργήτιος</span> <span class='ocrx_word' id='word_1_760' title='bbox 3210 5318 3272 5365; x_wconf 81' lang='grc' dir='ltr'><strong>ς.</strong></span> 
     </span>
    </p>
   </div>
   <div class='ocr_carea' id='block_1_112' title="bbox 3383 5299 3592 5372">
    <p class='ocr_par' dir='ltr' id='par_1_112' title="bbox 3383 5299 3592 5372">
     <span class='ocr_line' id='line_1_112' title="bbox 3383 5299 3592 5372; baseline 0.014 -3"><span class='ocrx_word' id='word_1_761' title='bbox 3383 5299 3592 5372; x_wconf 62' lang='grc' dir='ltr'>ἐβάρ-</span> 
     </span>
    </p>
   </div>
   <div class='ocr_carea' id='block_1_113' title="bbox 2272 5368 3240 5438">
    <p class='ocr_par' dir='ltr' id='par_1_113' title="bbox 2272 5368 3240 5438">
     <span class='ocr_line' id='line_1_113' title="bbox 2272 5368 3240 5438; baseline 0.003 -17"><span class='ocrx_word' id='word_1_762' title='bbox 2272 5370 2317 5399; x_wconf 83' lang='grc'>²⁹</span> <span class='ocrx_word' id='word_1_763' title='bbox 2347 5369 2405 5426; x_wconf 76' lang='grc' dir='ltr'>ὃς</span> <span class='ocrx_word' id='word_1_764' title='bbox 2431 5371 2476 5422; x_wconf 83' lang='grc' dir='ltr'><strong>Α</strong></span> <span class='ocrx_word' id='word_1_765' title='bbox 2511 5387 2524 5423; x_wconf 91' lang='lat'><strong>:</strong></span> <span class='ocrx_word' id='word_1_766' title='bbox 2558 5368 2633 5431; x_wconf 82' lang='grc' dir='ltr'>ὡς</span> <span class='ocrx_word' id='word_1_767' title='bbox 2674 5387 2735 5433; x_wconf 85' lang='grc' dir='ltr'><strong>ς.</strong></span> <span class='ocrx_word' id='word_1_768' title='bbox 2841 5370 2886 5401; x_wconf 85' lang='grc'>³⁰</span> <span class='ocrx_word' id='word_1_769' title='bbox 2926 5368 3240 5438; x_wconf 85' lang='grc' dir='ltr'>Μαυρικίου</span> 
     </span>
    </p>
   </div>
   <div class='ocr_carea' id='block_1_114' title="bbox 3311 5369 3593 5441">
    <p class='ocr_par' dir='ltr' id='par_1_114' title="bbox 3311 5369 3593 5441">
     <span class='ocr_line' id='line_1_114' title="bbox 3311 5369 3593 5441; baseline 0.004 -18"><span class='ocrx_word' id='word_1_770' title='bbox 3311 5369 3593 5441; x_wconf 84' lang='grc' dir='ltr'>βασιλείας</span> 
     </span>
    </p>
   </div>
   <div class='ocr_carea' id='block_1_115' title="bbox 294 5438 3593 5517">
    <p class='ocr_par' dir='ltr' id='par_1_115' title="bbox 294 5438 3593 5517">
     <span class='ocr_line' id='line_1_115' title="bbox 294 5438 3593 5517; baseline -0.002 -16"><span class='ocrx_word' id='word_1_771' title='bbox 294 5454 357 5501; x_wconf 76' lang='grc' dir='ltr'><strong>ς.</strong></span> <span class='ocrx_word' id='word_1_772' title='bbox 390 5508 403 5517; x_wconf 84' lang='lat'>_</span> <span class='ocrx_word' id='word_1_773' title='bbox 442 5438 488 5470; x_wconf 74' lang='lat'><strong><em>&quot;</em></strong></span> <span class='ocrx_word' id='word_1_774' title='bbox 527 5442 578 5494; x_wconf 73' lang='lat' dir='ltr'><strong>si</strong></span> <span class='ocrx_word' id='word_1_775' title='bbox 631 5438 806 5517; x_wconf 78' lang='grc' dir='ltr'>θέλέις</span> <span class='ocrx_word' id='word_1_776' title='bbox 832 5444 915 5517; x_wconf 84' lang='grc' dir='ltr'>μὴ</span> <span class='ocrx_word' id='word_1_777' title='bbox 954 5438 1238 5517; x_wconf 80' lang='grc' dir='ltr'>φοϐεῖσθαι</span> <span class='ocrx_word' id='word_1_778' title='bbox 1267 5438 1366 5517; x_wconf 73' lang='grc' dir='ltr'>τὴν</span> <span class='ocrx_word' id='word_1_779' title='bbox 1404 5438 1675 5513; x_wconf 74' lang='grc' dir='ltr'>ἐξουσίαν,</span> <span class='ocrx_word' id='word_1_780' title='bbox 1716 5447 1780 5500; x_wconf 78' lang='grc' dir='ltr'>τὸ</span> <span class='ocrx_word' id='word_1_781' title='bbox 1810 5438 2018 5514; x_wconf 71' lang='grc' dir='ltr'>ἀγαθόιί</span> <span class='ocrx_word' id='word_1_782' title='bbox 2045 5442 2204 5517; x_wconf 50' lang='grc' dir='ltr'>ποίεε</span> <span class='ocrx_word' id='word_1_783' title='bbox 2223 5441 2319 5517; x_wconf 73' lang='grc' dir='ltr'>καὶ</span> <span class='ocrx_word' id='word_1_784' title='bbox 2354 5440 2423 5517; x_wconf 74' lang='grc' dir='ltr'>τὰ</span> <span class='ocrx_word' id='word_1_785' title='bbox 2455 5438 2641 5517; x_wconf 41' lang='grc' dir='ltr'>έξῆςρ</span> <span class='ocrx_word' id='word_1_786' title='bbox 2676 5441 2772 5517; x_wconf 70' lang='grc' dir='ltr'><strong>καὶ</strong></span> <span class='ocrx_word' id='word_1_787' title='bbox 2804 5438 3017 5517; x_wconf 75' lang='grc' dir='ltr'>ἔκδικος</span> <span class='ocrx_word' id='word_1_788' title='bbox 3057 5443 3175 5493; x_wconf 75' lang='grc' dir='ltr'>ἐστι</span> <span class='ocrx_word' id='word_1_789' title='bbox 3206 5438 3390 5517; x_wconf 47' lang='grc' dir='ltr'>τῷςτδ</span> <span class='ocrx_word' id='word_1_790' title='bbox 3422 5442 3593 5517; x_wconf 72' lang='grc' dir='ltr'>κακὸν</span> 
     </span>
    </p>
   </div>
   <div class='ocr_carea' id='block_1_116' title="bbox 290 5505 3592 5589">
    <p class='ocr_par' dir='ltr' id='par_1_116' title="bbox 290 5505 3592 5589">
     <span class='ocr_line' id='line_1_116' title="bbox 290 5505 3592 5589; baseline 0.006 -45"><span class='ocrx_word' id='word_1_791' title='bbox 290 5508 645 5589; x_wconf 52' lang='grc' dir='ltr'><strong>πράᾳσοντιο</strong></span> <span class='ocrx_word' id='word_1_792' title='bbox 676 5516 736 5568; x_wconf 60' lang='grc' dir='ltr'><strong>οὐ</strong></span> <span class='ocrx_word' id='word_1_793' title='bbox 778 5505 1051 5586; x_wconf 40' lang='grc' dir='ltr'><strong>γάίείκῑἎ</strong></span> <span class='ocrx_word' id='word_1_794' title='bbox 1102 5516 1203 5589; x_wconf 70' lang='grc' dir='ltr'><strong>τὴν</strong></span> <span class='ocrx_word' id='word_1_795' title='bbox 1231 5505 1511 5589; x_wconf 48' lang='grc' dir='ltr'>μάάαιρᾷν</span> <span class='ocrx_word' id='word_1_796' title='bbox 1552 5505 1729 5588; x_wconf 76' lang='grc' dir='ltr'>φορεῖ.</span> <span class='ocrx_word' id='word_1_797' title='bbox 1778 5505 1962 5587; x_wconf 80' lang='lat' dir='ltr'><strong>(Rom.</strong></span> <span class='ocrx_word' id='word_1_798' title='bbox 2007 5526 2129 5575; x_wconf 83' lang='lat' dir='ltr'><strong>xm,</strong></span> <span class='ocrx_word' id='word_1_799' title='bbox 2175 5511 2255 5578; x_wconf 75' lang='grc'><strong>5.)</strong></span> <span class='ocrx_word' id='word_1_800' title='bbox 2289 5505 2717 5580; x_wconf 61' lang='grc' dir='ltr'>ταύτην,ὀῖμα“ι</span> <span class='ocrx_word' id='word_1_801' title='bbox 2766 5510 2933 5580; x_wconf 81' lang='grc' dir='ltr'>φησίν</span> <span class='ocrx_word' id='word_1_802' title='bbox 2993 5505 3365 5586; x_wconf 79' lang='grc' dir='ltr'>ἀποστολικὴν</span> <span class='ocrx_word' id='word_1_803' title='bbox 3430 5511 3592 5583; x_wconf 86' lang='grc' dir='ltr'>ρῆσιν</span> 
     </span>
    </p>
   </div>
   <div class='ocr_carea' id='block_1_117' title="bbox 291 5579 480 5651">
    <p class='ocr_par' dir='ltr' id='par_1_117' title="bbox 291 5579 480 5651">
     <span class='ocr_line' id='line_1_117' title="bbox 291 5579 480 5651; baseline 0.016 -19"><span class='ocrx_word' id='word_1_804' title='bbox 291 5595 385 5651; x_wconf 79' lang='lat' dir='ltr'><strong>mg</strong></span> <span class='ocrx_word' id='word_1_805' title='bbox 410 5579 480 5635; x_wconf 78' lang='grc' dir='ltr'>Α.</span> 
     </span>
    </p>
   </div>
   <div class='ocr_carea' id='block_1_118' title="bbox 1817 5670 2046 5729">
    <p class='ocr_par' dir='ltr' id='par_1_118' title="bbox 1817 5670 2046 5729">
     <span class='ocr_line' id='line_1_118' title="bbox 1817 5670 2046 5729; baseline 0.004 -3"><span class='ocrx_word' id='word_1_806' title='bbox 1817 5670 2046 5729; x_wconf 71' lang='lat' dir='ltr'><strong>NOTAE.</strong></span> 
     </span>
    </p>
   </div>
   <div class='ocr_carea' id='block_1_119' title="bbox 368 5769 1217 5912">
    <p class='ocr_par' dir='ltr' id='par_1_119' title="bbox 368 5769 1217 5912">
     <span class='ocr_line' id='line_1_119' title="bbox 368 5769 1217 5912; baseline 0.001 -89"><span class='ocrx_word' id='word_1_807' title='bbox 368 5769 493 5912; x_wconf 52' lang='lat'><strong>(90;</strong></span> <span class='ocrx_word' id='word_1_808' title='bbox 515 5769 746 5839; x_wconf 79' lang='lat' dir='ltr'><strong>Niceph.</strong></span> <span class='ocrx_word' id='word_1_809' title='bbox 780 5770 878 5824; x_wconf 91' lang='lat' dir='ltr'><strong>lib.</strong></span> <span class='ocrx_word' id='word_1_810' title='bbox 912 5785 1053 5836; x_wconf 70' lang='grc' dir='ltr'>χιιι,</span> <span class='ocrx_word' id='word_1_811' title='bbox 1083 5786 1133 5825; x_wconf 94' lang='lat' dir='ltr'><strong>c.</strong></span> <span class='ocrx_word' id='word_1_812' title='bbox 1166 5769 1217 5824; x_wconf 87' lang='lat'><strong>7.</strong></span> 
     </span>
     <span class='ocr_line' id='line_1_120' title="bbox 371 5839 1215 5912; baseline 0 -15"><span class='ocrx_word' id='word_1_813' title='bbox 371 5841 464 5906; x_wconf 74' lang='grc'><strong>(91</strong></span> <span class='ocrx_word' id='word_1_814' title='bbox 532 5839 763 5912; x_wconf 83' lang='lat' dir='ltr'><strong>Niceph.</strong></span> <span class='ocrx_word' id='word_1_815' title='bbox 792 5840 890 5899; x_wconf 89' lang='lat' dir='ltr'><strong>lib.</strong></span> <span class='ocrx_word' id='word_1_816' title='bbox 927 5856 1082 5910; x_wconf 79' lang='lat' dir='ltr'><strong>xvut,</strong></span> <span class='ocrx_word' id='word_1_817' title='bbox 1116 5856 1215 5912; x_wconf 86' lang='lat' dir='ltr'><strong>cap</strong></span> 
     </span>
    </p>
   </div>
   <div class='ocr_carea' id='block_1_120' title="bbox 371 5839 1325 5914">
    <p class='ocr_par' dir='ltr' id='par_1_120' title="bbox 371 5839 1325 5914">
     <span class='ocr_line' id='line_1_121' title="bbox 371 5839 1325 5914; baseline 0 -17"><span class='ocrx_word' id='word_1_818' title='bbox 371 5839 493 5912; x_wconf 74' lang='grc'><strong>(91)</strong></span> <span class='ocrx_word' id='word_1_819' title='bbox 532 5839 763 5914; x_wconf 82' lang='lat' dir='ltr'><strong>Niceph.</strong></span> <span class='ocrx_word' id='word_1_820' title='bbox 792 5840 890 5899; x_wconf 89' lang='lat' dir='ltr'><strong>lib.</strong></span> <span class='ocrx_word' id='word_1_821' title='bbox 927 5856 1082 5910; x_wconf 79' lang='lat' dir='ltr'><strong>xvut,</strong></span> <span class='ocrx_word' id='word_1_822' title='bbox 1116 5856 1235 5912; x_wconf 87' lang='lat' dir='ltr'><strong>cap.</strong></span> <span class='ocrx_word' id='word_1_823' title='bbox 1271 5841 1325 5899; x_wconf 93' lang='lat'><strong>8.</strong></span> 
     </span>
    </p>
   </div>
   <div class='ocr_carea' id='block_1_121' title="bbox 2082 5764 2652 5839">
    <p class='ocr_par' dir='ltr' id='par_1_121' title="bbox 2082 5764 2652 5839">
     <span class='ocr_line' id='line_1_122' title="bbox 2082 5764 2652 5839; baseline -0.007 -14"><span class='ocrx_word' id='word_1_824' title='bbox 2082 5768 2195 5839; x_wconf 70' lang='lat'><strong>(92)</strong></span> <span class='ocrx_word' id='word_1_825' title='bbox 2227 5764 2362 5824; x_wconf 87' lang='lat' dir='ltr'><strong>lbid.</strong></span> <span class='ocrx_word' id='word_1_826' title='bbox 2406 5782 2524 5837; x_wconf 88' lang='lat' dir='ltr'><strong>cap.</strong></span> <span class='ocrx_word' id='word_1_827' title='bbox 2562 5766 2652 5821; x_wconf 69' lang='grc' dir='ltr'>δι.</span> 
     </span>
    </p>
   </div>
  </div>
