4100 6438
569 400 671 464 143

1738 402 2005 465 ΡΗΟΤΙΙ
2044 404 2553 466 PATRIARCIUB
2591 407 2703 470 (ΣΡ.

3749 425 3849 487 Mi

563 516 700 569 lihro
743 511 1031 568 Persarum
1083 511 1564 585 Romanorumque
1599 532 1775 587 pugna
1819 531 2152 572 commemo-

2260 513 2475 584 Θανάτῳ
2519 517 2871 589 ἀπήχθησαν,
2908 519 3051 593 ξίφει
3091 525 3185 577 τὸν
3229 524 3344 596 βίον
3387 532 3853 603 καταστρεψάμε-

558 616 732 672 ratur,
758 616 923 677 utque
955 606 1179 663 Joannis
1214 608 1355 663 ﬁlius
1385 608 1750 665 Barbarorum
1777 620 1899 667 astu
1938 626 2160 682 oppres-

556 715 651 755 sus
696 700 857 756 fuerit
885 699 1023 773 (95).
1058 700 1288 771 Magnus
1326 702 1451 757 item
1500 703 1591 758 ille
1627 712 1785 759 terrae
1817 713 2018 767 motus,
2067 712 2158 772 qui

555 795 659 849 sub
707 795 917 850 initium
964 810 1176 864 quoque
1229 796 1563 865 principatus
1616 795 1860 851 Mauricii
1914 794 2155 851 accidit:

558 889 731 959 deque
799 888 1040 957 ejusdem
1119 887 1401 942 consulatu
1452 886 1590 959 (95).
1659 887 1731 943 Ut
1798 886 2154 955 Philippicus,

555 978 788 1035 Caesaris
833 982 992 1035 ducta
1043 978 1149 1033 ﬁlia
1197 979 1310 1050 28
1360 997 1391 1032 a
1431 978 1635 1035 Gordia
1685 995 1872 1048 gener,
1918 976 2158 1034 Orientis

556 1072 768 1144 imperii
805 1076 909 1128 dux
947 1075 1294 1129 renuntiatus
1329 1092 1345 1132 :
1380 1090 1578 1143 resque
1619 1073 1876 1143 praaclare
1902 1087 1965 1126 ac
1996 1070 2050 1125 fo
2066 1072 2159 1125 rti-

558 1176 640 1219 ter
686 1168 912 1235 gesserit
960 1186 974 1223 :
1027 1168 1201 1237 deque
1255 1182 1476 1235 egressu
1520 1164 1748 1219 Romani
1802 1162 2077 1218 exercitus
2125 1178 2157 1219 c

553 1257 750 1327 Media,
800 1271 964 1329 utque
1006 1276 1161 1329 aqute
1218 1260 1442 1330 penuria
1512 1258 1866 1311 vehementer
1924 1254 2154 1310 Romani

556 1353 873 1410 laborarint.
899 1354 970 1409 Ut
997 1357 1124 1407 item
1143 1353 1450 1406 Arzanincu
1475 1350 1768 1418 regionem,
1789 1347 2155 1401 Romanorum

555 1446 661 1499 dux
700 1447 750 1498 in
784 1446 1017 1514 pnedam
1051 1446 1163 1501 suis
1190 1445 1422 1507 dederit,
1476 1444 1648 1510 deque
1683 1440 1914 1495 Romani
1943 1438 2155 1495 exerci-

558 1547 642 1591 tus
694 1536 1015 1592 fortitudine
1046 1556 1061 1593 :
1094 1546 1149 1591 et
1177 1538 1253 1591 uti
1295 1536 1585 1591 Persarum
1638 1535 1746 1588 dux
1794 1533 2057 1603 quidquid
2088 1532 2155 1587 ad

554 1625 959 1698 Marlyropolim
987 1643 1235 1697 agrorum
1289 1634 1372 1682 est
1424 1626 1680 1679 vastavit.
1718 1623 1938 1696 Legatio
1984 1624 2147 1678 etiam

554 1719 841 1773 Persarum
891 1736 1016 1785 una,
1059 1729 1107 1772 ct
1142 1719 1270 1773 item
1318 1718 1488 1773 altera
1516 1717 1583 1772 ad
1614 1716 1911 1772 Romanos.
1950 1716 2016 1771 Et
2042 1716 2156 1772 haec

554 1811 773 1880 quidem
804 1810 946 1865 libro
983 1826 1021 1865 ι.

2261 622 2346 662 νοι
2370 607 2435 661 ³².
2465 606 2673 677 Ἐτιτε
2697 611 2826 681 περὶ
2868 612 2979 666 τῶν
3030 615 3322 687 ’Δφούμων
3359 620 3458 673 καὶ
3508 622 3708 687 Ἀκὸἄς
3739 623 3853 677 τῶν

2261 700 2559 772 φρουρίων*
2583 702 2975 776 ἐμπεριέχεται
2998 706 3055 760 δὲ
3086 708 3165 777 τῷ
3197 711 3342 783 λόγῳ
3370 714 3519 785 μάχη
3562 716 3855 787 Ῥωμαίων

2263 793 2360 845 καὶ
2415 793 2679 863 Περσῶν,
2722 798 2818 849 καὶ
2851 799 3002 865 ὅπως
3042 802 3071 855 6
3120 802 3373 876 Ἰωάννης
3423 806 3468 838 ³³
3511 824 3856 881 καταστρατ-

2265 887 2483 954 ηγεῖται
2514 886 2620 940 ὑπὸ
2670 889 2782 943 τῶν
2831 890 3147 965 βαρόάρων.
3189 898 3310 951 Ἔτι
3367 898 3425 951 δὲ
3468 900 3564 953 καὶ
3605 903 3634 955 6
3675 905 3856 973 μέγας

2260 975 2489 1047 σεισμὸς
2522 978 2569 1009 ³⁸
2596 979 2625 1031 6
2656 982 2950 1053 γενόμενος
2993 987 3135 1040 κατὰ
3174 988 3273 1059 τὴν
3317 991 3496 1063 ἀρχὴν
3523 993 3623 1063 τῆς
3648 995 3854 1064 ἀναγο-

2264 1069 2503 1139 ρεύσεως
2536 1072 2873 1143 Μαυρικίου,
2908 1078 3003 1130 καὶ
3041 1080 3169 1150 περὶ
3207 1081 3309 1149 τῆς
3363 1083 3633 1148 ὑπατείας
3662 1072 3852 1140 αὐτου.

2265 1160 2454 1226 Ὅπως
2478 1180 2539 1215 τε
2573 1164 2618 1196 ³⁸
2650 1165 3002 1232 Φιλιππικδς,
3034 1172 3062 1224 6
3090 1172 3177 1223 ἐπ’
3219 1172 3424 1245 ἀδελφῇ
3457 1174 3551 1229 τοῦ
3588 1176 3857 1247 βασιλέως

2260 1251 2464 1325 Γορδὶᾳ
2489 1256 2769 1327 γαμϐρὸς.
2800 1259 2903 1328 τῆς
2937 1261 3080 1331 ἑῴας
3119 1264 3405 1335 δυνάμεως
3438 1270 3855 1340 προχειρίζεται

2262 1346 2592 1417 στρατηγὸς,
2624 1349 2717 1402 καὶ
2742 1351 3104 1423 ἀνδραγαθίαι
3127 1357 3171 1388 ³⁸
3192 1357 3382 1423 αὐτοῦ,
3418 1359 3773 1432 ἀναχώρησίς
3793 1381 3856 1417 τε

2259 1438 2325 1491 ἐκ
2349 1439 2449 1505 τῆς
2479 1440 2731 1512 Μηδικῆς
2778 1444 2889 1496 τῶν
2929 1445 3254 1516 Ῥωμαίων,
3286 1450 3380 1504 καὶ
3431 1452 3582 1515 ὅπως
3626 1454 3858 1526 ἀνυδρία

2258 1531 2319 1583 τὸ
2360 1531 2669 1601 Ῥωμαϊκὸν
2714 1536 3115 1604 ἐκινδύνευσεν,
3165 1540 3311 1604 ὅπυς
3349 1560 3407 1595 τε
3441 1544 3543 1614 τὴν
3587 1545 3856 1617 Ἀρζανη-

2258 1624 2355 1693 νὴν
2380 1623 2561 1697 χώραν
2582 1629 2608 1680 6
2653 1626 2941 1699 Ῥωμαίων
2994 1634 3300 1705 στρατηγὸς
3328 1640 3577 1709 προνομῇ
3616 1640 3857 1709 παραδὲ-

2258 1711 2471 1780 δωκεν,
2523 1715 2777 1785 ἀριστεία
2823 1736 2884 1773 τε
2923 1723 3024 1793 τῆς
3065 1723 3359 1794 Ῥωμαίων
3408 1727 3730 1800 δυνάμεως,
3760 1733 3858 1785 καὶ

2257 1810 2408 1874 ὅπως
2436 1809 2504 1864 τά
2547 1812 2693 1868 κατὰ
2735 1815 2835 1886 τὴν
2868 1817 3297 1891 Μαρτυρόπολιν
3327 1824 3356 1875 6
3395 1825 3624 1896 Περσῶν
3652 1844 3856 1898 στρατ-

552 1903 688 1973 ηγὸς
718 1900 1131 1975 κατεπόρθησε,
1180 1902 1447 1974 πρεσϐεία
1490 1921 1551 1956 τε
1583 1901 1812 1974 Περσῶν
1856 1899 1992 1971 πρὸς
2042 1899 2349 1972 Ῥωμαίους
2383 1905 2580 1978 πρώτη
2616 1910 2709 1961 καὶ
2731 1908 2982 1980 δευτέρα.
3008 1913 3196 1970 Ταῦτα
3254 1917 3356 1987 μὲν
3413 1919 3472 1971 ὲν
3532 1918 3613 1990 τῷ
3654 1920 3859 1993 πρώτῳ

554 1994 718 2065 λόγῳ.

625 2085 790 2140 Libro
843 2087 1104 2151 secundo,
1151 2088 1216 2141 de
1248 2097 1431 2140 monte
1466 2084 1609 2139 lzala
1666 2085 1779 2155 agit
1816 2102 1829 2139 :
1864 2084 2037 2155 deque
2066 2085 2151 2139 iu-
2190 2094 2233 2149 Β

554 2179 845 2233 sultatione
906 2189 1093 2248 atque,
1132 2178 1395 2249 jactantia
1452 2177 1738 2232 Persarum
1804 2174 2157 2245 Cardarigze,

554 2274 831 2327 exercitus
866 2273 1004 2338 apud
1041 2287 1135 2327 eos
1168 2272 1341 2327 ducis.
1384 2272 1455 2326 De
1480 2286 1658 2341 pugna
1688 2271 1816 2325 item
1842 2268 2155 2339 Philippici,

550 2375 605 2419 et
635 2363 1003 2418 Romanorum
1041 2380 1161 2420 cum
1196 2364 1514 2434 Cardariga,
1572 2372 1626 2418 et
1660 2361 1842 2417 Persis
1880 2362 1947 2416 ad
1981 2361 2159 2416 Arza-

557 2474 771 2511 moucut
799 2466 1029 2530 pugnata
1059 2474 1074 2511 :
1105 2467 1272 2528 utque
1297 2456 1626 2526 Philippicus
1651 2472 1757 2511 non
1788 2454 2157 2511 manufactam

558 2550 847 2622 imaginem
901 2560 1120 2621 gestans
1156 2551 1390 2615 obicrit,
1436 2550 1785 2618 lustraritque
1833 2549 2156 2614 exercitum,

557 2658 621 2697 ac
668 2642 894 2697 victoria
947 2642 1271 2714 perillustris
1302 2657 1467 2712 penes
1506 2641 1781 2698 Romanos
1833 2643 1997 2698 fuerit
2037 2661 2051 2696 :
2101 2655 2159 2701 et

551 2736 632 2791 uti
666 2736 844 2807 imago
882 2736 969 2792 illa
1003 2752 1108 2790 non
1151 2734 1481 2799 ntauul‘acta,
1510 2739 1575 2791 ad
1603 2736 1917 2791 Simeonem
1949 2737 2157 2791 Amith

551 2829 864 2898 episcopum
895 2846 1015 2885 cum
1054 2830 1400 2884 veneratione
1426 2831 1590 2884 missa
1619 2831 1691 2883 sit
1727 2846 1740 2883 :
1783 2828 2149 2883 Barbarorum

554 2936 745 2991 agrum
779 2921 1008 2975 Romani
1047 2920 1340 2990 depraedati
1372 2921 1802 2991 sunt,'fugitque
1827 2920 2155 2991 Cardagiras

555 3012 621 3065 ad
665 3014 852 3067 urbem
915 3011 1106 3068 Daras.
1167 3013 1361 3067 Dareui
1419 3014 1487 3067 ab
1549 3015 1685 3068 urbe
1738 3014 1912 3082 ipsum
1966 3011 2153 3082 proﬂi-

554 3117 772 3174 garunt,
816 3106 1022 3161 viribus
1056 3105 1433 3172 hostiumiam
1469 3105 1725 3160 fractum.
1777 3106 1852 3160 De
1895 3105 2157 3161 Romanis

556 3196 814 3252 militibus
844 3213 875 3252 e
913 3195 1119 3264 Quarto
1148 3196 1506 3252 Partheorum
1541 3199 1750 3269 legione
1804 3198 2104 3253 vulneratis
2138 3217 2151 3253 :

554 3292 627 3345 ita
645 3301 973 3358 t'ocanteos,
995 3291 1085 3362 qui
1112 3290 1389 3347 Berrhma:
1444 3292 1578 3347 urbe
1607 3292 1807 3364 Syriae,
1842 3308 2152 3348 commora-

554 3385 772 3438 bantur.
801 3381 1170 3438 Romanorum
1202 3383 1478 3452 expeditio
1522 3385 1573 3438 in
1605 3384 1932 3439 Arzaninem
1973 3384 2149 3454 regio-

554 3476 990 3540 nem,M-arnthas
1006 3474 1258 3530 etJovius
1273 3475 1388 3546 ejus
1401 3477 1681 3532 ormduces
1697 3476 1762 3530 ad
1774 3474 2153 3545 Philippicum,

555 3579 610 3622 et
630 3566 906 3622 Romanos
935 3566 1266 3624 defecerunt.
1313 3568 1558 3623 Privatas
1588 3569 1773 3638 copias
1803 3569 2151 3635 Cardarigas,

2352 2083 2439 2136 ’Ev
2493 2084 2550 2137 δὲ
2585 2084 2664 2155 τῷ
2713 2085 2951 2159 δευτέρῳ
2989 2088 3350 2161 διαλαμϐάνει
3383 2097 3640 2167 περὶτοῦ
3694 2099 3859 2170 ὅρους

2262 2175 2356 2229 τοῦ
2399 2173 2577 2241 Ίζαλά
2609 2178 2672 2239 ³⁷,
2712 2180 2839 2251 περί
2877 2199 2936 2235 τε
2967 2183 3067 2253 τῆς
3102 2187 3245 2240 κατά
3278 2186 3368 2239 τὸν
3401 2189 3771 2262 Καρδαρηγάν
3811 2192 3857 2225 ³⁸

2262 2269 2355 2323 τὸν
2399 2270 2510 2323 τῶν
2558 2273 2782 2343 Περσῶν
2838 2277 3148 2346 στρατηγὸν
3187 2279 3531 2349 ἀλαζονείας,
3581 2284 3733 2347 ὅπως
3794 2301 3857 2338 τε

2262 2361 2597 2416 Φιλιππικοῦ
2626 2380 2684 2416 τε
2712 2366 2805 2418 καὶ
2832 2365 2918 2437 [41
2955 2366 3050 2439 Ιί.]
3094 2369 3382 2440 Ῥωμαίων
3424 2374 3557 2443 πρὸς
3591 2375 3683 2428 τὸν
3706 2377 3861 2447 Καρ·

2261 2451 2511 2524 δαρηγάν
2537 2456 2581 2488 ³⁸
2620 2458 2716 2510 καὶ
2759 2452 2977 2530 Πέρσας
3026 2461 3174 2534 μάχη
3209 2467 3341 2537 περὶ
3373 2466 3437 2519 τὸ
3485 2467 3779 2537 Ἀρζάμων
3812 2470 3858 2501 ⁸⁸

2263 2545 2527 2617 συνέστη,
2561 2552 2657 2602 καὶ
2690 2549 2838 2614 ὅπως
2866 2553 2894 2605 6
2928 2552 3256 2620 Φιλιππικὸς
3296 2558 3398 2628 τὴν
3431 2559 3859 2632 ἀχειροποίητον

2262 2639 2450 2693 είκόνα
2473 2641 2656 2711 φέρων
2685 2643 2906 2715 περιῄει
2934 2646 3287 2717 καθαγιάζων
3310 2650 3372 2703 τὸ
3403 2651 3738 2722 στράτευμα,
3762 2655 3859 2708 καὶ

2260 2731 2337 2794 ώς
2406 2732 2532 2803 νίκη
2585 2735 2999 2809 ἐπιφανεστάτη
3055 2742 3180 2793 τότε
3239 2742 3533 2810 Ῥωμαίων
3592 2745 3857 2812 ἐγένετο,

2259 2823 2408 2888 ὅπως
2446 2828 2566 2898 τεή
2607 2828 3027 2901 ἀχειροποίητος
3067 2832 3206 2902 πρὸς
3236 2833 3532 2906 Συμεώνην
3581 2836 3673 2889 τὸν
3729 2837 3860 2890 ὲπί-

2262 2930 2467 2970 σκοπθν
2506 2918 2731 2990 Ἀμίδης
2754 2921 2795 2951 ⁸⁸
2820 2922 2959 2991 μετὰ
2994 2923 3425 2996 σεδασμιότητος
3441 2929 3858 2985 ἀποστέλλεται.

2259 3008 2591 3064 Σκυλεύεται
2624 3011 2680 3064 δὲ
2712 3014 2817 3066 ὑπὸ
2856 3014 3146 3086 Ῥωμαίων
3168 3018 3229 3069 τὸ
3251 3017 3549 3091 βάρϐαρον,
3586 3023 3682 3075 καὶ
3719 3021 3860 3089 φεύ-

2259 3118 2345 3169 γει
2390 3105 2419 3156 6
2451 3103 2825 3177 Καρδαρηγάν
2863 3108 2906 3139 ⁸³
2944 3109 3040 3161 ἐπὶ
3083 3109 3143 3162 τὸ
3177 3112 3359 3181 Δαράς
3388 3113 3454 3143 ⁸³·
3488 3116 3584 3167 καὶ
3623 3115 3775 3180 ὅπως
3805 3119 3858 3171 οἱ

2259 3194 2493 3264 Δαρηνοὶ
2516 3195 2624 3248 ἀπὸ
2656 3195 2751 3250 τοῦ
2786 3200 2985 3264 ἄστεος
3020 3201 3184 3254 αὑτὸν
3210 3204 3638 3276 ἀποπέμπονται
3676 3209 3766 3261 διὰ
3794 3211 3858 3262 τὸ

2260 3285 2403 3339 κλτά
2453 3287 2657 3355 κράτος
2713 3289 3040 3362 ἡττηθῆναι.
3094 3293 3282 3358 Ὅπως
3337 3312 3397 3348 τε
3456 3297 3484 3349 6
3560 3298 3859 3369 Ῥωμαίων

2262 3378 2603 3450 στρατιώτης
2640 3379 2703 3433 τὸ
2746 3382 2909 3453 σῶμα
2952 3387 3350 3458 κατετέτρωτσ
3402 3383 3471 3459 ἦν
3506 3389 3562 3443 δὲ
3604 3391 3705 3461 τῆς
3741 3393 3858 3445 τῶν

2263 3469 2745 3542 Κουαρτοπαρθῶν
2789 3474 3028 3543 τάξεως,
3057 3476 3200 3531 οὕτω
3248 3478 3603 3551 καλουμένων
3647 3483 3757 3536 τῶν
3796 3487 3858 3539 ἐν

2262 3561 2458 3632 Βεροίᾳ
2490 3563 2644 3617 πόλει
2668 3565 2769 3634 τῆς
2801 3566 3005 3636 Συρίας
3035 3568 3132 3632 τὰς
3166 3569 3454 3641 διατριϐὰς
3484 3574 3854 3644 ποιουμένων.

557 3661 756 3732 quibus
805 3661 1081 3716 Romanos
1133 3677 1198 3716 ex
1259 3662 1473 3717 insidiis
1523 3662 1850 3726 adoriretur,
1905 3662 2142 3731 collegit.

2260 3654 2396 3725 Περί
2443 3672 2502 3709 τε
2554 3657 2654 3727 τῆς
2686 3658 3080 3729 ἐπιστρατείας
3135 3661 3426 3732 Ῥωμαίων
3468 3664 3514 3697 ⁸⁸
3559 3666 3703 3718 κατά
3749 3666 3859 3737 τῆς

557 3754 840 3810 ileraclius
883 3753 1022 3825 (eius
1068 3754 1329 3820 Heracl‘d,
1382 3754 1472 3824 qui
1516 3763 1633 3823 post
1671 3754 1969 3823 imperator
2012 3752 2147 3821 fuit,

2270 3746 2646 3819 Ἀρζανηνῆς,
2700 3750 2795 3803 καὶ
2833 3752 2984 3815 ὅπως
3031 3755 3331 3825 Μαρουθᾶς
3380 3758 3476 3810 καὶ
3547 3757 3755 3822 Ίώϐιος
3802 3764 3858 3815 οι

557 3851 732 3919 pater)
765 3865 793 3901 a
833 3848 1139 3918 Philippica
1183 3848 1247 3900 ad
1280 3847 1492 3901 hostem
1538 3845 1874 3913 speculatum
1916 3847 2152 3902 emissus

2260 3844 2525 3915 ἡγεμόνες
2568 3846 2742 3919 αὐτῆς
2794 3848 3160 3919 αὐτομολοῦσι
3205 3852 3343 3922 πρὸς
3390 3853 3715 3908 Φιλιππικὸν
3756 3857 3859 3908 καὶ

558 3941 786 3996 miriﬁce
835 3951 1081 3996 servatus
1122 3951 1228 3995 est.
1260 3938 1334 3996 De
1361 3938 1590 3994 Zubet‘la
1621 3939 1838 3994 homine
1855 3937 2020 3994 Persa
2065 3940 2151 3995 hic

2266 3936 2595 4006 Ῥωμαίους.
2637 3938 2748 3991 Καὶ
2800 3940 2928 4008 περὶ
2970 3941 3069 4009 τῆς
3122 3940 3397 4013 ἰδιωτικῆς
3433 3944 3716 4016 δυνάμεως
3754 3947 3860 4017 τῆς

558 4034 758 4102 agitur,
779 4043 945 4103 utque
966 4049 995 4087 a
1027 4033 1442 4088 Chlomarorum
1467 4032 1867 4102 oppugnatione
1882 4033 2153 4088 cessariut

2260 4027 2738 4101 συναθροισθείσης
2765 4032 2872 4084 ὐπδ
2910 4032 3004 4086 τοῦ
3037 4034 3411 4107 Καρδαρηγάν
3451 4037 3496 4069 ⁸⁵
3526 4040 3606 4102 εἰς
3655 4039 3717 4090 τὸ
3763 4040 3861 4103 ἐξ-

558 4110 812 4180 Romani.
848 4124 1041 4179 Adhuc
1088 4126 1158 4181 de
1185 4125 1356 4180 eii'usa
1392 4124 1645 4194 turpique
1681 4124 1968 4195 Philippici
2000 4125 2146 4194 fuga,

2260 4122 2533 4192 απατῆσαι
2576 4122 2905 4192 Ῥωμαίους.
2940 4124 3034 4197 [35
3061 4126 3152 4198 IL]
3185 4128 3295 4181 Καὶ
3332 4130 3482 4192 ὅπως
3525 4129 3860 4200 Ἡράκλειος

561 4218 886 4289 turbataque
911 4219 1102 4273 ordine
1133 4217 1363 4273 Romani
1394 4216 1692 4272 exercitus.
1719 4216 1794 4271 De
1826 4218 2018 4271 morbo
2039 4231 2147 4286 quo

2260 4216 2278 4267 5
2335 4214 2660 4284 Ἡρακλείου
2721 4215 2814 4269 τοῦ
2877 4218 3281 4291 αὐτοκράτορος
3358 4222 3545 4294 πατὴρ
3598 4223 3705 4276 ὑπὸ
3755 4223 3859 4277 τοῦ

557 4309 891 4379 Philippicus
944 4319 1229 4379 correptus
1260 4316 1366 4369 est,
1406 4316 1461 4363 et
1506 4309 1573 4362 de
1607 4307 1881 4373 Heraclio,
1912 4309 2146 4365 lieraclii

2260 4303 2583 4359 Φιλιππικοῦ
2603 4305 2699 4359 ἐπὶ
2716 4310 3040 4379 κατασκοπῇ
3075 4307 3182 4362 τῶν
3214 4310 3496 4381 πολεμίων
3521 4311 3862 4376 ἀποσταλεὶς

558 4409 680 4469 post
727 4398 1074 4469 imperatoris
1118 4407 1296 4469 patre,
1330 4413 1383 4451 m
1430 4398 1705 4452 exercitus
1751 4413 1939 4453 curam
1980 4399 2146 4454 advo-

2260 4393 2573 4464 παραδόξως
2598 4394 2950 4459 διασώζεται.
2982 4397 3095 4450 Καὶ
3136 4400 3268 4471 περὶ
3291 4400 3542 4471 Ζαδέρτα
3568 4402 3662 4455 τοῦ
3706 4403 3861 4473 Πέρ-

554 4500 698 4555 cato,
724 4501 889 4560 utque
910 4490 965 4545 in
1015 4490 1347 4545 meridianos
1381 4487 1563 4543 Medos
1590 4489 1959 4544 Romanorum
1982 4504 2144 4545 exer-

2260 4500 2366 4550 ςου,
2398 4484 2493 4537 καὶ
2521 4485 2669 4548 ὅπως
2683 4484 2783 4553 τῆς
2814 4484 2924 4537 τῶν
2958 4485 3266 4557 Χλομαρῶν
3282 4488 3329 4519 ⁸⁸
3366 4487 3687 4556 πολιορκίας
3712 4488 3859 4541 Ῥω-

556 4585 725 4639 citum
795 4583 1196 4653 subimperatnr
1240 4581 1329 4635 illc
1388 4580 1623 4646 duxerit,
1658 4590 1709 4635 et
1747 4596 1872 4636 vere
1900 4580 2139 4649 ineunte,

2260 4578 2397 4646 μαῖοι
2434 4575 2754 4645 ἀπέσχοντο.
2791 4577 2914 4628 Ἔτι
2937 4576 2994 4629 δὲ
3018 4578 3147 4648 περὶ
3171 4578 3271 4649 τῆς
3296 4578 3502 4650 ἀθρόας
3522 4581 3618 4632 καὶ
3646 4580 3857 4648 ἀλόγου

555 4676 710 4747 28b
737 4675 790 4729 in
823 4674 1111 4730 Persarum
1154 4687 1317 4746 agros
1346 4671 1577 4727 Romani
1626 4671 1943 4742 irruperint.
1975 4672 2140 4728 Com-

2260 4668 2423 4738 ρυγῆς
2453 4666 2782 4721 Φιλιππικοῦ
2800 4711 2815 4733 ,
2865 4668 3082 4740 καὶτῆς
3106 4670 3406 4742 γενομένης
3427 4669 3655 4735 ἀταξίας
3673 4672 3790 4734 τοῖς
3804 4670 3856 4704 ⁵⁷

557 4764 819 4832 plectitur
859 4772 915 4819 et
969 4765 1056 4819 hic
1093 4763 1251 4829 liber,
1284 4770 1558 4818 utcontra
1589 4761 1801 4818 Abaros
1834 4762 2147 4820 Contentio-

2266 4758 2597 4831 Ῥωμαϊκοῖς
2628 4761 3100 4833 ὲκστρατεύμασι.
3141 4762 3277 4833 Περί
3308 4778 3367 4815 τε
3396 4762 3496 4832 τῆς
3523 4762 3857 4833 ἐνεχθείσης

556 4855 641 4909 lus
675 4855 1078 4926 expeditionem
1151 4857 1480 4924 susceperit,
1538 4854 2000 4923 subimperatores
2053 4872 2150 4911 na-

2260 4852 2333 4923 τῷ
2354 4851 2671 4923 Φιλιππικῷ
2707 4852 2902 4916 νόσου,
2957 4855 3053 4907 καὶ
3105 4854 3188 4907 ὅτι
3234 4854 3560 4926 Ἡράκλειος
3603 4856 3633 4908 6
3674 4854 3858 4926 Ἡρα-

555 4959 677 5004 etus
708 4947 1003 5003 Maximum
1036 4956 1089 5003 et
1120 4948 1362 5014 Casium,
1394 4956 1561 5016 utque
1606 4948 1769 5002 rebus
1814 4948 1883 5005 ab
1928 4948 1992 5003 iis
2020 4964 2154 5019 prte-

2260 4944 2444 4999 κλείου
2486 4944 2582 4999 τοῦ
2622 4944 3028 5017 αὐτοκράτορος
3064 4946 3247 5019 πατὴρ
3284 4947 3383 5010 τὰς
3416 4946 3708 5017 φροντίδας
3751 4947 3862 5017 τῆς

552 5039 700 5097 clare
729 5039 996 5096 adversus
1026 5038 1238 5092 Abaros
1273 5038 1462 5109 gestis,
1516 5036 1674 5091 vivus
1707 5038 1923 5093 tandem
1958 5038 2155 5095 Castus

2261 5037 2561 5107 ἡγεμονίας
2576 5035 2896 5107 ἀναδέχεται
2922 5036 2991 5092 ⁵⁸.
3012 5037 3202 5101 Ὅπως
3219 5055 3277 5091 τε
3308 5040 3423 5101 τοῖς
3453 5037 3862 5109 μεσημβρινοῖς

553 5133 609 5188 in
669 5133 910 5189 hostium
974 5130 1189 5185 venerit
1233 5138 1557 5199 potestatem
1599 5146 1613 5183 :
1658 5138 1823 5198 utque
1869 5128 2154 5186 Ansimuth

2263 5129 2363 5197 τῆς
2393 5126 2646 5199 Μηδικῆς
2675 5125 3009 5198 προσϐάλλει
3034 5129 3063 5181 6
3100 5127 3203 5197 τῆς
3242 5126 3533 5197 Ῥωμαίων
3562 5125 3862 5197 δυνάμεως

1837 5282 2071 5339 VARUE
2112 5282 2519 5338 LECTIONES.

556 5387 561 5391 ’
627 5410 671 5441 ³⁸
702 5403 1469 5481 ποθεν-καταστρεψόμενοᾷ
1532 5403 1576 5437 ³³
1612 5403 1859 5481 Ἰωάννου
1892 5421 1953 5481 ς.
2034 5402 2080 5435 ³⁸
2102 5404 2279 5481 6_post
2316 5400 2540 5481 σεισμὸς
2564 5401 2707 5481 _ad_d_.
2876 5402 2938 5481 _"
2968 5418 3028 5454 τε
3051 5400 3080 5453 6
3106 5400 3242 5481 φιλ..
3275 5418 3336 5481 ς’.

554 5501 616 5555 ς.
665 5551 675 5555 Δ
716 5481 758 5513 ετ
788 5479 1103 5555 ιἰξαλαης.Δ
1135 5470 1563 5555 ’³⁸’Καδαιρίγαν
1618 5494 1685 5555 ς.
1760 5475 1803 5507 ³⁹
1841 5478 1935 5555 καὶ
1969 5484 2096 5555 ante
2137 5472 2221 5555 ῬΣ
2251 5489 2379 5555 om;
2412 5470 2507 5555 Α..
2563 5471 2608 5503 ⁸ο
2642 5470 2941 5555 Ἀρξαμςιδν
2989 5489 3050 5555 ς.
3101 5470 3175 5555 ,⁸⁸
3220 5471 3436 5555 small;
3480 5488 3550 5555 ς.
3602 5470 3668 5555 ’δ’
3691 5470 3861 5538 Καρ-

552 5538 783 5677 iapiftdg
815 5538 876 5616 ςῖ
928 5549 999 5675 ἔ
1030 5538 1215 5653 ’δὲρας
1391 5538 1438 5579 ⁸⁸
1471 5538 1763 5615 Ῥωμαίων
1814 5545 1909 5599 καὶ
1958 5545 2105 5598 κατά
2160 5544 2262 5614 τῆς
2310 5541 2609 5614 ἀζαρνίνης
2641 5538 2726 5606 ς(
2780 5538 2835 5574 ⁵⁸⁷
2865 5539 3190 5614 Καρδαρίγα
3235 5538 3333 5606 (ἐξ
3373 5538 3738 5615 δ’θχλομάρων
3785 5556 3859 5605 ς.

635 5640 697 5678 το
724 5640 750 5687 ς
781 5638 891 5677 om.
979 5660 992 5675 .
1141 5636 1235 5674 ανε
1271 5636 1426 5691 ..χετο
1477 5636 1537 5681 ς.

3414 5401 3459 5433 ³⁸
3486 5399 3583 5453 καὶ
3610 5399 3665 5451 αἱ
3693 5397 3859 5469 ἀνδρ.

2057 5752 2293 5811 NOTAE.

624 5874 738 5934 (93)
762 5872 987 5941 Niceph.
1024 5874 1115 5928 lib.
1148 5888 1303 5937 xvut,
1334 5889 1459 5952 cap.
1508 5873 1591 5927 l5.
2318 5869 2429 5939 (iii)
2460 5868 2594 5925 Ibid.
2630 5868 2716 5923 ιθ.
