  <div class='ocr_page' id='page_1' title='image "/cluster/home/n/w/nwhite01/storage/ocr_20150623/103/hvd.32044018872861/080.png"; bbox 0 0 4100 6410; ppageno 0'>
   <div class='ocr_carea' id='block_1_1' title="bbox 259 469 2370 537">
    <p class='ocr_par' dir='ltr' id='par_1_1' title="bbox 259 469 2370 537">
     <span class='ocr_line' id='line_1_1' title="bbox 259 469 2370 537; baseline -0.003 0"><span class='ocrx_word' id='word_1_1' title='bbox 259 470 341 537; x_wconf 60' lang='grc'><strong>145</strong></span> <span class='ocrx_word' id='word_1_2' title='bbox 1311 469 1845 532; x_wconf 77' lang='lat' dir='ltr'><strong>BIBLIOTIIECA.</strong></span> <span class='ocrx_word' id='word_1_3' title='bbox 1886 499 1954 507; x_wconf 90' lang='lat'>—</span> <span class='ocrx_word' id='word_1_4' title='bbox 1993 473 2158 534; x_wconf 84' lang='lat' dir='ltr'><strong>COD.</strong></span> <span class='ocrx_word' id='word_1_5' title='bbox 2202 473 2370 532; x_wconf 75' lang='lat' dir='ltr'><strong>LXV.</strong></span> 
     </span>
    </p>
   </div>
   <div class='ocr_carea' id='block_1_2' title="bbox 3371 460 3480 522">
    <p class='ocr_par' dir='ltr' id='par_1_2' title="bbox 3371 460 3480 522">
     <span class='ocr_line' id='line_1_2' title="bbox 3371 460 3480 522; baseline 0 0"><span class='ocrx_word' id='word_1_6' title='bbox 3371 460 3480 522; x_wconf 66' lang='grc'><strong>146</strong></span> 
     </span>
    </p>
   </div>
   <div class='ocr_carea' id='block_1_3' title="bbox 254 576 1788 655">
    <p class='ocr_par' dir='ltr' id='par_1_3' title="bbox 254 581 1778 654">
     <span class='ocr_line' id='line_1_3' title="bbox 254 581 1778 654; baseline -0.003 -14"><span class='ocrx_word' id='word_1_7' title='bbox 254 582 639 654; x_wconf 71' lang='grc' dir='ltr'><strong>ὑποστράτηγος·</strong></span> <span class='ocrx_word' id='word_1_8' title='bbox 685 581 781 634; x_wconf 76' lang='grc' dir='ltr'>καὶ</span> <span class='ocrx_word' id='word_1_9' title='bbox 840 581 915 645; x_wconf 83' lang='grc' dir='ltr'>ὡς</span> <span class='ocrx_word' id='word_1_10' title='bbox 973 581 1134 652; x_wconf 75' lang='grc' dir='ltr'>ἔαρος</span> <span class='ocrx_word' id='word_1_11' title='bbox 1194 581 1315 652; x_wconf 78' lang='grc' dir='ltr'>ὥρᾳ</span> <span class='ocrx_word' id='word_1_12' title='bbox 1373 583 1778 651; x_wconf 75' lang='grc' dir='ltr'>προσϐάλλουσι</span> 
     </span>
    </p>
   </div>
   <div class='ocr_carea' id='block_1_4' title="bbox 1892 576 3469 655">
    <p class='ocr_par' dir='ltr' id='par_1_4' title="bbox 1892 576 3469 655">
     <span class='ocr_line' id='line_1_4' title="bbox 1892 576 3469 655; baseline -0.006 -15"><span class='ocrx_word' id='word_1_13' title='bbox 1892 588 2212 655; x_wconf 76' lang='lat' dir='ltr'><strong>pedestrium</strong></span> <span class='ocrx_word' id='word_1_14' title='bbox 2256 583 2535 652; x_wconf 77' lang='lat' dir='ltr'><strong>cupiarum</strong></span> <span class='ocrx_word' id='word_1_15' title='bbox 2581 578 2947 632; x_wconf 78' lang='lat' dir='ltr'><strong>Ruinanarum</strong></span> <span class='ocrx_word' id='word_1_16' title='bbox 2983 576 3266 642; x_wconf 87' lang='lat' dir='ltr'><strong>tributum,</strong></span> <span class='ocrx_word' id='word_1_17' title='bbox 3303 578 3469 632; x_wconf 76' lang='lat' dir='ltr'><strong>Abari</strong></span> 
     </span>
    </p>
   </div>
   <div class='ocr_carea' id='block_1_5' title="bbox 263 672 1785 744">
    <p class='ocr_par' dir='ltr' id='par_1_5' title="bbox 263 672 1785 744">
     <span class='ocr_line' id='line_1_5' title="bbox 263 672 1785 744; baseline -0.001 -15"><span class='ocrx_word' id='word_1_18' title='bbox 263 676 486 744; x_wconf 78' lang='grc' dir='ltr'>Ῥωμαῖοι</span> <span class='ocrx_word' id='word_1_19' title='bbox 509 673 650 724; x_wconf 86' lang='grc' dir='ltr'><strong>κατά</strong></span> <span class='ocrx_word' id='word_1_20' title='bbox 693 674 794 743; x_wconf 76' lang='grc' dir='ltr'>τῆς</span> <span class='ocrx_word' id='word_1_21' title='bbox 820 672 1048 743; x_wconf 83' lang='grc' dir='ltr'>Περσῶν</span> <span class='ocrx_word' id='word_1_22' title='bbox 1085 673 1385 736; x_wconf 76' lang='grc' dir='ltr'>πολιτείαςο</span> <span class='ocrx_word' id='word_1_23' title='bbox 1426 675 1785 744; x_wconf 74' lang='grc' dir='ltr'>διαλαμϐάνει</span> 
     </span>
    </p>
   </div>
   <div class='ocr_carea' id='block_1_6' title="bbox 252 763 1784 838">
    <p class='ocr_par' dir='ltr' id='par_1_6' title="bbox 252 763 1784 838">
     <span class='ocr_line' id='line_1_6' title="bbox 252 763 1784 838; baseline 0 -18"><span class='ocrx_word' id='word_1_24' title='bbox 252 784 296 820; x_wconf 82' lang='grc' dir='ltr'><strong>τε</strong></span> <span class='ocrx_word' id='word_1_25' title='bbox 318 765 383 828; x_wconf 84' lang='grc' dir='ltr'><strong>ὡς</strong></span> <span class='ocrx_word' id='word_1_26' title='bbox 403 763 753 832; x_wconf 80' lang='grc' dir='ltr'>Κομεντίολος</span> <span class='ocrx_word' id='word_1_27' title='bbox 784 765 926 816; x_wconf 73' lang='grc' dir='ltr'>κατὰ</span> <span class='ocrx_word' id='word_1_28' title='bbox 955 763 1064 816; x_wconf 85' lang='grc' dir='ltr'>τῶν</span> <span class='ocrx_word' id='word_1_29' title='bbox 1121 764 1371 834; x_wconf 83' lang='grc' dir='ltr'>Ἀϐοἱρων</span> <span class='ocrx_word' id='word_1_30' title='bbox 1401 766 1784 838; x_wconf 85' lang='grc' dir='ltr'>ἐκστρατεύει,</span> 
     </span>
    </p>
   </div>
   <div class='ocr_carea' id='block_1_7' title="bbox 251 857 1787 926">
    <p class='ocr_par' dir='ltr' id='par_1_7' title="bbox 251 857 1787 926">
     <span class='ocr_line' id='line_1_7' title="bbox 251 857 1787 926; baseline 0.002 -16"><span class='ocrx_word' id='word_1_31' title='bbox 251 859 361 925; x_wconf 73' lang='grc' dir='ltr'>ἔχων</span> <span class='ocrx_word' id='word_1_32' title='bbox 384 857 822 926; x_wconf 80' lang='grc' dir='ltr'>ὑποστρατήγους</span> <span class='ocrx_word' id='word_1_33' title='bbox 864 858 1109 926; x_wconf 82' lang='grc' dir='ltr'>Μαρῖνον</span> <span class='ocrx_word' id='word_1_34' title='bbox 1161 857 1256 909; x_wconf 71' lang='grc' dir='ltr'>καὶ</span> <span class='ocrx_word' id='word_1_35' title='bbox 1300 857 1548 920; x_wconf 85' lang='grc' dir='ltr'>Κάστον,</span> <span class='ocrx_word' id='word_1_36' title='bbox 1585 861 1679 911; x_wconf 77' lang='grc' dir='ltr'><strong>καὶ</strong></span> <span class='ocrx_word' id='word_1_37' title='bbox 1711 860 1787 924; x_wconf 85' lang='grc' dir='ltr'><strong>ὡς</strong></span> 
     </span>
    </p>
   </div>
   <div class='ocr_carea' id='block_1_8' title="bbox 248 941 1786 1019">
    <p class='ocr_par' dir='ltr' id='par_1_8' title="bbox 248 941 1786 1019">
     <span class='ocr_line' id='line_1_8' title="bbox 248 941 1786 1019; baseline 0.002 -18"><span class='ocrx_word' id='word_1_38' title='bbox 248 945 583 1016; x_wconf 71' lang='grc' dir='ltr'><strong>εὐδοκιμοῦσιν</strong></span> <span class='ocrx_word' id='word_1_39' title='bbox 628 941 776 999; x_wconf 71' lang='grc' dir='ltr'>οὗτοι</span> <span class='ocrx_word' id='word_1_40' title='bbox 829 948 968 1000; x_wconf 80' lang='grc' dir='ltr'><strong>κατά</strong></span> <span class='ocrx_word' id='word_1_41' title='bbox 1007 947 1115 1000; x_wconf 81' lang='grc' dir='ltr'>τῶν</span> <span class='ocrx_word' id='word_1_42' title='bbox 1140 947 1419 1018; x_wconf 75' lang='grc' dir='ltr'>Ἀϐάρων,</span> <span class='ocrx_word' id='word_1_43' title='bbox 1465 947 1690 1019; x_wconf 80' lang='grc' dir='ltr'>ὕστερον</span> <span class='ocrx_word' id='word_1_44' title='bbox 1729 951 1786 1004; x_wconf 83' lang='grc' dir='ltr'>δὲ</span> 
     </span>
    </p>
   </div>
   <div class='ocr_carea' id='block_1_9' title="bbox 250 1038 1783 1109">
    <p class='ocr_par' dir='ltr' id='par_1_9' title="bbox 250 1038 1783 1109">
     <span class='ocr_line' id='line_1_9' title="bbox 250 1038 1783 1109; baseline 0.003 -18"><span class='ocrx_word' id='word_1_45' title='bbox 250 1040 501 1108; x_wconf 76' lang='grc' dir='ltr'>ζωγρείται</span> <span class='ocrx_word' id='word_1_46' title='bbox 542 1038 570 1090; x_wconf 97' lang='lat'><strong>6</strong></span> <span class='ocrx_word' id='word_1_47' title='bbox 631 1038 676 1069; x_wconf 71' lang='grc' dir='ltr'><strong>δ’</strong></span> <span class='ocrx_word' id='word_1_48' title='bbox 735 1039 975 1103; x_wconf 80' lang='grc' dir='ltr'><strong>Κάστος.</strong></span> <span class='ocrx_word' id='word_1_49' title='bbox 1030 1041 1140 1092; x_wconf 83' lang='grc' dir='ltr'><strong>Καὶ</strong></span> <span class='ocrx_word' id='word_1_50' title='bbox 1201 1040 1281 1092; x_wconf 79' lang='grc' dir='ltr'><strong>ὅτι</strong></span> <span class='ocrx_word' id='word_1_51' title='bbox 1342 1040 1631 1109; x_wconf 71' lang='grc' dir='ltr'>’Λνσιμουθ</span> <span class='ocrx_word' id='word_1_52' title='bbox 1690 1041 1783 1095; x_wconf 82' lang='grc' dir='ltr'><strong>τὸν</strong></span> 
     </span>
    </p>
   </div>
   <div class='ocr_carea' id='block_1_10' title="bbox 248 1128 1784 1206">
    <p class='ocr_par' dir='ltr' id='par_1_10' title="bbox 248 1128 1784 1206">
     <span class='ocr_line' id='line_1_10' title="bbox 248 1128 1784 1206; baseline 0.004 -24"><span class='ocrx_word' id='word_1_53' title='bbox 248 1129 436 1197; x_wconf 75' lang='grc' dir='ltr'><strong>ἔξαρχον</strong></span> <span class='ocrx_word' id='word_1_54' title='bbox 461 1128 560 1196; x_wconf 76' lang='grc' dir='ltr'>τῆς</span> <span class='ocrx_word' id='word_1_55' title='bbox 586 1129 819 1198; x_wconf 79' lang='grc' dir='ltr'><strong>πεζικῆς</strong></span> <span class='ocrx_word' id='word_1_56' title='bbox 846 1130 1134 1201; x_wconf 87' lang='grc' dir='ltr'>Ῥωμαίων</span> <span class='ocrx_word' id='word_1_57' title='bbox 1160 1131 1446 1202; x_wconf 80' lang='grc' dir='ltr'>δυνάμεως</span> <span class='ocrx_word' id='word_1_58' title='bbox 1473 1134 1522 1186; x_wconf 86' lang='grc' dir='ltr'>οἱ</span> <span class='ocrx_word' id='word_1_59' title='bbox 1554 1135 1784 1206; x_wconf 82' lang='grc' dir='ltr'>Ἀϐαροι</span> 
     </span>
    </p>
   </div>
   <div class='ocr_carea' id='block_1_11' title="bbox 249 1219 1786 1298">
    <p class='ocr_par' dir='ltr' id='par_1_11' title="bbox 249 1219 1786 1298">
     <span class='ocr_line' id='line_1_11' title="bbox 249 1219 1786 1298; baseline 0.007 -26"><span class='ocrx_word' id='word_1_60' title='bbox 249 1220 447 1289; x_wconf 81' lang='grc' dir='ltr'>ζωγρίαν</span> <span class='ocrx_word' id='word_1_61' title='bbox 467 1219 681 1284; x_wconf 80' lang='grc' dir='ltr'>ἔλαϐον,</span> <span class='ocrx_word' id='word_1_62' title='bbox 715 1221 810 1274; x_wconf 62' lang='grc' dir='ltr'><strong>καλ⁵</strong></span> <span class='ocrx_word' id='word_1_63' title='bbox 845 1221 1188 1294; x_wconf 81' lang='grc' dir='ltr'><strong>κατέδραμον</strong></span> <span class='ocrx_word' id='word_1_64' title='bbox 1213 1224 1280 1276; x_wconf 77' lang='grc' dir='ltr'>τὰ</span> <span class='ocrx_word' id='word_1_65' title='bbox 1303 1224 1407 1278; x_wconf 78' lang='grc' dir='ltr'>ἀνὰ</span> <span class='ocrx_word' id='word_1_66' title='bbox 1433 1226 1531 1295; x_wconf 76' lang='grc' dir='ltr'>τὴν</span> <span class='ocrx_word' id='word_1_67' title='bbox 1562 1226 1786 1298; x_wconf 68' lang='grc' dir='ltr'>Θρᾴκην</span> 
     </span>
    </p>
   </div>
   <div class='ocr_carea' id='block_1_12' title="bbox 246 1311 1784 1388">
    <p class='ocr_par' dir='ltr' id='par_1_12' title="bbox 246 1311 1784 1388">
     <span class='ocr_line' id='line_1_12' title="bbox 246 1311 1784 1388; baseline 0.005 -24"><span class='ocrx_word' id='word_1_68' title='bbox 246 1315 286 1364; x_wconf 81' lang='grc' dir='ltr'><strong>αἱ</strong></span> <span class='ocrx_word' id='word_1_69' title='bbox 316 1311 549 1380; x_wconf 78' lang='grc' dir='ltr'>δύναμεις</span> <span class='ocrx_word' id='word_1_70' title='bbox 587 1311 791 1368; x_wconf 76' lang='grc' dir='ltr'>αὐτῶν.</span> <span class='ocrx_word' id='word_1_71' title='bbox 828 1313 940 1365; x_wconf 74' lang='grc' dir='ltr'><strong>Καὶ</strong></span> <span class='ocrx_word' id='word_1_72' title='bbox 991 1315 1357 1384; x_wconf 81' lang='grc' dir='ltr'>Κομεντιόλου</span> <span class='ocrx_word' id='word_1_73' title='bbox 1402 1316 1688 1388; x_wconf 72' lang='grc' dir='ltr'><strong>διάσκεψις</strong></span> <span class='ocrx_word' id='word_1_74' title='bbox 1736 1322 1784 1372; x_wconf 84' lang='grc' dir='ltr'>εἰ</span> 
     </span>
    </p>
   </div>
   <div class='ocr_carea' id='block_1_13' title="bbox 245 1400 1785 1479">
    <p class='ocr_par' dir='ltr' id='par_1_13' title="bbox 245 1400 1785 1479">
     <span class='ocr_line' id='line_1_13' title="bbox 245 1400 1785 1479; baseline 0.006 -28"><span class='ocrx_word' id='word_1_75' title='bbox 245 1401 326 1470; x_wconf 79' lang='grc' dir='ltr'>χρὴ</span> <span class='ocrx_word' id='word_1_76' title='bbox 363 1400 697 1453; x_wconf 75' lang='grc' dir='ltr'><strong>ἐπιτίθεσθαι</strong></span> <span class='ocrx_word' id='word_1_77' title='bbox 741 1405 854 1465; x_wconf 86' lang='grc' dir='ltr'>τοῖς</span> <span class='ocrx_word' id='word_1_78' title='bbox 905 1403 952 1434; x_wconf 78' lang='grc' dir='ltr'><strong>⁸ο</strong></span> <span class='ocrx_word' id='word_1_79' title='bbox 997 1403 1286 1474; x_wconf 81' lang='grc' dir='ltr'>Ἀϐἀροις,</span> <span class='ocrx_word' id='word_1_80' title='bbox 1331 1407 1425 1459; x_wconf 77' lang='grc' dir='ltr'><strong>καὶ</strong></span> <span class='ocrx_word' id='word_1_81' title='bbox 1471 1408 1785 1479; x_wconf 80' lang='grc' dir='ltr'>δημηγορία</span> 
     </span>
    </p>
   </div>
   <div class='ocr_carea' id='block_1_14' title="bbox 245 1491 1776 1571">
    <p class='ocr_par' dir='ltr' id='par_1_14' title="bbox 245 1491 1776 1571">
     <span class='ocr_line' id='line_1_14' title="bbox 245 1491 1776 1571; baseline 0.007 -28"><span class='ocrx_word' id='word_1_82' title='bbox 245 1492 317 1543; x_wconf 77' lang='grc' dir='ltr'><strong>ἐπὶ</strong></span> <span class='ocrx_word' id='word_1_83' title='bbox 341 1492 393 1544; x_wconf 73' lang='grc' dir='ltr'>τὸ</span> <span class='ocrx_word' id='word_1_84' title='bbox 420 1491 528 1544; x_wconf 86' lang='grc' dir='ltr'>δεῖν</span> <span class='ocrx_word' id='word_1_85' title='bbox 559 1493 923 1561; x_wconf 87' lang='grc' dir='ltr'>ἐπιτίθεσθαι,</span> <span class='ocrx_word' id='word_1_86' title='bbox 965 1497 1058 1550; x_wconf 77' lang='grc' dir='ltr'><strong>καὶ</strong></span> <span class='ocrx_word' id='word_1_87' title='bbox 1093 1498 1549 1571; x_wconf 83' lang='grc' dir='ltr'>ἀντιδημηγορία.</span> <span class='ocrx_word' id='word_1_88' title='bbox 1585 1502 1776 1564; x_wconf 84' lang='grc' dir='ltr'>Ὅπως</span> 
     </span>
    </p>
   </div>
   <div class='ocr_carea' id='block_1_15' title="bbox 243 1580 1784 1657">
    <p class='ocr_par' dir='ltr' id='par_1_15' title="bbox 243 1580 1784 1657">
     <span class='ocr_line' id='line_1_15' title="bbox 243 1580 1784 1657; baseline 0.006 -26"><span class='ocrx_word' id='word_1_89' title='bbox 243 1583 362 1650; x_wconf 77' lang='grc' dir='ltr'>φωνὴ</span> <span class='ocrx_word' id='word_1_90' title='bbox 394 1580 711 1649; x_wconf 77' lang='grc' dir='ltr'>ἐμπεσοῦσα</span> <span class='ocrx_word' id='word_1_91' title='bbox 739 1583 816 1651; x_wconf 81' lang='grc' dir='ltr'><strong>τῷ</strong></span> <span class='ocrx_word' id='word_1_92' title='bbox 845 1583 1062 1654; x_wconf 85' lang='grc' dir='ltr'>στρατῷ</span> <span class='ocrx_word' id='word_1_93' title='bbox 1091 1585 1200 1640; x_wconf 83' lang='grc' dir='ltr'>τῶν</span> <span class='ocrx_word' id='word_1_94' title='bbox 1235 1586 1481 1656; x_wconf 80' lang='grc' dir='ltr'>’Λϐάρων</span> <span class='ocrx_word' id='word_1_95' title='bbox 1503 1587 1784 1657; x_wconf 82' lang='grc' dir='ltr'>ἄπρακτον</span> 
     </span>
    </p>
   </div>
   <div class='ocr_carea' id='block_1_16' title="bbox 242 1671 1784 1748">
    <p class='ocr_par' dir='ltr' id='par_1_16' title="bbox 242 1671 1784 1748">
     <span class='ocr_line' id='line_1_16' title="bbox 242 1671 1784 1748; baseline 0.006 -24"><span class='ocrx_word' id='word_1_96' title='bbox 242 1671 419 1741; x_wconf 70' lang='grc' dir='ltr'>τὴντοῦ</span> <span class='ocrx_word' id='word_1_97' title='bbox 450 1673 491 1704; x_wconf 84' lang='grc'><strong>⁸¹</strong></span> <span class='ocrx_word' id='word_1_98' title='bbox 535 1674 905 1743; x_wconf 81' lang='grc' dir='ltr'>Κομεντιόλου</span> <span class='ocrx_word' id='word_1_99' title='bbox 939 1677 1184 1730; x_wconf 77' lang='grc' dir='ltr'>ἐπίθεσιν</span> <span class='ocrx_word' id='word_1_100' title='bbox 1226 1677 1324 1748; x_wconf 82' lang='grc' dir='ltr'>τὴν</span> <span class='ocrx_word' id='word_1_101' title='bbox 1360 1679 1502 1732; x_wconf 83' lang='grc' dir='ltr'><strong>κατά</strong></span> <span class='ocrx_word' id='word_1_102' title='bbox 1539 1676 1634 1736; x_wconf 76' lang='grc' dir='ltr'>τοῦ</span> <span class='ocrx_word' id='word_1_103' title='bbox 1668 1680 1784 1733; x_wconf 74' lang='lat' dir='ltr'><strong>X1-</strong></span> 
     </span>
    </p>
   </div>
   <div class='ocr_carea' id='block_1_17' title="bbox 240 1763 1781 1839">
    <p class='ocr_par' dir='ltr' id='par_1_17' title="bbox 240 1763 1781 1839">
     <span class='ocr_line' id='line_1_17' title="bbox 240 1763 1781 1839; baseline 0.003 -23"><span class='ocrx_word' id='word_1_104' title='bbox 240 1765 376 1831; x_wconf 75' lang='grc' dir='ltr'>γάνου</span> <span class='ocrx_word' id='word_1_105' title='bbox 398 1763 717 1835; x_wconf 78' lang='grc' dir='ltr'>εἰργάσατο.</span> <span class='ocrx_word' id='word_1_106' title='bbox 748 1765 860 1818; x_wconf 69' lang='grc' dir='ltr'><strong>Καὶ</strong></span> <span class='ocrx_word' id='word_1_107' title='bbox 900 1768 1028 1837; x_wconf 73' lang='grc' dir='ltr'>περὶ</span> <span class='ocrx_word' id='word_1_108' title='bbox 1061 1766 1238 1821; x_wconf 76' lang='grc' dir='ltr'>Βουσᾶ</span> <span class='ocrx_word' id='word_1_109' title='bbox 1278 1766 1374 1821; x_wconf 81' lang='grc' dir='ltr'><strong>τοῦ</strong></span> <span class='ocrx_word' id='word_1_110' title='bbox 1421 1769 1781 1839; x_wconf 84' lang='grc' dir='ltr'>στρατιώτου,</span> 
     </span>
    </p>
   </div>
   <div class='ocr_carea' id='block_1_18' title="bbox 240 1854 1784 1928">
    <p class='ocr_par' dir='ltr' id='par_1_18' title="bbox 240 1854 1784 1928">
     <span class='ocr_line' id='line_1_18' title="bbox 240 1854 1784 1928; baseline 0.003 -21"><span class='ocrx_word' id='word_1_111' title='bbox 240 1854 358 1916; x_wconf 82' lang='grc' dir='ltr'>ὅπως</span> <span class='ocrx_word' id='word_1_112' title='bbox 385 1871 437 1906; x_wconf 87' lang='grc' dir='ltr'>τε</span> <span class='ocrx_word' id='word_1_113' title='bbox 487 1855 538 1885; x_wconf 83' lang='grc'><strong>⁸²</strong></span> <span class='ocrx_word' id='word_1_114' title='bbox 576 1855 834 1925; x_wconf 73' lang='grc' dir='ltr'>κυνηγῶν</span> <span class='ocrx_word' id='word_1_115' title='bbox 873 1855 1015 1909; x_wconf 79' lang='grc' dir='ltr'><strong>ὲάλω</strong></span> <span class='ocrx_word' id='word_1_116' title='bbox 1059 1857 1163 1909; x_wconf 74' lang='grc' dir='ltr'><strong>ὑπὸ</strong></span> <span class='ocrx_word' id='word_1_117' title='bbox 1205 1856 1314 1909; x_wconf 86' lang='grc' dir='ltr'><strong>τῶν</strong></span> <span class='ocrx_word' id='word_1_118' title='bbox 1370 1856 1640 1928; x_wconf 80' lang='grc' dir='ltr'>Ἀϐἀρων,</span> <span class='ocrx_word' id='word_1_119' title='bbox 1689 1859 1784 1911; x_wconf 79' lang='grc' dir='ltr'><strong>καὶ</strong></span> 
     </span>
    </p>
   </div>
   <div class='ocr_carea' id='block_1_19' title="bbox 1888 668 3474 746">
    <p class='ocr_par' dir='ltr' id='par_1_19' title="bbox 1888 668 3474 746">
     <span class='ocr_line' id='line_1_19' title="bbox 1888 668 3474 746; baseline -0.005 -16"><span class='ocrx_word' id='word_1_120' title='bbox 1888 678 2070 730; x_wconf 90' lang='lat' dir='ltr'><strong>vivum</strong></span> <span class='ocrx_word' id='word_1_121' title='bbox 2105 677 2370 746; x_wconf 85' lang='lat' dir='ltr'><strong>ceperint,</strong></span> <span class='ocrx_word' id='word_1_122' title='bbox 2397 681 2450 728; x_wconf 91' lang='lat' dir='ltr'><strong>ct</strong></span> <span class='ocrx_word' id='word_1_123' title='bbox 2493 672 2545 726; x_wconf 94' lang='lat' dir='ltr'><strong>in</strong></span> <span class='ocrx_word' id='word_1_124' title='bbox 2577 670 2868 725; x_wconf 84' lang='lat' dir='ltr'><strong>Thraciam</strong></span> <span class='ocrx_word' id='word_1_125' title='bbox 2916 668 3286 724; x_wconf 81' lang='lat' dir='ltr'><strong>incursionem</strong></span> <span class='ocrx_word' id='word_1_126' title='bbox 3323 684 3474 722; x_wconf 78' lang='lat' dir='ltr'><strong>exer-</strong></span> 
     </span>
    </p>
   </div>
   <div class='ocr_carea' id='block_1_20' title="bbox 1889 761 3471 830">
    <p class='ocr_par' dir='ltr' id='par_1_20' title="bbox 1889 761 3471 830">
     <span class='ocr_line' id='line_1_20' title="bbox 1889 761 3471 830; baseline -0.007 -4"><span class='ocrx_word' id='word_1_127' title='bbox 1889 770 2030 826; x_wconf 88' lang='lat' dir='ltr'><strong>citus</strong></span> <span class='ocrx_word' id='word_1_128' title='bbox 2095 783 2287 821; x_wconf 87' lang='lat' dir='ltr'><strong>eorum</strong></span> <span class='ocrx_word' id='word_1_129' title='bbox 2337 765 2546 830; x_wconf 86' lang='lat' dir='ltr'><strong>fecerit,</strong></span> <span class='ocrx_word' id='word_1_130' title='bbox 2593 761 2933 818; x_wconf 88' lang='lat' dir='ltr'><strong>Comentiolo</strong></span> <span class='ocrx_word' id='word_1_131' title='bbox 2990 761 3208 815; x_wconf 80' lang='lat' dir='ltr'><strong>interim</strong></span> <span class='ocrx_word' id='word_1_132' title='bbox 3273 762 3471 815; x_wconf 86' lang='lat' dir='ltr'><strong>delibe-</strong></span> 
     </span>
    </p>
   </div>
   <div class='ocr_carea' id='block_1_21' title="bbox 1889 853 3466 925">
    <p class='ocr_par' dir='ltr' id='par_1_21' title="bbox 1889 853 3466 925">
     <span class='ocr_line' id='line_1_21' title="bbox 1889 853 3466 925; baseline -0.008 -9"><span class='ocrx_word' id='word_1_133' title='bbox 1889 870 2066 925; x_wconf 88' lang='lat' dir='ltr'><strong>rante,</strong></span> <span class='ocrx_word' id='word_1_134' title='bbox 2095 876 2162 914; x_wconf 89' lang='lat' dir='ltr'><strong>an</strong></span> <span class='ocrx_word' id='word_1_135' title='bbox 2194 859 2389 913; x_wconf 80' lang='lat' dir='ltr'><strong>Abaris</strong></span> <span class='ocrx_word' id='word_1_136' title='bbox 2419 866 2733 910; x_wconf 90' lang='lat' dir='ltr'><strong>occurreret</strong></span> <span class='ocrx_word' id='word_1_137' title='bbox 2762 875 2774 909; x_wconf 93' lang='lat'>:</span> <span class='ocrx_word' id='word_1_138' title='bbox 2812 853 3108 922; x_wconf 77' lang='lat' dir='ltr'><strong>babitaquc</strong></span> <span class='ocrx_word' id='word_1_139' title='bbox 3141 863 3223 907; x_wconf 87' lang='lat' dir='ltr'><strong>est</strong></span> <span class='ocrx_word' id='word_1_140' title='bbox 3265 853 3316 907; x_wconf 93' lang='lat' dir='ltr'><strong>in</strong></span> <span class='ocrx_word' id='word_1_141' title='bbox 3347 870 3466 908; x_wconf 86' lang='lat' dir='ltr'><strong>eam</strong></span> 
     </span>
    </p>
   </div>
   <div class='ocr_carea' id='block_1_22' title="bbox 1889 946 3466 1015">
    <p class='ocr_par' dir='ltr' id='par_1_22' title="bbox 1889 946 3466 1015">
     <span class='ocr_line' id='line_1_22' title="bbox 1889 946 3466 1015; baseline -0.008 -7"><span class='ocrx_word' id='word_1_142' title='bbox 1889 951 2215 1007; x_wconf 88' lang='lat' dir='ltr'><strong>sententiam</strong></span> <span class='ocrx_word' id='word_1_143' title='bbox 2271 948 2487 1015; x_wconf 87' lang='lat' dir='ltr'><strong>concio,</strong></span> <span class='ocrx_word' id='word_1_144' title='bbox 2521 957 2575 1002; x_wconf 91' lang='lat' dir='ltr'><strong>et</strong></span> <span class='ocrx_word' id='word_1_145' title='bbox 2634 946 2803 999; x_wconf 87' lang='lat' dir='ltr'><strong>altera</strong></span> <span class='ocrx_word' id='word_1_146' title='bbox 2860 947 2984 997; x_wconf 88' lang='lat' dir='ltr'><strong>item</strong></span> <span class='ocrx_word' id='word_1_147' title='bbox 3043 953 3254 1008; x_wconf 88' lang='lat' dir='ltr'><strong>contra,</strong></span> <span class='ocrx_word' id='word_1_148' title='bbox 3306 960 3372 996; x_wconf 89' lang='lat' dir='ltr'><strong>ne</strong></span> <span class='ocrx_word' id='word_1_149' title='bbox 3408 959 3466 996; x_wconf 90' lang='lat' dir='ltr'><strong>se</strong></span> 
     </span>
    </p>
   </div>
   <div class='ocr_carea' id='block_1_23' title="bbox 1889 1033 3466 1112">
    <p class='ocr_par' dir='ltr' id='par_1_23' title="bbox 1889 1033 3466 1112">
     <span class='ocr_line' id='line_1_23' title="bbox 1889 1033 3466 1112; baseline -0.008 -14"><span class='ocrx_word' id='word_1_150' title='bbox 1889 1043 2028 1098; x_wconf 81' lang='lat' dir='ltr'><strong>liosti</strong></span> <span class='ocrx_word' id='word_1_151' title='bbox 2076 1041 2354 1112; x_wconf 87' lang='lat' dir='ltr'><strong>objiceret.</strong></span> <span class='ocrx_word' id='word_1_152' title='bbox 2393 1037 2674 1106; x_wconf 85' lang='lat' dir='ltr'><strong>Quomodo</strong></span> <span class='ocrx_word' id='word_1_153' title='bbox 2727 1045 2881 1090; x_wconf 92' lang='lat' dir='ltr'><strong>ortus</strong></span> <span class='ocrx_word' id='word_1_154' title='bbox 2915 1035 2967 1088; x_wconf 93' lang='lat' dir='ltr'><strong>in</strong></span> <span class='ocrx_word' id='word_1_155' title='bbox 3013 1035 3206 1087; x_wconf 81' lang='lat' dir='ltr'><strong>castris</strong></span> <span class='ocrx_word' id='word_1_156' title='bbox 3255 1033 3466 1086; x_wconf 82' lang='lat' dir='ltr'><strong>Abaro-</strong></span> 
     </span>
    </p>
   </div>
   <div class='ocr_carea' id='block_1_24' title="bbox 1887 1123 3472 1196">
    <p class='ocr_par' dir='ltr' id='par_1_24' title="bbox 1887 1123 3472 1196">
     <span class='ocr_line' id='line_1_24' title="bbox 1887 1123 3472 1196; baseline -0.01 -8"><span class='ocrx_word' id='word_1_157' title='bbox 1887 1149 2008 1188; x_wconf 86' lang='lat' dir='ltr'><strong>rum</strong></span> <span class='ocrx_word' id='word_1_158' title='bbox 2037 1147 2246 1196; x_wconf 90' lang='lat' dir='ltr'><strong>rumor,</strong></span> <span class='ocrx_word' id='word_1_159' title='bbox 2289 1128 2611 1186; x_wconf 91' lang='lat' dir='ltr'><strong>Comentioli</strong></span> <span class='ocrx_word' id='word_1_160' title='bbox 2641 1127 2900 1180; x_wconf 90' lang='lat' dir='ltr'><strong>adversus</strong></span> <span class='ocrx_word' id='word_1_161' title='bbox 2943 1123 3264 1192; x_wconf 81' lang='lat' dir='ltr'><strong>Cltaganum</strong></span> <span class='ocrx_word' id='word_1_162' title='bbox 3327 1123 3472 1176; x_wconf 82' lang='lat' dir='ltr'><strong>irru-</strong></span> 
     </span>
    </p>
   </div>
   <div class='ocr_carea' id='block_1_25' title="bbox 1889 1213 3481 1293">
    <p class='ocr_par' dir='ltr' id='par_1_25' title="bbox 1889 1213 3481 1293">
     <span class='ocr_line' id='line_1_25' title="bbox 1889 1213 3481 1293; baseline -0.008 -16"><span class='ocrx_word' id='word_1_163' title='bbox 1889 1224 2127 1293; x_wconf 90' lang='lat' dir='ltr'><strong>ptionem</strong></span> <span class='ocrx_word' id='word_1_164' title='bbox 2162 1223 2368 1276; x_wconf 91' lang='lat' dir='ltr'><strong>irritam</strong></span> <span class='ocrx_word' id='word_1_165' title='bbox 2409 1219 2617 1274; x_wconf 88' lang='lat' dir='ltr'><strong>fecerit.</strong></span> <span class='ocrx_word' id='word_1_166' title='bbox 2649 1218 2726 1272; x_wconf 90' lang='lat' dir='ltr'><strong>De</strong></span> <span class='ocrx_word' id='word_1_167' title='bbox 2759 1215 2895 1269; x_wconf 86' lang='lat' dir='ltr'><strong>Busa</strong></span> <span class='ocrx_word' id='word_1_168' title='bbox 2935 1214 3126 1276; x_wconf 86' lang='lat' dir='ltr'><strong>milite,</strong></span> <span class='ocrx_word' id='word_1_169' title='bbox 3163 1214 3253 1282; x_wconf 90' lang='lat' dir='ltr'><strong>qui</strong></span> <span class='ocrx_word' id='word_1_170' title='bbox 3295 1213 3347 1266; x_wconf 93' lang='lat' dir='ltr'><strong>in</strong></span> <span class='ocrx_word' id='word_1_171' title='bbox 3389 1229 3481 1265; x_wconf 63' lang='grc' dir='ltr'>τοι</span> 
     </span>
    </p>
   </div>
   <div class='ocr_carea' id='block_1_26' title="bbox 1888 1307 3471 1380">
    <p class='ocr_par' dir='ltr' id='par_1_26' title="bbox 1888 1307 3471 1380">
     <span class='ocr_line' id='line_1_26' title="bbox 1888 1307 3471 1380; baseline -0.009 -10"><span class='ocrx_word' id='word_1_172' title='bbox 1888 1317 2110 1370; x_wconf 88' lang='lat' dir='ltr'><strong>natione</strong></span> <span class='ocrx_word' id='word_1_173' title='bbox 2137 1315 2204 1368; x_wconf 91' lang='lat' dir='ltr'><strong>ab</strong></span> <span class='ocrx_word' id='word_1_174' title='bbox 2231 1313 2426 1367; x_wconf 81' lang='lat' dir='ltr'><strong>Abnris</strong></span> <span class='ocrx_word' id='word_1_175' title='bbox 2461 1322 2673 1380; x_wconf 87' lang='lat' dir='ltr'><strong>captus,</strong></span> <span class='ocrx_word' id='word_1_176' title='bbox 2700 1318 2755 1363; x_wconf 87' lang='lat' dir='ltr'><strong>et</strong></span> <span class='ocrx_word' id='word_1_177' title='bbox 2777 1326 2804 1360; x_wconf 88' lang='lat' dir='ltr'><strong>a</strong></span> <span class='ocrx_word' id='word_1_178' title='bbox 2831 1307 2967 1377; x_wconf 62' lang='lat' dir='ltr'><strong>{suis</strong></span> <span class='ocrx_word' id='word_1_179' title='bbox 2998 1307 3272 1376; x_wconf 87' lang='lat' dir='ltr'><strong>neglectus</strong></span> <span class='ocrx_word' id='word_1_180' title='bbox 3336 1320 3471 1358; x_wconf 55' lang='lat' dir='ltr'><strong>conv</strong></span> 
     </span>
    </p>
   </div>
   <div class='ocr_carea' id='block_1_27' title="bbox 1889 1400 3476 1472">
    <p class='ocr_par' dir='ltr' id='par_1_27' title="bbox 1889 1400 3476 1472">
     <span class='ocr_line' id='line_1_27' title="bbox 1889 1400 3476 1472; baseline -0.007 -15"><span class='ocrx_word' id='word_1_181' title='bbox 1889 1412 2253 1472; x_wconf 88' lang='lat' dir='ltr'><strong>temptusque,</strong></span> <span class='ocrx_word' id='word_1_182' title='bbox 2306 1402 2571 1456; x_wconf 80' lang='lat' dir='ltr'><strong>Barbaros</strong></span> <span class='ocrx_word' id='word_1_183' title='bbox 2621 1415 2740 1454; x_wconf 89' lang='lat' dir='ltr'><strong>eam</strong></span> <span class='ocrx_word' id='word_1_184' title='bbox 2789 1400 2859 1452; x_wconf 91' lang='lat' dir='ltr'><strong>ob</strong></span> <span class='ocrx_word' id='word_1_185' title='bbox 2889 1413 3106 1451; x_wconf 81' lang='lat' dir='ltr'><strong>causam</strong></span> <span class='ocrx_word' id='word_1_186' title='bbox 3158 1411 3476 1465; x_wconf 78' lang='lat' dir='ltr'><strong>Oppugnan-</strong></span> 
     </span>
    </p>
   </div>
   <div class='ocr_carea' id='block_1_28' title="bbox 1889 1489 3471 1557">
    <p class='ocr_par' dir='ltr' id='par_1_28' title="bbox 1889 1489 3471 1557">
     <span class='ocr_line' id='line_1_28' title="bbox 1889 1489 3471 1557; baseline -0.004 -9"><span class='ocrx_word' id='word_1_187' title='bbox 1889 1496 2079 1549; x_wconf 88' lang='lat' dir='ltr'><strong>darutn</strong></span> <span class='ocrx_word' id='word_1_188' title='bbox 2126 1496 2336 1548; x_wconf 82' lang='lat' dir='ltr'><strong>urbium</strong></span> <span class='ocrx_word' id='word_1_189' title='bbox 2371 1495 2652 1548; x_wconf 81' lang='lat' dir='ltr'><strong>machinas</strong></span> <span class='ocrx_word' id='word_1_190' title='bbox 2700 1493 2966 1546; x_wconf 82' lang='lat' dir='ltr'><strong>fabricare</strong></span> <span class='ocrx_word' id='word_1_191' title='bbox 3015 1491 3221 1557; x_wconf 88' lang='lat' dir='ltr'><strong>prinms</strong></span> <span class='ocrx_word' id='word_1_192' title='bbox 3261 1489 3471 1543; x_wconf 84' lang='lat' dir='ltr'><strong>docuit.</strong></span> 
     </span>
    </p>
   </div>
   <div class='ocr_carea' id='block_1_29' title="bbox 1888 1580 3476 1659">
    <p class='ocr_par' dir='ltr' id='par_1_29' title="bbox 1888 1580 3476 1659">
     <span class='ocr_line' id='line_1_29' title="bbox 1888 1580 3476 1659; baseline -0.006 -17"><span class='ocrx_word' id='word_1_193' title='bbox 1888 1587 1978 1643; x_wconf 89' lang='lat' dir='ltr'><strong>Uti</strong></span> <span class='ocrx_word' id='word_1_194' title='bbox 2010 1589 2296 1659; x_wconf 82' lang='lat' dir='ltr'><strong>Chaganus</strong></span> <span class='ocrx_word' id='word_1_195' title='bbox 2333 1586 2539 1640; x_wconf 85' lang='lat' dir='ltr'><strong>Beroen</strong></span> <span class='ocrx_word' id='word_1_196' title='bbox 2590 1585 2898 1648; x_wconf 79' lang='lat' dir='ltr'><strong>obsederit,</strong></span> <span class='ocrx_word' id='word_1_197' title='bbox 2933 1583 3026 1638; x_wconf 90' lang='lat' dir='ltr'><strong>sed</strong></span> <span class='ocrx_word' id='word_1_198' title='bbox 3065 1582 3194 1636; x_wconf 84' lang='lat' dir='ltr'><strong>nihil</strong></span> <span class='ocrx_word' id='word_1_199' title='bbox 3232 1580 3476 1651; x_wconf 77' lang='lat' dir='ltr'><strong>profece-</strong></span> 
     </span>
    </p>
   </div>
   <div class='ocr_carea' id='block_1_30' title="bbox 1889 1674 3473 1744">
    <p class='ocr_par' dir='ltr' id='par_1_30' title="bbox 1889 1674 3473 1744">
     <span class='ocr_line' id='line_1_30' title="bbox 1889 1674 3473 1744; baseline -0.005 -12"><span class='ocrx_word' id='word_1_200' title='bbox 1889 1680 1980 1734; x_wconf 89' lang='lat' dir='ltr'><strong>rit.</strong></span> <span class='ocrx_word' id='word_1_201' title='bbox 2030 1678 2294 1733; x_wconf 88' lang='lat' dir='ltr'><strong>Similiter</strong></span> <span class='ocrx_word' id='word_1_202' title='bbox 2327 1689 2380 1732; x_wconf 91' lang='lat' dir='ltr'><strong>et</strong></span> <span class='ocrx_word' id='word_1_203' title='bbox 2420 1676 2736 1730; x_wconf 90' lang='lat' dir='ltr'><strong>Diocletiani</strong></span> <span class='ocrx_word' id='word_1_204' title='bbox 2774 1674 2960 1729; x_wconf 88' lang='lat' dir='ltr'><strong>urbem</strong></span> <span class='ocrx_word' id='word_1_205' title='bbox 2989 1675 3336 1744; x_wconf 82' lang='lat' dir='ltr'><strong>oppugnarit,</strong></span> <span class='ocrx_word' id='word_1_206' title='bbox 3382 1687 3473 1725; x_wconf 91' lang='lat' dir='ltr'><strong>nc-</strong></span> 
     </span>
    </p>
   </div>
   <div class='ocr_carea' id='block_1_31' title="bbox 1887 1765 3474 1842">
    <p class='ocr_par' dir='ltr' id='par_1_31' title="bbox 1887 1765 3474 1842">
     <span class='ocr_line' id='line_1_31' title="bbox 1887 1765 3474 1842; baseline -0.006 -17"><span class='ocrx_word' id='word_1_207' title='bbox 1887 1786 1992 1842; x_wconf 85' lang='lat' dir='ltr'><strong>que</strong></span> <span class='ocrx_word' id='word_1_208' title='bbox 2043 1771 2250 1841; x_wconf 77' lang='lat' dir='ltr'><strong>ceperit</strong></span> <span class='ocrx_word' id='word_1_209' title='bbox 2300 1780 2500 1823; x_wconf 87' lang='lat' dir='ltr'><strong>tamen.</strong></span> <span class='ocrx_word' id='word_1_210' title='bbox 2546 1767 2865 1822; x_wconf 83' lang='lat' dir='ltr'><strong>Mauricium</strong></span> <span class='ocrx_word' id='word_1_211' title='bbox 2903 1768 3280 1836; x_wconf 88' lang='lat' dir='ltr'><strong>imperatorem</strong></span> <span class='ocrx_word' id='word_1_212' title='bbox 3330 1765 3474 1818; x_wconf 83' lang='lat' dir='ltr'><strong>Con—</strong></span> 
     </span>
    </p>
   </div>
   <div class='ocr_carea' id='block_1_32' title="bbox 1887 1858 3471 1931">
    <p class='ocr_par' dir='ltr' id='par_1_32' title="bbox 1887 1858 3471 1931">
     <span class='ocr_line' id='line_1_32' title="bbox 1887 1858 3471 1931; baseline -0.008 -13"><span class='ocrx_word' id='word_1_213' title='bbox 1887 1863 2240 1931; x_wconf 75' lang='lat' dir='ltr'><strong>srantinopoli</strong></span> <span class='ocrx_word' id='word_1_214' title='bbox 2273 1861 2339 1915; x_wconf 92' lang='lat' dir='ltr'><strong>ab</strong></span> <span class='ocrx_word' id='word_1_215' title='bbox 2374 1860 2647 1915; x_wconf 87' lang='lat' dir='ltr'><strong>incondita</strong></span> <span class='ocrx_word' id='word_1_216' title='bbox 2687 1859 3076 1930; x_wconf 83' lang='lat' dir='ltr'><strong>Byzantiorum</strong></span> <span class='ocrx_word' id='word_1_217' title='bbox 3107 1858 3261 1928; x_wconf 88' lang='lat' dir='ltr'><strong>plebe</strong></span> <span class='ocrx_word' id='word_1_218' title='bbox 3289 1858 3471 1910; x_wconf 87' lang='lat' dir='ltr'><strong>eonvi-</strong></span> 
     </span>
    </p>
   </div>
   <div class='ocr_carea' id='block_1_33' title="bbox 238 1936 1788 2023">
    <p class='ocr_par' dir='ltr' id='par_1_33' title="bbox 238 1947 1783 2020">
     <span class='ocr_line' id='line_1_33' title="bbox 238 1947 1783 2020; baseline 0.005 -23"><span class='ocrx_word' id='word_1_219' title='bbox 238 1947 357 2010; x_wconf 72' lang='grc' dir='ltr'>ὅπως</span> <span class='ocrx_word' id='word_1_220' title='bbox 403 1947 500 2000; x_wconf 78' lang='grc' dir='ltr'>ὑπὸ</span> <span class='ocrx_word' id='word_1_221' title='bbox 558 1947 667 2000; x_wconf 79' lang='grc' dir='ltr'>τῶν</span> <span class='ocrx_word' id='word_1_222' title='bbox 707 1948 998 2018; x_wconf 78' lang='grc' dir='ltr'>ὁμοφύλων</span> <span class='ocrx_word' id='word_1_223' title='bbox 1058 1948 1392 2018; x_wconf 71' lang='grc' dir='ltr'>ὑπεροφθεὶς</span> <span class='ocrx_word' id='word_1_224' title='bbox 1442 1950 1660 2020; x_wconf 82' lang='grc' dir='ltr'>πρῶτος</span> <span class='ocrx_word' id='word_1_225' title='bbox 1697 1951 1783 2005; x_wconf 74' lang='grc' dir='ltr'>διὰ</span> 
     </span>
    </p>
   </div>
   <div class='ocr_carea' id='block_1_34' title="bbox 1892 1936 3472 2023">
    <p class='ocr_par' dir='ltr' id='par_1_34' title="bbox 1892 1949 3472 2023">
     <span class='ocr_line' id='line_1_34' title="bbox 1892 1949 3472 2023; baseline -0.004 -13"><span class='ocrx_word' id='word_1_226' title='bbox 1892 1957 1992 2010; x_wconf 87' lang='lat' dir='ltr'><strong>ciis</strong></span> <span class='ocrx_word' id='word_1_227' title='bbox 2015 1964 2323 2022; x_wconf 77' lang='lat' dir='ltr'><strong>exceptum.</strong></span> <span class='ocrx_word' id='word_1_228' title='bbox 2352 1955 2493 2023; x_wconf 80' lang='lat' dir='ltr'><strong>quod</strong></span> <span class='ocrx_word' id='word_1_229' title='bbox 2518 1953 2586 2007; x_wconf 93' lang='lat' dir='ltr'><strong>ob</strong></span> <span class='ocrx_word' id='word_1_230' title='bbox 2617 1967 2704 2006; x_wconf 89' lang='lat' dir='ltr'><strong>res</strong></span> <span class='ocrx_word' id='word_1_231' title='bbox 2735 1951 3022 2006; x_wconf 80' lang='lat' dir='ltr'><strong>infeliciter</strong></span> <span class='ocrx_word' id='word_1_232' title='bbox 3061 1966 3180 2005; x_wconf 93' lang='lat' dir='ltr'><strong>cum</strong></span> <span class='ocrx_word' id='word_1_233' title='bbox 3218 1949 3472 2003; x_wconf 81' lang='lat' dir='ltr'><strong>Barbaris</strong></span> 
     </span>
    </p>
   </div>
   <div class='ocr_carea' id='block_1_35' title="bbox 237 2035 1783 2110">
    <p class='ocr_par' dir='ltr' id='par_1_35' title="bbox 237 2035 1783 2110">
     <span class='ocr_line' id='line_1_35' title="bbox 237 2035 1783 2110; baseline 0.005 -23"><span class='ocrx_word' id='word_1_234' title='bbox 237 2035 365 2088; x_wconf 78' lang='grc' dir='ltr'>τοῦτο</span> <span class='ocrx_word' id='word_1_235' title='bbox 401 2038 528 2098; x_wconf 76' lang='grc' dir='ltr'>τοὺς</span> <span class='ocrx_word' id='word_1_236' title='bbox 573 2037 842 2109; x_wconf 84' lang='grc' dir='ltr'>Ἀϐάρους</span> <span class='ocrx_word' id='word_1_237' title='bbox 894 2038 1293 2108; x_wconf 84' lang='grc' dir='ltr'>πολιορκητικὰ</span> <span class='ocrx_word' id='word_1_238' title='bbox 1327 2039 1538 2110; x_wconf 74' lang='grc' dir='ltr'>ὄργανα</span> <span class='ocrx_word' id='word_1_239' title='bbox 1577 2041 1783 2107; x_wconf 75' lang='grc' dir='ltr'>ἐδίδαξε</span> 
     </span>
    </p>
   </div>
   <div class='ocr_carea' id='block_1_36' title="bbox 235 2126 1786 2199">
    <p class='ocr_par' dir='ltr' id='par_1_36' title="bbox 235 2126 1786 2199">
     <span class='ocr_line' id='line_1_36' title="bbox 235 2126 1786 2199; baseline 0.004 -21"><span class='ocrx_word' id='word_1_240' title='bbox 235 2126 738 2191; x_wconf 66' lang='grc' dir='ltr'><strong>κατασκευάζεσθαι.</strong></span> <span class='ocrx_word' id='word_1_241' title='bbox 787 2127 978 2192; x_wconf 85' lang='grc' dir='ltr'><strong>Ὅπως</strong></span> <span class='ocrx_word' id='word_1_242' title='bbox 1015 2145 1076 2182; x_wconf 87' lang='grc' dir='ltr'><strong>τε</strong></span> <span class='ocrx_word' id='word_1_243' title='bbox 1120 2129 1224 2182; x_wconf 82' lang='grc' dir='ltr'><strong>ὑπὸ</strong></span> <span class='ocrx_word' id='word_1_244' title='bbox 1265 2129 1358 2182; x_wconf 77' lang='grc' dir='ltr'>τοῦ</span> <span class='ocrx_word' id='word_1_245' title='bbox 1399 2131 1654 2199; x_wconf 82' lang='grc' dir='ltr'>Χαγάνου</span> <span class='ocrx_word' id='word_1_246' title='bbox 1692 2149 1786 2184; x_wconf 89' lang='grc' dir='ltr'>πο-</span> 
     </span>
    </p>
   </div>
   <div class='ocr_carea' id='block_1_37' title="bbox 236 2218 1790 2295">
    <p class='ocr_par' dir='ltr' id='par_1_37' title="bbox 236 2218 1790 2295">
     <span class='ocr_line' id='line_1_37' title="bbox 236 2218 1790 2295; baseline 0.006 -27"><span class='ocrx_word' id='word_1_247' title='bbox 236 2218 491 2287; x_wconf 79' lang='grc' dir='ltr'>λιορκεῖται</span> <span class='ocrx_word' id='word_1_248' title='bbox 537 2218 736 2290; x_wconf 82' lang='grc' dir='ltr'>Βερόη,</span> <span class='ocrx_word' id='word_1_249' title='bbox 769 2221 863 2273; x_wconf 76' lang='grc' dir='ltr'><strong>καὶ</strong></span> <span class='ocrx_word' id='word_1_250' title='bbox 892 2223 1042 2284; x_wconf 84' lang='grc' dir='ltr'>ὅπως</span> <span class='ocrx_word' id='word_1_251' title='bbox 1092 2223 1460 2293; x_wconf 69' lang='grc' dir='ltr'>ἀποτυγχάνει</span> <span class='ocrx_word' id='word_1_252' title='bbox 1485 2223 1579 2277; x_wconf 82' lang='grc' dir='ltr'><strong>τοῦ</strong></span> <span class='ocrx_word' id='word_1_253' title='bbox 1609 2225 1790 2295; x_wconf 81' lang='grc' dir='ltr'>ἐγχει-</span> 
     </span>
    </p>
   </div>
   <div class='ocr_carea' id='block_1_38' title="bbox 237 2313 1788 2385">
    <p class='ocr_par' dir='ltr' id='par_1_38' title="bbox 237 2313 1788 2385">
     <span class='ocr_line' id='line_1_38' title="bbox 237 2313 1788 2385; baseline 0.008 -25"><span class='ocrx_word' id='word_1_254' title='bbox 237 2313 464 2379; x_wconf 81' lang='grc' dir='ltr'>ρήματος.</span> <span class='ocrx_word' id='word_1_255' title='bbox 508 2313 704 2376; x_wconf 88' lang='grc' dir='ltr'>Ὅπως</span> <span class='ocrx_word' id='word_1_256' title='bbox 752 2331 812 2366; x_wconf 87' lang='grc' dir='ltr'>τε</span> <span class='ocrx_word' id='word_1_257' title='bbox 879 2315 1267 2385; x_wconf 79' lang='grc' dir='ltr'>Διοκλητιανού</span> <span class='ocrx_word' id='word_1_258' title='bbox 1321 2315 1474 2371; x_wconf 90' lang='grc' dir='ltr'>πόλιν</span> <span class='ocrx_word' id='word_1_259' title='bbox 1525 2319 1552 2371; x_wconf 86' lang='grc' dir='ltr'><strong>ὁ</strong></span> <span class='ocrx_word' id='word_1_260' title='bbox 1625 2319 1788 2382; x_wconf 78' lang='grc' dir='ltr'>αὐτὸς</span> 
     </span>
    </p>
   </div>
   <div class='ocr_carea' id='block_1_39' title="bbox 236 2403 1791 2478">
    <p class='ocr_par' dir='ltr' id='par_1_39' title="bbox 236 2403 1791 2478">
     <span class='ocr_line' id='line_1_39' title="bbox 236 2403 1791 2478; baseline 0.007 -25"><span class='ocrx_word' id='word_1_261' title='bbox 236 2403 571 2475; x_wconf 75' lang='grc' dir='ltr'>πολιορκήσας</span> <span class='ocrx_word' id='word_1_262' title='bbox 613 2407 910 2478; x_wconf 79' lang='grc' dir='ltr'>ἀπρακτεῖ.</span> <span class='ocrx_word' id='word_1_263' title='bbox 941 2407 1062 2475; x_wconf 71' lang='grc' dir='ltr'>,Καὶ</span> <span class='ocrx_word' id='word_1_264' title='bbox 1109 2407 1304 2471; x_wconf 84' lang='grc' dir='ltr'>ὅπωςὸ</span> <span class='ocrx_word' id='word_1_265' title='bbox 1337 2408 1593 2478; x_wconf 80' lang='grc' dir='ltr'>βασιλεὺς</span> <span class='ocrx_word' id='word_1_266' title='bbox 1636 2411 1791 2465; x_wconf 80' lang='grc' dir='ltr'>Μαυ-</span> 
     </span>
    </p>
   </div>
   <div class='ocr_carea' id='block_1_40' title="bbox 237 2495 1789 2570">
    <p class='ocr_par' dir='ltr' id='par_1_40' title="bbox 237 2495 1789 2570">
     <span class='ocr_line' id='line_1_40' title="bbox 237 2495 1789 2570; baseline 0.006 -23"><span class='ocrx_word' id='word_1_267' title='bbox 237 2495 380 2562; x_wconf 85' lang='grc' dir='ltr'>ρίκιος</span> <span class='ocrx_word' id='word_1_268' title='bbox 427 2497 539 2551; x_wconf 82' lang='grc' dir='ltr'><strong>ὑπὸ</strong></span> <span class='ocrx_word' id='word_1_269' title='bbox 577 2497 670 2553; x_wconf 77' lang='grc' dir='ltr'><strong>τοῦ</strong></span> <span class='ocrx_word' id='word_1_270' title='bbox 723 2499 979 2566; x_wconf 77' lang='grc' dir='ltr'>ἀγελαίου</span> <span class='ocrx_word' id='word_1_271' title='bbox 1029 2499 1270 2570; x_wconf 79' lang='grc' dir='ltr'>πλήθους</span> <span class='ocrx_word' id='word_1_272' title='bbox 1314 2502 1425 2555; x_wconf 83' lang='grc' dir='ltr'><strong>τῶν</strong></span> <span class='ocrx_word' id='word_1_273' title='bbox 1478 2503 1789 2568; x_wconf 77' lang='grc' dir='ltr'>Βυζαντίων</span> 
     </span>
    </p>
   </div>
   <div class='ocr_carea' id='block_1_41' title="bbox 233 2587 1790 2666">
    <p class='ocr_par' dir='ltr' id='par_1_41' title="bbox 233 2587 1790 2666">
     <span class='ocr_line' id='line_1_41' title="bbox 233 2587 1790 2666; baseline 0.007 -28"><span class='ocrx_word' id='word_1_274' title='bbox 233 2587 517 2658; x_wconf 83' lang='grc' dir='ltr'>ἐλοιδορεῖτο</span> <span class='ocrx_word' id='word_1_275' title='bbox 553 2590 641 2644; x_wconf 89' lang='grc' dir='ltr'><strong>διά</strong></span> <span class='ocrx_word' id='word_1_276' title='bbox 672 2591 740 2644; x_wconf 81' lang='grc' dir='ltr'><strong>τὰ</strong></span> <span class='ocrx_word' id='word_1_277' title='bbox 767 2592 874 2644; x_wconf 77' lang='grc' dir='ltr'>ἀπὸ</span> <span class='ocrx_word' id='word_1_278' title='bbox 918 2592 1025 2645; x_wconf 85' lang='grc' dir='ltr'><strong>τῶν</strong></span> <span class='ocrx_word' id='word_1_279' title='bbox 1057 2593 1350 2664; x_wconf 75' lang='grc' dir='ltr'>βαρϐαρων</span> <span class='ocrx_word' id='word_1_280' title='bbox 1406 2594 1790 2666; x_wconf 86' lang='grc' dir='ltr'>συμϐεϐηκότα</span> 
     </span>
    </p>
   </div>
   <div class='ocr_carea' id='block_1_42' title="bbox 233 2686 1789 2762">
    <p class='ocr_par' dir='ltr' id='par_1_42' title="bbox 233 2686 1789 2762">
     <span class='ocr_line' id='line_1_42' title="bbox 233 2686 1789 2762; baseline 0.006 -28"><span class='ocrx_word' id='word_1_281' title='bbox 233 2686 336 2754; x_wconf 75' lang='grc' dir='ltr'>περὶ</span> <span class='ocrx_word' id='word_1_282' title='bbox 355 2687 447 2755; x_wconf 80' lang='grc' dir='ltr'>τὴν</span> <span class='ocrx_word' id='word_1_283' title='bbox 482 2687 765 2758; x_wconf 76' lang='grc' dir='ltr'>Εὐρώπην</span> <span class='ocrx_word' id='word_1_284' title='bbox 799 2689 1210 2758; x_wconf 78' lang='grc' dir='ltr'>δυστυχήματα,</span> <span class='ocrx_word' id='word_1_285' title='bbox 1235 2691 1381 2753; x_wconf 85' lang='grc' dir='ltr'>ὅπως</span> <span class='ocrx_word' id='word_1_286' title='bbox 1412 2708 1470 2744; x_wconf 91' lang='grc' dir='ltr'>τε</span> <span class='ocrx_word' id='word_1_287' title='bbox 1513 2693 1789 2762; x_wconf 81' lang='grc' dir='ltr'>ἐκπέμπει</span> 
     </span>
    </p>
   </div>
   <div class='ocr_carea' id='block_1_43' title="bbox 235 2777 1792 2848">
    <p class='ocr_par' dir='ltr' id='par_1_43' title="bbox 235 2777 1792 2848">
     <span class='ocr_line' id='line_1_43' title="bbox 235 2777 1792 2848; baseline 0.006 -22"><span class='ocrx_word' id='word_1_288' title='bbox 235 2777 508 2844; x_wconf 79' lang='grc' dir='ltr'>στρατηγὸν</span> <span class='ocrx_word' id='word_1_289' title='bbox 535 2779 628 2831; x_wconf 70' lang='grc' dir='ltr'><strong>τὸν</strong></span> <span class='ocrx_word' id='word_1_290' title='bbox 659 2779 934 2848; x_wconf 74' lang='grc' dir='ltr'>Ἰωάννην,</span> <span class='ocrx_word' id='word_1_291' title='bbox 959 2780 1018 2832; x_wconf 86' lang='grc' dir='ltr'>ὃν</span> <span class='ocrx_word' id='word_1_292' title='bbox 1037 2781 1339 2834; x_wconf 71' lang='grc' dir='ltr'>ἐπεκάλουν</span> <span class='ocrx_word' id='word_1_293' title='bbox 1357 2782 1704 2836; x_wconf 86' lang='grc' dir='ltr'>Μυστάκωνα</span> <span class='ocrx_word' id='word_1_294' title='bbox 1723 2783 1792 2847; x_wconf 82' lang='grc'><strong>⁸⁸,</strong></span> 
     </span>
    </p>
   </div>
   <div class='ocr_carea' id='block_1_44' title="bbox 230 2866 1788 2944">
    <p class='ocr_par' dir='ltr' id='par_1_44' title="bbox 230 2866 1788 2944">
     <span class='ocr_line' id='line_1_44' title="bbox 230 2866 1788 2944; baseline 0.006 -27"><span class='ocrx_word' id='word_1_295' title='bbox 230 2866 622 2939; x_wconf 78' lang='grc' dir='ltr'>ὑποστράτηγον</span> <span class='ocrx_word' id='word_1_296' title='bbox 665 2871 815 2942; x_wconf 87' lang='grc' dir='ltr'><strong>αύτῷ</strong></span> <span class='ocrx_word' id='word_1_297' title='bbox 854 2873 1342 2943; x_wconf 83' lang='grc' dir='ltr'>καταστησάμενος</span> <span class='ocrx_word' id='word_1_298' title='bbox 1392 2875 1704 2944; x_wconf 87' lang='grc' dir='ltr'>Δρόκτωνα,</span> <span class='ocrx_word' id='word_1_299' title='bbox 1729 2875 1788 2938; x_wconf 78' lang='grc' dir='ltr'>ὃς</span> 
     </span>
    </p>
   </div>
   <div class='ocr_carea' id='block_1_45' title="bbox 1892 2041 3474 2120">
    <p class='ocr_par' dir='ltr' id='par_1_45' title="bbox 1892 2041 3474 2120">
     <span class='ocr_line' id='line_1_45' title="bbox 1892 2041 3474 2120; baseline -0.006 -17"><span class='ocrx_word' id='word_1_300' title='bbox 1892 2058 2095 2120; x_wconf 79' lang='lat' dir='ltr'><strong>gestas,</strong></span> <span class='ocrx_word' id='word_1_301' title='bbox 2135 2047 2347 2117; x_wconf 82' lang='lat' dir='ltr'><strong>Europa</strong></span> <span class='ocrx_word' id='word_1_302' title='bbox 2405 2044 2598 2100; x_wconf 80' lang='lat' dir='ltr'><strong>amicta</strong></span> <span class='ocrx_word' id='word_1_303' title='bbox 2631 2056 2794 2100; x_wconf 87' lang='lat' dir='ltr'><strong>esset.</strong></span> <span class='ocrx_word' id='word_1_304' title='bbox 2837 2044 3047 2098; x_wconf 85' lang='lat' dir='ltr'><strong>Misisse</strong></span> <span class='ocrx_word' id='word_1_305' title='bbox 3106 2044 3287 2114; x_wconf 88' lang='lat' dir='ltr'><strong>itaque</strong></span> <span class='ocrx_word' id='word_1_306' title='bbox 3311 2041 3474 2095; x_wconf 86' lang='lat' dir='ltr'><strong>Joan—</strong></span> 
     </span>
    </p>
   </div>
   <div class='ocr_carea' id='block_1_46' title="bbox 1895 2136 3474 2210">
    <p class='ocr_par' dir='ltr' id='par_1_46' title="bbox 1895 2136 3474 2210">
     <span class='ocr_line' id='line_1_46' title="bbox 1895 2136 3474 2210; baseline -0.005 -14"><span class='ocrx_word' id='word_1_307' title='bbox 1895 2158 2039 2206; x_wconf 89' lang='lat' dir='ltr'><strong>nem,</strong></span> <span class='ocrx_word' id='word_1_308' title='bbox 2063 2151 2424 2210; x_wconf 83' lang='lat' dir='ltr'><strong>cognomento</strong></span> <span class='ocrx_word' id='word_1_309' title='bbox 2451 2137 2786 2209; x_wconf 81' lang='lat' dir='ltr'><strong>Mystacona,</strong></span> <span class='ocrx_word' id='word_1_310' title='bbox 2812 2137 2933 2192; x_wconf 90' lang='lat' dir='ltr'><strong>belli</strong></span> <span class='ocrx_word' id='word_1_311' title='bbox 2965 2138 3177 2201; x_wconf 87' lang='lat' dir='ltr'><strong>ducem,</strong></span> <span class='ocrx_word' id='word_1_312' title='bbox 3205 2136 3474 2190; x_wconf 86' lang='lat' dir='ltr'><strong>Droctoue</strong></span> 
     </span>
    </p>
   </div>
   <div class='ocr_carea' id='block_1_47' title="bbox 1896 2223 3474 2302">
    <p class='ocr_par' dir='ltr' id='par_1_47' title="bbox 1896 2223 3474 2302">
     <span class='ocr_line' id='line_1_47' title="bbox 1896 2223 3474 2302; baseline -0.006 -15"><span class='ocrx_word' id='word_1_313' title='bbox 1896 2233 1996 2302; x_wconf 89' lang='lat' dir='ltr'><strong>ipsi</strong></span> <span class='ocrx_word' id='word_1_314' title='bbox 2047 2231 2479 2298; x_wconf 88' lang='lat' dir='ltr'><strong>subimpcratore</strong></span> <span class='ocrx_word' id='word_1_315' title='bbox 2521 2228 2821 2282; x_wconf 83' lang='lat' dir='ltr'><strong>attribute:</strong></span> <span class='ocrx_word' id='word_1_316' title='bbox 2891 2228 2983 2296; x_wconf 91' lang='lat' dir='ltr'><strong>qui</strong></span> <span class='ocrx_word' id='word_1_317' title='bbox 3072 2227 3352 2280; x_wconf 88' lang='lat' dir='ltr'><strong>obsessam</strong></span> <span class='ocrx_word' id='word_1_318' title='bbox 3406 2223 3474 2277; x_wconf 86' lang='lat' dir='ltr'><strong>ab</strong></span> 
     </span>
    </p>
   </div>
   <div class='ocr_carea' id='block_1_48' title="bbox 1887 2316 3472 2388">
    <p class='ocr_par' dir='ltr' id='par_1_48' title="bbox 1887 2316 3472 2388">
     <span class='ocr_line' id='line_1_48' title="bbox 1887 2316 3472 2388; baseline -0.008 -9"><span class='ocrx_word' id='word_1_319' title='bbox 1887 2323 2084 2380; x_wconf 89' lang='lat' dir='ltr'><strong>Abaris</strong></span> <span class='ocrx_word' id='word_1_320' title='bbox 2117 2321 2549 2388; x_wconf 85' lang='lat' dir='ltr'><strong>Adrianopolim,</strong></span> <span class='ocrx_word' id='word_1_321' title='bbox 2603 2334 2781 2388; x_wconf 87' lang='lat' dir='ltr'><strong>pugna</strong></span> <span class='ocrx_word' id='word_1_322' title='bbox 2820 2334 2941 2373; x_wconf 91' lang='lat' dir='ltr'><strong>cum</strong></span> <span class='ocrx_word' id='word_1_323' title='bbox 2985 2322 3138 2371; x_wconf 86' lang='lat' dir='ltr'><strong>hoste</strong></span> <span class='ocrx_word' id='word_1_324' title='bbox 3178 2316 3472 2370; x_wconf 82' lang='lat' dir='ltr'><strong>commissa</strong></span> 
     </span>
    </p>
   </div>
   <div class='ocr_carea' id='block_1_49' title="bbox 1887 2408 3474 2486">
    <p class='ocr_par' dir='ltr' id='par_1_49' title="bbox 1887 2408 3474 2486">
     <span class='ocr_line' id='line_1_49' title="bbox 1887 2408 3474 2486; baseline -0.008 -15"><span class='ocrx_word' id='word_1_325' title='bbox 1887 2430 2130 2486; x_wconf 68' lang='lat' dir='ltr'><strong>praesens</strong></span> <span class='ocrx_word' id='word_1_326' title='bbox 2166 2413 2422 2468; x_wconf 86' lang='lat' dir='ltr'><strong>servavit.</strong></span> <span class='ocrx_word' id='word_1_327' title='bbox 2447 2412 2838 2483; x_wconf 83' lang='lat' dir='ltr'><strong>Complectitur</strong></span> <span class='ocrx_word' id='word_1_328' title='bbox 2880 2411 3046 2464; x_wconf 87' lang='lat' dir='ltr'><strong>etiam</strong></span> <span class='ocrx_word' id='word_1_329' title='bbox 3090 2409 3177 2462; x_wconf 84' lang='lat' dir='ltr'><strong>hic</strong></span> <span class='ocrx_word' id='word_1_330' title='bbox 3212 2408 3369 2472; x_wconf 85' lang='lat' dir='ltr'><strong>liber,</strong></span> <span class='ocrx_word' id='word_1_331' title='bbox 3417 2415 3474 2459; x_wconf 92' lang='lat' dir='ltr'><strong>ut</strong></span> 
     </span>
    </p>
   </div>
   <div class='ocr_carea' id='block_1_50' title="bbox 1889 2499 3473 2576">
    <p class='ocr_par' dir='ltr' id='par_1_50' title="bbox 1889 2499 3473 2576">
     <span class='ocr_line' id='line_1_50' title="bbox 1889 2499 3473 2576; baseline -0.006 -14"><span class='ocrx_word' id='word_1_332' title='bbox 1889 2524 2068 2562; x_wconf 87' lang='lat' dir='ltr'><strong>arcem</strong></span> <span class='ocrx_word' id='word_1_333' title='bbox 2112 2508 2400 2562; x_wconf 81' lang='lat' dir='ltr'><strong>Persarum</strong></span> <span class='ocrx_word' id='word_1_334' title='bbox 2437 2507 2728 2576; x_wconf 88' lang='lat' dir='ltr'><strong>quamdam</strong></span> <span class='ocrx_word' id='word_1_335' title='bbox 2763 2507 2810 2558; x_wconf 87' lang='lat' dir='ltr'><strong>vi</strong></span> <span class='ocrx_word' id='word_1_336' title='bbox 2863 2518 3059 2571; x_wconf 82' lang='lat' dir='ltr'><strong>capere</strong></span> <span class='ocrx_word' id='word_1_337' title='bbox 3091 2501 3371 2556; x_wconf 82' lang='lat' dir='ltr'><strong>Heracltus</strong></span> <span class='ocrx_word' id='word_1_338' title='bbox 3401 2499 3473 2552; x_wconf 92' lang='lat' dir='ltr'><strong>sit</strong></span> 
     </span>
    </p>
   </div>
   <div class='ocr_carea' id='block_1_51' title="bbox 1890 2592 3474 2670">
    <p class='ocr_par' dir='ltr' id='par_1_51' title="bbox 1890 2592 3474 2670">
     <span class='ocr_line' id='line_1_51' title="bbox 1890 2592 3474 2670; baseline -0.005 -18"><span class='ocrx_word' id='word_1_339' title='bbox 1890 2615 2180 2670; x_wconf 76' lang='lat' dir='ltr'><strong>aggressus</strong></span> <span class='ocrx_word' id='word_1_340' title='bbox 2212 2615 2226 2654; x_wconf 88' lang='lat'><strong>:</strong></span> <span class='ocrx_word' id='word_1_341' title='bbox 2253 2608 2305 2652; x_wconf 88' lang='lat' dir='ltr'><strong>et</strong></span> <span class='ocrx_word' id='word_1_342' title='bbox 2335 2598 2402 2652; x_wconf 92' lang='lat' dir='ltr'><strong>de</strong></span> <span class='ocrx_word' id='word_1_343' title='bbox 2435 2595 2717 2664; x_wconf 84' lang='lat' dir='ltr'><strong>Bejudaes,</strong></span> <span class='ocrx_word' id='word_1_344' title='bbox 2748 2596 2828 2650; x_wconf 91' lang='lat' dir='ltr'><strong>sic</strong></span> <span class='ocrx_word' id='word_1_345' title='bbox 2858 2595 3004 2649; x_wconf 92' lang='lat' dir='ltr'><strong>dicto</strong></span> <span class='ocrx_word' id='word_1_346' title='bbox 3033 2592 3279 2656; x_wconf 87' lang='lat' dir='ltr'><strong>castello,</strong></span> <span class='ocrx_word' id='word_1_347' title='bbox 3308 2602 3474 2660; x_wconf 85' lang='lat' dir='ltr'><strong>utque</strong></span> 
     </span>
    </p>
   </div>
   <div class='ocr_carea' id='block_1_52' title="bbox 1890 2684 3475 2759">
    <p class='ocr_par' dir='ltr' id='par_1_52' title="bbox 1890 2684 3475 2759">
     <span class='ocr_line' id='line_1_52' title="bbox 1890 2684 3475 2759; baseline -0.008 -14"><span class='ocrx_word' id='word_1_348' title='bbox 1890 2690 2194 2745; x_wconf 81' lang='lat' dir='ltr'><strong>incredibili</strong></span> <span class='ocrx_word' id='word_1_349' title='bbox 2224 2689 2446 2759; x_wconf 79' lang='lat' dir='ltr'><strong>Superis</strong></span> <span class='ocrx_word' id='word_1_350' title='bbox 2480 2689 2668 2743; x_wconf 91' lang='lat' dir='ltr'><strong>militis</strong></span> <span class='ocrx_word' id='word_1_351' title='bbox 2703 2687 3041 2752; x_wconf 79' lang='lat' dir='ltr'><strong>fortitudine,</strong></span> <span class='ocrx_word' id='word_1_352' title='bbox 3077 2684 3306 2738; x_wconf 81' lang='lat' dir='ltr'><strong>Romani</strong></span> <span class='ocrx_word' id='word_1_353' title='bbox 3336 2696 3475 2752; x_wconf 80' lang='lat' dir='ltr'><strong>pra:-</strong></span> 
     </span>
    </p>
   </div>
   <div class='ocr_carea' id='block_1_53' title="bbox 1893 2775 3471 2852">
    <p class='ocr_par' dir='ltr' id='par_1_53' title="bbox 1893 2775 3471 2852">
     <span class='ocr_line' id='line_1_53' title="bbox 1893 2775 3471 2852; baseline -0.008 -14"><span class='ocrx_word' id='word_1_354' title='bbox 1893 2784 2090 2838; x_wconf 88' lang='lat' dir='ltr'><strong>sidium</strong></span> <span class='ocrx_word' id='word_1_355' title='bbox 2129 2782 2471 2852; x_wconf 89' lang='lat' dir='ltr'><strong>occuparint.</strong></span> <span class='ocrx_word' id='word_1_356' title='bbox 2505 2779 2746 2850; x_wconf 91' lang='lat' dir='ltr'><strong>Denique</strong></span> <span class='ocrx_word' id='word_1_357' title='bbox 2781 2790 2841 2834; x_wconf 91' lang='lat' dir='ltr'><strong>ut</strong></span> <span class='ocrx_word' id='word_1_358' title='bbox 2863 2778 3206 2847; x_wconf 64' lang='lat' dir='ltr'><strong>Philippicas</strong></span> <span class='ocrx_word' id='word_1_359' title='bbox 3237 2777 3289 2830; x_wconf 89' lang='lat' dir='ltr'><strong>in</strong></span> <span class='ocrx_word' id='word_1_360' title='bbox 3321 2775 3471 2844; x_wconf 82' lang='lat' dir='ltr'><strong>regia</strong></span> 
     </span>
    </p>
   </div>
   <div class='ocr_carea' id='block_1_54' title="bbox 1898 2875 2914 2946">
    <p class='ocr_par' dir='ltr' id='par_1_54' title="bbox 1898 2875 2914 2946">
     <span class='ocr_line' id='line_1_54' title="bbox 1898 2875 2914 2946; baseline -0.004 -16"><span class='ocrx_word' id='word_1_361' title='bbox 1898 2879 2033 2930; x_wconf 91' lang='lat' dir='ltr'><strong>urbe</strong></span> <span class='ocrx_word' id='word_1_362' title='bbox 2065 2876 2535 2946; x_wconf 85' lang='lat' dir='ltr'><strong>Constantinopoli</strong></span> <span class='ocrx_word' id='word_1_363' title='bbox 2568 2875 2914 2930; x_wconf 87' lang='lat' dir='ltr'><strong>remanserit.</strong></span> 
     </span>
    </p>
   </div>
   <div class='ocr_carea' id='block_1_55' title="bbox 230 2962 3473 3040">
    <p class='ocr_par' dir='ltr' id='par_1_55' title="bbox 230 2962 3473 3040">
     <span class='ocr_line' id='line_1_55' title="bbox 230 2962 3473 3040; baseline 0.001 -29"><span class='ocrx_word' id='word_1_364' title='bbox 230 2962 307 3011; x_wconf 76' lang='grc' dir='ltr'><strong>καὶ</strong></span> <span class='ocrx_word' id='word_1_365' title='bbox 335 2962 806 3035; x_wconf 82' lang='grc' dir='ltr'>πολιορκουμένης</span> <span class='ocrx_word' id='word_1_366' title='bbox 857 2964 962 3018; x_wconf 80' lang='grc' dir='ltr'><strong>ὑπὸ</strong></span> <span class='ocrx_word' id='word_1_367' title='bbox 1002 2965 1113 3018; x_wconf 85' lang='grc' dir='ltr'>τῶν</span> <span class='ocrx_word' id='word_1_368' title='bbox 1162 2965 1410 3037; x_wconf 84' lang='grc' dir='ltr'>Ἀϐἀρων</span> <span class='ocrx_word' id='word_1_369' title='bbox 1479 2967 1579 3036; x_wconf 82' lang='grc' dir='ltr'>τῆς</span> <span class='ocrx_word' id='word_1_370' title='bbox 1631 2966 2127 3038; x_wconf 80' lang='grc' dir='ltr'>Ἀδριανουπὸλεως</span> <span class='ocrx_word' id='word_1_371' title='bbox 2183 2969 2231 3000; x_wconf 70' lang='grc'><strong>⁵⁸</strong></span> <span class='ocrx_word' id='word_1_372' title='bbox 2293 2969 2573 3040; x_wconf 76' lang='grc' dir='ltr'>συμμίξας</span> <span class='ocrx_word' id='word_1_373' title='bbox 2636 2971 2746 3030; x_wconf 86' lang='grc' dir='ltr'>τοῖς</span> <span class='ocrx_word' id='word_1_374' title='bbox 2813 2965 3096 3034; x_wconf 82' lang='grc' dir='ltr'>πολεμίοις</span> <span class='ocrx_word' id='word_1_375' title='bbox 3153 2964 3252 3034; x_wconf 77' lang='grc' dir='ltr'>τὴν</span> <span class='ocrx_word' id='word_1_376' title='bbox 3318 2963 3473 3015; x_wconf 89' lang='grc' dir='ltr'>πόλιν</span> 
     </span>
    </p>
   </div>
   <div class='ocr_carea' id='block_1_56' title="bbox 229 3050 3472 3136">
    <p class='ocr_par' dir='ltr' id='par_1_56' title="bbox 229 3050 3472 3136">
     <span class='ocr_line' id='line_1_56' title="bbox 229 3050 3472 3136; baseline 0.001 -27"><span class='ocrx_word' id='word_1_377' title='bbox 229 3050 303 3123; x_wconf 62' lang='lat' dir='ltr'><strong>[ii</strong></span> <span class='ocrx_word' id='word_1_378' title='bbox 345 3054 433 3128; x_wconf 84' lang='lat' dir='ltr'><strong>H.]</strong></span> <span class='ocrx_word' id='word_1_379' title='bbox 488 3057 817 3112; x_wconf 86' lang='grc' dir='ltr'>διεσώσατο.</span> <span class='ocrx_word' id='word_1_380' title='bbox 873 3059 1246 3129; x_wconf 88' lang='grc' dir='ltr'>Διαλαμϐἀνει</span> <span class='ocrx_word' id='word_1_381' title='bbox 1304 3060 1362 3114; x_wconf 83' lang='grc' dir='ltr'>δὲ</span> <span class='ocrx_word' id='word_1_382' title='bbox 1421 3060 1516 3114; x_wconf 77' lang='grc' dir='ltr'>καὶ</span> <span class='ocrx_word' id='word_1_383' title='bbox 1567 3063 1715 3125; x_wconf 81' lang='grc' dir='ltr'>ὅπως</span> <span class='ocrx_word' id='word_1_384' title='bbox 1755 3064 1784 3116; x_wconf 88' lang='grc' dir='ltr'><strong>ὀ</strong></span> <span class='ocrx_word' id='word_1_385' title='bbox 1833 3064 2155 3136; x_wconf 80' lang='grc' dir='ltr'>Ἡράκλειος</span> <span class='ocrx_word' id='word_1_386' title='bbox 2194 3065 2454 3136; x_wconf 82' lang='grc' dir='ltr'>φρούριον</span> <span class='ocrx_word' id='word_1_387' title='bbox 2480 3064 2750 3136; x_wconf 75' lang='grc' dir='ltr'>Περσικὸν</span> <span class='ocrx_word' id='word_1_388' title='bbox 2824 3061 3087 3132; x_wconf 82' lang='grc' dir='ltr'>ἐνεχείρει</span> <span class='ocrx_word' id='word_1_389' title='bbox 3114 3064 3226 3124; x_wconf 85' lang='grc' dir='ltr'>τοῖς</span> <span class='ocrx_word' id='word_1_390' title='bbox 3284 3059 3472 3121; x_wconf 80' lang='grc' dir='ltr'>ὅπλοις</span> 
     </span>
    </p>
   </div>
   <div class='ocr_carea' id='block_1_57' title="bbox 228 3145 3474 3228">
    <p class='ocr_par' dir='ltr' id='par_1_57' title="bbox 228 3145 3474 3228">
     <span class='ocr_line' id='line_1_57' title="bbox 228 3145 3474 3228; baseline 0.002 -32"><span class='ocrx_word' id='word_1_391' title='bbox 228 3147 372 3210; x_wconf 78' lang='grc' dir='ltr'>ἑλεῖν,</span> <span class='ocrx_word' id='word_1_392' title='bbox 417 3151 513 3202; x_wconf 84' lang='grc' dir='ltr'>καὶ</span> <span class='ocrx_word' id='word_1_393' title='bbox 553 3151 683 3221; x_wconf 74' lang='grc' dir='ltr'>περὶ</span> <span class='ocrx_word' id='word_1_394' title='bbox 727 3151 822 3204; x_wconf 82' lang='grc' dir='ltr'>τοῦ</span> <span class='ocrx_word' id='word_1_395' title='bbox 856 3153 1141 3216; x_wconf 80' lang='grc' dir='ltr'>Βεῖουδάες</span> <span class='ocrx_word' id='word_1_396' title='bbox 1181 3151 1470 3224; x_wconf 79' lang='grc' dir='ltr'>φρουρίου,</span> <span class='ocrx_word' id='word_1_397' title='bbox 1507 3152 1603 3205; x_wconf 71' lang='grc' dir='ltr'><strong>καὶ</strong></span> <span class='ocrx_word' id='word_1_398' title='bbox 1637 3155 1788 3217; x_wconf 79' lang='grc' dir='ltr'>ὅπως</span> <span class='ocrx_word' id='word_1_399' title='bbox 1828 3156 2117 3228; x_wconf 82' lang='grc' dir='ltr'>παραδόξῳ</span> <span class='ocrx_word' id='word_1_400' title='bbox 2186 3157 2439 3228; x_wconf 77' lang='grc' dir='ltr'>ἀριστείᾳ</span> <span class='ocrx_word' id='word_1_401' title='bbox 2485 3157 2741 3227; x_wconf 86' lang='grc' dir='ltr'>Σάπηρος</span> <span class='ocrx_word' id='word_1_402' title='bbox 2787 3155 2882 3208; x_wconf 80' lang='grc' dir='ltr'>τοῦ</span> <span class='ocrx_word' id='word_1_403' title='bbox 2935 3156 3268 3227; x_wconf 79' lang='grc' dir='ltr'>στρατιώτου</span> <span class='ocrx_word' id='word_1_404' title='bbox 3330 3145 3474 3206; x_wconf 72' lang='grc' dir='ltr'>εἶλον</span> 
     </span>
    </p>
   </div>
   <div class='ocr_carea' id='block_1_58' title="bbox 227 3241 2638 3324">
    <p class='ocr_par' dir='ltr' id='par_1_58' title="bbox 227 3241 2638 3324">
     <span class='ocr_line' id='line_1_58' title="bbox 227 3241 2638 3324; baseline 0.007 -32"><span class='ocrx_word' id='word_1_405' title='bbox 227 3241 274 3294; x_wconf 79' lang='grc' dir='ltr'><strong>τὸ</strong></span> <span class='ocrx_word' id='word_1_406' title='bbox 304 3246 558 3315; x_wconf 79' lang='grc' dir='ltr'>φρούριον</span> <span class='ocrx_word' id='word_1_407' title='bbox 610 3244 892 3316; x_wconf 79' lang='grc' dir='ltr'>Ῥωμαῖοι.</span> <span class='ocrx_word' id='word_1_408' title='bbox 922 3248 1032 3301; x_wconf 85' lang='lat' dir='ltr'><strong>Kal.</strong></span> <span class='ocrx_word' id='word_1_409' title='bbox 1059 3248 1154 3318; x_wconf 80' lang='grc' dir='ltr'>τὴν</span> <span class='ocrx_word' id='word_1_410' title='bbox 1188 3247 1447 3317; x_wconf 86' lang='grc' dir='ltr'>ἐνδημίαν</span> <span class='ocrx_word' id='word_1_411' title='bbox 1487 3248 1542 3302; x_wconf 87' lang='grc' dir='ltr'>δέ</span> <span class='ocrx_word' id='word_1_412' title='bbox 1586 3249 1914 3304; x_wconf 83' lang='grc' dir='ltr'>Φιλιππικοῦ</span> <span class='ocrx_word' id='word_1_413' title='bbox 1943 3253 2072 3324; x_wconf 75' lang='grc' dir='ltr'>περὶ</span> <span class='ocrx_word' id='word_1_414' title='bbox 2098 3252 2159 3308; x_wconf 83' lang='grc' dir='ltr'>τὸ</span> <span class='ocrx_word' id='word_1_415' title='bbox 2186 3253 2459 3324; x_wconf 83' lang='grc' dir='ltr'>βασίλειον</span> <span class='ocrx_word' id='word_1_416' title='bbox 2483 3254 2638 3310; x_wconf 81' lang='grc' dir='ltr'>ἄστυ.</span> 
     </span>
    </p>
   </div>
   <div class='ocr_carea' id='block_1_59' title="bbox 291 3335 1788 3414">
    <p class='ocr_par' dir='ltr' id='par_1_59' title="bbox 291 3335 1786 3414">
     <span class='ocr_line' id='line_1_59' title="bbox 291 3335 1786 3414; baseline 0.005 -26"><span class='ocrx_word' id='word_1_417' title='bbox 291 3335 342 3388; x_wconf 90' lang='lat'><strong>&#39;0</strong></span> <span class='ocrx_word' id='word_1_418' title='bbox 367 3336 421 3389; x_wconf 82' lang='grc' dir='ltr'><strong>δὲ</strong></span> <span class='ocrx_word' id='word_1_419' title='bbox 466 3337 658 3409; x_wconf 82' lang='grc' dir='ltr'>τρίτος</span> <span class='ocrx_word' id='word_1_420' title='bbox 707 3339 866 3407; x_wconf 80' lang='grc' dir='ltr'>λόγος</span> <span class='ocrx_word' id='word_1_421' title='bbox 910 3339 1165 3406; x_wconf 81' lang='grc' dir='ltr'>διέξεισιν</span> <span class='ocrx_word' id='word_1_422' title='bbox 1212 3342 1363 3404; x_wconf 84' lang='grc' dir='ltr'>ὅπως</span> <span class='ocrx_word' id='word_1_423' title='bbox 1401 3345 1786 3414; x_wconf 86' lang='grc' dir='ltr'>χειροτονεῖται</span> 
     </span>
    </p>
   </div>
   <div class='ocr_carea' id='block_1_60' title="bbox 1892 3335 3476 3414">
    <p class='ocr_par' dir='ltr' id='par_1_60' title="bbox 1963 3341 3476 3413">
     <span class='ocr_line' id='line_1_60' title="bbox 1963 3341 3476 3413; baseline -0.002 -14"><span class='ocrx_word' id='word_1_424' title='bbox 1963 3344 2150 3399; x_wconf 88' lang='lat' dir='ltr'><strong>Tertio</strong></span> <span class='ocrx_word' id='word_1_425' title='bbox 2181 3345 2340 3399; x_wconf 80' lang='lat' dir='ltr'><strong>libro.</strong></span> <span class='ocrx_word' id='word_1_426' title='bbox 2385 3343 2441 3398; x_wconf 89' lang='lat' dir='ltr'><strong>ln</strong></span> <span class='ocrx_word' id='word_1_427' title='bbox 2470 3344 2748 3413; x_wconf 87' lang='lat' dir='ltr'><strong>Philippici</strong></span> <span class='ocrx_word' id='word_1_428' title='bbox 2787 3343 2960 3398; x_wconf 90' lang='lat' dir='ltr'><strong>locum</strong></span> <span class='ocrx_word' id='word_1_429' title='bbox 2997 3341 3286 3396; x_wconf 88' lang='lat' dir='ltr'><strong>Orientalis</strong></span> <span class='ocrx_word' id='word_1_430' title='bbox 3333 3341 3476 3396; x_wconf 89' lang='lat' dir='ltr'><strong>mili-</strong></span> 
     </span>
    </p>
   </div>
   <div class='ocr_carea' id='block_1_61' title="bbox 227 3428 1788 3509">
    <p class='ocr_par' dir='ltr' id='par_1_61' title="bbox 227 3428 1788 3509">
     <span class='ocr_line' id='line_1_61' title="bbox 227 3428 1788 3509; baseline 0.007 -29"><span class='ocrx_word' id='word_1_431' title='bbox 227 3428 325 3481; x_wconf 76' lang='grc' dir='ltr'>ἀντὶ</span> <span class='ocrx_word' id='word_1_432' title='bbox 366 3431 702 3485; x_wconf 79' lang='grc' dir='ltr'>Φιλιππικοῦ</span> <span class='ocrx_word' id='word_1_433' title='bbox 759 3435 1068 3506; x_wconf 84' lang='grc' dir='ltr'>στρατηγὸς</span> <span class='ocrx_word' id='word_1_434' title='bbox 1118 3436 1146 3488; x_wconf 92' lang='lat'><strong>6</strong></span> <span class='ocrx_word' id='word_1_435' title='bbox 1199 3436 1439 3506; x_wconf 87' lang='grc' dir='ltr'>Πρίσκος</span> <span class='ocrx_word' id='word_1_436' title='bbox 1495 3437 1595 3507; x_wconf 77' lang='grc' dir='ltr'>τῆς</span> <span class='ocrx_word' id='word_1_437' title='bbox 1647 3438 1788 3509; x_wconf 77' lang='grc' dir='ltr'>ἑῴας</span> 
     </span>
    </p>
   </div>
   <div class='ocr_carea' id='block_1_62' title="bbox 1892 3428 3479 3509">
    <p class='ocr_par' dir='ltr' id='par_1_62' title="bbox 1894 3434 3479 3504">
     <span class='ocr_line' id='line_1_62' title="bbox 1894 3434 3479 3504; baseline -0.001 -14"><span class='ocrx_word' id='word_1_438' title='bbox 1894 3437 1982 3492; x_wconf 73' lang='lat' dir='ltr'><strong>tia:</strong></span> <span class='ocrx_word' id='word_1_439' title='bbox 2032 3437 2140 3490; x_wconf 84' lang='lat' dir='ltr'><strong>dux</strong></span> <span class='ocrx_word' id='word_1_440' title='bbox 2181 3437 2444 3492; x_wconf 72' lang='lat' dir='ltr'><strong>suffectus</strong></span> <span class='ocrx_word' id='word_1_441' title='bbox 2488 3437 2707 3491; x_wconf 81' lang='lat' dir='ltr'><strong>Priscus</strong></span> <span class='ocrx_word' id='word_1_442' title='bbox 2747 3455 2759 3491; x_wconf 91' lang='lat'><strong>:</strong></span> <span class='ocrx_word' id='word_1_443' title='bbox 2807 3437 2891 3490; x_wconf 88' lang='lat' dir='ltr'><strong>cui</strong></span> <span class='ocrx_word' id='word_1_444' title='bbox 2944 3434 3279 3504; x_wconf 81' lang='lat' dir='ltr'><strong>Pbilippicus</strong></span> <span class='ocrx_word' id='word_1_445' title='bbox 3337 3434 3479 3489; x_wconf 88' lang='lat' dir='ltr'><strong>invi—</strong></span> 
     </span>
    </p>
   </div>
   <div class='ocr_carea' id='block_1_63' title="bbox 225 3520 1790 3602">
    <p class='ocr_par' dir='ltr' id='par_1_63' title="bbox 225 3520 1790 3602">
     <span class='ocr_line' id='line_1_63' title="bbox 225 3520 1790 3602; baseline 0.008 -30"><span class='ocrx_word' id='word_1_446' title='bbox 225 3520 479 3590; x_wconf 74' lang='grc' dir='ltr'>δυνάμεως</span> <span class='ocrx_word' id='word_1_447' title='bbox 512 3565 528 3588; x_wconf 89' lang='grc'><strong>,</strong></span> <span class='ocrx_word' id='word_1_448' title='bbox 586 3525 736 3589; x_wconf 80' lang='grc' dir='ltr'>ὅπως</span> <span class='ocrx_word' id='word_1_449' title='bbox 803 3543 862 3578; x_wconf 89' lang='grc' dir='ltr'>τε</span> <span class='ocrx_word' id='word_1_450' title='bbox 926 3526 1251 3592; x_wconf 79' lang='grc' dir='ltr'>Φιλιππικὸς</span> <span class='ocrx_word' id='word_1_451' title='bbox 1330 3528 1790 3602; x_wconf 75' lang='grc' dir='ltr'>διαφθονούμενος</span> 
     </span>
    </p>
   </div>
   <div class='ocr_carea' id='block_1_64' title="bbox 225 3613 1790 3692">
    <p class='ocr_par' dir='ltr' id='par_1_64' title="bbox 225 3613 1790 3692">
     <span class='ocr_line' id='line_1_64' title="bbox 225 3613 1790 3692; baseline 0.006 -26"><span class='ocrx_word' id='word_1_452' title='bbox 225 3613 422 3686; x_wconf 81' lang='grc' dir='ltr'>Πρίσκῳ</span> <span class='ocrx_word' id='word_1_453' title='bbox 480 3618 629 3687; x_wconf 70' lang='grc' dir='ltr'>πρὸς</span> <span class='ocrx_word' id='word_1_454' title='bbox 686 3619 1008 3689; x_wconf 79' lang='grc' dir='ltr'>Ἡράκλειον</span> <span class='ocrx_word' id='word_1_455' title='bbox 1066 3619 1308 3691; x_wconf 74' lang='grc' dir='ltr'>ἔγραψεν</span> <span class='ocrx_word' id='word_1_456' title='bbox 1358 3622 1660 3692; x_wconf 79' lang='grc' dir='ltr'>ἐμφανίσαι</span> <span class='ocrx_word' id='word_1_457' title='bbox 1711 3621 1790 3692; x_wconf 84' lang='grc' dir='ltr'>τῷ</span> 
     </span>
    </p>
   </div>
   <div class='ocr_carea' id='block_1_65' title="bbox 226 3705 1790 3783">
    <p class='ocr_par' dir='ltr' id='par_1_65' title="bbox 226 3705 1790 3783">
     <span class='ocr_line' id='line_1_65' title="bbox 226 3705 1790 3783; baseline 0.007 -29"><span class='ocrx_word' id='word_1_458' title='bbox 226 3705 414 3776; x_wconf 75' lang='grc' dir='ltr'>στρατῷ</span> <span class='ocrx_word' id='word_1_459' title='bbox 453 3707 572 3760; x_wconf 85' lang='grc' dir='ltr'><strong>τῶν</strong></span> <span class='ocrx_word' id='word_1_460' title='bbox 623 3710 892 3778; x_wconf 74' lang='grc' dir='ltr'>σιτήσεων</span> <span class='ocrx_word' id='word_1_461' title='bbox 939 3709 1121 3763; x_wconf 77' lang='grc' dir='ltr'>αὐτῶν</span> <span class='ocrx_word' id='word_1_462' title='bbox 1145 3710 1245 3783; x_wconf 75' lang='grc' dir='ltr'>τὴν</span> <span class='ocrx_word' id='word_1_463' title='bbox 1299 3711 1548 3782; x_wconf 87' lang='grc' dir='ltr'>μείωσιν,</span> <span class='ocrx_word' id='word_1_464' title='bbox 1582 3713 1675 3765; x_wconf 72' lang='grc' dir='ltr'>καὶ</span> <span class='ocrx_word' id='word_1_465' title='bbox 1708 3714 1790 3766; x_wconf 83' lang='grc' dir='ltr'><strong>ὅτι</strong></span> 
     </span>
    </p>
   </div>
   <div class='ocr_carea' id='block_1_66' title="bbox 222 3796 1788 3876">
    <p class='ocr_par' dir='ltr' id='par_1_66' title="bbox 222 3796 1788 3876">
     <span class='ocr_line' id='line_1_66' title="bbox 222 3796 1788 3876; baseline 0.005 -28"><span class='ocrx_word' id='word_1_466' title='bbox 222 3796 434 3868; x_wconf 83' lang='grc' dir='ltr'>Πρίσκος</span> <span class='ocrx_word' id='word_1_467' title='bbox 481 3801 890 3870; x_wconf 77' lang='grc' dir='ltr'>προσπελάζων</span> <span class='ocrx_word' id='word_1_468' title='bbox 934 3801 1012 3873; x_wconf 87' lang='grc' dir='ltr'>τῷ</span> <span class='ocrx_word' id='word_1_469' title='bbox 1061 3803 1409 3875; x_wconf 87' lang='grc' dir='ltr'>στρατοπέδῳ</span> <span class='ocrx_word' id='word_1_470' title='bbox 1455 3807 1556 3857; x_wconf 86' lang='grc' dir='ltr'><strong>ούκ</strong></span> <span class='ocrx_word' id='word_1_471' title='bbox 1608 3805 1788 3876; x_wconf 83' lang='grc' dir='ltr'>ἀπέϐη</span> 
     </span>
    </p>
   </div>
   <div class='ocr_carea' id='block_1_67' title="bbox 222 3887 1791 3966">
    <p class='ocr_par' dir='ltr' id='par_1_67' title="bbox 222 3887 1791 3966">
     <span class='ocr_line' id='line_1_67' title="bbox 222 3887 1791 3966; baseline 0.008 -27"><span class='ocrx_word' id='word_1_472' title='bbox 222 3887 300 3940; x_wconf 75' lang='grc' dir='ltr'>τοῦ</span> <span class='ocrx_word' id='word_1_473' title='bbox 326 3890 488 3944; x_wconf 78' lang='grc' dir='ltr'>ἵππου</span> <span class='ocrx_word' id='word_1_474' title='bbox 525 3892 673 3946; x_wconf 75' lang='grc' dir='ltr'>κατὰ</span> <span class='ocrx_word' id='word_1_475' title='bbox 715 3894 778 3946; x_wconf 78' lang='grc' dir='ltr'>τὸ</span> <span class='ocrx_word' id='word_1_476' title='bbox 823 3893 1055 3948; x_wconf 80' lang='grc' dir='ltr'>παλαιὸν</span> <span class='ocrx_word' id='word_1_477' title='bbox 1083 3896 1204 3960; x_wconf 76' lang='grc' dir='ltr'>ἔθος</span> <span class='ocrx_word' id='word_1_478' title='bbox 1251 3897 1346 3949; x_wconf 75' lang='grc' dir='ltr'>καὶ</span> <span class='ocrx_word' id='word_1_479' title='bbox 1381 3896 1555 3961; x_wconf 79' lang='grc' dir='ltr'>οὕτως</span> <span class='ocrx_word' id='word_1_480' title='bbox 1606 3898 1791 3966; x_wconf 76' lang='grc' dir='ltr'>ἠσπά-</span> 
     </span>
    </p>
   </div>
   <div class='ocr_carea' id='block_1_68' title="bbox 226 3983 1786 4061">
    <p class='ocr_par' dir='ltr' id='par_1_68' title="bbox 226 3983 1786 4061">
     <span class='ocr_line' id='line_1_68' title="bbox 226 3983 1786 4061; baseline 0.008 -31"><span class='ocrx_word' id='word_1_481' title='bbox 226 3994 334 4033; x_wconf 81' lang='grc' dir='ltr'>σατο</span> <span class='ocrx_word' id='word_1_482' title='bbox 373 3983 431 4036; x_wconf 77' lang='grc' dir='ltr'>τὸ</span> <span class='ocrx_word' id='word_1_483' title='bbox 522 3987 943 4054; x_wconf 74' lang='grc' dir='ltr'>στρατιωτικόνο</span> <span class='ocrx_word' id='word_1_484' title='bbox 1003 3987 1083 4042; x_wconf 85' lang='grc' dir='ltr'><strong>διὸ</strong></span> <span class='ocrx_word' id='word_1_485' title='bbox 1127 3988 1189 4042; x_wconf 81' lang='grc' dir='ltr'>τὸ</span> <span class='ocrx_word' id='word_1_486' title='bbox 1233 3989 1281 4020; x_wconf 85' lang='grc'><strong>⁸⁸</strong></span> <span class='ocrx_word' id='word_1_487' title='bbox 1354 3990 1786 4061; x_wconf 82' lang='grc' dir='ltr'>στρατιωτικὸν,</span> 
     </span>
    </p>
   </div>
   <div class='ocr_carea' id='block_1_69' title="bbox 222 4074 1787 4152">
    <p class='ocr_par' dir='ltr' id='par_1_69' title="bbox 222 4074 1787 4152">
     <span class='ocr_line' id='line_1_69' title="bbox 222 4074 1787 4152; baseline 0.008 -30"><span class='ocrx_word' id='word_1_488' title='bbox 222 4074 288 4124; x_wconf 73' lang='grc' dir='ltr'><strong>ὅτι</strong></span> <span class='ocrx_word' id='word_1_489' title='bbox 308 4091 359 4126; x_wconf 86' lang='grc' dir='ltr'>τε</span> <span class='ocrx_word' id='word_1_490' title='bbox 397 4078 452 4128; x_wconf 84' lang='grc' dir='ltr'><strong>αί</strong></span> <span class='ocrx_word' id='word_1_491' title='bbox 498 4079 745 4147; x_wconf 83' lang='grc' dir='ltr'>σιτήσεις</span> <span class='ocrx_word' id='word_1_492' title='bbox 780 4080 1147 4151; x_wconf 81' lang='grc' dir='ltr'>ὑπετέμνοντο</span> <span class='ocrx_word' id='word_1_493' title='bbox 1190 4082 1286 4136; x_wconf 69' lang='grc' dir='ltr'>καὶ</span> <span class='ocrx_word' id='word_1_494' title='bbox 1337 4082 1418 4135; x_wconf 83' lang='grc' dir='ltr'>ὅτι</span> <span class='ocrx_word' id='word_1_495' title='bbox 1451 4081 1747 4152; x_wconf 72' lang='grc' dir='ltr'>ητιμοῠντο</span> <span class='ocrx_word' id='word_1_496' title='bbox 1773 4125 1787 4147; x_wconf 95' lang='grc'><strong>,</strong></span> 
     </span>
    </p>
   </div>
   <div class='ocr_carea' id='block_1_70' title="bbox 223 4165 1793 4246">
    <p class='ocr_par' dir='ltr' id='par_1_70' title="bbox 223 4165 1793 4246">
     <span class='ocr_line' id='line_1_70' title="bbox 223 4165 1793 4246; baseline 0.006 -30"><span class='ocrx_word' id='word_1_497' title='bbox 223 4165 555 4234; x_wconf 78' lang='grc' dir='ltr'>ἐστασίαζον.</span> <span class='ocrx_word' id='word_1_498' title='bbox 599 4171 708 4225; x_wconf 70' lang='lat' dir='ltr'><strong>Kai.</strong></span> <span class='ocrx_word' id='word_1_499' title='bbox 749 4172 985 4242; x_wconf 81' lang='grc' dir='ltr'>Πρίσκος</span> <span class='ocrx_word' id='word_1_500' title='bbox 1013 4173 1270 4244; x_wconf 86' lang='grc' dir='ltr'>ἐλιφρέδα</span> <span class='ocrx_word' id='word_1_501' title='bbox 1301 4175 1348 4207; x_wconf 80' lang='grc'><strong>⁵⁸</strong></span> <span class='ocrx_word' id='word_1_502' title='bbox 1378 4174 1501 4237; x_wconf 72' lang='grc' dir='ltr'>δοὺς</span> <span class='ocrx_word' id='word_1_503' title='bbox 1518 4175 1618 4246; x_wconf 78' lang='grc' dir='ltr'>τὴν</span> <span class='ocrx_word' id='word_1_504' title='bbox 1643 4175 1793 4243; x_wconf 84' lang='grc' dir='ltr'>ἀχει-</span> 
     </span>
    </p>
   </div>
   <div class='ocr_carea' id='block_1_71' title="bbox 225 4259 1786 4334">
    <p class='ocr_par' dir='ltr' id='par_1_71' title="bbox 225 4259 1786 4334">
     <span class='ocr_line' id='line_1_71' title="bbox 225 4259 1786 4334; baseline 0.006 -26"><span class='ocrx_word' id='word_1_505' title='bbox 225 4259 490 4327; x_wconf 60' lang='grc' dir='ltr'>ροποίητον</span> <span class='ocrx_word' id='word_1_506' title='bbox 524 4261 592 4310; x_wconf 80' lang='grc' dir='ltr'>δι’</span> <span class='ocrx_word' id='word_1_507' title='bbox 616 4261 786 4329; x_wconf 77' lang='grc' dir='ltr'>αὐτῆς</span> <span class='ocrx_word' id='word_1_508' title='bbox 815 4262 1134 4334; x_wconf 86' lang='grc' dir='ltr'>ἐκλιπαρεῖν</span> <span class='ocrx_word' id='word_1_509' title='bbox 1163 4264 1224 4317; x_wconf 87' lang='grc' dir='ltr'>τὸ</span> <span class='ocrx_word' id='word_1_510' title='bbox 1251 4264 1452 4333; x_wconf 79' lang='grc' dir='ltr'>πλῆθος</span> <span class='ocrx_word' id='word_1_511' title='bbox 1474 4263 1786 4333; x_wconf 75' lang='grc' dir='ltr'>ἐτέχναζεν·</span> 
     </span>
    </p>
   </div>
   <div class='ocr_carea' id='block_1_72' title="bbox 222 4346 1794 4426">
    <p class='ocr_par' dir='ltr' id='par_1_72' title="bbox 222 4346 1794 4426">
     <span class='ocr_line' id='line_1_72' title="bbox 222 4346 1794 4426; baseline 0.008 -31"><span class='ocrx_word' id='word_1_512' title='bbox 222 4346 260 4397; x_wconf 78' lang='lat' dir='ltr'><strong>cl</strong></span> <span class='ocrx_word' id='word_1_513' title='bbox 277 4346 325 4400; x_wconf 79' lang='grc' dir='ltr'>δὲ</span> <span class='ocrx_word' id='word_1_514' title='bbox 347 4352 435 4402; x_wconf 81' lang='grc' dir='ltr'>καὶ</span> <span class='ocrx_word' id='word_1_515' title='bbox 453 4351 668 4421; x_wconf 85' lang='grc' dir='ltr'>ταύτην</span> <span class='ocrx_word' id='word_1_516' title='bbox 688 4351 860 4416; x_wconf 88' lang='grc' dir='ltr'>λίθοις</span> <span class='ocrx_word' id='word_1_517' title='bbox 878 4352 1089 4408; x_wconf 75' lang='grc' dir='ltr'>ἔϐαλον.</span> <span class='ocrx_word' id='word_1_518' title='bbox 1108 4355 1199 4408; x_wconf 83' lang='grc' dir='ltr'><strong>Διὸ</strong></span> <span class='ocrx_word' id='word_1_519' title='bbox 1223 4354 1416 4423; x_wconf 85' lang='grc' dir='ltr'>φεύγει</span> <span class='ocrx_word' id='word_1_520' title='bbox 1443 4355 1540 4426; x_wconf 81' lang='grc' dir='ltr'>μὲν</span> <span class='ocrx_word' id='word_1_521' title='bbox 1565 4356 1623 4407; x_wconf 88' lang='grc' dir='ltr'><strong>ἐν</strong></span> <span class='ocrx_word' id='word_1_522' title='bbox 1640 4355 1794 4408; x_wconf 88' lang='grc' dir='ltr'>Κων-</span> 
     </span>
    </p>
   </div>
   <div class='ocr_carea' id='block_1_73' title="bbox 224 4443 1784 4517">
    <p class='ocr_par' dir='ltr' id='par_1_73' title="bbox 224 4443 1784 4517">
     <span class='ocr_line' id='line_1_73' title="bbox 224 4443 1784 4517; baseline 0.001 -23"><span class='ocrx_word' id='word_1_523' title='bbox 224 4443 454 4514; x_wconf 75' lang='grc' dir='ltr'>σῖαντὶνῃ</span> <span class='ocrx_word' id='word_1_524' title='bbox 489 4443 751 4514; x_wconf 86' lang='grc' dir='ltr'>Πρίσκος,</span> <span class='ocrx_word' id='word_1_525' title='bbox 781 4444 877 4498; x_wconf 74' lang='grc' dir='ltr'>καὶ</span> <span class='ocrx_word' id='word_1_526' title='bbox 916 4446 1150 4517; x_wconf 80' lang='grc' dir='ltr'>αἱρεῖται</span> <span class='ocrx_word' id='word_1_527' title='bbox 1183 4445 1288 4499; x_wconf 81' lang='grc' dir='ltr'><strong>ὑπὸ</strong></span> <span class='ocrx_word' id='word_1_528' title='bbox 1320 4449 1420 4516; x_wconf 84' lang='grc' dir='ltr'>τῆς</span> <span class='ocrx_word' id='word_1_529' title='bbox 1453 4446 1715 4514; x_wconf 82' lang='grc' dir='ltr'>στρατιᾶς</span> <span class='ocrx_word' id='word_1_530' title='bbox 1739 4445 1784 4477; x_wconf 82' lang='grc'><strong>⁵⁷</strong></span> 
     </span>
    </p>
   </div>
   <div class='ocr_carea' id='block_1_74' title="bbox 222 4531 1793 4609">
    <p class='ocr_par' dir='ltr' id='par_1_74' title="bbox 222 4531 1793 4609">
     <span class='ocr_line' id='line_1_74' title="bbox 222 4531 1793 4609; baseline 0.002 -24"><span class='ocrx_word' id='word_1_531' title='bbox 222 4531 481 4604; x_wconf 77' lang='grc' dir='ltr'>Γερμανὸς</span> <span class='ocrx_word' id='word_1_532' title='bbox 517 4538 705 4600; x_wconf 82' lang='grc' dir='ltr'>αὐτοῖς</span> <span class='ocrx_word' id='word_1_533' title='bbox 761 4539 1066 4609; x_wconf 79' lang='grc' dir='ltr'>στρατηγὸς</span> <span class='ocrx_word' id='word_1_534' title='bbox 1113 4537 1398 4601; x_wconf 82' lang='grc' dir='ltr'><strong>ἀκούσιος⁹</strong></span> <span class='ocrx_word' id='word_1_535' title='bbox 1446 4538 1540 4591; x_wconf 75' lang='grc' dir='ltr'>καὶ</span> <span class='ocrx_word' id='word_1_536' title='bbox 1586 4535 1793 4605; x_wconf 82' lang='grc' dir='ltr'>ταύτης</span> 
     </span>
    </p>
   </div>
   <div class='ocr_carea' id='block_1_75' title="bbox 220 4625 1792 4699">
    <p class='ocr_par' dir='ltr' id='par_1_75' title="bbox 220 4625 1792 4699">
     <span class='ocr_line' id='line_1_75' title="bbox 220 4625 1792 4699; baseline -0.001 -20"><span class='ocrx_word' id='word_1_537' title='bbox 220 4625 304 4694; x_wconf 80' lang='grc' dir='ltr'>τῆς</span> <span class='ocrx_word' id='word_1_538' title='bbox 357 4629 678 4697; x_wconf 85' lang='grc' dir='ltr'>τυραννίδος</span> <span class='ocrx_word' id='word_1_539' title='bbox 729 4629 1039 4699; x_wconf 82' lang='grc' dir='ltr'>κρατούσης</span> <span class='ocrx_word' id='word_1_540' title='bbox 1101 4630 1294 4682; x_wconf 75' lang='grc' dir='ltr'>πολλαὶ</span> <span class='ocrx_word' id='word_1_541' title='bbox 1348 4629 1500 4697; x_wconf 71' lang='grc' dir='ltr'>παρὰ</span> <span class='ocrx_word' id='word_1_542' title='bbox 1566 4627 1792 4696; x_wconf 84' lang='grc' dir='ltr'>Περσῶν</span> 
     </span>
    </p>
   </div>
   <div class='ocr_carea' id='block_1_76' title="bbox 1891 3526 3478 3599">
    <p class='ocr_par' dir='ltr' id='par_1_76' title="bbox 1891 3526 3478 3599">
     <span class='ocr_line' id='line_1_76' title="bbox 1891 3526 3478 3599; baseline -0.004 -15"><span class='ocrx_word' id='word_1_543' title='bbox 1891 3528 2026 3584; x_wconf 88' lang='lat' dir='ltr'><strong>dens</strong></span> <span class='ocrx_word' id='word_1_544' title='bbox 2062 3528 2312 3584; x_wconf 83' lang='lat' dir='ltr'><strong>Heraclio</strong></span> <span class='ocrx_word' id='word_1_545' title='bbox 2344 3529 2584 3599; x_wconf 88' lang='lat' dir='ltr'><strong>scripsit,</strong></span> <span class='ocrx_word' id='word_1_546' title='bbox 2620 3538 2982 3583; x_wconf 88' lang='lat' dir='ltr'><strong>commeatum</strong></span> <span class='ocrx_word' id='word_1_547' title='bbox 3009 3526 3294 3589; x_wconf 77' lang='lat' dir='ltr'><strong>exercitui,</strong></span> <span class='ocrx_word' id='word_1_548' title='bbox 3329 3527 3478 3580; x_wconf 82' lang='lat' dir='ltr'><strong>ciba-</strong></span> 
     </span>
    </p>
   </div>
   <div class='ocr_carea' id='block_1_77' title="bbox 1891 3618 3479 3692">
    <p class='ocr_par' dir='ltr' id='par_1_77' title="bbox 1891 3618 3479 3692">
     <span class='ocr_line' id='line_1_77' title="bbox 1891 3618 3479 3692; baseline -0.003 -16"><span class='ocrx_word' id='word_1_549' title='bbox 1891 3623 2083 3692; x_wconf 85' lang='lat' dir='ltr'><strong>riaque</strong></span> <span class='ocrx_word' id='word_1_550' title='bbox 2136 3624 2428 3677; x_wconf 88' lang='lat' dir='ltr'><strong>minueret.</strong></span> <span class='ocrx_word' id='word_1_551' title='bbox 2467 3621 2691 3676; x_wconf 89' lang='lat' dir='ltr'><strong>Priscus</strong></span> <span class='ocrx_word' id='word_1_552' title='bbox 2725 3636 2945 3692; x_wconf 84' lang='lat' dir='ltr'><strong>quoque</strong></span> <span class='ocrx_word' id='word_1_553' title='bbox 2976 3620 3027 3674; x_wconf 92' lang='lat' dir='ltr'><strong>in</strong></span> <span class='ocrx_word' id='word_1_554' title='bbox 3061 3629 3239 3674; x_wconf 86' lang='lat' dir='ltr'><strong>castra</strong></span> <span class='ocrx_word' id='word_1_555' title='bbox 3299 3618 3479 3688; x_wconf 87' lang='lat' dir='ltr'><strong>profe-</strong></span> 
     </span>
    </p>
   </div>
   <div class='ocr_carea' id='block_1_78' title="bbox 1893 3711 3477 3785">
    <p class='ocr_par' dir='ltr' id='par_1_78' title="bbox 1893 3711 3477 3785">
     <span class='ocr_line' id='line_1_78' title="bbox 1893 3711 3477 3785; baseline -0.003 -17"><span class='ocrx_word' id='word_1_556' title='bbox 1893 3725 2147 3778; x_wconf 83' lang='lat' dir='ltr'><strong>Ctus,non</strong></span> <span class='ocrx_word' id='word_1_557' title='bbox 2179 3715 2314 3785; x_wconf 68' lang='grc' dir='ltr'><strong>(Μ’)</strong></span> <span class='ocrx_word' id='word_1_558' title='bbox 2335 3715 2399 3767; x_wconf 89' lang='lat' dir='ltr'><strong>ad</strong></span> <span class='ocrx_word' id='word_1_559' title='bbox 2425 3715 2586 3784; x_wconf 89' lang='lat' dir='ltr'><strong>pedes</strong></span> <span class='ocrx_word' id='word_1_560' title='bbox 2606 3714 2771 3768; x_wconf 87' lang='lat' dir='ltr'><strong>veteri</strong></span> <span class='ocrx_word' id='word_1_561' title='bbox 2791 3728 2964 3778; x_wconf 90' lang='lat' dir='ltr'><strong>more,</strong></span> <span class='ocrx_word' id='word_1_562' title='bbox 2987 3727 3052 3767; x_wconf 80' lang='lat' dir='ltr'><strong>ex</strong></span> <span class='ocrx_word' id='word_1_563' title='bbox 3070 3727 3208 3782; x_wconf 88' lang='lat' dir='ltr'><strong>equo</strong></span> <span class='ocrx_word' id='word_1_564' title='bbox 3225 3711 3477 3766; x_wconf 79' lang='lat' dir='ltr'><strong>desiliens</strong></span> 
     </span>
    </p>
   </div>
   <div class='ocr_carea' id='block_1_79' title="bbox 1894 3804 3478 3874">
    <p class='ocr_par' dir='ltr' id='par_1_79' title="bbox 1894 3804 3478 3874">
     <span class='ocr_line' id='line_1_79' title="bbox 1894 3804 3478 3874; baseline -0.001 -17"><span class='ocrx_word' id='word_1_565' title='bbox 1894 3805 2092 3859; x_wconf 90' lang='lat' dir='ltr'><strong>milites</strong></span> <span class='ocrx_word' id='word_1_566' title='bbox 2133 3806 2409 3860; x_wconf 84' lang='lat' dir='ltr'><strong>salutavit.</strong></span> <span class='ocrx_word' id='word_1_567' title='bbox 2459 3805 2644 3874; x_wconf 87' lang='lat' dir='ltr'><strong>Itaque</strong></span> <span class='ocrx_word' id='word_1_568' title='bbox 2699 3804 2995 3868; x_wconf 79' lang='lat' dir='ltr'><strong>exercitus,</strong></span> <span class='ocrx_word' id='word_1_569' title='bbox 3032 3813 3141 3857; x_wconf 93' lang='lat' dir='ltr'><strong>tum</strong></span> <span class='ocrx_word' id='word_1_570' title='bbox 3197 3804 3342 3872; x_wconf 91' lang='lat' dir='ltr'><strong>quod</strong></span> <span class='ocrx_word' id='word_1_571' title='bbox 3379 3818 3478 3856; x_wconf 82' lang='lat' dir='ltr'><strong>an-</strong></span> 
     </span>
    </p>
   </div>
   <div class='ocr_carea' id='block_1_80' title="bbox 1894 3894 3475 3966">
    <p class='ocr_par' dir='ltr' id='par_1_80' title="bbox 1894 3894 3475 3966">
     <span class='ocr_line' id='line_1_80' title="bbox 1894 3894 3475 3966; baseline -0.003 -15"><span class='ocrx_word' id='word_1_572' title='bbox 1894 3913 2033 3951; x_wconf 87' lang='lat' dir='ltr'><strong>nona</strong></span> <span class='ocrx_word' id='word_1_573' title='bbox 2101 3898 2282 3953; x_wconf 87' lang='lat' dir='ltr'><strong>accisa</strong></span> <span class='ocrx_word' id='word_1_574' title='bbox 2329 3907 2476 3952; x_wconf 86' lang='lat' dir='ltr'><strong>esset</strong></span> <span class='ocrx_word' id='word_1_575' title='bbox 2514 3908 2677 3966; x_wconf 88' lang='lat' dir='ltr'><strong>atque</strong></span> <span class='ocrx_word' id='word_1_576' title='bbox 2739 3906 2969 3965; x_wconf 84' lang='lat' dir='ltr'><strong>angusta</strong></span> <span class='ocrx_word' id='word_1_577' title='bbox 3005 3894 3140 3964; x_wconf 77' lang='lat'><strong>(95),</strong></span> <span class='ocrx_word' id='word_1_578' title='bbox 3178 3905 3290 3948; x_wconf 89' lang='lat' dir='ltr'><strong>tum</strong></span> <span class='ocrx_word' id='word_1_579' title='bbox 3333 3896 3475 3963; x_wconf 86' lang='lat' dir='ltr'><strong>quod</strong></span> 
     </span>
    </p>
   </div>
   <div class='ocr_carea' id='block_1_81' title="bbox 1894 3983 3477 4052">
    <p class='ocr_par' dir='ltr' id='par_1_81' title="bbox 1894 3983 3477 4052">
     <span class='ocr_line' id='line_1_81' title="bbox 1894 3983 3477 4052; baseline -0.003 -10"><span class='ocrx_word' id='word_1_580' title='bbox 1894 3990 2012 4042; x_wconf 86' lang='lat' dir='ltr'><strong>sine.</strong></span> <span class='ocrx_word' id='word_1_581' title='bbox 2047 3989 2250 4044; x_wconf 90' lang='lat' dir='ltr'><strong>bonore</strong></span> <span class='ocrx_word' id='word_1_582' title='bbox 2271 3997 2411 4042; x_wconf 88' lang='lat' dir='ltr'><strong>esset</strong></span> <span class='ocrx_word' id='word_1_583' title='bbox 2449 3987 2518 4041; x_wconf 91' lang='lat' dir='ltr'><strong>ab</strong></span> <span class='ocrx_word' id='word_1_584' title='bbox 2547 3988 2637 4041; x_wconf 86' lang='lat' dir='ltr'><strong>illo</strong></span> <span class='ocrx_word' id='word_1_585' title='bbox 2671 3987 2909 4052; x_wconf 86' lang='lat' dir='ltr'><strong>habitus,</strong></span> <span class='ocrx_word' id='word_1_586' title='bbox 2949 3984 3174 4038; x_wconf 88' lang='lat' dir='ltr'><strong>militari</strong></span> <span class='ocrx_word' id='word_1_587' title='bbox 3205 3983 3477 4039; x_wconf 89' lang='lat' dir='ltr'><strong>seditione</strong></span> 
     </span>
    </p>
   </div>
   <div class='ocr_carea' id='block_1_82' title="bbox 1895 4074 3478 4147">
    <p class='ocr_par' dir='ltr' id='par_1_82' title="bbox 1895 4074 3478 4147">
     <span class='ocr_line' id='line_1_82' title="bbox 1895 4074 3478 4147; baseline -0.003 -15"><span class='ocrx_word' id='word_1_588' title='bbox 1895 4080 2254 4134; x_wconf 85' lang='lat' dir='ltr'><strong>tumultuatus</strong></span> <span class='ocrx_word' id='word_1_589' title='bbox 2294 4089 2396 4133; x_wconf 85' lang='lat' dir='ltr'><strong>est.</strong></span> <span class='ocrx_word' id='word_1_590' title='bbox 2430 4077 2650 4133; x_wconf 75' lang='lat' dir='ltr'><strong>Priscus</strong></span> <span class='ocrx_word' id='word_1_591' title='bbox 2685 4077 2796 4147; x_wconf 82' lang='lat'><strong>(96)</strong></span> <span class='ocrx_word' id='word_1_592' title='bbox 2833 4074 3149 4145; x_wconf 77' lang='lat' dir='ltr'><strong>elipbrepha</strong></span> <span class='ocrx_word' id='word_1_593' title='bbox 3173 4091 3279 4129; x_wconf 92' lang='lat' dir='ltr'><strong>non</strong></span> <span class='ocrx_word' id='word_1_594' title='bbox 3315 4089 3478 4128; x_wconf 79' lang='lat' dir='ltr'><strong>manu</strong></span> 
     </span>
    </p>
   </div>
   <div class='ocr_carea' id='block_1_83' title="bbox 1894 4169 3476 4240">
    <p class='ocr_par' dir='ltr' id='par_1_83' title="bbox 1894 4169 3476 4240">
     <span class='ocr_line' id='line_1_83' title="bbox 1894 4169 3476 4240; baseline -0.003 -18"><span class='ocrx_word' id='word_1_595' title='bbox 1894 4170 2035 4223; x_wconf 82' lang='lat' dir='ltr'><strong>facta</strong></span> <span class='ocrx_word' id='word_1_596' title='bbox 2074 4171 2162 4224; x_wconf 89' lang='lat' dir='ltr'><strong>illa</strong></span> <span class='ocrx_word' id='word_1_597' title='bbox 2217 4171 2448 4239; x_wconf 81' lang='lat' dir='ltr'><strong>imagine</strong></span> <span class='ocrx_word' id='word_1_598' title='bbox 2489 4171 2622 4240; x_wconf 91' lang='lat' dir='ltr'><strong>ipsis</strong></span> <span class='ocrx_word' id='word_1_599' title='bbox 2671 4170 2889 4232; x_wconf 86' lang='lat' dir='ltr'><strong>tradita,</strong></span> <span class='ocrx_word' id='word_1_600' title='bbox 2945 4169 3162 4237; x_wconf 85' lang='lat' dir='ltr'><strong>placare</strong></span> <span class='ocrx_word' id='word_1_601' title='bbox 3220 4183 3314 4236; x_wconf 88' lang='lat' dir='ltr'><strong>per</strong></span> <span class='ocrx_word' id='word_1_602' title='bbox 3357 4182 3476 4221; x_wconf 84' lang='lat' dir='ltr'><strong>eam</strong></span> 
     </span>
    </p>
   </div>
   <div class='ocr_carea' id='block_1_84' title="bbox 1894 4259 3480 4333">
    <p class='ocr_par' dir='ltr' id='par_1_84' title="bbox 1894 4259 3480 4333">
     <span class='ocr_line' id='line_1_84' title="bbox 1894 4259 3480 4333; baseline -0.005 -15"><span class='ocrx_word' id='word_1_603' title='bbox 1894 4265 2200 4333; x_wconf 81' lang='lat' dir='ltr'><strong>gregarium</strong></span> <span class='ocrx_word' id='word_1_604' title='bbox 2256 4263 2480 4317; x_wconf 88' lang='lat' dir='ltr'><strong>militem</strong></span> <span class='ocrx_word' id='word_1_605' title='bbox 2533 4263 2760 4318; x_wconf 84' lang='lat' dir='ltr'><strong>tentavit</strong></span> <span class='ocrx_word' id='word_1_606' title='bbox 2790 4279 2803 4315; x_wconf 92' lang='lat'><strong>:</strong></span> <span class='ocrx_word' id='word_1_607' title='bbox 2839 4262 2930 4314; x_wconf 88' lang='lat' dir='ltr'><strong>sed</strong></span> <span class='ocrx_word' id='word_1_608' title='bbox 2962 4261 3107 4314; x_wconf 91' lang='lat' dir='ltr'><strong>illam</strong></span> <span class='ocrx_word' id='word_1_609' title='bbox 3143 4260 3306 4315; x_wconf 90' lang='lat' dir='ltr'><strong>etiam</strong></span> <span class='ocrx_word' id='word_1_610' title='bbox 3346 4259 3480 4325; x_wconf 89' lang='lat' dir='ltr'><strong>lapi-</strong></span> 
     </span>
    </p>
   </div>
   <div class='ocr_carea' id='block_1_85' title="bbox 1893 4350 3474 4424">
    <p class='ocr_par' dir='ltr' id='par_1_85' title="bbox 1893 4350 3474 4424">
     <span class='ocr_line' id='line_1_85' title="bbox 1893 4350 3474 4424; baseline -0.002 -17"><span class='ocrx_word' id='word_1_611' title='bbox 1893 4354 2050 4407; x_wconf 88' lang='lat' dir='ltr'><strong>dibus</strong></span> <span class='ocrx_word' id='word_1_612' title='bbox 2101 4354 2394 4424; x_wconf 87' lang='lat' dir='ltr'><strong>peticruut.</strong></span> <span class='ocrx_word' id='word_1_613' title='bbox 2450 4353 2616 4421; x_wconf 74' lang='lat' dir='ltr'><strong>Igitur</strong></span> <span class='ocrx_word' id='word_1_614' title='bbox 2648 4351 2790 4422; x_wconf 78' lang='lat' dir='ltr'><strong>29a</strong></span> <span class='ocrx_word' id='word_1_615' title='bbox 2839 4350 3262 4406; x_wconf 89' lang='lat' dir='ltr'><strong>Constantinam</strong></span> <span class='ocrx_word' id='word_1_616' title='bbox 3318 4350 3474 4420; x_wconf 83' lang='lat' dir='ltr'><strong>fugit.</strong></span> 
     </span>
    </p>
   </div>
   <div class='ocr_carea' id='block_1_86' title="bbox 1894 4441 3474 4513">
    <p class='ocr_par' dir='ltr' id='par_1_86' title="bbox 1894 4441 3474 4513">
     <span class='ocr_line' id='line_1_86' title="bbox 1894 4441 3474 4513; baseline -0.001 -16"><span class='ocrx_word' id='word_1_617' title='bbox 1894 4444 2100 4498; x_wconf 88' lang='lat' dir='ltr'><strong>Invitus</strong></span> <span class='ocrx_word' id='word_1_618' title='bbox 2135 4445 2350 4497; x_wconf 90' lang='lat' dir='ltr'><strong>interim</strong></span> <span class='ocrx_word' id='word_1_619' title='bbox 2379 4445 2445 4498; x_wconf 87' lang='lat' dir='ltr'><strong>ab</strong></span> <span class='ocrx_word' id='word_1_620' title='bbox 2475 4445 2721 4500; x_wconf 81' lang='lat' dir='ltr'><strong>exercitu</strong></span> <span class='ocrx_word' id='word_1_621' title='bbox 2751 4444 2856 4496; x_wconf 82' lang='lat' dir='ltr'><strong>dux</strong></span> <span class='ocrx_word' id='word_1_622' title='bbox 2891 4443 3121 4513; x_wconf 87' lang='lat' dir='ltr'><strong>elegitur</strong></span> <span class='ocrx_word' id='word_1_623' title='bbox 3152 4441 3474 4496; x_wconf 89' lang='lat' dir='ltr'><strong>Germanus.</strong></span> 
     </span>
    </p>
   </div>
   <div class='ocr_carea' id='block_1_87' title="bbox 1896 4533 3482 4604">
    <p class='ocr_par' dir='ltr' id='par_1_87' title="bbox 1896 4533 3482 4604">
     <span class='ocr_line' id='line_1_87' title="bbox 1896 4533 3482 4604; baseline -0.002 -15"><span class='ocrx_word' id='word_1_624' title='bbox 1896 4536 2030 4589; x_wconf 89' lang='lat' dir='ltr'><strong>Dum</strong></span> <span class='ocrx_word' id='word_1_625' title='bbox 2067 4537 2181 4591; x_wconf 72' lang='lat' dir='ltr'><strong>luet:</strong></span> <span class='ocrx_word' id='word_1_626' title='bbox 2228 4551 2323 4602; x_wconf 88' lang='lat' dir='ltr'><strong>per</strong></span> <span class='ocrx_word' id='word_1_627' title='bbox 2352 4536 2459 4588; x_wconf 88' lang='lat' dir='ltr'><strong>vim</strong></span> <span class='ocrx_word' id='word_1_628' title='bbox 2507 4545 2670 4604; x_wconf 89' lang='lat' dir='ltr'><strong>atque</strong></span> <span class='ocrx_word' id='word_1_629' title='bbox 2701 4534 2989 4588; x_wconf 89' lang='lat' dir='ltr'><strong>tumultttm</strong></span> <span class='ocrx_word' id='word_1_630' title='bbox 3023 4543 3310 4602; x_wconf 83' lang='lat' dir='ltr'><strong>geruntur,</strong></span> <span class='ocrx_word' id='word_1_631' title='bbox 3345 4533 3482 4586; x_wconf 90' lang='lat' dir='ltr'><strong>mul-</strong></span> 
     </span>
    </p>
   </div>
   <div class='ocr_carea' id='block_1_88' title="bbox 1897 4621 3476 4682">
    <p class='ocr_par' dir='ltr' id='par_1_88' title="bbox 1897 4621 3476 4682">
     <span class='ocr_line' id='line_1_88' title="bbox 1897 4621 3476 4682; baseline -0.001 -1"><span class='ocrx_word' id='word_1_632' title='bbox 1897 4629 1966 4682; x_wconf 90' lang='lat' dir='ltr'><strong>tis</strong></span> <span class='ocrx_word' id='word_1_633' title='bbox 2017 4627 2231 4681; x_wconf 89' lang='lat' dir='ltr'><strong>interim</strong></span> <span class='ocrx_word' id='word_1_634' title='bbox 2269 4625 2497 4680; x_wconf 81' lang='lat' dir='ltr'><strong>Romani</strong></span> <span class='ocrx_word' id='word_1_635' title='bbox 2536 4643 2564 4679; x_wconf 92' lang='lat' dir='ltr'><strong>a</strong></span> <span class='ocrx_word' id='word_1_636' title='bbox 2608 4625 2790 4680; x_wconf 89' lang='lat' dir='ltr'><strong>Persis</strong></span> <span class='ocrx_word' id='word_1_637' title='bbox 2817 4625 3216 4679; x_wconf 82' lang='lat' dir='ltr'><strong>calamitatibus</strong></span> <span class='ocrx_word' id='word_1_638' title='bbox 3270 4621 3476 4680; x_wconf 80' lang='lat' dir='ltr'><strong>amicti.</strong></span> 
     </span>
    </p>
   </div>
   <div class='ocr_carea' id='block_1_89' title="bbox 223 4703 1788 4790">
    <p class='ocr_par' dir='ltr' id='par_1_89' title="bbox 223 4719 1788 4790">
     <span class='ocr_line' id='line_1_89' title="bbox 223 4719 1788 4790; baseline 0.003 -23"><span class='ocrx_word' id='word_1_639' title='bbox 223 4719 486 4788; x_wconf 75' lang='grc' dir='ltr'>συμφοραὶ</span> <span class='ocrx_word' id='word_1_640' title='bbox 519 4722 634 4782; x_wconf 85' lang='grc' dir='ltr'>τοῖς</span> <span class='ocrx_word' id='word_1_641' title='bbox 678 4719 970 4790; x_wconf 85' lang='grc' dir='ltr'>Ῥωμαίοις</span> <span class='ocrx_word' id='word_1_642' title='bbox 992 4721 1430 4775; x_wconf 86' lang='grc' dir='ltr'>ἐναπετίκτοντο.</span> <span class='ocrx_word' id='word_1_643' title='bbox 1455 4720 1546 4774; x_wconf 84' lang='grc' dir='ltr'><strong>Διὸ</strong></span> <span class='ocrx_word' id='word_1_644' title='bbox 1566 4721 1661 4774; x_wconf 76' lang='grc' dir='ltr'><strong>καὶ</strong></span> <span class='ocrx_word' id='word_1_645' title='bbox 1693 4719 1788 4790; x_wconf 84' lang='grc' dir='ltr'><strong>βα-</strong></span> 
     </span>
    </p>
   </div>
   <div class='ocr_carea' id='block_1_90' title="bbox 1892 4703 3481 4790">
    <p class='ocr_par' dir='ltr' id='par_1_90' title="bbox 1899 4715 3481 4787">
     <span class='ocr_line' id='line_1_90' title="bbox 1899 4715 3481 4787; baseline 0 -16"><span class='ocrx_word' id='word_1_646' title='bbox 1899 4721 2076 4785; x_wconf 78' lang='lat' dir='ltr'><strong>Quare</strong></span> <span class='ocrx_word' id='word_1_647' title='bbox 2105 4718 2291 4772; x_wconf 81' lang='lat' dir='ltr'><strong>Prisco</strong></span> <span class='ocrx_word' id='word_1_648' title='bbox 2316 4719 2611 4787; x_wconf 88' lang='lat' dir='ltr'><strong>imperator</strong></span> <span class='ocrx_word' id='word_1_649' title='bbox 2634 4717 2955 4785; x_wconf 85' lang='lat' dir='ltr'><strong>dignitatem</strong></span> <span class='ocrx_word' id='word_1_650' title='bbox 2988 4715 3207 4779; x_wconf 85' lang='lat' dir='ltr'><strong>adimit,</strong></span> <span class='ocrx_word' id='word_1_651' title='bbox 3255 4717 3481 4786; x_wconf 87' lang='lat' dir='ltr'><strong>ejusque</strong></span> 
     </span>
    </p>
   </div>
   <div class='ocr_carea' id='block_1_91' title="bbox 220 4801 1790 4886">
    <p class='ocr_par' dir='ltr' id='par_1_91' title="bbox 220 4801 1790 4886">
     <span class='ocr_line' id='line_1_91' title="bbox 220 4801 1790 4886; baseline 0.005 -28"><span class='ocrx_word' id='word_1_652' title='bbox 220 4808 382 4873; x_wconf 78' lang='grc' dir='ltr'>σιλεὺς</span> <span class='ocrx_word' id='word_1_653' title='bbox 415 4811 584 4864; x_wconf 88' lang='grc' dir='ltr'>παύει</span> <span class='ocrx_word' id='word_1_654' title='bbox 622 4811 723 4881; x_wconf 87' lang='grc' dir='ltr'>μὲν</span> <span class='ocrx_word' id='word_1_655' title='bbox 749 4812 1010 4883; x_wconf 87' lang='grc' dir='ltr'>Πρίσκον,</span> <span class='ocrx_word' id='word_1_656' title='bbox 1038 4813 1462 4868; x_wconf 87' lang='grc' dir='ltr'>ἀνταποστέλλει</span> <span class='ocrx_word' id='word_1_657' title='bbox 1488 4801 1547 4868; x_wconf 70' lang='grc' dir='ltr'>δέ</span> <span class='ocrx_word' id='word_1_658' title='bbox 1575 4813 1666 4886; x_wconf 74' lang='lat'><strong>[88</strong></span> <span class='ocrx_word' id='word_1_659' title='bbox 1697 4812 1790 4884; x_wconf 56' lang='grc' dir='ltr'><strong>ἢ]</strong></span> 
     </span>
    </p>
   </div>
   <div class='ocr_carea' id='block_1_92' title="bbox 219 4897 1793 4976">
    <p class='ocr_par' dir='ltr' id='par_1_92' title="bbox 219 4897 1793 4976">
     <span class='ocr_line' id='line_1_92' title="bbox 219 4897 1793 4976; baseline 0.008 -30"><span class='ocrx_word' id='word_1_660' title='bbox 219 4897 532 4954; x_wconf 65' lang='grc' dir='ltr'>Φιλιππικὸν</span> <span class='ocrx_word' id='word_1_661' title='bbox 585 4903 750 4957; x_wconf 74' lang='grc' dir='ltr'>πάλιν</span> <span class='ocrx_word' id='word_1_662' title='bbox 804 4905 1130 4976; x_wconf 79' lang='grc' dir='ltr'>στρατηγόν.</span> <span class='ocrx_word' id='word_1_663' title='bbox 1183 4906 1246 4959; x_wconf 86' lang='grc' dir='ltr'><em>Ἥ</em></span> <span class='ocrx_word' id='word_1_664' title='bbox 1293 4906 1351 4959; x_wconf 83' lang='grc' dir='ltr'>δὲ</span> <span class='ocrx_word' id='word_1_665' title='bbox 1409 4907 1639 4976; x_wconf 89' lang='grc' dir='ltr'>στρατιά</span> <span class='ocrx_word' id='word_1_666' title='bbox 1698 4907 1793 4960; x_wconf 82' lang='grc' dir='ltr'><strong>καὶ</strong></span> 
     </span>
    </p>
   </div>
   <div class='ocr_carea' id='block_1_93' title="bbox 219 4989 1791 5069">
    <p class='ocr_par' dir='ltr' id='par_1_93' title="bbox 219 4989 1791 5069">
     <span class='ocr_line' id='line_1_93' title="bbox 219 4989 1791 5069; baseline 0.006 -27"><span class='ocrx_word' id='word_1_667' title='bbox 219 4989 340 5057; x_wconf 72' lang='grc' dir='ltr'>πρὸς</span> <span class='ocrx_word' id='word_1_668' title='bbox 367 4993 536 5045; x_wconf 70' lang='grc' dir='ltr'>αὐτὸν</span> <span class='ocrx_word' id='word_1_669' title='bbox 583 4995 898 5059; x_wconf 81' lang='grc' dir='ltr'>ἐστασίαζε.</span> <span class='ocrx_word' id='word_1_670' title='bbox 929 4997 1039 5050; x_wconf 76' lang='grc' dir='ltr'>Καὶ</span> <span class='ocrx_word' id='word_1_671' title='bbox 1078 4997 1446 5069; x_wconf 85' lang='grc' dir='ltr'>πολιορκεῖται</span> <span class='ocrx_word' id='word_1_672' title='bbox 1493 4998 1594 5067; x_wconf 86' lang='grc' dir='ltr'>μὲν</span> <span class='ocrx_word' id='word_1_673' title='bbox 1635 4999 1791 5052; x_wconf 87' lang='grc' dir='ltr'>Κων-</span> 
     </span>
    </p>
   </div>
   <div class='ocr_carea' id='block_1_94' title="bbox 222 5083 1792 5157">
    <p class='ocr_par' dir='ltr' id='par_1_94' title="bbox 222 5083 1792 5157">
     <span class='ocr_line' id='line_1_94' title="bbox 222 5083 1792 5157; baseline 0.009 -29"><span class='ocrx_word' id='word_1_674' title='bbox 222 5083 463 5135; x_wconf 81' lang='grc' dir='ltr'>σταντίνα.</span> <span class='ocrx_word' id='word_1_675' title='bbox 495 5084 598 5138; x_wconf 79' lang='grc' dir='ltr'>ὑπὸ</span> <span class='ocrx_word' id='word_1_676' title='bbox 641 5085 892 5156; x_wconf 83' lang='grc' dir='ltr'>Περσῶν,</span> <span class='ocrx_word' id='word_1_677' title='bbox 922 5086 1111 5157; x_wconf 82' lang='grc' dir='ltr'>ρύεται</span> <span class='ocrx_word' id='word_1_678' title='bbox 1139 5088 1196 5142; x_wconf 82' lang='grc' dir='ltr'><strong>δὲ</strong></span> <span class='ocrx_word' id='word_1_679' title='bbox 1226 5089 1338 5143; x_wconf 84' lang='grc' dir='ltr'><strong>τῶν</strong></span> <span class='ocrx_word' id='word_1_680' title='bbox 1383 5089 1641 5144; x_wconf 88' lang='grc' dir='ltr'>κινδύνων</span> <span class='ocrx_word' id='word_1_681' title='bbox 1667 5091 1792 5142; x_wconf 83' lang='grc' dir='ltr'>ἐπι-</span> 
     </span>
    </p>
   </div>
   <div class='ocr_carea' id='block_1_95' title="bbox 223 5173 1792 5252">
    <p class='ocr_par' dir='ltr' id='par_1_95' title="bbox 223 5173 1792 5252">
     <span class='ocr_line' id='line_1_95' title="bbox 223 5173 1792 5252; baseline 0.005 -25"><span class='ocrx_word' id='word_1_682' title='bbox 223 5173 434 5238; x_wconf 79' lang='grc' dir='ltr'>στάντος</span> <span class='ocrx_word' id='word_1_683' title='bbox 463 5178 603 5249; x_wconf 79' lang='grc' dir='ltr'>αὐτῇ</span> <span class='ocrx_word' id='word_1_684' title='bbox 637 5178 946 5248; x_wconf 84' lang='grc' dir='ltr'>Γερμανοῦ.</span> <span class='ocrx_word' id='word_1_685' title='bbox 987 5181 1101 5234; x_wconf 75' lang='grc' dir='ltr'><strong>Καὶ</strong></span> <span class='ocrx_word' id='word_1_686' title='bbox 1138 5182 1373 5251; x_wconf 85' lang='grc' dir='ltr'>πόλεμος</span> <span class='ocrx_word' id='word_1_687' title='bbox 1418 5182 1657 5252; x_wconf 83' lang='grc' dir='ltr'>Πέρσαις</span> <span class='ocrx_word' id='word_1_688' title='bbox 1698 5184 1792 5235; x_wconf 82' lang='grc' dir='ltr'>καὶ</span> 
     </span>
    </p>
   </div>
   <div class='ocr_carea' id='block_1_96' title="bbox 1903 4807 3480 4880">
    <p class='ocr_par' dir='ltr' id='par_1_96' title="bbox 1903 4807 3480 4880">
     <span class='ocr_line' id='line_1_96' title="bbox 1903 4807 3480 4880; baseline 0.001 -18"><span class='ocrx_word' id='word_1_689' title='bbox 1903 4811 1956 4864; x_wconf 88' lang='lat' dir='ltr'><strong>in</strong></span> <span class='ocrx_word' id='word_1_690' title='bbox 1989 4810 2162 4863; x_wconf 91' lang='lat' dir='ltr'><strong>locum</strong></span> <span class='ocrx_word' id='word_1_691' title='bbox 2209 4809 2571 4880; x_wconf 85' lang='lat' dir='ltr'><strong>Pltilippicmn</strong></span> <span class='ocrx_word' id='word_1_692' title='bbox 2625 4810 2820 4864; x_wconf 87' lang='lat' dir='ltr'><strong>iterum</strong></span> <span class='ocrx_word' id='word_1_693' title='bbox 2861 4811 3050 4863; x_wconf 88' lang='lat' dir='ltr'><strong>ducem</strong></span> <span class='ocrx_word' id='word_1_694' title='bbox 3075 4808 3258 4862; x_wconf 86' lang='lat' dir='ltr'><strong>mittit.</strong></span> <span class='ocrx_word' id='word_1_695' title='bbox 3291 4807 3397 4863; x_wconf 91' lang='lat' dir='ltr'><strong>Sed</strong></span> <span class='ocrx_word' id='word_1_696' title='bbox 3426 4820 3480 4863; x_wconf 87' lang='lat' dir='ltr'><strong>et</strong></span> 
     </span>
    </p>
   </div>
   <div class='ocr_carea' id='block_1_97' title="bbox 1902 4899 3481 4966">
    <p class='ocr_par' dir='ltr' id='par_1_97' title="bbox 1902 4899 3481 4966">
     <span class='ocr_line' id='line_1_97' title="bbox 1902 4899 3481 4966; baseline -0.001 -13"><span class='ocrx_word' id='word_1_697' title='bbox 1902 4900 1986 4954; x_wconf 90' lang='lat' dir='ltr'><strong>his</strong></span> <span class='ocrx_word' id='word_1_698' title='bbox 2015 4917 2253 4965; x_wconf 89' lang='lat' dir='ltr'><strong>rursum,</strong></span> <span class='ocrx_word' id='word_1_699' title='bbox 2312 4902 2528 4954; x_wconf 87' lang='lat' dir='ltr'><strong>turbato</strong></span> <span class='ocrx_word' id='word_1_700' title='bbox 2574 4899 2841 4966; x_wconf 80' lang='lat' dir='ltr'><strong>exercitu,</strong></span> <span class='ocrx_word' id='word_1_701' title='bbox 2899 4899 3302 4953; x_wconf 88' lang='lat' dir='ltr'><strong>tumultuatum.</strong></span> <span class='ocrx_word' id='word_1_702' title='bbox 3341 4900 3481 4954; x_wconf 89' lang='lat' dir='ltr'><strong>Con-</strong></span> 
     </span>
    </p>
   </div>
   <div class='ocr_carea' id='block_1_98' title="bbox 1903 4991 3480 5063">
    <p class='ocr_par' dir='ltr' id='par_1_98' title="bbox 1903 4991 3480 5063">
     <span class='ocr_line' id='line_1_98' title="bbox 1903 4991 3480 5063; baseline -0.005 -15"><span class='ocrx_word' id='word_1_703' title='bbox 1903 4995 2142 5048; x_wconf 86' lang='lat' dir='ltr'><strong>stanlina</strong></span> <span class='ocrx_word' id='word_1_704' title='bbox 2161 4992 2272 5063; x_wconf 82' lang='lat'><strong>(97)</strong></span> <span class='ocrx_word' id='word_1_705' title='bbox 2287 5009 2315 5046; x_wconf 89' lang='lat' dir='ltr'><strong>a</strong></span> <span class='ocrx_word' id='word_1_706' title='bbox 2336 4992 2515 5048; x_wconf 86' lang='lat' dir='ltr'><strong>Persis</strong></span> <span class='ocrx_word' id='word_1_707' title='bbox 2542 4996 2778 5046; x_wconf 87' lang='lat' dir='ltr'><strong>obsessa.</strong></span> <span class='ocrx_word' id='word_1_708' title='bbox 2805 4992 3188 5061; x_wconf 85' lang='lat' dir='ltr'><strong>periculisque,</strong></span> <span class='ocrx_word' id='word_1_709' title='bbox 3209 4991 3480 5046; x_wconf 73' lang='lat' dir='ltr'><strong>Germano</strong></span> 
     </span>
    </p>
   </div>
   <div class='ocr_carea' id='block_1_99' title="bbox 1903 5081 3481 5153">
    <p class='ocr_par' dir='ltr' id='par_1_99' title="bbox 1903 5081 3481 5153">
     <span class='ocr_line' id='line_1_99' title="bbox 1903 5081 3481 5153; baseline -0.003 -14"><span class='ocrx_word' id='word_1_710' title='bbox 1903 5083 2182 5153; x_wconf 79' lang='lat' dir='ltr'><strong>Suppetias</strong></span> <span class='ocrx_word' id='word_1_711' title='bbox 2207 5085 2435 5147; x_wconf 89' lang='lat' dir='ltr'><strong>ferente,</strong></span> <span class='ocrx_word' id='word_1_712' title='bbox 2474 5083 2751 5136; x_wconf 81' lang='lat' dir='ltr'><strong>eximitur.</strong></span> <span class='ocrx_word' id='word_1_713' title='bbox 2798 5081 3050 5136; x_wconf 66' lang='lat' dir='ltr'><strong>Prmlium</strong></span> <span class='ocrx_word' id='word_1_714' title='bbox 3099 5082 3370 5135; x_wconf 75' lang='lat' dir='ltr'><strong>Romanos</strong></span> <span class='ocrx_word' id='word_1_715' title='bbox 3399 5082 3481 5134; x_wconf 85' lang='lat' dir='ltr'><strong>in-</strong></span> 
     </span>
    </p>
   </div>
   <div class='ocr_carea' id='block_1_100' title="bbox 1904 5173 3491 5246">
    <p class='ocr_par' dir='ltr' id='par_1_100' title="bbox 1904 5173 3491 5246">
     <span class='ocr_line' id='line_1_100' title="bbox 1904 5173 3491 5246; baseline -0.003 -14"><span class='ocrx_word' id='word_1_716' title='bbox 1904 5188 1984 5232; x_wconf 91' lang='lat' dir='ltr'><strong>ter</strong></span> <span class='ocrx_word' id='word_1_717' title='bbox 2009 5187 2064 5232; x_wconf 92' lang='lat' dir='ltr'><strong>et</strong></span> <span class='ocrx_word' id='word_1_718' title='bbox 2091 5176 2284 5231; x_wconf 85' lang='lat' dir='ltr'><strong>Persas</strong></span> <span class='ocrx_word' id='word_1_719' title='bbox 2303 5179 2370 5230; x_wconf 89' lang='lat' dir='ltr'><strong>ad</strong></span> <span class='ocrx_word' id='word_1_720' title='bbox 2402 5175 2804 5246; x_wconf 81' lang='lat' dir='ltr'><strong>Martyropoiitu</strong></span> <span class='ocrx_word' id='word_1_721' title='bbox 2839 5176 3211 5230; x_wconf 87' lang='lat' dir='ltr'><strong>commissum.</strong></span> <span class='ocrx_word' id='word_1_722' title='bbox 3245 5173 3491 5229; x_wconf 73' lang='lat' dir='ltr'><strong>Victoria.</strong></span> 
     </span>
    </p>
   </div>
   <div class='ocr_carea' id='block_1_101' title="bbox 1505 5309 2188 5371">
    <p class='ocr_par' dir='ltr' id='par_1_101' title="bbox 1505 5309 2188 5371">
     <span class='ocr_line' id='line_1_101' title="bbox 1505 5309 2188 5371; baseline -0.009 0"><span class='ocrx_word' id='word_1_723' title='bbox 1505 5315 1738 5371; x_wconf 65' lang='lat' dir='ltr'><strong>VARI/ﬁ</strong></span> <span class='ocrx_word' id='word_1_724' title='bbox 1782 5309 2188 5368; x_wconf 83' lang='lat' dir='ltr'><strong>LECTIONES.</strong></span> 
     </span>
    </p>
   </div>
   <div class='ocr_carea' id='block_1_102' title="bbox 276 5425 1220 5497">
    <p class='ocr_par' dir='ltr' id='par_1_102' title="bbox 276 5425 1220 5497">
     <span class='ocr_line' id='line_1_102' title="bbox 276 5425 1220 5497; baseline 0.007 -19"><span class='ocrx_word' id='word_1_725' title='bbox 276 5425 318 5458; x_wconf 74' lang='lat'>“</span> <span class='ocrx_word' id='word_1_726' title='bbox 347 5427 376 5478; x_wconf 86' lang='lat'><strong>6</strong></span> <span class='ocrx_word' id='word_1_727' title='bbox 402 5428 532 5483; x_wconf 85' lang='lat' dir='ltr'><strong>add.</strong></span> <span class='ocrx_word' id='word_1_728' title='bbox 558 5432 620 5484; x_wconf 81' lang='grc' dir='ltr'><strong>Δ.</strong></span> <span class='ocrx_word' id='word_1_729' title='bbox 692 5432 740 5463; x_wconf 79' lang='grc' dir='ltr'><strong>⁵ο</strong></span> <span class='ocrx_word' id='word_1_730' title='bbox 763 5434 878 5495; x_wconf 76' lang='grc' dir='ltr'>τοῖς</span> <span class='ocrx_word' id='word_1_731' title='bbox 902 5435 940 5488; x_wconf 85' lang='grc' dir='ltr'><strong>Α</strong></span> <span class='ocrx_word' id='word_1_732' title='bbox 971 5433 1123 5488; x_wconf 77' lang='grc' dir='ltr'>ιτότε</span> <span class='ocrx_word' id='word_1_733' title='bbox 1162 5451 1220 5497; x_wconf 73' lang='grc' dir='ltr'><strong>ς’.</strong></span> 
     </span>
    </p>
   </div>
   <div class='ocr_carea' id='block_1_103' title="bbox 223 5493 1489 5575">
    <p class='ocr_par' dir='ltr' id='par_1_103' title="bbox 223 5493 1489 5575">
     <span class='ocr_line' id='line_1_103' title="bbox 223 5493 1489 5575; baseline 0.017 -27"><span class='ocrx_word' id='word_1_734' title='bbox 223 5493 344 5560; x_wconf 77' lang='grc' dir='ltr'>λεως</span> <span class='ocrx_word' id='word_1_735' title='bbox 372 5515 439 5562; x_wconf 80' lang='grc' dir='ltr'>ς.</span> <span class='ocrx_word' id='word_1_736' title='bbox 518 5501 561 5532; x_wconf 85' lang='grc'><strong><em>⁸⁵</em></strong></span> <span class='ocrx_word' id='word_1_737' title='bbox 583 5502 667 5555; x_wconf 87' lang='grc' dir='ltr'><strong>διὸ</strong></span> <span class='ocrx_word' id='word_1_738' title='bbox 703 5505 797 5555; x_wconf 78' lang='grc' dir='ltr'><strong>καὶ</strong></span> <span class='ocrx_word' id='word_1_739' title='bbox 827 5493 887 5556; x_wconf 72' lang='grc' dir='ltr'>τδ</span> <span class='ocrx_word' id='word_1_740' title='bbox 914 5521 975 5568; x_wconf 79' lang='grc' dir='ltr'>ς.</span> <span class='ocrx_word' id='word_1_741' title='bbox 1054 5506 1100 5536; x_wconf 80' lang='grc'><strong><em>⁵⁸</em></strong></span> <span class='ocrx_word' id='word_1_742' title='bbox 1124 5493 1394 5575; x_wconf 71' lang='grc' dir='ltr'>ιλιφρέφα</span> <span class='ocrx_word' id='word_1_743' title='bbox 1431 5523 1489 5569; x_wconf 74' lang='grc' dir='ltr'><strong>ς.</strong></span> 
     </span>
    </p>
   </div>
   <div class='ocr_carea' id='block_1_104' title="bbox 1299 5429 2406 5502">
    <p class='ocr_par' dir='ltr' id='par_1_104' title="bbox 1299 5429 2406 5502">
     <span class='ocr_line' id='line_1_104' title="bbox 1299 5429 2406 5502; baseline -0.006 -16"><span class='ocrx_word' id='word_1_744' title='bbox 1299 5435 1342 5465; x_wconf 80' lang='grc'><strong>⁸⁸</strong></span> <span class='ocrx_word' id='word_1_745' title='bbox 1371 5433 1464 5486; x_wconf 77' lang='grc' dir='ltr'>τοῦ</span> <span class='ocrx_word' id='word_1_746' title='bbox 1507 5435 1630 5486; x_wconf 83' lang='lat' dir='ltr'><strong>add.</strong></span> <span class='ocrx_word' id='word_1_747' title='bbox 1664 5436 1728 5486; x_wconf 78' lang='grc' dir='ltr'><strong>Α.</strong></span> <span class='ocrx_word' id='word_1_748' title='bbox 1803 5429 1953 5502; x_wconf 60' lang='lat' dir='ltr'><strong>“rei</strong></span> <span class='ocrx_word' id='word_1_749' title='bbox 2000 5447 2058 5482; x_wconf 88' lang='grc' dir='ltr'><strong>τε</strong></span> <span class='ocrx_word' id='word_1_750' title='bbox 2100 5430 2192 5480; x_wconf 78' lang='grc' dir='ltr'><strong>καὶ</strong></span> <span class='ocrx_word' id='word_1_751' title='bbox 2220 5446 2279 5491; x_wconf 80' lang='grc' dir='ltr'>ς.</span> <span class='ocrx_word' id='word_1_752' title='bbox 2345 5429 2406 5502; x_wconf 24' lang='grc'><strong>,³³</strong></span> 
     </span>
    </p>
   </div>
   <div class='ocr_carea' id='block_1_105' title="bbox 1570 5499 2523 5572">
    <p class='ocr_par' dir='ltr' id='par_1_105' title="bbox 1570 5499 2523 5572">
     <span class='ocr_line' id='line_1_105' title="bbox 1570 5499 2523 5572; baseline -0.005 -15"><span class='ocrx_word' id='word_1_753' title='bbox 1570 5505 1614 5536; x_wconf 84' lang='grc'><strong>⁵⁷</strong></span> <span class='ocrx_word' id='word_1_754' title='bbox 1653 5499 2050 5572; x_wconf 60' lang='grc' dir='ltr'>στρατιᾶςῚης</span> <span class='ocrx_word' id='word_1_755' title='bbox 2084 5517 2096 5552; x_wconf 89' lang='lat'><strong>:</strong></span> <span class='ocrx_word' id='word_1_756' title='bbox 2135 5499 2422 5569; x_wconf 88' lang='grc' dir='ltr'>στρατείας</span> <span class='ocrx_word' id='word_1_757' title='bbox 2463 5516 2523 5563; x_wconf 81' lang='grc' dir='ltr'>ς.</span> 
     </span>
    </p>
   </div>
   <div class='ocr_carea' id='block_1_106' title="bbox 2446 5428 3480 5498">
    <p class='ocr_par' dir='ltr' id='par_1_106' title="bbox 2446 5428 3480 5498">
     <span class='ocr_line' id='line_1_106' title="bbox 2446 5428 3480 5498; baseline 0 -18"><span class='ocrx_word' id='word_1_758' title='bbox 2446 5428 2808 5498; x_wconf 82' lang='grc' dir='ltr'>μουστάκωνα</span> <span class='ocrx_word' id='word_1_759' title='bbox 2837 5445 2896 5492; x_wconf 79' lang='grc' dir='ltr'>ς.</span> <span class='ocrx_word' id='word_1_760' title='bbox 2976 5429 3020 5459; x_wconf 65' lang='grc'><strong>⁸⁸</strong></span> <span class='ocrx_word' id='word_1_761' title='bbox 3059 5428 3480 5498; x_wconf 15' lang='grc' dir='ltr'>ν’Λνδριανουπο-</span> 
     </span>
    </p>
   </div>
   <div class='ocr_carea' id='block_1_107' title="bbox 2601 5497 3229 5570">
    <p class='ocr_par' dir='ltr' id='par_1_107' title="bbox 2601 5497 3229 5570">
     <span class='ocr_line' id='line_1_107' title="bbox 2601 5497 3229 5570; baseline 0 -18"><span class='ocrx_word' id='word_1_762' title='bbox 2601 5501 2644 5530; x_wconf 74' lang='grc'><strong>⁵⁸</strong></span> <span class='ocrx_word' id='word_1_763' title='bbox 2677 5500 2872 5570; x_wconf 84' lang='grc' dir='ltr'>Μαρτυ</span> <span class='ocrx_word' id='word_1_764' title='bbox 2881 5499 2974 5570; x_wconf 88' lang='grc' dir='ltr'><strong>ρού</strong></span> <span class='ocrx_word' id='word_1_765' title='bbox 2983 5497 3138 5552; x_wconf 86' lang='grc' dir='ltr'>πολιν</span> <span class='ocrx_word' id='word_1_766' title='bbox 3164 5497 3206 5552; x_wconf 76' lang='grc' dir='ltr'>Α</span> <span class='ocrx_word' id='word_1_767' title='bbox 3216 5538 3229 5551; x_wconf 93' lang='grc'><strong>.</strong></span> 
     </span>
    </p>
   </div>
   <div class='ocr_carea' id='block_1_108' title="bbox 1701 5592 1936 5650">
    <p class='ocr_par' dir='ltr' id='par_1_108' title="bbox 1701 5592 1936 5650">
     <span class='ocr_line' id='line_1_108' title="bbox 1701 5592 1936 5650; baseline 0 -3"><span class='ocrx_word' id='word_1_768' title='bbox 1701 5592 1936 5650; x_wconf 66' lang='lat' dir='ltr'><strong>NOTAE.</strong></span> 
     </span>
    </p>
   </div>
   <div class='ocr_carea' id='block_1_109' title="bbox 282 5685 1785 5764">
    <p class='ocr_par' dir='ltr' id='par_1_109' title="bbox 282 5685 1785 5764">
     <span class='ocr_line' id='line_1_109' title="bbox 282 5685 1785 5764; baseline 0.001 -22"><span class='ocrx_word' id='word_1_769' title='bbox 282 5687 422 5764; x_wconf 66' lang='grc' dir='ltr'><strong>(Μ’)</strong></span> <span class='ocrx_word' id='word_1_770' title='bbox 453 5685 586 5764; x_wconf 70' lang='lat' dir='ltr'><strong>Vide</strong></span> <span class='ocrx_word' id='word_1_771' title='bbox 621 5690 689 5746; x_wconf 94' lang='lat' dir='ltr'><strong>cl.</strong></span> <span class='ocrx_word' id='word_1_772' title='bbox 739 5692 797 5744; x_wconf 76' lang='grc' dir='ltr'>ν.</span> <span class='ocrx_word' id='word_1_773' title='bbox 827 5689 964 5746; x_wconf 85' lang='lat' dir='ltr'><strong>Justi</strong></span> <span class='ocrx_word' id='word_1_774' title='bbox 992 5692 1156 5764; x_wconf 86' lang='lat' dir='ltr'><strong>Lipsii</strong></span> <span class='ocrx_word' id='word_1_775' title='bbox 1197 5692 1409 5762; x_wconf 77' lang='lat' dir='ltr'><strong>epistol.</strong></span> <span class='ocrx_word' id='word_1_776' title='bbox 1450 5692 1503 5746; x_wconf 93' lang='lat' dir='ltr'><strong>in</strong></span> <span class='ocrx_word' id='word_1_777' title='bbox 1545 5692 1688 5746; x_wconf 90' lang='lat' dir='ltr'><strong>notis</strong></span> <span class='ocrx_word' id='word_1_778' title='bbox 1718 5691 1785 5745; x_wconf 87' lang='lat' dir='ltr'><strong>ad</strong></span> 
     </span>
    </p>
   </div>
   <div class='ocr_carea' id='block_1_110' title="bbox 224 5759 815 5836">
    <p class='ocr_par' dir='ltr' id='par_1_110' title="bbox 224 5759 815 5836">
     <span class='ocr_line' id='line_1_110' title="bbox 224 5759 815 5836; baseline 0.012 -27"><span class='ocrx_word' id='word_1_779' title='bbox 224 5760 515 5836; x_wconf 56' lang='lat' dir='ltr'><strong>exemplar.</strong></span> <span class='ocrx_word' id='word_1_780' title='bbox 546 5759 815 5836; x_wconf 27' lang='lat' dir='ltr'><strong>Grarcu‘m.</strong></span> 
     </span>
    </p>
   </div>
   <div class='ocr_carea' id='block_1_111' title="bbox 228 5827 1788 5956">
    <p class='ocr_par' dir='ltr' id='par_1_111' title="bbox 228 5827 1788 5956">
     <span class='ocr_line' id='line_1_111' title="bbox 292 5827 1788 5905; baseline 0.003 -25"><span class='ocrx_word' id='word_1_781' title='bbox 292 5827 401 5894; x_wconf 75' lang='lat'><strong>(95)</strong></span> <span class='ocrx_word' id='word_1_782' title='bbox 439 5827 664 5898; x_wconf 78' lang='lat' dir='ltr'><strong>Niecplt.</strong></span> <span class='ocrx_word' id='word_1_783' title='bbox 689 5832 785 5888; x_wconf 88' lang='lat' dir='ltr'><strong>lib.</strong></span> <span class='ocrx_word' id='word_1_784' title='bbox 826 5848 862 5899; x_wconf 83' lang='grc' dir='ltr'>ι,</span> <span class='ocrx_word' id='word_1_785' title='bbox 901 5847 1017 5905; x_wconf 89' lang='lat' dir='ltr'><strong>cap.</strong></span> <span class='ocrx_word' id='word_1_786' title='bbox 1050 5833 1137 5897; x_wconf 87' lang='lat' dir='ltr'><strong>ll,</strong></span> <span class='ocrx_word' id='word_1_787' title='bbox 1163 5833 1319 5890; x_wconf 88' lang='lat' dir='ltr'><strong>aliam</strong></span> <span class='ocrx_word' id='word_1_788' title='bbox 1345 5833 1608 5889; x_wconf 86' lang='lat' dir='ltr'><strong>tumultus</strong></span> <span class='ocrx_word' id='word_1_789' title='bbox 1631 5831 1788 5902; x_wconf 84' lang='lat' dir='ltr'><strong>hujus</strong></span> 
     </span>
     <span class='ocr_line' id='line_1_112' title="bbox 228 5904 659 5956; baseline 0.016 -7"><span class='ocrx_word' id='word_1_790' title='bbox 228 5912 446 5952; x_wconf 68' lang='lat' dir='ltr'><strong>cassam</strong></span> <span class='ocrx_word' id='word_1_791' title='bbox 467 5904 659 5956; x_wconf 84' lang='lat' dir='ltr'><strong>reddit.</strong></span> 
     </span>
    </p>
   </div>
   <div class='ocr_carea' id='block_1_112' title="bbox 1974 5686 3486 5757">
    <p class='ocr_par' dir='ltr' id='par_1_112' title="bbox 1974 5686 3486 5757">
     <span class='ocr_line' id='line_1_113' title="bbox 1974 5686 3486 5757; baseline -0.002 -17"><span class='ocrx_word' id='word_1_792' title='bbox 1974 5686 2083 5756; x_wconf 82' lang='grc'><strong>(96)</strong></span> <span class='ocrx_word' id='word_1_793' title='bbox 2128 5687 2200 5741; x_wconf 92' lang='lat' dir='ltr'><strong>De</strong></span> <span class='ocrx_word' id='word_1_794' title='bbox 2244 5702 2406 5742; x_wconf 86' lang='lat' dir='ltr'><strong>aurea</strong></span> <span class='ocrx_word' id='word_1_795' title='bbox 2456 5688 2689 5756; x_wconf 85' lang='lat' dir='ltr'><strong>imagine</strong></span> <span class='ocrx_word' id='word_1_796' title='bbox 2731 5687 3096 5757; x_wconf 85' lang='lat' dir='ltr'><strong>accipiendam</strong></span> <span class='ocrx_word' id='word_1_797' title='bbox 3134 5702 3316 5741; x_wconf 81' lang='lat' dir='ltr'><strong>vocem</strong></span> <span class='ocrx_word' id='word_1_798' title='bbox 3360 5687 3486 5738; x_wconf 72' lang='lat' dir='ltr'><strong>bar~</strong></span> 
     </span>
    </p>
   </div>
   <div class='ocr_carea' id='block_1_113' title="bbox 1898 5757 3478 5828">
    <p class='ocr_par' dir='ltr' id='par_1_113' title="bbox 1898 5757 3478 5828">
     <span class='ocr_line' id='line_1_114' title="bbox 1898 5757 3478 5828; baseline -0.004 -15"><span class='ocrx_word' id='word_1_799' title='bbox 1898 5759 2081 5813; x_wconf 83' lang='lat' dir='ltr'><strong>bar-am</strong></span> <span class='ocrx_word' id='word_1_800' title='bbox 2116 5757 2357 5827; x_wconf 77' lang='grc' dir='ltr'>ἐλιρρέφα</span> <span class='ocrx_word' id='word_1_801' title='bbox 2402 5773 2494 5811; x_wconf 87' lang='lat' dir='ltr'><strong>seu</strong></span> <span class='ocrx_word' id='word_1_802' title='bbox 2523 5758 2787 5828; x_wconf 77' lang='grc' dir='ltr'>ἐλιφρίδα,</span> <span class='ocrx_word' id='word_1_803' title='bbox 2820 5759 3038 5827; x_wconf 88' lang='lat' dir='ltr'><strong>quidam</strong></span> <span class='ocrx_word' id='word_1_804' title='bbox 3083 5757 3169 5813; x_wconf 88' lang='lat' dir='ltr'><strong>hic</strong></span> <span class='ocrx_word' id='word_1_805' title='bbox 3203 5768 3478 5812; x_wconf 73' lang='lat' dir='ltr'><strong>notarunt.</strong></span> 
     </span>
    </p>
   </div>
   <div class='ocr_carea' id='block_1_114' title="bbox 1973 5828 2946 5899">
    <p class='ocr_par' dir='ltr' id='par_1_114' title="bbox 1973 5828 2946 5899">
     <span class='ocr_line' id='line_1_115' title="bbox 1973 5828 2946 5899; baseline 0.001 -20"><span class='ocrx_word' id='word_1_806' title='bbox 1973 5828 2336 5898; x_wconf 72' lang='lat' dir='ltr'><strong>(97)Nieepli.</strong></span> <span class='ocrx_word' id='word_1_807' title='bbox 2374 5829 2470 5883; x_wconf 86' lang='lat' dir='ltr'><strong>lib.</strong></span> <span class='ocrx_word' id='word_1_808' title='bbox 2515 5845 2670 5895; x_wconf 74' lang='lat' dir='ltr'><strong>xviii,</strong></span> <span class='ocrx_word' id='word_1_809' title='bbox 2707 5844 2824 5899; x_wconf 79' lang='lat' dir='ltr'><strong>cap.</strong></span> <span class='ocrx_word' id='word_1_810' title='bbox 2863 5828 2946 5882; x_wconf 75' lang='lat' dir='ltr'><strong>M.</strong></span> 
     </span>
    </p>
   </div>
  </div>
