4100 6420
616 536 713 596 147

1775 519 2041 584 PHOTII
2079 511 2591 579 ΡΑΤΗΙΑΒΟΗᾹΞ
2629 511 2740 573 CP.

3771 505 3872 569 1’48

615 649 811 708 illustri
852 661 916 700 eo
956 645 1042 702 die
1085 657 1252 713 penes
1284 642 1560 697 Romanos
1595 637 1716 703 fuit,
1745 636 1967 691 Maruza
1993 635 2186 688 Persa-

2313 629 2591 698 Ῥωμαίοις
2626 627 2767 680 κατὰ
2815 625 2913 695 τήν
2951 620 3454 696 Μαρτυρόπολιν·⁵⁸
3497 620 3729 691 γίνεται,
3781 628 3873 678 καὶ

615 760 734 798 rum
763 743 920 807 duce,
957 756 1077 793 cum
1111 741 1284 793 tribus
1310 751 1528 791 suorum
1563 733 1822 791 millibus.
1855 732 1921 782 ad
1955 729 2196 782 interue-

614 836 828 889 cionem
893 847 1074 896 caeso,
1137 831 1313 902 captis
1370 843 1501 882 vero
1555 825 1721 880 mille.
1778 819 2189 878 Reconciliato,

615 926 914 984 Aristobuli
981 939 1142 992 opera
1175 964 1189 988 ,
1251 935 1371 975 cum
1425 921 1753 989 imperatore
1801 911 2065 977 exercitu,
2127 905 2194 961 ad

617 1036 798 1075 arcem
831 1018 1227 1087 Giligerdorum
1255 1014 1430 1068 virtus
1451 1012 1788 1080 captivorum
1823 1004 2054 1059 militum
2083 999 2198 1054 eni-

619 1111 718 1164 tuit
752 1126 765 1160 :
800 1118 855 1162 et
885 1107 1178 1173 Gregorius
1228 1104 1343 1176 (98)
1390 1099 1694 1156 Antiochiae
1725 1097 2034 1165 episcOpus,
2077 1104 2198 1144 sus-

618 1211 773 1270 cepta
824 1201 1127 1270 legatione,
1185 1197 1541 1264 Philippicum
1614 1189 1850 1244 restituit
1910 1181 2196 1240 exercitui.

619 1291 1023 1362 Martyropolis,
1055 1288 1207 1344 Sittae
1258 1286 1537 1341 fraudibus
1584 1299 1610 1335 a
1645 1282 1828 1336 Persis
1873 1289 2027 1347 capta
2065 1275 2196 1350 (99).

621 1389 956 1458 Pbilippicus
1001 1385 1176 1440 officio
1217 1384 1464 1454 dejiritur
1488 1423 1505 1448 ,
1544 1379 1912 1448 sull‘ectusque
1935 1377 2002 1432 ab
2032 1377 2202 1444 impe-

620 1495 806 1539 ratore
859 1477 1124 1535 Mauricio
1173 1477 1226 1531 in
1284 1473 1401 1541 ejus
1441 1473 1619 1526 locum
1669 1469 2064 1533 Comentiolus,
2113 1465 2200 1519 cui

621 1573 937 1630 mandatum
955 1567 1416 1635 commissumque
1445 1563 1644 1619 bellum
1663 1572 1743 1616 est
1777 1561 2073 1616 Persicum.
2098 1556 2203 1613 Ge-

623 1674 692 1717 ιιι⁸
715 1663 827 1718 sive
853 1660 1054 1725 Sclavi,
1083 1673 1146 1714 ea
1185 1663 1525 1726 tempestate,
1557 1655 1736 1709 vicina
1767 1651 2011 1706 Thrasiae
2034 1665 2204 1721 p0pu-

624 1755 877 1810 labantur
914 1768 928 1804 :
964 1751 1130 1804 Roma
1161 1749 1424 1803 adversus
1448 1746 1820 1816 Longihardos
1845 1759 1993 1796 arma
2015 1741 2207 1795 indue-

623 1848 758 1903 bat:
801 1845 985 1898 Alrica
1027 1857 1244 1913 quoque
1292 1839 1596 1894 Maurusios
1646 1837 1922 1902 superavit
1954 1834 2051 1906 (1).
2097 1833 2206 1888 Co-

623 1937 886 1994 mentiolo
940 1936 1099 2000 duce,
1146 1941 1442 2003 pugnatum
1496 1928 1648 1997 juxta
1704 1927 2057 1982 Sisurbanum
2103 1924 2202 1994 (2),

622 2044 795 2100 prope
818 2027 1053 2088 Nisibin,
1086 2041 1116 2078 a
1147 2023 1328 2078 Persis
1369 2032 1532 2092 atque
1559 2019 1841 2075 Romanis.
1871 2017 2098 2072 Romani
2124 2015 2200 2086 (3)

625 2125 848 2181 militari
877 2124 1074 2178 virtute
1096 2121 1409 2192 superiores
1437 2131 1682 2183 evasere,
1710 2115 1957 2169 Heraclio
1990 2115 2201 2168 hastam

626 2217 846 2274 fortiter
902 2226 1014 2270 tum
1058 2215 1330 2269 vibrante.
1380 2210 1591 2268 Cecidit
1617 2221 1682 2264 eo
1717 2206 1904 2278 praelia
1946 2205 2206 2261 Phraates

629 2310 744 2381 ipse
774 2309 1116 2364 Persicarum
1149 2303 1428 2374 copiarum
1473 2301 1604 2365 dux,
1646 2297 1950 2366 castrisque
1981 2294 2206 2362 direptis

630 2401 812 2470 opima
861 2397 1036 2469 spolia
1093 2397 1252 2452 lecta.
1302 2395 1498 2447 Baram
1548 2392 1652 2462 (4),
1709 2389 1902 2444 Turcis
1957 2387 2204 2452 devictis,

630 2508 856 2562 magnas
884 2508 949 2546 ex
972 2490 1052 2546 eis
1073 2504 1204 2560 opes
1235 2487 1536 2542 llormisdae
1582 2484 1692 2554 regi
1735 2480 2122 2550 suppeditavit,
2153 2488 2209 2534 et.

632 2585 852 2640 strictos
876 2582 1055 2653 gladio
1087 2580 1306 2636 Suaniae
1334 2578 1574 2632 minatus
1602 2584 1705 2630 est.
1741 2573 1969 2629 Romani
1999 2578 2204 2634 autem,

632 2676 887 2730 ductante
923 2674 1170 2728 Romano
1193 2671 1424 2741 quodam
1469 2668 1712 2730 nomine,
1735 2673 1993 2720 conserta
2044 2679 2208 2717 manu

633 2783 757 2824 cum
787 2766 1029 2822 exercitu
1057 2764 1295 2826 Barami,
1317 2762 1631 2830 collatisque
1660 2760 1800 2813 inter
1825 2773 1885 2812 se
1903 2757 2096 2825 signis,
2130 2756 2210 2809 vi-

632 2859 786 2916 ribus
836 2857 1112 2921 fortiores,
1139 2855 1402 2909 illustrem
1448 2853 1684 2908 retulere
1717 2850 2026 2905 victoriam.
2071 2848 2210 2903 llor-

633 2950 838 3006 ntisdas
867 2950 936 3004 ob
961 2947 1167 3004 cladem
1195 2955 1494 3014 acceptam,
1534 2959 1632 3014 per
1668 2941 2019 3012 opprobrium
2079 2955 2212 2995 con-

635 3042 1042 3110 tttutelimnque,
1071 3040 1298 3092 Baramo
1323 3047 1529 3091 vestem
1567 3036 1715 3089 misit
1742 3034 2081 3088 muliebrem.
2113 3033 2214 3087 Hic

638 3130 1029 3184 contumeliam
1056 3126 1298 3180 vicissim
1341 3137 1396 3178 et
1425 3125 1683 3192 injuriam
1723 3124 1956 3186 nlturus,
1979 3123 2117 3174 datis
2144 3122 2211 3175 ad

633 3233 756 3273 eum
792 3216 989 3272 litteris
1013 3216 1110 3286 (5),
1140 3214 1421 3284 inscripsit
1452 3231 1466 3268 :
1498 3213 1802 3267 Chrosroes
1837 3213 1957 3265 tilia:
1990 3211 2117 3282 (non
2151 3210 2213 3262 fi-

636 3309 732 3376 llo)
770 3307 1092 3362 liormisdae.
1130 3305 1244 3359 Hoc
1266 3304 1405 3359 bello
1434 3315 1487 3359 et
1517 3305 1788 3369 Armenii,
1819 3303 2065 3358 Sabbatii
2091 3317 2216 3372 per—
2245 3344 2286 3376 ρ

641 3401 898 3457 suasione
925 3398 1165 3462 adducti,
1205 3396 1468 3452 Joannem
1504 3395 1580 3464 (6)
1612 3396 1802 3449 ducem
1833 3411 1988 3449 suum
2031 3405 2215 3449 sustu-

638 3489 838 3558 lerunt,
867 3499 922 3544 et
948 3490 1012 3543 ad
1048 3488 1242 3542 Persas
1272 3490 1503 3542 tteticere
1535 3487 1815 3555 parabant.
1853 3485 2220 3540 Comentiolus

638 3583 858 3641 interim
901 3583 972 3637 ab
1007 3581 1338 3650 imperatore
1389 3578 1608 3641 missus,
1656 3588 1710 3630 et
1742 3577 2032 3630 militarem
2063 3576 2220 3631 sedat

639 3675 928 3729 tumultum
943 3714 954 3735 ,
972 3683 1026 3726 et
1046 3671 1364 3726 Sabbatium
1396 3670 1918 3740 Constantinopolim
1944 3671 2107 3732 ducit,
2126 3670 2216 3740 qui

640 3767 708 3822 ad
737 3766 940 3822 bestias
979 3765 1051 3820 ibi
1091 3765 1402 3828 damnatus,
1437 3765 1668 3820 Caesaris
1702 3775 1879 3818 tamen
1933 3763 2218 3817 clementia

642 3860 804 3915 morti
836 3859 1086 3929 eripitur.
1121 3859 1440 3914 Hormisdas
1464 3857 1725 3912 Saramen
1762 3857 2025 3911 adversus
2055 3856 2222 3908 Bara—

645 3970 791 4009 mum
813 3954 1012 4008 mittit:
1046 3967 1332 4023 pugnaque
1360 3955 1563 4008 victum
1600 3952 1740 4022 29b
1771 3952 2030 4004 Saramen
2060 3950 2226 4003 Bara-

644 4060 768 4100 mus
797 4043 1101 4114 elephantis
1146 4045 1514 4099 devorandum
1545 4044 1764 4110 objecil,
1796 4051 1850 4096 et
1880 4041 2056 4111 palam
2087 4055 2223 4094 con-

648 4145 733 4189 tra
766 4134 1106 4190 Hormisdam
1140 4150 1290 4190 arma
1318 4136 1460 4190 tulit.
1486 4134 1586 4189 llic
1608 4133 1871 4188 Barantus
1903 4147 1968 4186 eo
2005 4133 2226 4188 honoris

645 4240 774 4285 ante
829 4229 1186 4285 defectionem
1247 4229 1422 4283 fuerat
1471 4237 1710 4291 evectus,
1749 4235 1810 4279 ut
1836 4225 1884 4278 ei
1917 4239 1947 4277 a
1980 4239 2104 4293 rege
2136 4239 2224 4278 se-

645 4319 825 4376 cundo
853 4336 1013 4377 nemo
1058 4321 1301 4376 omnium
1330 4322 1594 4390 dignitate
1617 4319 2014 4373 antecelluerit.
2051 4318 2225 4372 (luro-

2294 718 2487 771 νικῶσι
2527 717 2787 786 Ῥωμαῖοι
2819 713 3107 785 λαμπρῶς,
3155 712 3249 766 ἅτε
3287 711 3379 765 τοῦ
3412 712 3634 780 Περσῶν
3667 730 3873 785 στρατ-

2293 808 2431 879 ηγοῦ
2474 805 2740 878 Μαρούξα
2782 805 2876 859 καὶ
2914 803 3227 873 τρισχιλίων
3263 801 3558 865 πεσόντων,
3609 803 3797 872 χιλίων
3817 803 3874 856 δὲ

2297 900 2710 972 ζωγρηθέντων.
2748 897 2856 950 Καὶ
2886 895 3268 949 διαλλάσσεται
3319 893 3454 964 πρὸς
3479 897 3572 947 τὸν
3608 896 3878 966 αὐτοκρά.

2295 1007 2430 1060 τορα
2467 988 2536 1042 δι’
2581 987 2990 1060 Ἀριστοϐούλου
3013 985 3075 1038 τὸ
3128 985 3527 1055 στρατόπεδον·
3569 986 3780 1054 γίνεταί
3816 1005 3876 1040 τε

2299 1081 2441 1135 κατὰ
2468 1079 2529 1132 τὸ
2553 1079 2809 1150 φρούριον
2839 1077 3034 1146 Γιληγε
3045 1076 3180 1148 ρδῶν
3205 1077 3251 1109 δ’
3279 1075 3386 1129 τῶν
3411 1076 3704 1146 δεσμωτῶν
3739 1077 3876 1130 Ῥωο

2303 1174 2478 1245 μαίων
2500 1171 2767 1242 ἀριστεία.
2793 1171 2903 1225 Καὶ
2933 1171 3233 1240 Γρηγόριος
3259 1169 3287 1221 6
3326 1168 3654 1238 Ἀντιοχείας
3687 1171 3880 1239 ἀρχιε-

2307 1267 2430 1338 ρεὺς
2474 1264 2798 1318 Φιλιππικὸν
2848 1263 2936 1315 διὰ
2989 1261 3286 1331 πρεσϐείας
3338 1259 3741 1328 ἀποκαθίστησι
3800 1259 3880 1329 τῷ

2302 1356 2692 1430 στρατεύματι.
2736 1355 3044 1410 Ἀλίσκεται
3072 1353 3128 1406 δὲ
3174 1353 3279 1405 ὑπὸ
3316 1351 3540 1422 Περσῶν
3574 1353 3608 1422 ή
3653 1353 3880 1422 Μαρτυ-

2305 1450 2524 1522 ρόπολις
2548 1449 2635 1502 διὰ
2658 1449 2821 1502 Σίττα
2847 1447 3004 1518 δόλῳ,
3032 1445 3126 1499 καὶ
3155 1445 3656 1514 άποχειροτονεῖται
3691 1443 3886 1497 Φιλιπ-

2303 1542 2484 1608 πικδς,
2540 1540 2636 1595 καὶ
2691 1538 3050 1605 Κομεντίολος
3093 1537 3209 1589 ἀντ’
3253 1533 3420 1588 αὐτοῦ
3461 1534 3554 1588 τὸν
3616 1535 3887 1606 Περσικὸν

2305 1635 2410 1689 ὑπὸ
2457 1633 2551 1687 τοῦ
2601 1633 3005 1702 αὐτοκράτορος
3047 1628 3366 1682 πιστεύεται
3419 1627 3674 1697 πόλεμον.
3711 1629 3775 1681 Οἱ
3829 1627 3888 1682 δὲ

2304 1727 2466 1780 Γέται
2496 1726 2617 1797 ἦτοι
2639 1723 2874 1778 Σκλάϐοι
2904 1723 2972 1776 τὰ
2997 1723 3130 1792 περὶ
3148 1724 3247 1789 τὴν
3270 1721 3493 1792 Θρᾴκην
3510 1720 3886 1790 ἐλυμαίνοντο,

2305 1818 2339 1888 ἡ
2380 1816 2568 1886 Ῥώμη
2589 1814 2645 1867 δὲ
2670 1814 2805 1884 πρὸς
2834 1813 2961 1876 τοὺς
2985 1813 3391 1884 Λογγιϐάρδους
3420 1811 3465 1842 ⁶⁰
3495 1810 3888 1874 ἀνθωπλίζετο,

2307 1910 2402 1962 καὶ
2435 1908 2609 1977 Λιϐύη
2639 1907 2748 1960 τῶν
2781 1907 3146 1976 Μαυρουσίων
3191 1904 3551 1975 περιεγίνετο.
3594 1905 3893 1974 Κομεντιό-

2308 2001 2402 2054 λου
2433 2001 2490 2053 δὲ
2514 1999 2950 2072 στρατηγοῦντος
2991 1998 3396 2070 συμπλέκονται
3435 1999 3565 2070 περὶ
3601 1998 3662 2051 τὸ
3688 1997 3892 2069 Σισάρ-

2311 2093 2472 2147 6ανον
2520 2093 2747 2164 πλησίον
2804 2092 3029 2156 Νίσιϐος
3070 2092 3278 2164 Πέρσαι
3322 2091 3417 2146 καὶ
3461 2093 3741 2162 Ῥωμαῖοι,
3797 2093 3896 2145 κα)Ι

2311 2185 2507 2240 νικῶσι
2533 2185 2676 2239 κατά
2721 2186 2921 2256 κράτος
2961 2185 3244 2254 Ῥωμαῖοι,
3287 2184 3612 2256 Ἡρακλείου
3654 2201 3896 2254 περιφα-

2313 2277 2418 2341 νῶς
2447 2276 2923 2346 ὲνευδοκιμοῦντος
2947 2276 3025 2346 τῷ
3048 2276 3233 2345 δόρατι
3254 2292 3268 2306 ’
3302 2275 3494 2328 πίπτει
3523 2275 3632 2344 γὰρ
3673 2275 3766 2327 καὶ
3798 2274 3898 2326 αύ-

2312 2369 2402 2432 τὸς
2433 2368 2460 2420 6
2485 2367 2592 2419 τῶν
2625 2366 2850 2435 Περσῶν
2875 2365 3182 2436 στρατηγὸς
3212 2366 3488 2436 Φραάτης,
3513 2366 3608 2418 καὶ
3633 2365 3897 2418 σκυλεύε-

2313 2478 2405 2514 ται
2444 2459 2502 2512 τὸ
2529 2458 2810 2529 πολέμιον.
2847 2459 2970 2512 Ἔτι
2999 2458 3054 2512 δὲ
3085 2457 3443 2528 διαλαμϐάνει
3475 2459 3622 2521 ὅπως
3645 2460 3672 2511 6
3699 2457 3899 2528 Βαρὰμ

2314 2551 2595 2622 Τούρκους
2651 2549 3136 2620 καταπολεμήσας,
3171 2551 3266 2603 καὶ
3302 2550 3470 2604 πολὺν
3502 2549 3730 2602 πλοῦτον
3769 2549 3899 2618 ’ορ-

2320 2645 2482 2716 μίσδᾳ
2515 2643 2590 2714 τῷ
2634 2643 2846 2714 βασιλεί
2885 2643 3096 2695 ἐκεῖθεν
3131 2644 3468 2713 χορηγήσας,
3515 2637 3616 2712 ἦρε
3649 2641 3745 2710 τὴν
3785 2639 3896 2709 μά-

2317 2755 2515 2809 χαιραν
2549 2739 2643 2791 καὶ
2675 2737 2818 2791 κατὰ
2857 2737 3116 2800 Σουανίας
3140 2753 3153 2766 ·
3206 2738 3465 2806 Ῥωμαῖοι
3501 2734 3557 2788 δὲ
3605 2732 3899 2803 Ῥωμανοῦ

2320 2830 2753 2900 στρατηγοῦντος
2818 2829 3223 2898 συμπλέκονται
3280 2828 3476 2896 Βαρὰμ
3527 2827 3621 2880 καὶ
3672 2825 3750 2896 τῷ
3805 2827 3900 2878 ὑπ’

2318 2921 2467 2991 αύτῷ
2496 2922 2538 2952 ⁶¹
2573 2920 2809 2991 στρατῷ,
2864 2920 2956 2972 καὶ
3004 2920 3144 2974 κατὰ
3173 2920 3374 2989 κράτος
3420 2917 3634 2973 νικῶσι.
3667 2918 3777 2970 Καὶ
3823 2916 3903 2978 ὡς

2318 3011 2407 3064 διὰ
2433 3011 2530 3080 τὴν
2567 3006 2737 3083 ἧτταν
2786 3010 3084 3081 Ὀρμίσδας
3108 3010 3185 3078 τῷ
3215 3009 3412 3079 Βαρὰμ
3439 3007 3783 3071 ὲπονειδίζων
3803 3024 3904 3074 γυ-

2321 3101 2568 3156 ναικείαν
2597 3101 2837 3154 ἔστειλεν
2860 3099 3064 3170 ἐσθῆτα
3089 3116 3102 3131 ’
3128 3102 3156 3153 6
3181 3100 3239 3154 δὲ
3272 3096 3587 3169 ἀνθύϐριζε,
3621 3097 3904 3167 θυγατέρα

2322 3193 2726 3267 Χοσρόου,ἁλλ’
2773 3195 2872 3262 οὐχ
2923 3194 3039 3246 υἱὸν
3077 3192 3369 3262 Ὀρμίσδαν
3417 3193 3529 3253 τοῖς
3576 3190 3906 3262 γράμμασιν

2324 3289 2784 3359 ἐπιγραφόμενος.
2823 3287 2910 3339 Ἐν
2933 3279 2976 3353 ᾧ
3000 3287 3094 3338 καὶ
3128 3285 3404 3354 Ἀρμένιοι
3433 3282 3735 3353 ὑποθήκαις
3765 3282 3909 3333 Σαϐ-

2322 3381 2508 3434 ϐατίου
2556 3380 2645 3432 τὸν
2685 3380 2729 3410 θ’
2770 3377 2869 3448 μὲν
2908 3378 3057 3446 σφῶν
3102 3377 3404 3446 στρατηγὸν
3449 3374 3702 3445 Ἰωάννην
3748 3375 3909 3425 ἀναι-

2326 3473 2498 3543 ροῦσι,
2534 3469 2750 3543 [4511.]
2802 3471 3143 3546 προσχωρεῖν
3183 3468 3238 3521 δὲ
3288 3468 3528 3537 Πέρσαις
3569 3466 3906 3536 ἐγχειροῦσι.

2321 3563 2683 3636 Κομεντιολος
2736 3561 2793 3616 δὲ
2849 3561 3061 3626 σταλεὶς
3118 3559 3221 3613 ὑπὸ
3272 3559 3368 3612 τοῦ
3421 3557 3685 3626 βασιλέως
3722 3558 3822 3627 τήν
3846 3573 3909 3608 τε

2323 3659 2513 3715 στάσιν
2563 3655 2888 3721 κατευνάζει
2938 3656 3030 3709 καὶ
3086 3653 3386 3708 Σαϐϐάτιον
3428 3653 3472 3684 ⁸³
3507 3652 3564 3714 ἐς
3614 3649 3912 3712 Βυζάντιον

2321 3749 2442 3817 ἄγει
2467 3763 2480 3776 ·
2507 3749 2535 3801 6
2555 3746 2611 3800 δὲ
2638 3747 2846 3818 θηρίοις
2876 3744 3008 3817 βορὰ
3025 3743 3278 3813 γενέσθαι
3310 3739 3752 3803 καταδικάζεται,
3784 3737 3913 3805 φιλ-

2323 3840 2608 3911 ανθρωπίᾳ
2636 3840 2692 3892 δὲ
2723 3838 2972 3910 βασιλικῇ
3005 3836 3096 3890 τοῦ
3150 3836 3380 3889 θανάτου
3423 3832 3736 3887 ἀπολύεται.
3780 3832 3915 3902 Ὅρ-

2328 3933 2524 4003 μίσδας
2561 3933 2617 3986 δὲ
2646 3932 2908 4004 Σαράμην
2939 3929 3082 3983 κατὰ
3105 3930 3301 4000 Βαρὰμ
3330 3926 3682 3982 ἀποστέλλει·
3709 3923 3915 3994 Βαρὰμ

2323 4024 2381 4077 δὲ
2423 4024 2573 4097 μάχῃ
2616 4023 2844 4092 νικήσας
2874 4021 3136 4092 Σαράμην
3173 4017 3481 4088 ἐλεφάντων
3519 4016 3684 4087 βοράν
3723 4017 3917 4083 ἐποιή-

2327 4135 2458 4170 σατο
2495 4118 2590 4170 καὶ
2632 4113 2934 4185 ἀναφανδὸν
2979 4113 3118 4165 κατὰ
3161 4111 3424 4182 Ὀρμίσδα
3471 4109 3914 4180 παρατάσσεται.

2343 4209 2401 4262 '0
2448 4208 2506 4261 δὲ
2557 4207 2754 4278 Βαρὰμ
2785 4205 2880 4258 ἐπὶ
2929 4203 3151 4257 τοσοῦτο
3172 4203 3216 4235 ⁸⁸
3244 4204 3402 4273 δόξης
3456 4198 3522 4273 ἦν
3571 4197 3919 4269 κεχωρηκὼς

2329 4301 2461 4372 πρὶν
2501 4300 2546 4331 ⁸⁸
2577 4300 2609 4369 ἢ
2639 4299 2933 4369 μελετῆσαι
2958 4298 3026 4350 τὰ
3063 4297 3163 4366 τῆς
3201 4295 3539 4357 ἀποστασίας
3568 4295 3644 4356 ὡς
3671 4295 3812 4363 μετά
3848 4309 3917 4360 γε

646 4410 842 4480 palata;
881 4410 1023 4464 enim
1057 4410 1158 4478 (7),
1185 4417 1246 4462 ut
1297 4409 1556 4462 Romanis
1606 4407 1824 4472 dicitur,
1866 4422 2076 4461 summo
2112 4421 2210 4458 ma-

2332 4392 2560 4463 βασιλέα
2585 4391 2786 4462 μηδένα
2811 4389 2919 4442 τῶν
2947 4389 3167 4442 πάντων
3200 4387 3420 4457 μείζονα
3451 4387 3608 4452 δόξαν
3638 4385 3783 4456 ἔχειν
3812 4387 3920 4438 αύ-

649 4477 882 4573 gistratu
925 4499 1142 4556 functus
1191 4509 1294 4555 est.
1323 4500 1698 4555 Recensentur
1724 4499 1827 4554 hoc
1848 4512 2067 4568 quoque
2089 4495 2210 4551 librt

2329 4485 2425 4538 τοῦ
2445 4502 2459 4517 ο
2491 4485 2519 4538 ὃ
2550 4486 2659 4555 γὰρ
2689 4481 3107 4553 κουροπαλάτην
3133 4481 3179 4512 ⁸⁵
3221 4481 3482 4551 Ῥωμαῖοι
3509 4477 3755 4540 καλοῦσι,
3781 4478 3921 4532 ταύ-

650 4593 850 4660 obiter,
891 4608 1013 4662 quae
1059 4591 1390 4661 temporibus
1448 4591 1606 4660 longe
1647 4567 2045 4659 antiquioribus
2075 4598 2210 4656 gest:

2330 4598 2432 4651 της
2454 4578 2701 4648 άπήλαυε
2743 4577 2842 4646 τῆς
2870 4576 3056 4645 τιμῆς.
3108 4573 3527 4643 Ἐμπεριέχεται
3567 4569 3623 4621 δὲ
3661 4569 3739 4638 τῷ
3771 4567 3923 4639 λόγῳ

651 4686 877 4740 fuerunt
915 4703 930 4740 :
993 4686 1341 4753 breviterque
1396 4693 1690 4738 narrantur
1733 4698 1819 4748 ea,
1849 4697 1968 4751 quae
1993 4684 2092 4735 sub
2141 4680 2206 4735 Ju

2334 4674 2428 4726 καὶ
2463 4669 2744 4740 ὰναδρομὴ
2788 4669 2896 4721 τῶν
2946 4666 3406 4736 συγκυρησὰντων
3438 4663 3566 4734 περὶ
3606 4663 3733 4724 τοὺς
3782 4679 3924 4732 πρε-

650 4779 796 4835 stiuo
820 4789 874 4834 et
898 4778 1120 4834 Tiberio
1145 4751 1394 4848 augustis
1415 4783 1735 4832 evenerunt.
1769 4773 2070 4828 Hormisda:
2094 4788 2210 4841 quo

2333 4761 2628 4832 σϐυτέρους
2661 4761 2904 4831 χρόνους,
2941 4759 3035 4809 καὶ
3061 4758 3324 4826 σύντομος
3373 4755 3651 4823 ἀφήγησις
3678 4751 3788 4803 τῶν
3824 4769 3922 4804 κε·-

651 4884 756 4937 que
783 4869 1071 4926 Persarum
1110 4870 1254 4939 regis
1290 4867 1588 4923 crudelitas
1645 4867 1960 4935 exponitur,
2009 4873 2064 4918 et
2101 4863 2210 4918 Per-

2333 4855 2640 4925 κινημένων
2661 4851 2752 4904 ἐπὶ
2773 4852 2871 4921 τῆς
2903 4849 3179 4920 βασιλείας
3215 4845 3625 4911 Ἰουστίνουζκαὶ
3656 4845 3920 4914 Τιϐερίου

654 4978 838 5017 sarum
867 4977 1052 5032 regum
1090 4962 1260 5017 series
1302 4975 1334 5016 a
1367 4961 1543 5030 capite
1567 4960 1882 5014 arcessitur.
1912 4958 2090 5028 Atque
2116 4958 2210 5011 han

2335 4949 2442 5002 τῶν
2473 4945 2910 5015 αὐτοκρατόρων,
2944 4944 3037 4996 καὶ
3094 4940 3222 5010 περὶ
3263 4939 3364 5008 τῆς
3404 4938 3684 5008 ὠμότητος
3719 4937 3924 5007 ’ορμί-

655 5056 870 5127 quidem
900 5029 1042 5111 libro
1059 5053 1240 5108 tertio.
1438 5029 1447 5030 ί

2340 5041 2464 5095 σδου
2499 5037 2593 5091 τοῦ
2634 5036 2860 5106 Περσῶν
2913 5032 3206 5104 βασιλέως,
3246 5033 3340 5084 καὶ
3367 5031 3466 5098 τῆς
3511 5029 3787 5100 Περσικῆς
3822 5047 3926 5099 γε-

2339 5128 2598 5199 νεαρχίας
2628 5126 2925 5195 ἀφήγησις.
2953 5121 3137 5175 Ταῦτα
3164 5120 3263 5190 μὲν
3290 5119 3383 5173 καὶ
3416 5120 3444 5170 ὁ
3472 5123 3540 5186 γ’.

1953 5223 2192 5279 νΑῙὶῐίΕ
2231 5219 2641 5277 LECTlONES.

730 5303 778 5336 "
803 5302 1124 5373 γιλιγέρδων
1155 5318 1216 5365 ς.
1294 5302 1341 5373 ff
1372 5298 1781 5373 layyﬁdpﬂou;
1826 5278 2027 5373 habere
2059 5278 2062 5279 ν
2091 5297 2303 5373 videtur
2326 5294 2451 5373 A.__
2470 5293 2513 5322 ⁶¹
2676 5287 2859 5373 αὑτὸν.
2884 5305 2954 5373 ς·ι
3024 5281 3208 5373 δ’ἐξὸν]
3239 5282 3337 5373 καὶ
3367 5279 3460 5332 τὸν
3487 5299 3548 5345 ς.
3624 5280 3672 5362 θξ
3705 5278 3932 5366 Σαϐϐά-

657 5393 772 5429 τιον
1164 5349 1957 5440 ἓύμϐάτίίόῦίΠθῖδτ-ο-σούτωῂΑ,
1982 5363 2453 5489 τοσοῦτοᾶΟςῨΙΕ⁸³
2484 5359 2636 5434 πρὶν]
2667 5360 2728 5413 τὸ
2771 5349 2992 5431 πρὶννΑ.
3067 5355 3112 5386 ⁸⁸
3146 5349 3215 5425 ἢν
3252 5353 3360 5421 γὰρ
3409 5349 3822 5422 κουροπαλάτου
3860 5368 3929 5414 ς.

732 5539 844 5611 (98)
875 5537 1062 5611 Oratio
1090 5537 1336 5607 Gregorii
1378 5544 1461 5589 est
1504 5533 1644 5605 apud
1694 5532 1916 5602 Niceph.
1948 5531 2043 5586 lib.
2075 5544 2232 5596 xvm,

658 5609 781 5680 cap.
812 5609 878 5664 l5
899 5621 954 5664 et
992 5609 1078 5662 16.

732 5679 846 5751 (99)
899 5681 972 5734 De
1000 5679 1138 5751 Sitta
1175 5693 1301 5751 vero
1334 5675 1617 5745 transfuga
1649 5691 1770 5751 cap.
1821 5675 1908 5738 ΓΙ,
1932 5683 1987 5726 et
2013 5671 2099 5751 hic
2135 5669 2236 5724 inf.

730 5741 939 5823 (η’ριῃ
969 5765 1000 5803 a
1030 5749 1234 5823 Graecis
1257 5746 1512 5802 Maurusii
1535 5741 1895 5823 appellantur,
1920 5759 2015 5798 eos
2045 5741 2241 5794 lioma-

664 5823 718 5876 ni
738 5816 801 5876 ἐί
834 5816 1100 5890 indigenae
1119 5817 1334 5873 Mauros
1365 5827 1580 5871 vocant.
1611 5818 1806 5890 Strabo
1829 5816 1922 5870 lib.
1960 5827 2096 5890 xv".

736 5892 813 5964 (‘2)
847 5881 1197 5948 Sisaurorum
1270 5891 1455 5945 urbem
1502 5903 1622 5957 sup.
1653 5887 1932 5941 nominare
2001 5881 2232 5952 Procop.

666 5963 759 6019 lib.
799 5981 833 6021 ιι
869 5966 1101 6020 videtur.

2411 5527 2490 5598 ('5)
2514 5525 2740 5598 Niceph.
2773 5523 2872 5598 lib.
2907 5533 3210 5598 xvut,_c‘ap.
3243 5516 3339 5598 _l8.

2415 5583 2492 5667 (4)
2528 5583 2912 5667 Varautusltic
2955 5583 3295 5657 est'Nic'eph.
3329 5587 3421 5642 lib.
3464 5599 3625 5648 xvttt,
3666 5596 3788 5652 cap.
3831 5583 3932 5640 19.

2525 5667 2747 5736 Niceph.
2777 5665 2904 5719 ibid.

2420 5728 2496 5807 (6)
2525 5728 2686 5804 Cujus
2711 5746 2766 5790 et
2799 5751 2918 5803 sup.
2949 5731 3156 5807 mentio
3189 5728 3348 5807 lib._t.

2419 5793 2500 5878 (7)
2541 5793 2645 5878 Qui
2679 5793 3143 5878 antem-pratorio
3167 5799 3478 5878 praefectus.
3507 5794 3698 5878 Latine
3719 5793 3936 5878 dictus.

2345 5865 2438 5933 Tu‘
2471 5865 2587 5949 lege.
2617 5876 2737 5932 Pet.
2779 5865 2942 5932 Fabri
2991 5865 3228 5928 Semost.
3260 5869 3354 5926 lib.
3391 5885 3429 5938 ι,
3461 5883 3580 5938 cap.
3615 5865 3670 5932 1,
3715 5875 3773 5920 et
3814 5866 3944 5920 duo

2340 5965 2492 6020 seqq.
