4146 6408
318 425 428 492 1-19

1431 421 1974 502 'BIBLIOTHECA.
2007 467 2075 478 —
2098 439 2264 502 COD.
2287 439 2462 504 LXV.

3491 433 3596 497 150

403 539 466 594 ’0
511 539 568 592 δὲ
610 537 869 613 τέταρτος
899 541 1282 612 διαλαμϐάνει,
1314 546 1460 612 ὅπως
1493 565 1552 600 τε
1603 549 1840 620 Πέρσαις
1881 551 1908 603 ὁ

2083 549 2320 617 Quartus
2354 549 2494 604 liber
2515 547 2619 602 ista
2661 544 3061 616 complectitur.
3093 542 3179 600 Uti
3208 543 3346 614 apud
3388 544 3589 602 Persas

319 633 586 704 ἐμφύλιος
649 633 980 704 ἐκρατύνετο
1042 635 1309 708 πόλεμος,
1371 640 1466 693 καὶ
1524 641 1624 694 ὅσα
1681 642 1911 696 συνεκύ-

325 731 460 798 ρησε
481 727 527 759 ⁸⁷
555 725 699 779 κατὰ
737 727 836 796 τὴν
880 728 1168 798 τυραννίδα
1206 729 1402 802 Βαρὰμ
1444 732 1685 804 τρόπαιά
1729 750 1790 786 τε
1817 735 1912 787 καὶ

321 820 714 889 εὐτυχήματα·
744 822 838 874 καὶ
865 823 897 892 ἡ
927 821 1021 874 τοῦ
1063 823 1403 894 Φερεχάνους
1447 824 1728 896 ἀναίρεσις
1760 828 1910 898 καὶὴ

321 912 614 984 Ζαδέσπρα
630 913 1020 984 προσχωρησις
1043 914 1087 945 ⁸⁸
1103 931 1116 945 ·
1133 915 1284 978 ὅπως
1308 933 1366 968 τε
1398 915 1502 969 ὑπὸ
1527 917 1744 970 Βινδόου
1777 917 1912 972 καθ-

321 1006 567 1072 αιρείται
605 1007 704 1076 τῆς
754 1004 1026 1075 βασιλείας
1081 1005 1416 1077 Ὀρμίσδας·
1464 1009 1612 1072 ὅπως
1642 1025 1700 1062 τε
1742 1008 1911 1080 ᾔτησε

323 1099 549 1172 δέσμιος
583 1101 658 1154 ὢν
682 1103 1088 1172 δημηγορῆσαι,
1119 1106 1212 1157 καὶ
1253 1104 1330 1168 ὡς
1373 1105 1718 1178 δημηγορεῖ·
1762 1107 1912 1170 ὅπως

323 1211 387 1247 τε
426 1194 648 1263 Βινδόης
701 1195 1026 1265 δημηγορεῖ,
1073 1196 1168 1250 καὶ
1216 1195 1630 1264 κατασφάζεται
1681 1197 1911 1274 ὲνώπιςν

341 1286 611 1356 Ὀρμίσδα
638 1289 667 1339 6
695 1285 785 1357 [89
819 1286 908 1358 IL]
938 1291 1066 1352 παῖς
1106 1291 1202 1342 καὶ
1229 1289 1582 1358 τεμαχίζεται
1609 1291 1642 1362 ἡ
1674 1289 1908 1359 βασιλὶς,

325 1377 423 1429 καὶ
453 1375 754 1444 τυφλοῦται
782 1377 876 1431 καὶ
909 1378 1070 1441 αὐτὸς
1109 1378 1402 1448 Ὁρμίσδας
1422 1394 1435 1408 ο
1476 1377 1626 1442 ὅπως
1651 1395 1710 1431 τε
1751 1377 1909 1432 ὓστε-

327 1483 422 1538 ρον
452 1467 558 1521 ὑπὸ
604 1467 698 1522 τοῦ
743 1469 931 1550 παιδὸς
973 1470 1234 1541 Χοσρόου,
1269 1469 1328 1523 ὃν
1367 1471 1665 1541 ἐστήσαντο
1704 1471 1910 1543 Πέρσαι

327 1558 580 1630 βασιλέα,
635 1561 891 1634 ῥοπάλοις
935 1563 1265 1632 ἀναιρεῖται.
1309 1562 1672 1632 Ἐπικράτειά
1713 1581 1771 1616 τε
1811 1565 1910 1634 τῆς

2014 643 2214 698 bellum
2265 641 2557 697 invaluerit
2610 640 2946 702 intestinum,
3000 653 3226 709 quaeque
3269 639 3324 694 in
3367 639 3584 696 Barami

2014 735 2300 806 tyrannide
2329 734 2631 790 acciderint
2661 732 2923 796 victoriae,
2950 746 3014 786 ac
3040 747 3129 786 res
3155 732 3427 786 secundae.
3481 735 3598 788 Ca:-

2012 832 2135 885 dem
2196 832 2324 885 item
2373 828 2754 894 Plierecliani,
2815 840 3237 893 successumque
3285 823 3598 893 Zaiiesprae.

2014 925 2298 992 Quomodo
2357 940 2386 978 a
2437 923 2646 977 Bindoe
2673 922 2749 994 (8)
2780 935 2947 990 regno
2975 929 3170 974 exutus
3197 917 3597 984 llormisdas,.e

2015 1017 2250 1073 vinculis
2292 1031 2512 1071 causam
2544 1014 2724 1070 dicere
2749 1012 3051 1082 postularit,
3095 1024 3365 1079 causaque
3416 1009 3586 1074 dicta,

2015 1111 2372 1164 concinnatus
2403 1108 2473 1162 sit
2503 1118 2556 1163 et
2582 1107 2838 1161 Bindoes.
2883 1103 2941 1158 lu
2973 1103 3279 1159 Hormisdte
3321 1101 3597 1168 oculisju-

2015 1201 2232 1271 gulatns
2261 1200 2428 1265 filius,
2450 1199 2635 1269 regina
2661 1198 2737 1269 (9)
2771 1212 2988 1267 quoque
3014 1198 3066 1250 in
3096 1209 3280 1265 partes
3308 1196 3540 1250 dissecta
3577 1213 3592 1249 :

2015 1295 2132 1362 ipse
2171 1302 2477 1346 excaecatus
2519 1290 2834 1345 llormisdas
2869 1306 2882 1343 :
2921 1296 3042 1364 post
3089 1287 3254 1340 etiam
3298 1301 3326 1339 a
3356 1286 3598 1339 Chosroe

2019 1386 2132 1440 filio
2188 1401 2306 1452 suo,
2339 1401 2499 1454 quem
2562 1385 2741 1439 Persa:
2785 1397 2966 1451 regem
3018 1382 3120 1437 sibi
3176 1380 3596 1442 constituerant,

2017 1482 2252 1537 fustibus
2299 1489 2521 1535 necatus
2560 1489 2665 1534 est.
2713 1478 3038 1549 Tyrannidis
3079 1475 3292 1530 Barami
3337 1475 3602 1544 potentia,

2015 1585 2070 1629 et
2119 1574 2362 1629 Chosroe
2399 1572 2689 1626 Persarum
2722 1570 2864 1641 regis
2911 1569 3056 1638 fuga,
3093 1578 3258 1636 utque
3307 1569 3372 1621 ad
3410 1568 3598 1620 Circe-

325 1621 646 1722 τυραννίδος
681 1621 897 1724 Βαρὰῖιιν,
944 1654 1040 1706 καὶ
1069 1621 1229 1724 ’φυγὴ
1269 1621 1515 1724 Χοσρόου
1557 1653 1652 1707 τοῦ
1685 1621 1910 1722 Περσιῖίν

2022 1621 2070 1629 --
2125 1621 2360 1629 ηπ---
2722 1621 2860 1641 --οη
2912 1621 2923 1622 ,
2971 1621 3056 1638 0,,
3138 1621 3184 1636 ν,
3241 1621 3249 1622 ,

2022 1669 2152 1724 sium
2180 1668 2410 1728 delatus,
2445 1666 2514 1718 ad
2554 1662 2868 1717 Mauricium
2902 1663 3282 1727 imperatorem
3339 1661 3594 1714 tendens:

329 1745 624 1815 βασιλέως,
652 1747 802 1810 ὅπως
835 1765 891 1800 τε
920 1747 1016 1800 ἐπὶ
1039 1749 1099 1801 τὸ
1129 1748 1464 1819 Κιρκήνσιον
1484 1750 1512 1802 6
1547 1749 1773 1819 Περσῶν
1813 1748 1912 1819 βα-

2015 1761 2338 1830 legationem
2398 1759 2465 1813 ad
2525 1772 2647 1812 eum
2699 1755 2930 1810 miserit.
2972 1753 3206 1808 Rursum
3242 1755 3309 1807 de
3345 1753 3596 1818 Baramo,

328 1838 513 1901 σιλεῦς
548 1839 930 1909 παραγίνεται,
965 1841 1366 1912 προσχωρήσας
1387 1841 1684 1910 Μαυρικίῳ
1710 1838 1787 1910 τῷ
1815 1838 1912 1894 αύ-

2022 1855 2097 1908 uti
2122 1853 2250 1908 dum
2291 1859 2407 1906 astu
2460 1859 2663 1922 ageret,
2698 1858 2757 1904 ut
2793 1863 2886 1902 rex
2917 1849 2984 1901 ab
3017 1847 3123 1900 illis
3149 1855 3454 1909 crearetur,
3498 1857 3600 1896 nec

323 1898 646 2002 τοκράτορι,
671 1898 819 1996 ὅπως
842 1950 900 1984 τε
917 1898 1390 2003 ’διαπρεσϐεύεται
1410 1898 1544 2003 πρὸς
1565 1898 1918 2004 αὐτόν.’ῐῐερὶ
1943 1898 1992 1957 Β

321 2022 526 2092 Βαρὰμ
543 2023 602 2076 δὲ
626 2023 809 2088 πάλιν,
841 2025 989 2087 ὅπως
1009 2023 1404 2094 τεχναζόμενος
1435 2025 1527 2078 ὑπ’
1547 2025 1728 2078 αὐτῶν
1753 2025 1919 2097 ἀναῤ-

322 2112 566 2185 ρηθῆναι
593 2111 845 2183 βασιλεὺς
875 2114 970 2166 καὶ
1009 2113 1085 2183 μὴ
1135 2113 1314 2183 τυχὼν
1350 2114 1543 2167 ἑαυτὸν
1578 2116 1917 2186 ἀνηγόρευσε

323 2207 581 2278 βασιλέα.
609 2207 797 2265 Ὅπως
845 2205 872 2256 ὁ
918 2204 1174 2275 βασιλεὺς
1207 2206 1457 2276 Χοσρόην
1493 2207 1587 2258 ἐπὶ
1626 2207 1728 2276 τὴν
1765 2207 1920 2277 ἱερὰν

322 2299 488 2352 πόλιν
519 2299 768 2370 μετάγει,
795 2297 1070 2368 βασίλειον
1112 2298 1262 2364 αύτῴ
1293 2298 1592 2368 θεραπείαν
1637 2299 1916 2371 συστησά-

324 2407 515 2461 μενος.
547 2390 659 2444 Καὶ
708 2391 840 2460 περὶ
895 2390 1007 2442 τῶν
1061 2390 1528 2461 συγκυρησάντων
1575 2391 1772 2463 Βαρὰμ
1824 2391 1920 2444 καὶ

318 2483 544 2554 Χοσρόῃ
577 2481 684 2553 πρὸ
717 2481 818 2552 τῆς
864 2480 1176 2552 Ῥωμαῖκῆς
1209 2482 1544 2553 συμμαχίας,
1573 2484 1668 2536 κα)⁸
1697 2484 1774 2547 ὡς
1801 2484 1920 2537 δια-

320 2574 816 2646 πρεσϐευσάμενος
841 2573 1038 2645 Βαρὰμ
1061 2573 1200 2644 πρὸς
1228 2573 1322 2628 τὸν
1345 2575 1729 2646 αὐτοκράτορα
1759 2577 1920 2631 Μαυ-

324 2667 508 2738 ρίκιον
524 2666 934 2738 ἀποπέμπεται,
949 2665 1404 2736 διαπρεσϐεύεται
1419 2668 1474 2720 δὲ
1493 2667 1655 2721 πάλιν
1672 2670 1922 2740 Χοσρόης

320 2760 426 2812 καὶ
447 2759 729 2828 τυγχάνει.
757 2760 946 2823 Ὅπως
969 2762 996 2813 6
1019 2759 1277 2830 βασιλεὺς
1301 2760 1393 2812 τὸν
1415 2762 1514 2830 τῆς
1543 2759 1854 2832 Μελιτηνῆς
1876 2763 1920 2794 ⁶⁹

322 2853 484 2924 ἱερέα
535 2854 654 2924 ἅμα
701 2855 748 2887 ’⁸
798 2856 1084 2927 Γρηγορίῳ
1140 2855 1218 2924 τῷ
1281 2855 1616 2926 Ἀντιοχείας
1669 2857 1923 2928 ἀρχιερεῖ

322 2945 469 3016 πρὸς
502 2947 750 3017 Χοσρόην
798 2946 1096 3016 ἐξέπεμψε.
1130 2947 1270 3018 Περὶ⁹
1316 2947 1418 3017 τῆς
1459 2946 1775 3017 δολοφονίας
1812 2950 1918 3003 Βα-

325 3043 470 3113 ρὰμ,
493 3042 562 3114 ἢν
587 3043 875 3114 Ζαμέρδης
898 3045 989 3096 καὶ
1017 3044 1341 3116 Ζοανάμϐης
1359 3046 1403 3078 τί
1427 3047 1919 3113 συνεσκευάσαντο,

323 3139 430 3190 καὶ
459 3136 591 3206 περὶ
632 3137 726 3190 τοῦ
758 3138 920 3204 φόνου
952 3137 1056 3190 τῶν
1084 3138 1165 3201 είς
1207 3138 1367 3192 τοῦτο
1415 3140 1918 3211 συμπραξαμένων.

2021 1944 2130 1999 voti
2180 1943 2335 1998 fieret
2387 1955 2630 2010 compos,
2689 1953 2868 2008 regem
2923 1952 2980 1991 se
3037 1938 3152 2004 ipse
3207 1934 3594 2004 pronuntiarit.

2021 2035 2304 2104 Quomodo
2349 2033 2535 2088 Caesar
2577 2028 2904 2099 Hierapolim
2954 2024 3242 2080 deduxerit
3295 2023 3598 2089 Cliosroen,

2020 2126 2205 2183 addita
2245 2129 2408 2179 etiam
2454 2122 2659 2177 familia
2712 2135 2836 2189 rege
2870 2120 3026 2187 digna
3064 2117 3198 2188 (-10).
3249 2115 3448 2182 Deiis,
3480 2129 3603 2184 qua:

2022 2227 2171 2288 gesta
2202 2213 2484 2270 Chosroeu
2537 2214 2680 2266 inter
2723 2222 2779 2266 et
2803 2210 3116 2270 Baramnm,
3153 2213 3442 2274 antequam
3477 2219 3622 2258 cum-

2021 2307 2284 2364 Romanis
2335 2305 2512 2360 ftedus
2542 2303 2699 2357 ﬁeret
2731 2319 2746 2354 :
2793 2310 2958 2369 utque
2994 2298 3059 2351 ad
3113 2296 3433 2350 Mauricium
3467 2294 3600 2362 imp.

2022 2401 2292 2472 legatione
2325 2399 2512 2462 missa,
2555 2395 2816 2449 Baramus
2865 2394 3139 2462 repulsam
3186 2391 3392 2456 tulerit,
3459 2387 3614 2443 Cho-

2022 2509 2176 2549 sroes
2203 2501 2393 2548 contra
2417 2487 2834 2559 impetrarit.De
2859 2484 3128 2554 legatione
3157 2480 3511 2549 Domitiani(l
3530 2480 3600 2548 ι),

2021 2586 2292 2642 Μειειίηω
2324 2582 2582 2654 episcopi,
2619 2589 2673 2635 et
2695 2577 2942 2648 Gregorii
2974 2575 3222 2645 praesulis
3265 2572 3595 2636 Antiochiae,

2023 2678 2093 2733 ab
2134 2677 2465 2746 imperatore
2524 2674 2590 2726 ad
2642 2671 2920 2726 Cliosroen
2960 2667 3152 2723 missa.
3206 2667 3279 2719 De
3337 2678 3470 2718 nece
3500 2663 3616 2716 Ba--

2024 2782 2176 2824 ramo
2202 2781 2299 2836 per
2328 2764 2572 2820 fraudem
2598 2778 2629 2817 a
2659 2761 2924 2816 Zamerda
2979 2769 3034 2814 et
3052 2756 3359 2812 Zoanamba
3391 2763 3604 2825 parata,

2022 2873 2316 2928 eorumque
2345 2857 2511 2922 caede,
2527 2856 2617 2924 qui
2642 2855 2718 2908 rei
2754 2852 2960 2907 conscii
2990 2849 3239 2905 fuissent.
3265 2850 3340 2902 De
3371 2847 3600 2910 Bindoe,

2022 2950 2244 3006 homine
2289 2948 2476 3013 Persa,
2519 2958 2686 3016 utque
2725 2959 2754 2998 e
2789 2943 3012 2998 Persi-de
3044 2941 3264 3010 fugerit,
3307 2943 3450 3010 quod
3479 2956 3605 3011 per-

2023 3058 2306 3100 cussorqu
2349 3039 2566 3094 Barami
2609 3037 2825 3107 gsocius
2865 3043 3033 3101 esset;
3069 3035 3135 3088 de
3179 3033 3528 3102 Martyropoli
3575 3048 3608 3087 a

2024 3140 2267 3196 Chosroe
2322 3134 2586 3190 Romanis
2619 3131 2824 3187 reddita
2856 3129 3034 3200 30a,
3085 3128 3260 3196 deque
3306 3126 3446 3180 Sitta
3491 3126 3608 3196 (12)

325 3228 475 3298 Περὶ
509 3227 728 3281 Βινδόου
754 3228 846 3280 τοῦ
873 3229 1109 3300 Πέρσου,
1137 3229 1229 3282 καὶ
1257 3229 1406 3294 ὅπως
1434 3230 1761 3301 δραπετεύει
1784 3231 1920 3302 Περ-

2027 3230 2263 3285 ﬂammis
2316 3237 2532 3283 exusto.
2582 3223 2773 3279 Oratio
2823 3223 2950 3276 item
3001 3217 3258 3274 solemnis
3301 3217 3512 3284 publice
3541 3216 3611 3270 de

326 3320 478 3385 σίδα,
504 3321 604 3392 τῆς
632 3320 774 3375 κατὰ
807 3321 1005 3392 Βαράμ
1045 3322 1338 3394 ἐπιϐουλῆς
1375 3324 1633 3386 κοινωνὸς
1656 3323 1917 3392 γεγονώς.

326 3413 532 3477 Ὀπως
577 3415 613 3485 ή
673 3415 1093 3486 Μαρτυρόπολις
1141 3417 1246 3469 67:6
1301 3417 1544 3488 Χοσρόου
1604 3417 1916 3472 ἀποδίδοται

335 3506 663 3576 Ῥωμαίοις,
692 3508 788 3560 κα)⁸
820 3507 1077 3579 περὶτῆς
1107 3509 1150 3540 ⁷³
1179 3509 1343 3562 Σίττα
1405 3509 1494 3564 διὰ
1533 3511 1707 3582 πυρὸς
1775 3510 2143 3582 ἀναιρέσεως,
2209 3509 2305 3561 καὶ
2358 3503 2685 3578 ἑορταστικὴ

2027 3330 2248 3389 recepta
2310 3317 2444 3372 urbe
2496 3316 2677 3370 habita
2736 3329 2768 3367 a
2826 3311 3138 3366 Domitiano
3191 3307 3624 3362 Melitineusium

2023 3413 2272 3485 praesule.
2307 3410 2373 3464 Et
2404 3410 2469 3463 de
2503 3409 2586 3463 his
2619 3414 2853 3478 quatuor
2879 3405 3037 3460 liber.

2775 3501 2871 3555 τοῦ
2923 3499 3223 3554 ἐπισκόπου
3305 3496 3610 3570 Μελιτηνῆς

329 3603 685 3674 (Δομετιανὸς
705 3603 878 3674 ὄνομα
894 3603 1062 3676 αὐτῷ)
1089 3605 1182 3657 ἐπὶ
1201 3609 1269 3678 τῇ
1292 3607 1562 3678 ἀναλήψει
1584 3607 1678 3661 τοῦ
1701 3608 1915 3672 ἄστεος.
1963 3608 2053 3662 Ἐν
2085 3601 2167 3670 οἷς
2196 3605 2292 3659 καὶ
2319 3604 2349 3656 6
2381 3602 2643 3673 τέταρτος
2676 3599 2856 3667 λόγος.

411 3696 477 3749 Ὀ
503 3696 560 3748 δὲ
593 3697 842 3766 πέμπτος
873 3697 1144 3764 διέξεισιν,
1177 3699 1325 3762 ὅπως
1365 3700 1610 3770 Χοσρόης
1640 3701 1669 3754 6
1696 3700 1924 3771 Περσῶν

332 3786 596 3865 βασιλεὺς
645 3786 849 3858 ἀπορίᾳ
890 3787 989 3857 τὴν
1023 3787 1201 3858 ψυχὴν
1238 3789 1713 3860 κατατρυχόμενος
1755 3791 1922 3861 ἐπρέ-

334 3881 503 3934 σϐευε
527 3880 621 3932 τὸν
638 3880 696 3932 ἐν
720 3879 958 3950 μάρτυσι
975 3881 1220 3950 Σέργιον,
1245 3878 1304 3933 ὃν
1329 3880 1508 3934 καὶτὰ
1536 3881 1701 3935 λοιπὰ
1725 3881 1920 3956 [Mil]

332 3976 595 4048 βάρϐαρα
629 3976 1025 4048 πρεσϐεύουσιν
1063 3976 1210 4046 ἔθνη,
1241 3977 1395 4030 λύσιν
1425 3979 1536 4032 τῶν
1572 3979 1923 4050 δυστυχημά-

329 4087 443 4124 των
480 4071 698 4140 εὑρεῖν·
733 4069 830 4123 καὶ
859 4069 934 4133 ὼς
965 4069 1182 4140 σταυρῷ
1210 4069 1398 4141 χρυσῷ
1423 4071 1788 4143 λιθοκολλήτῳ
1810 4072 1924 4124 ὲτί-

335 4179 546 4233 μησεν
580 4161 832 4215 ἐντεῦθέν
857 4179 916 4214 τε
953 4161 1270 4233 Ζαδέσπρας
1307 4163 1396 4217 διὰ
1432 4163 1597 4218 Ῥοσᾶ
1627 4164 1926 4234 δολοφονεῖ-

2103 3699 2335 3767 Quintus
2365 3696 2528 3751 Liber
2560 3694 2821 3755 continet,
2855 3697 2915 3744 ut
2945 3688 3111 3744 animi
3142 3687 3357 3754 dubius,
3384 3695 3440 3741 et
3470 3698 3614 3756 aeger

2029 3792 2321 3855 Cbosroes,
2349 3787 2636 3843 Persarum
2663 3799 2776 3851 rex,
2806 3785 3021 3838 beatum
3045 3779 3292 3850 Sergium
3323 3788 3612 3849 martyrem

2029 3896 2321 3941 veneratus
2369 3883 2461 3945 sit,
2508 3895 2666 3948 quem
2699 3888 2753 3932 et
2802 3877 3058 3931 Barbarae
3113 3875 3363 3926 nationes
3407 3876 3616 3926 bonore

2033 3979 2248 4032 allicere
2297 3973 2739 4037 consuevissent,
2785 3984 2892 4038 quo
2936 3967 3202 4022 malorum
3235 3965 3613 4020 liberationem

2033 4071 2326 4138 reperiant.
2364 4067 2540 4136 thue
2587 4077 2750 4118 cruce
2792 4074 2957 4115 aurea
2985 4059 3128 4128 (15),
3155 4056 3466 4126 margaritis
3498 4057 3613 4113 dis-

2038 4164 2228 4228 tincta,
2266 4176 2388 4216 eum
2446 4156 2772 4214 honorarit:
2813 4153 3050 4222 indeque
3074 4149 3362 4219 Zadespra:
3390 4148 3613 4202 fraudu-

332 4273 425 4308 ται
456 4253 806 4324 Βλησχάνους
839 4253 1162 4324 ὑποθήκαις,
1199 4254 1295 4308 καὶ
1345 4250 1516 4309 τᾶλλα
1551 4255 1770 4328 θυμήρη
1829 4257 1920 4309 Χο-

2037 4258 2182 4312 lenta
2228 4270 2322 4324 per
2349 4253 2586 4306 Rhosam
2619 4247 2816 4314 caedes,
2860 4243 3089 4300 consilio
3116 4239 3453 4303 Blescbanis,
3479 4238 3616 4292 alia-

337 4349 478 4418 σρόῃ
542 4349 798 4419 συναντᾷ.
847 4349 984 4419 Περὶ
1035 4347 1128 4401 τοῦ
1204 4348 1645 4413 ὲκδανεισθέντος
1705 4350 1920 4420 χρυσίου

2041 4364 2168 4418 que,
2206 4362 2325 4416 quae
2355 4361 2423 4400 ex
2460 4341 2628 4399 animi
2666 4338 2935 4395 sententia
2977 4335 3236 4391 Cbosroae
3275 4331 3614 4388 obvenerint.

335 4439 559 4512 Χοσρόῃ
591 4438 670 4510 τῷ
703 4440 928 4509 Περσῶν
958 4439 1170 4509 βασιλεῖ
1209 4440 1312 4493 ὑπὸ
1341 4441 1652 4512 Μαυρικίου
1687 4441 1780 4494 τοῦ
1827 4442 1928 4494 αύ-

333 4531 700 4603 τοκράτορος,
753 4532 850 4585 καὶ
897 4531 973 4595 ὡς
1023 4533 1382 4601 χειρογραφεϊ
1438 4533 1686 4603 Χοσρόης
1730 4532 1792 4587 τὸ
1840 4533 1932 4587 δά-

337 4638 567 4690 νεισμα.
618 4621 890 4690 Πρεσϐεία
933 4638 991 4674 τε
1021 4622 1263 4691 Χοσρόου
1310 4621 1394 4690 ἐφ’
1418 4614 1463 4689 ᾧ
1496 4624 1802 4693 ἀποστῆναι
1826 4625 1935 4678 Κο-

2031 4438 2110 4493 De
2144 4437 2259 4489 auri
2300 4433 2526 4505 pecunia
2584 4438 2771 4484 mutua
2810 4427 3070 4482 Chosroaa
3102 4423 3390 4478 Persarum
3431 4419 3541 4488 regi
3585 4433 3618 4472 a

2034 4527 2296 4584 Mauricio
2314 4527 2504 4594 imper.
2535 4523 2681 4586 data,
2705 4519 3057 4588 eiusdemque
3083 4516 3225 4583 regis
3252 4512 3616 4580 chirographo

2036 4630 2269 4691 accepta:
2295 4619 2551 4689 pecuniae.
2595 4613 2816 4684 Legatio
2846 4611 2974 4664 item
3003 4608 3260 4662 CIIOSI‘O:B
3293 4616 3350 4659 ut
3379 4606 3616 4658 Comen-

342 4681 631 4783 μεντίολον
654 4681 756 4783 τῆς
777 4714 1097 4784 ἡγεμονίας,
1117 4681 1212 4766 καὶ
1240 4681 1541 4784 χειροτονία
1563 4681 1784 4786 Ναρσοῦ
1813 4716 1920 4771 ἀντ)

2039 4681 2180 4770 ῑὶοισ
2197 4681 2470 4767 exercitus
2511 4681 2833 4779 praefectura
2858 4702 3213 4756 adimeretur.
3240 4697 3449 4751 Narsen
3505 4694 3616 4762 (Μ)
3648 4739 3652 4743 .

339 4803 741 4874 Κομεντιόλου,
769 4806 862 4858 καὶ
891 4804 1175 4876 συμμαχία
1209 4804 1497 4874 Ῥωμαίων
1536 4807 1679 4860 κατὰ
1717 4807 1812 4861 τοῦ
1840 4825 1933 4861 τυ-

2035 4822 2167 4878 ergo
2183 4801 2556 4860 Comentiolus
2589 4811 2961 4855 successorem
2992 4795 3192 4848 habuit.
3217 4811 3232 4861 ;
3260 4791 3620 4845 foederatum-

343 4897 552 4966 ράννου
584 4895 802 4966 Βαράμ.
835 4897 944 4948 Καὶ
971 4895 1102 4966 περὶ
1137 4895 1245 4949 τῶν
1273 4895 1574 4965 βασιλικῶν
1608 4895 1797 4968 δώρων
1823 4897 1920 4951 τῶι

2033 4916 2139 4970 que
2174 4898 2544 4952 Romanorum
2569 4897 2828 4948 adversus
2850 4893 3044 4946 Baram
3067 4899 3357 4960 tyrannum
3397 4881 3616 4937 bellum.

343 4987 659 5041 σταλέντων
688 4987 902 5058 Χοσρόῃ
924 4987 1028 5039 ὑπὸ
1058 4986 1153 5040 τοῦ
1189 4987 1624 5058 αὐτοκράτοροςο
1665 4990 1762 5042 καὶ
1786 4990 1934 5052 ὅπως

2034 4989 2111 5042 De
2141 4989 2307 5056 regiis
2335 4985 2590 5040 Chosroaz
2609 4983 2676 5037 ab
2707 4983 3034 5052 imperatore
3066 4977 3247 5032 missis
3281 4972 3630 5035 muneribus,

340 5079 448 5142 τὰς
497 5079 645 5143 κλεῖς
693 5077 787 5131 τοῦ
817 5078 995 5149 Δαρὰς
1036 5079 1064 5131 6
1106 5077 1355 5150 Χοσρόης
1392 5079 1482 5133 διὰ
1505 5079 1601 5133 τοῦ
1651 5081 1920 5150 πρέσϐεως

2034 5089 2202 5146 utque
2235 5077 2414 5131 claves
2457 5076 2606 5130 urbis
2648 5072 2818 5127 Daras
2855 5073 2943 5128 ille
2990 5087 3086 5142 per
3117 5068 3358 5123 Dolbam.
3385 5064 3618 5133 legatum

1663 5198 1895 5254 VARIIE
1933 5195 2336 5253 LECTIONES.

418 5291 493 5371 "_
531 5289 729 5371 συνεκύ
738 5308 880 5371 ρωσε
916 5310 977 5356 ς.

1084 5291 1127 5322 ⁸⁸
1157 5290 1507 5363 προχώρησις
1539 5309 1599 5354 ς.

345 5364 394 5394 η
425 5360 554 5435 τῆς]
587 5362 688 5433 τῆς
714 5360 808 5415 τοῦ
841 5379 924 5416 στ.

1695 5291 1738 5324 ⁸³
1771 5289 2076 5360 ⁵Μελιτινῆς
2115 5308 2175 5354 ς.

2282 5290 2329 5322 ⁷⁰
2366 5290 2483 5361 ἅμα
2530 5289 2608 5359 τῷ
2667 5287 2837 5358 Γρηγ.
2900 5301 2960 5347 ς.
3061 5281 3105 5312 ⁷⁸
3146 5273 3486 5344 Ζωανάμϐης
3555 5288 3615 5334 ς.

1867 5446 2099 5503 NOTAE.

429 5543 513 5614 (8)
538 5542 767 5614 Niccpb.
793 5543 888 5598 lib.
925 5558 1076 5607 xvm,
1104 5557 1220 5609 cap.
1249 5542 1336 5597 l9.

455 5609 512 5679 tl)
553 5615 618 5667 Ut
641 5609 696 5668 et
723 5614 943 5668 Roxane
970 5615 1106 5679 apud
1137 5614 1368 5666 Ctesiam
1396 5611 1448 5666 in
1475 5609 1709 5666 Persicis
1734 5609 1861 5664 infr.

458 5680 544 5755 10)
561 5684 706 5755 Cum
755 5683 936 5737 multis
979 5683 1292 5755 muneribus
1341 5683 1522 5753 regiis,
1564 5681 1738 5750 inquit
1771 5680 1932 5734 Nice-

357 5753 650 5828 νιιοῃζιῑρ.
675 5769 828 5828 xviii,
858 5767 976 5820 cap.
1009 5753 1100 5828 9.9.

435 5823 548 5892 (11)
589 5821 831 5878 Mauricii
864 5822 1074 5892 cognati
1102 5820 1325 5890 Niceph.
1365 5822 1582 5892 ibidem.

436 5890 552 5962 (12)
596 5895 652 5950 lu
681 5909 897 5950 crucem
936 5890 1118 5950 actum
1157 5893 1327 5949 Sitam
1374 5892 1536 5950 refert
1568 5890 1789 5962 Niccplt.
1837 5891 1929 5945 lib.

2037 5552 2191 5602 xviii,
2250 5549 2370 5603 cap.
2427 5533 2518 5596 20,
2577 5540 2625 5586 et
2674 5531 2819 5603 prius
2854 5537 3012 5581 etiam
3061 5526 3324 5597 lapidibus
3365 5525 3617 5579 obrutum

2038 5607 2232 5674 Evagr.
2270 5602 2363 5659 lib.
2399 5621 2474 5666 γι,
2505 5618 2625 5674 cap.
2657 5602 2744 5655 18.

2040 5666 2224 5802 “(13)
2256 5674 2478 5746 Nicepb.
2508 5666 2602 5726 liti.
2635 5687 2791 5738 xvm,
2823 5684 2943 5740 cap.
2977 5669 3043 5724 ει
3076 5685 3092 5735 ;
3125 5676 3177 5722 ct
3208 5666 3299 5721 lib.
3335 5679 3626 5731 xvn,_cap.

2112 5788 2223 5890 (tt)
2253 5817 2385 5872 una.
2422 5830 2539 5885 cap.
2570 5813 2660 5869 eo.
