4146 6422
535 349 632 414 151

1705 345 1964 413 ΡΗΟΤῙΙ
1998 347 2509 414 PATRIARCHE
2547 347 2655 416 ΟΡ.

3703 351 3807 418 152

531 471 730 527 Caesari
777 469 1064 526 remiserit.
1117 469 1307 523 Oratio
1355 470 1643 525 Domitiani
1691 469 1942 525 Melitiua:
2001 473 2118 540 cpi-

2253 472 2432 535 .5165:
2458 472 2504 504 ⁷⁸
2535 471 2886 542 παραδέδωκε
2936 472 3014 541 τῷ
3061 472 3292 543 βασιλεῖ.
3345 475 3670 544 Δημηγορία
3712 473 3808 527 τοῦ

531 564 705 633 seupi,
753 578 858 630 qua
908 561 1156 616 hortatur
1186 561 1482 627 Romanos,
1522 573 1579 617 ιιι
1637 565 1763 618 belli
1799 569 2115 620 soeietateut

534 657 818 726 {tellusque
857 656 1042 709 ineant
1079 671 1201 709 cum
1250 655 1494 710 Cliosroe
1535 667 1720 710 contra
1754 657 1966 717 Baram.
1999 673 2119 726 qua:

535 748 662 802 item
684 759 809 801 aute
834 763 1183 816 coagressum
1225 765 1288 802 ac
1324 748 1565 818 prcclium
1603 748 1970 804 Butuanorum
1997 766 2118 802 eum

534 837 720 893 Persis
769 839 940 894 felicia
973 840 1198 896 Clmsroi
1249 844 1594 908 secundaque
1622 844 1923 904 evenerint,
1957 852 2120 908 utque

539 933 824 985 thesauros
873 934 1048 1000 regios
1099 950 1219 986 cum
1277 937 1419 1003 regia
1457 935 1570 1002 ipsa
1603 934 1818 988 Persica
1847 935 2122 988 Chosroes

540 1027 807 1093 receperit
853 1041 948 1093 per
974 1025 1236 1080 Biudoen.
1280 1027 1604 1096 Cuujuuctio
1636 1026 1999 1081 Romanorum
2029 1044 2122 1080 co-

541 1118 752 1186 piarum
793 1133 915 1170 cum
953 1133 1019 1171 ex
1072 1119 1350 1180 Armenia,
1410 1131 1520 1172 tum
1568 1135 1634 1172 ex
1667 1119 1908 1174 Oriente.
1939 1117 2124 1189 Pugna

543 1228 667 1267 cum
697 1211 947 1277 Baramo,
981 1212 1316 1280 victoriaque
1347 1211 1502 1265 valde
1543 1211 1890 1264 memoranda
1923 1211 2126 1265 Roma-

543 1316 762 1352 norum.
792 1301 907 1365 Quo
936 1301 986 1353 in
1021 1300 1222 1368 przeliu,
1255 1299 1438 1352 Narsis
1463 1300 1648 1363 ductu,
1674 1301 1816 1368 rapti
1846 1309 1892 1352 et
1939 1297 2126 1363 Turri,

542 1393 634 1460 qui
674 1402 782 1443 tum
803 1393 852 1446 itt
881 1393 1055 1445 fronte
1087 1392 1265 1446 crucis
1290 1392 1499 1460 signum
1529 1392 1964 1460 gestabautUS),
1985 1392 2127 1459 quod

545 1484 647 1538 sibi
669 1485 1082 1554 impresseranl,
1123 1493 1180 1538 ut
1211 1485 1425 1553 ipsimet
1449 1485 1764 1546 narrabant,
1799 1483 2132 1551 depellenda:

550 1577 631 1632 sic
663 1576 791 1630 olim
817 1577 917 1629 luis
944 1577 1248 1646 pestilentis
1291 1592 1480 1629 causa.
1518 1574 1648 1640 Qua:
1677 1577 1802 1628 item
1833 1577 1882 1627 iu
1912 1575 2133 1630 Perside

547 1687 576 1722 a
605 1670 906 1725 Goliuduch
957 1680 1099 1732 acta,
1137 1685 1406 1739 quamque
1437 1668 1524 1721 illa
1569 1669 1730 1721 vitatu
1778 1669 2130 1722 monasticam

547 1763 718 1832 egerit
760 1773 972 1817 austere
1017 1761 1151 1833 (16).
1198 1762 1454 1816 Chosroa:
1487 1763 1538 1814 in
1592 1762 1871 1831 pristinam
1929 1763 2131 1831 regiam

2221 565 2553 636 Δομετιανοῦ
2597 565 2926 636 Μελιτηνῆς,
2965 567 3353 638 προτρέπουσα
3401 566 3461 618 τὸ
3501 567 3809 632 Ῥωμαϊκὸν

2223 657 2537 725 συμμαχεῖν
2595 655 2813 728 Χοςρόῃ
2875 655 3019 707 κατὰ
3075 657 3304 726 Βαράμ·
3361 656 3456 709 καὶ
3508 658 3636 726 περὶ
3700 657 3810 708 τῶν

2224 749 2692 818 συγκυρησάντων
2719 748 2764 778 ⁷⁵
2799 748 3192 818 εὐτυχημάτων
3221 747 3325 818 πρὸ
3358 750 3455 817 τῆς
3486 750 3528 781 ⁷⁸
3567 750 3812 816 συμπλο-

2223 842 2328 910 κῆς
2368 841 2660 910 Ῥωμαίων
2693 859 2753 893 τε
2787 842 2880 894 καὶ
2916 842 3139 913 Περσῶν
3174 843 3411 912 Χοσρόῃ,
3451 843 3544 894 καὶ
3581 842 3731 904 ὅπως
3761 843 3811 894 οἱ

2228 933 2500 1004 βασιλικοὶ
2531 935 2795 1004 θησαυροὶ
2831 936 2896 986 τά
2922 952 2979 986 τε
3014 935 3258 1006 Περσικὰ
3293 934 3536 1004 βασίλεια
3564 934 3812 987 ἀποκαθ-

2230 1025 2444 1076 ίσταται
2488 1023 2704 1095 Χοσρόῃ
2745 1023 2833 1075 διὰ
2881 1024 3122 1078 Βινδόου.
3166 1025 3402 1086 Ἐνωσις
3433 1023 3542 1075 τῶν
3579 1023 3815 1092 Ῥωμαῖ-

2227 1115 2340 1167 κῶν
2373 1115 2658 1186 δυνάμεων
2685 1116 2972 1186 Ἀρμενίας
2996 1134 3052 1168 τε
3079 1117 3168 1168 καὶ
3195 1117 3294 1186 τῆς
3331 1115 3523 1186 Ἐιξλας,
3551 1117 3642 1167 καὶ
3667 1113 3816 1184 μάχη

2229 1209 2372 1262 κατὰ
2406 1208 2622 1278 Βαράμ,
2653 1210 2747 1262 καὶ
2777 1211 2899 1280 νίκη
2937 1208 3223 1278 Ῥωμαίων
3255 1209 3727 1278 περιφανεστάτη·
3761 1209 3819 1257 ἐν

2229 1296 2265 1374 ᾖ
2309 1301 2482 1370 μάχῃ,
2521 1299 2739 1372 Ναρσοῦ
2785 1301 3241 1370 στρατηγοῦντος,
3295 1301 3391 1352 καὶ
3428 1300 3660 1370 Τοῦρκοι
3692 1317 3822 1352 συν-

2232 1392 2573 1462 ελήφθησαν,
2608 1393 2656 1444 οἳ
2692 1392 2925 1445 ἐπὶτῶν
2977 1393 3245 1462 μετώπων
3285 1393 3373 1445 τὸν
3416 1391 3583 1444 τύπον
3626 1392 3822 1462 ἔφερον

2233 1486 2326 1538 τοῦ
2373 1486 2634 1557 σταυροῦ,
2677 1487 2704 1538 ὃ
2749 1487 3028 1548 ἐπέθεντο,
3060 1487 3134 1546 ὡς
3168 1487 3366 1539 ἐκεῖνοι
3408 1484 3714 1556 διηγοῦντο,
3744 1487 3824 1546 εἰς

2235 1579 2560 1650 ἀπαλλαγὴν
2605 1581 2650 1611 ⁷⁸
2699 1579 2798 1646 τῆς
2846 1581 2892 1613 ⁷⁷
2946 1579 3114 1632 πάλαι
3170 1577 3590 1650 προσπεσούσης
3640 1579 3826 1640 αὐτοῖς

2236 1673 2496 1743 λοιμικῆς
2531 1673 2710 1725 νόσου.
2748 1673 2829 1724 Τά
2863 1673 3005 1725 κατὰ
3046 1672 3141 1744 τὴν
3182 1672 3465 1742 Γολινδοὺχ
3505 1673 3561 1723 ἐν
3605 1669 3828 1740 Περσίδι

2241 1765 2525 1833 γεγονότα,
2551 1765 2646 1818 καὶ
2677 1759 2788 1817 οἷον
2813 1765 2993 1834 ἐκείνη
3029 1765 3143 1834 βίον
3170 1763 3468 1833 ἀσκητικὸν
3496 1762 3826 1832 ἠγωνίσατο.

548 1855 864 1923 posdiminii
923 1857 1152 1920 reditus,
1205 1872 1432 1924 quaeque
1469 1855 1606 1908 dona
1665 1855 1855 1922 Sergio
1907 1855 2132 1924 martyri

2253 1857 2646 1922 Ἐπανάζευξῖς
2673 1874 2732 1909 τε
2758 1858 2999 1929 Χοσρόου
3025 1858 3104 1918 εἰς
3125 1857 3196 1908 τά
3220 1857 3397 1908 οἰκεῖα
3423 1854 3692 1925 βασίλεια.
3720 1852 3833 1906 Καὶ

551 1949 784 2002 miserit.
804 1949 884 2001 Ad
907 1951 1156 2002 etundem
1183 1958 1429 2001 sanctum
1446 1948 1621 1999 virum
1650 1947 1845 2015 legatio
1865 1946 2132 2014 ejusdem,

552 2049 614 2092 ut
641 2054 707 2092 ex
733 2037 972 2103 Hierem,
999 2055 1119 2108 qua:
1139 2039 1400 2107 religione
1425 2038 1736 2093 Christiana
1769 2048 1907 2101 erat,
1938 2038 2138 2092 liberos

555 2133 858 2202 suscipere,
895 2142 950 2184 et
987 2131 1259 2200 quomodo
1310 2131 1417 2183 voti
1452 2145 1672 2196 compos
1700 2131 1962 2195 redditus,
1996 2133 2136 2184 dona

551 2224 750 2279 iterum
813 2223 1029 2293 egregia
1085 2221 1283 2289 templo
1357 2222 1474 2288 ejus
1529 2223 1783 2291 ntut'lyl'is
1855 2223 2138 2276 dedicarit.

553 2316 828 2371 Chosroes
865 2315 1164 2386 tyrannidis
1203 2327 1510 2378 coasortes,
1540 2325 1703 2383 atque
1737 2316 1872 2368 adeo
1901 2313 2140 2369 Biudoeu

556 2409 757 2477 ipsum,
817 2417 874 2460 ut
925 2407 1016 2476 qui
1066 2408 1117 2460 in
1159 2423 1336 2476 regem
1381 2424 1597 2461 manntu
1645 2417 1909 2471 armarat,
1954 2409 2143 2463 mortis

557 2515 722 2570 paena
758 2501 1076 2554 vindicavit.
1102 2499 1179 2554 De
1211 2501 1276 2554 iis
1307 2515 1426 2568 quae
1482 2501 1864 2568 prtenunliavit
1907 2499 2148 2554 Chosro-

560 2593 822 2664 es,~(16')
854 2593 990 2657 fore,
1028 2592 1168 2663 30b
1213 2601 1272 2646 ut
1303 2591 1530 2646 Romani
1564 2593 1847 2663 tyrannide
1871 2595 2040 2661 pressi
2073 2601 2150 2646 tu-

564 2688 985 2742 multuarentur.
1024 2686 1248 2757 Legatio
1289 2687 1451 2740 Probi
1509 2686 1971 2742 Chalcedonensis
2014 2703 2151 2756 prte-

566 2781 693 2834 l'ecti
729 2798 742 2833 :
778 2788 832 2833 et
865 2780 932 2833 de
977 2781 1213 2848 imagine
1247 2780 1490 2850 Deipara:
1518 2779 1778 2849 Virginis,
1831 2795 2063 2850 quaeque
2095 2781 2150 2836 in

567 2891 630 2927 ca
681 2875 950 2944 legatione
995 2874 1314 2928 acciderint.
1362 2873 1704 2937 Imperatoris
1727 2875 1792 2928 ad
1826 2876 2149 2928 Anchialum

567 2969 800 3038 Europa:
855 2971 1042 3022 urbem
1091 2967 1356 3038 proiectio
1387 2967 1554 3038 (17),
1586 2976 1643 3022 et
1691 2967 1834 3036 quod
1881 2967 1930 3020 ei
1966 2969 2016 3021 in
2058 2983 2156 3023 sue

569 3063 809 3117 oblatum
859 3073 1164 3131 portentum
1223 3061 1336 3132 (18)
1375 3079 1390 3128 ;
1439 3072 1606 3131 utque
1644 3061 1863 3116 domum
1911 3065 1977 3115 ad
2009 3064 2154 3131 pala-

2242 1953 2370 2022 περὶ
2424 1952 2532 2003 τῶν
2567 1950 2870 2004 σταλέντων
2914 1949 3102 2020 δώρων
3139 1949 3290 2020 παρά
3333 1948 3575 2019 Χοσρόου
3621 1946 3834 2016 Σεργίῳ

2239 2044 2318 2114 τῷ
2355 2045 2618 2114 μάρτυρι.
2655 2043 2932 2114 Πρεσϐεία
2956 2060 3013 2095 τε
3042 2041 3135 2095 τοῦ
3167 2041 3333 2094 αὐτοῦ
3379 2041 3517 2110 πρὸς
3543 2039 3633 2092 τὸν
3665 2037 3832 2090 αὐτὸν

2244 2137 2416 2204 ἅγιον,
2449 2137 2590 2190 ὥστε
2617 2138 2682 2189 ἐκ
2705 2139 2804 2205 τῆς
2830 2135 3033 2205 Σειρέμ
3065 2134 3111 2164 ’⁸
3141 2131 3636 2203 παιδοποιήσασθαι
3663 2147 3675 2159 ο
3701 2130 3839 2200 Χρι-

2247 2231 2440 2298 στιανὴ
2475 2231 2529 2282 δὲ
2559 2229 2858 2298 ἐτύγχανεν
2911 2226 3072 2296 αῦτη.
3101 2224 3192 2298 [92
3225 2224 3321 2298 8.]
3357 2226 3467 2278 Καὶ
3497 2225 3544 2256 ’⁸
3579 2223 3838 2292 ἐπιτυχία

2245 2340 2305 2374 τε
2353 2322 2454 2389 τῆς
2492 2323 2787 2390 αἰτήσεως,
2822 2321 2918 2375 καὶ
2967 2320 3155 2390 δώρων
3201 2317 3508 2371 πολυτελῶν
3564 2314 3839 2380 ἀποστολὴ

2251 2415 2381 2485 παρ’
2430 2414 2594 2467 αὐτοῦ
2636 2417 2715 2476 εἰς
2763 2414 2854 2465 τὸν
2880 2411 3016 2465 νεὼν
3065 2410 3160 2464 τοῦ
3209 2410 3508 2482 μάρτυρος.
3545 2408 3734 2467 Ὅπως
3778 2422 3840 2457 τε

2250 2506 2500 2576 Χοαρόης
2535 2507 2660 2564 τοὺς
2693 2503 3162 2574 κεκοινωνηκότας
3192 2505 3258 2573 τῇ
3286 2499 3561 2572 τυραννίδι
3585 2499 3678 2552 καὶ
3715 2497 3840 2550 Βιν-

2250 2599 2376 2668 δόην
2402 2598 2586 2662 αὐτὸν,
2607 2597 2680 2661 ὼς
2705 2599 2845 2650 κατά
2870 2596 3132 2667 βασιλέως
3160 2597 3345 2666 χεῖρας
3370 2595 3598 2665 ἄραντα,
3627 2591 3844 2660 Θανάτῳ

2250 2693 2495 2747 διώλεσε.
2550 2691 2685 2762 Περὶ
2733 2691 2840 2743 τῶν
2869 2688 3385 2761 προαγορευθέντων
3429 2685 3533 2739 ὐπὸ
3576 2684 3843 2754 Χοσρόου,

2253 2787 2348 2839 καὶ
2377 2784 2454 2848 ὡς
2490 2783 2771 2837 στασιάσει
2801 2781 2870 2834 τά
2911 2780 3199 2851 Ῥωμαίων
3225 2779 3528 2848 πράγματα
3558 2774 3846 2843 τυράννοις

2254 2876 2598 2930 δουλεύοντα.
2633 2873 2906 2946 Πρεσϐεία
2938 2890 2998 2926 τε
3042 2871 3255 2942 Πρόϐου
3298 2869 3392 2923 τοῦ
3427 2865 3771 2937 Καλχηδόνος
3801 2865 3849 2896 θ’

2257 2971 2548 3042 προέδρου,
2587 2967 2685 3021 καὶ
2713 2968 2840 3038 περὶ
2869 2965 2967 3035 τῆς
2997 2965 3205 3026 εἰκόνος
3233 2963 3330 3032 τῆς
3359 2962 3726 3030 Θεομήτορος,
3753 2956 3850 3009 καὶ¹

2257 3067 2357 3118 ὅσα
2391 3063 2532 3117 κατά
2577 3061 2677 3132 τὴν
2723 3059 3024 3130 πρεσϐείαν
3080 3058 3382 3129 ἀπήντησε.
3422 3053 3690 3124 Ἐκδημία
3713 3052 3757 3083 εί
3792 3067 3851 3102 τε

573 3155 708 3210 ιίιιιη
762 3157 1004 3222 revertit,
1048 3171 1170 3210 cum
1223 3154 1444 3210 Persica
1476 3152 1694 3224 legatio,
1731 3153 1817 3207 cui
1859 3154 2147 3210 Zalantban

2262 3160 2357 3214 τοῦ
2401 3157 2807 3228 αὐτοκράτορος
2849 3155 2942 3208 ἐπὶ
2969 3153 3065 3224 τὴν
3097 3152 3194 3222 τῆς
3229 3148 3499 3220 Εὐρώπης
3544 3144 3852 3214 Ἀγχίαλον,

571 3259 828 3319 praeerat,
863 3250 976 3318 jam
1012 3249 1338 3304 advenisset.
1373 3250 1438 3303 Et
1466 3249 1518 3302 in
1564 3250 1650 3304 his
1679 3249 1816 3304 liber
1851 3251 2090 3318 quintus.

2276 3252 2372 3307 καὶ
2403 3253 2530 3321 περὶ
2564 3247 2659 3302 τοῦ
2690 3249 3128 3317 συναντήσαντος
3165 3241 3316 3313 αὐτῷ
3353 3242 3411 3294 ἐν
3446 3239 3500 3292 ὐ⁸ί
3544 3237 3853 3308 φάσματος.

576 3345 768 3410 Ὅπως
788 3362 848 3398 τε
877 3345 1217 3416 ὑπέστρεψεν
1250 3348 1331 3409 εἰς
1356 3345 1427 3398 τὰ
1447 3346 1696 3417 βασίλεια
1721 3350 1749 3401 ὁ
1781 3349 2160 3425 αὐτοκράτωρ,
2201 3351 2500 3425 πρεσϐείας
2535 3348 2812 3419 Περσικῆς
2839 3343 3142 3412 ἐπιστάσης
3167 3341 3256 3394 διὰ
3313 3336 3598 3402 Ζαλαὸξάν
3631 3336 3697 3388 ⁸².
3767 3333 3859 3388 Ἐν

577 3435 662 3503 οἷς
697 3440 790 3492 καὶ
821 3440 850 3491 ό
881 3439 1132 3510 πέμπτος
1159 3439 1335 3504 λόγος.

653 3535 820 3592 Libro
868 3548 1021 3591 sexto
1056 3536 1173 3592 hate
1215 3537 1436 3592 insunt:
1489 3536 1565 3590 uti
1603 3545 1891 3592 exeuntem
1925 3553 1992 3592 ex
2035 3540 2169 3594 urbe

579 3631 906 3698 Augustum,
943 3628 1150 3681 marina
1200 3637 1495 3696 tempestas
1532 3629 1808 3696 exceperit
1845 3645 1860 3683 :
1893 3638 2059 3699 utque
2103 3633 2168 3683 ad

583 3719 903 3776 Heracleam
953 3718 1090 3790 (l9),
1125 3720 1249 3772 dum
1280 3719 1351 3773 ibi
1388 3730 1780 3787 commoratur,
1827 3731 2174 3777 monstrosus

583 3824 776 3882 partus
821 3821 1024 3866 natus:
1085 3810 1264 3865 infans
1305 3815 1589 3878 manibus,
1639 3821 1693 3866 et
1743 3812 1916 3866 oculis
1958 3829 2171 3879 carens,

586 3909 774 3963 adhzec
822 3918 878 3963 et
911 3907 1220 3978 superciliis
1265 3923 1329 3962 ac
1380 3909 1675 3976 palpebris,
1709 3911 1776 3960 ad
1809 3906 1984 3960 femur
2011 3907 2174 3975 piscis

586 4001 759 4056 cauda
792 3999 1128 4070 appendeute
1161 4017 1173 4053 :
1205 4008 1261 4053 et
1286 4001 1557 4069 quomodo
1583 3997 1852 4051 sublatum
1886 3999 1986 4051 hoc
2015 4013 2172 4050 mon-

588 4103 782 4150 strunt.
830 4093 905 4149 De
942 4094 1117 4148 tribus
1155 4093 1262 4146 illis
1297 4092 1526 4156 Sclavis,
1555 4090 1793 4144 citharas
1827 4087 2176 4157 importanti-

589 4190 712 4250 bus,
762 4188 853 4256 qui
899 4202 965 4241 ex
1005 4186 1208 4241 Oceani
1254 4184 1502 4254 partibus
1544 4184 1610 4238 ad
1654 4183 1967 4255 Chaganum
2020 4183 2172 4236 missi

591 4279 928 4344 l‘erebantur,
965 4288 1020 4333 et
1048 4294 1077 4331 a
1106 4277 1370 4332 Mauricio
1411 4279 1734 4344 imperatore
1773 4274 1999 4345 spectati
2027 4282 2172 4328 sunt.

593 4371 820 4442 Legatio
847 4371 975 4426 item
1006 4370 1339 4424 Francorum
1366 4369 1431 4421 ad
1454 4367 1747 4433 Caesarem,
1776 4383 1878 4438 qua
1906 4366 2178 4434 stipendio

595 4480 656 4518 se
693 4463 764 4517 illi
804 4461 1132 4517 militaturos
1172 4460 1417 4529 polliciti,
1456 4460 1726 4527 repulsam
1754 4459 2009 4511 tulerunt.
2044 4456 2175 4508 Bos-

2350 3536 2410 3590 Ὀ
2445 3533 2500 3586 δέ
2524 3531 2680 3591 ἕκτος
2716 3526 2875 3593 λόγος
2905 3521 3170 3592 περιέχει,
3201 3518 3350 3579 ὅπως
3379 3513 3486 3567 ἀπὸ
3523 3511 3622 3581 τῆς
3651 3508 3860 3571 πόλεως

2272 3630 2468 3696 ἐξιόντι
2490 3625 2569 3694 τῷ
2595 3621 2808 3694 βασιλεῖ
2824 3614 3090 3686 ἐνέσκηψε
3112 3609 3319 3665 κλύδων
3339 3606 3644 3666 θαλάττιος.
3669 3602 3862 3663 Ὅπως

2273 3691 2332 3774 τε
2363 3718 2491 3788 περ).
2531 3691 2884 3782 Ἡράκλειαν,
2920 3707 3099 3757 ἐκεῖσε
3129 3699 3226 3754 τοῦ
3260 3697 3524 3768 βασιλέως
3561 3691 3865 3762 διατρίϐον-

2273 3829 2388 3874 τος,
2423 3785 2586 3878 τέρας
2635 3799 2902 3872 ἐγεννήθη
2932 3797 2999 3862 ³³,
3042 3793 3254 3847 παιδίον
3307 3793 3445 3861 μήτε
3489 3791 3676 3858 χεῖρας
3723 3785 3864 3878 μήτε

2275 3874 2502 3974 ὀμματα
2531 3899 2654 3969 ἕχον
2687 3899 2822 3966 μήτε
2847 3890 3018 3960 ὀφρῦς
3061 3891 3198 3959 μήτε
3235 3887 3504 3956 βλέφαρα,
3547 3881 3682 3974 πρδς
3703 3878 3760 3974 δέ
3786 3874 3867 3946 τῷ

2282 3970 2438 4063 ἰσχίῳ
2471 3989 2649 4061 ἰχθύος
2676 3985 2813 4056 οὐρά
2857 3980 3214 4050 ἀπεκρέματο
3241 3993 3255 4007 ·
3289 3974 3384 4029 καὶ
3423 3975 3570 4034 ὅπως
3607 3970 3667 4023 τὸ
3701 3970 3868 4038 τέρας

2279 4087 2540 4157 ἀνῄρητο.
2593 4078 2726 4151 Περὶ
2762 4076 2868 4128 τῶν
2897 4072 3064 4144 τριῶν
3115 4066 3445 4138 Σκλαὸηνῶν
3491 4065 3598 4116 τῶν
3634 4063 3869 4157 κιθάρας

2282 4151 2718 4247 ἐπιφερομένων,
2749 4169 2798 4222 οἳ
2830 4169 2893 4220 ἐκ
2937 4165 3048 4218 τῶν
3094 4162 3278 4234 μερῶν
3321 4158 3416 4212 τοῦ
3455 4154 3710 4209 Ὠκεανοῦ
3753 4151 3872 4247 ἐλέῖ

2283 4242 2615 4339 γοντοπρδς
2645 4264 2737 4317 τὸν
2761 4261 3014 4328 Χαγάνον
3049 4254 3389 4312 ἀπεστάλθαι
3409 4269 3423 4284 ’
3449 4252 3500 4304 οἳ
3529 4252 3623 4303 κα)⁵
3777 4242 3870 4316 11.]

2288 4358 2721 4428 ἐνεφανίσθησαν
2755 4352 3048 4423 Μαυρικίῳ
3091 4349 3171 4419 τῷ
3220 4347 3452 4417 βασιλεῖ.
3499 4339 3771 4414 Πρεσὸεια
3810 4353 3876 4428 τε

2285 4452 2554 4521 Φράγκων
2583 4445 2629 4476 ⁸⁵
2655 4445 2790 4517 πρὸς
2840 4443 2929 4496 τὸν
2975 4441 3200 4510 βασιλέα
3240 4437 3324 4506 ἐφ’
3347 4430 3391 4505 ᾧ
3425 4433 3732 4503 συμμαχεῖν
3780 4425 3876 4480 ἐπὶ

597 4573 714 4619 sus.
743 4566 798 4612 et
824 4556 1014 4611 Bettus
1046 4555 1364 4624 legationem
1395 4554 1534 4606 hanc
1565 4565 1593 4605 a
1617 4549 1995 4605 Theodoricho
2024 4546 2147 4600 miss

2253 4518 2498 4612 χδωροις,
2532 4538 2628 4592 καὶ
2681 4533 3002 4605 ἀποστροφὴ
3043 4533 3142 4602 τῆς
3188 4532 3489 4600 αἰτήσεωςσ
3532 4525 3732 4580 Βόσσος
3779 4518 3878 4624 καὶ

597 4649 842 4704 obibant.
875 4647 950 4701 De
983 4661 1147 4716 grege
1180 4659 1495 4709 cervorum;
1539 4650 1706 4710 utque
1744 4642 1933 4711 ingens
1957 4635 2179 4708 quidam

603 4741 712 4796 telo
749 4742 888 4794 ictus
927 4739 981 4792 in
1012 4738 1200 4791 silvam
1236 4753 1295 4792 se
1338 4735 1666 4790 contulerit:
1705 4733 2026 4802 insequente
2055 4745 2184 4786 vero

601 4833 887 4897 hastifero,
923 4841 980 4888 et
1019 4833 1191 4887 altero
1222 4832 1346 4886 item
1381 4829 1613 4900 Gepzedo
1644 4827 1779 4898 (20),
1814 4836 1872 4880 ιιι
1914 4826 2002 4879 hic
2037 4824 2185 4877 illum

2289 4610 2484 4694 Βέττος
2514 4631 2562 4683 οἱ
2593 4628 2877 4698 πρέσϐεις,
2905 4627 2932 4676 ό
2957 4625 3016 4677 δέ
3042 4621 3368 4683 ἀποστείλας
3406 4620 3632 4688 ὀνόματι
3663 4610 3878 4666 Θεοδώ-

2293 4742 2462 4798 ριχος.
2490 4723 2625 4792 Περὶ
2647 4721 2746 4790 τῆς
2772 4718 2974 4788 ἀγέλης
2999 4715 3107 4767 τῶν
3140 4713 3374 4782 ἐλάφων,
3401 4711 3496 4763 καὶ
3523 4710 3670 4768 ὅπως
3699 4708 3731 4775 η
3761 4702 3881 4798 μεμί-

2293 4795 2402 4883 ζων
2451 4815 2708 4887 βάλλεται
2740 4813 2831 4866 καὶ
2881 4812 2961 4874 εἰς
3005 4809 3214 4880 λόχμην
3247 4806 3370 4859 τινὰ
3419 4801 3632 4872 φεύγει,
3682 4798 3776 4851 καὶ
3805 4795 3883 4856 ὡς

1881 4960 2115 5018 VARle
2155 4954 2566 5015 LECTIONES.

681 5097 727 5128 ⁷³
756 5095 921 5149 δόλόα
954 5111 1016 5158 ς.
1092 5093 1139 5124 ⁷⁸
1177 5090 1650 5162 συγκυρωσάντων
1685 5105 1747 5162 ς.

612 5237 658 5270 ⁸³
678 5238 946 5308 Φράγγων
971 5238 1037 5288 Α.

681 5097 727 5128 ⁷³
756 5095 921 5149 δόλόα
954 5111 1016 5158 ς.
1092 5093 1139 5124 ⁷⁸
1177 5090 1650 5162 συγκυρωσάντων
1685 5105 1747 5152 ς.
1827 5088 1873 5120 ⁷⁸
1912 5087 2010 5154 τῆς
2063 5081 2186 5137 add.
2229 5082 2294 5134 A.
2372 5081 2418 5110 ⁷⁸
2444 5081 2564 5129 Iihri
2613 5081 2950 5140 ἐπαλλαγὴν.
3099 5083 3200 5136 της
3221 5081 3369 5152 .auu.

613 5169 658 5199 τ’
697 5168 790 5221 καὶ
835 5167 960 5219 add.
1001 5167 1066 5219 A.
1136 5165 1180 5196 ⁸⁸
1209 5163 1553 5232 Χαλκηδόνος
1585 5178 1648 5225 ς’.
1722 5158 1768 5190 ⁸ο
1807 5156 2046 5227 ὲκδημία
2087 5169 2147 5206 τε
2190 5152 2235 5206 Α
2268 5169 2281 5203 :
2311 5150 2406 5202 καὶ
2458 5145 2727 5215 ἐκδημίαν
2778 5158 2839 5205 ς.
2911 5141 2957 5172 ⁸¹
2986 5138 3278 5209 Ζαλαμὸαν
3307 5152 3369 5199 ς.

2372 5077 2418 5110 ⁷⁸
2444 5076 2564 5129 lihri
2613 5069 2950 5140 ἐπαλλαγήν.
3025 5064 3073 5098 ""
3099 5066 3200 5136 τῆς
3249 5064 3378 5119 add.
3409 5066 3477 5120 A.
3518 5058 3566 5092 ’⁸
3601 5054 3786 5126 Ἰερέμ
3816 5071 3886 5117 ς.

2372 5150 2406 5197 Li.
2458 5145 2727 5197 ἐκδημίαν
2778 5158 2839 5197 ς.
2911 5141 2957 5172 ⁸³
2986 5138 3278 5197 Ζαλαμὸἄν
3307 5152 3369 5197 ς.
3461 5133 3511 5167 ⁸³
3549 5125 3783 5197 ἐγενήθη
3818 5141 3884 5188 ς.

2133 5313 2370 5372 NOTAE.

717 5425 800 5495 l5)
830 5424 1024 5480 Narrat
1059 5424 1248 5479 eadem
1297 5419 1524 5495 Niceplt.
1555 5417 1844 5495 lib.__xvut,
1891 5427 2010 5480 cap.
2041 5409 2132 5495 30’:

716 5479 802 5563 16’)
833 5479 976 5568 Lege
1009 5495 1184 5550 Vitam
1212 5497 1349 5568 apud
1382 5479 1607 5568 Nlecph.
1635 5487 1730 5568 lil_)_.
1766 5501 1918 5568 xviii,
1949 5479 2068 5568 cap.

619 5582 650 5621 a
678 5550 991 5635 quo'tanfeu
1040 5550 1283 5621 nonnihil
1325 5550 1528 5618 recedit
1554 5559 1668 5635 Gr:
1683 5557 1948 5623 Menolog.
1981 5553 2043 5607 11
2088 5550 2200 5606 Jul.

691 5629 823 5708 (16⁸)
855 5637 1081 5707 Nieeph.
1120 5637 1211 5708 lib.
1254 5648 1570 5708 xt'm,_cap.
1601 5629 1692 5682 ‘27.

692 5703 815 5777 (17)⁷
839 5703 1060 5777 Nicepli.
1101 5707 1229 5778 lrllltl.
1259 5721 1381 5772 Cap.
1411 5703 1529 5778 98._
1579 5772 1592 5778 _
1618 5772 1630 5778 _
2192 5767 2204 5778 θ

694 5772 808 5849 (18)
850 5772 1048 5845 Georg.
1085 5777 1318 5831 Ccdreu.
1353 5774 1530 5849 canini
1579 5772 1666 5827 hic
1695 5780 1880 5849 partus
1917 5772 2205 5849 monstrosi

629 5838 894 5906 meminit.
955 5838 1037 5902 An
1083 5862 1214 5914 ergo
1276 5845 1398 5898 κυνὶ
1426 5844 1566 5900 forte
1597 5859 1664 5898 an
1697 5838 1804 5898 hoc
1841 5844 1960 5896 loco
2012 5855 2109 5910 pro
2153 5838 2208 5890 ὑῒ

2299 5409 2488 5548 leg(atsQl
2531 5477 2753 5548 Niceph.
2783 5475 2877 5529 lib.
2907 5487 3067 5548 Em")
3098 5469 3346 5548 sap-35'
3388 5541 3400 5548 -
3635 5539 3668 5548 “
3850 5537 3862 5548 ’

2378 5539 2493 5620 (20)
2540 5539 2676 5625 Ὑπδ
2725 5544 2988 5605 Γέπαιδος
3037 5539 3465 5625 ἱιιίτιιήῆϐιξμειιξῖθρ
3494 5539 3670 5625 populi
3717 5539 3896 5625 nerui:

2309 5611 2530 5681 nantu'r,
2566 5622 2633 5672 ab
2665 5620 2764 5671 hoc
2795 5627 3014 5669 auctore
3034 5625 3090 5665 ut
3112 5625 3164 5666 et
3191 5614 3345 5666 Suid.
3379 5612 3675 5681 Γήπαιδες,
3702 5611 3895 5662 scribit

2309 5691 2531 5762 etymol.
2555 5691 2604 5742 οἱ
2627 5688 2909 5762 λεγόμενοι
2929 5683 3294 5762 Λογγίὸαρδοι
3310 5679 3897 5762 ,οἱονειξετίπαιδεῇιεξ

2311 5751 2491 5815 Γετῶν
2547 5751 2838 5820 παῖδεςέξι
2880 5751 3147 5811 recentior
3181 5751 3410 5822 quidam
3480 5753 3700 5807 Graecus
3759 5767 3772 5802 :
3831 5751 3901 5804 Οἱ

2311 5829 2548 5905 υῦγγροι
2578 5827 2909 5898 ἐλεγοντοτὸ
2939 5825 3170 5879 παλαιὸν
3202 5824 3498 5894 Γήπαιδες.
