4146 6412
235 412 339 478 153

1389 418 1917 482 BIBLIOTHECA.
1948 448 2018 456 -
2054 423 2218 484 COD.
2263 426 2425 485 LXV.

3417 425 3522 492 154

233 528 589 583 tumidi-Astur.
618 527 726 580 ὑπό
753 548 898 593 τινος
927 530 1037 584 τῶν
1078 530 1391 604 δορυφόρων
1423 534 1468 564 ⁸³
1496 535 1590 586 καὶ
1627 535 1818 604 ἑτέρου

1953 538 1994 592 μυ
2049 555 2210 593 aurea
2287 547 2612 592 ornamenta
2661 553 2726 592 ex
2782 538 2996 593 insidiis
3050 539 3434 606 interfecerit,
3467 552 3522 596 et

232 623 384 685 τινὸς
413 621 688 691 Γήπαιδος
719 622 787 684 ⁸⁸,
819 623 969 685 ὅπως
996 641 1056 676 τε
1086 625 1115 675 6
1137 625 1433 697 δορυφόρος
1465 626 1556 679 διὰ
1583 626 1653 678 τά
1690 626 1822 696 περ).

236 717 402 770 αὺτὸν
443 715 674 786 χρύσεια
709 717 1096 786 δολοφονεῖται,
1146 717 1242 771 καὶ
1285 718 1359 779 ὼς
1401 717 1578 788 χρόνῳ
1628 717 1826 789 μακρῷ

237 807 467 878 ὕστερον
492 811 521 862 6
552 810 760 878 Γήπαις
788 809 1142 878 δολοψονῆσαι
1174 809 1448 880 φωραθεὶς
1481 810 1616 880 πυρὶ
1650 828 1826 880 παρα-

235 904 466 957 δίδοται.
505 902 776 974 Στρατεία
817 902 1061 973 Ἀὅάρων
1087 902 1228 955 κατὰ
1278 902 1565 970 Ῥωμαίων
1597 902 1690 953 καὶ
1726 917 1825 952 πο-

238 995 460 1066 λιορκία
478 996 788 1063 Σιγγιδόνος
809 995 907 1064 τῆς
924 995 1153 1059 πόλεως,
1173 993 1481 1066 χειροτονία
1501 1011 1560 1045 τε
1587 993 1828 1062 Πρίσκου

241 1089 338 1142 τοῦ
369 1088 708 1158 στρατηγοῦ,
740 1088 834 1141 καὶ
865 1088 1012 1150 ὅπως
1035 1086 1127 1138 τοῦ
1145 1087 1285 1139 κατὰ
1303 1087 1402 1150 τὴν
1425 1084 1699 1155 Εὐρώπην
1730 1103 1829 1138 πο-

240 1183 412 1252 λέμου
435 1182 627 1234 τοῦτον
657 1183 1056 1252 προεστήσατο.
1090 1180 1200 1233 Καὶ
1229 1179 1377 1242 ὅπως
1409 1179 1436 1229 6
1471 1179 1722 1246 Χαγάνος
1751 1177 1832 1238 εἰς

243 1274 473 1346 Δριζίπε
485 1291 551 1344 ρα
572 1274 867 1344 γενόμενος
897 1274 986 1325 τὸν
1005 1273 1142 1325 νεὼν
1187 1269 1539 1342 Ἀλεξάνδρου
1566 1270 1657 1323 τοῦ
1693 1269 1833 1340 μάρ-

243 1385 408 1438 τυρος
442 1365 792 1436 ὲπυρπόλησε
819 1365 864 1396 ⁸⁷
883 1406 897 1431 ,
934 1365 1030 1417 καὶ
1058 1365 1205 1426 ὅπως
1237 1365 1296 1415 ὲν
1318 1362 1670 1434 Τζουρουλὼν
1696 1363 1742 1394 ⁸⁸
1766 1365 1831 1431 τῇ

245 1461 403 1511 πόλει
463 1459 726 1527 Ῥωμαῖοι
766 1455 1214 1524 συγκλεισθέντες
1269 1454 1375 1508 ὑπὸ
1433 1455 1529 1507 τοῦ
1578 1455 1834 1523 Χαγάνου

246 1549 694 1621 πολιορκοῦνται,
729 1551 876 1614 ὅπως
914 1566 974 1602 τε
999 1548 1135 1619 δόλῳ
1175 1548 1456 1616 φενακίζει
1501 1546 1593 1600 τὸν
1630 1546 1840 1617 βάρϐα-

248 1661 342 1713 ρον
379 1644 408 1696 ὁ
435 1642 744 1713 Μαυρίκιος
791 1641 886 1695 καὶ
919 1640 1021 1710 τῆς
1067 1639 1386 1710 πολιορκίας
1431 1639 1658 1707 ἀπάγει.
1692 1640 1836 1709 Πρε-

248 1736 410 1788 σῦεία
442 1735 488 1768 ⁸⁵
517 1752 578 1787 τε
622 1734 867 1804 Ἀϐάρων
919 1733 1054 1805 πρὸς
1093 1732 1422 1802 Ῥωμαίους,
1474 1732 1569 1785 καὶ
1609 1733 1709 1784 ὅσα
1761 1730 1840 1801 τῷ

260 1826 614 1898 Ἀρδαγάστῳ
643 1827 707 1878 ἐκ
739 1825 838 1894 τῆς
881 1823 1166 1894 Ῥωμαίων
1213 1824 1498 1892 ἀπήντησε
1536 1821 1836 1892 δυνάμεως,

1935 629 2093 700 longo
2120 640 2242 698 post
2269 631 2557 684 intervallo
2585 631 2748 684 Cthis
2779 645 2904 684 reus
2936 630 3331 698 deprehensus,
3365 632 3523 685 ﬂam-

1937 721 2038 775 mis
2073 724 2321 775 traditus.
2366 722 2669 776 Abarorum
2695 733 2883 775 contra
2934 721 3205 776 liornanos
3229 725 3520 790 expeditio,

1937 813 2192 880 urbisque
2245 811 2556 880 Singidonis
2608 814 2901 868 obsidium.
2965 812 3049 867 Uti
3098 812 3319 868 Priscus
3369 814 3521 884 (2i),

1937 906 2060 959 belli
2119 908 2224 959 dux
2274 906 2534 966 delectus.
2569 916 2624 959 et
2669 907 2874 960 militiae
2918 906 3192 973 Europaeae
3237 906 3524 974 praefectus

1939 997 2030 1051 sit.
2065 996 2137 1052 Ut
2184 996 2475 1066 Cbaganus
2513 998 2848 1067 Driziperam
2883 999 3093 1053 delatus
3119 999 3258 1052 beati
3293 1000 3526 1052 Alexan-

1939 1090 2020 1142 dri
2088 1090 2347 1161 martyris
2411 1091 2665 1160 templum
2724 1092 3000 1146 obsederit
3064 1109 3080 1146 :
3137 1102 3191 1146 et
3259 1092 3528 1160 quomodo

1940 1181 2176 1235 Tzurulo
2206 1183 2403 1251 oppido
2442 1183 2680 1237 inclusos
2713 1182 2991 1238 Romanos
3022 1183 3312 1253 Cbaganns
3341 1188 3530 1239 cinxe-

1941 1277 2055 1328 rit:
2103 1285 2268 1342 utque
2312 1273 2610 1329 Mauricius
2649 1288 2770 1328 asttt
2807 1277 3092 1344 deceptum
3135 1275 3434 1330 Barbarum
3463 1278 3531 1328 ab

1942 1366 2225 1420 obsidione
2267 1368 2551 1420 averterit.
2604 1366 2766 1420 Missa
2820 1366 2889 1420 ab
2916 1367 3113 1420 Abaris
3145 1367 3211 1420 ad
3259 1367 3534 1420 Romanos

1943 1456 2184 1526 legatio,
2221 1467 2275 1512 et
2331 1472 2449 1526 quae
2497 1458 2831 1529 Ardagastus
2884 1459 2952 1512 ab
3001 1460 3240 1513 exercitu
3293 1459 3535 1512 Romano

1945 1549 2218 1618 acceperit
2250 1550 2615 1614 incommoda,
2664 1559 2928 1618 praeterea
2970 1564 3090 1618 quae
3134 1552 3234 1604 sub
3259 1549 3536 1604 Tatimero

1948 1656 2090 1702 acta.
2123 1645 2415 1700 Alexandri
2466 1646 2692 1699 Tribuni
2726 1631 2953 1699 militum
3000 1645 3285 1712 fortitudo,
3345 1643 3537 1702 Roma-

1951 1753 2252 1806 norumque
2297 1753 2384 1791 res
2418 1735 2634 1792 fortiter
2670 1748 2853 1808 gesta),
2896 1748 2950 1792 et
2991 1736 3308 1791 Sclavorum
3343 1736 3534 1790 interi-

1953 1836 2060 1892 tus,
2115 1827 2417 1895 borumque
2451 1827 2693 1881 vicissim
2747 1827 2798 1880 in
2847 1824 3125 1880 Romanos
3173 1827 3429 1894 impetus.
3462 1825 3538 1878 De

246 1920 330 1971 ἔτι
369 1919 427 1972 δὲ
459 1917 649 1971 καὶτὰ
692 1919 835 1971 κατὰ
873 1917 964 1970 τὸν
1005 1917 1251 1986 Τατίμερ
1277 1917 1341 1969 9°.
1386 1913 1748 1985 Ἀνδραγαθία
1783 1932 1840 1968 τε

1953 1921 2206 1974 monstris
2224 1924 2288 1974 ad
2319 1920 2520 1989 regiam
2554 1920 2740 1974 urbem
2765 1919 3060 1991 natis(29),
3095 1919 3353 1981 infantes,
3392 1935 3535 1973 unus

246 2009 344 2064 τοῦ
409 2010 699 2080 Ῥωμαίων
753 2008 1052 2080 ταξιάρχου
1098 2007 1448 2078 Ἀλεξάνδρου
1475 2048 1491 2074 ,
1535 2007 1629 2059 καὶ
1677 2005 1837 2078 ἀνδρ-

246 2105 456 2172 αγαθία
492 2103 800 2172 Ῥωμαίων,
832 2105 925 2156 καὶ
957 2101 1283 2174 Σκλαϐηνῶν
1321 2101 1619 2172 ἀναίρεσις,
1655 2100 1840 2170 mea;

247 2215 305 2250 τε
330 2196 667 2265 Σκλαὸηνῶν
689 2195 832 2249 κατὰ
872 2195 1185 2267 Ῥωμαίων.
1225 2197 1358 2266 Περὶ
1399 2195 1508 2248 τῶν
1538 2194 1839 2264 τεχθέντων

248 2289 501 2358 τεράτων
531 2286 638 2357 πρὸ
670 2285 765 2339 τοῦ
810 2285 1020 2349 ἄστεως
1049 2285 1092 2318 ⁹¹
1124 2285 1226 2354 τῆς
1267 2284 1562 2354 βασιλίδος,
1599 2283 1675 2346 ὡς
1703 2285 1748 2315 θ’
1779 2283 1841 2334 τὺ

251 2383 354 2451 μὲν
415 2376 486 2452 ἦν
523 2382 572 2415 ³³
627 2380 934 2450 τετράπουν
991 2379 1228 2443 παιδίον,
1299 2379 1360 2432 τὸ
1419 2377 1475 2431 δὲ
1525 2377 1836 2447 δικόρυφον.

251 2473 446 2536 Ὅπως
491 2473 730 2544 Πρίσκος
779 2475 1280 2545 ἁποχειροτονείται
1330 2471 1407 2542 τῷ
1459 2471 1644 2526 δοῦναι
1683 2471 1730 2504 ⁸⁸⁵
1762 2471 1840 2542 τῷ

249 2569 494 2637 Χαγάνῳ
541 2567 654 2620 άπὸ
680 2567 783 2638 τῆς
819 2567 930 2620 τῶν
969 2565 1298 2636 Σκλαϐηνῶν
1330 2566 1375 2596 ⁸⁸
1404 2565 1576 2629 λείας,
1617 2565 1712 2618 καὶ
1737 2563 1840 2616 Πέ-

1943 2011 2151 2079 biceps,
2181 2010 2318 2064 alter
2347 2011 2674 2078 quadrupes.
2711 2008 2804 2064 Uti
2840 2010 3024 2064 Prisco
3060 2010 3342 2078 imperium
3376 2010 3538 2064 fuerit

1945 2103 2264 2172 abrogatum
2320 2103 2475 2174 (‘23),
2529 2103 2674 2172 quod
2732 2115 2942 2172 partem
2999 2103 3194 2171 przedae
3239 2117 3270 2156 e
3331 2101 3538 2156 Sclavis

1945 2197 2190 2248 abducta:
2240 2195 2384 2265 31a
2414 2196 2673 2264 Cbagano
2727 2196 3006 2260 donasset,
3061 2192 3247 2263 utique
3313 2208 3411 2262 pro
3459 2193 3536 2247 illi

1947 2288 2141 2343 Petrus
2168 2289 2429 2358 Europam
2462 2290 2599 2343 bello
2624 2290 2728 2343 dux
2758 2289 3108 2358 prarficiatur.
3150 2287 3222 2342 De
3251 2287 3540 2342 Theodoro

1947 2381 2078 2434 item
2113 2380 2292 2448 legato
2337 2382 2402 2434 ad
2433 2381 2750 2450 Chaganum
2781 2397 2810 2434 a
2840 2381 3026 2435 Prisco
3056 2381 3134 2434 ire
3178 2381 3354 2449 jusso,
3385 2388 3441 2434 et
3474 2381 3540 2434 de

1947 2472 2064 2539 ejus
2113 2473 2361 2526 doctrina
2388 2513 2403 2535 ,
2449 2483 2613 2542 atque
2659 2488 2839 2526 rerum
2896 2473 3255 2543 gerendarum
3301 2472 3542 2526 dexteri-

1950 2575 2078 2618 tate.
2120 2563 2185 2618 Et
2228 2567 2281 2619 in
2313 2565 2394 2620 bis
2437 2565 2573 2620 liber
2607 2577 2816 2620 sextus.

249 2678 380 2731 τρος
411 2663 928 2731 ἁντιχειροτονεῖται
998 2659 1302 2731 στρατηγὸς
1331 2661 1430 2728 τῆς
1469 2659 1611 2713 κατὰ
1687 2657 1784 2726 τὴν
1813 2654 2088 2726 Εὐρώπην
2146 2658 2356 2727 μάχηςο
2409 2659 2504 2710 καὶ
2576 2659 2705 2728 περὶ
2749 2657 3032 2728 Θεοδώρου
3082 2656 3178 2712 τοῦ
3231 2658 3540 2730 πρέσϐεως,

252 2755 546 2817 σταλέντος
573 2748 622 2786 ⁹⁴
666 2754 804 2825 πρὸς
845 2755 936 2808 τὸν
982 2755 1232 2821 Χαγάνον
1285 2753 1392 2806 ὑπὸ
1435 2751 1530 2805 τοῦ
1580 2750 1842 2822 Πρίσκου,
1883 2749 1984 2819 τῆς
2015 2767 2076 2802 τε
2110 2750 2241 2822 περὶ
2287 2750 2450 2803 αὐτὸν
2489 2751 2741 2814 παιδείας
2787 2752 2880 2804 καὶ
2905 2751 3234 2822 δεξιότητος.
3306 2752 3394 2803 Ἐν
3459 2744 3542 2814 οἷς

250 2852 348 2904 καὶ
387 2851 416 2901 6
446 2849 607 2910 ’ἑκτος
637 2849 819 2916 λόγος.

339 2944 400 2996 '0
431 2943 487 2995 δὲ
516 2943 746 3012 ἕϐδομος
773 2942 929 3008 λόγος
955 2940 1311 3011 διαλαμϐάνει
1336 2959 1401 2994 πε
1412 2941 1465 3012 pl.
1498 2941 1595 3012 τῆς
1620 2957 1852 3013 γεγενη-

255 3038 431 3107 μένης
451 3035 681 3100 ἀταξίας
701 3037 820 3097 ταῖς
838 3034 1123 3103 Ῥωμαίων
1142 3033 1460 3103 δυνάμεσιν,
1481 3032 1762 3105 ἀριστείαν
1790 3050 1851 3086 τε

264 3128 562 3197 Ῥωμαίων
605 3128 746 3180 κατὰ
785 3126 1110 3197 Σκλαὸηνῶν
1145 3127 1263 3196 ἢτοι
1296 3126 1509 3178 Γετῶν·
1544 3125 1705 3178 Γέται
1741 3124 1849 3196 γὰρ

251 3221 314 3273 τὸ
342 3219 578 3272 παλαιὸν
611 3219 924 3273 ἐκαλοῦντο.
957 3217 1068 3270 Καὶ
1095 3219 1225 3290 περὶ
1252 3217 1359 3270 τῶν
1401 3219 1459 3268 ὲν
1481 3217 1692 3287 Ἀσίμῳ
1707 3219 1752 3250 ’7
1782 3219 1849 3289 τῇ

253 3313 501 3384 Θρᾳκῴᾳ
533 3312 687 3364 πόλει
720 3312 909 3382 Πέτρῳ
943 3329 1000 3364 τε
1035 3313 1262 3374 καὶτοῖς
1295 3310 1542 3374 πολίταις
1569 3310 1851 3381 συμϐεϐη-

255 3407 461 3459 κότων.
488 3404 602 3458 Καὶ
635 3405 710 3466 ὡς
757 3405 1106 3474 Πιράγαστος
1150 3404 1178 3454 6
1218 3403 1320 3472 τῆς
1370 3403 1479 3455 τῶν
1527 3401 1853 3470 Σκλαὸηνῶν

254 3499 549 3567 δυνάμεως
578 3497 852 3567 φύλαρχος
877 3497 1147 3567 ἀνῄρηται
1171 3513 1184 3526 °
1217 3495 1308 3568 [93
1337 3495 1429 3568 Β]
1463 3498 1558 3549 καὶ
1586 3496 1856 3566 ἀνδραγα-

258 3594 352 3646 θία
387 3592 697 3661 Ῥωμαίων.
731 3591 864 3660 Περὶ
887 3590 987 3659 τῆς
1015 3589 1271 3657 ἀνυδρίας
1305 3592 1404 3658 τῆς
1435 3589 1854 3660 παρακολουθη-

259 3689 443 3755 σάσης
488 3687 607 3746 ταῖς
641 3682 928 3752 Ῥωμαίων
957 3683 1245 3750 δυνάμεσι.
1280 3682 1388 3734 Καὶ
1417 3682 1566 3746 ὅπως
1613 3681 1706 3735 τοῦ
1755 3682 1858 3735 Πέ-

257 3796 396 3850 τρου
445 3775 997 3845 καταπολεμηθέντος
1041 3775 1146 3826 ὑπὸ
1179 3773 1508 3845 Σκλαϐηνῶν
1528 3773 1574 3806 9³
1618 3773 1858 3845 Πρίσκος

261 3867 424 3932 αὖθις
457 3869 668 3936 γίνεται
717 3865 1043 3938 στρατηγός.
1079 3865 1316 3926 Θάνατος
1338 3863 1587 3917 Ἰωάννου
1609 3864 1704 3918 τοῦ
1735 3865 1854 3934 Νη·-

264 3962 498 4016 στευτοῦ
533 3959 1181 4023 Κωνσταντινουπόλεως,
1218 3956 1314 4009 καὶ
1360 3956 1490 4026 περὶ
1557 3955 1666 4008 τῶν
1701 3955 1858 4008 ἐκδα-

263 4053 652 4108 νεισθέντωνθθ
703 4050 853 4120 αὐτῷ
905 4051 1203 4122 χρημάτων
1252 4048 1356 4102 ὑπὸ
1411 4046 1859 4118 Μαυρικίου,καὶ

262 4165 331 4199 πε
343 4147 400 4218 ρὶ
424 4146 520 4197 τοῦ
549 4147 608 4197 ὲν
635 4147 702 4215 τῇ
731 4143 993 4215 ὁμολογίᾳ
1017 4142 1557 4212 χειρογραφήματος.
1592 4143 1685 4194 καὶ
1711 4142 1860 4203 ὃπως

261 4239 354 4290 διὰ
382 4235 551 4304 τιμῆς
581 4231 714 4304 ἦγεν
738 4236 767 4287 ὁ
796 4232 1120 4304 φιλευσεϐὴς
1150 4231 1224 4293 ὡς
1253 4231 1468 4300 άληθῶς
1499 4229 1859 4300 αὐτοκράτωρ

263 4327 334 4378 τὰ
369 4323 667 4393 εὑρεθέντα
694 4323 773 4392 τῷ
802 4323 1051 4392 ἀρχιερεῖ
1085 4321 1224 4391 μετὰ
1251 4321 1477 4373 θάνατον
1512 4319 1700 4389 ῥάκια.
1725 4317 1861 4387 Περὶ

263 4419 376 4471 τῶν
406 4414 776 4484 Μαυρουσίων
816 4415 926 4467 τῶν
961 4413 1383 4483 συστραφέντων
1411 4411 1552 4463 κατὰ
1581 4410 1862 4481 Καρχηδό-

265 4525 357 4570 νος
392 4511 492 4578 τῆς
530 4506 762 4568 πόλεως,
799 4506 891 4558 καὶ
918 4505 1065 4567 ὅπως
1091 4505 1158 4573 τῇ
1189 4501 1282 4554 τοῦ
1314 4500 1597 4553 Γενναδίου
1629 4501 1802 4570 τόλμῃ
1833 4499 1861 4550 ὁ

268 4600 512 4668 πόλεμος
544 4597 825 4650 ἔσϐεστοί.
851 4597 958 4649 Καὶ
987 4595 1114 4666 περὶ
1141 4594 1236 4647 τοῦ
1265 4595 1504 4664 κομήτου
1536 4591 1630 4645 τοῦ
1664 4593 1862 4660 φανέν-

2033 2933 2196 2989 Libro
2255 2933 2490 3001 septimo
2541 2933 2724 3002 agitur
2771 2933 2838 2986 de
2887 2932 3118 2986 turbatis
3174 2932 3542 2988 Romanorum

1953 3026 2258 3089 ordinibus,
2287 3025 2713 3094 eorumdemque
2737 3025 2899 3079 rebus
2921 3022 3135 3078 fortiter
3157 3024 3324 3093 gestis
3350 3032 3543 3077 contra

1956 3117 2200 3181 Sclavos,
2254 3118 2369 3170 sive
2399 3115 2563 3172 Getas
2596 3135 2611 3171 :
2659 3119 2760 3171 hoc
2800 3115 2944 3170 enim
2981 3115 3197 3170 nomine
3236 3115 3543 3182 antiquitus

1955 3209 2212 3280 appellati
2234 3218 2382 3264 sunt.
2415 3207 2488 3264 De
2520 3210 2584 3263 iis
2612 3225 2732 3279 qua:
2764 3210 2816 3263 in
2854 3208 3071 3278 ignobili
3093 3208 3326 3278 quodam
3361 3206 3544 3261 Thra-

1956 3304 2055 3357 ciae
2086 3303 2283 3373 oppido
2311 3301 2474 3356 Petro
2503 3311 2556 3355 ct
2579 3301 2771 3356 incolis
2798 3302 3114 3355 acciderunt
3145 3319 3159 3354 :
3197 3311 3360 3368 utque
3391 3299 3546 3353 Scla-

1959 3410 2148 3447 vorum
2211 3391 2498 3461 prchectus
2557 3392 2871 3461 Piragastus
2924 3392 2995 3446 sit
3051 3388 3410 3446 interiectus.
3471 3389 3548 3443 De

1960 3485 2189 3538 militum
2227 3482 2600 3538 Romanorum
2634 3484 2859 3547 virtute,
2895 3483 3022 3538 licet
3053 3498 3313 3551 aquarum
3345 3481 3547 3551 ingenti

1961 3578 2187 3646 periuria
2225 3587 2634 3647 premerentur.
2663 3575 2826 3630 Petro
2864 3591 2895 3630 a
2933 3575 3142 3630 Sclavis
3182 3590 3358 3644 pugna
3390 3589 3551 3642 supe-

1962 3679 2102 3733 rato,
2160 3669 2380 3725 Priscus
2430 3669 2626 3724 iterum
2662 3668 2784 3722 belli
2837 3669 3134 3737 imperator
3171 3668 3414 3722 delectus
3443 3677 3550 3721 est.

1959 3759 2149 3817 Obitus
2174 3760 2396 3816 Joannis
2427 3770 2786 3830 cognomento
2830 3758 3164 3830 Jejunaloris
3197 3759 3335 3830 (24),
3372 3759 3545 3828 patri-

1961 3857 2142 3909 archa:
2201 3852 2836 3922 Coustantinopolltani;
2892 3855 3070 3922 deque
3124 3851 3549 3905 mutuoaMau-

1962 3948 2096 4002 ricio
2145 3948 2473 4016 imperatore
2526 3953 2745 4015 accepta
2797 3945 3062 4013 pecunia,
3120 3945 3358 4009 datoque
3419 3945 3547 3996 aeris

1961 4041 2167 4110 accepti
2218 4037 2564 4106 confessique
2614 4036 2979 4108 chirographo
3040 4053 3056 4104 ;
3123 4046 3435 4106 quantoque
3493 4035 3546 4088 in

1960 4133 2137 4204 pretio
2185 4147 2312 4186 vere
2362 4131 2481 4200 pius
2518 4139 2778 4199 angustus
2830 4129 2918 4184 ille
2956 4130 3174 4184 relictas
3240 4144 3271 4182 a
3320 4129 3550 4198 prasale.

1961 4235 2084 4298 post
2138 4235 2366 4279 mortem
2425 4238 2696 4293 pannosas
2746 4231 2923 4276 vestes
2957 4222 3067 4294 (25)
3137 4222 3407 4276 habuerit.
3473 4221 3552 4274 De

1963 4319 2358 4373 Maurusiorum
2395 4317 2656 4370 adversus
2703 4314 3127 4385 Chartbaginem
3179 4314 3546 4384 expet'litionc,

1963 4423 2129 4482 utque
2160 4409 2425 4467 Gennadii
2460 4407 2780 4464 fortitudine
2811 4408 3010 4462 bellum
3060 4407 3187 4461 illud
3218 4407 3551 4461 exstinctum

1964 4507 2054 4561 sit.
2098 4504 2172 4559 De
2221 4513 2456 4569 cometa,
2503 4503 2593 4572 qui
2636 4503 2751 4556 dies
2803 4501 3112 4569 complures
3161 4499 3310 4553 visus
3335 4508 3438 4552 est.
3476 4497 3550 4550 Dc

1967 4598 2221 4652 intestino
2266 4597 2405 4666 apud
2450 4594 2658 4648 Turcos
2682 4635 2698 4658 ,
2733 4603 2787 4647 et
2816 4592 2957 4646 civili
2989 4591 3128 4645 bello
3163 4608 3176 4644 :
3225 4587 3460 4643 accessit
3483 4589 3550 4639 dc

267 4712 358 4756 τος
392 4695 488 4747 ἐπὶ
517 4692 732 4764 ἡμέρας
763 4693 984 4756 πολλάς.
1014 4691 1148 4762 Περὶ
1176 4690 1269 4744 τοῦ
1293 4689 1555 4760 ἐμφυλίου
1579 4689 1845 4758 πολέμου¹

1965 4690 2278 4744 earumdem
2326 4687 2603 4756 republica
2646 4685 2906 4747 narratio,
2964 4695 3021 4736 ut
3065 4682 3364 4736 Turcorum
3409 4680 3552 4734 Cba-

266 4785 366 4839 τοῦ
406 4786 704 4854 γενομένου
737 4788 847 4846 τοῖς
876 4785 918 4836 Τ
923 4782 980 4836 ού
992 4800 1162 4853 ρκοις,
1183 4782 1278 4835 καὶ
1311 4783 1367 4834 ἐν
1397 4782 1611 4834 ἐκθέσει
1643 4781 1713 4832 τά
1735 4780 1862 4850 περὶ

268 4879 367 4946 τῆς
395 4875 504 4929 τῶν
521 4876 781 4928 Τούσκων
804 4874 1100 4937 πολιτείας.
1119 4871 1230 4926 Καὶ
1249 4872 1322 4935 ὡς
1345 4874 1434 4924 τὸν
1457 4870 1726 4940 ἐθνάρχην
1752 4871 1860 4921 τῶν

1970 4796 2139 4850 ganus
2169 4779 2303 4850 (26),
2340 4774 2789 4847 'Iﬁpbtbalitarum
2832 4777 3076 4846 principe
3107 4774 3416 4840 interfecto,
3470 4784 3552 4826 too

1973 4883 2076 4924 tam
2099 4886 2218 4925 eam
2251 4879 2462 4942 gentem
2492 4871 2767 4938 subegerit
2802 4887 2815 4923 :
2855 4879 2916 4923 ut
2939 4869 3310 4938 Agarenorum
3363 4866 3550 4920 adbwc

1553 5009 1784 5062 VARIAE
1841 5005 2132 5062 LEIJTION
2143 5007 2244 5060 ES.

343 5110 394 5138 ⁸⁵
427 5105 538 5158 τῶν
590 5102 906 5177 δορυφόρων
961 5105 1040 5158 A:
1083 5104 1390 5177 δορυφόρου
1446 5121 1506 5168 ςο

275 5178 429 5240 σϐεις
454 5177 519 5228 Α.
591 5175 639 5206 ⁹⁶
677 5176 984 5245 Τατίμερον
1050 5194 1111 5240 ς.

273 5249 727 5320 τιχειροτονεῖται
753 5318 762 5320 4
785 5249 906 5320 and.
930 5247 1028 5320 _A.

277 5316 578 5389 Σκαυήνων
607 5323 675 5380 Α,
744 5316 848 5370 ὑπὸ
885 5317 993 5372 τῶν
1023 5318 1354 5388 Σκλαϐήνων
1410 5335 1470 5382 ς.

1591 5105 1638 5133 ⁸⁸
1669 5101 1911 5171 Γήπεδος
1941 5104 2011 5156 Α.

1190 5170 1240 5208 ⁹¹⁷
1269 5170 1462 5237 ἄστεος
1506 5192 1570 5238 ς.
1643 5174 1689 5205 ’³
1725 5170 1822 5243 ὡς]
1877 5172 1970 5243 καὶ
2009 5187 2092 5240 pr.
2123 5171 2186 5226 A.

1106 5247 1152 5278 9'
1190 5246 1486 5316 Σκαυηνῶν
1544 5245 1590 5298 Α
1620 5244 1700 5298 sic
1750 5241 1820 5298 et
1853 5242 2020 5298 infra.
2049 5243 2095 5276 9°
2158 5241 2311 5296 σταλ.

1106 5318 1354 5378 λαϐήνων
1410 5335 1470 5378 ς.
1551 5317 1598 5348 θ’
1631 5314 2082 5367 ἐνδανεισθέντων
2121 5332 2182 5378 ς.
2263 5317 2280 5345 ¹

2110 5101 2152 5131 ⁸⁷
2186 5097 2545 5169 ἐπολιόρκησε
2577 5115 2639 5161 ς.
2703 5095 2749 5131 ⁸⁸
2788 5096 3222 5169 Τζουρουλῷλςξ.
3297 5092 3340 5124 ⁸³
3391 5092 3532 5169 πρέ-

2266 5165 2417 5244 ⁹³Δῆν
2463 5165 2573 5221 oin.
2619 5183 2702 5244 p_r.
2897 5169 2945 5244 ξ’
2987 5166 3062 5233 τῷ
3117 5165 3305 5217 δοῦναι
3344 5166 3542 5244 2.?"-

2393 5240 2486 5296 τοῦ
2542 5232 2694 5295 σταλ,
2738 5237 2805 5291 Α.
2878 5237 2924 5270 9⁷
2958 5232 3159 5307 ἀσήμῳ
3208 5251 3295 5288 στ.
3373 5232 3418 5262 ’⁸
3446 5234 3548 5288 ὑπὸ

2263 5317 2280 5345 ¹
2315 5307 2504 5368 ἔσϐετο
2543 5328 2605 5376 ς.
2684 5311 2706 5342 ⁸
2749 5308 2990 5380 πολέμου
3021 5325 3130 5364 υιιι.
3175 5307 3241 5360 A.

1779 5408 2017 5471 NOTAE.

348 5508 462 5579 (Ἡ)
495 5507 726 5576 Nicepb.
769 5509 883 5579 haec
907 5509 1094 5562 cadent
1126 5507 1218 5560 lib.
1246 5505 1401 5571 tm",
1437 5522 1557 5576 cap.
1588 5506 1678 5561 ‘28.

352 5578 462 5647 (ετ)
496 5581 627 5631 Ibid.
667 5593 790 5646 cap.
821 5578 908 5632 55.

355 5650 469 5715 (25)
504 5650 636 5700 Ibid.
674 5665 794 5716 cap.
835 5647 932 5700 ‘25.

358 5718 470 5786 (‘25)
500 5719 690 5785 Quarti
741 5720 901 5790 hujus
952 5719 1181 5790 nominis
1203 5757 1218 5783 ,
1244 5719 1309 5774 de
1347 5733 1455 5788 quo
1478 5718 1858 5790 IegendusBa-

287 5804 406 5843 ron.
433 5791 583 5842 card.
620 5799 753 5844 tom.
784 5788 872 5842 V’Il
916 5801 967 5841 et
999 5789 1131 5844 VIII.

360 5859 497 5930 (25)
526 5859 750 5930 Nicepb.
780 5859 872 5914 Iib.
897 5860 1036 5928 XIX,
1067 5879 1185 5927 (ειν.
1216 5860 1308 5926 5-4,
1347 5860 1762 5917 lectulumaddit
1792 5859 1856 5914 Ii-

1963 5521 2181 5575 gneum.
2215 5506 2312 5560 IIic
2342 5521 2446 5558 non
2483 5515 2628 5556 recte
2651 5520 2680 5557 a
2705 5505 3024 5575 quibusdam
3048 5517 3169 5558 cum
3193 5498 3400 5557 Joanne
3424 5502 3543 5556 Ele-

1962 5573 2308 5646 emosynario
2353 5575 2718 5646 Alexandrino
2771 5573 3140 5628 confunditur.
3177 5575 3540 5646 Miuus_etiam

1964 5643 2131 5716 recte'
2150 5663 2246 5716 pro
2282 5657 2468 5716 sancto
2503 5644 3145 5716 habitushausuis.“teste
3215 5645 3275 5696 ί).
3297 5643 3541 5716 “Baron.

1963 5727 2005 5772 t.
2036 5712 2370 5770 VIII'AnnaI.
2405 5716 2470 5768 ad
2497 5730 2584 5768 an.
2609 5713 2710 5766 Cb.
2734 5712 2861 5777 595,
2891 5729 2954 5766 ex
2978 5714 3037 5768 Β.
3074 5713 3328 5783 Gregorii
3359 5712 3548 5780 Magni

1959 5790 2305 5843 auctoritate.

2036 5858 2163 5930 ('26)
2199 5856 2424 5927 Niceph.
2455 5855 2546 5912 lib.
2568 5871 2724 5922 xvm,
2766 5869 2886 5925 cap.
2909 5853 3000 5908 30.
