4100 6466
664 484 773 550 155

1868 474 2134 538 ΡΗΟΤΙΙ
2176 473 2230 533 Ρ.

2337 469 2692 531 ΒΙᾹΠΕΗᾹΞ
2731 470 2842 530 CP-
3841 469 3925 534 156

659 609 714 653 ct
746 596 1072 654 Colchorum
1110 605 1326 667 gentem
1367 601 1740 650 trecentarum
1783 591 2012 645 millium
2058 598 2230 656 strage

2361 583 2738 653 Ἐφθαλιτῶν³
2779 585 2808 636 6
2852 580 3105 651 Χαγάνος
3155 582 3265 636 τῶν
3307 579 3570 651 Τούρκων
3607 580 3808 634 ἀνελὼν
3848 588 3929 638 καὶ

660 696 944 757 ceciderit,
1016 702 1180 762 utque
1230 693 1599 760 insurgentem
1656 689 1912 742 adversus
1935 700 1993 738 se
2039 682 2243 736 Turum

657 787 1015 849 interfecerit,
1061 802 1167 855 quo
1199 784 1419 839 nomine
1466 783 1709 836 victoria:
1755 782 1999 833 nuntiam
2028 777 2237 845 episto-

656 879 764 934 lam
794 879 1057 932 Mauricio
1088 878 1219 945 imp.
1249 875 1550 944 scripserit.
1593 873 1737 927 Idem
1771 873 1985 926 Abaros
2024 880 2243 938 quoque

658 971 964 1040 subjugum
996 969 1169 1022 victos
1215 968 1382 1021 misit.
1419 965 1606 1020 Refert.
1627 974 1681 1019 et
1716 965 1782 1018 de
1815 962 2088 1034 gentibus,
2124 975 2245 1029 qua:

619 1097 625 1114 .
659 1062 873 1133 Taugas
911 1061 1177 1126 incolunt,
1200 1070 1255 1114 et
1281 1061 1346 1114 de
1390 1058 1582 1123 Nucri,
1615 1059 1668 1111 in
1696 1071 1830 1125 quas
1857 1055 2048 1108 devicti
2078 1055 2242 1107 Abari

656 1157 887 1225 dispersi
926 1165 1054 1210 sunt
1105 1155 1239 1226 (27).
1269 1153 1400 1208 ltem
1428 1154 1495 1206 de
1517 1151 1645 1213 Var,
1694 1161 1750 1204 et
1779 1148 1979 1213 Chuni,
2013 1161 2241 1216 quorum

653 1248 1022 1318 pars'magna
1066 1247 1179 1317 jam
1234 1247 1413 1300 indea
1457 1242 1747 1298 Justiniani
1798 1239 2157 1309 temporibus,
2189 1238 2241 1291 in

653 1338 868 1409 Europa
903 1341 1060 1395 sedes
1098 1339 1320 1402 habent,
1349 1339 1664 1404 Abarosque
1709 1349 1829 1390 sese
1871 1334 2238 1388 nominarunt.

655 1430 955 1486 Turcorum
1008 1431 1281 1498 regionem
1325 1438 1482 1482 terra:
1510 1426 1701 1491 motui,
1742 1441 1804 1480 ac
1856 1427 1992 1495 pesti
2022 1425 2242 1477 minime

649 1522 964 1577 obnoxiam.
990 1519 1097 1582 me
1139 1531 1319 1575 monte
1367 1520 1458 1587 qui
1512 1519 1722 1572 Aureus
1761 1519 1832 1572 sit
1860 1518 2055 1580 dictus,
2088 1532 2152 1571 ac
2176 1517 2242 1568 de

653 1609 767 1680 ipsa
800 1613 952 1674 urbe,
998 1609 1230 1678 Taugas.
1282 1609 1356 1662 De
1381 1608 1736 1678 bombycibus
1795 1607 1931 1678 (‘28),
1968 1609 2057 1675 qui
2089 1621 2153 1660 ex
2181 1620 2241 1661 se

651 1712 828 1757 vestes
871 1704 1097 1772 gignunt
1129 1703 1358 1766 sericas,
1393 1709 1444 1754 et
1479 1701 1621 1768 quod
1675 1699 1836 1753 serici
1893 1698 2005 1769 (:19)
2048 1699 2239 1766 ingens

649 1795 904 1862 gignatur
932 1794 997 1847 ad
1023 1793 1304 1847 Cliubdam
1336 1793 1548 1856 urbem,
1583 1792 1722 1862 310
1755 1807 1915 1860 quant
1945 1791 2235 1859 appellant,

621 1887 826 1954 copia,
883 1900 1115 1955 quaeque
1148 1887 1199 1939 in
1253 1885 1362 1939 illis
1406 1885 1682 1938 vermibus
1714 1882 2076 1952 glomeraudis
2121 1882 2234 1935 lieri

2349 676 2623 740 δουλώσας
2649 675 2708 728 τὸ
2735 674 2942 740 ἕθνοςδ,
2972 675 3052 728 ἔτι
3082 675 3141 727 δέ
3170 675 3266 729 καὶ
3293 675 3420 738 τοὺς
3442 673 3663 743 Ὀγωρ¹⁵
3689 673 3748 726 τὸ
3772 675 3924 742 ἔθνος,

2347 771 2442 824 καὶ
2470 768 2533 837 δὴ
2563 771 2658 822 καὶ
2689 769 2816 830 τοὺς
2847 767 3094 838 Κόλχους
3141 767 3271 838 ἄχρι
3314 766 3614 837 τριάκοντα
3668 768 3927 837 μυριάδων

2345 861 2675 934 διέφθειρεν.
2694 860 2857 912 Ἀλλὰ
2887 860 3102 914 καὶτὸν
3136 859 3520 912 ἐπαναστάντα
3551 857 3640 929 [46
3670 857 3761 928 IL]
3789 859 3922 928 αὐτῷ

2346 953 2606 1026 Τουροὺμ
2642 951 2850 1006 ἀνελὼν
2891 952 3158 1004 ἐπινίκιον
3191 950 3483 1020 ἐπιστολὴν
3540 950 3826 1020 Μαυρικίῳ
3863 952 3930 1020 τῷ

2346 1045 2714 1116 αὐτοκράτορι
2745 1044 2987 1097 ἔστειλεν
3012 1059 3027 1078 ·
3077 1043 3412 1096 ἐδουλώσατο
3437 1042 3494 1095 δέ
3525 1042 3620 1095 καὶ
3651 1043 3926 1112 Ἀϐάρους.

2345 1137 2580 1201 Διέξεισι
2622 1137 2680 1189 δὲ
2732 1136 2828 1188 καὶ
2877 1135 3006 1206 περὶ
3039 1134 3148 1188 τῶν
3184 1135 3326 1187 κατὰ
3358 1133 3456 1205 τὴν
3484 1133 3702 1201 Ταυγὰς
3725 1135 3744 1165 ⁸
3773 1135 3930 1188 ἐθνῶν

2345 1226 2442 1280 καὶ
2472 1227 2601 1297 περὶ
2630 1224 2722 1278 τοῦ
2753 1226 2972 1297 Moupr
2991 1227 3115 1294 ⁷,,ἐν
3159 1220 3240 1290 οἷς
3281 1227 3329 1278 οἱ
3357 1224 3588 1295 νΑϐαροι
3620 1226 3931 1295 ἡττηθέντες

2343 1317 2741 1390 διεσπάρησαν.
2774 1318 2884 1370 Καὶ
2921 1319 3051 1386 περὶ
3101 1315 3196 1369 τοῦ
3247 1316 3397 1386 Ούάρ
3443 1317 3536 1370 καὶ
3584 1317 3792 1368 Xouv‘v.8
3835 1319 3932 1372 τῶν

2344 1409 2536 1475 ἐθνῶν,
2573 1408 2632 1474 ἐξ
2681 1403 2755 1462 ὧν
2786 1411 2879 1462 ἐπὶ
2917 1407 3296 1463 Ἰουστινιανοῢ
3329 1409 3609 1478 ἀπόμοιρα
3638 1408 3805 1460 τῶνδε
3835 1409 3932 1461 τῶν

2343 1503 2512 1556 ἐθνῶν
2545 1503 2770 1572 ἐνδημεϊ
2801 1507 2866 1574 τῇ
2899 1501 3138 1574 Εὐρώπῃ
3162 1543 3175 1567 ,
3202 1502 3251 1554 οἳ
3286 1503 3380 1555 καὶ
3420 1501 3686 1571 Ἀϐάρους
3717 1503 3932 1565 ἑαυτοὺς

2342 1596 2716 1666 ἐπεφήμισαν.
2754 1597 2863 1648 Καὶ
2894 1596 2968 1659 ὡς
3004 1597 3036 1666 ἡ
3066 1595 3326 1664 Τούρκων
3374 1593 3527 1664 χώρα
3569 1592 3798 1661 σεισμοῦ
3842 1595 3930 1646 καὶ

2341 1685 2532 1756 λοιμοῦ
2567 1686 2922 1758 άπείρατοςθ.
2967 1685 3100 1754 Περί
3146 1702 3206 1737 τε
3252 1684 3345 1736 τοῦ
3394 1683 3599 1754 χρυσοῦ
3645 1683 3933 1750 λεγομένου

2340 1779 2524 1849 ὄρους,
2556 1779 2653 1832 καὶ
2684 1779 2812 1849 περὶ
2839 1779 2939 1848 τῆς
2969 1775 3228 1845 Ταυγὰς,
3261 1776 3390 1847 περί
3420 1793 3478 1828 τε
3505 1775 3612 1828 τῶν
3645 1775 3935 1840 σκωλήκων

2341 1871 2450 1924 τῶν
2477 1871 2774 1924 τικτόντων
2801 1872 2898 1939 τὴν
2933 1870 3138 1940 ἐσθῆτα
3159 1869 3258 1939 τὴν
3283 1867 3536 1939 σηρικὴν,
3557 1869 3653 1920 καὶ
3676 1867 3753 1930 ὡς
3776 1865 3933 1936 πολλή

646 1977 828 2032 solita.
861 1975 936 2030 De
984 1976 1157 2042 Indis,
1207 1976 1298 2044 qui
1329 1975 1560 2030 candido
1602 1984 1728 2028 sunt
1761 1988 2009 2042 corpore.
2051 1971 2230 2025 Disce-

2337 1965 2452 2016 ἐστι
2484 1964 2614 2034 περὶ
2642 1962 2742 2034 τὴν
2781 1963 3082 2032 λεγομένην
3112 1961 3361 2015 Χουϐδὰν
3392 1963 3424 2032 ἡ
3460 1963 3560 2030 τῆς
3595 1959 3872 2030 μετάξεως
3897 1960 3935 1990 ¹⁶

645 2070 814 2138 ptatio
849 2068 1089 2138 Cbagani
1140 2083 1264 2122 cum
1315 2066 1523 2132 Prisco,
1558 2067 1624 2120 de
1660 2064 2151 2135 Singidonensibus
2180 2063 2232 2116 in

639 2162 964 2218 servitutem
979 2161 1331 2224 abducendis,
1351 2158 1633 2228 Priscique
1650 2158 1921 2212 contraria
1943 2154 2230 2219 sententia,

644 2263 811 2323 utque
858 2268 978 2308 eam
1041 2255 1229 2309 urbem
1257 2251 1480 2306 Priscus
1513 2249 1762 2305 servarit.
1792 2249 1922 2316 Quae
1964 2264 2060 2316 per
2112 2247 2234 2300 Dal-

643 2346 865 2399 matiam
894 2344 1120 2399 Barbari
1145 2346 1418 2415 gesserint
1457 2356 1702 2411 quasque
1722 2342 1882 2394 urbes
1915 2339 2230 2395 everterint.

639 2436 925 2503 Quomodo
960 2435 1218 2492 Gundoes
1264 2451 1294 2489 a
1329 2434 1518 2490 Prisco
1563 2435 1824 2488 adversus
1867 2432 2138 2487 Barbaros
2175 2431 2231 2486 in

643 2526 967 2583 Dalmatiam
1012 2527 1234 2592 missus,
1275 2540 1362 2582 res
1401 2525 1617 2581 fortiter
1645 2525 1897 2589 gesserit.

713 2798 1125 2855 Undevicesimo
1178 2797 1392 2869 impcrii
1433 2795 1681 2851 Mauricii
1738 2810 1881 2849 anno
1938 2793 2234 2849 Monachus

637 2892 854 2961 quidam
892 2900 1120 2946 mortem
1163 2890 1274 2955 illi,
1308 2890 1600 2958 liberisque
1636 2889 1752 2959 ejus
1797 2887 1910 2957 (30)
1956 2887 2228 2956 prmdixit.

647 2981 851 3036 Stricto
889 2981 1034 3035 enim
1086 2981 1304 3050 gladio,
1336 2995 1364 3033 a
1403 2981 1522 3034 l'oro
1555 2983 1622 3033 ad
1663 2979 1852 3050 palatii
1905 2977 2231 3031 vestibulum

637 3085 994 3140 procurrens,
1036 3069 1353 3124 ll'lauricium
1383 3086 1486 3122 una
1525 3084 1645 3123 cum
1685 3068 1872 3122 liberis
1908 3067 2056 3121 ferro
2087 3067 2233 3120 occi-

635 3178 755 3219 sum
781 3164 842 3218 iri
863 3163 1162 3218 denuntiat.
1186 3161 1324 3227 Quin
1349 3172 1402 3216 et
1441 3160 1780 3216 llerodianus
1806 3163 2023 3230 quidam
2053 3162 2229 3227 impe-

636 3256 808 3311 ratori
842 3264 1103 3310 eventura
1150 3255 1536 3324 pratuuutiavit
1581 3255 1736 3325 (51):
1780 3253 1977 3307 famem
2015 3253 2228 3307 scilicet

2337 2054 2572 2122 γένεσις,
2607 2054 2794 2107 καὶτὰ
2829 2054 2957 2125 περὶ
2983 2053 3152 2123 αὐτὴν
3179 2053 3408 2122 νόμιμα.
3447 2051 3559 2104 Καὶ
3602 2051 3733 2119 περὶ
3757 2051 3796 2080 ³⁸
3833 2049 3936 2102 τῶν

2349 2141 2524 2196 Ἰνδῶν
2557 2143 2665 2196 τῶν
2690 2142 2900 2197 λευκῶν
2935 2143 2994 2196 τὸ
3028 2142 3208 2212 σῶμα.
3241 2141 3489 2205 Διάλεξις
3511 2143 3648 2209 πρὸς
3683 2140 3781 2192 τὸν
3802 2139 3934 2208 Πρί-

2338 2251 2467 2287 σκον
2493 2235 2747 2303 Χαγάνου
2779 2235 2910 2307 περὶ
2943 2233 3389 2304 ἀνδραποδισμοῦ
3413 2236 3513 2305 τῆς
3535 2233 3576 2263 ⁸³
3603 2233 3932 2300 Σιγγιδόνος,

2336 2326 2433 2379 καὶ
2461 2326 2744 2396 ἀντιλογία
2775 2327 3016 2397 Πρίσκου
3051 2327 3189 2396 πρὸς
3221 2327 3383 2380 αὑτὸν
3405 2365 3420 2389 ,
3454 2325 3549 2380 καὶ
3582 2326 3734 2389 ὅπως
3762 2326 3791 2376 6
3818 2325 3938 2395 Πρί-

2339 2437 2469 2482 σκος
2500 2420 2790 2489 Σιγγιδόνα
2823 2419 2986 2485 σώζει
3017 2420 3116 2491 τὴν
3147 2420 3476 2473 πόλιν.“οσα
3524 2437 3585 2473 τε
3624 2419 3775 2474 κατὰ
3804 2418 3937 2471 A11-

2339 2512 2538 2583 ματίαν
2569 2514 2616 2565 οἱ
2650 2511 2915 2584 βάρϐαροι
2942 2511 3306 2582 διεπράξαντο
3340 2513 3436 2566 καὶ
3475 2514 3660 2576 πόλεις
3704 2511 3941 2580 ἐπόρθη-

2338 2623 2459 2671 σαν,
2489 2607 2638 2669 ὃπως
2687 2623 2750 2659 τε
2794 2606 2822 2658 6
2856 2604 3202 2668 Γουνδουῖς¹³
3253 2606 3405 2678 παρὰ
3442 2607 3684 2676 Πρίσκου
3726 2607 3940 2668 σταλεὶς

2335 2699 2478 2753 κατὰ
2515 2699 2624 2752 τῶν
2662 2700 2720 2751 ἐν
2757 2698 3038 2771 Δαλματίᾳ
3081 2698 3373 2771 βαρϐάρων
3413 2700 3761 2771 ἠρίστευσεν.

2410 2792 2534 2845 Ὀτι
2564 2791 2642 2861 τῷ
2668 2792 3137 2861 ἐννεακαιδεκάτῳ
3171 2793 3282 2844 ἔτει
3325 2793 3426 2862 τῆς
3471 2793 3759 2862 βασιλείας
3792 2796 3945 2847 Μαυ-

2339 2884 2519 2956 ρικίου
2568 2885 2936 2955 προαγορεύει
2988 2886 3224 2956 μοναχός
3257 2903 3340 2948 τις
3370 2885 3460 2937 τὸν
3503 2887 3670 2938 αὐτοῦ
3711 2887 3946 2940 θάνατον

2334 2976 2432 3030 καὶ
2457 2977 2566 3030 τῶν
2593 2979 2803 3030 τέκνων
2827 2993 2841 3006 ·
2896 2977 3050 3046 ξίφος
3085 2977 3194 3046 γὰρ
3222 2975 3540 3046 γυμνώσας,
3579 2978 3689 3030 ἀπὸ
3719 2979 3819 3031 τοῦ
3853 2979 3946 3047 φό-

2338 3084 2431 3138 ρου
2459 3069 2620 3139 μέχρι
2642 3068 2751 3120 τῶν
2781 3069 3097 3138 προαυλίων
3123 3069 3233 3120 τῶν
3263 3069 3582 3139 ἀνακτόρων
3617 3068 3945 3140 διαδραμὼν

2333 3160 2498 3213 αὐτόν
2525 3177 2586 3212 τε
2620 3161 2927 3228 Μαυρίκιον
2955 3162 3050 3214 κα)⁸
3072 3163 3138 3215 τά
3163 3161 3330 3214 τέκνα
3358 3162 3502 3232 ξίφει
3523 3163 3786 3216 τεθνάναι
3816 3182 3949 3234 προ-

2333 3251 2652 3323 ηγόρευσεν.
2677 3252 2840 3306 Ἀλλὰ
2890 3255 2983 3307 καὶ
3016 3255 3350 3324 Ἠρωδιανός
3399 3272 3486 3318 τις
3535 3255 3770 3325 ὀνόματι
3796 3256 3844 3287 ¹⁸
3874 3255 3950 3326 τῷ

635 3347 818 3412 illam,
846 3347 1100 3417 quaq'post
1119 3346 1169 3400 in
1194 3348 1392 3401 castris
1413 3356 1553 3402 orta.
1595 3345 1666 3401 Ut
1689 3346 1993 3400 incredibili
2019 3345 2230 3412 Cbaga-

2340 3343 2556 3414 βασιλεῖ
2579 3344 2753 3397 διεῖπε
2796 3345 2865 3398 τὰ
2896 3345 3308 3417 συμϐησόμενα.
3337 3349 3474 3418 Περὶ
3499 3345 3594 3399 τοῦ
3632 3365 3696 3400 συ
3707 3325 3953 3417 μϐάντος

633 3451 737 3492 nus
750 3436 1084 3491 humanitate
1096 3437 1358 3491 esurienti
1380 3437 1641 3492 exercitui
1657 3438 1895 3506 quinque
1916 3437 2126 3491 dierum
2151 3437 2235 3490 in-

635 3529 1404 3599 duciasconcesserit,quibus
1438 3532 1643 3600 absque
1664 3541 1810 3584 metu
1842 3529 2231 3584 Barbarorum’

633 3633 968 3680 commeatus
990 3638 1312 3693 annonaque
1343 3623 1577 3677 ferretur
1626 3621 1909 3684 Romanis,
1955 3629 2126 3690 utque
2153 3620 2234 3673 vi-

635 3716 820 3772 cissim
849 3733 879 3770 a
908 3716 1095 3772 Prisco
1121 3716 1276 3771 donis
1309 3719 1604 3770 honoratus
1632 3756 1646 3783 ,
1677 3716 1730 3770 in
1775 3715 2021 3784 proxima
2048 3713 2234 3784 Mysia:

634 3808 750 3864 loca
804 3808 1135 3863 discesserit.
1161 3808 1216 3862 ln
1241 3807 1410 3876 Mysia
1440 3809 1727 3877 Chagauus
1747 3822 1868 3861 cum
1896 3805 2233 3860 Comcntiolo

635 3897 811 3969 signis
839 3897 1055 3952 collatis
1081 3896 1360 3962 conﬂixit,
1391 3897 1729 3968 perﬁdiaque
1765 3897 2089 3951 Comentioli
2124 3897 2232 3951 Ro-

634 4004 915 4044 manorum
956 3990 1244 4054 exercitus,
1275 3989 1428 4044 clade
1453 3999 1698 4058 accepta,
1722 4004 1897 4044 caesus
1919 4005 1948 4042 a
1977 3989 2232 4046 Barbaris

629 4091 736 4147 est,
766 4082 889 4153 fuga
913 4083 1130 4139 interim
1155 4083 1364 4152 dilapso
1395 4081 1736 4138 Comcntiolo
1767 4101 1780 4135 :
1816 4098 1980 4152 quem
2008 4083 2073 4136 ad
2109 4081 2230 4136 Dri-

640 4175 880 4244 ziperam
911 4175 1100 4230 urbem
1129 4174 1235 4246 (52
1267 4175 1543 4243 )deletum
1577 4175 1722 4228 cives
1746 4214 1762 4240 ,
1797 4182 1854 4228 ut
1891 4173 2225 4244 transfugam

632 4264 932 4332 repellunt:
959 4280 1127 4334 quare
1151 4265 1271 4318 inde
1294 4265 1359 4318 ad
1401 4263 1584 4317 Muros
1607 4265 1812 4334 longos,
1837 4278 1972 4332 quos
2012 4273 2225 4321 vocant.

630 4355 722 4410 ille
755 4371 813 4411 se
843 4357 1063 4424 recepit.
1101 4356 1324 4410 Barbari
1347 4373 1509 4424 porro
1541 4371 1679 4424 pone
1707 4358 2063 4424 insequentes
2099 4355 2191 4408 Dri

630 4450 870 4518 ziperam
906 4451 1159 4518 capiunt,
1201 4460 1256 4504 et
1291 4449 1587 4503 Alexandri
1622 4448 1879 4518 martyris
1916 4448 2114 4515 templo
2142 4447 2226 4501 in-

631 4555 817 4604 censo,
842 4556 1038 4609 corpus
1056 4556 1220 4608 capsa
1250 4543 1597 4596 extrahentes
1616 4537 1964 4594 contumeliis
1983 4537 2224 4593 alliciunt

633 4631 730 4703 ('53
756 4631 797 4702 ).
826 4630 1022 4686 Verum
1052 4634 1231 4686 divina
1269 4649 1391 4686 mox
1419 4634 1549 4686 ultio
1591 4631 1842 4702 martyris
1863 4640 1950 4686 cst
1984 4631 2219 4685 violato-

630 4738 717 4776 res
748 4734 1062 4779 consecuta.
1097 4725 1312 4792 Septcm
1355 4724 1499 4778 enim
1533 4723 1772 4793 Chagani
1808 4724 1902 4777 lilii
1949 4739 2057 4777 una
2089 4724 2213 4788 die,

521 4871 528 4878 _
628 4812 906 4884 inguinum
930 4817 1118 4869 morbo
1143 4816 1400 4884 correpti.
1435 4817 1732 4884 perierunt.
1756 4814 2126 4868 Comentiolus
2155 4815 2210 4869 in

628 4905 715 4959 his
747 4907 919 4962 turbis
958 4907 1424 4976 Constantinopoli
1465 4908 1654 4962 hau-et.
1699 4906 1955 4961 Barbaris
1995 4907 2213 4962 interim

627 4997 694 5052 ad
723 4996 909 5054 Muros
937 4999 1118 5069 longos
1156 5000 1390 5071 propius,
1414 5000 1816 5054 accedentibus.
1841 4998 1998 5055 Unde
2029 5007 2212 5054 tantus

2337 3435 2499 3504 λιμοῦ
2521 3437 2562 3469 ¹⁵
2591 3439 2704 3500 τοῖς
2735 3437 3145 3508 στρατεύμασι,
3184 3439 3280 3492 καὶ
3311 3439 3386 3502 ώς
3413 3441 3440 3492 6
3469 3441 3728 3508 Χαγάνος
3768 3457 3957 3511 παρα·

2336 3525 2472 3597 δόξῳ
2503 3527 2886 3599 φιλανθρωπίᾳ
2911 3530 3292 3602 πενθημέρους
3325 3532 3559 3595 σπονδὰς
3587 3535 3704 3594 τοῖς
3741 3532 3956 3602 λιμώτ-

2335 3637 2522 3675 τουσιν
2549 3621 2721 3688 ἔθετο,
2750 3622 2826 3686 ὡς
2857 3624 2922 3676 ἂν
2950 3625 2978 3676 6
3008 3624 3357 3694 ἐπισιτισμὸς
3382 3625 3489 3677 ἀπὸ
3509 3625 3616 3678 τῶν
3645 3625 3958 3696 βαρϐάρων

2335 3717 2449 3778 τοῖς
2480 3713 2775 3784 Ῥωμαίοις
2798 3716 2963 3787 ἀδεὴς
2986 3716 3161 3770 ἔσοιτο
3180 3733 3194 3747 °
3224 3719 3320 3772 καὶ
3346 3719 3421 3782 ώς
3448 3718 3747 3789 ἀρώμασιν
3776 3721 3823 3750 ¹⁶
3850 3719 3958 3772 ὑπὸ

2334 3808 2578 3878 Πρίσκου
2605 3808 2986 3881 φιλοτιμηθεὶς
3009 3811 3100 3863 ἐπὶ
3124 3809 3192 3864 τά
3214 3811 3355 3865 κατὰ
3383 3812 3602 3864 Μυσίαν
3629 3812 3957 3883 ἐχώρησεν.

2346 3899 2435 3962 Ὠς
2467 3900 2706 3970 συνῆψεν
2749 3901 2778 3952 ὁ
2827 3901 3085 3969 Χαγάνος
3121 3903 3251 3973 περὶ
3281 3903 3382 3973 τὴν
3409 3903 3624 3956 Μυσίαν
3657 3905 3810 3974 πρὸς
3844 3906 3957 3956 Κο-

2336 3991 2616 4062 μεντίολον
2645 3993 2846 4064 μάχην,
2865 3993 3126 4065 ἐπιϐουλῇ
3153 3995 3210 4047 δὲ
3239 3995 3604 4064 Κομεντιόλου
3629 3995 3964 4066 διαφθείρε-

2331 4101 2423 4138 ται
2469 4084 2575 4137 ὑπὸ
2619 4085 2732 4138 τῶν
2772 4085 3068 4156 βαρϐάρων
3105 4085 3168 4139 τὸ
3201 4087 3532 4158 Ῥωμαϊκόν,
3584 4089 3700 4142 Καὶ
3755 4089 3964 4159 φεύγει

2333 4177 2721 4246 Κομεντίολος,
2751 4178 2843 4230 καὶ
2870 4179 3007 4249 πρὸς
3041 4180 3346 4252 Δριζίπερα
3368 4182 3410 4212 ¹⁷
3439 4181 3537 4250 τὴν
3566 4181 3724 4236 πόλιν
3761 4199 3960 4251 παρα-

2330 4268 2562 4336 γίνεται,
2595 4269 2692 4322 καὶ
2723 4270 3111 4340 ἀποπέμπεται
3137 4276 3238 4344 τῆς
3273 4273 3481 4336 πόλεως
3511 4274 3586 4335 ώς
3615 4273 3835 4340 φυγὰς,
3856 4276 3958 4326 καὶ

2329 4358 2468 4428 πρὸς
2514 4359 2583 4412 τά
2621 4362 2808 4432 μακρά
2839 4363 3200 4432 παραγίνεται
3226 4365 3402 4436 τείχη.
3442 4365 3504 4416 Οί
3550 4363 3607 4416 δέ
3656 4363 3965 4435 βάρϐαροι

2328 4451 2559 4503 κατόπιν
2613 4452 2785 4516 ἰόντες
2838 4455 3054 4524 πρῶτον
3101 4457 3169 4508 τά
3219 4455 3522 4526 Δριςίπερα
3555 4455 3822 4525 αἱροῦσι,
3867 4459 3970 4510 καὶ

2325 4541 2420 4593 τὸν
2436 4540 2792 4614 Ἀλεξάνδρου
2812 4545 2908 4598 τοῦ
2939 4545 3216 4616 μάρτυρος
3243 4547 3633 4617 ἐμπρήσαντες
3657 4545 3835 4613 νεὼν,
3867 4548 3973 4600 καὶ

2325 4631 2387 4686 τὸ
2443 4632 2603 4703 σῶμα
2662 4636 2762 4706 τῆς
2815 4636 2992 4708 θήκης
3039 4638 3372 4709 ἐκσύραντες
3419 4638 3675 4708 ὕϐρισαν.
3712 4639 3870 4692 θεία
3912 4640 3972 4692 δὲ

2326 4724 2452 4796 δίκη
2484 4727 2719 4799 μετῆλθε
2747 4728 2879 4792 τοὺς
2915 4730 3178 4801 ὑϐριστὰς
3223 4731 3317 4785 τοῦ
3370 4733 3677 4804 μάρτυρος’
3714 4733 3834 4805 [196
3869 4734 3976 4806 IL]

2325 4816 2469 4872 ἐπτὰ
2509 4819 2618 4891 γάρ
2665 4821 2853 4885 παῖδες
2874 4821 2970 4874 τοῦ
2996 4823 3250 4892 Χαγάνου
3271 4827 3329 4878 ἐν
3356 4825 3540 4896 ἡμέρᾳ
3570 4827 3672 4897 μιᾷ
3700 4827 3978 4896 βουϐῶσι

2327 4911 2572 4982 περιληφ
2587 4913 2771 4979 θέντες
2795 4917 3180 4986 ἐτελεύτησαν.
3200 4918 3567 4988 Κομεντίολος
3585 4918 3641 4970 δὲ
3668 4922 3830 4988 μετὰ
3853 4920 3977 4973 τῶν

2329 5001 2576 5072 θορύϐων
2607 5005 2834 5075 ἐνδημεῖ
2861 5009 2928 5078 τῇ
2966 5007 3563 5072 Κωνσταντινουπόλει,
3590 5010 3640 5061 οἱ
3686 5008 3754 5062 δὲ
3815 5010 3973 5083 βάρ-

1895 5110 2128 5166 VARIIE
2183 5112 2602 5171 LECTIONES.

699 5210 721 5242 ³
746 5212 857 5266 τῶν
883 5211 1225 5279 Ἐφθαλιτῶν
1267 5210 1375 5265 τῶν
1401 5209 1644 5264 ἀϐδελῶν
1678 5211 1711 5280 ἦ

623 5355 888 5422 χουνιτῶν
919 5353 986 5406 Α.
1060 5350 1086 5386 ⁷⁸
1119 5350 1558 5422 ἁπείραστοςς.
1637 5353 1679 5383 ¹⁰
1716 5350 1956 5420 μετάξης
1996 5367 2075 5422 ᾲς.

1717 5227 1796 5262 τοι
1819 5209 1930 5262 τῶν
1973 5209 2310 5277 Ἐφταλιτῶν
2336 5214 2378 5266 Α
2390 5251 2405 5267 .

626 5299 758 5336 σατο
791 5301 854 5347 ς.
930 5284 951 5315 ⁵
976 5284 1162 5354 Ὄγωρ
1192 5284 1237 5334 Α
1271 5299 1284 5334 :
1321 5281 1496 5351 Ἀγὰρ
1535 5299 1596 5348 ς,
1638 5279 1890 5334 Labbeus
1926 5279 2216 5347 Ἀϐασγῶν
2246 5283 2329 5335 vel
2381 5283 2648 5352 Ἀϐἀρων.
2733 5288 2754 5318 ⁸
2789 5279 3034 5354 Ταύγας.

626 5355 888 5424 χουνιτῶν
919 5353 986 5406 Α.
1065 5356 1086 5386 ⁹
1119 5354 1456 5422 ἁπείραστος
1495 5369 1558 5417 ς.
1637 5353 1679 5383 ¹⁰
1716 5350 1956 5424 μετᾲξης
1995 5367 2075 5424 ῌςο
2165 5353 2207 5384 ¹¹
2243 5353 2340 5424 καὶ
2382 5355 2449 5406 τὰ
2482 5357 2614 5424 περὶ
2651 5356 2717 5409 Α.
2820 5359 2863 5388 ¹²
2895 5359 2995 5424 τῆς

2507 5213 2530 5245 ⁵
2557 5213 2654 5266 καὶ
2675 5213 2952 5280 δουλώσας
2985 5217 3045 5270 τὸ
3083 5215 3235 5280 ἔθνος
3278 5215 3320 5269 Α
3365 5233 3378 5270 :
3438 5217 3500 5270 τὸ
3527 5217 3677 5278 ἔθνος
3702 5217 3984 5280 ἐδουλώῖ

3113 5289 3131 5318 ⁷
3172 5287 3382 5357 Νουκρὶ
3403 5305 3487 5340 στ.
3557 5287 3578 5317 ⁸
3608 5289 3791 5340 Χουνὶ
3826 5291 3957 5340 τῶν

2820 5359 2863 5388 ¹¹
2895 5359 2995 5428 τῆς
3035 5361 3076 5412 Δ
3111 5377 3123 5412 :
3158 5357 3251 5410 τοῦ
3287 5375 3347 5422 ς.
3455 5358 3500 5388 ¹³
3537 5357 3875 5428 Γουνδογύης
3915 5378 3987 5425 ς·

627 5419 672 5455 ῖδ
706 5423 939 5478 ὀνόματι
963 5424 1087 5479 add.
1112 5427 1176 5478 A.
1255 5419 1298 5455 ίδ
1327 5424 1489 5495 λιμοῦ
1519 5439 1662 5478 corr.
1690 5424 1736 5474 Α
1778 5438 1793 5474 :
1829 5419 2056 5491 λοιμοῦς
2081 5440 2142 5487 ς.
2221 5422 2265 5454 ³⁸
2283 5419 2608 5496 δωρήμασιν
2641 5426 2908 5498 Scaliger.
2951 5419 3029 5460 ’ί¹⁷
3057 5419 3358 5501 Δριξίπερα
3380 5445 3441 5493 ς.
3471 5428 3551 5482 sic
3585 5437 3639 5480 et
3659 5419 3858 5482 infra:

2156 5513 2393 5575 NOTJE.

711 5604 821 5677 (27
849 5605 868 5677 )
893 5605 1182 5675 Nicepltor.
1211 5608 1307 5661 lib.
1346 5624 1504 5673 xvm,
1537 5625 1659 5676 cap.
1698 5611 1801 5664 30.:

737 5676 844 5746 28)
879 5679 952 5732 De
979 5678 1062 5732 his
1077 5682 1236 5732 etiam
1279 5694 1438 5746 supra
1469 5684 1519 5732 in
1547 5681 1873 5747 Theophane
1925 5677 2214 5748 Byzantio,

625 5757 680 5806 et
711 5749 938 5819 Procop.
971 5749 1063 5803 lib.
1095 5765 1171 5812 IV,
1205 5759 1258 5801 et
1293 5749 1585 5817 Nicepltor.
1639 5750 1675 5802 Ι.
1709 5765 1862 5817 xvm,
1891 5764 2013 5819 cap.
2046 5750 2135 5804 50.

700 5817 811 5887 (29
835 5819 852 5886 )
885 5819 997 5889 Τῆς
1028 5820 1290 5888 μετάξης.
1309 5820 1563 5883 Μὲταξαν
1578 5822 1812 5874 sericum
1835 5817 2214 5874 esse‘crudum

631 5891 864 5945 nondum
889 5889 1083 5951 lotum,
1111 5905 1286 5959 neque
1308 5890 1561 5957 tinctum,
1587 5890 1679 5943 scd
1702 5889 1967 5958 αὐτοφυὲς
1990 5907 2003 5942 :
2025 5905 2091 5943 ex
2113 5906 2219 5959 qua

630 5959 956 6017 vestimenta
984 5961 1155 6018 serica
1211 5960 1572 6018 conﬁciantur
1602 5963 1800 6018 docent
1826 5961 2218 6030 lexicographi.

2330 5608 2739 5686 VideSuidam
2763 5629 2892 5686 voce
2919 5615 3093 5684 Σῆρες
3122 5625 3174 5668 et
3201 5615 3431 5686 Συρική.

2432 5682 2532 5753 ὅθί)
2561 5682 2782 5752 Niccph.
2809 5685 2902 5739 lib.
2931 5682 3090 5750 xvitt,
3123 5701 3240 5753 cap.
3266 5682 3351 5740 t5.

2438 5751 2500 5804 δι
2530 5754 2546 5822 )
2580 5751 2714 5810 una;

2398 5830 2414 5890 t
2571 5823 2701 5897 Y_i_de
2725 5840 2849 5897 qum
2869 5825 3174 5878 notavimus
3199 5841 3316 5895 sup.
3348 5826 3466 5894 ad,6
3485 5825 3643 5897 hujus
3663 5840 3735 5881 au
3749 5833 4000 5894 cteris.

2400 5893 2546 5965 (55)
2578 5892 2801 5967 Niceph.
2841 5895 2936 5952 lib.
2965 5911 3117 5967 xvut,
3147 5892 3380 5965 cap.'28.
