4100 6438
596 435 699 500 159

1785 433 2053 494 ΡΗΟΤΙΙ
2093 435 2603 495 I’ATRIARCILE
2644 437 2753 497 (ΖΡ.

3763 441 3863 502 1(ῑο

598 550 757 605 modo
815 547 1012 601 Petrus
1065 546 1263 598 iterum
1297 545 1422 598 belit
1451 546 1556 600 dux
1593 550 1755 600 totius
1812 548 2076 616 Europte,
2112 549 2178 603 ab

2294 549 2685 620 ιύτοκράτορος
2721 547 3147 621 προχειρίζεται.
3177 549 3310 620 Περί
3341 567 3398 602 τε
3425 551 3514 604 τοῦ
3541 552 3720 621 γάμου
3747 554 3865 624 [τοῦ

598 645 923 711 imperatore
952 651 1169 695 creatus
1202 641 1292 694 sit.
1349 640 1486 710 32b
1515 641 1588 696 De
1644 643 1846 710 nuptiis
1887 643 2176 697 Theodosii

597 735 692 787 lilii
723 733 962 788 Mauricii
992 731 1082 801 (39
1105 731 1123 803 )
1146 773 1160 796 ,
1195 742 1248 786 et
1275 732 1397 786 lilia:
1422 731 1700 786 Germani.
1741 732 1940 788 Urbem
1975 734 2178 802 regiam

600 829 738 878 l’atne
765 841 825 880 ea
848 833 1165 894 tempestate
1193 823 1471 876 laborasse
1497 840 1510 890 ;
1533 839 1832 894 precesque
1858 825 1908 878 itt
1939 825 2179 878 Ecclesia

601 917 854 970 fundente
879 916 1140 970 Mauricio
1163 953 1180 980 ,
1211 916 1420 985 plebem
1464 931 1587 971 esse
1633 917 2012 970 tumultuatam
2043 917 2178 985 (40).

604 1007 674 1061 lie
694 1007 811 1078 ejus
829 1009 1238 1063 mansuetudine
1253 1023 1315 1063 ac
1344 1008 1587 1069 lenitate,
1605 1008 1945 1076 militumque
1970 1009 2185 1076 ablega-

603 1101 781 1164 tione;
811 1111 976 1170 utque
1004 1103 1192 1155 eodem
1221 1103 1328 1156 sint
1357 1103 1444 1156 die
1466 1099 1957 1155 revoeatiJ’etrum
1995 1102 2062 1155 ab
2083 1100 2186 1156 Au-

602 1200 759 1259 gusto
793 1192 1014 1245 missum
1042 1230 1058 1256 ,
1083 1202 1142 1245 ttt
1173 1191 1319 1244 omni
1360 1207 1462 1260 ope
1487 1200 1652 1258 atque
1692 1206 1853 1260 opere
1893 1189 2186 1247 Thracicas

600 1287 788 1354 c0pias
832 1287 897 1340 ad
949 1287 1250 1356 oppesitam
1309 1287 1428 1341 lstri
1462 1287 1633 1354 ripam
1691 1287 1979 1342 distineret
2023 1287 2179 1357 (4|);

604 1379 778 1447 tleque
824 1379 1081 1432 divinitus
1126 1377 1344 1432 Petrum
1402 1379 1711 1448 appellante
1745 1393 1898 1433 voce.
1959 1377 2183 1432 Tumul-

609 1479 846 1522 tuantetn
885 1487 1096 1525 rursum
1131 1472 1178 1524 in
1241 1471 1435 1524 castris
1469 1472 1862 1536 Romanorum,
1899 1481 1956 1526 et
1999 1481 2185 1527 contra

610 1560 927 1616 Mauricium
953 1562 1118 1616 factio
1147 1562 1421 1628 instituta,
1445 1563 1622 1617 electo
1649 1564 2013 1620 abtincondita
2049 1566 2187 1618 mul-

611 1655 838 1708 titudine
893 1654 1070 1708 Phoca
1112 1654 1246 1724 (42).
1290 1656 1487 1709 Petrus
1531 1655 1654 1725 fuga
1695 1657 1914 1711 interim
1957 1657 2185 1711 salutem

609 1747 822 1812 qttzerit,
851 1756 902 1800 et
929 1747 1211 1801 seditionis
1233 1748 1705 1816 adjtuperatorem
1725 1765 1910 1802 rumor
1931 1750 2186 1803 defertur.

608 1837 772 1892 Plebs
817 1849 994 1892 autem
1028 1853 1057 1891 a
1088 1838 1280 1908 Sergio
1321 1852 1484 1909 atque
1514 1840 1710 1895 Cosma
1758 1842 1989 1895 tribunis
2019 1840 2190 1909 plebis

609 1929 843 1996 primttm
876 1929 1123 1995 incitata,
1165 1931 1322 1984 novis
1375 1933 1593 1984 studere
1635 1932 1794 1984 rebus
1845 1929 2068 1999 incipit;
2102 1945 2188 1984 re-

609 2019 856 2087 pertique
903 2020 1254 2075 Prasiuorutn
1308 2021 1377 2076 M.
1415 2021 1478 2077 ἰ).
1509 2020 1854 2086 ,Venetorttm
1892 2037 2022 2076 vero
2077 2033 2185 2077 tre-

610 2112 754 2165 centi
807 2113 1089 2166 duntaxat.
1137 2113 1272 2167 l'linc
1319 2114 1541 2183 plebeiis
1602 2117 1852 2169 donativa
1897 2114 2190 2171 Mauricius

611 2203 858 2271 praebuit.
899 2203 1157 2274 Sequitur
1181 2209 1245 2259 atl
1291 2207 1680 2261 tumultuantes
1711 2207 1906 2262 milites
1949 2208 2188 2277 ejusdem

612 2296 828 2364 legatio,
859 2307 912 2353 et
948 2299 1236 2368 legationis
1270 2301 1520 2368 repulsa;
1566 2311 1732 2368 utque
1772 2301 1974 2364 regiam
2003 2304 2190 2355 urbem

612 2388 865 2455 prtesitiio
904 2391 1178 2445 munierit.
1229 2390 1514 2446 Exercitus
1548 2393 1613 2444 ad
1646 2389 2010 2446 Theodosium
2042 2391 2193 2446 Matt-

611 2481 731 2535 ricii
772 2480 835 2536 F.
871 2481 1089 2552 legatio,
1125 2484 1320 2552 ipsum,
1362 2493 1454 2538 aut
1493 2500 1738 2539 socerum
1793 2486 1938 2541 illius
1985 2502 2195 2556 germa-

611 2586 741 2624 num
791 2572 907 2626 dari
965 2573 1064 2627 sibi
1135 2575 1516 2642 imperatorem
1579 2576 1877 2645 postulans.
1934 2577 2066 2646 Ejus
2116 2578 2192 2632 rei

615 2664 836 2718 nuntius
868 2664 934 2718 ad
966 2665 1217 2720 Mauricii
1265 2681 1425 2722 aures
1465 2669 1680 2735 accidit,
1717 2670 1949 2740 indeque
2009 2687 2196 2739 suspe-

615 2755 724 2810 ctio
756 2756 808 2811 in
852 2754 1202 2820 Germanum,
1242 2768 1299 2812 ut
1327 2761 1625 2829 tyrannidis
1663 2773 1964 2816 auctorem.
2004 2762 2194 2827 Minae,

618 2844 998 2916 minarumque
1038 2848 1266 2916 Augusti
1323 2850 1374 2903 in
1423 2849 1754 2904 Germanum
1818 2869 1914 2921 per
1947 2851 2197 2908 Theodo-

615 2936 754 2990 sium
803 2951 1060 3008 generum
1115 2939 1315 2993 delatio
1367 2957 1381 2994 :
1427 2951 1482 2996 et
1529 2941 1787 2998 Germani
1848 2944 1900 2998 in
1958 2943 2200 3015 Deiparm

619 3031 898 3095 templum,
936 3041 992 3083 ut
1039 3033 1090 3084 itt
1119 3031 1326 3096 asylum
1375 3031 1498 3102 fuga
1539 3035 1673 3104 (45).
1719 3035 1856 3090 Hinc
1898 3035 2098 3106 Cyros,
2146 3047 2200 3091 et

617 3121 927 3190 Stephanus
969 3127 1250 3181 eunuchus
1309 3125 1422 3195 (qui
1475 3128 1704 3182 Caesaris
1754 3129 1940 3182 liberis
1992 3143 2198 3183 morum

2283 641 2495 712 παιδὸς]
2529 642 2809 694 Θεοδοσίου
2854 642 2948 694 τοῦ
2981 641 3170 704 παιδὸς
3205 643 3510 710 Μαυρικίου
3539 643 3634 696 ἐπὶ
3667 647 3733 714 τῇ
3769 644 3865 696 θυ-

2282 735 2446 803 γατρὶ
2472 733 2776 804 Γερμανοῦ.
2806 735 2916 786 Καὶ
2946 733 3190 803 περὶτῆς
3224 734 3488 797 σιτοδείας
3513 733 3614 802 τῆς
3636 734 3867 803 γενομέ-

2281 843 2381 896 νης
2419 828 2480 895 τῇ
2515 825 2749 894 βασιλίδι
2774 826 2882 879 τῶν
2915 826 3145 891 πόλεων,
3171 828 3264 878 καὶ
3291 827 3390 894 τῆς
3421 827 3706 896 συμϐάσης
3738 829 3870 880 άτα-

2284 917 2402 984 ξίας
2430 918 2537 970 τῶν
2567 918 2752 988 δήμων
2789 917 3158 982 λιτανεύοντος
3181 917 3273 970 τοῦ
3304 918 3589 987 βασιλέως,
3616 919 3710 971 καὶ
3741 919 3872 987 περὶ

2284 1011 2381 1080 τῆς
2414 1009 2793 1080 μακροθυμίας
2818 1009 3007 1074 αὑτοῦ,
3030 1009 3125 1063 καὶ
3151 1009 3364 1080 ὲξορίας
3388 1008 3495 1062 τῶν
3521 1009 3872 1078 στρατιωτῶν

2284 1104 2379 1154 καὶ
2408 1100 2750 1172 μονοημέρου
2780 1101 3259 1164 ὲπανὸδου.”οπως
3289 1101 3596 1170 Μαυρίκιος
3618 1099 3874 1152 ἐπέστελ-

2285 1194 2343 1246 λε
2359 1195 2403 1225 ’⁸
2428 1195 2630 1264 Πέτρον
2658 1195 2818 1246 παντὶ
2847 1194 3034 1265 τρόπῳ
3063 1195 3161 1256 τὰς
3185 1193 3453 1263 Θρακῴας
3485 1194 3573 1265 [97
3602 1193 3696 1264 Β.)
3719 1192 3876 1244 δυνά-

2289 1303 2410 1356 μεις
2443 1288 2524 1348 εἰς
2564 1285 2624 1336 τὸ
2661 1285 2956 1354 ἀντιπέρας
2989 1283 3082 1337 τοῦ
3108 1285 3323 1355 Ἴστρου
3355 1283 3678 1352 διατρίϐειν,
3723 1282 3875 1342 ὅπως

2285 1397 2344 1433 τε
2379 1379 2497 1432 θεία
2527 1379 2862 1448 προσέπεσεν
2897 1376 3046 1447 ὀμφὴ
3073 1376 3148 1445 τῷ
3175 1377 3388 1446 Πέτρῳ.
3417 1375 3524 1426 Καὶ
3553 1374 3702 1435 ὅπως
3739 1370 3872 1423 στά-

2289 1490 2372 1536 σις
2401 1474 2520 1536 ταῖς
2555 1471 2889 1540 Ῥωμαϊκαῖς
2920 1469 3273 1539 εἰσήρῤησε²⁹
3301 1467 3602 1535 δυνάμεσι,
3649 1464 3741 1517 καὶ
3782 1479 3878 1515 τυ-

2291 1565 2475 1635 ραννὶς
2531 1564 2759 1632 συνέστη
2808 1561 2948 1614 κατά
2996 1561 3093 1612 τοῦ
3131 1560 3554 1630 αὐτοκράτορος,
3585 1557 3750 1610 Φωκᾶ
3779 1555 3875 1607 τοῦ

2286 1657 2550 1728 τυράννου
2581 1654 2684 1707 ύπὸ
2711 1653 2803 1707 τοῦ
2843 1651 3076 1724 πλήθους
3105 1651 3720 1722 ἀναῤῥηθέντος.”οπως
3745 1665 3805 1700 τε
3831 1647 3878 1678 ³⁸

2291 1749 2480 1818 φεύγει
2495 1747 2721 1818 Πέτρος,
2738 1746 2834 1798 καὶ
2855 1747 3050 1814 ὅπωςὴ
3073 1744 3258 1806 στάσις
3283 1741 3656 1810 διαγγέλλεται
3685 1739 3761 1808 τῷ
3777 1739 3877 1808 βα-

2296 1842 2451 1895 σιλεῖ.
2472 1841 2582 1894 Καὶ
2615 1841 2762 1901 ὅπως
2781 1837 2846 1890 τά
2878 1836 3069 1907 πρῶτα
3085 1834 3170 1887 διὰ
3187 1835 3296 1886 τῶν
3325 1834 3619 1903 δημάρχων
3646 1831 3878 1901 Σεργίου

2293 1935 2389 1987 καὶ
2419 1933 2617 2002 Κοσμᾶ
2644 1930 3093 2002 πολυπραγμονεί
3115 1929 3176 1981 τὸ
3199 1927 3402 1996 πλῆθος
3425 1924 3530 1977 τῶν
3553 1925 3758 1994 δήμων,
3778 1921 3878 1974 καὶ

2291 2027 2605 2098 εὑρίσκεται
2652 2024 2938 2094 Πρασίνων
2987 2023 3084 2090 μὲν
3112 2027 3236 2091 ,αφκ
3273 2018 3514 2071 Βενέτων
3547 2016 3604 2068 δὲ
3647 2019 3878 2068 ἐννακο-

2293 2117 2500 2182 σίων³¹,
2533 2116 2627 2169 καὶ
2657 2116 2803 2176 ὅπως
2839 2117 2950 2176 τοῖς
2979 2113 3290 2182 δημοτικοῖς
3307 2111 3350 2141 ³⁸
3388 2107 3696 2176 φιλοτιμίας
3731 2120 3878 2172 παρ-

2293 2212 2502 2280 έσχετο.
2541 2205 2809 2280 Πρεσϐεία
2836 2223 2895 2258 τε
2921 2204 3012 2259 τοῦ
3048 2203 3447 2273 αὐτοκράτορος
3469 2201 3603 2272 πρὸς
3632 2199 3729 2260 τὰς
3753 2215 3881 2250 στα-

2293 2301 2588 2366 σιαζούσας
2632 2299 2928 2369 δυνάμεις,
2986 2298 3081 2350 καὶ
3133 2294 3236 2368 [48
3266 2295 3359 2366 Η.)
3407 2291 3725 2362 ἀποστροφὴ
3776 2289 3880 2358 τῆς

2295 2393 2620 2464 πρεσϐείας·
2652 2392 2798 2453 ὅπως
2838 2407 2897 2442 τε
2939 2389 3299 2461 περιφρουρεῖ
3347 2387 3446 2456 τὴν
3493 2383 3742 2454 βασιλίδα
3769 2382 3882 2434 τῶν

2296 2485 2526 2537 πόλεων.
2570 2481 2839 2552 Πρεσϐεία
2882 2498 2942 2533 τε
2977 2481 3087 2532 τῶν
3122 2478 3545 2550 στρατευμάτων
3579 2475 3716 2547 πρὸς
3745 2474 3883 2526 Θεο-

2294 2575 2470 2628 δόσιον
2521 2573 2614 2626 τὸν
2661 2573 2970 2643 Μαυρικίου
3015 2572 3150 2635 υἱὸν,
3187 2568 3410 2636 ἀξιοῦσα
3455 2569 3488 2638 ἢ
3537 2565 3757 2636 αὑτὸνῆ
3786 2565 3883 2617 τὸν

2296 2667 2558 2738 πενθερὸν
2586 2666 2866 2736 Γερμανὸν
2893 2665 3119 2734 βασιλέα
3153 2663 3302 2732 σφῶν
3323 2661 3717 2733 ἀναρρηθῆναι.
3736 2657 3887 2709 Γνῶ-

2299 2760 2381 2824 σίς
2411 2777 2471 2812 τε
2503 2759 2708 2812 τούτων
2751 2760 2830 2821 εἰς
2869 2756 3174 2828 Μαυρίκιον
3203 2757 3504 2824 ἀφιγμένη,
3535 2753 3628 2805 καὶ
3655 2753 3885 2804 ὑπόνοια

2297 2853 2376 2916 εἰς
2411 2853 2449 2904 Γ
2453 2851 2687 2923 ερμανὸν
2719 2851 2793 2913 ὡς
2823 2851 2994 2903 αἴτιον
3028 2849 3126 2920 τῆς
3152 2847 3485 2916 τυραννίδος,
3515 2845 3608 2898 καὶ
3656 2841 3880 2913 ἀπειλὴ,

2299 2944 2394 2998 καὶ
2423 2947 2652 3016 μήνυσις
2679 2944 2778 3014 τῆς
2814 2942 3094 3013 βασιλικῆς
3123 2941 3353 3012 ἀπειλῆς
3395 2940 3483 2992 διὰ
3506 2938 3598 2992 τοῦ
3628 2936 3886 3008 γαμϐροῦ

2299 3035 2601 3101 Θεοδοσίου,
2633 3037 2725 3088 καὶ
2774 3035 3065 3105 καταφυγὴ
3110 3031 3390 3104 Γερμανοῦ
3424 3031 3560 3103 πρὸς
3608 3030 3698 3082 τὸν
3741 3028 3883 3082 νεὼν

2300 3129 2398 3199 τῆς
2433 3126 2795 3197 Θεομήτορος.
2815 3125 2935 3179 Τῶν
2963 3125 3144 3196 Κύρου
3172 3124 3266 3178 καὶ
3287 3123 3557 3190 Στεφάνου
3582 3120 3673 3175 τοῦ
3700 3119 3890 3174 εὐνού-

616 3213 914 3280 prterectus
961 3213 1162 3287 fuerat)
1210 3218 1276 3270 ad
1325 3217 1655 3273 Germanum
1693 3220 1865 3284 missi,
1911 3229 1969 3274 ιιι
2002 3220 2191 3290 templo

2303 3236 2398 3290 χου
2419 3221 2482 3279 ³³,
2515 3218 2572 3281 ὃς
2606 3219 2900 3287 ἐπίτροπος
2951 3217 3206 3269 ἐτέτακτο
3249 3217 3360 3278 τοῖς
3395 3213 3659 3285 βασιλέως
3701 3211 3886 3276 παισὶ,

622 3301 1027 3372 digrederetur;
1061 3309 1155 3361 sed
1180 3308 1330 3362 irrita
1361 3309 1560 3380 legatio
1578 3310 1700 3368 fuit.
1739 3311 1994 3366 Fustihus
2027 3327 2198 3367 caesus

621 3395 961 3453 Theodosius
989 3415 1018 3453 a
1054 3410 1278 3469 parente
1312 3402 1594 3467 Mauricio,
1634 3405 1778 3472 quod
1829 3419 2020 3460 socero
2073 3420 2200 3459 suas

621 3489 800 3542 minas
829 3488 1144 3544 indicasset.
1193 3489 1451 3546 Germani
1481 3507 1512 3546 e
1549 3493 1750 3562 templo
1776 3493 1835 3546 B.
1864 3491 2103 3563 Virginis
2132 3497 2202 3548 ad

625 3581 844 3636 Sanctae
879 3583 1096 3650 Sophia:
1129 3583 1416 3650 transitus,
1457 3594 1510 3637 et
1545 3586 1760 3650 iterata,
1785 3594 1846 3638 ut
1874 3585 1997 3639 inde
2024 3586 2202 3655 digre-

625 3676 825 3737 diatttr,
859 3673 1127 3737 hortatio;
1153 3675 1248 3728 sed
1281 3691 1386 3743 qua
1421 3675 1552 3728 nihil
1583 3675 1957 3744 persuadetur,
1988 3676 2203 3732 Andrea

624 3767 857 3834 quodam
911 3781 1188 3835 egreSsum
1228 3767 1597 3832 dissuadente,
1634 3770 1760 3823 dum
1797 3770 2049 3838 precandi
2081 3785 2204 3837 gra-

624 3858 700 3911 tia
733 3858 987 3927 templum
1029 3859 1336 3928 frequentat
1368 3859 1502 3930 (44).
1535 3859 1733 3914 Turba:
1773 3862 1992 3923 iterum,
2017 3861 2204 3916 incen-

625 3952 880 4021 diumque
961 3950 1188 4006 Urbana:
1267 3955 1458 4007 dOntus
1514 3952 1889 4016 Constantini,
1954 3953 2202 4022 patricii,

626 4058 782 4113 quem
822 4043 1043 4112 Lardyn
1083 4043 1241 4111 vulgo
1287 4041 1745 4112 cognominabant
1788 4041 1923 4112 (45).
1960 4040 2202 4096 Mauricii

625 4137 871 4191 testuatio
908 4152 972 4189 ac
998 4137 1146 4204 fuga,
1199 4147 1363 4203 utque
1396 4144 1584 4188 exorta
1604 4134 1769 4188 maris
1797 4142 2092 4203 tempestas
2124 4132 2207 4186 fu-

2304 3315 2442 3385 πρὸς
2473 3313 2751 3384 Γερμανδν
2784 3311 3055 3382 ἀποστολὴ
3103 3311 3182 3374 είς
3231 3310 3290 3362 τὸ
3333 3309 3569 3374 ἐξελθεῖν
3599 3306 3762 3360 αὑτὸν
3789 3305 3890 3359 τοῦ

2303 3407 2430 3461 ναοῦ
2456 3406 2550 3460 καὶ
2577 3403 2818 3473 ἀπραξία
2836 3421 2850 3434 ·
2881 3405 2974 3456 καὶ
3001 3405 3033 3472 ἡ
3057 3403 3142 3456 διὰ
3164 3401 3377 3472 ῥάϐδων
3400 3399 3735 3471 μαστίγωσις
3755 3397 3893 3450 Θεο-

2303 3499 2478 3553 δοσίου
2500 3497 2594 3552 τοῦ
2622 3498 2812 3560 παιδὸς
2839 3497 2942 3550 ὑπὸ
2971 3494 3065 3548 τοῦ
3099 3495 3302 3565 πατρὸς
3328 3495 3489 3548 ἕνεκα
3513 3495 3612 3564 τῆς
3638 3491 3773 3562 πρὸς
3797 3491 3896 3544 τὸν

2304 3591 2564 3662 πενθερὸν
2593 3589 3045 3660 καταμηνύσεως.
3081 3590 3192 3642 Καὶ
3241 3588 3631 3657 μεταφοίτησις
3676 3587 3715 3637 Γ
3718 3601 3898 3655 ερμα-

2305 3685 2398 3740 νοῦ
2436 3685 2543 3738 ἀπὸ
2584 3683 2678 3737 τοῦ
2713 3685 2818 3738 νεὼ
2845 3683 2946 3752 τῆς
2979 3683 3320 3752 Θεομήτορος
3346 3682 3438 3734 ἐπὶ
3464 3679 3562 3750 τὴν
3598 3679 3758 3746 ἁγίαν
3791 3677 3895 3729 Σο-

2306 3779 2457 3848 φίαν,
2489 3776 2585 3829 καὶ
2631 3777 2795 3830 πάλιν
2844 3774 3182 3847 πρόσκλησις
3228 3776 3323 3827 ἐπὶ
3365 3773 3429 3825 τὸ
3477 3771 3751 3839 ἐξελθεῖν,
3798 3771 3899 3823 καὶ

2305 3866 2900 3938 ἀπείθεια,’Λνδρέα³ἳ¹ν.-
2935 3868 3081 3929 τινὸς
3137 3865 3378 3935 συνεχῶς
3427 3863 3720 3941 φοιτῶντος
3772 3863 3899 3925 ταῖς

2306 3962 2600 4024 λιτανείαις
2641 3960 2739 4030 τὴν
2781 3959 2958 4025 ἔξοδον
2999 3957 3394 4020 κεκωλυκὸτος.
3430 3955 3662 4027 Θόρυϐοί
3699 3972 3757 4006 τε
3799 3955 3898 4005 καὶ

2307 4053 2634 4125 ἐμπρησμὸς
2661 4054 2759 4123 τῆς
2791 4053 2933 4105 κατὰ
2961 4052 3061 4121 τὴν
3089 4049 3241 4103 πόλιν
3271 4050 3446 4112 οἰκίας
3480 4048 3898 4102 Κωνσταντίνου

2307 4144 2402 4198 τοῦ
2434 4143 2748 4212 πατρικίου,
2778 4141 2839 4195 ὃν
2867 4141 3082 4210 Λαρδῦν
3104 4140 3148 4172 ³⁸
3178 4140 3433 4194 ἐπεκάλει
3463 4138 3533 4192 τά
3560 4138 3764 4208 πλήθη·
3797 4137 3899 4190 καὶ

626 4245 746 4299 gam
766 4230 866 4300 ipsi
893 4229 1233 4284 interciderit
1252 4228 1387 4298 (46).
1406 4226 1695 4281 Theodosii
1720 4226 1812 4281 lilii
1837 4227 1900 4280 ad
1925 4226 2191 4281 ChOSl‘OEt'

2309 4236 2512 4308 ἀπορία
2556 4233 2866 4305 Μαυρικίου
2918 4234 3013 4286 καὶ
3059 4232 3578 4300 ἀπόδρασις.”οπως
3626 4227 3902 4289 κλύδωνος

627 4324 834 4389 missio,
889 4323 1239 4390 reductioque
1289 4321 1468 4375 Nicaea
1495 4337 1558 4374 ex
1607 4321 1804 4374 indicio
1832 4320 2016 4374 annuli
2039 4320 2191 4391 33a,

2309 4328 2592 4396 γεγονότος
2633 4325 2876 4396 ἐγκοπὴν
2927 4325 3064 4396 πρὸς
3108 4324 3208 4392 τὴν
3256 4323 3554 4393 ἀπόδρασιν
3605 4321 3898 4390 λαμϐάνει.

627 4429 784 4486 quem
817 4414 924 4468 lilio
970 4429 1166 4482 parens
1197 4413 1489 4468 Mauricius
1542 4413 1680 4481 signi
1734 4422 2059 4482 tesserteqne
2090 4414 2191 4467 loct

2311 4393 2424 4473 καὶ
2465 4393 2738 4486 ἀποστολὴ
2781 4393 3064 4469 Θεοδοσίου
3091 4413 3181 4470 τοῦ
3213 4412 3402 4475 παιδὸς
3441 4413 3576 4483 πρὸς
3623 4410 3898 4479 Χοσρόην,

627 4508 945 4562 tradiderat.
975 4505 1318 4561 Urbauorum
1352 4507 1419 4560 ad
1473 4515 1787 4575 tyrannum,
1825 4507 1877 4559 in
1913 4509 2112 4576 quibus
2153 4523 2182 4560 e

2313 4510 2408 4563 καὶ
2456 4508 2770 4578 ὑποστροφὴ
2824 4505 2985 4559 πάλιν
3019 4505 3124 4557 ἀπὸ
3155 4504 3390 4566 Νικαίας
3424 4507 3488 4574 τῇ
3518 4500 3772 4568 ἐπιδείξει
3804 4499 3900 4554 τοῦ

629 4598 981 4654 llehdomites
1029 4609 1166 4662 erat,
1220 4613 1538 4653 concursus.
1575 4599 1870 4667 Imperium
1902 4598 2191 4654 Germauut

2309 4598 2616 4659 δακτυλίου,
2645 4597 2672 4649 ὃ
2709 4591 2776 4666 ἦν
2807 4597 2885 4658 είς
2918 4595 3170 4665 σύνθημα
3194 4593 3270 4662 τῷ
3303 4594 3454 4647 παιδὶ
3488 4593 3640 4663 παρὰ
3667 4589 3762 4643 τοῦ
3798 4607 3902 4642 πα-

629 4691 888 4745 atl'ectans
936 4700 1060 4745 voto
1112 4689 1332 4753 excidit,
1377 4687 1617 4743 Prasinis
1666 4704 1726 4744 se
1773 4704 1895 4744 eum
1927 4698 2191 4744 creaturos

2316 4693 2443 4762 τρὸς
2491 4688 2929 4757 ποιηθέν.”υπως
2964 4703 3023 4738 τε
3076 4687 3210 4757 πρὸς
3260 4685 3351 4738 τὸν
3398 4684 3662 4756 τύραννον
3708 4685 3757 4736 οἱ
3804 4681 3901 4735 τοῦ

631 4786 1010 4852 imperatorem
1047 4784 1392 4854 negantibus,
1432 4785 1596 4851 quod,
1620 4792 1678 4836 ut
1709 4783 1808 4852 ipsi
1839 4783 2191 4849 alIirntabant,

2317 4785 2526 4846 ἄστεως
2549 4784 2614 4846 ³⁸,
2659 4783 2717 4834 ὲν
2748 4778 2830 4845 οἷς
2863 4777 2930 4851 ἦν
2953 4782 2995 4812 ³⁷
3030 4782 3124 4833 καὶ
3155 4781 3182 4832 ὁ
3217 4779 3500 4848 Ἐδομίτης
3521 4778 3586 4844 ³⁸,
3616 4774 3901 4846 προσεχώ-

629 4878 885 4933 factionis
909 4889 1056 4936 esset
1084 4878 1414 4932 Venetorum
1438 4876 1577 4947 (47).
1609 4875 1750 4944 Ergo
1777 4875 1987 4930 Phocas
2009 4876 2191 4930 deindt

2317 4875 2707 4947 ρησαν.“οπως
2739 4891 2797 4925 τε
2828 4873 3104 4943 Γερμανὸς
3139 4870 3565 4934 κατασκευάζων
3591 4868 3770 4938 ἐαυτῷ
3801 4868 3903 4937 τὴν

632 4974 684 5025 in
717 4971 918 5040 templo
945 4971 1004 5025 Β.
1041 4971 1285 5037 Joannis,
1311 4972 1458 5042 quod
1486 4979 1570 5025 est
1596 4970 1649 5024 in
1678 4969 1944 5040 Septimo,
1969 4970 2191 5039 impera-

2317 4971 2595 5042 βασιλείαν
2637 4967 3041 5037 ἀποτυγχάνει,
3067 4964 3176 5018 τῶν
3228 4962 3512 5034 Πρασίνων
3560 4963 3904 5016 ἀπειπόντων

1938 5103 2168 5160 VARUS
2207 5103 2610 5160 LECTIONES.

695 5205 742 5237 ’⁸
772 5201 984 5255 ἔστελλε
1018 5219 1078 5264 ς.
1189 5201 1233 5232 ’θ
1265 5199 1537 5270 εἰσείρησε
1570 5217 1629 5263 ς’.
1709 5198 1754 5228 ³⁰
1787 5213 1847 5248 τε
1873 5197 2094 5270 atld.__A.
2171 5197 2216 5270 ξι
2246 5194 2603 5270 ἐννακοσίων]
2639 5194 2747 5270 τ’ςς.
2825 5195 2870 5227 ³³
2894 5197 3006 5270 τοῖς
3035 5193 3351 5270 δημοτικοῖς
3379 5195 3459 5246 A:
3492 5193 3594 5261 τῆς
3627 5191 3904 5270 δημιουρ.-

632 5275 797 5343 γικῆς
837 5291 900 5338 ς.
975 5262 1310 5343 ³⁵-εᾲὺνρύχου
1368 5262 1418 5323 Α’
1447 5262 1827 5343 ε’ήμιάρρενᾳς
1865 5286 1953 5343 ς..
2001 5266 2320 5343 διξρνδρέου
2355 5285 2414 5331 ς.
2506 5267 2549 5297 ³⁵
2579 5262 2794 5338 λάρδυν
2823 5285 2884 5331 ς.
2922 5267 3042 5320 vide
3105 5266 3310 5320 Anecd.
3390 5275 3602 5329 nostra,
3633 5278 3684 5333 p.
3742 5262 3909 5316 H95.

635 5319 906 5408 sese;
937 5363 998 5410 ς.
1055 5319 1460 5414 τήνω-π
1499 5319 2020 5409 τἐιτιδομιὲηέλε
2069 5319 2411 5408 Ἐδδδμήττῖέ
2435 5355 2498 5402 ς’

2158 5449 2388 5508 lNOT/E.

2399 5550 2678 5619 (MHbid.

2391 5622 2667 5695 (satum.
2715 5637 2836 5690 cap.
2869 5621 2958 5675 to.
3084 5689 3149 5695 __
3477 5688 3488 5695 _
3686 5684 3715 5695 η

2391 5687 2504 5762 (46)
2532 5687 3032 5762 Ροόθςιηιιάυοιιυιι
3067 5689 3280 5747 dolores
3306 5688 3594 5760 Nicephor.
3631 5687 3912 5757 adjuugit.

2395 5763 2506 5833 (47)
2533 5763 2758 5832 Niceph.
2798 5761 2928 5817 ibid.

749 5559 860 5632 39)
894 5557 1116 5628 Niceph.
1152 5558 1434 5632 lih._xvut,
1473 5568 1592 5621 cap.
1622 5552 1713 5605 ⁸57.

749 5560 860 5632 39)
894 5560 1116 5628 Niceph.
1152 5560 1243 5612 lib.
1282 5570 1434 5618 xmt,
1473 5568 1592 5621 cap.
1622 5560 1713 5605 37.

708 5560 821 5704 (40
844 5632 1033 5704 )η1ὶ›ἰ(1.
1059 5645 1184 5704 cap.
1213 5628 1302 5704 '5_8.
1461 5695 1473 5704 _
1693 5693 1704 5703 ο
1958 5691 1969 5702 .

713 5695 1400 5776 (Li)'l‘iitzepl_t._Christtttn
1461 5695 1636 5776 ipsum
1693 5695 1746 5745 in
1795 5695 2002 5776 somnis
2052 5703 2219 5761 appa-

646 5766 842 5840 ruisse,
879 5766 1310 5839 Mauricitttuqne
1343 5766 1640 5840 appellasse
1666 5771 1874 5816 narrat.

718 5834 1071 5916 (HiNiceph.
1108 5834 1391 5916 liba-svnt,
1424 5851 1544 5904 cap.
1569 5834 1656 5890 59.

723 5913 832 5991 (45)
862 5917 1084 5984 Νἰοιδιιιι.
1119 5913 1248 5967 ibid.
