4146 6464
277 412 376 476 161

1444 433 1967 493 BIBLIOTHECA.
1996 459 2066 468 -—
2100 434 2262 494 COD.
2296 437 2461 496 LXV.

3442 440 3544 502 162

271 529 366 599 τὴν
395 529 705 601 ἀνάρρησιν
740 532 830 587 διὰ
870 533 929 586 τὸ
972 536 1070 608 τῆς
1109 540 1376 611 αἱρέσεως
1405 543 1571 596 αὑτὸν
1601 537 1762 611 εἶναι,
1790 545 1851 609 ὡς

1971 553 2054 599 tor
2087 547 2450 610 renuntiatur,
2480 545 2707 617 Cyriaco
2727 545 2887 615 regite
2907 545 3055 601 urbis
3075 547 3382 614 patriarcha
3404 550 3542 621 (48),

270 621 475 673 ἐκεῖνοι
511 621 770 691 ἔφασκον,
803 625 913 679 τῶν
953 628 1214 688 Βενέτων.
1251 629 1383 687 Εἶτα
1413 637 1774 708 ἀναγόρευσις
1807 639 1866 691 ἐν

269 713 346 781 τῷ
375 713 494 782 ναῷ
523 714 616 766 τοῦ
648 716 802 784 ἁγίου
820 719 1065 775 Ἰωάννου
1097 725 1154 777 ἐν
1170 724 1248 795 τῷ
1282 727 1526 799 Ἑϐδόμῳ
1552 729 1646 783 τοῦ
1669 731 1861 784 Φωκᾶο

269 809 634 878 Κυριακδςδὲ
669 813 970 882 τηνικαῦτα
999 817 1126 881 τοὺς
1158 821 1258 889 τῆς
1299 819 1570 890 βασιλίδος
1600 825 1863 894 ἀρχιερα-

267 902 457 964 τικοὺς
492 906 868 975 ἐγκεχείριστο
901 909 1120 976 νόμους.
1151 911 1370 975 Είσοδός
1413 930 1469 966 τε
1515 915 1678 967 Φωκᾶ
1729 917 1864 984 πρὸς

264 993 332 1044 τὰ
383 995 659 1063 βασίλεια,
693 1000 786 1051 καὶ
830 1001 1135 1073 ἀνάρῥησις
1180 1004 1438 1070 Λεοντίας
1470 1007 1570 1076 τῆς
1604 1009 1863 1075 γυναικὸς

264 1088 450 1140 Φωκᾶ.
487 1091 595 1142 Καὶ
638 1093 766 1161 περὶ
816 1093 913 1164 τὴν
930 1095 972 1126 ³³
999 1095 1182 1150 τόπων
1207 1097 1396 1150 στάσιν
1429 1099 1535 1152 τῶν
1565 1101 1861 1172 δημάρχων

265 1179 399 1243 ἔρις,
437 1181 535 1232 καὶ
562 1182 806 1251 ὠθισμὸς
832 1185 1028 1254 Κοσμᾶ
1053 1185 1148 1239 τοῦ
1178 1187 1464 1259 δημάρχου
1487 1191 1596 1243 τῶν
1623 1193 1861 1246 Βενέτων

267 1269 368 1320 ὑπὸ
405 1271 800 1345 Ἀλεξάνδρου,
844 1277 936 1328 καὶ
976 1277 1131 1346 ὕϐρις
1166 1282 1245 1344 είς
1283 1281 1630 1354 Ἀλέξανδρον
1651 1283 1714 1336 ⁸ο.
1753 1285 1861 1338 Καὶ

268 1366 455 1432 μνήμη
489 1367 822 1436 Μαυρικίου,
849 1368 921 1430 ὡς
945 1371 1042 1423 οὑκ
1063 1373 1324 1436 ἀπέθανε,
1357 1376 1447 1427 καὶ
1475 1375 1563 1429 διὰ
1586 1377 1742 1430 τοῦτο
1764 1376 1858 1430 τοῦ

266 1455 530 1523 τυράννου
557 1458 694 1528 πρὸς
713 1459 804 1511 τὸν
825 1460 984 1529 φόνον
1006 1462 1098 1514 τοῦ
1119 1463 1385 1532 βασιλέως
1410 1467 1666 1534 μᾶλλον¹ι⁸
1690 1470 1855 1540 ὁρμή.

266 1545 577 1616 Ἀναίρεσίς
618 1567 675 1602 τε
709 1550 818 1603 τῶν
849 1551 943 1604 τοῦ
973 1553 1238 1622 βασιλέως
1269 1557 1475 1610 παίδων
1506 1561 1734 1614 ἐνώπιον
1763 1562 1856 1616 τοῦ

266 1641 471 1711 πατρὸς
503 1644 566 1694 ἐν
597 1647 709 1707 τοῖς
742 1646 1065 1717 Εὑτροπίου,
1095 1649 1189 1701 καὶ
1226 1651 1516 1721 φιλοσοφία
1562 1654 1658 1707 καὶ
1689 1654 1856 1724 εὑχα-

267 1733 445 1802 ριστία
497 1733 596 1787 τοῦ
645 1735 930 1803 βασιλέως,
967 1739 1060 1792 καὶ
1091 1741 1256 1794 αὑτοῦ
1292 1745 1499 1797 ἐκείνου
1544 1746 1630 1798 διὰ
1671 1748 1857 1800 Λιλίου

267 1825 571 1895 ἀναίρεσις.
621 1830 731 1881 Καὶ
781 1831 906 1902 περὶ
951 1833 1050 1903 τῆς
1097 1835 1189 1887 ἐπὶ
1223 1834 1546 1905 Ἡρακλείου
1579 1838 1674 1893 τοῦ
1711 1843 1858 1910 βασι-

1968 633 2160 688 Pltoczze
2193 637 2244 688 in
2283 636 2485 705 regiam
2521 635 2823 706 ingressus,
2873 647 2927 690 et
2961 634 3203 692 Leontiae
3254 637 3373 708 ejus
3415 656 3548 694 uxo-

1967 728 2083 791 ris,
2119 737 2172 780 ut
2211 739 2452 798 augusta:
2505 728 2891 784 consalutatio.
2949 727 3316 784 Tribunorum
3374 731 3547 800 plebis

1967 817 2156 888 ingens
2183 831 2291 871 tum
2328 823 2392 873 de
2468 819 2712 874 locorum
2771 821 3005 875 statione
3055 823 3330 874 contentio
3384 831 3548 892 atque

1965 911 2266 963 altercatio.
2305 911 2514 964 Cosma:
2563 912 2733 979 partis
2781 911 2993 966 Veneta:
3033 913 3233 966 tribuni
3269 911 3439 980 plebis
3478 917 3546 969 ab

1963 1002 2268 1056 Alexandro
2303 1004 2662 1070 propnlsatio,
2699 1014 2753 1059 et
2786 1005 2983 1073 injecta
3032 1007 3236 1060 mentio
3259 1047 3272 1064 ,
3307 1007 3542 1061 nondum

1963 1093 2163 1148 obiisse
2193 1093 2542 1149 Mauricium.
2569 1095 2687 1161 Quo
2730 1097 2956 1162 factum,
2989 1108 3049 1150 ut
3082 1097 3283 1165 impetu
3314 1100 3544 1166 quodam

1962 1187 2027 1240 ad
2061 1187 2409 1256 imperatoris
2438 1193 2637 1244 cagdem
2675 1191 2918 1261 tyrannis
2951 1206 3010 1244 se
3033 1192 3380 1261 proripuerit.
3411 1192 3548 1246 lliuc

1962 1277 2140 1332 caedes
2169 1277 2464 1333 liberorum
2495 1280 2723 1350 Augusti
2767 1281 2818 1333 in
2853 1283 3093 1350 parentis
3121 1282 3292 1334 oculis
3335 1284 3400 1334 ad
3440 1281 3547 1333 Eu-

1963 1369 2121 1438 lropii
2173 1370 2308 1441 (49).
2375 1371 2554 1424 Animi
2612 1373 2876 1439 sapientia
2929 1373 3196 1434 (Σίνδοι-ξε,
3251 1374 3385 1426 actis
3435 1373 3547 1425 Deo

1959 1462 2186 1532 gratiis;
2222 1472 2387 1532 utque
2421 1479 2448 1515 a
2499 1462 2635 1516 Lilio
2665 1479 2961 1532 percussus
2994 1464 3213 1518 obierit.
3246 1463 3468 1529 Legitur
3491 1472 3546 1516 et

1962 1563 2342 1608 testamentum
2371 1553 2612 1607 Mauricii
2647 1554 2896 1608 Heraclio
2922 1555 3220 1623 itnperante
3243 1557 3542 1610 inventum.

1959 1647 2238 1712 Quomodo
2276 1649 2420 1716 regia
2471 1662 2699 1714 corpora
2753 1648 2977 1701 marinis
3034 1648 3322 1701 commissa
3360 1645 3543 1699 ﬂucti-

1959 1742 2088 1802 bus;
2121 1750 2172 1794 et
2203 1740 2447 1793 funebris
2495 1740 2550 1794 in
2585 1738 2904 1794 Mauricium
2937 1738 3203 1804 laudatio,
3253 1751 3415 1807 utque
3453 1739 3540 1792 di-

1959 1834 2096 1885 vina:
2153 1832 2354 1901 judicio
2413 1831 2764 1899 providentia:
2819 1830 2972 1900 (50),
3023 1830 3251 1883 Romani
3318 1830 3538 1894 milites,

263 1913 395 1978 λὲως
423 1918 750 1990 εὑρεθείσης
780 1921 1044 1993 διαθήκης
1064 1926 1374 1997 Μαυρικίου
1401 1927 1494 1982 τοῦ
1526 1932 1851 2004 αὐτοκράτο-

1957 1937 2164 1983 eorum,
2205 1938 2325 1990 qum
2349 1921 2402 1973 in
2436 1920 2754 1974 Mauricium
2787 1917 3054 1988 ﬂagitiose
3081 1929 3386 1987 patrarunt,
3421 1935 3538 1987 pte-

268 2025 352 2076 ρος
371 2009 643 2073 ⁶².Ὅπως
675 2030 733 2064 τε
761 2014 826 2065 τὰ
859 2015 1085 2084 σώματα
1107 2017 1215 2070 τῶν
1248 2018 1511 2088 βασιλέων
1540 2023 1620 2092 τῷ
1651 2023 1852 2078 θαλατ-

263 2100 356 2168 τίῳ
403 2102 577 2173 ῥοθίῳ
624 2105 1023 2177 παρεδόθησαν.
1043 2109 1359 2179 Ἐπιτάφιός
1405 2130 1465 2165 τε
1513 2117 1592 2178 είς
1636 2117 1853 2187 Μαυρί-

267 2209 372 2245 κιον
392 2210 406 2224 ο
439 2195 542 2247 καὶ
571 2197 716 2258 ὅπως
746 2197 843 2261 τὰς
875 2200 1170 2265 ἀντιδόσεις
1202 2203 1311 2256 τῶν
1353 2207 1854 2278 παρανομηθέντων

265 2285 446 2347 αὑταῖς
478 2289 566 2349 είς
602 2289 908 2358 Μαυρίκιον
945 2294 998 2344 αἱ
1034 2292 1340 2362 Ῥωμαϊκαὶ
1369 2297 1626 2367 δυνάμεις
1677 2300 1852 2370 κρίσει

267 2378 520 2443 προνοίας
550 2378 698 2443 θείας
725 2381 1048 2452 ἐλάμϐανον,
1071 2384 1145 2448 ὡς
1172 2389 1230 2440 ἐν
1257 2386 1421 2458 ὀλίγῳ
1450 2391 1626 2462 χρόνῳ
1653 2391 1853 2462 μηδένα

264 2468 366 2520 τῶν
395 2472 851 2542 κοινωνησάντων
879 2476 979 2544 τῆς
1007 2479 1318 2547 τυραννίδος
1348 2482 1410 2534 ἐκ
1434 2482 1688 2536 τοσούτου
1719 2484 1854 2555 πλή-

268 2559 383 2623 θους
427 2562 850 2632 ὑπολειφθῆναι,
890 2565 1018 2639 [100
1048 2569 1139 2640 IL]
1177 2570 1294 2624 ἀλλ’
1331 2575 1380 2625 οἱ
1429 2573 1526 2642 μὲν
1575 2575 1770 2646 λοιμῷ,
1802 2577 1850 2631 οἱ

266 2652 315 2703 δὲ
342 2655 473 2724 πυρὶ
503 2655 769 2728 οὐρανίῳ,
801 2659 850 2710 οί
883 2660 938 2711 δὲ
969 2663 1062 2712 καὶ
1093 2664 1320 2732 στόματι
1347 2665 1716 2737 διεφθάρησαν
1744 2688 1850 2738 μα-

266 2744 472 2815 χαίρας,
508 2746 656 2800 ὥστε
684 2751 844 2820 ἡνίκα
875 2751 1193 2822 Ἡράκλειος
1215 2756 1242 2807 ὁ
1274 2757 1524 2826 βασιλεὺς
1552 2759 1688 2830 πρὸς
1723 2762 1848 2814 Ῥα-

269 2833 423 2904 ζάτην
456 2837 556 2889 τὸν
589 2840 802 2911 Πέρσην
831 2843 1087 2912 πολεμεῖν
1119 2845 1284 2912 ἔγνω,
1311 2847 1528 2912 ἔκταξιν
1554 2850 1652 2920 τῆς
1688 2869 1852 2922 στρα-

267 2925 405 2989 τείας
433 2930 809 2999 ποιησάμενος
838 2932 932 2986 δύο
960 2934 1153 3003 μόνους
1175 2931 1330 3008 εὗρεν
1357 2940 1850 3012 ὑπολελειμμένους

272 3017 351 3088 [.59
377 3019 467 3091 IL]
502 3023 608 3092 τῆς
640 3025 1027 3098 φιλοτυράννου
1072 3031 1333 3102 πληθύος,
1365 3038 1456 3106 καὶ
1495 3037 1613 3088 τότε
1649 3037 1850 3108 ἤρξατο

270 3110 321 3162 τὸ
351 3113 664 3184 Ῥωμαϊκὸν
698 3119 840 3172 κατὰ
869 3123 1096 3192 Περσῶν
1130 3125 1398 3195 ἐνισχύειν
1419 3127 1623 3198 ·¹μέχρι
1653 3130 1762 3200 γὰρ
1785 3129 1850 3183 διν

1959 2031 2056 2070 uas
2089 2015 2356 2077 dederint,
2394 2015 2536 2081 quod
2578 2024 2698 2081 post
2738 2028 2844 2066 non
2883 2013 2997 2077 ditt,
3045 2013 3233 2077 caedis,
3282 2014 3543 2080 tyranni-

1956 2106 2149 2174 disque
2172 2107 2445 2160 sociorum
2479 2119 2659 2170 nemo,
2693 2103 2746 2157 in
2782 2113 2929 2157 tanta
2957 2104 3323 2168 multitudine,
3350 2120 3539 2172 super-

1954 2195 2170 2252 fuerit:
2218 2206 2368 2265 peste
2418 2195 2562 2250 enim
2617 2195 2731 2259 alii,
2763 2194 2854 2248 alii
2916 2195 3124 2248 caelesti
3186 2195 3345 2264 igne,
3395 2194 3539 2247 ferro

1956 2290 2141 2344 caueri
2202 2290 2266 2342 ad
2317 2305 2480 2342 unum
2544 2303 2735 2343 omnes
2791 2287 3070 2355 perierunt
3115 2304 3128 2340 :
3183 2297 3348 2356 atque
3401 2287 3538 2340 adeo

1956 2381 2238 2436 lleraclius
2282 2393 2402 2451 post
2451 2383 2612 2450 paulo
2655 2395 2832 2436 rerum
2881 2381 3116 2448 potitus,
3150 2394 3271 2432 cum
3333 2378 3532 2432 Rasate

1953 2475 2116 2530 Persa
2152 2473 2349 2528 bellnm
2375 2482 2626 2541 gesturus
2646 2512 2660 2537 ,
2705 2471 2915 2525 delectu
2954 2471 3161 2534 habito,
3193 2471 3277 2523 vix
3307 2469 3443 2522 duos
3469 2484 3533 2522 ex

1954 2569 2060 2622 illis
2079 2569 2312 2637 partium
2343 2567 2601 2620 studiosis
2625 2564 2843 2619 relictos
2865 2563 3534 2633 reperit.Actumdemum

1952 2660 2180 2714 Romani
2214 2659 2394 2714 Persis
2426 2661 2734 2727 superiores
2764 2671 2886 2712 esse
2911 2667 3216 2724 coeperunt,
3247 2657 3364 2725 qui,
3405 2655 3530 2708 dum

1957 2753 2032 2807 illi
2061 2752 2250 2806 nefarii
2277 2732 2598 2821 superstites
2623 2759 2830 2816 essent,
2866 2766 2895 2802 a
2925 2749 3108 2803 Persis
3144 2748 3269 2800 victi
3321 2762 3537 2816 semper

1956 2844 2341 2897 discesserant.
2389 2841 2578 2896 Cautes
2627 2857 2656 2894 a
2720 2849 2951 2912 tyranno
3007 2855 3104 2910 per
3167 2838 3537 2892 Alexandrum

1953 2935 2214 2987 intentata
2253 2933 2576 2998 Theodosio,
2640 2934 2865 3002 Augusti
2917 2933 3061 2998 ﬁlio;
3112 2930 3272 2987 Petro
3313 2934 3439 2986 item
3476 2945 3533 2985 et

1951 3025 2324 3090 Comentiolo;
2401 3035 2566 3094 atque
2638 3023 3043 3089 Constantino,
3100 3023 3280 3094 Lardy
3333 3041 3537 3093 cogno-

1950 3131 2132 3173 mento
2164 3119 2295 3188 (5|).
2334 3118 2524 3173 Falsus
2550 3121 2712 3173 etiam
2740 3135 2925 3173 rumor
2944 3121 3008 3173 dc
3039 3119 3345 3172 Theodosio
3375 3134 3536 3170 exor-

270 3205 454 3257 ὲκεῖνοι
509 3208 809 3278 περιῆσαν,
841 3214 872 3277 ἡ
903 3214 1024 3285 νίκη
1069 3219 1180 3278 τοῖς
1227 3218 1465 3287 Πέρσαις
1517 3219 1844 3289 ἐνηυλίζετο.

1954 3222 2038 3266 tus
2061 3222 2165 3274 est,
2200 3213 2351 3280 quasi
2399 3213 2443 3266 is
2471 3220 2582 3265 tum
2631 3227 2739 3266 non
2783 3210 2973 3266 fuisset
3022 3210 3363 3266 interfectus.
3392 3210 3537 3275 Quo-

280 3295 581 3368 Ἀναίρεσις
623 3301 728 3355 ὑπὸ
761 3305 852 3356 τοῦ
884 3309 1146 3375 τυράννου
1173 3309 1238 3362 δι’
1256 3311 1304 3341 ⁴³
1341 3313 1688 3383 Ἀλεξάνδρου
1725 3314 1850 3368 Θεο-

268 3390 428 3444 δοσίου
474 3393 579 3446 τοῦ
625 3395 890 3461 βασιλέως
932 3400 1028 3452 τοῦ
1060 3402 1461 3473 αὐτοκράτορος
1502 3405 1722 3469 παιδὸς,
1757 3407 1850 3458 καὶ

273 3480 461 3551 Πέτρου
493 3486 594 3537 καὶ
635 3487 995 3556 Κομεντιόλου
1025 3493 1119 3544 καὶ
1145 3493 1559 3548 Κωνσταντίνου
1587 3497 1680 3548 τοῦ
1705 3497 1851 3568 Λαρ-

267 3570 320 3623 δῦ
340 3590 353 3602 ”
382 3574 566 3645 πλάνη
598 3593 656 3629 τε
687 3581 814 3648 περὶ
846 3581 1146 3648 Θεοδοσίου,
1181 3584 1257 3648 ὡς
1281 3587 1340 3639 οὐ
1375 3587 1720 3655 πεφόνευται.
1742 3589 1850 3642 Καὶ

270 3663 401 3727 ὅπως
435 3669 585 3720 κατὰ
610 3671 760 3738 τὴνδθ
796 3672 1199 3745 Ἀλεξάνδρειαν
1226 3678 1296 3729 τὰ
1325 3678 1618 3748 ἀγάλματα
1644 3679 1744 3748 τῆς
1774 3680 1850 3732 oi-

271 3762 411 3823 κείας
432 3764 602 3834 ἓδρας
632 3765 1014 3833 ἀποφοιτῶντα
1045 3771 1466 3840 προηγόρευονδδ
1495 3773 1564 3826 τὰ
1589 3776 1850 3840 γεγονότα

272 3853 619 3926 καλὰιγράεῳ
654 3860 758 3910 τινὶ
778 3898 791 3920 ,
823 3861 962 3912 κατᾶ
987 3863 1046 3912 τὸ
1075 3862 1309 3931 Τυχαῖον
1330 3863 1472 3916 οὕτω
1495 3864 1845 3934 καλούμενον,

272 3944 367 3996 ἀπὸ
401 3947 625 3999 δείπνου
661 3948 798 4019 πρὸς
825 3951 890 4004 τὰ
920 3951 1054 4004 οἴκοι
1095 3948 1427 4022 διεῇομένῳ
1446 3953 1708 4018 ⁵⁶.”υπως
1735 3973 1794 4009 τε
1819 3956 1847 4007 ὁ

270 4033 570 4104 Μαυρίκιος
603 4036 818 4105 λέγεται
848 4039 1036 4109 τρίτην
1069 4041 1261 4109 μοῖραν
1292 4040 1400 4091 τῶν
1425 4040 1608 4110 φόρων
1634 4059 1841 4110 συγχωο

271 4126 419 4195 ρῆσαι
441 4129 485 4158 ⁸⁷
509 4131 629 4192 τοῖς
652 4131 930 4199 ὑπηκόοις,
962 4133 1054 4184 καὶ
1079 4134 1373 4203 τριάκοντα
1405 4133 1587 4187 δοῦναι
1609 4133 1847 4186 τάλαντα

268 4220 368 4276 τοῖς
401 4220 725 4284 Βυζαντίοις
749 4225 828 4285 είς
851 4223 1136 4294 νεουργίαν
1161 4225 1254 4277 τοῦ
1283 4225 1392 4278 τῶν
1423 4225 1631 4278 ὑδάτων
1664 4223 1843 4278 ὁλκοῦ.

269 4311 362 4364 Καὶ
385 4314 538 4376 ὅπως
571 4314 934 4384 ἐφιλοτιμεῖτο
959 4315 1230 4385 λαμπρῶς
1257 4319 1384 4380 τοὺς
1430 4317 1538 4370 τῶν
1583 4317 1844 4386 μαθημά-

268 4419 362 4456 των
399 4407 663 4474 ἐραστάς.
701 4410 806 4460 Καὶ
857 4411 984 4477 περὶ
1032 4409 1140 4461 τῶν
1177 4412 1478 4478 γεγονότων
1526 4409 1844 4480 παραδόξων

267 4499 352 4566 τῆς
398 4500 508 4551 τῶν
562 4499 808 4568 αἱμάτων
845 4501 1052 4569 ῥύσεως
1098 4501 1389 4571 Εὑφημίας
1417 4501 1518 4569 τῆς
1547 4501 1843 4572 μάρτυρος,

1952 3306 2111 3360 modo
2133 3305 2475 3358 Alexandriae
2510 3313 2704 3358 statuae
2731 3306 2845 3359 suis
2871 3303 3094 3358 sedibus
3137 3312 3331 3372 sponte
3356 3312 3534 3365 mota»,

1951 3415 2070 3469 quae
2125 3399 2367 3470 Byzantii
2431 3399 2756 3453 accidiSsent
2839 3399 3140 3451 nuntiarint
3201 3396 3536 3463 calligrapho

1951 3492 2162 3546 cuidam
2196 3506 2290 3558 per
2307 3489 2596 3560 Tycltaeum
2618 3490 2919 3543 transeunti
2952 3505 3072 3541 cmn
3094 3503 3121 3540 a
3144 3501 3297 3540 coma
3315 3486 3534 3540 domum

1951 3592 2318 3637 reverteretur
2354 3581 2490 3651 (52).
2536 3580 2606 3635 Ut
2631 3580 2924 3635 Mauricius
2949 3581 3158 3634 tertiam
3193 3577 3534 3646 vectigalium

1951 3673 2252 3742 portionem
2337 3672 2566 3726 subditis
2635 3674 2909 3727 remisisse
3000 3671 3262 3725 feratur:
3317 3669 3535 3739 triginta

1951 3781 2167 3836 quoque
2232 3764 2549 3834 Byzantiuis
2617 3767 2850 3819 donasse
2921 3765 3162 3826 talenta,
3227 3762 3536 3815 reﬁciendis

1953 3856 2358 3925 aquzeductibus
2405 3855 2577 3925 33b.
2642 3854 2764 3920 Quo
2832 3857 3038 3908 honore
3087 3853 3417 3922 prtemioque
3458 3854 3538 3907 di-

1953 3947 2302 4014 sciplinarum
2342 3949 2615 4001 studiosos
2640 3946 2852 4015 publice
2883 3946 3125 4000 aﬂ‘ecerit
3152 3945 3291 4016 (55).
3315 3945 3446 4011 Quae
3482 3944 3533 3996 in

1950 4039 2093 4093 ﬂuxu
2121 4039 2396 4108 sanguinis
2427 4039 2743 4107 Eupltemiae
2786 4039 3042 4108 martyris
3089 4038 3408 4091 admiranda
3442 4047 3532 4090 ac-

1949 4133 2182 4187 ciderint.
2219 4151 2232 4186 :
2272 4142 2435 4198 utque
2457 4130 2771 4194 Mauricius,
2798 4131 2871 4184 rei
2905 4132 3150 4198 periculo
3181 4131 3343 4194 facto,
3387 4131 3530 4198 quod

1951 4223 2104 4277 initio
2129 4240 2234 4278 non
2269 4224 2615 4286 credidisset,
2663 4223 2982 4276 miraculum
3025 4224 3198 4289 magis
3229 4226 3528 4276 conlirma-

1949 4317 2020 4370 rit
2051 4316 2182 4385 (54).
2212 4314 2297 4370 Uti
2321 4315 2529 4369 Phocas
2566 4325 2826 4385 tyrannus
2854 4313 3248 4378 Constantiam,
3283 4314 3526 4368 Mauricii

1948 4410 2160 4476 augusti
2203 4409 2508 4478 conjugem,
2547 4425 2672 4461 cum
2707 4409 2942 4474 ﬁliabus,
2977 4408 3201 4476 privata:
3233 4408 3416 4460 domui
3450 4407 3532 4459 iu-

1949 4502 2193 4556 cluserit.
2218 4500 2414 4556 Phocae
2442 4500 2507 4554 ad
2534 4502 2810 4554 Clmsroen
2833 4501 3119 4555 Persarum
3156 4515 3334 4566 regem
3365 4498 3528 4551 missa

269 4593 348 4642 καὶ
375 4593 448 4654 ὡς
467 4593 781 4662 Μαυρίκιος
810 4593 1074 4663 πειράσας
1107 4593 1306 4663 μᾶλλον
1333 4594 1392 4647 τὸ
1419 4594 1602 4663 θαῦμα
1631 4595 1699 4647 δι’
1719 4597 1838 4648 ἀπι-

1954 4598 2140 4668 iegatio
2165 4615 2179 4651 :
2209 4595 2303 4650 sed
2334 4595 2508 4648 irrita.
2536 4592 2729 4661 Ruptaa
2751 4593 2894 4645 enim
2937 4592 3165 4645 induciae
3202 4601 3346 4655 sunt,
3386 4588 3528 4643 Cho-

268 4682 405 4744 στίας
443 4683 743 4735 ἐπίστωσε.
775 4683 885 4734 Καὶ
936 4684 1083 4746 ὅπως
1132 4687 1160 4736 ὁ
1203 4685 1464 4754 τύραννος
1496 4687 1834 4739 Κωνσταντῖ-

268 4774 404 4824 vra”
432 4775 539 4844 τὴν
566 4775 660 4826 τοῦ
694 4774 959 4844 βασιλέως
984 4776 1287 4845 Μαυρικίου
1311 4779 1544 4842 γυναῖκα
1571 4777 1688 4844 ἅμα
1715 4779 1836 4839 ταῖς

267 4863 591 4937 θυγατράσιν
641 4868 699 4920 ὲν
756 4867 998 4936 ἰδιωτικῇ
1045 4866 1192 4938 οἰκίᾳ
1244 4867 1537 4919 ἐνέκλεισε.
1568 4867 1839 4937 Πρεσὸεία

266 4956 347 5008 τοῦ
391 4959 664 5030 τυράννου
715 4959 852 5030 πρὸς
897 4958 1148 5029 Χοσρόην
1190 4959 1283 5011 τὸν
1325 4959 1552 5030 Περσῶν
1592 4959 1838 5028 βασιλέα,

1941 4705 2062 4745 sroe
2106 4697 2459 4755 praztexente,
2519 4686 2662 4754 quod
2708 4685 3022 4738 Mauriciu-n
3081 4684 3226 4750 jnste
3284 4681 3526 4734 vindica-

1945 4791 2030 4834 ret
2071 4781 2207 4851 (55).
2241 4781 2330 4834 Sic
2380 4779 2590 4840 Lilius,
2630 4777 2720 4846 qui
2779 4777 2985 4845 legatus
3036 4785 3174 4838 erat,
3218 4790 3274 4828 re
3325 4774 3522 4826 infecta

1943 4870 2162 4923 domum
2220 4879 2369 4923 retro
2437 4867 2678 4921 revertit.
2739 4867 2924 4921 Caedes
2989 4865 3280 4920 Alexandri
3341 4880 3522 4918 rerum

1946 4975 2205 5014 novarum
2291 4958 2485 5014 Phocas
2564 4958 2746 5023 socii,
2817 4973 2884 5012 eo
2947 4958 3167 5013 nomine
3234 4957 3522 5027 suspecti,

1533 5097 1767 5152 VARIAS
1806 5097 2208 5154 LECTIONES.

328 5186 369 5260 ξ’
399 5187 523 5260 τὴν]
558 5190 661 5258 τὴν
705 5189 812 5242 τῶν
844 5207 902 5254 ς.

269 5257 577 5324 ἀναγνωσὶς.
606 5257 754 5320 ὅπως
781 5279 839 5324 ς.

271 5330 583 5384 memorabo.
661 5329 708 5360 “
726 5330 822 5401 τὴν
844 5333 966 5388 add.
1015 5334 1080 5385 A.

980 5191 1024 5221 ⁸ο
1054 5189 1150 5242 καὶ
1201 5188 1392 5260 ὑϐρισε
1427 5191 1532 5260 ,εἰς
1557 5189 1906 5260 Ἀλέξανδρον
1965 5191 2067 5245 add
2117 5192 2182 5245 Α.

916 5259 961 5291 ⁸³
993 5260 1081 5314 διὰ
1132 5277 1191 5325 ς.
1255 5259 1348 5314 sed
1391 5259 1650 5328 ejusmodi
1690 5259 1949 5316 minutias
2005 5273 2062 5314 ut
2106 5259 2376 5331 nunquam
2404 5263 2519 5315 sine
2539 5263 2726 5318 codice
2757 5266 2980 5323 mutavi,
3009 5265 3080 5316 ita
3139 5281 3243 5317 non
3295 5259 3526 5330 arripi—ius

1159 5331 1204 5362 ’⁵⁸
1239 5331 1579 5403 προηγόρευε
1607 5349 1669 5396 ς.
1742 5331 1790 5363 ’⁵⁸
1817 5331 2168 5404 διερχομένου
2194 5337 2256 5385 Λ.

2262 5189 2301 5221 ι’
2337 5191 2538 5262 μᾶλλον
2574 5191 2619 5247 Α
2647 5209 2690 5264 7:
2717 5191 2877 5245 πάλιν
2899 5209 2958 5256 ς.
3055 5194 3099 5224 ⁴¹
3125 5193 3526 5264 αὐτοκράτορος

2369 5333 2413 5364 ⁸⁵⁷
2447 5337 2747 5404 συγχωρεῖν
2781 5352 2842 5398 ς.
2922 5333 2966 5364 ⁸⁸
2989 5334 3373 5389 Κωνσταντίαν
3403 5353 3462 5400 ς.

1771 5447 2007 5504 NOTAE.

350 5539 438 5596 48)
469 5539 607 5596 Ibid.

466 5540 744 5686 gigaullio
784 5609 1021 5677 Portum,
1058 5611 1152 5682 qui
1204 5623 1322 5669 erat
1355 5611 1723 5686 LChalcedone
1771 5629 1838 5669 cx

274 5677 452 5733 Zuuar.
488 5681 606 5735 init.
637 5679 850 5736 Pltocae.

335 5749 439 5818 (50)
475 5749 702 5820 Niceph.
731 5754 765 5806 Ι.
793 5754 1184 5822 ινιιι,ο;ιρ.41.

341 5824 443 5890 (ἰή)
476 5822 609 5876 Ibid.
645 5836 763 5892 Cap.
796 5823 885 5876 4|.

2009 5541 2122 5611 (5'2)
2155 5542 2232 5596 Ex
2261 5542 2526 5613 matutina
2563 5544 2761 5613 vigilia,
2793 5544 2967 5613 inquit
3001 5544 3154 5604 Diac.

2021 5613 2133 5687 (ξᾷ)
2160 5613 2386 5687 ῌὶοεριι.
2431 5612 2464 5664 Ι.
2505 5612 2660 5687 ψη,
2691 5631 2810 5687 cap.
2852 5612 2922 5670 42

2018 5683 2131 5754 (54)
2159 5683 2300 5754 Ibid.
2336 5697 2457 5747 cap.
2483 5684 2553 5754 iltl
2570 5723 2584 5736 .

2016 5752 2126 5826 (55)
2156 5752 2292 5810 Ibid.
2322 5767 2440 5822 cap.
2469 5753 2555 5808 43.
