4146 6410
232 336 325 397 165

1201 323 1727 386 BIBLIOTHECA;
1757 348 1826 358 -
1872 321 2087 382 CODD.
2149 319 2572 379 LXVI-LXIX.

3399 314 3500 380 166

226 445 416 512 ρικόν.
446 443 707 512 ’Δρχεται
734 439 842 493 απὸ
867 439 970 508 τῆς
1007 436 1282 508 βασιλείας
1328 438 1492 491 Νίνου
1520 437 1614 490 καὶ
1643 436 1811 505 Σεμι-

1938 447 2000 487 us
2025 435 2255 486 arcessit
2289 431 2504 485 initium
2538 446 2568 482 a
2597 428 2759 495 Nino,
2790 438 2844 482 et
2867 426 3252 494 Semiramide,
3297 428 3500 497 pergit-

231 540 443 607 ρὰμεως
467 577 480 600 ,
511 535 608 587 καὶ
641 533 854 586 κάτεισι
894 531 1057 601 μέχρι
1085 531 1196 584 τῶν
1221 530 1315 583 τοῦ
1354 529 1618 599 βασιλέως
1661 527 1811 580 Ἀλε-

1912 537 2019 592 que
2046 523 2112 576 ad
2138 521 2432 575 Alexandri
2462 519 2639 590 Magni
2667 529 2932 588 tempora.
2957 517 3136 571 Libris
3159 533 3351 572 novem
3378 518 3503 572 uni-

231 627 447 697 ξάνδρου
477 625 705 696 χρόνων.
758 623 1196 692 Συμπεραίνεται
1226 621 1283 674 δὲ
1329 620 1494 673 αὑτοῦ
1522 622 1555 690 ἡ
1601 619 1810 688 ἱστορία

1931 630 2070 669 iersa
2101 613 2495 678 comprehensa
2528 621 2611 665 est
2643 608 2896 672 historia,
2923 608 3110 662 inditis
3137 610 3361 662 totidem
3381 607 3502 663 Mu-

230 721 281 769 ἐν
301 718 478 784 λόγοις
500 716 544 768 θ’
575 715 695 767 κατ’
726 714 1042 781 ἐπωνυμίαν
1062 712 1169 764 τῶν
1194 710 1237 765 θ’
1260 711 1511 777 Μουσῶν,
1544 709 1774 772 Κλειοῦς
1793 749 1809 775 ,

231 809 474 872 Θαλείας,
525 806 834 876 Πολυμνίας
865 807 949 870 δι,
1008 804 1392 874 Μελπομένης,
1445 801 1810 872 Τερψιχόρης,

232 901 535 969 Εὐτέρπης,
609 897 961 966 Καλλιόπης,
1023 893 1323 966 Ἐρατοῦς,
1382 894 1690 964 Οὐρανίης·
1753 893 1814 944 ὲν

232 988 386 1066 ᾖκαὶ
441 991 512 1042 τὰ
558 991 700 1042 κατὰ
769 989 1117 1058 Ἀλέξανδρον
1152 987 1246 1041 τὸν
1290 986 1578 1042 Μακεδόνα
1614 981 1816 1048 διέξει-

233 1103 328 1138 σιν.

299 1178 454 1231 Ἐστι
475 1177 534 1230 δὲ
563 1177 664 1247 τὴν
688 1175 888 1246 φράσιν
913 1173 1186 1241 Ἶωνίζων,
1210 1174 1304 1228 καὶ
1325 1173 1418 1226 τοῦ
1442 1173 1813 1244 προσήκοντος

231 1272 387 1326 πλέον
433 1274 502 1341 τῇ
553 1271 818 1340 συντομία
869 1268 1283 1338 ἀποχρώμενος,
1325 1266 1437 1320 οὐδ’
1491 1266 1620 1320 ἄλλο
1663 1265 1814 1320 οὐδὲν

231 1367 370 1430 ἄξιον
396 1367 684 1434 Θαυμάσαι
719 1365 812 1415 καὶ
841 1361 1083 1432 ζηλῶσαι
1109 1360 1517 1430 ἐνδεικνύμενος
1551 1357 1690 1430 πλὴν
1717 1358 1819 1427 τῆς

232 1459 362 1510 κατὰ
409 1457 512 1526 τὴν
555 1456 798 1526 ἱστορίαν
852 1455 1164 1524 μαθήσεως.
1205 1447 1373 1516 Οὗτος
1424 1453 1486 1506 τὸ
1521 1451 1620 1522 μὲν
1663 1452 1818 1520 γένος

234 1548 388 1602 αὐτοῦ
423 1548 526 1600 καὶ
557 1547 815 1618 πατρίδα,
856 1547 930 1608 ὼς
976 1546 1136 1609 αὐτὸς
1175 1545 1381 1609 ἐκεῖνός
1411 1561 1594 1613 φησιν,
1631 1542 1820 1616 ὥσπερ

235 1639 502 1708 Ὄμηρος,
538 1639 852 1708 ἀποσιωπᾷ,
882 1638 962 1690 ὅτι
999 1638 1054 1690 δὲ
1086 1636 1372 1706 διατρίϐων
1403 1635 1697 1707 ὲν,Σικελίᾳ
1722 1652 1822 1704 φυ-

233 1732 327 1798 γῆς
363 1731 533 1781 ἕνεκα
564 1731 664 1798 τὴν
711 1730 954 1798 ἱστορίαν
987 1727 1300 1792 συνέταξεν,
1339 1728 1733 1796 ἀποφαίνεται,
1761 1727 1820 1779 τὸ

1915 724 2096 763 sarum
2135 705 2469 768 nominibus,
2508 703 2680 766 (llius,
2729 701 2958 765 Thaliaa,
3004 699 3322 770 Polyntniae,
3369 701 3503 755 Mel-

1915 813 2174 867 pomenes
2198 836 2214 859 ,
2300 795 2680 863 Terpsichoraa
2705 831 2721 857 ,
2783 790 3074 860 iEuterpes
3105 833 3118 854 ,
3193 791 3463 860 Calliopes
3485 831 3502 857 ,

1916 889 2114 943 Eratus
2149 888 2284 959 (60),
2317 897 2369 942 et
2416 886 2652 947 Urania),
2678 899 2786 954 quo
2825 883 2878 937 in
2911 898 3078 952 opere
3106 891 3160 938 et
3199 882 3503 938 Alexandri

1918 983 2061 1052 regis
2084 980 2440 1036 Macedonum
2469 988 2622 1048 gesta
2648 975 2840 1031 refert.

1991 1156 2169 1211 Ionica
2193 1155 2426 1210 dialecto
2457 1164 2541 1210 est
2564 1170 2728 1222 usus;
2757 1163 2909 1208 tanta
2933 1168 3150 1225 quoque
3176 1154 3314 1208 citra
3347 1154 3509 1209 deco-

1920 1265 2042 1304 rum
2071 1248 2341 1303 brevitate
2369 1247 2632 1313 adhibita,
2687 1256 2745 1300 ut
2771 1257 2970 1315 praeter
2999 1247 3196 1298 nudant
3231 1257 3508 1312 gestarum

1920 1356 2102 1395 rerum
2129 1339 2520 1403 narrationem,
2547 1339 2684 1392 nihil
2711 1339 3040 1401 mirandum,
3065 1347 3159 1391 aut
3185 1339 3510 1392 imitandum

1928 1431 2140 1485 afferat.
2191 1430 2375 1486 Genus
2414 1440 2472 1484 et.
2510 1431 2769 1500 patriam,
2811 1441 2870 1484 ut
2901 1441 2960 1484 et
2995 1431 3110 1500 ipse
3162 1447 3268 1485 non
3303 1431 3512 1486 inlicia-

1923 1537 2029 1590 tur,
2063 1526 2283 1580 llomeri
2313 1525 2583 1594 exet'nplo,
2613 1526 2812 1593 premit
2838 1526 3082 1580 silentio.
3110 1524 3166 1579 ln
3206 1524 3389 1580 Sicilia
3432 1537 3512 1578 ta-

1923 1633 2044 1672 men
2095 1617 2270 1671 exsilii
2314 1632 2475 1671 causa
2523 1618 2845 1686 degentem,
2899 1616 3185 1672 historiam
3226 1619 3513 1686 scripsisse

1925 1719 2169 1780 apparet.
2208 1707 2358 1773 Quod
2399 1725 2528 1779 ergo
2580 1709 2944 1763 necessarium
2992 1717 3133 1773 erat,
3189 1709 3426 1776 patriam
3456 1718 3513 1761 et

237 1821 326 1889 μὲν
352 1822 679 1886 ἀναγκαῖον,
708 1819 943 1890 πατρίδα
974 1822 1149 1872 εἰπεῖν
1180 1821 1275 1872 καὶ
1297 1820 1474 1886 γένος,
1502 1819 1722 1892 παρεὶς,
1758 1819 1818 1872 τὸ

1931 1818 2090 1874 genus
2129 1803 2367 1870 proliteri
2403 1803 2453 1855 id
2491 1802 2681 1855 omisit
2709 1801 2844 1871 (61),
2891 1804 3034 1870 quod
3089 1813 3269 1854 autent
3313 1801 3512 1866 alijecti

233 1909 282 1960 δὲ
311 1909 403 1960 καὶ
441 1910 818 1980 μικροψυχίαν
850 1912 1112 1979 ἐμφαῖνον
1162 1912 1219 1962 ἐν
1250 1911 1436 1980 μνήμῃ
1483 1908 1818 1980 πεποιηκώς.

235 2001 333 2051 Καὶ
355 2000 415 2051 τὸ
441 2002 510 2052 ὲκ
534 2002 705 2054 τόσων
735 2001 790 2053 δὲ
821 2001 916 2054 καὶ
966 2001 1140 2054 τόσων
1171 2002 1511 2070 συνειλέχθαι
1540 2001 1690 2070 αύτῷ
1722 1999 1821 2072 τὴν

239 2094 472 2164 ἱστορίαν
511 2092 875 2162 σεμνύνεσθαι
907 2093 966 2146 ού
999 2094 1139 2147 πάνυ
1188 2093 1366 2162 ψυχῆς
1413 2094 1474 2146 τὸ
1502 2093 1824 2163 μικρολόγον

235 2203 288 2238 τε
318 2187 410 2238 καὶ
436 2185 546 2254 τὴν
599 2183 934 2253 παιδαριώδη
993 2185 1304 2255 φιλοτιμίαν
1347 2184 1744 2252 ἀποσειομένης
1779 2183 1824 2216 ⁵³

238 2275 534 2339 ἀπόδειξις.
553 2277 690 2346 Φησὶ
712 2274 755 2328 δ’
781 2275 930 2344 ὅμως
958 2276 1047 2328 τὸν
1067 2275 1282 2345 πρῶτον
1308 2274 1456 2345 αὐτῷ
1479 2277 1526 2309 ⁸³
1551 2279 1650 2346 τῆς
1683 2277 1828 2328 ἱστο-

241 2367 350 2436 ρίας
380 2365 728 2436 συνειλέχθαι
750 2368 813 2418 ἐκ
849 2365 1023 2434 λόγων
1057 2366 1156 2436 μὲν
1182 2367 1227 2398 ⁸⁸⁵
1254 2363 1357 2434 φο’,
1401 2359 1475 2419 ὧν
1513 2365 1754 2438 πατέρας
1783 2357 1826 2418 λ’

240 2459 324 2510 καὶ
348 2466 396 2510 α’
422 2455 875 2528 ἀπομνημονεύει
894 2474 907 2486 ·
927 2456 1018 2509 τὸν
1039 2455 1097 2508 δὲ
1121 2455 1372 2524 δεύτερον
1394 2457 1458 2508 ἐκ
1477 2455 1695 2526 βιϐλίων
1722 2459 1826 2523 σην,

242 2549 598 2619 συγγραφέων
649 2549 706 2600 δὲ
740 2545 816 2601 κε’
847 2563 862 2579 ο
920 2548 1014 2601 καὶ
1068 2548 1160 2601 τὸν
1203 2548 1386 2618 τρίτον
1416 2547 1473 2600 δὲ
1518 2548 1584 2599 ὲκ
1610 2544 1830 2616 βιϐλίων

245 2644 334 2714 μὲν
358 2645 406 2676 ⁸⁵
443 2643 522 2712 χ’,
562 2642 927 2712 συγγραφέων
961 2641 1018 2695 δὲ
1047 2647 1139 2706 σις’
1161 2659 1175 2672 ·
1208 2641 1301 2694 τὸν
1332 2642 1517 2709 μέντοι
1565 2639 1831 2709 τέταρτον

244 2738 304 2788 ὲκ
358 2734 590 2806 βιϐλίων
639 2734 734 2802 μὲν
771 2739 880 2800 ων’,
915 2733 1276 2803 συγγραφέων
1308 2732 1366 2785 δὲ
1409 2730 1581 2800 λβ’⁵⁶·
1608 2731 1702 2783 καὶ
1742 2728 1832 2782 τὸν

252 2829 492 2898 πέμπτον
549 2827 604 2879 δὲ
636 2828 763 2878 δτέκ
805 2825 1023 2894 βιϐλίων
1083 2826 1183 2895 μὲν
1228 2826 1316 2856 ⁵⁷”
1372 2830 1437 2889 σ¹,
1472 2822 1832 2892 συγγραφέων

247 2919 299 2973 δὲ
352 2927 442 2984 κς¹
470 2921 524 2951 ³⁸
559 2936 572 2948 °
605 2920 695 2971 τὸν
734 2918 788 2972 δὲ
818 2919 980 2972 ἕκτον
1019 2918 1083 2970 ἐκ
1134 2916 1354 2988 βιϐλίων
1385 2915 1559 2985 μὲν..,
1593 2930 1834 2983 συγγρα-

247 3015 378 3081 φέων
405 3015 539 3078 δὲ..,
570 3015 661 3066 τὸν
688 3013 744 3066 δὲ
770 3013 996 3083 ἕϐδομον
1028 3013 1093 3066 ἐκ
1129 3011 1350 3082 βιϐλίων
1387 3010 1555 3080 μὲν..,
1591 3025 1836 3077 συγγρα-

247 3107 379 3176 φέων
399 3107 538 3162 δὲ...
564 3106 657 3159 τὸν
693 3106 749 3158 δὲ
781 3105 969 3174 ὄγδοον
1011 3106 1075 3158 ἐκ
1109 3104 1329 3175 βιϐλίων
1355 3102 1456 3174 μὲν
1589 3117 1834 3172 συγγρα-

1924 1907 2008 1950 est
2043 1897 2210 1950 animi
2252 1895 2547 1959 indicium,
2591 1893 2894 1967 [exsilium]
2936 1895 3213 1948 memoria:
3251 1895 3511 1964 prodidit.

1923 1987 2102 2040 Animi
2130 2002 2347 2055 quoque
2387 1989 2624 2040 nondum
2668 2003 2895 2056 prorsus
2958 1988 3173 2040 inanem
3225 1987 3514 2056 puerilem-

1924 2093 2030 2147 qne
2059 2078 2284 2146 gloriam
2315 2076 2674 2145 repudiaritis,
2702 2091 2956 2144 magnum
2983 2077 3116 2130 satis
3135 2086 3516 2145 argumentum

1926 2179 2027 2233 εει,
2057 2183 2086 2222 e
2117 2180 2248 2237 quot
2277 2168 2606 2236 quantisque
2629 2169 2994 2236 scriptoribus
3021 2167 3249 2221 historia
3284 2167 3514 2222 collecta

1928 2261 2018 2324 sit,
2047 2261 2278 2329 jactare.
2313 2259 2404 2312 Ait
2431 2260 2576 2313 enim
2609 2261 2967 2329 compositum
2998 2260 3192 2314 librum
3217 2262 3452 2330 primttm
3484 2272 3517 2316 e

1930 2353 2083 2407 libris
2113 2351 2427 2421 quingentis
2469 2360 2524 2404 et
2572 2352 2936 2421 septuaginta,
2977 2366 3208 2420 quorum
3262 2363 3518 2408 auctores

1931 2461 2097 2500 unum
2133 2453 2190 2497 et
2219 2443 2437 2514 triginta
2462 2455 2880 2498 commemorat.
2910 2442 3136 2498 Librum
3161 2458 3294 2498 vero
3317 2458 3518 2500 secun-

1932 2539 2055 2594 dum
2088 2553 2119 2592 e
2147 2537 2302 2591 libris
2334 2537 2586 2592 ducentis
2615 2547 2672 2590 et
2696 2546 2842 2602 octo,
2869 2539 3196 2606 scriptorum
3229 2552 3359 2592 xxv.
3384 2534 3522 2592 Ter-

1935 2631 2065 2684 tium
2107 2645 2138 2684 e
2185 2629 2342 2684 libris
2382 2645 2473 2695 nc,
2508 2629 2864 2698 scriptoribus
2903 2644 3032 2683 vero
3076 2644 3176 2685 sex
3221 2639 3278 2684 et
3304 2629 3520 2700 viginti.

1933 2723 2198 2790 Quartum
2235 2738 2264 2776 e
2306 2738 2472 2776 xxxvn
2519 2722 2846 2789 scriptorum
2901 2720 3056 2776 libris
3103 2722 3433 2792 octingentis
3467 2733 3524 2776 et

1934 2816 2351 2885 quinquaginta.
2390 2814 2674 2881 Quintum,
2725 2832 2754 2870 e
2801 2816 3046 2870 ducentis
3080 2815 3258 2880 libris,
3290 2829 3524 2882 quorum

1936 2913 2232 2980 scriptores
2251 2927 2342 2966 sex
2367 2921 2420 2966 et
2449 2912 2660 2980 viginti.
2693 2913 2784 2965 Sic
2807 2913 2872 2965 de
2900 2911 3124 2979 reliquis
3144 2911 3278 2982 (62).
3309 2909 3523 2963 Nonum

1937 3018 1967 3058 e
2008 3003 2163 3057 libris
2190 3041 2204 3056 .
2231 3041 2246 3056 .
2272 3046 2285 3059 .
2312 3042 2326 3057 .
2369 3003 2660 3056 collectum
2693 3003 2952 3066 allirmat,
2985 3001 3352 3070 scriptoribus
3389 3014 3526 3053 vero

1942 3097 2178 3167 triginta.
2209 3097 2385 3164 Atque
2416 3096 2528 3149 haec
2560 3095 2675 3148 fere
2733 3095 3105 3164 Cepltalaaonis
3140 3093 3394 3150 historia.

250 3201 380 3266 ςέων
408 3203 546 3268 δέη,
586 3201 681 3253 καὶ
733 3199 825 3253 τὸν
856 3199 1076 3253 ἔννατον
1115 3199 1172 3252 δὲ
1207 3200 1252 3234 ⁸³
1279 3199 1345 3253 ἐκ
1403 3197 1624 3258 βιϐλίων
1661 3196 1830 3266 μὲν...
1871 3191 2234 3262 συγγραφέων
2265 3190 2322 3244 δὲ
2348 3191 2642 3261 τριάκοντα
2673 3206 2688 3222 ο
2722 3191 2778 3244 ὲν
2808 3184 2888 3254 οἷς
2911 3190 3007 3244 καὶ
3038 3192 3070 3260 ὴ
3173 3186 3528 3259 Κεφαλίωνος

254 3301 475 3372 ἱστορία.

1023 3415 1123 3467 ΞΘ¹
1137 3454 1150 3468 .

324 3509 628 3580 Ἠσυχίου
665 3507 1081 3576 Ἰλλουστρίου
1142 3505 1443 3575 καθολικὴ
1490 3504 1760 3574 Ἱστορία.

327 3724 676 3797 Ἀνεγνώσθη
729 3742 818 3794 μοι
848 3725 894 3756 ⁸³
921 3723 1126 3794 βιϐλίον
1165 3721 1438 3793 ἱστορικὸν
1485 3720 1560 3783 ὡς
1602 3722 1659 3774 ὲν
1707 3736 1834 3774 συνη

253 3818 365 3887 όψει
396 3818 680 3888 κοσμικῆς
713 3817 975 3886 ἱστορίας·
1005 3817 1034 3868 ὁ
1063 3817 1119 3868 δὲ
1149 3815 1502 3886 συγγραφεὺς
1529 3813 1778 3883 Ἡσύχιος
1807 3813 1835 3865 ό

253 3912 607 3982 Ἰλλούστριος
634 3910 702 3974 δι,
742 3909 1012 3976 Μιλήσιος
1051 3908 1150 3976 μὲν
1185 3909 1248 3960 ἐκ
1292 3906 1567 3976 πατρίδος,
1618 3906 1748 3967 παῖς
1777 3903 1834 3956 δὲ

266 4005 516 4074 Ἡσυχίου
546 4004 642 4056 καὶ
673 4002 996 4070 Φιλοσοφίας
1028 4002 1071 4033 ⁸³
1097 4042 1111 4066 ,
1153 3999 1274 4052 καθ’
1304 3999 1333 4050 ὃ
1361 3998 1453 4050 καὶ
1486 3998 1518 4068 ἡ
1553 3995 1833 4067 ἐπιγραφὴ

253 4097 338 4150 τοῦ
373 4097 584 4167 βιϐλίου
618 4095 758 4164 μετὰ
791 4095 885 4147 τοῦ
916 4095 962 4126 ⁸³
997 4093 1237 4164 ἱστορίας
1279 4093 1593 4162 Ῥωμαῖκῆς
1651 4107 1710 4142 τε
1741 4090 1835 4143 καὶ

255 4189 599 4259 παντοδαπῆς
626 4186 907 4257 τυγχάνει.
961 4187 1224 4256 Ἀρχεται
1277 4184 1376 4254 μὲν
1431 4180 1523 4236 οὖν
1578 4183 1686 4235 ἀπὸ
1737 4182 1836 4252 τῆς

255 4282 336 4332 τοῦ
365 4282 549 4351 Βήλου
600 4280 696 4333 τοῦ
757 4279 1061 4349 Ἀσσυρίων
1098 4278 1361 4347 βασιλέως
1385 4275 1679 4346 βασιλείας,
1703 4275 1836 4329 κάτ-

255 4386 350 4424 εισι
393 4373 452 4424 δὲ
518 4371 684 4441 μέχρι
737 4372 833 4440 τῆς
872 4371 1127 4439 τελευτῆς
1185 4367 1569 4431 ’⁸Αναστασίου,
1603 4367 1660 4430 ὃς
1701 4368 1836 4419 Ῥω-

258 4462 422 4531 μαίων
446 4463 680 4530 γέγονεν
709 4462 1063 4531 αὐτοκράτωρ
1082 4459 1210 4531 [104
1236 4457 1352 4533 IL].
1382 4460 1541 4512 Ἔστι
1567 4457 1623 4510 δὲ
1651 4457 1838 4510 σύντο-

260 4571 347 4621 μος
369 4556 466 4606 καὶ
490 4554 809 4623 καλλιεπὴς·
836 4552 978 4616 λέξει
997 4569 1057 4603 τε
1079 4551 1189 4620 γὰρ
1209 4551 1254 4581 ⁸⁴
1271 4549 1482 4620 ἀνοηρᾷ
1499 4548 1593 4602 καὶ
1613 4548 1836 4619 εύσήμῳ

257 4646 519 4714 κέχρηται
542 4685 556 4707 ,
589 4645 684 4696 καὶ
716 4645 748 4712 ή
785 4641 1026 4712 συνθήκη
1058 4641 1151 4693 τοῦ
1183 4641 1342 4708 λόγου
1379 4641 1521 4693 κατὰ
1549 4641 1706 4707 λόγον
1736 4639 1837 4691 αύ-

257 4735 329 4802 τῷ
373 4735 706 4806 ἡρμοσμένη
731 4751 744 4765 ·
796 4732 1116 4803 κυριολογίᾳ
1149 4732 1246 4802 μὲν
1289 4730 1522 4801 μάλιστα
1576 4729 1783 4799 χαίρων
1817 4744 1834 4760 ·

259 4827 302 4877 εί
327 4826 382 4878 δέ
410 4845 517 4878 που
556 4827 652 4879 καὶ
675 4825 926 4896 τρέψοιτο
949 4825 993 4856 ⁸⁵
1014 4863 1030 4889 ,
1070 4823 1150 4894 τῷ
1180 4840 1240 4876 τε
1277 4823 1503 4894 εύσήμῳ
1536 4821 1632 4875 καὶ
1661 4824 1840 4892 ἐμφα-

257 4923 542 4980 τικωτὰτω
599 4921 718 4993 τῆς.
749 4921 945 4987 λέξεως
999 4919 1161 4990 ἥδυνε
1226 4918 1326 4990 μὲν
1386 4921 1453 4990 τῇ
1503 4921 1679 4990 τροπῇ
1750 4919 1843 4973 τὸν

1854 3414 1902 3476 C

2654 3396 2845 3452 LXIX.

1936 3494 2182 3564 Hesycltii
2223 3493 2456 3564 illustris
2490 3490 2688 3545 Milesii
2732 3492 2973 3564 historice
3010 3492 3323 3562 amnigenaa,
3373 3501 3528 3558 atque

2009 3559 2266 3619 Romana:
2317 3563 2440 3616 libri
2481 3576 2534 3615 Vl
2588 3571 2638 3614 et
2686 3577 2766 3615 res
2819 3579 2852 3615 a
2889 3559 3103 3616 Iustino
3141 3559 3350 3616 seniore
3391 3564 3520 3628 imp.

2002 3646 2184 3706 geslaz.

2006 3727 2202 3780 Lectus
2234 3733 2288 3779 et
2319 3725 2603 3777 historicus
2633 3722 2766 3774 liber
2791 3721 3036 3790 (auctore
3093 3719 3370 3793 Hesycltio
3411 3722 3526 3794 (65)

1937 3818 2155 3882 illustri,
2195 3817 2368 3886 patria
2403 3816 2635 3877 Milesio,
2669 3813 2922 3884 llesycltii
2946 3823 3000 3868 et
3028 3813 3247 3883 Sophia:
3274 3814 3405 3881 lilio)
3425 3815 3522 3884 qui

1935 3911 2102 3964 veluti
2155 3907 2575 3978 comprehensio
2614 3909 2859 3974 quaedam
2890 3915 2970 3959 est
3003 3907 3169 3961 totius
3215 3909 3284 3961 de
3323 3910 3528 3961 mundo

1936 4003 2202 4067 historim,
2235 4013 2290 4056 ιιι
2318 4003 2441 4056 inde
2479 4017 2708 4071 quoque
2737 4001 2926 4054 titulus
2962 4001 3217 4056 Romanae
3247 4002 3431 4067 simul,
3472 4013 3527 4056 et

1937 4097 2229 4161 omnigenu:
2268 4093 2512 4147 historiae
2568 4092 2985 4160 inscriptionem
3028 4092 3302 4162 pratferat.
3333 4093 3528 4160 Incipit

1937 4201 1964 4237 a
2004 4185 2129 4238 Belo
2155 4184 2293 4256 341)
2331 4184 2683 4254 Assyriorum
2724 4199 2871 4253 rege,
2929 4195 2982 4236 et
3014 4184 3065 4236 in
3096 4185 3372 4238 Anastasii
3417 4183 3530 4237 Ro-

1939 4292 2222 4330 manorum
2276 4275 2620 4344 imperatoris
2671 4291 2955 4329 excessum
2991 4276 3210 4329 desinit.
3261 4276 3529 4329 Concisus

1939 4382 2022 4424 est
2057 4378 2221 4436 atque
2259 4369 2514 4421 disertus.
2564 4365 2697 4418 Nam
2762 4377 2818 4420 et
2852 4367 3098 4422 dictione
3164 4385 3292 4422 usus
3337 4366 3526 4422 ﬂorida

1939 4476 2002 4515 ac
2041 4460 2409 4530 signiﬁcante,
2447 4469 2502 4512 et
2555 4459 2666 4528 ipsa
2690 4461 2954 4514 orationis
2981 4470 3252 4513 Structura
3289 4460 3402 4526 pari
3446 4467 3530 4512 est

1942 4553 2153 4608 ratione
2187 4553 2254 4605 ab
2292 4551 2386 4605 illo
2423 4551 2726 4617 elaborata,
2770 4552 2896 4605 dum
2948 4554 3236 4605 verborum
3291 4551 3530 4604 maxime

1941 4646 2141 4715 gaudet
2181 4643 2530 4711 proprietate.
2590 4642 2774 4696 Sicubi
2817 4657 2945 4696 vero
2990 4642 3279 4696 dictionem
3321 4641 3532 4709 signiti-

1945 4745 2178 4799 cantem,
2211 4734 2375 4788 etiam
2413 4747 2534 4785 cum
2573 4733 2807 4786 maxima
2857 4733 3129 4801 emphasi,
3181 4743 3428 4787 sectatur
3455 4733 3528 4786 ita

1949 4840 2045 4880 sua
2097 4822 2453 4878 translatione
2487 4822 2793 4876 auditorem
2840 4821 3105 4885 oblectat,
3137 4832 3196 4874 ut
3243 4821 3412 4876 nihilo
3435 4821 3532 4876 ob-

1953 4915 2190 4979 scurius,
2231 4912 2362 4982 quin
2403 4912 2548 4966 forte
2585 4910 2807 4978 clarius,
2856 4926 2972 4967 rem
3014 4912 3086 4966 ob
3132 4912 3322 4968 oculos
3364 4923 3532 4984 ponat

1548 5052 1787 5108 VARIAE
1815 5047 2224 5107 LECTIONES.

325 5151 366 5182 ἰ
399 5149 746 5219 Πολυμνείας
781 5168 841 5214 ς’.
939 5150 985 5181 ⁸²
1015 5149 1384 5220 ἀποσειμένης
1413 5147 1476 5203 A.

264 5236 318 5282 ς.
389 5221 432 5251 ⁸⁷
467 5221 527 5272 δὲ
571 5220 696 5272 add.
744 5223 809 5274 A.
885 5221 950 5252 ⁸⁷⁸
995 5221 1092 5286 μὲν
1140 5236 1250 5274 om.
1291 5220 1357 5274 A.

263 5291 304 5360 ἐξ
330 5291 382 5342 δὲ
413 5302 543 5342 ante
575 5291 637 5341 ὲκ
678 5292 800 5346 add.
831 5293 898 5344 A.
976 5292 1023 5322 σο
1051 5307 1142 5360 μοι
1173 5292 1298 5345 add.
1331 5291 1399 5347 Δ.

265 5359 306 5389 ⁸⁸
333 5361 595 5431 τέρψοιτο
633 5377 691 5423 ς.

1472 5219 1518 5292 δέ
1544 5218 1646 5292 κς]

1575 5149 1623 5180 ⁸³
1656 5147 1806 5218 αὑτῷ
1839 5150 1962 5202 add.
1991 5149 2057 5202 A.

1699 5216 1786 5273 καί
1834 5219 1917 5273 vel
1975 5221 2052 5272 κδ’
2114 5218 2405 5286 (incertum
2453 5216 2620 5283 cnim)

1478 5291 1523 5323 “
1567 5287 1868 5361 ἱλὸύστριος
1902 5289 1970 5342 Α.
2050 5289 2096 5320 ⁸⁸
2129 5287 2326 5355 Σοφίας
2357 5303 2415 5350 ς.

2165 5145 2212 5176 ιι
2251 5143 2351 5213 μὲν
2380 5144 2444 5196 ἐκ
2465 5143 2640 5218 λόγων
2673 5163 2733 5218 ς,
2794 5214 2804 5218 Α
2832 5145 2877 5177 ⁵⁸
2911 5147 3012 5218 μὲν
3045 5147 3170 5218 add.
3202 5147 3270 5202 A.
3381 5149 3427 5182 ⁵⁸
3455 5149 3530 5214 λς

2671 5217 2738 5268 Α.
2793 5214 2999 5272 lacunae
3053 5217 3254 5272 eaedem
3315 5219 3371 5273 in
3418 5220 3528 5274 AC.

2493 5286 2539 5317 ⁵³
2568 5285 2662 5339 τοῦ
2697 5285 2822 5341 add.
2853 5289 2918 5342 A.
2995 5287 3041 5320 “
3061 5287 3170 5358 γὰρ
3203 5305 3314 5343 om.
3347 5304 3431 5358 pr.
3462 5291 3527 5343 A.

1790 5467 2025 5528 NOTAE.

330 5570 441 5639 (60)
480 5568 586 5633 Qui
616 5567 752 5639 liber
783 5563 881 5618 inf.
919 5562 1223 5639 advocatur
1253 5562 1377 5639 cod.
1410 5559 1537 5639 161ἶ

337 5630 448 5709 (61)
483 5630 685 5709 Strabo
705 5637 796 5690 lib.
826 5649 943 5709 xttl,
970 5637 1020 5686 in
1047 5631 1258 5709 Troade
1282 5631 1638 5709 _G_ergctltium
1675 5630 1844 5689 fuisse

271 5703 404 5764 hunc
432 5703 802 5776 Ccphalonem
833 5706 993 5776 docet
1029 5713 1086 5756 ut
1118 5713 1172 5756 et
1199 5703 1413 5776 Suidas.

337 5781 448 5850 (62)
501 5771 742 5846 Quatuor
795 5777 885 5831 hic
944 5773 1206 5830 librorum
1268 5771 1511 5831 calculus
1558 5781 1843 5830 auctorum

1952 5566 2269 5620 eorumdem
2310 5574 2577 5619 tomnrum
2613 5567 2795 5634 periit.

2027 5637 2139 5706 (65)
2170 5637 2242 5688 De
2265 5651 2372 5704 quo
2396 5636 2654 5704 legendus
2676 5637 2890 5692 Suidas.
2924 5639 3113 5692 Exslal
3136 5639 3530 5697 Graeco-latina

1952 5706 2116 5776 hujus
2141 5707 2376 5773 epitome
2405 5706 2646 5774 Catalogi
2670 5708 2905 5760 virorum
2932 5712 3191 5764 doctrinae
3241 5714 3396 5766 laude
3427 5715 3536 5769 cla-

1957 5792 2142 5853 rorum
2178 5776 2448 5844 alphabeti
2477 5777 2621 5834 serie
2655 5778 2795 5849 typis
2825 5779 3190 5838 Plantinianis
3219 5783 3386 5837 cdita.
