4146 6418
620 378 718 444 167

1780 379 2045 443 PHOTII
2084 381 2594 441 PATRIARCII/E
2631 385 2742 446 ΟΡ.

3777 393 3879 458 168

617 507 780 563 cpiam
804 488 850 546 si
878 490 1025 547 nulla
1049 492 1220 564 ﬁgura
1256 507 1388 548 usus
1411 490 1626 548 fuisset.
1649 490 1912 547 Veritatis
1933 500 2180 563 praeterea

2298 490 2594 562 ἀκροατὴν,
2633 495 2785 548 οὐδὲν
2811 496 2868 550 δὲ
2922 494 3107 571 ἦττον,
3151 502 3200 554 εί
3233 501 3309 573 μὴ
3341 501 3433 554 καὶ
3462 503 3665 572 μᾶλλον
3695 511 3883 578 σαφῶς

615 598 674 638 se
695 583 786 638 hic
835 583 1088 654 inprimis
1111 584 1415 640 studiosum
1445 583 1742 654 promittit.

683 761 954 817 Cmterum
983 777 1121 832 opus
1148 777 1240 817 sex
1273 763 1326 817 in
1370 773 1555 832 partes
1586 763 1842 818 divisum.
1881 764 2097 820 Primus
2127 764 2198 819 li-

611 853 731 919 ber,
784 870 902 922 qua:
939 855 1137 909 bellum
1174 853 1468 922 Trojanum
1515 866 1950 922 antecesserunt,
2001 855 2191 911 refert.

613 943 917 1010 Secundus,
953 946 1020 1000 ab
1049 944 1143 999 llio
1165 955 1321 1016 capto
1345 947 1412 1000 ad
1438 946 1667 1001 Romam
1701 963 1869 1016 usque
1891 947 2193 1014 conditam,

614 1047 791 1106 gesta.
839 1036 1080 1101 Tertius,
1122 1054 1242 1107 qua:
1291 1040 1360 1093 ab
1407 1040 1541 1094 urbe
1577 1041 1795 1093 condita
1842 1041 1942 1092 sub
1979 1040 2196 1105 regibus

611 1129 949 1194 acciderunt,
979 1130 1152 1184 donec
1183 1130 1498 1185 consulibus
1524 1130 1709 1186 Romae
1737 1131 1939 1186 creatis
1965 1146 2192 1200 regnum

611 1239 731 1278 esse
758 1224 941 1290 desiit,
973 1234 1398 1290 commemorat;
1425 1222 1745 1294 Olympiade
1773 1223 1998 1278 circiter
2023 1239 2188 1278 sexa-

611 1317 814 1385 gesima
856 1325 1070 1368 octava.
1120 1313 1379 1380 Quartus,
1423 1329 1488 1368 ev
1544 1329 1652 1382 quo
1711 1314 1963 1368 consules
2004 1315 2192 1368 Romae

610 1408 965 1477 praefuerunt,
1008 1409 1113 1462 hoc
1162 1417 1270 1473 est,
1309 1424 1338 1461 a
1386 1407 1725 1477 sexagesima
1774 1417 1966 1460 octava
2000 1407 2189 1477 Olym-

613 1498 774 1568 piade
806 1513 977 1566 usque
1023 1499 1088 1551 ad
1135 1513 1381 1563 ccxxx",
1418 1513 1541 1551 cum
1575 1496 1850 1559 consules,
1894 1494 2037 1550 Julio
2076 1497 2192 1550 Cte-

610 1604 734 1644 sare
773 1589 948 1644 solum
978 1589 1300 1658 imperante,
1336 1603 1458 1642 esse
1482 1590 1787 1642 desierunt.
1811 1587 2012 1654 Quinto
2049 1588 2189 1643 libro

610 1696 672 1736 ea
721 1691 1035 1745 narrantur,
1076 1696 1195 1750 quae
1227 1698 1256 1735 a
1300 1680 1428 1736 Julii
1471 1679 1703 1734 Caesaris
1746 1680 1974 1748 imperio
2019 1693 2189 1748 usque

610 1773 736 1828 dum
772 1771 1080 1844 Byzantinus
1119 1773 1270 1827 urbis
1302 1773 1469 1841 gloria
1503 1788 1565 1825 ac
1591 1774 1760 1827 virtus
1813 1773 1878 1826 ad
1915 1788 2184 1826 summum

608 1864 868 1932 perducta
901 1875 1004 1930 est,
1047 1865 1415 1934 contigerunt,
1453 1863 1774 1934 Olympiade
1814 1879 2060 1918 cetxxvn
2107 1865 2180 1916 in-

2294 1875 2400 1927 ἁπὸ
2451 1878 2548 1944 τῆς
2596 1877 2814 1931 Ἰουλίου
2857 1879 2950 1932 τοῦ
2995 1883 3273 1950 Καίσαρος

607 1957 858 2009 choaute.
882 1955 1049 2010 Sexto
1067 1956 1229 2018 libro,
1259 1970 1324 2009 ex
1349 1971 1456 2024 quo
1477 1957 1892 2013 Constantinum
1919 1959 2188 2012 Constan-

609 2047 862 2115 tinopolis
915 2062 1108 2115 magno
1143 2063 1243 2102 suo
1269 2047 1410 2101 bono
1447 2057 1602 2101 nacta
1639 2055 1724 2103 est
1773 2049 2180 2117 imperatorem,

607 2139 865 2206 usquead
904 2138 1180 2192 Anastasii
1233 2153 1517 2192 excessum
1566 2148 1722 2208 gesta
1754 2150 1976 2205 narrat;
2023 2155 2184 2208 quem

604 2228 877 2284 Caesarem
907 2229 1137 2298 scriptor
1167 2229 1252 2284 hic
1281 2229 1588 2295 clementia,
1619 2245 1682 2284 ac
1701 2230 2029 2300 benignitate
2049 2232 2183 2301 (65),

605 2323 790 2374 nescio
817 2321 1116 2389 quomodo,
1143 2321 1322 2373 multis
1344 2319 1723 2376 autecelluisse
1743 2322 2001 2388 praedicat
2039 2341 2052 2376 :
2086 2339 2182 2378 cu-

599 2412 691 2481 jus
717 2412 899 2467 obitus
921 2413 971 2465 in
999 2413 1340 2466 undecimam
1374 2413 1564 2466 indicit
1588 2415 1964 2486 indictionem,
1988 2415 2183 2486 Magno

603 2505 826 2559 consule
873 2505 994 2558 sine
1044 2505 1271 2574 collega.
1319 2484 1646 2574 Temporu’m
1703 2521 1834 2560 vero
1882 2507 2180 2574 periodus,

605 2613 710 2668 qua
745 2599 968 2653 historia
1008 2598 1093 2652 illa
1119 2599 1441 2663 absolvitur,
1475 2613 1743 2653 annorum
1768 2608 1953 2654 estcia
1986 2617 2105 2656 cxc.

673 2861 927 2931 Legimus
952 2861 1078 2916 item
1105 2862 1346 2932 ejusdem
1374 2861 1628 2935 llesychii
1657 2865 1769 2936 (6'5)
1795 2864 2022 2920 alterum
2047 2882 2182 2936 npus

599 2951 801 3008 Justini
853 2953 1104 3022 imperat.
1150 2969 1235 3008 res
1285 2965 1466 3022 gestas
1511 2959 1798 3012 continens
1841 2975 1856 3011 :
1911 2961 2182 3027 quioniodo

599 3046 893 3100 Anastasio
927 3055 1142 3100 mortuo
1168 3047 1426 3101 suliectus
1449 3046 1723 3112 Justinus,
1755 3061 1805 3103 et
1836 3051 1995 3116 huius
2024 3053 2184 3107 vicis-

598 3142 700 3196 sim
743 3143 1029 3209 imperium
1064 3139 1405 3195 Justiniauus
1432 3144 1733 3209 exceperit,
1762 3141 1977 3212 aliaque
2023 3144 2179 3196 anuis

2300 582 2362 636 τὸ
2394 586 2649 654 πρᾶγμα,
2682 587 2715 658 ἧ
2746 590 2794 640 εἰ
2827 589 2903 660 μὴ
2953 591 3276 662 ἐτέτραπτο,
3310 597 3711 666 παρεστήσατο.
3749 600 3884 654 ’Υπ-

2304 681 2566 747 ισχνεῖται
2595 680 2653 732 δὲ
2681 681 2776 734 καὶ
2815 681 3077 754 ἀληθείας
3116 681 3255 738 εἶναι
3285 691 3633 760 φροντιστής.

2369 771 2666 842 Διαιρεῖται
2693 773 2748 825 δὲ
2770 775 2920 843 αὑτῷ
2958 776 3019 829 τὸ
3047 778 3368 849 σπούδασμα
3407 783 3487 842 εἰς
3514 783 3777 852 τμήματα
3803 784 3881 850 ἒξ,

2298 857 2372 917 ὧν
2388 863 2448 915 τὸ
2479 863 2578 934 μὲν
2602 864 2814 934 πρῶτον
2842 868 3035 937 τμῆμα
3067 870 3314 941 περιέχει
3340 871 3409 925 τὰ
3441 875 3548 940 πρὸ
3572 875 3679 928 τῶν
3706 879 3886 947 Τρωϊ-

2297 952 2432 1016 κῶν,
2462 954 2524 1006 τὸ
2552 954 2606 1008 δὲ
2639 955 2888 1028 δεύτερον
2921 961 2989 1012 τὰ
3010 962 3120 1014 ἀπὸ
3166 963 3318 1015 Ἰλίου
3357 964 3612 1030 ἁλώσεως
3650 968 3754 1033 ἕως
3782 972 3884 1040 τῆς

2297 1046 2527 1110 κτίσεως
2576 1047 2814 1118 Ῥώμης,
2856 1052 2917 1103 τὸ
2945 1053 3002 1105 δὲ
3031 1054 3216 1123 τρίτον
3247 1057 3312 1109 τά
3352 1057 3460 1110 ἀπὸ
3507 1060 3608 1128 τῆς
3649 1064 3883 1124 κτίσεω;

2307 1135 2525 1208 Ῥώμης
2545 1139 2738 1209 μέχρις
2756 1142 2875 1195 ὅτου
2904 1144 2948 1174 ⁸⁸
2983 1143 3322 1218 Ῥωμαίοιςὴ
3348 1149 3457 1201 τῶν
3507 1151 3729 1205 ὑπάτων
3770 1156 3884 1208 εἰσ-

2295 1231 2434 1302 ήχθη
2471 1234 2740 1302 ἡγεμονία
2765 1237 3102 1290 καταλύσασι
3131 1240 3256 1298 τοὺς
3295 1240 3547 1309 βασιλέας
3569 1287 3583 1307 ,
3620 1249 3759 1298 κατὰ
3785 1248 3884 1318 τὴν

2294 1322 2487 1410 ὀγδόην
2528 1327 2624 1377 καὶ
2668 1327 2967 1400 ἑξηκοστὴν
3004 1331 3369 1402 Ὀλυμπιάδα·
3413 1337 3474 1389 τὸ
3508 1337 3564 1390 δὲ
3597 1340 3880 1410 τέταρτον,

2293 1412 2352 1477 ἐξ
2380 1407 2550 1486 οὗπερ
2590 1416 2876 1487 Ῥωμαίων
2912 1421 3184 1491 ἡγήσαντο
3223 1423 3453 1491 ὕπατοι,
3479 1427 3598 1496 ἦτοι
3647 1430 3756 1482 ἀπὸ
3782 1432 3884 1502 τῆς

2290 1509 2482 1578 ὀγδόης
2510 1510 2604 1563 καὶ
2643 1513 2944 1582 ἑξηκοστῆς
2986 1515 3374 1586 Ὀλυμπιάδος,
3413 1520 3577 1588 μέχρι
3621 1520 3882 1590 δευτέρας

2291 1603 2382 1654 καὶ
2409 1603 2776 1676 ὀγδοηκοστῆς
2811 1607 2904 1660 καὶ
2931 1609 3226 1678 ἑκατοστῆς
3256 1610 3339 1664 [51
3383 1611 3472 1684 ll.]
3492 1615 3879 1684 Ὀλυμπιάδος,

2291 1686 2353 1748 οὗ
2384 1696 2477 1748 καὶ
2510 1695 2700 1766 ἔληξεν
2737 1699 3020 1768 ἡτοιαύτη
3056 1701 3199 1772 ἁρχὴ
3216 1703 3436 1757 Ἰουλίου
3469 1706 3564 1759 τοῦ
3596 1709 3880 1780 Καίσαρος

2292 1787 2757 1858 μοναρχήσαντος.
2795 1787 2867 1841 Τὸ
2905 1790 2960 1844 δὲ
2993 1793 3246 1862 πέμπτον
3282 1797 3482 1864 τμῆμα
3523 1801 3766 1870 περιέχει
3812 1805 3882 1856 τὰ

3328 1888 3630 1957 μοναρχίας
3685 1891 3880 1960 μέχρις

2293 1967 2415 2019 ὅτου
2476 1967 2771 2031 Βυζάντιον
2823 1971 2916 2021 ἐπὶ
2966 1971 3109 2039 μέγα
3155 1972 3312 2042 δόξης
3376 1976 3558 2046 ἰσχύος
3613 1981 3658 2011 ⁸⁷
3705 1982 3875 2053 ἡρθη,

2305 2059 2662 2128 Ὀλυμπιάδος
2685 2061 2915 2131 ἑϐδόμης
2937 2065 3025 2115 καὶ
3050 2064 3460 2139 ἑϐδομηκοστῆς
3481 2071 3578 2123 καὶ
3601 2072 3877 2128 διακοσιο-

2294 2151 2422 2219 στῆς
2447 2153 2762 2223 ἱσταμένης.
2787 2155 2860 2206 Τὸ
2883 2155 2937 2207 δὲ
2962 2156 3139 2221 ἕκτον,
3165 2157 3224 2222 ἑξ
3249 2155 3309 2213 οὗ
3333 2159 3560 2228 βασιλέα
3591 2165 3882 2220 Κωνσταν-

2291 2244 2599 2308 τινούπολις
2626 2246 2890 2317 εὐτύχησε
2926 2249 2968 2281 ⁸⁸
3028 2251 3454 2317 Κωνσταντῖνον,
3489 2258 3651 2327 μέχρι
3703 2261 3804 2329 τῆς
3835 2263 3880 2294 ⁸³

2304 2336 2654 2389 Ἀναστασίου
2687 2341 2964 2409 τελευτῆς,
2991 2340 3048 2392 ὃν
3079 2335 3234 2406 οὗτος
3267 2346 3296 2397 ὁ
3331 2352 3684 2418 συγγραφεὺς
3715 2355 3880 2424 πραό-

2290 2444 2412 2496 τητι
2440 2429 2535 2482 καὶ
2561 2430 2606 2460 ⁷ο
2635 2431 2955 2501 ἡμερότητι,
2989 2434 3091 2486 οὐκ
3114 2433 3208 2488 οἷδ’
3233 2437 3404 2503 ὅπως,
3441 2442 3650 2497 πολλῶν
3675 2446 3882 2501 ἀποσε-

2295 2517 2482 2586 μνύνει
2513 2518 2827 2586 διενεγκεῖν·
2866 2515 2929 2575 οὗ
2966 2525 3316 2599 συνέπεσενὴ
3353 2531 3578 2604 τελευτὴ
3609 2539 3750 2591 κατὰ
3781 2540 3881 2611 τὴν

2291 2609 2583 2681 ἑνδεκάτην
2612 2611 2938 2678 ίνδικτιῶνα,
2970 2615 3194 2684 Μάγνου
3228 2620 3389 2689 μόνου
3417 2623 3459 2654 ⁷⁸
3489 2609 3875 2695 ὑπατεύοντος.

2299 2697 2364 2750 Ἠ
2397 2698 2453 2752 δὲ
2493 2702 2724 2772 περιοχὴ
2769 2704 2877 2758 τῶν
2920 2707 3128 2776 χρόνων
3175 2710 3367 2779 χιλίων
3410 2715 3504 2768 καὶ
3547 2718 3879 2790 ἐνενήκοντα

2288 2792 2385 2843 καὶ
2410 2792 2624 2846 ἑκατόν.
2654 2795 2746 2847 Ἐν
2776 2791 2855 2860 οἷς
2885 2799 2977 2851 καὶ
3014 2800 3046 2870 ἡ
3076 2808 3390 2875 συγγραφή.

2355 2886 2698 2958 Ἀνεγνώσθη
2723 2889 2780 2942 δέ
2811 2908 2898 2960 μοι
2930 2894 3020 2945 καὶ
3049 2895 3213 2966 ἑτέρα
3234 2898 3328 2951 τοῦ
3358 2900 3525 2954 αὐτοῦ
3551 2903 3734 2973 βίϐλος
3758 2949 3774 2971 ,
3814 2911 3877 2964 ἑν

2290 2973 2324 3052 ᾖ
2353 2981 2660 3050 περιείχετο
2697 2981 2766 3034 τά
2823 3000 2883 3035 τε
2937 2985 3209 3059 Ἰουστίνῳ
3236 2991 3574 3062 πραχθέντα,
3630 2998 3780 3061 ὅπως
3814 3017 3876 3052 τε

2288 3069 2644 3123 Ἀναστασίου
2703 3071 3129 3142 τελευτήσαντος
3187 3081 3348 3142 αὐτὸς
3397 3083 3698 3156 ἀνερρήθη.
3741 3085 3877 3143 Εἶτα

2289 3161 2380 3211 καὶ
2412 3161 2511 3230 τὴν
2531 3162 2910 3216 Ἰουστινιανοῦ
2939 3167 3033 3218 τοῦ
3059 3169 3200 3235 μετὰ
3223 3171 3512 3226 Ίουστῖνον
3536 3177 3686 3230 ἐστιν
3710 3181 3876 3249 ἀνάρ-

599 3235 805 3303 aliquot
840 3235 938 3287 sub
963 3248 1028 3286 eo
1077 3243 1252 3302 gesta.
1289 3231 1367 3285 Ne
1392 3245 1591 3287 cratera
1621 3233 1855 3298 scriptor
1908 3235 2180 3287 memoria:

2467 3221 2477 3230 _
3059 3221 3071 3235 .
3311 3221 3680 3230 ν-τ--ν-νννη
3710 3221 3871 3249 *ινιτ

2289 3253 2448 3320 ρησιν
2478 3255 2712 3306 κατιδεῖν
2732 3296 2746 3320 ,
2779 3257 2874 3307 καὶ
2902 3257 3001 3321 τὰς
3035 3259 3200 3324 ἄλλας
3226 3263 3452 3332 πράξεις
3489 3269 3682 3338 μέχρις
3728 3273 3871 3327 ἐτῶν

3597 3309 3678 3340 ill,
3728 3309 3784 3325 Si

601 3326 904 3386 mandaret,
953 3334 1242 3378 revocatus
1276 3336 1362 3378 est
1412 3333 1584 3377 morte
1631 3323 1860 3379 Joannis
1893 3325 1984 3378 ﬁlii
2011 3363 2026 3388 ,
2066 3341 2185 3393 qua:

602 3425 839 3468 mentem
888 3415 1124 3469 hominis
1178 3417 1313 3468 adeo
1366 3416 1625 3484 perculit,
1671 3427 1730 3470 ut
1776 3417 2182 3471 commentandi

603 3505 997 3574 scribendique
1027 3517 1277 3559 conatum
1311 3506 1614 3575 infregerit.

1304 3685 1468 3740 LXX.

767 3779 909 3850 35a
942 3779 1168 3832 Diodori
1202 3778 1370 3833 Siculi
1403 3779 1764 3834 Historiarum
1791 3779 1915 3834 libri
1948 3798 2035 3839 XL.

669 3873 924 3941 Legimus
970 3871 1192 3924 Diodori
1234 3871 1402 3925 Siculi
1456 3871 1818 3926 Historiarum
1851 3873 2012 3928 libros
2050 3892 2183 3944 qun-

595 3968 866 4036 drnginla,
907 3965 996 4034 qui
1025 3965 1332 4018 universam
1358 3966 1646 4033 quamdam
1683 3967 1867 4019 mundi
1894 3967 2180 4021 continent

596 4057 900 4111 historiam.
944 4056 1038 4109 Est
1087 4056 1418 4124 Cephalione
1461 4057 1620 4124 longe
1670 4058 1924 4122 uberior,
1982 4061 2175 4114 saltem

594 4163 716 4202 cum
753 4146 944 4200 eadem
997 4145 1208 4209 refert,
1258 4156 1397 4200 utet
1433 4145 1699 4218 Hesychio
1753 4149 1971 4204 illustri.
2027 4151 2178 4222 Stylo

594 4240 765 4290 utitur
809 4237 1118 4305 perspicuo,
1161 4251 1261 4290 uec
1296 4237 1564 4305 allectato,
1611 4239 1704 4293 sed
1756 4242 1846 4310 qui
1891 4243 2174 4298 historiam

594 4326 830 4377 maxime
870 4327 1078 4379 deceat.
1131 4323 1317 4394 Neque
1361 4327 1546 4391 etiam,
1586 4337 1642 4382 ut
1687 4331 1767 4384 sic
1795 4332 2050 4396 dixerim,
2097 4335 2178 4387 ui-

596 4416 763 4469 mium
803 4416 1091 4479 atticissat,
1126 4425 1217 4468 aut
1255 4417 1596 4483 autiquarius
1627 4428 1708 4473 est
1738 4435 1899 4490 supra
1931 4425 2170 4488 modum,

591 4522 766 4575 neque
792 4517 982 4560 contra
1015 4507 1080 4559 ad
1108 4507 1309 4560 humile
1334 4509 1547 4562 dicendi
1585 4525 1754 4579 genus
1797 4527 1854 4566 se
1881 4512 2116 4566 demittit
2154 4532 2168 4567 :

589 4599 682 4652 sed
713 4600 972 4653 mediocri
1005 4598 1176 4652 forma
1210 4601 1484 4655 sermonis
1513 4601 1842 4670 delectatur,
1881 4605 2167 4672 ﬁguratam

587 4691 917 4756 orationem,
973 4691 1191 4758 aliaque
1236 4692 1448 4757 vitans;
1493 4693 1593 4747 nisi
1633 4697 1776 4762 quod
1821 4697 1887 4750 de
1933 4700 2172 4766 gentium

588 4781 714 4842 diis,
749 4791 803 4834 et
841 4781 1120 4846 heroibus,
1161 4794 1446 4851 poetarum
1480 4801 1649 4849 more,
1684 4787 1976 4844 fabulatur.
2017 4790 2174 4845 Ducit

588 4873 830 4928 historize
860 4875 1075 4930 initium
1100 4890 1132 4930 a
1150 4875 1490 4941 Graecorum,
1522 4879 2000 4951 Barbarorumquc
2020 4883 2174 4937 fabu-

588 4963 717 5020 losis
767 4967 1100 5035 temporibus
1125 5009 1140 5033 ,
1168 4971 1452 5038 pergitque
1493 4971 1560 5023 ad
1607 4971 1918 5026 inchoatum
1944 4975 2165 5042 bellum,

586 5061 728 5123 quod
758 5072 881 5109 cum
925 5055 1094 5111 Gallis
1123 5058 1352 5113 Romani
1385 5074 1604 5130 gessere
1632 5080 1645 5115 :
1679 5078 1784 5132 qua
1843 5073 2164 5135 tempestate

585 5146 647 5202 C.
682 5145 856 5202 Julius
879 5148 1063 5204 Caesar
1097 5150 1208 5222 (cui
1236 5153 1307 5207 ob
1345 5169 1430 5206 res
1461 5165 1639 5222 gestas
1673 5153 1788 5208 Divi
1835 5171 2164 5227 cognomen-

588 5246 700 5292 tum
736 5239 993 5297 addidere
1032 5240 1285 5311 Bomaui)
1320 5243 1604 5313 plurimas,
1633 5246 1980 5316 maximeque
2009 5251 2163 5304 bi-lli-

2284 3360 2450 3395 τινων
2472 3345 2518 3375 ⁷³
2550 3345 2649 3413 τῆς
2693 3347 2858 3399 αὐτοῦ
2903 3349 3200 3418 βασιλείας.
3239 3356 3348 3407 Καὶ
3390 3358 3449 3408 τὸ
3475 3358 3661 3413 λοιπὸν
3685 3365 3712 3415 ὁ
3741 3382 3877 3432 συγ-

2283 3435 2528 3504 γραφεὺς
2560 3437 2831 3508 ἐπεσχέθη
2854 3482 2868 3504 ,
2901 3441 3116 3512 θανάτῳ
3141 3444 3237 3496 τοῦ
3273 3449 3464 3510 παιδὸς
3490 3451 3739 3505 Ἰωάννου
3769 3454 3875 3524 τὴν

2282 3525 2460 3618 ψυχὴν
2481 3528 2703 3618 καιρίαν
2729 3527 2946 3601 βληθεὶς
2963 3535 3049 3587 καὶ
3075 3535 3174 3605 τῆς
3196 3537 3330 3606 πρὸς
3353 3539 3412 3591 τὸ
3438 3542 3675 3612 γράφειν
3697 3548 3876 3618 ὁρμῆς

2283 3615 2562 3680 ἑκκοπείς.

2993 3714 3079 3770 0'.

2531 3804 2822 3874 Διοδώρου
2862 3807 3216 3864 Σικελιώτου
3263 3811 3614 3883 ’Ῑστορικόν.

2350 3893 2691 3967 Ἀνεγνὼσθη
2731 3899 2774 3929 ⁷³
2811 3915 2900 3968 μοι
2964 3900 3227 3970 Διοδώρου
3287 3905 3609 3962 Σικελιώτου
3669 3911 3873 3977 βιϐλίον

2291 3986 2564 4056 ἱστορικὸν
2616 3990 2674 4041 ἑν
2729 3989 2909 4057 λόγοις
2963 3998 3034 4059 μ’,
3091 3995 3476 4069 οἱκουμενικὴν
3523 4005 3873 4073 περιέχουσιν

2284 4073 2549 4143 ἱστορίαν.
2584 4077 2823 4129 Ἔστιδὲ
2854 4078 3037 4150 πολλῷ
3073 4082 3411 4157 πλατύτερος
3455 4087 3552 4142 τοῦ
3587 4108 3645 4144 τε
3679 4093 3870 4161 Κεφα-

2278 4164 2487 4230 λίωνος,
2519 4169 2576 4219 ἐν
2608 4165 2689 4230 οἷς
2719 4169 2845 4233 τοὺς
2877 4172 3076 4238 αὐτοὺς
3109 4176 3336 4246 χρόνους
3371 4181 3661 4250 συμϐαίνει
3684 4186 3872 4251 αὐτοῖς

2277 4257 2642 4326 ἀναγράφειν,
2689 4261 2784 4314 καὶ
2847 4263 2942 4316 τοῦ
2985 4265 3242 4337 Ἠσυχίου
3267 4270 3358 4322 τοῦ
3409 4272 3771 4346 Ίλλουστρίου
3799 4281 3866 4333 ⁷⁵.

2278 4347 2560 4418 Κέχρηται
2601 4351 2658 4403 δὲ
2701 4354 2900 4423 φράσει
2929 4362 3094 4426 σαφεῖ
3121 4377 3180 4413 τε
3213 4363 3308 4414 καὶ
3338 4366 3570 4436 άκόμῴῳ
3602 4370 3695 4421 καὶ
3722 4372 3868 4423 ἱστο-

2278 4437 2371 4507 ρίᾳ
2406 4439 2642 4508 μάλιστα
2687 4446 2973 4520 πρεπούσῃ
3000 4490 3014 4512 ,
3051 4450 3146 4501 καὶ
3177 4453 3315 4523 μήτε
3347 4453 3444 4517 τὰς
3493 4456 3586 4524 (ὡς
3620 4458 3686 4512 ἂν
3721 4461 3866 4515 εἴποι

2277 4532 2381 4590 τις)
2413 4529 2532 4583 λίαν
2575 4532 3162 4611 ὑπερηττικισμέναςῆ
3200 4544 3633 4614 άρχαιοτρόπους
3653 4550 3866 4606 διώκων

2277 4621 2578 4711 συντάξεις,
2614 4627 2754 4694 μήτε
2799 4629 2939 4700 πρὸς
2984 4632 3082 4702 τὴν
3113 4635 3579 4711 καθωμιλημένην
3610 4644 3655 4675 ⁷⁵
3690 4645 3864 4697 νεύων

2272 4709 2588 4774 παντελῶς,
2645 4714 2782 4767 ἀλλὰ.
2825 4718 2903 4787 τῷ
2956 4721 3106 4791 μέσῳ
3149 4722 3258 4775 τῶν
3322 4724 3496 4792 λόγων
3534 4709 3864 4800 χαρακτῆρι

2270 4801 2497 4872 χαίρων,
2551 4806 2770 4884 φεύγων
2831 4827 2888 4861 τε
2941 4813 3149 4880 τροπάς
3187 4817 3280 4867 καὶ
3340 4811 3530 4881 τᾶλλα,
3583 4819 3724 4887 πλὴν
3752 4822 3864 4872 τῶν

2271 4895 2399 4963 παρ’
2430 4895 2656 4968 Ἕλλησι
2705 4902 3190 4971 μυθολογουμένων
3233 4906 3372 4961 θεῶν
3414 4925 3472 4961 τε
3511 4911 3606 4963 καὶ
3638 4909 3859 4980 ἡρώων,

2274 4984 2373 5037 ὅσα
2405 4987 2465 5039 τὸ
2489 4992 2772 5060 ποιητικὸν
2821 4993 2943 5058 ἔθος
2971 4996 3018 5027 ⁷⁸
3044 4997 3288 5066 νέμεται.
3325 5001 3584 5069 Ἀρχεται
3631 5001 3730 5070 μὲν
3767 5002 3862 5055 οὖν

2276 5077 2374 5145 τῆς
2415 5079 2656 5151 ἱστορίας
2683 5085 2792 5136 ἀπὸ
2819 5086 2928 5139 τῶν
2952 5087 3436 5159 μυθολογουμένων
3468 5093 3598 5163 παρ’
3631 5093 3862 5163 Ἕλλησι

2273 5170 2366 5220 καὶ
2394 5171 2710 5242 βαρϐάροις,
2749 5177 2876 5245 ἑξῆς
2899 5179 3050 5232 διιὼν
3097 5183 3258 5253 μέχρι
3296 5185 3393 5253 τῆς
3429 5186 3604 5256 ἀρχῆς
3638 5186 3731 5238 τοῦ
3769 5204 3863 5238 συ-

2274 5261 2496 5324 στάντος
2519 5265 2760 5337 πολέμου
2805 5269 3098 5339 Ῥωμαίοις
3124 5290 3181 5326 τε
3219 5275 3312 5327 καὶ¹
3357 5276 3582 5338 Κελτοῖς
3603 5317 3618 5341 ,
3657 5276 3778 5329 καθ’
3803 5275 3862 5328 ὃν

1847 5336 2082 5395 VARl/E
2139 5342 2546 5409 LECTIONES.

657 5418 879 5500 “‘Srou]
908 5421 1095 5500 (Trauli.
1162 5423 1468 5500 _"_te:xtiog]
1503 5427 1684 5500 malim
1715 5431 1809 5484 καὶ
1843 5431 2047 5500 ἰσχύος.

663 5488 821 5572 μόνον
857 5488 916 5572 5;:
994 5493 1252 5572 τιχτινῶν]
1301 5488 1534 5572 iijrtasse
1587 5498 1872 5572 legendum
1899 5488 2102 5572 ’τριιῦν.

589 5560 632 5590 ⁷⁸
664 5561 1162 5634 καθωμαλισμένην
1190 5560 1250 5630 ςῖ

2144 5437 2502 5516 ⁶⁸ῃηυτύχησε
2543 5466 2603 5511 ς.

1326 5509 1534 5552 nrtasse
1587 5509 1872 5568 legendum
1917 5509 2102 5572 τριῶν.
2180 5509 2226 5540 ⁷⁸
2257 5509 2574 5590 ἀνεγνώσθη
2630 5509 3005 5590 βιϐλίον”διοᾶ
3060 5509 3150 5581 σίέ
3193 5509 3263 5578 δὲ

1326 5566 1370 5596 ⁷⁸⁸
1409 5566 1560 5620 ἔθνος
1585 5567 1892 5620 Stephanus
1915 5583 1972 5620 el.
2002 5573 2357 5620 Cnsnll'tnnnc
3155 5569 3169 5587 ⁸
3232 5572 3283 5594 θ’

1473 5585 1560 5632 νος
1585 5567 1892 5640 Stephanus
1915 5567 1972 5626 et
2002 5567 2377 5638 Casau'umus:

2681 5451 3010 5531 ἶῗ.ῖῆς],κεὶ
3054 5460 3155 5526 τῆς
3184 5477 3246 5524 ςο
3325 5461 3370 5491 ⁷⁰
3406 5459 3524 5531 καὶ]
3554 5477 3613 5512 τε
3665 5464 3763 5531 καὶ
3797 5479 3860 5524 ς’

2883 5526 3005 5580 διοδ.
3060 5546 3169 5587 σικ.
3225 5547 3283 5594 ς.
3359 5532 3403 5562 ⁷⁸
3436 5526 3737 5601 ίλουστρίου
3789 5535 3856 5586 A.

2079 5670 2312 5732 NOTAE.

652 5746 765 5854 52:).
794 5749 1138 5854 itaesset
1158 5752 2035 5854 Εἱιῖξὶείὲτξδξξῖξιι,[ξίιξξξεῖεθιιυεν
2064 5771 2361 5846 sublatum.
2389 5779 2588 5854 alioqui
2627 5785 2849 5844 minime
2881 5789 3152 5846 minuaris.

653 5817 765 5888 (65)
794 5819 962 5891 Cujus
994 5823 1138 5880 nulla
1169 5817 1673 5896 esfapudSuidam
1709 5817 1935 5892 ment'io.
