4146 6430
474 220 593 291 λεί

264 448 363 516 109
1364 442 1893 505 BIBLIOTHECA.
1925 467 1994 478 --
2032 441 2199 504 COD.
2236 442 2448 502 LXXI.
3431 435 3529 498 1Ἷο

261 561 446 635 χρόνον
494 558 656 625 Γάϊος
696 559 916 623 Ἰούλιος
972 559 1208 629 Καῖσαρ,
1262 553 1307 626 ᾧ
1348 557 1438 613 διὰ
1465 557 1566 621 τὰς
1609 528 1839 629 πράξεις

1962 569 2100 611 :osas
2117 553 2402 610 Gallorum
2431 552 3006 611 nationcsdcbellavit.
3034 550 3281 631 Triginta
3324 568 3524 623 annos,

261 653 388 707 Θεὸν
445 651 679 724 ἐπίκλην
736 652 922 705 ἔθεντο
978 649 1261 720 Ῥωμαῖοι,
1312 648 1726 719 κατεπολέμησε
1774 647 1844 701 τὰ

1962 654 2007 702 ιι
2040 648 2108 702 de
2140 662 2199 703 se
2232 646 2458 712 fatetur,
2490 646 2617 703 huic
2644 646 2945 702 scribenda:
2964 647 3205 703 historiae
3232 647 3525 720 impendit,

256 745 481 798 πλεῖστα
507 744 605 797 καὶ
633 740 1004 815 μαχιμώτατα
1031 743 1141 795 τῶν
1158 740 1383 795 Κελτῶν
1405 740 1533 811 ἔθνη
1552 758 1566 771 ·
1593 743 1654 793 ὲν
1681 739 1841 811 τριά-

1962 739 2115 794 variis
2137 740 2356 796 interim
2376 740 2686 812 regionibus
2712 740 2954 795 discendi
2986 738 3162 806 gratia
3193 738 3529 810 peragratis,

264 853 423 891 κοντα
471 836 532 889 δὲ
578 835 781 899 ἐτεσιν.
830 835 907 899 ώς
941 835 1106 899 αὐτός
1144 850 1298 905 φησι,
1328 833 1457 904 περὶ
1492 831 1697 903 ταύτην
1720 829 1846 884 ἐπό-

1962 831 2350 903 periculisque,
2412 841 2472 888 ut
2514 833 2611 897 fit,
2646 832 2812 888 obitis
2867 846 2932 888 ac
2969 831 3261 900 superatis.
3310 831 3530 887 Siculus

262 944 387 999 νησε
424 926 524 997 τὴν
556 926 820 997 ἱστορίαν,
857 926 1056 988 τόπους
1101 942 1161 977 τε
1208 922 1435 985 πολλοὺς
1474 921 1719 992 ἀμείϐων
1748 919 1846 990 χά-

1962 937 2078 978 rero
2104 921 2229 991 fuit,
2272 923 2479 996 Agyrio
2513 923 2693 997 [urbe]
2725 940 2897 995 genus
2923 937 3214 994 repetens;
3242 925 3334 994 qui
3368 922 3533 994 longo

263 1036 347 1091 ριν
372 1018 761 1088 πολυμαθίας,
800 1017 898 1071 καὶ
925 1015 1324 1084 ταλαιπωρίαις
1351 1010 1439 1069 οἷα
1467 1013 1615 1078 εἰκὸς
1647 1014 1840 1080 ἐντυγ-

1962 1012 2318 1069 Romanorum
2342 1031 2440 1071 usu
2467 1031 2531 1071 ac
2549 1016 2945 1082 familiaritate,
2969 1026 3024 1071 et
3050 1016 3291 1087 linguam
3321 1016 3532 1082 calluit,

262 1112 459 1182 χάνων.
519 1110 649 1184 [105
680 1108 776 1183 R.]
809 1107 1140 1179 Σικελιώτης
1176 1106 1238 1161 δὲ
1286 1106 1362 1161 ὢν
1393 1106 1452 1173 ἐξ
1492 1104 1747 1176 ’Δγυρίου
1780 1102 1845 1157 τὸ

1962 1113 2007 1159 et
2034 1107 2333 1176 prmeipuas
2376 1123 2623 1180 quasque
2651 1123 2741 1164 res
2775 1109 2844 1165 ab
2882 1124 2944 1166 ea
2977 1118 3140 1182 gente
3182 1109 3418 1166 feliciter
3446 1110 3534 1165 iu-

263 1202 416 1271 γένος
461 1204 621 1274 εσχε,
668 1202 762 1255 καὶ
803 1201 893 1256 διὰ
931 1200 1031 1268 τὴν
1077 1198 1361 1271 ἃπιμιξίαν
1398 1197 1510 1251 τῶν
1553 1195 1846 1266 Ῥωμαίων

1962 1195 2265 1255 feliciterve
2288 1211 2471 1271 gestas
2497 1210 2754 1257 accurate
2780 1203 3020 1273 collegit.

264 1294 460 1365 πολλὴν
483 1293 779 1365 ἐμπειρίαν
805 1292 909 1364 τῆς
955 1290 1248 1363 Ῥωμαίων
1290 1288 1532 1362 εἰληφὼς
1605 1286 1890 1343 διαλέκτου
1929 1288 2114 1355 πάσας
2164 1292 2266 1356 τάς
2313 1293 2649 1365 ἡγεμονικὰς
2707 1294 2880 1366 αὐτῆς
2946 1294 3176 1367 πράξεις
3227 1295 3323 1350 καὶ
3390 1295 3539 1368 πάθη

263 1386 507 1456 ἀκριϐῶς
540 1385 856 1442 ἀνελάϐετο.

340 1481 435 1534 Ἑν
468 1478 520 1548 μ’
536 1479 593 1533 δὲ
622 1477 853 1549 βιϐλίοις
874 1477 974 1547 τὴν
997 1476 1127 1547 ὅλην
1147 1471 1654 1545 συμπεραινόμενος
1704 1483 1853 1538 πρα-

2035 1469 2216 1528 Libris
2286 1476 2663 1547 quadraginta
2718 1480 2999 1535 historiam
3072 1483 3396 1553 complexus
3456 1492 3543 1540 est

262 1573 534 1643 τματείαν
562 1573 621 1625 ὲν
654 1571 753 1642 μὲν
781 1576 835 1637 ς’
850 1572 970 1634 ταῖς
1002 1567 1249 1640 πρώταις
1279 1566 1379 1630 τὰς
1408 1564 1515 1632 πρὸ
1540 1563 1650 1616 τῶν
1668 1561 1850 1632 Τρωϊ-

1962 1563 2273 1620 universam
2313 1584 2327 1621 :
2358 1583 2589 1638 quorum
2618 1586 2709 1625 sex
2744 1572 3043 1641 prioribus,
3082 1588 3204 1645 qua:
3244 1587 3371 1631 ante
3396 1574 3539 1631 Tro-

262 1664 372 1717 κῶν
429 1661 662 1734 πράξεις
722 1679 785 1715 τε
838 1662 934 1715 καὶ⁸
995 1659 1323 1732 μυθολογίας
1361 1655 1659 1715 ἐκτίθεται,
1704 1654 1762 1705 ἐν
1792 1649 1850 1704 δὲ

1962 1649 2066 1719 iani
2104 1654 2228 1711 belli
2260 1667 2503 1727 tempora
2537 1663 2872 1730 acciderunt,
2901 1665 3262 1738 fabulosaque
3302 1684 3543 1724 comme-

262 1758 382 1818 ταῖς
411 1753 614 1824 ἐφεξῆς
662 1760 730 1807 ια’
757 1752 856 1818 τὰς
901 1752 1013 1808 ἀπὸ
1041 1753 1150 1807 τῶν
1186 1750 1450 1822 Τρωῖκῶν
1482 1746 1667 1810 κοινάς
1706 1744 1849 1844 πράι-

1962 1755 2154 1802 morat.
2196 1747 2457 1806 Uudecim
2512 1768 2645 1808 vero
2676 1755 3109 1827 insequentibus,
3149 1776 3271 1830 qua:
3308 1775 3339 1815 a
3383 1772 3543 1831 capto

265 1848 373 1913 ξεις
426 1847 682 1917 εὑρήσεις
740 1844 1242 1919 ἀναγεγραμμένας
1292 1844 1399 1906 ἕως
1440 1840 1544 1910 τῆς
1593 1836 1850 1907 τελευτῆς

1962 1834 2052 1890 Ilio
2084 1837 2284 1907 ubique
2309 1842 2551 1910 gentium
2584 1843 2922 1911 acciderunt,
2974 1847 3171 1905 litteris
3220 1850 3541 1920 consignata

278 1938 634 2008 Ἀλεξάνδρου
681 1937 779 1992 τοῦ
822 1939 1152 1995 Μακεδόνων
1183 1936 1468 2009 βασιλέως.
1512 1932 1603 1987 Ἕν
1648 1931 1707 1985 δὲ
1735 1930 1855 1993 ταῖς

264 2030 581 2095 ὑπολοίποις
604 2030 689 2100 κγ’
716 2029 921 2101 βίϐλοις
952 2032 1010 2084 αἱ
1029 2029 1222 2083 λοιπαὶ
1257 2026 1588 2097 τυγχάνωσι
1625 2020 1858 2095 πράξεις

264 2122 783 2195 ἀναγεγραμμέναι,
830 2124 1025 2195 μέχρις
1049 2122 1173 2177 ὅτου
1220 2119 1517 2190 Ῥωμαίοις
1550 2116 1688 2189 πρὸς
1716 2115 1860 2169 Κελο

263 2217 388 2280 τοὺς
418 2217 449 2268 6
480 2215 719 2286 πόλεμος
750 2216 1086 2287 συνεῤῥάγη,
1118 2213 1241 2269 καθ’
1271 2212 1330 2266 δν
1362 2210 1667 2283 ἡγούμενος
1696 2208 1860 2271 Γάῖος

277 2308 498 2372 Ἰούλιος
526 2309 744 2378 Καῖσαρ
774 2305 868 2379 [52
896 2304 989 2378 ιι]
1016 2304 1293 2377 ἐκράτησε
1324 2302 1421 2374 μὲν
1446 2301 1557 2356 τῶν
1588 2298 1859 2354 πλείστων

265 2401 356 2455 καὶ
390 2399 658 2471 μαχίμων
690 2398 848 2470 παρά
906 2397 1135 2461 Κελτοῖς
1161 2396 1335 2451 ἐθνῶν
1358 2395 1437 2466 τῷ
1459 2394 1687 2465 πολέμῳ
1729 2408 1860 2463 προ-

265 2491 489 2545 εϐἱϐασε
545 2491 604 2545 δὲ
658 2491 760 2561 τὴν
793 2488 1090 2563 ἠγεμονίαν
1125 2489 1225 2558 τῆς
1273 2487 1493 2558 Ῥώμης
1536 2486 1703 2557 μέχρι
1750 2483 1859 2538 τῶν

267 2581 649 2653 Βρεττανικῶν
669 2578 851 2654 νῆσων
876 2596 892 2615 ο
923 2582 981 2635 ὲν
1011 2569 1095 2644 οἷς
1152 2578 1247 2633 καὶ
1288 2579 1322 2649 ἡ
1362 2576 1577 2647 ἱστορία
1608 2574 1857 2645 τελευτᾷ.

264 2745 626 2803 Κασσιανοῦ
651 2742 996 2800 Κοκκιανοῦ
1016 2674 1370 2810 εὶζΑιξοκκίου
1416 2737 1639 2804 Δίωνος
1677 2736 1861 2791 ἰστο-

830 2813 992 2883 ρικοι
1015 2809 1185 2883 λόγοι
1210 2809 1290 2866 π’.

347 2908 702 2980 Ἀνεγνώσθη
735 2905 939 2970 βιϐλίον
963 2902 1276 2958 Κασσιανοῦ
1306 2897 1615 2955 Κοκκιανοῦ
1646 2898 1679 2969 ἢ
1712 2899 1858 2952 Κοκ-

268 3006 383 3058 κίου
412 3004 644 3066 Δίωνος,
678 3002 737 3055 ὲν
770 2999 948 3067 λόγοις
978 3004 1053 3051 π’.
1085 2998 1347 3068 Ἀρχεται
1380 2995 1478 3066 μὲν
1500 2991 1611 3046 ἀπὸ
1644 2989 1739 3044 τοῦ
1763 2990 1861 3043 Δὶ-

266 3095 405 3149 νείου
428 3094 530 3148 ἐπὶ
585 3093 685 3163 τὴν
737 3090 968 3145 Ἰταλίαν
1009 3091 1073 3143 ὲκ
1118 3088 1319 3160 Τροίας
1351 3086 1578 3141 καθόδου
1622 3083 1716 3138 καλ⁸
1760 3083 1859 3154 τῆς

265 3187 496 3250 κτίσεως
544 3182 929 3253 Ἀλμαπόλεως
978 3181 1025 3212 ⁷⁷
1067 3179 1164 3233 καὶ
1210 3177 1450 3250 Ῥώμης,
1488 3176 1761 3247 διέρχεται
1801 3174 1859 3228 δὲ

265 3277 539 3347 καθεξῆς,
561 3273 985 3345 ἀποπαυόμενος
1022 3273 1101 3336 είς
1129 3270 1229 3341 τὴν
1272 3269 1365 3323 τοῦ
1410 3268 1759 3334 Ἀντωνίνου,
1799 3266 1859 3321 ὃν

275 3369 652 3440 Ἐλαγάϐαλον
681 3366 1015 3427 ἀπεκάλουν,
1054 3364 1273 3434 σφαγήν
1296 3379 1310 3395 ο
1337 3362 1528 3416 τοῦτον
1552 3360 1610 3414 δὲ
1633 3360 1729 3415 καὶ
1760 3359 1858 3413 Τι-

264 3463 478 3531 ϐερῖνον
519 3462 617 3514 καί
657 3457 1103 3531 Σαρδανάπαλον,
1132 3458 1228 3510 καὶ
1272 3456 1719 3509 Ψευδαντωνῖνον
1767 3452 1861 3507 καὶ

276 3550 573 3621 Ἀσσύριον
605 3548 655 3582 ⁷⁸
684 3548 795 3603 ἀπὸ
827 3547 938 3603 τῶν
962 3544 1112 3616 αύτῷ
1146 3543 1537 3616 πραττομένων
1576 3540 1861 3612 ἐπωνόμαο

263 3642 370 3705 ζον.
408 3641 489 3694 Οὐ
560 3639 721 3711 μόνον
749 3638 807 3692 δὲ
834 3637 970 3692 ἀλλὰ
1003 3637 1098 3692 καὶ
1142 3636 1223 3700 εἰς
1271 3633 1372 3707 τὴν
1405 3632 1580 3706 ἀρχὴν
1614 3633 1861 3687 κάτεισιν

276 3732 663 3803 Ἀλεξάνδρου,
703 3732 762 3792 6;
830 3729 1151 3785 Ἀντωνίνου
1199 3728 1500 3798 σφαγέντος
1532 3729 1665 3795 (σὺν
1712 3723 1863 3797 αύτῷ

264 3828 372 3898 γὰρ
395 3829 462 3880 τὸ
496 3826 706 3896 κράτος
740 3823 907 3894 εἶχεν,
949 3822 1281 3894 ἀναληφθεὶς
1323 3821 1415 3875 ὑπ’
1464 3818 1654 3888 αὐτοῦ)
1704 3820 1864 3889 μόνος

261 3921 351 3973 τὸν
374 3918 466 3972 ἐπ’
493 3916 648 3989 αὐτῷ
679 3915 1042 3987 μελετηθέντα
1072 3914 1318 3968 κίνδυνον
1346 3911 1536 3982 φυγὼν
1563 3911 1674 3984 ⁵τὴν
1707 3910 1861 3980 βασι-

263 4012 414 4067 λείαν
448 4009 761 4080 ἐκδέχεται.
814 4006 1016 4061 Τοῦτόν
1057 4022 1190 4077 φησι
1239 4005 1333 4058 τδν
1396 4002 1745 4075 Ἀλέξανδρον
1770 4002 1866 4057 καὶ

265 4095 683 4150 συνυπατεῑωαι
731 4095 880 4163 αύτῷ
922 4097 951 4149 6
1005 4093 1359 4164 συγγραφεὺς
1401 4091 1464 4146 τὸ
1507 4090 1762 4164 δεύτερον
1795 4092 1863 4156 ⁷9,

264 4188 358 4242 καί
385 4189 451 4243 τὸ
486 4188 635 4260 ὑπὲρ
664 4188 765 4258 τῆς
805 4185 982 4259 ἀρχῆς
1012 4187 1154 4241 κατὰ
1183 4186 1247 4239 τὸ
1291 4185 1570 4258 προσῆκον
1602 4185 1867 4257 ἀνάλωμα

264 4280 566 4352 φιλοτιμίᾳ
605 4282 674 4351 τῇ
725 4282 782 4344 ἐς
810 4280 903 4333 τὸν
943 4277 1247 4333 συνύπατον
1286 4279 1449 4331 αὑτὸν
1480 4278 1575 4331 τὸν
1599 4277 1869 4350 αὐτοκρά-

261 4388 398 4443 τορα
427 4369 737 4425 ἀναλῶσαι.
765 4365 933 4434 Οὗτος
960 4370 1004 4422 δ’
1026 4371 1054 4423 6
1076 4369 1424 4440 συγγραφεὺς
1456 4370 1750 4439 Περγάμου
1772 4369 1870 4423 καὶ

1958 1928 2222 1996 reperies,
2254 1945 2426 2000 usque
2455 1932 2523 1986 ad
2554 1933 2855 1991 Alexandri
2902 1936 3080 2006 Magni
3130 1940 3361 1994 obitum.
3396 1927 3544 1995 licii-

1958 2017 2082 2086 quis
2113 2018 2285 2077 tribus
2317 2032 2373 2078 et
2418 2023 2613 2095 viginti
2666 2025 2841 2093 libris,
2878 2044 2999 2100 qua:
3041 2031 3298 2102 deinceps
3345 2046 3545 2087 evene-

1961 2120 2113 2176 rnut,
2170 2114 2447 2170 memoria:
2491 2118 2707 2184 prodita
2762 2119 2937 2192 leges;
2984 2124 3110 2176 dum
3158 2133 3407 2179 exortum
3458 2133 3545 2181 est

1960 2203 2331 2262 Romanorum
2363 2224 2485 2265 cum
2510 2210 2684 2269 Gallis
2713 2214 2939 2281 bellum,
2974 2215 3138 2271 ductu
3160 2217 3286 2272 Julii
3309 2219 3544 2274 Cesaris

1959 2307 2205 2368 gestum;
2242 2300 2332 2371 qui
2369 2302 2660 2375 plerasque
2687 2314 2744 2360 et
2770 2303 3101 2363 fortissimas
3128 2323 3319 2363 eorum
3347 2319 3543 2380 gentes

1960 2390 2284 2459 debellavit,
2347 2394 2763 2467 Romanumque
2820 2399 3069 2469 provexit
3138 2400 3421 2471 imperium
3487 2401 3544 2457 in

1961 2479 2298 2538 Britanniam
2333 2500 2503 2557 usque
2536 2505 2551 2543 :
2591 2487 2644 2544 in
2680 2504 2786 2560 qua
2816 2490 3163 2561 expeditione
3193 2490 3418 2548 historia
3448 2492 3545 2548 de-

1960 2574 2107 2631 sinit.

2662 2672 2854 2730 LXXI.

2143 2760 2329 2817 Dionis
2386 2763 2561 2819 Cassii
2615 2764 2977 2822 Historiarum
3032 2772 3159 2826 libri
3206 2790 3371 2830 Lxxx.

2035 2916 2292 2988 Legimus
2350 2917 2542 2975 Dionis
2583 2921 2833 2978 Cassiani
2890 2922 3146 2982 Cocciani
3218 2944 3313 2985 seu
3366 2931 3548 2990 Coccii

1965 3009 2322 3065 Historiarum
2355 3011 2524 3067 libros
2546 3014 2825 3083 octoginta
2844 3014 3063 3088 (66-67)
3090 3036 3103 3071 :
3129 3019 3231 3075 Hic
3248 3021 3553 3079 inchoando

1887 3129 1933 3191 η
1963 3105 2033 3160 ab
2061 3103 2249 3161 Encas
2290 3105 2431 3178 356
2485 3110 2537 3162 in
2592 3105 2801 3164 Italiam
2849 3110 3107 3179 adventu,
3138 3123 3195 3169 et
3231 3114 3365 3170 Alba
3394 3118 3549 3179 urbe,

1964 3211 2031 3254 ac
2084 3197 2257 3254 Roma
2311 3200 2553 3261 condita.
2604 3202 2780 3257 tendit
2822 3202 3187 3270 continenter,
3247 3205 3444 3263 finiens
3496 3210 3549 3264 in

1962 3291 2246 3356 Antonini,
2268 3289 2387 3360 ejus
2415 3292 2505 3361 qui
2527 3291 2851 3363 Elagabalus
2875 3303 2960 3350 est
2984 3298 3549 3373 cognominatus(68),

1962 3383 2163 3437 caedem
2196 3402 2210 3439 :
2245 3399 2409 3453 quem
2447 3393 2502 3440 et
2532 3384 2873 3451 Tiberinum,
2915 3397 2967 3443 et
2993 3388 3456 3462 Sardanapalum,
3498 3406 3556 3450 et

1962 3475 2492 3538 Pseudautoninum,
2508 3487 2674 3548 atque
2688 3479 2999 3549 AsSyrium,
3013 3496 3041 3534 a
3055 3479 3277 3553 ﬂagitiis
3301 3486 3554 3541 nomina-

1965 3576 2110 3621 runt.
2147 3567 2290 3633 Quin
2332 3579 2389 3624 et
2421 3570 2487 3623 ad
2540 3569 2840 3626 Alexandri
2874 3572 3241 3643 principatum
3280 3580 3554 3646 pervenit,

1966 3659 2055 3727 qui
2093 3674 2351 3729 percusso
2404 3662 2683 3718 Antonino
2715 3663 2935 3731 quicum
2974 3663 3295 3735 imperarat,
3362 3672 3431 3724 ab
3463 3671 3555 3726 illo

1967 3753 2021 3807 in
2048 3755 2368 3810 societatem
2396 3757 2598 3826 ascitus
2628 3757 2803 3825 solus,
2852 3760 3156 3829 periculum
3196 3762 3297 3816 sibi
3329 3778 3557 3834 compa-

1969 3852 2146 3896 ratum
2194 3842 2522 3914 eli‘ugieudo,
2561 3855 2780 3916 sceptra
2829 3859 3167 3920 susceperat.
3225 3849 3386 3908 Hunc
3431 3855 3560 3909 Alc—-

1968 3937 2237 3991 xandrum
2281 3939 2622 3994 consulatum
2676 3941 2872 3996 iterum
2924 3956 3107 3998 secum
3145 3944 3388 4013 gessisse
3419 3946 3560 3998 scri-

1969 4039 2090 4097 ptor
2118 4029 2311 4099 refert,
2359 4043 2742 4103 sumptusque,
2780 4049 2917 4105 quos
2946 4035 3001 4090 in
3049 4037 3399 4106 magistratus
3442 4038 3557 4109 (69)

1970 4122 2501 4180 administrationem
2566 4127 2793 4183 Dionem
2855 4127 3195 4197 impendisse
3265 4132 3551 4199 oportuit,

1972 4220 2352 4288 imperatorem
2379 4218 2580 4288 ipsum,
2610 4221 2873 4290 collegam
2919 4224 3084 4279 nimis
3118 4222 3423 4278 honorandi
3456 4239 3555 4279 cu-

1969 4311 2177 4381 pidum,
2217 4311 2532 4367 contulisse.
2581 4310 2728 4367 ldem
2779 4327 2998 4384 quoque
3053 4316 3348 4374 historicus
3378 4334 3406 4372 a
3445 4316 3559 4372 Ma-

1972 4403 2126 4458 crino
2171 4402 2501 4473 imperatore
2551 4404 2818 4476 Pergamo
2852 4422 2916 4463 ac
2951 4408 3202 4480 Smyrnae
3246 4410 3554 4482 praefectus.

263 4462 531 4535 Σμύρνης
563 4462 879 4535 (Μακρῖνος
920 4460 1069 4532 αὐτῷ
1093 4460 1193 4532 τὴν
1225 4458 1403 4532 ἀρχὴν
1429 4459 1458 4513 6
1499 4461 1860 4532 αὐτοκράτωρ

1966 4501 2087 4563 post
2128 4494 2184 4547 in
2231 4458 2425 4550 A'frica
2456 4458 2721 4551 duxi-itit.

262 4554 597 4626 ἐγχειρίζει)
630 4553 1031 4623 ὲπεστάτησεν,
1077 4550 1271 4606 ἔπειτα
1296 4552 1398 4623 τῆς
1437 4552 1708 4625 Ἀφρικῆς
1731 4556 1864 4624 ἠγε-

265 4648 563 4718 μόνευσεν,
595 4644 717 4701 εἶτα
744 4646 1040 4710 Παννονίας
1069 4644 1116 4678 ⁸⁰
1144 4640 1303 4719 ἦρξε,
1333 4648 1428 4701 καὶ
1458 4648 1773 4712 ὑπατεύσας
1809 4648 1870 4703 τὸ

261 4738 553 4810 δεύτερον,
581 4737 660 4800 ὡς
702 4738 934 4811 ἐρρήθη,
977 4737 1162 4792 οἴκαδε
1190 4739 1373 4806 ἀπῆρε
1407 4741 1740 4811 παρειμένος
1776 4740 1870 4794 ἐπὶ

262 4834 327 4903 τῇ
362 4833 482 4886 τῶν
520 4830 702 4885 ποδῶν
738 4831 1022 4906 ἀρρωστίᾳ
1041 4875 1056 4898 ,
1089 4834 1207 4887 ἐκεῖ
1238 4832 1300 4887 τὺ
1328 4833 1515 4887 λοιπὸν
1539 4872 1556 4898 ,
1589 4833 1665 4898 ώς
1686 4834 1780 4889 καὶ
1811 4836 1873 4889 τὸ

258 4925 555 4996 δαιμόνιον
599 4923 771 4994 αὐτῷ,
816 4926 970 4996 φησὶ,
1017 4928 1281 4993 προεῖπεν
1312 4926 1369 4978 ὲν
1399 4925 1620 4998 Βιθυνίᾳ
1657 4926 1869 5000 διατρί-

262 5016 439 5077 ϐοντι,
482 5015 823 5086 βιωσόμενος

264 5110 377 5164 Ἐκ
408 5110 463 5164 τ’
488 5107 945 5179 ἀνδροκτασίης
963 5110 1006 5142 ⁸⁸
1024 5110 1092 5165 ἔκ
1123 5109 1173 5164 θ’
1200 5110 1450 5181 αἵματος
1472 5110 1555 5254 ἕκῘ
1572 5115 1857 5196 τεφκυδοι-

1557 5203 1698 5252 μου.

1557 5203 1698 5252 μου.

1965 4587 2195 4652 stravit;
2224 4587 2522 4658 consulque
2569 4589 2790 4653 iterum,
2835 4600 2895 4645 ut
2934 4592 3137 4648 dictum
3180 4604 3284 4661 est,
3316 4603 3554 4663 creatus,

1970 4680 2192 4734 revertit
2228 4680 2454 4735 domum
2485 4682 2718 4747 pedibus
2757 4683 2870 4752 jam
2913 4698 3076 4755 aeger,
3124 4686 3247 4741 vita:
3284 4686 3554 4758 reliquum

1969 4770 2040 4824 ibi
2095 4769 2261 4840 (quod
2317 4771 2371 4826 iu
2419 4772 2673 4843 Bithynia
2723 4775 2906 4843 agenti
2962 4778 3156 4846 genius
3207 4778 3317 4847 ille,
3351 4791 3409 4835 ut
3458 4784 3555 4850 ait,

1973 4863 2323 4932 praedixerat)
2364 4864 2612 4918 victurus

1978 5116 2142 5171 Extra
2188 5114 2457 5170 hominum
2498 5117 2717 5181 aedem,
2762 5118 2876 5173 sine
2933 5123 3228 5194 sanguine,
3263 5133 3312 5177 et
3364 5123 3558 5194 absque
3652 5184 3657 5189 _

3208 5192 3485 5265 [tumultu.

1550 5298 1789 5357 VARUE
1828 5300 2239 5359 LECTIONES.

263 5482 303 5539 Π
330 5413 596 5539 avlai
628 5412 838 5477 πόλεως
878 5412 1153 5468 8ι·11οιιιιε.
1188 5416 1232 5447 ⁷⁸
1266 5417 1491 5489 ἀσύριον
1512 5419 1575 5474 Α.

292 5496 326 5538 l.
355 5503 419 5550 ιι,
462 5496 594 5538 ιω.

1654 5421 1700 5450 ""
1729 5422 1788 5473 τὸ
1818 5421 2020 5492 βιϐλίον
2048 5420 2300 5491 δεύτερον
2328 5438 2387 5485 ς’.

2467 5421 2513 5452 ⁸ο
2545 5420 2803 5484 πανονίας
2832 5420 2895 5475 Α.
2956 5420 2998 5453 ⁸⁸
3028 5422 3093 5474 ἔκ
3118 5421 3165 5475 τ’
3189 5421 3369 5494 ἁνδρ.]
3397 5423 3557 5479 Hom.

1836 5578 2069 5637 NOT/E.

337 5666 567 5737 (θεῖε-67)
610 5665 687 5719 De
715 5664 913 5737 quibus
931 5665 1003 5719 25
1022 5666 1186 5722 modo
1215 5681 1453 5737 exstant,
1484 5683 1541 5727 et
1558 5674 1870 5731 ultimorum

260 5732 354 5798 £5.
400 5732 802 5809 excerptauper
842 5732 1513 5809 JoannemXipbilinum.

335 5810 455 5887 (68)
480 5803 837 5887 inimum,
876 5803 1574 5887 ΔΕγίατςιςμξίηιίιὶεηΕιιιιηρἒ
1616 5814 1869 5887 Helioga-

266 5875 446 5938 ιαικεζ
480 5877 623 5932 Vide
645 5888 769 5946 qua:
799 5885 982 5930 notata
1015 5875 1066 5931 in
1089 5875 1270 5936 Indice
1298 5875 1519 5958 Lat._ad
1547 5875 1794 5944 Dionem:

606 5970 883 6031 Ps'rnoa.
932 5969 1050 6030 Gn.
1100 5971 1257 6035 CllI.

2051 5677 2164 5750 (769)
2205 5676 2303 5750 Sic
2344 5688 2401 5733 et
2435 5676 2709 5750 Honorius
2759 5676 3197 5750 Λιιμειιηιριυε
3247 5675 3559 5750 Cons—lam“

1977 5747 2200 5820 collegae
2234 5748 2485 5820 toleravit
2512 5763 2589 5820 ex
2623 5748 2929 5820 lle_ra_cliaui
2964 5748 3144 5819 bonis,
3188 5749 3332 5819 apud
3370 5747 3559 5820 Olyma

1970 5816 2279 5889 piodOrum,
2331 5819 2459 5874 iufr.
2493 5818 2615 5876 cod.
2650 5816 2938 5873 LXXXIX.

3195 5976 3235 6037 6
