4058 6414
526 390 622 457 1τέ

1708 344 1976 452 PHOTli
2018 386 2528 449 PATRIARCHAS
2565 388 2676 446 ce.

3717 380 3821 447 172

589 503 771 561 Patria
814 502 890 558 illi
926 500 1104 559 Nicaea
1150 502 1421 575 Bithyniae
1454 518 1467 556 :
1502 516 1664 571 quam
1707 517 1773 555 ex
1809 509 1965 571 parte
2018 514 2115 569 pu-

2235 496 2391 565 Ἐσχε
2420 495 2476 549 δὲ
2509 496 2743 567 πατρίδα
2788 496 2888 563 τὴν
2927 497 2982 550 ὲν
3006 494 3229 569 Βιθυνίᾳ
3274 495 3530 561 Νίκαιαν,
3558 495 3627 570 ἦν
3668 501 3812 554 κατά

521 578 627 661 lus,
659 597 897 653 Ascania
926 598 1097 665 dicta,
1130 596 1464 653 circumluit.
1508 594 1745 649 Grandis
1771 594 1888 665 ejus
1917 604 2121 655 sermo,

527 700 585 744 et
609 691 868 759 tumidus,
897 706 963 747 eo
994 690 1140 761 quod
1170 705 1353 745 rerum
1388 689 1689 760 ingentium
1716 700 1875 743 sensa
1907 684 2120 739 atterat.

522 762 741 837 veteris
807 784 937 839 item
997 784 1102 853 ipsi
1160 781 1590 839 constructionis
1645 794 1832 835 sermo
1884 776 2121 847 plenus,

522 874 946 946 verborumque.
976 892 1096 945 qua:
1120 891 1302 931 rerum
1339 874 1697 946 magnitudini
1734 870 2121 942 respondeant.

527 968 748 1027 Periodi
799 970 1219 1039 parenthesibus
1266 969 1535 1037 trajectna,
1584 975 1640 1021 et
1692 964 2122 1035 byperbatorum

525 1074 872 1137 Opportuuus
937 1078 1090 1117 usus.
1156 1060 1381 1116 Numeri
1437 1075 1623 1129 porro,
1695 1067 1753 1112 et
1816 1055 2121 1120 iutercisio,

529 1160 631 1215 etsi
662 1166 913 1212 accurate
962 1155 1235 1213 adhibita.
1275 1154 1348 1208 ob
1378 1152 1651 1208 orationis
1698 1160 1877 1205 tamen
1915 1148 2126 1219 perspi-

528 1251 809 1311 cuitatem,
839 1245 1019 1300 obiter
1051 1244 1358 1314 legentibus
1393 1258 1497 1297 non
1527 1251 1653 1295 sunt
1690 1237 2005 1293 manifesta.
2066 1235 2120 1291 In

529 1338 937 1396 narrationibus
969 1345 1231 1405 prieterea
1279 1342 1333 1388 et
1361 1330 1744 1391 concionibns,
1787 1327 2123 1399 Thucydidis

530 1430 767 1482 maxime
797 1435 882 1481 est
922 1424 1185 1490 :emulus;
1232 1422 1332 1476 nisi
1367 1420 1512 1490 quod
1559 1418 1626 1474 ad
1678 1417 2121 1488 perspicuitatem

529 1522 705 1591 magis
750 1519 973 1575 tendit:
1018 1525 1213 1572 caetera
1267 1513 1381 1567 fere
1424 1510 1776 1582 'l‘bm-ydides
1825 1509 1898 1563 illi
1933 1524 2119 1564 norma

530 1622 613 1668 εει
645 1626 708 1665 ac
743 1609 949 1680 regula.

1218 1788 1430 1846 LXXII.

638 1886 825 1943 Clesiw
866 1884 1046 1941 Cnidii
1085 1882 1431 1938 Persicorum
1472 1899 1650 1937 rerum
1687 1882 1816 1935 libri
1855 1895 2010 1935 xxut.

600 1978 762 2033 Lecta
790 1977 985 2032 Ctesize
1018 1975 1202 2029 Cuidii
1254 1972 1496 2041 Persica,
1545 1974 1598 2027 in
1633 1973 1803 2027 libros
1832 1972 2121 2027 diStributa

533 2081 644 2125 tres
682 2084 848 2137 supra
896 2064 1118 2137 viginti.
1175 2065 1432 2120 Attamen
1486 2064 1757 2136 prioribus
1812 2077 1911 2118 sex
1971 2062 2126 2117 libris

529 2159 882 2230 Assyriorum
921 2171 1034 2219 res,
1059 2164 1115 2210 et
1146 2170 1487 2224 quaecunque
1518 2152 1797 2208 Persicum
1833 2152 2124 2223 imperium

530 2253 966 2310 antecesserunt,
1032 2244 1389 2312 complexus,
1465 2259 1568 2297 non
1633 2243 1734 2298 nisi
1791 2257 1821 2296 α
1892 2243 2123 2313 septimo

534 2342 793 2409 deinceps
858 2351 947 2391 res
980 2336 1227 2391 Persicas
1281 2352 1503 2391 narrare
1543 2336 1739 2407 pergit.
1784 2335 1908 2406 Ipso
1942 2337 2125 2405 itaque

530 2434 767 2501 septimo
800 2430 958 2497 libro,
1001 2439 1194 2484 octavo
1223 2429 1353 2483 item
1386 2443 1449 2483 ac
1474 2444 1639 2494 nono,
1673 2428 1908 2496 decimo,
1953 2428 2122 2482 unde-

530 2520 674 2574 cimo
705 2529 760 2572 et
786 2516 1125 2580 duodecimo,
1172 2518 1235 2571 ad
1261 2519 1474 2571 tertium
1499 2534 1669 2588 usque
1690 2519 1982 2582 decimum,
2008 2534 2128 2587 qua:

531 2613 599 2668 ad
622 2611 824 2683 Cyrum
852 2650 868 2674 ,
901 2622 956 2667 et
987 2613 1311 2689 Cambysen,
1350 2629 1412 2668 ac
1443 2612 1656 2682 Magum
1699 2610 1916 2682 (70-71)
1955 2610 2126 2677 illum,

532 2705 771 2775 itemque
794 2706 858 2758 :ul
894 2705 1111 2759 Darium
1130 2718 1181 2760 et
1210 2704 1442 2761 Xerxem
1473 2706 1768 2775 pertinent,
1800 2704 2125 2775 descripsit;

532 2799 586 2853 in
618 2800 871 2853 omuilms
906 2800 1297 2869 propemodum
1330 2798 1603 2853 Herodoto
1634 2797 1750 2868 (72)
1777 2798 2122 2862 adversatus,

531 2891 679 2963 36¢
722 2907 885 2961 quem
919 2892 1004 2961 (ut
1044 2892 1319 2961 posterior
1368 2891 1461 2946 illo
1510 2892 1755 2963 scripsit)
1809 2893 2126 2948 mendacem

534 2986 588 3040 in
626 2984 834 3047 multis,
886 2995 941 3039 et
979 2982 1285 3038 fabularum
1332 2984 1686 3040 conﬁctorem
1741 2984 1891 3039 facit.
1948 2982 2023 3039 De
2070 2999 2129 3039 se

532 3092 666 3132 vero
698 3076 981 3147 praedicat,
1022 3090 1214 3132 eorum
1263 3091 1384 3145 quae
1433 3078 1627 3132 scribit
1682 3078 1941 3147 majorem
1998 3093 2126 3147 par-

2227 590 2371 662 μέρη
2422 592 2455 662 ἡ
2506 593 2815 665 καλουμένη
2879 594 3043 667 λίμνη
3100 596 3361 650 Ἀσκανία
3408 597 3815 668 περιλιμνάζει.

2229 681 2393 736 Ἔστι
2416 681 2473 735 δὲ
2501 683 2601 754 τὴν
2626 684 2829 755 φράσιν
2869 685 3308 757 μεγαλοπρεπῶς
3342 703 3403 740 τε
3430 688 3525 741 καὶ
3557 688 3614 751 ἐς
3651 686 3819 756 ὄγκον

2224 774 2700 848 διεσκευασμένος,
2764 780 2847 832 ὃτι
2900 780 2994 833 καὶ
3062 779 3315 849 μεγάλων
3377 780 3556 849 ἔργων
3606 781 3817 844 ἑννοίας

2225 864 2584 933 ἀπαγγέλλει.
2631 868 2938 938 ’Δρχαῐκῶν
2981 885 3041 921 τε
3069 868 3221 939 αύτῷ
3255 869 3562 936 συντάξεων
3601 872 3631 925 ό
3658 871 3819 940 λόγος

2212 960 2428 1042 μεστὸς
2480 960 2577 1014 καὶ
2616 961 2817 1029 λέξεων
2855 965 3187 1035 πρεπουσῶν
3232 965 3456 1034 μεγέθει
3489 964 3535 996 ⁸’
3575 964 3820 1038 περίοδοί

2224 1069 2293 1119 τε,
2320 1054 2458 1124 μετά
2484 1055 2868 1128 παρενθέσεων
2907 1058 3383 1130 παρατεταμέναι,
3419 1059 3486 1091 ⁸³⁸
3512 1060 3606 1112 καὶ
3642 1059 3819 1127 ὑπερ-

2227 1146 2407 1200 ϐατῶν
2469 1147 2727 1220 εὔκαιρος
2783 1150 3003 1222 χρῆσις.
3052 1151 3285 1223 Ῥυθμός
3336 1170 3398 1207 τε
3438 1153 3534 1207 καὶ
3571 1152 3822 1207 ἀναπαύ-

2228 1254 2346 1301 σεις
2378 1238 2424 1270 ⁸³
2458 1240 2539 1303 εἰς
2582 1238 2909 1309 ἐπιμέλειαν
2952 1242 3243 1313 ἠσκημένα
3269 1242 3357 1297 διὰ
3385 1242 3445 1296 τὸ
3500 1243 3673 1312 σαφὲς
3716 1244 3821 1298 ούκ

2225 1327 2341 1382 ἐστι
2382 1332 2497 1393 τοῖς
2539 1330 2727 1395 ἁπλῶς
2772 1331 3248 1401 ἀναγινώσκουσιν
3284 1334 3501 1405 ἐμφανῆ
3527 1335 3595 1389 ⁸⁸.
3642 1336 3731 1389 Ἐν
3760 1335 3821 1389 δέ

2225 1437 2291 1490 γε
2311 1422 2435 1485 ταῖς
2463 1421 2511 1453 ⁸⁸
2553 1423 2925 1497 δημηγορίαις
2958 1425 3180 1497 ἄριστος
3208 1428 3304 1481 καὶ
3338 1429 3584 1499 μιμητὴς
3607 1428 3653 1461 ⁸⁸
3682 1429 3820 1483 Θου-

2225 1510 2466 1575 κυδίδου,
2515 1512 2656 1583 πλὴν
2685 1516 2738 1567 ετ
2758 1532 2811 1567 τι
2839 1515 2977 1587 πρὸς
3008 1516 3071 1570 τὸ
3100 1519 3432 1588 σαφέστερον
3458 1520 3660 1590 ἀφορᾷ.
3687 1521 3826 1590 Σχεο

2224 1604 2313 1658 δὸν
2344 1606 2401 1658 δὲ
2433 1607 2535 1659 κάν
2568 1611 2684 1672 τοῖς
2726 1609 2909 1674 ἄλλοις
2935 1612 3264 1683 Θουκυδίδης
3293 1615 3442 1667 ἐστὶν
3474 1615 3625 1685 αὐτῷ
3653 1617 3682 1669 ό
3714 1632 3818 1668 κα-

2226 1698 2353 1754 νὼν.

2902 1800 3023 1856 OB'.

2475 1891 2743 1957 Κτησίου
2775 1891 2883 1945 τοῦ
2910 1891 3153 1946 Κνιδίου
3184 1893 3254 1945 τὰ
3281 1891 3566 1959 Περσικά.

2318 1984 2659 2057 Ἀνεγνώσθη
2703 1985 2906 2057 βιϐλίον
2929 1984 3169 2056 Κτησίου
3200 1983 3291 2038 τοῦ
3329 1984 3545 2037 Κνιδίου
3570 1984 3636 2038 τὰ
3673 1987 3823 2051 Πεγ-

2233 2078 2400 2142 σικὰ,
2434 2079 2495 2131 ὲν
2522 2078 2747 2149 βιϐλίοις
2766 2076 2872 2147 κγ’.
2899 2077 3039 2132 Ἀλλ’
3058 2080 3117 2131 ἐν
3142 2078 3241 2148 μὲν
3264 2076 3391 2150 [108
3417 2077 3510 2151 IL]
3530 2080 3644 2143 τοῖς
3671 2078 3827 2150 πρώ-

2226 2186 2340 2232 τοις
2371 2176 2425 2234 ς’
2460 2170 2531 2224 τά
2574 2187 2635 2223 τε
2667 2170 2933 2242 Ἀσσύρια
2976 2170 3023 2202 ⁸⁷
3050 2169 3415 2240 διαλαμϐάνει
3462 2171 3556 2224 καὶ⁵
3581 2171 3684 2224 ὅσα
3714 2172 3827 2242 πρὸ

2227 2261 2338 2317 τῶν
2365 2263 2676 2335 Περσικῶν,
2708 2264 2816 2318 ἀπὸ
2842 2264 3142 2335 μέντοιτοῦ
3172 2263 3218 2327 ζ’
3240 2264 3306 2318 τά
3335 2265 3582 2332 Περσικά
3610 2265 3826 2335 διεξέρ-

2228 2370 2403 2424 χεται.
2444 2354 2556 2407 Καὶ
2587 2355 2646 2409 ὲν
2678 2354 2775 2426 μὲν
2803 2354 2884 2423 τῷ
2917 2354 2959 2418 ζ’
2991 2354 3089 2407 καὶ
3124 2352 3173 2425 η’
3210 2354 3305 2410 καὶ
3331 2354 3363 2407 ι’
3394 2354 3492 2408 καὶ
3528 2361 3597 2409 ια’
3631 2355 3729 2409 καὶ
3758 2354 3827 2423 ιβ’

2232 2446 2329 2499 καὶ
2362 2444 2428 2514 ιγ’
2472 2445 2716 2511 διέξεισι,
2750 2446 2820 2500 τά
2860 2449 2988 2518 περὶ
3018 2446 3202 2517 Κύρου
3256 2447 3353 2499 καὶ
3395 2446 3698 2517 Καμϐύσου
3732 2448 3830 2501 καὶ⁵

2228 2536 2323 2593 τοῦ
2384 2537 2562 2608 μάγου
2609 2540 2838 2611 Δαρειου
2901 2556 2958 2593 τε
2993 2541 3089 2593 καὶ
3144 2539 3239 2593 τοῦ
3264 2539 3494 2611 Ξέρξου,
3546 2540 3737 2611 σχεδὸν
3768 2542 3829 2593 ἐν

2231 2632 2437 2686 ἆπασιν
2490 2633 2847 2703 ἀντικείμενα
2899 2631 3172 2704 Ἡροδότῳ
3235 2633 3489 2703 ἱστορῶν,
3544 2632 3681 2686 ἀλλά
3732 2636 3829 2687 καὶ

2228 2723 2470 2793 ψεύστην
2511 2724 2677 2778 αὐτὸν
2725 2724 3048 2796 ἀπελέγχων
3078 2726 3126 2757 ⁸⁸
3174 2726 3231 2777 ὲν
3262 2726 3478 2789 πολλοῖς
3512 2727 3609 2779 καὶ
3668 2726 3828 2794 λογο-

2230 2816 2385 2869 ποιὸν
2410 2816 2706 2870 ἀποκαλῶν
2738 2830 2753 2846 ⁸
2788 2817 2883 2870 καί¹
2913 2818 3020 2886 γάρ
3049 2816 3311 2887 νεώτερος
3340 2816 3439 2887 μέν
3460 2818 3607 2869 ἐστιν
3634 2816 3827 2882 αὑτοῦ,

2230 2906 2365 2977 φησὶ
2424 2906 2481 2960 δὲ
2533 2907 2695 2961 αὑτὸν
2725 2905 2832 2960 τῶν
2864 2907 3147 2971 πλειόνων,
3202 2904 3239 2960 ὃ.
3291 2906 3515 2977 ἱστορεῖ,
3546 2905 3827 2977 αὐτόπτην

2231 2999 2577 3069 γενόμενονῆ
2608 3001 2738 3071 παρ’
2789 2999 2968 3052 αὐτῶν
3012 2998 3262 3070 Περσῶν,
3320 2998 3447 3053 ἔνθα
3475 2999 3536 3052 τὸ
3560 3000 3694 3071 ὀρᾷν
3752 3003 3827 3071 μὴ

2232 3091 2516 3163 ἐπεχώρει,
2550 3092 2818 3162 αύτήκοον
2850 3092 3223 3155 καταστάντα,
3256 3091 3401 3145 οὕτω
3437 3091 3538 3162 τὴν
3584 3092 3828 3163 ἱστορίαν

538 3179 644 3225 tem
675 3184 860 3226 coram
912 3169 1152 3237 vidisse;
1196 3178 1396 3225 caetera
1430 3211 1445 3237 ,
1498 3185 1622 3241 qua
1671 3170 1860 3227 videre
1909 3185 2016 3226 non
2060 3170 2126 3226 li-

543 3276 582 3281 -_
614 3263 705 3281 -_,.
1079 3270 1093 3281 .
1126 3260 1308 3281 πως,
1360 3264 1595 3281 -_-_.-__
1957 3278 1973 3281 -

2241 3183 2574 3253 συγγράψαι.
2611 3184 2725 3254 Ούχ
2757 3184 3026 3255 ⁹Ῑίροδότῳ
3055 3184 3111 3237 δὲ
3148 3183 3296 3254 μόνῳ
3321 3184 3579 3238 τάναντία
3602 3185 3828 3255 ίστορεί,

535 3263 733 3326 cuerit,
752 3262 821 3316 ab
853 3262 1099 3330 ipsismet
1126 3260 1312 3317 Persis
1356 3264 1624 3334 accpisse,
1656 3272 1817 3333 atque
1845 3263 1917 3318 ita
1951 3264 2019 3317 ad
2050 3264 2133 3317 hi-

440 3391 447 3398 .
536 3352 764 3407 storiam
797 3354 1147 3408 scribendam
1178 3355 1498 3411 accessisse.
1528 3357 1598 3410 At
1630 3372 1737 3411 non
1764 3356 1834 3411 ab
1869 3356 2130 3413 llerodoti

541 3446 917 3499 tantummodo
958 3446 1184 3501 historia
1237 3448 1489 3512 discedit,
1547 3448 1640 3503 sed
1697 3448 1766 3503 ab
1816 3450 1934 3519 ipso
1965 3451 2130 3505 etiam

542 3535 907 3604 Xenophonte
972 3536 1145 3609 Grylli
1179 3538 1300 3597 tilio
1340 3538 1539 3594 alicubi
1595 3538 1868 3595 dissentit.
1923 3540 2135 3597 Floruit

540 3626 688 3685 illius
718 3628 848 3700 Cyri
880 3632 1237 3701 temporibus,
1267 3632 1359 3702 qui
1386 3632 1551 3687 Dario
1580 3634 1697 3706 (73)
1737 3644 1793 3689 et
1822 3633 2135 3691 Parisatide

543 3722 783 3791 genitus,
826 3720 1001 3779 frater
1034 3722 1138 3779 fuit
1188 3722 1514 3782 Artaxerxis
1544 3728 1680 3798 (74),
1727 3727 1846 3798 ejus
1873 3729 1939 3783 ad
1969 3743 2129 3798 quem

542 3811 826 3869 Persicum
877 3830 1101 3884 regnum
1150 3817 1387 3872 devenit.

614 3903 738 3958 Mox
763 3920 893 3975 ergo
924 3906 1092 3964 refert
1115 3908 1184 3964 de
1215 3910 1450 3981 Astyage
1476 3910 1615 3982 (75),
1650 3926 1815 3982 quem
1854 3923 1910 3968 et
1946 3913 2126 3987 Astyi-

544 4011 648 4066 gau
678 4003 856 4061 vocat,
912 3998 1058 4053 nulla
1109 3998 1310 4070 Cyrum
1363 4001 1479 4073 (76)
1531 4003 1632 4074 ipsi
1665 4003 1883 4074 generis
1915 4008 2133 4076 propin-

545 4090 756 4159 qnitate
784 4089 1032 4158 junctum
1082 4090 1268 4146 fuisse.
1305 4092 1533 4164 Fugisse
1576 4102 1758 4149 autem
1800 4095 2064 4167 Astyigan
2099 4112 2130 4149 a

544 4182 672 4253 Cyri
701 4193 994 4251 conspectu
1038 4184 1091 4237 iu
1128 4184 1439 4252 Ecbatana,
1484 4186 1669 4256 ibique
1698 4189 1750 4241 in
1790 4188 1923 4257 ipsis
1952 4188 2132 4257 regia-

549 4288 667 4325 rum
698 4273 894 4327 adium
928 4274 1226 4331 criscrauis
1266 4278 1334 4331 ab
1376 4276 1557 4347 Amyti
1599 4278 1733 4342 ﬁlia,
1764 4288 1819 4334 et
1863 4278 1981 4346 ejus
2014 4283 2132 4334 viro

548 4364 791 4443 Spitama
832 4367 1186 4436 occultatum,
1245 4370 1487 4426 latuisse.
1534 4371 1605 4425 At
1652 4372 2129 4442 supervenientetn

546 4461 791 4533 Cyrum:
830 4476 935 4516 nou
976 4478 1007 4518 e
1037 4461 1286 4532 Spitama
1323 4463 1523 4525 solum,
1574 4474 1739 4532 atque
1788 4466 1993 4536 Amyli,
2034 4467 2131 4521 sed

2243 3275 2335 3349 [55
2368 3276 2461 3350 Η.]
2503 3277 2639 3330 ἀλλά
2668 3277 2763 3331 καὶ
2808 3277 2944 3347 πρὸς
2990 3276 3311 3346 Ξενοφῶντα
3340 3276 3433 3330 τὸν
3464 3276 3705 3348 Γρύλλου
3738 3278 3826 3331 ἐπ’

2236 3371 2395 3425 ἐνίων
2430 3371 2710 3439 διαφωνεῖ.
2750 3371 3007 3440 Ἠκμασε
3033 3370 3091 3423 δὲ
3124 3372 3238 3433 τοῖς
3273 3371 3486 3441 χρόνοις
3519 3369 3704 3440 Κύρου
3732 3368 3827 3423 τοῦ

2235 3465 2300 3517 ὲκ
2327 3464 2553 3536 Δαρείου
2592 3464 2689 3517 καὶ
2729 3462 3127 3533 Παρυσάτιδος,
3157 3463 3215 3527 ὃς
3259 3463 3488 3533 ἀδελφὸς
3534 3463 3826 3535 Ἀρτοξέρ-

2236 3556 2327 3623 ξου
2357 3557 2427 3623 ⁸⁵,
2456 3558 2536 3621 εἰς
2566 3556 2676 3627 ὃνή
2714 3556 2961 3629 Περσικὴ
2990 3556 3239 3627 βασιλεία
3268 3556 3557 3629 κατῆλθεν,
3588 3555 3830 3628 ἐτύγχα-

2236 3666 2347 3703 νεν.

2312 3912 2483 3983 Φησὶν
2514 3908 2608 3966 οὖν
2649 3910 2847 3964 αὐτίκα
2884 3911 3016 3980 περὶ
3051 3908 3144 3962 τοῦ
3184 3909 3520 3979 Ἀστυάγους
3559 3909 3635 3974 ὡς
3673 3910 3834 3964 οὐδὲν

2235 4007 2405 4064 αὑτοῦ
2440 4005 2624 4077 Κῦρος
2654 4004 2791 4074 πρὸς
2817 4002 2974 4071 γένος
3002 4002 3375 4073 ἐχρημάτιζεν
3407 4017 3422 4031 ·
3453 3996 3609 4067 οὗτος
3636 4003 3694 4057 δὲ
3730 4006 3835 4059 αὖ.

2234 4104 2328 4158 τὸν
2353 4102 2447 4157 καὶ
2490 4101 2785 4166 Ἀστυῖγαν
2815 4098 2862 4130 ’°
2888 4098 3065 4154 καλεῖ.
3090 4099 3288 4166 Φυγεῖν
3313 4097 3370 4151 δὲ
3396 4099 3503 4153 ἀπὸ
3534 4100 3834 4168 προσώπου

2235 4196 2420 4266 Κύρου
2490 4193 2782 4261 ’Δστυίγαν
2850 4190 3204 4255 Ἐκϐατάνοις
3237 4192 3305 4257 ⁹¹,
3362 4192 3457 4245 καὶ
3518 4192 3835 4263 κρυφθῆναι

2235 4291 2293 4344 ὲν
2342 4290 2456 4347 τοῖς
2507 4286 2859 4357 κριοκράνοις
2902 4287 2947 4319 ”
2982 4286 3090 4338 τῶν
3148 4284 3435 4356 βασιλείων
3487 4286 3833 4357 οίκημάτων,

2237 4380 2565 4451 κρυψάντων
2610 4380 2773 4434 αὐτὸν
2815 4379 2915 4447 τῆς
2950 4395 3010 4431 τε
3053 4376 3325 4447 Θυγατρὸς
3355 4378 3615 4450 ’Δμύτιος
3639 4380 3685 4411 ’³
3732 4381 3835 4432 καὶ

2234 4472 2329 4526 τοῦ
2396 4470 2589 4543 ἀνδρὸς
2635 4471 2805 4539 αὐτῆς
2868 4462 3147 4537 Σπιτάμα.
3178 4470 3508 4524 Ἐπιστάντα
3562 4469 3620 4523 δὲ
3647 4469 3835 4542 Κῦρον

546 4571 614 4609 ex
644 4570 834 4611 eorum
889 4571 1108 4626 quoque
1163 4557 1353 4612 liberis
1402 4556 1621 4625 Spitace
1673 4565 1730 4611 et
1788 4555 2126 4627 Megaberne,

2242 4563 2496 4630 ἐπιτάξαι
2539 4561 2855 4632 ἀνακρίνειν
2880 4561 2969 4615 διὰ
3018 4561 3404 4631 στρεϐλώσεων
3434 4562 3725 4630 Σπιτάμαν
3771 4580 3833 4615 τε

547 4650 877 4717 (ιυωειὶοιιοε
907 4651 975 4703 de
1004 4649 1227 4720 Astyiga
1269 4664 1367 4720 per
1421 4658 1691 4703 tormenta
1744 4651 1989 4705 exerceri
2031 4649 2135 4704 im-

550 4756 789 4817 perasse.
839 4740 1024 4811 lpsmn
1077 4742 1239 4812 igitur
1281 4741 1580 4813 Astyigau,
1646 4756 1714 4795 ne
1759 4742 1912 4810 pueri
1973 4758 2139 4812 nepo-

552 4838 636 4885 tes
675 4830 792 4899 ejus
825 4846 987 4887 causa
1037 4841 1441 4901 torquerentur,
1500 4846 1621 4885 sese
1677 4832 2000 4901 prodidisse,
2042 4851 2135 4889 ca-

2246 4659 2339 4711 καὶ
2367 4656 2595 4728 Ἀμύτιν
2628 4655 2696 4718 ⁸⁸,
2736 4653 2872 4708 ἀλλὰ
2911 4653 3005 4706 καὶ
3035 4654 3163 4715 τοὺς
3191 4652 3383 4716 παῖδας
3405 4654 3585 4707 αὐτῶν
3618 4655 3831 4708 Σπιτά-

2247 4767 2349 4819 κην
2403 4766 2463 4801 τε
2518 4749 2612 4801 καὶ
2674 4745 3061 4817 Μεγαϐέρνην,
3123 4747 3251 4816 περὶ
3301 4746 3601 4814 Ἀστυῖγα·
3651 4747 3744 4801 τὸν
3777 4748 3835 4800 δὲ

2247 4841 2439 4895 ἑαυτὸν
2468 4840 2883 4914 προσαγγείλαι,
2918 4838 3006 4891 ἴνα
3046 4839 3121 4909 μὴ
3150 4838 3217 4891 δι’
3247 4838 3411 4892 αὑτὸν
3439 4838 3841 4911 στρεϐλωθείη-

1868 4947 2099 5007 νΑιιιΑ]
2138 4955 2548 5012 ιΕαΤιυΝιςδ.

623 5072 675 5103 δ’
700 5071 911 5150 μεγέθη
927 5089 987 5136 ς,
1017 5143 1028 5150 ι
1063 5070 1131 5101 δι’
1154 5066 1688 5150 παρᾳτεῖραμμέναι
1713 5086 1835 5150 ςοη
1851 5070 1896 5150 ’ξ
1914 5070 2227 5150 ἀνάπαυσις
2262 5097 2321 5143 ς’.
2398 5079 2441 5111 ⁸⁵
2467 5079 2708 5150 ἐμφανές
2757 5080 2823 5132 Α.
2880 5080 2927 5115 ⁸⁸
2956 5080 3079 5150 ταῖς
3136 5076 3404 5150 ίστορίαιλς-
3453 5070 3840 5150 καὶ-,δημηγο-

594 5142 709 5205 ίαις
735 5160 796 5207 ς.
866 5142 912 5174 ⁸⁸
946 5143 1041 5196 καὶ

1093 5138 1347 5222 μιμηέῂῑ
1380 5138 1604 5222 ἀρισῇοἶ
1654 5156 1713 5222 ς·
1750 5138 1835 5222 m”
1853 5141 2073 5222 “dwelt:
2114 5150 2177 5202 A.
2207 5138 2222 5143 ⁷
2258 5138 2304 5182 ⁸⁷⁸
2338 5138 2655 5220 ἀπελέγῇίων
2688 5138 2732 5201 Ἀ
2766 5168 2778 5200 :
2816 5138 3112 5202 ἀποκαλῶν
3144 5170 3205 5216 ς.
3247 5138 3326 5222 ξδ’
3364 5138 3736 5222 ’Λρταξέρξου

553 5160 700 5247 nm“;
735 5160 828 5228 ς’,
866 5160 912 5174 “”
946 5160 1041 5196 και
1093 5160 1339 5222 μιμητῃς
1380 5160 1604 5209 αριπος
1654 5160 1693 5202 ς
1699 5178 1713 5193 ο
1750 5209 1763 5228 ,
1790 5160 1829 5170 "
1869 5160 2073 5224 ασυρια
2114 5160 2177 5202 Α.
2258 5160 2304 5182 ’⁸
2338 5160 2732 5231 ἁηελὲΥχωγᾼ
2766 5168 2778 5200 :
2816 5160 3112 5202 αποκαλων
3144 5170 3205 5216 ς.
3247 5160 3326 5231 ’θ’
3370 5160 3731 5231 ’Λρταςερςου
3759 5162 3831 5225 ⁸ς-.

643 5214 933 5290 Ἀστυιγᾷν
966 5232 1028 5290 ς.
1061 5226 1141 5290 ste
1172 5221 1238 5290 ιίιΔ
1267 5208 1426 5263 Infra.
1506 5208 1553 5238 ⁹¹
1585 5220 1714 5263 aute
1766 5208 2105 5282 Εκϐατανοις
2149 5236 2272 5274 cum
2331 5237 2411 5289 pr.
2477 5223 2523 5275 Α
2563 5236 2722 5275 υιιιιει
2783 5222 2864 5275 ὲν.
2939 5222 2985 5254 θ’
3026 5233 3382 5290 κρισκρανοις
3412 5234 3475 5281 ς.
3548 5214 3598 5245 ’⁸
3648 5217 3838 5283 Αμυν-

553 5301 666 5346 τιος
700 5301 761 5349 ς’.
838 5284 885 5316 ³³
923 5286 1018 5336 καὶ
1049 5283 1150 5351 τὴν
1185 5282 1455 5350 Ἀμυντιν
1486 5295 1547 5342 ς.

2108 5400 2341 5457 NOTAE.

629 5499 1248 5574 (70-71)Sphendataten
1273 5497 1373 5552 mf.
1389 5494 1649 5550 nominat.
1675 5495 1933 5555 llerodot.
1956 5499 2139 5553 Smer-

555 5576 745 5715 άωῐῆἳ)
795 5641 899 5710 Qui
946 5642 1015 5715 de
1058 5653 1293 5715 quatuor
1325 5639 1499 5715 _bisce
1550 5638 1818 5715 duntaxat
1868 5639 2135 5710 scripsit:

556 5710 769 5771 Ctesias
793 5727 925 5768 vero
955 5712 1040 5767 his
1069 5713 1208 5767 alios
1247 5712 1487 5781 quinque
1522 5710 1738 5779 adjecit.

629 5787 741 5859 (73)
782 5784 1055 5840 Dariwum
1086 5782 1248 5846 hunc,
1268 5780 1407 5836 non
1437 5782 1689 5847 Darium,
1725 5784 1777 5834 in
1816 5780 1882 5834 iis
1909 5794 2030 5850 qua:
2055 5794 2142 5834 se-

561 5870 794 5927 quentur
822 5864 1016 5912 vocat.-

2337 5500 2424 5568 74)
2461 5500 2534 5553 De
2564 5516 2671 5570 quo
2712 5500 2853 5555 infra
2886 5501 2973 5555 hic
3005 5508 3213 5556 auctor.

2337 5503 2424 5568 74)
2461 5503 2534 5553 De
2564 5516 2671 5570 quo
2712 5503 2853 5555 infra
2886 5503 2973 5555 hic
3005 5508 3213 5556 auctor.

2312 5503 2429 5640 275)
2483 5570 2572 5642 De
2606 5572 2879 5642 Astyage,
2942 5572 3147 5642 Amyli,
3199 5569 3415 5626 OEbare
3470 5578 3524 5625 et
3576 5571 3837 5627 Petesaca

2241 5643 2323 5711 (ut
2354 5643 2423 5711 ibi
2453 5641 2754 5709 scribitur),
2780 5642 2903 5711 vide
2925 5657 2988 5694 ex
3022 5641 3198 5694 Ctesia
3226 5656 3347 5710 quae
3372 5642 3608 5697 breviter
3635 5658 3838 5697 excer-

2242 5710 2531 5784 psit_.loan.
2558 5710 3167 5784 'I'zetaesin‘Chiliadib.
3201 5713 3393 5768 histor.
3426 5711 3519 5766 lib.
3550 5727 3591 5782 I,
3619 5712 3674 5769 in
3705 5712 3835 5767 (lite.

2313 5782 2428 5855 (76)
2462 5781 2636 5853 Cyrus
2663 5782 2751 5836 hic
2774 5780 2961 5850 Major.
