4092 6400
351 358 445 423 I73

1414 361 1936 423 BIBLIOTHECA.
1956 387 2024 395 -
2054 360 2215 421 COD.
2258 362 2497 421 LXXII.

3487 362 3587 426 174

347 492 443 530 σαν
469 475 519 528 οἱ
550 478 756 543 παῖδες.
788 477 1075 547 Ληφθέντα
1099 477 1156 532 δὲ
1186 476 1374 540 πέδαις
1401 476 1653 546 παχείαις
1683 475 1789 529 ὑπὸ
1814 476 1906 529 υἱ-

2016 484 2266 542 ptumque
2293 474 2548 541 gravibus
2565 473 2631 528 ab
2655 471 2866 527 (libora
2896 471 3245 540 compedibus
3278 477 3588 543 oneratum)

346 569 481 639 ὗάρα
504 570 550 601 ⁸⁵
604 570 846 641 δεθῆναι,
877 570 1102 643 λυθῆναι
1130 570 1187 624 δὲ
1222 569 1315 622 ὑπ’
1360 568 1525 622 αὑτοῦ
1574 569 1757 643 Κύρου
1797 570 1913 640 μετ’

344 660 405 712 οὐ
436 660 569 713 πολὺ
596 662 689 714 καὶ
707 661 781 725 ὡς
809 663 1024 734 πατέρα
1048 660 1371 733 τιμηθῆναι,
1396 661 1491 713 καὶ
1518 660 1615 731 τὴν
1639 660 1917 733 θυγατέρα

345 748 564 821 Ἀμύτιν
590 753 636 784 ⁹⁶
658 754 923 825 πρότερον
950 755 1049 824 μὲν
1072 752 1347 824 μητρικῆς
1374 752 1678 805 ἀπολαῦσαι
1707 753 1911 823 ⁵τιμῆς,

344 843 531 897 ἔπειτα
553 844 610 896 δὲ
638 847 729 899 καὶ
756 847 836 909 είς
863 848 1097 915 γυναῖκα
1128 845 1361 916 ἀχθῆναι
1383 844 1460 915 τῷ
1499 845 1685 917 Κύρῳ,
1710 846 1914 899 Σπιτά-

346 952 421 1004 μα
449 936 494 966 ’⁷
540 936 633 988 τοῦ
679 938 870 1008 ἀνδρὸς
918 937 1089 1007 αύτῆς
1127 937 1495 1008 ἀνῃρημένου,
1534 937 1617 991 ὅτι
1651 937 1917 1007 ἐψεύσατο

342 1028 553 1091 ἀγνοεῖν
588 1027 1145 1100 είπὼνέρευνώμενον
1182 1028 1493 1097 Ἀστυῖγαν.
1545 1029 1731 1082 Ταῦτα
1765 1028 1915 1097 λέγει

341 1117 584 1187 Κτησίας
630 1120 756 1189 περὶ
796 1121 1002 1190 Κύρου,
1047 1121 1138 1173 καὶ
1166 1120 1265 1190 οὐχ
1317 1115 1405 1173 οἷα
1445 1119 1748 1190 Ἡρόδοτος.
1806 1121 1916 1173 Καὶ

339 1206 420 1258 ὅτι
470 1206 605 1275 πρὸς
661 1206 959 1279 Βακτρίους
989 1208 1314 1277 ἐπολέμησε,
1372 1206 1469 1260 καὶ
1516 1204 1845 1275 ἀγχώμαλος
1880 1207 1915 1275 ἠ

343 1296 489 1366 μάχη
516 1298 751 1364 ἐγένετο·
776 1298 961 1370 ἑπεὶιδὲ
990 1299 1246 1367 Βάκτριοι
1264 1296 1552 1363 Ἀστυϊγαν
1579 1296 1677 1365 μὲν
1705 1297 1915 1365 πατέρα

340 1390 521 1459 Κύρου
544 1391 912 1460 γεγενημένον
936 1432 950 1452 ,
979 1389 1033 1441 Ἀ
1044 1391 1200 1459 μύτιν
1216 1390 1271 1442 δὲ
1303 1389 1515 1459 μητέρα
1547 1389 1641 1441 καὶ
1682 1390 1917 1456 γυναῖκα

338 1480 539 1550 ἔμαθον
564 1520 578 1544 ,
614 1483 840 1546 ἑαυτοὺς
874 1483 1087 1546 ἑκόντες
1124 1484 1322 1555 Ἀμύτι
1344 1484 1439 1537 καὶ
1481 1482 1648 1550 Κύρῳ
1688 1481 1915 1551 παρέδο-

340 1589 457 1625 σαν.
487 1573 594 1625 Καὶ
616 1574 695 1626 ὅτι
726 1574 861 1645 πρὸς
886 1576 1064 1637 Σάκας
1087 1576 1393 1645 ἐπολέμησε
1429 1576 1635 1646 Κύρος,
1671 1574 1762 1628 καὶ
1792 1591 1917 1626 συν-

338 1664 527 1718 έλαϐεν
565 1665 844 1736 Ἀμόργην
882 1667 988 1718 τῶν
1016 1668 1062 1697 ³⁸
1117 1666 1306 1719 Σακῶν
1340 1668 1437 1737 μὲν
1474 1666 1716 1737 βασιλέα,
1748 1666 1916 1734 ἄνδρα

337 1755 387 1806 δὲ
418 1755 765 1827 Σπαρέθρης,
802 1757 920 1827 ἦτις
949 1758 1044 1810 καὶ
1074 1758 1214 1827 μετὰ
1244 1759 1341 1829 τὴν
1368 1758 1571 1811 ἆλωσιν
1601 1760 1695 1811 τοῦ
1722 1759 1913 1829 ἀνδρὸς

2016 564 2217 631 fuisse;
2253 565 2491 619 solutum
2529 574 2707 620 tamen
2740 580 2844 618 uon
2875 566 2949 619 ita
2999 564 3168 621 multo
3200 576 3323 635 post
3362 570 3430 620 ab
3474 569 3591 637 ipso

2014 656 2179 725 Cyro,
2245 659 2594 728 parentisque
2644 658 2762 712 loco
2807 657 3049 712 habitum
3082 659 3589 729 observatumque:

2014 748 2144 817 quin
2190 756 2247 802 et
2292 749 2525 818 Astyig:e
2566 748 2735 817 ipsius
2786 748 2953 803 filiam
2997 749 3213 819 Amytin
3258 764 3356 818 pro
3420 758 3593 803 matre

2017 840 2247 908 primum
2268 841 2321 892 in
2344 842 2547 893 honore
2575 855 2603 891 a
2622 838 2765 911 Cyro
2787 839 3046 899 habitam.
3072 841 3355 910 eidemque
3373 840 3590 895 tandem

2018 931 2299 997 nupsisse;
2344 940 2465 999 post
2500 932 2673 985 virum
2704 931 2821 1001 ejus
2869 930 3166 1000 Spitamam
3218 931 3586 997 interfectum,

2017 1030 2304 1089 proliterea
2330 1023 2470 1089 quod
2505 1023 2632 1075 dum
2665 1031 3000 1092 quaereretur
3026 1024 3297 1093 Aslyigas,
3337 1023 3591 1091 ignorare

2015 1124 2074 1163 se
2102 1109 2248 1163 illum
2289 1112 2543 1165 mentitus
2583 1111 2794 1165 fuisset.
2826 1113 2955 1166 Hac
2982 1112 3049 1166 de
3083 1112 3226 1182 Cyro
3248 1112 3480 1180 Ctesias,
3523 1115 3593 1170 ab

2017 1200 2083 1255 iis
2116 1200 2328 1255 diversa
2354 1216 2473 1270 quae
2498 1200 2801 1256 Herodotus
2832 1212 3245 1260 commemorat.
3280 1204 3464 1270 Addit,
3499 1206 3593 1258 sd-

2017 1306 2206 1347 versus
2237 1292 2483 1347 Bactrius
2522 1293 2722 1365 Cyrum
2785 1294 2981 1348 bellum
3029 1295 3284 1363 gessisse,
3324 1304 3380 1349 et
3438 1311 3594 1367 aequo

2018 1392 2191 1438 marte
2244 1399 2363 1437 cum
2443 1385 2574 1451 ipsis
2623 1384 2861 1453 prtuliqu
2923 1386 3288 1441 commisisse.
3348 1387 3592 1442 Bactrius

2016 1474 2164 1535 dein.
2225 1475 2497 1529 intellecto
2571 1477 2829 1546 Astyigau
2897 1479 3038 1547 Cyro
3097 1488 3303 1547 patrem
3364 1480 3591 1546 factum,

2017 1568 2236 1637 Amytin
2269 1583 2397 1622 vero
2439 1578 2666 1623 matrem
2711 1577 2871 1637 atque
2904 1586 3151 1636 uxorem,
3190 1572 3330 1627 ultro
3356 1588 3477 1628 sese
3524 1574 3593 1627 Ii-

2017 1660 2316 1729 bentesque
2348 1660 2528 1731 Amyti
2583 1675 2647 1715 ac
2700 1660 2840 1732 Cyro
2883 1662 3178 1717 dedidisse.
3213 1663 3411 1720 Narrat
3464 1667 3590 1720 item

2018 1748 2217 1820 Cyrum
2249 1750 2446 1804 bellum
2494 1750 2652 1806 Saeis
2676 1752 2923 1807 intulisse
2949 1754 3087 1823 (77),
3129 1771 3416 1827 regemque
3445 1758 3594 1828 ipso-

339 1849 568 1919 στρατὸν
624 1849 923 1913 συλλέξασα
974 1851 1284 1920 ἐπολέμησε
1336 1852 1535 1922 Κύρῳ,
1572 1852 1782 1921 ἀνδρῶν
1809 1854 1909 1919 μὲν

2016 1860 2132 1896 rtuu
2167 1843 2456 1912 Amorgen,
2492 1841 2802 1913 Sparethraa
2832 1848 3031 1917 regina:
3074 1851 3325 1904 maritum
3358 1852 3589 1921 cepisse.

337 1943 653 2011 στράτευμα
693 1943 986 2013 τριάκοντα
1028 1944 1297 2013 μυριάδας
1342 1944 1679 2015 ἐπαγομένη,
1722 1960 1915 2012 γυναι-

336 2031 446 2084 κῶν
499 2033 553 2084 δὲ
598 2034 790 2093 εἴκοσι,
847 2034 942 2086 καὶ
993 2036 1117 2105 νικᾷ
1165 2034 1367 2105 Κῦρον,
1402 2036 1494 2087 καὶ
1548 2035 1915 2104 συλλαμϐάνει

336 2125 579 2194 ζωγρίαν
613 2126 750 2195 μετά
778 2128 870 2179 καὶ
899 2127 1072 2180 ἄλλων
1107 2127 1371 2180 πλείστων
1410 2128 1701 2199 Παρμίσην
1738 2146 1795 2181 τε
1824 2129 1915 2182 τὸν

336 2215 594 2286 ’Ᾱμύτιος
637 2218 862 2287 essm».
896 2220 991 2272 καὶ
1042 2223 1190 2289 τρεῖς
1225 2219 1387 2273 αὑτοῦ
1435 2220 1628 2284 παῖδας
1653 2237 1668 2253 ⁸
1708 2221 1774 2275 δι’
1824 2221 1916 2285 οὓς

337 2312 563 2381 ὕστερον
594 2316 686 2368 καὶ
718 2314 994 2388 Ἀμόργης
1034 2316 1210 2389 ηφὲθη
1232 2317 1300 2384 θ’,
1336 2318 1458 2373 ἐπεὶ
1518 2321 1760 2374 κάκεῖνοι
1806 2324 1914 2392 ἠφ-

336 2406 559 2475 ἐθησαν.

401 2670 517 2723 Καὶ
549 2670 631 2723 δτι
664 2669 951 2741 στρατεύει
972 2669 1158 2743 Κύρος
1197 2671 1291 2724 ἐπὶ
1317 2672 1551 2742 Κροισον
1586 2670 1683 2723 καὶ
1717 2669 1872 2722 πόλιν
1896 2669 1912 2700 ⁸

335 2765 583 2836 Σάρδεις,
610 2765 868 2836 συνεργὸν
894 2764 1032 2835 ἔχων
1062 2766 1360 2838 Ἀμόργην.
1393 2764 1583 2827 Ὅπως
1612 2781 1672 2816 τε
1700 2764 1720 2794 ¹
1751 2762 1912 2835 βουλῇ

337 2858 547 2928 Οἱὸάρα
573 2858 796 2927 Περσῶν
819 2857 1010 2911 εἴδωλα
1039 2858 1227 2924 ξύλινα
1256 2858 1360 2911 ἀνὰ
1384 2857 1445 2910 τί,
1468 2858 1646 2927 τεῖχος
1678 2856 1915 2927 φανέντα

336 2952 410 3013 εἰς
434 2950 557 3012 δέος
591 2950 691 3016 μὲν
719 2949 1020 3020 κατέστησε
1050 2952 1173 3013 τοὺς
1210 2950 1570 3013 ἐνοικοῦντας,
1602 2949 1716 3020 ἥλω
1745 2948 1799 3001 δὲ
1828 2946 1915 3001 διά

336 3042 511 3095 ταῦτα
537 3045 631 3096 καὶ
662 3043 797 3113 αὑτὴ
827 3044 861 3114 ἡ
898 3043 1073 3107 πόλις.
1100 3044 1289 3107 Ὅπως
1313 3061 1370 3095 τε
1406 3043 1510 3114 πρὸ
1541 3043 1639 3113 τῆς
1664 3040 1915 3103 ἁλώσεως

333 3134 533 3188 δίδοται
565 3137 593 3190 ὁ
622 3138 752 3198 παῖς
792 3136 1028 3207 Κροίσου
1077 3136 1135 3190 ὲν
1188 3137 1398 3205 ὁμήρου
1434 3135 1601 3204 λόγῳ,
1636 3133 1911 3203 δαιμονίου

2018 1932 2170 1990 Hanc
2199 1950 2348 2005 ergo,
2385 1938 2582 1991 marito
2614 1948 2792 2008 capto,
2814 1943 3113 1994 exercitum
3157 1942 3460 2013 collegisse,
3505 1956 3592 1998 at-

2018 2040 2126 2098 que
2156 2029 2414 2083 adversus
2442 2029 2642 2100 Cyrum
2670 2030 2867 2085 bellum
2909 2033 3236 2102 suscepisse,
3265 2036 3596 2106 eductisque

2018 2122 2073 2177 in
2137 2122 2307 2176 aciem
2356 2121 2595 2176 virorum
2656 2123 2935 2188 trecentis,
2995 2124 3277 2180 mulierum
3343 2127 3593 2184 ducentis

2019 2215 2274 2277 millibus,
2332 2214 2532 2285 Cyrum
2598 2229 2908 2285 superasse,
2966 2226 3021 2271 et
3053 2217 3232 2271 vivum
3294 2234 3418 2274 cum
3475 2222 3596 2277 aliis

2018 2308 2283 2378 plurimis,
2313 2307 2603 2380 Parmysen
2637 2310 2851 2379 Amytis
2881 2310 3125 2375 fratrem,
3162 2327 3228 2366 ac
3268 2321 3449 2369 ternos
3477 2315 3595 2384 ejus

2017 2399 2249 2461 liberos,
2282 2400 2512 2469 cepisse.
2546 2398 2748 2455 Horum
2773 2410 2955 2457 autem
2984 2416 3148 2457 causa
3179 2413 3368 2474 postea
3398 2404 3597 2460 Amor-

2016 2505 2117 2559 geu
2174 2490 2400 2546 liberum
2451 2492 2771 2559 dimissum,
2834 2494 2978 2563 quod
3035 2494 3135 2564 ipsi
3192 2497 3347 2566 prius
3400 2511 3596 2554 omnes

2020 2583 2225 2636 liberati
2266 2581 2513 2637 fuissent.

2088 2671 2289 2727 Scribit
2313 2688 2465 2743 aeque
2499 2671 2725 2744 Cyrum,
2755 2674 3004 2745 Amorgm
3034 2676 3274 2748 adjutum
3306 2692 3409 2750 ope
3437 2678 3594 2735 Crus-

2017 2778 2136 2817 sum
2197 2775 2354 2833 atque
2407 2764 2628 2819 Sardeis
2672 2766 2857 2820 urbem
2914 2766 3054 2823 bello
3120 2770 3393 2838 petivisse.
3450 2768 3597 2838 Quo-

2019 2854 2177 2908 modo
2207 2856 2368 2908 etiam
2404 2853 2632 2910 (Ebarae
2660 2856 2888 2912 consilio
2934 2858 3046 2928 (78)
3083 2859 3255 2930 lignea
3304 2860 3594 2918 Persarum

2016 2946 2302 3001 simulacra
2338 2944 2478 3018 36b
2542 2961 2639 3016 per
2668 2962 2853 3003 muros
2883 2950 3145 3016 exhibita,
3172 2962 3229 3006 et
3265 2953 3457 3008 incolis
3485 2963 3597 3009 ter-

2019 3049 2193 3087 rorem
2237 3034 2588 3103 incusserint,
2623 3043 2679 3091 et
2706 3035 2858 3092 urbis
2885 3038 3161 3108 capiendae
3191 3055 3407 3097 causam
3436 3044 3599 3099 dede-

2018 3125 2142 3178 rint.
2180 3124 2297 3191 Quo
2327 3127 2454 3182 item
2487 3136 2649 3198 pacto
2690 3139 2817 3185 ante
2856 3139 3067 3201 captam
3118 3132 3328 3199 urbem,
3365 3149 3463 3203 pro
3494 3137 3596 3190 ob-

336 3226 724 3299 φαντάσματος
754 3198 1136 3299 ἀπατήσαντος
1165 3198 1398 3298 Κροίσον
1426 3242 1439 3257 ⁸
1463 3198 1609 3289 ὅπως
1637 3243 1695 3279 τε
1728 3198 1912 3296 δολοῤ-

2016 3219 2126 3271 side
2181 3218 2353 3274 Crmsi
2405 3217 2547 3273 filius
2586 3218 2746 3276 datus
2794 3198 2981 3285 fuerit,
3037 3238 3158 3277 cum
3205 3198 3430 3280 Crtesits
3480 3228 3598 3298 ipse

336 3319 636 3390 ῥαφοῦντος
684 3321 919 3389 Κροίσου
959 3320 987 3371 ὁ
1018 3322 1147 3381 παῖς
1178 3319 1299 3371 κατ’
1333 3316 1645 3388 ὀφθαλμοὺς
1669 3317 1913 3386 ἀναιρεῖς

332 3429 419 3465 ται
456 3428 472 3441 ·
501 3414 597 3465 καὶ
620 3414 767 3476 ὅπως
793 3414 825 3479 ἡ
853 3412 1036 3482 μήτηρ
1066 3413 1124 3464 τὸ
1159 3410 1328 3474 πάθος
1367 3409 1550 3464 ἰδοῦσα
1581 3408 1781 3478 ἑαυτὴν
1815 3407 1910 3461 τοῦ

332 3504 545 3573 τείχους
573 3503 974 3575 ἀποκρημνίζει
1006 3501 1132 3576 [109
1157 3501 1247 3575 IL]
1281 3503 1373 3555 καὶ
1400 3502 1623 3572 θνήσκει
1652 3500 1694 3554 ⁸.
1725 3500 1913 3563 Ὅπως

332 3611 388 3646 τε
423 3593 664 3663 ἀλούσης
691 3594 789 3663 τῆς
812 3593 1018 3655 πόλεως
1040 3592 1175 3664 πρὸς
1204 3593 1263 3644 τὸ
1289 3595 1344 3645 ὲν
1365 3593 1430 3662 τῇ
1457 3590 1609 3642 πόλει
1645 3588 1788 3659 ἱερὸν
1817 3588 1912 3641 τοῦ

332 3684 668 3745 ’Λπόλλωνος
690 3682 1023 3753 καταφεύγει
1048 3685 1075 3735 ὁ
1100 3684 1351 3753 Κροῖσος,
1370 3682 1391 3711 ⁸
1411 3681 1505 3734 καὶ
1524 3680 1600 3743 ὼς
1619 3680 1739 3749 τρὶς
1762 3679 1820 3730 ὲν
1836 3676 1913 3748 τῷ

334 3776 466 3846 ίερῷ
512 3775 764 3846 πεδηθεὶς
804 3775 908 3827 ύπό
950 3773 1132 3845 Κύρου
1175 3772 1361 3825 λύεται
1418 3770 1599 3840 τρίτον
1638 3769 1909 3841 ἀοράτως,

332 3868 513 3920 καίτοι
550 3866 863 3939 σφραγίδων
907 3865 985 3936 τῷ
1017 3865 1147 3937 ἱερῷ
1185 3865 1548 3934 ἐπικειμένων
1578 3862 1673 3915 καὶ
1706 3862 1911 3915 τούτων

330 3960 425 4031 τὴν
462 3959 709 4031 φυλακὴν
752 3958 961 4028 Οίϐάρα
988 3957 1499 4027 ἐμπεπιστευμένου
1529 3971 1541 3983 °
1584 3956 1732 4015 ὅπως
1762 3970 1823 4006 τε
1859 3954 1908 4005 οἱ

334 4051 685 4120 συνδούμενοι
727 4051 945 4121 Κροίσῳ
982 4066 1081 4111 τας
1136 4046 1375 4116 κεφαλὰς
1414 4046 1786 4115 ἀπετέμνοντο
1836 4044 1911 4106 ὡς

333 4142 812 4213 καταπροδιδόντες
832 4142 1052 4194 λύεσθαι
1072 4142 1303 4210 Κροῖσον
1324 4155 1338 4170 '
1365 4139 1456 4192 καὶ
1473 4139 1554 4191 ὅτι
1578 4136 1910 4209 ἀναληφθεὶς

331 4236 387 4288 ἐν
414 4238 532 4298 τοῖς
585 4234 871 4304 βασιλείοις
907 4236 1001 4286 καὶ
1041 4233 1213 4295 δεθεὶς
1237 4231 1641 4302 ἀσφαλέστερον
1673 4231 1909 4302 βροντῶν

331 4331 422 4380 καὶ
476 4328 735 4397 σκηπτῶν
779 4326 1178 4397 ἐπενεχθέντων
1211 4325 1398 4379 λύεται
1450 4326 1633 4387 πάλιν,
1662 4325 1757 4377 καὶ
1784 4323 1907 4376 τότε

336 4420 487 4487 μόλις
541 4420 647 4473 ὑπὸ
701 4420 883 4490 Κύρου
928 4420 1170 4488 ἀφίεται’
1201 4418 1293 4483 Ἐξ
1328 4412 1389 4470 οὗ
1421 4418 1514 4472 καὶ
1568 4416 1903 4488 περιείπετο,

332 4510 419 4582 [Μ
446 4512 547 4585 Η.]
574 4514 665 4565 καὶ
694 4512 861 4565 ἔδωκε
888 4512 1066 4583 Κῦρος
1098 4512 1316 4581 Κροίσῳ
1338 4511 1491 4563 πόλιν
1526 4509 1769 4579 μεγάλην
1798 4510 1906 4562 Βα-

2015 3323 2173 3364 antea
2227 3312 2409 3366 divino
2462 3313 2695 3382 quodam
2775 3325 2989 3384 spectro
3058 3318 3317 3388 deceptus
3381 3320 3593 3376 fuisset.

2017 3401 2222 3456 Rursus
2252 3405 2522 3471 quomodo
2549 3406 2701 3461 dolos
2734 3416 2988 3461 nectente
3017 3406 3233 3476 Croeso,
3270 3412 3319 3464 in
3353 3417 3597 3482 parentis

2013 3496 2184 3550 oculis
2217 3494 2421 3569 [obses]
2482 3496 2624 3551 filius
2679 3498 2751 3553 sit
2806 3500 3159 3569 interfectus;
3215 3513 3381 3574 utque
3422 3515 3595 3560 mater

2015 3587 2107 3642 filii
2135 3593 2336 3643 caulem
2363 3591 2579 3658 intuita,
2618 3605 2649 3645 e
2674 3606 2834 3647 muro
2862 3609 2981 3649 sese
3021 3598 3351 3666 praecipitem
3398 3602 3592 3671 egerit.

2015 3696 2114 3735 nec
2150 3690 2327 3735 tamen
2370 3683 2709 3738 occubuerit.
2750 3683 2817 3739 Ut
2851 3696 2971 3754 post
3020 3698 3235 3756 captam
3288 3693 3477 3745 urbem
3528 3694 3595 3747 ad

2012 3770 2296 3839 Apollinis,
2336 3786 2456 3839 quae
2504 3771 2578 3827 ibi
2633 3784 2775 3841 erat,
2810 3776 2981 3829 aedem
3024 3778 3245 3834 Crtesus
3273 3783 3593 3851 confugerit,

2013 3865 2343 3933 perieritque
2390 3866 2526 3937 (79).
2584 3865 2655 3922 Ut
2692 3868 2913 3922 tertium
2969 3871 3021 3923 iu
3076 3872 3276 3940 templo
3309 3875 3524 3930 vinctus
3565 3893 3593 3929 a

2011 3958 2151 4027 Cyro
2233 3956 2497 4023 ϐιαίους,
2577 3959 2796 4014 tertium
2867 3962 3030 4015 etiam
3116 3962 3334 4019 fallente
3406 3968 3596 4021 oculos

2012 4046 2219 4101 fast-ine
2253 4048 2460 4103 solutus
2500 4049 2592 4115 sit,
2629 4050 2882 4119 quamvis
2913 4052 3160 4121 pluribus
3190 4054 3445 4125 templum
3490 4072 3592 4112 es-

2014 4152 2096 4194 set
2125 4142 2315 4211 sigillis
2344 4142 2716 4212 obsignatum,
2754 4143 2973 4201 (Ebara
3014 4148 3132 4215 ipso
3163 4152 3231 4203 ad
3273 4150 3466 4205 horum
3502 4166 3596 4206 cu-

2018 4236 2248 4289 stodiam
2281 4236 2551 4304 apposito.
2606 4236 2693 4293 Uti
2724 4245 2780 4291 et
2809 4239 2915 4293 illis
2946 4241 3037 4308 qui
3082 4254 3206 4295 cum
3236 4240 3427 4296 Croeso
3473 4243 3597 4297 vin-

2016 4327 2088 4380 cti
2138 4342 2239 4380 una
2271 4327 2506 4391 fuerant,
2544 4330 2721 4398 capita
2762 4330 2873 4385 sint
2908 4341 3209 4400 amputata.
3236 4335 3378 4402 quod
3408 4350 3595 4389 eorum

2011 4416 2314 4486 proditione
2341 4418 2574 4473 vinculis
2620 4420 2829 4475 solutus
2882 4436 3003 4476 esse
3033 4422 3260 4478 Croesus
3290 4437 3592 4494 putaretur.

2015 4506 2265 4564 Crmsum
2299 4510 2350 4562 in
2390 4510 2595 4580 regiam
2618 4512 2933 4575 adductum,
2966 4512 3291 4584 firmiusque
3321 4518 3591 4584 vinctum,

336 4606 551 4677 ρήνην⁵
608 4606 774 4674 ἐγγὺς
826 4604 1192 4667 Ἐκϐατάνων,
1247 4607 1304 4656 ἐν
1359 4597 1559 4675 ⁴ᾖῆσαν
1608 4604 1787 4663 ἱππεῖς
1817 4605 1912 4671 μὲν

2022 4611 2146 4652 cum
2212 4599 2437 4654 fulmina
2494 4608 2657 4670 atque
2713 4602 2951 4656 tonitrua
3007 4604 3335 4670 irruissent,
3398 4609 3593 4662 iterum

332 4694 798 4764 πεντακισχίλιοι,
833 4694 1129 4747 πελτασταὶ
1155 4694 1211 4746 δὲ
1235 4693 1328 4745 καὶ
1352 4692 1670 4745 ἀκοντισταὶ
1702 4691 1792 4743 καὶ
1818 4708 1909 4743 το-

334 4783 481 4848 ξόται
512 4783 718 4856 μύριοι.

2020 4688 2192 4745 fuisse
2220 4690 2479 4756 solutum,
2511 4707 2574 4747 ac
2627 4703 2738 4747 tum
2772 4694 2987 4749 demum
3018 4712 3046 4749 a
3104 4699 3249 4768 Cyro
3298 4714 3440 4769 aegre
3473 4718 3597 4758 esse

2022 4781 2250 4837 liberum
2286 4784 2592 4841 dimissum.
2643 4785 2721 4839 Ex
2773 4802 2838 4843 eo
2874 4790 3056 4859 itaque
3111 4801 3351 4861 tempore
3396 4795 3594 4866 Cyrum

332 4890 453 4925 cum
482 4874 602 4927 aliis
630 4889 750 4927 eum
785 4873 1140 4928 humanitatis
1171 4873 1361 4928 ofﬁciis
1390 4884 1735 4941 prosecutum
1796 4886 1939 4934 esse,
2017 4881 2131 4925 tum
2184 4875 2369 4928 urbem
2426 4878 2472 4929 ei
2538 4892 2813 4947 magnum,
2885 4878 3125 4935 Bareuen
3179 4887 3396 4939 nomine
3456 4888 3592 4959 (80).

1633 5045 1866 5101 VARIAS
1896 5046 2293 5107 LECTIONES.

399 5166 465 5247 re.
488 5164 699 5247 οὲδαρᾷ
730 5184 788 5230 ς,
818 5238 831 5247 _
866 5164 913 5199 sc
947 5167 1215 5247 :Apuv-cw
1236 5166 1483 5247 ’πρῶτον
1532 5183 1592 5247 ς.
1626 5237 1638 5247 _
1669 5166 1713 5247 ⁸]
1739 5166 1997 5247 ξπιταμᾶ
2049 5182 2106 5247 ςι.
2133 5163 2230 5247 ηπ
2247 5164 2398 5247 ρῶν]
2446 5166 2628 5247 malim
2677 5168 2789 5222 τόν.
2866 5170 2911 5247 ’μ’
2939 5172 3137 5247 ᾁφείθη
3160 5174 3488 5247 ⁸ἀφείθησαν
3532 5199 3592 5246 ς.

333 5233 347 5261 ¹
379 5235 556 5306 πόλιν]
588 5233 772 5300 πὸλεις
805 5238 869 5290 Α.
946 5238 967 5268 ⁸
996 5233 1078 5306 τε]
1105 5254 1166 5290 τε
1198 5239 1267 5308 τῇ
1294 5233 1355 5302 ξ.
1430 5238 1451 5269 ³
1474 5241 1567 5291 καὶ
1587 5237 1647 5289 ού
1680 5233 2004 5305 θνήσκεις.
2077 5234 2099 5265 ⁸
2131 5233 2396 5305 Κροῖσος,
2412 5238 2507 5291 καὶ
2533 5237 2779 5307 θνήσκει,
2811 5242 2905 5294 καὶ
2928 5233 3025 5305 ὼς.
3100 5233 3426 5316 ⁵’βαρήυνὴν
3457 5253 3501 5303 A

1872 5355 2100 5412 ΝΟΤᾸΞ.

397 5472 510 5543 (7⁸7)
570 5472 644 5545 De
694 5471 847 5528 Sacis
886 5472 1073 5529 ethoc
1114 5474 1239 5545 Cyri
1284 5476 1424 5530 bello
1483 5477 1630 5531 varia
1693 5475 1910 5543 scripsit

331 5540 551 5605 Strabo,
576 5542 669 5597 lib.
698 5558 757 5597 lt.

398 5614 511 5677 (78)
538 5612 697 5666 Joan.
738 5615 923 5667 'l'zetz.
962 5612 1100 5667 Hist.
1122 5614 1216 5668 lib.
1256 5632 1293 5671 I.

402 5682 514 5752 (79)
542 5682 837 5750 Neguutem
875 5686 1001 5737 hinc
1039 5687 1364 5751 particulmu
1422 5687 1473 5739 in
1507 5686 1904 5753 prmcedentem

333 5766 551 5806 versnm
595 5768 884 5821 perperam
919 5758 1237 5808 translatum
1290 5756 1447 5823 plane
1505 5757 1635 5808 mihi
1681 5772 1905 5822 persna-

334 5824 453 5877 deo.
479 5823 581 5879 Alii
608 5825 809 5879 omissa
856 5839 987 5880 voce
1018 5823 1247 5890 Crwsus,
1288 5828 1398 5881 haec
1432 5828 1498 5882 ad
1536 5826 1652 5893 ejus
1680 5838 1902 5880 uxorem

1944 5592 1949 5595 ⁷
2017 5580 3194 5684 ΜτῖἕὶέςῗϊζγίζῖΚξὲαἴὲζίἒξρ.Ἑιῖἴᾛίὶιὲ

2020 5473 2364 5613 Γρίῗςᾜῗῗιῖυο
2400 5544 2626 5601 forsitan
2669 5545 2834 5615 Steph
2878 5547 2919 5600 Β
2960 5558 3126 5602 zaut.:
3165 5550 3241 5604 Βα
3282 5551 3598 5625 ήνηιπόλις

2020 5615 2251 5674 Μηδίας,
2283 5615 2452 5674 ἐγγὺς
2494 5616 2867 5674 Ἀγϐατάνων.
2901 5563 3004 5674 ἄιιί
3036 5630 3087 5672 et
3126 5620 3194 5673 de
3243 5568 3406 5674 Euius
3449 5626 3597 5674 vocis

2017 5636 2251 5684 Μηοιας,
2283 5636 2452 5683 εγγυς
2499 5636 2867 5684 ’Λγοατανων.
2901 5636 3004 5684 QUI
3036 5636 3087 5672 et
3126 5636 3194 5673 ue
3243 5636 3406 5689 uiuus
3449 5640 3597 5679 VUCIS

2015 5688 2341 5761 scripturn}
2385 5686 2633 5761 Κτησίας
2687 5688 2980 5761 παντοχοῡΔ
3008 5688 3117 5741 τῶν
3169 5691 3475 5761 Περσικῶν,
3525 5697 3599 5748 τὰ

2015 5754 2395 5835 ηράΜήδρις
2440 5754 2745 5835 ξᾹγὸάῖανα
2770 5754 3053 5835 fitﬁt—ioue
3075 5754 3278 5829 γράφεί
3302 5775 3319 5794 ⁶
3351 5754 3502 5835 παρὰ
3536 5765 3595 5818 δὲ

2011 5828 2125 5888 τοῖς
2158 5825 2406 5895 ἀρχαίοις
2437 5828 2524 5882 διὰ
2555 5826 2647 5880 τοῦ
2687 5844 2735 5880 ε.
2770 5827 2901 5884 Vide
2930 5830 3056 5883 alibi
3087 5825 3270 5897 plura,
