4092 6416
459 407 560 470 175

1634 415 1894 475 ΡΙΙΟἹῚΙ
1933 415 2443 476 ΡΛΤΒΙΛΙὶΟῘΙᾹΞ
2483 417 2594 476 Cl’.

3629 415 3727 481 176

448 540 617 596 prope
668 527 942 582 Ecbatana
989 528 1239 593 dedisse,
1299 527 1352 581 in
1401 544 1507 598 qua
1560 529 1802 598 quinque
1855 537 2037 582 esseut
2072 529 2340 595 equitum,
2375 531 2703 597 peltatorum
2733 545 2861 585 vero
2897 530 3373 600 jaculatorumque
3437 539 3492 584 et
3559 532 3726 601 sagit-

450 622 714 675 tariorum
743 622 809 676 ad
842 623 1030 676 decem
1064 622 1251 675 millia.

523 715 704 769 Refert
766 725 1049 784 prieterea,
1091 715 1389 770 Petisacam
1443 719 1778 778 eunuchum,
1831 730 2022 783 magna
2057 720 2101 774 Α

450 809 590 875 apud
621 807 825 878 Cyrum
851 809 1182 861 auctoritate
1205 807 1523 876 pollentem,
1545 810 1595 860 iu
1620 808 1816 862 Persas
1845 821 2029 859 atttan-

450 902 663 960 datum.
706 901 796 969 qui
843 902 1103 971 Astyigan
1142 917 1170 954 a
1212 900 1494 954 Barcaniis
1528 899 1844 964 adduceret,
1885 897 2028 966 quod

450 1009 571 1047 cum
612 993 746 1062 ipse,
783 1002 893 1045 tum
925 993 1132 1062 Amytis
1170 991 1278 1046 ﬁlia
1317 1000 1596 1060 parentem
1661 988 1850 1043 videre
1896 1003 2030 1042 exo-

454 1097 658 1154 ptarel.
695 1084 946 1140 OEbarau
981 1096 1161 1137 autem
1195 1084 1484 1137 consilium
1505 1081 1764 1136 Petisaca)
1787 1079 2026 1139 dedisse,

451 1186 507 1230 ut
553 1177 604 1230 in
648 1177 860 1230 deserto
908 1177 1027 1229 luco
1072 1175 1254 1242 aliquo
1300 1175 1561 1245 Astyigan
1598 1172 1845 1226 relictum
1888 1170 2031 1224 l‘ame

450 1268 650 1336 sitique
681 1267 1014 1332 conﬁceret;
1058 1266 1296 1335 illudque
1323 1267 1488 1320 etiam
1530 1266 1601 1317 ita
1642 1263 1844 1318 factum
1887 1277 2027 1316 esse.

455 1357 652 1413 Verum
692 1359 903 1413 scelere
949 1373 1045 1427 per
1089 1357 1302 1412 somnia
1343 1355 1638 1425 patefacto,
1665 1353 1969 1409 Petisacam
1999 1368 2029 1406 a

450 1449 614 1520 Cyro,
655 1449 945 1503 identidem
979 1448 1107 1502 illud
1139 1447 1450 1517 exposceuti
1483 1445 1691 1517 Amyli,
1725 1445 1791 1499 ad
1826 1443 2032 1514 suppli-

451 1547 594 1596 citun
622 1543 863 1597 deditum
894 1557 1034 1595 esse.
1065 1539 1217 1594 Illam
1265 1540 1452 1593 oculos
1499 1543 1732 1609 primum
1771 1537 2031 1592 semiviro

450 1634 840 1704 exsculpsisse,
881 1643 992 1686 tum
1025 1631 1219 1701 pellem
1247 1631 1576 1693 detraxisse,
1612 1629 1684 1683 ita
1721 1628 1955 1698 denique
1980 1627 2030 1680 in

451 1742 668 1780 crucem
711 1727 911 1796 egisse.
955 1725 1094 1780 Hinc
1137 1724 1413 1788 OEbaran,
1449 1739 1516 1778 ne
1553 1721 1692 1776 idem
1742 1720 2032 1789 aliquando

451 1829 729 1888 pateretur
770 1819 1001 1873 veritum
1043 1818 1168 1886 (etsi
1204 1826 1357 1871 certo
1390 1815 1464 1870 illi
1491 1815 1790 1868 allirmaret
1834 1812 2028 1879 Cyrus,

456 1913 589 1968 nihil
650 1928 709 1967 se
757 1911 1023 1980 ejusmodi
1085 1926 1322 1979 unquam
1361 1908 1799 1979 permissurum),
1844 1907 2030 1959 decem

449 2005 806 2060 nihilominus
866 2003 1076 2058 dierum
1135 2002 1312 2056 incilia
1374 2001 1546 2070 ipsum
1631 1998 1734 2052 sibi
1801 2005 2030 2051 mortem

449 2097 806 2153 conscivisse.
859 2093 980 2149 Jam
1035 2094 1212 2163 ipsum
1259 2092 1518 2162 Aslyigan
1580 2088 1863 2160 splendide
1906 2102 2028 2140 cum

447 2189 642 2258 primis
679 2197 842 2258 atque
885 2184 1173 2256 magniﬁce
1220 2183 1488 2253 sepultum
1523 2181 1726 2248 fuisse;
1763 2181 2024 2235 intactum

448 2282 648 2352 quippe
683 2278 814 2334 feris
859 2276 977 2346 ejus
1023 2276 1261 2332 cadaver
1298 2275 1428 2330 locis
1477 2273 1583 2328 illis
1629 2273 1863 2328 desertis
1900 2286 2026 2342 per—

450 2373 741 2437 mansisse,
775 2372 918 2442 quod
950 2368 1074 2422 illud
1102 2367 1174 2422 ibi
1213 2367 1417 2429 leones,
1448 2367 1573 2420 ilum
1624 2365 1901 2420 Petisacas
1937 2376 2026 2417 re-

450 2480 643 2519 \‘ersus
661 2462 925 2524 auferret,
949 2471 1386 2515 conservassem.

519 2557 695 2627 Cyrus
719 2555 770 2608 in
801 2553 1054 2607 Derbices
1109 2549 1258 2621 (Sl),
1302 2565 1533 2617 quorum
1575 2558 1686 2602 tum
1728 2563 1820 2603 re\'
1862 2547 2024 2600 Amo-

449 2663 614 2710 raeus.
652 2646 954 2703 exercitum
987 2644 1175 2710 ducit;
1216 2654 1270 2696 at
1300 2642 1374 2697 illi
1405 2657 1467 2695 ex
1505 2639 1716 2695 insidiis
1748 2639 2026 2709 productis

447 2739 775 2808 clepbantis,
815 2735 942 2805 Cyri
992 2734 1294 2803 equitatum
1343 2731 1395 2786 in
1441 2730 1622 2798 fugam
1672 2738 2023 2784 convertunt.

448 2832 568 2898 Ipse
611 2830 683 2885 ibi
736 2829 912 2899 Cyrus
944 2841 1008 2881 ex
1051 2841 1192 2895 equo
1239 2823 1476 2888 decidit,
1505 2833 1559 2876 et
1608 2821 1767 2876 ludus
1803 2821 2020 2892 quidam

449 2923 795 2996 (Derbicibus
817 2921 962 2976 enim
997 2920 1110 2974 lmli
1136 2934 1291 2984 opem
1321 2918 1374 2972 itt
1399 2917 1536 2972 bello
1569 2917 1837 2983 ferebant,
1861 2925 2027 2985 atque

449 3020 517 3070 ab
544 3015 631 3069 his
655 3014 755 3079 illi,
789 3029 927 3082 quos
958 3013 1246 3073 ducebant,
1280 3011 1598 3080 elephantos
1637 3010 2023 3080 acceperant).

446 3107 588 3178 37a
615 3105 776 3160 Indus
807 3106 969 3174 igitur
1002 3104 1091 3158 ille
1125 3104 1324 3174 Cyrum
1372 3102 1648 3172 delapsum
1683 3102 1867 3170 jaculo
1925 3103 2025 3158 sub

447 3215 584 3256 coxa
613 3200 662 3253 in
692 3199 898 3252 femore
927 3197 1253 3260 vulneravit,
1289 3210 1395 3265 quo
1429 3195 1520 3250 ille
1547 3210 1616 3250 ex
1656 3195 1879 3250 vulnere
1933 3210 2028 3264 po-

450 3304 566 3345 stea
608 3291 860 3345 moritur.
899 3287 1080 3356 Ipsum
1130 3297 1316 3340 autem
1352 3296 1466 3338 tum
1496 3285 1674 3339 adhuc
1720 3285 1899 3338 vivum
1947 3283 2028 3338 fa-

450 3381 694 3435 miliares
724 3380 806 3435 sui
839 3379 1196 3442 sustulerunt,
1233 3387 1396 3445 atque
1428 3377 1479 3430 iu
1512 3387 1689 3431 castra
1741 3389 2028 3430 concesse-

2203 713 2324 764 Ἔτι
2347 709 2703 780 διαλαμϐάνει
2727 711 2747 741 ⁸
2773 710 2847 774 ῶς
2869 711 3188 763 ἀποστέλλει
3216 709 3398 781 Κῦρος
3417 713 3475 764 ἐν
3502 709 3722 780 Περσίδι

2131 803 2484 873 Πετησάκαντ
2504 803 2594 855 τὸν
2621 802 2876 872 εὐνοῦχον
2894 803 2937 868 ⁸,
2959 803 3100 874 μέγα
3116 803 3246 875 παρ’
3265 802 3411 873 αὐτῷ
3427 804 3726 873 δυνάμενον

2131 897 2348 966 ἐνέγκαι
2381 896 2488 949 άπὸ
2519 897 2842 966 Βαρκανίων
2883 895 3174 965 Ἀστυῖγαν
3209 913 3224 926 ο
3267 897 3453 950 ἐπόθει
3481 895 3590 968 γὰρ
3620 895 3724 948 αύ-

2131 990 2222 1052 τός
2248 1006 2304 1041 τε
2335 989 2430 1040 καὶ
2459 989 2492 1058 ἡ
2525 988 2771 1058 Θυγάτηρ
2813 987 3040 1058 Ἀμύτις
3062 988 3153 1042 τὸν
3183 989 3398 1060 πατέρα
3435 989 3582 1046 ἰδεῖν.
3612 989 3722 1043 Καὶ

2131 1081 2206 1144 ῶς
2250 1080 2501 1151 Οἰϐάρας
2547 1080 2790 1150 βουλεύει
2839 1081 3132 1152 ΙΙετησάκα
3160 1083 3181 1113 ³
3227 1083 3285 1133 ἐν
3337 1082 3528 1153 ἐρήμῳ
3575 1085 3724 1153 τόπῳ

2131 1175 2503 1226 καταλιπόντα
2529 1175 2824 1241 Ἀστυῒγαν
2851 1173 2996 1246 λιμῷ
3030 1175 3123 1226 καὶ
3156 1173 3298 1244 δίψει
3333 1175 3376 1205 ¹⁰
3408 1173 3676 1228 ἀπολέσαι
3702 1189 3716 1202 '

2131 1266 2158 1318 ὃ
2195 1266 2233 1296 ¹¹
2260 1268 2352 1319 καὶ
2384 1266 2594 1335 γέγονε.
2628 1265 2707 1320 Δι’
2725 1267 2991 1319 ἐνυπνίων
3019 1266 3076 1320 δὲ
3103 1265 3195 1319 τοῦ
3222 1266 3527 1336 μιάσματος
3555 1283 3724 1336 μηνυ-

2133 1359 2315 1423 Οέντος
2344 1359 2689 1429 Πετησάκας,
2721 1358 2982 1422 πολλάκις
3028 1359 3405 1430 αἰτησαμένης
3442 1357 3720 1428 Ἀμύτιος,

2133 1452 2214 1513 εἰς
2243 1452 2512 1522 τιμωρίαν
2533 1451 2685 1520 παρὰ
2708 1452 2894 1522 Κύρου
2919 1451 3208 1505 ἐκδίδοται·
3236 1452 3268 1521 ὴ
3295 1450 3350 1503 δέ
3373 1451 3498 1513 τοὺς
3526 1447 3722 1517 ὀφθαλ-

2136 1546 2271 1614 μοὺς
2306 1543 2609 1614 ἐξορύξασα
2647 1543 2745 1596 καὶ
2780 1545 2840 1596 τὸ
2867 1543 3042 1614 δέρμα
3066 1542 3423 1614 περιδείρασα
3449 1539 3720 1594 ἀνεσταύ-

2135 1651 2328 1704 ρωσεν.
2371 1634 2620 1704 Οἰϐάρας
2665 1633 2721 1686 δὲ
2762 1631 2948 1697 δεδιὼς
2985 1632 3156 1702 μὴτά
3179 1632 3340 1702 ὃμοια
3369 1631 3619 1684 πείσεται
3655 1631 3720 1695 ¹¹,

2133 1727 2311 1780 καίτοι
2341 1725 2526 1797 Κύρου
2559 1726 2725 1797 μηδὲν
2746 1725 2990 1778 τοιοῦτον
3023 1722 3433 1793 ἰσχυριζομένου
3463 1739 3722 1793 παραχω·

2135 1818 2318 1889 ρῆσαι,
2341 1817 2504 1880 αὐτὸς
2534 1817 2633 1887 μὲν
2666 1817 2708 1848 ¹⁸
2753 1817 3209 1888 άποκαρτερήσας
3238 1815 3306 1869 δι’
3339 1815 3561 1887 ἡμερῶν
3587 1815 3720 1868 δέκα

2133 1911 2326 1965 ἐαυτὸν
2348 1911 2638 1982 ἐξήγαγεν,
2656 1910 2947 1978 Ἀστυϊγας
2968 1910 3024 1963 δὲ
3054 1911 3494 1982 μεγαλοπρεπῶς
3517 1911 3714 1980 ἐτάφη.

2135 2005 2244 2057 Καὶ
2283 2005 2340 2056 ἐν
2369 2006 2435 2074 τῇ
2471 2004 2664 2075 ἐρήμῳ
2694 2003 2752 2056 δὲ
2792 2003 3040 2073 ἄϐρωτος
3087 2001 3251 2056 αύτοῦ
3281 2002 3553 2073 διέμεινεν
3576 2003 3603 2055 6
3632 2018 3720 2054 νε-

2133 2102 2303 2172 κρόςο
2357 2100 2570 2164 λέοντες
2617 2101 2726 2170 γὰρ
2775 2097 2964 2163 αὐτοῦ,
3022 2098 3180 2168 φησὶ,
3249 2099 3414 2169 μέχρι
3469 2098 3719 2168 Πετησά·

2133 2211 2235 2248 καν
2279 2193 2323 2224 ⁸⁵
2383 2191 2547 2246 πάλιν
2603 2189 2777 2245 ἐλθεῖν
2826 2190 2922 2243 καὶ
2959 2189 3248 2244 ἀναλαϐεῖν
3281 2189 3586 2259 ἐφύλαττον
3627 2191 3717 2243 τὸν

2134 2283 2348 2355 νεκρόν.

2206 2550 2389 2621 Κῦρος
2416 2549 2474 2602 δέ
2507 2549 2793 2620 στρατεύει
2836 2549 2932 2602 ἐπὶ
2962 2548 3232 2619 Δέρϐικας
3284 2549 3578 2620 Ἀμοραίου
3617 2548 3718 2618 βα-

2135 2643 2436 2705 σιλεύοντος
2471 2641 2672 2695 αὐτῶν.
2709 2641 2822 2696 Καὶ
2845 2640 2905 2706 ἐξ
2928 2640 3150 2710 ἐνέδρας
3182 2643 3230 2694 οἰ
3267 2641 3530 2711 Δέρϐικες
3563 2641 3721 2694 me.

2135 2755 2220 2790 σιν
2268 2735 2590 2805 ἐλέφαντας,
2635 2733 2732 2787 καὶ
2786 2733 2910 2795 τοὺς
2961 2734 3148 2796 ἱππεῖς
3204 2732 3390 2802 Κύρου
3433 2732 3716 2804 τρέπουσι.

2134 2829 2247 2883 Καὶ
2279 2829 2468 2881 πίπτει
2499 2829 2593 2881 καὶ
2624 2825 2784 2891 αὐτὸς
2824 2823 3006 2895 Κῦρος
3041 2825 3103 2878 ἐκ
3138 2823 3231 2877 τοῦ
3259 2825 3448 2888 ἵππου,
3490 2823 3585 2877 καὶ
3623 2825 3722 2876 Ίν-

2133 2922 2221 2986 δδς
2245 2918 2886 2992 ἀνὴρ(συνεμάχουνγάρ
2917 2918 2960 2949 ¹⁵
2987 2915 3140 2970 Ἰνδοί
3168 2918 3281 2978 τοῖς
3305 2915 3630 2984 Δερϐίκεσιν
3650 2916 3716 2974 ¹⁶,

2134 3015 2193 3080 ἐξ
2222 3007 2297 3067 ὧν
2329 3013 2423 3066 καὶ
2450 3013 2576 3075 τοὺς
2624 3011 2920 3080 ἐλέφαντας
2951 3009 3187 3079 ἔφερον),
3235 3000 3389 3068 οἶιτος
3414 3008 3454 3039 ¹⁷
3492 3008 3519 3058 6
3559 3005 3718 3068 Ἰνδὸς

2135 3105 2464 3161 πεπτωκότα
2512 3104 2694 3173 Κῦρον
2730 3102 2911 3174 βάλλει
2945 3101 3180 3172 ἀκοντίῳ
3207 3100 3312 3153 ὑπὸ
3348 3101 3407 3153 τὸ
3442 3101 3610 3170 ἰσχίον
3639 3101 3719 3163 εἰς

2134 3202 2224 3254 τὸν
2255 3200 2428 3271 μηρόν
2459 3215 2472 3230 °
2501 3199 2560 3264 ἐξ
2593 3190 2653 3251 οὗ
2683 3197 2776 3250 καὶ
2804 3195 3051 3266 τελευτᾷ.
3084 3195 3219 3248 Τότε
3246 3194 3302 3248 δέ
3327 3193 3507 3258 ζῶντα
3535 3193 3720 3248 ἀνελό-

2139 3309 2288 3363 μενοι
2341 3290 2504 3345 αύτδν
2556 3290 2605 3342 οἰ
2653 3291 2843 3342 οἰκεῖοι
2889 3287 2982 3340 ἐπὶ
3016 3287 3079 3340 τὸ
3127 3286 3496 3358 στρατόπεδον
3523 3287 3715 3358 ᾔεσαν.

2135 3382 2436 3436 Ἀπέθανον
2489 3381 2546 3434 δὲ
2589 3381 2646 3432 ἐν
2689 3381 2755 3449 τῇ
2792 3378 2941 3450 μάχῃ
2984 3379 3080 3430 καὶ
3128 3378 3357 3448 Περσῶν
3407 3377 3592 3430 πολλοὶ
3623 3377 3719 3430 καὶ

453 3484 598 3527 runt.
651 3471 969 3527 ()ccubuere
1019 3470 1119 3524 hoc
1167 3470 1219 3523 itt
1271 3469 1461 3538 ιιι-ωηο
1513 3467 1800 3523 Persarum
1851 3466 2027 3534 tnulti,

2134 3474 2414 3546 Δερϐίκων
2449 3477 2550 3527 [σοι
2587 3488 2602 3503 ⁶
2657 3471 2841 3541 μύριοι
2871 3472 2978 3541 γὰρ
3009 3469 3104 3522 καὶ
3137 3469 3311 3524 αὐτοί.
3354 3469 3633 3540 ’Λμόργης
3660 3469 3716 3522 δὲ

450 3581 629 3634 neque
667 3562 952 3618 Derbicum
986 3563 1296 3631 pauciores.
1331 3562 1526 3616 Decem
1568 3560 1712 3614 enim
1742 3560 1905 3614 etiam
1935 3560 2033 3613 Ito-

451 3674 569 3712 t-um
606 3657 770 3710 millia
801 3657 1067 3710 cecidere.
1094 3655 1361 3724 Amurgus
1406 3655 1501 3716 ibi,
1537 3666 1762 3723 accepto
1798 3656 1863 3707 de
1892 3653 2032 3723 Cyro

455 3750 668 3810 nuntio.
705 3763 935 3817 prepere
977 3749 1042 3802 ad
1087 3747 1280 3802 Persas
1328 3747 1564 3812 accedit,
1615 3747 1877 3802 Sacarum
1927 3748 2029 3800 du-

455 3859 587 3894 cens
615 3843 855 3910 equitum
887 3842 1072 3911 \iginti
1111 3841 1299 3896 millia.
1333 3841 1531 3895 Przclio
1555 3855 1684 3910 ergo
1706 3839 1903 3895 Persas
1944 3840 2030 3893 in-

450 3945 534 3988 ter
579 3949 642 3988 ac
706 3933 960 3990 Derbices
1022 3943 1296 3998 conserto,
1343 3949 1371 3986 a
1437 3932 1618 3987 Persis
1671 3942 1835 4004 atque
1873 3931 2028 3988 Sacis

446 4025 749 4079 fortissime
766 4029 1130 4096 pugnantibus
1153 4025 1372 4080 victoria
1397 4025 1570 4079 stetit.
1590 4024 1873 4080 Occumbit
1892 4024 2026 4079 Der-

454 4119 634 4172 bicum
671 4133 764 4172 rex
803 4118 918 4188 ipse
947 4118 1226 4173 Amorzcus
1255 4133 1376 4171 cum
1419 4117 1631 4172 duobus
1679 4117 1823 4172 ﬁliis.
1869 4117 2027 4170 Ceci-

2133 3567 2262 3636 περὶ
2291 3565 2478 3638 Κύρου
2501 3563 2741 3626 ἀκούσας
2769 3564 2972 3633 σπουδῇ
3004 3561 3389 3632 παραγίνεται,
3419 3563 3558 3631 ἔχων
3607 3563 3716 3614 Σα-

2135 3658 2247 3712 κῶν
2273 3657 2593 3728 δισμυρίους
2645 3655 2867 3715 ἰππέας.
2925 3654 3037 3707 Καὶ
3074 3654 3313 3722 πολέμου
3351 3653 3717 3724 συρραγέντος

2135 3749 2364 3819 Περσῶν
2393 3749 2487 3800 καὶ
2517 3747 2793 3818 Δερϐίκων
2828 3747 2954 3816 νικᾷ
2982 3746 3124 3797 κατὰ
3158 3745 3360 3815 κράτος
3393 3746 3419 3796 ό
3451 3744 3716 3813 Περσικὸς

2135 3842 2230 3894 καὶ
2260 3840 2449 3894 Σακῶν
2481 3839 2713 3911 στρατὸς
2738 3877 2752 3902 ,
2785 3839 3088 3908 ἀναιρεῖται
3115 3836 3172 3888 δέ
3199 3837 3292 3890 καὶ
3319 3836 3360 3867 ¹⁸
3399 3837 3426 3887 ό
3454 3837 3559 3887 τῶν
3590 3843 3717 3904 Δερ-

2135 3933 2303 3987 ϐίκων
2325 3932 2575 4003 βασιλεὺς
2605 3933 2895 4001 Ἀμοραῖος
2912 3929 3006 3983 καὶ
3032 3929 3192 3991 αὐτὸς
3220 3929 3312 3981 καὶ
3330 3929 3377 3980 oi
3402 3928 3494 3980 δύο
3529 3927 3715 3992 παῖδες

2134 4023 2322 4078 αὐτοῦ.
2340 4023 2634 4078 Ἀπέθανον
2653 4023 2707 4075 δὲ
2721 4022 2999 4093 Δερϐίκων
3018 4021 3118 4093 μὲν
3131 4021 3468 4092 τρισμύριοι,
3490 4021 3712 4092 Περσῶν

2134 4118 2189 4170 δὲ
2224 4114 2576 4185 ἐνακισχίλιοι
2596 4115 2660 4177 ¹⁹,
2692 4113 2786 4166 καὶ⁵
2811 4111 3236 4184 προσεχώρησεν
3268 4113 3298 4182 ἡ
3335 4112 3486 4182 χώρα
3521 4111 3709 4183 Κύρῳ.

445 4215 641 4264 derunt
677 4221 732 4265 et
782 4210 1066 4265 Derbicum
1115 4211 1333 4281 triginta
1375 4210 1562 4271 tuillia.
1595 4210 1881 4264 Persarum
1925 4226 2142 4266 novem.
2195 4213 2270 4264 ita
2319 4212 2467 4279 regio
2512 4207 2602 4263 illa
2665 4207 2716 4260 in
2770 4205 2898 4276 Cyri
2931 4207 3188 4260 ditionem
3214 4207 3505 4260 τουσι-ειη.

521 4304 700 4374 Cyrus
725 4317 854 4358 vero
888 4303 986 4356 sub
1011 4303 1206 4356 mortis
1239 4313 1452 4372 tempus
1479 4302 1648 4356 ﬁlium
1674 4313 1805 4356 natu
1843 4302 2020 4356 maxi-

448 4414 595 4451 mum
632 4397 940 4466 Cambysen
976 4410 1157 4464 regem
1195 4409 1344 4450 creat
1373 4397 1686 4465 :jjuniorem
1718 4398 1843 4451 dein
1883 4398 2020 4466 (82),

448 4488 859 4559 'l'anyoxarcem
922 4488 1161 4550 nomine,
1200 4487 1537 4541 Bactriorunt
1577 4487 1692 4559 (8'5)
1744 4488 2021 4543 dominum

446 4583 725 4651 ipsiusque
781 4581 1038 4651 regionis,
1090 4598 1298 4636 necnon
1347 4581 1844 4646 Cboramniorunt,
1885 4578 2024 4634 Par-

448 4675 833 4743 tbiorumque,
882 4688 936 4728 et
990 4673 1401 4729 Carmauiorum
1449 4672 1775 4735 constituit,
1829 4672 2024 4725 immn-

2202 4302 2280 4355 Κύ
2292 4319 2381 4373 ρος
2407 4301 2463 4354 δέ
2487 4300 2697 4370 μέλλων
2716 4299 2972 4369 τελευτᾷν
2998 4297 3305 4368 Καμϐύσην
3327 4298 3427 4366 μὲν
3447 4298 3537 4351 τὸν
3561 4299 3712 4370 πρῶ-

2129 4414 2219 4448 τον
2243 4395 2356 4448 υίὸν
2392 4394 2617 4465 βασιλέα
2640 4393 2892 4460 καθίστη,
2920 4391 3307 4460 Τανυοξάρκην
3325 4391 3382 4443 δὲ
3401 4392 3493 4443 τὸν
3516 4391 3709 4445 νεώτε-

2136 4505 2226 4557 ρον
2260 4488 2530 4557 ἐπέστησε
2567 4487 2612 4516 ¹⁰
2651 4486 2918 4554 δεσπότην
2952 4483 3234 4553 Βακτρίων
3267 4485 3361 4536 καὶ
3399 4486 3496 4553 τῆς
3525 4484 3709 4556 χώρας

2134 4577 2230 4629 καὶ
2263 4576 2589 4646 Χοραμνίων
2631 4577 2722 4627 καὶ
2754 4574 3008 4645 Παροίων
3048 4576 3142 4628 καὶ
3185 4575 3542 4646 Καρμανίων,
3588 4578 3712 4628 ἀτε-

2133 4667 2242 4730 λεῖς
2276 4669 2421 4738 ἔχειν
2453 4667 2550 4729 τὰς
2573 4666 2757 4738 χώρας
2777 4667 3175 4737 διορισάμενος.
3213 4668 3335 4721 Τῶν
3365 4668 3418 4721 δὲ
3456 4669 3710 4738 Σπιτάμα

447 4775 649 4830 nesque
695 4777 826 4816 suas
870 4763 972 4816 sibi
1005 4764 1252 4832 regiones
1287 4776 1312 4813 a
1350 4761 1547 4815 tributo
1595 4761 1798 4816 habere
1839 4760 2017 4828 jubet.

2133 4759 2337 4812 παίδων
2378 4758 2658 4828 Σπιτάκην
2688 4759 2731 4789 ²¹
2776 4758 2876 4826 μὲν
2906 4759 3187 4830 Δερϐίκων
3220 4760 3470 4824 ἀπέδειξε
3502 4763 3708 4832 σατρά-

448 4851 489 4902 l-J
526 4849 781 4919 Spitatua:
833 4866 961 4906 vero
1005 4853 1208 4917 liberis,
1256 4851 1515 4920 Spitaden
1550 4852 1664 4923 (84)
1705 4853 2024 4907 Derbicibus

2133 4869 2255 4921 πην.
2287 4850 2648 4920 Μεγαϐέρνην
2679 4850 2734 4903 δὲ
2762 4852 3117 4923 Βαρκανίωνο
3153 4854 3220 4923 τῇ
3254 4855 3423 4924 μητρί
3452 4853 3506 4905 δὲ
3534 4855 3710 4906 πάντα

449 4941 709 5010 praefecit,
775 4941 1154 5013 Megaberuent
1219 4943 1519 5007 Barcauiis,
1577 4957 1780 5012 eosque
1841 4945 2022 5015 Amyti

2133 4945 2408 5000 πείθεσθαι
2453 4947 2802 5016 προσέταττε.
2847 4946 2956 5000 Καὶ
3001 4947 3278 5019 Ἀμόργην
3317 4951 3470 5018 φίλον
3498 4951 3709 5014 τούτοις

449 5035 608 5088 matri
663 5035 713 5089 in
776 5037 1028 5091 onmilms
1077 5049 1265 5103 parere
1332 5035 1600 5103 praecipit.
1645 5036 1798 5090 Datis
1858 5038 2022 5091 etiam

2133 5037 2232 5090 τῶν
2275 5035 2466 5100 δεξιῶν
2511 5037 2932 5107 ἐμϐαλλομένων
2980 5039 3237 5102 ἐποιεῖτο,
3279 5041 3373 5093 καί
3423 5042 3706 5112 ἀλλήλοις·

446 5123 678 5190 dextris,
733 5135 786 5177 et
844 5125 983 5177 inter
1044 5139 1124 5187 se,
1171 5134 1225 5177 et
1267 5139 1387 5177 cum
1433 5126 1674 5195 Amorge
1724 5126 2020 5180 amicitiam

2133 5128 2253 5200 μη
2281 5127 2368 5199 IL]
2403 5128 2496 5181 καὶ
2525 5131 2635 5191 τοῖς
2664 5127 2762 5199 μέν
2792 5129 3092 5200 ἐμμένουσι
3124 5133 3247 5194 ταῖς
3275 5131 3411 5201 πρὸς
3444 5133 3710 5204 ἀλλήλους

447 5212 588 5267 inire
614 5213 804 5278 voluit,
833 5214 1010 5267 fausta
1044 5214 1148 5268 illis
1180 5216 1361 5268 omnia
1395 5225 1669 5284 precatus,
1705 5216 1796 5285 qui
1825 5217 1875 5269 in
1904 5233 2023 5270 tnu-

2133 5221 2370 5283 εὐνοίαις
2400 5219 2582 5289 ἀγαθά
2623 5219 2841 5290 ηύχετο,
2877 5223 3123 5293 ἐπηρᾶτο
3165 5224 3223 5276 δὲ
3250 5228 3361 5288 τοῖς
3390 5226 3587 5296 χειρῶν
3611 5229 3709 5298 ἄρ-

1756 5328 1841 5382 νΑ
1854 5327 1989 5384 ItIJE
2029 5329 2431 5388 LECTIONES.

443 5493 482 5524 Η
515 5421 648 5524 “Aﬁr:
673 5421 731 5524 :3:
747 5421 854 5524 Axal
876 5419 1143 5520 λαμϐάνει
1171 5439 1266 5524 ς.Δ
1311 5422 1330 5450 ⁷
1363 5421 1672 5524 ῐξξτισαδξᾶζ
1700 5442 1758 5488 ς.
1833 5423 1855 5454 ⁸
1891 5424 2150 5524 εύνούδχον
2180 5425 2219 5480 Α
2261 5445 2274 5478 :
2309 5425 2652 5499 ήμιάρῥενας
2836 5436 2857 5468 ο
2893 5430 3202 5484 Πετισακᾶν
3242 5449 3301 5494 ς.
3381 5433 3424 5464 ¹⁰
3457 5433 3586 5504 δίψη
3644 5453 3707 5499 ς,

582 5507 630 5524 ει,
655 5514 665 5524 .
960 5507 1188 5524 »νο-ωηερε..
1483 5493 1579 5524 ..ὶυ
1685 5512 1797 5524 ιη..-
1851 5513 1888 5524 .-
2085 5497 2353 5524 -.-.-έ.,-
2392 5515 2427 5524 -
2531 5498 2572 5524 ll
2596 5499 2701 5524 -..‘.-
2779 5498 2884 5524 μὶ.-
2952 5501 3040 5524 --.Α
3098 5519 3130 5524 μ
3231 5503 3274 5524 ιι
3307 5501 3430 5524 ιι--ρ
3460 5489 3605 5524 ηιῇμ
3651 5509 3668 5524 Δ

523 5491 805 5572 δέέά..Λ.
889 5490 1296 5572 ’ξηαιτίλσεταιιΑἒ
1396 5493 1453 5572 ‘1
1481 5492 1608 5572 μὲν]
1648 5496 1808 5572 ὅμως.
1849 5513 1909 5560 ς.
2018 5490 2362 5572 ¹⁵ξπετισάκᾶ
2389 5490 2464 5561 ς,’
2491 5490 2888 5572 δ’]ἁρίμγὰρ
2952 5501 3045 5552 καὶ
3094 5519 3151 5565 ς.
3185 5571 3196 5572 7
3231 5490 3274 5531 ‘3
3302 5490 3608 5572 δερϐικέσὶν
3638 5490 3704 5561 Ᾰ.

437 5562 482 5597 ⁸⁷
514 5561 568 5636 ό]
593 5561 686 5616 οὖν
710 5561 738 5613 ὁ
769 5577 830 5625 ς.
921 5560 965 5592 ³⁸
998 5561 1092 5614 καὶ
1119 5563 1241 5614 add.
1269 5562 1333 5615 A.
1412 5561 1454 5593 “
1483 5560 1896 5634 ἐννεάκισχίλιοι
1922 5583 1982 5631 ς.
2062 5567 2108 5598 ²⁰
2137 5568 2343 5638 ἐπέστη
2508 5569 2550 5599 ’⁸
2584 5560 2874 5638 Σπίξάδηνξ
2911 5571 3016 5624 vid.
3050 5560 3202 5641 p.156
3231 5589 3262 5624 a
3294 5560 3380 5627 l6:

1987 5660 2223 5719 NOTAS.

2179 5756 2293 5824 (82)
2327 5755 2580 5811 Smcrden
2616 5756 2742 5827 Cyri
2768 5767 3032 5826 perpetuo
3063 5756 3372 5817 Herodotus
3405 5765 3674 5821 nominat.

2195 5828 2306 5896 (85)
2337 5827 2608 5882 Videndus
2649 5833 2716 5884 de
2742 5828 2825 5882 bis
2852 5828 3113 5897 Stepltan.
3150 5847 3202 5887 et
3234 5834 3448 5890 Strabo.

2191 5897 2244 5966 (8
2259 5899 2302 5968 ί)
2338 5897 2584 5967 Spitaccn
2613 5913 2800 5970 supra.

668 5749 940 5822 Derbica,
984 5749 1160 5818 inquit
1210 5751 1399 5819 Steph.
1457 5751 1709 5822 Byzant.,
1768 5753 1998 5822 populus

437 5833 522 5892 est
552 5821 802 5876 llircanis
828 5823 1058 5892 vicinus.
1098 5823 1416 5890 Apollonius
1457 5838 1554 5892 per
1574 5821 1779 5892 dupler
1800 5840 1858 5878 cc
1878 5826 2013 5880 scri-

441 5890 520 5946 bit
568 5892 776 5947 Ctesias
808 5907 934 5948 vero
964 5890 1182 5946 Derbius
1220 5902 1397 5960 vocat,
1430 5890 1524 5949 aut
1555 5890 1850 5950 Terbissos.
