4092 6416
320 432 409 497 lTl

1420 440 1944 506 BIBLIOTHECA.
1983 470 2051 479 -
2081 444 2245 505 COD.
2276 443 2516 505 LXXII.

3452 431 3561 500 178

318 550 489 613 ξουσιν
538 548 762 605 ἀδίκων.
809 547 997 606 Ταῦτα
1040 550 1200 615 εἴπας
1246 552 1291 582 ²¹
1345 551 1665 623 ἐτελεύτησε
1721 553 1883 628 τρίτῃ

1993 563 2075 608 tua
2121 562 2431 624 perstarent
2480 549 2880 617 benevolentia,
2930 550 3173 620 dirisque
3217 548 3336 606 illos
3385 550 3553 603 devo-

315 640 531 712 ὑστερον
551 642 659 696 ἀπὸ
678 640 772 697 τοῦ
791 642 1103 713 τραύματος
1119 641 1322 714 ἡμέρᾳ,
1344 642 1670 714 βασιλεύσας
1700 643 1795 717 ἔτη
1816 645 1881 701 λ’.

329 734 411 789 Ἐν
442 726 527 796 οἷς
564 735 593 787 6
617 739 685 787 ια’
723 734 770 766 ³³
791 734 1030 804 Κτησίου
1061 734 1217 801 λόγος
1236 733 1330 786 τοῦ
1362 734 1600 789 Κνιδίου.

384 1003 646 1073 Ἀρχεται
670 1004 726 1058 δὲ
746 1007 775 1058 6
805 1003 873 1075 ιβ’
900 1006 945 1038 ³⁵
971 1007 1079 1059 ἀπὸ
1109 1006 1209 1075 τῆς
1248 1006 1549 1077 Καμϐύσου
1585 1008 1880 1077 βασιλείας.

316 1086 479 1156 Οὗτος
520 1093 845 1164 βασιλεύσας
882 1096 1167 1150 ἀπέστειλε
1205 1097 1297 1151 τὸν
1337 1097 1432 1151 τοῦ
1464 1100 1668 1171 πατρὸς
1694 1100 1884 1171 νεκρὸν

315 1184 396 1236 διὰ
420 1184 743 1253 Βαγαπάτου
767 1186 861 1241 τοῦ
879 1188 1134 1256 εὐνούχου
1159 1190 1204 1221 ’³
1226 1190 1306 1253 είς
1328 1189 1541 1261 Πέρσας
1561 1192 1799 1259 ταφῆναι
1815 1192 1881 1257 ’⁸,

316 1274 407 1327 καὶ
433 1275 623 1339 τᾶλλα,
651 1275 728 1342 ὡς
757 1278 785 1330 6
814 1277 998 1349 πατὴρ
1042 1277 1241 1350 ὥρισεν
1263 1279 1305 1309 ’⁸⁷
1336 1279 1661 1352 διῳκήσατο.
1707 1282 1883 1350 Μέγιο

317 1385 434 1422 στον
482 1369 540 1423 δὲ
602 1372 736 1443 παρ’
785 1372 935 1444 αὐτῷ
990 1372 1220 1443 ἠδύνατο
1264 1371 1356 1445 [55
1399 1372 1488 1446 11.]
1545 1374 1884 1446 Ἀρτασύρας

327 1458 635 1531 Ὑρκάνιος,
674 1461 784 1515 τῶν
815 1463 872 1516 δὲ
920 1464 1188 1535 εὐνούχων
1227 1465 1271 1497 ’⁸
1312 1465 1595 1536 Ἰζαϐἀτης
1623 1466 1668 1499 ¹⁹
1695 1484 1756 1520 τε
1784 1468 1882 1522 καὶ

325 1553 669 1622 ’Λσπαδάτης
690 1553 785 1607 καὶ
814 1556 1167 1628 Βαγαπάτης,
1198 1557 1258 1621 ὃς
1293 1558 1387 1611 καὶ
1418 1557 1568 1631 παρὰ
1600 1556 1677 1628 τῷ
1714 1559 1885 1627 πατρὶ

318 1640 570 1710 μέγιστος
603 1637 672 1713 ἦν
713 1642 854 1713 μετὰ
884 1643 928 1676 ³⁰
959 1645 1049 1699 τὸν
1086 1646 1380 1717 Πετησάκα
1429 1646 1678 1702 θάνατον.
1716 1641 1885 1711 Οὗτος

317 1732 599 1802 στρατεύει
624 1735 712 1787 ἐπ’
748 1734 1020 1807 Αἴγυπτον
1042 1738 1138 1790 καὶ
1167 1735 1276 1791 τῶν
1315 1736 1627 1805 Αἰγυπτίων
1658 1738 1751 1790 τὸν
1790 1737 1886 1807 βα-

315 1824 466 1877 σιλέα
490 1826 549 1878 Ἀ
558 1844 628 1895 μυ
636 1829 840 1896 ρταῖον,
855 1828 947 1881 καὶ⁵
966 1830 1092 1900 νικᾷ
1105 1829 1162 1881 Ἀ
1172 1846 1243 1901 μυ
1254 1828 1821 1899 ρταῖον,ζΚομϐἀφεως
1839 1829 1880 1860 ³¹

314 1916 403 1968 τοῦ
424 1916 684 1987 εὐνούχου
716 1918 780 1981 ³⁸,
810 1917 871 1981 ὃς
901 1914 968 1990 ἦν
1004 1918 1144 1989 μέγα
1174 1917 1473 1987 δυνάμενος
1512 1918 1664 1990 παρά
1686 1919 1763 1991 τῷ
1788 1921 1884 1972 Αἰ-

314 2005 559 2077 γυπτίων
602 2007 830 2078 βασιλεῖ,
886 2008 1321 2080 καταπροδόντος
1371 2006 1472 2072 τάς
1526 2025 1586 2062 τε
1640 2009 1887 2081 γεφύρας

317 2097 407 2153 καὶ
433 2098 607 2153 τᾶλλα
635 2098 742 2151 τῶν
761 2099 1076 2169 Αἰγυπτίων
1104 2099 1429 2170 πράγματα,
1452 2100 1538 2167 ἐφ’
1568 2093 1613 2169 ᾧ
1633 2100 1888 2167 γενέσθαι

316 2191 560 2262 ὕπαρχος
589 2190 890 2261 Αἰγύπτου.
938 2191 1051 2246 Καὶ
1094 2192 1319 2261 γέγονεο
1373 2192 1550 2247 ταῦτα
1601 2192 1708 2265 γὰρ
1739 2192 1889 2264 αὐτῷ

315 2283 624 2354 Καμϐύσης
671 2283 760 2338 διά
799 2282 1078 2348 ἰζαϐάτου
1127 2281 1222 2337 τοῦ
1270 2284 1620 2354 Κομϐἁφεως
1664 2284 1887 2355 ἀνεψιοῦ

317 2377 592 2443 συνέθετο,
622 2377 717 2430 καὶ
740 2377 901 2441 αὐτὸς
928 2377 985 2431 δὲ
1011 2377 1056 2409 ³³
1086 2377 1454 2445 οἰκειοφιὶνδως
1486 2376 1729 2447 ὕστερον.
1771 2379 1888 2431 Ζω-

316 2468 477 2539 γρίαν
510 2468 569 2523 δὲ
622 2468 804 2523 λαϐὼν
847 2469 939 2522 τὸν
975 2468 1304 2541 Ἀμυρταῖον
1346 2468 1496 2522 οὐδὲν
1538 2469 1667 2522 ἄλλο
1720 2469 1890 2523 κακὸν

313 2560 611 2629 εἰργάσατο
646 2561 678 2631 ἢ
706 2560 787 2614 ὅτι
815 2561 894 2624 εἰς
931 2559 1107 2615 Σοῦσα
1135 2560 1483 2615 ἀνάσπαστον
1529 2560 1628 2613 σὺν
1668 2559 1889 2624 ἑξακισ-

314 2650 507 2721 χιλίοις
542 2650 880 2719 Αἰγυπτίοις,
914 2650 1010 2715 οὒς
1036 2651 1196 2715 αὐτὸς
1235 2650 1548 2723 ῄρετίσατο,
1574 2651 1888 2721 ἐποιήσατο.

314 2742 420 2795 Καὶ
453 2740 557 2813 τὴν
588 2740 865 2810 Αἴγυπτον
890 2741 948 2795 δὲ
987 2743 1166 2796 πᾶσαν
1194 2742 1476 2807 ὑπέταξεν.
1515 2742 1811 2797 Ἀπέθανον
1832 2742 1888 2796 δὲ

314 2836 369 2888 ἐν
391 2838 461 2906 τῇ
502 2834 652 2906 μάχῃ
682 2833 997 2902 Αἰγυπτίων
1028 2834 1128 2905 μὲν
1154 2833 1414 2905 μυριάδες
1445 2832 1634 2899 πέντε,
1662 2833 1890 2904 Περσῶν

310 2926 365 2982 δὲ
391 2924 793 2997 ἑπτακισχίλιοι
826 2924 893 2980 ⁸⁸.

377 3106 578 3174 Μάγος
620 3103 680 3159 δέ
719 3122 803 3169 τις
828 3102 1205 3176 Σφενδαδάτης
1236 3103 1282 3138 ³⁸
1319 3103 1514 3175 ϐνομα,
1562 3103 1891 3176 ἁμαρτήσας

1989 660 2119 699 rens
2182 645 2272 713 qui
2347 644 2558 714 priores
2622 643 2875 714 injuriam
2934 643 3133 703 illaturi
3185 651 3387 697 essent.
3449 640 3555 695 Ista

1988 734 2219 800 locutus,
2250 733 2430 788 vivere
2455 732 2634 798 desiit,
2668 733 2831 787 tertio
2853 733 2920 788 ab
2944 742 3172 803 accepto
3196 732 3420 786 vulnere
3444 731 3550 796 die,

1991 843 2113 879 cum
2137 841 2307 880 annos
2345 826 2455 893 jam
2492 835 2771 895 regnasset
2801 827 3049 898 triginta.
3089 826 3187 880 Hic
3226 825 3348 881 linis
3389 825 3558 878 unde-

1985 918 2109 971 cimi
2140 916 2334 972 Ctesias
2371 916 2546 971 Cnidii
2578 917 2864 972 librorum.

2060 1007 2423 1063 Duodecimus
2464 1008 2600 1063 liber
2647 1024 2676 1062 a
2720 1008 3008 1081 Cambysis
3039 1023 3208 1081 regno
3239 1007 3548 1063 inchoatur.

1991 1098 2139 1161 Hie,
2223 1115 2442 1170 regnum
2513 1100 2742 1170 adeptus
2783 1139 2799 1163 ,
2883 1099 3056 1169 patris
3142 1114 3266 1154 mox
3361 1113 3559 1167 corpus

1987 1207 2082 1261 per
2107 1190 2431 1259 Bagapatem
2474 1191 2779 1245 eunuchum
2804 1190 2857 1244 in
2888 1189 3164 1246 Persidem
3188 1189 3556 1260 sepeliendum

1989 1281 2156 1345 misit,
2192 1282 2502 1351 reliquaque
2530 1297 2597 1335 ex
2644 1282 2816 1350 patris
2858 1284 3079 1337 decreto
3130 1281 3556 1336 administravit.

1988 1370 2043 1425 In
2072 1371 2138 1426 iis
2177 1381 2355 1425 autem
2393 1371 2485 1440 qui
2523 1371 2811 1441 plurimum
2860 1371 3182 1443 auctoritate
3216 1372 3354 1440 apud
3400 1370 3560 1424 Cam-

1990 1463 2157 1534 bysen
2188 1463 2464 1529 valebant,
2489 1462 2780 1535 Artasyras
2810 1474 2927 1517 erat
2955 1463 3269 1527 Hircanius,
3305 1470 3469 1533 atque
3490 1476 3560 1515 ex

1983 1555 2248 1609 eunuchis
2270 1556 2530 1622 lzabates,
2560 1568 2614 1613 et
2643 1559 2964 1626 Aspadates,
2987 1568 3040 1609 et
3062 1556 3309 1627 quiame
3346 1564 3553 1621 patrem

1984 1647 2147 1701 etiam
2166 1647 2433 1703 maximus
2454 1647 2649 1714 fuerat,
2669 1647 2986 1718 Bagapates.
3010 1646 3110 1702 llic
3126 1647 3268 1701 enim
3288 1654 3408 1716 post
3427 1644 3558 1699 Peti-

1984 1752 2123 1791 sacm
2150 1748 2373 1793 mortem
2408 1740 2701 1795 exercitum
2734 1740 2993 1795 adversus
3023 1739 3336 1813 Egyptum,
3360 1738 3563 1807 ipsum-

1988 1843 2091 1898 que
2115 1827 2487 1901 IEgyptiorum
2509 1831 3033 1902 regemtAmyrtaaum
3053 1830 3303 1891 ducebat,
3324 1845 3481 1899 quem
3510 1838 3564 1883 et

1993 1921 2290 1988 superavit,
2327 1935 2447 1974 cum
2473 1920 2520 1975 ei
2547 1919 2949 1989 Combapheus,
2982 1920 3075 1990 qui
3103 1920 3243 1990 apud
3275 1919 3562 1989 Egyptia-

1992 2023 2110 2061 rum
2176 2023 2357 2078 regem
2416 2010 2640 2063 multum
2707 2019 2960 2080 poterat,
3020 1994 3213 2080 pontes
3245 2023 3308 2063 ac
3339 2020 3565 2062 cmteras

1990 2099 2367 2171 Egyptiorum
2397 2115 2483 2155 res
2520 2100 2866 2169 prodidisset,
2900 2115 3006 2171 quo
3042 2100 3157 2169 ipse
3186 2098 3308 2173 [per
3332 2099 3567 2171 Camby-

1990 2191 2109 2263 sen]
2144 2191 2361 2263 Egypti
2412 2193 2792 2261 pra-tecturam
2836 2202 3285 2262 consequeretur.
3317 2192 3373 2245 ld
3422 2192 3563 2260 quod

1992 2293 2047 2339 et
2075 2286 2335 2340 obtinuit.
2371 2285 2509 2339 Nam
2540 2286 2656 2341 haec
2684 2285 2756 2340 ita
2784 2286 2833 2339 ei
2861 2284 3160 2357 Cambyses
3182 2284 3563 2347 constituerat,

1991 2392 2087 2447 per
2115 2376 2362 2432 lsabaten
2396 2377 2632 2448 primum
2659 2376 2989 2446 Combapbei
3014 2376 3340 2449 patruelem,
3376 2383 3430 2429 et
3450 2374 3565 2427 suis

1992 2469 2107 2536 ipse
2153 2468 2337 2524 verbis
2380 2480 2591 2539 postea.
2626 2468 2768 2541 37b
2810 2468 2981 2525 Vivus
3035 2478 3217 2523 autent
3264 2468 3567 2536 Amyrta‘us

1991 2575 2112 2615 eum
2143 2560 2195 2615 in
2242 2560 2526 2633 Cambysae
2570 2572 2893 2632 potessatem
2945 2563 3209 2627 venisset,
3265 2559 3413 2615 aliud
3467 2558 3561 2613 ille

1993 2652 2197 2706 tmllum
2243 2653 2659 2709 incommodum
2697 2654 2930 2723 accepit,
2973 2669 3137 2723 quam
3159 2654 3305 2723 quod
3337 2653 3388 2705 iu
3428 2649 3564 2705 Susa

1993 2760 2115 2797 cum
2151 2760 2245 2799 sex
2276 2744 2656 2817 Egyptiorum
2691 2746 2949 2811 millibus,
2976 2761 3116 2817 quos
3159 2746 3389 2815 ipsemet
3416 2744 3566 2798 dele-

1994 2836 2183 2903 gisset,
2225 2836 2503 2906 ablegatus
2545 2837 2636 2892 sit.
2684 2835 2946 2892 Universa
2988 2847 3072 2891 est
3112 2836 3297 2906 itaque
3343 2836 3568 2891 subacta

1994 2924 2284 2998 Egyptus,
2331 2929 2533 2982 uccisis
2580 2929 2632 2982 iu
2684 2928 2868 2997 prmlio
2899 2928 3277 2998 {Egyptiorum
3330 2926 3568 2982 millibus

1993 3018 2405 3089 quinquaginta,
2430 3019 2717 3075 Persarum
2742 3030 2968 3089 septem.

2062 3108 2247 3180 Magus
2287 3112 2503 3166 interim
2546 3112 2762 3180 quidam
2791 3152 2807 3178 ,
2855 3113 2940 3169 cui
2994 3110 3393 3182 Sphendadatze
3452 3110 3568 3181 (85)

316 3198 406 3252 κιιί⁵
440 3194 814 3269 μαστιγωθεὶς
839 3195 944 3249 ὑπὸ
971 3194 1375 3266 Τανυοξάρκου,
1406 3196 1717 3264 ἀφικνεῖται
1749 3196 1889 3266 πρὸς

1994 3216 2187 3257 nomen
2221 3212 2358 3267 erat,
2402 3218 2523 3258 cum
2566 3202 2755 3259 fuisset
2784 3203 2853 3259 ob
2878 3203 3130 3260 delictum
3156 3217 3185 3257 a
3218 3201 3572 3272 Tanyoxarce

314 3289 625 3361 Καμϐύσην
648 3287 1007 3342 ἐνδιαϐάλλων
1028 3287 1125 3342 τδν
1149 3287 1378 3359 ἀδελφὸν
1396 3285 1787 3359 Τανυοξάρκην
1812 3286 1890 3352 ὡς

1993 3293 2307 3350 verberibus
2323 3294 2670 3361 multatus,ad
2688 3294 2989 3367 Cambysen
3007 3295 3237 3359 accedit,
3251 3305 3412 3363 atque
3428 3294 3569 3362 apud

312 3380 733 3437 ἐπιϐουλεύοντα
777 3378 928 3451 αὐτῷ
948 3398 963 3412 ·
1013 3379 1111 3434 καὶ
1144 3381 1369 3449 σημεῖον
1398 3379 1571 3434 ἐδίδου
1613 3379 1714 3450 τῆς
1749 3378 1890 3432 ἀπο-

314 3476 581 3540 στάσεως,
602 3471 681 3537 ὡς
711 3474 761 3527 εἰ
789 3471 1015 3544 κληθείη
1058 3471 1259 3536 ἐλθεῖν,
1287 3472 1390 3527 οὐκ
1434 3471 1501 3526 ἂν
1525 3471 1691 3527 έλθοι.
1727 3472 1891 3543 Δηλοῐ

310 3567 495 3622 τοίνυν
520 3568 550 3621 6
577 3565 884 3637 Καμϐύσης
916 3564 1092 3619 ἐλθεῖν
1122 3562 1212 3618 τὸν
1241 3562 1471 3633 ἀδελφόν
1494 3578 1508 3593 ’
1537 3565 1565 3617 6
1595 3563 1674 3628 δὲ,
1698 3564 1891 3635 χρείας

311 3658 478 3725 άλλη..
522 3656 864 3728 ἀπαιτούσης
904 3656 1109 3728 μένειν,
1144 3655 1459 3712 ἀνεϐάλετο.
1504 3656 1892 3727 Παρῤησιάξε-

310 3767 398 3804 ται
427 3752 477 3784 ³⁸
525 3752 652 3814 ταῖς
688 3749 965 3813 διαϐολαῖς
1010 3748 1175 3804 πλέον
1200 3751 1230 3806 6
1259 3748 1452 3820 μάγος.
1499 3748 1724 3819 Ἀμύτις
1769 3748 1827 3803 δὲ
1855 3750 1891 3820 ἡ

315 3843 500 3916 μήτηρ
518 3842 593 3899 τά
612 3841 707 3897 τοῦ
739 3842 915 3913 μάγου
930 3842 1007 3905 ὡς
1029 3837 1099 3913 ἦν
1118 3840 1445 3906 ὑπονοοῦσα,
1462 3841 1893 3911 ὲνουθέτειΚαμρ

311 3934 488 4006 ϐύσην
516 3935 612 3988 τὸν
638 3932 755 3989 υίὺν
798 3933 874 4006 μὴ
919 3932 1208 3988 πείθεσθαι
1228 3950 1244 3965 ·
1272 3934 1302 3988 6
1332 3933 1392 3989 δὲ
1448 3932 1775 4005 ὑπεκρίνετο
1817 3934 1892 4004 μὴ

310 4025 627 4092 πείθεσθαι,
662 4023 913 4078 ἐπείθετο
957 4023 1015 4076 δὲ
1047 4021 1304 4094 μάλιστα.
1340 4022 1801 4094 Διαπεμψαμένου
1834 4023 1894 4078 δὲ

308 4118 497 4189 τρίτον
535 4114 840 4187 Καμϐύσου
893 4113 1031 4184 πρὸς
1089 4113 1183 4168 τὸν
1226 4112 1456 4183 ἀδελφὸν
1506 4112 1894 4183 παραγίνεται.

312 4211 422 4264 Καὶ
441 4207 758 4273 ἀσπάζεται
791 4206 891 4277 μὲν
918 4205 1080 4263 αὐτὸν
1106 4208 1136 4261 6
1176 4205 1423 4275 ἀδελφὸς,
1454 4205 1604 4259 οὐδὲν
1633 4206 1678 4238 ³⁷
1707 4205 1766 4259 δὲ
1793 4198 1893 4276 ἦτ-

260 4294 271 4309 ’
312 4318 399 4356 εον
426 4300 645 4355 ἀνελεῖν
674 4297 939 4367 ἐμελέτα·
970 4298 1159 4368 κρύφα
1193 4296 1252 4352 δὲ
1301 4295 1557 4368 Ἀμύτιος
1587 4296 1669 4361 εἰς
1695 4296 1896 4367 πρᾶξιν

309 4391 547 4459 ἀγαγεῖν
584 4387 683 4459 τὴν
715 4387 952 4460 μελέτην
981 4386 1232 4441 ἔσπευδε.
1265 4387 1378 4440 Καὶ
1413 4385 1684 4456 λαμϐάνει
1717 4386 1897 4458 πέρας

308 4484 343 4553 ὴ
366 4480 611 4554 πρᾶξις⁹
649 4481 679 4534 6
704 4478 814 4550 γάρ
849 4495 933 4534 τοι
979 4479 1151 4549 μάγος
1198 4476 1393 4548 βουλῆς
1437 4478 1516 4550 τῷ
1548 4477 1760 4547 βασιλεῖ
1785 4495 1899 4532 κοι-

1995 3399 2119 3439 eum
2169 3384 2394 3441 fratrem
2438 3387 2707 3442 struxisse
2758 3387 2811 3441 in
2868 3386 3044 3456 ipsum
3096 3386 3316 3441 insidias
3362 3383 3538 3437 calum

1991 3476 2190 3531 niatur.
2240 3477 2402 3531 Addit
2442 3488 2815 3547 argumentum
2880 3476 3189 3533 rebellionis
3230 3496 3243 3532 :
3288 3492 3393 3532 non
3442 3492 3573 3530 ven-

1991 3575 2170 3622 tnrtnu
2195 3569 2602 3640 Tanyoxarceu,
2628 3570 2671 3625 si
2702 3569 3012 3624 advocetur.
3041 3567 3203 3623 Jubet
3228 3568 3389 3637 igitur
3411 3566 3575 3623 Catu-

1992 3658 2149 3730 byses
2184 3659 2403 3716 fratrem
2440 3663 2505 3715 ad
2535 3676 2594 3716 se
2630 3661 2833 3716 venire.
2854 3660 2964 3725 Ille,
2998 3659 3339 3715 uttuml‘urte
3358 3658 3463 3713 alia
3485 3674 3574 3713 res

1993 3753 2256 3822 quaepiam
2273 3768 2490 3809 manere
2500 3752 2975 3819 suadebat,venire
2991 3753 3367 3824 distttlit.Ergo
3382 3771 3573 3827 magus

1993 3855 2116 3893 eum
2141 3841 2400 3896 audacius
2412 3855 2477 3894 ex
2497 3856 2562 3895 eo
2581 3840 2885 3895 criminari.
2914 3841 3123 3912 Atuytis
3148 3842 3352 3899 interea
3373 3853 3569 3906 mater,

1996 3931 2050 3987 id
2092 3934 2233 4000 quod
2258 3938 2397 3989 c.erat
2437 3934 2504 3988 de
2550 3949 2706 4003 mago
2734 3934 3034 4004 suspicata,
3063 3933 3366 4005 Cambysen
3406 3936 3570 3989 lilium

1994 4024 2345 4091 admonebat,
2368 4040 2436 4080 ne
2463 4040 2625 4095 quam
2653 4026 2811 4080 tidem
2839 4038 2999 4095 mago
3028 4023 3279 4082 haberet.
3307 4025 3374 4080 Et
3405 4026 3574 4094 tinge-

1995 4115 2089 4170 bat
2119 4130 2239 4181 rex,
2270 4116 2404 4171 nihil
2445 4132 2506 4172 se
2553 4116 2745 4172 borum
2772 4118 3035 4184 credere,
3084 4133 3207 4172 eum
3239 4128 3418 4173 tamen
3453 4133 3575 4175 ere-

1995 4209 2150 4264 deret
2190 4211 2447 4267 maxime.
2493 4210 2742 4267 Tertium
2790 4211 2957 4282 igitur
2990 4227 3018 4263 a
3068 4210 3337 4282 Cambyse
3384 4226 3575 4266 accer-

1995 4303 2132 4359 situs
2171 4303 2366 4367 frater,
2385 4303 2536 4358 venit
2564 4302 2778 4357 tandem
2814 4320 2828 4359 :
2862 4312 2920 4357 et
2950 4302 3300 4372 amplexatus
3336 4311 3423 4356 est
3450 4316 3575 4356 eum

1997 4409 2115 4461 rex,
2148 4394 2320 4449 nihilo
2361 4402 2541 4449 tamen
2590 4393 2772 4449 secius
2836 4395 2903 4450 de
2948 4394 3039 4447 illo
3072 4394 3457 4449 interﬁciendo
3486 4409 3589 4449 (ιυ-Δ

1998 4488 2198 4557 gitaus.
2233 4485 2468 4541 Maturat
2501 4498 2685 4543 autem
2718 4485 2863 4541 clam
2904 4495 3084 4540 matre
3127 4485 3308 4556 Atuyti
3346 4486 3578 4540 medita-

310 4573 499 4627 νωνῶν
533 4569 783 4644 βουλεύει
804 4569 1067 4624 τοιοῦτονο
1097 4570 1327 4640 Ὀμοιος
1356 4564 1426 4641 ἦν
1463 4568 1627 4634 αὐτὸς
1665 4571 1694 4623 6
1722 4568 1891 4640 μάγος

2009 4591 2119 4634 tum
2164 4578 2380 4635 facinus
2426 4578 2495 4634 ad
2536 4579 2740 4643 exitum
2774 4577 3114 4649 perducere:
3151 4577 3294 4646 quod
3324 4576 3575 4645 equidem

309 4666 495 4736 κάρτα
519 4662 604 4734 τῷ
633 4662 989 4733 Τανυοξάρκη
1015 4661 1090 4693 ³⁸⁸
1125 4660 1371 4732 βουλεύει
1414 4660 1708 4733 τοιγαροῦν
1736 4660 1899 4715 αὑτὸν

314 4756 416 4827 μὲν
449 4758 513 4812 ἐν
548 4754 629 4826 τῷ
650 4753 893 4825 φανερῷ,
923 4754 999 4818 ὡς
1025 4754 1185 4825 δῆθεν
1215 4752 1449 4824 ἀδελφοῦ
1474 4752 1737 4824 βασιλέως
1763 4770 1899 4808 κατ-

311 4848 584 4917 aurovan
602 4846 702 4917 τὴν
724 4845 967 4917 κεφαλὴν
1003 4844 1305 4916 προστάξαι
1331 4844 1737 4917 ἀποτμηθῆναι,
1761 4847 1820 4899 ἐν
1843 4845 1901 4899 δὲ

310 4936 391 5008 τῷ
413 4935 656 5009 κρυπτῷ
683 4934 1039 5004 ἀναιρεθῆναι
1062 4932 1475 5005 Τανυοξάρκην,
1506 4934 1602 4986 καὶ
1630 4931 1731 5004 τὴν
1753 4932 1899 4986 ἐκεί·
1927 4973 1939 4987 .

310 5045 405 5081 νου
457 5025 659 5097 στολὴν
711 5025 1093 5097 ἀμφωσθῆναι
1138 5025 1232 5078 τδν
1262 5024 1458 5096 μάγον,
1508 5022 1652 5077 ὥστε
1699 5024 1796 5077 καὶ
1823 5022 1901 5094 τῷ

2007 4669 2304 4741 perfectum
2326 4678 2432 4725 est.
2471 4669 2687 4725 Etenim
2728 4684 2940 4739 magus,
2975 4667 3260 4726 consilium
3292 4681 3413 4731 cum
3450 4680 3577 4736 rege

2004 4759 2439 4824 communicans,
2475 4758 2585 4813 tale
2621 4759 2723 4813 hoc
2766 4756 3063 4826 suggessit.
3107 4756 3432 4821 Simillimus
3463 4755 3575 4810 Ta-

2006 4865 2293 4921 nyoxarce
2333 4865 2523 4920 magus
2567 4849 2684 4919 ipse
2722 4864 2847 4903 cum
2886 4858 3055 4914 esset,
3091 4848 3283 4903 suadet
3310 4858 3368 4901 ut
3401 4848 3579 4916 palam

2007 4939 2226 5008 quidem
2265 4948 2430 5007 atque
2475 4938 2532 4994 in
2581 4936 2889 5007 propatulo,
2946 4946 3202 5006 tanquam
3250 4935 3392 4992 falso
3441 4937 3573 5006 regii

2006 5028 2197 5085 fratris
2224 5027 2450 5084 delatori
2497 5037 2659 5097 caput
2708 5028 2813 5083 sibi
2854 5029 3130 5099 amputari
3164 5027 3384 5098 jubeat;
3435 5026 3601 5082 clatn'

310 5118 680 5188 ἀμφιάσματι
725 5116 1045 5189 νομίζεσθαι
1075 5114 1483 5187 Τανυοξάρκην.
1532 5115 1645 5168 Καὶ
1689 5113 1891 5185 γίνεται

2010 5136 2139 5176 vero
2170 5130 2335 5191 atque
2364 5120 2415 5175 in
2449 5120 2665 5175 occulto
2694 5120 3087 5192 Tanyoxarcen
3125 5118 3299 5189 ipsum
3344 5117 3576 5173 interﬁci

310 5212 525 5265 ταῦτα·
570 5209 768 5281 αἵματι
814 5209 923 5281 γὰρ
962 5210 1185 5280 ταύρου,
1232 5208 1263 5262 ὃ
1310 5206 1547 5274 ἐξέπιεν,
1596 5209 1891 5279 ἀναιρεῖται

2012 5223 2190 5277 curet,
2222 5221 2277 5267 et
2309 5211 2453 5266 illius
2480 5211 2584 5267 sibi
2628 5218 2836 5266 vestem
2874 5208 3046 5272 indui,
3078 5218 3138 5262 ιιι
3172 5222 3236 5262 ex
3275 5206 3390 5276 ipso
3416 5207 3578 5259 etiam

313 5302 734 5374 Τανυοξάρκης,
766 5303 1101 5374 ἁμφιάζεται
1134 5302 1192 5356 δὲ
1220 5302 1248 5355 6
1282 5302 1457 5373 μάγος
1495 5302 1590 5356 καὶ
1618 5302 1891 5371 νομίζεται

2012 5305 2207 5357 vestitu
2229 5318 2326 5373 pro
2350 5303 2703 5375 Tanyoxarce
2732 5301 2918 5358 haberi
2952 5300 3142 5371 possit.
3199 5300 3373 5367 Atque
3401 5299 3473 5350 ita
3504 5297 3585 5351 fa-

1610 5394 1743 5448 VAlt
1755 5395 1841 5449 ΙᾹΞ
1884 5393 2284 5451 LECTIONES.

387 5490 435 5519 υ
474 5484 651 5539 εἰπών
681 5504 742 5550 ς.
820 5487 866 5517 ¹³
900 5485 992 5557 ια’]
1028 5486 1240 5553 πρῶτος
1269 5486 1333 5539 Α.
1410 5487 1455 5517 ’δ
1484 5484 1573 5558 ιβ’]
1602 5485 1859 5555 δεύτερος
1887 5487 1953 5540 Α.
2031 5488 2076 5520 ³⁵
2101 5486 2358 5557 εὐνούχου
2387 5487 2430 5541 Α
2462 5501 2476 5540 :
2507 5485 2844 5587 ἠμιάρρενος
2874 5502 2943 5550 ς.
3011 5484 3057 5516 ⁸⁸
3093 5484 3334 5554 ταφῆναι
3362 5478 3581 5549 νεκρὸν.

387 5558 406 5587 ι
448 5574 489 5587 ι.
596 5556 640 5587 ιτ
671 5554 911 5587 and--.“
949 5573 987 5587 ,-
1088 5557 1133 5587 as
1163 5555 1432 5587 ρ.’...,..ι.,.-...
1476 5555 1503 5587 Α
1547 5575 1558 5586 .
1591 5556 1945 5587 sumsum.-.“
1978 5574 2016 5587 ,-
2118 5558 2165 5587 η
2203 5557 2494 5587 [νυ-’.κέων
2528 5558 2552 5587 Α
2660 5556 2683 5587 ι
2735 5550 2804 5587 ζ..
2853 5557 2942 5587 ..-ι
2975 5553 3109 5587 ..η-λ.
3142 5571 3181 5587 ,-
3279 5552 3320 5583 at
3355 5552 3581 5587 unum"-

318 5558 411 5628 καὶ
446 5574 515 5621 ς.
596 5554 911 5628 ³⁷-ᾠρίσατο
949 5551 1009 5621 ςί.
1074 5550 1133 5588 ’³⁸
1160 5555 1432 5628 εὐνούχων
1467 5550 1516 5608 Α
1547 5550 1945 5628 ε’ᾐήμιαρίρἐων
1977 5574 2037 5620 ς.
2118 5558 2165 5590 ¹⁹
2202 5550 2585 5628 ἰζᾶλϐἀτηςΑ.
2654 5550 2707 5587 ³⁸
2735 5550 2823 5628 ἦν.
2853 5553 3111 5628 καὶμετά
3142 5550 3238 5619 ς(
3345 5552 3587 5628 Βομεξα-

315 5620 473 5698 ϐἑωςί
495 5644 561 5692 ς.
639 5620 1051 5698 ³¹ᾼῆμιάρῤενος
1090 5644 1149 5690 ς.
1226 5626 1271 5657 ³⁸
1387 5633 1509 5698 ante
1536 5620 1797 5698 oix'lad'd'.
1830 5627 1908 5698 A.
1974 5628 2019 5658 ³³
2047 5636 2170 5698 post
2206 5620 2613 5698 ἑπτακισχίλιοι
2640 5620 2769 5680 (ξυιιὶ
2796 5626 2846 5681 Α
2869 5620 3027 5681 omisi
3051 5622 3165 5681 δύο.
3272 5622 3316 5655 ³⁸
3345 5620 3587 5689 Σιρανδαιη

317 5697 489 5768 ὂάτης
523 5715 585 5762 ς.
661 5696 706 5728 ³⁸
740 5694 915 5767 ίπαρῤ.
951 5695 1007 5748 δὲ
1035 5701 1154 5758 ταῖς
1188 5713 1248 5760 ς.
1321 5695 1364 5727 ³⁷
1398 5694 1625 5764 ἁδελφὸς
1653 5695 1776 5748 ἐπεὶ
1800 5694 1955 5750 οὐδὲν
1988 5694 2064 5761 gf
2124 5698 2169 5730 ³⁸
2218 5694 2573 5768 τανυοξάρκει
2604 5698 2666 5752 Α.

1872 5786 2106 5847 NOTAE.

1872 5788 1916 5841 N
1969 5788 2012 5843 Τ

399 5877 521 5948 (85)
553 5876 802 5934 Smerden
836 5894 1042 5950 magum
1076 5885 1391 5936 constanter
1416 5877 1723 5935 Herodotus
1770 5788 1964 5935 vocat?
2003 5790 2082 5889 'IE
