4058 6472
464 469 563 537 ra

1628 424 1857 537 PilOTI
1866 475 1894 535 Ι
1931 473 2439 535 PATRIARCHE
2479 475 2591 534 CI‘.

3626 465 3728 529 180

460 602 605 644 ctam
637 601 740 646 est.
774 591 1014 645 Taurino
1062 591 1177 662 (86)
1224 591 1370 646 enim
1424 593 1615 649 hausto
1654 595 1917 666 sanguine
1948 594 2044 647 Ta-

2151 591 2560 664 Τανυοξάρκης.
2594 592 2702 646 Καὶ
2740 591 2995 646 λανθάνει
3031 585 3242 653 πάντας
3274 588 3368 641 ἐπὶ
3398 586 3566 640 πολὺν
3596 587 3728 657 χρό-

463 695 765 750 uyoxarces
809 681 1020 748 interit,
1055 691 1110 737 et
1138 681 1285 738 illius
1332 682 1551 738 indutus
1578 694 1783 740 vestem
1828 701 2037 753 magus,

462 789 558 836 pro
614 772 970 846 Tanyoxarce
1013 775 1353 846 agnoscitur,
1403 775 1604 846 diuque
1657 776 1787 833 latet
1830 792 2041 839 omnes,

462 875 658 932 przetcr
712 869 1052 939 Artosyrau,
1113 866 1427 938 Bagapaten
1468 909 1483 933 ,
1538 880 1703 937 atque
1760 868 2039 923 lzabaten.

464 956 558 1008 llis
586 957 787 1029 quippe
830 961 967 1015 solis
1002 974 1115 1014 rem
1146 960 1363 1029 aperire
1406 960 1704 1030 Cambyses
1735 975 1899 1016 ausus
1934 971 2038 1015 est.

462 1047 575 1102 Rex
618 1050 743 1105 inde
792 1051 1093 1122 Labyzum,
1129 1053 1222 1121 qui
1271 1053 1416 1106 inter
1460 1052 1830 1124 Tanyoxarca:
1864 1068 2042 1106 eunu-

464 1143 596 1197 chos
624 1142 784 1198 facile
816 1144 1022 1213 primus
1051 1155 1194 1219 erat,
1220 1154 1275 1199 et
1310 1156 1506 1215 praeter
1535 1146 1681 1199 hunc
1706 1144 1845 1201 alios
1877 1145 1944 1199 ad
1985 1160 2044 1199 se

463 1243 619 1289 vocat
655 1252 669 1287 :
708 1251 922 1306 magum
956 1236 1007 1289 in
1057 1236 1147 1290 illa
1189 1246 1337 1291 veste
1372 1237 1654 1291 sedentem
1705 1237 1953 1303 exhibet,
1989 1246 2045 1291 et

465 1322 724 1392 numquid
771 1324 914 1378 hunc
955 1323 1341 1396 Tanyoxarren
1385 1337 1768 1395 agnoscerent,
1803 1327 2043 1383 interro-

458 1423 567 1483 gat.
600 1415 683 1469 Ad
718 1430 840 1485 quas
888 1414 1175 1487 Labyzus:
1206 1415 1270 1471 Et
1296 1433 1611 1487 quemnam,
1645 1420 1840 1487 inquit,
1875 1421 2039 1474 alium

460 1506 918 1574 agnosceremus?
961 1508 1097 1563 adeo
1149 1509 1280 1562 texit
1331 1523 1548 1580 magum
1597 1511 1845 1579 corporis
1890 1511 2044 1565 habi-

462 1605 659 1664 tusque
732 1596 1050 1654 similitudo.
1130 1598 1361 1653 Mittitur
1425 1614 1556 1669 ergo
1630 1601 1683 1655 in
1746 1599 2041 1664 Bactrios,

458 1688 748 1758 omniaque
768 1689 906 1744 haud
922 1690 1080 1744 aliter
1092 1705 1253 1761 quam
1271 1691 1314 1745 si
1333 1692 1563 1761 ipsemet
1579 1700 1724 1747 essi-t
1738 1692 1989 1764 Tanyoxa
2001 1710 2044 1747 r-

458 1799 571 1849 ces,
604 1785 966 1842 administrat.
1003 1787 1413 1859 Postquintum
1450 1791 1666 1844 tandem
1710 1806 1911 1845 annum
1957 1807 2044 1848 res

467 1883 578 1927 tota
629 1891 728 1943 per
768 1873 1106 1945 Tybetbeum
1168 1880 1503 1943 eunuchum,
1554 1880 1701 1951 38a
1739 1895 1900 1950 quem
1936 1896 2041 1934 ma-

462 1986 563 2039 gus
590 1971 926 2040 pulsaverat,
957 1973 1138 2045 Amyli
1168 1974 1479 2043 exponitur.
1513 1972 1758 2028 Postulat
1789 1975 1903 2030 haec
1933 1974 2035 2028 sibi

460 2063 879 2134 Sphendadatou
916 2081 945 2119 a
989 2066 1261 2139 Cambyse
1301 2068 1448 2121 dedi.
1486 2068 1556 2121 At
1591 2083 1685 2122 rex
1716 2067 1913 2123 dedere
1943 2084 2039 2125 uo-

457 2154 553 2210 luit
584 2157 970 2227 :quamobrem
995 2158 1142 2214 diras
1180 2159 1253 2215 illi
1288 2160 1604 2229 imprecala,
1643 2172 1914 2231 epuloque
1948 2177 2039 2217 ve-

458 2262 625 2313 neno,
667 2250 916 2303 moritur.
964 2250 1177 2305 Accidit
1225 2251 1421 2307 deinde
1470 2262 1547 2317 ut,
1579 2267 1732 2306 sacra
1776 2255 2039 2321 operante

458 2336 754 2411 Cambyse,
790 2353 913 2393 cum
957 2339 1193 2395 victima:
1232 2341 1639 2411 iugularentur,
1675 2342 1898 2411 sanguis
1934 2358 2039 2397 non

2146 700 2256 747 νον,
2282 682 2423 753 πλὴν
2459 683 2771 754 Ἀρτασύρα
2801 684 2895 736 καὶ
2943 681 3275 750 Βαγαπάτου
3307 679 3351 710 ³⁸
3382 679 3477 731 καὶ
3513 676 3729 741 Ἰζαϐά-

2145 788 2276 829 του’
2311 774 2524 838 τούτοις
2558 774 2668 845 γὰρ
2722 774 2903 844 μόνοις
2954 771 3260 844 Καμϐύσης
3306 770 3583 842 ἐθάρρησε
3631 770 3732 839 τὴν

2146 869 2368 939 πρᾶξιν.
2400 866 2647 931 Λάϐυξον
2678 866 2723 897 ⁸ο
2755 866 2811 919 δὲ
2850 865 2958 919 τῶν
2992 863 3265 934 εὐνούχων
3294 861 3337 895 ⁸⁸
3368 862 3461 915 τὸν
3491 861 3729 932 πρῶτον,

2145 962 2195 1014 οἳ
2223 957 2361 1031 ἦσαν
2381 959 2795 1031 Τανυοξάρκεω,
2823 957 3339 1030 προσκαλεσάμενος
3367 957 3396 1010 ό
3426 953 3732 1025 Καμϐύσης

2146 1054 2241 1106 καὶ
2267 1054 2396 1115 τοὺς
2424 1052 2638 1116 ἄλλους,
2667 1051 2956 1115 ὑποδείξας
2979 1049 3025 1081 δ’
3048 1048 3142 1103 τὸν
3180 1049 3354 1120 μάγον
3380 1047 3455 1110 ὡς
3482 1044 3731 1116 ἐσχημά-

2146 1162 2297 1197 τιστο
2354 1142 2758 1214 καθεζόμενον,
2807 1142 3009 1196 Τοῦτον
3061 1142 3167 1214 ἔφη
3216 1140 3466 1211 νομίζετε
3530 1138 3734 1190 Tarso-

2151 1238 2400 1309 ξάρκηνς
2452 1237 2510 1290 '0
2556 1236 2612 1289 δὲ
2653 1235 2899 1303 Λάϐυξος
2929 1236 3216 1307 θαυμάσας
3262 1234 3374 1289 Καὶ
3405 1232 3527 1285 τίνα
3549 1230 3730 1293 ἄλλον,

2148 1331 2276 1401 ἔφη,
2347 1328 2679 1399 νομιοῦμεν;
2753 1326 2880 1399 [115
2912 1326 3003 1400 R.]
3065 1326 3321 1381 τοσοῦτον
3366 1325 3622 1379 ἐλάνθανε
3662 1326 3731 1391 τῇ

2147 1422 2430 1492 ὁμοιότητι
2463 1423 2490 1475 ὁ
2525 1421 2718 1491 μάγος.
2757 1420 3134 1491 Ἐκπέμπεται
3175 1416 3268 1473 οὖν
3294 1421 3373 1482 είς
3406 1417 3731 1488 Βακτρίους,

2147 1516 2242 1569 καὶ
2259 1516 2486 1586 πράττει
2506 1515 2684 1569 πάντα
2694 1514 2769 1577 ὡς
2789 1514 3197 1585 Τανυοξάρκης.
3216 1514 3383 1566 Πέντε
3397 1512 3452 1564 δὲ
3472 1511 3733 1565 ἐνιαυτῶν

2145 1607 2484 1673 διελθόντων,
2505 1607 2768 1678 μηνύεται
2788 1607 2822 1677 ὴ
2838 1606 3063 1677 Ἀμύτις
3080 1604 3138 1657 τὸ
3154 1605 3336 1676 δρᾶμα
3354 1604 3443 1657 διὰ
3460 1602 3732 1664 Τιϐέθεως

2145 1699 2239 1754 τοῦ
2266 1699 2522 1769 εὐνούχου
2554 1699 2620 1765 ⁵³,
2645 1699 2703 1753 ὃν
2732 1700 2761 1751 ὁ
2787 1699 2961 1770 μάγος
2986 1698 3274 1767 τυπτήσας
3306 1696 3571 1765 ἐτύγχανε
3592 1712 3604 1725 ’
3639 1696 3736 1748 καὶ

2147 1794 2287 1847 αίτεῖ
2316 1792 2406 1845 τὸν
2436 1791 2814 1861 Σφενδαδάτην
2834 1789 2881 1821 ⁸⁸
2916 1789 3067 1859 παρὰ
3118 1787 3422 1858 Καμϐύσου
3454 1802 3467 1817 ο
3513 1786 3541 1838 ό
3590 1785 3643 1839 δὲ
3671 1786 3734 1837 ού

2146 1884 2383 1939 δίδωσιν.
2426 1885 2492 1937 Ἠ
2516 1885 2574 1937 δὲ
2621 1885 2917 1955 ἐπαρᾶται,
2949 1881 3046 1936 καὶ
3080 1881 3278 1935 πιοῦσα
3326 1882 3614 1951 φάρμακον
3643 1895 3735 1930 τε-

2147 1974 2332 2046 λευτᾷ.
2368 1974 2496 2027 Θύει
2532 1976 2560 2028 ό
2594 1973 2925 2044 Καμϐύσης,
2958 1973 3053 2025 καὶ
3084 1972 3190 2025 τῶν
3214 1972 3427 2041 ἱερείων
3459 1968 3737 2039 σφαζομέ-

2146 2087 2253 2127 νων
2297 2066 2436 2140 αἷμα
2484 2068 2585 2121 ούκ
2636 2069 2889 2139 ἀπορῤεἴ,
2923 2065 3017 2139 [56
3065 2064 3158 2137 ll.]
3205 2064 3300 2118 καὶ
3349 2062 3569 2132 ἀθυμεῖ.
3624 2062 3736 2115 Καὶ

2146 2159 2321 2211 τίκτει
2352 2158 2500 2229 αύτῷ
2531 2160 2565 2229 ἠ
2600 2156 2842 2229 Ῥωξάνη
2880 2157 3091 2211 παιδίον
3121 2155 3417 2226 ἁκέιραλον,
3447 2154 3542 2207 καὶ
3573 2153 3737 2206 πλέον

2147 2248 2347 2319 ἀθυμεῖ
2369 2266 2383 2279 ·
2416 2249 2511 2301 καὶ¹
2555 2250 2603 2302 οἱ
2638 2249 2805 2319 μάγοι
2835 2248 3088 2318 λέγουσιν
3116 2246 3267 2317 αύτῷ
3299 2248 3398 2317 τὴν
3428 2246 3536 2299 τῶν
3565 2245 3734 2317 τερά-

2142 2356 2249 2392 των
2269 2339 2522 2411 δήλωσιν,
2556 2340 2637 2393 ὅτι
2675 2341 2736 2392 ού
2779 2338 3099 2408 καταλείψει
3128 2339 3174 2371 ⁸⁸
3198 2342 3298 2409 τῆς
3340 2337 3517 2409 ἀρχῆς
3556 2337 3734 2390 διάδο-

457 2430 681 2498 flueret;
711 2447 816 2500 qua
843 2448 976 2487 sane
1002 2449 1066 2487 ex
1106 2449 1165 2489 re
1199 2436 1383 2489 animo
1418 2434 1714 2490 concidere
1743 2435 1911 2505 coepit
1938 2453 1954 2503 ;
1980 2452 2044 2490 ac

2150 2453 2254 2506 χον.
2288 2435 2397 2487 Καὶ
2439 2435 2726 2504 ἐφίσταται
2768 2433 2918 2504 αὐτῷ
2964 2435 2997 2503 ἡ
3052 2434 3238 2503 μήτηρ
3270 2434 3325 2485 ἐν
3375 2430 3531 2484 νυκτὶ
3572 2431 3732 2482 ἀπει-

459 2524 633 2593 magis
687 2525 852 2583 etiam
900 2535 1105 2596 postea.
1143 2528 1363 2595 quando
1414 2527 1462 2582 ei
1504 2528 1729 2583 Roxane
1761 2539 2040 2585 carentem

2150 2526 2311 2581 λοῦσα
2328 2528 2427 2597 τῆς
2455 2528 2792 2597 μιαιφονίας,
2821 2525 2916 2579 καὶ
2940 2526 3100 2580 πλέον
3122 2526 3343 2596 ἀθυμεῖ.
3376 2522 3735 2593 Ἀφικόμενος

459 2615 642 2683 capite
700 2632 929 2686 puerqu
994 2620 1241 2689 peperit;
1301 2628 1356 2673 et
1421 2620 1561 2689 magi
1622 2621 2040 2686 renuntiarunt,

2150 2618 2197 2670 δὲ
2224 2620 2304 2681 είς
2327 2616 2648 2679 Βαϐυλῶνα,
2673 2617 2766 2669 καὶ
2797 2616 2932 2682 ξέων
2965 2615 3218 2687 ξυλάριον
3248 2613 3495 2686 μαχαίρᾳ
3523 2612 3734 2682 διατρι-

459 2706 666 2763 nullum
698 2709 765 2762 ab
795 2724 860 2764 eo
888 2711 1036 2781 regni
1063 2726 1439 2765 successorem
1475 2712 1721 2769 relictum
1758 2712 1847 2777 iri,
1885 2713 2038 2767 hisce

2150 2711 2248 2780 ϐῆς
2277 2710 2475 2780 χάριν,
2528 2710 2679 2763 παίει
2729 2708 2819 2761 τὸν
2866 2708 3040 2778 μηρὸν
3074 2710 3155 2770 είς
3210 2707 3301 2760 τὸν
3336 2706 3461 2776 μῦν,
3505 2706 3599 2758 καὶ
3646 2704 3735 2756 ὲνο

460 2798 720 2855 monstris
743 2801 1010 2866 portendi.
1056 2800 1194 2868 Quin
1245 2811 1297 2855 et
1330 2810 1517 2856 astans
1551 2815 1715 2857 noctu
1748 2804 1799 2857 in
1831 2804 2040 2858 somnis

2150 2802 2428 2865 δεκαταῖος
2498 2802 2763 2872 τελευτᾷ,
2833 2799 3163 2871 βασιλεύσας
3216 2798 3361 2851 δυοῖν
3411 2798 3601 2852 δέοντα
3658 2796 3737 2850 εἴ·

463 2902 654 2957 maler,
686 2891 969 2964 minasque
1002 2894 1071 2948 ob
1103 2903 1470 2963 perpetratum
1511 2897 1712 2950 rtedem
1741 2896 2040 2959 intentans,
2152 2913 2296 2952 κοσι.

462 2986 620 3058 longe
674 2990 910 3044 maxime
973 3006 1154 3058 regem
1203 2991 1455 3057 perculit.
1495 2990 1630 3045 Cum
1690 2993 1870 3060 itaque
1919 2990 2261 3063 Babylonem
2297 2992 2556 3058 venisset,
2622 3002 2785 3059 atque
2850 2990 2921 3045 ibi
3001 3004 3225 3059 parvum
3296 2986 3497 3054 lignum
3561 2983 3738 3038 cultro

461 3080 691 3149 poliens,
740 3096 848 3150 quo
898 3089 1111 3149 tempus
1163 3079 1398 3147 falleret,
1443 3080 1668 3137 femoris
1720 3082 2022 3138 musculum
2066 3085 2456 3151 percussisset,
2506 3084 2791 3138 undecimo
2822 3091 2945 3153 post
2979 3081 3067 3137 die
3090 3086 3320 3135 mortem
3385 3077 3545 3140 obiit,
3604 3091 3729 3132 eum

460 3189 632 3229 anttos
658 3182 943 3244 regnasset
973 3172 1365 3243 duodeviginti.

532 3306 831 3376 Bagapates
867 3318 1045 3361 autem
1091 3319 1145 3363 et
1199 3312 1489 3373 Artasvras
1533 3312 1841 3373 consilium,
1891 3320 2045 3365 ante-

2224 3305 2556 3374 Βαγαπάτης
2584 3302 2759 3357 δὲκαὶ
2790 3302 3156 3374 Ἀρτασύρας,
3200 3302 3332 3371 πρὶν
3362 3301 3394 3371 ἢ
3431 3301 3740 3371 Καμϐύσης

462 3413 625 3466 quam
675 3395 972 3467 Cambyses
1006 3412 1330 3464 moreretur,
1369 3403 1630 3465 inierunt,
1670 3404 1736 3454 de
1784 3417 1950 3473 regno
1980 3401 2045 3454 ad

2152 3397 2489 3466 τελευτήσει,
2524 3394 2919 3450 ἐϐουλεύσαντο
2942 3394 3261 3465 βασιλεῦσαι
3290 3393 3381 3446 τὸν
3410 3394 3614 3463 μάγονο
3644 3392 3742 3447 καὶ

465 3504 679 3557 magum
730 3487 1052 3555 deferendo;
1112 3499 1166 3545 et
1194 3506 1323 3545 vero
1359 3502 1479 3560 post
1514 3493 1657 3545 illius
1688 3502 1914 3545 mortem
1950 3494 2046 3546 de-

362 3602 366 3606 »
468 3582 661 3636 rudere.
695 3581 905 3650 Corpus
931 3582 1214 3655 Cambysae
1244 3582 1487 3638 lzabates
1518 3595 1789 3645 sumptum
1829 3586 1878 3636 in
1913 3584 2049 3637 Pcr-

465 3672 636 3727 sidcm
686 3675 888 3729 avexit.
928 3672 1079 3728 Unde
1106 3674 1393 3743 aliquando
1429 3690 1698 3740 reversus,
1738 3686 2048 3743 regnantem

461 3764 574 3831 iam
606 3765 708 3817 sub
738 3763 1105 3832 Tanyoxarc:e
1139 3768 1357 3819 nomine
1388 3783 1603 3835 magum
1646 3769 1873 3833 prodere
1907 3767 2049 3832 apud

468 3853 783 3907 universum
854 3856 1173 3919 exercitum,
1226 3868 1390 3926 atque
1420 3858 1688 3911 infamare
1730 3872 2048 3925 aggressus,

468 3946 522 3999 in
561 3946 815 4016 templum
846 3948 1109 4017 confugit,
1153 3936 1504 4004 verum'inde
1534 3962 1834 4014 extractus,
1872 3950 2052 4018 capite

466 4052 656 4105 paruas
684 4040 802 4093 luit.
844 4038 979 4093 Hine
1012 4051 1219 4111 septem
1252 4044 1391 4096 inter
1440 4042 1634 4095 Persas
1664 4042 1902 4097 illustres
1951 4042 2049 4096 viri

469 4145 572 4183 una
604 4131 865 4186 adversus
906 4149 1120 4203 magum
1149 4136 1556 4204 conspiravere,
1599 4134 1875 4202 Onophas,
1914 4136 2052 4189 lder-

464 4238 586 4287 ues,
630 4222 1027 4290 Norodabares,
1056 4226 1388 4291 Mardonius,
1429 4229 1661 4289 Barises,
1693 4230 2049 4297 Atapherues,

466 4324 522 4371 et
550 4317 739 4371 Darius
770 4316 1033 4388 Hystaspe
1059 4319 1221 4373 filius.
1243 4318 1306 4371 Hi
1331 4334 1451 4374 cum
1478 4319 1634 4387 primi
1657 4320 1797 4373 inter
1817 4337 1874 4374 se
1893 4321 2049 4373 ﬁdem

469 4408 767 4474 dedissent,
810 4420 932 4479 post
982 4411 1148 4465 etiam
1192 4412 1481 4480 Artasyras
1504 4413 1827 4475 assumitur,
1864 4422 1917 4465 et
1948 4411 2051 4464 Ba-

469 4509 688 4570 gapates
704 4511 987 4571 praeterea,
1014 4502 1104 4569 qui
1127 4500 1308 4555 claves
1331 4517 1524 4557 omnes
1559 4503 1829 4572 regiarum
1854 4506 2049 4558 :edium

471 4591 525 4645 in
583 4602 853 4660 potestate
888 4592 1145 4647 habebat.
1189 4592 1407 4661 Septem
1441 4607 1571 4662 ergo
1606 4594 1702 4656 illi,
1769 4593 2053 4664 Bagapatae

2152 3490 2501 3544 ἐϐασίλευσεν
2534 3488 2579 3521 ⁸⁸
2608 3490 2820 3541 ἐκείνου
2867 3488 3314 3557 τελευτήσαντος.
3346 3486 3543 3540 Λαϐὼν
3581 3486 3639 3540 δὲ
3680 3486 3743 3539 τὸ

2154 3579 2454 3648 Καμϐύσου
2492 3579 2653 3648 σῶμα
2699 3578 2982 3649 Ἰζαϐάτης
3014 3580 3059 3610 ⁸⁷
3090 3574 3226 3649 ἦγεν
3258 3580 3339 3642 είς
3364 3580 3599 3643 Πέρσας.
3630 3577 3740 3631 Τοῦ

2156 3672 2332 3740 μάγου
2367 3671 2425 3724 δὲ
2462 3668 2883 3741 βασιλεύσαντος
2924 3671 3012 3723 ἐπ’
3050 3670 3276 3741 ὀνόματι
3303 3669 3399 3724 τοῦ
3430 3668 3741 3740 Τανυοξάρ-

2153 3780 2251 3815 κου
2284 3759 2418 3834 ἧκεν
2456 3762 2739 3831 Ἰζαϐάτης
2787 3763 2859 3815 ἐκ»
2892 3762 3176 3832 Περσίδος,
3220 3763 3319 3816 καὶ
3352 3762 3629 3815 κατειπὼν
3674 3764 3742 3832 τῇ

2157 3857 2388 3926 στρατιᾷ
2415 3856 2597 3909 πάντα
2627 3857 2674 3888 δ’
2707 3857 2800 3911 καὶ
2851 3854 3231 3926 θριαμϐεύσας
3276 3855 3367 3907 τὸν
3403 3855 3576 3923 μάγον
3608 3871 3745 3909 κατ-

2156 3950 2357 4016 έφυγεν
2377 3951 2458 4011 είς
2485 3949 2544 4002 τὸ
2570 3949 2737 4022 ἱερὸν,
2760 3947 2973 4002 ἐκεῖθέν
2989 3964 3048 3999 τε
3072 3947 3402 4018 συλληφθεὶς
3420 3945 3742 4016 ἀπετμήθη.

2154 4037 2440 4090 Ἐντεῦθεν
2474 4040 2615 4092 ἑπτὰ
2644 4040 2754 4093 τῶν
2792 4040 3019 4108 Περσῶν
3047 4040 3311 4109 ἐπίσημοι
3341 4040 3628 4091 συνέθεντο
3656 4038 3747 4091 άλ-

2152 4131 2337 4201 λήλοις
2367 4132 2509 4184 κατὰ
2538 4132 2633 4185 τοῦ
2665 4135 2863 4202 μάγου,
2892 4133 3145 4202 Ὀνόφας,
3186 4133 3440 4203 Ἰδέρνης,
3472 4131 3748 4197 Νορονδαο

2154 4223 2325 4293 ϐάτης
2360 4226 2424 4288 δ’,
2469 4226 2791 4292 Μαρδόνιος,
2850 4226 3128 4295 Βαρίσσης
3166 4226 3235 4287 ⁵ο,
3269 4226 3610 4293 Ἀταφέρνης
3652 4226 3749 4277 καὶ

2154 4318 2379 4386 Δαρεῖος
2413 4315 2755 4371 Ὑστάσπεω.
2787 4316 3005 4369 Τούτων
3032 4316 3284 4385 ἀλλήλοις
3310 4316 3520 4376 πίστεις
3544 4314 3747 4368 δόντων

2156 4407 2641 4478 προσλαμϐάνεται
2672 4408 2768 4461 καὶ
2793 4410 2823 4460 ό
2849 4408 3213 4478 Ἀρτασύρας,
3246 4404 3363 4461 εἶτα
3398 4408 3491 4460 καὶ
3515 4411 3543 4461 ὁ
3567 4409 3750 4475 Βαγα-

2155 4503 2358 4568 πάτης,
2386 4500 2441 4564 ὃς
2473 4500 2573 4564 τὰς
2619 4499 2767 4564 κλεῖς
2798 4502 2979 4564 πάσας
3001 4500 3109 4553 τῶν
3149 4499 3437 4570 βασιλείων
3468 4495 3601 4569 εἶχε.
3636 4502 3749 4554 Καὶ

2154 4591 2488 4656 εἰσελθόντες
2511 4592 2599 4646 διὰ
2627 4592 2721 4645 τοῦ
2753 4593 3083 4660 Βαγαπάτου
3112 4595 3161 4645 oi
3202 4593 3341 4645 ἑπτὰ
3372 4593 3454 4654 είς
3485 4592 3555 4644 τὰ
3586 4592 3748 4661 βασῐο

468 4695 657 4751 opera,
720 4682 773 4736 iu
831 4682 1004 4751 regias
1052 4683 1198 4737 mdes
1231 4682 1482 4751 ingressi,
1538 4685 1894 4737 dormientem
1928 4701 2045 4738 cum

2157 4685 2279 4738 λεια
2306 4685 2622 4756 εὑρίσκουσι
2649 4684 2743 4738 τὸν
2774 4687 2950 4754 μάγον
2976 4684 3228 4755 παλλακῇ
3267 4684 3589 4757 Βαϐυλωνία
3614 4703 3749 4753 συγ-

468 4772 760 4847 Babylonia
812 4774 1005 4843 pellice
1048 4788 1261 4843 magum
1308 4773 1612 4828 offendunt.
1655 4774 1803 4841 Quos
1857 4777 1963 4841 ille,
1995 4788 2045 4831 ul

2157 4776 2508 4832 καθεύδοντα.
2541 4778 2662 4843 ςὬς
2728 4778 2786 4831 δὲ
2831 4774 2993 4844 εἶδεν,
3044 4778 3383 4849 ἀνεπήδησε,
3429 4779 3526 4832 καὶ
3579 4780 3750 4849 μηδὲν

464 4864 622 4924 vidit,
669 4864 849 4919 subito
898 4864 1152 4933 prosiliit,
1198 4875 1254 4919 et
1309 4881 1431 4919 cum
1477 4865 1679 4920 nullum
1729 4881 1849 4922 sese
1884 4869 2048 4923 telmn

468 4954 718 5009 bellicum
757 4954 983 5009 offerret
1009 4953 1171 5023 (clam
1193 4955 1339 5009 enim
1367 4956 1548 5010 omnia
1587 4956 1889 5027 Bagapates
1918 4960 2050 5014 sub-
2080 4978 2089 4985 ·

467 5045 756 5115 traxerat),
786 5045 959 5102 sedile
1005 5047 1146 5101 forte
1196 5060 1419 5101 aureum
1477 5048 1766 5119 confregit,
1822 5051 2050 5121 ejusque

466 5148 687 5204 arrepto
727 5140 864 5208 pede
917 5153 1154 5225 pugnare
1186 5139 1372 5208 caepit,
1433 5140 1557 5193 dum
1621 5140 1835 5195 tandem
1878 5159 1904 5194 a
1962 5158 2050 5198 se-

2155 4869 2332 4942 εύρὼν
2361 4871 2471 4924 τῶν
2502 4870 2818 4942 πολεμικῶν
2857 4871 3107 4942 ὀργάνων
3145 4871 3344 4941 (πάντα
3370 4871 3479 4939 γὰρ
3507 4871 3535 4922 ὁ
3563 4867 3749 4936 Βαγα-

2156 4964 2335 5033 πάτης
2362 4962 2539 5035 λάθρα
2567 4962 2907 5033 ὑπεξήγαγε)
2943 4964 3134 5035 δίφρον
3165 4961 3401 5033 χρύσεον
3444 4960 3750 5030 συντρίψας

2154 5057 2248 5110 καὶ
2278 5056 2458 5110 λαϐὼν
2498 5058 2590 5111 τὸν
2619 5058 2757 5112 πόδα
2786 5058 3041 5127 ἐμάχετο,
3074 5056 3171 5109 καὶ
3206 5057 3361 5119 τέλος
3394 5071 3745 5123 κατακεντη-

2154 5148 2267 5211 θεὶς
2298 5149 2403 5202 ὑπὸ
2432 5150 2542 5203 τῶν
2567 5150 2707 5204 ἑπτὰ
2734 5149 2997 5212 ἀπέθανε,
3021 5148 3349 5221 βασιλεύσας
3374 5148 3552 5218 μῆνας
3577 5146 3744 5201 ἑπτά.

1786 5333 2022 5388 νΑιιιΑι
2073 5332 2481 5389 LEC'I‘IONES.

543 5440 587 5530 1.”
624 5438 954 5530 ‘3’!“3‘9”
985 5460 1045 5506 ς·
1105 5444 1152 5530 22
1182 5443 1755 5530 A.°'*6?¢°V—édﬁu€°;
1787 5468 1846 5518 ς·
1874 5448 2344 5530 ..δὶὴεξιεέρέιευν
2376 5469 2432 5515 ς·
2504 5448 2899 5530 "sitae-1-2m
2938 5450 3183 5530 ὑποδιςο
3232 5444 3283 5530 f’
3313 5445 3645 5530 nemo:
3679 5460 3750 5508 ς’

469 5508 516 5539 ⁵⁵
545 5509 934 5579 Σφανδαδάτης
975 5530 1035 5576 ς.
1105 5513 1150 5545 ⁸⁸
1181 5515 1281 5568 ούκ
1310 5508 1693 5589 ἐγκαταλείψει

468 5578 517 5609 δβ
549 5579 933 5609 Νηρλκηεέ---
966 5601 1000 5609 Α
1102 5585 1148 5609 In
1169 5585 1410 5609 D_-!_.._
1450 5601 1486 5609 ρ

494 5579 517 5613 °
546 5579 933 5655 Νοροδαϐάτης
961 5601 1022 5649 ς.
1102 5585 1148 5617 ⁸⁸
1169 5579 1410 5659 Βαρίσης
1444 5601 1506 5653 ς.

1872 5519 1919 5551 ⁸⁸
1947 5516 2071 5575 libri
2104 5516 2485 5576 ἐϐασίλευσαν.
2565 5522 2609 5553 ⁸⁷
2652 5516 2935 5594 ἰξαῖϐάνης
2973 5540 3032 5586 ς.
3097 5518 3143 5548 ⁸⁸
3174 5516 3417 5573 πάνταΑ

3442 5533 3461 5571 :
3494 5532 3642 5587 πασῃ
3680 5534 3744 5579 ς.

2014 5740 2226 5801 NOTAE

542 5835 650 5906 (86l
682 5835 1024 5894 Venenosum
1055 5855 1179 5893 eum
1211 5855 1332 5894 esse
1370 5838 1883 5903 docentmedici,et
1948 5855 2054 5896 non
2130 5838 2237 5896 alio
2284 5854 2496 5897 veneno
2562 5840 2817 5897 exstincti
2880 5839 3080 5908 Midas,
3136 5839 3551 5905 Themistocles,
3609 5836 3728 5895 alii.
3834 5868 3859 5883 ς

471 5904 606 5967 Vide
635 5907 762 5965 iufr.
788 5911 912 5965 cod.
948 5910 1073 5977 190,
1104 5911 1195 5965 lib.
1222 5927 1304 5976 tu,
1326 5910 1556 5967 Ptolem.
1591 5909 1860 5982 llephaast.
