  <div class='ocr_page' id='page_1' title='image "/cluster/home/n/w/nwhite01/storage/ocr_20150623/103/hvd.32044018872861/098.png"; bbox 0 0 4092 6404; ppageno 0'>
   <div class='ocr_carea' id='block_1_1' title="bbox 268 371 358 440">
    <p class='ocr_par' dir='ltr' id='par_1_1' title="bbox 268 371 358 440">
     <span class='ocr_line' id='line_1_1' title="bbox 268 371 358 440; baseline 0.022 -2"><span class='ocrx_word' id='word_1_1' title='bbox 268 371 358 440; x_wconf 76' lang='grc'><strong>131</strong></span> 
     </span>
    </p>
   </div>
   <div class='ocr_carea' id='block_1_2' title="bbox 1363 377 2428 441">
    <p class='ocr_par' dir='ltr' id='par_1_2' title="bbox 1363 377 2428 441">
     <span class='ocr_line' id='line_1_2' title="bbox 1363 377 2428 441; baseline -0.003 -1"><span class='ocrx_word' id='word_1_2' title='bbox 1363 379 1889 441; x_wconf 80' lang='lat' dir='ltr'><strong>BIBLIO&#39;I&#39;HECA.</strong></span> <span class='ocrx_word' id='word_1_3' title='bbox 1914 404 1984 414; x_wconf 86' lang='lat'><em>-</em></span> <span class='ocrx_word' id='word_1_4' title='bbox 2005 378 2167 439; x_wconf 91' lang='lat' dir='ltr'><strong>COD.</strong></span> <span class='ocrx_word' id='word_1_5' title='bbox 2188 377 2428 438; x_wconf 79' lang='lat' dir='ltr'><strong>LXXII.</strong></span> 
     </span>
    </p>
   </div>
   <div class='ocr_carea' id='block_1_3' title="bbox 3425 365 3528 429">
    <p class='ocr_par' dir='ltr' id='par_1_3' title="bbox 3425 365 3528 429">
     <span class='ocr_line' id='line_1_3' title="bbox 3425 365 3528 429; baseline 0.019 -2"><span class='ocrx_word' id='word_1_6' title='bbox 3425 365 3528 429; x_wconf 75' lang='grc'><strong>182</strong></span> 
     </span>
    </p>
   </div>
   <div class='ocr_carea' id='block_1_4' title="bbox 262 472 1866 565">
    <p class='ocr_par' dir='ltr' id='par_1_4' title="bbox 262 489 1851 563">
     <span class='ocr_line' id='line_1_4' title="bbox 262 489 1851 563; baseline 0.003 -19"><span class='ocrx_word' id='word_1_7' title='bbox 262 489 546 546; x_wconf 77' lang='grc' dir='ltr'>Βασιλεύει</span> <span class='ocrx_word' id='word_1_8' title='bbox 591 491 649 546; x_wconf 79' lang='grc' dir='ltr'><strong>δὲ</strong></span> <span class='ocrx_word' id='word_1_9' title='bbox 679 491 788 547; x_wconf 89' lang='grc' dir='ltr'><strong>τῶν</strong></span> <span class='ocrx_word' id='word_1_10' title='bbox 820 492 963 549; x_wconf 80' lang='grc' dir='ltr'>ἐπτά</span> <span class='ocrx_word' id='word_1_11' title='bbox 988 493 1019 547; x_wconf 83' lang='grc' dir='ltr'>ὁ</span> <span class='ocrx_word' id='word_1_12' title='bbox 1059 494 1305 563; x_wconf 76' lang='grc' dir='ltr'>Δαρεῖος,</span> <span class='ocrx_word' id='word_1_13' title='bbox 1338 494 1435 548; x_wconf 73' lang='grc' dir='ltr'>τοῦ</span> <span class='ocrx_word' id='word_1_14' title='bbox 1473 496 1663 561; x_wconf 80' lang='grc' dir='ltr'>ἵππου,</span> <span class='ocrx_word' id='word_1_15' title='bbox 1704 495 1851 549; x_wconf 79' lang='grc' dir='ltr'>καθὰ</span> 
     </span>
    </p>
   </div>
   <div class='ocr_carea' id='block_1_5' title="bbox 1969 472 3527 565">
    <p class='ocr_par' dir='ltr' id='par_1_5' title="bbox 1969 472 3527 556">
     <span class='ocr_line' id='line_1_5' title="bbox 1969 472 3527 556; baseline -0.005 -7"><span class='ocrx_word' id='word_1_16' title='bbox 1969 504 2096 550; x_wconf 61' lang='lat' dir='ltr'><strong>item</strong></span> <span class='ocrx_word' id='word_1_17' title='bbox 2146 494 2257 548; x_wconf 96' lang='lat' dir='ltr'><strong>illis</strong></span> <span class='ocrx_word' id='word_1_18' title='bbox 2297 492 2432 549; x_wconf 89' lang='lat' dir='ltr'><strong>viris</strong></span> <span class='ocrx_word' id='word_1_19' title='bbox 2461 491 2743 547; x_wconf 83' lang='lat' dir='ltr'><strong>confossus</strong></span> <span class='ocrx_word' id='word_1_20' title='bbox 2793 481 3067 551; x_wconf 82' lang='lat' dir='ltr'><strong>occubuit,</strong></span> <span class='ocrx_word' id='word_1_21' title='bbox 3112 472 3345 556; x_wconf 69' lang='lat' dir='ltr'><strong>septim’o</strong></span> <span class='ocrx_word' id='word_1_22' title='bbox 3374 487 3527 553; x_wconf 85' lang='lat' dir='ltr'><strong>regni</strong></span> 
     </span>
    </p>
   </div>
   <div class='ocr_carea' id='block_1_6' title="bbox 266 583 1848 659">
    <p class='ocr_par' dir='ltr' id='par_1_6' title="bbox 266 583 1848 659">
     <span class='ocr_line' id='line_1_6' title="bbox 266 583 1848 659; baseline 0.004 -26"><span class='ocrx_word' id='word_1_23' title='bbox 266 584 545 637; x_wconf 82' lang='grc' dir='ltr'>συνέκειτο</span> <span class='ocrx_word' id='word_1_24' title='bbox 566 583 843 655; x_wconf 80' lang='grc' dir='ltr'>ἀλλήλοις,</span> <span class='ocrx_word' id='word_1_25' title='bbox 867 585 1088 657; x_wconf 82' lang='grc' dir='ltr'><strong>πρώτου</strong></span> <span class='ocrx_word' id='word_1_26' title='bbox 1113 586 1158 618; x_wconf 79' lang='grc'>⁶¹</span> <span class='ocrx_word' id='word_1_27' title='bbox 1182 589 1399 658; x_wconf 81' lang='grc' dir='ltr'><strong>μηχανῇ</strong></span> <span class='ocrx_word' id='word_1_28' title='bbox 1424 604 1531 641; x_wconf 92' lang='grc' dir='ltr'>τινι</span> <span class='ocrx_word' id='word_1_29' title='bbox 1552 589 1646 641; x_wconf 74' lang='grc' dir='ltr'><strong>καὶ</strong></span> <span class='ocrx_word' id='word_1_30' title='bbox 1661 588 1848 659; x_wconf 80' lang='grc' dir='ltr'>τέχνῃ,</span> 
     </span>
    </p>
   </div>
   <div class='ocr_carea' id='block_1_7' title="bbox 1957 585 2324 639">
    <p class='ocr_par' dir='ltr' id='par_1_7' title="bbox 1957 585 2324 639">
     <span class='ocr_line' id='line_1_7' title="bbox 1957 585 2324 639; baseline 0 0"><span class='ocrx_word' id='word_1_31' title='bbox 1957 585 2086 639; x_wconf 90' lang='lat' dir='ltr'><strong>aditi</strong></span> <span class='ocrx_word' id='word_1_32' title='bbox 2117 599 2324 639; x_wconf 83' lang='lat' dir='ltr'><strong>mense.</strong></span> 
     </span>
    </p>
   </div>
   <div class='ocr_carea' id='block_1_8' title="bbox 264 661 3533 752">
    <p class='ocr_par' dir='ltr' id='par_1_8' title="bbox 264 661 3533 752">
     <span class='ocr_line' id='line_1_8' title="bbox 264 661 3533 752; baseline -0.001 -25"><span class='ocrx_word' id='word_1_33' title='bbox 264 675 486 731; x_wconf 77' lang='grc' dir='ltr'>ἐπειδὰν</span> <span class='ocrx_word' id='word_1_34' title='bbox 513 677 720 748; x_wconf 56' lang='lat' dir='ltr'><strong>eam;</strong></span> <span class='ocrx_word' id='word_1_35' title='bbox 746 679 884 750; x_wconf 77' lang='grc' dir='ltr'>πρὸς</span> <span class='ocrx_word' id='word_1_36' title='bbox 944 679 1211 742; x_wconf 79' lang='grc' dir='ltr'>ἀνατολὰς</span> <span class='ocrx_word' id='word_1_37' title='bbox 1280 680 1523 749; x_wconf 87' lang='grc' dir='ltr'>ἐγένετο,</span> <span class='ocrx_word' id='word_1_38' title='bbox 1593 681 2037 752; x_wconf 83' lang='grc' dir='ltr'>χρεμετίσαντος.</span> <span class='ocrx_word' id='word_1_39' title='bbox 2074 680 2301 747; x_wconf 79' lang='grc' dir='ltr'>Ἀγεται</span> <span class='ocrx_word' id='word_1_40' title='bbox 2350 678 2463 741; x_wconf 81' lang='grc' dir='ltr'>τοῖς</span> <span class='ocrx_word' id='word_1_41' title='bbox 2512 676 2745 746; x_wconf 79' lang='grc' dir='ltr'><strong>Πέρσαις</strong></span> <span class='ocrx_word' id='word_1_42' title='bbox 2787 671 2950 741; x_wconf 79' lang='grc' dir='ltr'>ἑορτὴ</span> <span class='ocrx_word' id='word_1_43' title='bbox 3017 669 3119 738; x_wconf 78' lang='grc' dir='ltr'><strong>τῆς</strong></span> <span class='ocrx_word' id='word_1_44' title='bbox 3173 661 3533 737; x_wconf 71' lang='grc' dir='ltr'>μαγοφονίας,</span> 
     </span>
    </p>
   </div>
   <div class='ocr_carea' id='block_1_9' title="bbox 263 768 1482 842">
    <p class='ocr_par' dir='ltr' id='par_1_9' title="bbox 263 768 1482 842">
     <span class='ocr_line' id='line_1_9' title="bbox 263 768 1482 842; baseline 0.004 -21"><span class='ocrx_word' id='word_1_45' title='bbox 263 768 386 823; x_wconf 83' lang='grc' dir='ltr'>καθ’</span> <span class='ocrx_word' id='word_1_46' title='bbox 418 770 489 838; x_wconf 76' lang='grc' dir='ltr'>ἢν</span> <span class='ocrx_word' id='word_1_47' title='bbox 518 769 898 841; x_wconf 83' lang='grc' dir='ltr'>Σφενδαδάτης</span> <span class='ocrx_word' id='word_1_48' title='bbox 924 772 954 824; x_wconf 84' lang='grc' dir='ltr'>ὁ</span> <span class='ocrx_word' id='word_1_49' title='bbox 983 772 1156 842; x_wconf 82' lang='grc' dir='ltr'><strong>μάγος</strong></span> <span class='ocrx_word' id='word_1_50' title='bbox 1187 771 1482 842; x_wconf 80' lang='grc' dir='ltr'><strong>ἀνῄρηται.</strong></span> 
     </span>
    </p>
   </div>
   <div class='ocr_carea' id='block_1_10' title="bbox 332 867 1854 939">
    <p class='ocr_par' dir='ltr' id='par_1_10' title="bbox 332 867 1854 939">
     <span class='ocr_line' id='line_1_10' title="bbox 332 867 1854 939; baseline 0.001 -21"><span class='ocrx_word' id='word_1_51' title='bbox 332 869 563 938; x_wconf 85' lang='grc' dir='ltr'>Δαρεῖος</span> <span class='ocrx_word' id='word_1_52' title='bbox 596 867 931 939; x_wconf 76' lang='grc' dir='ltr'><strong>προστάσσει</strong></span> <span class='ocrx_word' id='word_1_53' title='bbox 976 868 1148 938; x_wconf 85' lang='grc' dir='ltr'>τάφον</span> <span class='ocrx_word' id='word_1_54' title='bbox 1180 868 1358 939; x_wconf 83' lang='grc' dir='ltr'>ἐαυτῷ</span> <span class='ocrx_word' id='word_1_55' title='bbox 1390 867 1854 938; x_wconf 78' lang='grc' dir='ltr'>κατασκευασθῆ-</span> 
     </span>
    </p>
   </div>
   <div class='ocr_carea' id='block_1_11' title="bbox 265 957 1854 1031">
    <p class='ocr_par' dir='ltr' id='par_1_11' title="bbox 265 957 1854 1031">
     <span class='ocr_line' id='line_1_11' title="bbox 265 957 1854 1031; baseline 0.001 -21"><span class='ocrx_word' id='word_1_56' title='bbox 265 974 352 1012; x_wconf 91' lang='grc' dir='ltr'><strong>ναι</strong></span> <span class='ocrx_word' id='word_1_57' title='bbox 384 959 443 1012; x_wconf 88' lang='grc' dir='ltr'><strong>ἐν</strong></span> <span class='ocrx_word' id='word_1_58' title='bbox 470 957 550 1029; x_wconf 90' lang='grc' dir='ltr'>τῷ</span> <span class='ocrx_word' id='word_1_59' title='bbox 587 958 756 1031; x_wconf 87' lang='grc' dir='ltr'>δισσῷ</span> <span class='ocrx_word' id='word_1_60' title='bbox 787 960 925 1030; x_wconf 81' lang='grc' dir='ltr'>δρει,</span> <span class='ocrx_word' id='word_1_61' title='bbox 964 960 1059 1014; x_wconf 75' lang='grc' dir='ltr'><strong>καὶ</strong></span> <span class='ocrx_word' id='word_1_62' title='bbox 1096 958 1590 1025; x_wconf 80' lang='grc' dir='ltr'>κατασκευάζεται.</span> <span class='ocrx_word' id='word_1_63' title='bbox 1623 959 1854 1014; x_wconf 86' lang='grc' dir='ltr'>Ἐπιθυ-</span> 
     </span>
    </p>
   </div>
   <div class='ocr_carea' id='block_1_12' title="bbox 269 1048 1854 1121">
    <p class='ocr_par' dir='ltr' id='par_1_12' title="bbox 269 1048 1854 1121">
     <span class='ocr_line' id='line_1_12' title="bbox 269 1048 1854 1121; baseline -0.002 -17"><span class='ocrx_word' id='word_1_64' title='bbox 269 1052 453 1121; x_wconf 80' lang='grc' dir='ltr'>μήσας</span> <span class='ocrx_word' id='word_1_65' title='bbox 494 1049 553 1104; x_wconf 87' lang='grc' dir='ltr'><strong>δέ</strong></span> <span class='ocrx_word' id='word_1_66' title='bbox 582 1050 711 1104; x_wconf 79' lang='grc' dir='ltr'><strong>ἰδεῖν</strong></span> <span class='ocrx_word' id='word_1_67' title='bbox 738 1051 905 1105; x_wconf 79' lang='grc' dir='ltr'>αὐτὸν</span> <span class='ocrx_word' id='word_1_68' title='bbox 936 1051 1042 1105; x_wconf 87' lang='grc' dir='ltr'><strong>ὑπό</strong></span> <span class='ocrx_word' id='word_1_69' title='bbox 1071 1068 1131 1104; x_wconf 86' lang='grc' dir='ltr'><strong>τε</strong></span> <span class='ocrx_word' id='word_1_70' title='bbox 1162 1052 1271 1103; x_wconf 91' lang='grc' dir='ltr'><strong>τῶν</strong></span> <span class='ocrx_word' id='word_1_71' title='bbox 1312 1050 1595 1104; x_wconf 89' lang='grc' dir='ltr'>Χαλδαίων</span> <span class='ocrx_word' id='word_1_72' title='bbox 1620 1050 1713 1103; x_wconf 77' lang='grc' dir='ltr'><strong>καὶ</strong></span> <span class='ocrx_word' id='word_1_73' title='bbox 1741 1048 1854 1102; x_wconf 86' lang='grc' dir='ltr'><strong>τῶν</strong></span> 
     </span>
    </p>
   </div>
   <div class='ocr_carea' id='block_1_13' title="bbox 265 1140 1855 1213">
    <p class='ocr_par' dir='ltr' id='par_1_13' title="bbox 265 1140 1855 1213">
     <span class='ocr_line' id='line_1_13' title="bbox 265 1140 1855 1213; baseline -0.001 -17"><span class='ocrx_word' id='word_1_74' title='bbox 265 1142 473 1210; x_wconf 81' lang='grc' dir='ltr'><strong>γονέων</strong></span> <span class='ocrx_word' id='word_1_75' title='bbox 503 1142 797 1199; x_wconf 86' lang='grc' dir='ltr'>κωλύεται.</span> <span class='ocrx_word' id='word_1_76' title='bbox 823 1145 886 1197; x_wconf 86' lang='grc' dir='ltr'><strong>Οἱ</strong></span> <span class='ocrx_word' id='word_1_77' title='bbox 916 1143 975 1197; x_wconf 83' lang='grc' dir='ltr'>δὲ</span> <span class='ocrx_word' id='word_1_78' title='bbox 999 1144 1180 1212; x_wconf 77' lang='grc' dir='ltr'>γονεῖς</span> <span class='ocrx_word' id='word_1_79' title='bbox 1207 1142 1449 1197; x_wconf 83' lang='grc' dir='ltr'>ἀνελθεῖν</span> <span class='ocrx_word' id='word_1_80' title='bbox 1480 1140 1855 1213; x_wconf 76' lang='grc' dir='ltr'><strong>βουληθέντες,</strong></span> 
     </span>
    </p>
   </div>
   <div class='ocr_carea' id='block_1_14' title="bbox 267 1219 1851 1305">
    <p class='ocr_par' dir='ltr' id='par_1_14' title="bbox 267 1219 1851 1305">
     <span class='ocr_line' id='line_1_14' title="bbox 267 1219 1851 1305; baseline -0.001 -19"><span class='ocrx_word' id='word_1_81' title='bbox 267 1232 396 1287; x_wconf 72' lang='grc' dir='ltr'>ἐπεὶ</span> <span class='ocrx_word' id='word_1_82' title='bbox 422 1235 473 1288; x_wconf 79' lang='grc' dir='ltr'><strong>οἱ</strong></span> <span class='ocrx_word' id='word_1_83' title='bbox 496 1235 665 1305; x_wconf 81' lang='grc' dir='ltr'><strong>ἱερεῖς</strong></span> <span class='ocrx_word' id='word_1_84' title='bbox 689 1229 831 1288; x_wconf 73' lang='grc' dir='ltr'>εἶδον</span> <span class='ocrx_word' id='word_1_85' title='bbox 856 1234 1010 1303; x_wconf 77' lang='grc' dir='ltr'>ὄφεις</span> <span class='ocrx_word' id='word_1_86' title='bbox 1026 1236 1073 1267; x_wconf 76' lang='grc'>⁸⁸</span> <span class='ocrx_word' id='word_1_87' title='bbox 1099 1234 1150 1288; x_wconf 80' lang='grc' dir='ltr'><strong>οἱ</strong></span> <span class='ocrx_word' id='word_1_88' title='bbox 1175 1232 1492 1297; x_wconf 85' lang='grc' dir='ltr'>ἀνέλκοντες</span> <span class='ocrx_word' id='word_1_89' title='bbox 1515 1219 1736 1297; x_wconf 71' lang='grc' dir='ltr'>αὐτοὺς,</span> <span class='ocrx_word' id='word_1_90' title='bbox 1753 1232 1851 1285; x_wconf 78' lang='grc' dir='ltr'>καὶ</span> 
     </span>
    </p>
   </div>
   <div class='ocr_carea' id='block_1_15' title="bbox 268 1323 1848 1398">
    <p class='ocr_par' dir='ltr' id='par_1_15' title="bbox 268 1323 1848 1398">
     <span class='ocr_line' id='line_1_15' title="bbox 268 1323 1848 1398; baseline -0.001 -19"><span class='ocrx_word' id='word_1_91' title='bbox 268 1323 644 1396; x_wconf 85' lang='grc' dir='ltr'>ἐφοϐήθησαν,</span> <span class='ocrx_word' id='word_1_92' title='bbox 673 1325 773 1381; x_wconf 75' lang='grc' dir='ltr'><strong>καὶ</strong></span> <span class='ocrx_word' id='word_1_93' title='bbox 834 1325 1166 1398; x_wconf 88' lang='grc' dir='ltr'>φοϐηθέντες</span> <span class='ocrx_word' id='word_1_94' title='bbox 1219 1326 1442 1397; x_wconf 80' lang='grc' dir='ltr'><strong>ἀφῆκαν</strong></span> <span class='ocrx_word' id='word_1_95' title='bbox 1490 1324 1560 1377; x_wconf 85' lang='grc' dir='ltr'>τὰ</span> <span class='ocrx_word' id='word_1_96' title='bbox 1616 1323 1848 1394; x_wconf 85' lang='grc' dir='ltr'>σχοινία,</span> 
     </span>
    </p>
   </div>
   <div class='ocr_carea' id='block_1_16' title="bbox 266 1414 1850 1489">
    <p class='ocr_par' dir='ltr' id='par_1_16' title="bbox 266 1414 1850 1489">
     <span class='ocr_line' id='line_1_16' title="bbox 266 1414 1850 1489; baseline -0.002 -19"><span class='ocrx_word' id='word_1_97' title='bbox 266 1416 466 1471; x_wconf 74' lang='grc' dir='ltr'>ἔπεσον</span> <span class='ocrx_word' id='word_1_98' title='bbox 495 1418 591 1471; x_wconf 76' lang='grc' dir='ltr'><strong>καὶ</strong></span> <span class='ocrx_word' id='word_1_99' title='bbox 622 1417 1007 1489; x_wconf 88' lang='grc' dir='ltr'>ἐτελεύτησαν.</span> <span class='ocrx_word' id='word_1_100' title='bbox 1040 1418 1153 1472; x_wconf 75' lang='grc' dir='ltr'><strong>Καὶ</strong></span> <span class='ocrx_word' id='word_1_101' title='bbox 1177 1415 1426 1487; x_wconf 81' lang='grc' dir='ltr'>ἐλυπήθη</span> <span class='ocrx_word' id='word_1_102' title='bbox 1454 1416 1680 1486; x_wconf 80' lang='grc' dir='ltr'>Δαρεῖος</span> <span class='ocrx_word' id='word_1_103' title='bbox 1703 1414 1850 1479; x_wconf 83' lang='grc' dir='ltr'><strong>λίαν,</strong></span> 
     </span>
    </p>
   </div>
   <div class='ocr_carea' id='block_1_17' title="bbox 268 1506 1851 1583">
    <p class='ocr_par' dir='ltr' id='par_1_17' title="bbox 268 1506 1851 1583">
     <span class='ocr_line' id='line_1_17' title="bbox 268 1506 1851 1583; baseline -0.001 -21"><span class='ocrx_word' id='word_1_104' title='bbox 268 1509 363 1563; x_wconf 73' lang='grc' dir='ltr'><strong>καὶ</strong></span> <span class='ocrx_word' id='word_1_105' title='bbox 378 1510 786 1583; x_wconf 72' lang='grc' dir='ltr'><strong>ἀπετμήθησαν</strong></span> <span class='ocrx_word' id='word_1_106' title='bbox 798 1513 853 1566; x_wconf 78' lang='grc' dir='ltr'>αἱ</span> <span class='ocrx_word' id='word_1_107' title='bbox 873 1510 1111 1581; x_wconf 77' lang='grc' dir='ltr'>κεφαλαὶ</span> <span class='ocrx_word' id='word_1_108' title='bbox 1124 1528 1290 1566; x_wconf 89' lang='grc' dir='ltr'>τεσσα</span> <span class='ocrx_word' id='word_1_109' title='bbox 1299 1510 1531 1579; x_wconf 90' lang='grc' dir='ltr'>ράκοντα</span> <span class='ocrx_word' id='word_1_110' title='bbox 1550 1506 1721 1561; x_wconf 78' lang='grc' dir='ltr'>όντων</span> <span class='ocrx_word' id='word_1_111' title='bbox 1741 1507 1851 1561; x_wconf 90' lang='grc' dir='ltr'><strong>τῶν</strong></span> 
     </span>
    </p>
   </div>
   <div class='ocr_carea' id='block_1_18' title="bbox 267 1600 629 1657">
    <p class='ocr_par' dir='ltr' id='par_1_18' title="bbox 267 1600 629 1657">
     <span class='ocr_line' id='line_1_18' title="bbox 267 1600 629 1657; baseline 0.014 -5"><span class='ocrx_word' id='word_1_112' title='bbox 267 1600 629 1657; x_wconf 76' lang='grc' dir='ltr'>ἀνελκόντων.</span> 
     </span>
    </p>
   </div>
   <div class='ocr_carea' id='block_1_19' title="bbox 2025 842 3528 927">
    <p class='ocr_par' dir='ltr' id='par_1_19' title="bbox 2025 842 3528 927">
     <span class='ocr_line' id='line_1_19' title="bbox 2025 842 3528 927; baseline -0.016 -11"><span class='ocrx_word' id='word_1_113' title='bbox 2025 862 2233 927; x_wconf 75' lang='lat' dir='ltr'><strong>chnat</strong></span> <span class='ocrx_word' id='word_1_114' title='bbox 2259 854 2453 910; x_wconf 89' lang='lat' dir='ltr'><strong>deinde</strong></span> <span class='ocrx_word' id='word_1_115' title='bbox 2483 866 2550 907; x_wconf 76' lang='lat' dir='ltr'><strong>ex</strong></span> <span class='ocrx_word' id='word_1_116' title='bbox 2596 856 2801 917; x_wconf 81' lang='lat' dir='ltr'><strong>septem</strong></span> <span class='ocrx_word' id='word_1_117' title='bbox 2846 845 2953 901; x_wconf 87' lang='lat' dir='ltr'><strong>illis</strong></span> <span class='ocrx_word' id='word_1_118' title='bbox 2994 844 3124 898; x_wconf 89' lang='lat' dir='ltr'><strong>viris</strong></span> <span class='ocrx_word' id='word_1_119' title='bbox 3159 842 3375 907; x_wconf 89' lang='lat' dir='ltr'><strong>Darius,</strong></span> <span class='ocrx_word' id='word_1_120' title='bbox 3404 855 3528 896; x_wconf 90' lang='lat' dir='ltr'><strong>cum</strong></span> 
     </span>
    </p>
   </div>
   <div class='ocr_carea' id='block_1_20' title="bbox 1950 935 3528 1024">
    <p class='ocr_par' dir='ltr' id='par_1_20' title="bbox 1950 935 3528 1024">
     <span class='ocr_line' id='line_1_20' title="bbox 1950 935 3528 1024; baseline -0.016 -13"><span class='ocrx_word' id='word_1_121' title='bbox 1950 955 2068 1024; x_wconf 86' lang='lat' dir='ltr'><strong>ejus</strong></span> <span class='ocrx_word' id='word_1_122' title='bbox 2100 967 2271 1021; x_wconf 87' lang='lat' dir='ltr'><strong>equus</strong></span> <span class='ocrx_word' id='word_1_123' title='bbox 2300 948 2403 1017; x_wconf 91' lang='lat' dir='ltr'><strong>(sic</strong></span> <span class='ocrx_word' id='word_1_124' title='bbox 2437 946 2581 1000; x_wconf 90' lang='lat' dir='ltr'><strong>inter</strong></span> <span class='ocrx_word' id='word_1_125' title='bbox 2604 942 2725 997; x_wconf 88' lang='lat' dir='ltr'><strong>illos</strong></span> <span class='ocrx_word' id='word_1_126' title='bbox 2755 935 3107 1005; x_wconf 88' lang='lat' dir='ltr'><strong>convenerat)</strong></span> <span class='ocrx_word' id='word_1_127' title='bbox 3149 949 3268 988; x_wconf 86' lang='lat' dir='ltr'><strong>arte</strong></span> <span class='ocrx_word' id='word_1_128' title='bbox 3295 935 3528 1004; x_wconf 86' lang='lat' dir='ltr'><strong>quadam</strong></span> 
     </span>
    </p>
   </div>
   <div class='ocr_carea' id='block_1_21' title="bbox 1951 1024 3530 1107">
    <p class='ocr_par' dir='ltr' id='par_1_21' title="bbox 1951 1024 3530 1107">
     <span class='ocr_line' id='line_1_21' title="bbox 1951 1024 3530 1107; baseline -0.016 -7"><span class='ocrx_word' id='word_1_129' title='bbox 1951 1044 2237 1107; x_wconf 89' lang='lat' dir='ltr'><strong>adhibita,</strong></span> <span class='ocrx_word' id='word_1_130' title='bbox 2301 1039 2507 1107; x_wconf 87' lang='lat' dir='ltr'><strong>primus</strong></span> <span class='ocrx_word' id='word_1_131' title='bbox 2564 1041 2688 1102; x_wconf 88' lang='lat' dir='ltr'><strong>post</strong></span> <span class='ocrx_word' id='word_1_132' title='bbox 2750 1042 2928 1084; x_wconf 90' lang='lat' dir='ltr'><strong>ortum</strong></span> <span class='ocrx_word' id='word_1_133' title='bbox 2988 1026 3155 1081; x_wconf 89' lang='lat' dir='ltr'><strong>solem</strong></span> <span class='ocrx_word' id='word_1_134' title='bbox 3221 1024 3530 1079; x_wconf 88' lang='lat' dir='ltr'><strong>hinniisset.</strong></span> 
     </span>
    </p>
   </div>
   <div class='ocr_carea' id='block_1_22' title="bbox 1951 1116 3534 1200">
    <p class='ocr_par' dir='ltr' id='par_1_22' title="bbox 1951 1116 3534 1200">
     <span class='ocr_line' id='line_1_22' title="bbox 1951 1116 3534 1200; baseline -0.016 -7"><span class='ocrx_word' id='word_1_135' title='bbox 1951 1137 2218 1193; x_wconf 72' lang='lat' dir='ltr'><strong>Caeterum</strong></span> <span class='ocrx_word' id='word_1_136' title='bbox 2250 1145 2355 1200; x_wconf 90' lang='lat' dir='ltr'><strong>quo</strong></span> <span class='ocrx_word' id='word_1_137' title='bbox 2386 1128 2474 1183; x_wconf 83' lang='lat' dir='ltr'><strong>die</strong></span> <span class='ocrx_word' id='word_1_138' title='bbox 2526 1124 2939 1197; x_wconf 87' lang='lat' dir='ltr'><strong>Sphendadates</strong></span> <span class='ocrx_word' id='word_1_139' title='bbox 2984 1133 3175 1189; x_wconf 82' lang='lat' dir='ltr'><strong>magus</strong></span> <span class='ocrx_word' id='word_1_140' title='bbox 3213 1116 3534 1172; x_wconf 71' lang='lat' dir='ltr'><strong>interfectus</strong></span> 
     </span>
    </p>
   </div>
   <div class='ocr_carea' id='block_1_23' title="bbox 1953 1204 3534 1289">
    <p class='ocr_par' dir='ltr' id='par_1_23' title="bbox 1953 1204 3534 1289">
     <span class='ocr_line' id='line_1_23' title="bbox 1953 1204 3534 1289; baseline -0.016 -6"><span class='ocrx_word' id='word_1_141' title='bbox 1953 1237 2058 1289; x_wconf 89' lang='lat' dir='ltr'><strong>est,</strong></span> <span class='ocrx_word' id='word_1_142' title='bbox 2113 1224 2309 1280; x_wconf 80' lang='lat' dir='ltr'><strong>festum</strong></span> <span class='ocrx_word' id='word_1_143' title='bbox 2352 1237 2419 1275; x_wconf 83' lang='lat' dir='ltr'><strong>ex</strong></span> <span class='ocrx_word' id='word_1_144' title='bbox 2464 1234 2530 1273; x_wconf 90' lang='lat' dir='ltr'><strong>eo</strong></span> <span class='ocrx_word' id='word_1_145' title='bbox 2568 1216 2704 1285; x_wconf 88' lang='lat' dir='ltr'><strong>apud</strong></span> <span class='ocrx_word' id='word_1_146' title='bbox 2745 1215 2974 1275; x_wconf 86' lang='lat' dir='ltr'><strong>Persas,</strong></span> <span class='ocrx_word' id='word_1_147' title='bbox 3032 1207 3388 1281; x_wconf 82' lang='lat' dir='ltr'><strong>Magophonia</strong></span> <span class='ocrx_word' id='word_1_148' title='bbox 3443 1204 3534 1260; x_wconf 81' lang='lat' dir='ltr'><strong>di-</strong></span> 
     </span>
    </p>
   </div>
   <div class='ocr_carea' id='block_1_24' title="bbox 1958 1296 3535 1386">
    <p class='ocr_par' dir='ltr' id='par_1_24' title="bbox 1958 1296 3535 1386">
     <span class='ocr_line' id='line_1_24' title="bbox 1958 1296 3535 1386; baseline -0.016 -11"><span class='ocrx_word' id='word_1_149' title='bbox 1958 1330 2104 1375; x_wconf 89' lang='lat' dir='ltr'><strong>ctum</strong></span> <span class='ocrx_word' id='word_1_150' title='bbox 2138 1317 2276 1386; x_wconf 88' lang='lat'><strong>(87),</strong></span> <span class='ocrx_word' id='word_1_151' title='bbox 2325 1311 2647 1368; x_wconf 70' lang='lat' dir='ltr'><strong>celebratur.</strong></span> <span class='ocrx_word' id='word_1_152' title='bbox 2681 1307 2873 1359; x_wconf 83' lang='lat' dir='ltr'><strong>Darius</strong></span> <span class='ocrx_word' id='word_1_153' title='bbox 2925 1304 3014 1358; x_wconf 87' lang='lat' dir='ltr'><strong>hic</strong></span> <span class='ocrx_word' id='word_1_154' title='bbox 3066 1300 3373 1368; x_wconf 83' lang='lat' dir='ltr'><strong>sepulcrum</strong></span> <span class='ocrx_word' id='word_1_155' title='bbox 3430 1296 3535 1351; x_wconf 85' lang='lat' dir='ltr'><strong>sibi</strong></span> 
     </span>
    </p>
   </div>
   <div class='ocr_carea' id='block_1_25' title="bbox 1956 1389 3533 1475">
    <p class='ocr_par' dir='ltr' id='par_1_25' title="bbox 1956 1389 3533 1475">
     <span class='ocr_line' id='line_1_25' title="bbox 1956 1389 3533 1475; baseline -0.017 -9"><span class='ocrx_word' id='word_1_156' title='bbox 1956 1413 2012 1467; x_wconf 88' lang='lat' dir='ltr'><strong>in</strong></span> <span class='ocrx_word' id='word_1_157' title='bbox 2065 1408 2274 1475; x_wconf 88' lang='lat' dir='ltr'><strong>bicipiti</strong></span> <span class='ocrx_word' id='word_1_158' title='bbox 2317 1413 2499 1461; x_wconf 91' lang='lat' dir='ltr'><strong>monte</strong></span> <span class='ocrx_word' id='word_1_159' title='bbox 2537 1402 2741 1457; x_wconf 88' lang='lat' dir='ltr'><strong>exstrui</strong></span> <span class='ocrx_word' id='word_1_160' title='bbox 2780 1398 3087 1467; x_wconf 74' lang='lat' dir='ltr'><strong>imperabat</strong></span> <span class='ocrx_word' id='word_1_161' title='bbox 3128 1392 3277 1463; x_wconf 86' lang='lat'><strong>(88),</strong></span> <span class='ocrx_word' id='word_1_162' title='bbox 3325 1398 3382 1444; x_wconf 90' lang='lat' dir='ltr'><strong>et</strong></span> <span class='ocrx_word' id='word_1_163' title='bbox 3419 1389 3533 1457; x_wconf 82' lang='lat' dir='ltr'><strong>jam</strong></span> 
     </span>
    </p>
   </div>
   <div class='ocr_carea' id='block_1_26' title="bbox 1958 1484 3536 1567">
    <p class='ocr_par' dir='ltr' id='par_1_26' title="bbox 1958 1484 3536 1567">
     <span class='ocr_line' id='line_1_26' title="bbox 1958 1484 3536 1567; baseline -0.017 -7"><span class='ocrx_word' id='word_1_164' title='bbox 1958 1501 2382 1563; x_wconf 85' lang='lat' dir='ltr'><strong>exstruebatnr;</strong></span> <span class='ocrx_word' id='word_1_165' title='bbox 2419 1495 2564 1567; x_wconf 89' lang='lat' dir='ltr'><strong>quod</strong></span> <span class='ocrx_word' id='word_1_166' title='bbox 2600 1493 2783 1547; x_wconf 84' lang='lat' dir='ltr'><strong>videre</strong></span> <span class='ocrx_word' id='word_1_167' title='bbox 2812 1491 2927 1559; x_wconf 86' lang='lat' dir='ltr'><strong>ipse</strong></span> <span class='ocrx_word' id='word_1_168' title='bbox 2959 1503 3081 1543; x_wconf 91' lang='lat' dir='ltr'><strong>cum</strong></span> <span class='ocrx_word' id='word_1_169' title='bbox 3121 1484 3476 1543; x_wconf 74' lang='lat' dir='ltr'><strong>desideraret,</strong></span> <span class='ocrx_word' id='word_1_170' title='bbox 3502 1494 3536 1533; x_wconf 92' lang='lat' dir='ltr'><strong>a</strong></span> 
     </span>
    </p>
   </div>
   <div class='ocr_carea' id='block_1_27' title="bbox 1954 1575 3534 1658">
    <p class='ocr_par' dir='ltr' id='par_1_27' title="bbox 1954 1575 3534 1658">
     <span class='ocr_line' id='line_1_27' title="bbox 1954 1575 3534 1658; baseline -0.016 -6"><span class='ocrx_word' id='word_1_171' title='bbox 1954 1592 2225 1652; x_wconf 63' lang='lat' dir='ltr'><strong>Chaldmis</strong></span> <span class='ocrx_word' id='word_1_172' title='bbox 2255 1597 2418 1658; x_wconf 90' lang='lat' dir='ltr'><strong>atque</strong></span> <span class='ocrx_word' id='word_1_173' title='bbox 2449 1585 2765 1657; x_wconf 87' lang='lat' dir='ltr'><strong>parentibus</strong></span> <span class='ocrx_word' id='word_1_174' title='bbox 2792 1581 3095 1652; x_wconf 85' lang='lat' dir='ltr'><strong>prohibitus</strong></span> <span class='ocrx_word' id='word_1_175' title='bbox 3121 1586 3227 1631; x_wconf 88' lang='lat' dir='ltr'><strong>est.</strong></span> <span class='ocrx_word' id='word_1_176' title='bbox 3248 1575 3325 1628; x_wconf 84' lang='lat' dir='ltr'><strong>Eo</strong></span> <span class='ocrx_word' id='word_1_177' title='bbox 3355 1584 3534 1626; x_wconf 87' lang='lat' dir='ltr'><strong>tamen</strong></span> 
     </span>
    </p>
   </div>
   <div class='ocr_carea' id='block_1_28' title="bbox 267 1672 3540 1767">
    <p class='ocr_par' dir='ltr' id='par_1_28' title="bbox 267 1672 3540 1767">
     <span class='ocr_line' id='line_1_28' title="bbox 267 1672 3540 1767; baseline -0.008 -18"><span class='ocrx_word' id='word_1_178' title='bbox 267 1708 529 1763; x_wconf 86' lang='lat' dir='ltr'><strong>parentes</strong></span> <span class='ocrx_word' id='word_1_179' title='bbox 566 1696 688 1767; x_wconf 86' lang='lat' dir='ltr'><strong>ejus</strong></span> <span class='ocrx_word' id='word_1_180' title='bbox 739 1697 1038 1752; x_wconf 85' lang='lat' dir='ltr'><strong>ascendere</strong></span> <span class='ocrx_word' id='word_1_181' title='bbox 1085 1695 1378 1751; x_wconf 89' lang='lat' dir='ltr'><strong>voluerunt</strong></span> <span class='ocrx_word' id='word_1_182' title='bbox 1437 1695 1604 1767; x_wconf 79' lang='lat' dir='ltr'><strong>38b,</strong></span> <span class='ocrx_word' id='word_1_183' title='bbox 1636 1694 1728 1749; x_wconf 91' lang='lat' dir='ltr'><strong>sed</strong></span> <span class='ocrx_word' id='word_1_184' title='bbox 1777 1694 1832 1748; x_wconf 89' lang='lat' dir='ltr'><strong>in</strong></span> <span class='ocrx_word' id='word_1_185' title='bbox 1868 1704 2114 1763; x_wconf 64' lang='lat' dir='ltr'><strong>praeceps</strong></span> <span class='ocrx_word' id='word_1_186' title='bbox 2146 1686 2257 1742; x_wconf 83' lang='lat' dir='ltr'><strong>acti</strong></span> <span class='ocrx_word' id='word_1_187' title='bbox 2306 1681 2510 1739; x_wconf 88' lang='lat' dir='ltr'><strong>mortui</strong></span> <span class='ocrx_word' id='word_1_188' title='bbox 2558 1679 2936 1739; x_wconf 88' lang='lat' dir='ltr'><strong>conciderunt,</strong></span> <span class='ocrx_word' id='word_1_189' title='bbox 2986 1689 3110 1730; x_wconf 89' lang='lat' dir='ltr'><strong>cum</strong></span> <span class='ocrx_word' id='word_1_190' title='bbox 3177 1672 3244 1726; x_wconf 90' lang='lat' dir='ltr'><strong>ad</strong></span> <span class='ocrx_word' id='word_1_191' title='bbox 3315 1685 3540 1738; x_wconf 86' lang='lat' dir='ltr'><strong>serpen-</strong></span> 
     </span>
    </p>
   </div>
   <div class='ocr_carea' id='block_1_29' title="bbox 270 1769 3538 1859">
    <p class='ocr_par' dir='ltr' id='par_1_29' title="bbox 270 1769 3538 1859">
     <span class='ocr_line' id='line_1_29' title="bbox 270 1769 3538 1859; baseline -0.006 -18"><span class='ocrx_word' id='word_1_192' title='bbox 270 1797 385 1842; x_wconf 89' lang='lat' dir='ltr'><strong>tum</strong></span> <span class='ocrx_word' id='word_1_193' title='bbox 466 1800 745 1859; x_wconf 84' lang='lat' dir='ltr'><strong>aspectum</strong></span> <span class='ocrx_word' id='word_1_194' title='bbox 795 1789 952 1846; x_wconf 88' lang='lat' dir='ltr'><strong>funes</strong></span> <span class='ocrx_word' id='word_1_195' title='bbox 1012 1790 1187 1846; x_wconf 86' lang='lat' dir='ltr'><strong>territi</strong></span> <span class='ocrx_word' id='word_1_196' title='bbox 1244 1791 1603 1854; x_wconf 88' lang='lat' dir='ltr'><strong>remisissent,</strong></span> <span class='ocrx_word' id='word_1_197' title='bbox 1656 1791 1746 1858; x_wconf 89' lang='lat' dir='ltr'><strong>qui</strong></span> <span class='ocrx_word' id='word_1_198' title='bbox 1789 1805 1883 1845; x_wconf 90' lang='lat' dir='ltr'><strong>eos</strong></span> <span class='ocrx_word' id='word_1_199' title='bbox 1961 1801 2176 1842; x_wconf 89' lang='lat' dir='ltr'><strong>sursum</strong></span> <span class='ocrx_word' id='word_1_200' title='bbox 2237 1781 2547 1844; x_wconf 87' lang='lat' dir='ltr'><strong>trahebant,</strong></span> <span class='ocrx_word' id='word_1_201' title='bbox 2579 1777 2912 1838; x_wconf 88' lang='lat' dir='ltr'><strong>sacerdotes,</strong></span> <span class='ocrx_word' id='word_1_202' title='bbox 2971 1786 3090 1842; x_wconf 67' lang='lat' dir='ltr'><strong>quae</strong></span> <span class='ocrx_word' id='word_1_203' title='bbox 3132 1786 3220 1824; x_wconf 91' lang='lat' dir='ltr'><strong>res</strong></span> <span class='ocrx_word' id='word_1_204' title='bbox 3266 1769 3538 1839; x_wconf 75' lang='lat' dir='ltr'><strong>ingentem</strong></span> 
     </span>
    </p>
   </div>
   <div class='ocr_carea' id='block_1_30' title="bbox 272 1864 3440 1952">
    <p class='ocr_par' dir='ltr' id='par_1_30' title="bbox 272 1864 3440 1952">
     <span class='ocr_line' id='line_1_30' title="bbox 272 1864 3440 1952; baseline -0.006 -18"><span class='ocrx_word' id='word_1_205' title='bbox 272 1881 443 1934; x_wconf 78' lang='lat' dir='ltr'><strong>Dario</strong></span> <span class='ocrx_word' id='word_1_206' title='bbox 501 1896 797 1951; x_wconf 72' lang='lat' dir='ltr'><strong>mterorem</strong></span> <span class='ocrx_word' id='word_1_207' title='bbox 851 1880 1071 1948; x_wconf 89' lang='lat' dir='ltr'><strong>attulit,</strong></span> <span class='ocrx_word' id='word_1_208' title='bbox 1106 1888 1162 1937; x_wconf 86' lang='lat' dir='ltr'><strong>et</strong></span> <span class='ocrx_word' id='word_1_209' title='bbox 1210 1897 1342 1936; x_wconf 90' lang='lat' dir='ltr'><strong>vero</strong></span> <span class='ocrx_word' id='word_1_210' title='bbox 1374 1882 1551 1950; x_wconf 87' lang='lat' dir='ltr'><strong>capita</strong></span> <span class='ocrx_word' id='word_1_211' title='bbox 1593 1882 1701 1937; x_wconf 90' lang='lat' dir='ltr'><strong>illis</strong></span> <span class='ocrx_word' id='word_1_212' title='bbox 1738 1881 2096 1952; x_wconf 82' lang='lat' dir='ltr'><strong>quadraginta</strong></span> <span class='ocrx_word' id='word_1_213' title='bbox 2127 1876 2263 1932; x_wconf 90' lang='lat' dir='ltr'><strong>viris</strong></span> <span class='ocrx_word' id='word_1_214' title='bbox 2298 1879 2575 1942; x_wconf 85' lang='lat' dir='ltr'><strong>amputata</strong></span> <span class='ocrx_word' id='word_1_215' title='bbox 2619 1876 2768 1931; x_wconf 88' lang='lat' dir='ltr'><strong>sunt,</strong></span> <span class='ocrx_word' id='word_1_216' title='bbox 2808 1866 2900 1934; x_wconf 90' lang='lat' dir='ltr'><strong>qui</strong></span> <span class='ocrx_word' id='word_1_217' title='bbox 2945 1864 3043 1918; x_wconf 88' lang='lat' dir='ltr'><strong>hos</strong></span> <span class='ocrx_word' id='word_1_218' title='bbox 3081 1870 3440 1915; x_wconf 79' lang='lat' dir='ltr'><strong>attraxerant.</strong></span> 
     </span>
    </p>
   </div>
   <div class='ocr_carea' id='block_1_31' title="bbox 333 1952 1866 2051">
    <p class='ocr_par' dir='ltr' id='par_1_31' title="bbox 333 1964 1860 2049">
     <span class='ocr_line' id='line_1_31' title="bbox 333 1964 1860 2049; baseline 0.001 -22"><span class='ocrx_word' id='word_1_219' title='bbox 333 1973 469 2028; x_wconf 78' lang='grc' dir='ltr'>Ὀτι</span> <span class='ocrx_word' id='word_1_220' title='bbox 498 1974 787 2029; x_wconf 75' lang='grc' dir='ltr'>ἐπιτάσσει</span> <span class='ocrx_word' id='word_1_221' title='bbox 811 1975 1036 2045; x_wconf 85' lang='grc' dir='ltr'>Δαρεῖος</span> <span class='ocrx_word' id='word_1_222' title='bbox 1058 1974 1408 2049; x_wconf 81' lang='grc' dir='ltr'>’Δριαράμνῃ</span> <span class='ocrx_word' id='word_1_223' title='bbox 1430 1976 1478 2009; x_wconf 83' lang='grc'>⁸⁸</span> <span class='ocrx_word' id='word_1_224' title='bbox 1498 1974 1578 2045; x_wconf 84' lang='grc' dir='ltr'>τῷ</span> <span class='ocrx_word' id='word_1_225' title='bbox 1604 1964 1860 2045; x_wconf 68' lang='grc' dir='ltr'>σατράπῃ</span> 
     </span>
    </p>
   </div>
   <div class='ocr_carea' id='block_1_32' title="bbox 1969 1952 3540 2051">
    <p class='ocr_par' dir='ltr' id='par_1_32' title="bbox 2029 1952 3540 2035">
     <span class='ocr_line' id='line_1_32' title="bbox 2029 1952 3540 2035; baseline -0.013 -10"><span class='ocrx_word' id='word_1_226' title='bbox 2029 1970 2344 2026; x_wconf 80' lang='lat' dir='ltr'><strong>Ariammen</strong></span> <span class='ocrx_word' id='word_1_227' title='bbox 2397 1971 2660 2035; x_wconf 62' lang='lat' dir='ltr'><strong>praeterea</strong></span> <span class='ocrx_word' id='word_1_228' title='bbox 2715 1956 3070 2028; x_wconf 69' lang='lat' dir='ltr'><strong>Cappadociae</strong></span> <span class='ocrx_word' id='word_1_229' title='bbox 3118 1963 3395 2020; x_wconf 85' lang='lat' dir='ltr'><strong>satrapam</strong></span> <span class='ocrx_word' id='word_1_230' title='bbox 3442 1952 3540 2006; x_wconf 82' lang='lat' dir='ltr'><strong>ad—</strong></span> 
     </span>
    </p>
   </div>
   <div class='ocr_carea' id='block_1_33' title="bbox 266 2064 1857 2138">
    <p class='ocr_par' dir='ltr' id='par_1_33' title="bbox 266 2064 1857 2138">
     <span class='ocr_line' id='line_1_33' title="bbox 266 2064 1857 2138; baseline -0.003 -16"><span class='ocrx_word' id='word_1_231' title='bbox 266 2067 674 2126; x_wconf 78' lang='grc' dir='ltr'><strong>Καππαδοκίας</strong></span> <span class='ocrx_word' id='word_1_232' title='bbox 706 2066 800 2120; x_wconf 74' lang='grc' dir='ltr'><strong>ἐπὶ</strong></span> <span class='ocrx_word' id='word_1_233' title='bbox 830 2065 1045 2131; x_wconf 85' lang='grc' dir='ltr'>Σκύθας</span> <span class='ocrx_word' id='word_1_234' title='bbox 1088 2064 1344 2138; x_wconf 78' lang='grc' dir='ltr'>διαϐῆναι</span> <span class='ocrx_word' id='word_1_235' title='bbox 1391 2067 1488 2120; x_wconf 73' lang='grc' dir='ltr'>καὶ</span> <span class='ocrx_word' id='word_1_236' title='bbox 1529 2066 1727 2136; x_wconf 80' lang='grc' dir='ltr'>ἄνδρας</span> <span class='ocrx_word' id='word_1_237' title='bbox 1762 2068 1857 2119; x_wconf 72' lang='grc' dir='ltr'>καὶ</span> 
     </span>
    </p>
   </div>
   <div class='ocr_carea' id='block_1_34' title="bbox 265 2156 1857 2229">
    <p class='ocr_par' dir='ltr' id='par_1_34' title="bbox 265 2156 1857 2229">
     <span class='ocr_line' id='line_1_34' title="bbox 265 2156 1857 2229; baseline -0.003 -16"><span class='ocrx_word' id='word_1_238' title='bbox 265 2162 539 2228; x_wconf 87' lang='grc' dir='ltr'>γυναῖκας</span> <span class='ocrx_word' id='word_1_239' title='bbox 581 2158 983 2229; x_wconf 76' lang='grc' dir='ltr'>αἰχμαλωτίσαι</span> <span class='ocrx_word' id='word_1_240' title='bbox 1007 2174 1021 2188; x_wconf 81' lang='lat'><strong><em>°</em></strong></span> <span class='ocrx_word' id='word_1_241' title='bbox 1069 2157 1099 2210; x_wconf 83' lang='grc' dir='ltr'><strong>ό</strong></span> <span class='ocrx_word' id='word_1_242' title='bbox 1143 2157 1201 2212; x_wconf 80' lang='grc' dir='ltr'><strong>δέ</strong></span> <span class='ocrx_word' id='word_1_243' title='bbox 1252 2157 1447 2221; x_wconf 72' lang='grc' dir='ltr'>διαϐὰς</span> <span class='ocrx_word' id='word_1_244' title='bbox 1494 2156 1857 2227; x_wconf 86' lang='grc' dir='ltr'>πεντηκοντό-</span> 
     </span>
    </p>
   </div>
   <div class='ocr_carea' id='block_1_35' title="bbox 271 2248 1858 2323">
    <p class='ocr_par' dir='ltr' id='par_1_35' title="bbox 271 2248 1858 2323">
     <span class='ocr_line' id='line_1_35' title="bbox 271 2248 1858 2323; baseline -0.004 -17"><span class='ocrx_word' id='word_1_245' title='bbox 271 2269 390 2323; x_wconf 79' lang='grc' dir='ltr'>ροις</span> <span class='ocrx_word' id='word_1_246' title='bbox 411 2249 456 2304; x_wconf 86' lang='grc' dir='ltr'><strong>λ’</strong></span> <span class='ocrx_word' id='word_1_247' title='bbox 484 2250 860 2322; x_wconf 73' lang='grc' dir='ltr'>ᾑχμαλώτισε.</span> <span class='ocrx_word' id='word_1_248' title='bbox 918 2248 1190 2303; x_wconf 89' lang='grc' dir='ltr'>Συνέλαϐε</span> <span class='ocrx_word' id='word_1_249' title='bbox 1239 2249 1298 2303; x_wconf 78' lang='grc' dir='ltr'>δὲ</span> <span class='ocrx_word' id='word_1_250' title='bbox 1342 2250 1438 2303; x_wconf 64' lang='grc' dir='ltr'><strong>κα)⁹</strong></span> <span class='ocrx_word' id='word_1_251' title='bbox 1491 2248 1717 2318; x_wconf 80' lang='grc' dir='ltr'>ἀδελφὸν</span> <span class='ocrx_word' id='word_1_252' title='bbox 1762 2248 1858 2301; x_wconf 79' lang='grc' dir='ltr'>τοῦ</span> 
     </span>
    </p>
   </div>
   <div class='ocr_carea' id='block_1_36' title="bbox 270 2341 1860 2414">
    <p class='ocr_par' dir='ltr' id='par_1_36' title="bbox 270 2341 1860 2414">
     <span class='ocr_line' id='line_1_36' title="bbox 270 2341 1860 2414; baseline -0.002 -17"><span class='ocrx_word' id='word_1_253' title='bbox 270 2342 541 2414; x_wconf 78' lang='grc' dir='ltr'>βασιλέως</span> <span class='ocrx_word' id='word_1_254' title='bbox 573 2341 667 2395; x_wconf 81' lang='grc' dir='ltr'>τοῦ</span> <span class='ocrx_word' id='word_1_255' title='bbox 705 2341 929 2395; x_wconf 83' lang='grc' dir='ltr'>Σκυθῶν</span> <span class='ocrx_word' id='word_1_256' title='bbox 969 2341 1340 2413; x_wconf 77' lang='grc' dir='ltr'>Μαρσαγέτην</span> <span class='ocrx_word' id='word_1_257' title='bbox 1368 2342 1438 2408; x_wconf 72' lang='grc'><strong>⁸⁵,</strong></span> <span class='ocrx_word' id='word_1_258' title='bbox 1474 2343 1569 2395; x_wconf 71' lang='grc' dir='ltr'><strong>ἐπ)⁵</strong></span> <span class='ocrx_word' id='word_1_259' title='bbox 1616 2341 1860 2396; x_wconf 84' lang='grc' dir='ltr'>κακώσει</span> 
     </span>
    </p>
   </div>
   <div class='ocr_carea' id='block_1_37' title="bbox 269 2432 1859 2507">
    <p class='ocr_par' dir='ltr' id='par_1_37' title="bbox 269 2432 1859 2507">
     <span class='ocr_line' id='line_1_37' title="bbox 269 2432 1859 2507; baseline -0.001 -19"><span class='ocrx_word' id='word_1_260' title='bbox 269 2434 451 2507; x_wconf 78' lang='grc' dir='ltr'>εὑρὼν</span> <span class='ocrx_word' id='word_1_261' title='bbox 480 2434 635 2507; x_wconf 86' lang='grc' dir='ltr'><strong>παρά</strong></span> <span class='ocrx_word' id='word_1_262' title='bbox 664 2434 763 2488; x_wconf 79' lang='grc' dir='ltr'>τοῦ</span> <span class='ocrx_word' id='word_1_263' title='bbox 784 2434 987 2488; x_wconf 71' lang='grc' dir='ltr'>οἰκείου</span> <span class='ocrx_word' id='word_1_264' title='bbox 1010 2433 1244 2503; x_wconf 82' lang='grc' dir='ltr'>ἀδελφοῦ</span> <span class='ocrx_word' id='word_1_265' title='bbox 1273 2433 1577 2505; x_wconf 79' lang='grc' dir='ltr'>δεδεμένον.</span> <span class='ocrx_word' id='word_1_266' title='bbox 1606 2433 1734 2505; x_wconf 79' lang='grc'><strong>[116</strong></span> <span class='ocrx_word' id='word_1_267' title='bbox 1767 2432 1859 2504; x_wconf 63' lang='lat'><strong>3.]</strong></span> 
     </span>
    </p>
   </div>
   <div class='ocr_carea' id='block_1_38' title="bbox 269 2522 1864 2596">
    <p class='ocr_par' dir='ltr' id='par_1_38' title="bbox 269 2522 1864 2596">
     <span class='ocr_line' id='line_1_38' title="bbox 269 2522 1864 2596; baseline -0.003 -16"><span class='ocrx_word' id='word_1_268' title='bbox 269 2525 603 2596; x_wconf 84' lang='grc' dir='ltr'>Σκυθάρϐης</span> <span class='ocrx_word' id='word_1_269' title='bbox 635 2526 683 2559; x_wconf 80' lang='grc'>⁸³</span> <span class='ocrx_word' id='word_1_270' title='bbox 709 2524 767 2579; x_wconf 79' lang='grc' dir='ltr'>δὲ</span> <span class='ocrx_word' id='word_1_271' title='bbox 796 2526 826 2578; x_wconf 85' lang='grc' dir='ltr'><strong>ό</strong></span> <span class='ocrx_word' id='word_1_272' title='bbox 853 2524 1078 2579; x_wconf 85' lang='grc' dir='ltr'>Σκυθῶν</span> <span class='ocrx_word' id='word_1_273' title='bbox 1106 2524 1360 2595; x_wconf 80' lang='grc' dir='ltr'>βασιλεὺς</span> <span class='ocrx_word' id='word_1_274' title='bbox 1387 2523 1667 2595; x_wconf 68' lang='grc' dir='ltr'>ὀργισθεὶς</span> <span class='ocrx_word' id='word_1_275' title='bbox 1698 2522 1864 2596; x_wconf 80' lang='grc' dir='ltr'>ἐγρα-</span> 
     </span>
    </p>
   </div>
   <div class='ocr_carea' id='block_1_39' title="bbox 270 2615 1862 2694">
    <p class='ocr_par' dir='ltr' id='par_1_39' title="bbox 270 2615 1862 2694">
     <span class='ocr_line' id='line_1_39' title="bbox 270 2615 1862 2694; baseline -0.005 -18"><span class='ocrx_word' id='word_1_276' title='bbox 270 2623 377 2690; x_wconf 66' lang='grc' dir='ltr'><strong>ψεν</strong></span> <span class='ocrx_word' id='word_1_277' title='bbox 409 2621 651 2694; x_wconf 80' lang='grc' dir='ltr'>ὑϐρίζων</span> <span class='ocrx_word' id='word_1_278' title='bbox 692 2622 939 2694; x_wconf 81' lang='grc' dir='ltr'>Δαρεῖον,</span> <span class='ocrx_word' id='word_1_279' title='bbox 973 2619 1070 2673; x_wconf 74' lang='grc' dir='ltr'>καὶ</span> <span class='ocrx_word' id='word_1_280' title='bbox 1099 2617 1417 2689; x_wconf 86' lang='grc' dir='ltr'>ἀντεγράφη</span> <span class='ocrx_word' id='word_1_281' title='bbox 1455 2615 1604 2686; x_wconf 79' lang='grc' dir='ltr'>αὐτῷ</span> <span class='ocrx_word' id='word_1_282' title='bbox 1639 2615 1862 2685; x_wconf 85' lang='grc' dir='ltr'>ὁμοίως.</span> 
     </span>
    </p>
   </div>
   <div class='ocr_carea' id='block_1_40' title="bbox 274 2704 1865 2787">
    <p class='ocr_par' dir='ltr' id='par_1_40' title="bbox 274 2704 1865 2787">
     <span class='ocr_line' id='line_1_40' title="bbox 274 2704 1865 2787; baseline -0.006 -19"><span class='ocrx_word' id='word_1_283' title='bbox 274 2716 343 2768; x_wconf 87' lang='grc' dir='ltr'><strong>Στ</strong></span> <span class='ocrx_word' id='word_1_284' title='bbox 355 2714 609 2787; x_wconf 83' lang='grc' dir='ltr'>ράτευμα</span> <span class='ocrx_word' id='word_1_285' title='bbox 634 2712 693 2767; x_wconf 82' lang='grc' dir='ltr'>δὲ</span> <span class='ocrx_word' id='word_1_286' title='bbox 719 2710 949 2782; x_wconf 86' lang='grc' dir='ltr'>ἀγείρας</span> <span class='ocrx_word' id='word_1_287' title='bbox 968 2711 1192 2781; x_wconf 82' lang='grc' dir='ltr'>Δαρεῖος</span> <span class='ocrx_word' id='word_1_288' title='bbox 1223 2717 1275 2763; x_wconf 82' lang='grc' dir='ltr'>π’</span> <span class='ocrx_word' id='word_1_289' title='bbox 1300 2708 1589 2780; x_wconf 85' lang='grc' dir='ltr'>μυριάδας,</span> <span class='ocrx_word' id='word_1_290' title='bbox 1614 2706 1712 2759; x_wconf 67' lang='grc' dir='ltr'><strong>καὶ</strong></span> <span class='ocrx_word' id='word_1_291' title='bbox 1738 2704 1831 2769; x_wconf 74' lang='grc' dir='ltr'>ζεύ</span> <span class='ocrx_word' id='word_1_292' title='bbox 1847 2734 1865 2745; x_wconf 89' lang='grc'><strong>-</strong></span> 
     </span>
    </p>
   </div>
   <div class='ocr_carea' id='block_1_41' title="bbox 274 2794 1865 2873">
    <p class='ocr_par' dir='ltr' id='par_1_41' title="bbox 274 2794 1865 2873">
     <span class='ocr_line' id='line_1_41' title="bbox 274 2794 1865 2873; baseline -0.009 -13"><span class='ocrx_word' id='word_1_293' title='bbox 274 2807 376 2872; x_wconf 79' lang='grc' dir='ltr'><strong>ξας</strong></span> <span class='ocrx_word' id='word_1_294' title='bbox 408 2804 502 2858; x_wconf 80' lang='grc' dir='ltr'><strong>τὸν</strong></span> <span class='ocrx_word' id='word_1_295' title='bbox 540 2804 820 2873; x_wconf 88' lang='grc' dir='ltr'>Βόσπορον</span> <span class='ocrx_word' id='word_1_296' title='bbox 860 2802 957 2856; x_wconf 59' lang='grc' dir='ltr'><strong>καὶ⁵</strong></span> <span class='ocrx_word' id='word_1_297' title='bbox 1005 2801 1100 2855; x_wconf 71' lang='grc' dir='ltr'><strong>τὸν</strong></span> <span class='ocrx_word' id='word_1_298' title='bbox 1126 2800 1361 2870; x_wconf 85' lang='grc' dir='ltr'>Ἴστρον,</span> <span class='ocrx_word' id='word_1_299' title='bbox 1407 2797 1559 2867; x_wconf 90' lang='grc' dir='ltr'>διέϐη</span> <span class='ocrx_word' id='word_1_300' title='bbox 1606 2796 1697 2849; x_wconf 73' lang='grc' dir='ltr'>ἐπὶ</span> <span class='ocrx_word' id='word_1_301' title='bbox 1724 2794 1865 2848; x_wconf 84' lang='grc' dir='ltr'>Σκύ-</span> 
     </span>
    </p>
   </div>
   <div class='ocr_carea' id='block_1_42' title="bbox 275 2885 1870 2965">
    <p class='ocr_par' dir='ltr' id='par_1_42' title="bbox 275 2885 1870 2965">
     <span class='ocr_line' id='line_1_42' title="bbox 275 2885 1870 2965; baseline -0.009 -14"><span class='ocrx_word' id='word_1_302' title='bbox 275 2897 403 2961; x_wconf 82' lang='grc' dir='ltr'>θας,</span> <span class='ocrx_word' id='word_1_303' title='bbox 432 2894 553 2950; x_wconf 78' lang='grc' dir='ltr'>ὁδὸν</span> <span class='ocrx_word' id='word_1_304' title='bbox 587 2894 788 2957; x_wconf 88' lang='grc' dir='ltr'>ἐλάσας</span> <span class='ocrx_word' id='word_1_305' title='bbox 812 2892 1038 2965; x_wconf 74' lang='grc' dir='ltr'>ἡμερῶν</span> <span class='ocrx_word' id='word_1_306' title='bbox 1066 2897 1148 2946; x_wconf 77' lang='grc' dir='ltr'>ιε’.</span> <span class='ocrx_word' id='word_1_307' title='bbox 1178 2891 1289 2944; x_wconf 79' lang='grc' dir='ltr'><strong>Καὶ</strong></span> <span class='ocrx_word' id='word_1_308' title='bbox 1315 2889 1672 2959; x_wconf 82' lang='grc' dir='ltr'>ἀντέπεμπον</span> <span class='ocrx_word' id='word_1_309' title='bbox 1703 2885 1870 2956; x_wconf 76' lang='grc' dir='ltr'>ἀλλήο</span> 
     </span>
    </p>
   </div>
   <div class='ocr_carea' id='block_1_43' title="bbox 274 2977 1866 3058">
    <p class='ocr_par' dir='ltr' id='par_1_43' title="bbox 274 2977 1866 3058">
     <span class='ocr_line' id='line_1_43' title="bbox 274 2977 1866 3058; baseline -0.008 -16"><span class='ocrx_word' id='word_1_310' title='bbox 274 2988 394 3049; x_wconf 84' lang='grc' dir='ltr'>λοις</span> <span class='ocrx_word' id='word_1_311' title='bbox 414 2988 567 3053; x_wconf 80' lang='grc' dir='ltr'>τόξα.</span> <span class='ocrx_word' id='word_1_312' title='bbox 607 2986 1000 3058; x_wconf 84' lang='grc' dir='ltr'>Ἐπικρατέστε</span> <span class='ocrx_word' id='word_1_313' title='bbox 1010 3000 1101 3056; x_wconf 90' lang='grc' dir='ltr'><strong>ρον</strong></span> <span class='ocrx_word' id='word_1_314' title='bbox 1126 2982 1170 3037; x_wconf 84' lang='grc' dir='ltr'>δ’</span> <span class='ocrx_word' id='word_1_315' title='bbox 1194 2978 1264 3054; x_wconf 75' lang='grc' dir='ltr'>ἦν</span> <span class='ocrx_word' id='word_1_316' title='bbox 1282 2981 1333 3014; x_wconf 81' lang='grc'>⁸⁸</span> <span class='ocrx_word' id='word_1_317' title='bbox 1362 2979 1427 3033; x_wconf 83' lang='grc' dir='ltr'>τὺ</span> <span class='ocrx_word' id='word_1_318' title='bbox 1456 2980 1502 3012; x_wconf 84' lang='grc'><strong>⁸⁷</strong></span> <span class='ocrx_word' id='word_1_319' title='bbox 1526 2979 1634 3032; x_wconf 85' lang='grc' dir='ltr'><strong>τῶν</strong></span> <span class='ocrx_word' id='word_1_320' title='bbox 1669 2978 1755 3050; x_wconf 84' lang='grc'><strong>[57</strong></span> <span class='ocrx_word' id='word_1_321' title='bbox 1775 2977 1866 3050; x_wconf 75' lang='grc'><strong>11.)</strong></span> 
     </span>
    </p>
   </div>
   <div class='ocr_carea' id='block_1_44' title="bbox 277 3071 1871 3148">
    <p class='ocr_par' dir='ltr' id='par_1_44' title="bbox 277 3071 1871 3148">
     <span class='ocr_line' id='line_1_44' title="bbox 277 3071 1871 3148; baseline -0.008 -15"><span class='ocrx_word' id='word_1_322' title='bbox 277 3077 543 3133; x_wconf 77' lang='grc' dir='ltr'>Σκυθῶνο</span> <span class='ocrx_word' id='word_1_323' title='bbox 586 3078 668 3131; x_wconf 83' lang='grc' dir='ltr'><strong>διδ</strong></span> <span class='ocrx_word' id='word_1_324' title='bbox 704 3078 800 3131; x_wconf 74' lang='grc' dir='ltr'>καὶ</span> <span class='ocrx_word' id='word_1_325' title='bbox 830 3076 1049 3148; x_wconf 82' lang='grc' dir='ltr'>φεύγων</span> <span class='ocrx_word' id='word_1_326' title='bbox 1103 3075 1328 3146; x_wconf 83' lang='grc' dir='ltr'>Δαρεῖος</span> <span class='ocrx_word' id='word_1_327' title='bbox 1367 3071 1517 3141; x_wconf 87' lang='grc' dir='ltr'>διέϐη</span> <span class='ocrx_word' id='word_1_328' title='bbox 1560 3074 1659 3133; x_wconf 78' lang='grc' dir='ltr'>τὰς</span> <span class='ocrx_word' id='word_1_329' title='bbox 1702 3086 1871 3139; x_wconf 72' lang='grc' dir='ltr'>γεφυο</span> 
     </span>
    </p>
   </div>
   <div class='ocr_carea' id='block_1_45' title="bbox 282 3160 1871 3242">
    <p class='ocr_par' dir='ltr' id='par_1_45' title="bbox 282 3160 1871 3242">
     <span class='ocr_line' id='line_1_45' title="bbox 282 3160 1871 3242; baseline -0.006 -20"><span class='ocrx_word' id='word_1_330' title='bbox 282 3170 505 3242; x_wconf 83' lang='grc' dir='ltr'>ρώσεις,</span> <span class='ocrx_word' id='word_1_331' title='bbox 539 3169 636 3222; x_wconf 82' lang='grc' dir='ltr'>καὶ</span> <span class='ocrx_word' id='word_1_332' title='bbox 662 3167 819 3221; x_wconf 75' lang='grc' dir='ltr'>ἔλυσε</span> <span class='ocrx_word' id='word_1_333' title='bbox 866 3165 1113 3221; x_wconf 85' lang='grc' dir='ltr'>σπεύδων</span> <span class='ocrx_word' id='word_1_334' title='bbox 1153 3166 1285 3237; x_wconf 77' lang='grc' dir='ltr'>πρὶν</span> <span class='ocrx_word' id='word_1_335' title='bbox 1311 3166 1345 3236; x_wconf 79' lang='grc' dir='ltr'>ἢ</span> <span class='ocrx_word' id='word_1_336' title='bbox 1380 3166 1441 3218; x_wconf 84' lang='grc' dir='ltr'>τὸ</span> <span class='ocrx_word' id='word_1_337' title='bbox 1467 3163 1589 3217; x_wconf 81' lang='grc' dir='ltr'>ὅλον</span> <span class='ocrx_word' id='word_1_338' title='bbox 1612 3160 1871 3230; x_wconf 83' lang='grc' dir='ltr'>διαϐῆναι</span> 
     </span>
    </p>
   </div>
   <div class='ocr_carea' id='block_1_46' title="bbox 282 3252 1873 3329">
    <p class='ocr_par' dir='ltr' id='par_1_46' title="bbox 282 3252 1873 3329">
     <span class='ocr_line' id='line_1_46' title="bbox 282 3252 1873 3329; baseline -0.006 -16"><span class='ocrx_word' id='word_1_339' title='bbox 282 3259 627 3329; x_wconf 85' lang='grc' dir='ltr'>στράτευμα.</span> <span class='ocrx_word' id='word_1_340' title='bbox 661 3259 772 3312; x_wconf 71' lang='grc' dir='ltr'><strong>Καὶ</strong></span> <span class='ocrx_word' id='word_1_341' title='bbox 803 3257 1075 3311; x_wconf 87' lang='grc' dir='ltr'>ἀπέθανον</span> <span class='ocrx_word' id='word_1_342' title='bbox 1110 3256 1218 3310; x_wconf 77' lang='grc' dir='ltr'>ὑπὸ</span> <span class='ocrx_word' id='word_1_343' title='bbox 1257 3252 1590 3325; x_wconf 86' lang='grc' dir='ltr'>Σκυθάρϐεω</span> <span class='ocrx_word' id='word_1_344' title='bbox 1614 3253 1660 3285; x_wconf 83' lang='grc'><strong>³⁸</strong></span> <span class='ocrx_word' id='word_1_345' title='bbox 1689 3253 1740 3305; x_wconf 84' lang='grc' dir='ltr'>οἱ</span> <span class='ocrx_word' id='word_1_346' title='bbox 1772 3268 1873 3305; x_wconf 80' lang='grc' dir='ltr'>κα·</span> 
     </span>
    </p>
   </div>
   <div class='ocr_carea' id='block_1_47' title="bbox 1960 2044 3539 2130">
    <p class='ocr_par' dir='ltr' id='par_1_47' title="bbox 1960 2044 3539 2130">
     <span class='ocr_line' id='line_1_47' title="bbox 1960 2044 3539 2130; baseline -0.013 -13"><span class='ocrx_word' id='word_1_347' title='bbox 1960 2076 2151 2117; x_wconf 90' lang='lat' dir='ltr'><strong>versus</strong></span> <span class='ocrx_word' id='word_1_348' title='bbox 2185 2057 2421 2130; x_wconf 87' lang='lat' dir='ltr'><strong>Scythas</strong></span> <span class='ocrx_word' id='word_1_349' title='bbox 2454 2051 2750 2125; x_wconf 78' lang='lat' dir='ltr'><strong>proﬁcisci,</strong></span> <span class='ocrx_word' id='word_1_350' title='bbox 2799 2059 2851 2103; x_wconf 88' lang='lat' dir='ltr'><strong>et</strong></span> <span class='ocrx_word' id='word_1_351' title='bbox 2878 2048 3026 2102; x_wconf 90' lang='lat' dir='ltr'><strong>viros</strong></span> <span class='ocrx_word' id='word_1_352' title='bbox 3059 2046 3183 2100; x_wconf 90' lang='lat' dir='ltr'><strong>inde</strong></span> <span class='ocrx_word' id='word_1_353' title='bbox 3215 2060 3280 2099; x_wconf 89' lang='lat' dir='ltr'><strong>ac</strong></span> <span class='ocrx_word' id='word_1_354' title='bbox 3309 2044 3539 2098; x_wconf 87' lang='lat' dir='ltr'><strong>feminas</strong></span> 
     </span>
    </p>
   </div>
   <div class='ocr_carea' id='block_1_48' title="bbox 1959 2139 3537 2228">
    <p class='ocr_par' dir='ltr' id='par_1_48' title="bbox 1959 2139 3537 2228">
     <span class='ocr_line' id='line_1_48' title="bbox 1959 2139 3537 2228; baseline -0.017 -14"><span class='ocrx_word' id='word_1_355' title='bbox 1959 2157 2202 2228; x_wconf 88' lang='lat' dir='ltr'><strong>captivos</strong></span> <span class='ocrx_word' id='word_1_356' title='bbox 2231 2151 2499 2208; x_wconf 85' lang='lat' dir='ltr'><strong>abducere</strong></span> <span class='ocrx_word' id='word_1_357' title='bbox 2525 2147 2721 2201; x_wconf 90' lang='lat' dir='ltr'><strong>Darius</strong></span> <span class='ocrx_word' id='word_1_358' title='bbox 2749 2145 3000 2214; x_wconf 89' lang='lat' dir='ltr'><strong>imperat.</strong></span> <span class='ocrx_word' id='word_1_359' title='bbox 3028 2141 3120 2195; x_wconf 89' lang='lat' dir='ltr'><strong>llle</strong></span> <span class='ocrx_word' id='word_1_360' title='bbox 3154 2155 3276 2195; x_wconf 91' lang='lat' dir='ltr'><strong>cum</strong></span> <span class='ocrx_word' id='word_1_361' title='bbox 3321 2139 3537 2208; x_wconf 73' lang='lat' dir='ltr'><strong>triginta</strong></span> 
     </span>
    </p>
   </div>
   <div class='ocr_carea' id='block_1_49' title="bbox 1960 2230 3538 2315">
    <p class='ocr_par' dir='ltr' id='par_1_49' title="bbox 1960 2230 3538 2315">
     <span class='ocr_line' id='line_1_49' title="bbox 1960 2230 3538 2315; baseline -0.016 -10"><span class='ocrx_word' id='word_1_362' title='bbox 1960 2249 2187 2305; x_wconf 85' lang='lat' dir='ltr'><strong>navibus</strong></span> <span class='ocrx_word' id='word_1_363' title='bbox 2227 2241 2618 2315; x_wconf 80' lang='lat' dir='ltr'><strong>quinquaginta</strong></span> <span class='ocrx_word' id='word_1_364' title='bbox 2653 2252 2926 2292; x_wconf 88' lang='lat' dir='ltr'><strong>remormn</strong></span> <span class='ocrx_word' id='word_1_365' title='bbox 2950 2233 3247 2302; x_wconf 79' lang='lat' dir='ltr'><strong>trajicieus,</strong></span> <span class='ocrx_word' id='word_1_366' title='bbox 3283 2230 3538 2284; x_wconf 85' lang='lat' dir='ltr'><strong>mandata</strong></span> 
     </span>
    </p>
   </div>
   <div class='ocr_carea' id='block_1_50' title="bbox 1959 2319 3540 2412">
    <p class='ocr_par' dir='ltr' id='par_1_50' title="bbox 1959 2319 3540 2412">
     <span class='ocr_line' id='line_1_50' title="bbox 1959 2319 3540 2412; baseline -0.015 -16"><span class='ocrx_word' id='word_1_367' title='bbox 1959 2338 2210 2412; x_wconf 80' lang='lat' dir='ltr'><strong>perfecit.</strong></span> <span class='ocrx_word' id='word_1_368' title='bbox 2255 2335 2409 2404; x_wconf 89' lang='lat' dir='ltr'><strong>Cepit</strong></span> <span class='ocrx_word' id='word_1_369' title='bbox 2435 2334 2579 2388; x_wconf 89' lang='lat' dir='ltr'><strong>inter</strong></span> <span class='ocrx_word' id='word_1_370' title='bbox 2614 2330 2751 2384; x_wconf 86' lang='lat' dir='ltr'><strong>alios</strong></span> <span class='ocrx_word' id='word_1_371' title='bbox 2784 2330 2925 2398; x_wconf 85' lang='lat' dir='ltr'><strong>regis</strong></span> <span class='ocrx_word' id='word_1_372' title='bbox 2954 2324 3278 2395; x_wconf 83' lang='lat' dir='ltr'><strong>Scytharum</strong></span> <span class='ocrx_word' id='word_1_373' title='bbox 3315 2319 3540 2375; x_wconf 88' lang='lat' dir='ltr'><strong>fratrem</strong></span> 
     </span>
    </p>
   </div>
   <div class='ocr_carea' id='block_1_51' title="bbox 1960 2413 3542 2502">
    <p class='ocr_par' dir='ltr' id='par_1_51' title="bbox 1960 2413 3542 2502">
     <span class='ocr_line' id='line_1_51' title="bbox 1960 2413 3542 2502; baseline -0.015 -15"><span class='ocrx_word' id='word_1_374' title='bbox 1960 2432 2293 2502; x_wconf 81' lang='lat' dir='ltr'><strong>Masageten,</strong></span> <span class='ocrx_word' id='word_1_375' title='bbox 2336 2441 2496 2497; x_wconf 92' lang='lat' dir='ltr'><strong>quem</strong></span> <span class='ocrx_word' id='word_1_376' title='bbox 2539 2424 2611 2478; x_wconf 93' lang='lat' dir='ltr'><strong>ob</strong></span> <span class='ocrx_word' id='word_1_377' title='bbox 2660 2421 2812 2476; x_wconf 90' lang='lat' dir='ltr'><strong>illata</strong></span> <span class='ocrx_word' id='word_1_378' title='bbox 2849 2418 2990 2472; x_wconf 88' lang='lat' dir='ltr'><strong>mala</strong></span> <span class='ocrx_word' id='word_1_379' title='bbox 3025 2420 3077 2470; x_wconf 92' lang='lat' dir='ltr'><strong>in</strong></span> <span class='ocrx_word' id='word_1_380' title='bbox 3104 2413 3316 2469; x_wconf 83' lang='lat' dir='ltr'><strong>vincula</strong></span> <span class='ocrx_word' id='word_1_381' title='bbox 3355 2428 3384 2466; x_wconf 90' lang='lat' dir='ltr'><strong>a</strong></span> <span class='ocrx_word' id='word_1_382' title='bbox 3415 2425 3542 2480; x_wconf 88' lang='lat' dir='ltr'><strong>rege</strong></span> 
     </span>
    </p>
   </div>
   <div class='ocr_carea' id='block_1_52' title="bbox 1962 2503 3541 2591">
    <p class='ocr_par' dir='ltr' id='par_1_52' title="bbox 1962 2503 3541 2591">
     <span class='ocr_line' id='line_1_52' title="bbox 1962 2503 3541 2591; baseline -0.014 -14"><span class='ocrx_word' id='word_1_383' title='bbox 1962 2522 2131 2577; x_wconf 90' lang='lat' dir='ltr'><strong>fratre</strong></span> <span class='ocrx_word' id='word_1_384' title='bbox 2147 2520 2450 2591; x_wconf 84' lang='lat' dir='ltr'><strong>conjectum</strong></span> <span class='ocrx_word' id='word_1_385' title='bbox 2484 2515 2704 2586; x_wconf 87' lang='lat' dir='ltr'><strong>reperit.</strong></span> <span class='ocrx_word' id='word_1_386' title='bbox 2735 2512 2873 2582; x_wconf 87' lang='lat' dir='ltr'><strong>Ergo</strong></span> <span class='ocrx_word' id='word_1_387' title='bbox 2894 2508 3219 2580; x_wconf 82' lang='lat' dir='ltr'><strong>Scytharces</strong></span> <span class='ocrx_word' id='word_1_388' title='bbox 3241 2505 3380 2578; x_wconf 85' lang='lat'><strong>(89),</strong></span> <span class='ocrx_word' id='word_1_389' title='bbox 3402 2503 3541 2574; x_wconf 76' lang='lat' dir='ltr'><strong>Scy-</strong></span> 
     </span>
    </p>
   </div>
   <div class='ocr_carea' id='block_1_53' title="bbox 1965 2595 3544 2676">
    <p class='ocr_par' dir='ltr' id='par_1_53' title="bbox 1965 2595 3544 2676">
     <span class='ocr_line' id='line_1_53' title="bbox 1965 2595 3544 2676; baseline -0.014 -7"><span class='ocrx_word' id='word_1_390' title='bbox 1965 2616 2181 2670; x_wconf 89' lang='lat' dir='ltr'><strong>tharum</strong></span> <span class='ocrx_word' id='word_1_391' title='bbox 2215 2628 2328 2675; x_wconf 85' lang='lat' dir='ltr'><strong>rex,</strong></span> <span class='ocrx_word' id='word_1_392' title='bbox 2367 2609 2699 2676; x_wconf 81' lang='lat' dir='ltr'><strong>indignatus,</strong></span> <span class='ocrx_word' id='word_1_393' title='bbox 2725 2601 3067 2660; x_wconf 84' lang='lat' dir='ltr'><strong>contumeliis</strong></span> <span class='ocrx_word' id='word_1_394' title='bbox 3110 2600 3297 2669; x_wconf 87' lang='lat' dir='ltr'><strong>plenas</strong></span> <span class='ocrx_word' id='word_1_395' title='bbox 3334 2597 3400 2651; x_wconf 91' lang='lat' dir='ltr'><strong>ad</strong></span> <span class='ocrx_word' id='word_1_396' title='bbox 3434 2595 3544 2649; x_wconf 87' lang='lat' dir='ltr'><strong>Da-</strong></span> 
     </span>
    </p>
   </div>
   <div class='ocr_carea' id='block_1_54' title="bbox 1964 2689 3545 2769">
    <p class='ocr_par' dir='ltr' id='par_1_54' title="bbox 1964 2689 3545 2769">
     <span class='ocr_line' id='line_1_54' title="bbox 1964 2689 3545 2769; baseline -0.013 -6"><span class='ocrx_word' id='word_1_397' title='bbox 1964 2709 2104 2763; x_wconf 89' lang='lat' dir='ltr'><strong>rium</strong></span> <span class='ocrx_word' id='word_1_398' title='bbox 2153 2706 2362 2760; x_wconf 89' lang='lat' dir='ltr'><strong>litteras</strong></span> <span class='ocrx_word' id='word_1_399' title='bbox 2403 2701 2657 2769; x_wconf 88' lang='lat' dir='ltr'><strong>scripsit;</strong></span> <span class='ocrx_word' id='word_1_400' title='bbox 2698 2706 2754 2753; x_wconf 89' lang='lat' dir='ltr'><strong>et</strong></span> <span class='ocrx_word' id='word_1_401' title='bbox 2814 2695 2979 2752; x_wconf 88' lang='lat' dir='ltr'><strong>simili</strong></span> <span class='ocrx_word' id='word_1_402' title='bbox 3019 2697 3086 2747; x_wconf 83' lang='lat' dir='ltr'><strong>ad</strong></span> <span class='ocrx_word' id='word_1_403' title='bbox 3151 2694 3324 2761; x_wconf 90' lang='lat' dir='ltr'><strong>ipsum</strong></span> <span class='ocrx_word' id='word_1_404' title='bbox 3384 2689 3545 2743; x_wconf 89' lang='lat' dir='ltr'><strong>modo</strong></span> 
     </span>
    </p>
   </div>
   <div class='ocr_carea' id='block_1_55' title="bbox 1965 2779 3545 2868">
    <p class='ocr_par' dir='ltr' id='par_1_55' title="bbox 1965 2779 3545 2868">
     <span class='ocr_line' id='line_1_55' title="bbox 1965 2779 3545 2868; baseline -0.015 -13"><span class='ocrx_word' id='word_1_405' title='bbox 1965 2798 2287 2868; x_wconf 86' lang='lat' dir='ltr'><strong>rescriptum</strong></span> <span class='ocrx_word' id='word_1_406' title='bbox 2322 2803 2428 2849; x_wconf 89' lang='lat' dir='ltr'><strong>est.</strong></span> <span class='ocrx_word' id='word_1_407' title='bbox 2470 2792 2663 2847; x_wconf 88' lang='lat' dir='ltr'><strong>Darius</strong></span> <span class='ocrx_word' id='word_1_408' title='bbox 2689 2787 2904 2844; x_wconf 87' lang='lat' dir='ltr'><strong>tandem</strong></span> <span class='ocrx_word' id='word_1_409' title='bbox 2933 2786 3368 2855; x_wconf 87' lang='lat' dir='ltr'><strong>octingentorum</strong></span> <span class='ocrx_word' id='word_1_410' title='bbox 3421 2779 3545 2834; x_wconf 86' lang='lat' dir='ltr'><strong>mil-</strong></span> 
     </span>
    </p>
   </div>
   <div class='ocr_carea' id='block_1_56' title="bbox 1965 2876 3545 2949">
    <p class='ocr_par' dir='ltr' id='par_1_56' title="bbox 1965 2876 3545 2949">
     <span class='ocr_line' id='line_1_56' title="bbox 1965 2876 3545 2949; baseline -0.013 -2"><span class='ocrx_word' id='word_1_411' title='bbox 1965 2891 2096 2947; x_wconf 86' lang='lat' dir='ltr'><strong>lium</strong></span> <span class='ocrx_word' id='word_1_412' title='bbox 2129 2898 2315 2944; x_wconf 80' lang='lat' dir='ltr'><strong>coacto</strong></span> <span class='ocrx_word' id='word_1_413' title='bbox 2369 2885 2649 2949; x_wconf 88' lang='lat' dir='ltr'><strong>exercitu,</strong></span> <span class='ocrx_word' id='word_1_414' title='bbox 2704 2892 2760 2936; x_wconf 87' lang='lat' dir='ltr'><strong>et</strong></span> <span class='ocrx_word' id='word_1_415' title='bbox 2808 2880 3048 2949; x_wconf 86' lang='lat' dir='ltr'><strong>Bosporo</strong></span> <span class='ocrx_word' id='word_1_416' title='bbox 3097 2876 3344 2945; x_wconf 75' lang='lat' dir='ltr'><strong>lstmque</strong></span> <span class='ocrx_word' id='word_1_417' title='bbox 3378 2883 3545 2945; x_wconf 90' lang='lat' dir='ltr'><strong>ponte</strong></span> 
     </span>
    </p>
   </div>
   <div class='ocr_carea' id='block_1_57' title="bbox 1971 2964 3543 3045">
    <p class='ocr_par' dir='ltr' id='par_1_57' title="bbox 1971 2964 3543 3045">
     <span class='ocr_line' id='line_1_57' title="bbox 1971 2964 3543 3045; baseline -0.012 -8"><span class='ocrx_word' id='word_1_418' title='bbox 1971 2979 2285 3043; x_wconf 86' lang='lat' dir='ltr'><strong>constratis,</strong></span> <span class='ocrx_word' id='word_1_419' title='bbox 2320 2980 2580 3031; x_wconf 84' lang='lat' dir='ltr'><strong>adversus</strong></span> <span class='ocrx_word' id='word_1_420' title='bbox 2608 2974 2841 3045; x_wconf 81' lang='lat' dir='ltr'><strong>Scythas</strong></span> <span class='ocrx_word' id='word_1_421' title='bbox 2862 2969 3173 3041; x_wconf 91' lang='lat' dir='ltr'><strong>quindecim</strong></span> <span class='ocrx_word' id='word_1_422' title='bbox 3206 2969 3416 3022; x_wconf 87' lang='lat' dir='ltr'><strong>dierum</strong></span> <span class='ocrx_word' id='word_1_423' title='bbox 3449 2964 3543 3019; x_wconf 89' lang='lat' dir='ltr'><strong>iti-</strong></span> 
     </span>
    </p>
   </div>
   <div class='ocr_carea' id='block_1_58' title="bbox 1972 3057 3549 3142">
    <p class='ocr_par' dir='ltr' id='par_1_58' title="bbox 1972 3057 3549 3142">
     <span class='ocr_line' id='line_1_58' title="bbox 1972 3057 3549 3142; baseline -0.011 -14"><span class='ocrx_word' id='word_1_424' title='bbox 1972 3089 2099 3129; x_wconf 85' lang='lat' dir='ltr'><strong>nere</strong></span> <span class='ocrx_word' id='word_1_425' title='bbox 2128 3086 2444 3142; x_wconf 79' lang='lat' dir='ltr'><strong>progressus</strong></span> <span class='ocrx_word' id='word_1_426' title='bbox 2493 3077 2593 3124; x_wconf 88' lang='lat' dir='ltr'><strong>est.</strong></span> <span class='ocrx_word' id='word_1_427' title='bbox 2627 3066 2691 3121; x_wconf 89' lang='lat' dir='ltr'><strong>Hi</strong></span> <span class='ocrx_word' id='word_1_428' title='bbox 2728 3080 2887 3119; x_wconf 89' lang='lat' dir='ltr'><strong>arcus</strong></span> <span class='ocrx_word' id='word_1_429' title='bbox 2915 3063 3026 3133; x_wconf 84' lang='lat'><strong>(90)</strong></span> <span class='ocrx_word' id='word_1_430' title='bbox 3076 3061 3179 3115; x_wconf 88' lang='lat' dir='ltr'><strong>sibi</strong></span> <span class='ocrx_word' id='word_1_431' title='bbox 3214 3069 3398 3113; x_wconf 87' lang='lat' dir='ltr'><strong>mutuo</strong></span> <span class='ocrx_word' id='word_1_432' title='bbox 3453 3057 3549 3111; x_wconf 89' lang='lat' dir='ltr'><strong>mi-</strong></span> 
     </span>
    </p>
   </div>
   <div class='ocr_carea' id='block_1_59' title="bbox 1972 3148 3544 3230">
    <p class='ocr_par' dir='ltr' id='par_1_59' title="bbox 1972 3148 3544 3230">
     <span class='ocr_line' id='line_1_59' title="bbox 1972 3148 3544 3230; baseline -0.01 -11"><span class='ocrx_word' id='word_1_433' title='bbox 1972 3173 2179 3219; x_wconf 84' lang='lat' dir='ltr'><strong>serunt.</strong></span> <span class='ocrx_word' id='word_1_434' title='bbox 2213 3163 2320 3218; x_wconf 89' lang='lat' dir='ltr'><strong>Sed</strong></span> <span class='ocrx_word' id='word_1_435' title='bbox 2365 3177 2487 3217; x_wconf 89' lang='lat' dir='ltr'><strong>cum</strong></span> <span class='ocrx_word' id='word_1_436' title='bbox 2522 3159 2811 3230; x_wconf 87' lang='lat' dir='ltr'><strong>Scythicus</strong></span> <span class='ocrx_word' id='word_1_437' title='bbox 2842 3155 3072 3209; x_wconf 80' lang='lat' dir='ltr'><strong>validior</strong></span> <span class='ocrx_word' id='word_1_438' title='bbox 3097 3166 3215 3207; x_wconf 87' lang='lat' dir='ltr'><strong>esse</strong></span> <span class='ocrx_word' id='word_1_439' title='bbox 3244 3148 3544 3219; x_wconf 88' lang='lat' dir='ltr'><strong>deprehen-</strong></span> 
     </span>
    </p>
   </div>
   <div class='ocr_carea' id='block_1_60' title="bbox 1974 3242 3547 3323">
    <p class='ocr_par' dir='ltr' id='par_1_60' title="bbox 1974 3242 3547 3323">
     <span class='ocr_line' id='line_1_60' title="bbox 1974 3242 3547 3323; baseline -0.01 -17"><span class='ocrx_word' id='word_1_440' title='bbox 1974 3259 2212 3318; x_wconf 84' lang='lat' dir='ltr'><strong>deretur,</strong></span> <span class='ocrx_word' id='word_1_441' title='bbox 2244 3254 2456 3323; x_wconf 86' lang='lat' dir='ltr'><strong>fugiens</strong></span> <span class='ocrx_word' id='word_1_442' title='bbox 2483 3264 2580 3321; x_wconf 88' lang='lat' dir='ltr'><strong>per</strong></span> <span class='ocrx_word' id='word_1_443' title='bbox 2606 3257 2799 3320; x_wconf 89' lang='lat' dir='ltr'><strong>pontes</strong></span> <span class='ocrx_word' id='word_1_444' title='bbox 2832 3245 3045 3309; x_wconf 86' lang='lat' dir='ltr'><strong>Darius,</strong></span> <span class='ocrx_word' id='word_1_445' title='bbox 3080 3242 3405 3297; x_wconf 83' lang='lat' dir='ltr'><strong>festinanter</strong></span> <span class='ocrx_word' id='word_1_446' title='bbox 3430 3251 3547 3302; x_wconf 89' lang='lat' dir='ltr'><strong>eos,</strong></span> 
     </span>
    </p>
   </div>
   <div class='ocr_carea' id='block_1_61' title="bbox 280 3328 1866 3421">
    <p class='ocr_par' dir='ltr' id='par_1_61' title="bbox 280 3345 1866 3421">
     <span class='ocr_line' id='line_1_61' title="bbox 280 3345 1866 3421; baseline -0.006 -15"><span class='ocrx_word' id='word_1_447' title='bbox 280 3350 672 3421; x_wconf 75' lang='grc' dir='ltr'>ταλειφθέντες</span> <span class='ocrx_word' id='word_1_448' title='bbox 708 3352 767 3404; x_wconf 87' lang='grc' dir='ltr'><strong>ἐν</strong></span> <span class='ocrx_word' id='word_1_449' title='bbox 787 3353 855 3421; x_wconf 78' lang='grc' dir='ltr'>τῇ</span> <span class='ocrx_word' id='word_1_450' title='bbox 888 3348 1131 3421; x_wconf 81' lang='grc' dir='ltr'>Εὐρώπῃ</span> <span class='ocrx_word' id='word_1_451' title='bbox 1170 3348 1431 3419; x_wconf 86' lang='grc' dir='ltr'>μυριάδες</span> <span class='ocrx_word' id='word_1_452' title='bbox 1457 3345 1620 3399; x_wconf 87' lang='grc' dir='ltr'>ὀκτώ.</span> <span class='ocrx_word' id='word_1_453' title='bbox 1648 3346 1866 3415; x_wconf 85' lang='grc' dir='ltr'>Δαρεῖος</span> 
     </span>
    </p>
   </div>
   <div class='ocr_carea' id='block_1_62' title="bbox 1969 3328 3546 3421">
    <p class='ocr_par' dir='ltr' id='par_1_62' title="bbox 1976 3328 3546 3416">
     <span class='ocr_line' id='line_1_62' title="bbox 1976 3328 3546 3416; baseline -0.012 -17"><span class='ocrx_word' id='word_1_454' title='bbox 1976 3356 2263 3416; x_wconf 90' lang='lat' dir='ltr'><strong>antequam</strong></span> <span class='ocrx_word' id='word_1_455' title='bbox 2341 3353 2483 3397; x_wconf 90' lang='lat' dir='ltr'><strong>totus</strong></span> <span class='ocrx_word' id='word_1_456' title='bbox 2548 3339 2857 3396; x_wconf 84' lang='lat' dir='ltr'><strong>transiisset</strong></span> <span class='ocrx_word' id='word_1_457' title='bbox 2916 3335 3213 3397; x_wconf 83' lang='lat' dir='ltr'><strong>exercitus,</strong></span> <span class='ocrx_word' id='word_1_458' title='bbox 3275 3328 3546 3386; x_wconf 81' lang='lat' dir='ltr'><strong>dissolvit.</strong></span> 
     </span>
    </p>
   </div>
   <div class='ocr_carea' id='block_1_63' title="bbox 280 3434 1875 3514">
    <p class='ocr_par' dir='ltr' id='par_1_63' title="bbox 280 3434 1875 3514">
     <span class='ocr_line' id='line_1_63' title="bbox 280 3434 1875 3514; baseline -0.006 -18"><span class='ocrx_word' id='word_1_459' title='bbox 280 3442 337 3496; x_wconf 81' lang='grc' dir='ltr'>δὲ</span> <span class='ocrx_word' id='word_1_460' title='bbox 388 3443 491 3514; x_wconf 83' lang='grc' dir='ltr'>τὴν</span> <span class='ocrx_word' id='word_1_461' title='bbox 530 3441 777 3514; x_wconf 76' lang='grc' dir='ltr'>γέφυραν</span> <span class='ocrx_word' id='word_1_462' title='bbox 828 3439 1025 3504; x_wconf 76' lang='grc' dir='ltr'>διαϐὰς</span> <span class='ocrx_word' id='word_1_463' title='bbox 1070 3437 1456 3509; x_wconf 81' lang='grc' dir='ltr'>Χαλκηδονίων</span> <span class='ocrx_word' id='word_1_464' title='bbox 1479 3438 1525 3471; x_wconf 77' lang='grc'><strong>⁸⁹</strong></span> <span class='ocrx_word' id='word_1_465' title='bbox 1555 3435 1733 3499; x_wconf 71' lang='grc' dir='ltr'>οἰκίας</span> <span class='ocrx_word' id='word_1_466' title='bbox 1778 3434 1875 3489; x_wconf 75' lang='grc' dir='ltr'><strong>καὶ</strong></span> 
     </span>
    </p>
   </div>
   <div class='ocr_carea' id='block_1_64' title="bbox 285 3526 1875 3607">
    <p class='ocr_par' dir='ltr' id='par_1_64' title="bbox 285 3526 1875 3607">
     <span class='ocr_line' id='line_1_64' title="bbox 285 3526 1875 3607; baseline -0.006 -20"><span class='ocrx_word' id='word_1_467' title='bbox 285 3534 414 3607; x_wconf 78' lang='grc' dir='ltr'>ἱερὰ</span> <span class='ocrx_word' id='word_1_468' title='bbox 441 3534 767 3605; x_wconf 79' lang='grc' dir='ltr'>ἐνέπρησεν,</span> <span class='ocrx_word' id='word_1_469' title='bbox 802 3534 928 3585; x_wconf 77' lang='grc' dir='ltr'>ἐπεὶ</span> <span class='ocrx_word' id='word_1_470' title='bbox 952 3532 1053 3598; x_wconf 84' lang='grc' dir='ltr'>τὰς</span> <span class='ocrx_word' id='word_1_471' title='bbox 1087 3531 1225 3603; x_wconf 78' lang='grc' dir='ltr'>πρὸς</span> <span class='ocrx_word' id='word_1_472' title='bbox 1264 3529 1449 3592; x_wconf 81' lang='grc' dir='ltr'>αὐτοῖς</span> <span class='ocrx_word' id='word_1_473' title='bbox 1472 3528 1716 3597; x_wconf 81' lang='grc' dir='ltr'>γεφύρας</span> <span class='ocrx_word' id='word_1_474' title='bbox 1744 3526 1875 3596; x_wconf 81' lang='grc' dir='ltr'>ἐμε-</span> 
     </span>
    </p>
   </div>
   <div class='ocr_carea' id='block_1_65' title="bbox 281 3616 1876 3695">
    <p class='ocr_par' dir='ltr' id='par_1_65' title="bbox 281 3616 1876 3695">
     <span class='ocr_line' id='line_1_65' title="bbox 281 3616 1876 3695; baseline -0.006 -16"><span class='ocrx_word' id='word_1_475' title='bbox 281 3625 528 3695; x_wconf 76' lang='grc' dir='ltr'>λέτησαν</span> <span class='ocrx_word' id='word_1_476' title='bbox 581 3624 763 3688; x_wconf 82' lang='grc' dir='ltr'>λῦσαι,</span> <span class='ocrx_word' id='word_1_477' title='bbox 814 3624 912 3678; x_wconf 76' lang='grc' dir='ltr'>καὶ</span> <span class='ocrx_word' id='word_1_478' title='bbox 966 3624 1049 3677; x_wconf 84' lang='grc' dir='ltr'>ὅτι</span> <span class='ocrx_word' id='word_1_479' title='bbox 1103 3622 1195 3675; x_wconf 83' lang='grc' dir='ltr'><strong>τὸν</strong></span> <span class='ocrx_word' id='word_1_480' title='bbox 1243 3619 1447 3691; x_wconf 83' lang='grc' dir='ltr'>βωμὸν,</span> <span class='ocrx_word' id='word_1_481' title='bbox 1496 3618 1556 3672; x_wconf 83' lang='grc' dir='ltr'>ὃν</span> <span class='ocrx_word' id='word_1_482' title='bbox 1614 3616 1799 3686; x_wconf 83' lang='grc' dir='ltr'>περῶν</span> <span class='ocrx_word' id='word_1_483' title='bbox 1830 3616 1876 3647; x_wconf 76' lang='lat'><strong>‘°</strong></span> 
     </span>
    </p>
   </div>
   <div class='ocr_carea' id='block_1_66' title="bbox 284 3710 1874 3789">
    <p class='ocr_par' dir='ltr' id='par_1_66' title="bbox 284 3710 1874 3789">
     <span class='ocr_line' id='line_1_66' title="bbox 284 3710 1874 3789; baseline -0.006 -17"><span class='ocrx_word' id='word_1_484' title='bbox 284 3720 516 3789; x_wconf 80' lang='grc' dir='ltr'>Δαρεῖος</span> <span class='ocrx_word' id='word_1_485' title='bbox 574 3718 835 3771; x_wconf 85' lang='grc' dir='ltr'>κατέθετο</span> <span class='ocrx_word' id='word_1_486' title='bbox 886 3716 973 3770; x_wconf 85' lang='grc' dir='ltr'>ἐπ’</span> <span class='ocrx_word' id='word_1_487' title='bbox 1021 3716 1250 3786; x_wconf 83' lang='grc' dir='ltr'>ὀνόματι</span> <span class='ocrx_word' id='word_1_488' title='bbox 1312 3712 1668 3782; x_wconf 81' lang='grc' dir='ltr'>διαϐατηρίου</span> <span class='ocrx_word' id='word_1_489' title='bbox 1717 3710 1874 3774; x_wconf 81' lang='grc' dir='ltr'>Διὸς,</span> 
     </span>
    </p>
   </div>
   <div class='ocr_carea' id='block_1_67' title="bbox 285 3803 1880 3881">
    <p class='ocr_par' dir='ltr' id='par_1_67' title="bbox 285 3803 1880 3881">
     <span class='ocr_line' id='line_1_67' title="bbox 285 3803 1880 3881; baseline -0.006 -15"><span class='ocrx_word' id='word_1_490' title='bbox 285 3810 585 3881; x_wconf 76' lang='grc' dir='ltr'>ἠφάνισαν.</span> <span class='ocrx_word' id='word_1_491' title='bbox 626 3811 787 3873; x_wconf 80' lang='grc' dir='ltr'>Δᾶτις</span> <span class='ocrx_word' id='word_1_492' title='bbox 810 3809 867 3863; x_wconf 85' lang='grc' dir='ltr'><strong>δέ</strong></span> <span class='ocrx_word' id='word_1_493' title='bbox 900 3805 1139 3863; x_wconf 85' lang='grc' dir='ltr'>ἐπανιὼν</span> <span class='ocrx_word' id='word_1_494' title='bbox 1174 3810 1239 3861; x_wconf 88' lang='grc' dir='ltr'><strong>ἐκ</strong></span> <span class='ocrx_word' id='word_1_495' title='bbox 1267 3807 1473 3860; x_wconf 87' lang='grc' dir='ltr'>Πόντου</span> <span class='ocrx_word' id='word_1_496' title='bbox 1507 3806 1604 3859; x_wconf 71' lang='grc' dir='ltr'>καὶ</span> <span class='ocrx_word' id='word_1_497' title='bbox 1630 3803 1725 3857; x_wconf 78' lang='grc' dir='ltr'>τοῦ</span> <span class='ocrx_word' id='word_1_498' title='bbox 1759 3804 1880 3873; x_wconf 90' lang='grc' dir='ltr'><strong>Μη-</strong></span> 
     </span>
    </p>
   </div>
   <div class='ocr_carea' id='block_1_68' title="bbox 285 3892 1881 3971">
    <p class='ocr_par' dir='ltr' id='par_1_68' title="bbox 285 3892 1881 3971">
     <span class='ocr_line' id='line_1_68' title="bbox 285 3892 1881 3971; baseline -0.006 -17"><span class='ocrx_word' id='word_1_499' title='bbox 285 3899 443 3954; x_wconf 81' lang='grc' dir='ltr'>δικοῦ</span> <span class='ocrx_word' id='word_1_500' title='bbox 474 3902 519 3932; x_wconf 79' lang='grc'><strong>⁸⁸</strong></span> <span class='ocrx_word' id='word_1_501' title='bbox 555 3899 743 3955; x_wconf 90' lang='grc' dir='ltr'>στόλου</span> <span class='ocrx_word' id='word_1_502' title='bbox 788 3897 1095 3971; x_wconf 78' lang='grc' dir='ltr'>ἡγούμενος</span> <span class='ocrx_word' id='word_1_503' title='bbox 1132 3896 1357 3968; x_wconf 76' lang='grc' dir='ltr'>ἐπόρθει</span> <span class='ocrx_word' id='word_1_504' title='bbox 1401 3896 1600 3965; x_wconf 83' lang='grc' dir='ltr'>νήσους</span> <span class='ocrx_word' id='word_1_505' title='bbox 1648 3892 1745 3947; x_wconf 75' lang='grc' dir='ltr'><strong>καὶ</strong></span> <span class='ocrx_word' id='word_1_506' title='bbox 1780 3893 1881 3960; x_wconf 79' lang='grc' dir='ltr'>τὴν</span> 
     </span>
    </p>
   </div>
   <div class='ocr_carea' id='block_1_69' title="bbox 297 3984 1878 4060">
    <p class='ocr_par' dir='ltr' id='par_1_69' title="bbox 297 3984 1878 4060">
     <span class='ocr_line' id='line_1_69' title="bbox 297 3984 1878 4060; baseline -0.006 -17"><span class='ocrx_word' id='word_1_507' title='bbox 297 3990 553 4045; x_wconf 81' lang='grc' dir='ltr'>Ἐλλάδα.</span> <span class='ocrx_word' id='word_1_508' title='bbox 603 3989 691 4041; x_wconf 85' lang='grc' dir='ltr'>Ἐν</span> <span class='ocrx_word' id='word_1_509' title='bbox 725 3989 1025 4060; x_wconf 86' lang='grc' dir='ltr'>Μαραθῶνι</span> <span class='ocrx_word' id='word_1_510' title='bbox 1078 3986 1137 4041; x_wconf 76' lang='grc' dir='ltr'>δὲ</span> <span class='ocrx_word' id='word_1_511' title='bbox 1184 3985 1484 4055; x_wconf 82' lang='grc' dir='ltr'>Μιλτιάδης</span> <span class='ocrx_word' id='word_1_512' title='bbox 1536 3984 1878 4047; x_wconf 76' lang='grc' dir='ltr'>ὑπαντιάζει,</span> 
     </span>
    </p>
   </div>
   <div class='ocr_carea' id='block_1_70' title="bbox 290 4074 1876 4152">
    <p class='ocr_par' dir='ltr' id='par_1_70' title="bbox 290 4074 1876 4152">
     <span class='ocr_line' id='line_1_70' title="bbox 290 4074 1876 4152; baseline -0.006 -18"><span class='ocrx_word' id='word_1_513' title='bbox 290 4082 388 4134; x_wconf 78' lang='grc' dir='ltr'>καὶ</span> <span class='ocrx_word' id='word_1_514' title='bbox 412 4083 547 4151; x_wconf 81' lang='grc' dir='ltr'>νικᾷ</span> <span class='ocrx_word' id='word_1_515' title='bbox 575 4080 703 4142; x_wconf 78' lang='grc' dir='ltr'>τοὺς</span> <span class='ocrx_word' id='word_1_516' title='bbox 739 4080 1069 4152; x_wconf 84' lang='grc' dir='ltr'>βαρϐάρους,</span> <span class='ocrx_word' id='word_1_517' title='bbox 1102 4077 1200 4133; x_wconf 75' lang='grc' dir='ltr'>καὶ</span> <span class='ocrx_word' id='word_1_518' title='bbox 1236 4078 1425 4130; x_wconf 88' lang='grc' dir='ltr'>πίπτει</span> <span class='ocrx_word' id='word_1_519' title='bbox 1458 4076 1555 4129; x_wconf 72' lang='grc' dir='ltr'><strong>καὶ</strong></span> <span class='ocrx_word' id='word_1_520' title='bbox 1584 4074 1745 4136; x_wconf 80' lang='grc' dir='ltr'>αὐτὸς</span> <span class='ocrx_word' id='word_1_521' title='bbox 1768 4074 1876 4126; x_wconf 82' lang='grc' dir='ltr'><strong>Δᾶ-</strong></span> 
     </span>
    </p>
   </div>
   <div class='ocr_carea' id='block_1_71' title="bbox 290 4165 1878 4243">
    <p class='ocr_par' dir='ltr' id='par_1_71' title="bbox 290 4165 1878 4243">
     <span class='ocr_line' id='line_1_71' title="bbox 290 4165 1878 4243; baseline -0.004 -16"><span class='ocrx_word' id='word_1_522' title='bbox 290 4190 371 4237; x_wconf 83' lang='grc' dir='ltr'><strong>τις</strong></span> <span class='ocrx_word' id='word_1_523' title='bbox 393 4190 411 4205; x_wconf 76' lang='grc' dir='ltr'><strong>ο</strong></span> <span class='ocrx_word' id='word_1_524' title='bbox 462 4175 559 4227; x_wconf 69' lang='grc' dir='ltr'>καὶ</span> <span class='ocrx_word' id='word_1_525' title='bbox 580 4173 701 4227; x_wconf 74' lang='grc' dir='ltr'>οὐδὲ</span> <span class='ocrx_word' id='word_1_526' title='bbox 738 4174 799 4226; x_wconf 78' lang='grc' dir='ltr'><strong>τὸ</strong></span> <span class='ocrx_word' id='word_1_527' title='bbox 825 4173 986 4243; x_wconf 89' lang='grc' dir='ltr'>σῶμα</span> <span class='ocrx_word' id='word_1_528' title='bbox 1016 4172 1258 4242; x_wconf 84' lang='grc' dir='ltr'>Πέρσαις</span> <span class='ocrx_word' id='word_1_529' title='bbox 1273 4170 1670 4239; x_wconf 78' lang='grc' dir='ltr'>αἰτησαμένοις</span> <span class='ocrx_word' id='word_1_530' title='bbox 1699 4165 1878 4235; x_wconf 86' lang='grc' dir='ltr'>ἐδόθη.</span> 
     </span>
    </p>
   </div>
   <div class='ocr_carea' id='block_1_72' title="bbox 290 4258 1884 4337">
    <p class='ocr_par' dir='ltr' id='par_1_72' title="bbox 290 4258 1884 4337">
     <span class='ocr_line' id='line_1_72' title="bbox 290 4258 1884 4337; baseline -0.005 -19"><span class='ocrx_word' id='word_1_531' title='bbox 290 4267 529 4337; x_wconf 84' lang='grc' dir='ltr'>Δαρεῖος</span> <span class='ocrx_word' id='word_1_532' title='bbox 574 4265 632 4318; x_wconf 87' lang='grc' dir='ltr'>δὲ</span> <span class='ocrx_word' id='word_1_533' title='bbox 679 4263 989 4319; x_wconf 87' lang='grc' dir='ltr'>ἐπανελθὼν</span> <span class='ocrx_word' id='word_1_534' title='bbox 1022 4264 1104 4324; x_wconf 86' lang='grc' dir='ltr'><strong>είς</strong></span> <span class='ocrx_word' id='word_1_535' title='bbox 1156 4263 1372 4328; x_wconf 85' lang='grc' dir='ltr'>Πέρσας</span> <span class='ocrx_word' id='word_1_536' title='bbox 1427 4260 1522 4313; x_wconf 80' lang='grc' dir='ltr'><strong>καὶ</strong></span> <span class='ocrx_word' id='word_1_537' title='bbox 1575 4258 1744 4319; x_wconf 83' lang='grc' dir='ltr'>θύσας</span> <span class='ocrx_word' id='word_1_538' title='bbox 1790 4260 1884 4311; x_wconf 74' lang='grc' dir='ltr'>καὶ</span> 
     </span>
    </p>
   </div>
   <div class='ocr_carea' id='block_1_73' title="bbox 291 4348 1883 4428">
    <p class='ocr_par' dir='ltr' id='par_1_73' title="bbox 291 4348 1883 4428">
     <span class='ocr_line' id='line_1_73' title="bbox 291 4348 1883 4428; baseline -0.005 -19"><span class='ocrx_word' id='word_1_539' title='bbox 291 4358 517 4428; x_wconf 78' lang='grc' dir='ltr'>ἡμέρας</span> <span class='ocrx_word' id='word_1_540' title='bbox 558 4357 794 4428; x_wconf 83' lang='grc' dir='ltr'>νοσήσας</span> <span class='ocrx_word' id='word_1_541' title='bbox 816 4356 861 4409; x_wconf 84' lang='grc' dir='ltr'><strong>λ’</strong></span> <span class='ocrx_word' id='word_1_542' title='bbox 898 4355 1151 4427; x_wconf 83' lang='grc' dir='ltr'>τελευτᾷ,</span> <span class='ocrx_word' id='word_1_543' title='bbox 1198 4352 1370 4424; x_wconf 77' lang='grc' dir='ltr'>ζήσας</span> <span class='ocrx_word' id='word_1_544' title='bbox 1424 4352 1523 4422; x_wconf 83' lang='grc' dir='ltr'><strong>μὲν</strong></span> <span class='ocrx_word' id='word_1_545' title='bbox 1578 4350 1675 4419; x_wconf 82' lang='grc' dir='ltr'><strong>ἐτη</strong></span> <span class='ocrx_word' id='word_1_546' title='bbox 1709 4348 1785 4420; x_wconf 80' lang='grc' dir='ltr'><strong>οβ’</strong></span> <span class='ocrx_word' id='word_1_547' title='bbox 1812 4349 1883 4411; x_wconf 69' lang='grc' dir='ltr'>θ’,</span> 
     </span>
    </p>
   </div>
   <div class='ocr_carea' id='block_1_74' title="bbox 296 4442 1883 4520">
    <p class='ocr_par' dir='ltr' id='par_1_74' title="bbox 296 4442 1883 4520">
     <span class='ocr_line' id='line_1_74' title="bbox 296 4442 1883 4520; baseline -0.004 -17"><span class='ocrx_word' id='word_1_548' title='bbox 296 4447 630 4520; x_wconf 78' lang='grc' dir='ltr'>βασιλεύσας</span> <span class='ocrx_word' id='word_1_549' title='bbox 654 4448 713 4502; x_wconf 82' lang='grc' dir='ltr'>δὲ</span> <span class='ocrx_word' id='word_1_550' title='bbox 737 4448 829 4519; x_wconf 85' lang='grc' dir='ltr'><strong>ἐτη</strong></span> <span class='ocrx_word' id='word_1_551' title='bbox 854 4448 958 4502; x_wconf 90' lang='grc' dir='ltr'>λα’.</span> <span class='ocrx_word' id='word_1_552' title='bbox 1000 4445 1265 4501; x_wconf 82' lang='grc' dir='ltr'>Ἀπέθανε</span> <span class='ocrx_word' id='word_1_553' title='bbox 1301 4444 1359 4497; x_wconf 83' lang='grc' dir='ltr'><strong>δέ</strong></span> <span class='ocrx_word' id='word_1_554' title='bbox 1392 4443 1489 4498; x_wconf 72' lang='grc' dir='ltr'><strong>κα.)⁵</strong></span> <span class='ocrx_word' id='word_1_555' title='bbox 1522 4442 1883 4513; x_wconf 84' lang='grc' dir='ltr'>Ἀρτασύρας.</span> 
     </span>
    </p>
   </div>
   <div class='ocr_carea' id='block_1_75' title="bbox 296 4536 1886 4614">
    <p class='ocr_par' dir='ltr' id='par_1_75' title="bbox 296 4536 1886 4614">
     <span class='ocr_line' id='line_1_75' title="bbox 296 4536 1886 4614; baseline -0.006 -15"><span class='ocrx_word' id='word_1_556' title='bbox 296 4544 409 4599; x_wconf 78' lang='grc' dir='ltr'><strong>Καὶ</strong></span> <span class='ocrx_word' id='word_1_557' title='bbox 431 4547 462 4598; x_wconf 87' lang='grc' dir='ltr'><strong>ό</strong></span> <span class='ocrx_word' id='word_1_558' title='bbox 492 4544 832 4614; x_wconf 85' lang='grc' dir='ltr'>Βαγαπάτης</span> <span class='ocrx_word' id='word_1_559' title='bbox 868 4543 926 4596; x_wconf 82' lang='grc' dir='ltr'>δὲ</span> <span class='ocrx_word' id='word_1_560' title='bbox 950 4542 1012 4596; x_wconf 76' lang='grc' dir='ltr'>τὸ</span> <span class='ocrx_word' id='word_1_561' title='bbox 1052 4541 1205 4611; x_wconf 81' lang='grc' dir='ltr'>σῆμα</span> <span class='ocrx_word' id='word_1_562' title='bbox 1234 4538 1463 4610; x_wconf 84' lang='grc' dir='ltr'>Δαρείου</span> <span class='ocrx_word' id='word_1_563' title='bbox 1494 4536 1886 4609; x_wconf 84' lang='grc' dir='ltr'>παρακαθίσας</span> 
     </span>
    </p>
   </div>
   <div class='ocr_carea' id='block_1_76' title="bbox 296 4634 847 4706">
    <p class='ocr_par' dir='ltr' id='par_1_76' title="bbox 296 4634 847 4706">
     <span class='ocr_line' id='line_1_76' title="bbox 296 4634 847 4706; baseline 0.004 -18"><span class='ocrx_word' id='word_1_564' title='bbox 296 4635 395 4706; x_wconf 81' lang='grc' dir='ltr'><strong>ἐτη</strong></span> <span class='ocrx_word' id='word_1_565' title='bbox 427 4636 478 4702; x_wconf 80' lang='grc' dir='ltr'><strong>ζ’</strong></span> <span class='ocrx_word' id='word_1_566' title='bbox 501 4634 847 4704; x_wconf 80' lang='grc' dir='ltr'>ἐτελεύτησε.</span> 
     </span>
    </p>
   </div>
   <div class='ocr_carea' id='block_1_77' title="bbox 1944 3888 2950 3956">
    <p class='ocr_par' dir='ltr' id='par_1_77' title="bbox 1944 3888 2950 3956">
     <span class='ocr_line' id='line_1_77' title="bbox 1944 3888 2950 3956; baseline -0.008 -10"><span class='ocrx_word' id='word_1_567' title='bbox 1944 3900 2157 3956; x_wconf 74' lang='lat' dir='ltr'><strong>erant,</strong></span> <span class='ocrx_word' id='word_1_568' title='bbox 2215 3888 2526 3944; x_wconf 84' lang='lat' dir='ltr'><strong>rescindere</strong></span> <span class='ocrx_word' id='word_1_569' title='bbox 2582 3896 2883 3941; x_wconf 89' lang='lat' dir='ltr'><strong>tentassent</strong></span> <span class='ocrx_word' id='word_1_570' title='bbox 2935 3901 2950 3938; x_wconf 90' lang='lat'><strong>:</strong></span> 
     </span>
    </p>
   </div>
   <div class='ocr_carea' id='block_1_78' title="bbox 1978 3418 3548 3503">
    <p class='ocr_par' dir='ltr' id='par_1_78' title="bbox 1978 3418 3548 3503">
     <span class='ocr_line' id='line_1_78' title="bbox 1978 3418 3548 3503; baseline -0.013 -14"><span class='ocrx_word' id='word_1_571' title='bbox 1978 3436 2091 3503; x_wconf 87' lang='lat' dir='ltr'><strong>Qua</strong></span> <span class='ocrx_word' id='word_1_572' title='bbox 2140 3450 2201 3490; x_wconf 91' lang='lat' dir='ltr'><strong>re</strong></span> <span class='ocrx_word' id='word_1_573' title='bbox 2246 3433 2448 3488; x_wconf 90' lang='lat' dir='ltr'><strong>factum</strong></span> <span class='ocrx_word' id='word_1_574' title='bbox 2504 3440 2609 3495; x_wconf 87' lang='lat' dir='ltr'><strong>est,</strong></span> <span class='ocrx_word' id='word_1_575' title='bbox 2663 3439 2722 3483; x_wconf 91' lang='lat' dir='ltr'><strong>ut</strong></span> <span class='ocrx_word' id='word_1_576' title='bbox 2774 3428 2869 3497; x_wconf 92' lang='lat' dir='ltr'><strong>qui</strong></span> <span class='ocrx_word' id='word_1_577' title='bbox 2919 3424 3113 3494; x_wconf 87' lang='lat' dir='ltr'><strong>reliqui</strong></span> <span class='ocrx_word' id='word_1_578' title='bbox 3172 3422 3239 3475; x_wconf 91' lang='lat' dir='ltr'><strong>ad</strong></span> <span class='ocrx_word' id='word_1_579' title='bbox 3271 3418 3548 3487; x_wconf 84' lang='lat' dir='ltr'><strong>octoginta</strong></span> 
     </span>
    </p>
   </div>
   <div class='ocr_carea' id='block_1_79' title="bbox 1979 3514 3552 3593">
    <p class='ocr_par' dir='ltr' id='par_1_79' title="bbox 1979 3514 3552 3593">
     <span class='ocr_line' id='line_1_79' title="bbox 1979 3514 3552 3593; baseline -0.015 -9"><span class='ocrx_word' id='word_1_580' title='bbox 1979 3528 2146 3585; x_wconf 88' lang='lat' dir='ltr'><strong>millia</strong></span> <span class='ocrx_word' id='word_1_581' title='bbox 2186 3527 2239 3581; x_wconf 91' lang='lat' dir='ltr'><strong>in</strong></span> <span class='ocrx_word' id='word_1_582' title='bbox 2286 3524 2501 3593; x_wconf 87' lang='lat' dir='ltr'><strong>Europa</strong></span> <span class='ocrx_word' id='word_1_583' title='bbox 2549 3521 2724 3576; x_wconf 88' lang='lat' dir='ltr'><strong>relicti</strong></span> <span class='ocrx_word' id='word_1_584' title='bbox 2754 3527 2935 3581; x_wconf 84' lang='lat' dir='ltr'><strong>erant,</strong></span> <span class='ocrx_word' id='word_1_585' title='bbox 2964 3532 2994 3571; x_wconf 88' lang='lat' dir='ltr'><strong>a</strong></span> <span class='ocrx_word' id='word_1_586' title='bbox 3028 3514 3327 3585; x_wconf 84' lang='lat' dir='ltr'><strong>Scytharee</strong></span> <span class='ocrx_word' id='word_1_587' title='bbox 3358 3522 3552 3562; x_wconf 75' lang='lat' dir='ltr'><strong>mitnes</strong></span> 
     </span>
    </p>
   </div>
   <div class='ocr_carea' id='block_1_80' title="bbox 1979 3601 3550 3677">
    <p class='ocr_par' dir='ltr' id='par_1_80' title="bbox 1979 3601 3550 3677">
     <span class='ocr_line' id='line_1_80' title="bbox 1979 3601 3550 3677; baseline -0.013 -2"><span class='ocrx_word' id='word_1_588' title='bbox 1979 3618 2247 3675; x_wconf 83' lang='lat' dir='ltr'><strong>interfecti</strong></span> <span class='ocrx_word' id='word_1_589' title='bbox 2283 3616 2501 3671; x_wconf 84' lang='lat' dir='ltr'><strong>fuerint.</strong></span> <span class='ocrx_word' id='word_1_590' title='bbox 2535 3613 2726 3667; x_wconf 88' lang='lat' dir='ltr'><strong>Darius</strong></span> <span class='ocrx_word' id='word_1_591' title='bbox 2749 3618 2956 3674; x_wconf 88' lang='lat' dir='ltr'><strong>autem,</strong></span> <span class='ocrx_word' id='word_1_592' title='bbox 3000 3617 3168 3677; x_wconf 87' lang='lat' dir='ltr'><strong>ponte</strong></span> <span class='ocrx_word' id='word_1_593' title='bbox 3205 3601 3550 3663; x_wconf 85' lang='lat' dir='ltr'><strong>transmisso,</strong></span> 
     </span>
    </p>
   </div>
   <div class='ocr_carea' id='block_1_81' title="bbox 1980 3691 3554 3766">
    <p class='ocr_par' dir='ltr' id='par_1_81' title="bbox 1980 3691 3554 3766">
     <span class='ocr_line' id='line_1_81' title="bbox 1980 3691 3554 3766; baseline -0.014 -1"><span class='ocrx_word' id='word_1_594' title='bbox 1980 3710 2208 3765; x_wconf 85' lang='lat' dir='ltr'><strong>flammis</strong></span> <span class='ocrx_word' id='word_1_595' title='bbox 2279 3706 2800 3763; x_wconf 88' lang='lat' dir='ltr'><strong>Chalcedonensium</strong></span> <span class='ocrx_word' id='word_1_596' title='bbox 2861 3703 3052 3755; x_wconf 90' lang='lat' dir='ltr'><strong>domos</strong></span> <span class='ocrx_word' id='word_1_597' title='bbox 3130 3706 3295 3766; x_wconf 79' lang='lat' dir='ltr'><strong>atque</strong></span> <span class='ocrx_word' id='word_1_598' title='bbox 3357 3691 3554 3760; x_wconf 87' lang='lat' dir='ltr'><strong>templa</strong></span> 
     </span>
    </p>
   </div>
   <div class='ocr_carea' id='block_1_82' title="bbox 1979 3789 3556 3867">
    <p class='ocr_par' dir='ltr' id='par_1_82' title="bbox 1979 3789 3556 3867">
     <span class='ocr_line' id='line_1_82' title="bbox 1979 3789 3556 3867; baseline -0.011 -11"><span class='ocrx_word' id='word_1_599' title='bbox 1979 3799 2317 3856; x_wconf 86' lang='lat' dir='ltr'><strong>combussit:</strong></span> <span class='ocrx_word' id='word_1_600' title='bbox 2362 3806 2474 3852; x_wconf 92' lang='lat' dir='ltr'><strong>tum</strong></span> <span class='ocrx_word' id='word_1_601' title='bbox 2523 3797 2665 3867; x_wconf 83' lang='lat' dir='ltr'><strong>quod</strong></span> <span class='ocrx_word' id='word_1_602' title='bbox 2694 3810 2804 3849; x_wconf 82' lang='lat' dir='ltr'><strong>eos</strong></span> <span class='ocrx_word' id='word_1_603' title='bbox 2860 3794 2951 3863; x_wconf 88' lang='lat' dir='ltr'><strong>qui</strong></span> <span class='ocrx_word' id='word_1_604' title='bbox 2993 3790 3137 3860; x_wconf 83' lang='lat' dir='ltr'><strong>apud</strong></span> <span class='ocrx_word' id='word_1_605' title='bbox 3182 3789 3330 3859; x_wconf 85' lang='lat' dir='ltr'><strong>ipsos</strong></span> <span class='ocrx_word' id='word_1_606' title='bbox 3359 3794 3556 3855; x_wconf 87' lang='lat' dir='ltr'><strong>pontes</strong></span> 
     </span>
    </p>
   </div>
   <div class='ocr_carea' id='block_1_83' title="bbox 3003 3879 3554 3949">
    <p class='ocr_par' dir='ltr' id='par_1_83' title="bbox 3003 3879 3554 3949">
     <span class='ocr_line' id='line_1_83' title="bbox 3003 3879 3554 3949; baseline -0.016 -13"><span class='ocrx_word' id='word_1_607' title='bbox 3003 3894 3111 3937; x_wconf 87' lang='lat' dir='ltr'><strong>tum</strong></span> <span class='ocrx_word' id='word_1_608' title='bbox 3173 3879 3320 3949; x_wconf 90' lang='lat' dir='ltr'><strong>quod</strong></span> <span class='ocrx_word' id='word_1_609' title='bbox 3377 3892 3554 3939; x_wconf 84' lang='lat' dir='ltr'><strong>aram,</strong></span> 
     </span>
    </p>
   </div>
   <div class='ocr_carea' id='block_1_84' title="bbox 1981 3966 3556 4053">
    <p class='ocr_par' dir='ltr' id='par_1_84' title="bbox 1981 3966 3556 4053">
     <span class='ocr_line' id='line_1_84' title="bbox 1981 3966 3556 4053; baseline -0.01 -17"><span class='ocrx_word' id='word_1_610' title='bbox 1981 3998 2141 4053; x_wconf 85' lang='lat' dir='ltr'><strong>quam</strong></span> <span class='ocrx_word' id='word_1_611' title='bbox 2203 3981 2321 4052; x_wconf 87' lang='lat' dir='ltr'><strong>ipse</strong></span> <span class='ocrx_word' id='word_1_612' title='bbox 2362 3978 2774 4040; x_wconf 82' lang='lat' dir='ltr'><strong>transmittens,</strong></span> <span class='ocrx_word' id='word_1_613' title='bbox 2816 3976 2869 4030; x_wconf 87' lang='lat' dir='ltr'><strong>in</strong></span> <span class='ocrx_word' id='word_1_614' title='bbox 2927 3973 3078 4029; x_wconf 84' lang='lat' dir='ltr'><strong>Jovis</strong></span> <span class='ocrx_word' id='word_1_615' title='bbox 3116 3970 3406 4026; x_wconf 86' lang='lat' dir='ltr'><strong>Diabaterii</strong></span> <span class='ocrx_word' id='word_1_616' title='bbox 3441 3966 3556 4037; x_wconf 82' lang='grc'>(91)</span> 
     </span>
    </p>
   </div>
   <div class='ocr_carea' id='block_1_85' title="bbox 1984 4064 3558 4133">
    <p class='ocr_par' dir='ltr' id='par_1_85' title="bbox 1984 4064 3558 4133">
     <span class='ocr_line' id='line_1_85' title="bbox 1984 4064 3558 4133; baseline -0.011 -3"><span class='ocrx_word' id='word_1_617' title='bbox 1984 4076 2244 4130; x_wconf 90' lang='lat' dir='ltr'><strong>honorem</strong></span> <span class='ocrx_word' id='word_1_618' title='bbox 2279 4080 2570 4133; x_wconf 87' lang='lat' dir='ltr'><strong>statuerat,</strong></span> <span class='ocrx_word' id='word_1_619' title='bbox 2625 4069 2699 4123; x_wconf 94' lang='lat' dir='ltr'><strong>illi</strong></span> <span class='ocrx_word' id='word_1_620' title='bbox 2753 4069 3101 4122; x_wconf 85' lang='lat' dir='ltr'><strong>evertissent.</strong></span> <span class='ocrx_word' id='word_1_621' title='bbox 3156 4064 3307 4118; x_wconf 87' lang='lat' dir='ltr'><strong>Datis</strong></span> <span class='ocrx_word' id='word_1_622' title='bbox 3335 4075 3558 4117; x_wconf 82' lang='lat' dir='ltr'><strong>veroex</strong></span> 
     </span>
    </p>
   </div>
   <div class='ocr_carea' id='block_1_86' title="bbox 1983 4153 3559 4228">
    <p class='ocr_par' dir='ltr' id='par_1_86' title="bbox 1983 4153 3559 4228">
     <span class='ocr_line' id='line_1_86' title="bbox 1983 4153 3559 4228; baseline -0.008 -7"><span class='ocrx_word' id='word_1_623' title='bbox 1983 4167 2155 4222; x_wconf 88' lang='lat' dir='ltr'><strong>Ponto</strong></span> <span class='ocrx_word' id='word_1_624' title='bbox 2186 4172 2488 4227; x_wconf 87' lang='lat' dir='ltr'><strong>revertens,</strong></span> <span class='ocrx_word' id='word_1_625' title='bbox 2512 4171 2570 4215; x_wconf 91' lang='lat' dir='ltr'><strong>ut</strong></span> <span class='ocrx_word' id='word_1_626' title='bbox 2600 4160 2839 4215; x_wconf 72' lang='lat' dir='ltr'><strong>Pontica:</strong></span> <span class='ocrx_word' id='word_1_627' title='bbox 2872 4168 3101 4228; x_wconf 73' lang='lat' dir='ltr'><strong>praeerat</strong></span> <span class='ocrx_word' id='word_1_628' title='bbox 3126 4156 3310 4220; x_wconf 87' lang='lat' dir='ltr'><strong>classi,</strong></span> <span class='ocrx_word' id='word_1_629' title='bbox 3352 4153 3559 4209; x_wconf 70' lang='lat' dir='ltr'><strong>insulas</strong></span> 
     </span>
    </p>
   </div>
   <div class='ocr_carea' id='block_1_87' title="bbox 1985 4247 3554 4327">
    <p class='ocr_par' dir='ltr' id='par_1_87' title="bbox 1985 4247 3554 4327">
     <span class='ocr_line' id='line_1_87' title="bbox 1985 4247 3554 4327; baseline -0.007 -17"><span class='ocrx_word' id='word_1_630' title='bbox 1985 4256 2184 4327; x_wconf 87' lang='lat' dir='ltr'><strong>passim</strong></span> <span class='ocrx_word' id='word_1_631' title='bbox 2223 4254 2601 4322; x_wconf 53' lang='lat' dir='ltr'><strong>Graeciamque</strong></span> <span class='ocrx_word' id='word_1_632' title='bbox 2635 4252 2900 4306; x_wconf 84' lang='lat' dir='ltr'><strong>vastabat.</strong></span> <span class='ocrx_word' id='word_1_633' title='bbox 2936 4250 3070 4304; x_wconf 67' lang='lat' dir='ltr'><strong>linit:</strong></span> <span class='ocrx_word' id='word_1_634' title='bbox 3110 4250 3250 4319; x_wconf 87' lang='lat' dir='ltr'><strong>apud</strong></span> <span class='ocrx_word' id='word_1_635' title='bbox 3277 4247 3554 4302; x_wconf 75' lang='lat' dir='ltr'><strong>Maratho-</strong></span> 
     </span>
    </p>
   </div>
   <div class='ocr_carea' id='block_1_88' title="bbox 1986 4340 3560 4421">
    <p class='ocr_par' dir='ltr' id='par_1_88' title="bbox 1986 4340 3560 4421">
     <span class='ocr_line' id='line_1_88' title="bbox 1986 4340 3560 4421; baseline -0.008 -15"><span class='ocrx_word' id='word_1_636' title='bbox 1986 4365 2108 4406; x_wconf 89' lang='lat' dir='ltr'><strong>nem</strong></span> <span class='ocrx_word' id='word_1_637' title='bbox 2148 4348 2264 4421; x_wconf 74' lang='grc'>(92)</span> <span class='ocrx_word' id='word_1_638' title='bbox 2300 4346 2571 4401; x_wconf 74' lang='lat' dir='ltr'><strong>Miltiades</strong></span> <span class='ocrx_word' id='word_1_639' title='bbox 2603 4360 2899 4401; x_wconf 86' lang='lat' dir='ltr'><strong>occurrens</strong></span> <span class='ocrx_word' id='word_1_640' title='bbox 2933 4343 3201 4399; x_wconf 80' lang='lat' dir='ltr'><strong>Barbaros</strong></span> <span class='ocrx_word' id='word_1_641' title='bbox 3243 4342 3404 4405; x_wconf 70' lang='lat' dir='ltr'><strong>vicit,</strong></span> <span class='ocrx_word' id='word_1_642' title='bbox 3440 4340 3560 4409; x_wconf 90' lang='lat' dir='ltr'><strong>ipso</strong></span> 
     </span>
    </p>
   </div>
   <div class='ocr_carea' id='block_1_89' title="bbox 1986 4432 3557 4503">
    <p class='ocr_par' dir='ltr' id='par_1_89' title="bbox 1986 4432 3557 4503">
     <span class='ocr_line' id='line_1_89' title="bbox 1986 4432 3557 4503; baseline -0.01 -8"><span class='ocrx_word' id='word_1_643' title='bbox 1986 4442 2147 4496; x_wconf 86' lang='lat' dir='ltr'><strong>etiam</strong></span> <span class='ocrx_word' id='word_1_644' title='bbox 2181 4439 2542 4494; x_wconf 87' lang='lat' dir='ltr'><strong>ocemnbente</strong></span> <span class='ocrx_word' id='word_1_645' title='bbox 2592 4435 2747 4501; x_wconf 89' lang='lat' dir='ltr'><strong>Date,</strong></span> <span class='ocrx_word' id='word_1_646' title='bbox 2799 4434 2956 4503; x_wconf 87' lang='lat' dir='ltr'><strong>cujus</strong></span> <span class='ocrx_word' id='word_1_647' title='bbox 2980 4432 3064 4486; x_wconf 90' lang='lat' dir='ltr'><strong>vel</strong></span> <span class='ocrx_word' id='word_1_648' title='bbox 3098 4434 3334 4486; x_wconf 84' lang='lat' dir='ltr'><strong>cadaver</strong></span> <span class='ocrx_word' id='word_1_649' title='bbox 3366 4437 3557 4498; x_wconf 89' lang='lat' dir='ltr'><strong>peten-</strong></span> 
     </span>
    </p>
   </div>
   <div class='ocr_carea' id='block_1_90' title="bbox 1988 4513 3560 4596">
    <p class='ocr_par' dir='ltr' id='par_1_90' title="bbox 1988 4513 3560 4596">
     <span class='ocr_line' id='line_1_90' title="bbox 1988 4513 3560 4596; baseline -0.011 -12"><span class='ocrx_word' id='word_1_650' title='bbox 1988 4531 2133 4584; x_wconf 85' lang='lat' dir='ltr'><strong>tibus</strong></span> <span class='ocrx_word' id='word_1_651' title='bbox 2157 4527 2339 4583; x_wconf 84' lang='lat' dir='ltr'><strong>Persis</strong></span> <span class='ocrx_word' id='word_1_652' title='bbox 2368 4527 2691 4596; x_wconf 85' lang='lat' dir='ltr'><strong>denegatum</strong></span> <span class='ocrx_word' id='word_1_653' title='bbox 2732 4532 2839 4576; x_wconf 87' lang='lat' dir='ltr'><strong>est.</strong></span> <span class='ocrx_word' id='word_1_654' title='bbox 2873 4521 3067 4574; x_wconf 85' lang='lat' dir='ltr'><strong>Darius</strong></span> <span class='ocrx_word' id='word_1_655' title='bbox 3095 4516 3399 4588; x_wconf 75' lang='lat' dir='ltr'><strong>qnoquead</strong></span> <span class='ocrx_word' id='word_1_656' title='bbox 3430 4513 3560 4567; x_wconf 85' lang='lat' dir='ltr'><strong>Per—</strong></span> 
     </span>
    </p>
   </div>
   <div class='ocr_carea' id='block_1_91' title="bbox 1988 4610 3559 4688">
    <p class='ocr_par' dir='ltr' id='par_1_91' title="bbox 1988 4610 3559 4688">
     <span class='ocr_line' id='line_1_91' title="bbox 1988 4610 3559 4688; baseline -0.013 -8"><span class='ocrx_word' id='word_1_657' title='bbox 1988 4639 2080 4680; x_wconf 85' lang='lat' dir='ltr'><strong>sas</strong></span> <span class='ocrx_word' id='word_1_658' title='bbox 2112 4635 2382 4683; x_wconf 87' lang='lat' dir='ltr'><strong>reversus,</strong></span> <span class='ocrx_word' id='word_1_659' title='bbox 2412 4627 2536 4688; x_wconf 88' lang='lat' dir='ltr'><strong>post</strong></span> <span class='ocrx_word' id='word_1_660' title='bbox 2563 4617 2745 4672; x_wconf 88' lang='lat' dir='ltr'><strong>oblata</strong></span> <span class='ocrx_word' id='word_1_661' title='bbox 2783 4614 3075 4678; x_wconf 80' lang='lat' dir='ltr'><strong>sacrificia,</strong></span> <span class='ocrx_word' id='word_1_662' title='bbox 3121 4622 3176 4666; x_wconf 90' lang='lat' dir='ltr'><strong>et</strong></span> <span class='ocrx_word' id='word_1_663' title='bbox 3204 4612 3414 4665; x_wconf 77' lang='lat' dir='ltr'><strong>diorum</strong></span> <span class='ocrx_word' id='word_1_664' title='bbox 3465 4610 3559 4662; x_wconf 85' lang='lat' dir='ltr'><strong>tri-</strong></span> 
     </span>
    </p>
   </div>
   <div class='ocr_carea' id='block_1_92' title="bbox 300 4706 3561 4797">
    <p class='ocr_par' dir='ltr' id='par_1_92' title="bbox 300 4706 3561 4797">
     <span class='ocr_line' id='line_1_92' title="bbox 300 4706 3561 4797; baseline -0.007 -15"><span class='ocrx_word' id='word_1_665' title='bbox 300 4732 453 4797; x_wconf 80' lang='lat' dir='ltr'><strong>ginta</strong></span> <span class='ocrx_word' id='word_1_666' title='bbox 531 4731 817 4797; x_wconf 88' lang='lat' dir='ltr'><strong>morbum,</strong></span> <span class='ocrx_word' id='word_1_667' title='bbox 874 4729 988 4784; x_wconf 85' lang='lat' dir='ltr'><strong>vita</strong></span> <span class='ocrx_word' id='word_1_668' title='bbox 1061 4727 1279 4783; x_wconf 86' lang='lat' dir='ltr'><strong>functus</strong></span> <span class='ocrx_word' id='word_1_669' title='bbox 1344 4735 1465 4793; x_wconf 88' lang='lat' dir='ltr'><strong>est,</strong></span> <span class='ocrx_word' id='word_1_670' title='bbox 1529 4741 1651 4780; x_wconf 90' lang='lat' dir='ltr'><strong>cmn</strong></span> <span class='ocrx_word' id='word_1_671' title='bbox 1717 4737 1891 4778; x_wconf 88' lang='lat' dir='ltr'><strong>annos</strong></span> <span class='ocrx_word' id='word_1_672' title='bbox 1924 4721 2152 4775; x_wconf 81' lang='lat' dir='ltr'><strong>vixisset</strong></span> <span class='ocrx_word' id='word_1_673' title='bbox 2216 4731 2411 4780; x_wconf 79' lang='lat' dir='ltr'><strong>Lxxu,</strong></span> <span class='ocrx_word' id='word_1_674' title='bbox 2480 4723 2604 4785; x_wconf 89' lang='lat' dir='ltr'><strong>post</strong></span> <span class='ocrx_word' id='word_1_675' title='bbox 2665 4727 2893 4783; x_wconf 87' lang='lat' dir='ltr'><strong>regnum</strong></span> <span class='ocrx_word' id='word_1_676' title='bbox 2947 4710 3150 4763; x_wconf 87' lang='lat' dir='ltr'><strong>aditum</strong></span> <span class='ocrx_word' id='word_1_677' title='bbox 3216 4706 3440 4776; x_wconf 75' lang='lat' dir='ltr'><strong>triginta</strong></span> <span class='ocrx_word' id='word_1_678' title='bbox 3507 4715 3561 4758; x_wconf 78' lang='lat' dir='ltr'><strong>et</strong></span> 
     </span>
    </p>
   </div>
   <div class='ocr_carea' id='block_1_93' title="bbox 1592 4834 2282 4899">
    <p class='ocr_par' dir='ltr' id='par_1_93' title="bbox 1592 4834 2282 4899">
     <span class='ocr_line' id='line_1_93' title="bbox 1592 4834 2282 4899; baseline -0.012 -2"><span class='ocrx_word' id='word_1_679' title='bbox 1592 4841 1831 4899; x_wconf 67' lang='lat' dir='ltr'><strong>VARIE</strong></span> <span class='ocrx_word' id='word_1_680' title='bbox 1867 4834 2282 4896; x_wconf 83' lang='lat' dir='ltr'><strong>LECTIONES.</strong></span> 
     </span>
    </p>
   </div>
   <div class='ocr_carea' id='block_1_94' title="bbox 412 4967 1028 5038">
    <p class='ocr_par' dir='ltr' id='par_1_94' title="bbox 412 4967 1028 5038">
     <span class='ocr_line' id='line_1_94' title="bbox 412 4967 1028 5038; baseline -0.005 -14"><span class='ocrx_word' id='word_1_681' title='bbox 412 4972 457 5002; x_wconf 84' lang='grc'><strong>⁵¹</strong></span> <span class='ocrx_word' id='word_1_682' title='bbox 500 4969 717 5038; x_wconf 87' lang='grc' dir='ltr'>πρῶτον</span> <span class='ocrx_word' id='word_1_683' title='bbox 747 4985 809 5033; x_wconf 82' lang='grc' dir='ltr'><strong>ς.</strong></span> <span class='ocrx_word' id='word_1_684' title='bbox 882 4969 929 4999; x_wconf 74' lang='grc' dir='ltr'><strong>δ’</strong></span> <span class='ocrx_word' id='word_1_685' title='bbox 960 4967 1028 5036; x_wconf 81' lang='grc' dir='ltr'><strong>δφ</strong></span> 
     </span>
    </p>
   </div>
   <div class='ocr_carea' id='block_1_95' title="bbox 302 5025 2469 5111">
    <p class='ocr_par' dir='ltr' id='par_1_95' title="bbox 302 5025 2469 5111">
     <span class='ocr_line' id='line_1_95' title="bbox 302 5025 2469 5111; baseline -0.006 -21"><span class='ocrx_word' id='word_1_686' title='bbox 302 5058 393 5111; x_wconf 78' lang='lat' dir='ltr'><strong>pr.</strong></span> <span class='ocrx_word' id='word_1_687' title='bbox 415 5041 484 5094; x_wconf 77' lang='grc' dir='ltr'><strong>Α.</strong></span> <span class='ocrx_word' id='word_1_688' title='bbox 626 5040 686 5091; x_wconf 81' lang='grc' dir='ltr'><strong>τὸ</strong></span> <span class='ocrx_word' id='word_1_689' title='bbox 731 5025 875 5111; x_wconf 61' lang='grc' dir='ltr'><strong>σῇιι.Δ</strong></span> <span class='ocrx_word' id='word_1_690' title='bbox 899 5040 966 5092; x_wconf 79' lang='grc' dir='ltr'><strong>Α.</strong></span> <span class='ocrx_word' id='word_1_691' title='bbox 1004 5025 1015 5036; x_wconf 76' lang='grc'><em>’</em></span> <span class='ocrx_word' id='word_1_692' title='bbox 1040 5025 1507 5111; x_wconf 33' lang='grc' dir='ltr'>’ξ’Σκυ-θάρῳνις.</span> <span class='ocrx_word' id='word_1_693' title='bbox 1535 5102 1550 5111; x_wconf 79' lang='lat'><strong><em>_</em></strong></span> <span class='ocrx_word' id='word_1_694' title='bbox 1583 5032 1628 5111; x_wconf 60' lang='grc' dir='ltr'><strong>’ξ</strong></span> <span class='ocrx_word' id='word_1_695' title='bbox 1661 5025 2030 5099; x_wconf 63' lang='grc' dir='ltr'>καρχηδονίων</span> <span class='ocrx_word' id='word_1_696' title='bbox 2073 5045 2133 5092; x_wconf 89' lang='grc' dir='ltr'><strong>ς.</strong></span> <span class='ocrx_word' id='word_1_697' title='bbox 2212 5026 2259 5058; x_wconf 75' lang='grc' dir='ltr'><strong>⁸ο</strong></span> <span class='ocrx_word' id='word_1_698' title='bbox 2284 5025 2469 5097; x_wconf 89' lang='grc' dir='ltr'>περῶν</span> 
     </span>
    </p>
   </div>
   <div class='ocr_carea' id='block_1_96' title="bbox 302 5100 1825 5177">
    <p class='ocr_par' dir='ltr' id='par_1_96' title="bbox 302 5100 1825 5177">
     <span class='ocr_line' id='line_1_96' title="bbox 302 5100 1825 5177; baseline -0.007 -12"><span class='ocrx_word' id='word_1_699' title='bbox 302 5100 570 5164; x_wconf 68' lang='grc' dir='ltr'>ἶποντικοῦ</span> <span class='ocrx_word' id='word_1_700' title='bbox 602 5128 661 5174; x_wconf 77' lang='grc' dir='ltr'>ς.</span> <span class='ocrx_word' id='word_1_701' title='bbox 738 5109 785 5138; x_wconf 72' lang='grc' dir='ltr'><strong>θ’</strong></span> <span class='ocrx_word' id='word_1_702' title='bbox 820 5106 894 5177; x_wconf 80' lang='grc' dir='ltr'><strong>οβ’</strong></span> <span class='ocrx_word' id='word_1_703' title='bbox 926 5112 974 5162; x_wconf 84' lang='lat' dir='ltr'><strong>A</strong></span> <span class='ocrx_word' id='word_1_704' title='bbox 1005 5125 1020 5162; x_wconf 88' lang='lat'><strong>:</strong></span> <span class='ocrx_word' id='word_1_705' title='bbox 1049 5106 1114 5173; x_wconf 83' lang='grc' dir='ltr'><strong>ιβ’</strong></span> <span class='ocrx_word' id='word_1_706' title='bbox 1144 5106 1251 5175; x_wconf 79' lang='grc' dir='ltr'><strong>πρὸ</strong></span> <span class='ocrx_word' id='word_1_707' title='bbox 1278 5100 1376 5158; x_wconf 81' lang='grc' dir='ltr'>τοῦ</span> <span class='ocrx_word' id='word_1_708' title='bbox 1406 5100 1725 5172; x_wconf 78' lang='grc' dir='ltr'>βασιλεῦσαι</span> <span class='ocrx_word' id='word_1_709' title='bbox 1764 5117 1825 5164; x_wconf 83' lang='grc' dir='ltr'>ς.</span> 
     </span>
    </p>
   </div>
   <div class='ocr_carea' id='block_1_97' title="bbox 1032 4947 3560 5036">
    <p class='ocr_par' dir='ltr' id='par_1_97' title="bbox 1032 4947 3560 5036">
     <span class='ocr_line' id='line_1_97' title="bbox 1032 4947 3560 5036; baseline -0.006 -16"><span class='ocrx_word' id='word_1_710' title='bbox 1032 4984 1113 5029; x_wconf 86' lang='grc' dir='ltr'><strong>εις</strong></span> <span class='ocrx_word' id='word_1_711' title='bbox 1140 4982 1250 5019; x_wconf 92' lang='lat' dir='ltr'><strong>om.</strong></span> <span class='ocrx_word' id='word_1_712' title='bbox 1282 4978 1366 5030; x_wconf 88' lang='lat' dir='ltr'><strong>pr.</strong></span> <span class='ocrx_word' id='word_1_713' title='bbox 1399 4962 1465 5016; x_wconf 77' lang='grc' dir='ltr'><strong>Α.</strong></span> <span class='ocrx_word' id='word_1_714' title='bbox 1542 4960 1915 5036; x_wconf 36' lang='grc' dir='ltr'>’δ’Λριάμμη</span> <span class='ocrx_word' id='word_1_715' title='bbox 1942 4976 2003 5036; x_wconf 73' lang='grc' dir='ltr'>ς.</span> <span class='ocrx_word' id='word_1_716' title='bbox 2082 4957 2130 4991; x_wconf 66' lang='grc'>⁸⁸</span> <span class='ocrx_word' id='word_1_717' title='bbox 2156 4955 2494 5036; x_wconf 54' lang='grc' dir='ltr'>Μασαγέιεην</span> <span class='ocrx_word' id='word_1_718' title='bbox 2523 4971 2583 5036; x_wconf 69' lang='grc' dir='ltr'>ς.</span> <span class='ocrx_word' id='word_1_719' title='bbox 2627 4954 2673 4987; x_wconf 84' lang='grc'>⁸⁸</span> <span class='ocrx_word' id='word_1_720' title='bbox 2706 4953 3027 5036; x_wconf 69' lang='grc' dir='ltr'>Σκυθαρκης</span> <span class='ocrx_word' id='word_1_721' title='bbox 3059 4972 3160 5036; x_wconf 49' lang='grc' dir='ltr'>ς...</span> <span class='ocrx_word' id='word_1_722' title='bbox 3272 4953 3318 5036; x_wconf 58' lang='lat'><strong>8:</strong></span> <span class='ocrx_word' id='word_1_723' title='bbox 3349 4947 3560 5036; x_wconf 48' lang='lat' dir='ltr'><strong>imam.</strong></span> 
     </span>
    </p>
   </div>
   <div class='ocr_carea' id='block_1_98' title="bbox 2524 5021 3559 5095">
    <p class='ocr_par' dir='ltr' id='par_1_98' title="bbox 2524 5021 3559 5095">
     <span class='ocr_line' id='line_1_98' title="bbox 2524 5021 3559 5095; baseline 0 -18"><span class='ocrx_word' id='word_1_724' title='bbox 2524 5027 2569 5077; x_wconf 80' lang='grc' dir='ltr'><strong>Δ</strong></span> <span class='ocrx_word' id='word_1_725' title='bbox 2600 5046 2616 5081; x_wconf 86' lang='lat'><strong>:</strong></span> <span class='ocrx_word' id='word_1_726' title='bbox 2663 5021 2918 5095; x_wconf 55' lang='lat' dir='ltr'><strong>125965)ij</strong></span> <span class='ocrx_word' id='word_1_727' title='bbox 2953 5021 3015 5091; x_wconf 63' lang='grc' dir='ltr'>ς.</span> <span class='ocrx_word' id='word_1_728' title='bbox 3120 5025 3161 5056; x_wconf 86' lang='grc'><strong>⁶¹</strong></span> <span class='ocrx_word' id='word_1_729' title='bbox 3195 5021 3441 5094; x_wconf 82' lang='grc' dir='ltr'>Μηδικοῦ</span> <span class='ocrx_word' id='word_1_730' title='bbox 3470 5025 3512 5075; x_wconf 79' lang='grc' dir='ltr'><strong>Α</strong></span> <span class='ocrx_word' id='word_1_731' title='bbox 3548 5044 3559 5077; x_wconf 91' lang='lat'>:</span> 
     </span>
    </p>
   </div>
   <div class='ocr_carea' id='block_1_99' title="bbox 1858 5209 2083 5267">
    <p class='ocr_par' dir='ltr' id='par_1_99' title="bbox 1858 5209 2083 5267">
     <span class='ocr_line' id='line_1_99' title="bbox 1858 5209 2083 5267; baseline 0.013 -3"><span class='ocrx_word' id='word_1_732' title='bbox 1858 5209 2083 5267; x_wconf 59' lang='lat' dir='ltr'><strong>NOTAE.</strong></span> 
     </span>
    </p>
   </div>
   <div class='ocr_carea' id='block_1_100' title="bbox 405 5332 1680 5413">
    <p class='ocr_par' dir='ltr' id='par_1_100' title="bbox 405 5332 1680 5413">
     <span class='ocr_line' id='line_1_100' title="bbox 405 5332 1680 5413; baseline -0.012 -13"><span class='ocrx_word' id='word_1_733' title='bbox 405 5346 496 5413; x_wconf 80' lang='lat'><strong>87)</strong></span> <span class='ocrx_word' id='word_1_734' title='bbox 534 5340 841 5413; x_wconf 65' lang='lat' dir='ltr'><strong>Herodotus</strong></span> <span class='ocrx_word' id='word_1_735' title='bbox 874 5337 970 5413; x_wconf 73' lang='lat' dir='ltr'><strong>lih,</strong></span> <span class='ocrx_word' id='word_1_736' title='bbox 999 5351 1083 5400; x_wconf 86' lang='lat' dir='ltr'><strong>Ill,</strong></span> <span class='ocrx_word' id='word_1_737' title='bbox 1107 5344 1163 5390; x_wconf 89' lang='lat' dir='ltr'><strong>et</strong></span> <span class='ocrx_word' id='word_1_738' title='bbox 1187 5334 1469 5413; x_wconf 67' lang='lat' dir='ltr'><strong>Agathias,</strong></span> <span class='ocrx_word' id='word_1_739' title='bbox 1494 5332 1588 5413; x_wconf 78' lang='lat' dir='ltr'><strong>lib.</strong></span> <span class='ocrx_word' id='word_1_740' title='bbox 1618 5348 1680 5385; x_wconf 84' lang='lat' dir='ltr'><strong>Il.</strong></span> 
     </span>
    </p>
   </div>
   <div class='ocr_carea' id='block_1_101' title="bbox 379 5348 1887 5487">
    <p class='ocr_par' dir='ltr' id='par_1_101' title="bbox 379 5348 1887 5487">
     <span class='ocr_line' id='line_1_101' title="bbox 405 5348 1680 5413; baseline -0.013 -12"><span class='ocrx_word' id='word_1_741' title='bbox 405 5348 496 5413; x_wconf 81' lang='lat'><strong>87)</strong></span> <span class='ocrx_word' id='word_1_742' title='bbox 536 5348 841 5399; x_wconf 78' lang='lat' dir='ltr'><strong>Herodotus</strong></span> <span class='ocrx_word' id='word_1_743' title='bbox 876 5348 970 5397; x_wconf 83' lang='lat' dir='ltr'><strong>tm,</strong></span> <span class='ocrx_word' id='word_1_744' title='bbox 999 5351 1083 5400; x_wconf 86' lang='lat' dir='ltr'><strong>Ill,</strong></span> <span class='ocrx_word' id='word_1_745' title='bbox 1107 5348 1163 5390; x_wconf 87' lang='lat' dir='ltr'><strong>et</strong></span> <span class='ocrx_word' id='word_1_746' title='bbox 1187 5348 1469 5403; x_wconf 78' lang='lat' dir='ltr'><strong>Agatntas,</strong></span> <span class='ocrx_word' id='word_1_747' title='bbox 1496 5348 1588 5386; x_wconf 83' lang='lat' dir='ltr'><strong>un.</strong></span> <span class='ocrx_word' id='word_1_748' title='bbox 1618 5348 1680 5385; x_wconf 84' lang='lat' dir='ltr'><strong>Il.</strong></span> 
     </span>
     <span class='ocr_line' id='line_1_102' title="bbox 379 5348 1887 5487; baseline -0.015 -17"><span class='ocrx_word' id='word_1_749' title='bbox 379 5348 497 5487; x_wconf 49' lang='grc'>(88)</span> <span class='ocrx_word' id='word_1_750' title='bbox 538 5413 682 5487; x_wconf 71' lang='lat' dir='ltr'><strong>Lege</strong></span> <span class='ocrx_word' id='word_1_751' title='bbox 718 5409 1072 5487; x_wconf 65' lang='lat' dir='ltr'><strong>Persepoleos</strong></span> <span class='ocrx_word' id='word_1_752' title='bbox 1119 5405 1711 5487; x_wconf 43' lang='lat' dir='ltr'><strong>arcis.descriptionem</strong></span> <span class='ocrx_word' id='word_1_753' title='bbox 1735 5398 1887 5487; x_wconf 64' lang='lat' dir='ltr'><strong>apud</strong></span> 
     </span>
    </p>
   </div>
   <div class='ocr_carea' id='block_1_102' title="bbox 310 5469 1886 5541">
    <p class='ocr_par' dir='ltr' id='par_1_102' title="bbox 310 5469 1886 5541">
     <span class='ocr_line' id='line_1_103' title="bbox 310 5469 1886 5541; baseline -0.014 0"><span class='ocrx_word' id='word_1_754' title='bbox 310 5469 536 5541; x_wconf 58' lang='lat' dir='ltr'><strong>modo}.</strong></span> <span class='ocrx_word' id='word_1_755' title='bbox 588 5469 760 5538; x_wconf 77' lang='lat' dir='ltr'><strong>Sicul.</strong></span> <span class='ocrx_word' id='word_1_756' title='bbox 816 5469 910 5533; x_wconf 68' lang='lat' dir='ltr'><strong>lib&#39;.</strong></span> <span class='ocrx_word' id='word_1_757' title='bbox 965 5491 1077 5530; x_wconf 78' lang='grc' dir='ltr'>ινιι</span> <span class='ocrx_word' id='word_1_758' title='bbox 1134 5474 1391 5537; x_wconf 80' lang='lat' dir='ltr'><strong>Biblioth,</strong></span> <span class='ocrx_word' id='word_1_759' title='bbox 1454 5473 1541 5525; x_wconf 85' lang='lat' dir='ltr'><strong>ubi</strong></span> <span class='ocrx_word' id='word_1_760' title='bbox 1607 5469 1886 5541; x_wconf 67' lang='grc' dir='ltr'>βασιλικδν</span> 
     </span>
    </p>
   </div>
   <div class='ocr_carea' id='block_1_103' title="bbox 310 5539 1901 5627">
    <p class='ocr_par' dir='ltr' id='par_1_103' title="bbox 310 5539 1901 5627">
     <span class='ocr_line' id='line_1_104' title="bbox 310 5539 1901 5627; baseline -0.012 -19"><span class='ocrx_word' id='word_1_761' title='bbox 310 5539 440 5627; x_wconf 66' lang='grc' dir='ltr'>δρὸς</span> <span class='ocrx_word' id='word_1_762' title='bbox 492 5554 647 5627; x_wconf 71' lang='lat' dir='ltr'><strong>hunc</strong></span> <span class='ocrx_word' id='word_1_763' title='bbox 704 5550 878 5605; x_wconf 87' lang='lat' dir='ltr'><strong>locum</strong></span> <span class='ocrx_word' id='word_1_764' title='bbox 904 5554 1131 5627; x_wconf 50' lang='lat' dir='ltr'><strong>“vocat.</strong></span> <span class='ocrx_word' id='word_1_765' title='bbox 1205 5542 1544 5627; x_wconf 73' lang='lat' dir='ltr'><strong>Potentiores</strong></span> <span class='ocrx_word' id='word_1_766' title='bbox 1593 5539 1780 5594; x_wconf 83' lang='lat' dir='ltr'><strong>autem.</strong></span> <span class='ocrx_word' id='word_1_767' title='bbox 1838 5539 1901 5618; x_wconf 77' lang='lat' dir='ltr'><strong>in</strong></span> 
     </span>
    </p>
   </div>
   <div class='ocr_carea' id='block_1_104' title="bbox 315 5609 1893 5687">
    <p class='ocr_par' dir='ltr' id='par_1_104' title="bbox 315 5609 1893 5687">
     <span class='ocr_line' id='line_1_105' title="bbox 315 5609 1893 5687; baseline -0.013 -9"><span class='ocrx_word' id='word_1_768' title='bbox 315 5609 592 5681; x_wconf 67' lang='lat' dir='ltr'><strong>montibus</strong></span> <span class='ocrx_word' id='word_1_769' title='bbox 623 5621 738 5676; x_wconf 86' lang='lat' dir='ltr'><strong>fere</strong></span> <span class='ocrx_word' id='word_1_770' title='bbox 772 5618 988 5687; x_wconf 89' lang='lat' dir='ltr'><strong>sepeliri</strong></span> <span class='ocrx_word' id='word_1_771' title='bbox 1011 5616 1221 5680; x_wconf 86' lang='lat' dir='ltr'><strong>solitos,</strong></span> <span class='ocrx_word' id='word_1_772' title='bbox 1269 5613 1434 5668; x_wconf 88' lang='lat' dir='ltr'><strong>multa</strong></span> <span class='ocrx_word' id='word_1_773' title='bbox 1462 5621 1717 5666; x_wconf 86' lang='lat' dir='ltr'><strong>veterum</strong></span> <span class='ocrx_word' id='word_1_774' title='bbox 1759 5609 1893 5663; x_wconf 80' lang='lat' dir='ltr'><strong>scri-</strong></span> 
     </span>
    </p>
   </div>
   <div class='ocr_carea' id='block_1_105' title="bbox 315 5686 1118 5765">
    <p class='ocr_par' dir='ltr' id='par_1_105' title="bbox 315 5686 1118 5765">
     <span class='ocr_line' id='line_1_106' title="bbox 315 5686 1118 5765; baseline -0.016 -14"><span class='ocrx_word' id='word_1_775' title='bbox 315 5709 527 5765; x_wconf 85' lang='lat' dir='ltr'><strong>ptorum</strong></span> <span class='ocrx_word' id='word_1_776' title='bbox 547 5686 868 5765; x_wconf 59' lang='lat' dir='ltr'><strong>testimonia</strong></span> <span class='ocrx_word' id='word_1_777' title='bbox 903 5686 1118 5765; x_wconf 79' lang='lat' dir='ltr'><strong>docent.</strong></span> 
     </span>
    </p>
   </div>
   <div class='ocr_carea' id='block_1_106' title="bbox 392 5751 1585 5834">
    <p class='ocr_par' dir='ltr' id='par_1_106' title="bbox 392 5751 1585 5834">
     <span class='ocr_line' id='line_1_107' title="bbox 392 5751 1585 5834; baseline -0.011 -18"><span class='ocrx_word' id='word_1_778' title='bbox 392 5766 502 5834; x_wconf 81' lang='grc'>(89)</span> <span class='ocrx_word' id='word_1_779' title='bbox 532 5756 1101 5834; x_wconf 53' lang='lat' dir='ltr'><strong>Juncyrumnolninat</strong></span> <span class='ocrx_word' id='word_1_780' title='bbox 1132 5752 1330 5808; x_wconf 83' lang='lat' dir='ltr'><strong>Justiu.</strong></span> <span class='ocrx_word' id='word_1_781' title='bbox 1364 5751 1459 5833; x_wconf 81' lang='lat' dir='ltr'><strong>lih.</strong></span> <span class='ocrx_word' id='word_1_782' title='bbox 1487 5765 1585 5834; x_wconf 71' lang='lat' dir='ltr'><strong>ut.</strong></span> 
     </span>
    </p>
   </div>
   <div class='ocr_carea' id='block_1_107' title="bbox 396 5820 1887 5905">
    <p class='ocr_par' dir='ltr' id='par_1_107' title="bbox 396 5820 1887 5905">
     <span class='ocr_line' id='line_1_108' title="bbox 396 5820 1887 5905; baseline -0.013 -14"><span class='ocrx_word' id='word_1_783' title='bbox 396 5820 503 5905; x_wconf 70' lang='grc'>(90)</span> <span class='ocrx_word' id='word_1_784' title='bbox 540 5836 613 5888; x_wconf 83' lang='lat' dir='ltr'><strong>De</strong></span> <span class='ocrx_word' id='word_1_785' title='bbox 644 5820 770 5887; x_wconf 65' lang='lat' dir='ltr'><strong>arcu</strong></span> <span class='ocrx_word' id='word_1_786' title='bbox 811 5830 878 5883; x_wconf 83' lang='lat' dir='ltr'><strong>ab</strong></span> <span class='ocrx_word' id='word_1_787' title='bbox 899 5825 1211 5895; x_wconf 69' lang='lat' dir='ltr'><strong>IEthiOputn</strong></span> <span class='ocrx_word' id='word_1_788' title='bbox 1242 5836 1367 5892; x_wconf 77' lang='lat' dir='ltr'><strong>rege</strong></span> <span class='ocrx_word' id='word_1_789' title='bbox 1389 5823 1466 5877; x_wconf 87' lang='lat' dir='ltr'><strong>sic</strong></span> <span class='ocrx_word' id='word_1_790' title='bbox 1498 5823 1562 5875; x_wconf 80' lang='lat' dir='ltr'><strong>ad</strong></span> <span class='ocrx_word' id='word_1_791' title='bbox 1590 5820 1887 5891; x_wconf 80' lang='lat' dir='ltr'><strong>Cambysen</strong></span> 
     </span>
    </p>
   </div>
   <div class='ocr_carea' id='block_1_108' title="bbox 1922 5324 3139 5399">
    <p class='ocr_par' dir='ltr' id='par_1_108' title="bbox 1922 5324 3139 5399">
     <span class='ocr_line' id='line_1_109' title="bbox 1922 5324 3139 5399; baseline -0.008 -12"><span class='ocrx_word' id='word_1_792' title='bbox 1922 5330 1974 5393; x_wconf 89' lang='lat' dir='ltr'><strong>D</strong></span> <span class='ocrx_word' id='word_1_793' title='bbox 2004 5332 2193 5390; x_wconf 82' lang='lat' dir='ltr'><strong>misso,</strong></span> <span class='ocrx_word' id='word_1_794' title='bbox 2226 5331 2342 5399; x_wconf 90' lang='lat' dir='ltr'><strong>lege</strong></span> <span class='ocrx_word' id='word_1_795' title='bbox 2368 5327 2570 5382; x_wconf 69' lang='lat' dir='ltr'><strong>llerotl.</strong></span> <span class='ocrx_word' id='word_1_796' title='bbox 2606 5328 2703 5383; x_wconf 83' lang='lat' dir='ltr'><strong>lib.</strong></span> <span class='ocrx_word' id='word_1_797' title='bbox 2744 5342 2826 5392; x_wconf 85' lang='grc' dir='ltr'><strong>ιη,</strong></span> <span class='ocrx_word' id='word_1_798' title='bbox 2856 5324 3139 5399; x_wconf 24' lang='grc' dir='ltr'>ροειὲἰῃίι.</span> 
     </span>
    </p>
   </div>
   <div class='ocr_carea' id='block_1_109' title="bbox 2073 5393 3567 5471">
    <p class='ocr_par' dir='ltr' id='par_1_109' title="bbox 2073 5393 3567 5471">
     <span class='ocr_line' id='line_1_110' title="bbox 2073 5393 3567 5471; baseline -0.009 -15"><span class='ocrx_word' id='word_1_799' title='bbox 2073 5403 2184 5471; x_wconf 83' lang='grc'>(91)</span> <span class='ocrx_word' id='word_1_800' title='bbox 2217 5393 2467 5454; x_wconf 70' lang='grc' dir='ltr'>δοῖθιηιιε</span> <span class='ocrx_word' id='word_1_801' title='bbox 2487 5393 2954 5471; x_wconf 60' lang='lat' dir='ltr'><strong>quippegentilius</strong></span> <span class='ocrx_word' id='word_1_802' title='bbox 2985 5394 3105 5471; x_wconf 76' lang='lat' dir='ltr'><strong>fuit,</strong></span> <span class='ocrx_word' id='word_1_803' title='bbox 3128 5393 3388 5471; x_wconf 48' lang='lat' dir='ltr'><strong>transitus</strong></span> <span class='ocrx_word' id='word_1_804' title='bbox 3404 5406 3567 5471; x_wconf 70' lang='lat' dir='ltr'><strong>causa</strong></span> 
     </span>
    </p>
   </div>
   <div class='ocr_carea' id='block_1_110' title="bbox 2002 5462 3568 5535">
    <p class='ocr_par' dir='ltr' id='par_1_110' title="bbox 2002 5462 3568 5535">
     <span class='ocr_line' id='line_1_111' title="bbox 2002 5462 3568 5535; baseline -0.006 -10"><span class='ocrx_word' id='word_1_805' title='bbox 2002 5462 2106 5525; x_wconf 75' lang='lat' dir='ltr'><strong>diis</strong></span> <span class='ocrx_word' id='word_1_806' title='bbox 2161 5462 2518 5525; x_wconf 44' lang='lat' dir='ltr'><strong>sacrificaref</strong></span> <span class='ocrx_word' id='word_1_807' title='bbox 2551 5462 2642 5523; x_wconf 76' lang='lat' dir='ltr'><strong>Sic</strong></span> <span class='ocrx_word' id='word_1_808' title='bbox 2688 5462 2901 5522; x_wconf 72' lang='lat' dir='ltr'><strong>Eucull.</strong></span> <span class='ocrx_word' id='word_1_809' title='bbox 2957 5469 3098 5535; x_wconf 77' lang='lat' dir='ltr'><strong>apud</strong></span> <span class='ocrx_word' id='word_1_810' title='bbox 3128 5463 3273 5518; x_wconf 85' lang='lat' dir='ltr'><strong>Plut.</strong></span> <span class='ocrx_word' id='word_1_811' title='bbox 3304 5462 3568 5531; x_wconf 81' lang='lat' dir='ltr'><strong>Euphrati</strong></span> 
     </span>
    </p>
   </div>
   <div class='ocr_carea' id='block_1_111' title="bbox 2002 5538 2400 5597">
    <p class='ocr_par' dir='ltr' id='par_1_111' title="bbox 2002 5538 2400 5597">
     <span class='ocr_line' id='line_1_112' title="bbox 2002 5538 2400 5597; baseline -0.013 0"><span class='ocrx_word' id='word_1_812' title='bbox 2002 5556 2215 5597; x_wconf 87' lang='lat' dir='ltr'><strong>taurmn</strong></span> <span class='ocrx_word' id='word_1_813' title='bbox 2252 5538 2400 5593; x_wconf 80' lang='lat' dir='ltr'><strong>fecit.</strong></span> 
     </span>
    </p>
   </div>
   <div class='ocr_carea' id='block_1_112' title="bbox 2068 5603 3567 5682">
    <p class='ocr_par' dir='ltr' id='par_1_112' title="bbox 2068 5603 3567 5682">
     <span class='ocr_line' id='line_1_113' title="bbox 2068 5603 3567 5682; baseline -0.009 -16"><span class='ocrx_word' id='word_1_814' title='bbox 2068 5612 2179 5682; x_wconf 74' lang='grc'>(92)</span> <span class='ocrx_word' id='word_1_815' title='bbox 2212 5608 2549 5682; x_wconf 80' lang='lat' dir='ltr'><strong>Marathonia</strong></span> <span class='ocrx_word' id='word_1_816' title='bbox 2578 5605 3206 5682; x_wconf 80' lang='lat' dir='ltr'><strong>pugna__nilti_l.unquam</strong></span> <span class='ocrx_word' id='word_1_817' title='bbox 3235 5603 3567 5682; x_wconf 69' lang='lat' dir='ltr'><strong>celebratum</strong></span> 
     </span>
    </p>
   </div>
   <div class='ocr_carea' id='block_1_113' title="bbox 2000 5674 3572 5753">
    <p class='ocr_par' dir='ltr' id='par_1_113' title="bbox 2000 5674 3572 5753">
     <span class='ocr_line' id='line_1_114' title="bbox 2000 5674 3572 5753; baseline -0.013 -17"><span class='ocrx_word' id='word_1_818' title='bbox 2000 5674 2192 5753; x_wconf 75' lang='lat' dir='ltr'><strong>magis,</strong></span> <span class='ocrx_word' id='word_1_819' title='bbox 2220 5674 3011 5753; x_wconf 50' lang='lat' dir='ltr'><strong>50thadeantdescribendam</strong></span> <span class='ocrx_word' id='word_1_820' title='bbox 3063 5675 3346 5747; x_wconf 77' lang='lat' dir='ltr'><strong>occupatis</strong></span> <span class='ocrx_word' id='word_1_821' title='bbox 3380 5674 3572 5731; x_wconf 58' lang='lat' dir='ltr'><strong>doctu,</strong></span> 
     </span>
    </p>
   </div>
   <div class='ocr_carea' id='block_1_114' title="bbox 2001 5744 3235 5821">
    <p class='ocr_par' dir='ltr' id='par_1_114' title="bbox 2001 5744 3235 5821">
     <span class='ocr_line' id='line_1_115' title="bbox 2001 5744 3235 5821; baseline -0.005 -15"><span class='ocrx_word' id='word_1_822' title='bbox 2001 5744 2131 5806; x_wconf 52' lang='lat' dir='ltr'><strong>run?</strong></span> <span class='ocrx_word' id='word_1_823' title='bbox 2153 5744 2401 5821; x_wconf 81' lang='lat' dir='ltr'><strong>ingeniis,</strong></span> <span class='ocrx_word' id='word_1_824' title='bbox 2437 5747 2730 5801; x_wconf 81' lang='lat' dir='ltr'><strong>Plutarcho</strong></span> <span class='ocrx_word' id='word_1_825' title='bbox 2763 5756 2922 5802; x_wconf 73' lang='lat' dir='ltr'><strong>teste.</strong></span> <span class='ocrx_word' id='word_1_826' title='bbox 3208 5744 3235 5747; x_wconf 16' lang='grc' dir='ltr'><em>Ὦ</em></span> 
     </span>
    </p>
   </div>
  </div>
