  <div class='ocr_page' id='page_1' title='image "/cluster/home/n/w/nwhite01/storage/ocr_20150623/103/hvd.32044018872861/099.png"; bbox 0 0 4092 6414; ppageno 0'>
   <div class='ocr_carea' id='block_1_1' title="bbox 541 337 641 400">
    <p class='ocr_par' dir='ltr' id='par_1_1' title="bbox 541 337 641 400">
     <span class='ocr_line' id='line_1_1' title="bbox 541 337 641 400; baseline 0 0"><span class='ocrx_word' id='word_1_1' title='bbox 541 337 641 400; x_wconf 83' lang='grc'><strong>183</strong></span> 
     </span>
    </p>
   </div>
   <div class='ocr_carea' id='block_1_2' title="bbox 1714 337 2682 399">
    <p class='ocr_par' dir='ltr' id='par_1_2' title="bbox 1714 337 2682 399">
     <span class='ocr_line' id='line_1_2' title="bbox 1714 337 2682 399; baseline 0.003 -3"><span class='ocrx_word' id='word_1_2' title='bbox 1714 337 1977 397; x_wconf 84' lang='lat' dir='ltr'><strong>PIIOTII</strong></span> <span class='ocrx_word' id='word_1_3' title='bbox 2026 337 2534 398; x_wconf 78' lang='lat' dir='ltr'><strong>PATRIARCll/E</strong></span> <span class='ocrx_word' id='word_1_4' title='bbox 2575 338 2682 399; x_wconf 75' lang='grc' dir='ltr'><strong>ΕΡ.</strong></span> 
     </span>
    </p>
   </div>
   <div class='ocr_carea' id='block_1_3' title="bbox 3707 337 3806 401">
    <p class='ocr_par' dir='ltr' id='par_1_3' title="bbox 3707 337 3806 401">
     <span class='ocr_line' id='line_1_3' title="bbox 3707 337 3806 401; baseline 0.02 -3"><span class='ocrx_word' id='word_1_5' title='bbox 3707 337 3806 401; x_wconf 71' lang='grc'><strong>184</strong></span> 
     </span>
    </p>
   </div>
   <div class='ocr_carea' id='block_1_4' title="bbox 540 451 3810 528">
    <p class='ocr_par' dir='ltr' id='par_1_4' title="bbox 540 451 3810 528">
     <span class='ocr_line' id='line_1_4' title="bbox 540 451 3810 528; baseline -0.002 -16"><span class='ocrx_word' id='word_1_6' title='bbox 540 474 725 513; x_wconf 87' lang='lat' dir='ltr'><strong>unum.</strong></span> <span class='ocrx_word' id='word_1_7' title='bbox 761 457 906 514; x_wconf 91' lang='lat' dir='ltr'><strong>Obiit</strong></span> <span class='ocrx_word' id='word_1_8' title='bbox 941 458 1069 513; x_wconf 85' lang='lat' dir='ltr'><strong>item</strong></span> <span class='ocrx_word' id='word_1_9' title='bbox 1103 465 1408 513; x_wconf 86' lang='lat' dir='ltr'><strong>extremum</strong></span> <span class='ocrx_word' id='word_1_10' title='bbox 1451 457 1570 510; x_wconf 71' lang='lat' dir='ltr'><strong>vitm</strong></span> <span class='ocrx_word' id='word_1_11' title='bbox 1596 456 1738 510; x_wconf 88' lang='lat' dir='ltr'><strong>diem</strong></span> <span class='ocrx_word' id='word_1_12' title='bbox 1785 457 2118 528; x_wconf 84' lang='lat' dir='ltr'><strong>Artasyras;</strong></span> <span class='ocrx_word' id='word_1_13' title='bbox 2165 458 2396 528; x_wconf 73' lang='lat' dir='ltr'><strong>Bagatcs</strong></span> <span class='ocrx_word' id='word_1_14' title='bbox 2423 459 2588 510; x_wconf 88' lang='lat' dir='ltr'><strong>etiam</strong></span> <span class='ocrx_word' id='word_1_15' title='bbox 2655 469 2777 509; x_wconf 89' lang='lat' dir='ltr'><strong>cum</strong></span> <span class='ocrx_word' id='word_1_16' title='bbox 2850 463 3052 526; x_wconf 87' lang='lat' dir='ltr'><strong>scptem</strong></span> <span class='ocrx_word' id='word_1_17' title='bbox 3089 455 3154 508; x_wconf 84' lang='lat' dir='ltr'><strong>ad</strong></span> <span class='ocrx_word' id='word_1_18' title='bbox 3200 451 3346 508; x_wconf 80' lang='lat' dir='ltr'><strong>Darii</strong></span> <span class='ocrx_word' id='word_1_19' title='bbox 3380 452 3689 525; x_wconf 86' lang='lat' dir='ltr'><strong>sepulcrum</strong></span> <span class='ocrx_word' id='word_1_20' title='bbox 3728 469 3810 507; x_wconf 86' lang='lat' dir='ltr'><strong>re-</strong></span> 
     </span>
    </p>
   </div>
   <div class='ocr_carea' id='block_1_5' title="bbox 541 551 986 606">
    <p class='ocr_par' dir='ltr' id='par_1_5' title="bbox 541 551 986 606">
     <span class='ocr_line' id='line_1_5' title="bbox 541 551 986 606; baseline 0.002 -1"><span class='ocrx_word' id='word_1_21' title='bbox 541 551 771 606; x_wconf 75' lang='lat' dir='ltr'><strong>sedisset</strong></span> <span class='ocrx_word' id='word_1_22' title='bbox 794 566 986 606; x_wconf 87' lang='lat' dir='ltr'><strong>annos.</strong></span> 
     </span>
    </p>
   </div>
   <div class='ocr_carea' id='block_1_6' title="bbox 610 640 2200 716">
    <p class='ocr_par' dir='ltr' id='par_1_6' title="bbox 610 640 2200 716">
     <span class='ocr_line' id='line_1_6' title="bbox 610 640 2200 716; baseline 0.002 -22"><span class='ocrx_word' id='word_1_23' title='bbox 610 640 854 712; x_wconf 78' lang='lat' dir='ltr'><strong>Regnum</strong></span> <span class='ocrx_word' id='word_1_24' title='bbox 881 644 1084 713; x_wconf 87' lang='lat' dir='ltr'><strong>excipit</strong></span> <span class='ocrx_word' id='word_1_25' title='bbox 1103 645 1311 698; x_wconf 79' lang='lat' dir='ltr'><strong>Xerxes</strong></span> <span class='ocrx_word' id='word_1_26' title='bbox 1339 644 1500 710; x_wconf 76' lang='lat' dir='ltr'><strong>illius,</strong></span> <span class='ocrx_word' id='word_1_27' title='bbox 1526 646 1665 714; x_wconf 79' lang='lat' dir='ltr'><strong>apud</strong></span> <span class='ocrx_word' id='word_1_28' title='bbox 1689 661 1849 716; x_wconf 84' lang='lat' dir='ltr'><strong>quem</strong></span> <span class='ocrx_word' id='word_1_29' title='bbox 1870 660 2122 714; x_wconf 79' lang='lat' dir='ltr'><strong>magnam</strong></span> <span class='ocrx_word' id='word_1_30' title='bbox 2153 648 2200 706; x_wconf 74' lang='grc' dir='ltr'><strong>Α</strong></span> 
     </span>
    </p>
   </div>
   <div class='ocr_carea' id='block_1_7' title="bbox 541 735 2123 809">
    <p class='ocr_par' dir='ltr' id='par_1_7' title="bbox 541 735 2123 809">
     <span class='ocr_line' id='line_1_7' title="bbox 541 735 2123 809; baseline 0 -21"><span class='ocrx_word' id='word_1_31' title='bbox 541 735 754 788; x_wconf 87' lang='lat' dir='ltr'><strong>obtinet</strong></span> <span class='ocrx_word' id='word_1_32' title='bbox 801 736 1180 790; x_wconf 85' lang='lat' dir='ltr'><strong>auctoritatem</strong></span> <span class='ocrx_word' id='word_1_33' title='bbox 1215 739 1548 806; x_wconf 75' lang='lat' dir='ltr'><strong>Artapanus,</strong></span> <span class='ocrx_word' id='word_1_34' title='bbox 1612 738 1892 809; x_wconf 75' lang='lat' dir='ltr'><strong>Artasyrze</strong></span> <span class='ocrx_word' id='word_1_35' title='bbox 1961 737 2123 800; x_wconf 81' lang='lat' dir='ltr'><strong>ﬁlius,</strong></span> 
     </span>
    </p>
   </div>
   <div class='ocr_carea' id='block_1_8' title="bbox 545 827 2124 899">
    <p class='ocr_par' dir='ltr' id='par_1_8' title="bbox 545 827 2124 899">
     <span class='ocr_line' id='line_1_8' title="bbox 545 827 2124 899; baseline 0.001 -19"><span class='ocrx_word' id='word_1_36' title='bbox 545 841 697 894; x_wconf 73' lang='lat' dir='ltr'><strong>aeque</strong></span> <span class='ocrx_word' id='word_1_37' title='bbox 740 835 798 879; x_wconf 89' lang='lat' dir='ltr'><strong>ut</strong></span> <span class='ocrx_word' id='word_1_38' title='bbox 838 827 1000 894; x_wconf 86' lang='lat' dir='ltr'><strong>hujus</strong></span> <span class='ocrx_word' id='word_1_39' title='bbox 1032 839 1186 896; x_wconf 86' lang='lat' dir='ltr'><strong>pater</strong></span> <span class='ocrx_word' id='word_1_40' title='bbox 1221 831 1360 895; x_wconf 87' lang='lat' dir='ltr'><strong>apud</strong></span> <span class='ocrx_word' id='word_1_41' title='bbox 1391 829 1534 896; x_wconf 78' lang='lat' dir='ltr'><strong>regis</strong></span> <span class='ocrx_word' id='word_1_42' title='bbox 1566 839 1776 899; x_wconf 83' lang='lat' dir='ltr'><strong>patrem</strong></span> <span class='ocrx_word' id='word_1_43' title='bbox 1821 831 1950 884; x_wconf 91' lang='lat' dir='ltr'><strong>olim</strong></span> <span class='ocrx_word' id='word_1_44' title='bbox 1981 831 2124 884; x_wconf 81' lang='lat' dir='ltr'><strong>obti-</strong></span> 
     </span>
    </p>
   </div>
   <div class='ocr_carea' id='block_1_9' title="bbox 546 919 2129 990">
    <p class='ocr_par' dir='ltr' id='par_1_9' title="bbox 546 919 2129 990">
     <span class='ocr_line' id='line_1_9' title="bbox 546 919 2129 990; baseline 0.001 -18"><span class='ocrx_word' id='word_1_45' title='bbox 546 929 771 973; x_wconf 85' lang='lat' dir='ltr'><strong>nuerat;</strong></span> <span class='ocrx_word' id='word_1_46' title='bbox 803 919 1039 987; x_wconf 90' lang='lat' dir='ltr'><strong>itemque</strong></span> <span class='ocrx_word' id='word_1_47' title='bbox 1077 920 1387 976; x_wconf 74' lang='lat' dir='ltr'><strong>Mardonius</strong></span> <span class='ocrx_word' id='word_1_48' title='bbox 1441 922 1530 976; x_wconf 90' lang='lat' dir='ltr'><strong>ille</strong></span> <span class='ocrx_word' id='word_1_49' title='bbox 1565 923 1791 990; x_wconf 84' lang='lat' dir='ltr'><strong>priscus.</strong></span> <span class='ocrx_word' id='word_1_50' title='bbox 1837 920 1912 975; x_wconf 90' lang='lat' dir='ltr'><strong>De</strong></span> <span class='ocrx_word' id='word_1_51' title='bbox 1956 938 2129 976; x_wconf 63' lang='lat' dir='ltr'><strong>eunu.</strong></span> 
     </span>
    </p>
   </div>
   <div class='ocr_carea' id='block_1_10' title="bbox 2318 637 3812 712">
    <p class='ocr_par' dir='ltr' id='par_1_10' title="bbox 2318 637 3812 712">
     <span class='ocr_line' id='line_1_10' title="bbox 2318 637 3812 712; baseline -0.003 -18"><span class='ocrx_word' id='word_1_52' title='bbox 2318 641 2602 695; x_wconf 82' lang='grc' dir='ltr'>Βασιλεύει</span> <span class='ocrx_word' id='word_1_53' title='bbox 2647 640 2853 712; x_wconf 51' lang='grc' dir='ltr'><strong>Ξέρῇς</strong></span> <span class='ocrx_word' id='word_1_54' title='bbox 2912 642 2941 694; x_wconf 99' lang='lat'><strong>6</strong></span> <span class='ocrx_word' id='word_1_55' title='bbox 2989 641 3102 705; x_wconf 76' lang='grc' dir='ltr'>υἱὸς</span> <span class='ocrx_word' id='word_1_56' title='bbox 3141 641 3208 704; x_wconf 82' lang='grc'><strong>⁸³,</strong></span> <span class='ocrx_word' id='word_1_57' title='bbox 3261 639 3357 694; x_wconf 79' lang='grc' dir='ltr'>καὶ</span> <span class='ocrx_word' id='word_1_58' title='bbox 3397 638 3734 711; x_wconf 80' lang='grc' dir='ltr'>’Δρτάπανος</span> <span class='ocrx_word' id='word_1_59' title='bbox 3785 637 3812 689; x_wconf 89' lang='lat'><strong>6</strong></span> 
     </span>
    </p>
   </div>
   <div class='ocr_carea' id='block_1_11' title="bbox 2243 729 3815 806">
    <p class='ocr_par' dir='ltr' id='par_1_11' title="bbox 2243 729 3815 806">
     <span class='ocr_line' id='line_1_11' title="bbox 2243 729 3815 806; baseline -0.003 -17"><span class='ocrx_word' id='word_1_60' title='bbox 2243 735 2552 806; x_wconf 83' lang='grc' dir='ltr'>Ἀρτασύρα</span> <span class='ocrx_word' id='word_1_61' title='bbox 2603 737 2733 798; x_wconf 81' lang='grc' dir='ltr'>παῖς</span> <span class='ocrx_word' id='word_1_62' title='bbox 2767 734 2979 802; x_wconf 84' lang='grc' dir='ltr'>γίνεται</span> <span class='ocrx_word' id='word_1_63' title='bbox 3028 733 3252 795; x_wconf 73' lang='grc' dir='ltr'>δυνατὸς</span> <span class='ocrx_word' id='word_1_64' title='bbox 3299 731 3430 802; x_wconf 88' lang='grc' dir='ltr'>παρ’</span> <span class='ocrx_word' id='word_1_65' title='bbox 3467 730 3614 802; x_wconf 81' lang='grc' dir='ltr'>αὐτῷ</span> <span class='ocrx_word' id='word_1_66' title='bbox 3666 732 3743 794; x_wconf 85' lang='grc' dir='ltr'>ὼς</span> <span class='ocrx_word' id='word_1_67' title='bbox 3785 729 3815 784; x_wconf 86' lang='lat'><strong>6</strong></span> 
     </span>
    </p>
   </div>
   <div class='ocr_carea' id='block_1_12' title="bbox 2231 822 3810 896">
    <p class='ocr_par' dir='ltr' id='par_1_12' title="bbox 2231 822 3810 896">
     <span class='ocr_line' id='line_1_12' title="bbox 2231 822 3810 896; baseline -0.004 -16"><span class='ocrx_word' id='word_1_68' title='bbox 2231 826 2414 896; x_wconf 82' lang='grc' dir='ltr'>πατὴρ</span> <span class='ocrx_word' id='word_1_69' title='bbox 2471 825 2623 894; x_wconf 76' lang='grc' dir='ltr'>παρὰ</span> <span class='ocrx_word' id='word_1_70' title='bbox 2654 825 2733 894; x_wconf 84' lang='grc' dir='ltr'>τῷ</span> <span class='ocrx_word' id='word_1_71' title='bbox 2783 826 2972 895; x_wconf 79' lang='grc' dir='ltr'>πατρὶ,</span> <span class='ocrx_word' id='word_1_72' title='bbox 3007 825 3101 878; x_wconf 76' lang='grc' dir='ltr'><strong>καὶ</strong></span> <span class='ocrx_word' id='word_1_73' title='bbox 3145 823 3447 896; x_wconf 86' lang='grc' dir='ltr'>Μαρδόνιος</span> <span class='ocrx_word' id='word_1_74' title='bbox 3476 823 3505 876; x_wconf 91' lang='lat'><strong>6</strong></span> <span class='ocrx_word' id='word_1_75' title='bbox 3543 822 3773 883; x_wconf 77' lang='grc' dir='ltr'>παλαιός</span> <span class='ocrx_word' id='word_1_76' title='bbox 3795 837 3810 853; x_wconf 80' lang='grc' dir='ltr'><strong>ο</strong></span> 
     </span>
    </p>
   </div>
   <div class='ocr_carea' id='block_1_13' title="bbox 2230 916 3815 990">
    <p class='ocr_par' dir='ltr' id='par_1_13' title="bbox 2230 916 3815 990">
     <span class='ocr_line' id='line_1_13' title="bbox 2230 916 3815 990; baseline -0.004 -17"><span class='ocrx_word' id='word_1_77' title='bbox 2230 920 2499 990; x_wconf 74' lang='grc' dir='ltr'><strong>εὐνούχων</strong></span> <span class='ocrx_word' id='word_1_78' title='bbox 2526 920 2571 950; x_wconf 71' lang='grc'>⁸⁵</span> <span class='ocrx_word' id='word_1_79' title='bbox 2613 919 2670 972; x_wconf 84' lang='grc' dir='ltr'><strong>δὲ</strong></span> <span class='ocrx_word' id='word_1_80' title='bbox 2705 919 2967 990; x_wconf 84' lang='grc' dir='ltr'>μέγιστον</span> <span class='ocrx_word' id='word_1_81' title='bbox 2994 917 3226 989; x_wconf 68' lang='grc' dir='ltr'>ἠδύνατο</span> <span class='ocrx_word' id='word_1_82' title='bbox 3254 917 3516 980; x_wconf 86' lang='grc' dir='ltr'>Νατάκας</span> <span class='ocrx_word' id='word_1_83' title='bbox 3549 916 3613 970; x_wconf 82' lang='grc'><strong>⁸⁵.</strong></span> <span class='ocrx_word' id='word_1_84' title='bbox 3638 916 3815 983; x_wconf 83' lang='grc' dir='ltr'>Γαμεῖ</span> 
     </span>
    </p>
   </div>
   <div class='ocr_carea' id='block_1_14' title="bbox 545 1009 2133 1083">
    <p class='ocr_par' dir='ltr' id='par_1_14' title="bbox 545 1009 2124 1080">
     <span class='ocr_line' id='line_1_14' title="bbox 545 1009 2124 1080; baseline 0.003 -18"><span class='ocrx_word' id='word_1_85' title='bbox 545 1009 664 1062; x_wconf 87' lang='lat' dir='ltr'><strong>chis</strong></span> <span class='ocrx_word' id='word_1_86' title='bbox 711 1019 892 1063; x_wconf 88' lang='lat' dir='ltr'><strong>autem</strong></span> <span class='ocrx_word' id='word_1_87' title='bbox 938 1011 1181 1080; x_wconf 82' lang='lat' dir='ltr'><strong>potentia</strong></span> <span class='ocrx_word' id='word_1_88' title='bbox 1230 1015 1520 1080; x_wconf 67' lang='lat' dir='ltr'><strong>praestabat</strong></span> <span class='ocrx_word' id='word_1_89' title='bbox 1577 1013 1834 1069; x_wconf 82' lang='lat' dir='ltr'><strong>Natacas.</strong></span> <span class='ocrx_word' id='word_1_90' title='bbox 1888 1011 2124 1068; x_wconf 85' lang='lat' dir='ltr'><strong>Uxorem</strong></span> 
     </span>
    </p>
   </div>
   <div class='ocr_carea' id='block_1_15' title="bbox 2233 1009 3814 1083">
    <p class='ocr_par' dir='ltr' id='par_1_15' title="bbox 2233 1009 3814 1083">
     <span class='ocr_line' id='line_1_15' title="bbox 2233 1009 3814 1083; baseline -0.004 -16"><span class='ocrx_word' id='word_1_91' title='bbox 2233 1013 2286 1068; x_wconf 83' lang='grc' dir='ltr'>δὲ</span> <span class='ocrx_word' id='word_1_92' title='bbox 2318 1012 2524 1083; x_wconf 80' lang='grc' dir='ltr'>Ξέρξης</span> <span class='ocrx_word' id='word_1_93' title='bbox 2561 1013 2758 1082; x_wconf 74' lang='grc' dir='ltr'>Ὀνόφα</span> <span class='ocrx_word' id='word_1_94' title='bbox 2785 1012 2830 1045; x_wconf 80' lang='grc'><strong>⁸⁸</strong></span> <span class='ocrx_word' id='word_1_95' title='bbox 2860 1011 3137 1080; x_wconf 85' lang='grc' dir='ltr'>Θυγατέρα</span> <span class='ocrx_word' id='word_1_96' title='bbox 3176 1011 3474 1082; x_wconf 78' lang='grc' dir='ltr'>’Δμῆστριν</span> <span class='ocrx_word' id='word_1_97' title='bbox 3505 1009 3571 1074; x_wconf 74' lang='grc'>⁸⁷,</span> <span class='ocrx_word' id='word_1_98' title='bbox 3604 1011 3699 1062; x_wconf 73' lang='grc' dir='ltr'><strong>καὶ</strong></span> <span class='ocrx_word' id='word_1_99' title='bbox 3728 1009 3814 1076; x_wconf 78' lang='grc' dir='ltr'>γίο</span> 
     </span>
    </p>
   </div>
   <div class='ocr_carea' id='block_1_16' title="bbox 546 1101 2124 1174">
    <p class='ocr_par' dir='ltr' id='par_1_16' title="bbox 546 1101 2124 1174">
     <span class='ocr_line' id='line_1_16' title="bbox 546 1101 2124 1174; baseline 0.004 -20"><span class='ocrx_word' id='word_1_100' title='bbox 546 1101 742 1156; x_wconf 86' lang='lat' dir='ltr'><strong>delnde</strong></span> <span class='ocrx_word' id='word_1_101' title='bbox 767 1101 916 1156; x_wconf 87' lang='lat' dir='ltr'><strong>ducit</strong></span> <span class='ocrx_word' id='word_1_102' title='bbox 943 1101 1057 1172; x_wconf 80' lang='lat'><strong>(95)</strong></span> <span class='ocrx_word' id='word_1_103' title='bbox 1088 1101 1296 1157; x_wconf 85' lang='lat' dir='ltr'><strong>Xerxes</strong></span> <span class='ocrx_word' id='word_1_104' title='bbox 1322 1105 1609 1171; x_wconf 84' lang='lat' dir='ltr'><strong>Amistrin,</strong></span> <span class='ocrx_word' id='word_1_105' title='bbox 1648 1103 1895 1174; x_wconf 68' lang='lat' dir='ltr'><strong>Onophte</strong></span> <span class='ocrx_word' id='word_1_106' title='bbox 1918 1105 2082 1160; x_wconf 86' lang='lat' dir='ltr'><strong>tiliam</strong></span> <span class='ocrx_word' id='word_1_107' title='bbox 2111 1124 2124 1160; x_wconf 89' lang='lat'><strong>:</strong></span> 
     </span>
    </p>
   </div>
   <div class='ocr_carea' id='block_1_17' title="bbox 545 1193 2128 1267">
    <p class='ocr_par' dir='ltr' id='par_1_17' title="bbox 545 1193 2128 1267">
     <span class='ocr_line' id='line_1_17' title="bbox 545 1193 2128 1267; baseline 0.006 -23"><span class='ocrx_word' id='word_1_108' title='bbox 545 1206 612 1246; x_wconf 87' lang='lat' dir='ltr'><strong>ex</strong></span> <span class='ocrx_word' id='word_1_109' title='bbox 654 1208 762 1262; x_wconf 89' lang='lat' dir='ltr'><strong>qua</strong></span> <span class='ocrx_word' id='word_1_110' title='bbox 801 1193 876 1248; x_wconf 88' lang='lat' dir='ltr'><strong>illi</strong></span> <span class='ocrx_word' id='word_1_111' title='bbox 911 1194 1055 1248; x_wconf 84' lang='lat' dir='ltr'><strong>ﬁlius</strong></span> <span class='ocrx_word' id='word_1_112' title='bbox 1113 1196 1356 1250; x_wconf 90' lang='lat' dir='ltr'><strong>nascitur</strong></span> <span class='ocrx_word' id='word_1_113' title='bbox 1408 1197 1674 1260; x_wconf 67' lang='lat' dir='ltr'><strong>Dariaaus.</strong></span> <span class='ocrx_word' id='word_1_114' title='bbox 1714 1207 1769 1252; x_wconf 89' lang='lat' dir='ltr'><strong>ct</strong></span> <span class='ocrx_word' id='word_1_115' title='bbox 1823 1209 1944 1267; x_wconf 88' lang='lat' dir='ltr'><strong>post</strong></span> <span class='ocrx_word' id='word_1_116' title='bbox 1993 1198 2128 1254; x_wconf 81' lang='lat' dir='ltr'><strong>duos</strong></span> 
     </span>
    </p>
   </div>
   <div class='ocr_carea' id='block_1_18' title="bbox 547 1285 2127 1361">
    <p class='ocr_par' dir='ltr' id='par_1_18' title="bbox 547 1285 2127 1361">
     <span class='ocr_line' id='line_1_18' title="bbox 547 1285 2127 1361; baseline 0.006 -26"><span class='ocrx_word' id='word_1_117' title='bbox 547 1299 722 1340; x_wconf 83' lang='lat' dir='ltr'><strong>annos</strong></span> <span class='ocrx_word' id='word_1_118' title='bbox 768 1285 928 1352; x_wconf 84' lang='lat' dir='ltr'><strong>alter,</strong></span> <span class='ocrx_word' id='word_1_119' title='bbox 983 1286 1280 1358; x_wconf 81' lang='lat' dir='ltr'><strong>Hystaspes</strong></span> <span class='ocrx_word' id='word_1_120' title='bbox 1337 1289 1595 1356; x_wconf 88' lang='lat' dir='ltr'><strong>nomine;</strong></span> <span class='ocrx_word' id='word_1_121' title='bbox 1639 1291 1876 1361; x_wconf 83' lang='lat' dir='ltr'><strong>itemque</strong></span> <span class='ocrx_word' id='word_1_122' title='bbox 1916 1296 2127 1355; x_wconf 86' lang='lat' dir='ltr'><strong>tertius.</strong></span> 
     </span>
    </p>
   </div>
   <div class='ocr_carea' id='block_1_19' title="bbox 550 1376 2128 1454">
    <p class='ocr_par' dir='ltr' id='par_1_19' title="bbox 550 1376 2128 1454">
     <span class='ocr_line' id='line_1_19' title="bbox 550 1376 2128 1454; baseline 0.008 -27"><span class='ocrx_word' id='word_1_123' title='bbox 550 1376 883 1432; x_wconf 80' lang='lat' dir='ltr'><strong>Artaxerxes</strong></span> <span class='ocrx_word' id='word_1_124' title='bbox 939 1398 951 1432; x_wconf 92' lang='lat'>:</span> <span class='ocrx_word' id='word_1_125' title='bbox 1007 1381 1126 1433; x_wconf 85' lang='lat' dir='ltr'><strong>duae</strong></span> <span class='ocrx_word' id='word_1_126' title='bbox 1174 1396 1390 1448; x_wconf 82' lang='lat' dir='ltr'><strong>quoque</strong></span> <span class='ocrx_word' id='word_1_127' title='bbox 1447 1381 1600 1448; x_wconf 64' lang='lat' dir='ltr'><strong>tiliae,</strong></span> <span class='ocrx_word' id='word_1_128' title='bbox 1655 1399 1888 1454; x_wconf 90' lang='lat' dir='ltr'><strong>quarum</strong></span> <span class='ocrx_word' id='word_1_129' title='bbox 1957 1387 2128 1440; x_wconf 85' lang='lat' dir='ltr'><strong>altera</strong></span> 
     </span>
    </p>
   </div>
   <div class='ocr_carea' id='block_1_20' title="bbox 548 1469 2130 1543">
    <p class='ocr_par' dir='ltr' id='par_1_20' title="bbox 548 1469 2130 1543">
     <span class='ocr_line' id='line_1_20' title="bbox 548 1469 2130 1543; baseline 0.008 -25"><span class='ocrx_word' id='word_1_130' title='bbox 548 1469 617 1522; x_wconf 87' lang='lat' dir='ltr'><strong>de</strong></span> <span class='ocrx_word' id='word_1_131' title='bbox 670 1471 806 1524; x_wconf 75' lang='lat' dir='ltr'><strong>avize</strong></span> <span class='ocrx_word' id='word_1_132' title='bbox 865 1472 1079 1525; x_wconf 87' lang='lat' dir='ltr'><strong>nomine</strong></span> <span class='ocrx_word' id='word_1_133' title='bbox 1138 1472 1346 1543; x_wconf 86' lang='lat' dir='ltr'><strong>Amytis</strong></span> <span class='ocrx_word' id='word_1_134' title='bbox 1396 1472 1578 1538; x_wconf 87' lang='lat' dir='ltr'><strong>dicta;</strong></span> <span class='ocrx_word' id='word_1_135' title='bbox 1661 1476 1836 1530; x_wconf 87' lang='lat' dir='ltr'><strong>altera</strong></span> <span class='ocrx_word' id='word_1_136' title='bbox 1913 1477 2130 1532; x_wconf 81' lang='lat' dir='ltr'><strong>Rhodo-</strong></span> 
     </span>
    </p>
   </div>
   <div class='ocr_carea' id='block_1_21' title="bbox 550 1561 860 1633">
    <p class='ocr_par' dir='ltr' id='par_1_21' title="bbox 550 1561 860 1633">
     <span class='ocr_line' id='line_1_21' title="bbox 550 1561 860 1633; baseline 0.013 -20"><span class='ocrx_word' id='word_1_137' title='bbox 550 1576 694 1629; x_wconf 84' lang='lat' dir='ltr'><strong>gune</strong></span> <span class='ocrx_word' id='word_1_138' title='bbox 725 1561 860 1633; x_wconf 73' lang='grc'>(94).</span> 
     </span>
    </p>
   </div>
   <div class='ocr_carea' id='block_1_22' title="bbox 623 1651 2130 1730">
    <p class='ocr_par' dir='ltr' id='par_1_22' title="bbox 623 1651 2130 1730">
     <span class='ocr_line' id='line_1_22' title="bbox 623 1651 2130 1730; baseline 0.007 -25"><span class='ocrx_word' id='word_1_139' title='bbox 623 1651 834 1707; x_wconf 78' lang='lat' dir='ltr'><strong>Xerxes</strong></span> <span class='ocrx_word' id='word_1_140' title='bbox 866 1657 1124 1712; x_wconf 84' lang='lat' dir='ltr'><strong>adversus</strong></span> <span class='ocrx_word' id='word_1_141' title='bbox 1155 1658 1376 1714; x_wconf 67' lang='lat' dir='ltr'><strong>Graecos</strong></span> <span class='ocrx_word' id='word_1_142' title='bbox 1415 1658 1817 1726; x_wconf 84' lang='lat' dir='ltr'><strong>expeditionem</strong></span> <span class='ocrx_word' id='word_1_143' title='bbox 1863 1662 2130 1730; x_wconf 81' lang='lat' dir='ltr'><strong>suscepit,</strong></span> 
     </span>
    </p>
   </div>
   <div class='ocr_carea' id='block_1_23' title="bbox 557 1747 2130 1823">
    <p class='ocr_par' dir='ltr' id='par_1_23' title="bbox 557 1747 2130 1823">
     <span class='ocr_line' id='line_1_23' title="bbox 557 1747 2130 1823; baseline 0.005 -25"><span class='ocrx_word' id='word_1_144' title='bbox 557 1753 669 1798; x_wconf 82' lang='lat' dir='ltr'><strong>tum</strong></span> <span class='ocrx_word' id='word_1_145' title='bbox 697 1751 840 1815; x_wconf 84' lang='lat' dir='ltr'><strong>quod</strong></span> <span class='ocrx_word' id='word_1_146' title='bbox 872 1747 1028 1818; x_wconf 82' lang='lat' dir='ltr'><strong>39a</strong></span> <span class='ocrx_word' id='word_1_147' title='bbox 1053 1750 1525 1806; x_wconf 81' lang='lat' dir='ltr'><strong>Chalcedonenses</strong></span> <span class='ocrx_word' id='word_1_148' title='bbox 1559 1751 1858 1807; x_wconf 84' lang='lat' dir='ltr'><strong>dissolvere</strong></span> <span class='ocrx_word' id='word_1_149' title='bbox 1887 1765 2130 1823; x_wconf 87' lang='lat' dir='ltr'><strong>pontem,</strong></span> 
     </span>
    </p>
   </div>
   <div class='ocr_carea' id='block_1_24' title="bbox 552 1840 2127 1914">
    <p class='ocr_par' dir='ltr' id='par_1_24' title="bbox 552 1840 2127 1914">
     <span class='ocr_line' id='line_1_24' title="bbox 552 1840 2127 1914; baseline 0.008 -26"><span class='ocrx_word' id='word_1_150' title='bbox 552 1847 610 1888; x_wconf 91' lang='lat' dir='ltr'><strong>ut</strong></span> <span class='ocrx_word' id='word_1_151' title='bbox 645 1840 805 1892; x_wconf 92' lang='lat' dir='ltr'><strong>modo</strong></span> <span class='ocrx_word' id='word_1_152' title='bbox 830 1840 1031 1895; x_wconf 88' lang='lat' dir='ltr'><strong>dictum</strong></span> <span class='ocrx_word' id='word_1_153' title='bbox 1059 1853 1162 1907; x_wconf 80' lang='lat' dir='ltr'><strong>est,</strong></span> <span class='ocrx_word' id='word_1_154' title='bbox 1191 1844 1371 1898; x_wconf 86' lang='lat' dir='ltr'><strong>conati</strong></span> <span class='ocrx_word' id='word_1_155' title='bbox 1400 1854 1618 1900; x_wconf 90' lang='lat' dir='ltr'><strong>essent:</strong></span> <span class='ocrx_word' id='word_1_156' title='bbox 1646 1854 1756 1898; x_wconf 92' lang='lat' dir='ltr'><strong>tum</strong></span> <span class='ocrx_word' id='word_1_157' title='bbox 1776 1847 1921 1914; x_wconf 90' lang='lat' dir='ltr'><strong>quod</strong></span> <span class='ocrx_word' id='word_1_158' title='bbox 1953 1862 2127 1912; x_wconf 89' lang='lat' dir='ltr'><strong>aram,</strong></span> 
     </span>
    </p>
   </div>
   <div class='ocr_carea' id='block_1_25' title="bbox 548 1931 2128 2003">
    <p class='ocr_par' dir='ltr' id='par_1_25' title="bbox 548 1931 2128 2003">
     <span class='ocr_line' id='line_1_25' title="bbox 548 1931 2128 2003; baseline 0.008 -22"><span class='ocrx_word' id='word_1_159' title='bbox 548 1945 710 1998; x_wconf 88' lang='lat' dir='ltr'><strong>quam</strong></span> <span class='ocrx_word' id='word_1_160' title='bbox 761 1931 956 1986; x_wconf 89' lang='lat' dir='ltr'><strong>Darius</strong></span> <span class='ocrx_word' id='word_1_161' title='bbox 991 1934 1281 2000; x_wconf 85' lang='lat' dir='ltr'><strong>excitarat,</strong></span> <span class='ocrx_word' id='word_1_162' title='bbox 1325 1935 1764 2003; x_wconf 83' lang='lat' dir='ltr'><strong>disturhassent;</strong></span> <span class='ocrx_word' id='word_1_163' title='bbox 1823 1947 1934 1992; x_wconf 92' lang='lat' dir='ltr'><strong>tum</strong></span> <span class='ocrx_word' id='word_1_164' title='bbox 1965 1939 2128 1994; x_wconf 85' lang='lat' dir='ltr'><strong>etiam</strong></span> 
     </span>
    </p>
   </div>
   <div class='ocr_carea' id='block_1_26' title="bbox 547 2009 2204 2099">
    <p class='ocr_par' dir='ltr' id='par_1_26' title="bbox 547 2009 2204 2099">
     <span class='ocr_line' id='line_1_26' title="bbox 547 2009 2204 2099; baseline 0.008 -26"><span class='ocrx_word' id='word_1_165' title='bbox 547 2024 692 2091; x_wconf 88' lang='lat' dir='ltr'><strong>quod</strong></span> <span class='ocrx_word' id='word_1_166' title='bbox 757 2024 916 2079; x_wconf 86' lang='lat' dir='ltr'><strong>Datin</strong></span> <span class='ocrx_word' id='word_1_167' title='bbox 958 2026 1322 2083; x_wconf 87' lang='lat' dir='ltr'><strong>Athenienses</strong></span> <span class='ocrx_word' id='word_1_168' title='bbox 1363 2029 1712 2096; x_wconf 88' lang='lat' dir='ltr'><strong>occidissent,</strong></span> <span class='ocrx_word' id='word_1_169' title='bbox 1767 2029 1992 2099; x_wconf 81' lang='lat' dir='ltr'><strong>ejusque</strong></span> <span class='ocrx_word' id='word_1_170' title='bbox 2037 2048 2126 2088; x_wconf 88' lang='lat' dir='ltr'><strong>ca-</strong></span> <span class='ocrx_word' id='word_1_171' title='bbox 2161 2009 2204 2066; x_wconf 72' lang='grc' dir='ltr'>Β</span> 
     </span>
    </p>
   </div>
   <div class='ocr_carea' id='block_1_27' title="bbox 548 2116 2130 2194">
    <p class='ocr_par' dir='ltr' id='par_1_27' title="bbox 548 2116 2130 2194">
     <span class='ocr_line' id='line_1_27' title="bbox 548 2116 2130 2194; baseline 0.008 -28"><span class='ocrx_word' id='word_1_172' title='bbox 548 2116 716 2169; x_wconf 89' lang='lat' dir='ltr'><strong>daver</strong></span> <span class='ocrx_word' id='word_1_173' title='bbox 739 2119 954 2173; x_wconf 84' lang='lat' dir='ltr'><strong>tradere</strong></span> <span class='ocrx_word' id='word_1_174' title='bbox 980 2128 1347 2176; x_wconf 72' lang='lat' dir='ltr'><strong>recusassent.</strong></span> <span class='ocrx_word' id='word_1_175' title='bbox 1386 2119 1583 2175; x_wconf 87' lang='lat' dir='ltr'><strong>Verum</strong></span> <span class='ocrx_word' id='word_1_176' title='bbox 1612 2131 1768 2176; x_wconf 88' lang='lat' dir='ltr'><strong>antea</strong></span> <span class='ocrx_word' id='word_1_177' title='bbox 1796 2120 2130 2194; x_wconf 84' lang='lat' dir='ltr'><strong>Babylonem</strong></span> 
     </span>
    </p>
   </div>
   <div class='ocr_carea' id='block_1_28' title="bbox 547 2203 2134 2284">
    <p class='ocr_par' dir='ltr' id='par_1_28' title="bbox 547 2203 2134 2284">
     <span class='ocr_line' id='line_1_28' title="bbox 547 2203 2134 2284; baseline 0.009 -28"><span class='ocrx_word' id='word_1_178' title='bbox 547 2207 848 2272; x_wconf 82' lang='lat' dir='ltr'><strong>proﬁcisci,</strong></span> <span class='ocrx_word' id='word_1_179' title='bbox 907 2219 962 2262; x_wconf 88' lang='lat' dir='ltr'><strong>et</strong></span> <span class='ocrx_word' id='word_1_180' title='bbox 1020 2208 1282 2265; x_wconf 70' lang='lat' dir='ltr'><strong>Belilana:</strong></span> <span class='ocrx_word' id='word_1_181' title='bbox 1335 2210 1450 2281; x_wconf 85' lang='lat'><strong>(95)</strong></span> <span class='ocrx_word' id='word_1_182' title='bbox 1499 2212 1808 2281; x_wconf 87' lang='lat' dir='ltr'><strong>sepulcrum</strong></span> <span class='ocrx_word' id='word_1_183' title='bbox 1862 2203 2134 2284; x_wconf 86' lang='lat' dir='ltr'><strong>inspicere</strong></span> 
     </span>
    </p>
   </div>
   <div class='ocr_carea' id='block_1_29' title="bbox 548 2297 2131 2371">
    <p class='ocr_par' dir='ltr' id='par_1_29' title="bbox 548 2297 2131 2371">
     <span class='ocr_line' id='line_1_29' title="bbox 548 2297 2131 2371; baseline 0.006 -19"><span class='ocrx_word' id='word_1_184' title='bbox 548 2297 758 2363; x_wconf 79' lang='lat' dir='ltr'><strong>voluit;</strong></span> <span class='ocrx_word' id='word_1_185' title='bbox 797 2307 849 2354; x_wconf 93' lang='lat' dir='ltr'><strong>et</strong></span> <span class='ocrx_word' id='word_1_186' title='bbox 879 2299 1135 2370; x_wconf 88' lang='lat' dir='ltr'><strong>inspexit,</strong></span> <span class='ocrx_word' id='word_1_187' title='bbox 1169 2301 1442 2358; x_wconf 78' lang='lat' dir='ltr'><strong>Mardouio</strong></span> <span class='ocrx_word' id='word_1_188' title='bbox 1463 2303 1776 2371; x_wconf 72' lang='lat' dir='ltr'><strong>adiuvante,</strong></span> <span class='ocrx_word' id='word_1_189' title='bbox 1812 2307 1904 2361; x_wconf 88' lang='lat' dir='ltr'><strong>sed</strong></span> <span class='ocrx_word' id='word_1_190' title='bbox 1939 2323 2131 2362; x_wconf 89' lang='lat' dir='ltr'><strong>urnam</strong></span> 
     </span>
    </p>
   </div>
   <div class='ocr_carea' id='block_1_30' title="bbox 547 2388 2131 2470">
    <p class='ocr_par' dir='ltr' id='par_1_30' title="bbox 547 2388 2131 2470">
     <span class='ocr_line' id='line_1_30' title="bbox 547 2388 2131 2470; baseline 0.008 -28"><span class='ocrx_word' id='word_1_191' title='bbox 547 2388 652 2443; x_wconf 89' lang='lat' dir='ltr'><strong>olei</strong></span> <span class='ocrx_word' id='word_1_192' title='bbox 688 2405 795 2444; x_wconf 93' lang='lat' dir='ltr'><strong>non</strong></span> <span class='ocrx_word' id='word_1_193' title='bbox 848 2391 1024 2460; x_wconf 88' lang='lat' dir='ltr'><strong>potuit</strong></span> <span class='ocrx_word' id='word_1_194' title='bbox 1077 2393 1554 2462; x_wconf 89' lang='lat' dir='ltr'><strong>(quemadmodum</strong></span> <span class='ocrx_word' id='word_1_195' title='bbox 1609 2397 1875 2466; x_wconf 88' lang='lat' dir='ltr'><strong>scriptmn</strong></span> <span class='ocrx_word' id='word_1_196' title='bbox 1932 2398 2131 2470; x_wconf 81' lang='lat' dir='ltr'><strong>fuerat)</strong></span> 
     </span>
    </p>
   </div>
   <div class='ocr_carea' id='block_1_31' title="bbox 550 2481 2133 2558">
    <p class='ocr_par' dir='ltr' id='par_1_31' title="bbox 550 2481 2133 2558">
     <span class='ocr_line' id='line_1_31' title="bbox 550 2481 2133 2558; baseline 0.009 -25"><span class='ocrx_word' id='word_1_197' title='bbox 550 2481 798 2550; x_wconf 87' lang='lat' dir='ltr'><strong>implere.</strong></span> <span class='ocrx_word' id='word_1_198' title='bbox 848 2482 976 2540; x_wconf 91' lang='lat' dir='ltr'><strong>lude</strong></span> <span class='ocrx_word' id='word_1_199' title='bbox 1030 2485 1303 2540; x_wconf 87' lang='lat' dir='ltr'><strong>Ecbatana</strong></span> <span class='ocrx_word' id='word_1_200' title='bbox 1367 2487 1610 2558; x_wconf 78' lang='lat' dir='ltr'><strong>proiecto</strong></span> <span class='ocrx_word' id='word_1_201' title='bbox 1662 2488 1855 2548; x_wconf 74' lang='lat' dir='ltr'><strong>Xerxze</strong></span> <span class='ocrx_word' id='word_1_202' title='bbox 1911 2492 2133 2547; x_wconf 88' lang='lat' dir='ltr'><strong>nuntius</strong></span> 
     </span>
    </p>
   </div>
   <div class='ocr_carea' id='block_1_32' title="bbox 549 2573 2130 2655">
    <p class='ocr_par' dir='ltr' id='par_1_32' title="bbox 549 2573 2130 2655">
     <span class='ocr_line' id='line_1_32' title="bbox 549 2573 2130 2655; baseline 0.008 -30"><span class='ocrx_word' id='word_1_203' title='bbox 549 2573 777 2629; x_wconf 84' lang='lat' dir='ltr'><strong>all&#39;ertur</strong></span> <span class='ocrx_word' id='word_1_204' title='bbox 805 2575 871 2630; x_wconf 90' lang='lat' dir='ltr'><strong>de</strong></span> <span class='ocrx_word' id='word_1_205' title='bbox 896 2575 1316 2648; x_wconf 79' lang='lat' dir='ltr'><strong>Babyloniorum</strong></span> <span class='ocrx_word' id='word_1_206' title='bbox 1341 2581 1669 2648; x_wconf 81' lang='lat' dir='ltr'><strong>delectione,</strong></span> <span class='ocrx_word' id='word_1_207' title='bbox 1695 2582 1872 2651; x_wconf 90' lang='lat' dir='ltr'><strong>deque</strong></span> <span class='ocrx_word' id='word_1_208' title='bbox 1897 2582 2130 2655; x_wconf 84' lang='lat' dir='ltr'><strong>Zopyro,</strong></span> 
     </span>
    </p>
   </div>
   <div class='ocr_carea' id='block_1_33' title="bbox 551 2666 2132 2746">
    <p class='ocr_par' dir='ltr' id='par_1_33' title="bbox 551 2666 2132 2746">
     <span class='ocr_line' id='line_1_33' title="bbox 551 2666 2132 2746; baseline 0.008 -27"><span class='ocrx_word' id='word_1_209' title='bbox 551 2666 674 2721; x_wconf 86' lang='lat' dir='ltr'><strong>belli</strong></span> <span class='ocrx_word' id='word_1_210' title='bbox 706 2672 848 2736; x_wconf 88' lang='lat' dir='ltr'><strong>apud</strong></span> <span class='ocrx_word' id='word_1_211' title='bbox 882 2669 1002 2724; x_wconf 93' lang='lat' dir='ltr'><strong>illos</strong></span> <span class='ocrx_word' id='word_1_212' title='bbox 1027 2670 1182 2737; x_wconf 87' lang='lat' dir='ltr'><strong>duce,</strong></span> <span class='ocrx_word' id='word_1_213' title='bbox 1216 2671 1284 2726; x_wconf 86' lang='lat' dir='ltr'><strong>ab</strong></span> <span class='ocrx_word' id='word_1_214' title='bbox 1313 2672 1516 2727; x_wconf 89' lang='lat' dir='ltr'><strong>eisdem</strong></span> <span class='ocrx_word' id='word_1_215' title='bbox 1549 2684 1760 2730; x_wconf 88' lang='lat' dir='ltr'><strong>necato.</strong></span> <span class='ocrx_word' id='word_1_216' title='bbox 1785 2676 1964 2746; x_wconf 83' lang='lat' dir='ltr'><strong>Atque</strong></span> <span class='ocrx_word' id='word_1_217' title='bbox 1988 2677 2132 2732; x_wconf 90' lang='lat' dir='ltr'><strong>hunc</strong></span> 
     </span>
    </p>
   </div>
   <div class='ocr_carea' id='block_1_34' title="bbox 548 2759 2134 2837">
    <p class='ocr_par' dir='ltr' id='par_1_34' title="bbox 548 2759 2134 2837">
     <span class='ocr_line' id='line_1_34' title="bbox 548 2759 2134 2837; baseline 0.009 -27"><span class='ocrx_word' id='word_1_218' title='bbox 548 2759 768 2827; x_wconf 82' lang='lat' dir='ltr'><strong>quidem</strong></span> <span class='ocrx_word' id='word_1_219' title='bbox 809 2760 862 2816; x_wconf 89' lang='lat' dir='ltr'><strong>in</strong></span> <span class='ocrx_word' id='word_1_220' title='bbox 901 2763 1121 2818; x_wconf 87' lang='lat' dir='ltr'><strong>modum</strong></span> <span class='ocrx_word' id='word_1_221' title='bbox 1172 2767 1238 2820; x_wconf 91' lang='lat' dir='ltr'><strong>de</strong></span> <span class='ocrx_word' id='word_1_222' title='bbox 1282 2766 1368 2822; x_wconf 89' lang='lat' dir='ltr'><strong>his</strong></span> <span class='ocrx_word' id='word_1_223' title='bbox 1413 2767 1651 2837; x_wconf 88' lang='lat' dir='ltr'><strong>loquitur</strong></span> <span class='ocrx_word' id='word_1_224' title='bbox 1702 2768 1934 2831; x_wconf 85' lang='lat' dir='ltr'><strong>Ctesias,</strong></span> <span class='ocrx_word' id='word_1_225' title='bbox 1971 2770 2134 2824; x_wconf 90' lang='lat' dir='ltr'><strong>aliter</strong></span> 
     </span>
    </p>
   </div>
   <div class='ocr_carea' id='block_1_35' title="bbox 549 2852 2134 2930">
    <p class='ocr_par' dir='ltr' id='par_1_35' title="bbox 549 2852 2134 2930">
     <span class='ocr_line' id='line_1_35' title="bbox 549 2852 2134 2930; baseline 0.008 -26"><span class='ocrx_word' id='word_1_226' title='bbox 549 2863 716 2922; x_wconf 85' lang='lat' dir='ltr'><strong>atque</strong></span> <span class='ocrx_word' id='word_1_227' title='bbox 757 2852 1085 2912; x_wconf 85' lang='lat' dir='ltr'><strong>Herodotus.</strong></span> <span class='ocrx_word' id='word_1_228' title='bbox 1129 2858 1261 2924; x_wconf 64' lang='lat' dir='ltr'><strong>Quae</strong></span> <span class='ocrx_word' id='word_1_229' title='bbox 1293 2874 1421 2914; x_wconf 78' lang='lat' dir='ltr'><strong>vero</strong></span> <span class='ocrx_word' id='word_1_230' title='bbox 1461 2861 1528 2914; x_wconf 90' lang='lat' dir='ltr'><strong>de</strong></span> <span class='ocrx_word' id='word_1_231' title='bbox 1573 2859 1786 2930; x_wconf 80' lang='lat' dir='ltr'><strong>ZOpyro</strong></span> <span class='ocrx_word' id='word_1_232' title='bbox 1826 2861 1918 2917; x_wconf 91' lang='lat' dir='ltr'><strong>ille</strong></span> <span class='ocrx_word' id='word_1_233' title='bbox 1966 2861 2134 2917; x_wconf 80' lang='lat' dir='ltr'><strong>refert</strong></span> 
     </span>
    </p>
   </div>
   <div class='ocr_carea' id='block_1_36' title="bbox 551 2943 2130 3023">
    <p class='ocr_par' dir='ltr' id='par_1_36' title="bbox 551 2943 2130 3023">
     <span class='ocr_line' id='line_1_36' title="bbox 551 2943 2130 3023; baseline 0.008 -27"><span class='ocrx_word' id='word_1_234' title='bbox 551 2943 678 3010; x_wconf 90' lang='lat' dir='ltr'><strong>(hoc</strong></span> <span class='ocrx_word' id='word_1_235' title='bbox 731 2961 836 3000; x_wconf 94' lang='lat' dir='ltr'><strong>uno</strong></span> <span class='ocrx_word' id='word_1_236' title='bbox 894 2957 1123 3018; x_wconf 86' lang='lat' dir='ltr'><strong>excepto</strong></span> <span class='ocrx_word' id='word_1_237' title='bbox 1169 2950 1310 3018; x_wconf 90' lang='lat' dir='ltr'><strong>quod</strong></span> <span class='ocrx_word' id='word_1_238' title='bbox 1381 2951 1522 3005; x_wconf 91' lang='lat' dir='ltr'><strong>mula</strong></span> <span class='ocrx_word' id='word_1_239' title='bbox 1581 2953 1750 3021; x_wconf 89' lang='lat' dir='ltr'><strong>ipsius</strong></span> <span class='ocrx_word' id='word_1_240' title='bbox 1814 2953 2130 3023; x_wconf 88' lang='lat' dir='ltr'><strong>pepererit),</strong></span> 
     </span>
    </p>
   </div>
   <div class='ocr_carea' id='block_1_37' title="bbox 551 3039 2134 3102">
    <p class='ocr_par' dir='ltr' id='par_1_37' title="bbox 551 3039 2134 3102">
     <span class='ocr_line' id='line_1_37' title="bbox 551 3039 2134 3102; baseline 0.007 -13"><span class='ocrx_word' id='word_1_241' title='bbox 551 3048 744 3093; x_wconf 69' lang='lat' dir='ltr'><strong>caetera</strong></span> <span class='ocrx_word' id='word_1_242' title='bbox 814 3039 1004 3094; x_wconf 85' lang='lat' dir='ltr'><strong>saltem</strong></span> <span class='ocrx_word' id='word_1_243' title='bbox 1055 3053 1239 3098; x_wconf 89' lang='lat' dir='ltr'><strong>noster</strong></span> <span class='ocrx_word' id='word_1_244' title='bbox 1271 3043 1359 3098; x_wconf 89' lang='lat' dir='ltr'><strong>hic</strong></span> <span class='ocrx_word' id='word_1_245' title='bbox 1416 3055 1609 3102; x_wconf 87' lang='lat' dir='ltr'><strong>auctor</strong></span> <span class='ocrx_word' id='word_1_246' title='bbox 1657 3045 1904 3100; x_wconf 80' lang='lat' dir='ltr'><strong>confecta</strong></span> <span class='ocrx_word' id='word_1_247' title='bbox 1951 3057 2134 3100; x_wconf 85' lang='lat' dir='ltr'><strong>narrat</strong></span> 
     </span>
    </p>
   </div>
   <div class='ocr_carea' id='block_1_38' title="bbox 552 3129 2134 3204">
    <p class='ocr_par' dir='ltr' id='par_1_38' title="bbox 552 3129 2134 3204">
     <span class='ocr_line' id='line_1_38' title="bbox 552 3129 2134 3204; baseline 0.006 -23"><span class='ocrx_word' id='word_1_248' title='bbox 552 3143 646 3194; x_wconf 81' lang='lat' dir='ltr'><strong>per</strong></span> <span class='ocrx_word' id='word_1_249' title='bbox 699 3129 1049 3201; x_wconf 75' lang='lat' dir='ltr'><strong>Megabyzum</strong></span> <span class='ocrx_word' id='word_1_250' title='bbox 1104 3133 1194 3200; x_wconf 89' lang='lat' dir='ltr'><strong>qui</strong></span> <span class='ocrx_word' id='word_1_251' title='bbox 1260 3131 1457 3188; x_wconf 72' lang='lat' dir='ltr'><strong>Xerxte</strong></span> <span class='ocrx_word' id='word_1_252' title='bbox 1516 3149 1705 3204; x_wconf 84' lang='lat' dir='ltr'><strong>gener,</strong></span> <span class='ocrx_word' id='word_1_253' title='bbox 1787 3137 1948 3190; x_wconf 88' lang='lat' dir='ltr'><strong>ducta</strong></span> <span class='ocrx_word' id='word_1_254' title='bbox 2018 3136 2134 3203; x_wconf 89' lang='lat' dir='ltr'><strong>ejus</strong></span> 
     </span>
    </p>
   </div>
   <div class='ocr_carea' id='block_1_39' title="bbox 551 3217 2134 3296">
    <p class='ocr_par' dir='ltr' id='par_1_39' title="bbox 551 3217 2134 3296">
     <span class='ocr_line' id='line_1_39' title="bbox 551 3217 2134 3296; baseline 0.007 -25"><span class='ocrx_word' id='word_1_255' title='bbox 551 3217 659 3271; x_wconf 82' lang='lat' dir='ltr'><strong>ﬁlia</strong></span> <span class='ocrx_word' id='word_1_256' title='bbox 715 3220 932 3290; x_wconf 84' lang='lat' dir='ltr'><strong>Amyti,</strong></span> <span class='ocrx_word' id='word_1_257' title='bbox 987 3220 1096 3289; x_wconf 82' lang='lat' dir='ltr'><strong>jam</strong></span> <span class='ocrx_word' id='word_1_258' title='bbox 1135 3222 1309 3277; x_wconf 85' lang='lat' dir='ltr'><strong>lactus</strong></span> <span class='ocrx_word' id='word_1_259' title='bbox 1376 3233 1514 3279; x_wconf 88' lang='lat' dir='ltr'><strong>erat.</strong></span> <span class='ocrx_word' id='word_1_260' title='bbox 1581 3222 1659 3277; x_wconf 90' lang='lat' dir='ltr'><strong>lta</strong></span> <span class='ocrx_word' id='word_1_261' title='bbox 1727 3225 1966 3296; x_wconf 86' lang='lat' dir='ltr'><strong>Babylon</strong></span> <span class='ocrx_word' id='word_1_262' title='bbox 2039 3241 2134 3296; x_wconf 87' lang='lat' dir='ltr'><strong>per</strong></span> 
     </span>
    </p>
   </div>
   <div class='ocr_carea' id='block_1_40' title="bbox 2232 1100 3816 1174">
    <p class='ocr_par' dir='ltr' id='par_1_40' title="bbox 2232 1100 3816 1174">
     <span class='ocr_line' id='line_1_40' title="bbox 2232 1100 3816 1174; baseline -0.003 -16"><span class='ocrx_word' id='word_1_263' title='bbox 2232 1121 2383 1159; x_wconf 86' lang='grc' dir='ltr'>νεται</span> <span class='ocrx_word' id='word_1_264' title='bbox 2409 1103 2560 1174; x_wconf 81' lang='grc' dir='ltr'>αὐτῷ</span> <span class='ocrx_word' id='word_1_265' title='bbox 2589 1107 2719 1168; x_wconf 86' lang='grc' dir='ltr'>παῖς</span> <span class='ocrx_word' id='word_1_266' title='bbox 2768 1105 3053 1173; x_wconf 83' lang='grc' dir='ltr'>Δαρειαϊος</span> <span class='ocrx_word' id='word_1_267' title='bbox 3082 1103 3150 1169; x_wconf 83' lang='grc'><strong>⁸⁸,</strong></span> <span class='ocrx_word' id='word_1_268' title='bbox 3183 1103 3279 1156; x_wconf 74' lang='grc' dir='ltr'><strong>καὶ</strong></span> <span class='ocrx_word' id='word_1_269' title='bbox 3322 1102 3511 1172; x_wconf 73' lang='grc' dir='ltr'>ἕτερος</span> <span class='ocrx_word' id='word_1_270' title='bbox 3556 1101 3696 1171; x_wconf 77' lang='grc' dir='ltr'>μετὰ</span> <span class='ocrx_word' id='word_1_271' title='bbox 3720 1100 3816 1154; x_wconf 86' lang='grc' dir='ltr'><strong>δύο</strong></span> 
     </span>
    </p>
   </div>
   <div class='ocr_carea' id='block_1_41' title="bbox 2231 1194 3813 1270">
    <p class='ocr_par' dir='ltr' id='par_1_41' title="bbox 2231 1194 3813 1270">
     <span class='ocr_line' id='line_1_41' title="bbox 2231 1194 3813 1270; baseline -0.003 -18"><span class='ocrx_word' id='word_1_272' title='bbox 2231 1199 2328 1268; x_wconf 78' lang='grc' dir='ltr'>ἐτη</span> <span class='ocrx_word' id='word_1_273' title='bbox 2373 1197 2710 1270; x_wconf 81' lang='grc' dir='ltr'>Ὑστάσπης,</span> <span class='ocrx_word' id='word_1_274' title='bbox 2738 1199 2832 1250; x_wconf 72' lang='grc' dir='ltr'>καὶ</span> <span class='ocrx_word' id='word_1_275' title='bbox 2876 1194 3332 1268; x_wconf 78' lang='grc' dir='ltr'>έτιἈρτοξέρξης</span> <span class='ocrx_word' id='word_1_276' title='bbox 3355 1194 3423 1260; x_wconf 80' lang='grc'><strong>⁶’,</strong></span> <span class='ocrx_word' id='word_1_277' title='bbox 3452 1196 3547 1249; x_wconf 78' lang='grc' dir='ltr'>καὶ</span> <span class='ocrx_word' id='word_1_278' title='bbox 3581 1194 3813 1262; x_wconf 78' lang='grc' dir='ltr'>Θυγατὲο</span> 
     </span>
    </p>
   </div>
   <div class='ocr_carea' id='block_1_42' title="bbox 2232 1283 3814 1363">
    <p class='ocr_par' dir='ltr' id='par_1_42' title="bbox 2232 1283 3814 1363">
     <span class='ocr_line' id='line_1_42' title="bbox 2232 1283 3814 1363; baseline 0.001 -20"><span class='ocrx_word' id='word_1_279' title='bbox 2232 1308 2329 1363; x_wconf 90' lang='grc' dir='ltr'><strong>ρες</strong></span> <span class='ocrx_word' id='word_1_280' title='bbox 2358 1288 2471 1354; x_wconf 86' lang='grc' dir='ltr'>δύο,</span> <span class='ocrx_word' id='word_1_281' title='bbox 2501 1283 2576 1344; x_wconf 79' lang='grc' dir='ltr'>ὧν</span> <span class='ocrx_word' id='word_1_282' title='bbox 2606 1292 2641 1360; x_wconf 79' lang='grc' dir='ltr'>ὴ</span> <span class='ocrx_word' id='word_1_283' title='bbox 2674 1289 2774 1360; x_wconf 83' lang='grc' dir='ltr'>μὲν</span> <span class='ocrx_word' id='word_1_284' title='bbox 2813 1289 3036 1358; x_wconf 80' lang='grc' dir='ltr'>Ἀμύτις</span> <span class='ocrx_word' id='word_1_285' title='bbox 3073 1288 3218 1343; x_wconf 81' lang='grc' dir='ltr'>κατὰ</span> <span class='ocrx_word' id='word_1_286' title='bbox 3255 1288 3356 1361; x_wconf 76' lang='grc' dir='ltr'><strong>τὴν</strong></span> <span class='ocrx_word' id='word_1_287' title='bbox 3391 1290 3684 1362; x_wconf 77' lang='grc' dir='ltr'><strong>ὀνομασίαν</strong></span> <span class='ocrx_word' id='word_1_288' title='bbox 3713 1290 3814 1360; x_wconf 81' lang='grc' dir='ltr'><strong>τῆς</strong></span> 
     </span>
    </p>
   </div>
   <div class='ocr_carea' id='block_1_43' title="bbox 2233 1382 3019 1454">
    <p class='ocr_par' dir='ltr' id='par_1_43' title="bbox 2233 1382 3019 1454">
     <span class='ocr_line' id='line_1_43' title="bbox 2233 1382 3019 1454; baseline -0.003 -16"><span class='ocrx_word' id='word_1_289' title='bbox 2233 1386 2496 1454; x_wconf 83' lang='grc' dir='ltr'>μάμμης,</span> <span class='ocrx_word' id='word_1_290' title='bbox 2525 1385 2558 1454; x_wconf 82' lang='grc' dir='ltr'>ἠ</span> <span class='ocrx_word' id='word_1_291' title='bbox 2584 1382 2641 1436; x_wconf 83' lang='grc' dir='ltr'>δὲ</span> <span class='ocrx_word' id='word_1_292' title='bbox 2675 1382 3019 1452; x_wconf 83' lang='grc' dir='ltr'><strong>Ῥοδογούνη.</strong></span> 
     </span>
    </p>
   </div>
   <div class='ocr_carea' id='block_1_44' title="bbox 2315 1647 3812 1724">
    <p class='ocr_par' dir='ltr' id='par_1_44' title="bbox 2315 1647 3812 1724">
     <span class='ocr_line' id='line_1_44' title="bbox 2315 1647 3812 1724; baseline -0.005 -15"><span class='ocrx_word' id='word_1_293' title='bbox 2315 1654 2373 1709; x_wconf 89' lang='lat'><strong>&#39;0</strong></span> <span class='ocrx_word' id='word_1_294' title='bbox 2399 1654 2455 1708; x_wconf 80' lang='grc' dir='ltr'>δὲ</span> <span class='ocrx_word' id='word_1_295' title='bbox 2494 1654 2559 1724; x_wconf 80' lang='grc' dir='ltr'>δὴ</span> <span class='ocrx_word' id='word_1_296' title='bbox 2607 1652 2817 1724; x_wconf 83' lang='grc' dir='ltr'>Ξέρξης</span> <span class='ocrx_word' id='word_1_297' title='bbox 2875 1649 3159 1721; x_wconf 77' lang='grc' dir='ltr'>στρατεύει</span> <span class='ocrx_word' id='word_1_298' title='bbox 3213 1650 3306 1704; x_wconf 75' lang='grc' dir='ltr'><strong>ἐπὶ</strong></span> <span class='ocrx_word' id='word_1_299' title='bbox 3359 1649 3487 1713; x_wconf 81' lang='grc' dir='ltr'>τοὺς</span> <span class='ocrx_word' id='word_1_300' title='bbox 3518 1647 3812 1720; x_wconf 82' lang='grc' dir='ltr'>Ἕλληνας,</span> 
     </span>
    </p>
   </div>
   <div class='ocr_carea' id='block_1_45' title="bbox 2231 1741 3814 1816">
    <p class='ocr_par' dir='ltr' id='par_1_45' title="bbox 2231 1741 3814 1816">
     <span class='ocr_line' id='line_1_45' title="bbox 2231 1741 3814 1816; baseline -0.004 -15"><span class='ocrx_word' id='word_1_301' title='bbox 2231 1748 2313 1801; x_wconf 80' lang='grc' dir='ltr'>ὅτι</span> <span class='ocrx_word' id='word_1_302' title='bbox 2359 1763 2417 1800; x_wconf 90' lang='grc' dir='ltr'><strong>τε</strong></span> <span class='ocrx_word' id='word_1_303' title='bbox 2477 1745 2832 1816; x_wconf 77' lang='grc' dir='ltr'><strong>Καλχηδόνιοι</strong></span> <span class='ocrx_word' id='word_1_304' title='bbox 2861 1743 2908 1775; x_wconf 87' lang='grc'><strong>⁷⁰</strong></span> <span class='ocrx_word' id='word_1_305' title='bbox 2938 1742 3096 1798; x_wconf 78' lang='grc' dir='ltr'>λῦσαι</span> <span class='ocrx_word' id='word_1_306' title='bbox 3134 1741 3232 1813; x_wconf 75' lang='grc' dir='ltr'>τὴν</span> <span class='ocrx_word' id='word_1_307' title='bbox 3275 1741 3544 1812; x_wconf 82' lang='grc' dir='ltr'>γέφυραν,</span> <span class='ocrx_word' id='word_1_308' title='bbox 3594 1741 3669 1805; x_wconf 80' lang='grc' dir='ltr'>ὡς</span> <span class='ocrx_word' id='word_1_309' title='bbox 3711 1741 3814 1812; x_wconf 70' lang='grc' dir='ltr'>ἤδη</span> 
     </span>
    </p>
   </div>
   <div class='ocr_carea' id='block_1_46' title="bbox 2232 1833 3815 1909">
    <p class='ocr_par' dir='ltr' id='par_1_46' title="bbox 2232 1833 3815 1909">
     <span class='ocr_line' id='line_1_46' title="bbox 2232 1833 3815 1909; baseline -0.004 -17"><span class='ocrx_word' id='word_1_310' title='bbox 2232 1839 2471 1909; x_wconf 74' lang='grc' dir='ltr'>εἴρηται,</span> <span class='ocrx_word' id='word_1_311' title='bbox 2502 1838 2896 1908; x_wconf 74' lang='grc' dir='ltr'>ἐπειράθησαν,</span> <span class='ocrx_word' id='word_1_312' title='bbox 2924 1835 3020 1890; x_wconf 55' lang='grc' dir='ltr'><strong>κοιλ¹</strong></span> <span class='ocrx_word' id='word_1_313' title='bbox 3067 1837 3148 1888; x_wconf 85' lang='grc' dir='ltr'>ὅτι</span> <span class='ocrx_word' id='word_1_314' title='bbox 3173 1834 3264 1887; x_wconf 75' lang='grc' dir='ltr'><strong>τὸν</strong></span> <span class='ocrx_word' id='word_1_315' title='bbox 3304 1833 3487 1904; x_wconf 82' lang='grc' dir='ltr'>βωμὸν</span> <span class='ocrx_word' id='word_1_316' title='bbox 3527 1833 3585 1886; x_wconf 73' lang='grc' dir='ltr'><strong>δν</strong></span> <span class='ocrx_word' id='word_1_317' title='bbox 3617 1833 3815 1903; x_wconf 78' lang='grc' dir='ltr'>ἔστησε</span> 
     </span>
    </p>
   </div>
   <div class='ocr_carea' id='block_1_47' title="bbox 2234 1925 3818 2004">
    <p class='ocr_par' dir='ltr' id='par_1_47' title="bbox 2234 1925 3818 2004">
     <span class='ocr_line' id='line_1_47' title="bbox 2234 1925 3818 2004; baseline -0.004 -19"><span class='ocrx_word' id='word_1_318' title='bbox 2234 1933 2460 2004; x_wconf 80' lang='grc' dir='ltr'>Δαρεῖος</span> <span class='ocrx_word' id='word_1_319' title='bbox 2495 1929 2765 1994; x_wconf 78' lang='grc' dir='ltr'>καθεῖλον,</span> <span class='ocrx_word' id='word_1_320' title='bbox 2814 1929 2909 1981; x_wconf 74' lang='grc' dir='ltr'>καὶ</span> <span class='ocrx_word' id='word_1_321' title='bbox 2953 1927 3036 1980; x_wconf 85' lang='grc' dir='ltr'>ὃτι</span> <span class='ocrx_word' id='word_1_322' title='bbox 3079 1927 3240 1979; x_wconf 77' lang='grc' dir='ltr'>Δᾶτιν</span> <span class='ocrx_word' id='word_1_323' title='bbox 3286 1925 3557 1996; x_wconf 82' lang='grc' dir='ltr'>Ἀθηναῖοι</span> <span class='ocrx_word' id='word_1_324' title='bbox 3605 1925 3818 1979; x_wconf 76' lang='grc' dir='ltr'>ἀνεῖλον</span> 
     </span>
    </p>
   </div>
   <div class='ocr_carea' id='block_1_48' title="bbox 2234 2016 3814 2093">
    <p class='ocr_par' dir='ltr' id='par_1_48' title="bbox 2234 2016 3814 2093">
     <span class='ocr_line' id='line_1_48' title="bbox 2234 2016 3814 2093; baseline -0.006 -15"><span class='ocrx_word' id='word_1_325' title='bbox 2234 2025 2325 2078; x_wconf 73' lang='grc' dir='ltr'><strong>καὶ</strong></span> <span class='ocrx_word' id='word_1_326' title='bbox 2351 2023 2472 2077; x_wconf 83' lang='grc' dir='ltr'>οὐδὲ</span> <span class='ocrx_word' id='word_1_327' title='bbox 2509 2023 2602 2076; x_wconf 73' lang='grc' dir='ltr'><strong>τὸν</strong></span> <span class='ocrx_word' id='word_1_328' title='bbox 2633 2021 2822 2093; x_wconf 82' lang='grc' dir='ltr'>νεκρδν</span> <span class='ocrx_word' id='word_1_329' title='bbox 2853 2020 3062 2086; x_wconf 75' lang='grc' dir='ltr'>ἔδοσαν.</span> <span class='ocrx_word' id='word_1_330' title='bbox 3109 2018 3381 2088; x_wconf 72' lang='grc' dir='ltr'>Πρότερον</span> <span class='ocrx_word' id='word_1_331' title='bbox 3413 2016 3470 2070; x_wconf 84' lang='grc' dir='ltr'>δὲ</span> <span class='ocrx_word' id='word_1_332' title='bbox 3523 2018 3602 2080; x_wconf 80' lang='grc' dir='ltr'>εἰς</span> <span class='ocrx_word' id='word_1_333' title='bbox 3633 2017 3814 2070; x_wconf 88' lang='grc' dir='ltr'>Βαϐυ-</span> 
     </span>
    </p>
   </div>
   <div class='ocr_carea' id='block_1_49' title="bbox 2233 2111 3814 2189">
    <p class='ocr_par' dir='ltr' id='par_1_49' title="bbox 2233 2111 3814 2189">
     <span class='ocr_line' id='line_1_49' title="bbox 2233 2111 3814 2189; baseline -0.005 -17"><span class='ocrx_word' id='word_1_334' title='bbox 2233 2119 2378 2172; x_wconf 84' lang='grc' dir='ltr'>λῶνα</span> <span class='ocrx_word' id='word_1_335' title='bbox 2408 2117 2654 2189; x_wconf 81' lang='grc' dir='ltr'>ἀφίκετο,</span> <span class='ocrx_word' id='word_1_336' title='bbox 2687 2115 2780 2168; x_wconf 76' lang='grc' dir='ltr'>καὶ</span> <span class='ocrx_word' id='word_1_337' title='bbox 2809 2114 2936 2168; x_wconf 73' lang='grc' dir='ltr'>ἰδεῖν</span> <span class='ocrx_word' id='word_1_338' title='bbox 2963 2111 3277 2184; x_wconf 78' lang='grc' dir='ltr'>ἐπεθύμησε</span> <span class='ocrx_word' id='word_1_339' title='bbox 3303 2113 3394 2166; x_wconf 84' lang='grc' dir='ltr'><strong>τδν</strong></span> <span class='ocrx_word' id='word_1_340' title='bbox 3424 2112 3690 2164; x_wconf 84' lang='grc' dir='ltr'>Βελιτανᾶ</span> <span class='ocrx_word' id='word_1_341' title='bbox 3716 2111 3814 2164; x_wconf 86' lang='grc' dir='ltr'>τά-</span> 
     </span>
    </p>
   </div>
   <div class='ocr_carea' id='block_1_50' title="bbox 2233 2201 3813 2282">
    <p class='ocr_par' dir='ltr' id='par_1_50' title="bbox 2233 2201 3813 2282">
     <span class='ocr_line' id='line_1_50' title="bbox 2233 2201 3813 2282; baseline -0.008 -16"><span class='ocrx_word' id='word_1_342' title='bbox 2233 2231 2355 2282; x_wconf 82' lang='grc' dir='ltr'>φον,</span> <span class='ocrx_word' id='word_1_343' title='bbox 2382 2212 2479 2265; x_wconf 74' lang='grc' dir='ltr'>καὶ</span> <span class='ocrx_word' id='word_1_344' title='bbox 2503 2206 2607 2264; x_wconf 81' lang='grc' dir='ltr'>εἶδε</span> <span class='ocrx_word' id='word_1_345' title='bbox 2632 2209 2719 2263; x_wconf 80' lang='grc' dir='ltr'>διὰ</span> <span class='ocrx_word' id='word_1_346' title='bbox 2742 2206 3065 2278; x_wconf 81' lang='grc' dir='ltr'>Μαρδονίου,</span> <span class='ocrx_word' id='word_1_347' title='bbox 3089 2206 3184 2259; x_wconf 80' lang='grc' dir='ltr'><strong>καὶ</strong></span> <span class='ocrx_word' id='word_1_348' title='bbox 3215 2205 3312 2275; x_wconf 80' lang='grc' dir='ltr'>τὴν</span> <span class='ocrx_word' id='word_1_349' title='bbox 3336 2203 3531 2257; x_wconf 84' lang='grc' dir='ltr'>πύελον</span> <span class='ocrx_word' id='word_1_350' title='bbox 3566 2201 3745 2256; x_wconf 73' lang='grc' dir='ltr'>ἐλαίου</span> <span class='ocrx_word' id='word_1_351' title='bbox 3767 2204 3813 2234; x_wconf 69' lang='grc' dir='ltr'><strong>τί</strong></span> 
     </span>
    </p>
   </div>
   <div class='ocr_carea' id='block_1_51' title="bbox 2232 2297 3816 2376">
    <p class='ocr_par' dir='ltr' id='par_1_51' title="bbox 2232 2297 3816 2376">
     <span class='ocr_line' id='line_1_51' title="bbox 2232 2297 3816 2376; baseline -0.009 -15"><span class='ocrx_word' id='word_1_352' title='bbox 2232 2308 2333 2361; x_wconf 80' lang='grc' dir='ltr'><strong>οὐκ</strong></span> <span class='ocrx_word' id='word_1_353' title='bbox 2363 2309 2604 2376; x_wconf 81' lang='grc' dir='ltr'>ἴσχυσεν,</span> <span class='ocrx_word' id='word_1_354' title='bbox 2637 2301 2827 2372; x_wconf 81' lang='grc' dir='ltr'>ὥσπερ</span> <span class='ocrx_word' id='word_1_355' title='bbox 2851 2301 2946 2354; x_wconf 75' lang='grc' dir='ltr'><strong>καὶ</strong></span> <span class='ocrx_word' id='word_1_356' title='bbox 2975 2299 3308 2369; x_wconf 76' lang='grc' dir='ltr'><strong>ἐγέγραπτο,</strong></span> <span class='ocrx_word' id='word_1_357' title='bbox 3355 2297 3663 2368; x_wconf 82' lang='grc' dir='ltr'>πληρῶσαι.</span> <span class='ocrx_word' id='word_1_358' title='bbox 3698 2297 3816 2360; x_wconf 78' lang='grc' dir='ltr'><strong>Ἐξ-</strong></span> 
     </span>
    </p>
   </div>
   <div class='ocr_carea' id='block_1_52' title="bbox 2233 2387 3816 2466">
    <p class='ocr_par' dir='ltr' id='par_1_52' title="bbox 2233 2387 3816 2466">
     <span class='ocr_line' id='line_1_52' title="bbox 2233 2387 3816 2466; baseline -0.008 -15"><span class='ocrx_word' id='word_1_359' title='bbox 2233 2397 2449 2451; x_wconf 80' lang='grc' dir='ltr'>ελαύνει</span> <span class='ocrx_word' id='word_1_360' title='bbox 2479 2394 2686 2466; x_wconf 80' lang='grc' dir='ltr'>Ξέρξης</span> <span class='ocrx_word' id='word_1_361' title='bbox 2717 2395 2798 2456; x_wconf 82' lang='grc' dir='ltr'><strong>εἰς</strong></span> <span class='ocrx_word' id='word_1_362' title='bbox 2834 2391 3161 2458; x_wconf 87' lang='grc' dir='ltr'>Ἐκϐάτανα,</span> <span class='ocrx_word' id='word_1_363' title='bbox 3192 2390 3287 2443; x_wconf 74' lang='grc' dir='ltr'>καὶ</span> <span class='ocrx_word' id='word_1_364' title='bbox 3318 2390 3639 2458; x_wconf 81' lang='grc' dir='ltr'><strong>ἀγγέλλεται</strong></span> <span class='ocrx_word' id='word_1_365' title='bbox 3665 2387 3816 2456; x_wconf 79' lang='grc' dir='ltr'>αὐτῷ</span> 
     </span>
    </p>
   </div>
   <div class='ocr_carea' id='block_1_53' title="bbox 2234 2479 3813 2554">
    <p class='ocr_par' dir='ltr' id='par_1_53' title="bbox 2234 2479 3813 2554">
     <span class='ocr_line' id='line_1_53' title="bbox 2234 2479 3813 2554; baseline -0.008 -10"><span class='ocrx_word' id='word_1_366' title='bbox 2234 2489 2534 2550; x_wconf 87' lang='grc' dir='ltr'>ἀπόστασις</span> <span class='ocrx_word' id='word_1_367' title='bbox 2573 2482 2927 2538; x_wconf 84' lang='grc' dir='ltr'>Βαϐυλωνίων</span> <span class='ocrx_word' id='word_1_368' title='bbox 2955 2483 3050 2536; x_wconf 67' lang='grc' dir='ltr'><strong>καὶ</strong></span> <span class='ocrx_word' id='word_1_369' title='bbox 3080 2482 3345 2554; x_wconf 83' lang='grc' dir='ltr'>Ζωπύρου</span> <span class='ocrx_word' id='word_1_370' title='bbox 3377 2481 3470 2535; x_wconf 82' lang='grc' dir='ltr'>τοῦ</span> <span class='ocrx_word' id='word_1_371' title='bbox 3504 2479 3813 2551; x_wconf 74' lang='grc' dir='ltr'>στρατηγοῦ</span> 
     </span>
    </p>
   </div>
   <div class='ocr_carea' id='block_1_54' title="bbox 2232 2571 3816 2648">
    <p class='ocr_par' dir='ltr' id='par_1_54' title="bbox 2232 2571 3816 2648">
     <span class='ocr_line' id='line_1_54' title="bbox 2232 2571 3816 2648; baseline -0.008 -13"><span class='ocrx_word' id='word_1_372' title='bbox 2232 2581 2411 2635; x_wconf 83' lang='grc' dir='ltr'>αὐτῶν</span> <span class='ocrx_word' id='word_1_373' title='bbox 2445 2580 2551 2632; x_wconf 81' lang='grc' dir='ltr'><strong>ὑπὸ</strong></span> <span class='ocrx_word' id='word_1_374' title='bbox 2586 2579 2736 2648; x_wconf 78' lang='grc' dir='ltr'>σφῶν</span> <span class='ocrx_word' id='word_1_375' title='bbox 2788 2577 3085 2647; x_wconf 81' lang='grc' dir='ltr'>ἀναίρεσις.</span> <span class='ocrx_word' id='word_1_376' title='bbox 3118 2573 3276 2628; x_wconf 73' lang='grc' dir='ltr'>Οὕτω</span> <span class='ocrx_word' id='word_1_377' title='bbox 3306 2573 3400 2628; x_wconf 74' lang='grc' dir='ltr'>καὶ</span> <span class='ocrx_word' id='word_1_378' title='bbox 3452 2571 3816 2643; x_wconf 68' lang='grc' dir='ltr'>περὶτούτων</span> 
     </span>
    </p>
   </div>
   <div class='ocr_carea' id='block_1_55' title="bbox 2234 2663 3816 2745">
    <p class='ocr_par' dir='ltr' id='par_1_55' title="bbox 2234 2663 3816 2745">
     <span class='ocr_line' id='line_1_55' title="bbox 2234 2663 3816 2745; baseline -0.018 -3"><span class='ocrx_word' id='word_1_379' title='bbox 2234 2673 2368 2745; x_wconf 73' lang='grc' dir='ltr'>φησὶ</span> <span class='ocrx_word' id='word_1_380' title='bbox 2427 2671 2690 2740; x_wconf 76' lang='grc' dir='ltr'>Κτησίας.</span> <span class='ocrx_word' id='word_1_381' title='bbox 2728 2669 2824 2722; x_wconf 76' lang='grc' dir='ltr'><strong>καὶ</strong></span> <span class='ocrx_word' id='word_1_382' title='bbox 2852 2668 2952 2740; x_wconf 82' lang='grc' dir='ltr'>οὐχ</span> <span class='ocrx_word' id='word_1_383' title='bbox 3009 2665 3084 2730; x_wconf 83' lang='grc' dir='ltr'>ὡς</span> <span class='ocrx_word' id='word_1_384' title='bbox 3125 2665 3406 2737; x_wconf 76' lang='grc' dir='ltr'>Ἡρόδοτος</span> <span class='ocrx_word' id='word_1_385' title='bbox 3432 2681 3446 2695; x_wconf 92' lang='grc'><strong>·</strong></span> <span class='ocrx_word' id='word_1_386' title='bbox 3498 2663 3534 2718; x_wconf 80' lang='grc' dir='ltr'><strong>ἆ</strong></span> <span class='ocrx_word' id='word_1_387' title='bbox 3579 2663 3635 2716; x_wconf 80' lang='grc' dir='ltr'>δὲ</span> <span class='ocrx_word' id='word_1_388' title='bbox 3685 2663 3816 2732; x_wconf 75' lang='grc' dir='ltr'>περὶ</span> 
     </span>
    </p>
   </div>
   <div class='ocr_carea' id='block_1_56' title="bbox 2235 2753 3813 2836">
    <p class='ocr_par' dir='ltr' id='par_1_56' title="bbox 2235 2753 3813 2836">
     <span class='ocr_line' id='line_1_56' title="bbox 2235 2753 3813 2836; baseline -0.008 -18"><span class='ocrx_word' id='word_1_389' title='bbox 2235 2765 2494 2836; x_wconf 85' lang='grc' dir='ltr'>Ζωπύρου</span> <span class='ocrx_word' id='word_1_390' title='bbox 2524 2763 2731 2826; x_wconf 74' lang='grc' dir='ltr'>ἰκεῖνος</span> <span class='ocrx_word' id='word_1_391' title='bbox 2769 2761 2937 2829; x_wconf 81' lang='grc' dir='ltr'>λέγει,</span> <span class='ocrx_word' id='word_1_392' title='bbox 2979 2759 3120 2830; x_wconf 83' lang='grc' dir='ltr'>πλὴν</span> <span class='ocrx_word' id='word_1_393' title='bbox 3149 2759 3229 2811; x_wconf 87' lang='grc' dir='ltr'><strong>ὃτι</strong></span> <span class='ocrx_word' id='word_1_394' title='bbox 3269 2758 3490 2827; x_wconf 77' lang='grc' dir='ltr'>ἡμίονος</span> <span class='ocrx_word' id='word_1_395' title='bbox 3519 2753 3668 2825; x_wconf 79' lang='grc' dir='ltr'>αὐτῷ</span> <span class='ocrx_word' id='word_1_396' title='bbox 3691 2753 3813 2806; x_wconf 81' lang='grc' dir='ltr'>ἔτε-</span> 
     </span>
    </p>
   </div>
   <div class='ocr_carea' id='block_1_57' title="bbox 2234 2844 3815 2924">
    <p class='ocr_par' dir='ltr' id='par_1_57' title="bbox 2234 2844 3815 2924">
     <span class='ocr_line' id='line_1_57' title="bbox 2234 2844 3815 2924; baseline -0.008 -13"><span class='ocrx_word' id='word_1_397' title='bbox 2234 2875 2350 2922; x_wconf 89' lang='grc' dir='ltr'>κεν,</span> <span class='ocrx_word' id='word_1_398' title='bbox 2381 2858 2502 2910; x_wconf 72' lang='grc' dir='ltr'>ἐπεὶ</span> <span class='ocrx_word' id='word_1_399' title='bbox 2532 2856 2601 2909; x_wconf 83' lang='grc' dir='ltr'><strong>τά</strong></span> <span class='ocrx_word' id='word_1_400' title='bbox 2620 2872 2685 2924; x_wconf 91' lang='grc' dir='ltr'><strong>γε</strong></span> <span class='ocrx_word' id='word_1_401' title='bbox 2715 2854 2850 2910; x_wconf 72' lang='grc' dir='ltr'>ἄλλα</span> <span class='ocrx_word' id='word_1_402' title='bbox 2869 2851 3192 2920; x_wconf 76' lang='grc' dir='ltr'>Μεγάϐυζον</span> <span class='ocrx_word' id='word_1_403' title='bbox 3223 2844 3377 2914; x_wconf 72' lang='grc' dir='ltr'>οὗτος</span> <span class='ocrx_word' id='word_1_404' title='bbox 3407 2849 3553 2918; x_wconf 83' lang='grc' dir='ltr'>λέγει</span> <span class='ocrx_word' id='word_1_405' title='bbox 3580 2847 3815 2918; x_wconf 81' lang='grc' dir='ltr'>διαπρά-</span> 
     </span>
    </p>
   </div>
   <div class='ocr_carea' id='block_1_58' title="bbox 2237 2938 3813 3019">
    <p class='ocr_par' dir='ltr' id='par_1_58' title="bbox 2237 2938 3813 3019">
     <span class='ocr_line' id='line_1_58' title="bbox 2237 2938 3813 3019; baseline -0.007 -17"><span class='ocrx_word' id='word_1_406' title='bbox 2237 2950 2452 3015; x_wconf 80' lang='grc' dir='ltr'>ξασθαι,</span> <span class='ocrx_word' id='word_1_407' title='bbox 2487 2949 2546 3012; x_wconf 84' lang='grc' dir='ltr'><strong>δς</strong></span> <span class='ocrx_word' id='word_1_408' title='bbox 2591 2944 2660 3019; x_wconf 83' lang='grc' dir='ltr'>ἦν</span> <span class='ocrx_word' id='word_1_409' title='bbox 2689 2946 2940 3017; x_wconf 81' lang='grc' dir='ltr'>γαμϐρὸς</span> <span class='ocrx_word' id='word_1_410' title='bbox 2977 2946 3069 2997; x_wconf 72' lang='grc' dir='ltr'>ἐπὶ</span> <span class='ocrx_word' id='word_1_411' title='bbox 3109 2947 3175 3013; x_wconf 78' lang='grc' dir='ltr'>τῇ</span> <span class='ocrx_word' id='word_1_412' title='bbox 3217 2943 3451 3012; x_wconf 74' lang='grc' dir='ltr'>Θυγατρὶ</span> <span class='ocrx_word' id='word_1_413' title='bbox 3497 2940 3690 3010; x_wconf 83' lang='grc' dir='ltr'>Ἀμύτι</span> <span class='ocrx_word' id='word_1_414' title='bbox 3719 2938 3813 2992; x_wconf 81' lang='grc' dir='ltr'>τοῦ</span> 
     </span>
    </p>
   </div>
   <div class='ocr_carea' id='block_1_59' title="bbox 2233 3031 3811 3112">
    <p class='ocr_par' dir='ltr' id='par_1_59' title="bbox 2233 3031 3811 3112">
     <span class='ocr_line' id='line_1_59' title="bbox 2233 3031 3811 3112; baseline -0.007 -16"><span class='ocrx_word' id='word_1_415' title='bbox 2233 3041 2457 3112; x_wconf 81' lang='grc' dir='ltr'>Ξέρξου.</span> <span class='ocrx_word' id='word_1_416' title='bbox 2494 3039 2650 3094; x_wconf 76' lang='grc' dir='ltr'>Οὕτω</span> <span class='ocrx_word' id='word_1_417' title='bbox 2668 3039 2767 3109; x_wconf 80' lang='grc' dir='ltr'>μὲν</span> <span class='ocrx_word' id='word_1_418' title='bbox 2797 3038 2912 3108; x_wconf 75' lang='grc' dir='ltr'>ἥλω</span> <span class='ocrx_word' id='word_1_419' title='bbox 2942 3037 3030 3090; x_wconf 82' lang='grc' dir='ltr'>διὰ</span> <span class='ocrx_word' id='word_1_420' title='bbox 3054 3037 3146 3090; x_wconf 79' lang='grc' dir='ltr'>τοῦ</span> <span class='ocrx_word' id='word_1_421' title='bbox 3175 3034 3500 3103; x_wconf 74' lang='grc' dir='ltr'>Μεγαϐύζου</span> <span class='ocrx_word' id='word_1_422' title='bbox 3533 3031 3811 3087; x_wconf 82' lang='grc' dir='ltr'>Βαϐυλών.</span> 
     </span>
    </p>
   </div>
   <div class='ocr_carea' id='block_1_60' title="bbox 2233 3126 3815 3203">
    <p class='ocr_par' dir='ltr' id='par_1_60' title="bbox 2233 3126 3815 3203">
     <span class='ocr_line' id='line_1_60' title="bbox 2233 3126 3815 3203; baseline -0.007 -15"><span class='ocrx_word' id='word_1_423' title='bbox 2233 3137 2427 3188; x_wconf 85' lang='grc' dir='ltr'>Δίδωσι</span> <span class='ocrx_word' id='word_1_424' title='bbox 2453 3134 2509 3187; x_wconf 82' lang='grc' dir='ltr'>δὲ</span> <span class='ocrx_word' id='word_1_425' title='bbox 2541 3133 2584 3164; x_wconf 81' lang='grc'><strong>⁷³</strong></span> <span class='ocrx_word' id='word_1_426' title='bbox 2617 3133 2766 3202; x_wconf 79' lang='grc' dir='ltr'>αὐτῷ</span> <span class='ocrx_word' id='word_1_427' title='bbox 2795 3131 3006 3203; x_wconf 77' lang='grc' dir='ltr'>Ξέρξης</span> <span class='ocrx_word' id='word_1_428' title='bbox 3039 3130 3173 3184; x_wconf 76' lang='grc' dir='ltr'>ἄλλα</span> <span class='ocrx_word' id='word_1_429' title='bbox 3202 3147 3262 3182; x_wconf 90' lang='grc' dir='ltr'><strong>τε</strong></span> <span class='ocrx_word' id='word_1_430' title='bbox 3295 3127 3468 3182; x_wconf 71' lang='grc' dir='ltr'>πολλὰ</span> <span class='ocrx_word' id='word_1_431' title='bbox 3511 3127 3606 3180; x_wconf 65' lang='grc' dir='ltr'><strong>καὶ</strong></span> <span class='ocrx_word' id='word_1_432' title='bbox 3640 3126 3815 3196; x_wconf 88' lang='grc' dir='ltr'>μύλην</span> 
     </span>
    </p>
   </div>
   <div class='ocr_carea' id='block_1_61' title="bbox 2234 3219 3813 3299">
    <p class='ocr_par' dir='ltr' id='par_1_61' title="bbox 2234 3219 3813 3299">
     <span class='ocr_line' id='line_1_61' title="bbox 2234 3219 3813 3299; baseline -0.005 -19"><span class='ocrx_word' id='word_1_433' title='bbox 2234 3229 2444 3299; x_wconf 80' lang='grc' dir='ltr'>χρυσῆν</span> <span class='ocrx_word' id='word_1_434' title='bbox 2479 3227 2537 3292; x_wconf 78' lang='grc' dir='ltr'><strong>ἓξ</strong></span> <span class='ocrx_word' id='word_1_435' title='bbox 2559 3225 2825 3278; x_wconf 68' lang='grc' dir='ltr'>ἕλκουσαν</span> <span class='ocrx_word' id='word_1_436' title='bbox 2851 3224 3089 3278; x_wconf 85' lang='grc' dir='ltr'>τάλαντα</span> <span class='ocrx_word' id='word_1_437' title='bbox 3113 3241 3127 3254; x_wconf 79' lang='grc' dir='ltr'><strong>ο</strong></span> <span class='ocrx_word' id='word_1_438' title='bbox 3161 3222 3189 3274; x_wconf 82' lang='grc' dir='ltr'>ὃ</span> <span class='ocrx_word' id='word_1_439' title='bbox 3214 3220 3541 3292; x_wconf 86' lang='grc' dir='ltr'>τιμιώτατον</span> <span class='ocrx_word' id='word_1_440' title='bbox 3573 3220 3680 3274; x_wconf 83' lang='grc' dir='ltr'>τῶν</span> <span class='ocrx_word' id='word_1_441' title='bbox 3715 3219 3813 3289; x_wconf 84' lang='grc' dir='ltr'><strong>βα-</strong></span> 
     </span>
    </p>
   </div>
   <div class='ocr_carea' id='block_1_62' title="bbox 551 3309 2133 3408">
    <p class='ocr_par' dir='ltr' id='par_1_62' title="bbox 551 3309 2130 3385">
     <span class='ocr_line' id='line_1_62' title="bbox 551 3309 2130 3385; baseline 0.006 -21"><span class='ocrx_word' id='word_1_442' title='bbox 551 3309 900 3382; x_wconf 77' lang='lat' dir='ltr'><strong>Megabyzum</strong></span> <span class='ocrx_word' id='word_1_443' title='bbox 933 3325 1112 3382; x_wconf 86' lang='lat' dir='ltr'><strong>capta,</strong></span> <span class='ocrx_word' id='word_1_444' title='bbox 1155 3313 1244 3367; x_wconf 92' lang='lat' dir='ltr'><strong>cui</strong></span> <span class='ocrx_word' id='word_1_445' title='bbox 1301 3313 1532 3378; x_wconf 83' lang='lat' dir='ltr'><strong>Xerxes,</strong></span> <span class='ocrx_word' id='word_1_446' title='bbox 1565 3327 1764 3384; x_wconf 85' lang='lat' dir='ltr'><strong>praeter</strong></span> <span class='ocrx_word' id='word_1_447' title='bbox 1805 3317 1908 3372; x_wconf 89' lang='lat' dir='ltr'><strong>alia</strong></span> <span class='ocrx_word' id='word_1_448' title='bbox 1945 3318 2130 3385; x_wconf 87' lang='lat' dir='ltr'><strong>multa,</strong></span> 
     </span>
    </p>
   </div>
   <div class='ocr_carea' id='block_1_63' title="bbox 2233 3309 3819 3408">
    <p class='ocr_par' dir='ltr' id='par_1_63' title="bbox 2237 3313 3819 3388">
     <span class='ocr_line' id='line_1_63' title="bbox 2237 3313 3819 3388; baseline -0.006 -14"><span class='ocrx_word' id='word_1_449' title='bbox 2237 3321 2457 3374; x_wconf 85' lang='grc' dir='ltr'>σιλικῶν</span> <span class='ocrx_word' id='word_1_450' title='bbox 2501 3318 2688 3388; x_wconf 84' lang='grc' dir='ltr'>δώρων</span> <span class='ocrx_word' id='word_1_451' title='bbox 2721 3318 2874 3388; x_wconf 76' lang='grc' dir='ltr'>παρὰ</span> <span class='ocrx_word' id='word_1_452' title='bbox 2919 3317 3153 3386; x_wconf 84' lang='grc' dir='ltr'>Πέρσαις</span> <span class='ocrx_word' id='word_1_453' title='bbox 3186 3315 3324 3371; x_wconf 74' lang='grc' dir='ltr'>ἐστι.</span> <span class='ocrx_word' id='word_1_454' title='bbox 3370 3313 3573 3386; x_wconf 79' lang='grc' dir='ltr'>Ξέρξης</span> <span class='ocrx_word' id='word_1_455' title='bbox 3602 3313 3658 3367; x_wconf 82' lang='grc' dir='ltr'>δὲ</span> <span class='ocrx_word' id='word_1_456' title='bbox 3694 3330 3819 3366; x_wconf 86' lang='grc' dir='ltr'>συν-</span> 
     </span>
    </p>
   </div>
   <div class='ocr_carea' id='block_1_64' title="bbox 551 3402 2134 3480">
    <p class='ocr_par' dir='ltr' id='par_1_64' title="bbox 551 3402 2134 3480">
     <span class='ocr_line' id='line_1_64' title="bbox 551 3402 2134 3480; baseline 0.006 -24"><span class='ocrx_word' id='word_1_457' title='bbox 551 3402 749 3456; x_wconf 88' lang='lat' dir='ltr'><strong>molam</strong></span> <span class='ocrx_word' id='word_1_458' title='bbox 819 3405 1044 3459; x_wconf 89' lang='lat' dir='ltr'><strong>donavit</strong></span> <span class='ocrx_word' id='word_1_459' title='bbox 1131 3420 1351 3460; x_wconf 86' lang='lat' dir='ltr'><strong>auream</strong></span> <span class='ocrx_word' id='word_1_460' title='bbox 1431 3421 1526 3462; x_wconf 84' lang='lat' dir='ltr'><strong>sex</strong></span> <span class='ocrx_word' id='word_1_461' title='bbox 1611 3407 1934 3464; x_wconf 87' lang='lat' dir='ltr'><strong>talentormu</strong></span> <span class='ocrx_word' id='word_1_462' title='bbox 2001 3425 2134 3480; x_wconf 82' lang='lat' dir='ltr'><strong>pon-</strong></span> 
     </span>
    </p>
   </div>
   <div class='ocr_carea' id='block_1_65' title="bbox 552 3496 2132 3567">
    <p class='ocr_par' dir='ltr' id='par_1_65' title="bbox 552 3496 2132 3567">
     <span class='ocr_line' id='line_1_65' title="bbox 552 3496 2132 3567; baseline 0.006 -20"><span class='ocrx_word' id='word_1_463' title='bbox 552 3496 657 3549; x_wconf 91' lang='lat' dir='ltr'><strong>do:</strong></span> <span class='ocrx_word' id='word_1_464' title='bbox 702 3497 849 3565; x_wconf 88' lang='lat' dir='ltr'><strong>quod</strong></span> <span class='ocrx_word' id='word_1_465' title='bbox 872 3512 1068 3551; x_wconf 91' lang='lat' dir='ltr'><strong>munus</strong></span> <span class='ocrx_word' id='word_1_466' title='bbox 1095 3497 1236 3567; x_wconf 88' lang='lat' dir='ltr'><strong>apud</strong></span> <span class='ocrx_word' id='word_1_467' title='bbox 1260 3497 1457 3553; x_wconf 85' lang='lat' dir='ltr'><strong>Persas</strong></span> <span class='ocrx_word' id='word_1_468' title='bbox 1489 3497 1734 3552; x_wconf 92' lang='lat' dir='ltr'><strong>omnium</strong></span> <span class='ocrx_word' id='word_1_469' title='bbox 1771 3500 2000 3554; x_wconf 72' lang='lat' dir='ltr'><strong>habetur</strong></span> <span class='ocrx_word' id='word_1_470' title='bbox 2043 3517 2132 3556; x_wconf 82' lang='lat' dir='ltr'><strong>re-</strong></span> 
     </span>
    </p>
   </div>
   <div class='ocr_carea' id='block_1_66' title="bbox 553 3590 2136 3663">
    <p class='ocr_par' dir='ltr' id='par_1_66' title="bbox 553 3590 2136 3663">
     <span class='ocr_line' id='line_1_66' title="bbox 553 3590 2136 3663; baseline 0.004 -21"><span class='ocrx_word' id='word_1_471' title='bbox 553 3590 764 3659; x_wconf 84' lang='lat' dir='ltr'><strong>giorum</strong></span> <span class='ocrx_word' id='word_1_472' title='bbox 802 3605 1086 3644; x_wconf 74' lang='lat' dir='ltr'><strong>mulierum</strong></span> <span class='ocrx_word' id='word_1_473' title='bbox 1138 3590 1666 3657; x_wconf 69' lang='lat' dir='ltr'><strong>praastantissimum.</strong></span> <span class='ocrx_word' id='word_1_474' title='bbox 1713 3590 1920 3647; x_wconf 79' lang='lat' dir='ltr'><strong>Xerxes</strong></span> <span class='ocrx_word' id='word_1_475' title='bbox 1953 3595 2136 3663; x_wconf 83' lang='lat' dir='ltr'><strong>itaque</strong></span> 
     </span>
    </p>
   </div>
   <div class='ocr_carea' id='block_1_67' title="bbox 555 3680 2135 3753">
    <p class='ocr_par' dir='ltr' id='par_1_67' title="bbox 555 3680 2135 3753">
     <span class='ocr_line' id='line_1_67' title="bbox 555 3680 2135 3753; baseline 0.006 -21"><span class='ocrx_word' id='word_1_476' title='bbox 555 3681 776 3736; x_wconf 79' lang='lat' dir='ltr'><strong>Persico</strong></span> <span class='ocrx_word' id='word_1_477' title='bbox 843 3681 1088 3736; x_wconf 86' lang='lat' dir='ltr'><strong>exercitu</strong></span> <span class='ocrx_word' id='word_1_478' title='bbox 1155 3690 1347 3736; x_wconf 85' lang='lat' dir='ltr'><strong>coacto</strong></span> <span class='ocrx_word' id='word_1_479' title='bbox 1412 3680 1732 3753; x_wconf 86' lang='lat' dir='ltr'><strong>(constabat</strong></span> <span class='ocrx_word' id='word_1_480' title='bbox 1786 3683 1876 3750; x_wconf 91' lang='lat' dir='ltr'><strong>is,</strong></span> <span class='ocrx_word' id='word_1_481' title='bbox 1937 3697 2135 3752; x_wconf 67' lang='lat' dir='ltr'><strong>praeter</strong></span> 
     </span>
    </p>
   </div>
   <div class='ocr_carea' id='block_1_68' title="bbox 551 3774 2132 3848">
    <p class='ocr_par' dir='ltr' id='par_1_68' title="bbox 551 3774 2132 3848">
     <span class='ocr_line' id='line_1_68' title="bbox 551 3774 2132 3848; baseline 0.003 -20"><span class='ocrx_word' id='word_1_482' title='bbox 551 3791 771 3839; x_wconf 77' lang='lat' dir='ltr'><strong>currus,</strong></span> <span class='ocrx_word' id='word_1_483' title='bbox 815 3775 1056 3830; x_wconf 87' lang='lat' dir='ltr'><strong>millibus</strong></span> <span class='ocrx_word' id='word_1_484' title='bbox 1107 3774 1384 3830; x_wconf 85' lang='lat' dir='ltr'><strong>hominum</strong></span> <span class='ocrx_word' id='word_1_485' title='bbox 1461 3777 1809 3848; x_wconf 77' lang='lat' dir='ltr'><strong>octingentis,</strong></span> <span class='ocrx_word' id='word_1_486' title='bbox 1857 3788 1912 3831; x_wconf 89' lang='lat' dir='ltr'><strong>et</strong></span> <span class='ocrx_word' id='word_1_487' title='bbox 1971 3781 2132 3833; x_wconf 66' lang='lat' dir='ltr'><strong>trireo</strong></span> 
     </span>
    </p>
   </div>
   <div class='ocr_carea' id='block_1_69' title="bbox 553 3865 2134 3938">
    <p class='ocr_par' dir='ltr' id='par_1_69' title="bbox 553 3865 2134 3938">
     <span class='ocr_line' id='line_1_69' title="bbox 553 3865 2134 3938; baseline 0.004 -20"><span class='ocrx_word' id='word_1_488' title='bbox 553 3866 731 3921; x_wconf 85' lang='lat' dir='ltr'><strong>milms</strong></span> <span class='ocrx_word' id='word_1_489' title='bbox 759 3865 949 3933; x_wconf 90' lang='lat' dir='ltr'><strong>mille),</strong></span> <span class='ocrx_word' id='word_1_490' title='bbox 984 3880 1104 3919; x_wconf 91' lang='lat' dir='ltr'><strong>cum</strong></span> <span class='ocrx_word' id='word_1_491' title='bbox 1127 3867 1373 3938; x_wconf 82' lang='lat' dir='ltr'><strong>Abydum</strong></span> <span class='ocrx_word' id='word_1_492' title='bbox 1406 3879 1566 3936; x_wconf 89' lang='lat' dir='ltr'><strong>ponte</strong></span> <span class='ocrx_word' id='word_1_493' title='bbox 1591 3867 1882 3936; x_wconf 75' lang='lat' dir='ltr'><strong>iunxisset,</strong></span> <span class='ocrx_word' id='word_1_494' title='bbox 1911 3869 1964 3923; x_wconf 87' lang='lat' dir='ltr'><strong>in</strong></span> <span class='ocrx_word' id='word_1_495' title='bbox 1985 3870 2134 3925; x_wconf 63' lang='lat' dir='ltr'><strong>Grae-</strong></span> 
     </span>
    </p>
   </div>
   <div class='ocr_carea' id='block_1_70' title="bbox 551 3957 2131 4028">
    <p class='ocr_par' dir='ltr' id='par_1_70' title="bbox 551 3957 2131 4028">
     <span class='ocr_line' id='line_1_70' title="bbox 551 3957 2131 4028; baseline 0.003 -17"><span class='ocrx_word' id='word_1_496' title='bbox 551 3957 692 4011; x_wconf 84' lang='lat' dir='ltr'><strong>ciam</strong></span> <span class='ocrx_word' id='word_1_497' title='bbox 725 3959 912 4028; x_wconf 76' lang='lat' dir='ltr'><strong>capias</strong></span> <span class='ocrx_word' id='word_1_498' title='bbox 932 3958 1108 4012; x_wconf 87' lang='lat' dir='ltr'><strong>duxit.</strong></span> <span class='ocrx_word' id='word_1_499' title='bbox 1144 3957 1221 4012; x_wconf 88' lang='lat' dir='ltr'><strong>lbi</strong></span> <span class='ocrx_word' id='word_1_500' title='bbox 1259 3958 1492 4028; x_wconf 88' lang='lat' dir='ltr'><strong>primum</strong></span> <span class='ocrx_word' id='word_1_501' title='bbox 1528 3958 1850 4016; x_wconf 85' lang='lat' dir='ltr'><strong>Demaratus</strong></span> <span class='ocrx_word' id='word_1_502' title='bbox 1874 3960 2131 4016; x_wconf 62' lang='lat' dir='ltr'><strong>Lacedae-</strong></span> 
     </span>
    </p>
   </div>
   <div class='ocr_carea' id='block_1_71' title="bbox 557 4049 2133 4120">
    <p class='ocr_par' dir='ltr' id='par_1_71' title="bbox 557 4049 2133 4120">
     <span class='ocr_line' id='line_1_71' title="bbox 557 4049 2133 4120; baseline 0.004 -19"><span class='ocrx_word' id='word_1_503' title='bbox 557 4049 772 4104; x_wconf 91' lang='lat' dir='ltr'><strong>monius</strong></span> <span class='ocrx_word' id='word_1_504' title='bbox 822 4049 889 4102; x_wconf 80' lang='lat' dir='ltr'><strong>sd</strong></span> <span class='ocrx_word' id='word_1_505' title='bbox 934 4064 1058 4104; x_wconf 91' lang='lat' dir='ltr'><strong>eum</strong></span> <span class='ocrx_word' id='word_1_506' title='bbox 1091 4051 1345 4113; x_wconf 84' lang='lat' dir='ltr'><strong>accessit,</strong></span> <span class='ocrx_word' id='word_1_507' title='bbox 1377 4059 1541 4120; x_wconf 87' lang='lat' dir='ltr'><strong>atque</strong></span> <span class='ocrx_word' id='word_1_508' title='bbox 1578 4067 1683 4106; x_wconf 86' lang='lat' dir='ltr'><strong>uua</strong></span> <span class='ocrx_word' id='word_1_509' title='bbox 1723 4052 1954 4120; x_wconf 86' lang='lat' dir='ltr'><strong>trajecit,</strong></span> <span class='ocrx_word' id='word_1_510' title='bbox 1985 4063 2036 4108; x_wconf 88' lang='lat' dir='ltr'><strong>et</strong></span> <span class='ocrx_word' id='word_1_511' title='bbox 2066 4068 2133 4108; x_wconf 89' lang='lat' dir='ltr'><strong>ue</strong></span> 
     </span>
    </p>
   </div>
   <div class='ocr_carea' id='block_1_72' title="bbox 554 4139 2133 4212">
    <p class='ocr_par' dir='ltr' id='par_1_72' title="bbox 554 4139 2133 4212">
     <span class='ocr_line' id='line_1_72' title="bbox 554 4139 2133 4212; baseline 0.002 -16"><span class='ocrx_word' id='word_1_512' title='bbox 554 4139 945 4196; x_wconf 62' lang='lat' dir='ltr'><strong>Lacedamoua</strong></span> <span class='ocrx_word' id='word_1_513' title='bbox 1005 4156 1096 4196; x_wconf 86' lang='lat' dir='ltr'><strong>rex</strong></span> <span class='ocrx_word' id='word_1_514' title='bbox 1150 4141 1451 4205; x_wconf 87' lang='lat' dir='ltr'><strong>invaderet,</strong></span> <span class='ocrx_word' id='word_1_515' title='bbox 1507 4143 1810 4212; x_wconf 79' lang='lat' dir='ltr'><strong>impedivit.</strong></span> <span class='ocrx_word' id='word_1_516' title='bbox 1852 4144 1982 4199; x_wconf 87' lang='lat' dir='ltr'><strong>Inde</strong></span> <span class='ocrx_word' id='word_1_517' title='bbox 2036 4159 2133 4212; x_wconf 91' lang='lat' dir='ltr'><strong>per</strong></span> 
     </span>
    </p>
   </div>
   <div class='ocr_carea' id='block_1_73' title="bbox 551 4231 2132 4301">
    <p class='ocr_par' dir='ltr' id='par_1_73' title="bbox 551 4231 2132 4301">
     <span class='ocr_line' id='line_1_73' title="bbox 551 4231 2132 4301; baseline 0.002 -17"><span class='ocrx_word' id='word_1_518' title='bbox 551 4238 916 4301; x_wconf 85' lang='lat' dir='ltr'><strong>Artapanum,</strong></span> <span class='ocrx_word' id='word_1_519' title='bbox 944 4231 1128 4286; x_wconf 89' lang='lat' dir='ltr'><strong>decem</strong></span> <span class='ocrx_word' id='word_1_520' title='bbox 1165 4233 1440 4286; x_wconf 89' lang='lat' dir='ltr'><strong>hominum</strong></span> <span class='ocrx_word' id='word_1_521' title='bbox 1467 4233 1637 4286; x_wconf 87' lang='lat' dir='ltr'><strong>millia</strong></span> <span class='ocrx_word' id='word_1_522' title='bbox 1665 4235 1973 4297; x_wconf 83' lang='lat' dir='ltr'><strong>ducentem,</strong></span> <span class='ocrx_word' id='word_1_523' title='bbox 2001 4250 2132 4289; x_wconf 92' lang='lat' dir='ltr'><strong>con-</strong></span> 
     </span>
    </p>
   </div>
   <div class='ocr_carea' id='block_1_74' title="bbox 554 4320 2131 4394">
    <p class='ocr_par' dir='ltr' id='par_1_74' title="bbox 554 4320 2131 4394">
     <span class='ocr_line' id='line_1_74' title="bbox 554 4320 2131 4394; baseline 0.004 -19"><span class='ocrx_word' id='word_1_524' title='bbox 554 4322 690 4376; x_wconf 89' lang='lat' dir='ltr'><strong>tlixit</strong></span> <span class='ocrx_word' id='word_1_525' title='bbox 720 4321 928 4377; x_wconf 83' lang='lat' dir='ltr'><strong>Xerxes</strong></span> <span class='ocrx_word' id='word_1_526' title='bbox 956 4322 1022 4375; x_wconf 91' lang='lat' dir='ltr'><strong>ad</strong></span> <span class='ocrx_word' id='word_1_527' title='bbox 1071 4320 1462 4394; x_wconf 77' lang='lat' dir='ltr'><strong>ThermOpylas</strong></span> <span class='ocrx_word' id='word_1_528' title='bbox 1491 4339 1612 4377; x_wconf 92' lang='lat' dir='ltr'><strong>cum</strong></span> <span class='ocrx_word' id='word_1_529' title='bbox 1662 4323 1899 4380; x_wconf 85' lang='lat' dir='ltr'><strong>Leonida</strong></span> <span class='ocrx_word' id='word_1_530' title='bbox 1957 4324 2131 4382; x_wconf 88' lang='lat' dir='ltr'><strong>Lace-</strong></span> 
     </span>
    </p>
   </div>
   <div class='ocr_carea' id='block_1_75' title="bbox 553 4415 2134 4486">
    <p class='ocr_par' dir='ltr' id='par_1_75' title="bbox 553 4415 2134 4486">
     <span class='ocr_line' id='line_1_75' title="bbox 553 4415 2134 4486; baseline 0.003 -19"><span class='ocrx_word' id='word_1_531' title='bbox 553 4415 942 4470; x_wconf 69' lang='lat' dir='ltr'><strong>dzemoniorum</strong></span> <span class='ocrx_word' id='word_1_532' title='bbox 968 4415 1138 4482; x_wconf 86' lang='lat' dir='ltr'><strong>duce;</strong></span> <span class='ocrx_word' id='word_1_533' title='bbox 1175 4431 1283 4486; x_wconf 89' lang='lat' dir='ltr'><strong>quo</strong></span> <span class='ocrx_word' id='word_1_534' title='bbox 1308 4416 1360 4469; x_wconf 92' lang='lat' dir='ltr'><strong>in</strong></span> <span class='ocrx_word' id='word_1_535' title='bbox 1386 4415 1572 4483; x_wconf 67' lang='lat' dir='ltr'><strong>praelia</strong></span> <span class='ocrx_word' id='word_1_536' title='bbox 1595 4431 1749 4470; x_wconf 65' lang='lat' dir='ltr'><strong>casae</strong></span> <span class='ocrx_word' id='word_1_537' title='bbox 1785 4417 1984 4472; x_wconf 90' lang='lat' dir='ltr'><strong>misere</strong></span> <span class='ocrx_word' id='word_1_538' title='bbox 2003 4428 2134 4472; x_wconf 85' lang='lat' dir='ltr'><strong>sunt</strong></span> 
     </span>
    </p>
   </div>
   <div class='ocr_carea' id='block_1_76' title="bbox 554 4507 2131 4575">
    <p class='ocr_par' dir='ltr' id='par_1_76' title="bbox 554 4507 2131 4575">
     <span class='ocr_line' id='line_1_76' title="bbox 554 4507 2131 4575; baseline 0.003 -14"><span class='ocrx_word' id='word_1_539' title='bbox 554 4509 844 4561; x_wconf 81' lang='lat' dir='ltr'><strong>Persarum</strong></span> <span class='ocrx_word' id='word_1_540' title='bbox 879 4507 1068 4575; x_wconf 68' lang='lat' dir='ltr'><strong>copiae,</strong></span> <span class='ocrx_word' id='word_1_541' title='bbox 1109 4522 1140 4562; x_wconf 91' lang='lat' dir='ltr'><strong>e</strong></span> <span class='ocrx_word' id='word_1_542' title='bbox 1183 4507 1611 4562; x_wconf 67' lang='lat' dir='ltr'><strong>Lacedaemoniis</strong></span> <span class='ocrx_word' id='word_1_543' title='bbox 1651 4508 1738 4561; x_wconf 87' lang='lat' dir='ltr'><strong>vix</strong></span> <span class='ocrx_word' id='word_1_544' title='bbox 1790 4508 2003 4565; x_wconf 87' lang='lat' dir='ltr'><strong>duobus</strong></span> <span class='ocrx_word' id='word_1_545' title='bbox 2035 4521 2131 4566; x_wconf 88' lang='lat' dir='ltr'><strong>aut</strong></span> 
     </span>
    </p>
   </div>
   <div class='ocr_carea' id='block_1_77' title="bbox 555 4597 2129 4669">
    <p class='ocr_par' dir='ltr' id='par_1_77' title="bbox 555 4597 2129 4669">
     <span class='ocr_line' id='line_1_77' title="bbox 555 4597 2129 4669; baseline 0.001 -17"><span class='ocrx_word' id='word_1_546' title='bbox 555 4599 726 4654; x_wconf 86' lang='lat' dir='ltr'><strong>tribus</strong></span> <span class='ocrx_word' id='word_1_547' title='bbox 770 4599 1111 4654; x_wconf 80' lang='lat' dir='ltr'><strong>desideratis.</strong></span> <span class='ocrx_word' id='word_1_548' title='bbox 1156 4597 1359 4669; x_wconf 80' lang='lat' dir='ltr'><strong>Viginti</strong></span> <span class='ocrx_word' id='word_1_549' title='bbox 1394 4612 1583 4668; x_wconf 86' lang='lat' dir='ltr'><strong>postea</strong></span> <span class='ocrx_word' id='word_1_550' title='bbox 1641 4599 1806 4654; x_wconf 87' lang='lat' dir='ltr'><strong>millia</strong></span> <span class='ocrx_word' id='word_1_551' title='bbox 1855 4601 1906 4654; x_wconf 95' lang='lat' dir='ltr'><strong>in</strong></span> <span class='ocrx_word' id='word_1_552' title='bbox 1959 4602 2129 4657; x_wconf 86' lang='lat' dir='ltr'><strong>aciem</strong></span> 
     </span>
    </p>
   </div>
   <div class='ocr_carea' id='block_1_78' title="bbox 2235 3405 3816 3482">
    <p class='ocr_par' dir='ltr' id='par_1_78' title="bbox 2235 3405 3816 3482">
     <span class='ocr_line' id='line_1_78' title="bbox 2235 3405 3816 3482; baseline -0.006 -17"><span class='ocrx_word' id='word_1_553' title='bbox 2235 3413 2463 3482; x_wconf 77' lang='grc' dir='ltr'>αγείρας</span> <span class='ocrx_word' id='word_1_554' title='bbox 2490 3409 2750 3481; x_wconf 75' lang='grc' dir='ltr'>στρατιὰν</span> <span class='ocrx_word' id='word_1_555' title='bbox 2783 3411 2830 3441; x_wconf 82' lang='grc'>⁷³</span> <span class='ocrx_word' id='word_1_556' title='bbox 2859 3408 3164 3480; x_wconf 78' lang='grc' dir='ltr'>Περσικὴν,</span> <span class='ocrx_word' id='word_1_557' title='bbox 3215 3408 3342 3461; x_wconf 83' lang='grc' dir='ltr'>ἄνευ</span> <span class='ocrx_word' id='word_1_558' title='bbox 3386 3406 3496 3459; x_wconf 83' lang='grc' dir='ltr'>τῶν</span> <span class='ocrx_word' id='word_1_559' title='bbox 3550 3405 3816 3476; x_wconf 78' lang='grc' dir='ltr'>ἁρμάτων</span> 
     </span>
    </p>
   </div>
   <div class='ocr_carea' id='block_1_79' title="bbox 2235 3498 3815 3574">
    <p class='ocr_par' dir='ltr' id='par_1_79' title="bbox 2235 3498 3815 3574">
     <span class='ocr_line' id='line_1_79' title="bbox 2235 3498 3815 3574; baseline -0.005 -17"><span class='ocrx_word' id='word_1_560' title='bbox 2235 3504 2567 3574; x_wconf 79' lang='grc' dir='ltr'>ὀγδοήκοντα</span> <span class='ocrx_word' id='word_1_561' title='bbox 2605 3503 2896 3573; x_wconf 84' lang='grc' dir='ltr'>μυριάδας,</span> <span class='ocrx_word' id='word_1_562' title='bbox 2933 3502 3031 3554; x_wconf 62' lang='grc' dir='ltr'><strong>κα)⁷</strong></span> <span class='ocrx_word' id='word_1_563' title='bbox 3070 3502 3316 3571; x_wconf 78' lang='grc' dir='ltr'>τριήρεις</span> <span class='ocrx_word' id='word_1_564' title='bbox 3350 3498 3549 3569; x_wconf 74' lang='grc' dir='ltr'>χιλίας,</span> <span class='ocrx_word' id='word_1_565' title='bbox 3580 3499 3815 3570; x_wconf 74' lang='grc' dir='ltr'>ἧλαυνεν</span> 
     </span>
    </p>
   </div>
   <div class='ocr_carea' id='block_1_80' title="bbox 2235 3593 3814 3666">
    <p class='ocr_par' dir='ltr' id='par_1_80' title="bbox 2235 3593 3814 3666">
     <span class='ocr_line' id='line_1_80' title="bbox 2235 3593 3814 3666; baseline -0.003 -17"><span class='ocrx_word' id='word_1_566' title='bbox 2235 3596 2330 3649; x_wconf 74' lang='grc' dir='ltr'>ἐπὶ</span> <span class='ocrx_word' id='word_1_567' title='bbox 2372 3595 2470 3666; x_wconf 88' lang='grc' dir='ltr'><strong>τὴν</strong></span> <span class='ocrx_word' id='word_1_568' title='bbox 2509 3594 2754 3657; x_wconf 83' lang='grc' dir='ltr'>Ἐλλάδα,</span> <span class='ocrx_word' id='word_1_569' title='bbox 2792 3593 3022 3661; x_wconf 81' lang='grc' dir='ltr'>ζευγνὺς</span> <span class='ocrx_word' id='word_1_570' title='bbox 3064 3593 3163 3662; x_wconf 80' lang='grc' dir='ltr'>τὴν</span> <span class='ocrx_word' id='word_1_571' title='bbox 3197 3593 3445 3647; x_wconf 72' lang='grc' dir='ltr'>Ἄϐυδον.</span> <span class='ocrx_word' id='word_1_572' title='bbox 3487 3593 3814 3662; x_wconf 82' lang='grc' dir='ltr'>Δημάρατος</span> 
     </span>
    </p>
   </div>
   <div class='ocr_carea' id='block_1_81' title="bbox 2233 3683 3816 3757">
    <p class='ocr_par' dir='ltr' id='par_1_81' title="bbox 2233 3683 3816 3757">
     <span class='ocr_line' id='line_1_81' title="bbox 2233 3683 3816 3757; baseline -0.003 -16"><span class='ocrx_word' id='word_1_573' title='bbox 2233 3688 2290 3742; x_wconf 81' lang='grc' dir='ltr'>δὲ</span> <span class='ocrx_word' id='word_1_574' title='bbox 2319 3688 2364 3720; x_wconf 71' lang='grc'><strong>⁷⁸</strong></span> <span class='ocrx_word' id='word_1_575' title='bbox 2396 3689 2424 3740; x_wconf 89' lang='lat'><strong>6</strong></span> <span class='ocrx_word' id='word_1_576' title='bbox 2452 3685 2882 3757; x_wconf 85' lang='grc' dir='ltr'>Λακεδαιμόνιος</span> <span class='ocrx_word' id='word_1_577' title='bbox 2933 3684 3265 3754; x_wconf 84' lang='grc' dir='ltr'>παρεγένετο</span> <span class='ocrx_word' id='word_1_578' title='bbox 3299 3684 3399 3755; x_wconf 81' lang='grc' dir='ltr'>ἥδη</span> <span class='ocrx_word' id='word_1_579' title='bbox 3445 3683 3684 3753; x_wconf 82' lang='grc' dir='ltr'>πρῶτον,</span> <span class='ocrx_word' id='word_1_580' title='bbox 3719 3684 3816 3736; x_wconf 78' lang='grc' dir='ltr'>καὶ</span> 
     </span>
    </p>
   </div>
   <div class='ocr_carea' id='block_1_82' title="bbox 2235 3774 3813 3850">
    <p class='ocr_par' dir='ltr' id='par_1_82' title="bbox 2235 3774 3813 3850">
     <span class='ocr_line' id='line_1_82' title="bbox 2235 3774 3813 3850; baseline -0.003 -18"><span class='ocrx_word' id='word_1_581' title='bbox 2235 3781 2401 3850; x_wconf 78' lang='grc' dir='ltr'>συνῆν</span> <span class='ocrx_word' id='word_1_582' title='bbox 2443 3779 2590 3849; x_wconf 81' lang='grc' dir='ltr'>αὐτῷ</span> <span class='ocrx_word' id='word_1_583' title='bbox 2639 3780 2696 3831; x_wconf 71' lang='grc' dir='ltr'>ἂν</span> <span class='ocrx_word' id='word_1_584' title='bbox 2739 3781 2807 3848; x_wconf 80' lang='grc' dir='ltr'>τῇ</span> <span class='ocrx_word' id='word_1_585' title='bbox 2851 3777 3120 3843; x_wconf 84' lang='grc' dir='ltr'>διαϐάσει,</span> <span class='ocrx_word' id='word_1_586' title='bbox 3156 3774 3280 3847; x_wconf 81' lang='lat' dir='ltr'><strong>[H7</strong></span> <span class='ocrx_word' id='word_1_587' title='bbox 3321 3774 3413 3845; x_wconf 80' lang='grc' dir='ltr'>ιι.ι</span> <span class='ocrx_word' id='word_1_588' title='bbox 3452 3777 3547 3828; x_wconf 75' lang='grc' dir='ltr'><strong>καὶ</strong></span> <span class='ocrx_word' id='word_1_589' title='bbox 3581 3776 3813 3846; x_wconf 84' lang='grc' dir='ltr'>ἀπεῖργε</span> 
     </span>
    </p>
   </div>
   <div class='ocr_carea' id='block_1_83' title="bbox 2232 3864 3811 3940">
    <p class='ocr_par' dir='ltr' id='par_1_83' title="bbox 2232 3864 3811 3940">
     <span class='ocr_line' id='line_1_83' title="bbox 2232 3864 3811 3940; baseline -0.003 -17"><span class='ocrx_word' id='word_1_590' title='bbox 2232 3870 2332 3940; x_wconf 78' lang='grc' dir='ltr'>τῆς</span> <span class='ocrx_word' id='word_1_591' title='bbox 2360 3871 2437 3932; x_wconf 80' lang='grc' dir='ltr'>εἰς</span> <span class='ocrx_word' id='word_1_592' title='bbox 2479 3868 2860 3940; x_wconf 77' lang='grc' dir='ltr'>Λακεδαίμονα</span> <span class='ocrx_word' id='word_1_593' title='bbox 2904 3867 3114 3936; x_wconf 78' lang='grc' dir='ltr'>ἐφόδου.</span> <span class='ocrx_word' id='word_1_594' title='bbox 3145 3864 3352 3936; x_wconf 81' lang='grc' dir='ltr'>Ξέρξης</span> <span class='ocrx_word' id='word_1_595' title='bbox 3391 3865 3448 3918; x_wconf 83' lang='grc' dir='ltr'>δὲ</span> <span class='ocrx_word' id='word_1_596' title='bbox 3481 3865 3811 3936; x_wconf 81' lang='grc' dir='ltr'>προσϐάλλει</span> 
     </span>
    </p>
   </div>
   <div class='ocr_carea' id='block_1_84' title="bbox 2233 3957 3814 4032">
    <p class='ocr_par' dir='ltr' id='par_1_84' title="bbox 2233 3957 3814 4032">
     <span class='ocr_line' id='line_1_84' title="bbox 2233 3957 3814 4032; baseline -0.003 -17"><span class='ocrx_word' id='word_1_597' title='bbox 2233 3963 2292 4014; x_wconf 75' lang='grc' dir='ltr'>ὲν</span> <span class='ocrx_word' id='word_1_598' title='bbox 2335 3961 2717 4032; x_wconf 88' lang='grc' dir='ltr'>Θερμοπύλαις</span> <span class='ocrx_word' id='word_1_599' title='bbox 2761 3960 3001 4030; x_wconf 72' lang='grc' dir='ltr'>Λεωνίδα</span> <span class='ocrx_word' id='word_1_600' title='bbox 3037 3961 3116 4031; x_wconf 88' lang='grc' dir='ltr'>τῷ</span> <span class='ocrx_word' id='word_1_601' title='bbox 3156 3959 3448 4030; x_wconf 88' lang='grc' dir='ltr'>στρατηγῷ</span> <span class='ocrx_word' id='word_1_602' title='bbox 3493 3957 3601 4018; x_wconf 79' lang='grc' dir='ltr'><strong>τῶν</strong></span> <span class='ocrx_word' id='word_1_603' title='bbox 3635 3959 3814 4011; x_wconf 76' lang='grc' dir='ltr'>Λακεο</span> 
     </span>
    </p>
   </div>
   <div class='ocr_carea' id='block_1_85' title="bbox 2231 4053 3814 4126">
    <p class='ocr_par' dir='ltr' id='par_1_85' title="bbox 2231 4053 3814 4126">
     <span class='ocr_line' id='line_1_85' title="bbox 2231 4053 3814 4126; baseline -0.003 -18"><span class='ocrx_word' id='word_1_604' title='bbox 2231 4055 2523 4126; x_wconf 80' lang='grc' dir='ltr'>δαιμονίων</span> <span class='ocrx_word' id='word_1_605' title='bbox 2579 4053 2646 4108; x_wconf 86' lang='grc' dir='ltr'>δι’</span> <span class='ocrx_word' id='word_1_606' title='bbox 2684 4054 3052 4123; x_wconf 80' lang='grc' dir='ltr'>Ἀρταπάνου,</span> <span class='ocrx_word' id='word_1_607' title='bbox 3110 4054 3324 4124; x_wconf 79' lang='grc' dir='ltr'>ἔχοντος</span> <span class='ocrx_word' id='word_1_608' title='bbox 3383 4053 3646 4121; x_wconf 77' lang='grc' dir='ltr'>μυρίους’</span> <span class='ocrx_word' id='word_1_609' title='bbox 3718 4053 3814 4105; x_wconf 72' lang='grc' dir='ltr'><strong>καὶ</strong></span> 
     </span>
    </p>
   </div>
   <div class='ocr_carea' id='block_1_86' title="bbox 2232 4145 3814 4216">
    <p class='ocr_par' dir='ltr' id='par_1_86' title="bbox 2232 4145 3814 4216">
     <span class='ocr_line' id='line_1_86' title="bbox 2232 4145 3814 4216; baseline -0.002 -17"><span class='ocrx_word' id='word_1_610' title='bbox 2232 4146 2509 4215; x_wconf 84' lang='grc' dir='ltr'>κατεκόπη</span> <span class='ocrx_word' id='word_1_611' title='bbox 2541 4146 2601 4199; x_wconf 84' lang='grc' dir='ltr'><strong>τὸ</strong></span> <span class='ocrx_word' id='word_1_612' title='bbox 2629 4145 2897 4216; x_wconf 79' lang='grc' dir='ltr'>Περσικὸν</span> <span class='ocrx_word' id='word_1_613' title='bbox 2948 4145 3174 4213; x_wconf 82' lang='grc' dir='ltr'>πλῆθος,</span> <span class='ocrx_word' id='word_1_614' title='bbox 3215 4146 3325 4197; x_wconf 84' lang='grc' dir='ltr'><strong>τῶν</strong></span> <span class='ocrx_word' id='word_1_615' title='bbox 3371 4145 3814 4214; x_wconf 74' lang='grc' dir='ltr'>Λακεδαιμονίων</span> 
     </span>
    </p>
   </div>
   <div class='ocr_carea' id='block_1_87' title="bbox 2231 4235 3812 4308">
    <p class='ocr_par' dir='ltr' id='par_1_87' title="bbox 2231 4235 3812 4308">
     <span class='ocr_line' id='line_1_87' title="bbox 2231 4235 3812 4308; baseline -0.001 -17"><span class='ocrx_word' id='word_1_616' title='bbox 2231 4238 2324 4292; x_wconf 83' lang='grc' dir='ltr'><strong>δύο</strong></span> <span class='ocrx_word' id='word_1_617' title='bbox 2350 4239 2382 4308; x_wconf 79' lang='grc' dir='ltr'>ἢ</span> <span class='ocrx_word' id='word_1_618' title='bbox 2416 4239 2586 4308; x_wconf 85' lang='grc' dir='ltr'>τριῶν</span> <span class='ocrx_word' id='word_1_619' title='bbox 2618 4237 3036 4308; x_wconf 85' lang='grc' dir='ltr'>ἀναιρεθέντων.</span> <span class='ocrx_word' id='word_1_620' title='bbox 3066 4235 3198 4292; x_wconf 82' lang='grc' dir='ltr'>Εἶτα</span> <span class='ocrx_word' id='word_1_621' title='bbox 3236 4238 3565 4307; x_wconf 78' lang='grc' dir='ltr'>προσϐαλεῖν</span> <span class='ocrx_word' id='word_1_622' title='bbox 3596 4238 3812 4291; x_wconf 88' lang='grc' dir='ltr'>κελεύει</span> 
     </span>
    </p>
   </div>
   <div class='ocr_carea' id='block_1_88' title="bbox 2236 4323 3813 4400">
    <p class='ocr_par' dir='ltr' id='par_1_88' title="bbox 2236 4323 3813 4400">
     <span class='ocr_line' id='line_1_88' title="bbox 2236 4323 3813 4400; baseline 0 -18"><span class='ocrx_word' id='word_1_623' title='bbox 2236 4329 2373 4400; x_wconf 78' lang='grc' dir='ltr'>μετὰ</span> <span class='ocrx_word' id='word_1_624' title='bbox 2405 4330 2729 4399; x_wconf 80' lang='grc' dir='ltr'>δισμυρίων,</span> <span class='ocrx_word' id='word_1_625' title='bbox 2773 4331 2869 4383; x_wconf 62' lang='grc' dir='ltr'><strong>καὶ⁸</strong></span> <span class='ocrx_word' id='word_1_626' title='bbox 2897 4323 3036 4400; x_wconf 80' lang='grc' dir='ltr'>ἧττα</span> <span class='ocrx_word' id='word_1_627' title='bbox 3081 4330 3290 4398; x_wconf 83' lang='grc' dir='ltr'>γίνεται</span> <span class='ocrx_word' id='word_1_628' title='bbox 3344 4330 3634 4384; x_wconf 75' lang='grc' dir='ltr'>κάκείνων.</span> <span class='ocrx_word' id='word_1_629' title='bbox 3680 4326 3813 4382; x_wconf 84' lang='grc' dir='ltr'>Εἶτα</span> 
     </span>
    </p>
   </div>
   <div class='ocr_carea' id='block_1_89' title="bbox 2236 4419 3813 4490">
    <p class='ocr_par' dir='ltr' id='par_1_89' title="bbox 2236 4419 3813 4490">
     <span class='ocr_line' id='line_1_89' title="bbox 2236 4419 3813 4490; baseline 0 -18"><span class='ocrx_word' id='word_1_630' title='bbox 2236 4419 2626 4490; x_wconf 78' lang='grc' dir='ltr'>μαστιγοῦνται</span> <span class='ocrx_word' id='word_1_631' title='bbox 2651 4419 2742 4472; x_wconf 76' lang='grc' dir='ltr'>ἐπὶ</span> <span class='ocrx_word' id='word_1_632' title='bbox 2774 4419 2850 4490; x_wconf 83' lang='grc' dir='ltr'>τῷ</span> <span class='ocrx_word' id='word_1_633' title='bbox 2879 4421 2923 4451; x_wconf 75' lang='grc'><strong>⁷⁸</strong></span> <span class='ocrx_word' id='word_1_634' title='bbox 2951 4421 3230 4487; x_wconf 86' lang='grc' dir='ltr'>πολεμεῖν,</span> <span class='ocrx_word' id='word_1_635' title='bbox 3263 4420 3356 4473; x_wconf 77' lang='grc' dir='ltr'><strong>καὶ</strong></span> <span class='ocrx_word' id='word_1_636' title='bbox 3384 4420 3813 4488; x_wconf 82' lang='grc' dir='ltr'>μαστιγούμενοι</span> 
     </span>
    </p>
   </div>
   <div class='ocr_carea' id='block_1_90' title="bbox 2231 4509 3809 4582">
    <p class='ocr_par' dir='ltr' id='par_1_90' title="bbox 2231 4509 3809 4582">
     <span class='ocr_line' id='line_1_90' title="bbox 2231 4509 3809 4582; baseline 0 -18"><span class='ocrx_word' id='word_1_637' title='bbox 2231 4513 2312 4564; x_wconf 74' lang='grc' dir='ltr'>ἔτι</span> <span class='ocrx_word' id='word_1_638' title='bbox 2350 4509 2439 4582; x_wconf 82' lang='grc'><strong>[58</strong></span> <span class='ocrx_word' id='word_1_639' title='bbox 2478 4509 2566 4582; x_wconf 89' lang='grc' dir='ltr'><strong>ΙΙ.]</strong></span> <span class='ocrx_word' id='word_1_640' title='bbox 2621 4511 2881 4580; x_wconf 79' lang='grc' dir='ltr'>ἡττῶντο.</span> <span class='ocrx_word' id='word_1_641' title='bbox 2921 4511 3000 4581; x_wconf 81' lang='grc' dir='ltr'><strong>Τῇ</strong></span> <span class='ocrx_word' id='word_1_642' title='bbox 3042 4511 3098 4566; x_wconf 80' lang='grc' dir='ltr'>δὲ</span> <span class='ocrx_word' id='word_1_643' title='bbox 3149 4511 3410 4582; x_wconf 77' lang='grc' dir='ltr'>ὑστεραίᾳ</span> <span class='ocrx_word' id='word_1_644' title='bbox 3457 4511 3666 4565; x_wconf 87' lang='grc' dir='ltr'>κελεύει</span> <span class='ocrx_word' id='word_1_645' title='bbox 3703 4513 3809 4582; x_wconf 83' lang='grc' dir='ltr'><strong>μά-</strong></span> 
     </span>
    </p>
   </div>
   <div class='ocr_carea' id='block_1_91' title="bbox 2232 4599 3810 4675">
    <p class='ocr_par' dir='ltr' id='par_1_91' title="bbox 2232 4599 3810 4675">
     <span class='ocr_line' id='line_1_91' title="bbox 2232 4599 3810 4675; baseline -0.001 -21"><span class='ocrx_word' id='word_1_646' title='bbox 2232 4603 2421 4672; x_wconf 82' lang='grc' dir='ltr'>χεσθαι</span> <span class='ocrx_word' id='word_1_647' title='bbox 2452 4602 2586 4671; x_wconf 77' lang='grc' dir='ltr'>μετὰ</span> <span class='ocrx_word' id='word_1_648' title='bbox 2616 4603 3096 4673; x_wconf 75' lang='grc' dir='ltr'>πεντακισμυρίων</span> <span class='ocrx_word' id='word_1_649' title='bbox 3118 4620 3131 4633; x_wconf 90' lang='grc'><strong>·</strong></span> <span class='ocrx_word' id='word_1_650' title='bbox 3164 4599 3258 4655; x_wconf 71' lang='grc' dir='ltr'>καὶ</span> <span class='ocrx_word' id='word_1_651' title='bbox 3297 4604 3418 4655; x_wconf 71' lang='grc' dir='ltr'>ἐπεὶ</span> <span class='ocrx_word' id='word_1_652' title='bbox 3443 4603 3596 4655; x_wconf 79' lang='grc' dir='ltr'>οὐδὲν</span> <span class='ocrx_word' id='word_1_653' title='bbox 3623 4604 3810 4675; x_wconf 74' lang='grc' dir='ltr'>ἤνυεν,</span> 
     </span>
    </p>
   </div>
   <div class='ocr_carea' id='block_1_92' title="bbox 549 4689 2133 4765">
    <p class='ocr_par' dir='ltr' id='par_1_92' title="bbox 549 4689 2123 4759">
     <span class='ocr_line' id='line_1_92' title="bbox 549 4689 2123 4759; baseline 0.001 -15"><span class='ocrx_word' id='word_1_654' title='bbox 549 4691 708 4744; x_wconf 78' lang='lat' dir='ltr'><strong>educi</strong></span> <span class='ocrx_word' id='word_1_655' title='bbox 740 4690 912 4758; x_wconf 82' lang='lat' dir='ltr'><strong>jubet,</strong></span> <span class='ocrx_word' id='word_1_656' title='bbox 968 4691 1059 4759; x_wconf 83' lang='lat' dir='ltr'><strong>qui</strong></span> <span class='ocrx_word' id='word_1_657' title='bbox 1094 4699 1150 4743; x_wconf 90' lang='lat' dir='ltr'><strong>et</strong></span> <span class='ocrx_word' id='word_1_658' title='bbox 1206 4689 1303 4759; x_wconf 82' lang='lat' dir='ltr'><strong>ipsi</strong></span> <span class='ocrx_word' id='word_1_659' title='bbox 1358 4699 1707 4757; x_wconf 77' lang='lat' dir='ltr'><strong>superantur.</strong></span> <span class='ocrx_word' id='word_1_660' title='bbox 1755 4689 1889 4744; x_wconf 89' lang='lat' dir='ltr'><strong>Cum</strong></span> <span class='ocrx_word' id='word_1_661' title='bbox 1944 4701 2123 4746; x_wconf 90' lang='lat' dir='ltr'><strong>autem</strong></span> 
     </span>
    </p>
   </div>
   <div class='ocr_carea' id='block_1_93' title="bbox 2233 4689 3812 4765">
    <p class='ocr_par' dir='ltr' id='par_1_93' title="bbox 2233 4693 3812 4765">
     <span class='ocr_line' id='line_1_93' title="bbox 2233 4693 3812 4765; baseline 0 -18"><span class='ocrx_word' id='word_1_662' title='bbox 2233 4695 2386 4747; x_wconf 76' lang='grc' dir='ltr'>ἔλυσε</span> <span class='ocrx_word' id='word_1_663' title='bbox 2416 4694 2536 4747; x_wconf 83' lang='grc' dir='ltr'>τότε</span> <span class='ocrx_word' id='word_1_664' title='bbox 2583 4694 2675 4747; x_wconf 78' lang='grc' dir='ltr'><strong>τὸν</strong></span> <span class='ocrx_word' id='word_1_665' title='bbox 2724 4695 2978 4765; x_wconf 83' lang='grc' dir='ltr'>πόλεμον.</span> <span class='ocrx_word' id='word_1_666' title='bbox 3012 4693 3206 4763; x_wconf 79' lang='grc' dir='ltr'>Θώραξ</span> <span class='ocrx_word' id='word_1_667' title='bbox 3245 4695 3301 4747; x_wconf 84' lang='grc' dir='ltr'>δὲ</span> <span class='ocrx_word' id='word_1_668' title='bbox 3343 4696 3372 4748; x_wconf 87' lang='lat'><strong>6</strong></span> <span class='ocrx_word' id='word_1_669' title='bbox 3414 4693 3686 4756; x_wconf 75' lang='grc' dir='ltr'>Θεσσαλὸς</span> <span class='ocrx_word' id='word_1_670' title='bbox 3716 4697 3812 4747; x_wconf 76' lang='grc' dir='ltr'>καὶ</span> 
     </span>
    </p>
   </div>
   <div class='ocr_carea' id='block_1_94' title="bbox 560 4781 2128 4851">
    <p class='ocr_par' dir='ltr' id='par_1_94' title="bbox 560 4781 2128 4851">
     <span class='ocr_line' id='line_1_94' title="bbox 560 4781 2128 4851; baseline 0.006 -22"><span class='ocrx_word' id='word_1_671' title='bbox 560 4781 870 4836; x_wconf 76' lang='lat' dir='ltr'><strong>verberibus</strong></span> <span class='ocrx_word' id='word_1_672' title='bbox 937 4783 988 4836; x_wconf 90' lang='lat' dir='ltr'><strong>in</strong></span> <span class='ocrx_word' id='word_1_673' title='bbox 1042 4797 1276 4851; x_wconf 84' lang='lat' dir='ltr'><strong>pugnam</strong></span> <span class='ocrx_word' id='word_1_674' title='bbox 1324 4781 1524 4845; x_wconf 84' lang='lat' dir='ltr'><strong>adacti,</strong></span> <span class='ocrx_word' id='word_1_675' title='bbox 1581 4782 1709 4836; x_wconf 84' lang='lat' dir='ltr'><strong>victi</strong></span> <span class='ocrx_word' id='word_1_676' title='bbox 1772 4782 2128 4846; x_wconf 84' lang='lat' dir='ltr'><strong>nihilominus</strong></span> 
     </span>
    </p>
   </div>
   <div class='ocr_carea' id='block_1_95' title="bbox 552 4873 2125 4948">
    <p class='ocr_par' dir='ltr' id='par_1_95' title="bbox 552 4873 2125 4948">
     <span class='ocr_line' id='line_1_95' title="bbox 552 4873 2125 4948; baseline 0.002 -22"><span class='ocrx_word' id='word_1_677' title='bbox 552 4875 714 4926; x_wconf 81' lang='lat' dir='ltr'><strong>etiam</strong></span> <span class='ocrx_word' id='word_1_678' title='bbox 766 4882 892 4928; x_wconf 89' lang='lat' dir='ltr'><strong>tunc</strong></span> <span class='ocrx_word' id='word_1_679' title='bbox 925 4873 1177 4936; x_wconf 81' lang='lat' dir='ltr'><strong>fuissent,</strong></span> <span class='ocrx_word' id='word_1_680' title='bbox 1214 4873 1604 4948; x_wconf 74' lang='lat' dir='ltr'><strong>quinquaginta</strong></span> <span class='ocrx_word' id='word_1_681' title='bbox 1663 4873 1920 4943; x_wconf 83' lang='lat' dir='ltr'><strong>postridie</strong></span> <span class='ocrx_word' id='word_1_682' title='bbox 1956 4874 2125 4929; x_wconf 83' lang='lat' dir='ltr'><strong>millia</strong></span> 
     </span>
    </p>
   </div>
   <div class='ocr_carea' id='block_1_96' title="bbox 552 4964 2130 5035">
    <p class='ocr_par' dir='ltr' id='par_1_96' title="bbox 552 4964 2130 5035">
     <span class='ocr_line' id='line_1_96' title="bbox 552 4964 2130 5035; baseline 0.004 -18"><span class='ocrx_word' id='word_1_683' title='bbox 552 4964 709 5018; x_wconf 86' lang='lat' dir='ltr'><strong>educi</strong></span> <span class='ocrx_word' id='word_1_684' title='bbox 737 4966 1011 5035; x_wconf 66' lang='lat' dir='ltr'><strong>praecepit.</strong></span> <span class='ocrx_word' id='word_1_685' title='bbox 1046 4965 1116 5018; x_wconf 84' lang='lat' dir='ltr'><strong>At</strong></span> <span class='ocrx_word' id='word_1_686' title='bbox 1141 4980 1263 5020; x_wconf 89' lang='lat' dir='ltr'><strong>cum</strong></span> <span class='ocrx_word' id='word_1_687' title='bbox 1303 4980 1373 5018; x_wconf 91' lang='lat' dir='ltr'><strong>ne</strong></span> <span class='ocrx_word' id='word_1_688' title='bbox 1421 4967 1472 5019; x_wconf 93' lang='lat' dir='ltr'><strong>hi</strong></span> <span class='ocrx_word' id='word_1_689' title='bbox 1512 4965 1726 5034; x_wconf 81' lang='lat' dir='ltr'><strong>quidem</strong></span> <span class='ocrx_word' id='word_1_690' title='bbox 1767 4965 1968 5035; x_wconf 89' lang='lat' dir='ltr'><strong>aliquid</strong></span> <span class='ocrx_word' id='word_1_691' title='bbox 1997 4967 2130 5023; x_wconf 71' lang='lat' dir='ltr'><strong>cﬂ‘e-</strong></span> 
     </span>
    </p>
   </div>
   <div class='ocr_carea' id='block_1_97' title="bbox 551 5055 2126 5127">
    <p class='ocr_par' dir='ltr' id='par_1_97' title="bbox 551 5055 2126 5127">
     <span class='ocr_line' id='line_1_97' title="bbox 551 5055 2126 5127; baseline 0.004 -19"><span class='ocrx_word' id='word_1_692' title='bbox 551 5055 778 5120; x_wconf 89' lang='lat' dir='ltr'><strong>cissent,</strong></span> <span class='ocrx_word' id='word_1_693' title='bbox 825 5070 1064 5127; x_wconf 79' lang='lat' dir='ltr'><strong>pugnare</strong></span> <span class='ocrx_word' id='word_1_694' title='bbox 1116 5055 1256 5110; x_wconf 88' lang='lat' dir='ltr'><strong>ultra</strong></span> <span class='ocrx_word' id='word_1_695' title='bbox 1285 5057 1512 5112; x_wconf 89' lang='lat' dir='ltr'><strong>destitit.</strong></span> <span class='ocrx_word' id='word_1_696' title='bbox 1557 5056 1850 5114; x_wconf 82' lang='lat' dir='ltr'><strong>Thessalus</strong></span> <span class='ocrx_word' id='word_1_697' title='bbox 1896 5069 1951 5114; x_wconf 87' lang='lat' dir='ltr'><strong>et</strong></span> <span class='ocrx_word' id='word_1_698' title='bbox 1988 5059 2126 5115; x_wconf 85' lang='lat' dir='ltr'><strong>Tra-</strong></span> 
     </span>
    </p>
   </div>
   <div class='ocr_carea' id='block_1_98' title="bbox 2232 4785 3807 4859">
    <p class='ocr_par' dir='ltr' id='par_1_98' title="bbox 2232 4785 3807 4859">
     <span class='ocr_line' id='line_1_98' title="bbox 2232 4785 3807 4859; baseline -0.001 -19"><span class='ocrx_word' id='word_1_699' title='bbox 2232 4787 2538 4859; x_wconf 83' lang='grc' dir='ltr'>Τραχινίων</span> <span class='ocrx_word' id='word_1_700' title='bbox 2572 4788 2623 4839; x_wconf 88' lang='grc' dir='ltr'>οἱ</span> <span class='ocrx_word' id='word_1_701' title='bbox 2674 4785 2912 4851; x_wconf 75' lang='grc' dir='ltr'>δυνατοὶ,</span> <span class='ocrx_word' id='word_1_702' title='bbox 2945 4787 3252 4856; x_wconf 74' lang='grc' dir='ltr'>Καλλιάδης</span> <span class='ocrx_word' id='word_1_703' title='bbox 3301 4789 3396 4840; x_wconf 72' lang='grc' dir='ltr'>καὶ</span> <span class='ocrx_word' id='word_1_704' title='bbox 3446 4789 3488 4838; x_wconf 84' lang='grc' dir='ltr'><strong>Τ</strong></span> <span class='ocrx_word' id='word_1_705' title='bbox 3497 4788 3807 4858; x_wconf 78' lang='grc' dir='ltr'>ιμαφέρνης</span> 
     </span>
    </p>
   </div>
   <div class='ocr_carea' id='block_1_99' title="bbox 2235 4877 3811 4950">
    <p class='ocr_par' dir='ltr' id='par_1_99' title="bbox 2235 4877 3811 4950">
     <span class='ocr_line' id='line_1_99' title="bbox 2235 4877 3811 4950; baseline 0 -19"><span class='ocrx_word' id='word_1_706' title='bbox 2235 4879 2486 4948; x_wconf 83' lang='grc' dir='ltr'>παρῆσαν</span> <span class='ocrx_word' id='word_1_707' title='bbox 2518 4878 2776 4948; x_wconf 85' lang='grc' dir='ltr'>στρατιὰν</span> <span class='ocrx_word' id='word_1_708' title='bbox 2807 4877 3040 4948; x_wconf 75' lang='grc' dir='ltr'>ἔχοντες.</span> <span class='ocrx_word' id='word_1_709' title='bbox 3075 4879 3326 4942; x_wconf 80' lang='grc' dir='ltr'>Καλέσας</span> <span class='ocrx_word' id='word_1_710' title='bbox 3353 4879 3408 4931; x_wconf 83' lang='grc' dir='ltr'><strong>δὲ</strong></span> <span class='ocrx_word' id='word_1_711' title='bbox 3438 4878 3645 4950; x_wconf 80' lang='grc' dir='ltr'>Ξέρξης</span> <span class='ocrx_word' id='word_1_712' title='bbox 3683 4879 3811 4931; x_wconf 83' lang='grc' dir='ltr'>τού-</span> 
     </span>
    </p>
   </div>
   <div class='ocr_carea' id='block_1_100' title="bbox 2233 4968 3809 5038">
    <p class='ocr_par' dir='ltr' id='par_1_100' title="bbox 2233 4968 3809 5038">
     <span class='ocr_line' id='line_1_100' title="bbox 2233 4968 3809 5038; baseline 0.001 -18"><span class='ocrx_word' id='word_1_713' title='bbox 2233 4986 2357 5032; x_wconf 78' lang='grc' dir='ltr'>τους</span> <span class='ocrx_word' id='word_1_714' title='bbox 2383 4985 2444 5022; x_wconf 91' lang='grc' dir='ltr'><strong>τε</strong></span> <span class='ocrx_word' id='word_1_715' title='bbox 2474 4968 2683 5022; x_wconf 77' lang='grc' dir='ltr'>καὶτὸν</span> <span class='ocrx_word' id='word_1_716' title='bbox 2708 4969 3033 5038; x_wconf 83' lang='grc' dir='ltr'>Δημάρατον</span> <span class='ocrx_word' id='word_1_717' title='bbox 3062 4969 3266 5022; x_wconf 73' lang='grc' dir='ltr'>καὶτὸν</span> <span class='ocrx_word' id='word_1_718' title='bbox 3303 4969 3497 5036; x_wconf 82' lang='grc' dir='ltr'>Ἡγίαν</span> <span class='ocrx_word' id='word_1_719' title='bbox 3519 4970 3607 5022; x_wconf 81' lang='grc' dir='ltr'>τὸν</span> <span class='ocrx_word' id='word_1_720' title='bbox 3649 4969 3809 5037; x_wconf 71' lang='grc' dir='ltr'><strong>Ἐφέ·</strong></span> 
     </span>
    </p>
   </div>
   <div class='ocr_carea' id='block_1_101' title="bbox 2236 5059 3807 5130">
    <p class='ocr_par' dir='ltr' id='par_1_101' title="bbox 2236 5059 3807 5130">
     <span class='ocr_line' id='line_1_101' title="bbox 2236 5059 3807 5130; baseline 0.001 -17"><span class='ocrx_word' id='word_1_721' title='bbox 2236 5077 2370 5126; x_wconf 89' lang='grc' dir='ltr'>σιον,</span> <span class='ocrx_word' id='word_1_722' title='bbox 2399 5059 2602 5129; x_wconf 79' lang='grc' dir='ltr'>ἔμαθεν</span> <span class='ocrx_word' id='word_1_723' title='bbox 2626 5059 2699 5122; x_wconf 79' lang='grc' dir='ltr'><strong>ὡς</strong></span> <span class='ocrx_word' id='word_1_724' title='bbox 2729 5060 2829 5111; x_wconf 83' lang='grc' dir='ltr'><strong>οὐκ</strong></span> <span class='ocrx_word' id='word_1_725' title='bbox 2870 5059 2936 5111; x_wconf 85' lang='grc' dir='ltr'><strong>ἂν</strong></span> <span class='ocrx_word' id='word_1_726' title='bbox 2960 5061 3244 5130; x_wconf 76' lang='grc' dir='ltr'>ἡττηθεῖεν</span> <span class='ocrx_word' id='word_1_727' title='bbox 3283 5060 3722 5130; x_wconf 83' lang='grc' dir='ltr'>Λακεδαιμόνιοι,</span> <span class='ocrx_word' id='word_1_728' title='bbox 3757 5065 3807 5114; x_wconf 77' lang='grc' dir='ltr'>εξ</span> 
     </span>
    </p>
   </div>
   <div class='ocr_carea' id='block_1_102' title="bbox 1838 5195 2521 5257">
    <p class='ocr_par' dir='ltr' id='par_1_102' title="bbox 1838 5195 2521 5257">
     <span class='ocr_line' id='line_1_102' title="bbox 1838 5195 2521 5257; baseline 0.003 -10"><span class='ocrx_word' id='word_1_729' title='bbox 1838 5195 2070 5250; x_wconf 76' lang='lat' dir='ltr'><strong>VARle</strong></span> <span class='ocrx_word' id='word_1_730' title='bbox 2113 5198 2521 5257; x_wconf 70' lang='lat' dir='ltr'><strong>LECTIONES.</strong></span> 
     </span>
    </p>
   </div>
   <div class='ocr_carea' id='block_1_103' title="bbox 627 5289 1822 5360">
    <p class='ocr_par' dir='ltr' id='par_1_103' title="bbox 627 5289 1822 5360">
     <span class='ocr_line' id='line_1_103' title="bbox 627 5289 1822 5360; baseline -0.001 -18"><span class='ocrx_word' id='word_1_731' title='bbox 627 5294 672 5324; x_wconf 72' lang='grc'><strong>⁶³</strong></span> <span class='ocrx_word' id='word_1_732' title='bbox 701 5292 814 5352; x_wconf 75' lang='grc' dir='ltr'>υἱὸς</span> <span class='ocrx_word' id='word_1_733' title='bbox 841 5289 1006 5342; x_wconf 78' lang='grc' dir='ltr'>αὑτοῦ</span> <span class='ocrx_word' id='word_1_734' title='bbox 1041 5291 1137 5342; x_wconf 75' lang='grc' dir='ltr'>καὶ</span> <span class='ocrx_word' id='word_1_735' title='bbox 1173 5308 1233 5354; x_wconf 89' lang='grc' dir='ltr'>ς.</span> <span class='ocrx_word' id='word_1_736' title='bbox 1310 5291 1354 5321; x_wconf 66' lang='grc'><strong>⁸⁵</strong></span> <span class='ocrx_word' id='word_1_737' title='bbox 1387 5289 1734 5360; x_wconf 77' lang='grc' dir='ltr'>ἡμιαῤῥένων</span> <span class='ocrx_word' id='word_1_738' title='bbox 1763 5308 1822 5353; x_wconf 78' lang='grc' dir='ltr'><strong>ς.</strong></span> 
     </span>
    </p>
   </div>
   <div class='ocr_carea' id='block_1_104' title="bbox 1900 5290 3310 5361">
    <p class='ocr_par' dir='ltr' id='par_1_104' title="bbox 1900 5290 3310 5361">
     <span class='ocr_line' id='line_1_104' title="bbox 1900 5290 3310 5361; baseline -0.001 -17"><span class='ocrx_word' id='word_1_739' title='bbox 1900 5292 1944 5320; x_wconf 75' lang='grc'><strong>⁸⁵</strong></span> <span class='ocrx_word' id='word_1_740' title='bbox 1976 5293 2238 5355; x_wconf 79' lang='grc' dir='ltr'>Ναθακας</span> <span class='ocrx_word' id='word_1_741' title='bbox 2274 5312 2332 5354; x_wconf 76' lang='grc' dir='ltr'><strong>ς’.</strong></span> <span class='ocrx_word' id='word_1_742' title='bbox 2409 5293 2453 5324; x_wconf 76' lang='grc'>⁸⁸</span> <span class='ocrx_word' id='word_1_743' title='bbox 2481 5293 2649 5359; x_wconf 78' lang='grc' dir='ltr'>ὀνοφᾶ</span> <span class='ocrx_word' id='word_1_744' title='bbox 2689 5292 2754 5345; x_wconf 85' lang='lat' dir='ltr'><strong>A.</strong></span> <span class='ocrx_word' id='word_1_745' title='bbox 2832 5293 2876 5322; x_wconf 77' lang='lat'><strong>°&#39;</strong></span> <span class='ocrx_word' id='word_1_746' title='bbox 2913 5290 3204 5361; x_wconf 81' lang='grc' dir='ltr'>Ἀμιστριν</span> <span class='ocrx_word' id='word_1_747' title='bbox 3251 5309 3310 5355; x_wconf 81' lang='grc' dir='ltr'><strong>ς’.</strong></span> 
     </span>
    </p>
   </div>
   <div class='ocr_carea' id='block_1_105' title="bbox 3388 5292 3798 5360">
    <p class='ocr_par' dir='ltr' id='par_1_105' title="bbox 3388 5292 3798 5360">
     <span class='ocr_line' id='line_1_105' title="bbox 3388 5292 3798 5360; baseline -0.005 -16"><span class='ocrx_word' id='word_1_748' title='bbox 3388 5292 3432 5321; x_wconf 77' lang='grc'><strong>⁸⁸</strong></span> <span class='ocrx_word' id='word_1_749' title='bbox 3462 5292 3701 5360; x_wconf 81' lang='grc' dir='ltr'>δαριαῖος</span> <span class='ocrx_word' id='word_1_750' title='bbox 3732 5292 3798 5342; x_wconf 82' lang='lat' dir='ltr'><strong>A-</strong></span> 
     </span>
    </p>
   </div>
   <div class='ocr_carea' id='block_1_106' title="bbox 555 5360 3802 5484">
    <p class='ocr_par' dir='ltr' id='par_1_106' title="bbox 555 5360 3802 5484">
     <span class='ocr_line' id='line_1_106' title="bbox 555 5360 3802 5484; baseline -0.001 -71"><span class='ocrx_word' id='word_1_751' title='bbox 555 5365 597 5391; x_wconf 65' lang='grc' dir='ltr'>’θ</span> <span class='ocrx_word' id='word_1_752' title='bbox 643 5361 1003 5484; x_wconf 42' lang='grc' dir='ltr'>ΒΑΞταξξρξτξ</span> <span class='ocrx_word' id='word_1_753' title='bbox 1037 5379 1098 5425; x_wconf 77' lang='grc' dir='ltr'>ς.</span> <span class='ocrx_word' id='word_1_754' title='bbox 1173 5362 1220 5392; x_wconf 84' lang='grc'><strong>⁷⁸</strong></span> <span class='ocrx_word' id='word_1_755' title='bbox 1250 5360 1592 5432; x_wconf 81' lang='grc' dir='ltr'>καρχηδόνιοι</span> <span class='ocrx_word' id='word_1_756' title='bbox 1629 5377 1688 5424; x_wconf 82' lang='grc' dir='ltr'>ς.</span> <span class='ocrx_word' id='word_1_757' title='bbox 1763 5360 1805 5390; x_wconf 86' lang='lat'><strong>&quot;</strong></span> <span class='ocrx_word' id='word_1_758' title='bbox 1840 5360 2024 5425; x_wconf 77' lang='grc' dir='ltr'>ἐλαίας</span> <span class='ocrx_word' id='word_1_759' title='bbox 2056 5365 2122 5418; x_wconf 84' lang='grc' dir='ltr'><strong>Α.</strong></span> <span class='ocrx_word' id='word_1_760' title='bbox 2171 5365 2215 5394; x_wconf 86' lang='grc'><strong>⁷²</strong></span> <span class='ocrx_word' id='word_1_761' title='bbox 2250 5363 2306 5416; x_wconf 77' lang='grc' dir='ltr'>δὲ</span> <span class='ocrx_word' id='word_1_762' title='bbox 2347 5380 2455 5416; x_wconf 82' lang='lat' dir='ltr'><strong>unt.</strong></span> <span class='ocrx_word' id='word_1_763' title='bbox 2513 5363 2579 5416; x_wconf 84' lang='lat' dir='ltr'><strong>A.</strong></span> <span class='ocrx_word' id='word_1_764' title='bbox 2654 5362 2701 5393; x_wconf 74' lang='grc'>⁷³</span> <span class='ocrx_word' id='word_1_765' title='bbox 2734 5360 2992 5433; x_wconf 82' lang='grc' dir='ltr'>στρατιὰν</span> <span class='ocrx_word' id='word_1_766' title='bbox 3029 5360 3135 5429; x_wconf 72' lang='lat' dir='ltr'><strong>Iug.</strong></span> <span class='ocrx_word' id='word_1_767' title='bbox 3165 5379 3179 5416; x_wconf 90' lang='lat'><strong>:</strong></span> <span class='ocrx_word' id='word_1_768' title='bbox 3215 5363 3503 5431; x_wconf 84' lang='grc' dir='ltr'>στρατείαν</span> <span class='ocrx_word' id='word_1_769' title='bbox 3529 5379 3590 5426; x_wconf 85' lang='grc' dir='ltr'>ς.</span> <span class='ocrx_word' id='word_1_770' title='bbox 3668 5360 3711 5392; x_wconf 66' lang='grc'><strong>⁷⁵</strong></span> <span class='ocrx_word' id='word_1_771' title='bbox 3744 5360 3802 5413; x_wconf 86' lang='grc' dir='ltr'>δὲ</span> 
     </span>
     <span class='ocr_line' id='line_1_107' title="bbox 555 5434 1086 5484; baseline 0 0"><span class='ocrx_word' id='word_1_772' title='bbox 555 5435 676 5484; x_wconf 76' lang='lat' dir='ltr'><strong>atlt.</strong></span> <span class='ocrx_word' id='word_1_773' title='bbox 755 5469 770 5484; x_wconf 87' lang='lat'><strong>.</strong></span> <span class='ocrx_word' id='word_1_774' title='bbox 871 5434 891 5464; x_wconf 78' lang='grc'><strong><em>⁵</em></strong></span> <span class='ocrx_word' id='word_1_775' title='bbox 929 5450 959 5484; x_wconf 87' lang='grc' dir='ltr'><strong>τ</strong></span> <span class='ocrx_word' id='word_1_776' title='bbox 1028 5451 1086 5484; x_wconf 66' lang='grc' dir='ltr'><strong>(Γ.</strong></span> 
     </span>
    </p>
   </div>
   <div class='ocr_carea' id='block_1_107' title="bbox 1028 5451 1064 5479">
    <p class='ocr_par' dir='ltr' id='par_1_107' title="bbox 1028 5451 1064 5479">
     <span class='ocr_line' id='line_1_108' title="bbox 1028 5451 1064 5479; baseline 0 0"><span class='ocrx_word' id='word_1_777' title='bbox 1028 5451 1064 5479; x_wconf 75' lang='lat' dir='ltr'><strong>C&#39;</strong></span> 
     </span>
    </p>
   </div>
   <div class='ocr_carea' id='block_1_108' title="bbox 551 5432 1086 5497">
    <p class='ocr_par' dir='ltr' id='par_1_108' title="bbox 551 5432 1086 5497">
     <span class='ocr_line' id='line_1_109' title="bbox 551 5432 1086 5497; baseline 0 -11"><span class='ocrx_word' id='word_1_778' title='bbox 551 5432 676 5486; x_wconf 80' lang='lat' dir='ltr'><strong>add.</strong></span> <span class='ocrx_word' id='word_1_779' title='bbox 704 5432 770 5484; x_wconf 84' lang='grc' dir='ltr'><strong>Α.</strong></span> <span class='ocrx_word' id='word_1_780' title='bbox 848 5432 891 5464; x_wconf 82' lang='grc'><strong>⁷⁵</strong></span> <span class='ocrx_word' id='word_1_781' title='bbox 929 5432 992 5484; x_wconf 86' lang='grc' dir='ltr'><strong>τὸ</strong></span> <span class='ocrx_word' id='word_1_782' title='bbox 1028 5451 1086 5497; x_wconf 77' lang='grc' dir='ltr'>ς.</span> 
     </span>
    </p>
   </div>
   <div class='ocr_carea' id='block_1_109' title="bbox 2091 5544 2322 5602">
    <p class='ocr_par' dir='ltr' id='par_1_109' title="bbox 2091 5544 2322 5602">
     <span class='ocr_line' id='line_1_110' title="bbox 2091 5544 2322 5602; baseline 0.009 -4"><span class='ocrx_word' id='word_1_783' title='bbox 2091 5544 2322 5602; x_wconf 61' lang='grc' dir='ltr'><strong>ΝΟΤιΕ.</strong></span> 
     </span>
    </p>
   </div>
   <div class='ocr_carea' id='block_1_110' title="bbox 626 5636 2126 5707">
    <p class='ocr_par' dir='ltr' id='par_1_110' title="bbox 626 5636 2126 5707">
     <span class='ocr_line' id='line_1_111' title="bbox 626 5636 2126 5707; baseline -0.001 -15"><span class='ocrx_word' id='word_1_784' title='bbox 626 5638 739 5707; x_wconf 83' lang='grc'>(95)</span> <span class='ocrx_word' id='word_1_785' title='bbox 773 5637 1007 5693; x_wconf 78' lang='lat' dir='ltr'><strong>Xerxem</strong></span> <span class='ocrx_word' id='word_1_786' title='bbox 1041 5649 1095 5692; x_wconf 90' lang='lat' dir='ltr'><strong>et</strong></span> <span class='ocrx_word' id='word_1_787' title='bbox 1125 5637 1383 5692; x_wconf 86' lang='lat' dir='ltr'><strong>Amistrin</strong></span> <span class='ocrx_word' id='word_1_788' title='bbox 1445 5636 1686 5707; x_wconf 81' lang='lat' dir='ltr'><strong>Scaliger</strong></span> <span class='ocrx_word' id='word_1_789' title='bbox 1722 5639 2020 5692; x_wconf 84' lang='lat' dir='ltr'><strong>Assuerum</strong></span> <span class='ocrx_word' id='word_1_790' title='bbox 2069 5648 2126 5690; x_wconf 84' lang='lat' dir='ltr'><strong>et</strong></span> 
     </span>
    </p>
   </div>
   <div class='ocr_carea' id='block_1_111' title="bbox 555 5705 2126 5834">
    <p class='ocr_par' dir='ltr' id='par_1_111' title="bbox 555 5705 2126 5834">
     <span class='ocr_line' id='line_1_112' title="bbox 555 5705 2126 5833; baseline 0.001 -74"><span class='ocrx_word' id='word_1_791' title='bbox 555 5705 840 5833; x_wconf 39' lang='lat' dir='ltr'><strong>Estherem</strong></span> <span class='ocrx_word' id='word_1_792' title='bbox 889 5710 1302 5779; x_wconf 81' lang='lat' dir='ltr'><strong>interpretatur,</strong></span> <span class='ocrx_word' id='word_1_793' title='bbox 1337 5710 1482 5779; x_wconf 88' lang='lat' dir='ltr'><strong>quod</strong></span> <span class='ocrx_word' id='word_1_794' title='bbox 1535 5705 1653 5762; x_wconf 65' lang='lat' dir='ltr'><strong>Nic.</strong></span> <span class='ocrx_word' id='word_1_795' title='bbox 1701 5709 1952 5762; x_wconf 81' lang='lat' dir='ltr'><strong>Serarius</strong></span> <span class='ocrx_word' id='word_1_796' title='bbox 1993 5724 2126 5762; x_wconf 73' lang='grc' dir='ltr'>ρυιι-</span> 
     </span>
     <span class='ocr_line' id='line_1_113' title="bbox 579 5789 714 5834; baseline 0 0"><span class='ocrx_word' id='word_1_797' title='bbox 579 5789 714 5834; x_wconf 84' lang='lat' dir='ltr'><strong>utat.</strong></span> 
     </span>
    </p>
   </div>
   <div class='ocr_carea' id='block_1_112' title="bbox 2309 5637 3800 5710">
    <p class='ocr_par' dir='ltr' id='par_1_112' title="bbox 2309 5637 3800 5710">
     <span class='ocr_line' id='line_1_114' title="bbox 2309 5637 3800 5710; baseline 0.003 -20"><span class='ocrx_word' id='word_1_798' title='bbox 2309 5637 2421 5705; x_wconf 71' lang='grc'>(94)</span> <span class='ocrx_word' id='word_1_799' title='bbox 2475 5637 2835 5710; x_wconf 76' lang='lat' dir='ltr'><strong>llhodogunes</strong></span> <span class='ocrx_word' id='word_1_800' title='bbox 2882 5639 3164 5707; x_wconf 85' lang='lat' dir='ltr'><strong>cujusdam</strong></span> <span class='ocrx_word' id='word_1_801' title='bbox 3224 5641 3458 5694; x_wconf 71' lang='lat' dir='ltr'><strong>Persica:</strong></span> <span class='ocrx_word' id='word_1_802' title='bbox 3509 5639 3800 5710; x_wconf 78' lang='lat' dir='ltr'><strong>imaginem</strong></span> 
     </span>
    </p>
   </div>
   <div class='ocr_carea' id='block_1_113' title="bbox 2237 5708 3478 5776">
    <p class='ocr_par' dir='ltr' id='par_1_113' title="bbox 2237 5708 3478 5776">
     <span class='ocr_line' id='line_1_115' title="bbox 2237 5708 3478 5776; baseline 0 -14"><span class='ocrx_word' id='word_1_803' title='bbox 2237 5710 2404 5762; x_wconf 87' lang='lat' dir='ltr'><strong>habes</strong></span> <span class='ocrx_word' id='word_1_804' title='bbox 2436 5710 2576 5776; x_wconf 86' lang='lat' dir='ltr'><strong>apud</strong></span> <span class='ocrx_word' id='word_1_805' title='bbox 2604 5708 3014 5772; x_wconf 81' lang='lat' dir='ltr'><strong>I‘hilostratuut,</strong></span> <span class='ocrx_word' id='word_1_806' title='bbox 3052 5710 3144 5764; x_wconf 87' lang='lat' dir='ltr'><strong>lib.</strong></span> <span class='ocrx_word' id='word_1_807' title='bbox 3173 5727 3230 5774; x_wconf 73' lang='grc' dir='ltr'><strong>ιι,</strong></span> <span class='ocrx_word' id='word_1_808' title='bbox 3257 5713 3395 5762; x_wconf 78' lang='lat' dir='ltr'><strong>iron.</strong></span> <span class='ocrx_word' id='word_1_809' title='bbox 3428 5711 3478 5763; x_wconf 86' lang='lat'><strong>5.</strong></span> 
     </span>
    </p>
   </div>
   <div class='ocr_carea' id='block_1_114' title="bbox 2305 5777 3794 5852">
    <p class='ocr_par' dir='ltr' id='par_1_114' title="bbox 2305 5777 3794 5852">
     <span class='ocr_line' id='line_1_116' title="bbox 2305 5777 3794 5852; baseline 0.005 -23"><span class='ocrx_word' id='word_1_810' title='bbox 2305 5777 2415 5848; x_wconf 77' lang='grc'>(95)</span> <span class='ocrx_word' id='word_1_811' title='bbox 2444 5777 2726 5848; x_wconf 81' lang='lat' dir='ltr'><strong>Legendus</strong></span> <span class='ocrx_word' id='word_1_812' title='bbox 2754 5777 2958 5836; x_wconf 50' lang='lat' dir='ltr'><strong>(Elian.</strong></span> <span class='ocrx_word' id='word_1_813' title='bbox 2990 5782 3082 5836; x_wconf 83' lang='lat' dir='ltr'><strong>lib.</strong></span> <span class='ocrx_word' id='word_1_814' title='bbox 3124 5798 3218 5836; x_wconf 79' lang='lat' dir='ltr'><strong>xm</strong></span> <span class='ocrx_word' id='word_1_815' title='bbox 3253 5782 3554 5848; x_wconf 60' lang='grc' dir='ltr'>ΙΙυιιλιίιτιιις,</span> <span class='ocrx_word' id='word_1_816' title='bbox 3588 5795 3704 5852; x_wconf 81' lang='lat' dir='ltr'><strong>cap.</strong></span> <span class='ocrx_word' id='word_1_817' title='bbox 3739 5779 3794 5836; x_wconf 75' lang='lat'><strong>3.</strong></span> 
     </span>
    </p>
   </div>
  </div>
