4092 6414
270 358 368 425 185

1404 373 2006 437 ΒῐΒΕῙΟΤΗΕΕΑπ-
2029 376 2192 437 COD.
2234 376 2473 440 LXXII.

3414 377 3516 441 186

266 478 342 549 μὴ
370 457 804 549 κυκλωθείησαν.
823 478 1170 551 Ἥγουμένων
1198 482 1255 537 δὲ
1284 483 1390 536 τῶν
1418 484 1512 537 δύο
1537 487 1840 558 Τραχινίων

1961 490 2321 545 cheniensimn
2342 493 2612 563 principes
2628 491 2902 550 Calliades
2924 500 3087 562 atque
3107 490 3526 562 Timaphernes,

265 568 356 625 διὰ
394 571 663 626 δυσϐάτου
689 573 916 643 στρατὸς
951 575 1218 645 Περσικὸς
1243 576 1545 649 διελήλυθε,
1590 581 1851 651 μυριάδες

262 662 556 735 τέσσαρες,
582 663 677 717 καὶ
707 664 849 716 κατὰ
888 665 1056 719 νώτου
1092 666 1332 735 γίνονται
1372 669 1481 722 τῶν
1512 671 1853 743 Δακεδαιμο-

264 753 425 808 νίων⁶
458 760 553 810 καὶ
575 756 947 821 κυκλωθέντες
974 759 1244 815 ἀπέθανον
1274 763 1571 835 μαχόμενοι
1594 766 1853 837 ἀνδρείως

265 846 525 913 ᾶπαντες.
557 848 763 920 Ξέρξης
800 849 856 902 δὲ
894 850 1056 903 πάλιν
1096 852 1415 924 στράτευμα
1467 855 1673 924 πέμπει
1711 856 1853 909 κατὰ

267 939 607 1006 Πλαταιέων,
647 942 914 1011 μυριάδας
947 941 1034 1011 ιβ’,
1062 942 1371 1014 ἡγούμενον
1406 945 1451 976 ’⁷⁸
1482 946 1667 1006 αὐτοῖς
1690 945 1853 1014 Μαρ-

267 1032 443 1087 δόνιον
484 1035 824 1106 ἐπιστήσαςο
881 1034 1106 1104 Θηϐαῖοι
1156 1036 1202 1090 δ’
1246 1032 1387 1107 ἦσαν
1439 1038 1489 1093 οί
1517 1037 1657 1091 κατά
1704 1036 1849 1091 Πλα-

266 1126 469 1180 ταιέων
524 1126 617 1180 τὸν
674 1124 880 1198 Ξέρξην
941 1125 1242 1192 κινοῦντες.
1305 1127 1741 1198 Ἀντιστρατεύει
1791 1128 1852 1187 δὲ

266 1217 582 1282 Παυσανίας
630 1219 659 1272 ὁ
686 1218 1135 1287 Λακεδαιμόνιος,
1181 1219 1528 1288 τριακοσίους
1579 1220 1677 1289 μὲν
1710 1219 1853 1292 ἔχων

268 1309 641 1379 Σπαρτιήτας,
689 1309 893 1381 χιλίους
927 1308 983 1362 δὲ
1032 1308 1142 1362 τῶν
1174 1310 1490 1381 περιοίκων,
1540 1312 1604 1363 ἐκ
1651 1310 1708 1364 δὲ
1745 1309 1854 1371 τῶν

268 1401 446 1455 ἄλλων
475 1400 684 1455 πόλεων
709 1401 954 1472 χιλιάδας
973 1402 1018 1434 ⁷⁷
1049 1400 1145 1467 ἒξο
1180 1401 1274 1455 καλ⁸
1294 1402 1512 1455 νικᾶται
1546 1402 1686 1455 κατά
1716 1402 1854 1472 κρά-
1898 1460 1905 1468 ,

267 1512 361 1555 τος
388 1496 422 1565 ή
455 1494 701 1566 Περσικὴ
754 1496 1000 1566 στρατιά,
1041 1495 1136 1549 καὶ
1186 1496 1378 1565 φεύγει
1425 1495 1854 1566 τραυματισθεὶς

268 1586 368 1639 καὶ
410 1562 730 1659 Μαρδόνιος.
764 1562 932 1652 Οὗτος
960 1588 989 1641 ό
1032 1562 1336 1658 Μαρδόνιος
1366 1562 1645 1657 πέμπεται
1682 1562 1844 1659 συλῆο

271 1696 365 1732 σαι
406 1680 471 1733 τὸ
514 1680 608 1733 τοῦ
643 1681 975 1745 Ἀπόλλωνος
1027 1680 1171 1751 ἱερὸν
1211 1680 1365 1751 παρά
1409 1680 1635 1753 Ξέρξου,
1668 1682 1853 1744 κάκεῖ.

270 1771 430 1843 φησὶ,
460 1770 685 1842 θνήσκει
716 1771 958 1843 χαλάζης
996 1772 1368 1841 ἐπιπεσούσης
1398 1774 1659 1844 παχείας·
1693 1774 1778 1843 ἐφ’
1809 1770 1855 1845 ᾧ

268 1840 392 1915 λίαν
412 1840 622 1934 Ξέρξης
653 1840 921 1934 ἐλυπήθηξ
954 1862 1161 1934 Ξέρξης
1192 1863 1247 1917 δὲ
1289 1840 1378 1917 ἐπ’
1407 1840 1583 1927 αὑτὰς
1624 1840 1854 1935 Ἀθήνας
1885 1840 1928 1896 Β

268 1953 514 2015 ἐλαύνει.
568 1956 665 2006 καὶ
725 1953 997 2025 Ἀθηναῖοι
1042 1953 1432 2026 πληρώσαντες
1475 1955 1670 2009 ἑκατὸν
1724 1957 1855 2011 δέκα

266 2045 525 2117 τριήρεις
572 2044 865 2114 φεύγουσιν
911 2048 990 2111 είς
1037 2046 1341 2125 Σαλαμῖνα.
1369 2049 1478 2101 Καὶ
1522 2045 1730 2119 Ξέρξης
1758 2050 1855 2122 τὴν

268 2134 430 2189 πόλιν
460 2133 622 2207 κενὴν
651 2138 796 2207 αίρεῖ
832 2137 926 2190 καὶ
958 2136 1268 2209 ἐμπίπρησι
1296 2138 1362 2203 ⁷⁸,
1398 2138 1537 2207 πλὴν
1566 2139 1664 2210 τῆς
1685 2141 1853 2210 ἀκρο-

266 2225 514 2289 πόλεωςο
548 2226 605 2279 ἒν
651 2227 788 2299 αὐτῇ
832 2227 938 2298 γὰρ
970 2226 1051 2281 ἔτι
1078 2226 1225 2292 τινὲς
1266 2227 1685 2297 ὑπολειφθέντες
1715 2228 1854 2298 ἐμά-

267 2333 452 2386 χοντο.
516 2316 687 2380 Τέλος
734 2320 1005 2372 κάκείνων
1056 2318 1214 2373 νυκτὶ
1266 2319 1547 2390 φυγόντων
1596 2320 1855 2390 κάκείνην

270 2407 607 2478 συνέφλεξαν
633 2410 700 2465 ’⁸.
740 2411 799 2465 Ὀ
818 2410 877 2464 δὲ
908 2410 1116 2482 Ξέρξης
1147 2410 1370 2464 αὐτόθεν
1409 2409 1578 2464 ἐλθὼν
1601 2412 1695 2465 ἐπὶ
1716 2429 1855 2465 στει-

267 2501 495 2553 νὸτατον
532 2500 579 2533 ⁸⁸
632 2501 731 2574 τῆς
792 2503 1045 2574 Ἀττικῆς
1074 2502 1432 2574 (Ἡράκλειον
1476 2503 1521 2535 ⁸⁸
1561 2503 1852 2573 καλεῖται),

268 2590 510 2661 ἐχώννυε
553 2594 713 2664 χῶμα
754 2593 846 2647 ἐπὶ
894 2595 1193 2666 Σαλαμῖνα,
1225 2596 1363 2666 πεζῇ
1414 2596 1501 2650 ἐπ’
1533 2597 1705 2669 αὐτὴν
1738 2596 1857 2650 δια-

270 2683 439 2748 ϐῆναι
478 2684 883 2756 διανοούμενος.
934 2686 1107 2758 Βουλῇ
1134 2687 1192 2740 δὲ
1235 2688 1668 2757 Θεμιστοκλέους
1696 2688 1859 2758 Ἀθη-

269 2774 424 2828 ναίου
449 2777 544 2829 καὶ
570 2776 901 2848 Ἀριστείδου
928 2777 1144 2843 τοξόται
1171 2779 1271 2850 μὲν
1293 2779 1401 2832 ἀπὸ
1430 2780 1659 2851 Κρήτης
1690 2796 1860 2851 προσ-

270 2866 573 2923 καλοῦνται
603 2871 702 2923 xui.
733 2871 1146 2944 παραγίνονται,
1177 2866 1301 2925 εἶτα
1328 2870 1607 2941 ναυμαχία
1635 2871 1861 2943 Περσῶν

270 2960 370 3011 καὶ
395 2958 663 3031 Ἑλλήνων
684 2961 915 3030 γίνεται,
942 2962 1168 3034 Περσῶν
1187 2963 1288 3033 μὲν
1317 2962 1447 3026 ναῦς
1470 2963 1701 3033 ἑχόντων
1720 2962 1861 3034 ὑπὲρ

270 3050 375 3113 τὰς
411 3051 611 3121 χιλίας,
646 3053 1076 3125 στρατηγοῦντος
1115 3056 1297 3119 αὐτοῖς
1334 3056 1551 3129 ’ονόφα,
1594 3054 1863 3127 Ἑλλήνων

272 3143 333 3196 δὲ
374 3144 732 3209 ἑπτακοσίας.
794 3148 904 3201 Καὶ
958 3146 1186 3201 νικῶσιν
1247 3147 1533 3219 Ἕλληνες,
1596 3147 1691 3201 καὶ
1743 3147 1860 3201 διας-

274 3236 594 3305 φθείρονται
628 3238 897 3310 Περσικαὶ
941 3240 1296 3293 πεντακόσιαι
1342 3240 1492 3309 νῆες.
1533 3238 1628 3293 καὶ
1667 3238 1862 3308 φεύγει

274 3327 511 3399 Ξέρξης,
541 3328 706 3403 βουλῇ
749 3332 911 3386 πάλιν
951 3333 1045 3386 καὶ
1083 3332 1247 3403 τέχνῃ
1274 3332 1607 3404 Ἀριστείδου
1642 3333 1737 3385 καὶ
1764 3331 1863 3384 Θε-

1952 597 2073 637 cum
2115 584 2361 637 exercitu
2409 584 2655 638 aderant.
2702 583 2793 637 llis
2833 582 3041 637 Xerxes
3088 582 3154 636 ad
3211 596 3271 637 se
3292 584 3528 648 vocatis,

1951 692 2165 747 unaque
2202 677 2512 742 Demarato,
2542 689 2595 733 et
2641 678 2804 748 Hegia
2840 677 3095 746 Ephesio,
3134 677 3280 732 nulla
3316 678 3529 734 ratione

1952 770 2095 825 vinci
2131 786 2292 841 posse
2348 771 2787 826 Lacedaemonios
2839 770 3125 837 intellexit,
3184 771 3285 825 nisi
3357 771 3527 839 copiis

1952 860 2115 915 cincti
2184 862 2235 915 in
2287 863 2472 917 orbem
2530 877 2770 931 pugnare
2820 872 3107 930 cogantur.
3159 862 3529 931 Quadraginta

1950 965 2080 1020 ergo
2144 952 2432 1008 Persarum
2497 954 2689 1017 millia,
2748 953 2978 1007 ducibus
3032 952 3531 1007 Tracheniensibus

1950 1043 2060 1109 illis
2090 1044 2321 1111 duobus,
2380 1062 2472 1115 per
2509 1046 2655 1100 invia
2691 1044 3040 1111 transgressi,
3084 1058 3113 1098 a
3167 1052 3319 1111 tergo
3364 1042 3531 1096 Lace-

1954 1134 2247 1199 daemonios
2295 1135 2635 1200 adoriuntur,
2692 1133 2784 1203 qui
2837 1133 2937 1187 hoc
2983 1142 3141 1202 pacto
3186 1130 3528 1193 circumdati,

1954 1225 2170 1283 fortiter
2227 1235 2528 1297 pugnantes
2578 1226 2644 1279 ad
2715 1240 2880 1279 unum
2950 1239 3138 1279 omnes
3199 1222 3526 1276 occubuere.

1953 1315 2114 1383 Mittit
2139 1330 2325 1371 rursus
2342 1314 2637 1370 exercitum
2665 1313 2874 1370 Xerxes
2909 1313 3171 1368 adversus
3205 1309 3531 1365 Plataeenses

1952 1419 2169 1464 Centum
2204 1417 2257 1461 et
2332 1405 2473 1477 39b
2524 1405 2714 1475 viginti
2742 1405 2994 1470 millium,
3053 1405 3189 1458 duce
3226 1401 3527 1456 Mardunio.

1955 1497 2196 1552 Thebani
2233 1508 2416 1552 autem
2477 1512 2660 1563 regem
2697 1495 2749 1551 in
2794 1495 3121 1551 Plataeenses
3162 1495 3528 1551 concitabant.

1955 1589 2232 1644 Mardonio
2266 1588 2502 1642 occurrit
2537 1587 2836 1643 Pausanias
2873 1586 3345 1653 Lacedaemonius,
3376 1584 3534 1655 Spar-

1955 1691 2109 1738 tanos
2138 1698 2245 1736 non
2280 1681 2379 1735 nisi
2411 1690 2702 1745 trecentos,
2750 1682 2965 1736 accolas
3013 1681 3180 1745 mille,
3235 1689 3289 1734 et
3317 1695 3379 1731 ex
3410 1678 3530 1733 aliis

1956 1773 2180 1828 urbibus
2213 1774 2278 1825 ad
2324 1786 2418 1826 sex
2471 1771 2635 1825 millia
2680 1786 2863 1825 set-um
2915 1773 3139 1825 ducens.
3198 1768 3271 1824 lbi
3308 1768 3529 1825 Persico

1955 1865 2194 1919 exercitu
2240 1846 2513 1932 superato,
2572 1862 2881 1916 Mardonius
2938 1862 3256 1915 vulneratus
3302 1860 3528 1928 aufugit.

1956 1954 2104 2010 Idem
2135 1955 2221 2010 hic
2239 1954 2558 2009 Mardonius
2597 1955 2662 2007 ad
2686 1953 3042 2023 diripiendam
3078 1952 3338 2021 Apollinis
3363 1952 3530 2006 aedem

1955 2064 1985 2127 a
2016 2047 2193 2102 Xerxe
2227 2048 2447 2111 missus,
2489 2047 2690 2116 ingenti
2719 2060 3013 2113 oppressus
3042 2044 3305 2115 grandine
3360 2043 3530 2095 inter-

1957 2142 2067 2205 riit,
2098 2155 2292 2210 magno
2323 2139 2613 2194 admodum
2672 2138 2814 2207 regis
2850 2137 3055 2192 dolore.
3098 2135 3308 2191 Xerxes
3337 2134 3533 2189 deinde

1954 2232 2194 2289 Athenas
2224 2232 2368 2301 ipsas
2408 2230 2542 2301 petit
2570 2246 2689 2284 cum
2725 2228 2985 2283 exercitu.
3019 2227 3215 2282 Verum
3237 2225 3535 2280 Athenien-

1958 2339 2067 2387 ses.
2104 2334 2324 2379 centum
2358 2332 2413 2377 et
2447 2323 2633 2376 decem
2663 2321 2977 2376 triremibus
3007 2318 3310 2382 instructis,
3336 2320 3400 2371 ad
3434 2317 3533 2371 Sa—

1959 2416 2212 2471 laminam
2248 2414 2480 2470 insulam
2536 2413 2808 2484 fugerunt.
2846 2410 3044 2467 Urbem
3085 2413 3268 2481 itaque
3311 2426 3534 2464 vacuam

1956 2523 2080 2567 rum
2117 2506 2373 2574 cepisset,
2406 2505 2680 2570 incendit;
2716 2516 2914 2572 praeter
2956 2503 3126 2558 solam
3144 2518 3350 2566 arcem,
3374 2518 3534 2572 quam

1958 2597 2164 2667 aliquot
2200 2598 2377 2651 adhuc
2432 2596 2502 2649 ibi
2539 2595 2713 2649 relicti
2774 2594 3209 2665 propugnabant.
3263 2593 3368 2648 Sed
3412 2609 3535 2647 cum

1960 2688 2173 2741 tandem
2204 2697 2257 2742 et
2290 2687 2343 2741 hi
2380 2696 2538 2742 noctu
2589 2686 2873 2755 fugissent,
2907 2686 3071 2739 etiam
3122 2683 3271 2739 illam
3301 2685 3532 2741 exussit.

1963 2779 2077 2834 Rex
2119 2780 2244 2835 inde
2305 2780 2371 2834 ad
2411 2779 2857 2848 angustissimum
2910 2778 3101 2833 Atticae
3137 2777 3337 2840 locum,
3380 2792 3539 2846 quem

1964 2871 2288 2928 Heracleum
2334 2871 2630 2943 appellant,
2672 2870 2972 2940 prolectus,
3033 2884 3283 2939 aggerem
3312 2868 3542 2923 Salami-

1955 2973 2088 3020 nam
2122 2979 2311 3019 versus
2338 2965 2536 3019 ducere
2573 2963 2759 3032 coepit,
2790 2976 2857 3017 eo
2892 2961 3142 3026 consilio,
3189 2972 3248 3015 ut
3295 2960 3533 3029 pedestri

1963 3059 2030 3115 ad
2064 3058 2293 3114 insulam
2325 3058 2520 3112 itinere
2552 3056 2793 3112 transire
2816 3054 3107 3127 aliquando
3134 3054 3326 3124 possit.
3377 3056 3447 3107 At
3475 3068 3539 3108 ex

1966 3150 2350 3207 Themistoclis
2379 3149 2730 3219 Atheniensis
2780 3158 2831 3202 et
2869 3147 3120 3205 Aristida:
3170 3145 3399 3209 consilio
3449 3162 3540 3201 sa-

1962 3241 2166 3315 gittarii
2210 3257 2277 3297 ex
2305 3240 2464 3296 Creta
2505 3250 2857 3295 accersuntur
2886 3250 2943 3295 et
2982 3238 3240 3304 veniunt;
3272 3236 3466 3291 deinde
3489 3244 3546 3290 et

1966 3332 2141 3388 navali
2178 3348 2353 3402 pugna
2382 3330 2560 3387 Persae
2594 3346 2718 3385 cum
2747 3330 2949 3386 Graecis
2973 3318 3415 3398 congrediuntur.
3438 3327 3544 3380 Du—

276 3422 676 3490 μιστοκλέους·
730 3424 788 3476 ἐν
838 3423 898 3477 δὲ
935 3426 1059 3488 ταῖς
1105 3424 1319 3487 λοιπαῖς
1366 3424 1609 3488 άπάσαις
1662 3423 1861 3494 μάχαις

1971 3425 2165 3478 ccbaut
2223 3424 2298 3478 illi
2372 3437 2538 3478 naves
2589 3437 2751 3492 supra
2813 3421 2984 3485 mille,
3044 3422 3239 3490 quibus
3292 3420 3547 3488 0n0phas

275 3514 561 3569 ἀπέθανον
594 3515 820 3587 Περσῶν
864 3515 1071 3570 δώδεκα
1120 3516 1401 3589 μυριάδες.
1433 3514 1639 3587 Ξέρξης
1670 3517 1727 3571 δὲ
1766 3534 1866 3570 πε-

277 3608 457 3677 ράσας
503 3608 586 3671 είς
613 3607 713 3678 τήν
754 3608 959 3673 Ἀσίαν,
988 3610 1079 3662 καὶ
1120 3607 1441 3663 ἀπελαύνων
1494 3610 1574 3673 εἰς
1618 3608 1862 3679 Σάρδεις,

277 3700 502 3771 ἔπεμπε
521 3698 845 3768 Μεγάϐυζον
866 3700 926 3753 τὸ
949 3702 1005 3754 ὲν
1032 3700 1255 3772 Δελφοῖς
1283 3701 1427 3771 ἱερὸν
1452 3699 1712 3769 συλῆσαι·
1740 3699 1864 3752 ἐπεὶ

276 3791 334 3844 δὲ
378 3791 592 3853 ἐκεῖνος
638 3792 957 3861 παρῃτεῖτο,
999 3789 1391 3844 ἀποστέλλεται
1444 3788 1711 3850 Ματάκας
1744 3788 1789 3819 ⁸³
1834 3787 1865 3841 ὁ

276 3882 559 3953 εὐνοῦχος,
587 3880 776 3952 ὕϐρεις
812 3898 873 3934 τε
905 3883 1087 3953 φέρων
1106 3880 1187 3955 τῷ
1229 3880 1524 3934 Ἀπόλλωνι
1559 3880 1653 3933 καί
1688 3878 1864 3932 πάντα

278 3975 536 4045 συλήσων
562 3990 575 4003 ·
617 3974 714 4029 καὶ
758 3974 824 4046 δὴ
856 3972 998 4029 οὕτω
1033 3975 1267 4046 ποιήσας
1329 3973 1467 4046 πρὸς
1514 3970 1720 4044 Ξέρξην
1763 3971 1867 4025 ὑπε-

280 4069 577 4141 ἔστρεφεν.

277 4164 369 4234 qui
443 4163 701 4232 templum
757 4163 1069 4231 Delphicum
1121 4163 1421 4232 diriperet;

1970 3525 2225 3587 praeerat,
2257 3514 2309 3569 hi
2350 3514 2743 3584 septingentas.
2788 3510 3025 3567 Vincunt
3054 3522 3231 3565 tamen
3264 3509 3461 3570 ϐπερὶ.
3493 3520 3549 3563 et

1966 3604 2290 3675 quingentas
2348 3606 2529 3661 Persae
2587 3619 2751 3659 naves
2810 3604 3093 3658 amittunt.
3163 3604 3283 3672 Ipse
3324 3610 3549 3671 quoque

1968 3694 2180 3751 Xerxes
2209 3695 2438 3750 consilio
2491 3709 2681 3749 rursus
2704 3700 2761 3748 et
2792 3704 2911 3748 arte
2935 3692 3189 3751 Aristidis
3214 3704 3374 3761 atque
3403 3690 3548 3745 Tlte-

1971 3786 2255 3851 mistoclis,
2280 3786 2458 3857 fugam
2482 3785 2700 3855 arripit,
2730 3784 3031 3840 interfectis
3047 3786 3113 3843 de
3133 3783 3352 3838 Persico
3377 3797 3551 3837 exer-

1968 3881 2101 3942 citu,
2152 3880 2405 3936 omnibus
2466 3879 2617 3935 hisce
2678 3877 2922 3949 praeliish
2962 3892 3067 3930 non
3109 3876 3285 3930 minus
3331 3885 3549 3929 centum

1972 3971 2160 4041 viginti
2186 3970 2448 4029 millibus.
2498 3968 2633 4025 Cum
2682 3978 2864 4024 autem
2931 3967 2987 4021 in
3036 3966 3221 4021 Asiam
3264 3980 3357 4021 rex
3383 3964 3551 4034 traje-

1970 4064 2157 4129 cisset,
2210 4073 2264 4119 et
2287 4061 2491 4118 Sardes
2538 4069 2810 4131 pergeret,
2865 4059 3220 4131 Megabyzum
3281 4058 3550 4126 designat,

1515 4162 1611 4218 sed
1679 4159 2006 4223 detrectavit
2073 4159 2166 4214 ille
2219 4157 2473 4223 facinus;
2523 4172 2695 4227 quare
2731 4154 2968 4211 Matacas
3003 4155 3286 4210 eunuchus
3329 4153 3555 4222 injurias

274 4259 515 4330 Apollini
571 4258 861 4326 illaturus,
916 4260 1206 4330 omniaque
1269 4258 1609 4327 expilatnrus
1667 4256 1957 4317 mittitur:
2015 4255 2110 4325 qui
2142 4254 2405 4310 confectis
2440 4254 2513 4309 ita
2546 4253 2734 4317 rebus,
2775 4252 2843 4305 ad
2924 4265 3104 4320 regem
3146 4264 3399 4305 reversus
3449 4256 3554 4307 est.

342 4353 415 4406 Ξέ
425 4351 561 4424 ρξης
581 4353 628 4385 ⁸⁸
652 4353 759 4407 ἀπὸ
786 4352 1106 4417 Βαϐυλῶνος
1122 4353 1203 4417 είς
1230 4353 1443 4424 Πέρσας
1469 4350 1861 4421 παραγίνεται,

2043 4351 2107 4405 In
2166 4348 2413 4405 Persiam
2463 4345 2681 4402 interim
2730 4342 2940 4397 Xetxes
3006 4342 3278 4413 Babylone
3336 4346 3560 4396 venerat

275 4448 373 4500 καί
403 4442 737 4513 Μεγάϐυζος
767 4443 909 4499 κατὰ
952 4446 1054 4515 τῆς
1082 4444 1342 4513 γυναικὸς
1374 4442 1471 4512 τῆς
1505 4441 1641 4507 ίδίας
1683 4440 1855 4511 Ἀμύι-

275 4555 414 4605 τιος,
447 4536 488 4608 ἡ
514 4536 782 4607 θυγάτηρ,
805 4537 880 4600 ὡς
902 4536 1250 4607 προείρηται,
1287 4532 1489 4607 Ξέρξου
1545 4533 1871 4605 ἐτύγχανεν,

275 4629 350 4693 ώς
416 4628 859 4701 μεμοιχευμένης
925 4628 1121 4695 λόγους.
1159 4628 1352 4681 ἐκίνει.
1391 4627 1499 4680 Καὶ
1538 4626 1864 4695 ἐπιτιμᾶται

1983 4456 2107 4499 cum
2165 4440 2497 4512 Megabyzus
2548 4453 2774 4495 uxorem
2826 4452 2980 4493 suam
3033 4436 3255 4505 Amytin
3302 4435 3469 4503 (quae,
3500 4442 3559 4487 ut

1973 4534 2089 4606 jam
2117 4544 2279 4590 antea
2309 4534 2536 4597 dictum,
2576 4532 2772 4586 Xerxae
2812 4530 2921 4585 lilia
2963 4528 3103 4599 erat)
3148 4527 3396 4582 adulterii
3429 4526 3562 4580 insi-

1980 4628 2169 4693 mulat,
2198 4627 2547 4697 quamobrem
2578 4626 2665 4679 illa
2690 4625 2894 4679 acriter
2921 4637 2954 4677 a
2980 4631 3204 4694 parente
3268 4620 3560 4689 increpita,

289 4720 523 4791 Ἀμύτις
568 4718 748 4789 λόγοις
804 4720 911 4773 ύπδ
976 4718 1072 4772 τοῦ
1128 4717 1356 4790 πατρὸς,
1389 4719 1485 4771 καὶ
1530 4718 1861 4789 ὑπισχνεῖται

1975 4720 2209 4790 spondet
2237 4734 2298 4774 se
2328 4730 2539 4774 castam
2580 4732 2723 4772 esse.

281 4814 612 4883 σωφρονεῖν.

362 4905 711 4974 ’Δρ-δάπανος
730 4903 777 4935 ⁸⁸
820 4902 878 4956 δὲ
931 4902 1076 4973 μέγα
1132 4902 1288 4974 παρά
1335 4899 1513 4973 Ξέρξῃ
1566 4901 1863 4970 δυνάμενος

2044 4897 2362 4965 Artapanus
2428 4893 2584 4959 item,
2634 4889 2727 4961 qui
2799 4887 3093 4959 plurimum
3151 4886 3295 4955 apud
3348 4883 3565 4939 Xerxen

282 5000 405 5071 μετ’
442 4996 822 5067 Ἀσπαμίτρου
838 4997 884 5028 ⁸⁸
914 4996 1009 5049 τοῦ
1068 4995 1328 5066 εὐνούχου
1345 4994 1415 5060 ⁸⁸,
1462 4992 1589 5066 [120
1620 4992 1713 5064 ιι]
1777 4993 1861 5047 καὶ

1980 4985 2305 5042 auctoritate
2331 4983 2568 5047 valebat,
2591 4992 2792 5038 etcqu
2825 4996 2892 5036 eo
2912 4978 3247 5050 Aspamitres
3276 4976 3565 5032 eunuchus

274 5088 456 5144 αὑτοῦ
514 5087 658 5159 μέγα
695 5087 1016 5158 δυναμένου,
1052 5087 1403 5159 βουλεύονται
1426 5086 1634 5140 ἀνελεῖν
1656 5087 1700 5119 ⁸⁷
1732 5086 1876 5157 Ξέρ-

1982 5080 2097 5151 (qui
2133 5079 2247 5148 ipse
2297 5089 2513 5155 quoque
2562 5075 2852 5146 plurimum
2910 5072 3055 5143 apud
3105 5085 3288 5140 regem
3329 5068 3567 5138 poterat)

282 5181 408 5253 ξην.
462 5182 558 5234 καὶ
609 5178 921 5251 ἀναιροῦσι,
971 5181 1068 5233 καὶ
1129 5178 1407 5234 πείθουσιν
1458 5177 1861 5249 Ἀρτοξέρξηνω

1986 5174 2055 5230 de
2097 5171 2280 5227 Xerxe
2330 5169 2716 5249 interﬁciendo
2758 5168 3044 5224 consilium
3078 5166 3307 5236 agitant,
3351 5165 3568 5216 eadem-

282 5277 375 5331 τὸ)
402 5274 525 5329 υἱὸν
548 5272 625 5338 ὡς
655 5274 939 5344 Δαρειαῖος
960 5271 1007 5303 ⁸³
1036 5271 1201 5326 αὑτὸν
1222 5273 1250 5324 ὁ
1275 5270 1465 5341 ἕτερος
1514 5272 1644 5334 παῖς
1677 5268 1881 5324 ἀνεῖλε.

1989 5280 2095 5336 que
2121 5271 2340 5334 patrant
2372 5261 2538 5333 40a.
2579 5265 2899 5317 Artaxerxae
2932 5257 3151 5313 interim
3206 5256 3318 5311 tilio
3344 5268 3568 5324 persna-

1604 5449 1839 5508 VARUE
1876 5446 2282 5506 LECTIONES.

658 5614 747 5650 νον
774 5595 833 5651 δὲ
860 5596 1042 5658 αὐτοῖς
1070 5612 1131 5660 ς.
1222 5593 1266 5627 ⁷⁷
1294 5592 1538 5664 χιλιάδας
1557 5589 1760 5664 ἕξις.
1785 5592 1850 5646 Α.

364 5598 415 5630 ’⁸
444 5596 654 5669 iuon

293 5670 339 5701 “
375 5657 529 5740 ζΠρξ]
559 5657 599 5721 δ’
630 5667 861 5740 ᾘρκςτ
930 5666 977 5698 ⁸·
1010 5657 1555 5740 Ματάκας”ἱιιειιιῃθ
1595 5657 1686 5732 qui
1707 5672 1893 5740 supra
1920 5660 2026 5740 _gp_.
2058 5659 2132 5740 38'

296 5728 469 5802 τάϐας
647 5728 715 5769 ’δ’
744 5728 864 5791 libri
902 5736 1041 5805 μετά
1090 5734 1408 5805 Σπαμξτρου
1457 5732 1552 5805 cf,
1579 5728 1631 5800 p'.
1693 5731 1843 5805 Mla.
1919 5730 1965 5761 ⁸⁸
1994 5728 2338 5800 ἡμεάῤῥενος
2372 5743 2433 5790 ς.

302 5801 495 5880 ξέρξην
521 5801 565 5873 ξ
596 5807 684 5864 hic
713 5816 767 5863 ct
796 5801 954 5862 infra.
1031 5808 1075 5840 °’
1104 5801 1343 5878 δαρίαίος
1374 5805 1441 5873 Δ,
1466 5803 1557 5875 qui
1589 5816 1731 5875 saepe
1758 5801 1854 5856 ita.

1927 5587 1975 5621 ⁷⁸
2013 5587 2375 5708 ὲμπίμπρῐηοι
2399 5602 2459 5649 ς’.
2541 5586 2590 5618 ⁷⁸
2618 5580 2941 5649 συνέφλεξεν
2972 5597 3031 5644 ς’.
3063 5578 3109 5610 ⁸⁸
3137 5573 3468 5662 στενώτατον
3498 5589 3561 5638 ς.

1950 5660 2026 5708 (n.
2058 5659 2127 5708 38
2164 5657 2215 5708 bl
2300 5654 2553 5708 acézac?
2624 5653 2670 5684 ⁸³
2696 5651 2900 5708 Ξέρξης
2932 5650 2987 5702 δὲ
3030 5648 3138 5702 ἀπὸ
3179 5664 3239 5708 ς.
3343 5645 3390 5677 ⁸⁸
3445 5647 3561 5708 AP"

2300 5644 2553 5719 ατάκαςῖ
2624 5653 2670 5684 ⁸³
2696 5644 2900 5721 Ξέρξης
2932 5650 2987 5702 δὲ
3030 5648 3239 5721 ἀπὺγς.
3278 5716 3321 5721 __
3343 5645 3408 5721 δξ-
3432 5644 3561 5713 ’Λρ-

2534 5725 2579 5757 ⁸⁷
2608 5716 3115 5794 ἀνελεῖν]’ἀναιρεῖν
3138 5719 3202 5771 Δ.
3276 5716 3323 5747 ³⁸
3368 5716 3559 5784 Ἀρτα-
