4092 6418
562 389 663 456 187

1734 387 1999 449 ΡΗΟΤΙῙ
2038 386 2544 448 ΡΛἸἮΙΑΒΩΙΪᾸΞ
2582 390 2691 449 CP.

3703 396 3807 464 188

558 516 711 579 dent,
746 528 775 567 a
807 510 1017 565 l)ari:eo
1057 508 1227 563 altero
1271 507 1380 561 lilio
1421 515 1627 576 patrem
1682 523 1806 561 esse
1858 517 2127 560 necatum.

2237 507 2345 558 Kal
2395 507 2755 573 παραγίνεται
2787 508 3069 578 Δαρειαῖος
3085 508 3131 540 ⁸⁸
3161 510 3425 581 ἀγόμενος
3472 515 3575 569 ύπδ
3613 518 3807 590 Ἀρτα-

561 604 864 659 Adducitur
890 616 1020 672 ergo
1049 601 1117 655 ab
1164 601 1442 668 Artapano
1473 602 1525 653 in
1562 600 1881 653 Artaxerxe
1911 599 2129 651 domum

565 696 825 759 Dariaens,
863 692 1037 747 multo
1067 706 1188 745 cum
1223 690 1460 745 clamore
1502 689 1795 743 identidem
1830 703 2132 759 pernegans

564 802 622 841 se
658 785 981 855 parricidam
1015 799 1155 847 esse,
1187 782 1236 837 is
1274 793 1451 836 tamen
1485 783 1661 851 capite
1685 781 1875 852 plexus
1905 780 2132 834 moritur

563 879 938 933 nihilmuinus.

638 971 968 1025 Artaxerxes
994 966 1107 1038 (96)
1145 964 1336 1020 deinde
1357 964 1617 1033 Artapani
1647 977 1807 1033 opera
1838 976 2006 1027 regno
2033 974 2132 1030 po-

565 1064 715 1115 titur.
749 1061 1001 1114 Altamen
1024 1060 1186 1113 etiam
1214 1057 1372 1126 hujus
1400 1056 1524 1110 vitae
1557 1055 1862 1122 Artapanus
1885 1054 2024 1106 idem
2054 1053 2135 1105 in-

562 1149 732 1203 sidias
770 1148 962 1214 tendit,
996 1157 1050 1200 et
1087 1147 1485 1201 communicato
1526 1161 1650 1199 cum
1682 1144 1970 1214 Megabyso
2002 1158 2134 1198 con-

563 1244 689 1296 silio
718 1242 833 1312 (qui
854 1243 965 1310 jam
999 1242 1069 1296 ob
1096 1251 1399 1310 suspectam
1429 1239 1677 1294 adulterii
1718 1254 1939 1292 uxorem
1979 1253 2132 1292 suam

561 1332 800 1402 Amytin,
857 1331 1149 1401 magnoin
1205 1344 1439 1384 marrore
1499 1327 1863 1397 versabatur),
1924 1325 2133 1393 jureju-

563 1425 731 1477 rando
767 1423 867 1477 sibi
904 1431 1087 1476 mutuo
1126 1432 1340 1476 cavent.
1366 1419 1570 1475 Verum
1608 1435 1665 1473 re
1710 1426 1818 1473 tota
1860 1417 2131 1489 Megabyzi

561 1514 763 1568 iudicio
796 1514 1023 1583 prodita,
1049 1513 1236 1567 eodem
1268 1512 1456 1566 mortis
1482 1526 1681 1580 genere
1708 1510 1847 1579 quod
1871 1510 2133 1564 ArtaXer-

566 1620 660 1657 itus
701 1603 965 1655 tollendus
1009 1602 1206 1666 fuerat,
1264 1601 1574 1670 Artapanus
1631 1601 1742 1669 ipse
1786 1598 2011 1664 tollitur,
2047 1608 2133 1652 at-

565 1709 669 1764 que
699 1696 833 1747 adeo
865 1709 1202 1763 quacunque
1232 1694 1285 1747 in
1326 1690 1561 1745 Xerxem
1606 1706 1668 1743 ac
1711 1690 1974 1742 Dariaaum
2008 1704 2132 1757 per-

563 1797 769 1854 petrata
812 1786 1046 1851 fuerant,
1100 1786 1359 1855 patefiunt
1407 1787 1608 1837 omnia.
1658 1784 1839 1849 Quare
1882 1785 2133 1851 Aspaml-

524 1853 671 1934 ‘tres
704 1880 815 1949 (97)
846 1853 1222 1948 (ιυοψιθξηιιί
1275 1878 1471 1932 Xerxis
1515 1889 1678 1946 atque
1723 1875 1913 1929 Dariazi
1970 1875 2130 1929 caedis
2157 1853 2205 1912 Β

560 1973 808 2026 conscius
832 1971 1026 2037 fuerat,
1046 1972 1242 2026 acerbo
1276 1974 1328 2024 in
1355 1971 1544 2040 primis
1568 1986 1627 2022 ac
1647 1969 1783 2023 duro
1810 1967 1921 2038 (98)
1943 1968 2132 2023 mortis

559 2078 778 2131 genere,
821 2062 1080 2117 adhibitis
1105 2078 1199 2131 per
1230 2064 1486 2130 scapham
1530 2060 1840 2121 tormentis.
1875 2058 2126 2112 aﬂicitur.

558 2154 685 2207 Post
728 2154 987 2220 Artapani
1021 2161 1251 2207 mortem
1304 2169 1478 2221 pugna
1506 2152 1748 2205 exoritur
1781 2152 1921 2205 inter
1943 2150 2132 2220 conju-

560 2244 787 2298 rationls
820 2244 965 2298 illius
1013 2245 1192 2298 socios
1241 2244 1587 2314 reliquosque
1640 2242 1882 2296 Persas:
1936 2256 2042 2310 qua
2074 2240 2128 2294 in

558 2349 732 2403 pugna
764 2335 1022 2402 Artapani
1068 2334 1161 2386 ﬁlii
1192 2334 1417 2397 cadunt,
1452 2332 1744 2402 Megabyzo
1770 2345 1985 2400 quoque
2008 2345 2131 2398 gra-

557 2426 697 2478 vitet‘
727 2426 930 2480 saucio.
973 2425 1141 2493 Quem
1172 2425 1331 2493 huius
1359 2440 1544 2480 casum
1580 2424 1933 2484 Artaxerxes.
1966 2422 2128 2476 item-

556 2531 659 2582 que
687 2516 897 2588 Atnytis
926 2526 980 2571 et
1003 2515 1360 2582 Rhodugune,
1409 2515 1758 2583 ipsarumque
1790 2521 1962 2567 mater
1983 2511 2133 2564 Ami-

556 2613 689 2663 stris
738 2609 1087 2663 vehementer
1144 2607 1420 2662 luxerunt.
1482 2604 1723 2659 Tandem
1774 2612 1975 2666 tamen,
2028 2601 2129 2655 etsi

556 2717 699 2771 mgre
756 2701 1083 2760 admodum,
1185 2698 1381 2763 insigni
1444 2698 1721 2767 diligentia
1794 2693 2130 2765 Apollonide

554 2793 650 2847 Coi
684 2792 878 2846 medici
909 2799 1153 2845 servatus
1180 2800 1282 2845 est.

626 2881 949 2937 Desciscunt
977 2884 1044 2935 ab
1097 2881 1401 2936 Artaxerxe
1452 2881 1669 2947 Bactra,
1723 2896 1828 2934 una
1878 2896 2000 2936 cum
2043 2896 2134 2935 sa-

557 2986 705 3043 trapa
751 2973 1027 3042 Artapano
1076 2973 1250 3028 altero
1288 2982 1342 3027 et
1376 2982 1646 3042 pugnatur
1688 2987 1844 3041 :equo
1877 2956 2134 3041 utrinque

555 3064 746 3120 Marte.
777 3064 884 3120 Sed
919 3081 1039 3120 cum
1066 3064 1382 3133 jamfaltero
1412 3065 1548 3118 inito
1579 3064 1766 3133 praelia
1801 3064 1854 3117 iu
1883 3063 2133 3119 Bactriu-

552 3172 671 3210 t-um
726 3156 918 3212 faciem
962 3169 1157 3211 ventus
1191 3155 1449 3224 spiraret,
1503 3157 1753 3225 superior
1796 3157 2130 3211 Artaxerxes
2155 3189 2203 3251 ϐ

553 3247 806 3314 eﬂlcitur,
855 3258 1017 3318 atque
1060 3252 1112 3301 lu
1164 3245 1282 3316 ejus
1323 3246 1585 3301 ditionem
1616 3246 1834 3301 Bactria
1881 3247 2132 3302 concedit

554 3343 829 3398 universa.

620 3433 827 3490 Deiecit
855 3430 1215 3503 etZEgyptus,
1238 3431 1395 3485 [nam
1421 3429 1611 3501 Lydia,
1646 3429 1929 3498 alteroque
1962 3429 2131 3501 Egy-

553 3527 667 3595 ptio
698 3525 931 3595 quodam
958 3524 1279 3579 defectionis
1322 3523 1660 3588 auctoribus,
1692 3530 1744 3575 et
1778 3524 1960 3576 omnia
1991 3522 2132 3577 bello

553 3617 789 3686 gerendo
842 3614 1146 3669 necessaria
1208 3622 1616 3682 comparantur.
1673 3611 1812 3681 Quiu
1860 3623 1914 3666 et
1964 3613 2133 3665 Athe-

555 3709 772 3762 uienses
820 3706 980 3761 lnaro
1028 3707 1231 3774 petenti
1275 3705 1634 3774 quadraginta
1698 3708 1862 3757 naves
1904 3704 2132 3757 submit-

554 3810 694 3855 tunt.
722 3799 1087 3866 Quamobrem
1131 3800 1461 3854 Artaxerxes
1506 3798 1620 3868 ipse
1652 3799 1703 3852 in
1735 3798 1874 3851 hanc
1909 3797 2129 3867 expedi-

553 3894 753 3947 tionem
787 3892 1056 3961 proﬁcisci
1085 3893 1381 3960 cogitabat.
1421 3890 1614 3944 Verum
1653 3892 1703 3944 id
1728 3894 1775 3945 ei
1801 3891 1990 3944 amicis
2019 3890 2132 3945 dis-

552 3986 928 4051 suadentibus,
975 3984 1409 4038 Aclucrueuidem
1447 3982 1671 4038 fratrem
1718 3998 1841 4037 cum
1890 3983 2127 4052 peditum

553 4079 791 4133 millibus
816 4078 1251 4150 quadringentis,
1325 4087 1380 4133 et
1457 4078 1681 4133 navibus
1735 4077 2009 4148 octoginta
2074 4076 2130 4129 in

552 4170 843 4242 Egyptum
883 4171 1069 4226 mittit.
1123 4169 1377 4242 Conﬂigit
1420 4169 1610 4225 lnarus
1668 4185 1789 4227 cum
1850 4170 2131 4224 Aclimme-

554 4264 715 4330 uide-.;
763 4270 1022 4330 superant
1082 4260 1368 4332 Egyptii;
1422 4263 1833 4317 Achaemenides
1884 4261 2001 4330 ipse
2062 4262 2129 4314 ab

553 4351 709 4408 lnaro
741 4367 1030 4422 percussus
1062 4355 1319 4417 moritur,
1355 4367 1660 4422 corpusque
1688 4352 1755 4405 ad
1787 4352 2127 4405 Artaxerxen

553 4446 806 4500 tuittitur.
858 4444 917 4499 In
964 4445 1100 4497 mari
1146 4458 1361 4513 quoque
1408 4444 1695 4498 victoriam
1751 4440 1940 4495 lnarus
1986 4441 2129 4494 obti-

2234 598 2403 650 πάνου
2442 600 2523 659 είς
2556 600 2654 666 τὴν
2675 599 2855 653 οἰκίαν
2900 600 3250 672 Ἀρτοξέρξου
3268 604 3334 667 ⁹¹,
3373 605 3545 660 πολλὰ
3589 606 3679 681 [59
3715 608 3806 682 IL]

2234 688 2373 759 βοῶν
2422 690 2516 742 καὶ
2572 688 2982 761 ἁπαρνούμενος
3004 694 3051 723 ⁹¹
3072 692 3148 757 ὡς
3199 694 3300 748 ούκ
3334 696 3419 766 εἴη
3493 701 3686 766 φονεὺς
3713 701 3808 754 τοῦ

2234 782 2461 853 πατρὸς,
2491 782 2586 836 καὶ
2611 783 2965 855 ἀποθνήσκει.

2304 958 2414 1011 Kal
2473 956 2746 1027 βασιλεύει
2791 959 3147 1032 Ἀρτοξέρξης
3194 962 3396 1035 σπουδῇ
3442 964 3806 1035 Ἀρταπάνου.

2233 1048 2346 1101 Kal
2386 1050 2787 1104 ἐπιϐουλεύεται
2849 1052 3013 1106 πάλιν
3038 1052 3131 1105 ὑπ’
3158 1054 3346 1117 αὑτοῦ,
3401 1055 3493 1109 καὶ
3539 1056 3807 1128 λαμϐάνει

2235 1142 2489 1195 κοινωνὸν
2547 1146 2646 1212 τῆς
2692 1143 2886 1216 βουλῆς
2925 1146 3263 1218 Ἀρτάπανος
3314 1148 3641 1217 Μεγάϐυζον
3706 1150 3807 1222 ἤδη

2232 1232 2606 1305 λελυπημένον
2654 1236 2747 1288 ἐπὶ
2791 1240 2857 1306 τῇ
2882 1238 2988 1305 ίδία
3043 1240 3264 1307 γυναικὶ
3311 1240 3505 1309 Ἀμύτι
3562 1241 3651 1295 διά
3709 1242 3807 1313 τὴν

2232 1321 2332 1390 τῆς
2364 1322 2606 1391 μοιχείας
2664 1324 2962 1394 ύπόληψινυ
2992 1328 3086 1380 καὶ
3114 1328 3299 1398 ὅρκοις
3333 1329 3597 1397 ἀλλήλους
3626 1330 3809 1399 ἀσφα-

2233 1415 2490 1477 λίζονται.
2564 1417 2723 1471 Ἀλλά
2787 1418 2978 1490 μηνύει
3038 1421 3218 1474 πάντα
3278 1422 3651 1490 Μεγάϐυζος,
3708 1428 3805 1481 καὶ

2234 1509 2535 1579 ἀναιρεῖται
2583 1510 2918 1580 Ἀρτάπανος
3050 1513 3237 1584 τρόπῳ
3289 1513 3514 1584 ἔμελλεν
3561 1518 3807 1589 ἀναιρεῖν

2246 1599 2623 1671 Ἀρτοξέρξην.
2643 1603 2753 1655 Kal
2778 1602 2986 1670 γίνεται
3022 1606 3201 1659 πάντα
3220 1605 3357 1675 δῆλα
3380 1607 3450 1661 τά
3467 1609 3807 1679 εἰργασμένα

2235 1689 2328 1743 ἐπὶ
2366 1690 2541 1763 Ξέρξῃ
2579 1694 2672 1746 καὶ
2700 1696 2992 1766 Δαρειαίῳ,
3061 1697 3155 1750 καὶ
3185 1699 3481 1753 ἀπόλλυται
3508 1701 3688 1772 πικρῷ
3713 1704 3806 1755 καὶ

2234 1783 2481 1853 κακίστῳ
2536 1783 2750 1854 θανάτῳ
2797 1786 3195 1859 Ἀσπαμίτρης,
3229 1788 3286 1850 ὃς
3316 1786 3384 1861 ἦν
3412 1792 3669 1855 κοινωνὸς
3713 1794 3805 1845 ἐπὶ

2231 1875 2343 1936 τοῖς
2377 1874 2561 1943 φόνοις
2592 1876 2793 1947 Ξέρξου
2827 1879 2921 1931 καὶ
2954 1881 3245 1949 Δαρειαίου
3269 1899 3283 1912 ο
3319 1882 3654 1951 σκαφεύεται
3696 1882 3805 1955 γὰρ

2231 1966 2327 2018 καὶ
2381 1964 2555 2030 οὕτως
2602 1969 2927 2039 ἀναιρεῖται.
2990 1970 3155 2041 Μάχη
3182 1971 3238 2025 δὲ
3270 1970 3481 2041 γίνεται
3536 1974 3670 2044 μετά
3713 1974 3804 2028 τδν

2232 2057 2461 2111 θάνατον
2502 2061 2841 2131 Ἀρταπάνου
2880 2063 2989 2117 τῶν
3009 2082 3069 2117 τε
3097 2067 3423 2136 συνωμοτῶν
3471 2067 3636 2121 αὐτοῦ
3711 2068 3804 2121 καὶ

2229 2150 2338 2202 τῶν
2380 2150 2556 2204 ἄλλων
2615 2154 2858 2225 Περσῶν,
2914 2157 3006 2209 καὶ
3066 2157 3355 2211 πίπτουσιν
3383 2159 3441 2211 ὲν
3475 2163 3538 2231 τῇ
3584 2161 3732 2233 μάχῃ
3754 2161 3803 2211 οί

2230 2246 2382 2313 τρεῖς
2431 2244 2525 2297 τοῦ
2597 2246 2936 2316 Ἀρταπάνου
2994 2251 3120 2315 υἱοί,
3159 2251 3590 2322 τραυματίζεται
3621 2252 3678 2305 δὲ
3713 2255 3807 2307 καὶ

2231 2334 2553 2402 Μεγάϐυζος
2600 2336 2872 2410 ἰσχυρῶς·
2928 2340 3022 2393 καὶ
3082 2340 3273 2412 θρηνεῖ
3310 2341 3666 2414 Ἀρτοξέρξης
3709 2344 3805 2396 καὶ

2232 2426 2526 2496 ἠἈμύτις
2589 2431 2738 2500 καὶὴ
2781 2431 3097 2503 Ῥοδογούνη
3156 2437 3249 2488 καὶ
3296 2436 3331 2507 ἡ
3390 2437 3572 2507 μήτηρ
3624 2436 3803 2489 αὐτῶν

2243 2518 2566 2589 Ἀμῆστρις,
2604 2522 2700 2575 καὶ
2728 2522 2881 2592 μόλις
2917 2525 3082 2596 πολλῇ
3117 2527 3407 2601 ἐπιμελείᾳ
3442 2528 3806 2602 περισώζεται

2244 2610 2630 2667 Ἀπολλωνίδου
2645 2615 2692 2648 ⁸³
2728 2616 2912 2688 ἰατροῦ
2940 2619 3034 2672 τοῦ
3065 2621 3247 2693 Κῴου.

2315 2880 2632 2949 Ἀφίσταται
2671 2882 3020 2955 Ἀρτοξέρξου
3058 2885 3280 2958 Βάκτρα
3309 2888 3402 2942 καὶ
3435 2890 3462 2942 ό
3493 2889 3800 2960 σατράπης,

2231 2970 2390 3034 ἄλλος
2432 2974 2790 3045 Ἀρτάϐανος⁸
2822 2979 2919 3030 καὶ
2947 2976 3159 3044 γίνεται
3191 2978 3337 3050 μάχη
3373 2981 3657 3052 ίσοπαλής.
3697 2982 3808 3035 Καὶ

2231 3061 2441 3127 γίνεται
2486 3063 2650 3117 πάλιν
2690 3065 2755 3117 ὲκ
2791 3064 3068 3137 δευτέρου,
3102 3068 3198 3121 καὶ
3225 3068 3430 3139 ἀνέμου
3461 3070 3605 3123 κατά
3644 3071 3811 3142 πρόσ-

2233 3171 2383 3208 ωπον
2424 3155 2707 3227 Βακτρίων
2754 3158 3092 3223 πνεύσαντος
3118 3161 3249 3232 νικᾷ
3289 3160 3669 3233 Ἀρτοξέρξης,
3714 3162 3812 3215 καὶ

2235 3250 2549 3319 προσχωρεῖ
2569 3247 2717 3320 αὐτῷ
2743 3251 2892 3304 πᾶσα
2919 3251 3184 3322 Βακτρία.

2313 3425 2633 3495 Ἀφίσταται
2692 3428 3008 3497 Αἴγυπτος,
3054 3428 3262 3500 Ἰνάρου
3306 3427 3500 3483 Λυδίου
3515 3428 3565 3462 ’⁸
3618 3429 3815 3501 ἀνδρὸς

2230 3521 2328 3573 καί
2357 3518 2545 3589 ἑτέρου
2575 3520 2872 3586 Αἰγυπτίου
2911 3520 3011 3591 τὴν
3040 3520 3342 3575 ἀπόστασιν
3389 3519 3810 3593 μελετήσαντος.

2230 3610 2323 3661 καὶ
2376 3608 2852 3679 εὐτρεπίζεταιτά
2892 3611 3028 3680 πρὸς
3086 3611 3361 3681 πόλεμον
3403 3610 3686 3683 πέμπουσι
3719 3612 3816 3666 καὶ

2244 3700 2519 3773 Ἀθηναῖοι
2573 3702 2943 3773 αἰτησαμένου
2986 3703 3153 3757 αὑτοῦ
3200 3706 3616 3776 τεσσαράκοντα
3652 3707 3809 3777 νῆας.

2232 3795 2341 3847 Kal
2394 3796 2592 3867 μελετᾷ
2649 3797 2814 3859 αὐτὸς
2850 3796 3209 3870 Ἀρτοξέρξης
3262 3800 3687 3871 ἐκστρατεῦσαι,
3712 3802 3813 3853 καί⁵

2228 3885 2339 3940 τῶν
2369 3887 2540 3953 φίλων
2572 3887 2631 3939 ού
2668 3887 3147 3958 συμϐουλευόντων
3186 3889 3397 3959 πέμπει
3433 3892 3815 3961 Ἀχαιμεδίνην

2230 3978 2321 4032 τὸν
2347 3979 2595 4048 ἀδελφὸν,
2624 3980 3036 4051 τεσσαράκοντα
3060 3981 3160 4051 μὲν
3193 3982 3459 4052 μυριάδας
3474 3984 3817 4053 ἐπαγόμενον

2232 4071 2547 4142 στράτευμα
2580 4072 2827 4138 πεζικὸν,
2864 4073 2997 4143 νῆας
3022 4073 3079 4126 δὲ
3110 4081 3187 4129 π’.
3240 4074 3549 4145 Συμϐάλλει
3579 4076 3815 4145 πόλεμον

2233 4161 2449 4231 Ἰναρος
2476 4161 2614 4233 πρὸς
2660 4162 3064 4232 Ἀχαιμενίδην,
3101 4163 3196 4217 καὶ
3244 4164 3469 4219 νικῶσιν
3501 4166 3814 4233 Δίγύπτιοι,

2230 4253 2324 4305 καὶ
2354 4250 2609 4321 βάλλεται
2652 4253 3029 4325 Ἀχαιμενίδης
3063 4255 3169 4308 ὑπὸ
3194 4256 3421 4329 Ἰνάρου,
3450 4258 3545 4311 καὶ
3568 4256 3814 4325 Θνήσκει,

2230 4345 2326 4397 καὶ
2376 4344 2770 4415 ἀποπέμπεται
2811 4346 2840 4398 ὁ
2876 4347 3071 4417 νεκρὸς
3107 4348 3274 4401 αὑτοῦ
3307 4350 3389 4412 είς
3430 4350 3814 4421 Ἀρτοξέρξην.

2244 4439 2529 4509 Ἐνίκησεν
2563 4439 2782 4509 Ἰναρος
2807 4440 2904 4493 καὶ
2936 4440 3079 4493 κατά
3137 4441 3408 4495 θάλατταν
3424 4441 3493 4505 ⁸⁸,
3519 4442 3818 4512 Χαριτιμί-

552 4542 691 4605 nuit,
756 4555 1006 4608 magnam
1050 4539 1120 4592 ibi
1175 4540 1401 4609 gloriam
1470 4537 1693 4605 indepto
1743 4532 2123 4596 Charitimide,

2233 4534 2321 4587 δου
2338 4534 2384 4566 ⁸⁸
2412 4534 2895 4605 εὐδοκιμήσαντος,
2926 4536 2987 4598 ὃς
3036 4535 3145 4589 τῶν
3175 4537 3233 4603 ἐξ
3280 4535 3521 4608 Ἀθηνῶν
3567 4543 3618 4607 μ’
3668 4537 3815 4608 νηῶν

550 4633 642 4703 qui
668 4632 1027 4703 quadraginta
1052 4630 1268 4685 illarum
1314 4628 1553 4694 navium,
1583 4642 1703 4697 qua:
1732 4626 1800 4680 ab
1829 4622 2130 4677 Athenien-

551 4726 702 4779 sibus
755 4725 1112 4788 advenerant,
1154 4721 1442 4791 praefectus
1480 4730 1619 4774 erat.
1666 4715 1803 4771 Nam
1842 4731 1910 4770 ex
1955 4715 2118 4784 quiu-

552 4817 811 4887 qnagiuta
860 4815 1088 4871 navibus
1112 4814 1371 4877 Persicis,
1401 4812 1588 4883 viginti
1620 4826 1743 4865 cum
1776 4809 1908 4880 ipsis
1946 4807 2127 4862 homi-

556 4909 719 4963 nibus
764 4918 945 4979 caplaz‘
988 4919 1136 4971 sunt,
1185 4906 1404 4976 reliqua:
1435 4903 1654 4974 triginta
1715 4902 1947 4971 periere.
1983 4898 2125 4972 4οὺ

550 5001 786 5056 Mittitur
844 5010 966 5071 post
1022 5000 1133 5053 haac
1176 4998 1502 5069 Megabyzus
1573 4998 1831 5049 adversus
1878 4993 2121 5056 luarum,

548 5095 639 5164 qui
669 5092 753 5147 ad
779 5094 967 5165 copias
998 5107 1116 5161 qua:
1155 5092 1377 5162 reliquae
1427 5088 1666 5153 fuerant,
1696 5088 1860 5141 alium
1896 5085 2127 5139 ducebat

551 5186 851 5241 exercitum
896 5186 1253 5241 ducentorum
1290 5182 1543 5248 millium,
1589 5194 1713 5235 cum
1755 5178 1981 5232 navibus
2020 5185 2129 5230 tre-

2235 4627 2631 4698 ὲχρημάτιζε⁹¹¹
2669 4627 2941 4699 ναύαρχος
2962 4644 2975 4658 ⁸
3006 4630 3102 4683 καὶ
3128 4636 3170 4685 ν’
3210 4631 3435 4699 Περσῶν
3460 4633 3607 4702 νῆες,
3637 4632 3691 4684 αἱ
3717 4631 3820 4701 μὲν

2234 4717 2485 4800 κάύτοῐς
2514 4718 2772 4790 ἀνδράσιν
2806 4720 3142 4792 ἐλήφθησαν,
3173 4722 3230 4774 αἱ
3259 4721 3315 4774 δὲ
3344 4721 3386 4773 λ’
3417 4721 3816 4791 διεφθάρησαν,

2232 4804 2353 4863 εἶτα
2373 4809 2653 4879 πέμπεται
2682 4810 2825 4865 κατὰ
2859 4811 3068 4879 Ἰνάρου
3099 4812 3448 4880 Μεγάϐυζος,
3470 4813 3817 4883 ἑπαγόμενος

2231 4899 2361 4955 ἄλλο
2385 4900 2701 4972 στράτευμα
2733 4901 2873 4973 πρδς
2903 4902 2983 4973 τῷ
3018 4901 3419 4972 ὑπολειφθέντι,
3445 4902 3710 4973 μυριάδας
3743 4908 3816 4967 κ’,

2230 4991 2327 5045 καὶ
2382 4992 2516 5063 νῆας
2543 4991 2610 5059 τ’,
2675 4992 2771 5046 καὶ
2823 4993 3124 5065 ἐπιστάτην
3181 4994 3373 5059 αὐταῖς
3392 4994 3815 5064 ⁹⁸η’ορίσκον⁹⁹,

2230 5083 2306 5148 ὡς
2327 5080 2467 5139 εἶναι
2488 5088 2659 5158 χωρίς
2673 5086 2782 5139 τῶν
2808 5086 2947 5139 νεῶν
2968 5087 3029 5140 τὸ
3052 5086 3181 5141 ἄλλο
3208 5086 3415 5157 πλῆθος
3444 5086 3490 5140 ν’
3517 5086 3812 5158 μυριάδας·

2245 5176 2634 5247 Ἀχαιμενίδης
2685 5177 2796 5248 γάρ
2849 5177 2941 5230 ὅτε
2969 5175 3157 5243 ἔπεσε,
3185 5176 3318 5231 δέκα
3351 5175 3612 5248 μυριάδες
3640 5174 3816 5246 αὐτῷ,

1820 5289 1900 5344 VA
1910 5288 2046 5343 RIE
2081 5289 2489 5347 LECTIONES.

619 5392 669 5422 ‘°
714 5387 1083 5461 Ἀρταξέρξης
1148 5406 1209 5461 9-

1286 5386 1332 5420 ’ί
1372 5384 1932 5457 Ἀρτοξέρξουῌςοητ.
1981 5382 2025 5437 Δ
2058 5382 2398 5457 [Δαρειαίου
2444 5400 2505 5448 ς.
2586 5383 3082 5457 ίξ’ᾼόιπαρνο-ύμελρος
3138 5384 3254 5457 Α)Δ
3289 5385 3814 5457 παραινοῦμενοςλς.

559 5462 606 5493 ⁸³
635 5452 1025 5513 Ἀπολλωνίδου
1040 5452 1360 5525 Stephanus
1397 5475 1411 5511 :
1438 5452 1565 5509 libri
1596 5452 1981 5507 Ἀπολλωνίου.
2060 5454 2109 5486 ’⁸
2138 5452 2359 5526 ᾼδᾼδίου]
2386 5454 2557 5526 immo
2587 5452 2807 5526 M6095.
2835 5452 2946 5526 vid.
2976 5453 3280 5526 Thucydid.
3333 5452 3383 5523 Ι,
3413 5456 3536 5511 104.
3565 5452 3578 5457 ⁷
3610 5456 3656 5488 ⁸⁸
3688 5455 3820 5508 θάλ-

558 5530 766 5586 λασσαν
794 5548 855 5596 ς.
930 5530 978 5562 ⁹⁶
1008 5524 1388 5600 χαριστιμίδου
1409 5526 1474 5580 Α.
1552 5526 1599 5557 ⁸⁷
1626 5526 1962 5597 ἐχρημάτισε
1994 5542 2058 5590 ς.
2133 5524 2180 5556 ⁸⁸
2214 5524 2567 5589 Ιίἰπὶἀὺτοῖς.

2646 5527 2692 5557 θ’
2728 5523 2980 5595 Ὠρίσκον
3015 5542 3076 5589 ς’.

2080 5642 2305 5699 NOTAE.

630 5738 743 5811 (96)
778 5739 1540 5811 Longimauusgcognomentu.

634 5808 748 5883 (97)
770 5808 939 5867 Paulo
971 5819 1097 5869 aute
1125 5808 1416 5882 Spamitres
1439 5810 1636 5867 dictus.

2314 5734 2427 5805 (θὸ)
2456 5734 2634 5791 Habes
2661 5735 2714 5791 id
2744 5750 2772 5789 a
2804 5733 3102 5793 Plutarcho
3126 5735 3457 5807 descriptum
3480 5736 3532 5792 in
3558 5735 3677 5793 Vita
3711 5733 3817 5791 Ar-

2240 5814 2502 5872 taxerxae,
2528 5823 2653 5862 mox
2688 5822 2718 5861 a
2751 5807 3041 5878 principio.
