  <div class='ocr_page' id='page_1' title='image "/cluster/home/n/w/nwhite01/storage/ocr_20150623/103/hvd.32044018872861/103.png"; bbox 0 0 4092 6450; ppageno 0'>
   <div class='ocr_carea' id='block_1_1' title="bbox 611 440 710 507">
    <p class='ocr_par' dir='ltr' id='par_1_1' title="bbox 611 440 710 507">
     <span class='ocr_line' id='line_1_1' title="bbox 611 440 710 507; baseline 0.01 -1"><span class='ocrx_word' id='word_1_1' title='bbox 611 440 710 507; x_wconf 77' lang='grc'><strong>191</strong></span> 
     </span>
    </p>
   </div>
   <div class='ocr_carea' id='block_1_2' title="bbox 1787 435 2764 503">
    <p class='ocr_par' dir='ltr' id='par_1_2' title="bbox 1787 435 2764 503">
     <span class='ocr_line' id='line_1_2' title="bbox 1787 435 2764 503; baseline -0.005 0"><span class='ocrx_word' id='word_1_2' title='bbox 1787 440 2055 503; x_wconf 88' lang='lat' dir='ltr'><strong>PHOTII</strong></span> <span class='ocrx_word' id='word_1_3' title='bbox 2095 435 2609 500; x_wconf 66' lang='lat' dir='ltr'><strong>PATRIARCHE</strong></span> <span class='ocrx_word' id='word_1_4' title='bbox 2652 435 2764 498; x_wconf 70' lang='grc' dir='ltr'><strong>(ΣΡ.</strong></span> 
     </span>
    </p>
   </div>
   <div class='ocr_carea' id='block_1_3' title="bbox 3770 434 3882 501">
    <p class='ocr_par' dir='ltr' id='par_1_3' title="bbox 3770 434 3882 501">
     <span class='ocr_line' id='line_1_3' title="bbox 3770 434 3882 501; baseline 0.009 -1"><span class='ocrx_word' id='word_1_5' title='bbox 3770 434 3882 501; x_wconf 79' lang='lat'><strong>192</strong></span> 
     </span>
    </p>
   </div>
   <div class='ocr_carea' id='block_1_4' title="bbox 606 547 2184 628">
    <p class='ocr_par' dir='ltr' id='par_1_4' title="bbox 606 552 2184 628">
     <span class='ocr_line' id='line_1_4' title="bbox 606 552 2184 628; baseline 0 -19"><span class='ocrx_word' id='word_1_6' title='bbox 606 554 884 628; x_wconf 70' lang='lat' dir='ltr'><strong>Megabyzi</strong></span> <span class='ocrx_word' id='word_1_7' title='bbox 953 552 1081 609; x_wconf 77' lang='lat' dir='ltr'><strong>{iliis</strong></span> <span class='ocrx_word' id='word_1_8' title='bbox 1131 563 1353 611; x_wconf 83' lang='lat' dir='ltr'><strong>strenue</strong></span> <span class='ocrx_word' id='word_1_9' title='bbox 1420 554 1807 626; x_wconf 73' lang='lat' dir='ltr'><strong>pugnantibus,</strong></span> <span class='ocrx_word' id='word_1_10' title='bbox 1875 552 2184 627; x_wconf 76' lang='lat' dir='ltr'><strong>ingeniique</strong></span> 
     </span>
    </p>
   </div>
   <div class='ocr_carea' id='block_1_5' title="bbox 2285 547 3875 628">
    <p class='ocr_par' dir='ltr' id='par_1_5' title="bbox 2290 547 3875 623">
     <span class='ocr_line' id='line_1_5' title="bbox 2290 547 3875 623; baseline -0.003 -18"><span class='ocrx_word' id='word_1_11' title='bbox 2290 553 2666 621; x_wconf 77' lang='grc' dir='ltr'>Περιποιείται</span> <span class='ocrx_word' id='word_1_12' title='bbox 2736 547 2963 621; x_wconf 76' lang='grc' dir='ltr'>Οὖσιριν</span> <span class='ocrx_word' id='word_1_13' title='bbox 3020 548 3320 621; x_wconf 75' lang='grc' dir='ltr'>ἐπιμελῶς,</span> <span class='ocrx_word' id='word_1_14' title='bbox 3368 550 3463 605; x_wconf 73' lang='grc' dir='ltr'>καὶ</span> <span class='ocrx_word' id='word_1_15' title='bbox 3547 549 3875 623; x_wconf 75' lang='grc' dir='ltr'><strong>ἀποπέμπει</strong></span> 
     </span>
    </p>
   </div>
   <div class='ocr_carea' id='block_1_6' title="bbox 608 646 2183 721">
    <p class='ocr_par' dir='ltr' id='par_1_6' title="bbox 608 646 2183 721">
     <span class='ocr_line' id='line_1_6' title="bbox 608 646 2183 721; baseline 0 -18"><span class='ocrx_word' id='word_1_16' title='bbox 608 648 935 721; x_wconf 79' lang='lat' dir='ltr'><strong>Megabyzus</strong></span> <span class='ocrx_word' id='word_1_17' title='bbox 1000 649 1207 718; x_wconf 88' lang='lat' dir='ltr'><strong>potitur</strong></span> <span class='ocrx_word' id='word_1_18' title='bbox 1242 649 1494 703; x_wconf 90' lang='lat' dir='ltr'><strong>victoria.</strong></span> <span class='ocrx_word' id='word_1_19' title='bbox 1558 646 1739 703; x_wconf 91' lang='lat' dir='ltr'><strong>Osirin</strong></span> <span class='ocrx_word' id='word_1_20' title='bbox 1797 659 1980 703; x_wconf 89' lang='lat' dir='ltr'><strong>autem</strong></span> <span class='ocrx_word' id='word_1_21' title='bbox 2035 648 2183 703; x_wconf 90' lang='lat' dir='ltr'><strong>omni</strong></span> 
     </span>
    </p>
   </div>
   <div class='ocr_carea' id='block_1_7' title="bbox 607 740 2187 810">
    <p class='ocr_par' dir='ltr' id='par_1_7' title="bbox 607 740 2187 810">
     <span class='ocr_line' id='line_1_7' title="bbox 607 740 2187 810; baseline -0.001 -15"><span class='ocrx_word' id='word_1_22' title='bbox 607 756 741 796; x_wconf 87' lang='lat' dir='ltr'><strong>cura</strong></span> <span class='ocrx_word' id='word_1_23' title='bbox 791 755 1121 795; x_wconf 76' lang='lat' dir='ltr'><strong>conservare</strong></span> <span class='ocrx_word' id='word_1_24' title='bbox 1170 741 1373 804; x_wconf 87' lang='lat' dir='ltr'><strong>studet,</strong></span> <span class='ocrx_word' id='word_1_25' title='bbox 1423 755 1585 810; x_wconf 84' lang='lat' dir='ltr'><strong>quem</strong></span> <span class='ocrx_word' id='word_1_26' title='bbox 1633 740 1796 795; x_wconf 89' lang='lat' dir='ltr'><strong>etiam</strong></span> <span class='ocrx_word' id='word_1_27' title='bbox 1825 741 1891 795; x_wconf 90' lang='lat' dir='ltr'><strong>ad</strong></span> <span class='ocrx_word' id='word_1_28' title='bbox 1924 740 2187 795; x_wconf 82' lang='lat' dir='ltr'><strong>Artaxer-</strong></span> 
     </span>
    </p>
   </div>
   <div class='ocr_carea' id='block_1_8' title="bbox 609 830 2185 901">
    <p class='ocr_par' dir='ltr' id='par_1_8' title="bbox 609 830 2185 901">
     <span class='ocr_line' id='line_1_8' title="bbox 609 830 2185 901; baseline -0.002 -15"><span class='ocrx_word' id='word_1_29' title='bbox 609 850 710 888; x_wconf 81' lang='lat' dir='ltr'><strong>xen</strong></span> <span class='ocrx_word' id='word_1_30' title='bbox 734 873 750 896; x_wconf 94' lang='lat'><strong>,</strong></span> <span class='ocrx_word' id='word_1_31' title='bbox 786 834 960 901; x_wconf 88' lang='lat' dir='ltr'><strong>ipsum</strong></span> <span class='ocrx_word' id='word_1_32' title='bbox 995 841 1357 899; x_wconf 72' lang='lat' dir='ltr'><strong>repetentem,</strong></span> <span class='ocrx_word' id='word_1_33' title='bbox 1385 830 1615 887; x_wconf 85' lang='lat' dir='ltr'><strong>dimisit.</strong></span> <span class='ocrx_word' id='word_1_34' title='bbox 1647 831 1878 886; x_wconf 80' lang='lat' dir='ltr'><strong>Mittitur</strong></span> <span class='ocrx_word' id='word_1_35' title='bbox 1907 830 2104 886; x_wconf 91' lang='lat' dir='ltr'><strong>deinde</strong></span> <span class='ocrx_word' id='word_1_36' title='bbox 2129 838 2185 884; x_wconf 89' lang='lat' dir='ltr'><strong>et</strong></span> 
     </span>
    </p>
   </div>
   <div class='ocr_carea' id='block_1_9' title="bbox 608 920 2185 996">
    <p class='ocr_par' dir='ltr' id='par_1_9' title="bbox 608 920 2185 996">
     <span class='ocr_line' id='line_1_9' title="bbox 608 920 2185 996; baseline -0.001 -18"><span class='ocrx_word' id='word_1_37' title='bbox 608 925 745 980; x_wconf 84' lang='lat' dir='ltr'><strong>alter</strong></span> <span class='ocrx_word' id='word_1_38' title='bbox 774 926 1035 977; x_wconf 85' lang='lat' dir='ltr'><strong>adversus</strong></span> <span class='ocrx_word' id='word_1_39' title='bbox 1085 923 1437 996; x_wconf 82' lang='lat' dir='ltr'><strong>Megabyzum</strong></span> <span class='ocrx_word' id='word_1_40' title='bbox 1488 924 1785 986; x_wconf 88' lang='lat' dir='ltr'><strong>exercitus,</strong></span> <span class='ocrx_word' id='word_1_41' title='bbox 1817 938 2032 991; x_wconf 88' lang='lat' dir='ltr'><strong>unaque</strong></span> <span class='ocrx_word' id='word_1_42' title='bbox 2074 920 2185 977; x_wconf 79' lang='lat' dir='ltr'><strong>Me-</strong></span> 
     </span>
    </p>
   </div>
   <div class='ocr_carea' id='block_1_10' title="bbox 610 1012 2185 1084">
    <p class='ocr_par' dir='ltr' id='par_1_10' title="bbox 610 1012 2185 1084">
     <span class='ocr_line' id='line_1_10' title="bbox 610 1012 2185 1084; baseline -0.001 -14"><span class='ocrx_word' id='word_1_43' title='bbox 610 1024 903 1079; x_wconf 80' lang='lat' dir='ltr'><strong>nostrates,</strong></span> <span class='ocrx_word' id='word_1_44' title='bbox 954 1014 1156 1069; x_wconf 82' lang='lat' dir='ltr'><strong>Artarii</strong></span> <span class='ocrx_word' id='word_1_45' title='bbox 1200 1016 1383 1070; x_wconf 85' lang='lat' dir='ltr'><strong>ﬁlius:</strong></span> <span class='ocrx_word' id='word_1_46' title='bbox 1433 1025 1550 1069; x_wconf 88' lang='lat' dir='ltr'><strong>erat</strong></span> <span class='ocrx_word' id='word_1_47' title='bbox 1609 1012 1860 1068; x_wconf 80' lang='lat' dir='ltr'><strong>Artarius</strong></span> <span class='ocrx_word' id='word_1_48' title='bbox 1891 1012 2185 1084; x_wconf 87' lang='lat' dir='ltr'><strong>Babylonis</strong></span> 
     </span>
    </p>
   </div>
   <div class='ocr_carea' id='block_1_11' title="bbox 606 1100 2184 1173">
    <p class='ocr_par' dir='ltr' id='par_1_11' title="bbox 606 1100 2184 1173">
     <span class='ocr_line' id='line_1_11' title="bbox 606 1100 2184 1173; baseline -0.002 -14"><span class='ocrx_word' id='word_1_49' title='bbox 606 1115 860 1173; x_wconf 84' lang='lat' dir='ltr'><strong>satrapa,</strong></span> <span class='ocrx_word' id='word_1_50' title='bbox 926 1116 979 1158; x_wconf 91' lang='lat' dir='ltr'><strong>et</strong></span> <span class='ocrx_word' id='word_1_51' title='bbox 1021 1107 1337 1158; x_wconf 72' lang='lat' dir='ltr'><strong>Artaxerxae</strong></span> <span class='ocrx_word' id='word_1_52' title='bbox 1390 1104 1560 1173; x_wconf 81' lang='lat' dir='ltr'><strong>ipsius</strong></span> <span class='ocrx_word' id='word_1_53' title='bbox 1604 1102 1795 1156; x_wconf 81' lang='lat' dir='ltr'><strong>frater.</strong></span> <span class='ocrx_word' id='word_1_54' title='bbox 1839 1100 2184 1156; x_wconf 88' lang='lat' dir='ltr'><strong>Concurrunt</strong></span> 
     </span>
    </p>
   </div>
   <div class='ocr_carea' id='block_1_12' title="bbox 606 1190 2182 1261">
    <p class='ocr_par' dir='ltr' id='par_1_12' title="bbox 606 1190 2182 1261">
     <span class='ocr_line' id='line_1_12' title="bbox 606 1190 2182 1261; baseline -0.002 -12"><span class='ocrx_word' id='word_1_55' title='bbox 606 1196 803 1252; x_wconf 85' lang='lat' dir='ltr'><strong>iterum</strong></span> <span class='ocrx_word' id='word_1_56' title='bbox 827 1196 1105 1252; x_wconf 84' lang='lat' dir='ltr'><strong>exercitus</strong></span> <span class='ocrx_word' id='word_1_57' title='bbox 1132 1212 1146 1250; x_wconf 89' lang='lat'><strong>:</strong></span> <span class='ocrx_word' id='word_1_58' title='bbox 1180 1195 1273 1249; x_wconf 86' lang='lat' dir='ltr'><strong>sed</strong></span> <span class='ocrx_word' id='word_1_59' title='bbox 1306 1194 1482 1249; x_wconf 66' lang='lat' dir='ltr'><strong>Persae</strong></span> <span class='ocrx_word' id='word_1_60' title='bbox 1516 1193 1749 1261; x_wconf 83' lang='lat' dir='ltr'><strong>fugiunt.</strong></span> <span class='ocrx_word' id='word_1_61' title='bbox 1777 1203 1831 1247; x_wconf 87' lang='lat' dir='ltr'><strong>et</strong></span> <span class='ocrx_word' id='word_1_62' title='bbox 1853 1190 2182 1246; x_wconf 84' lang='lat' dir='ltr'><strong>Menostates</strong></span> 
     </span>
    </p>
   </div>
   <div class='ocr_carea' id='block_1_13' title="bbox 604 1283 2183 1357">
    <p class='ocr_par' dir='ltr' id='par_1_13' title="bbox 604 1283 2183 1357">
     <span class='ocr_line' id='line_1_13' title="bbox 604 1283 2183 1357; baseline -0.003 -14"><span class='ocrx_word' id='word_1_63' title='bbox 604 1289 659 1357; x_wconf 90' lang='lat' dir='ltr'><strong>in</strong></span> <span class='ocrx_word' id='word_1_64' title='bbox 702 1289 928 1342; x_wconf 84' lang='lat' dir='ltr'><strong>humero</strong></span> <span class='ocrx_word' id='word_1_65' title='bbox 988 1303 1015 1339; x_wconf 93' lang='lat' dir='ltr'><strong>a</strong></span> <span class='ocrx_word' id='word_1_66' title='bbox 1066 1286 1355 1357; x_wconf 81' lang='lat' dir='ltr'><strong>Megabyzo</strong></span> <span class='ocrx_word' id='word_1_67' title='bbox 1402 1286 1726 1356; x_wconf 87' lang='lat' dir='ltr'><strong>percutitur,</strong></span> <span class='ocrx_word' id='word_1_68' title='bbox 1771 1294 1890 1354; x_wconf 85' lang='lat' dir='ltr'><strong>post</strong></span> <span class='ocrx_word' id='word_1_69' title='bbox 1929 1284 2095 1338; x_wconf 84' lang='lat' dir='ltr'><strong>etiam</strong></span> <span class='ocrx_word' id='word_1_70' title='bbox 2128 1283 2183 1338; x_wconf 93' lang='lat' dir='ltr'><strong>in</strong></span> 
     </span>
    </p>
   </div>
   <div class='ocr_carea' id='block_1_14' title="bbox 603 1374 2179 1451">
    <p class='ocr_par' dir='ltr' id='par_1_14' title="bbox 603 1374 2179 1451">
     <span class='ocr_line' id='line_1_14' title="bbox 603 1374 2179 1451; baseline -0.001 -19"><span class='ocrx_word' id='word_1_71' title='bbox 603 1379 802 1448; x_wconf 83' lang='lat' dir='ltr'><strong>capite,</strong></span> <span class='ocrx_word' id='word_1_72' title='bbox 853 1386 912 1431; x_wconf 91' lang='lat' dir='ltr'><strong>at</strong></span> <span class='ocrx_word' id='word_1_73' title='bbox 978 1392 1086 1431; x_wconf 87' lang='lat' dir='ltr'><strong>non</strong></span> <span class='ocrx_word' id='word_1_74' title='bbox 1143 1375 1327 1429; x_wconf 90' lang='lat' dir='ltr'><strong>letbali</strong></span> <span class='ocrx_word' id='word_1_75' title='bbox 1363 1374 1605 1451; x_wconf 77' lang='lat' dir='ltr'><strong>vulnere,</strong></span> <span class='ocrx_word' id='word_1_76' title='bbox 1657 1376 1888 1443; x_wconf 87' lang='lat' dir='ltr'><strong>sagitam</strong></span> <span class='ocrx_word' id='word_1_77' title='bbox 1943 1374 2179 1443; x_wconf 88' lang='lat' dir='ltr'><strong>excepit.</strong></span> 
     </span>
    </p>
   </div>
   <div class='ocr_carea' id='block_1_15' title="bbox 601 1465 2183 1538">
    <p class='ocr_par' dir='ltr' id='par_1_15' title="bbox 601 1465 2183 1538">
     <span class='ocr_line' id='line_1_15' title="bbox 601 1465 2183 1538; baseline -0.003 -14"><span class='ocrx_word' id='word_1_78' title='bbox 601 1468 762 1538; x_wconf 83' lang='lat' dir='ltr'><strong>Fugit</strong></span> <span class='ocrx_word' id='word_1_79' title='bbox 796 1480 973 1522; x_wconf 86' lang='lat' dir='ltr'><strong>tamen</strong></span> <span class='ocrx_word' id='word_1_80' title='bbox 1016 1484 1138 1523; x_wconf 90' lang='lat' dir='ltr'><strong>cum</strong></span> <span class='ocrx_word' id='word_1_81' title='bbox 1170 1468 1284 1522; x_wconf 85' lang='lat' dir='ltr'><strong>suis</strong></span> <span class='ocrx_word' id='word_1_82' title='bbox 1332 1468 1611 1533; x_wconf 88' lang='lat' dir='ltr'><strong>omnibus,</strong></span> <span class='ocrx_word' id='word_1_83' title='bbox 1643 1477 1699 1523; x_wconf 89' lang='lat' dir='ltr'><strong>et</strong></span> <span class='ocrx_word' id='word_1_84' title='bbox 1734 1466 2028 1537; x_wconf 81' lang='lat' dir='ltr'><strong>Megabyzo</strong></span> <span class='ocrx_word' id='word_1_85' title='bbox 2056 1465 2183 1521; x_wconf 90' lang='lat' dir='ltr'><strong>illu-</strong></span> 
     </span>
    </p>
   </div>
   <div class='ocr_carea' id='block_1_16' title="bbox 603 1558 2182 1628">
    <p class='ocr_par' dir='ltr' id='par_1_16' title="bbox 603 1558 2182 1628">
     <span class='ocr_line' id='line_1_16' title="bbox 603 1558 2182 1628; baseline 0 -16"><span class='ocrx_word' id='word_1_86' title='bbox 603 1570 772 1613; x_wconf 88' lang='lat' dir='ltr'><strong>strem</strong></span> <span class='ocrx_word' id='word_1_87' title='bbox 803 1559 1089 1614; x_wconf 86' lang='lat' dir='ltr'><strong>victoriam</strong></span> <span class='ocrx_word' id='word_1_88' title='bbox 1120 1559 1394 1615; x_wconf 84' lang='lat' dir='ltr'><strong>concedit.</strong></span> <span class='ocrx_word' id='word_1_89' title='bbox 1428 1558 1523 1613; x_wconf 83' lang='lat' dir='ltr'><strong>His</strong></span> <span class='ocrx_word' id='word_1_90' title='bbox 1553 1559 1715 1614; x_wconf 85' lang='lat' dir='ltr'><strong>rebus</strong></span> <span class='ocrx_word' id='word_1_91' title='bbox 1739 1559 1812 1613; x_wconf 89' lang='lat' dir='ltr'><strong>ita</strong></span> <span class='ocrx_word' id='word_1_92' title='bbox 1840 1562 2031 1628; x_wconf 84' lang='lat' dir='ltr'><strong>gestis,</strong></span> <span class='ocrx_word' id='word_1_93' title='bbox 2067 1574 2182 1612; x_wconf 81' lang='lat' dir='ltr'><strong>mo—</strong></span> 
     </span>
    </p>
   </div>
   <div class='ocr_carea' id='block_1_17' title="bbox 604 1648 2185 1720">
    <p class='ocr_par' dir='ltr' id='par_1_17' title="bbox 604 1648 2185 1720">
     <span class='ocr_line' id='line_1_17' title="bbox 604 1648 2185 1720; baseline 0.001 -18"><span class='ocrx_word' id='word_1_94' title='bbox 604 1658 695 1702; x_wconf 89' lang='lat' dir='ltr'><strong>net</strong></span> <span class='ocrx_word' id='word_1_95' title='bbox 723 1648 1078 1720; x_wconf 78' lang='lat' dir='ltr'><strong>Megabyzum</strong></span> <span class='ocrx_word' id='word_1_96' title='bbox 1120 1664 1215 1717; x_wconf 90' lang='lat' dir='ltr'><strong>per</strong></span> <span class='ocrx_word' id='word_1_97' title='bbox 1246 1648 1454 1717; x_wconf 85' lang='lat' dir='ltr'><strong>legatos</strong></span> <span class='ocrx_word' id='word_1_98' title='bbox 1501 1649 1780 1711; x_wconf 82' lang='lat' dir='ltr'><strong>Artarins,</strong></span> <span class='ocrx_word' id='word_1_99' title='bbox 1814 1663 1935 1702; x_wconf 90' lang='lat' dir='ltr'><strong>cum</strong></span> <span class='ocrx_word' id='word_1_100' title='bbox 1968 1662 2093 1717; x_wconf 84' lang='lat' dir='ltr'><strong>rege</strong></span> <span class='ocrx_word' id='word_1_101' title='bbox 2123 1655 2185 1703; x_wconf 86' lang='lat' dir='ltr'><strong>ut</strong></span> 
     </span>
    </p>
   </div>
   <div class='ocr_carea' id='block_1_18' title="bbox 601 1739 2181 1811">
    <p class='ocr_par' dir='ltr' id='par_1_18' title="bbox 601 1739 2181 1811">
     <span class='ocr_line' id='line_1_18' title="bbox 601 1739 2181 1811; baseline -0.001 -19"><span class='ocrx_word' id='word_1_102' title='bbox 601 1741 931 1811; x_wconf 81' lang='lat' dir='ltr'><strong>paciscatur.</strong></span> <span class='ocrx_word' id='word_1_103' title='bbox 966 1740 1061 1794; x_wconf 86' lang='lat' dir='ltr'><strong>Ille</strong></span> <span class='ocrx_word' id='word_1_104' title='bbox 1104 1753 1165 1794; x_wconf 91' lang='lat' dir='ltr'><strong>se</strong></span> <span class='ocrx_word' id='word_1_105' title='bbox 1199 1740 1397 1809; x_wconf 88' lang='lat' dir='ltr'><strong>pacisci</strong></span> <span class='ocrx_word' id='word_1_106' title='bbox 1433 1739 1651 1809; x_wconf 88' lang='lat' dir='ltr'><strong>quidem</strong></span> <span class='ocrx_word' id='word_1_107' title='bbox 1693 1754 1816 1793; x_wconf 87' lang='lat' dir='ltr'><strong>cum</strong></span> <span class='ocrx_word' id='word_1_108' title='bbox 1852 1752 1979 1808; x_wconf 87' lang='lat' dir='ltr'><strong>rege</strong></span> <span class='ocrx_word' id='word_1_109' title='bbox 2017 1752 2181 1807; x_wconf 88' lang='lat' dir='ltr'><strong>para-</strong></span> 
     </span>
    </p>
   </div>
   <div class='ocr_carea' id='block_1_19' title="bbox 605 1827 2179 1898">
    <p class='ocr_par' dir='ltr' id='par_1_19' title="bbox 605 1827 2179 1898">
     <span class='ocr_line' id='line_1_19' title="bbox 605 1827 2179 1898; baseline 0.003 -19"><span class='ocrx_word' id='word_1_110' title='bbox 605 1841 715 1884; x_wconf 88' lang='lat' dir='ltr'><strong>tum</strong></span> <span class='ocrx_word' id='word_1_111' title='bbox 748 1832 1009 1893; x_wconf 83' lang='lat' dir='ltr'><strong>ostendit,</strong></span> <span class='ocrx_word' id='word_1_112' title='bbox 1059 1844 1164 1884; x_wconf 90' lang='lat' dir='ltr'><strong>non</strong></span> <span class='ocrx_word' id='word_1_113' title='bbox 1203 1840 1381 1884; x_wconf 90' lang='lat' dir='ltr'><strong>tamen</strong></span> <span class='ocrx_word' id='word_1_114' title='bbox 1429 1829 1495 1883; x_wconf 90' lang='lat' dir='ltr'><strong>ad</strong></span> <span class='ocrx_word' id='word_1_115' title='bbox 1525 1844 1647 1883; x_wconf 91' lang='lat' dir='ltr'><strong>eum</strong></span> <span class='ocrx_word' id='word_1_116' title='bbox 1677 1827 1970 1898; x_wconf 78' lang='lat' dir='ltr'><strong>proﬁcisci,</strong></span> <span class='ocrx_word' id='word_1_117' title='bbox 2003 1828 2098 1883; x_wconf 84' lang='lat' dir='ltr'><strong>sed</strong></span> <span class='ocrx_word' id='word_1_118' title='bbox 2124 1828 2179 1884; x_wconf 89' lang='lat' dir='ltr'><strong>in</strong></span> 
     </span>
    </p>
   </div>
   <div class='ocr_carea' id='block_1_20' title="bbox 2285 641 3878 714">
    <p class='ocr_par' dir='ltr' id='par_1_20' title="bbox 2285 641 3878 714">
     <span class='ocr_line' id='line_1_20' title="bbox 2285 641 3878 714; baseline 0 -18"><span class='ocrx_word' id='word_1_119' title='bbox 2285 643 2445 696; x_wconf 77' lang='grc' dir='ltr'>τοῦτο</span> <span class='ocrx_word' id='word_1_120' title='bbox 2476 642 2847 713; x_wconf 71' lang='grc' dir='ltr'><strong>αἰτησάμενον</strong></span> <span class='ocrx_word' id='word_1_121' title='bbox 2897 641 3035 714; x_wconf 75' lang='grc' dir='ltr'>πρὸς</span> <span class='ocrx_word' id='word_1_122' title='bbox 3079 642 3460 714; x_wconf 76' lang='grc' dir='ltr'><strong>Ἀρτοξέρξην.</strong></span> <span class='ocrx_word' id='word_1_123' title='bbox 3490 642 3780 712; x_wconf 83' lang='grc' dir='ltr'>Πέμπεται</span> <span class='ocrx_word' id='word_1_124' title='bbox 3811 642 3878 696; x_wconf 74' lang='grc' dir='ltr'>δὲ</span> 
     </span>
    </p>
   </div>
   <div class='ocr_carea' id='block_1_21' title="bbox 2285 732 3877 807">
    <p class='ocr_par' dir='ltr' id='par_1_21' title="bbox 2285 732 3877 807">
     <span class='ocr_line' id='line_1_21' title="bbox 2285 732 3877 807; baseline -0.003 -16"><span class='ocrx_word' id='word_1_125' title='bbox 2285 737 2409 792; x_wconf 80' lang='grc' dir='ltr'>κατ’</span> <span class='ocrx_word' id='word_1_126' title='bbox 2446 734 2613 789; x_wconf 82' lang='grc' dir='ltr'>αὑτοῦ</span> <span class='ocrx_word' id='word_1_127' title='bbox 2665 734 2828 806; x_wconf 77' lang='grc' dir='ltr'>ἑτέρα</span> <span class='ocrx_word' id='word_1_128' title='bbox 2888 734 3142 807; x_wconf 81' lang='grc' dir='ltr'>στρατιὰ,</span> <span class='ocrx_word' id='word_1_129' title='bbox 3195 732 3290 788; x_wconf 78' lang='grc' dir='ltr'><strong>καὶ</strong></span> <span class='ocrx_word' id='word_1_130' title='bbox 3323 736 3677 806; x_wconf 76' lang='grc' dir='ltr'>Μενοττάτης</span> <span class='ocrx_word' id='word_1_131' title='bbox 3711 736 3740 787; x_wconf 99' lang='lat'><strong>6</strong></span> <span class='ocrx_word' id='word_1_132' title='bbox 3775 734 3877 787; x_wconf 72' lang='grc' dir='ltr'>τοῦ</span> 
     </span>
    </p>
   </div>
   <div class='ocr_carea' id='block_1_22' title="bbox 2297 820 3875 897">
    <p class='ocr_par' dir='ltr' id='par_1_22' title="bbox 2297 820 3875 897">
     <span class='ocr_line' id='line_1_22' title="bbox 2297 820 3875 897; baseline -0.001 -18"><span class='ocrx_word' id='word_1_133' title='bbox 2297 824 2584 897; x_wconf 86' lang='grc' dir='ltr'>Ἀρταρίου</span> <span class='ocrx_word' id='word_1_134' title='bbox 2637 826 2800 888; x_wconf 74' lang='grc' dir='ltr'>παῖςο</span> <span class='ocrx_word' id='word_1_135' title='bbox 2835 827 2865 879; x_wconf 86' lang='grc' dir='ltr'><strong>ὁ</strong></span> <span class='ocrx_word' id='word_1_136' title='bbox 2887 824 2944 878; x_wconf 81' lang='grc' dir='ltr'>δὲ</span> <span class='ocrx_word' id='word_1_137' title='bbox 2978 824 3269 896; x_wconf 82' lang='grc' dir='ltr'>Ἀρτάριος</span> <span class='ocrx_word' id='word_1_138' title='bbox 3324 825 3612 897; x_wconf 77' lang='grc' dir='ltr'><strong>σατράπης</strong></span> <span class='ocrx_word' id='word_1_139' title='bbox 3668 826 3767 895; x_wconf 82' lang='grc' dir='ltr'>μὲν</span> <span class='ocrx_word' id='word_1_140' title='bbox 3797 820 3875 896; x_wconf 80' lang='grc' dir='ltr'>ἦν</span> 
     </span>
    </p>
   </div>
   <div class='ocr_carea' id='block_1_23' title="bbox 2286 916 3877 988">
    <p class='ocr_par' dir='ltr' id='par_1_23' title="bbox 2286 916 3877 988">
     <span class='ocr_line' id='line_1_23' title="bbox 2286 916 3877 988; baseline 0 -17"><span class='ocrx_word' id='word_1_141' title='bbox 2286 917 2624 981; x_wconf 82' lang='grc' dir='ltr'>Βαϐυλῶνος,</span> <span class='ocrx_word' id='word_1_142' title='bbox 2667 917 3020 988; x_wconf 77' lang='grc' dir='ltr'><strong>Ἀρτοξέρξου</strong></span> <span class='ocrx_word' id='word_1_143' title='bbox 3052 918 3109 971; x_wconf 83' lang='grc' dir='ltr'>δὲ</span> <span class='ocrx_word' id='word_1_144' title='bbox 3132 916 3379 985; x_wconf 71' lang='grc' dir='ltr'>ἀδελφός.</span> <span class='ocrx_word' id='word_1_145' title='bbox 3446 917 3559 971; x_wconf 76' lang='lat' dir='ltr'><strong>Kal.</strong></span> <span class='ocrx_word' id='word_1_146' title='bbox 3620 917 3877 986; x_wconf 79' lang='grc' dir='ltr'>συμϐάλ-</span> 
     </span>
    </p>
   </div>
   <div class='ocr_carea' id='block_1_24' title="bbox 2284 1008 3879 1080">
    <p class='ocr_par' dir='ltr' id='par_1_24' title="bbox 2284 1008 3879 1080">
     <span class='ocr_line' id='line_1_24' title="bbox 2284 1008 3879 1080; baseline -0.001 -16"><span class='ocrx_word' id='word_1_147' title='bbox 2284 1010 2467 1065; x_wconf 83' lang='grc' dir='ltr'>λουσιν</span> <span class='ocrx_word' id='word_1_148' title='bbox 2496 1009 2768 1080; x_wconf 85' lang='grc' dir='ltr'>άλλήλοις.</span> <span class='ocrx_word' id='word_1_149' title='bbox 2794 1010 2892 1064; x_wconf 75' lang='grc' dir='ltr'>καὶ</span> <span class='ocrx_word' id='word_1_150' title='bbox 2932 1008 3125 1078; x_wconf 78' lang='grc' dir='ltr'>φεύγει</span> <span class='ocrx_word' id='word_1_151' title='bbox 3151 1009 3184 1079; x_wconf 79' lang='grc' dir='ltr'><strong>ἡ</strong></span> <span class='ocrx_word' id='word_1_152' title='bbox 3218 1009 3463 1080; x_wconf 82' lang='grc' dir='ltr'>Περσικὴ</span> <span class='ocrx_word' id='word_1_153' title='bbox 3491 1009 3746 1079; x_wconf 82' lang='grc' dir='ltr'>στρατιά,</span> <span class='ocrx_word' id='word_1_154' title='bbox 3775 1009 3879 1064; x_wconf 78' lang='grc' dir='ltr'>καὶ</span> 
     </span>
    </p>
   </div>
   <div class='ocr_carea' id='block_1_25' title="bbox 2284 1092 3875 1171">
    <p class='ocr_par' dir='ltr' id='par_1_25' title="bbox 2284 1092 3875 1171">
     <span class='ocr_line' id='line_1_25' title="bbox 2284 1092 3875 1171; baseline -0.003 -16"><span class='ocrx_word' id='word_1_155' title='bbox 2284 1100 2636 1171; x_wconf 86' lang='grc' dir='ltr'>Μενοστάτης</span> <span class='ocrx_word' id='word_1_156' title='bbox 2672 1100 2924 1171; x_wconf 78' lang='grc' dir='ltr'>βάλλεται</span> <span class='ocrx_word' id='word_1_157' title='bbox 2949 1101 3031 1163; x_wconf 87' lang='grc' dir='ltr'><strong>εἰς</strong></span> <span class='ocrx_word' id='word_1_158' title='bbox 3061 1099 3153 1152; x_wconf 84' lang='grc' dir='ltr'>τὸν</span> <span class='ocrx_word' id='word_1_159' title='bbox 3185 1092 3334 1170; x_wconf 80' lang='grc' dir='ltr'>ὦμον</span> <span class='ocrx_word' id='word_1_160' title='bbox 3367 1098 3473 1152; x_wconf 84' lang='grc' dir='ltr'><strong>ὑπὸ</strong></span> <span class='ocrx_word' id='word_1_161' title='bbox 3519 1098 3875 1168; x_wconf 73' lang='grc' dir='ltr'>Μεγαϐύζου,</span> 
     </span>
    </p>
   </div>
   <div class='ocr_carea' id='block_1_26' title="bbox 2283 1187 3876 1261">
    <p class='ocr_par' dir='ltr' id='par_1_26' title="bbox 2283 1187 3876 1261">
     <span class='ocr_line' id='line_1_26' title="bbox 2283 1187 3876 1261; baseline -0.001 -15"><span class='ocrx_word' id='word_1_162' title='bbox 2283 1187 2405 1247; x_wconf 80' lang='grc' dir='ltr'>εἶτα</span> <span class='ocrx_word' id='word_1_163' title='bbox 2444 1192 2524 1257; x_wconf 88' lang='grc' dir='ltr'><strong>είς</strong></span> <span class='ocrx_word' id='word_1_164' title='bbox 2554 1191 2657 1260; x_wconf 84' lang='grc' dir='ltr'><strong>τὴν</strong></span> <span class='ocrx_word' id='word_1_165' title='bbox 2694 1191 2936 1261; x_wconf 81' lang='grc' dir='ltr'>κεφαλὴν</span> <span class='ocrx_word' id='word_1_166' title='bbox 2971 1189 3249 1257; x_wconf 81' lang='grc' dir='ltr'>τοξεύεται</span> <span class='ocrx_word' id='word_1_167' title='bbox 3277 1191 3338 1245; x_wconf 81' lang='grc' dir='ltr'><strong>οὐ</strong></span> <span class='ocrx_word' id='word_1_168' title='bbox 3368 1189 3614 1261; x_wconf 86' lang='grc' dir='ltr'>καιρίαν.</span> <span class='ocrx_word' id='word_1_169' title='bbox 3676 1192 3876 1259; x_wconf 79' lang='grc' dir='ltr'>φεύγει</span> 
     </span>
    </p>
   </div>
   <div class='ocr_carea' id='block_1_27' title="bbox 2282 1280 3879 1355">
    <p class='ocr_par' dir='ltr' id='par_1_27' title="bbox 2282 1280 3879 1355">
     <span class='ocr_line' id='line_1_27' title="bbox 2282 1280 3879 1355; baseline -0.001 -18"><span class='ocrx_word' id='word_1_170' title='bbox 2282 1283 2340 1337; x_wconf 80' lang='grc' dir='ltr'>δὲ</span> <span class='ocrx_word' id='word_1_171' title='bbox 2363 1285 2512 1355; x_wconf 82' lang='grc' dir='ltr'>ὅμως</span> <span class='ocrx_word' id='word_1_172' title='bbox 2538 1283 2702 1346; x_wconf 77' lang='grc' dir='ltr'>αὐτὸς</span> <span class='ocrx_word' id='word_1_173' title='bbox 2754 1282 2849 1336; x_wconf 62' lang='grc' dir='ltr'><strong>καὶ¹</strong></span> <span class='ocrx_word' id='word_1_174' title='bbox 2879 1284 2927 1336; x_wconf 83' lang='grc' dir='ltr'>οἱ</span> <span class='ocrx_word' id='word_1_175' title='bbox 2958 1283 3075 1353; x_wconf 85' lang='grc' dir='ltr'>μετ’</span> <span class='ocrx_word' id='word_1_176' title='bbox 3129 1280 3323 1348; x_wconf 80' lang='grc' dir='ltr'>αὐτοῦ,</span> <span class='ocrx_word' id='word_1_177' title='bbox 3356 1283 3449 1337; x_wconf 69' lang='grc' dir='ltr'>καὶ</span> <span class='ocrx_word' id='word_1_178' title='bbox 3481 1282 3605 1354; x_wconf 88' lang='grc' dir='ltr'>νίκη</span> <span class='ocrx_word' id='word_1_179' title='bbox 3640 1283 3879 1353; x_wconf 70' lang='grc' dir='ltr'>λαμπρά</span> 
     </span>
    </p>
   </div>
   <div class='ocr_carea' id='block_1_28' title="bbox 2282 1373 3877 1447">
    <p class='ocr_par' dir='ltr' id='par_1_28' title="bbox 2282 1373 3877 1447">
     <span class='ocr_line' id='line_1_28' title="bbox 2282 1373 3877 1447; baseline 0 -20"><span class='ocrx_word' id='word_1_180' title='bbox 2282 1374 2492 1443; x_wconf 85' lang='grc' dir='ltr'>γίνεται</span> <span class='ocrx_word' id='word_1_181' title='bbox 2536 1375 2872 1445; x_wconf 73' lang='grc' dir='ltr'>Μεγαϐύζῳ.</span> <span class='ocrx_word' id='word_1_182' title='bbox 2935 1373 3229 1445; x_wconf 85' lang='grc' dir='ltr'>Ἀρτάριος</span> <span class='ocrx_word' id='word_1_183' title='bbox 3260 1374 3318 1428; x_wconf 79' lang='grc' dir='ltr'>δὲ</span> <span class='ocrx_word' id='word_1_184' title='bbox 3347 1374 3558 1446; x_wconf 80' lang='grc' dir='ltr'><strong>πέμπει</strong></span> <span class='ocrx_word' id='word_1_185' title='bbox 3588 1375 3727 1447; x_wconf 77' lang='grc' dir='ltr'>πρὸς</span> <span class='ocrx_word' id='word_1_186' title='bbox 3760 1375 3877 1429; x_wconf 86' lang='grc' dir='ltr'>Με-</span> 
     </span>
    </p>
   </div>
   <div class='ocr_carea' id='block_1_29' title="bbox 2282 1466 3878 1537">
    <p class='ocr_par' dir='ltr' id='par_1_29' title="bbox 2282 1466 3878 1537">
     <span class='ocr_line' id='line_1_29' title="bbox 2282 1466 3878 1537; baseline 0.001 -17"><span class='ocrx_word' id='word_1_187' title='bbox 2282 1466 2549 1535; x_wconf 79' lang='grc' dir='ltr'>γάϐυζον,</span> <span class='ocrx_word' id='word_1_188' title='bbox 2602 1467 2697 1521; x_wconf 73' lang='grc' dir='ltr'><strong>καὶ</strong></span> <span class='ocrx_word' id='word_1_189' title='bbox 2758 1468 3017 1537; x_wconf 87' lang='grc' dir='ltr'>παραινεῖ</span> <span class='ocrx_word' id='word_1_190' title='bbox 3069 1466 3399 1521; x_wconf 85' lang='grc' dir='ltr'>σπείσασθαι</span> <span class='ocrx_word' id='word_1_191' title='bbox 3460 1466 3706 1537; x_wconf 73' lang='grc' dir='ltr'>βασιλεῖ’</span> <span class='ocrx_word' id='word_1_192' title='bbox 3746 1468 3776 1521; x_wconf 92' lang='lat'><strong>6</strong></span> <span class='ocrx_word' id='word_1_193' title='bbox 3814 1467 3878 1521; x_wconf 80' lang='grc' dir='ltr'>δὲ</span> 
     </span>
    </p>
   </div>
   <div class='ocr_carea' id='block_1_30' title="bbox 2280 1556 3879 1630">
    <p class='ocr_par' dir='ltr' id='par_1_30' title="bbox 2280 1556 3879 1630">
     <span class='ocr_line' id='line_1_30' title="bbox 2280 1556 3879 1630; baseline -0.001 -18"><span class='ocrx_word' id='word_1_194' title='bbox 2280 1558 2431 1630; x_wconf 87' lang='grc' dir='ltr'>δηλοῖ</span> <span class='ocrx_word' id='word_1_195' title='bbox 2463 1558 2791 1613; x_wconf 86' lang='grc' dir='ltr'>σπείσασθαι</span> <span class='ocrx_word' id='word_1_196' title='bbox 2823 1559 2923 1628; x_wconf 76' lang='grc' dir='ltr'>μὲν</span> <span class='ocrx_word' id='word_1_197' title='bbox 2954 1556 3238 1629; x_wconf 81' lang='grc' dir='ltr'>βούλεσθαι</span> <span class='ocrx_word' id='word_1_198' title='bbox 3263 1560 3358 1612; x_wconf 75' lang='grc' dir='ltr'>καὶ</span> <span class='ocrx_word' id='word_1_199' title='bbox 3386 1559 3575 1625; x_wconf 79' lang='grc' dir='ltr'>αὑτὸν,</span> <span class='ocrx_word' id='word_1_200' title='bbox 3596 1558 3659 1611; x_wconf 81' lang='grc' dir='ltr'>ού</span> <span class='ocrx_word' id='word_1_201' title='bbox 3687 1558 3879 1629; x_wconf 87' lang='grc' dir='ltr'>μέντοι</span> 
     </span>
    </p>
   </div>
   <div class='ocr_carea' id='block_1_31' title="bbox 2284 1644 3875 1726">
    <p class='ocr_par' dir='ltr' id='par_1_31' title="bbox 2284 1644 3875 1726">
     <span class='ocr_line' id='line_1_31' title="bbox 2284 1644 3875 1726; baseline -0.001 -21"><span class='ocrx_word' id='word_1_202' title='bbox 2284 1653 2695 1726; x_wconf 77' lang='grc' dir='ltr'><strong>παραγενέσθαι</strong></span> <span class='ocrx_word' id='word_1_203' title='bbox 2730 1653 2869 1724; x_wconf 77' lang='grc' dir='ltr'>πρὸς</span> <span class='ocrx_word' id='word_1_204' title='bbox 2891 1650 3140 1722; x_wconf 82' lang='grc' dir='ltr'>βασιλέα.</span> <span class='ocrx_word' id='word_1_205' title='bbox 3173 1651 3288 1706; x_wconf 80' lang='grc' dir='ltr'>ἀλλ’</span> <span class='ocrx_word' id='word_1_206' title='bbox 3314 1652 3399 1721; x_wconf 76' lang='grc' dir='ltr'><strong>ἐφ’</strong></span> <span class='ocrx_word' id='word_1_207' title='bbox 3508 1652 3691 1723; x_wconf 83' lang='grc' dir='ltr'>μένειν</span> <span class='ocrx_word' id='word_1_208' title='bbox 3716 1652 3774 1705; x_wconf 81' lang='grc' dir='ltr'>ὲν</span> <span class='ocrx_word' id='word_1_209' title='bbox 3804 1652 3875 1722; x_wconf 78' lang='grc' dir='ltr'><strong>τῇ</strong></span> 
     </span>
    </p>
   </div>
   <div class='ocr_carea' id='block_1_32' title="bbox 2281 1742 3873 1813">
    <p class='ocr_par' dir='ltr' id='par_1_32' title="bbox 2281 1742 3873 1813">
     <span class='ocr_line' id='line_1_32' title="bbox 2281 1742 3873 1813; baseline -0.001 -15"><span class='ocrx_word' id='word_1_210' title='bbox 2281 1745 2476 1801; x_wconf 71' lang='grc' dir='ltr'>ἐαυτοῦ</span> <span class='ocrx_word' id='word_1_211' title='bbox 2501 1745 2565 1799; x_wconf 68' lang='grc'><strong>’⁵.</strong></span> <span class='ocrx_word' id='word_1_212' title='bbox 2591 1744 3024 1813; x_wconf 71' lang='grc' dir='ltr'>Ἀπαγγέλλετκι</span> <span class='ocrx_word' id='word_1_213' title='bbox 3066 1742 3239 1799; x_wconf 81' lang='grc' dir='ltr'>ταῦτα</span> <span class='ocrx_word' id='word_1_214' title='bbox 3285 1743 3517 1813; x_wconf 78' lang='grc' dir='ltr'>βασιλεῖ,</span> <span class='ocrx_word' id='word_1_215' title='bbox 3576 1743 3673 1797; x_wconf 75' lang='grc' dir='ltr'>καὶ</span> <span class='ocrx_word' id='word_1_216' title='bbox 3718 1759 3873 1812; x_wconf 81' lang='grc' dir='ltr'>συμ-</span> 
     </span>
    </p>
   </div>
   <div class='ocr_carea' id='block_1_33' title="bbox 2284 1833 3869 1908">
    <p class='ocr_par' dir='ltr' id='par_1_33' title="bbox 2284 1833 3869 1908">
     <span class='ocr_line' id='line_1_33' title="bbox 2284 1833 3869 1908; baseline 0 -19"><span class='ocrx_word' id='word_1_217' title='bbox 2284 1834 2634 1889; x_wconf 82' lang='grc' dir='ltr'>ϐουλεύουσιν</span> <span class='ocrx_word' id='word_1_218' title='bbox 2682 1834 3022 1908; x_wconf 76' lang='grc' dir='ltr'>Ἀρτοξάρης</span> <span class='ocrx_word' id='word_1_219' title='bbox 3041 1852 3103 1888; x_wconf 89' lang='grc' dir='ltr'><strong>τε</strong></span> <span class='ocrx_word' id='word_1_220' title='bbox 3142 1835 3171 1888; x_wconf 91' lang='lat'><strong>6</strong></span> <span class='ocrx_word' id='word_1_221' title='bbox 3203 1833 3512 1903; x_wconf 74' lang='grc' dir='ltr'>Παφλαγὼν</span> <span class='ocrx_word' id='word_1_222' title='bbox 3586 1834 3869 1904; x_wconf 76' lang='grc' dir='ltr'>εὐνοῦχος,</span> 
     </span>
    </p>
   </div>
   <div class='ocr_carea' id='block_1_34' title="bbox 601 1917 2184 1997">
    <p class='ocr_par' dir='ltr' id='par_1_34' title="bbox 601 1922 2175 1995">
     <span class='ocr_line' id='line_1_34' title="bbox 601 1922 2175 1995; baseline -0.001 -18"><span class='ocrx_word' id='word_1_223' title='bbox 601 1938 698 1978; x_wconf 83' lang='lat' dir='ltr'><strong>sua</strong></span> <span class='ocrx_word' id='word_1_224' title='bbox 729 1940 947 1979; x_wconf 86' lang='lat' dir='ltr'><strong>manere</strong></span> <span class='ocrx_word' id='word_1_225' title='bbox 985 1924 1263 1995; x_wconf 84' lang='lat' dir='ltr'><strong>provincia</strong></span> <span class='ocrx_word' id='word_1_226' title='bbox 1308 1922 1466 1977; x_wconf 88' lang='lat' dir='ltr'><strong>velle.</strong></span> <span class='ocrx_word' id='word_1_227' title='bbox 1502 1922 1626 1978; x_wconf 64' lang='lat' dir='ltr'><strong>Haec</strong></span> <span class='ocrx_word' id='word_1_228' title='bbox 1673 1922 1785 1992; x_wconf 89' lang='lat' dir='ltr'><strong>regi</strong></span> <span class='ocrx_word' id='word_1_229' title='bbox 1832 1923 2175 1985; x_wconf 87' lang='lat' dir='ltr'><strong>nuntiantur,</strong></span> 
     </span>
    </p>
   </div>
   <div class='ocr_carea' id='block_1_35' title="bbox 2285 1917 3876 1997">
    <p class='ocr_par' dir='ltr' id='par_1_35' title="bbox 2288 1924 3876 1997">
     <span class='ocr_line' id='line_1_35' title="bbox 2288 1924 3876 1997; baseline -0.003 -14"><span class='ocrx_word' id='word_1_230' title='bbox 2288 1927 2426 1983; x_wconf 81' lang='grc' dir='ltr'>ἀλλὰ</span> <span class='ocrx_word' id='word_1_231' title='bbox 2445 1928 2596 1997; x_wconf 80' lang='grc' dir='ltr'>καὶὴ</span> <span class='ocrx_word' id='word_1_232' title='bbox 2626 1927 2954 1997; x_wconf 80' lang='grc' dir='ltr'>Ἀμῆστρις,</span> <span class='ocrx_word' id='word_1_233' title='bbox 3018 1927 3225 1997; x_wconf 79' lang='grc' dir='ltr'>σπουδῇ</span> <span class='ocrx_word' id='word_1_234' title='bbox 3263 1924 3611 1979; x_wconf 85' lang='grc' dir='ltr'>σπείσασθαι.</span> <span class='ocrx_word' id='word_1_235' title='bbox 3648 1925 3876 1996; x_wconf 81' lang='grc' dir='ltr'>Πέμπε-</span> 
     </span>
    </p>
   </div>
   <div class='ocr_carea' id='block_1_36' title="bbox 600 2014 2172 2085">
    <p class='ocr_par' dir='ltr' id='par_1_36' title="bbox 600 2014 2172 2085">
     <span class='ocr_line' id='line_1_36' title="bbox 600 2014 2172 2085; baseline 0.001 -17"><span class='ocrx_word' id='word_1_236' title='bbox 600 2031 760 2085; x_wconf 89' lang='lat' dir='ltr'><strong>quem</strong></span> <span class='ocrx_word' id='word_1_237' title='bbox 798 2018 1111 2083; x_wconf 79' lang='lat' dir='ltr'><strong>Artoxares,</strong></span> <span class='ocrx_word' id='word_1_238' title='bbox 1152 2030 1182 2070; x_wconf 91' lang='lat' dir='ltr'><strong>e</strong></span> <span class='ocrx_word' id='word_1_239' title='bbox 1210 2014 1574 2085; x_wconf 82' lang='lat' dir='ltr'><strong>Paphlagonia</strong></span> <span class='ocrx_word' id='word_1_240' title='bbox 1614 2016 1917 2080; x_wconf 84' lang='lat' dir='ltr'><strong>eunuchus,</strong></span> <span class='ocrx_word' id='word_1_241' title='bbox 1948 2014 2172 2084; x_wconf 84' lang='lat' dir='ltr'><strong>ipsaque</strong></span> 
     </span>
    </p>
   </div>
   <div class='ocr_carea' id='block_1_37' title="bbox 602 2106 2182 2177">
    <p class='ocr_par' dir='ltr' id='par_1_37' title="bbox 602 2106 2182 2177">
     <span class='ocr_line' id='line_1_37' title="bbox 602 2106 2182 2177; baseline 0.001 -16"><span class='ocrx_word' id='word_1_242' title='bbox 602 2108 738 2161; x_wconf 83' lang='lat' dir='ltr'><strong>adeo</strong></span> <span class='ocrx_word' id='word_1_243' title='bbox 790 2109 1049 2163; x_wconf 80' lang='lat' dir='ltr'><strong>Amistris</strong></span> <span class='ocrx_word' id='word_1_244' title='bbox 1109 2110 1417 2170; x_wconf 85' lang='lat' dir='ltr'><strong>hortantur,</strong></span> <span class='ocrx_word' id='word_1_245' title='bbox 1479 2121 1707 2177; x_wconf 88' lang='lat' dir='ltr'><strong>propere</strong></span> <span class='ocrx_word' id='word_1_246' title='bbox 1750 2114 1811 2161; x_wconf 94' lang='lat' dir='ltr'><strong>ut</strong></span> <span class='ocrx_word' id='word_1_247' title='bbox 1850 2106 2182 2177; x_wconf 85' lang='lat' dir='ltr'><strong>paciscatur.</strong></span> 
     </span>
    </p>
   </div>
   <div class='ocr_carea' id='block_1_38' title="bbox 601 2196 2185 2268">
    <p class='ocr_par' dir='ltr' id='par_1_38' title="bbox 601 2196 2185 2268">
     <span class='ocr_line' id='line_1_38' title="bbox 601 2196 2185 2268; baseline 0.001 -17"><span class='ocrx_word' id='word_1_248' title='bbox 601 2197 721 2267; x_wconf 84' lang='lat' dir='ltr'><strong>Ipse</strong></span> <span class='ocrx_word' id='word_1_249' title='bbox 766 2201 950 2267; x_wconf 85' lang='lat' dir='ltr'><strong>itaque</strong></span> <span class='ocrx_word' id='word_1_250' title='bbox 985 2199 1254 2262; x_wconf 77' lang='lat' dir='ltr'><strong>Artarius,</strong></span> <span class='ocrx_word' id='word_1_251' title='bbox 1288 2206 1341 2252; x_wconf 88' lang='lat' dir='ltr'><strong>et</strong></span> <span class='ocrx_word' id='word_1_252' title='bbox 1382 2196 1595 2268; x_wconf 85' lang='lat' dir='ltr'><strong>Amytis</strong></span> <span class='ocrx_word' id='word_1_253' title='bbox 1648 2212 1809 2263; x_wconf 88' lang='lat' dir='ltr'><strong>uxor,</strong></span> <span class='ocrx_word' id='word_1_254' title='bbox 1843 2212 2061 2265; x_wconf 85' lang='lat' dir='ltr'><strong>unaque</strong></span> <span class='ocrx_word' id='word_1_255' title='bbox 2088 2201 2185 2252; x_wconf 80' lang='lat' dir='ltr'><strong>Ar-</strong></span> 
     </span>
    </p>
   </div>
   <div class='ocr_carea' id='block_1_39' title="bbox 602 2284 2185 2358">
    <p class='ocr_par' dir='ltr' id='par_1_39' title="bbox 602 2284 2185 2358">
     <span class='ocr_line' id='line_1_39' title="bbox 602 2284 2185 2358; baseline 0 -15"><span class='ocrx_word' id='word_1_256' title='bbox 602 2299 845 2354; x_wconf 86' lang='lat' dir='ltr'><strong>toxares,</strong></span> <span class='ocrx_word' id='word_1_257' title='bbox 884 2289 1202 2343; x_wconf 85' lang='lat' dir='ltr'><strong>vicesimum</strong></span> <span class='ocrx_word' id='word_1_258' title='bbox 1230 2287 1343 2358; x_wconf 82' lang='lat' dir='ltr'><strong>jam</strong></span> <span class='ocrx_word' id='word_1_259' title='bbox 1397 2301 1564 2355; x_wconf 89' lang='lat' dir='ltr'><strong>agens</strong></span> <span class='ocrx_word' id='word_1_260' title='bbox 1611 2302 1835 2351; x_wconf 89' lang='lat' dir='ltr'><strong>annum,</strong></span> <span class='ocrx_word' id='word_1_261' title='bbox 1873 2297 1930 2341; x_wconf 90' lang='lat' dir='ltr'><strong>et</strong></span> <span class='ocrx_word' id='word_1_262' title='bbox 1956 2284 2185 2343; x_wconf 88' lang='lat' dir='ltr'><strong>Osioros</strong></span> 
     </span>
    </p>
   </div>
   <div class='ocr_carea' id='block_1_40' title="bbox 602 2378 2183 2451">
    <p class='ocr_par' dir='ltr' id='par_1_40' title="bbox 602 2378 2183 2451">
     <span class='ocr_line' id='line_1_40' title="bbox 602 2378 2183 2451; baseline -0.001 -15"><span class='ocrx_word' id='word_1_263' title='bbox 602 2382 751 2436; x_wconf 82' lang='lat' dir='ltr'><strong>ﬁlius</strong></span> <span class='ocrx_word' id='word_1_264' title='bbox 783 2381 1012 2447; x_wconf 85' lang='lat' dir='ltr'><strong>Petisas,</strong></span> <span class='ocrx_word' id='word_1_265' title='bbox 1045 2382 1136 2451; x_wconf 89' lang='lat' dir='ltr'><strong>qui</strong></span> <span class='ocrx_word' id='word_1_266' title='bbox 1169 2388 1222 2436; x_wconf 91' lang='lat' dir='ltr'><strong>et</strong></span> <span class='ocrx_word' id='word_1_267' title='bbox 1254 2380 1515 2451; x_wconf 69' lang='lat' dir='ltr'><strong>Spitama:</strong></span> <span class='ocrx_word' id='word_1_268' title='bbox 1558 2389 1735 2451; x_wconf 89' lang='lat' dir='ltr'><strong>pater,</strong></span> <span class='ocrx_word' id='word_1_269' title='bbox 1768 2381 2084 2436; x_wconf 90' lang='lat' dir='ltr'><strong>mittuntur.</strong></span> <span class='ocrx_word' id='word_1_270' title='bbox 2118 2378 2183 2435; x_wconf 84' lang='lat' dir='ltr'><strong>lli</strong></span> 
     </span>
    </p>
   </div>
   <div class='ocr_carea' id='block_1_41' title="bbox 605 2470 2182 2540">
    <p class='ocr_par' dir='ltr' id='par_1_41' title="bbox 605 2470 2182 2540">
     <span class='ocr_line' id='line_1_41' title="bbox 605 2470 2182 2540; baseline -0.002 -15"><span class='ocrx_word' id='word_1_271' title='bbox 605 2473 786 2526; x_wconf 86' lang='lat' dir='ltr'><strong>multis</strong></span> <span class='ocrx_word' id='word_1_272' title='bbox 832 2473 1179 2527; x_wconf 84' lang='lat' dir='ltr'><strong>sermonibus</strong></span> <span class='ocrx_word' id='word_1_273' title='bbox 1209 2488 1274 2527; x_wconf 91' lang='lat' dir='ltr'><strong>ac</strong></span> <span class='ocrx_word' id='word_1_274' title='bbox 1317 2471 1647 2539; x_wconf 78' lang='lat' dir='ltr'><strong>iuramentis</strong></span> <span class='ocrx_word' id='word_1_275' title='bbox 1692 2484 1943 2526; x_wconf 87' lang='lat' dir='ltr'><strong>securum</strong></span> <span class='ocrx_word' id='word_1_276' title='bbox 2000 2470 2182 2540; x_wconf 77' lang='lat' dir='ltr'><strong>Mega-</strong></span> 
     </span>
    </p>
   </div>
   <div class='ocr_carea' id='block_1_42' title="bbox 598 2561 2181 2636">
    <p class='ocr_par' dir='ltr' id='par_1_42' title="bbox 598 2561 2181 2636">
     <span class='ocr_line' id='line_1_42' title="bbox 598 2561 2181 2636; baseline -0.002 -17"><span class='ocrx_word' id='word_1_277' title='bbox 598 2564 797 2636; x_wconf 81' lang='lat' dir='ltr'><strong>byzum</strong></span> <span class='ocrx_word' id='word_1_278' title='bbox 849 2565 1159 2630; x_wconf 83' lang='lat' dir='ltr'><strong>reddentes,</strong></span> <span class='ocrx_word' id='word_1_279' title='bbox 1212 2579 1359 2634; x_wconf 67' lang='lat' dir='ltr'><strong>aegre</strong></span> <span class='ocrx_word' id='word_1_280' title='bbox 1411 2574 1591 2619; x_wconf 88' lang='lat' dir='ltr'><strong>tamen</strong></span> <span class='ocrx_word' id='word_1_281' title='bbox 1639 2564 1989 2632; x_wconf 87' lang='lat' dir='ltr'><strong>persuadent,</strong></span> <span class='ocrx_word' id='word_1_282' title='bbox 2024 2571 2084 2616; x_wconf 90' lang='lat' dir='ltr'><strong>ut</strong></span> <span class='ocrx_word' id='word_1_283' title='bbox 2113 2561 2181 2616; x_wconf 89' lang='lat' dir='ltr'><strong>ad</strong></span> 
     </span>
    </p>
   </div>
   <div class='ocr_carea' id='block_1_43' title="bbox 601 2653 2183 2726">
    <p class='ocr_par' dir='ltr' id='par_1_43' title="bbox 601 2653 2183 2726">
     <span class='ocr_line' id='line_1_43' title="bbox 601 2653 2183 2726; baseline -0.002 -16"><span class='ocrx_word' id='word_1_284' title='bbox 601 2671 784 2724; x_wconf 82' lang='lat' dir='ltr'><strong>regem</strong></span> <span class='ocrx_word' id='word_1_285' title='bbox 839 2655 1237 2726; x_wconf 80' lang='lat' dir='ltr'><strong>proﬁciscatur.</strong></span> <span class='ocrx_word' id='word_1_286' title='bbox 1291 2654 1393 2711; x_wconf 89' lang='lat' dir='ltr'><strong>Cui</strong></span> <span class='ocrx_word' id='word_1_287' title='bbox 1430 2657 1648 2711; x_wconf 88' lang='lat' dir='ltr'><strong>tandem</strong></span> <span class='ocrx_word' id='word_1_288' title='bbox 1693 2669 1938 2717; x_wconf 86' lang='lat' dir='ltr'><strong>reverso,</strong></span> <span class='ocrx_word' id='word_1_289' title='bbox 1974 2670 2070 2709; x_wconf 80' lang='lat' dir='ltr'><strong>rex</strong></span> <span class='ocrx_word' id='word_1_290' title='bbox 2108 2653 2183 2709; x_wconf 75' lang='lat' dir='ltr'><strong>si—</strong></span> 
     </span>
    </p>
   </div>
   <div class='ocr_carea' id='block_1_44' title="bbox 600 2747 2178 2818">
    <p class='ocr_par' dir='ltr' id='par_1_44' title="bbox 600 2747 2178 2818">
     <span class='ocr_line' id='line_1_44' title="bbox 600 2747 2178 2818; baseline -0.001 -17"><span class='ocrx_word' id='word_1_291' title='bbox 600 2748 900 2817; x_wconf 77' lang='lat' dir='ltr'><strong>guiiiravit,</strong></span> <span class='ocrx_word' id='word_1_292' title='bbox 943 2748 1157 2803; x_wconf 87' lang='lat' dir='ltr'><strong>veniam</strong></span> <span class='ocrx_word' id='word_1_293' title='bbox 1208 2764 1268 2803; x_wconf 90' lang='lat' dir='ltr'><strong>se</strong></span> <span class='ocrx_word' id='word_1_294' title='bbox 1317 2749 1391 2803; x_wconf 92' lang='lat' dir='ltr'><strong>illi</strong></span> <span class='ocrx_word' id='word_1_295' title='bbox 1443 2764 1629 2804; x_wconf 90' lang='lat' dir='ltr'><strong>eorum</strong></span> <span class='ocrx_word' id='word_1_296' title='bbox 1682 2764 1802 2818; x_wconf 68' lang='lat' dir='ltr'><strong>qua:</strong></span> <span class='ocrx_word' id='word_1_297' title='bbox 1845 2747 2178 2812; x_wconf 81' lang='lat' dir='ltr'><strong>admisisset,</strong></span> 
     </span>
    </p>
   </div>
   <div class='ocr_carea' id='block_1_45' title="bbox 602 2838 2176 2910">
    <p class='ocr_par' dir='ltr' id='par_1_45' title="bbox 602 2838 2176 2910">
     <span class='ocr_line' id='line_1_45' title="bbox 602 2838 2176 2910; baseline 0.001 -18"><span class='ocrx_word' id='word_1_298' title='bbox 602 2841 755 2896; x_wconf 83' lang='lat' dir='ltr'><strong>dare.</strong></span> <span class='ocrx_word' id='word_1_299' title='bbox 800 2838 1068 2909; x_wconf 86' lang='lat' dir='ltr'><strong>Egressus</strong></span> <span class='ocrx_word' id='word_1_300' title='bbox 1097 2850 1217 2910; x_wconf 86' lang='lat' dir='ltr'><strong>post</strong></span> <span class='ocrx_word' id='word_1_301' title='bbox 1263 2840 1380 2895; x_wconf 78' lang='lat' dir='ltr'><strong>hzec</strong></span> <span class='ocrx_word' id='word_1_302' title='bbox 1410 2839 1703 2909; x_wconf 83' lang='lat' dir='ltr'><strong>aliquando</strong></span> <span class='ocrx_word' id='word_1_303' title='bbox 1734 2841 1801 2893; x_wconf 83' lang='lat' dir='ltr'><strong>ad</strong></span> <span class='ocrx_word' id='word_1_304' title='bbox 1834 2840 2176 2895; x_wconf 83' lang='lat' dir='ltr'><strong>venationem</strong></span> 
     </span>
    </p>
   </div>
   <div class='ocr_carea' id='block_1_46' title="bbox 602 2930 2182 2999">
    <p class='ocr_par' dir='ltr' id='par_1_46' title="bbox 602 2930 2182 2999">
     <span class='ocr_line' id='line_1_46' title="bbox 602 2930 2182 2999; baseline -0.001 -15"><span class='ocrx_word' id='word_1_305' title='bbox 602 2946 720 2998; x_wconf 88' lang='lat' dir='ltr'><strong>rex,</strong></span> <span class='ocrx_word' id='word_1_306' title='bbox 757 2946 788 2985; x_wconf 91' lang='lat' dir='ltr'><strong>a</strong></span> <span class='ocrx_word' id='word_1_307' title='bbox 836 2931 995 2986; x_wconf 88' lang='lat' dir='ltr'><strong>leone</strong></span> <span class='ocrx_word' id='word_1_308' title='bbox 1029 2932 1323 2994; x_wconf 82' lang='lat' dir='ltr'><strong>invaditur,</strong></span> <span class='ocrx_word' id='word_1_309' title='bbox 1364 2945 1525 2999; x_wconf 90' lang='lat' dir='ltr'><strong>quem</strong></span> <span class='ocrx_word' id='word_1_310' title='bbox 1568 2931 1620 2985; x_wconf 92' lang='lat' dir='ltr'><strong>in</strong></span> <span class='ocrx_word' id='word_1_311' title='bbox 1671 2930 1899 2986; x_wconf 82' lang='lat' dir='ltr'><strong>sublime</strong></span> <span class='ocrx_word' id='word_1_312' title='bbox 1945 2945 2067 2986; x_wconf 90' lang='lat' dir='ltr'><strong>sese</strong></span> <span class='ocrx_word' id='word_1_313' title='bbox 2094 2939 2182 2984; x_wconf 83' lang='lat' dir='ltr'><strong>at-</strong></span> 
     </span>
    </p>
   </div>
   <div class='ocr_carea' id='block_1_47' title="bbox 602 3020 2175 3094">
    <p class='ocr_par' dir='ltr' id='par_1_47' title="bbox 602 3020 2175 3094">
     <span class='ocr_line' id='line_1_47' title="bbox 602 3020 2175 3094; baseline 0.002 -20"><span class='ocrx_word' id='word_1_314' title='bbox 602 3022 905 3086; x_wconf 84' lang='lat' dir='ltr'><strong>tollentem,</strong></span> <span class='ocrx_word' id='word_1_315' title='bbox 940 3022 1123 3089; x_wconf 80' lang='lat' dir='ltr'><strong>jaculo</strong></span> <span class='ocrx_word' id='word_1_316' title='bbox 1171 3023 1484 3093; x_wconf 89' lang='lat' dir='ltr'><strong>percutiens</strong></span> <span class='ocrx_word' id='word_1_317' title='bbox 1528 3020 1854 3094; x_wconf 80' lang='lat' dir='ltr'><strong>Megabyzus</strong></span> <span class='ocrx_word' id='word_1_318' title='bbox 1896 3021 2175 3077; x_wconf 78' lang='lat' dir='ltr'><strong>interﬁcit.</strong></span> 
     </span>
    </p>
   </div>
   <div class='ocr_carea' id='block_1_48' title="bbox 603 3112 2181 3183">
    <p class='ocr_par' dir='ltr' id='par_1_48' title="bbox 603 3112 2181 3183">
     <span class='ocr_line' id='line_1_48' title="bbox 603 3112 2181 3183; baseline 0.002 -17"><span class='ocrx_word' id='word_1_319' title='bbox 603 3114 657 3166; x_wconf 84' lang='grc' dir='ltr'><strong>ΙιΙ</strong></span> <span class='ocrx_word' id='word_1_320' title='bbox 725 3113 927 3167; x_wconf 78' lang='lat' dir='ltr'><strong>factum</strong></span> <span class='ocrx_word' id='word_1_321' title='bbox 978 3115 1214 3183; x_wconf 83' lang='lat' dir='ltr'><strong>graviter</strong></span> <span class='ocrx_word' id='word_1_322' title='bbox 1255 3113 1378 3167; x_wconf 92' lang='lat' dir='ltr'><strong>tulit</strong></span> <span class='ocrx_word' id='word_1_323' title='bbox 1421 3112 1777 3178; x_wconf 77' lang='lat' dir='ltr'><strong>Artaxerxes,</strong></span> <span class='ocrx_word' id='word_1_324' title='bbox 1832 3113 1976 3182; x_wconf 88' lang='lat' dir='ltr'><strong>quod</strong></span> <span class='ocrx_word' id='word_1_325' title='bbox 2023 3122 2181 3169; x_wconf 90' lang='lat' dir='ltr'><strong>ante-</strong></span> 
     </span>
    </p>
   </div>
   <div class='ocr_carea' id='block_1_49' title="bbox 600 3204 2179 3278">
    <p class='ocr_par' dir='ltr' id='par_1_49' title="bbox 600 3204 2179 3278">
     <span class='ocr_line' id='line_1_49' title="bbox 600 3204 2179 3278; baseline 0.005 -25"><span class='ocrx_word' id='word_1_326' title='bbox 600 3221 765 3275; x_wconf 83' lang='lat' dir='ltr'><strong>quam</strong></span> <span class='ocrx_word' id='word_1_327' title='bbox 815 3207 931 3274; x_wconf 88' lang='lat' dir='ltr'><strong>ipse</strong></span> <span class='ocrx_word' id='word_1_328' title='bbox 999 3207 1168 3260; x_wconf 83' lang='lat' dir='ltr'><strong>feram</strong></span> <span class='ocrx_word' id='word_1_329' title='bbox 1230 3216 1423 3260; x_wconf 89' lang='lat' dir='ltr'><strong>nactus</strong></span> <span class='ocrx_word' id='word_1_330' title='bbox 1461 3215 1629 3268; x_wconf 83' lang='lat' dir='ltr'><strong>esset,</strong></span> <span class='ocrx_word' id='word_1_331' title='bbox 1687 3221 1806 3259; x_wconf 86' lang='lat' dir='ltr'><strong>eam</strong></span> <span class='ocrx_word' id='word_1_332' title='bbox 1852 3204 2179 3278; x_wconf 81' lang='lat' dir='ltr'><strong>Megabyzus</strong></span> 
     </span>
    </p>
   </div>
   <div class='ocr_carea' id='block_1_50' title="bbox 600 3259 2251 3366">
    <p class='ocr_par' dir='ltr' id='par_1_50' title="bbox 600 3259 2251 3366">
     <span class='ocr_line' id='line_1_50' title="bbox 600 3259 2251 3366; baseline 0.004 -17"><span class='ocrx_word' id='word_1_333' title='bbox 600 3259 968 3363; x_wconf 60' lang='lat' dir='ltr'><strong>confecisset;</strong></span> <span class='ocrx_word' id='word_1_334' title='bbox 1000 3314 1171 3366; x_wconf 88' lang='lat' dir='ltr'><strong>quare</strong></span> <span class='ocrx_word' id='word_1_335' title='bbox 1221 3306 1385 3366; x_wconf 87' lang='lat' dir='ltr'><strong>caput</strong></span> <span class='ocrx_word' id='word_1_336' title='bbox 1422 3297 1472 3352; x_wconf 90' lang='lat' dir='ltr'><strong>ei</strong></span> <span class='ocrx_word' id='word_1_337' title='bbox 1509 3296 1754 3351; x_wconf 87' lang='lat' dir='ltr'><strong>abscimli</strong></span> <span class='ocrx_word' id='word_1_338' title='bbox 1788 3259 2178 3366; x_wconf 44' lang='lat' dir='ltr'><strong>impe:at.‘Sed</strong></span> <span class='ocrx_word' id='word_1_339' title='bbox 2206 3259 2251 3320; x_wconf 60' lang='grc' dir='ltr'>Ω</span> 
     </span>
    </p>
   </div>
   <div class='ocr_carea' id='block_1_51' title="bbox 601 3388 2181 3459">
    <p class='ocr_par' dir='ltr' id='par_1_51' title="bbox 601 3388 2181 3459">
     <span class='ocr_line' id='line_1_51' title="bbox 601 3388 2181 3459; baseline 0.001 -14"><span class='ocrx_word' id='word_1_340' title='bbox 601 3390 883 3457; x_wconf 78' lang='lat' dir='ltr'><strong>Amistris,</strong></span> <span class='ocrx_word' id='word_1_341' title='bbox 938 3401 994 3445; x_wconf 87' lang='lat' dir='ltr'><strong>et</strong></span> <span class='ocrx_word' id='word_1_342' title='bbox 1024 3391 1259 3459; x_wconf 82' lang='lat' dir='ltr'><strong>Amytis,</strong></span> <span class='ocrx_word' id='word_1_343' title='bbox 1283 3399 1339 3445; x_wconf 93' lang='lat' dir='ltr'><strong>et</strong></span> <span class='ocrx_word' id='word_1_344' title='bbox 1381 3391 1613 3444; x_wconf 90' lang='lat' dir='ltr'><strong>aliorum</strong></span> <span class='ocrx_word' id='word_1_345' title='bbox 1654 3388 1931 3458; x_wconf 89' lang='lat' dir='ltr'><strong>precibus,</strong></span> <span class='ocrx_word' id='word_1_346' title='bbox 1988 3390 2181 3447; x_wconf 90' lang='lat' dir='ltr'><strong>mortis</strong></span> 
     </span>
    </p>
   </div>
   <div class='ocr_carea' id='block_1_52' title="bbox 599 3479 2182 3556">
    <p class='ocr_par' dir='ltr' id='par_1_52' title="bbox 599 3479 2182 3556">
     <span class='ocr_line' id='line_1_52' title="bbox 599 3479 2182 3556; baseline 0.003 -21"><span class='ocrx_word' id='word_1_347' title='bbox 599 3484 651 3535; x_wconf 94' lang='lat' dir='ltr'><strong>ei</strong></span> <span class='ocrx_word' id='word_1_348' title='bbox 710 3495 868 3551; x_wconf 64' lang='lat' dir='ltr'><strong>paena</strong></span> <span class='ocrx_word' id='word_1_349' title='bbox 918 3480 1247 3545; x_wconf 86' lang='lat' dir='ltr'><strong>condonata,</strong></span> <span class='ocrx_word' id='word_1_350' title='bbox 1303 3479 1371 3535; x_wconf 87' lang='lat' dir='ltr'><strong>ad</strong></span> <span class='ocrx_word' id='word_1_351' title='bbox 1403 3480 1591 3535; x_wconf 91' lang='lat' dir='ltr'><strong>urbem</strong></span> <span class='ocrx_word' id='word_1_352' title='bbox 1659 3481 1947 3547; x_wconf 89' lang='lat' dir='ltr'><strong>quamdam</strong></span> <span class='ocrx_word' id='word_1_353' title='bbox 2001 3479 2182 3556; x_wconf 79' lang='lat' dir='ltr'><strong>Cyrta:</strong></span> 
     </span>
    </p>
   </div>
   <div class='ocr_carea' id='block_1_53' title="bbox 603 3571 2181 3644">
    <p class='ocr_par' dir='ltr' id='par_1_53' title="bbox 603 3571 2181 3644">
     <span class='ocr_line' id='line_1_53' title="bbox 603 3571 2181 3644; baseline 0.002 -17"><span class='ocrx_word' id='word_1_354' title='bbox 603 3574 845 3637; x_wconf 85' lang='lat' dir='ltr'><strong>nomine,</strong></span> <span class='ocrx_word' id='word_1_355' title='bbox 894 3572 1037 3627; x_wconf 85' lang='lat' dir='ltr'><strong>circa</strong></span> <span class='ocrx_word' id='word_1_356' title='bbox 1078 3588 1227 3628; x_wconf 87' lang='lat' dir='ltr'><strong>mare</strong></span> <span class='ocrx_word' id='word_1_357' title='bbox 1262 3571 1528 3636; x_wconf 80' lang='lat' dir='ltr'><strong>Rubrum,</strong></span> <span class='ocrx_word' id='word_1_358' title='bbox 1563 3571 1854 3644; x_wconf 87' lang='lat' dir='ltr'><strong>relegatur.</strong></span> <span class='ocrx_word' id='word_1_359' title='bbox 1886 3574 2181 3631; x_wconf 80' lang='lat' dir='ltr'><strong>Artoxares</strong></span> 
     </span>
    </p>
   </div>
   <div class='ocr_carea' id='block_1_54' title="bbox 605 3664 2181 3738">
    <p class='ocr_par' dir='ltr' id='par_1_54' title="bbox 605 3664 2181 3738">
     <span class='ocr_line' id='line_1_54' title="bbox 605 3664 2181 3738; baseline 0.006 -24"><span class='ocrx_word' id='word_1_360' title='bbox 605 3678 822 3733; x_wconf 86' lang='lat' dir='ltr'><strong>quoque</strong></span> <span class='ocrx_word' id='word_1_361' title='bbox 878 3665 1186 3728; x_wconf 89' lang='lat' dir='ltr'><strong>eunuchus,</strong></span> <span class='ocrx_word' id='word_1_362' title='bbox 1235 3664 1379 3736; x_wconf 88' lang='lat' dir='ltr'><strong>quod</strong></span> <span class='ocrx_word' id='word_1_363' title='bbox 1424 3664 1621 3732; x_wconf 57' lang='lat' dir='ltr'><strong>saepius</strong></span> <span class='ocrx_word' id='word_1_364' title='bbox 1664 3668 1805 3735; x_wconf 84' lang='lat' dir='ltr'><strong>apud</strong></span> <span class='ocrx_word' id='word_1_365' title='bbox 1848 3681 2031 3737; x_wconf 80' lang='lat' dir='ltr'><strong>regem</strong></span> <span class='ocrx_word' id='word_1_366' title='bbox 2084 3684 2181 3738; x_wconf 90' lang='lat' dir='ltr'><strong>pro</strong></span> 
     </span>
    </p>
   </div>
   <div class='ocr_carea' id='block_1_55' title="bbox 603 3755 2180 3828">
    <p class='ocr_par' dir='ltr' id='par_1_55' title="bbox 603 3755 2180 3828">
     <span class='ocr_line' id='line_1_55' title="bbox 603 3755 2180 3828; baseline 0.003 -19"><span class='ocrx_word' id='word_1_367' title='bbox 603 3755 899 3828; x_wconf 80' lang='lat' dir='ltr'><strong>Megabyzo</strong></span> <span class='ocrx_word' id='word_1_368' title='bbox 952 3756 1177 3812; x_wconf 89' lang='lat' dir='ltr'><strong>liberius</strong></span> <span class='ocrx_word' id='word_1_369' title='bbox 1224 3756 1437 3811; x_wconf 89' lang='lat' dir='ltr'><strong>locutus</strong></span> <span class='ocrx_word' id='word_1_370' title='bbox 1485 3757 1700 3823; x_wconf 81' lang='lat' dir='ltr'><strong>fuisset,</strong></span> <span class='ocrx_word' id='word_1_371' title='bbox 1757 3760 1810 3814; x_wconf 90' lang='lat' dir='ltr'><strong>in</strong></span> <span class='ocrx_word' id='word_1_372' title='bbox 1867 3759 2180 3816; x_wconf 81' lang='lat' dir='ltr'><strong>Armeniam</strong></span> 
     </span>
    </p>
   </div>
   <div class='ocr_carea' id='block_1_56' title="bbox 508 3847 2185 3922">
    <p class='ocr_par' dir='ltr' id='par_1_56' title="bbox 508 3847 2185 3922">
     <span class='ocr_line' id='line_1_56' title="bbox 508 3847 2185 3922; baseline 0.004 -21"><span class='ocrx_word' id='word_1_373' title='bbox 508 3852 509 3855; x_wconf 68' lang='grc'><em>“</em></span> <span class='ocrx_word' id='word_1_374' title='bbox 603 3847 836 3903; x_wconf 88' lang='lat' dir='ltr'><strong>mittitur</strong></span> <span class='ocrx_word' id='word_1_375' title='bbox 856 3850 1184 3903; x_wconf 83' lang='lat' dir='ltr'><strong>exsulatum.</strong></span> <span class='ocrx_word' id='word_1_376' title='bbox 1214 3849 1285 3903; x_wconf 85' lang='lat' dir='ltr'><strong>At</strong></span> <span class='ocrx_word' id='word_1_377' title='bbox 1321 3849 1662 3922; x_wconf 82' lang='lat' dir='ltr'><strong>Megabyzus,</strong></span> <span class='ocrx_word' id='word_1_378' title='bbox 1691 3852 1933 3922; x_wconf 87' lang='lat' dir='ltr'><strong>quinque</strong></span> <span class='ocrx_word' id='word_1_379' title='bbox 1956 3853 2009 3908; x_wconf 93' lang='lat' dir='ltr'><strong>in</strong></span> <span class='ocrx_word' id='word_1_380' title='bbox 2036 3854 2185 3909; x_wconf 88' lang='lat' dir='ltr'><strong>exsi-</strong></span> 
     </span>
    </p>
   </div>
   <div class='ocr_carea' id='block_1_57' title="bbox 601 3938 2182 4013">
    <p class='ocr_par' dir='ltr' id='par_1_57' title="bbox 601 3938 2182 4013">
     <span class='ocr_line' id='line_1_57' title="bbox 601 3938 2182 4013; baseline 0.004 -21"><span class='ocrx_word' id='word_1_381' title='bbox 601 3940 677 3992; x_wconf 88' lang='lat' dir='ltr'><strong>lio</strong></span> <span class='ocrx_word' id='word_1_382' title='bbox 717 3940 1005 3996; x_wconf 85' lang='lat' dir='ltr'><strong>transactis</strong></span> <span class='ocrx_word' id='word_1_383' title='bbox 1055 3941 1211 3995; x_wconf 90' lang='lat' dir='ltr'><strong>annis</strong></span> <span class='ocrx_word' id='word_1_384' title='bbox 1254 3938 1395 4013; x_wconf 70' lang='grc' dir='ltr'><strong>4ιὸ</strong></span> <span class='ocrx_word' id='word_1_385' title='bbox 1443 3941 1663 4013; x_wconf 88' lang='lat' dir='ltr'><strong>pisagan</strong></span> <span class='ocrx_word' id='word_1_386' title='bbox 1706 3958 1829 3999; x_wconf 87' lang='lat' dir='ltr'><strong>sese</strong></span> <span class='ocrx_word' id='word_1_387' title='bbox 1872 3944 2182 4001; x_wconf 88' lang='lat' dir='ltr'><strong>simulando</strong></span> 
     </span>
    </p>
   </div>
   <div class='ocr_carea' id='block_1_58' title="bbox 604 4031 2184 4108">
    <p class='ocr_par' dir='ltr' id='par_1_58' title="bbox 604 4031 2184 4108">
     <span class='ocr_line' id='line_1_58' title="bbox 604 4031 2184 4108; baseline 0.005 -26"><span class='ocrx_word' id='word_1_388' title='bbox 604 4031 855 4102; x_wconf 67' lang='lat' dir='ltr'><strong>(pingas</strong></span> <span class='ocrx_word' id='word_1_389' title='bbox 904 4042 1081 4087; x_wconf 90' lang='lat' dir='ltr'><strong>autem</strong></span> <span class='ocrx_word' id='word_1_390' title='bbox 1135 4031 1317 4089; x_wconf 87' lang='lat' dir='ltr'><strong>Persis</strong></span> <span class='ocrx_word' id='word_1_391' title='bbox 1362 4032 1563 4088; x_wconf 90' lang='lat' dir='ltr'><strong>dicitur</strong></span> <span class='ocrx_word' id='word_1_392' title='bbox 1599 4034 1866 4102; x_wconf 79' lang='lat' dir='ltr'><strong>leprosus,</strong></span> <span class='ocrx_word' id='word_1_393' title='bbox 1918 4036 1983 4091; x_wconf 93' lang='lat' dir='ltr'><strong>ad</strong></span> <span class='ocrx_word' id='word_1_394' title='bbox 2023 4051 2184 4108; x_wconf 93' lang='lat' dir='ltr'><strong>quem</strong></span> 
     </span>
    </p>
   </div>
   <div class='ocr_carea' id='block_1_59' title="bbox 603 4123 2179 4200">
    <p class='ocr_par' dir='ltr' id='par_1_59' title="bbox 603 4123 2179 4200">
     <span class='ocr_line' id='line_1_59' title="bbox 603 4123 2179 4200; baseline 0.004 -23"><span class='ocrx_word' id='word_1_395' title='bbox 603 4123 807 4178; x_wconf 82' lang='lat' dir='ltr'><strong>nemini</strong></span> <span class='ocrx_word' id='word_1_396' title='bbox 830 4125 1073 4179; x_wconf 88' lang='lat' dir='ltr'><strong>omnium</strong></span> <span class='ocrx_word' id='word_1_397' title='bbox 1101 4124 1361 4181; x_wconf 87' lang='lat' dir='ltr'><strong>accedere</strong></span> <span class='ocrx_word' id='word_1_398' title='bbox 1392 4125 1774 4200; x_wconf 89' lang='lat' dir='ltr'><strong>permittitur),</strong></span> <span class='ocrx_word' id='word_1_399' title='bbox 1808 4127 2042 4198; x_wconf 74' lang='lat' dir='ltr'><strong>aufugit,</strong></span> <span class='ocrx_word' id='word_1_400' title='bbox 2086 4129 2179 4183; x_wconf 86' lang='lat' dir='ltr'><strong>do-</strong></span> 
     </span>
    </p>
   </div>
   <div class='ocr_carea' id='block_1_60' title="bbox 604 4217 2177 4292">
    <p class='ocr_par' dir='ltr' id='par_1_60' title="bbox 604 4217 2177 4292">
     <span class='ocr_line' id='line_1_60' title="bbox 604 4217 2177 4292; baseline 0.004 -23"><span class='ocrx_word' id='word_1_401' title='bbox 604 4230 866 4285; x_wconf 87' lang='lat' dir='ltr'><strong>mumque</strong></span> <span class='ocrx_word' id='word_1_402' title='bbox 899 4217 966 4271; x_wconf 89' lang='lat' dir='ltr'><strong>ad</strong></span> <span class='ocrx_word' id='word_1_403' title='bbox 1012 4217 1231 4289; x_wconf 80' lang='lat' dir='ltr'><strong>Amytin</strong></span> <span class='ocrx_word' id='word_1_404' title='bbox 1279 4233 1554 4283; x_wconf 83' lang='lat' dir='ltr'><strong>reversus,</strong></span> <span class='ocrx_word' id='word_1_405' title='bbox 1591 4234 1734 4290; x_wconf 62' lang='lat' dir='ltr'><strong>aegre</strong></span> <span class='ocrx_word' id='word_1_406' title='bbox 1768 4220 1985 4275; x_wconf 86' lang='lat' dir='ltr'><strong>tandem</strong></span> <span class='ocrx_word' id='word_1_407' title='bbox 2017 4220 2177 4292; x_wconf 88' lang='lat' dir='ltr'><strong>agni-</strong></span> 
     </span>
    </p>
   </div>
   <div class='ocr_carea' id='block_1_61' title="bbox 605 4306 2183 4383">
    <p class='ocr_par' dir='ltr' id='par_1_61' title="bbox 605 4306 2183 4383">
     <span class='ocr_line' id='line_1_61' title="bbox 605 4306 2183 4383; baseline 0.004 -23"><span class='ocrx_word' id='word_1_408' title='bbox 605 4316 694 4361; x_wconf 91' lang='lat' dir='ltr'><strong>tus</strong></span> <span class='ocrx_word' id='word_1_409' title='bbox 725 4317 829 4361; x_wconf 92' lang='lat' dir='ltr'><strong>est.</strong></span> <span class='ocrx_word' id='word_1_410' title='bbox 854 4306 990 4363; x_wconf 88' lang='lat' dir='ltr'><strong>Hinc</strong></span> <span class='ocrx_word' id='word_1_411' title='bbox 1022 4324 1118 4377; x_wconf 93' lang='lat' dir='ltr'><strong>per</strong></span> <span class='ocrx_word' id='word_1_412' title='bbox 1145 4309 1406 4365; x_wconf 85' lang='lat' dir='ltr'><strong>Amistriu</strong></span> <span class='ocrx_word' id='word_1_413' title='bbox 1458 4322 1623 4381; x_wconf 89' lang='lat' dir='ltr'><strong>atque</strong></span> <span class='ocrx_word' id='word_1_414' title='bbox 1656 4312 1875 4383; x_wconf 83' lang='lat' dir='ltr'><strong>Amytin</strong></span> <span class='ocrx_word' id='word_1_415' title='bbox 1896 4327 2019 4367; x_wconf 92' lang='lat' dir='ltr'><strong>cum</strong></span> <span class='ocrx_word' id='word_1_416' title='bbox 2058 4326 2183 4381; x_wconf 85' lang='lat' dir='ltr'><strong>rege</strong></span> 
     </span>
    </p>
   </div>
   <div class='ocr_carea' id='block_1_62' title="bbox 607 4399 991 4453">
    <p class='ocr_par' dir='ltr' id='par_1_62' title="bbox 607 4399 991 4453">
     <span class='ocr_line' id='line_1_62' title="bbox 607 4399 991 4453; baseline 0.013 -6"><span class='ocrx_word' id='word_1_417' title='bbox 607 4399 991 4453; x_wconf 83' lang='lat' dir='ltr'><strong>reconciliatur</strong></span> 
     </span>
    </p>
   </div>
   <div class='ocr_carea' id='block_1_63' title="bbox 2289 2015 3877 2089">
    <p class='ocr_par' dir='ltr' id='par_1_63' title="bbox 2289 2015 3877 2089">
     <span class='ocr_line' id='line_1_63' title="bbox 2289 2015 3877 2089; baseline -0.001 -17"><span class='ocrx_word' id='word_1_418' title='bbox 2289 2037 2378 2073; x_wconf 87' lang='grc' dir='ltr'><strong>ται</strong></span> <span class='ocrx_word' id='word_1_419' title='bbox 2400 2015 2496 2074; x_wconf 85' lang='grc' dir='ltr'><strong>οὖν</strong></span> <span class='ocrx_word' id='word_1_420' title='bbox 2553 2018 2839 2089; x_wconf 86' lang='grc' dir='ltr'>Ἀρτάριός</span> <span class='ocrx_word' id='word_1_421' title='bbox 2875 2036 2935 2075; x_wconf 92' lang='grc' dir='ltr'><strong>τε</strong></span> <span class='ocrx_word' id='word_1_422' title='bbox 2958 2018 3121 2081; x_wconf 79' lang='grc' dir='ltr'>αὐτὸς</span> <span class='ocrx_word' id='word_1_423' title='bbox 3165 2018 3261 2073; x_wconf 76' lang='grc' dir='ltr'><strong>καὶ</strong></span> <span class='ocrx_word' id='word_1_424' title='bbox 3286 2017 3513 2088; x_wconf 78' lang='grc' dir='ltr'>Ἀμύτις</span> <span class='ocrx_word' id='word_1_425' title='bbox 3549 2019 3583 2087; x_wconf 77' lang='grc' dir='ltr'>ἡ</span> <span class='ocrx_word' id='word_1_426' title='bbox 3608 2017 3749 2089; x_wconf 82' lang='grc' dir='ltr'>γυνὴ</span> <span class='ocrx_word' id='word_1_427' title='bbox 3778 2019 3877 2072; x_wconf 72' lang='grc' dir='ltr'>καὶ</span> 
     </span>
    </p>
   </div>
   <div class='ocr_carea' id='block_1_64' title="bbox 2300 2110 3876 2186">
    <p class='ocr_par' dir='ltr' id='par_1_64' title="bbox 2300 2110 3876 2186">
     <span class='ocr_line' id='line_1_64' title="bbox 2300 2110 3876 2186; baseline -0.002 -20"><span class='ocrx_word' id='word_1_428' title='bbox 2300 2112 2635 2186; x_wconf 79' lang='grc' dir='ltr'>’Λρτοξάρης</span> <span class='ocrx_word' id='word_1_429' title='bbox 2657 2111 2794 2167; x_wconf 79' lang='grc' dir='ltr'>ἐτῶν</span> <span class='ocrx_word' id='word_1_430' title='bbox 2846 2112 2950 2184; x_wconf 75' lang='grc' dir='ltr'>ήδη</span> <span class='ocrx_word' id='word_1_431' title='bbox 2970 2110 3047 2165; x_wconf 81' lang='grc' dir='ltr'>ὣν</span> <span class='ocrx_word' id='word_1_432' title='bbox 3081 2111 3279 2176; x_wconf 83' lang='grc' dir='ltr'>είκοσι,</span> <span class='ocrx_word' id='word_1_433' title='bbox 3338 2112 3434 2166; x_wconf 78' lang='grc' dir='ltr'>καὶ</span> <span class='ocrx_word' id='word_1_434' title='bbox 3498 2112 3751 2182; x_wconf 82' lang='grc' dir='ltr'>Πετήσας</span> <span class='ocrx_word' id='word_1_435' title='bbox 3780 2112 3876 2164; x_wconf 77' lang='lat'>“6</span> 
     </span>
    </p>
   </div>
   <div class='ocr_carea' id='block_1_65' title="bbox 2287 2202 3876 2279">
    <p class='ocr_par' dir='ltr' id='par_1_65' title="bbox 2287 2202 3876 2279">
     <span class='ocr_line' id='line_1_65' title="bbox 2287 2202 3876 2279; baseline -0.002 -17"><span class='ocrx_word' id='word_1_436' title='bbox 2287 2208 2540 2279; x_wconf 84' lang='grc' dir='ltr'>Οὐσίριος</span> <span class='ocrx_word' id='word_1_437' title='bbox 2588 2206 2684 2260; x_wconf 79' lang='grc' dir='ltr'><strong>καὶ</strong></span> <span class='ocrx_word' id='word_1_438' title='bbox 2716 2205 2973 2276; x_wconf 88' lang='grc' dir='ltr'>Σπιτάμα</span> <span class='ocrx_word' id='word_1_439' title='bbox 3004 2205 3209 2279; x_wconf 86' lang='grc' dir='ltr'>πατήρ.</span> <span class='ocrx_word' id='word_1_440' title='bbox 3244 2203 3371 2276; x_wconf 68' lang='grc'><strong>[124</strong></span> <span class='ocrx_word' id='word_1_441' title='bbox 3401 2202 3493 2276; x_wconf 83' lang='lat' dir='ltr'><strong>R.]</strong></span> <span class='ocrx_word' id='word_1_442' title='bbox 3534 2203 3755 2265; x_wconf 76' lang='grc' dir='ltr'><strong>Πολλοῖς</strong></span> <span class='ocrx_word' id='word_1_443' title='bbox 3778 2202 3876 2259; x_wconf 79' lang='grc' dir='ltr'>οὖν</span> 
     </span>
    </p>
   </div>
   <div class='ocr_carea' id='block_1_66' title="bbox 2285 2293 3873 2369">
    <p class='ocr_par' dir='ltr' id='par_1_66' title="bbox 2285 2293 3873 2369">
     <span class='ocr_line' id='line_1_66' title="bbox 2285 2293 3873 2369; baseline -0.003 -15"><span class='ocrx_word' id='word_1_444' title='bbox 2285 2300 2471 2369; x_wconf 82' lang='grc' dir='ltr'><strong>ὅρκοις</strong></span> <span class='ocrx_word' id='word_1_445' title='bbox 2524 2297 2622 2352; x_wconf 79' lang='grc' dir='ltr'>καὶ</span> <span class='ocrx_word' id='word_1_446' title='bbox 2683 2297 2867 2366; x_wconf 84' lang='grc' dir='ltr'>λόγοις</span> <span class='ocrx_word' id='word_1_447' title='bbox 2938 2296 3460 2368; x_wconf 82' lang='grc' dir='ltr'>πληροφορήσαντες</span> <span class='ocrx_word' id='word_1_448' title='bbox 3541 2293 3873 2364; x_wconf 79' lang='grc' dir='ltr'>Μεγάβυζον</span> 
     </span>
    </p>
   </div>
   <div class='ocr_carea' id='block_1_67' title="bbox 2289 2385 3873 2465">
    <p class='ocr_par' dir='ltr' id='par_1_67' title="bbox 2289 2385 3873 2465">
     <span class='ocr_line' id='line_1_67' title="bbox 2289 2385 3873 2465; baseline -0.002 -21"><span class='ocrx_word' id='word_1_449' title='bbox 2289 2390 2442 2461; x_wconf 81' lang='grc' dir='ltr'>μόλις</span> <span class='ocrx_word' id='word_1_450' title='bbox 2499 2388 2654 2465; x_wconf 74' lang='grc' dir='ltr'>ὅμως</span> <span class='ocrx_word' id='word_1_451' title='bbox 2688 2388 2937 2443; x_wconf 86' lang='grc' dir='ltr'>πείθουσι</span> <span class='ocrx_word' id='word_1_452' title='bbox 2972 2387 3111 2457; x_wconf 80' lang='grc' dir='ltr'>πρὸς</span> <span class='ocrx_word' id='word_1_453' title='bbox 3159 2386 3387 2458; x_wconf 83' lang='grc' dir='ltr'>βασιλέα</span> <span class='ocrx_word' id='word_1_454' title='bbox 3438 2385 3873 2458; x_wconf 81' lang='grc' dir='ltr'>παραγενέσθαι.</span> 
     </span>
    </p>
   </div>
   <div class='ocr_carea' id='block_1_68' title="bbox 2283 2478 3874 2554">
    <p class='ocr_par' dir='ltr' id='par_1_68' title="bbox 2283 2478 3874 2554">
     <span class='ocr_line' id='line_1_68' title="bbox 2283 2478 3874 2554; baseline -0.004 -17"><span class='ocrx_word' id='word_1_455' title='bbox 2283 2484 2381 2537; x_wconf 75' lang='grc' dir='ltr'>καὶ</span> <span class='ocrx_word' id='word_1_456' title='bbox 2430 2483 2683 2554; x_wconf 76' lang='grc' dir='ltr'>βασιλεὺς</span> <span class='ocrx_word' id='word_1_457' title='bbox 2730 2482 2883 2546; x_wconf 82' lang='grc' dir='ltr'>τέλος</span> <span class='ocrx_word' id='word_1_458' title='bbox 2938 2480 3027 2553; x_wconf 82' lang='lat'><strong>[6|</strong></span> <span class='ocrx_word' id='word_1_459' title='bbox 3065 2478 3155 2553; x_wconf 81' lang='lat' dir='ltr'><strong>ll.]</strong></span> <span class='ocrx_word' id='word_1_460' title='bbox 3179 2479 3396 2551; x_wconf 79' lang='grc' dir='ltr'>ἔπεμπε</span> <span class='ocrx_word' id='word_1_461' title='bbox 3435 2479 3874 2551; x_wconf 77' lang='grc' dir='ltr'>παραγενομένῳ</span> 
     </span>
    </p>
   </div>
   <div class='ocr_carea' id='block_1_69' title="bbox 2285 2572 3873 2647">
    <p class='ocr_par' dir='ltr' id='par_1_69' title="bbox 2285 2572 3873 2647">
     <span class='ocr_line' id='line_1_69' title="bbox 2285 2572 3873 2647; baseline -0.005 -16"><span class='ocrx_word' id='word_1_462' title='bbox 2285 2576 2619 2647; x_wconf 82' lang='grc' dir='ltr'>συγγνώμην</span> <span class='ocrx_word' id='word_1_463' title='bbox 2671 2575 2816 2646; x_wconf 74' lang='grc' dir='ltr'>ἔχειν</span> <span class='ocrx_word' id='word_1_464' title='bbox 2872 2574 2983 2628; x_wconf 79' lang='grc' dir='ltr'>τῶν</span> <span class='ocrx_word' id='word_1_465' title='bbox 3042 2573 3476 2644; x_wconf 78' lang='grc' dir='ltr'>ἡμαρτημένων.</span> <span class='ocrx_word' id='word_1_466' title='bbox 3554 2572 3873 2642; x_wconf 79' lang='grc' dir='ltr'>Ἐξέρχεται</span> 
     </span>
    </p>
   </div>
   <div class='ocr_carea' id='block_1_70' title="bbox 2285 2662 3870 2740">
    <p class='ocr_par' dir='ltr' id='par_1_70' title="bbox 2285 2662 3870 2740">
     <span class='ocr_line' id='line_1_70' title="bbox 2285 2662 3870 2740; baseline -0.004 -18"><span class='ocrx_word' id='word_1_467' title='bbox 2285 2668 2540 2740; x_wconf 80' lang='grc' dir='ltr'>βασιλεὺς</span> <span class='ocrx_word' id='word_1_468' title='bbox 2572 2668 2666 2721; x_wconf 77' lang='grc' dir='ltr'>ἐπὶ</span> <span class='ocrx_word' id='word_1_469' title='bbox 2720 2667 2917 2739; x_wconf 83' lang='grc' dir='ltr'>θήραν,</span> <span class='ocrx_word' id='word_1_470' title='bbox 2991 2666 3087 2721; x_wconf 70' lang='grc' dir='ltr'>καὶ</span> <span class='ocrx_word' id='word_1_471' title='bbox 3142 2665 3282 2720; x_wconf 78' lang='grc' dir='ltr'>λέων</span> <span class='ocrx_word' id='word_1_472' title='bbox 3336 2664 3632 2733; x_wconf 83' lang='grc' dir='ltr'>ἐπέρχεται</span> <span class='ocrx_word' id='word_1_473' title='bbox 3697 2662 3870 2733; x_wconf 82' lang='grc' dir='ltr'>αύτῷ,</span> 
     </span>
    </p>
   </div>
   <div class='ocr_carea' id='block_1_71' title="bbox 2285 2755 3873 2832">
    <p class='ocr_par' dir='ltr' id='par_1_71' title="bbox 2285 2755 3873 2832">
     <span class='ocr_line' id='line_1_71' title="bbox 2285 2755 3873 2832; baseline -0.003 -18"><span class='ocrx_word' id='word_1_474' title='bbox 2285 2758 2562 2832; x_wconf 78' lang='grc' dir='ltr'>μετεώρου</span> <span class='ocrx_word' id='word_1_475' title='bbox 2591 2759 2649 2815; x_wconf 85' lang='grc' dir='ltr'>δὲ</span> <span class='ocrx_word' id='word_1_476' title='bbox 2686 2759 2991 2831; x_wconf 79' lang='grc' dir='ltr'>φερομένου</span> <span class='ocrx_word' id='word_1_477' title='bbox 3049 2757 3146 2813; x_wconf 80' lang='grc' dir='ltr'>τοῦ</span> <span class='ocrx_word' id='word_1_478' title='bbox 3174 2756 3368 2829; x_wconf 86' lang='grc' dir='ltr'>θηρίου</span> <span class='ocrx_word' id='word_1_479' title='bbox 3418 2755 3603 2829; x_wconf 84' lang='grc' dir='ltr'>βάλλει</span> <span class='ocrx_word' id='word_1_480' title='bbox 3632 2755 3873 2826; x_wconf 82' lang='grc' dir='ltr'>ἀκοντίῳ</span> 
     </span>
    </p>
   </div>
   <div class='ocr_carea' id='block_1_72' title="bbox 2288 2845 3873 2922">
    <p class='ocr_par' dir='ltr' id='par_1_72' title="bbox 2288 2845 3873 2922">
     <span class='ocr_line' id='line_1_72' title="bbox 2288 2845 3873 2922; baseline -0.007 -13"><span class='ocrx_word' id='word_1_481' title='bbox 2288 2851 2619 2922; x_wconf 79' lang='grc' dir='ltr'>Μεγάϐυζος</span> <span class='ocrx_word' id='word_1_482' title='bbox 2642 2851 2739 2907; x_wconf 72' lang='grc' dir='ltr'><strong>καὶ</strong></span> <span class='ocrx_word' id='word_1_483' title='bbox 2786 2852 3032 2921; x_wconf 84' lang='grc' dir='ltr'>ἀναιρεῖ·</span> <span class='ocrx_word' id='word_1_484' title='bbox 3066 2851 3165 2905; x_wconf 70' lang='grc' dir='ltr'>καὶ</span> <span class='ocrx_word' id='word_1_485' title='bbox 3198 2848 3480 2922; x_wconf 74' lang='grc' dir='ltr'>ὀργίζεται</span> <span class='ocrx_word' id='word_1_486' title='bbox 3508 2845 3873 2919; x_wconf 78' lang='grc' dir='ltr'><strong>Ἀρτοξέρξης</strong></span> 
     </span>
    </p>
   </div>
   <div class='ocr_carea' id='block_1_73' title="bbox 2281 2939 3874 3019">
    <p class='ocr_par' dir='ltr' id='par_1_73' title="bbox 2281 2939 3874 3019">
     <span class='ocr_line' id='line_1_73' title="bbox 2281 2939 3874 3019; baseline -0.006 -19"><span class='ocrx_word' id='word_1_487' title='bbox 2281 2946 2364 3001; x_wconf 84' lang='grc' dir='ltr'>ὅτι</span> <span class='ocrx_word' id='word_1_488' title='bbox 2390 2946 2518 3019; x_wconf 74' lang='grc' dir='ltr'>πρὶν</span> <span class='ocrx_word' id='word_1_489' title='bbox 2540 2946 2573 3017; x_wconf 81' lang='grc' dir='ltr'>ἢ</span> <span class='ocrx_word' id='word_1_490' title='bbox 2601 2945 2766 3009; x_wconf 77' lang='grc' dir='ltr'>αύτδς</span> <span class='ocrx_word' id='word_1_491' title='bbox 2792 2945 2933 3019; x_wconf 81' lang='grc' dir='ltr'>τύχῃ</span> <span class='ocrx_word' id='word_1_492' title='bbox 2954 2943 3281 3014; x_wconf 77' lang='grc' dir='ltr'>Μεγάϐυζος</span> <span class='ocrx_word' id='word_1_493' title='bbox 3308 2941 3471 2995; x_wconf 81' lang='grc' dir='ltr'>ἔϐαλε</span> <span class='ocrx_word' id='word_1_494' title='bbox 3491 2940 3557 3003; x_wconf 79' lang='grc'><strong>¹⁶,</strong></span> <span class='ocrx_word' id='word_1_495' title='bbox 3582 2939 3679 2993; x_wconf 76' lang='grc' dir='ltr'>καὶ</span> <span class='ocrx_word' id='word_1_496' title='bbox 3699 2956 3874 3010; x_wconf 82' lang='grc' dir='ltr'>προσ-</span> 
     </span>
    </p>
   </div>
   <div class='ocr_carea' id='block_1_74' title="bbox 2279 3031 3871 3107">
    <p class='ocr_par' dir='ltr' id='par_1_74' title="bbox 2279 3031 3871 3107">
     <span class='ocr_line' id='line_1_74' title="bbox 2279 3031 3871 3107; baseline -0.005 -14"><span class='ocrx_word' id='word_1_497' title='bbox 2279 3040 2470 3093; x_wconf 80' lang='grc' dir='ltr'>τάσσει</span> <span class='ocrx_word' id='word_1_498' title='bbox 2520 3038 2621 3107; x_wconf 79' lang='grc' dir='ltr'>τὴν</span> <span class='ocrx_word' id='word_1_499' title='bbox 2684 3038 2936 3107; x_wconf 82' lang='grc' dir='ltr'>κεφαλὴν</span> <span class='ocrx_word' id='word_1_500' title='bbox 2966 3038 3060 3092; x_wconf 80' lang='grc' dir='ltr'>τὸν</span> <span class='ocrx_word' id='word_1_501' title='bbox 3094 3035 3423 3104; x_wconf 78' lang='grc' dir='ltr'>Μεγάϐυζον</span> <span class='ocrx_word' id='word_1_502' title='bbox 3457 3031 3871 3103; x_wconf 82' lang='grc' dir='ltr'>ἀποτμηθῆναι.</span> 
     </span>
    </p>
   </div>
   <div class='ocr_carea' id='block_1_75' title="bbox 2293 3125 3873 3201">
    <p class='ocr_par' dir='ltr' id='par_1_75' title="bbox 2293 3125 3873 3201">
     <span class='ocr_line' id='line_1_75' title="bbox 2293 3125 3873 3201; baseline -0.004 -18"><span class='ocrx_word' id='word_1_503' title='bbox 2293 3131 2619 3201; x_wconf 88' lang='grc' dir='ltr'>Ἀμήστριος</span> <span class='ocrx_word' id='word_1_504' title='bbox 2642 3129 2699 3183; x_wconf 78' lang='grc' dir='ltr'>δὲ</span> <span class='ocrx_word' id='word_1_505' title='bbox 2728 3130 2825 3183; x_wconf 75' lang='grc' dir='ltr'>καὶ</span> <span class='ocrx_word' id='word_1_506' title='bbox 2844 3128 3103 3200; x_wconf 84' lang='grc' dir='ltr'>Ἀμύτιος</span> <span class='ocrx_word' id='word_1_507' title='bbox 3128 3128 3221 3183; x_wconf 77' lang='grc' dir='ltr'>καὶ</span> <span class='ocrx_word' id='word_1_508' title='bbox 3248 3128 3358 3181; x_wconf 82' lang='grc' dir='ltr'><strong>τῶν</strong></span> <span class='ocrx_word' id='word_1_509' title='bbox 3383 3125 3637 3196; x_wconf 81' lang='grc' dir='ltr'>ἄλλωντῇ</span> <span class='ocrx_word' id='word_1_510' title='bbox 3665 3140 3873 3195; x_wconf 80' lang='grc' dir='ltr'>παραιο</span> 
     </span>
    </p>
   </div>
   <div class='ocr_carea' id='block_1_76' title="bbox 2280 3209 3874 3289">
    <p class='ocr_par' dir='ltr' id='par_1_76' title="bbox 2280 3209 3874 3289">
     <span class='ocr_line' id='line_1_76' title="bbox 2280 3209 3874 3289; baseline -0.006 -18"><span class='ocrx_word' id='word_1_511' title='bbox 2280 3219 2436 3289; x_wconf 85' lang='grc' dir='ltr'>τήσει</span> <span class='ocrx_word' id='word_1_512' title='bbox 2459 3217 2554 3272; x_wconf 78' lang='grc' dir='ltr'><strong>τοῦ</strong></span> <span class='ocrx_word' id='word_1_513' title='bbox 2588 3219 2689 3289; x_wconf 78' lang='grc' dir='ltr'>μὲν</span> <span class='ocrx_word' id='word_1_514' title='bbox 2734 3217 2965 3273; x_wconf 81' lang='grc' dir='ltr'>Θανάτου</span> <span class='ocrx_word' id='word_1_515' title='bbox 2999 3214 3212 3288; x_wconf 80' lang='grc' dir='ltr'>ῥύεται,</span> <span class='ocrx_word' id='word_1_516' title='bbox 3265 3215 3614 3274; x_wconf 84' lang='grc' dir='ltr'>ἀνάσπαστος</span> <span class='ocrx_word' id='word_1_517' title='bbox 3637 3211 3695 3264; x_wconf 76' lang='grc' dir='ltr'>δὲ</span> <span class='ocrx_word' id='word_1_518' title='bbox 3723 3209 3874 3279; x_wconf 90' lang='grc' dir='ltr'>γίνε-</span> 
     </span>
    </p>
   </div>
   <div class='ocr_carea' id='block_1_77' title="bbox 2280 3302 3870 3382">
    <p class='ocr_par' dir='ltr' id='par_1_77' title="bbox 2280 3302 3870 3382">
     <span class='ocr_line' id='line_1_77' title="bbox 2280 3302 3870 3382; baseline -0.004 -18"><span class='ocrx_word' id='word_1_519' title='bbox 2280 3328 2372 3364; x_wconf 91' lang='grc' dir='ltr'><strong>ται</strong></span> <span class='ocrx_word' id='word_1_520' title='bbox 2394 3312 2475 3375; x_wconf 88' lang='grc' dir='ltr'><strong>είς</strong></span> <span class='ocrx_word' id='word_1_521' title='bbox 2495 3312 2595 3382; x_wconf 80' lang='grc' dir='ltr'>τὴν</span> <span class='ocrx_word' id='word_1_522' title='bbox 2615 3308 2888 3382; x_wconf 78' lang='grc' dir='ltr'>Ἐρυθρὰν</span> <span class='ocrx_word' id='word_1_523' title='bbox 2917 3310 2976 3363; x_wconf 77' lang='grc' dir='ltr'><strong>ἐν</strong></span> <span class='ocrx_word' id='word_1_524' title='bbox 3003 3326 3109 3363; x_wconf 87' lang='grc' dir='ltr'>τινι</span> <span class='ocrx_word' id='word_1_525' title='bbox 3147 3307 3326 3373; x_wconf 84' lang='grc' dir='ltr'>πόλει,</span> <span class='ocrx_word' id='word_1_526' title='bbox 3367 3305 3597 3375; x_wconf 81' lang='grc' dir='ltr'>ὀνόματι</span> <span class='ocrx_word' id='word_1_527' title='bbox 3630 3302 3870 3374; x_wconf 83' lang='grc' dir='ltr'>Κύρται.</span> 
     </span>
    </p>
   </div>
   <div class='ocr_carea' id='block_1_78' title="bbox 2296 3394 3876 3472">
    <p class='ocr_par' dir='ltr' id='par_1_78' title="bbox 2296 3394 3876 3472">
     <span class='ocr_line' id='line_1_78' title="bbox 2296 3394 3876 3472; baseline -0.008 -18"><span class='ocrx_word' id='word_1_528' title='bbox 2296 3398 2631 3472; x_wconf 76' lang='grc' dir='ltr'>Ἐξορίζεται</span> <span class='ocrx_word' id='word_1_529' title='bbox 2658 3400 2715 3454; x_wconf 78' lang='grc' dir='ltr'>δὲ</span> <span class='ocrx_word' id='word_1_530' title='bbox 2741 3400 2833 3454; x_wconf 77' lang='grc' dir='ltr'><strong>καὶ</strong></span> <span class='ocrx_word' id='word_1_531' title='bbox 2858 3398 3193 3471; x_wconf 77' lang='grc' dir='ltr'>Ἀρτοξάρης</span> <span class='ocrx_word' id='word_1_532' title='bbox 3215 3398 3243 3451; x_wconf 90' lang='lat'><strong>6</strong></span> <span class='ocrx_word' id='word_1_533' title='bbox 3271 3394 3528 3466; x_wconf 80' lang='grc' dir='ltr'>εὐνοῦχος</span> <span class='ocrx_word' id='word_1_534' title='bbox 3553 3395 3635 3457; x_wconf 84' lang='grc' dir='ltr'><strong>είς</strong></span> <span class='ocrx_word' id='word_1_535' title='bbox 3672 3394 3876 3462; x_wconf 83' lang='grc' dir='ltr'>Ἀρμε-</span> 
     </span>
    </p>
   </div>
   <div class='ocr_carea' id='block_1_79' title="bbox 2282 3482 3871 3559">
    <p class='ocr_par' dir='ltr' id='par_1_79' title="bbox 2282 3482 3871 3559">
     <span class='ocr_line' id='line_1_79' title="bbox 2282 3482 3871 3559; baseline -0.006 -15"><span class='ocrx_word' id='word_1_536' title='bbox 2282 3489 2423 3554; x_wconf 89' lang='grc' dir='ltr'>νίαν,</span> <span class='ocrx_word' id='word_1_537' title='bbox 2480 3490 2564 3543; x_wconf 81' lang='grc' dir='ltr'>ὅτι</span> <span class='ocrx_word' id='word_1_538' title='bbox 2619 3488 2884 3553; x_wconf 88' lang='grc' dir='ltr'>πολλάκις</span> <span class='ocrx_word' id='word_1_539' title='bbox 2922 3488 3062 3559; x_wconf 82' lang='grc' dir='ltr'>ὑπὲρ</span> <span class='ocrx_word' id='word_1_540' title='bbox 3087 3484 3419 3555; x_wconf 78' lang='grc' dir='ltr'>Μεγαϐύζου</span> <span class='ocrx_word' id='word_1_541' title='bbox 3455 3482 3668 3553; x_wconf 81' lang='grc' dir='ltr'>βασιλεί</span> <span class='ocrx_word' id='word_1_542' title='bbox 3691 3482 3871 3554; x_wconf 78' lang='grc' dir='ltr'>ἐπαρ-</span> 
     </span>
    </p>
   </div>
   <div class='ocr_carea' id='block_1_80' title="bbox 2285 3573 3871 3651">
    <p class='ocr_par' dir='ltr' id='par_1_80' title="bbox 2285 3573 3871 3651">
     <span class='ocr_line' id='line_1_80' title="bbox 2285 3573 3871 3651; baseline 0.006 -21"><span class='ocrx_word' id='word_1_543' title='bbox 2285 3579 2605 3651; x_wconf 79' lang='grc' dir='ltr'>ρησιάσατο.</span> <span class='ocrx_word' id='word_1_544' title='bbox 2648 3578 2708 3632; x_wconf 88' lang='lat'><strong>&#39;0</strong></span> <span class='ocrx_word' id='word_1_545' title='bbox 2732 3579 2787 3632; x_wconf 84' lang='grc' dir='ltr'>δὲ</span> <span class='ocrx_word' id='word_1_546' title='bbox 2818 3578 3147 3648; x_wconf 76' lang='grc' dir='ltr'>Μεγάϐυζος</span> <span class='ocrx_word' id='word_1_547' title='bbox 3202 3577 3364 3631; x_wconf 86' lang='grc' dir='ltr'>πέντε</span> <span class='ocrx_word' id='word_1_548' title='bbox 3417 3574 3704 3643; x_wconf 75' lang='grc' dir='ltr'>διατρίψας</span> <span class='ocrx_word' id='word_1_549' title='bbox 3732 3575 3801 3644; x_wconf 70' lang='grc' dir='ltr'><strong>τῇ</strong></span> <span class='ocrx_word' id='word_1_550' title='bbox 3828 3573 3871 3605; x_wconf 77' lang='grc'><strong>⁸⁷</strong></span> 
     </span>
    </p>
   </div>
   <div class='ocr_carea' id='block_1_81' title="bbox 2284 3660 3875 3736">
    <p class='ocr_par' dir='ltr' id='par_1_81' title="bbox 2284 3660 3875 3736">
     <span class='ocr_line' id='line_1_81' title="bbox 2284 3660 3875 3736; baseline -0.004 -20"><span class='ocrx_word' id='word_1_551' title='bbox 2284 3663 2470 3735; x_wconf 75' lang='grc' dir='ltr'>ἐξορία</span> <span class='ocrx_word' id='word_1_552' title='bbox 2500 3664 2593 3735; x_wconf 78' lang='grc' dir='ltr'>ἔτη</span> <span class='ocrx_word' id='word_1_553' title='bbox 2614 3663 3019 3736; x_wconf 79' lang='grc' dir='ltr'>ἀποδιδράσκει,</span> <span class='ocrx_word' id='word_1_554' title='bbox 3053 3660 3373 3731; x_wconf 76' lang='grc' dir='ltr'>ὑποκριθεὶς</span> <span class='ocrx_word' id='word_1_555' title='bbox 3422 3660 3513 3713; x_wconf 85' lang='grc' dir='ltr'>τὸν</span> <span class='ocrx_word' id='word_1_556' title='bbox 3535 3660 3579 3691; x_wconf 78' lang='grc'><strong>¹⁸</strong></span> <span class='ocrx_word' id='word_1_557' title='bbox 3610 3660 3875 3727; x_wconf 80' lang='grc' dir='ltr'>πισάγαν·</span> 
     </span>
    </p>
   </div>
   <div class='ocr_carea' id='block_1_82' title="bbox 2287 3752 3880 3829">
    <p class='ocr_par' dir='ltr' id='par_1_82' title="bbox 2287 3752 3880 3829">
     <span class='ocr_line' id='line_1_82' title="bbox 2287 3752 3880 3829; baseline -0.004 -19"><span class='ocrx_word' id='word_1_558' title='bbox 2287 3759 2526 3825; x_wconf 83' lang='grc' dir='ltr'>πισάγας</span> <span class='ocrx_word' id='word_1_559' title='bbox 2568 3755 2626 3808; x_wconf 77' lang='grc' dir='ltr'>δὲ</span> <span class='ocrx_word' id='word_1_560' title='bbox 2672 3754 2890 3825; x_wconf 88' lang='grc' dir='ltr'>λέγεται</span> <span class='ocrx_word' id='word_1_561' title='bbox 2952 3754 3103 3829; x_wconf 83' lang='grc' dir='ltr'>παρά</span> <span class='ocrx_word' id='word_1_562' title='bbox 3158 3754 3399 3823; x_wconf 82' lang='grc' dir='ltr'>Πέρσαις</span> <span class='ocrx_word' id='word_1_563' title='bbox 3430 3753 3459 3805; x_wconf 86' lang='lat'><strong>6</strong></span> <span class='ocrx_word' id='word_1_564' title='bbox 3492 3752 3719 3822; x_wconf 83' lang='grc' dir='ltr'>λεπρὸς,</span> <span class='ocrx_word' id='word_1_565' title='bbox 3779 3752 3880 3805; x_wconf 73' lang='grc' dir='ltr'><strong>καὶ</strong></span> 
     </span>
    </p>
   </div>
   <div class='ocr_carea' id='block_1_83' title="bbox 2286 3847 3878 3923">
    <p class='ocr_par' dir='ltr' id='par_1_83' title="bbox 2286 3847 3878 3923">
     <span class='ocr_line' id='line_1_83' title="bbox 2286 3847 3878 3923; baseline -0.002 -16"><span class='ocrx_word' id='word_1_566' title='bbox 2286 3854 2403 3907; x_wconf 82' lang='grc' dir='ltr'>ἐστι</span> <span class='ocrx_word' id='word_1_567' title='bbox 2451 3855 2616 3905; x_wconf 70' lang='grc' dir='ltr'>πᾶσιν</span> <span class='ocrx_word' id='word_1_568' title='bbox 2668 3851 2989 3923; x_wconf 82' lang='grc' dir='ltr'>ἀπρόσιτος.</span> <span class='ocrx_word' id='word_1_569' title='bbox 3043 3847 3318 3921; x_wconf 73' lang='grc' dir='ltr'>Ἀποδρὰς</span> <span class='ocrx_word' id='word_1_570' title='bbox 3358 3848 3455 3903; x_wconf 81' lang='grc' dir='ltr'><strong>οὖν</strong></span> <span class='ocrx_word' id='word_1_571' title='bbox 3505 3849 3878 3920; x_wconf 88' lang='grc' dir='ltr'>παραγίνεται</span> 
     </span>
    </p>
   </div>
   <div class='ocr_carea' id='block_1_84' title="bbox 2287 3938 3876 4016">
    <p class='ocr_par' dir='ltr' id='par_1_84' title="bbox 2287 3938 3876 4016">
     <span class='ocr_line' id='line_1_84' title="bbox 2287 3938 3876 4016; baseline -0.001 -19"><span class='ocrx_word' id='word_1_572' title='bbox 2287 3945 2425 4016; x_wconf 78' lang='grc' dir='ltr'>πρὸς</span> <span class='ocrx_word' id='word_1_573' title='bbox 2447 3945 2505 3997; x_wconf 84' lang='grc' dir='ltr'><strong>Ἀ</strong></span> <span class='ocrx_word' id='word_1_574' title='bbox 2517 3943 2677 4014; x_wconf 82' lang='grc' dir='ltr'>μύτιν</span> <span class='ocrx_word' id='word_1_575' title='bbox 2708 3943 2804 3996; x_wconf 76' lang='grc' dir='ltr'>καὶ</span> <span class='ocrx_word' id='word_1_576' title='bbox 2826 3942 2918 3996; x_wconf 76' lang='grc' dir='ltr'><strong>τὸν</strong></span> <span class='ocrx_word' id='word_1_577' title='bbox 2930 3938 3100 4008; x_wconf 73' lang='grc' dir='ltr'>οἷκον,</span> <span class='ocrx_word' id='word_1_578' title='bbox 3129 3941 3226 3995; x_wconf 78' lang='grc' dir='ltr'>καὶ</span> <span class='ocrx_word' id='word_1_579' title='bbox 3248 3940 3406 4010; x_wconf 87' lang='grc' dir='ltr'>μόλις</span> <span class='ocrx_word' id='word_1_580' title='bbox 3421 3938 3876 4010; x_wconf 88' lang='grc' dir='ltr'>ἐπιγινώσκεται.</span> 
     </span>
    </p>
   </div>
   <div class='ocr_carea' id='block_1_85' title="bbox 2289 4031 3877 4106">
    <p class='ocr_par' dir='ltr' id='par_1_85' title="bbox 2289 4031 3877 4106">
     <span class='ocr_line' id='line_1_85' title="bbox 2289 4031 3877 4106; baseline -0.001 -17"><span class='ocrx_word' id='word_1_581' title='bbox 2289 4034 2402 4089; x_wconf 72' lang='grc' dir='ltr'><strong>Καὶ</strong></span> <span class='ocrx_word' id='word_1_582' title='bbox 2434 4035 2503 4090; x_wconf 83' lang='grc' dir='ltr'>δι’</span> <span class='ocrx_word' id='word_1_583' title='bbox 2543 4035 2870 4106; x_wconf 78' lang='grc' dir='ltr'>Ἀμήστριος</span> <span class='ocrx_word' id='word_1_584' title='bbox 2931 4033 3027 4087; x_wconf 73' lang='grc' dir='ltr'>καὶ</span> <span class='ocrx_word' id='word_1_585' title='bbox 3070 4031 3387 4102; x_wconf 78' lang='grc' dir='ltr'>Ἀμύτιος⁸⁹</span> <span class='ocrx_word' id='word_1_586' title='bbox 3435 4031 3877 4087; x_wconf 87' lang='grc' dir='ltr'>καταλλάσσεται</span> 
     </span>
    </p>
   </div>
   <div class='ocr_carea' id='block_1_86' title="bbox 2289 4123 3880 4198">
    <p class='ocr_par' dir='ltr' id='par_1_86' title="bbox 2289 4123 3880 4198">
     <span class='ocr_line' id='line_1_86' title="bbox 2289 4123 3880 4198; baseline -0.001 -16"><span class='ocrx_word' id='word_1_587' title='bbox 2289 4129 2319 4182; x_wconf 88' lang='lat'><strong>6</strong></span> <span class='ocrx_word' id='word_1_588' title='bbox 2352 4126 2626 4198; x_wconf 74' lang='grc' dir='ltr'>βασιλεὺς,</span> <span class='ocrx_word' id='word_1_589' title='bbox 2671 4127 2767 4181; x_wconf 70' lang='grc' dir='ltr'><strong>καὶ</strong></span> <span class='ocrx_word' id='word_1_590' title='bbox 2809 4127 2955 4179; x_wconf 84' lang='grc' dir='ltr'>ποιεῖ</span> <span class='ocrx_word' id='word_1_591' title='bbox 2980 4124 3145 4179; x_wconf 81' lang='grc' dir='ltr'>αὑτὸν</span> <span class='ocrx_word' id='word_1_592' title='bbox 3174 4124 3254 4188; x_wconf 81' lang='grc' dir='ltr'>ὡς</span> <span class='ocrx_word' id='word_1_593' title='bbox 3283 4124 3345 4178; x_wconf 81' lang='grc' dir='ltr'>τὸ</span> <span class='ocrx_word' id='word_1_594' title='bbox 3368 4123 3607 4197; x_wconf 83' lang='grc' dir='ltr'>πρόσθεν</span> <span class='ocrx_word' id='word_1_595' title='bbox 3630 4125 3880 4198; x_wconf 84' lang='grc' dir='ltr'>ὁμοτρά-</span> 
     </span>
    </p>
   </div>
   <div class='ocr_carea' id='block_1_87' title="bbox 2290 4216 3877 4290">
    <p class='ocr_par' dir='ltr' id='par_1_87' title="bbox 2290 4216 3877 4290">
     <span class='ocr_line' id='line_1_87' title="bbox 2290 4216 3877 4290; baseline 0.001 -17"><span class='ocrx_word' id='word_1_596' title='bbox 2290 4220 2474 4285; x_wconf 79' lang='grc' dir='ltr'>πεζον.</span> <span class='ocrx_word' id='word_1_597' title='bbox 2533 4221 2716 4290; x_wconf 84' lang='grc' dir='ltr'>Ζήσας</span> <span class='ocrx_word' id='word_1_598' title='bbox 2745 4220 2801 4273; x_wconf 85' lang='grc' dir='ltr'>δὲ</span> <span class='ocrx_word' id='word_1_599' title='bbox 2825 4219 2885 4284; x_wconf 76' lang='grc' dir='ltr'>ἐξ</span> <span class='ocrx_word' id='word_1_600' title='bbox 2916 4218 3013 4273; x_wconf 77' lang='grc' dir='ltr'>καὶ</span> <span class='ocrx_word' id='word_1_601' title='bbox 3058 4218 3432 4290; x_wconf 84' lang='grc' dir='ltr'>ἐϐδομήκοντα</span> <span class='ocrx_word' id='word_1_602' title='bbox 3477 4216 3573 4290; x_wconf 73' lang='grc' dir='ltr'>ἔτη</span> <span class='ocrx_word' id='word_1_603' title='bbox 3608 4218 3877 4288; x_wconf 83' lang='grc' dir='ltr'>ἀπέθανε,</span> 
     </span>
    </p>
   </div>
   <div class='ocr_carea' id='block_1_88' title="bbox 2290 4310 3164 4382">
    <p class='ocr_par' dir='ltr' id='par_1_88' title="bbox 2290 4310 3164 4382">
     <span class='ocr_line' id='line_1_88' title="bbox 2290 4310 3164 4382; baseline 0.001 -18"><span class='ocrx_word' id='word_1_604' title='bbox 2290 4314 2386 4365; x_wconf 76' lang='grc' dir='ltr'>καὶ</span> <span class='ocrx_word' id='word_1_605' title='bbox 2415 4311 2595 4382; x_wconf 87' lang='grc' dir='ltr'>κάρτα</span> <span class='ocrx_word' id='word_1_606' title='bbox 2620 4310 2857 4382; x_wconf 81' lang='grc' dir='ltr'><strong>ἠχθέσθη</strong></span> <span class='ocrx_word' id='word_1_607' title='bbox 2890 4310 3164 4382; x_wconf 88' lang='grc' dir='ltr'>βασιλεύς.</span> 
     </span>
    </p>
   </div>
   <div class='ocr_carea' id='block_1_89' title="bbox 1050 4399 3879 4475">
    <p class='ocr_par' dir='ltr' id='par_1_89' title="bbox 1050 4399 3879 4475">
     <span class='ocr_line' id='line_1_89' title="bbox 1050 4399 3879 4475; baseline 0.002 -21"><span class='ocrx_word' id='word_1_608' title='bbox 1050 4418 1064 4454; x_wconf 88' lang='lat'><strong>:</strong></span> <span class='ocrx_word' id='word_1_609' title='bbox 1120 4401 1213 4472; x_wconf 94' lang='lat' dir='ltr'><strong>qui</strong></span> <span class='ocrx_word' id='word_1_610' title='bbox 1277 4415 1425 4464; x_wconf 91' lang='lat' dir='ltr'><strong>eum,</strong></span> <span class='ocrx_word' id='word_1_611' title='bbox 1484 4403 1559 4455; x_wconf 93' lang='lat' dir='ltr'><strong>uti</strong></span> <span class='ocrx_word' id='word_1_612' title='bbox 1598 4413 1781 4465; x_wconf 89' lang='lat' dir='ltr'><strong>antea,</strong></span> <span class='ocrx_word' id='word_1_613' title='bbox 1825 4417 1937 4454; x_wconf 70' lang='lat' dir='ltr'><strong>suae</strong></span> <span class='ocrx_word' id='word_1_614' title='bbox 1990 4415 2191 4456; x_wconf 68' lang='lat' dir='ltr'><strong>mensae</strong></span> <span class='ocrx_word' id='word_1_615' title='bbox 2229 4402 2551 4469; x_wconf 88' lang='lat' dir='ltr'><strong>participem</strong></span> <span class='ocrx_word' id='word_1_616' title='bbox 2606 4401 2754 4457; x_wconf 78' lang='lat' dir='ltr'><strong>fecit.</strong></span> <span class='ocrx_word' id='word_1_617' title='bbox 2790 4399 2987 4457; x_wconf 84' lang='lat' dir='ltr'><strong>Verum</strong></span> <span class='ocrx_word' id='word_1_618' title='bbox 3035 4416 3160 4456; x_wconf 89' lang='lat' dir='ltr'><strong>cum</strong></span> <span class='ocrx_word' id='word_1_619' title='bbox 3197 4414 3291 4456; x_wconf 90' lang='lat' dir='ltr'><strong>sex</strong></span> <span class='ocrx_word' id='word_1_620' title='bbox 3327 4401 3441 4472; x_wconf 87' lang='lat' dir='ltr'><strong>jam</strong></span> <span class='ocrx_word' id='word_1_621' title='bbox 3520 4412 3576 4457; x_wconf 88' lang='lat' dir='ltr'><strong>et</strong></span> <span class='ocrx_word' id='word_1_622' title='bbox 3654 4414 3879 4475; x_wconf 83' lang='lat' dir='ltr'><strong>septua-</strong></span> 
     </span>
    </p>
   </div>
   <div class='ocr_carea' id='block_1_90' title="bbox 606 4490 2411 4560">
    <p class='ocr_par' dir='ltr' id='par_1_90' title="bbox 606 4490 2411 4560">
     <span class='ocr_line' id='line_1_90' title="bbox 606 4490 2411 4560; baseline 0.002 -20"><span class='ocrx_word' id='word_1_623' title='bbox 606 4492 758 4557; x_wconf 82' lang='lat' dir='ltr'><strong>ginta</strong></span> <span class='ocrx_word' id='word_1_624' title='bbox 787 4490 1013 4546; x_wconf 81' lang='lat' dir='ltr'><strong>vixisset</strong></span> <span class='ocrx_word' id='word_1_625' title='bbox 1042 4506 1234 4556; x_wconf 88' lang='lat' dir='ltr'><strong>annos,</strong></span> <span class='ocrx_word' id='word_1_626' title='bbox 1272 4505 1468 4560; x_wconf 88' lang='lat' dir='ltr'><strong>magno</strong></span> <span class='ocrx_word' id='word_1_627' title='bbox 1501 4491 1641 4560; x_wconf 88' lang='lat' dir='ltr'><strong>regis</strong></span> <span class='ocrx_word' id='word_1_628' title='bbox 1667 4507 1789 4545; x_wconf 90' lang='lat' dir='ltr'><strong>cum</strong></span> <span class='ocrx_word' id='word_1_629' title='bbox 1819 4490 2005 4545; x_wconf 89' lang='lat' dir='ltr'><strong>dolore</strong></span> <span class='ocrx_word' id='word_1_630' title='bbox 2035 4499 2281 4545; x_wconf 89' lang='lat' dir='ltr'><strong>mortuus</strong></span> <span class='ocrx_word' id='word_1_631' title='bbox 2305 4497 2411 4544; x_wconf 87' lang='lat' dir='ltr'><strong>est.</strong></span> 
     </span>
    </p>
   </div>
   <div class='ocr_carea' id='block_1_91' title="bbox 677 4576 2184 4654">
    <p class='ocr_par' dir='ltr' id='par_1_91' title="bbox 677 4578 2184 4650">
     <span class='ocr_line' id='line_1_91' title="bbox 677 4578 2184 4650; baseline -0.001 -15"><span class='ocrx_word' id='word_1_632' title='bbox 677 4578 806 4635; x_wconf 82' lang='lat' dir='ltr'><strong>Post</strong></span> <span class='ocrx_word' id='word_1_633' title='bbox 850 4578 1128 4650; x_wconf 80' lang='lat' dir='ltr'><strong>Megabyzi</strong></span> <span class='ocrx_word' id='word_1_634' title='bbox 1179 4589 1430 4643; x_wconf 78' lang='lat' dir='ltr'><strong>mortem,</strong></span> <span class='ocrx_word' id='word_1_635' title='bbox 1484 4595 1607 4633; x_wconf 90' lang='lat' dir='ltr'><strong>cum</strong></span> <span class='ocrx_word' id='word_1_636' title='bbox 1656 4580 1842 4634; x_wconf 89' lang='lat' dir='ltr'><strong>multis</strong></span> <span class='ocrx_word' id='word_1_637' title='bbox 1888 4578 2184 4633; x_wconf 88' lang='lat' dir='ltr'><strong>admodum</strong></span> 
     </span>
    </p>
   </div>
   <div class='ocr_carea' id='block_1_92' title="bbox 2285 4576 3880 4654">
    <p class='ocr_par' dir='ltr' id='par_1_92' title="bbox 2368 4576 3880 4654">
     <span class='ocr_line' id='line_1_92' title="bbox 2368 4576 3880 4654; baseline 0.005 -22"><span class='ocrx_word' id='word_1_638' title='bbox 2368 4578 2802 4651; x_wconf 81' lang='grc' dir='ltr'>Τελευτήσαντος</span> <span class='ocrx_word' id='word_1_639' title='bbox 2853 4579 2911 4634; x_wconf 79' lang='grc' dir='ltr'>δὲ</span> <span class='ocrx_word' id='word_1_640' title='bbox 2952 4579 3280 4649; x_wconf 76' lang='grc' dir='ltr'>Μεγαϐύζου</span> <span class='ocrx_word' id='word_1_641' title='bbox 3322 4579 3503 4652; x_wconf 85' lang='grc' dir='ltr'>κάρτα</span> <span class='ocrx_word' id='word_1_642' title='bbox 3533 4576 3604 4653; x_wconf 78' lang='grc' dir='ltr'>ἦν</span> <span class='ocrx_word' id='word_1_643' title='bbox 3644 4580 3880 4654; x_wconf 84' lang='grc' dir='ltr'>Ἀμύτις</span> 
     </span>
    </p>
   </div>
   <div class='ocr_carea' id='block_1_93' title="bbox 609 4674 2190 4746">
    <p class='ocr_par' dir='ltr' id='par_1_93' title="bbox 609 4674 2190 4746">
     <span class='ocr_line' id='line_1_93' title="bbox 609 4674 2190 4746; baseline 0.001 -20"><span class='ocrx_word' id='word_1_644' title='bbox 609 4674 743 4729; x_wconf 89' lang='lat' dir='ltr'><strong>viris</strong></span> <span class='ocrx_word' id='word_1_645' title='bbox 774 4675 984 4746; x_wconf 79' lang='lat' dir='ltr'><strong>Amytis</strong></span> <span class='ocrx_word' id='word_1_646' title='bbox 1015 4675 1428 4735; x_wconf 83' lang='lat' dir='ltr'><strong>consuescebat,</strong></span> <span class='ocrx_word' id='word_1_647' title='bbox 1457 4682 1516 4725; x_wconf 89' lang='lat' dir='ltr'><strong>ut</strong></span> <span class='ocrx_word' id='word_1_648' title='bbox 1548 4684 1674 4727; x_wconf 85' lang='lat' dir='ltr'><strong>ante</strong></span> <span class='ocrx_word' id='word_1_649' title='bbox 1709 4687 1829 4726; x_wconf 92' lang='lat' dir='ltr'><strong>eam</strong></span> <span class='ocrx_word' id='word_1_650' title='bbox 1858 4681 2030 4727; x_wconf 90' lang='lat' dir='ltr'><strong>mater</strong></span> <span class='ocrx_word' id='word_1_651' title='bbox 2051 4688 2190 4742; x_wconf 84' lang='lat' dir='ltr'><strong>quo-</strong></span> 
     </span>
    </p>
   </div>
   <div class='ocr_carea' id='block_1_94' title="bbox 612 4760 2190 4834">
    <p class='ocr_par' dir='ltr' id='par_1_94' title="bbox 612 4760 2190 4834">
     <span class='ocr_line' id='line_1_94' title="bbox 612 4760 2190 4834; baseline -0.002 -16"><span class='ocrx_word' id='word_1_652' title='bbox 612 4778 718 4834; x_wconf 84' lang='lat' dir='ltr'><strong>que</strong></span> <span class='ocrx_word' id='word_1_653' title='bbox 744 4763 1019 4818; x_wconf 79' lang='lat' dir='ltr'><strong>Amistris.</strong></span> <span class='ocrx_word' id='word_1_654' title='bbox 1067 4761 1452 4832; x_wconf 84' lang='lat' dir='ltr'><strong>Appullonidcs</strong></span> <span class='ocrx_word' id='word_1_655' title='bbox 1502 4776 1652 4831; x_wconf 79' lang='lat' dir='ltr'><strong>ergo,</strong></span> <span class='ocrx_word' id='word_1_656' title='bbox 1684 4760 1832 4816; x_wconf 89' lang='lat' dir='ltr'><strong>Cous</strong></span> <span class='ocrx_word' id='word_1_657' title='bbox 1877 4761 1968 4815; x_wconf 90' lang='lat' dir='ltr'><strong>ille</strong></span> <span class='ocrx_word' id='word_1_658' title='bbox 2016 4762 2190 4816; x_wconf 90' lang='lat' dir='ltr'><strong>medi-</strong></span> 
     </span>
    </p>
   </div>
   <div class='ocr_carea' id='block_1_95' title="bbox 608 4848 2193 4921">
    <p class='ocr_par' dir='ltr' id='par_1_95' title="bbox 608 4848 2193 4921">
     <span class='ocr_line' id='line_1_95' title="bbox 608 4848 2193 4921; baseline -0.002 -15"><span class='ocrx_word' id='word_1_659' title='bbox 608 4865 730 4917; x_wconf 89' lang='lat' dir='ltr'><strong>cus,</strong></span> <span class='ocrx_word' id='word_1_660' title='bbox 778 4865 902 4906; x_wconf 91' lang='lat' dir='ltr'><strong>cum</strong></span> <span class='ocrx_word' id='word_1_661' title='bbox 949 4851 1159 4921; x_wconf 83' lang='lat' dir='ltr'><strong>Amytis</strong></span> <span class='ocrx_word' id='word_1_662' title='bbox 1204 4848 1396 4903; x_wconf 81' lang='lat' dir='ltr'><strong>leviter</strong></span> <span class='ocrx_word' id='word_1_663' title='bbox 1438 4857 1751 4918; x_wconf 69' lang='lat' dir='ltr'><strong>aegrotaret,</strong></span> <span class='ocrx_word' id='word_1_664' title='bbox 1798 4857 1855 4903; x_wconf 82' lang='lat' dir='ltr'><strong>et</strong></span> <span class='ocrx_word' id='word_1_665' title='bbox 1901 4849 2021 4918; x_wconf 82' lang='lat' dir='ltr'><strong>ejus</strong></span> <span class='ocrx_word' id='word_1_666' title='bbox 2075 4850 2193 4919; x_wconf 89' lang='lat' dir='ltr'><strong>ipse</strong></span> 
     </span>
    </p>
   </div>
   <div class='ocr_carea' id='block_1_96' title="bbox 612 4940 2190 5011">
    <p class='ocr_par' dir='ltr' id='par_1_96' title="bbox 612 4940 2190 5011">
     <span class='ocr_line' id='line_1_96' title="bbox 612 4940 2190 5011; baseline 0.001 -16"><span class='ocrx_word' id='word_1_667' title='bbox 612 4955 801 4995; x_wconf 87' lang='lat' dir='ltr'><strong>amore</strong></span> <span class='ocrx_word' id='word_1_668' title='bbox 831 4953 1028 5011; x_wconf 88' lang='lat' dir='ltr'><strong>captus</strong></span> <span class='ocrx_word' id='word_1_669' title='bbox 1074 4952 1239 5008; x_wconf 86' lang='lat' dir='ltr'><strong>esset,</strong></span> <span class='ocrx_word' id='word_1_670' title='bbox 1282 4940 1399 4997; x_wconf 78' lang='lat' dir='ltr'><strong>[ore</strong></span> <span class='ocrx_word' id='word_1_671' title='bbox 1428 4940 1569 4996; x_wconf 73' lang='lat' dir='ltr'><strong>dixit</strong></span> <span class='ocrx_word' id='word_1_672' title='bbox 1615 4949 1673 4994; x_wconf 93' lang='lat' dir='ltr'><strong>ut</strong></span> <span class='ocrx_word' id='word_1_673' title='bbox 1720 4955 1784 4995; x_wconf 89' lang='lat' dir='ltr'><strong>ea</strong></span> <span class='ocrx_word' id='word_1_674' title='bbox 1821 4941 1874 4995; x_wconf 89' lang='lat' dir='ltr'><strong>in</strong></span> <span class='ocrx_word' id='word_1_675' title='bbox 1902 4941 2190 5009; x_wconf 83' lang='lat' dir='ltr'><strong>pristinam</strong></span> 
     </span>
    </p>
   </div>
   <div class='ocr_carea' id='block_1_97' title="bbox 613 5031 2191 5102">
    <p class='ocr_par' dir='ltr' id='par_1_97' title="bbox 613 5031 2191 5102">
     <span class='ocr_line' id='line_1_97' title="bbox 613 5031 2191 5102; baseline 0.002 -19"><span class='ocrx_word' id='word_1_676' title='bbox 613 5033 973 5088; x_wconf 85' lang='lat' dir='ltr'><strong>valetudinem</strong></span> <span class='ocrx_word' id='word_1_677' title='bbox 1013 5033 1414 5097; x_wconf 85' lang='lat' dir='ltr'><strong>restitueretur,</strong></span> <span class='ocrx_word' id='word_1_678' title='bbox 1453 5032 1497 5085; x_wconf 92' lang='lat' dir='ltr'><strong>si</strong></span> <span class='ocrx_word' id='word_1_679' title='bbox 1542 5048 1667 5085; x_wconf 86' lang='lat' dir='ltr'><strong>cum</strong></span> <span class='ocrx_word' id='word_1_680' title='bbox 1712 5031 1846 5086; x_wconf 84' lang='lat' dir='ltr'><strong>viris</strong></span> <span class='ocrx_word' id='word_1_681' title='bbox 1892 5031 2191 5102; x_wconf 86' lang='lat' dir='ltr'><strong>congrede-</strong></span> 
     </span>
    </p>
   </div>
   <div class='ocr_carea' id='block_1_98' title="bbox 616 5122 2190 5191">
    <p class='ocr_par' dir='ltr' id='par_1_98' title="bbox 616 5122 2190 5191">
     <span class='ocr_line' id='line_1_98' title="bbox 616 5122 2190 5191; baseline 0.001 -13"><span class='ocrx_word' id='word_1_682' title='bbox 616 5136 786 5191; x_wconf 89' lang='lat' dir='ltr'><strong>retur,</strong></span> <span class='ocrx_word' id='word_1_683' title='bbox 818 5141 940 5179; x_wconf 92' lang='lat' dir='ltr'><strong>nam</strong></span> <span class='ocrx_word' id='word_1_684' title='bbox 976 5124 1147 5178; x_wconf 71' lang='lat' dir='ltr'><strong>vulvae</strong></span> <span class='ocrx_word' id='word_1_685' title='bbox 1193 5124 1378 5178; x_wconf 81' lang='lat' dir='ltr'><strong>vexari</strong></span> <span class='ocrx_word' id='word_1_686' title='bbox 1419 5122 1629 5178; x_wconf 89' lang='lat' dir='ltr'><strong>morbo.</strong></span> <span class='ocrx_word' id='word_1_687' title='bbox 1663 5123 1793 5190; x_wconf 77' lang='lat' dir='ltr'><strong>ane</strong></span> <span class='ocrx_word' id='word_1_688' title='bbox 1835 5139 1958 5177; x_wconf 89' lang='lat' dir='ltr'><strong>cum</strong></span> <span class='ocrx_word' id='word_1_689' title='bbox 1998 5124 2072 5177; x_wconf 91' lang='lat' dir='ltr'><strong>illi</strong></span> <span class='ocrx_word' id='word_1_690' title='bbox 2098 5138 2190 5181; x_wconf 87' lang='lat' dir='ltr'><strong>ars</strong></span> 
     </span>
    </p>
   </div>
   <div class='ocr_carea' id='block_1_99' title="bbox 614 5215 2180 5283">
    <p class='ocr_par' dir='ltr' id='par_1_99' title="bbox 614 5215 2180 5283">
     <span class='ocr_line' id='line_1_99' title="bbox 614 5215 2180 5283; baseline 0 -14"><span class='ocrx_word' id='word_1_691' title='bbox 614 5232 683 5270; x_wconf 82' lang='lat' dir='ltr'><strong>ex</strong></span> <span class='ocrx_word' id='word_1_692' title='bbox 721 5226 849 5271; x_wconf 89' lang='lat' dir='ltr'><strong>voto</strong></span> <span class='ocrx_word' id='word_1_693' title='bbox 878 5217 1253 5281; x_wconf 85' lang='lat' dir='ltr'><strong>successisset,</strong></span> <span class='ocrx_word' id='word_1_694' title='bbox 1292 5225 1460 5283; x_wconf 89' lang='lat' dir='ltr'><strong>atque</strong></span> <span class='ocrx_word' id='word_1_695' title='bbox 1511 5230 1634 5267; x_wconf 88' lang='lat' dir='ltr'><strong>cum</strong></span> <span class='ocrx_word' id='word_1_696' title='bbox 1676 5230 1738 5268; x_wconf 89' lang='lat' dir='ltr'><strong>ea</strong></span> <span class='ocrx_word' id='word_1_697' title='bbox 1773 5215 2180 5281; x_wconf 87' lang='lat' dir='ltr'><strong>concubuisset,</strong></span> 
     </span>
    </p>
   </div>
   <div class='ocr_carea' id='block_1_100' title="bbox 611 5305 2194 5369">
    <p class='ocr_par' dir='ltr' id='par_1_100' title="bbox 611 5305 2194 5369">
     <span class='ocr_line' id='line_1_100' title="bbox 611 5305 2194 5369; baseline -0.001 -6"><span class='ocrx_word' id='word_1_698' title='bbox 611 5308 706 5363; x_wconf 92' lang='lat' dir='ltr'><strong>ubi</strong></span> <span class='ocrx_word' id='word_1_699' title='bbox 740 5306 996 5363; x_wconf 78' lang='lat' dir='ltr'><strong>feuiiuam</strong></span> <span class='ocrx_word' id='word_1_700' title='bbox 1062 5308 1451 5362; x_wconf 78' lang='lat' dir='ltr'><strong>coutabescere</strong></span> <span class='ocrx_word' id='word_1_701' title='bbox 1477 5305 1888 5369; x_wconf 80' lang='lat' dir='ltr'><strong>animadvertit,</strong></span> <span class='ocrx_word' id='word_1_702' title='bbox 1928 5308 2194 5362; x_wconf 86' lang='lat' dir='ltr'><strong>abstinuit</strong></span> 
     </span>
    </p>
   </div>
   <div class='ocr_carea' id='block_1_101' title="bbox 618 5403 2193 5474">
    <p class='ocr_par' dir='ltr' id='par_1_101' title="bbox 618 5403 2193 5474">
     <span class='ocr_line' id='line_1_101' title="bbox 618 5403 2193 5474; baseline -0.001 -16"><span class='ocrx_word' id='word_1_703' title='bbox 618 5422 650 5458; x_wconf 87' lang='lat' dir='ltr'><strong>a</strong></span> <span class='ocrx_word' id='word_1_704' title='bbox 694 5404 1113 5461; x_wconf 85' lang='lat' dir='ltr'><strong>consuetudine.</strong></span> <span class='ocrx_word' id='word_1_705' title='bbox 1160 5403 1328 5474; x_wconf 89' lang='lat' dir='ltr'><strong>Igitur</strong></span> <span class='ocrx_word' id='word_1_706' title='bbox 1365 5403 1475 5468; x_wconf 91' lang='lat' dir='ltr'><strong>illa,</strong></span> <span class='ocrx_word' id='word_1_707' title='bbox 1525 5412 1701 5456; x_wconf 89' lang='lat' dir='ltr'><strong>morte</strong></span> <span class='ocrx_word' id='word_1_708' title='bbox 1732 5403 2046 5469; x_wconf 79' lang='lat' dir='ltr'><strong>accedente,</strong></span> <span class='ocrx_word' id='word_1_709' title='bbox 2078 5419 2193 5456; x_wconf 86' lang='lat' dir='ltr'><strong>ma-</strong></span> 
     </span>
    </p>
   </div>
   <div class='ocr_carea' id='block_1_102' title="bbox 615 5492 2194 5567">
    <p class='ocr_par' dir='ltr' id='par_1_102' title="bbox 615 5492 2194 5567">
     <span class='ocr_line' id='line_1_102' title="bbox 615 5492 2194 5567; baseline -0.002 -16"><span class='ocrx_word' id='word_1_710' title='bbox 615 5496 689 5551; x_wconf 86' lang='lat' dir='ltr'><strong>tri</strong></span> <span class='ocrx_word' id='word_1_711' title='bbox 733 5495 955 5562; x_wconf 87' lang='lat' dir='ltr'><strong>indixit,</strong></span> <span class='ocrx_word' id='word_1_712' title='bbox 982 5494 1394 5567; x_wconf 85' lang='lat' dir='ltr'><strong>Appollonidem</strong></span> <span class='ocrx_word' id='word_1_713' title='bbox 1436 5503 1496 5548; x_wconf 93' lang='lat' dir='ltr'><strong>ut</strong></span> <span class='ocrx_word' id='word_1_714' title='bbox 1525 5492 1900 5547; x_wconf 87' lang='lat' dir='ltr'><strong>ulcisceretur.</strong></span> <span class='ocrx_word' id='word_1_715' title='bbox 1936 5493 2056 5547; x_wconf 66' lang='lat' dir='ltr'><strong>llaec</strong></span> <span class='ocrx_word' id='word_1_716' title='bbox 2080 5494 2194 5563; x_wconf 88' lang='lat' dir='ltr'><strong>regi</strong></span> 
     </span>
    </p>
   </div>
   <div class='ocr_carea' id='block_1_103' title="bbox 615 5585 2196 5658">
    <p class='ocr_par' dir='ltr' id='par_1_103' title="bbox 615 5585 2196 5658">
     <span class='ocr_line' id='line_1_103' title="bbox 615 5585 2196 5658; baseline -0.001 -14"><span class='ocrx_word' id='word_1_717' title='bbox 615 5587 714 5658; x_wconf 85' lang='lat' dir='ltr'><strong>ipsi</strong></span> <span class='ocrx_word' id='word_1_718' title='bbox 757 5588 1048 5643; x_wconf 81' lang='lat' dir='ltr'><strong>Artaxerxi</strong></span> <span class='ocrx_word' id='word_1_719' title='bbox 1090 5603 1203 5645; x_wconf 87' lang='lat' dir='ltr'><strong>rem</strong></span> <span class='ocrx_word' id='word_1_720' title='bbox 1246 5603 1464 5643; x_wconf 85' lang='lat' dir='ltr'><strong>onmem</strong></span> <span class='ocrx_word' id='word_1_721' title='bbox 1503 5585 1778 5654; x_wconf 81' lang='lat' dir='ltr'><strong>exposuit,</strong></span> <span class='ocrx_word' id='word_1_722' title='bbox 1820 5595 1875 5642; x_wconf 90' lang='lat' dir='ltr'><strong>et</strong></span> <span class='ocrx_word' id='word_1_723' title='bbox 1926 5589 2196 5658; x_wconf 88' lang='lat' dir='ltr'><strong>quomodo</strong></span> 
     </span>
    </p>
   </div>
   <div class='ocr_carea' id='block_1_104' title="bbox 1916 5703 2597 5767">
    <p class='ocr_par' dir='ltr' id='par_1_104' title="bbox 1916 5703 2597 5767">
     <span class='ocr_line' id='line_1_104' title="bbox 1916 5703 2597 5767; baseline 0.009 -8"><span class='ocrx_word' id='word_1_724' title='bbox 1916 5703 2152 5761; x_wconf 64' lang='lat' dir='ltr'><strong>VAlile</strong></span> <span class='ocrx_word' id='word_1_725' title='bbox 2184 5706 2597 5767; x_wconf 82' lang='lat' dir='ltr'><strong>LECTIONES.</strong></span> 
     </span>
    </p>
   </div>
   <div class='ocr_carea' id='block_1_105' title="bbox 688 5793 2981 5873">
    <p class='ocr_par' dir='ltr' id='par_1_105' title="bbox 688 5793 2981 5873">
     <span class='ocr_line' id='line_1_105' title="bbox 688 5793 2981 5873; baseline -0 -21"><span class='ocrx_word' id='word_1_726' title='bbox 688 5799 1012 5873; x_wconf 38' lang='lat'><strong>#361065.</strong></span> <span class='ocrx_word' id='word_1_727' title='bbox 1090 5799 1133 5831; x_wconf 80' lang='lat'>&quot;</span> <span class='ocrx_word' id='word_1_728' title='bbox 1166 5796 1399 5873; x_wconf 65' lang='grc' dir='ltr'>Πετίσας</span> <span class='ocrx_word' id='word_1_729' title='bbox 1435 5814 1495 5863; x_wconf 84' lang='grc' dir='ltr'>ς.</span> <span class='ocrx_word' id='word_1_730' title='bbox 1538 5798 1583 5833; x_wconf 71' lang='grc'><strong>’⁸</strong></span> <span class='ocrx_word' id='word_1_731' title='bbox 1612 5793 1835 5873; x_wconf 74' lang='grc' dir='ltr'>ἔϐαλλεν</span> <span class='ocrx_word' id='word_1_732' title='bbox 1869 5794 1932 5857; x_wconf 78' lang='grc' dir='ltr'><strong>Δ.</strong></span> <span class='ocrx_word' id='word_1_733' title='bbox 1997 5803 2039 5835; x_wconf 87' lang='grc'><strong>¹⁷</strong></span> <span class='ocrx_word' id='word_1_734' title='bbox 2062 5798 2152 5873; x_wconf 78' lang='grc' dir='ltr'>τῇ]</span> <span class='ocrx_word' id='word_1_735' title='bbox 2187 5802 2245 5858; x_wconf 81' lang='grc' dir='ltr'>ἐν</span> <span class='ocrx_word' id='word_1_736' title='bbox 2272 5804 2339 5873; x_wconf 80' lang='grc' dir='ltr'>τῇ</span> <span class='ocrx_word' id='word_1_737' title='bbox 2374 5820 2432 5867; x_wconf 73' lang='grc' dir='ltr'>ς.</span> <span class='ocrx_word' id='word_1_738' title='bbox 2478 5802 2520 5834; x_wconf 71' lang='grc'>⁸³</span> <span class='ocrx_word' id='word_1_739' title='bbox 2556 5798 2671 5872; x_wconf 76' lang='grc' dir='ltr'>τὸν]</span> <span class='ocrx_word' id='word_1_740' title='bbox 2702 5799 2780 5864; x_wconf 81' lang='grc' dir='ltr'>εἱς</span> <span class='ocrx_word' id='word_1_741' title='bbox 2804 5797 2894 5853; x_wconf 72' lang='grc' dir='ltr'><strong>τὸν</strong></span> <span class='ocrx_word' id='word_1_742' title='bbox 2921 5815 2981 5863; x_wconf 83' lang='grc' dir='ltr'>ς.</span> 
     </span>
    </p>
   </div>
   <div class='ocr_carea' id='block_1_106' title="bbox 614 5866 1726 5943">
    <p class='ocr_par' dir='ltr' id='par_1_106' title="bbox 614 5866 1726 5943">
     <span class='ocr_line' id='line_1_106' title="bbox 614 5866 1726 5943; baseline -0.004 -15"><span class='ocrx_word' id='word_1_743' title='bbox 614 5870 664 5905; x_wconf 75' lang='grc'><strong>’⁸</strong></span> <span class='ocrx_word' id='word_1_744' title='bbox 700 5870 989 5943; x_wconf 82' lang='grc' dir='ltr'>άϐληχρῶς</span> <span class='ocrx_word' id='word_1_745' title='bbox 1026 5888 1086 5935; x_wconf 85' lang='grc' dir='ltr'>ς.</span> <span class='ocrx_word' id='word_1_746' title='bbox 1163 5872 1201 5901; x_wconf 86' lang='grc'>²¹</span> <span class='ocrx_word' id='word_1_747' title='bbox 1241 5866 1317 5938; x_wconf 82' lang='grc' dir='ltr'>τῷ</span> <span class='ocrx_word' id='word_1_748' title='bbox 1349 5883 1456 5924; x_wconf 90' lang='lat' dir='ltr'><strong>om.</strong></span> <span class='ocrx_word' id='word_1_749' title='bbox 1527 5883 1610 5939; x_wconf 91' lang='lat' dir='ltr'><strong>pr.</strong></span> <span class='ocrx_word' id='word_1_750' title='bbox 1660 5866 1726 5923; x_wconf 87' lang='lat' dir='ltr'><strong>A.</strong></span> 
     </span>
    </p>
   </div>
   <div class='ocr_carea' id='block_1_107' title="bbox 2294 4670 3881 4745">
    <p class='ocr_par' dir='ltr' id='par_1_107' title="bbox 2294 4670 3881 4745">
     <span class='ocr_line' id='line_1_107' title="bbox 2294 4670 3881 4745; baseline 0.001 -20"><span class='ocrx_word' id='word_1_751' title='bbox 2294 4670 2555 4742; x_wconf 80' lang='grc' dir='ltr'>ἀνδράσιν</span> <span class='ocrx_word' id='word_1_752' title='bbox 2595 4670 2880 4741; x_wconf 80' lang='grc' dir='ltr'>ὁμιλοῦσα,</span> <span class='ocrx_word' id='word_1_753' title='bbox 2912 4673 3008 4724; x_wconf 81' lang='grc' dir='ltr'><strong>καὶ</strong></span> <span class='ocrx_word' id='word_1_754' title='bbox 3031 4671 3137 4742; x_wconf 83' lang='grc' dir='ltr'>πρό</span> <span class='ocrx_word' id='word_1_755' title='bbox 3164 4687 3229 4740; x_wconf 85' lang='grc' dir='ltr'><strong>γε</strong></span> <span class='ocrx_word' id='word_1_756' title='bbox 3265 4672 3477 4743; x_wconf 86' lang='grc' dir='ltr'>ταύτης</span> <span class='ocrx_word' id='word_1_757' title='bbox 3504 4673 3601 4728; x_wconf 81' lang='grc' dir='ltr'>καὶ</span> <span class='ocrx_word' id='word_1_758' title='bbox 3628 4675 3663 4744; x_wconf 81' lang='grc' dir='ltr'><strong>ἡ</strong></span> <span class='ocrx_word' id='word_1_759' title='bbox 3691 4677 3881 4745; x_wconf 78' lang='grc' dir='ltr'>μήτηρ</span> 
     </span>
    </p>
   </div>
   <div class='ocr_carea' id='block_1_108' title="bbox 2309 4762 3881 4836">
    <p class='ocr_par' dir='ltr' id='par_1_108' title="bbox 2309 4762 3881 4836">
     <span class='ocr_line' id='line_1_108' title="bbox 2309 4762 3881 4836; baseline 0 -17"><span class='ocrx_word' id='word_1_760' title='bbox 2309 4765 2609 4836; x_wconf 85' lang='grc' dir='ltr'>Ἀμῆστρις</span> <span class='ocrx_word' id='word_1_761' title='bbox 2653 4763 2891 4833; x_wconf 80' lang='grc' dir='ltr'>ὁμοίως,</span> <span class='ocrx_word' id='word_1_762' title='bbox 2937 4764 2998 4817; x_wconf 91' lang='lat'><strong>&#39;0</strong></span> <span class='ocrx_word' id='word_1_763' title='bbox 3033 4763 3093 4817; x_wconf 82' lang='grc' dir='ltr'>δὲ</span> <span class='ocrx_word' id='word_1_764' title='bbox 3149 4762 3549 4834; x_wconf 82' lang='grc' dir='ltr'>Ἀπολλωνίδης</span> <span class='ocrx_word' id='word_1_765' title='bbox 3605 4766 3635 4819; x_wconf 92' lang='lat'><strong>6</strong></span> <span class='ocrx_word' id='word_1_766' title='bbox 3695 4768 3881 4836; x_wconf 77' lang='grc' dir='ltr'>ίατρδς</span> 
     </span>
    </p>
   </div>
   <div class='ocr_carea' id='block_1_109' title="bbox 2296 4845 3881 4923">
    <p class='ocr_par' dir='ltr' id='par_1_109' title="bbox 2296 4845 3881 4923">
     <span class='ocr_line' id='line_1_109' title="bbox 2296 4845 3881 4923; baseline -0.003 -16"><span class='ocrx_word' id='word_1_767' title='bbox 2296 4856 2325 4907; x_wconf 91' lang='lat'><strong>6</strong></span> <span class='ocrx_word' id='word_1_768' title='bbox 2381 4852 2537 4923; x_wconf 82' lang='grc' dir='ltr'>Κῷος</span> <span class='ocrx_word' id='word_1_769' title='bbox 2564 4892 2580 4916; x_wconf 96' lang='grc'><strong>,</strong></span> <span class='ocrx_word' id='word_1_770' title='bbox 2634 4852 2758 4904; x_wconf 77' lang='grc' dir='ltr'>ἐπεὶ</span> <span class='ocrx_word' id='word_1_771' title='bbox 2801 4850 3045 4913; x_wconf 81' lang='grc' dir='ltr'>ἀσθενῶς</span> <span class='ocrx_word' id='word_1_772' title='bbox 3097 4845 3261 4921; x_wconf 74' lang='grc' dir='ltr'>εἶχενι</span> <span class='ocrx_word' id='word_1_773' title='bbox 3299 4850 3531 4921; x_wconf 79' lang='grc' dir='ltr'>Ἀμύτις</span> <span class='ocrx_word' id='word_1_774' title='bbox 3572 4891 3589 4915; x_wconf 96' lang='grc'><strong>,</strong></span> <span class='ocrx_word' id='word_1_775' title='bbox 3668 4851 3719 4903; x_wconf 85' lang='grc' dir='ltr'><strong>εί</strong></span> <span class='ocrx_word' id='word_1_776' title='bbox 3786 4858 3881 4903; x_wconf 72' lang='grc' dir='ltr'>καὶ</span> 
     </span>
    </p>
   </div>
   <div class='ocr_carea' id='block_1_110' title="bbox 2253 4941 3879 5017">
    <p class='ocr_par' dir='ltr' id='par_1_110' title="bbox 2253 4941 3879 5017">
     <span class='ocr_line' id='line_1_110' title="bbox 2253 4941 3879 5017; baseline -0.003 -18"><span class='ocrx_word' id='word_1_777' title='bbox 2253 4972 2258 4977; x_wconf 85' lang='grc'><strong><em>-</em></strong></span> <span class='ocrx_word' id='word_1_778' title='bbox 2300 4945 2550 5017; x_wconf 85' lang='grc' dir='ltr'>βληχρῶς</span> <span class='ocrx_word' id='word_1_779' title='bbox 2592 4944 2638 4977; x_wconf 77' lang='grc'><strong>’⁸</strong></span> <span class='ocrx_word' id='word_1_780' title='bbox 2672 4943 2766 4998; x_wconf 81' lang='grc' dir='ltr'>καὶ</span> <span class='ocrx_word' id='word_1_781' title='bbox 2809 4945 2911 4997; x_wconf 85' lang='grc' dir='ltr'>οὐκ</span> <span class='ocrx_word' id='word_1_782' title='bbox 2962 4942 3203 5012; x_wconf 74' lang='grc' dir='ltr'>ἰσχυρῶς</span> <span class='ocrx_word' id='word_1_783' title='bbox 3228 4984 3244 5009; x_wconf 86' lang='grc'><strong>,</strong></span> <span class='ocrx_word' id='word_1_784' title='bbox 3295 4942 3505 5005; x_wconf 79' lang='grc' dir='ltr'>ἐκεῖνος</span> <span class='ocrx_word' id='word_1_785' title='bbox 3565 4942 3623 4996; x_wconf 86' lang='grc' dir='ltr'>δὲ</span> <span class='ocrx_word' id='word_1_786' title='bbox 3661 4941 3879 5012; x_wconf 79' lang='grc' dir='ltr'>ἠράσθη</span> 
     </span>
    </p>
   </div>
   <div class='ocr_carea' id='block_1_111' title="bbox 2298 5033 3882 5110">
    <p class='ocr_par' dir='ltr' id='par_1_111' title="bbox 2298 5033 3882 5110">
     <span class='ocr_line' id='line_1_111' title="bbox 2298 5033 3882 5110; baseline -0.004 -17"><span class='ocrx_word' id='word_1_787' title='bbox 2298 5040 2492 5110; x_wconf 79' lang='grc' dir='ltr'>αὐτῆς.</span> <span class='ocrx_word' id='word_1_788' title='bbox 2535 5038 2639 5108; x_wconf 75' lang='grc' dir='ltr'>ἔφη</span> <span class='ocrx_word' id='word_1_789' title='bbox 2690 5038 2771 5101; x_wconf 84' lang='grc' dir='ltr'><strong>είς</strong></span> <span class='ocrx_word' id='word_1_790' title='bbox 2813 5036 2912 5106; x_wconf 81' lang='grc' dir='ltr'>τὴν</span> <span class='ocrx_word' id='word_1_791' title='bbox 2954 5033 3142 5103; x_wconf 81' lang='grc' dir='ltr'>ὑγείαν</span> <span class='ocrx_word' id='word_1_792' title='bbox 3182 5034 3357 5097; x_wconf 81' lang='grc' dir='ltr'>αὐτὴν</span> <span class='ocrx_word' id='word_1_793' title='bbox 3400 5034 3746 5093; x_wconf 83' lang='grc' dir='ltr'>ἐπανελθεῖν,</span> <span class='ocrx_word' id='word_1_794' title='bbox 3783 5033 3882 5086; x_wconf 79' lang='grc' dir='ltr'><strong>ἐὰν</strong></span> 
     </span>
    </p>
   </div>
   <div class='ocr_carea' id='block_1_112' title="bbox 2293 5116 3885 5200">
    <p class='ocr_par' dir='ltr' id='par_1_112' title="bbox 2293 5116 3885 5200">
     <span class='ocr_line' id='line_1_112' title="bbox 2293 5116 3885 5200; baseline -0.009 -15"><span class='ocrx_word' id='word_1_795' title='bbox 2293 5130 2553 5200; x_wconf 85' lang='grc' dir='ltr'>ἀνδράσιν</span> <span class='ocrx_word' id='word_1_796' title='bbox 2580 5129 2839 5199; x_wconf 73' lang='grc' dir='ltr'>ὁμιλήσῃο</span> <span class='ocrx_word' id='word_1_797' title='bbox 2868 5127 2969 5196; x_wconf 82' lang='grc' dir='ltr'>τῆς</span> <span class='ocrx_word' id='word_1_798' title='bbox 3005 5126 3115 5196; x_wconf 85' lang='grc' dir='ltr'><strong>γάρ</strong></span> <span class='ocrx_word' id='word_1_799' title='bbox 3163 5124 3396 5194; x_wconf 79' lang='grc' dir='ltr'>ὑστέρας</span> <span class='ocrx_word' id='word_1_800' title='bbox 3433 5116 3574 5175; x_wconf 76' lang='grc' dir='ltr'>εἶναι</span> <span class='ocrx_word' id='word_1_801' title='bbox 3612 5123 3674 5174; x_wconf 81' lang='grc' dir='ltr'>τὸ</span> <span class='ocrx_word' id='word_1_802' title='bbox 3714 5122 3885 5192; x_wconf 82' lang='grc' dir='ltr'>νόση-</span> 
     </span>
    </p>
   </div>
   <div class='ocr_carea' id='block_1_113' title="bbox 2295 5212 3877 5294">
    <p class='ocr_par' dir='ltr' id='par_1_113' title="bbox 2295 5212 3877 5294">
     <span class='ocr_line' id='line_1_113' title="bbox 2295 5212 3877 5294; baseline -0.009 -17"><span class='ocrx_word' id='word_1_803' title='bbox 2295 5240 2390 5294; x_wconf 88' lang='grc' dir='ltr'>μα.</span> <span class='ocrx_word' id='word_1_804' title='bbox 2436 5223 2588 5275; x_wconf 76' lang='grc' dir='ltr'>Ἐπεὶ</span> <span class='ocrx_word' id='word_1_805' title='bbox 2634 5221 2691 5275; x_wconf 84' lang='grc' dir='ltr'>δὲ</span> <span class='ocrx_word' id='word_1_806' title='bbox 2729 5219 2883 5289; x_wconf 85' lang='grc' dir='ltr'><strong>αὐτῷ</strong></span> <span class='ocrx_word' id='word_1_807' title='bbox 2944 5216 3229 5285; x_wconf 82' lang='grc' dir='ltr'>ἐξεγένετο</span> <span class='ocrx_word' id='word_1_808' title='bbox 3257 5215 3318 5267; x_wconf 86' lang='grc' dir='ltr'>τὸ</span> <span class='ocrx_word' id='word_1_809' title='bbox 3376 5212 3721 5282; x_wconf 66' lang='grc' dir='ltr'>ἐπιτήδευμα</span> <span class='ocrx_word' id='word_1_810' title='bbox 3775 5213 3877 5265; x_wconf 70' lang='grc' dir='ltr'>καὶ</span> 
     </span>
    </p>
   </div>
   <div class='ocr_carea' id='block_1_114' title="bbox 2291 5303 3881 5387">
    <p class='ocr_par' dir='ltr' id='par_1_114' title="bbox 2291 5303 3881 5387">
     <span class='ocr_line' id='line_1_114' title="bbox 2291 5303 3881 5387; baseline -0.009 -17"><span class='ocrx_word' id='word_1_811' title='bbox 2291 5316 2487 5387; x_wconf 71' lang='grc' dir='ltr'>ὡμίλει</span> <span class='ocrx_word' id='word_1_812' title='bbox 2513 5316 2686 5385; x_wconf 77' lang='grc' dir='ltr'>αὐτῇ,</span> <span class='ocrx_word' id='word_1_813' title='bbox 2734 5316 2770 5386; x_wconf 77' lang='grc' dir='ltr'>ἡ</span> <span class='ocrx_word' id='word_1_814' title='bbox 2807 5314 2865 5366; x_wconf 83' lang='grc' dir='ltr'>δὲ</span> <span class='ocrx_word' id='word_1_815' title='bbox 2908 5312 3195 5382; x_wconf 79' lang='grc' dir='ltr'>ἄνθρωπος</span> <span class='ocrx_word' id='word_1_816' title='bbox 3229 5305 3562 5379; x_wconf 76' lang='grc' dir='ltr'>ἐμαραίνετο</span> <span class='ocrx_word' id='word_1_817' title='bbox 3590 5343 3608 5369; x_wconf 87' lang='grc'><strong>,</strong></span> <span class='ocrx_word' id='word_1_818' title='bbox 3662 5303 3881 5375; x_wconf 78' lang='grc' dir='ltr'>ἀπέστη</span> 
     </span>
    </p>
   </div>
   <div class='ocr_carea' id='block_1_115' title="bbox 2295 5392 3881 5477">
    <p class='ocr_par' dir='ltr' id='par_1_115' title="bbox 2295 5392 3881 5477">
     <span class='ocr_line' id='line_1_115' title="bbox 2295 5392 3881 5477; baseline -0.011 -16"><span class='ocrx_word' id='word_1_819' title='bbox 2295 5408 2397 5477; x_wconf 80' lang='grc' dir='ltr'>τῆς</span> <span class='ocrx_word' id='word_1_820' title='bbox 2464 5405 2771 5467; x_wconf 88' lang='grc' dir='ltr'>συνουσίας.</span> <span class='ocrx_word' id='word_1_821' title='bbox 2826 5400 3146 5456; x_wconf 83' lang='grc' dir='ltr'>Τελευτώσα</span> <span class='ocrx_word' id='word_1_822' title='bbox 3194 5397 3259 5469; x_wconf 83' lang='grc' dir='ltr'>δὴ</span> <span class='ocrx_word' id='word_1_823' title='bbox 3307 5392 3401 5450; x_wconf 80' lang='grc' dir='ltr'>οὖν</span> <span class='ocrx_word' id='word_1_824' title='bbox 3459 5393 3761 5465; x_wconf 74' lang='grc' dir='ltr'>ἐπήγγειλε</span> <span class='ocrx_word' id='word_1_825' title='bbox 3812 5398 3881 5466; x_wconf 80' lang='grc' dir='ltr'>τῇ</span> 
     </span>
    </p>
   </div>
   <div class='ocr_carea' id='block_1_116' title="bbox 2304 5486 3884 5574">
    <p class='ocr_par' dir='ltr' id='par_1_116' title="bbox 2304 5486 3884 5574">
     <span class='ocr_line' id='line_1_116' title="bbox 2304 5486 3884 5574; baseline -0.011 -19"><span class='ocrx_word' id='word_1_826' title='bbox 2304 5502 2472 5574; x_wconf 76' lang='grc' dir='ltr'>μητρὶ</span> <span class='ocrx_word' id='word_1_827' title='bbox 2526 5498 2839 5567; x_wconf 84' lang='grc' dir='ltr'>ἀμύνασθαι</span> <span class='ocrx_word' id='word_1_828' title='bbox 2889 5493 3306 5561; x_wconf 84' lang='grc' dir='ltr'>Ἀπολλωνίδην.</span> <span class='ocrx_word' id='word_1_829' title='bbox 3371 5487 3523 5542; x_wconf 78' lang='grc' dir='ltr'><strong>Ἡδὲ</strong></span> <span class='ocrx_word' id='word_1_830' title='bbox 3568 5486 3884 5557; x_wconf 75' lang='grc' dir='ltr'>ἀπήγγειλε</span> 
     </span>
    </p>
   </div>
   <div class='ocr_carea' id='block_1_117' title="bbox 2301 5576 3886 5664">
    <p class='ocr_par' dir='ltr' id='par_1_117' title="bbox 2301 5576 3886 5664">
     <span class='ocr_line' id='line_1_117' title="bbox 2301 5576 3886 5664; baseline -0.011 -16"><span class='ocrx_word' id='word_1_831' title='bbox 2301 5595 2481 5649; x_wconf 82' lang='grc' dir='ltr'>πάντα</span> <span class='ocrx_word' id='word_1_832' title='bbox 2522 5590 2851 5664; x_wconf 80' lang='grc' dir='ltr'>Ἀρτοξέρξῃ</span> <span class='ocrx_word' id='word_1_833' title='bbox 2871 5587 2947 5660; x_wconf 83' lang='grc' dir='ltr'>τῷ</span> <span class='ocrx_word' id='word_1_834' title='bbox 2980 5590 3019 5620; x_wconf 75' lang='grc'><strong>’³</strong></span> <span class='ocrx_word' id='word_1_835' title='bbox 3054 5585 3283 5657; x_wconf 82' lang='grc' dir='ltr'>βασιλεῖ,</span> <span class='ocrx_word' id='word_1_836' title='bbox 3312 5584 3459 5645; x_wconf 81' lang='grc' dir='ltr'>ὅπως</span> <span class='ocrx_word' id='word_1_837' title='bbox 3481 5596 3539 5633; x_wconf 81' lang='grc' dir='ltr'><strong>τε</strong></span> <span class='ocrx_word' id='word_1_838' title='bbox 3564 5577 3760 5649; x_wconf 79' lang='grc' dir='ltr'>ὡμίλει</span> <span class='ocrx_word' id='word_1_839' title='bbox 3788 5576 3886 5630; x_wconf 81' lang='grc' dir='ltr'>καὶ</span> 
     </span>
    </p>
   </div>
   <div class='ocr_carea' id='block_1_118' title="bbox 3051 5776 3882 5865">
    <p class='ocr_par' dir='ltr' id='par_1_118' title="bbox 3051 5776 3882 5865">
     <span class='ocr_line' id='line_1_118' title="bbox 3051 5776 3882 5865; baseline 0.016 -38"><span class='ocrx_word' id='word_1_840' title='bbox 3051 5797 3093 5828; x_wconf 77' lang='grc' dir='ltr'>ιο</span> <span class='ocrx_word' id='word_1_841' title='bbox 3123 5785 3402 5865; x_wconf 73' lang='grc' dir='ltr'>Ἀμύτιος]</span> <span class='ocrx_word' id='word_1_842' title='bbox 3430 5784 3497 5840; x_wconf 84' lang='grc' dir='ltr'><strong>δι’</strong></span> <span class='ocrx_word' id='word_1_843' title='bbox 3525 5776 3787 5854; x_wconf 77' lang='grc' dir='ltr'>Ἀμύτιος</span> <span class='ocrx_word' id='word_1_844' title='bbox 3816 5800 3882 5849; x_wconf 80' lang='grc' dir='ltr'>ς.</span> 
     </span>
    </p>
   </div>
  </div>
