4092 6444
634 394 737 461 192i

1809 388 2079 452 ΡΗΟΤΙΙ
2118 386 2629 449 ΡΑΤΒΙΑΒΟΙίιΕ
2650 387 2762 448 ΟΡ.

3808 378 3908 443 196

633 510 705 564 ibi
757 505 1104 576 reliquisset,
1153 504 1426 577 lapidibus
1482 503 1638 561 obrui
1697 502 2007 574 imperavit.
2063 500 2220 568 Quod

2334 496 2502 551 λιπὼν
2522 500 2613 553 τὸν
2631 502 2826 573 νεκρὸν
2841 502 3032 569 αὑτοῦ,
3057 498 3350 570 προστάξει
3387 495 3654 568 βασιλέως
3672 494 3915 549 λιθόλευ-ο

631 601 835 657 factum
882 599 1161 653 exercitus
1209 598 1434 653 moleste
1482 596 1771 651 admodum
1816 595 1937 649 tulit
1980 609 1996 647 :
2046 607 2220 661 neque

632 691 758 746 ullis
803 688 1188 761 largitionibus
1237 687 1331 741 ille
1375 686 1589 742 ellicere
1626 685 1822 757 potuit,
1858 696 1916 737 ut
1952 698 2057 737 non
2094 697 2219 736 eum

634 792 749 836 tum
803 781 874 834 ob
930 779 1129 834 Xerxen
1186 777 1396 846 fratris,
1430 788 1543 831 tum
1589 778 1658 833 ob
1698 775 1960 847 Bagorazi
1991 775 2219 839 caadem,

632 873 985 928 vehementer
1056 872 1327 926 odissent.
1417 871 1650 926 Dimittit
1735 883 1923 940 posma
2012 866 2221 939 Secyn-

634 968 830 1021 dianus
876 965 966 1035 qui
1014 963 1226 1020 Ochum
1284 974 1612 1020 accerseret.
1663 961 1764 1029 Qui
1820 976 1881 1015 se
1930 968 2221 1037 venturum

634 1057 834 1126 saepius
880 1057 1178 1125 pollicitus,
1215 1072 1325 1111 non
1378 1066 1557 1110 tamen
1613 1054 1782 1118 venit,
1818 1054 1988 1107 donec
2034 1050 2224 1106 multis

636 1152 855 1204 tandem
905 1151 1143 1213 munitus
1166 1150 1360 1219 copiis,
1398 1163 1619 1218 regnum
1650 1157 2015 1217 occupaturus
2059 1155 2220 1216 puta-

638 1254 807 1297 retur.
846 1242 909 1296 Ει
944 1257 1073 1296 vero
1098 1242 1390 1303 Arbarius.
1434 1243 1676 1308 equitnm
1706 1239 2035 1309 Seeyndiani
2074 1253 2220 1307 prte-

637 1334 829 1398 i‘ectus,
867 1332 936 1385 ab
966 1348 1032 1386 eo
1072 1335 1138 1387 ad
1184 1333 1392 1387 Ochum
1424 1332 1628 1390 deﬁcit,
1661 1340 1783 1399 post
1827 1330 1970 1383 hunc
2004 1327 2221 1399 Aigypti

635 1436 867 1493 satrapa,
889 1428 1135 1479 Arxanes
1164 1443 1179 1479 .'
1209 1424 1340 1494 quin
1381 1434 1436 1478 et
1464 1424 1764 1478 Artoxares
1796 1423 1864 1477 ab
1897 1423 2012 1491 ipsa
2051 1437 2223 1492 usque

634 1520 893 1574 Armenia
921 1520 988 1574 ad
1016 1516 1227 1575 Ochum
1257 1517 1492 1572 accessit
1525 1535 1539 1570 :
1572 1517 1656 1570 cui
1678 1517 1842 1570 etiam
1876 1516 2043 1569 invito
2082 1515 2223 1568 cita-

637 1613 739 1667 rizn
791 1613 867 1673 (ὅ)
920 1612 976 1667 hi
1027 1613 1361 1682 imposuere.
1409 1608 1592 1664 Ochus
1639 1623 1768 1676 ergo
1812 1623 2033 1678 regnum
2087 1608 2219 1674 adit,

642 1715 957 1772 mutatoque
984 1703 1205 1758 nomine
1232 1701 1473 1755 Davisius
1501 1699 1805 1770 appellatur
1836 1700 1934 1765 (ὁ).
1968 1699 2061 1753 llic
2087 1698 2223 1753 dolis

640 1812 765 1850 mox
801 1795 1269 1864 juramentisqne.
1300 1792 1632 1862 Parysatidis
1661 1791 1891 1854 monitu,
1928 1789 2223 1862 Secyndia-

636 1901 764 1939 num
824 1886 1142 1955 aggreditur
1194 1903 1207 1940 :

636 1978 975 2045 hortaretur,
1019 1993 1086 2032 ne
1134 1977 1465 2047 juramentis
1524 1977 1921 2048 Secyndiauus
1951 1979 2220 2040 crederet,

638 2084 777 2123 neve
820 2085 944 2124 eum
993 2068 1278 2124 fallacibus
1327 2070 1640 2125 hominibus
1674 2080 1890 2139 pactum
1936 2070 2102 2122 ttllmu
2141 2070 2222 2122 in-

637 2174 761 2223 tret.
799 2163 976 2217 credit
1014 2171 1219 2217 tamen.
1264 2161 1489 2233 Capitur
1538 2163 1743 2232 itaque,
1773 2174 1828 2217 et
1874 2161 1928 2217 in
1980 2164 2221 2217 cinerem

632 2254 778 2327 ἀπὸ
823 2255 1121 2325 coniectus.
1149 2256 1400 2324 moritur,
1448 2271 1570 2311 cum
1615 2269 1829 2311 menses
1884 2270 1977 2311 sex
2014 2256 2114 2325 (5),
2168 2266 2224 2311 et

635 2352 753 2404 die;
776 2351 1087 2419 quindecim
1121 2360 1425 2421 regnasset.

712 2439 873 2496 Solus
916 2442 1044 2495 inde
1082 2451 1274 2509 regnat
1318 2441 1522 2506 Ochus,
1554 2441 1647 2513 qui
1682 2453 1737 2497 et
1775 2440 2038 2507 Dariaeus,
2080 2442 2223 2510 apud

636 2550 802 2603 quem
840 2535 1168 2589 auctoritate
1211 2534 1465 2589 valebant
1513 2547 1623 2590 tres
1670 2536 1903 2590 eunuchi
1942 2556 1953 2589 :
1988 2535 2224 2589 maxime

638 2628 861 2697 quidem
899 2630 1232 2692 Artoxanes,
1283 2638 1406 2696 post
1453 2629 1596 2681 hunc
1634 2628 2019 2689 Artibazanes,
2064 2626 2225 2683 tertio

639 2718 759 2773 loco
790 2719 1019 2775 Atheus.
1059 2719 1165 2773 Sed
1204 2733 1426 2773 uxorem
1458 2718 1804 2788 potissimum
1845 2717 1898 2771 in
1939 2718 2225 2773 consilium

638 2812 975 2867 adhibebat:
1007 2828 1072 2866 ex
1113 2828 1222 2881 qua
1254 2811 1365 2876 jam
1394 2822 1525 2866 ante
1556 2811 1767 2865 aditum
1801 2826 2027 2881 regnum
2069 2812 2227 2868 binos

637 2914 953 2974 susceperat
1000 2903 1221 2969 liberos,
1247 2903 1512 2958 Amistrin
1553 2904 1743 2965 tiliam,
1775 2913 1829 2958 et
1862 2903 2029 2957 lilium
2066 2905 2229 2958 Arsa-

640 3010 770 3059 can,
793 2995 883 3066 qui
918 3004 1129 3049 mutato
1162 3006 1283 3064 post
1309 2995 1534 3050 nomine
1560 2996 1897 3050 Artaxerxes
1920 2995 1998 3065 (6)
2027 2993 2226 3049 dictus.

641 3084 789 3143 Parit
844 3096 1024 3139 autem
1078 3085 1179 3153 ipsi
1230 3096 1287 3139 et
1336 3085 1569 3139 alterum
1622 3084 1791 3139 [illum
1834 3086 1948 3154 jam
1999 3100 2230 3155 regnans

2323 608 2447 654 στος
2461 592 2726 659 ἐγεγόνει·
2747 596 2833 664 ἐφ’
2851 589 2896 664 ᾧ
2921 598 2953 668 ἡ
2973 595 3017 627 ³ο
3037 592 3265 667 στρατιὰ
3282 592 3363 655 είς
3383 589 3911 661 λύπηνξκατηνέχθη.

2333 685 2393 738 'O
2415 685 2471 738 δὲ
2496 686 2645 756 δῶρα
2673 688 2812 760 αὐτῇ
2862 690 3056 743 ἐδίδου’
3089 689 3141 743 οἱ
3186 689 3228 719 ³¹
3258 687 3314 741 δὲ
3358 685 3586 756 ἐμίσουν
3614 683 3803 749 αὑτὸν,
3831 685 3915 737 ὅτι

2321 794 2380 830 τε
2408 777 2500 831 τὸν
2526 778 2754 849 ἀδελφὺν
2777 780 2987 852 Ξέρξην
3025 781 3316 835 ἀπεκτόνει
3341 778 3436 833 καὶ
3455 779 3540 832 ὅτι
3571 776 3911 847 Βαγόραζον.

2322 868 2708 940 Διαπέμπεται
2735 872 3056 936 Σεκυδιανὸς
3084 869 3564 943 προσκαλούμενος
3588 864 3780 937 Ὦχον·
3807 869 3836 920 6
3856 866 3914 918 δὲ

2324 961 2667 1033 ὑπισχνεῖται
2728 963 2967 1035 μὲν,.οὐ
3014 964 3383 1037 παραγίνεται
3421 961 3499 1015 δέ,
3552 960 3662 1013 Καὶ
3702 959 3918 1028 γίνεται

2323 1053 2482 1106 τοῦτο
2504 1054 2785 1118 πολλάκις.
2841 1055 3007 1120 Τέλος
3061 1054 3455 1127 περιϐάλλεται
3486 1049 3652 1124 Ὦχος
3711 1050 3919 1121 πολλὴν

2328 1143 2621 1216 στρατιὰν,
2681 1144 2773 1199 καὶ
2813 1145 3057 1211 ἐπίδοξος
3091 1140 3161 1216 ἦν
3206 1144 3537 1216 βασιλεύειν.
3592 1142 3917 1212 Ἀφίσταται

2339 1236 2626 1309 Ἀρϐάριος
2668 1240 2696 1291 ὁ
2742 1239 2849 1293 τῶν
2910 1240 3123 1293 ἱππέων
3170 1235 3497 1292 Σεκυδιανοῦ
3550 1236 3735 1307 ἄρχων
3776 1235 3918 1306 πρὸς

2327 1323 2513 1399 Ὦχον,
2556 1324 2674 1383 εἶτα
2734 1331 2997 1403 Ἀρξάνης
3055 1334 3083 1386 ὁ
3139 1331 3418 1400 Αἰγύπτου
3456 1333 3766 1399 σατράπηςο
3823 1328 3920 1381 καὶ

2338 1418 2671 1491 Ἀρτοξάρης
2698 1421 2755 1474 δὲ
2794 1423 2822 1474 ὁ
2851 1421 3105 1491 εὐνοῦχος
3132 1420 3177 1452 ³¹
3217 1422 3276 1486 ἐξ
3313 1421 3605 1492 Ἀρμενίας
3643 1416 3747 1491 ἧκε
3779 1419 3919 1490 πρὸς

2324 1508 2515 1585 Ἶλχον.
2549 1516 2660 1568 Καὶ
2688 1515 2948 1569 ἐπέθεντο
2994 1515 3146 1586 αὐτῷ
3174 1516 3272 1586 τὴν
3308 1516 3562 1587 κίταριν,
3603 1514 3722 1568 οὕτι
3761 1514 3919 1567 ἐκόνο

2325 1625 2412 1671 τος
2450 1609 2515 1663 ³³.
2577 1609 2863 1663 Βασιλεύει
2906 1605 3107 1680 Ὦχος,
3164 1612 3261 1663 καὶ
3322 1609 3754 1680 μετονομάζεται
3812 1612 3922 1660 Δα-

2328 1703 2531 1772 ρειαῖος
2545 1702 2609 1755 ”.
2631 1702 2741 1756 Καὶ
2765 1703 3092 1772 μετέρχεται
3121 1703 3305 1774 ἀπάτῃ
3328 1702 3424 1755 καὶ
3438 1703 3643 1773 ὅρκοις,
3663 1699 3922 1771 ὑποθήκῃ

2330 1793 2722 1863 Παρυσάτιδος,
2747 1793 2839 1846 τὸν
2862 1794 3182 1847 Σεκυδιανὸν
3206 1835 3219 1857 ,
3253 1795 3423 1849 πολλὰ
3464 1796 3845 1858 Μενοστάνους
3871 1796 3919 1827 ³⁸

1269 1900 1336 1940 ac
1401 1889 1629 1939 multum
1691 1883 1816 1939 licet
1874 1883 2222 1939 Mcnuslancs

2334 1886 2724 1957 παραινοῦντος
2777 1886 3100 1940 Σεκυδιανὸν
3139 1888 3215 1959 μὴ
3252 1888 3531 1942 πιστεύειν
3567 1890 3681 1951 τοῖς
3729 1889 3920 1957 ὅρκοις

2331 1979 2467 2050 μηδὲ
2496 1978 2820 2032 σπένδεσθαι
2862 1982 2976 2043 τοῖς
3026 1978 3360 2047 ἐξαπατῶσι.
3416 1981 3676 2036 Πείθεται
3720 1981 3766 2036 δ’
3821 1977 3921 2035 οὗν

2325 2070 2498 2140 ὅμως,
2544 2073 2638 2123 καὶ
2679 2071 2996 2133 ἁλίσκεται,
3034 2073 3131 2124 καὶ
3197 2074 3278 2136 είς
3328 2072 3426 2144 τὴν
3468 2074 3662 2127 σποδὸν
3706 2073 3922 2145 ἐμϐάλ-

2325 2164 2479 2219 λεται
2506 2166 2599 2220 καὶ
2630 2165 2928 2221 ἀπόλλυται
2959 2165 3286 2236 βασιλεύσας
3314 2169 3359 2205 ⁸⁸
3390 2169 3566 2240 μῆνας
3588 2169 3669 2238 ἒξ,
3696 2169 3921 2242 ἡμέρας

2324 2259 2649 2315 δεκαπέντε.

2402 2444 2684 2498 Βασιλεύει
2714 2440 2809 2499 οὖν
2855 2444 3015 2516 μόνος
3048 2441 3217 2518 Ὦχος
3252 2448 3280 2501 6
3325 2447 3421 2500 καὶ
3467 2447 3773 2518 Δαρειαῖος.
3811 2444 3925 2499 Εὐ-

2327 2538 2507 2608 νοῦχοι
2534 2538 2590 2591 δὲ
2619 2541 2771 2609 τρεῖς
2800 2539 3064 2609 ἠδύναντο
3107 2539 3237 2610 παρ’
3284 2538 3467 2610 αὐτῷ,
3519 2543 3781 2608 μέγιστον
3814 2538 3926 2609 μὲν

2340 2632 2676 2703 Ἀρτοξάρης
2718 2632 2797 2697 δ’,
2840 2631 3093 2703 δεύτερος
3135 2633 3192 2686 δὲ
3248 2631 3686 2705 Ἀρτιϐαρζάνης
3726 2632 3772 2665 ³⁸
3823 2632 3927 2685 καὶ

2327 2722 2511 2793 τρίτος
2574 2722 2794 2786 Ἀθῶος.
2843 2723 3071 2795 Ἐχρῆτο
3122 2723 3179 2777 δὲ
3233 2723 3527 2795 συμϐούλῳ
3570 2726 3811 2794 μάλιστα
3852 2728 3928 2797 τῇ

2336 2816 2555 2882 γυναικί
2576 2815 2642 2847 ³⁸·
2687 2815 2745 2882 ἐξ
2770 2810 2839 2887 ἧς
2862 2814 2970 2887 πρὸ
2998 2814 3099 2885 τῆς
3132 2815 3411 2884 βασιλείας
3436 2815 3531 2870 δύο
3567 2816 3693 2886 ἔσχε
3730 2817 3930 2880 τέκνα,

2348 2907 2652 2978 Ἀμῆστριν
2676 2905 2953 2978 θυγατέρα
2979 2907 3075 2961 καὶ
3105 2908 3383 2979 Ἀρσάκαν
3426 2908 3562 2975 υἱὸν,
3600 2908 3658 2972 ὃς
3690 2907 3932 2978 ὕστερον

2336 2996 2739 3068 μετωνομάσθη
2785 2996 3166 3069 Ἀρτοξέρξης.
3216 2998 3485 3052 Τίκτειδὲ
3532 2998 3683 3068 αὐτῷ
3734 3000 3934 3069 ἓτερον

2333 3088 2448 3142 υἱὸν
2480 3087 2837 3158 βασιλεύουσα
2859 3130 2874 3153 ,
2920 3089 3017 3141 καὶ
3046 3087 3256 3141 τίθεται
3298 3088 3358 3142 τὸ
3391 3088 3563 3160 ὄνομα
3610 3090 3782 3143 αὑτοῦ
3818 3091 3936 3142 άπὸ

639 3194 804 3245 uxor,
841 3181 988 3234 cuia
1023 3178 1138 3235 sole
1166 3178 1295 3250 (lyri
1325 3179 1401 3249 (7)
1434 3193 1631 3234 nomen
1668 3179 1997 3249 imponitur;
2035 3179 2228 3233 deinde

2334 3181 2426 3234 τοῦ
2456 3181 2611 3251 ἡλίου
2646 3180 2851 3251 Κῦρον·
2882 3176 3002 3235 εἶτα
3044 3180 3223 3234 τίκτει
3261 3183 3579 3254 Ἀρτόστην,
3608 3184 3703 3236 καὶ
3729 3182 3937 3253 ἑφεξῆς

638 3272 937 3336 ArtoSIen,
992 3270 1238 3339 aliosque
1297 3270 1555 3341 deinceps
1612 3270 1679 3325 ad
1734 3272 1993 3326 tredecim
2054 3284 2229 3339 usque

641 3364 871 3420 liberos.
926 3363 1077 3433 (Haec
1126 3364 1362 3433 scriptor
1399 3364 1488 3418 hic
1538 3378 1602 3418 ex
1651 3364 1882 3433 ipsumet
1915 3378 1974 3417 se
2009 3363 2230 3417 audisse

642 3456 966 3528 Parysatide
1021 3456 1254 3525 refert.)
1326 3453 1526 3510 Verum
1590 3456 1769 3510 caeteri
1845 3455 2063 3524 quidem
2122 3455 2232 3509 cito

642 3550 831 3604 vivere
880 3548 1208 3613 desierunt,
1254 3547 1639 3618 superstitibus
1690 3547 1892 3602 relictis
1945 3548 2044 3611 iis,
2093 3560 2232 3616 quos

643 3643 807 3698 modo
854 3642 1276 3706 nominavimus,
1304 3657 1426 3697 cum
1456 3650 1658 3711 quarto
1702 3640 1925 3711 insuper
1974 3640 2107 3704 lilio,
2143 3639 2230 3695 cui

643 3731 913 3788 Oxendra:
945 3747 1144 3788 nomen
1179 3732 1448 3788 iecerunt.

718 3827 1050 3882 Del'ecerunt
1079 3841 1109 3879 a
1138 3840 1262 3896 rege
1292 3839 1588 3896 germanus
1628 3824 1747 3895 ejus
1787 3822 1958 3878 frater
1996 3824 2229 3885 Arsites,

645 3922 836 3973 eodem
869 3928 1021 3988 patre
1049 3916 1350 3987 eademque
1385 3926 1561 3970 matre
1595 3926 1913 3986 prognatus,
1960 3922 2016 3968 et
2056 3912 2233 3980 Mega-

644 4010 768 4081 byzi
796 4008 938 4064 ﬁlius
963 4008 1284 4081 Artyphius.
1318 4007 1550 4062 Mittitur
1581 4009 1845 4061 adversus
1884 4006 1983 4060 hos
2007 4005 2235 4075 Artasy-

644 4112 763 4164 ras,
792 4097 1043 4167 belloque
1074 4096 1396 4168 Artyphium
1445 4094 1731 4160 invadens,
1766 4093 1979 4148 duobus
2023 4107 2054 4146 e
2097 4107 2235 4161 pra:-

643 4192 735 4248 lits
775 4192 953 4248 victus
1003 4191 1181 4246 abiit:
1223 4189 1384 4244 tertio
1431 4188 1628 4243 deinde
1674 4201 2021 4256 congressus,
2071 4186 2236 4255 Arty-

646 4286 833 4356 phium
881 4294 1129 4355 superat,
1160 4293 1217 4337 et
1246 4296 1385 4351 quos
1436 4280 1527 4335 ille
1567 4295 1752 4335 secum
1806 4277 2040 4332 habebat
2092 4276 2235 4330 Grae-

646 4394 741 4435 cos
775 4378 847 4433 ita
885 4377 1204 4432 muneribus
1237 4377 1303 4430 ad
1350 4391 1412 4431 se
1452 4374 1716 4445 pellexit,
1749 4380 1807 4425 ut
1859 4369 2073 4424 tandem
2106 4384 2230 4423 cum

649 4470 823 4526 tribus
879 4469 1175 4524 admodum
1235 4466 1461 4524 Milesiis
1522 4466 1751 4519 relictus
1802 4461 1989 4516 fuerit.
2051 4458 2234 4526 Quare

2339 3270 2503 3341 μέχρι
2532 3270 2737 3324 παίδων
2776 3269 3100 3342 δεκατριῶν.
3135 3270 3245 3324 Καί
3280 3288 3448 3342 φησιν
3496 3274 3526 3325 6
3571 3274 3935 3343 συγγραφεὺς

2314 3363 2499 3425 αὐτὸς
2542 3364 2675 3433 παρ’
2719 3361 2891 3433 αὐτῆς
2923 3363 3138 3432 ἐκείνης
3177 3361 3279 3428 τῆς
3326 3362 3705 3433 Παρυσάτιδος
3752 3363 3937 3417 ταῦτα

2337 3454 2591 3507 ἀκοῦσαι.
2639 3453 2803 3507 Ἀλλά
2830 3454 2898 3506 τά
2937 3454 3039 3523 μὲν
3071 3452 3206 3507 ἄλλα
3240 3452 3351 3505 τῶν
3384 3453 3593 3508 τέκνων
3632 3455 3775 3525 ταχὺ
3825 3457 3941 3509 ἁπ-

2337 3543 2494 3611 εϐίω,
2518 3545 2568 3597 οἱ
2598 3543 2656 3597 δὲ
2684 3544 3103 3615 περιγεγονότες
3133 3544 3267 3597 οἵτε
3292 3544 3706 3616 προρρηθέντες
3728 3549 3945 3619 τυγχά-

2338 3652 2492 3689 νουσι
2531 3637 2628 3689 καὶ
2660 3634 2742 3690 ἔτι
2777 3635 3038 3707 τέταρτος
3077 3633 3214 3701 υίὸς,
3262 3633 3551 3706 Ὀξένδρας
3595 3636 3942 3711 ὠνομασμέ-

2338 3746 2449 3793 νος.

2422 3821 2773 3891 Ἀφίστανται
2817 3822 3080 3892 βασιλέως
3116 3824 3372 3898 Ἀρσίτης
3402 3826 3432 3880 6
3451 3826 3653 3890 οίκεῖος
3679 3826 3945 3896 ἀδελφὸς,

2338 3915 2675 3984 ὁμοπάτριος
2705 3916 2799 3969 καὶ
2827 3916 3187 3987 ὁμομήτριος,
3225 3918 3319 3970 καὶ
3354 3917 3649 3989 Ἀρτύφιος
3687 3919 3717 3969 6
3744 3918 3944 3985 Μεγα-

2340 4006 2529 4071 ϐύζου.
2558 4007 2845 4078 Πέμπεται
2874 4007 2965 4080 [65
2987 4008 3082 4078 Η.]
3099 4009 3442 4082 Ἀρτασύρας
3463 4008 3585 4063 κατ’
3616 4008 3826 4073 αὐτῶν,
3848 4011 3947 4063 καὶ

2341 4100 2572 4169 πολεμεῖ
2620 4098 2915 4170 Ἀρτύφιον
2946 4139 2963 4163 ,
3013 4105 3109 4154 καὶ
3143 4100 3267 4153 δυσὶ
3313 4102 3521 4171 μάχαις
3583 4100 3947 4172 Ἀρτασύρας

2341 4192 2591 4262 ἡττᾶται.
2618 4188 2747 4262 [128
2779 4189 2870 4262 ιί.]
2896 4188 3030 4245 Εἶτα
3068 4192 3230 4246 πάλιν
3256 4192 3551 4262 συμϐαλὼν
3581 4194 3711 4265 νικᾷ
3747 4194 3949 4262 Ἀρτύ-

2342 4297 2487 4349 φιον,
2521 4280 2621 4333 καὶ
2652 4279 2923 4348 ὑπάγεται
2953 4279 3080 4344 τοὺς
3110 4282 3209 4335 σὺν
3237 4281 3389 4353 αὐτῷ
3412 4282 3687 4355 ’Έλληνας
3711 4284 3943 4355 δώροις,

2342 4372 2441 4427 καὶ
2479 4372 2988 4444 καταλιμπάνονται
3039 4374 3191 4447 αύτῷ
3246 4376 3509 4447 Μιλήσιοι
3555 4376 3711 4448 μόνοι
3758 4382 3940 4448 τρεῖς.

2347 4463 2515 4527 Τέλος
2535 4464 2735 4532 ὅρκους
2772 4463 2865 4517 καὶ
2895 4464 3108 4529 πίστεις
3154 4465 3334 4519 λαϐὼν
3374 4467 3529 4537 παρὰ
3594 4468 3946 4539 Ἀρτασύρα,

640 4559 1000 4632 jurejurando
1045 4558 1257 4626 ﬁdeque
1301 4556 1370 4610 ab
1409 4554 1627 4607 Artasia
1662 4552 1811 4615 data,
1846 4549 1961 4617 regi
2002 4564 2123 4605 sese
2148 4548 2228 4604 de-

2341 4556 2463 4608 ἐπεὶ
2492 4555 2520 4607 6
2557 4554 2813 4626 Ἀρσίτης
2841 4555 2946 4608 οὐκ
2969 4555 3241 4624 ἐφαίνετο,
3262 4556 3662 4629 προσεχώρησε
3695 4558 3944 4629 βασιλεῖ.

646 4654 803 4708 didit.
836 4649 1121 4721 Parysatis
1148 4662 1278 4702 vero
1306 4645 1417 4716 regi
1446 4647 1512 4699 ad
1541 4642 1865 4714 Artyphium
1901 4639 2232 4696 interlicien~

646 4747 776 4800 dum
825 4743 1053 4798 incitato
1081 4740 1134 4794 id
1176 4736 1390 4793 consilii
1416 4736 1602 4804 dedit,
1637 4734 1728 4789 illo
1758 4744 1817 4788 ut
1847 4743 2090 4803 tempore
2127 4748 2235 4787 non

645 4839 969 4895 occideret:
1007 4849 1105 4907 per
1151 4846 1272 4887 eam
1318 4829 1464 4884 enim
1514 4829 1763 4882 fraudem
1813 4825 1976 4880 etiam
2014 4825 2236 4880 Arsiten

646 4933 825 5004 ipsum
880 4944 1001 4985 sese
1051 4926 1402 4988 deditorum;
1452 4921 1545 4975 ubi
1585 4920 1673 4975 hic
1708 4932 1926 4989 quoque
1983 4918 2242 4986 deceptus

647 5036 951 5096 captusque
1003 5028 1187 5083 esset,
1240 5029 1375 5081 tum,
1417 5016 1633 5068 demum
1696 5022 1908 5081 tempus
1959 5008 2240 5077 utriusque

647 5118 905 5174 necandi.
958 5110 1031 5168 Et
1074 5125 1206 5165 vero
1251 5108 1327 5162 ita
1377 5104 1582 5161 factum
1626 5114 1732 5172 est,
1767 5104 1896 5158 dum
1927 5102 1976 5156 ei
2012 5100 2241 5155 consilio

2341 4646 2657 4718 Παρύσατις
2689 4647 2747 4700 δὲ
2776 4646 3093 4715 βουλεύεται
3128 4648 3361 4718 βασιλεῖ,
3401 4649 3648 4721 ὀρμῶντι
3670 4651 3817 4721 πρὸς
3851 4654 3951 4706 τὸν

2352 4739 2648 4809 Ἀρτυφίου
2674 4737 2930 4803 θάνατον,
2970 4739 3047 4810 μὴ
3091 4740 3305 4794 ἀνελεῖν
3342 4741 3504 4805 τέως·
3554 4743 3785 4796 ἔσεσθαι
3833 4746 3951 4815 γὰρ

2342 4831 2501 4885 τοῦτο
2528 4831 2747 4900 ἀπάτην
2769 4833 2864 4884 καὶ
2882 4834 2962 4895 είς
2983 4833 3085 4902 τὴν
3112 4832 3504 4903 προσχώρησιν
3528 4835 3625 4887 τοῦ
3657 4836 3946 4905 Ἀρσίτου·

2344 4919 2565 4974 ἐπειδὰν
2597 4921 2654 4973 δὲ
2676 4920 2931 4984 κάκεῖνος
2952 4920 3255 4991 ἀπατηθεὶς
3274 4921 3528 4992 ἁλῷ,δεῖν
3551 4922 3597 4954 ⁸ο
3624 4924 3753 4976 τότε
3773 4926 3954 4996 ἄμφω

2346 5014 2771 5093 δωχρῄσασθαι.
2805 5016 2915 5067 Καὶ
2958 5012 3183 5082 γέγονεν
3226 5013 3423 5079 οὕτως,
3448 5016 3820 5087 εὐοδωθείσης
3849 5020 3953 5088 τῆς

2350 5104 2682 5175 συμϐουλῆς,
2705 5104 2802 5157 καὶ
2824 5102 3156 5174 ἐμϐάλλεται
3177 5105 3257 5167 εἰς
3288 5102 3385 5175 τὴν
3414 5106 3612 5161 σποδὸν
3648 5106 3955 5177 Ἀρτύφιος

1934 5212 2172 5271 VARIAE
2204 5213 2613 5270 LECTIONES.
3210 5272 3211 5275 η

722 5326 769 5356 ³ο
795 5325 831 5393 ἡ
862 5318 987 5393 add.
1152 5310 1315 5393 _".ol]
1339 5310 1511 5393 ιαύτοὶ
1552 5309 1619 5393 ᾼ.
1668 5309 1741 5393 ,ξ’
1771 5309 1799 5363 6
1826 5305 2085 5393 εὐνούχοις
2124 5305 2363 5393 ξδᾷιίᾼ.-
2415 5306 2461 5393 ’ξ
2488 5306 2667 5393 ἑκόντι
2718 5325 2778 5373 ς.
2853 5307 2905 5393 ξι
2934 5307 3178 5393 δαριαῖος
3215 5328 3275 5375 ς.
3314 5383 3335 5393 -
3354 5310 3400 5343 ³⁸
3424 5312 3597 5393 πολλὰ
3622 5314 3725 5385 μὲν
3746 5316 3957 5393 Ὀστᾶ.

647 5412 775 5456 νους
794 5411 857 5459 ς’.
935 5411 979 5420 ’ν
1024 5411 1352 5454 Ραυιλιυυυις
1386 5411 1516 5436 auu.
1540 5411 1588 5435 ιι
1618 5411 1632 5436 ι

650 5475 706 5540 ς’
730 5464 946 5537 ἡμέρας
980 5455 1063 5509 ιε’.
1141 5455 1183 5485 ³⁷
1214 5453 1544 5525 Ἀρτοξάνης
1588 5470 1651 5518 ς,

935 5390 980 5420 ³⁸
1024 5378 1354 5454 βασιλεύσας
1386 5381 1516 5436 add.
1540 5380 1588 5435 Δ
1616 5399 1632 5436 :
1666 5378 1817 5435 idem
1846 5378 1949 5433 hoc
1971 5378 2091 5430 luco
2123 5391 2228 5444 repl

935 5476 946 5518 ;
980 5455 1063 5509 ιε’.
1141 5455 1183 5485 ³⁷
1214 5453 1544 5518 Ἀρτοξάνης
1588 5470 1651 5518 ς.
1749 5450 1795 5481 ³⁸
1828 5446 2228 5518 ’Δρτιϐαζάνης

2334 5378 2369 5430 it
2426 5392 2547 5445 quae
2577 5381 2735 5445 vulgo
2767 5393 2816 5430 ν.
2852 5379 2904 5442 5,
2967 5391 3086 5447 post
3108 5383 3394 5451 Δαρειαῖος
3438 5378 3716 5454 leguntur,
3767 5390 3961 5456 μῆνας

2334 5484 2338 5498 .
2435 5448 2479 5479 ³⁹
2515 5448 2752 5517 μάλιστα
2802 5452 2869 5518 τῇ
2906 5452 3128 5516 γυναικὶ
3203 5450 3496 5518 συμϐούλῳ
3536 5472 3595 5518 ς.
3681 5458 3729 5488 ⁴⁰
3761 5457 3852 5511 δεῖ
3890 5465 3955 5512 Α.

2435 5448 2479 5479 ³⁹
2515 5448 2752 5517 μάλιστα
2802 5452 2869 5519 τῇ
2906 5452 3128 5516 γυναικὶ
3192 5448 3518 5523 ’συμϐούλῳ’
3536 5472 3595 5520 ς.
3681 5458 3729 5488 ⁴⁰
3761 5448 3852 5511 δεῖ
3890 5448 3955 5512 Α.

2185 5560 2423 5618 NOTAE.

728 5677 809 5748 (5)
847 5673 923 5726 De
956 5665 1141 5746 citari,
1178 5662 1293 5717 sive
1325 5661 1519 5729 cidari,
1548 5662 1665 5732 lege
1713 5662 1863 5717 doct.
1904 5656 2246 5713 Brissonium

651 5751 707 5807 in
736 5741 999 5803 Persicis,
1032 5736 1122 5807 lib.
1146 5750 1196 5807 γι.
1264 5802 1307 5807 __
1379 5805 1384 5807 _
1522 5803 1551 5807 __

672 5765 707 5807 ll
736 5750 999 5803 Persicis,
1033 5750 1122 5789 ιιι).
1158 5750 1196 5788 ι.

726 5817 805 5879 (ιι)
845 5812 982 5865 ΑΙὶιε
1020 5806 1219 5859 Darius
1242 5802 1468 5879 _Nothus
1504 5803 1702 5879 dictus.

750 5820 805 5879 4')
845 5820 982 5865 AIIIS
1020 5820 1219 5859 uartus
1256 5820 1468 5859 tvomus
1504 5820 1702 5858 metus.

725 5820 807 5958 $5)
847 5882 1063 5951 Sequor
1110 5876 1419 5932 versionem
1473 5875 1696 5944 editam,
1741 5889 1864 5945 qua:
1890 5872 2065 5930 locum
2098 5869 2243 5926 hunc

2359 5676 2424 5715 ex
2458 5660 2696 5716 historiae
2726 5659 2939 5714 ratione
2965 5661 3223 5718 restituit.

2433 5732 2510 5801 (6)
2550 5730 3217 5801 CognOmentonﬁpmv.

2428 5801 2506 5873 ('7)
2543 5800 2721 5873 Cyrus
2752 5801 2841 5856 hic
2874 5800 3189 5857 minorest.
