4092 6436
274 394 372 456 197

1376 387 1907 451 BIBLIOTIIECA.
1933 413 2000 422 --
2038 387 2203 449 COD.
2238 388 2483 447 LXXII.

3452 394 3554 459 198

266 507 363 557 καὶ
414 501 703 573 ’Δρσίτηςο
734 498 1186 569 καίτοιἊρσίτην
1212 498 1240 550 6
1268 496 1525 567 βασιλεὺς
1564 498 1665 549 ούκ
1693 497 1849 550 £606-

1959 505 2178 566 0ptatns
2227 495 2507 565 reSpondit
2553 496 2756 561 exitus,
2809 505 2860 551 el
2923 504 3151 567 uterque
3200 499 3257 555 in
3310 501 3554 559 cinerem

262 595 385 648 λετο
411 592 749 650 άπολέσαι“.
766 591 908 645 Ἀλλ’
924 593 958 663 ἡ
978 591 1291 663 Παρύσατις
1308 592 1376 643 τά
1396 590 1496 661 μὲν
1523 589 1786 642 πείθουσα
1796 588 1865 642 τά

260 688 316 739 δὲ
348 685 647 756 βιαζομένη
675 684 948 740 ἀπώλεσε.
1013 681 1365 752 Κατελεύσθη
1409 681 1467 735 δὲ
1501 682 1594 735 καὶ
1645 683 1865 751 Φαρνα-

261 778 400 840 κύας
434 777 480 807 δ’
513 778 543 830 6
595 775 906 830 συνανελὼν
951 773 1260 845 Σεκυδιανῷ
1317 773 1547 845 Ξέρξην.
1593 771 1864 845 Ἀνῃρέθη

260 870 315 922 δὲ
370 870 467 922 καὶ
510 850 867 940 Μενοστάνης
899 868 989 938 ὑφ’
1036 866 1264 933 ἑαυτοῦ,
1313 866 1417 939 ήδη
1456 866 1593 937 πρὸς
1634 866 1863 919 θάνατον

264 960 803 1033 συλλαμϐανόμενος.

351 1143 671 1213 Ἀρίστα-,ται
731 1141 1075 1212 Πισούθνης,
1145 1142 1242 1196 καὶ
1292 1139 1693 1195 ἀποστέλλεται
1739 1138 1863 1192 κατ’

262 1236 427 1290 αὑτοῦ
458 1236 811 1307 Τισαφέρνης
832 1235 929 1289 καλ⁸
946 1234 1333 1306 Σπιθραδάτης
1356 1232 1404 1265 ⁸³
1429 1231 1525 1286 καὶ
1546 1230 1861 1302 Παρμίσης.

274 1328 629 1400 ’Λντεπεξῄει
658 1328 715 1381 δὲ
746 1326 1056 1397 Πισούθνης
1084 1365 1100 1390 ,
1154 1324 1296 1396 ἔχων
1360 1325 1457 1379 καὶ
1491 1324 1729 1378 Λύκωνα
1771 1321 1864 1374 τὸν

273 1418 562 1488 Ἀθηναῖον
586 1416 990 1488 άμαἘλλήνων
1022 1416 1067 1448 ’⁵⁵
1096 1410 1172 1471 ὧν
1198 1418 1407 1480 ἐκεῖνος
1435 1411 1597 1488 ἦρχε.
1630 1415 1862 1484 Λαμϐά-

258 1528 405 1565 νουσι
426 1511 487 1563 δὲ
504 1512 555 1564 οἱ
570 1510 663 1565 τοῦ
684 1511 950 1581 βασιλέως
968 1512 1265 1583 στρατηγοὶ
1289 1512 1536 1581 χρήμασι
1555 1511 1599 1541 ⁵⁸
1623 1508 1859 1561 Λύκωνα

259 1604 493 1667 καὶτοὺς
514 1603 809 1675 Ἕλληνας.
834 1606 930 1657 καὶ
949 1603 1222 1673 άφιστῶσι
1256 1603 1576 1657 Πισούθνου·
1607 1601 1726 1656 εἶτα
1750 1600 1865 1653 δόν-

256 1713 344 1760 τες
368 1695 525 1767 αὐτῷ
548 1696 762 1760 πίστεις
792 1698 887 1750 καὶ
913 1696 1170 1761 λαϐόντες
1205 1695 1397 1764 ἄγουσι
1428 1694 1581 1764 παρὰ
1614 1694 1859 1763 βασιλέα.

268 1789 323 1842 ’0
342 1789 399 1841 δὲ
434 1790 518 1853 είς
539 1788 637 1861 τὴν
663 1789 859 1843 σποδὸν
893 1789 1135 1853 ἐνέϐαλε,
1167 1787 1523 1860 Τισσαφέρνη
1539 1787 1585 1818 ⁵⁸
1615 1786 1738 1849 δοὺς
1767 1786 1865 1857 τὴν

1966 588 2258 657 conjicitur
2309 586 2408 658 (8),
2458 587 2558 642 etsi
2605 588 2825 643 Arsiten
2884 603 2980 645 rex
3033 592 3309 661 perditum
3360 597 3553 662 noluit,

1964 679 2109 746 quod
2154 689 2335 733 tamen
2381 679 2658 751 Parysatis
2694 681 2890 749 partim
2925 685 3201 753 precibus,
3237 689 3433 756 partim
3481 690 3554 757 vi,

1967 770 2261 841 aliquando
2284 770 2486 825 elIecit.
2532 773 2877 845 Pharnacyas
2901 790 3136 845 quoque,
3169 778 3261 847 qui
3292 794 3416 834 cum
3452 781 3556 835 Se-

1966 862 2237 930 cyndiano
2280 861 2518 917 Xerxem
2560 864 2855 929 occiderat,
2894 864 3161 934 lapidibus
3191 868 3421 923 obrutus
3453 883 3468 923 :
3504 879 3560 924 et

1966 953 2313 1010 Menostanes
2360 955 2477 1025 ipse
2522 956 2627 1010 sibi
2681 966 2912 1010 mortem
2950 959 3240 1023 conscivit,
3280 977 3404 1015 cum
3442 963 3555 1030 jam

1966 1049 2036 1105 ad
2067 1052 2269 1105 cadem
2301 1051 2881 1117 comprehenderetur.

2035 1141 2302 1198 Desciscit
2349 1141 2666 1207 Pisntlines,
2702 1143 2753 1197 in
2784 1134 2945 1215 quem
2983 1143 3385 1215 Tissaphernes
3426 1147 3555 1201 mit-

1967 1236 2126 1300 titur,
2168 1246 2332 1305 atque
2365 1236 2773 1304 Spitliradatas,
2822 1246 2880 1292 et
2919 1236 3219 1293 Parmises.
3253 1239 3560 1311 Tenditqne

1966 1328 2233 1383 adversus
2302 1330 2400 1384 hos
2464 1329 2776 1398 Pisnthnes,
2828 1331 3086 1404 Lyconen
3144 1335 3556 1400 Atheniensem,

1964 1433 2090 1474 cum
2138 1419 2345 1476 Grazcis
2372 1436 2603 1490 quorum
2637 1422 2728 1477 ille
2759 1422 2867 1478 dux
2898 1435 3039 1491 erat,
3073 1441 3259 1482 secum
3287 1430 3557 1497 educetis‘;

1965 1526 2157 1567 verum
2209 1516 2450 1584 acceptis
2501 1532 2531 1569 a
2586 1518 2750 1588 regiis
2790 1518 3022 1574 ducibus
3070 1522 3342 1590 pecuniis,
3378 1522 3558 1594 Lycon

1966 1603 2257 1676 Gracique
2281 1605 2602 1663 Pisuthnem
2631 1610 2914 1675 deserunt,
2955 1628 3119 1680 quem
3149 1612 3315 1668 duces
3343 1616 3557 1681 deinde,

1966 1699 2075 1755 ﬁde
2108 1700 2233 1756 data
2266 1699 2412 1773 43a
2442 1712 2773 1771 acceptaque
2796 1704 2861 1756 ad
2891 1718 3072 1773 regem
3098 1706 3424 1773 perducunt.
3456 1708 3556 1774 Qui

1967 1792 2145 1862 ipsum
2216 1791 2270 1846 in
2332 1792 2575 1846 cinerem
2640 1792 2910 1861 conjecit,
2964 1793 3190 1864 ejusque
3259 1799 3557 1864 satrapiam

258 1882 562 1936 Πισούθνου
591 1882 952 1954 σατραπείαν.
985 1883 1189 1937 Ἕλαϐε
1230 1882 1289 1937 δὲ
1319 1880 1517 1936 Λύκων
1542 1878 1637 1933 καὶ
1664 1878 1848 1943 πόλεις

1963 1883 2354 1955 Tissapherne:
2396 1884 2641 1939 tradidit.
2697 1883 2879 1955 Lycon
2932 1885 3150 1939 interim
3208 1888 3371 1942 nrbes
3419 1890 3559 1941 inte-

256 1977 343 2029 καὶ
370 1976 565 2048 χώρας
587 1976 731 2048 ὑπὲρ
765 1977 866 2047 τῆς
888 1975 1203 2047 προδοσίας.

330 2149 675 2222 Ἀρτοξάρης
695 2151 723 2204 6
751 2150 1007 2222 εύνοῦχος
1028 2152 1096 2217 ⁸⁷,
1132 2152 1190 2215 ὃς
1220 2150 1366 2222 μέγα
1424 2146 1658 2221 ἠδύνατο
1696 2143 1851 2215 παρὰ

257 2239 488 2309 βασιλεῖ,
529 2242 869 2296 ἐπιϐουλεύει
906 2243 1157 2313 βασιλέα,
1184 2242 1353 2295 θέλων
1382 2240 1545 2303 αὐτὸς
1586 2237 1842 2309 βασιλεῦ·

258 2352 372 2389 σαι·
409 2335 657 2403 πώγωνα
709 2337 819 2408 γάρ
875 2338 970 2389 καὶ
1003 2336 1276 2407 ὑπόρρινα
1338 2333 1671 2407 προσέταξεν
1701 2332 1851 2403 αύτῷ

253 2427 477 2494 γυνα;κ“ι
511 2429 944 2490 κατασκευάσαι,
973 2429 1064 2483 ἶνα
1092 2429 1168 2493 ὼς
1198 2430 1340 2501 ἀνὴρ
1368 2426 1634 2497 φαίνοιτο.
1670 2428 1748 2478 Δι’
1773 2420 1843 2500 ἦς

255 2523 343 2574 καὶ
371 2522 797 2593 καταμηνύεται
829 2524 925 2576 καὶ
955 2522 1416 2594 συλλαμϐάνεται.
1456 2519 1570 2575 Καὶ
1606 2518 1847 2592 παραδί-

254 2616 392 2670 δοται
425 2616 790 2687 Παρυσάτιδι,
822 2617 919 2669 καὶ
944 2618 1281 2684 ἀναιρεῖται.

316 2706 707 2777 Ἀρσάκης⁸⁶ὁ
756 2706 851 2760 τοῦ
905 2706 1174 2777 βασιλέως
1222 2708 1375 2773 παῖς,
1408 2708 1437 2761 6
1469 2706 1566 2761 καὶ
1618 2705 1847 2778 ὕστερον

258 2800 688 2868 μετονομασθεὶς
740 2798 1141 2871 ’Λρτοξέρξης,
1202 2802 1376 2869 γαμεῖ
1436 2800 1538 2870 τὴν
1600 2799 1848 2869 Ἰδέρνεω

255 2888 532 2960 θυγατέρα
582 2890 882 2962 Στάτειραν
899 2891 967 2956 δ’,
1004 2890 1106 2963 τὴν
1136 2890 1192 2944 δὲ
1232 2890 1327 2944 τοῦ
1377 2888 1648 2960 βασιλέως
1677 2890 1847 2958 θυγα-

254 2981 379 3051 τέρα
405 2984 439 3034 6
465 2981 562 3036 τοῦ
593 2983 837 3053 Ἰδέρνεω
874 2982 1019 3047 υἱόςο
1061 2983 1369 3055 Ἀμῆστρις
1399 2978 1468 3053 ἦν
1498 2983 1531 3053 ή
1567 2982 1843 3054 θυγάτηρ,

255 3073 326 3141 τῷ
360 3073 419 3126 δὲ
446 3072 654 3145 ταύτης
691 3075 913 3146 νυμφίῳ
938 3074 1113 3144 ὄνομα
1132 3075 1179 3107 ⁸⁰
1226 3072 1628 3147 Τεριτούχμης,
1658 3075 1717 3139 ὃς
1749 3077 1846 3127 καὶ

254 3164 342 3217 τού
373 3166 589 3236 πατρὸς
604 3166 1030 3238 τελευτήσαντος
1062 3166 1177 3220 ἀντ’
1210 3165 1379 3220 αὑτοῦ
1404 3168 1691 3238 σατράπης
1716 3182 1847 3219 κατ-

1962 1990 2088 2046 gras
2131 1989 2197 2030 ac
2235 1975 2488 2045 regiones
2524 1989 2625 2045 pro
2665 1976 2892 2044 hujusce
2932 1974 3258 2044 proditionis
3302 1980 3556 2033 mercede

1960 2067 2193 2136 accepit.

2028 2159 2330 2215 Artoxares
2386 2172 2641 2229 quoque,
2685 2157 2777 2228 qui
2834 2156 3129 2228 plurimum
3181 2161 3321 2229 apud
3368 2175 3550 2231 regem

1959 2259 2194 2320 poterat,
2224 2250 2489 2320 regnandi
2534 2235 2835 2319 cupiditate
2877 2250 3127 2318 adactus,
3167 2252 3395 2308 insidias
3439 2241 3551 2325 regi

1959 2343 2205 2398 molitur.
2260 2342 2360 2398 llic
2408 2343 2696 2399 eunuchus
2754 2358 2877 2398 cum
2932 2356 3114 2411 esset,
3161 2344 3389 2400 barbam
3446 2348 3549 2401 sibi

1958 2442 2346 2505 mystacasque
2396 2444 2458 2488 ut
2499 2437 2820 2501 conliceret,
2873 2437 3033 2491 uxori
3093 2437 3401 2507 imperavit,
3440 2452 3551 2506 quo

1955 2526 2040 2579 vir
2067 2540 2189 2580 esse
2229 2533 2535 2595 putaretur,
2569 2526 2636 2579 ab
2667 2540 2731 2580 ea
2772 2526 2885 2596 ipse
2921 2528 3175 2597 proditus
3220 2530 3457 2600 capitur,
3494 2539 3549 2583 et

1954 2613 2265 2689 Parysatidi
2303 2618 2535 2673 traditus
2567 2628 2818 2673 necatur.

2032 2707 2196 2780 Regis
2222 2721 2403 2764 autem
2436 2710 2579 2763 lilius
2610 2711 2864 2777 Arsaces,
2889 2711 2978 2780 qui
3010 2712 3327 2768 Artaxerxae
3357 2724 3549 2782 postea

1954 2815 2149 2854 nomen
2188 2796 2329 2866 tulit,
2367 2800 2665 2855 Stateiram
2706 2802 2909 2858 lderna:
2938 2804 3103 2857 tiliam
3148 2819 3369 2859 uxorem
3405 2810 3551 2861 acci-

1956 2890 2058 2958 pit,
2104 2899 2160 2944 et
2191 2889 2353 2957 hujus
2388 2889 2626 2943 vicissim
2666 2890 2808 2944 lilius
2842 2891 2984 2960 regis
3016 2891 3201 2946 ﬁliam.
3233 2891 3360 2948 Haec
3392 2896 3547 2948 Ami-

1956 2979 2113 3045 ειη-ξε,
2156 2980 2275 3048 ejus
2320 2994 2554 3049 sponsus
2600 2977 2982 3034 Terituchmes
3028 2983 3328 3048 dicebatur,
3360 2986 3449 3052 qui
3494 2994 3549 3038 et

1959 3072 2011 3125 in
2048 3072 2219 3141 patris
2249 3071 2519 3126 demortui
2559 3071 2734 3124 locum
2773 3081 2988 3141 satrapa
3035 3082 3251 3128 creatus
3282 3085 3386 3128 est.
3418 3074 3549 3129 Erat

1954 3163 2085 3218 huic
2133 3177 2292 3218 soror
2334 3164 2526 3217 eodem
2581 3172 2732 3233 patre
2779 3163 2986 3232 genita,
3031 3160 3257 3218 Roxane
3305 3166 3546 3229 nomine,

252 3256 397 3327 έστη.
450 3253 564 3311 Ἦν
605 3258 664 3312 δὲ
720 3259 1036 3330 ὁμοπατρία
1085 3257 1237 3330 αὐτῷ
1299 3258 1505 3329 ἀδελφὴ
1570 3257 1843 3329 Ῥωξάνη,

1959 3272 2080 3326 qua:
2108 3272 2231 3311 cum
2275 3257 2473 3320 forma,
2512 3264 2620 3310 tum
2652 3257 2945 3327 sagittandi
2979 3257 3364 3332 jaculandique
3400 3260 3547 3330 peri-

253 3349 388 3420 καλὴ
417 3348 501 3420 τῷ
542 3349 671 3403 εῖδει
698 3352 794 3403 καὶ
842 3350 1086 3415 τοξεύειν
1112 3350 1206 3404 καὶ
1238 3351 1548 3417 ἀκοντίζειν
1582 3351 1849 3421 ἐμπειρο-

252 3442 404 3510 τάτη.
451 3440 625 3512 Ἐρῶν
654 3442 711 3495 δὲ
741 3440 945 3513 ταύτης
972 3443 1001 3495 6
1028 3440 1412 3513 Τεριτούχμης
1460 3441 1555 3494 καὶ
1590 3443 1851 3509 συγγινό-

258 3550 409 3601 μενος
460 3532 642 3603 ἐμίσει
667 3533 994 3605 ’Λμῆστριν,
1066 3534 1163 3587 καὶ
1192 3533 1347 3597 τέλος
1390 3532 1648 3603 ἐμϐαλεῖν
1678 3533 1850 3603 αὐτὴν

254 3628 329 3687 εἰς
394 3628 608 3681 σάκκον
626 3629 667 3659 ἰ
712 3630 807 3681 καὶ
867 3626 1345 3697 κατακεντηθῆναι
1374 3626 1481 3680 ὑπὸ
1509 3628 1848 3698 τριακοσίων

254 3720 489 3793 ἀνδρῶν,
545 3721 664 3791 μεθ’
696 3715 772 3775 ὧν
796 3722 891 3774 καὶ
951 3722 1050 3793 τὴν
1084 3722 1391 3773 ἀπόστασιν
1422 3719 1754 3790 ὲμελέτησεν
1774 3718 1843 3782 ⁸⁸,

254 3809 831 3865 ἑϐου>.εύσατο.Ἀλλά
886 3827 972 3873 τις
1024 3807 1396 3879 Ούδιάστης⁸³
1440 3808 1635 3879 ὄνομα,
1690 3808 1845 3877 ἰσχὺν

256 3900 387 3971 ἔχων
454 3904 609 3972 παρὰ
634 3901 1003 3973 Τεριτούχμῃ,
1040 3902 1136 3954 καὶ
1160 3900 1472 3972 γράμματα
1498 3899 1649 3968 παρά
1687 3898 1846 3970 βασι-

255 3993 384 4057 λέως
416 3993 627 4056 πολλάς
662 3993 985 4064 ὑποσχέσεις
1012 3992 1229 4062 ἔχοντα,
1256 3992 1306 4044 εί
1332 3989 1667 4063 περισωθείη
1696 3990 1846 4063 αύτῷ

252 4088 285 4156 ἡ
308 4082 597 4157 θυγάτηρ,
629 4085 945 4156 δεξάμενος,
985 4084 1289 4139 ἐπιτίθεται
1310 4084 1404 4138 κα)⁵
1436 4084 1653 4155 ἀναιρεῖ
1681 4084 1848 4155 Τερικ

255 4180 526 4249 τούχμην,
592 4176 858 4247 γενναίως
888 4178 947 4229 ὲν
968 4179 1034 4247 τῇ
1060 4175 1431 4229 ἐπαναστάσει
1450 4173 1846 4247 άνδρισάμενον

256 4273 347 4325 καὶ
390 4272 627 4335 πολλοὺς
678 4272 1081 4325 ἀποκτείναντα
1107 4270 1153 4301 ⁸⁸
1173 4284 1187 4299 ο
1218 4269 1383 4341 μέχρι
1442 4268 1553 4341 γάρ
1586 4267 1631 4321 λ’
1678 4268 1770 4321 καὶ
1801 4268 1847 4334 ζ’

257 4380 414 4431 φασιν
459 4364 623 4418 αὐτὸν
666 4364 1013 4418 ἀποκτεῖναι.
1057 4363 1195 4417 ὐδὲ
1222 4364 1340 4427 υἱὸς
1396 4364 1491 4416 τοῦ
1543 4363 1843 4419 Ούδιάστου

258 4453 614 4522 Μιθραδάτης
632 4454 702 4517 ³⁸,
737 4450 1090 4523 ὑπασπιστὴς
1114 4450 1192 4507 ὢν
1212 4452 1590 4524 Τεριτούχμου
1646 4460 1741 4505 καὶ
1767 4456 1842 4525 μὴ

1957 3348 2027 3402 tia
2082 3348 2377 3417 przestahat
2412 3364 2427 3402 :
2464 3348 2618 3415 cujus
2668 3364 2854 3402 antore
2907 3359 3098 3417 captus
3144 3348 3543 3414 Teritnclnnes,

1954 3456 2193 3511 ususque
2223 3440 2639 3505 consuetudine,
2670 3442 2930 3494 Ainistrin
2982 3441 3189 3496 scilicet
3229 3444 3439 3506 oderat,
3488 3452 3547 3499 ut

1954 3546 2074 3586 eam
2121 3536 2337 3585 tandem
2386 3533 2439 3586 in
2486 3548 2703 3587 saccum
2750 3533 3021 3599 conjicere
3066 3536 3396 3600 statuerit,a
3434 3547 3546 3590 tre-

1956 3624 2135 3678 centis
2171 3629 2243 3677 ita
2280 3624 2432 3688 viris,
2468 3638 2591 3677 cum
2620 3624 2817 3692 quibus
2852 3625 2939 3680 ille
2968 3624 3327 3682 defectionem
3371 3630 3545 3683 medi-

1954 3716 2193 3779 tabatur,
2245 3714 2691 3770 cunl'odiendam.
2742 3714 2942 3771 Verum
3005 3716 3258 3773 Udiastes
3297 3721 3542 3790 quidam,

1952 3809 2043 3877 qui
2086 3810 2410 3862 auctoritate
2458 3810 2599 3878 apud
2655 3808 3039 3864 Teriluchmen
3082 3812 3337 3878 pollebat,
3372 3822 3426 3866 et
3462 3812 3549 3866 lit-

1956 3909 2103 3955 teras
2134 3899 2245 3968 jani
2278 3916 2307 3952 a
2343 3916 2467 3967 rege
2498 3912 2783 3971 acceperat
2819 3904 3101 3971 promissis
3130 3904 3338 3973 plenas,
3364 3907 3409 3961 si
3445 3922 3543 3962 sua

1955 3993 2057 4062 ipsi
2099 3991 2209 4046 lilia
2256 4003 2567 4046 servaretur
2612 3993 2920 4059 incolumis,
2957 3993 3342 4049 Teriturhmen
3394 3999 3545 4050 inva-

1954 4084 2035 4137 dit
2083 4092 2246 4153 atque
2278 4082 2560 4143 interﬁcit,
2589 4098 2710 4137 cum
2743 4083 2894 4152 prius
2926 4086 3037 4154 ipse
3066 4085 3285 4140 fortiter
3324 4087 3544 4143 iuvaso~

1954 4174 2106 4231 ribus
2156 4175 2441 4241 resistens,
2487 4190 2676 4231 eorum
2731 4176 2933 4232 inultos
2985 4180 3293 4243 straviSset.
3335 4192 3541 4250 septem

1952 4268 2099 4323 enim
2140 4283 2304 4336 supra
2350 4267 2568 4337 triginta
2610 4278 2889 4324 mactasse
2941 4271 3193 4325 traditur.
3235 4271 3407 4339 ipsius
3448 4290 3544 4327 au-

1955 4370 2061 4416 tem
2097 4355 2349 4416 'Udiastae
2409 4361 2550 4415 lilius
2598 4360 2984 4431 Mithridates,
3034 4364 3124 4433 qui
3180 4362 3544 4420 Teritnchtna:

1955 4451 2195 4521 armiger
2244 4460 2385 4515 erat,
2438 4465 2540 4506 nec
2598 4451 2776 4507 turbis
2838 4453 2991 4508 hisce
3049 4454 3390 4520 interfuerat,
3449 4456 3538 4510 ubi

1544 4586 1777 4643 VARle
1813 4587 2230 4643 LECTIONES.

326 4685 368 4714 “
403 4681 708 4763 άπολὲσθαι
732 4698 791 4763 ς.
852 4680 912 4763 ,δ’
944 4676 1299 4763 εραρνακύτας
1333 4680 1398 4734 Α.
1458 4662 1945 4763 δξξπιθαραδάτης
1972 4696 2033 4763 ςκ.
2068 4678 2149 4758 ,⁸⁵
2185 4678 2531 4763 ’ξΕλλησιγᾳ
2594 4677 2656 4763 ’⁸³⁵
2678 4678 3064 4763 χρήματαις...
3100 4678 3147 4710 ⁸⁸
3168 4680 3540 4763 ,Τισσαφέρνε-

259 4753 351 4824 δης
381 4755 481 4823 τὴν
524 4770 585 4816 ς.
663 4752 721 4834 ⁸⁷.
751 4754 780 4804 6
812 4748 1071 4834 εύνρῦχος
1115 4750 1159 4801 Α
1191 4768 1204 4802 :
1238 4750 1293 4802 δὲ
1322 4767 1385 4814 ς,
1438 4749 1638 4834 additis;
1684 4748 1827 4834 (post
1874 4748 2217 4834 βασιλεύσαι)
2273 4748 2536 4834 ἐκτομίας
2586 4749 2871 4834 ὑπάρχων.
2943 4750 2989 4834 ξ’
3019 4750 3302 4834 ’Λρσάκηςῡ
3329 4748 3437 4804 δὲό
3473 4768 3535 4834 ς.

260 4821 632 4892 δι’σταξείραν
692 4825 758 4875 Α.
834 4823 881 4853 ⁵⁸
906 4821 1079 4892 ὄνομα
1130 4837 1242 4871 υιιι.
1300 4837 1383 4888 pr.
1444 4822 1509 4874 Α.

261 4912 416 4948 νοντα
446 4912 506 4958 ς’.
535 4891 540 4892 ⁷
586 4896 631 4925 ⁵⁸
669 4892 1017 4965 μιστροδάτις
1043 4891 1109 4944 A.

1596 4821 1641 4852 ⁸⁸
1681 4820 1848 4872 σάκον
1900 4822 1968 4873 Α.
2039 4820 2086 4850 ⁸⁸
2121 4820 2467 4891 μελετήσασα
2495 4836 2555 4883 ς.

2634 4820 2681 4851 ⁸³
2711 4819 3013 4890 Ούδιαστὴς
3052 4837 3092 4852 σ-
3185 4822 3233 4853 ⁸¹⁵
3280 4822 3537 4874 ἀποκτεί-

1022 5036 1025 5037 ν
1779 4981 2011 5038 NOT/E.

331 5083 411 5153 (8)
449 5080 654 5155 Eodem
710 5092 814 5133 noc
861 5078 1069 5155 _mor_lis_
1102 5075 1596 5155 gegeresuhlatus
1633 5089 1850 5155 quoque
1875 5078 1929 5137 D
1956 5075 2066 5155 psit
2088 5073 2337 5128 Valerius
2362 5074 2503 5128 Max.
2530 5074 2626 5155 lib.
2653 5090 2730 5155 rx,
2756 5089 2876 5145 cap.
2899 5074 2956 5139 2,
2992 5075 3344 5155 Exteruorum
3368 5078 3536 5155 histo-

264 5144 641 5223 Secy'ndianus
693 5149 944 5218 suprajet
986 5144 1127 5203 infra
1164 5144 1744 5223 Pisuthiies._Brissoii.
1794 5146 1847 5199 in

263 5216 520 5287 Persicis,
571 5221 726 5275 vivos
758 5216 983 5273 exustos
1043 5228 1250 5273 censet.
1288 5216 1664 5287 Lycophronis
1716 5230 1850 5270 sane

261 5295 586 5349 scholiastes
658 5289 965 5358 φλέγουσαν
1032 5289 1229 5342 σποδὸν
1294 5288 1848 5358 θκρυιιίινπυρκαῖὰν

264 5366 352 5417 καὶ
404 5361 625 5417 καῦσιν.
658 5357 782 5428 ,Sed
835 5360 1093 5429 numquid
1148 5360 1300 5413 vivos
1347 5357 1581 5412 ﬂammis
1638 5361 1850 5411 tradere

264 5437 478 5498 licebat,
509 5433 707 5486 saltem
757 5432 970 5495 noxios,
1020 5431 1161 5498 apud
1206 5444 1343 5499 quos
1385 5430 1841 5499 inortimniiqnid,

262 5518 349 5555 aut
379 5496 624 5563 aenum,
654 5500 708 5553 in
741 5500 921 5568 ignetn
964 5496 1258 5568 conjiciens
1291 5510 1464 5553 morte
1496 5496 1839 5568 puniebatur,
1950 5538 1953 5541 γ

266 5586 319 5626 ιιι
361 5578 531 5627 rel‘ert
560 5566 787 5632 Strabo;
829 5570 924 5623 lib.
966 5585 1034 5622 xv
1066 5566 1235 5624 extr.?
1261 5572 1341 5622 An
1380 5569 1521 5621 forte
1566 5568 1617 5619 in
1654 5566 1840 5635 Pyra:-

269 5648 532 5717 th_eiorum
548 5642 771 5717 copioso
786 5642 990 5717 cinere,
1010 5641 1207 5694 ibidem
1240 5641 1530 5706 descripto,
1547 5638 1844 5717 esstiiictus

268 5711 397 5767 isios
412 5708 680 5782 suspicari
696 5708 1160 5782 liceat.—+Pra2ter
1181 5723 1411 5763 mentem
1434 5708 1843 5782 ineamacciitit,

269 5795 324 5857 ιιι
354 5777 621 5838 haesitatio
652 5781 1043 5857 nostra_prima
1071 5781 1139 5834 de
1165 5782 1423 5857 ci_n_eri_nn_
1447 5777 1712 5857 supplicio
1744 5777 1846 5857 huc

272 5851 387 5907 loco
434 5868 691 5924 expressa
725 5852 815 5908 sit.
840 5849 974 5906 Nam
1002 5866 1132 5909 ecce
1164 5851 1260 5907 tibi
1293 5850 1598 5907 clarissime
1641 5849 1847 5904 descri-

1956 5148 2040 5199 ria
2074 5156 2247 5215 sexta,
2291 5161 2400 5213 quo
2448 5146 2695 5212 supplicii
2746 5160 2945 5215 genere
2985 5147 3243 5215 perierint
3304 5148 3393 5215 qui
3449 5152 3534 5200 hic

1952 5213 2319 5286 ἐμϐάλλεσθαι
2371 5216 2452 5277 είς
2492 5216 2592 5284 τὴν
2637 5213 2833 5269 σποδὸν
2862 5213 3132 5280 dicuntur,
3179 5213 3332 5286 quod
3367 5218 3533 5273 etiam

1952 5284 2110 5342 Ovid.
2146 5287 2198 5339 in
2229 5284 2327 5339 lib.
2356 5301 2409 5341 ν.
2442 5286 2540 5340 5‘21
2577 5288 2630 5341 iti
2664 5291 2747 5342 his
2782 5288 3063 5342 versiculis
3091 5284 3331 5343 indi—cat:

2025 5397 2197 5469 thue
2227 5407 2529 5451 necatorum
2561 5399 2715 5453 Darii
2744 5401 2935 5469 fraude
2967 5403 3209 5466 secundi,

2126 5467 2217 5524 Sic
2250 5479 2340 5521 tua
2373 5487 2654 5525 succensus
2690 5467 2898 5525 devoret
2930 5489 3051 5526 ossa
3076 5476 3229 5527 emis.

1951 5563 2164 5638 Dixeris
2211 5572 2279 5638 et_
2313 5562 2532 5638 beatum
2576 5566 2959 5638 Hieronymum
3001 5567 3129 5631 olim
3184 5569 3323 5622 hanc
3356 5567 3529 5637 ipsam

1948 5636 2198 5708 phrasin,
2233 5635 2461 5689 alterius
2485 5634 2912 5708 Machabacorum
2930 5637 3057 5708 libri
3080 5654 3203 5708 cap.
3231 5653 3350 5705 xm,
3376 5634 3438 5695 ii.
3471 5642 3527 5703 ti,

1950 5706 2171 5774 legisse,
2214 5721 2337 5758 cuni
2383 5707 2450 5758 de
2496 5707 2763 5775 sacrilego
2803 5708 2895 5761 illo
2927 5706 3164 5763 Menelao
3191 5715 3380 5764 eodem
3427 5714 3528 5764 hoc

1951 5775 2198 5843 supplicii
2230 5789 2429 5846 genere
2460 5785 2669 5846 necato,
2703 5776 2915 5846 vulgata
2945 5779 3064 5846 ejus
3097 5781 3273 5834 versiu
3314 5777 3475 5833 refert
3513 5801 3524 5839 ;

1950 5846 2080 5903 Inde
2113 5846 2166 5901 in
2201 5845 2424 5901 cinerem
2459 5844 2617 5914 dejici
2663 5844 2829 5917 jussit
2869 5844 3209 5921 sacrilegum.
3250 5849 3521 5909 Scuows.
