4092 6474
486 427 586 489 199

1644 418 1910 481 PHO'l‘Il
1948 414 2455 480 PATRIABCH/E
2491 413 2601 475 CP.

3653 410 3760 479 200

482 535 698 590 facinus
726 531 1016 600 intellexit,
1046 531 1243 586 multas
1264 529 1405 601 patri
1431 529 1576 585 diras
1606 529 1939 601 imprecatus
1967 536 2069 592 est,

2189 524 2388 595 παρὼν,
2462 522 2585 576 ἐπεὶ
2627 520 2818 593 ἔμαθε,
2877 519 3049 575 πολλὰ
3068 520 3146 594 τῷ
3182 520 3346 592 πατρὶ
3385 522 3761 593 κατηράσατο,

480 634 804 695 cnptamque
842 622 1003 677 Zarin
1034 623 1251 688 urbem,
1281 620 1653 677 Teritucliina:
1696 619 1805 674 filio
1844 633 2066 673 conser-

481 715 651 770 vavit.
698 714 767 769 At
814 713 1092 785 Parysatis
1128 723 1359 767 matrem
1402 709 1788 774 Terituchmaa,
1835 708 2067 763 fratres-

481 820 587 875 que
629 804 923 860 Metrosten
975 814 1137 873 atque
1180 802 1448 870 Helicum,
1496 816 1711 857 sorores
1750 801 1874 855 item
1909 800 2066 865 duas,

482 911 618 964 quas
671 903 866 965 praeter
916 893 1211 950 Stateiram
1259 893 1510 961 habebat,
1545 892 1695 947 vivas
1732 892 1907 948 defodi
1953 891 2071 958 jus-

480 985 785 1057 sit(9-10);
813 998 868 1041 ct
894 988 1065 1057 ipsam
1099 982 1358 1041 Roxanen
1389 987 1501 1057 (Η)
1524 985 1699 1041 vivam
1725 985 1851 1040 item
1869 985 2068 1040 secari.

481 1076 843 1133 Tantumdein
877 1079 943 1134 de
998 1077 1274 1145 Stateira,
1318 1078 1541 1132 Arsacaz
1588 1075 1682 1130 lilii
1736 1089 1926 1141 uxore,
1976 1090 2070 1129 rex

489 1171 705 1240 conjugi
743 1172 1050 1239 imperavit.
1084 1171 1153 1225 At
1193 1185 1313 1223 cuin
1347 1169 1580 1223 Arsaces
1613 1165 1798 1222 multis
1841 1175 2069 1220 matrem

488 1273 809 1334 patremque
862 1263 1119 1334 lacrymis
1172 1274 1334 1333 atque
1381 1259 1685 1331 planctibus
1744 1259 2069 1331 mitigasset,

485 1367 771 1426 postquam
842 1357 958 1425 ipsa
993 1355 1135 1426 43b
1166 1355 1438 1426 Parysatis
1469 1353 1610 1409 ﬂexa
1640 1361 1745 1417 est,
1774 1354 1939 1407 etiam
1977 1367 2069 1406 rex

487 1461 705 1516 poenam
741 1445 815 1499 illi
844 1447 1198 1512 condonavit,
1239 1445 1341 1501 hoc
1371 1446 1555 1501 addito
1583 1446 1648 1501 ad
1680 1460 1928 1511 uxorein,
1954 1442 2072 1499 fore

486 1541 776 1608 aliquando
810 1549 869 1593 ut
902 1556 1021 1594 eam
1051 1539 1206 1594 valde
1237 1540 1549 1608 paeniteret.

485 1629 735 1701 εχὼρησε
763 1630 859 1684 καὶ
895 1626 1060 1700 Ὦχος
1094 1632 1122 1682 6
1149 1630 1431 1700 Δαρειαῖος
1450 1628 1518 1694 ⁸⁸,
1575 1629 1746 1684 είπὼν
1796 1628 2131 1702 Παρυσάτιδι

561 1748 781 1803 Decimo
822 1762 962 1803 nono
1004 1748 1199 1803 deinde
1236 1749 1376 1804 libro
1404 1750 1592 1815 refert,
1636 1764 1694 1805 ut
1732 1750 1913 1807 Ochus
1950 1750 2055 1806 Da-
2088 1757 2130 1813 Β

489 1842 650 1895 rneus
682 1857 747 1895 ex
795 1842 983 1896 morbo
1020 1851 1263 1897 mortuus
1294 1843 1364 1898 sit
1397 1842 1693 1913 Babylone,
1724 1861 1847 1900 cuin
1897 1863 2075 1906 annos

491 1941 776 2001 regnasset
797 1932 1039 2002 quinque
1057 1948 1221 2001 supra
1254 1932 1501 2003 triginta.
1533 1935 1789 2002 Arsaces,
1824 1935 2079 2007 idemque

488 2023 828 2078 Artaxerxes
877 2022 991 2095 (l2)
1050 2032 1257 2079 mutato
1286 2024 1533 2093 nomine,
1601 2041 1823 2095 regnum
1886 2031 2079 2087 deinde

490 2114 753 2184 suscipit;
803 2124 860 2169 et
915 2124 1105 2171 exacta
1166 2126 1312 2172 retro
1370 2116 1505 2189 (per
1546 2118 1848 2190 cervicem)
1898 2121 2076 2192 lingua

491 2204 730 2260 Udiastae
780 2215 1094 2273 exsecatur,
1141 2217 1306 2279 atque
1344 2209 1419 2264 ita
1469 2212 1737 2278 moritur,
1769 2212 2081 2271 Mithridate

491 2294 608 2361 cjus
637 2293 750 2348 lilio
778 2308 875 2363 pro
907 2305 1131 2363 parente
1181 2308 1398 2369 satrapa
1442 2310 1628 2354 creato
1659 2314 1675 2353 :
1702 2317 1825 2371 quae
1863 2303 2079 2371 quidem

502 2384 756 2439 Stateirae
788 2384 971 2440 studio
998 2400 1104 2440 non
1134 2386 1470 2460 siuelniagno
1516 2390 1851 2462 Parysatidis
1898 2394 2082 2451 dolore

493 2490 715 2549 peracta
749 2490 895 2534 sunt.
919 2479 1311 2550 Tissaphernes
1342 2486 1664 2539 criminatur
1705 2486 1907 2555 Cyrum
1936 2490 2080 2558 apud

494 2574 857 2627 Artaxerxem
880 2571 1118 2628 fratrem
1144 2591 1160 2641 ;
1196 2590 1319 2629 mox
1348 2575 1436 2632 ille
1466 2579 1531 2631 ad
1566 2589 1793 2633 matrem
1817 2580 2081 2651 coiifugit,

496 2672 660 2731 atque
704 2662 774 2715 ab
822 2660 1035 2726 obiecto
1070 2663 1300 2719 crimine
1340 2664 1669 2723 absolvitur.
1722 2667 1835 2722 llac
1877 2684 2007 2739 ergo
2051 2686 2081 2725 a

496 2751 668 2807 fratre
697 2752 922 2808 allectus
956 2753 1245 2824 ignominia
1276 2754 1473 2827 Cyrus,
1505 2758 1573 2812 ad
1608 2761 1899 2829 satrapiam
1930 2776 2084 2816 suam

498 2840 725 2904 recedit,
762 2854 827 2895 ac
853 2840 921 2895 de
954 2840 1250 2897 rebellione
1286 2843 1510 2914 cogitat.
1541 2843 1879 2900 Criminatur
1911 2847 2087 2903 Oron-

499 2933 603 2987 den
639 2932 1028 2989 Satibarzanes
1084 2950 1205 2989 cuin
1260 2933 1585 3007 Parysatide
1638 2939 2084 2994 consuetudinem

502 3024 724 3089 habere,
747 3040 869 3079 cum
894 3026 1136 3096 alioquin
1157 3027 1465 3083 castissime
1480 3028 1708 3083 viveret.
1729 3027 1902 3085 Morte
1927 3029 2087 3101 igitur

2168 619 2264 672 καὶ
2323 616 2479 670 πόλιν
2536 616 2704 686 Ζάριν
2756 613 3082 669 καταλαϐὼν
3126 614 3401 684 ἐφύλασσε
3442 617 3651 685 ταύτην
3681 611 3762 684 τῷ

2170 710 2323 763 παιδὶ
2365 708 2462 762 τοῦ
2513 706 2925 778 Τεριτούχμεω.
2963 705 3028 759 Ἦ
3058 705 3116 760 δὲ
3171 703 3484 777 Παρύσατις
3538 705 3642 776 τήν
3701 719 3764 757 τε

2173 799 2389 873 μητέρα
2407 799 2507 871 τὴν
2536 799 2925 871 Τεριτούχμεω
2953 798 3050 852 καὶ
3079 798 3209 862 τοὺς
3234 796 3499 866 ἀδελφοὺς
3537 794 3767 867 Μιτρὼ-

2174 894 2363 966 στην⁸⁶
2394 894 2491 948 καὶ
2522 892 2750 947 Ίῐλικον
2789 893 2884 946 καὶ
2912 891 3013 956 τὰς
3042 889 3309 960 ἀδελφὰς,
3343 889 3437 944 δύο
3460 887 3629 953 οὔσας
3656 906 3766 959 χω-

2175 986 2260 1057 ρὶς
2310 985 2411 1057 τῆς
2474 984 2771 1055 Στατείρας
2788 984 2855 1049 ⁸⁷,
2896 982 3076 1047 ζώσας
3122 982 3379 1037 ἐκέλευσε
3414 981 3761 1053 καταχῶσαι,

2171 1075 2271 1147 τὴν
2299 1076 2354 1128 δὲ
2394 1074 2490 1147 [64
2514 1074 2607 1148 IL]
2646 1074 2923 1145 Ῥωξάνην
2983 1073 3165 1138 ζῶσαν
3224 1075 3558 1143 κατατεμεῖν
3588 1089 3602 1103 ·
3659 1072 3761 1126 καὶ

2173 1169 2411 1238 ἐγένετο.
2444 1167 2507 1222 '0
2537 1169 2593 1223 δὲ
2617 1168 2876 1240 βασιλεὺς
2908 1162 3030 1221 εἷπε
3065 1170 3133 1239 τῇ
3163 1171 3385 1236 γυναικὶ
3416 1164 3766 1238 Παρυσάτιδι

2173 1260 2402 1332 ποιῆσαι
2428 1258 2632 1330 ὁμοίως
2657 1261 2752 1315 καὶ
2777 1259 3074 1331 Στάτειραν
3103 1258 3202 1331 τὴν
3234 1259 3294 1312 Ἀ
3305 1257 3511 1330 ρσάκου
3530 1257 3767 1327 γυναῖκα

2172 1354 2268 1407 τοῦ
2301 1354 2517 1417 παιδός*
2551 1351 2677 1425 [129
2705 1351 2797 1424 8.]
2831 1352 2946 1406 ἀλλ’
2976 1353 3005 1405 δ
3034 1369 3098 1421 γε
3125 1351 3408 1424 Ἀρσάκης
3461 1349 3634 1405 πολλὰ
3660 1350 3767 1420 τὴν

2182 1447 2397 1519 μητέρα
2426 1446 2520 1501 καὶ
2552 1447 2645 1500 τὸν
2668 1447 2881 1517 πατέρα
2896 1445 3129 1517 δάκρυσι
3156 1445 3251 1499 καὶ
3272 1445 3528 1509 κοπετοῖς
3549 1441 3769 1508 ὲξιλεω-

2180 1541 2498 1610 σάμενος⁸³,
2561 1539 2688 1594 ἐπεὶ
2712 1539 2757 1571 ⁸⁹
2814 1541 2847 1609 ἡ
2881 1536 3197 1608 Παρύσατις
3244 1536 3605 1607 ὲπεκάμφθη,
3642 1552 3772 1588 συν-

2178 1630 2350 1685 πολλὰ
2396 1629 2797 1703 μεταμελήσειν
2829 1630 3004 1701 αὐτήν
3042 1630 3109 1682 ⁶¹.
3155 1627 3399 1700 Τελευτᾷ
3439 1630 3484 1659 ⁶²
3534 1629 3568 1699 ἠ
3600 1625 3672 1699 ιη’
3702 1626 3768 1681 ⁸⁸.

2241 1750 2330 1803 Ἐν
2367 1749 2424 1803 δὲ
2447 1751 2513 1821 τῇ
2539 1749 2604 1803 ιθ⁹
2632 1746 2846 1820 ἱστορία
2904 1747 3270 1818 διαλαμϐάνει
3315 1746 3393 1810 ὡς
3413 1741 3581 1817 Ὦχος
3602 1747 3631 1799 6
3654 1745 3766 1798 Δα-

2186 1840 2451 1913 ρειαῖοςσδ
2502 1839 2774 1895 ἀπέθανεν
2835 1839 3145 1910 ἀσθενήσας
3194 1840 3252 1892 ὲν
3294 1837 3612 1902 Βαϐυλῶνι,
3668 1835 3768 1907 ἐτη

2186 1932 2512 2004 βασιλεύσας
2541 1934 2838 2005 τριάκοντα
2872 1932 3059 1999 πέντε,
3093 1930 3367 2001 βασιλεύει
3387 1930 3445 1984 δὲ
3479 1927 3769 2001 ’Δρσᾶκης

2184 2029 2213 2081 6
2258 2025 2693 2097 μετονομασθεὶς
2754 2024 3135 2096 Ἀρτοξέρξης.
3202 2024 3314 2077 Καὶ⁵
3359 2023 3689 2093 ἐκτέμνεται
3739 2019 3771 2072 6

2186 2116 2487 2187 Ούδιάστης
2532 2117 2632 2186 τὴν
2691 2115 2942 2184 γλῶτταν
2974 2154 2989 2179 ,
3041 2115 3136 2168 καὶ
3194 2112 3511 2179 ἑξελκύεται
3557 2108 3767 2183 ταύτην

2185 2208 2494 2276 ἐξόπισθεν,
2525 2208 2624 2261 καὶ
2643 2206 2898 2279 θνήσκει·
2919 2208 2948 2260 6
2972 2206 3030 2260 δὲ
3062 2207 3193 2269 παῖς
3221 2203 3389 2260 αὐτοῦ
3419 2202 3777 2274 Μιτραδάτης

2186 2302 2310 2355 ἀντὶ
2371 2299 2469 2355 τοῦ
2520 2299 2729 2371 πατρὸς
2759 2298 3084 2355 καθίσταται
3130 2296 3445 2370 σατράπης.
3490 2294 3777 2366 Ἐπράχθη

2185 2392 2242 2447 δὲ
2269 2393 2442 2447 ταῦτα
2472 2392 2675 2464 σπουδῇ
2711 2391 3034 2464 Στατείρας,
3067 2391 3163 2445 καὶ
3197 2390 3390 2461 ἠνιᾶτο
3421 2387 3761 2460 Παρύσατις.

2186 2484 2548 2539 Διαϐάλλεται
2574 2481 2756 2556 Κῦρος
2814 2482 2921 2536 ὑπὸ
2974 2481 3381 2553 Τισσαφέρνους
3405 2479 3543 2550 πρὸς
3589 2478 3779 2551 ’Δρτοο

2190 2578 2385 2649 ξέρξην
2428 2577 2520 2631 τὸν
2558 2576 2807 2647 ἀδελφὸν,
2839 2576 2931 2630 καὶ
2962 2573 3304 2644 καταφεύγει
3347 2570 3687 2644 Παρυσάτιδι
3710 2570 3779 2641 τῇ

2192 2671 2382 2741 μητρὶ,
2410 2669 2508 2723 καὶ
2537 2667 2833 2723 ἀπολύεται
2856 2668 2953 2739 τῆς
2982 2665 3260 2736 διαϐολῆς.
3294 2662 3620 2718 Ἀπελαύνει
3661 2660 3779 2715 Κῦ-

2194 2779 2285 2833 ρος
2313 2761 2662 2832 ἠτιμωμένος
2690 2761 2842 2831 παρά
2884 2760 2976 2814 τοῦ
3007 2758 3241 2828 ἀδελφοῦ
3275 2759 3411 2830 πρδς
3433 2757 3534 2827 τὴν
3565 2755 3782 2810 οἰκείαν

2192 2853 2569 2924 σατραπείαν,
2629 2853 2725 2907 καὶ
2786 2852 2985 2924 μελετᾷ
3033 2849 3428 2905 ἐπανάστασιν.
3491 2846 3783 2902 Διαϐάλλει

2191 2946 2608 3018 Σατιϐαρζάνης
2656 2945 2936 3017 Ὀρόνδην,
2968 2943 3044 3007 ὼς
3092 2941 3432 3015 Παρυσάτιδι
3496 2940 3807 3012 μίγνυται,

2194 3039 2371 3093 καίτοι
2428 3040 2548 3093 λίαν
2594 3039 2767 3108 αὐτῆς
2830 3035 3215 3109 σωφρονούσης
3247 3049 3261 3064 ⁸
3322 3036 3417 3088 καὶ
3472 3033 3786 3103 ἀναιρεῖται

505 3121 769 3171 multatur
807 3116 1075 3182 Orouiles,
1107 3128 1161 3173 et
1198 3130 1375 3174 mater
1405 3121 1515 3191 regi
1548 3121 1895 3193 indignatur,
1920 3138 2084 3177 vene-

2203 3132 2482 3203 Ὀρόνδης,
2534 3131 2628 3185 καὶ
2686 3128 2968 3201 ὀργίζεται
3013 3129 3048 3199 ἡ
3092 3128 3276 3198 μήτηρ
3304 3125 3382 3198 τῷ
3419 3125 3668 3196 βασιλεῖ,
3700 3123 3788 3177 ὅτι

505 3224 685 3277 noque
711 3207 1111 3265 Teriteuchinaa
1157 3198 1325 3265 lilium
1369 3222 1549 3267 necat.
1579 3212 1657 3268 De
1681 3228 1747 3269 eo
1780 3229 1994 3285 quoque
2030 3213 2089 3268 fit

506 3298 595 3353 hic
620 3302 846 3366 mentio,
871 3300 963 3369 qui
1012 3311 1291 3371 parentem
1340 3310 1527 3356 contra
1571 3302 1743 3373 legem
1777 3318 1872 3372 pcr
1913 3303 2088 3373 ignem

507 3390 759 3458 sepelivit
782 3389 918 3462 (l3).
947 3388 1103 3444 Unde
1125 3391 1290 3445 etiam
1314 3391 1627 3463 llellzinicus
1658 3403 1822 3463 atque
1845 3392 2087 3450 Herodo-

510 3494 597 3537 tus
644 3484 915 3538 mendacii
974 3496 1301 3555 arguuntur.
1356 3462 1547 3540 Deficit
1593 3502 1621 3540 a
1673 3462 1842 3541 fratre
1897 3486 2089 3559 Cyrus,

509 3576 701 3632 Cra-co
761 3577 921 3631 simul
963 3586 1017 3631 et
1054 3577 1338 3632 barbarico
1381 3576 1609 3633 collecto
1660 3580 1904 3633 exercitu
1954 3578 2091 3650 (l4).

510 3671 687 3724 Porro
740 3670 1043 3724 Clearchus
1088 3668 1400 3725 Graecorum
1444 3671 1551 3725 dux
1599 3682 1736 3728 erat.
1762 3670 2096 3743 Syueuncsis

514 3778 648 3816 vero
678 3762 905 3817 Cilicum
929 3779 1023 3817 rex
1053 3773 1364 3832 utrumque,
1393 3763 1591 3833 Cyrum
1626 3766 1746 3819 dico
1768 3776 1821 3819 et
1844 3754 2100 3819 Artaxer-

518 3868 666 3916 xeiu,
696 3852 749 3905 in
780 3852 918 3907 bello
937 3852 1249 3919 adjuvabat.
1283 3854 1456 3924 Cyrus
1479 3869 1657 3922 suum,
1683 3862 1737 3909 et
1769 3858 2098 3909 Artaxerxes

512 3944 755 3997 vicissim
797 3960 952 3998 suum
992 3947 1291 3998 exercitum
1318 3947 1639 4000 cohortatus
1667 3956 1769 4001 est.
1802 3947 2096 4001 Clearchus

514 4033 982 4095 Lacedinmonius,
1024 4034 1276 4104 idemque
1308 4033 1618 4089 Graecorum
1650 4036 1778 4102 dux,
1816 4046 1870 4090 et
1904 4034 2096 4090 Menon

516 4126 831 4189 Thessalus,
895 4142 1126 4195 quorum
1198 4136 1424 4195 uterque
1491 4124 1695 4197 Cyrum
1752 4128 2100 4197 sequebatur,

516 4220 734 4273 assidue
770 4218 913 4271 inter
957 4233 1016 4272 se
1048 4216 1406 4280 dissidebant,
1437 4230 1722 4288 propterea
1756 4220 1900 4288 quod
1929 4217 2103 4288 Cyrus

519 4312 570 4366 iu
605 4311 860 4365 omnibus
883 4308 1134 4364 Clearchi
1177 4310 1407 4367 consilio
1440 4319 1706 4374 uteretur,
1744 4309 1888 4363 nulla
1919 4307 2099 4363 Meno-

518 4409 602 4461 nis
643 4408 824 4460 liahita
851 4406 1083 4460 ratione.
1112 4405 1246 4460 Cum
1279 4405 1433 4461 multi
1466 4406 1538 4460 ab
1567 4409 1876 4460 Artaxerxe
1904 4405 1969 4456 ad
1996 4402 2108 4473 Cy-

518 4514 639 4553 rum
677 4496 1099 4568 transfugerent,
1142 4496 1324 4552 nullus
1368 4506 1545 4552 tamen
1593 4497 1661 4550 ab
1694 4496 1797 4551 hoc
1842 4497 1909 4549 ad
1952 4496 2099 4549 illum

518 4591 806 4645 transiliat.
849 4589 1022 4657 Quam
1049 4590 1216 4643 etiam
1247 4589 1318 4643 ob
1347 4603 1570 4643 causam
1603 4588 1949 4648 Artabariiis,
1975 4601 2100 4641 cum

518 4683 585 4735 ad
620 4681 817 4752 Cyrum
856 4695 975 4735 sese
1004 4679 1303 4750 adjungere
1339 4679 1645 4742 statuisset,
1679 4692 1853 4747 eoque
1890 4679 2105 4734 nomine

519 4783 805 4828 accusatus
834 4782 1003 4839 esset,
1045 4773 1101 4828 in
1137 4772 1376 4828 cinerem
1406 4770 1684 4843 coajectus
1709 4778 1813 4825 est.

2190 3221 2503 3293 Παρύσατις
2551 3222 2831 3294 φαρμάκῳ
2880 3219 3185 3290 διαφθείρει
3236 3219 3328 3274 τὸν
3384 3216 3787 3289 Τεριτούχμεω

2190 3314 2326 3368 υἱόν.
2388 3315 2499 3367 Καὶ
2553 3314 2683 3384 περὶ
2736 3310 2834 3366 τοῦ
2886 3311 3157 3382 θάψαντος
3209 3309 3302 3364 τὸν
3335 3310 3551 3378 πατέρα
3577 3309 3670 3362 διὰ.
3689 3306 3787 3361 τοῦ

2191 3406 2367 3476 πυρὸς
2396 3404 2546 3476 παρὰ
2571 3404 2661 3457 τὸν
2687 3404 2883 3474 νόμον·
2911 3402 2974 3469 ἐξ
3004 3396 3067 3457 οὗ
3090 3406 3184 3457 καὶ
3204 3402 3427 3473 ἐλεγχος
3464 3401 3788 3456 Ἑλλανίκου

2193 3501 2287 3556 καὶ
2316 3500 2624 3571 Ἡροδότου,
2649 3498 2724 3562 ὡς
2751 3496 3056 3568 ψεύδονται.
3090 3496 3419 3558 Ἀπᾶστασις
3454 3493 3642 3566 Κύρου
3667 3494 3784 3547 ἀπὸ

2195 3591 2289 3645 τοῦ
2333 3591 2586 3659 ἀδελφοῦ,
2622 3588 2716 3643 καὶ
2750 3588 3041 3661 συναγωγὴ
3075 3587 3389 3657 Ἑλληνικοῦ
3428 3585 3783 3657 στρατεύμα-

2196 3698 2288 3745 τος
2336 3682 2430 3734 καὶ
2457 3678 2815 3752 βαρϐαρικοῦ,
2841 3682 2935 3733 καὶ⁵
2989 3680 3317 3752 στρατηγῶν
3338 3679 3623 3752 Κλέαρχος
3665 3678 3793 3731 Ἐλ-

2198 3773 2393 3845 λήνων.
2455 3773 2646 3836 Ὅπως
2682 3789 2742 3826 τε
2769 3773 3056 3837 Συέννεσις
3088 3774 3132 3805 ⁸⁸
3169 3775 3198 3826 6
3236 3772 3481 3827 Κιλίκων
3534 3772 3794 3844 βασιλεὺς

2198 3867 2367 3938 ἄμφω
2426 3866 2744 3937 συνεμάχει,
2792 3865 2961 3938 Κύρῳ
2997 3884 3056 3919 τε
3090 3867 3183 3920 καὶ
3212 3866 3565 3939 Ἀρτοξέρξῃ.
3598 3868 3795 3932 Ὅπως

2197 3972 2258 4012 τε
2287 3954 2470 4027 Κῦρος
2528 3959 2591 4026 τῇ
2619 3956 2725 4028 ίδὶᾳ
2788 3955 3047 4027 στρατείᾳ
3112 3957 3208 4009 καὶ
3231 3956 3594 4028 Ἀρτοξέρξης
3624 3957 3795 4012 πάλιν

2199 4050 2267 4119 τῇ
2300 4047 2476 4119 οἰκεία
2506 4047 2843 4119 παρῄνεσαν.
2897 4048 3177 4119 Κλέαρχος
3203 4048 3259 4101 δὲ
3282 4050 3309 4102 6
3330 4049 3792 4121 Λακεδαιμόνιος,

2201 4138 2260 4202 ὃς
2287 4133 2425 4210 ἦρχε
2456 4138 2563 4191 τῶν
2598 4137 2889 4209 Ἑλλήνων,
2940 4138 3036 4191 καὶ
3097 4138 3291 4192 Μένων
3321 4141 3349 4192 6
3383 4138 3678 4205 Θετταλὸς,
3730 4142 3787 4195 οἵ

2206 4230 2347 4299 μετὰ
2381 4228 2567 4299 Κύρου
2596 4224 2758 4298 ἦσαν,
2792 4228 2879 4281 ἀεὶ
2903 4227 3151 4299 διάφοροι
3180 4228 3440 4297 ἀλλήλοις.
3461 4230 3795 4301 ἐτύγχανον,

2204 4318 2441 4386 διότιτῷ
2480 4318 2579 4383 μὲν
2608 4318 2875 4389 Κλεάρχῳ
2897 4318 3113 4372 ἅπαντα
3143 4321 3171 4372 6
3204 4319 3387 4391 Κῦρος
3415 4320 3796 4386 συνεϐούλευε,

2205 4409 2299 4464 τοῦ
2329 4410 2385 4462 δὲ
2412 4410 2668 4474 Μένωνος
2723 4408 2881 4479 λόγος
2931 4410 3109 4473 οὐδεὶς
3174 4405 3265 4481 ἦν.
3322 4411 3676 4481 Ηύτομόλουν
3737 4414 3799 4467 δὲ

2209 4499 2319 4553 ἀπὸ
2376 4499 2475 4569 μὲν
2527 4500 2880 4572 Ἀρτοξέρξου
2930 4501 3068 4571 πρὸς
3122 4498 3303 4571 Κῦρον
3329 4502 3539 4567 πολλοὶ,
3565 4503 3705 4573 πρὸς
3736 4505 3799 4558 δὲ

2220 4589 2582 4662 Ἀρτοξέρξην
2632 4592 2743 4645 ἀπὸ
2795 4592 2981 4664 Κύρου
3010 4593 3216 4656 οὐδείς·
3258 4592 3340 4646 διὸ
3377 4594 3472 4647 καὶ
3515 4595 3798 4666 Ἀρταϐά-

2212 4697 2328 4751 ριος
2342 4681 2389 4712 ⁸⁸
2415 4682 2807 4753 προσχωρῆσαι
2836 4683 3005 4755 Κύρῳ
3036 4685 3347 4755 μελετήσας
3368 4686 3462 4741 καὶ
3479 4686 3802 4760 διαϐληθεὶς

2211 4773 2292 4836 εἰς
2313 4770 2411 4843 τὴν
2443 4773 2637 4828 σποδὸν
2669 4774 2954 4846 ἐνεϐλήθη.

1841 4946 2073 5005 VARle
2114 4948 2526 5006 LECTIONES.

599 5065 1120 5148 ’ἱιξιηῖρὼσῖηνει
1186 5060 1765 5148 ⁸ἴ.στρα;εξίαςΑο..⁵¹
1800 5062 2261 5148 ἔξιλειύμενοςβ·
2334 5024 3238 5148 ξ’.εττειδξήξ-δαρεαῖοεΑ-
3299 5066 3584 5148 fama
3620 5085 3807 5125 ηοηηθ

527 5138 712 5207 αὑτῇῖ
754 5130 828 5169 ’ά
870 5130 1121 5276 τελέυτᾷέ
1171 5132 1323 5194 τέλος
1362 5130 1461 5198 τῆς
1515 5149 1577 5195 ς.
1652 5131 1697 5164 ⁸⁸
1736 5144 1855 5202 post
1895 5139 1963 5203 ιη’
1992 5130 2114 5186 cum
2162 5133 2208 5187 Δ
2239 5132 2397 5187 omisi
2444 5130 2707 5205 ἱστορίας.
2777 5132 2825 5165 ⁸⁵
2852 5130 3095 5198 δαριάἰος
3124 5134 3189 5186 Α.

528 5210 573 5240 σι
611 5205 993 5276 Ἀρταϐάριοςὶ
1025 5207 1053 5259 ὁ
1125 5200 1369 5274 ἀρδαρος
1396 5208 1461 5252 Αο

528 5210 573 5240 ⁸⁸
611 5192 993 5280 ’Ᾰρταϐάριοςι
1025 5207 1053 5259 ό
1073 5192 1369 5276 ’βάρϐαρός
1396 5192 1461 5252 AF

3299 5135 3344 5165 ⁵⁸
3376 5135 3695 5203 Συνένκῖεσις
3738 5160 3804 5207 ς.

2046 5332 2281 5390 ΝΟΤΛΕ.

600 5481 779 5551 (9-10)
812 5480 1032 5551 Usitato
1056 5476 1197 5551 apud
1223 5474 1421 5529 Persas
1441 5470 1726 5541 supplicio,
1750 5480 1805 5525 ut
1825 5485 1891 5526 ex
1914 5468 2111 5527 llerod.

534 5549 643 5608 non
675 5549 784 5606 uno
813 5551 932 5604 loco
965 5549 1254 5603 discimus.

604 5622 716 5693 (ll)
776 5620 930 5693 Quod
988 5631 1159 5687 genus
1225 5612 1476 5693 supplicii
1535 5612 1718 5693 multis
1768 5611 1934 5693 etiam
1992 5622 2113 5693 post

532 5684 746 5747 seculis
781 5684 922 5759 apud
953 5684 1073 5743 eam
1128 5692 1344 5759 gentem
1404 5691 1745 5759 usurpatum,
1782 5691 1848 5759 iit
1895 5684 2112 5759 quando

534 5764 722 5827 regina
766 5751 1069 5816 Horinisda:
1114 5751 1259 5826 r'egis
1295 5768 1434 5809 uxor
1478 5751 1868 5821 τετεμαχῖσθαι
1913 5753 2112 5807 dicitur

534 5845 699 5899 supra

2299 5467 2413 5541 (l2)
2442 5467 2691 5541 Mnemon
2729 5472 3143 5539 cognominatus
3166 5473 3319 5541 cujus
3353 5474 3522 5530 vitam
3547 5491 3815 5537 accurate

2223 5538 2558 5610 descriptam
2597 5538 2860 5610 habegiiis
2888 5543 3029 5610 apud
3052 5542 3199 5598 Plut.

2324 5608 2408 5677 l3)
2436 5608 2696 5667 Herodot.
2722 5608 2934 5675 Thalia,
2958 5622 3014 5666 et
3050 5613 3250 5667 Strabo
3280 5613 3372 5668 lib.
3410 5630 3498 5669 xv.

2327 5678 2411 5747 l4)
2469 5677 2595 5749 Cyri
2654 5679 2796 5735 hanc
2852 5683 3115 5736 adversus
3170 5683 3391 5737 fratrem
3447 5686 3810 5746 rebellionem

2219 5757 2537 5824 persecutus
2566 5758 2650 5805 est
2680 5750 3116 5822 diligentissime.
3155 5753 3481 5824 Xenophon,
3511 5756 3609 5814 lib.
3639 5770 3735 5817 tet
3769 5777 3810 5817 ii

2231 5819 2288 5875 ’A
2296 5817 2619 5885 νασάσεως.
