4092 6420
213 444 317 513 ΞΠ

1301 431 1826 496 BlBLlOTHECA.
1843 456 1910 466 -
1935 429 2100 490 COD.
2138 429 2379 491 LXXII.

3352 420 3459 485 202

290 554 569 632 Προσϐολὴ
614 554 803 627 Κύρου
861 551 999 623 πρὸς
1032 549 1133 619 τὴν
1176 547 1445 619 βασιλέως
1500 542 1783 616 στρατιάν,
1816 555 1830 609 Α

1946 543 2134 613 Cyrus
2186 542 2243 597 in
2268 542 2475 611 regium
2503 539 2801 595 exercitum
2853 536 3265 606 impressionem
3308 534 3460 599 facit,

215 656 309 708 καὶ
337 653 465 718 νίκη
488 649 677 721 Κύρου
702 663 717 678 ο
740 646 877 701 ἀλλὰ
904 645 1000 699 καὶ
1021 642 1251 704 θάνατος
1282 640 1467 709 Κύρου
1495 635 1787 692 ἀπειθοῦν-

214 760 304 807 τος
336 742 621 812 Κλεάρχῳ,
651 739 750 793 καὶ
789 735 1044 805 αἰκισμὸς
1064 732 1158 786 τοῦ
1186 730 1436 801 σώματος
1466 727 1647 796 Κύρου
1688 726 1792 780 ὑπὸ

216 835 309 890 τοῦ
331 833 563 901 ἀδελφοῦ
586 833 629 865 ⁸⁷
656 828 1005 900 Ἀρτοξέρξου
1031 839 1045 855 ⁶
1077 825 1179 896 τήν
1214 840 1275 877 τε
1302 823 1413 892 γάρ
1432 819 1675 890 κεφαλὴν
1700 820 1795 871 καὶ

217 930 313 1000 τὴν
360 929 542 999 χεῖρα,
593 923 713 995 μεθ’
739 917 807 993 ἦς
827 922 919 974 τὸν
949 916 1309 990 Ἀρτοξέρξην
1372 912 1584 977 ἔϐαλεν,
1636 910 1797 972 αὐτὸς

218 1023 465 1092 ἀπέτεμε
512 1018 608 1072 καὶ
642 1014 1061 1085 ἐθριάμϐευσεν.
1104 1006 1480 1080 Ἀναχώρησις
1513 1004 1796 1074 Κλεάρχου

218 1111 313 1165 τοῦ
363 1104 794 1176 Λακεδαιμονίου
832 1104 952 1172 ἅμα
969 1100 1078 1154 τῶν
1128 1100 1226 1153 σὺν
1264 1094 1415 1165 αὐτῷ
1435 1094 1480 1127 ⁸⁸
1531 1093 1800 1164 Ἐλλήνων

205 1194 319 1271 ’τῆς
367 1197 582 1262 νυκτὸς,
638 1195 733 1249 καὶ
789 1193 899 1246 τῶν
944 1192 1046 1261 τῆς
1101 1187 1477 1260 Παρυσάτιδος
1527 1184 1735 1237 πόλεων
1755 1184 1800 1216 ⁸³

224 1294 353 1365 μιᾶς
405 1288 713 1357 κατάληψις
734 1304 749 1318 ο
778 1281 900 1339 εἶτα
941 1281 1167 1339 σπονδαὶ
1220 1278 1484 1350 βασιλέως
1512 1276 1649 1347 πρὸς
1677 1274 1804 1336 τοὺς

228 1384 519 1455 Ἕλληνας.
587 1379 677 1445 Ὦς
726 1376 1039 1448 Παρύσατις
1095 1374 1173 1436 εἰς
1226 1368 1522 1425 Βαϐυλῶνα
1577 1366 1805 1435 ἀφίκετο

225 1475 499 1530 πενθοῦσα
540 1470 743 1543 Κῦρον,
777 1470 873 1525 καὶ
912 1467 1067 1539 μόλις
1092 1464 1390 1533 ἐκομίσατο
1424 1462 1526 1530 τὴν
1553 1457 1799 1528 κεφαλὴν

229 1565 391 1621 αὐτοῦ
435 1565 532 1618 καὶ
581 1563 680 1633 τὴν
728 1564 907 1632 χεῖρα,
961 1559 1059 1628 καί
1112 1557 1336 1625 ἔθαψεν,
1364 1553 1461 1608 καὶ
1488 1550 1807 1606 ἀπέστειλεν

230 1658 307 1720 εἰς
368 1655 589 1727 Σοῦσαη
614 1654 695 1707 Τὰ
726 1653 855 1720 περὶ
903 1650 1233 1719 Βαγαπάτου
1296 1647 1392 1701 τοῦ
1440 1644 1809 1716 ἀποτεμόντος

232 1746 530 1820 προστάξει
576 1745 841 1816 βασιλέως
886 1743 983 1815 τὴν
1019 1741 1263 1811 κεφαλὴν
1297 1741 1407 1794 ἀπὸ
1436 1738 1530 1793 τοῦ
1557 1737 1810 1807 σώματος

1889 635 2231 704 victoriaque
2278 632 2505 702 potitus,
2572 630 2697 689 dum
2750 629 3073 683 Clearchum
3113 628 3300 681 audire
3354 642 3460 680 non

1894 725 2028 789 vult,
2078 725 2271 781 deinde
2299 723 2594 778 occumbit.
2632 720 2870 792 Indignis
2898 720 3073 775 modis
3100 734 3131 773 a
3160 720 3330 774 fratre
3360 720 3465 772 Ar-

1896 829 2120 874 taxerxe
2150 817 2207 871 in
2234 816 2360 887 Cyri
2387 830 2587 885 corpus
2629 814 2897 877 saevitum,
2926 829 3049 866 nam
3097 822 3151 867 et
3199 821 3388 881 caput,
3414 817 3467 864 et

1899 926 2119 968 manum
2142 910 2458 979 ipsam,qua
2492 922 2673 977 regem
2700 906 2787 962 hic
2827 912 3187 975 percusserat,
3220 903 3468 965 abscidit,

1898 1018 2128 1073 eatnque
2155 1002 2301 1056 velut
2325 1002 2375 1055 in
2403 1000 2676 1070 triumpho
2694 998 3044 1054 circumtulit.
3067 996 3294 1051 Recedit
3328 989 3472 1067 44η

1900 1108 2023 1148 cum
2061 1093 2175 1148 suis
2205 1092 2414 1147 Graecis
2458 1102 2618 1145 nocte
2660 1088 2955 1145 Clearchus
3008 1088 3472 1151 Lacedaemonius,

1905 1198 2177 1253 unamque
2220 1184 2285 1238 de
2333 1181 2663 1253 Parysatidis
2707 1180 2931 1235 urbibus
2978 1191 3227 1249 occupat.
3273 1178 3348 1231 ita
3382 1193 3475 1231 rex

1906 1273 2080 1329 imdus
2098 1288 2219 1328 cum
2237 1271 2442 1327 Graecis
2464 1271 2585 1327 init.
2607 1272 2879 1343 Parysatis
2895 1271 3217 1342 Babylonem
3236 1268 3476 1340 profecta

1904 1374 2008 1430 est,
2054 1366 2253 1434 Cyrum
2290 1363 2503 1433 lugens,
2557 1363 2715 1433 cujus
2756 1365 2843 1417 vix
2880 1363 3094 1417 tandem
3124 1371 3286 1430 caput
3315 1371 3479 1431 atque

1908 1470 2126 1508 manum
2157 1470 2479 1524 recuperare
2498 1458 2704 1524 potuit;
2735 1454 2957 1523 qttaeilla
2986 1453 3297 1507 functorum
3327 1468 3480 1505 more

1908 1547 2136 1612 curavit,
2175 1557 2231 1601 et
2257 1546 2394 1601 Susa
2432 1547 2600 1603 misit.
2630 1546 2705 1601 De
2733 1547 3007 1616 Bagapate
3033 1547 3232 1617 (pergit
3259 1560 3482 1599 narrare

1911 1642 2121 1709 auctor)
2159 1639 2249 1709 qui
2289 1641 2431 1709 regis
2467 1640 2620 1710 jussu
2648 1648 2815 1711 caput
2844 1639 2971 1710 Cyri
3003 1656 3033 1694 a
3074 1650 3268 1694 trunco
3295 1654 3483 1708 ampu-

1914 1744 2059 1789 tarat
2090 1751 2103 1788 :
2137 1735 2412 1804 quomodo
2456 1733 2582 1787 item
2626 1733 2769 1801 regis
2820 1744 3014 1796 mater,
3058 1747 3179 1788 cum
3229 1732 3395 1785 [ilium
3430 1732 3482 1784 in

234 1841 441 1911 Κύρου,
483 1839 696 1910 ὃπωςή
734 1838 915 1908 μήτηρ
966 1835 1105 1905 μετὰ
1162 1832 1430 1902 βασιλέως
1481 1830 1670 1893 κύϐοις
1716 1830 1810 1883 ἐπὶ

1932 1826 2145 1881 alarum
2177 1826 2297 1882 lusu
2325 1825 2561 1891 vicisset,
2592 1824 2895 1895 Bagapaten
2926 1824 3040 1896 (15)
3064 1840 3130 1878 ex
3163 1834 3323 1894 pacto
3344 1824 3485 1877 obti-

236 1934 535 2003 συνθήκαις
561 1930 798 1994 παίξασα
832 1927 927 1982 καὶ
960 1927 1234 1998 νικήσασα
1258 1924 1419 1979 ἔλαϐε
1456 1922 1810 1992 Βαγαπάτην,

1932 1921 2118 1986 tuerit,
2149 1930 2203 1976 et
2229 1922 2499 1990 quomodo
2522 1921 2687 1987 idem,
2715 1922 2955 1975 detracta
2970 1920 3106 1990 pelle
3125 1919 3258 1991 (16),
3282 1920 3334 1973 in
3363 1935 3488 1974 cru-

238 2026 327 2079 xal.
350 2024 411 2077 ὃν
434 2022 637 2094 τρόπον
667 2021 729 2074 τὸ
751 2021 931 2091 δέρμα
961 2017 1329 2089 περιαιρεθεὶς
1346 2014 1746 2085 ἀνεσταυρίσθη
1766 2014 1813 2045 ⁷ο

1932 2029 2034 2068 :em
2071 2012 2305 2067 deindea
2329 2012 2647 2083 Parysatide
2667 2012 2738 2067 sit
2763 2023 2941 2076 actus,
2959 2026 3068 2081 quo
3095 2011 3221 2066 item
3250 2021 3488 2079 tempore

240 2116 339 2169 ὑπὸ
368 2114 467 2187 [65
490 2111 583 2184 H.]
618 2110 1011 2183 Παρυσάτιδος,
1040 2109 1129 2163 ὅτε
1153 2106 1332 2162 καὶτὸ
1362 2106 1496 2160 πολὺ
1526 2104 1621 2158 ἐπὶ
1650 2104 1816 2173 Κύρῳ

1932 2119 2171 2174 uagitum
2198 2104 2287 2158 illa
2313 2119 2469 2158 suum
2500 2119 2530 2158 e
2550 2103 2881 2174 Cyri'morte
2919 2104 3118 2158 luctum
3143 2102 3487 2172 compressit,

240 2208 433 2270 πένθος
472 2205 668 2276 αὐτῇτί
704 2202 979 2257 ἐπαύσατο
994 2202 1090 2255 διὰ
1126 2200 1225 2272 τὴν
1267 2199 1468 2269 πολλὴν
1495 2198 1590 2250 τοῦ
1627 2196 1818 2266 Ἀρτο-

1932 2197 2103 2251 multis
2129 2196 2197 2250 ad
2226 2196 2277 2249 id
2307 2198 2623 2250 Artaxerxae
2650 2197 2900 2267 precibus
2926 2196 3174 2251 adducta.
3204 2195 3297 2251 Uti
3331 2196 3491 2248 Arta-

243 2298 430 2369 ξέρξου
456 2297 663 2366 δέησιν.
696 2293 823 2367 [150
847 2292 937 2365 8.]
971 2293 1060 2363 Ὠς
1088 2290 1447 2362 Ἀρτοξέρξης
1474 2288 1623 2358 δῶρα
1650 2287 1819 2340 ἔδωκε

1932 2300 2116 2340 terxes
2146 2288 2282 2340 dona
2320 2287 2392 2340 illi
2426 2287 2650 2357 largitus
2669 2287 2760 2351 sit,
2803 2286 3039 2355 quiCyri
3075 2286 3262 2339 tiaram
3299 2284 3493 2339 attule-

243 2388 317 2459 τῷ
346 2388 639 2455 ὲνέγκαντι
700 2384 791 2436 τὸν
842 2382 1027 2453 Κύρου
1089 2381 1265 2446 πῖλον,
1300 2382 1394 2433 καὶ
1421 2378 1496 2441 ὡς
1528 2378 1619 2430 τὸν
1660 2376 1821 2445 Κᾶρα

1932 2388 2010 2432 rat
2043 2388 2137 2433 :et
2175 2370 2368 2434 Carent
2398 2379 2524 2434 item
2559 2379 2709 2433 illum
2751 2379 3045 2433 honoriﬁce
3078 2379 3374 2447 exceperit,
3402 2375 3495 2448 qui

244 2479 331 2532 τὸν
376 2478 639 2530 δοκέοντα
675 2476 857 2545 Κῦρον
887 2474 1070 2545 βαλεῖν
1088 2473 1132 2505 ⁷⁸
1172 2469 1532 2541 Ἀρτοξέρξης
1568 2468 1818 2537 ἐτίμησε,

1932 2470 2125 2542 Cyrum
2158 2486 2187 2525 a
2216 2486 2275 2526 se
2305 2471 2645 2525 vulneratum
2680 2470 2924 2541 putabat,
2949 2478 3119 2541 utque
3150 2470 3296 2524 illum
3322 2470 3494 2541 ipsum

248 2572 334 2623 καὶ
366 2569 450 2633 ὡς
479 2568 793 2640 Παρύσατις
830 2567 919 2620 τὸν
954 2563 1257 2636 τιμηθέντα
1301 2564 1461 2633 Κᾶρα
1491 2558 1823 2628 αἰκισαμένη

1932 2564 2125 2617 misere
2156 2564 2526 2617 excruciatum
2572 2562 2851 2633 Parysatis
2896 2563 3251 2619 interfecerit.
3296 2560 3367 2617 Ut
3400 2577 3495 2616 rex

250 2662 593 2718 ἀπέκτεινεν,
632 2659 718 2723 Ὧς
747 2658 1099 2730 Ἀρτοξέρξης
1116 2656 1433 2727 παρέδωκεν
1458 2649 1827 2723 αίντησαμένῃ

1932 2656 2134 2724 petenti
2171 2654 2475 2726 Parysatidi
2523 2655 2887 2710 Mithridatem
2917 2670 3133 2725 quoque
3156 2655 3496 2720 condonarit,

251 2753 666 2825 Μιτραδάτην³
735 2750 1089 2822 Παρυσάτιδι,
1118 2750 1211 2803 ἐπὶ
1233 2748 1511 2821 τραπέζης
1554 2745 1830 2817 μεγαλαυ-

1932 2749 2021 2817 qui
2051 2763 2109 2802 se
2133 2749 2469 2803 interfecisse
2487 2748 2684 2819 Cyrum
2715 2748 2973 2818 gloriatus
2993 2747 3044 2800 in
3078 2761 3263 2801 mensa
3291 2745 3498 2801 fuerat:

254 2848 497 2916 χησαντα
563 2845 880 2898 ἀποκτεῖναι
955 2839 1136 2913 Κῦρον
1153 2842 1200 2874 ⁷⁵
1230 2885 1244 2908 ,
1305 2840 1537 2910 κάκείνη
1592 2839 1832 2895 λαϐοῦσα

257 2938 468 3008 πικρῶς
492 2939 540 2970 ⁷⁸
570 2936 769 2990 ἀνεῖλε.
804 2934 1045 2987 Ταῦτα⁷⁶
1068 2937 1099 3003 ἡ
1136 2931 1199 2985 ιϐ’
1226 2933 1319 2987 καὶ
1350 2932 1398 2985 κ’
1426 2932 1655 3002 ἱστορία.

332 3031 420 3083 Ἐν
454 3029 514 3083 δὲ
544 3030 612 3100 τῇ
674 3034 760 3081 κα¹
820 3028 914 3080 καὶ
948 3023 992 3096 β’
1020 3026 1115 3079 καὶ
1148 3024 1217 3093 γ’,
1244 3026 1366 3095 ἣτις
1414 3025 1510 3077 κα).
1557 3025 1659 3092 τῆς
1706 3024 1834 3094 ὅλης

262 3121 424 3193 πέρας
473 3122 623 3173 ἐστὶν
680 3119 941 3191 ἱστορίας.
974 3119 1102 3173 τάδε
1134 3118 1595 3188 περιείληπταιττ,
1639 3116 1712 3180 ὡς
1748 3117 1839 3169 Τι-

1934 2851 2097 2907 utque
2126 2840 2270 2893 hunc
2312 2841 2593 2911 abreptum
2622 2838 2912 2893 crudeliter
2937 2837 3168 2891 necarit.
3202 2836 3327 2891 Haec
3352 2836 3492 2890 libro

1936 2953 2026 2992 XIX
2069 2949 2237 3007 atque
2262 2953 2334 2991 XX
2363 2945 2678 2990 narrantur.

2010 3029 2287 3083 Vicesimo
2320 3036 2499 3082 autem
2524 3027 2722 3096 primo,
2744 3025 2984 3096 itemque
3013 3040 3125 3079 χιιι
3146 3030 3203 3078 et
3233 3038 3366 3077 xxut
3392 3021 3505 3093 (qui

1940 3121 2105 3175 totius
2128 3120 2290 3174 etiam
2320 3119 2561 3176 historiae
2580 3118 2703 3174 linis
2730 3120 2832 3189 est)
2856 3119 2957 3175 ista
2980 3118 3346 3174 continentur.
3363 3114 3509 3182 Quo-

262 3212 537 3284 σαφέρνης
586 3211 923 3263 ἐπιϐουλεύει
947 3213 1059 3273 τοῖς
1083 3209 1335 3275 Ἕλλησι,
1362 3209 1457 3263 καὶ
1480 3225 1830 3280 προσεταιρι-

1942 3228 2064 3267 nam
2098 3223 2256 3281 pacto
2296 3212 2692 3283 Tissaphernes
2719 3211 2925 3266 Graecis
2966 3211 3188 3265 insidias
3228 3209 3510 3272 struxerit,

264 3304 496 3373 σάμενος
545 3302 775 3356 Μένωνα
801 3302 893 3354 τὸν
934 3300 1207 3354 Θεσσαλὸν
1233 3301 1300 3353 δι’
1334 3299 1500 3353 αὑτοῦ
1558 3298 1830 3369 Κλέαρχον

1945 3308 2225 3376 aseitoque
2253 3308 2303 3360 in
2336 3306 2541 3360 socium
2568 3306 2670 3360 sibi
2702 3303 2931 3359 Menone
2961 3302 3242 3369 Thessalo,
3275 3316 3369 3371 per
3388 3316 3510 3354 eum

264 3396 353 3446 καὶ
397 3395 531 3459 τοὺς
557 3394 750 3457 ἄλλους
779 3393 1121 3464 στρατηγοὺς
1147 3392 1331 3462 ἀπάτῃ
1356 3391 1452 3443 καὶ
1476 3391 1661 3462 ὅρκοις
1693 3390 1840 3460 ἐχει-

267 3488 497 3557 ρώσατο,
546 3486 640 3540 τοῦ
699 3486 981 3557 Κλεάρχου
1012 3488 1107 3540 καὶ
1150 3484 1536 3556 προειδομένου
1566 3484 1658 3536 καὶ
1704 3484 1841 3539 ἁποο

267 3577 599 3649 κρουομένου
654 3577 753 3647 τὴν
802 3579 1094 3650 ἐπιϐουλήν
1113 3595 1127 3609 ·
1156 3577 1294 3631 ἀλλὰ
1314 3578 1374 3631 τό
1404 3594 1464 3631 τε
1498 3576 1703 3647 πλῆθος
1755 3574 1843 3628 διὰ

270 3670 517 3732 Μένωνος
549 3668 826 3737 ἀπατηθὲν
858 3668 1247 3739 κατηνάγκασε
1271 3670 1369 3722 καὶ
1397 3668 1602 3722 ἄκοντα
1628 3666 1844 3736 Κλέαρ-

271 3779 357 3831 χον
393 3761 539 3831 πρὸς
567 3760 949 3832 Τισσαφέρνην
980 3760 1411 3831 παραγενέσθαι,
1446 3760 1541 3814 καὶ
1580 3759 1848 3828 Πρόξενος

271 3857 298 3906 ὁ
317 3853 574 3916 Βοιώτιος
616 3851 777 3913 αὐτὸς
801 3852 900 3922 ήδη
931 3852 1197 3923 προαλοὺς
1231 3852 1418 3924 ἀπάτῃ
1478 3850 1845 3921 συμπαρῄνει.

281 3946 369 4011 Ὠς
424 3948 512 4008 εἰς
582 3942 879 3997 Βαϐυλῶνα
924 3943 1059 4013 πρὸς
1140 3942 1496 4014 Ἀρτοξέρξην
1564 3942 1849 4012 Κλέαρχον

275 4038 361 4090 καὶ
418 4038 553 4101 τοὺς
597 4036 791 4100 ἄλλους
845 4035 1168 4089 ἀπέστειλεν
1202 4038 1260 4087 ὲν
1286 4034 1500 4100 πέδαις,
1526 4036 1620 4087 καὶ
1646 4032 1720 4096 ὡς
1756 4032 1851 4085 ἐπὶ

276 4129 397 4182 θέαν
444 4128 735 4199 Κλεάρχου
774 4128 1009 4191 ἅπαντες
1045 4125 1445 4197 συνερρύησαν.
1492 4125 1579 4188 Ὠς
1606 4124 1851 4195 Κτησίας

278 4222 430 4285 αὐτὸς
466 4222 655 4293 ἰατρὸς
680 4220 755 4274 ὢν
780 4218 1150 4290 Παρυσάτιδος
1184 4218 1353 4272 πολλὰ
1384 4216 1653 4289 Κλεάρχῳ
1686 4219 1745 4271 ὲν
1772 4217 1851 4288 τῷ

276 4314 634 4385 δεσμωτηρίῳ
690 4314 802 4367 ὄντι
855 4312 990 4384 πρὸς
1055 4311 1249 4383 ἡδονὴν
1310 4311 1407 4364 καὶ
1464 4310 1763 4380 θεραπείαν
1785 4310 1854 4363 δι’

279 4407 441 4473 αὐτῆς
463 4404 673 4473 ἔπραξε
698 4419 716 4436 ο
752 4405 846 4457 καὶ
871 4407 980 4456 τῶν
1011 4403 1228 4474 δεσμῶν
1265 4403 1331 4455 ἂν
1363 4402 1678 4473 Παρύσατις
1699 4402 1855 4454 ἔλυσε

280 4498 366 4547 καὶ
403 4497 647 4565 ἀφῆκεν,
676 4496 725 4548 εί
755 4496 831 4567 μὴ
852 4497 1119 4565 Στάτειρα
1166 4496 1257 4548 τὸν
1288 4495 1458 4566 ἄνδρα
1492 4494 1853 4565 Ἀρτοξέρξην

1944 3398 2066 3452 dolo
2097 3412 2161 3451 ac
2181 3396 2510 3465 iuramentis
2539 3395 2863 3450 Clearchum
2896 3406 3230 3463 cmterosque
3255 3393 3419 3446 duces
3457 3392 3512 3445 in

1943 3503 2096 3543 suam
2130 3490 2399 3558 redegerit
2439 3496 2799 3559 potestatem;
2838 3488 2938 3542 etsi
2971 3484 3514 3542 Clearchusinsidias

1945 3580 2288 3649 praevideret,
2326 3590 2487 3649 atque
2529 3579 2739 3633 amoliri
2793 3591 3104 3633 conaretur.
3130 3576 3235 3633 Sed
3258 3588 3367 3629 ιιιιιι
3397 3576 3516 3629 vul-
3577 3602 3581 3606 ι

1947 3686 2048 3740 gus
2067 3671 2457 3741 perMenonem
2485 3672 2795 3740 deceptum,
2824 3670 3143 3725 Clearchum
3176 3669 3257 3723 vel
3290 3668 3515 3721 invitum

1949 3765 2124 3835 coegit
2153 3764 2219 3818 ad
2267 3763 2693 3833 Tissaphernem
2744 3765 3004 3818 accedere
3047 3780 3063 3819 :
3100 3772 3212 3817 tum
3241 3761 3521 3816 Proxenus

1948 3871 2169 3927 quoque
2202 3855 2468 3923 Bmotius,
2492 3855 2601 3923 jam
2635 3865 2793 3909 antea
2814 3856 2936 3909 dolo
2968 3856 3392 3921 circumventus,
3420 3856 3523 3910 hoc

1949 3964 2072 4003 eum
2105 3947 2287 4001 facere
2315 3946 2655 4001 hortabatur.
2686 3946 3014 4001 Clearchum
3042 3947 3131 4001 ille
3164 3963 3285 4002 cum
3312 3950 3522 4002 caeteris

1952 4040 2165 4094 vinctos
2180 4039 2548 4109 compedibus,
2572 4037 2898 4110 Babylonem
2921 4039 3063 4092 misit
3080 4038 3146 4092 ad
3164 4039 3522 4106 Artaxerxen,

1954 4132 2043 4187 ubi
2071 4146 2264 4187 omnes
2296 4132 2362 4185 ad
2394 4130 2717 4186 Clearchum
2771 4132 3218 4201 conspiciendum
3268 4147 3525 4187 accurre-

1960 4233 2106 4277 runt.
2139 4220 2353 4276 Ctesias
2384 4220 2521 4291 ipse,
2552 4221 2794 4275 medicus
2833 4232 2943 4272 tttm
2966 4218 3325 4289 Parysatidis,
3359 4222 3523 4274 multa

1955 4328 2055 4384 per
2085 4328 2207 4368 eam
2260 4312 2339 4367 illi
2387 4312 2744 4367 humanitatis
2790 4311 2962 4367 oﬂlcia
3005 4311 3272 4367 exhibuit.
3310 4311 3377 4366 Et
3400 4328 3528 4367 vero

1958 4405 2195 4461 vinculis
2224 4404 2403 4459 virum
2455 4404 2732 4475 Parysatis
2761 4405 3073 4469 exemisset,
3100 4403 3528 4473 dimisissetqne,

1960 4498 2015 4553 ni
2045 4497 2283 4554 Stateira
2304 4498 2561 4551 maritum
2590 4496 2930 4551 Artaxerxen
2951 4497 3018 4551 ad
3039 4511 3162 4551 enm
3198 4495 3530 4551 interﬁcien-

282 4586 537 4639 ἀνέπεισε
587 4586 778 4640 τοῦτον
838 4586 1213 4656 ἀναιρεθῆναι.
1249 4586 1359 4638 Kal.
1386 4585 1627 4658 ἀνῃρέθη
1648 4585 1830 4654 Κλέαρ

1932 4608 1936 4638 ι
1961 4593 2086 4646 dum
2108 4591 2378 4647 hortando
2400 4589 2770 4659 compulisset.
2804 4588 3038 4644 Necatus
3055 4600 3183 4659 ergo
3204 4587 3496 4644 Clearchus
3512 4628 3528 4654 ,

282 4694 386 4747 χος,
408 4682 512 4732 καὶ
545 4679 707 4748 τέρας
746 4677 837 4731 ἐπὶ
865 4676 941 4748 τῷ
971 4676 1183 4747 σώματι
1214 4677 1444 4747 συνέστη
1466 4694 1480 4709 ·
1530 4677 1852 4748 αὐτομάτως

282 4770 382 4841 γάρ
406 4773 503 4824 ἔπ’
537 4769 684 4839 αὐτῷ
730 4770 922 4839 τάφος,
968 4768 1228 4839 μεγίστου
1259 4771 1589 4832 πνεύσαντος
1616 4769 1848 4839 ἀνέμου,

284 4858 369 4910 ἐπὶ
411 4860 563 4928 μέγα
599 4858 840 4929 ἠρμένος
878 4859 1227 4928 ὲπισυνέστη.
1267 4858 1639 4931 Ἀνῃρέθησαν
1673 4859 1730 4911 δὲ
1760 4860 1856 4914 καὶ

286 4950 330 5002 οἱ
355 4952 451 5005 σὺν
482 4951 633 5021 αύτῷ
701 4952 1155 5022 ἀναπεμφθέντες
1204 4951 1468 5021 Ἕλληνες
1496 4950 1636 5021 πλὴν
1662 4952 1858 5007 Μένω-

289 5060 389 5105 νος.

349 5137 601 5207 Δοιδορία
660 5138 1031 5209 Παρυσάτιδος
1060 5140 1195 5210 πρὸς
1222 5141 1543 5213 Στάτειραν,
1578 5144 1674 5196 καὶ
1708 5143 1862 5196 ἀναί-

294 5244 431 5297 ρεσις
481 5230 572 5283 διὰ
628 5232 924 5301 φαρμάκου
977 5232 1164 5287 τοῦτον
1223 5233 1720 5298 διασηυασθέντος
1770 5237 1863 5289 τδν

293 5321 484 5387 τρόπον
507 5336 521 5349 ·
546 5322 876 5390 ἐφυλάττετο
903 5321 1013 5393 γὰρ
1044 5324 1313 5395 Στάτειρα
1342 5326 1464 5380 λίαν
1501 5325 1577 5398 μὴ
1611 5327 1808 5381 παθεῖν
1836 5328 1865 5381 ὃ

1961 4683 2028 4738 ad
2060 4683 2216 4751 cujus
2269 4682 2501 4735 cadaver
2532 4689 2839 4749 portentum
2888 4681 3057 4735 hocce
3085 4680 3316 4745 exstitit,
3363 4682 3528 4750 quod,

1896 4816 1911 4843 ε.
1960 4774 2125 4829 ﬂante
2178 4766 2338 4829 vento
2390 4772 2908 4839 vebementissimo,
2968 4755 3180 4843 magna:
3228 4773 3534 4829 altitudinis

1962 4865 2201 4921 tumulus
2230 4874 2422 4934 sponte
2469 4881 2566 4920 sua
2621 4879 2785 4934 supra
2822 4864 2949 4919 illud
2994 4865 3207 4920 coierit.
3257 4864 3535 4921 lnterfecti

1962 4959 2183 5026 insuper
2213 4966 2478 5026 quotquot
2519 4972 2640 5011 cum
2676 4972 2740 5011 eo
2768 4956 2915 5010 missi
2938 4955 3151 5012 inerant
3185 4956 3384 5024 Graeci,
3418 4958 3536 5014 solo

1966 5050 2191 5106 lenone
2222 5059 2467 5119 excepto.

2034 5142 2310 5198 Conviciis
2332 5143 2609 5215 l’arysatis
2635 5140 2925 5197 Stateiram
2950 5141 3271 5211 proscindit,
3297 5158 3458 5212 quam
3484 5152 3540 5197 et

1969 5245 2178 5285 veneno
2201 5231 2435 5296 sustulit,
2467 5233 2609 5287 hunc
2636 5232 2687 5285 in
2718 5231 2934 5284 modum
2961 5240 3281 5301 praeparato.
3301 5231 3543 5286 Cavebat

1972 5324 2075 5379 sibi
2103 5323 2336 5380 Stateira
2364 5324 2650 5395 diligenter
2672 5321 2813 5395 44b
2850 5324 2918 5378 ab
2935 5338 3001 5377 eo
3014 5322 3176 5389 malo,
3196 5325 3338 5393 quod
3361 5332 3541 5378 tamen

1556 5466 1789 5523 VARIIE
1828 5466 2119 5525 LECTION
2126 5466 2230 5524 ES.

357 5576 525 5651 {1-195
545 5579 773 5651 ᾁδελφοῦ
812 5599 871 5647 ςι,
950 5584 995 5616 ⁸⁸
1022 5584 1135 5646 τοῖς
1167 5582 1397 5651 Ἕλλησι
1422 5601 1481 5647 ς’.

298 5640 339 5671 ’³
366 5640 701 5722 Μιθριδάτην
738 5670 799 5717 ς.
820 5640 839 5647 ’
886 5654 933 5687 ⁷⁸
962 5640 1167 5724 Κῦρον]
1194 5655 1286 5707 τὸν
1314 5640 1495 5725 itova
1524 5672 1584 5719 ς.

1560 5584 1605 5617 ⁸³
1640 5585 1848 5647 πόλεως
1876 5588 1937 5641 Δ.
2016 5585 2060 5655 7ο
2078 5584 2461 5655 ἀνεσταυρώθη
2485 5602 2546 5651 ς’.

2624 5580 2821 5654 ξ’ίαῦτη
2851 5600 2911 5647 ς.
2984 5582 3033 5615 ⁷⁸
3057 5581 3454 5654 βαλεῖνηΚῦρον
3481 5599 3543 5645 ς.

1693 5658 1738 5689 ’³⁵
1768 5656 1983 5726 πικρῶς
2006 5654 2073 5709 ἂν
2099 5655 2276 5707 ἀνεῖλε
2310 5652 2370 5719 ς.
2451 5652 2518 5687 Ἢ
2542 5653 2717 5708 ταῦτα
2740 5656 2835 5707 καὶ
2858 5656 2892 5723 ἡ
2921 5671 2984 5718 ς.
3060 5652 3109 5688 ⁷⁷
3147 5652 3456 5722 διείληπται
3482 5668 3545 5717 ς.

1807 5766 2033 5821 NOTAE.

361 5885 468 5957 (15)
501 5885 645 5941 Plut.
680 5886 737 5939 in
760 5888 1012 5941 Artaxer.
1041 5899 1200 5941 vocat
1242 5887 1573 5945 Mesabaten.

596 5985 864 6044 PATROL.
908 5984 1022 6043 Gn.
1068 5984 1225 6046 Cili.

2046 5881 2155 5953 (16)
2188 5882 2311 5935 Pari
2349 5881 2611 5951 supplicio
2636 5882 2859 5938 allectus
2889 5897 3009 5953 sup.
3040 5882 3336 5940 Petisacas.

3084 5979 3121 6036 7
