4092 6450
535 442 642 509 203

1696 439 1959 501 PIIOTII
1992 438 2498 499 PATRIARCII/E
2528 438 2640 498 (ΣΡ.

3692 436 3798 502 204

538 558 585 611 ei
619 556 914 623 aliquando
968 554 1191 626 contigit
1245 553 1377 625 (l7).
1433 551 1647 608 Cultelli
1712 554 1943 609 alterum
1978 553 2117 607 latus

2227 553 2475 606 πέπονθε.
2523 550 2834 621 Μαχαιρίου
2877 552 2937 603 τὸ
2981 551 3040 604 ἓν
3089 551 3255 622 μέρος
3324 552 3679 622 ἑπαλείιρεται
3723 552 3801 624 τῷ

539 663 746 704 veneno
772 648 1023 711 illinitur,
1053 646 1267 700 caeteris
1296 661 1359 700 eo
1380 647 1625 717 partibus
1659 661 1765 700 non
1826 647 2110 709 contactis,

539 742 644 796 hoc
668 740 887 796 cultello
928 755 1095 810 parva
1121 741 1370 795 adinstar
1415 740 1501 793 ovi
1537 739 1747 793 ovicula
1803 740 2115 809 (rhindaceu

539 836 719 888 Pet-sm
753 833 1046 903 appellant)
1073 836 1124 886 in
1164 835 1302 887 dnas
1322 842 1540 886 secatur
1572 841 1777 899 partes,
1828 841 1881 885 et
1909 845 2115 884 veneno

540 926 801 978 intactam
834 932 1044 992 partem
1079 924 1181 977 sibi
1204 933 1537 991 assumptum
1564 921 1838 991 Parysatis
1857 921 2112 985 comedit,

539 1017 795 1071 infectam
825 1018 1050 1070 alteram
1096 1017 1340 1071 Stateira:
1380 1016 1639 1083 porrexit.
1677 1013 1799 1068 liazc
1840 1014 2025 1083 igitur,
2061 1022 2117 1065 ut

540 1104 686 1157 illaut
745 1105 914 1173 ipsam
971 1118 1092 1172 qua:
1140 1111 1477 1172 porrexerat,
1517 1116 1672 1154 suam
1724 1099 1857 1151 vidit
1904 1108 2114 1162 partem

539 1192 937 1253 comedentem,
987 1204 1165 1257 neque
1205 1190 1276 1241 ita
1330 1189 1623 1256 quidquam
1669 1186 1934 1255 potuisset.
1986 1183 2113 1237 mali

539 1284 833 1353 suspicari,
871 1285 1033 1337 etiam
1084 1284 1197 1351 ipsa
1228 1283 1395 1349 cmpit
1440 1298 1539 1333 una
1579 1279 1916 1333 mortiferum
1947 1291 2115 1331 vene-

541 1393 668 1430 num
705 1377 1014 1429 comedere.
1058 1374 1199 1428 lliuc
1253 1372 1409 1426 matri
1445 1380 1729 1426 succenset
1779 1385 1895 1430 rex.
1956 1369 2117 1422 mini-

541 1478 889 1537 strantesqne
943 1468 1045 1535 ipsi
1099 1466 1332 1519 ettunchi
1366 1463 1745 1533 comprehensi
1796 1472 2119 1530 torquentur

540 1574 702 1629 atque
749 1570 1031 1614 necantur.
1082 1557 1255 1627 Ginge
1313 1567 1574 1625 praeterea
1622 1554 2116 1623 comprehenditur,

540 1668 661 1721 qua)
702 1651 999 1721 Parysatidi
1052 1649 1334 1703 familiaris
1372 1658 1513 1713 erat,
1542 1647 1857 1714 indicioque
1900 1646 1966 1698 de
2006 1645 2116 1711 ipsa

543 1748 810 1806 instituto,
833 1745 1070 1812 judicum
1092 1743 1307 1811 quidem
1343 1742 1910 1796 seuteutiisinnocens
1940 1738 2119 1792 absol-

540 1840 706 1901 vitur,
739 1842 831 1891 sed
870 1849 1049 1889 tamen
1082 1850 1113 1890 a
1153 1850 1278 1904 rege
1322 1835 1651 1896 damnatur;
1680 1846 1847 1901 quare
1899 1840 1952 1886 et
2004 1831 2119 1885 haec

540 1932 866 1987 cruciatibus
918 1929 1134 1984 inﬂictis
1163 1936 1408 1994 necatur,
1437 1941 1542 1995 qua
1585 1927 1650 1980 de
1677 1940 1838 1979 causa
1870 1932 1923 1979 et
1951 1923 2117 1994 Pary-
2150 1914 2193 1970 Β

540 2023 675 2075 satis
728 2020 861 2086 lilio,
896 2030 949 2073 et
1009 2020 1098 2073 hic
1131 2019 1370 2072 vicissim
1430 2017 1589 2070 matri
1637 2027 1943 2071 succenset.
1996 2014 2125 2069 Post

541 2129 716 2167 annos
741 2124 862 2166 octo
888 2113 1081 2181 palmis
1102 2111 1311 2165 obsitus
1326 2108 1572 2163 Clearchi
1597 2108 1833 2162 tumulus
1853 2107 2120 2177 apparuit,

540 2224 677 2275 quas
705 2208 775 2259 ibi
805 2206 945 2258 cla‘m
980 2203 1280 2275 I’arysatis,
1329 2218 1439 2270 quo
1496 2213 1739 2269 tempore
1766 2201 1856 2254 ille
1881 2211 2126 2255 mortuus

540 2311 647 2363 est,
679 2314 775 2367 per
794 2297 1151 2351 inservicntcs
1168 2296 1272 2349 sibi
1296 2296 1581 2349 eunuchos
1604 2292 1903 2350 defoderat.

612 2391 807 2446 Causa:
831 2390 899 2443 ob
939 2403 1076 2460 quas
1108 2390 1175 2441 ab
1218 2388 1457 2457 Evagora
1488 2402 1614 2456 rege
1646 2386 1937 2440 Salaminis
1963 2385 2127 2439 Arta-

543 2497 743 2536 xerxes
772 2481 1093 2535 dissenserit
1140 2481 1405 2549 Evagorze
1449 2480 1626 2534 nuntii
1656 2478 1722 2533 ad
1759 2477 2019 2541 Ctesiam,
2069 2488 2125 2531 ut

545 2578 613 2629 ab
631 2575 859 2630 Abuleta
884 2574 1143 2643 epistolas
1172 2576 1487 2642 accipereut
1512 2589 1526 2625 :
1548 2583 1603 2627 et
1631 2571 1826 2627 Ctesiae
1850 2574 1916 2626 ad
1946 2572 2122 2639 ipsum

545 2668 771 2737 cpistola
822 2668 889 2721 de
941 2666 1345 2721 reconciliando
1397 2667 1572 2735 ipsum
1623 2681 1747 2718 eum
1800 2667 2123 2732 Anaxagora

545 2759 868 2828 Cypriorum
926 2773 1071 2827 rege.
1118 2756 1441 2810 Nuntiorum
1481 2755 1735 2825 Evagone
1772 2755 2035 2807 adventus
2072 2753 2123 2806 in

545 2850 803 2920 Cyprum,
841 2848 1169 2916 redditaaqne
1221 2845 1498 2914 Evagon»,
1531 2859 1665 2913 quas
1697 2845 1765 2896 ad
1805 2844 1976 2912 ipsum
2000 2842 2127 2896 Cte-

546 2944 660 2998 sias
683 2943 925 3005 dederat,
950 2941 1145 2995 littera:
1168 2939 1409 2993 Cononis
1436 2939 1501 2991 ad
1532 2937 1828 3006 Evagoram
1856 2937 2033 2989 oratio
2058 2936 2124 2988 de

548 3035 796 3089 adeundo
822 3034 889 3087 ad
919 3047 1123 3101 regem,
1158 3040 1214 3085 et
1236 3031 1493 3101 Evagone
1526 3029 1753 3094 epistola
1786 3029 1851 3083 de
1899 3026 2123 3081 honori-

548 3128 673 3192 bus,
704 3127 899 3196 quibus
919 3124 1104 3180 abillo
1136 3123 1313 3177 fuerat
1348 3120 1593 3175 affectus.
1636 3121 1874 3174 Cononis
1904 3120 1972 3172 ad
1997 3118 2122 3173 Cte-

549 3221 683 3274 siam
710 3216 963 3287 epistola,
987 3230 1041 3271 et
1083 3216 1344 3306 tributum
1375 3215 1442 3268 ab
1490 3214 1734 3306 Evagora
1770 3213 1878 3281 regi
1913 3211 2119 3263 datum.
2151 3250 2193 3306 Ο

549 3307 822 3379 Epistolas
847 3307 1059 3362 Ctesias
1094 3304 1315 3375 accipit,
1348 3305 1438 3374 qui
1484 3306 1550 3358 de
1582 3302 1805 3357 Conone
1836 3316 1959 3355 cum
1998 3316 2126 3369 rege

548 3403 871 3466 collocutus,
924 3399 1210 3470 epistolam
1262 3401 1330 3452 ad
1382 3398 1531 3451 illum
1581 3396 1766 3452 mittit.
1816 3394 2132 3449 Traduntur

555 3494 932 3549 Satibarzana:
973 3476 1196 3546 munera
1231 3492 1301 3546 ab
1343 3490 1588 3561 Evagora
1624 3491 1812 3554 missa,
1846 3489 2133 3557 nuntiique

551 3588 605 3642 in
632 3586 867 3657 Cyprum
915 3585 1259 3655 perveniunt.
1307 3582 1545 3638 Cononis
1587 3580 1815 3651 epistola
1860 3579 1925 3632 ad
1948 3592 2131 3647 regem

552 3697 617 3735 ac
636 3679 900 3743 Ctesiam,
928 3676 1463 3732 Lacedaemoniorum
1487 3675 1662 3728 nuntii
1688 3673 1753 3726 ad
1777 3686 1957 3742 regem
1980 3670 2133 3725 missi

551 3774 620 3828 ab
640 3789 705 3827 eo
734 3773 929 3826 retenti
949 3779 1094 3826 sunt.
1121 3769 1286 3841 Regis
1309 3770 1375 3823 ad
1407 3769 1681 3823 Cononem
1704 3783 1768 3820 ac
1785 3764 2134 3819 Lacedaamoo

554 3865 678 3917 nios
730 3862 985 3931 epistola,
1044 3876 1207 3931 quam
1266 3860 1477 3915 Ctesias
1536 3860 1653 3929 ipse
1706 3860 1846 3912 tulit.
1881 3857 2070 3912 Conon
2101 3871 2132 3909 a

554 3955 916 4010 Pharnabazo
945 3955 1104 4009 classi
1143 3952 1433 4024 praefectus
1456 3962 1558 4007 est.
1583 3951 1779 4007 Ctesias:
1809 3951 1861 4005 in
1881 3949 2133 4004 Cnidium

555 4053 785 4119 patriam
836 4064 1011 4113 suam,
1045 4049 1344 4117 deindeque
1368 4047 1814 4103 Lacedaemonem
1842 4046 2131 4100 adventus.

556 4143 687 4212 Ejus
717 4143 1041 4213 disceptatio
1075 4146 1338 4197 adversus
1366 4141 1902 4197 Lacedzemoniorum
1929 4140 2136 4209 legatos

557 4235 698 4304 apud
729 4231 1004 4299 Rhodum,
1038 4243 1095 4289 et
1124 4233 1274 4305 45a
1307 4244 1365 4288 ut
1428 4234 1642 4304 Epheso
1669 4233 1926 4288 dimissus
1970 4230 2137 4285 fuerit

560 4326 779 4382 Bactra.
810 4325 1002 4381 Indica:
1040 4329 1279 4396 regionis
1306 4328 1681 4393 mansiomun,
1715 4327 1949 4389 dierum,
1976 4335 2139 4395 atque

560 4430 985 4486 parasangarum
1036 4415 1401 4478 enumeratio,
1440 4414 1732 4485 Catalogns
1769 4415 1895 4468 item
1952 4428 2136 4482 regum

559 4507 683 4562 inde
719 4522 747 4559 a
786 4504 925 4559 Nino
956 4515 1010 4560 et
1043 4505 1407 4561 Semiramide
1440 4507 1506 4558 ad
1547 4518 1717 4574 usque
1748 4504 2091 4560 Artaxerxen
2119 4521 2133 4560 :

556 4599 753 4672 quibus
780 4608 832 4655 et
855 4599 960 4654 hoc
996 4613 1134 4670 opus
1164 4597 1465 4655 absolvitur
1491 4596 1629 4669 (l8).

630 4870 928 4943 Scriptoris
965 4872 1123 4940 hujus
1157 4872 1353 4928 Ctesia:
1406 4873 1668 4929 candidus
1721 4880 1804 4927 est
1858 4886 1923 4927 ac
1982 4873 2140 4929 valde

2221 646 2524 715 φαρμάκῳ,
2564 646 2626 697 τὸ
2651 645 2707 698 δὲ
2738 646 2924 697 λοιπὸν
2953 645 3012 696 οὐ
3044 646 3282 714 μετεῖχε.
3315 645 3503 715 Τούτῳ
3545 646 3802 716 τέμνεται

2216 733 2453 805 ὀρνίθιον
2489 735 2707 803 μικρὸν,
2753 734 2983 804 μέγεθος
3035 735 3218 787 ίσον·⁷1⁵
3281 734 3425 787 ὼού·
3474 735 3802 806 ρυνδεὶκεινιντ⁸

2217 824 2425 893 Πέρσαι
2456 824 2518 877 τὸ
2549 823 2787 895 ὀρνίθιον
2845 823 3092 878 καλοῦσι.
3138 826 3410 896 Τέμνεται
3440 826 3497 878 δὲ
3528 828 3673 897 δίχα,
3711 828 3807 881 καὶ

2215 913 2276 967 τὸ
2308 915 2406 983 μὲν
2450 914 2757 984 καθαρεῦον
2804 914 2897 967 τοῦ
2951 915 3031 967 ίοῦ
3086 916 3259 985 ἥμισυ
3321 917 3460 987 αὐτὴ
3478 918 3524 949 ⁸⁸
3564 917 3807 971 λαϐοῦσα

2220 1006 2538 1073 Παρύσατις
2602 1003 2793 1059 ἐσθίει.
2817 1004 2877 1055 τὸ
2896 1003 2953 1054 δὲ
2980 1003 3397 1073 προσομιλῆσαν
3412 991 3491 1073 τῶ
3515 1005 3799 1074 φαρμάκῳ

2221 1096 2404 1165 ὀρέγει
2434 1096 2706 1165 Στατείρᾳ
2727 1110 2741 1125 ο
2771 1095 2805 1163 ἡ
2828 1094 2905 1160 δὲ,
2934 1095 3123 1165 ἐπειδὴ
3142 1095 3187 1127 ⁸⁸
3232 1095 3523 1147 ἐσθίουσαν
3551 1098 3653 1166 τὴν
3686 1100 3808 1148 ἐπι-

2222 1186 2419 1239 δοῦσαν
2458 1185 2605 1255 ὲώρα
2630 1187 2691 1238 τὸ
2719 1186 2913 1255 ἥμισυ,
2944 1186 3108 1255 μηδὲν
3130 1186 3363 1238 συνιδεῖν
3390 1186 3683 1258 δυνηθεῖσα
3714 1189 3811 1240 καὶ

2220 1279 2355 1349 αὐτὴ
2406 1279 2675 1331 συνεσθίει
2702 1279 2798 1332 τοῦ
2833 1280 3063 1332 θανάτου
3093 1281 3155 1332 τὸ
3180 1280 3476 1349 φάρμακον
3508 1297 3522 1311 ο
3554 1281 3693 1350 ὀργὴ
3720 1281 3811 1334 διὰ

2219 1373 2393 1426 ταῦτα
2423 1372 2516 1424 τοῦ
2552 1371 2814 1441 βασιλέως
2841 1372 2978 1442 πρὸς
3001 1372 3099 1442 τὴν
3133 1373 3369 1443 μητέρα,
3401 1373 3497 1425 καὶ
3541 1373 3810 1443 σύλληψις

2220 1466 2327 1517 τῶν
2387 1464 2659 1533 εὐνούχων
2701 1464 2870 1534 αὐτῆς
2890 1463 2937 1495 θ’
2972 1465 3065 1517 καὶ
3104 1452 3361 1535 αἱκισμίὸς
3385 1467 3479 1518 καὶ
3504 1466 3808 1537 ἀναίρεσις.

2222 1561 2331 1614 Καὶ
2370 1561 2451 1613 ἔτι
2508 1560 2770 1631 σύλληψις
2826 1560 3053 1628 Γίγγης,
3087 1562 3120 1631 ἢ
3155 1561 3400 1631 ᾠκείωτο
3445 1546 3810 1631 Παρυσάτιδι,

2221 1654 2314 1705 καὶ
2364 1652 2574 1722 κρίσεις
2599 1653 2688 1706 ἐπ’
2718 1654 2879 1724 αὐτῇ,
2922 1654 3018 1705 καὶ
3066 1654 3317 1717 ἀθώωσις
3380 1655 3480 1722 μὲν
3510 1655 3662 1724 παρὰ
3698 1656 3812 1708 τῶν

2223 1743 2451 1814 κριτῶν,
2513 1745 2783 1815 καταδίκη
2818 1745 2874 1797 δὲ
2901 1746 3052 1815 παρὰ
3085 1744 3374 1815 βασιλέως,
3414 1746 3511 1797 καὶ
3550 1746 3815 1816 αίκισμὺξ

2222 1836 2431 1908 Γίγγης
2469 1838 2564 1890 καὶ
2622 1839 2925 1908 ἀναίρεσις,
2957 1841 3049 1891 καὶ
3085 1838 3223 1909 ὀργὴ
3264 1840 3353 1892 διὰ
3374 1837 3534 1891 τοῦτο
3556 1840 3819 1909 Παρυσὰο

2227 1931 2371 1992 τιδος
2396 1930 2531 2000 πρὸς
2560 1930 2650 1982 τὸν
2682 1930 2799 1982 υἱὸν
2836 1930 3090 1983 κάκείνου
3127 1930 3264 2001 πρὸς
3299 1931 3397 2000 τὴν
3441 1930 3673 2001 μητέρα.
3706 1931 3817 1983 Καὶ

2226 2026 2287 2080 τὸ
2321 2027 2485 2097 χῶμα
2519 2025 2577 2077 δὲ
2612 2024 2705 2077 τοῦ
2762 2024 3046 2094 Κλεάρχου
3104 2024 3174 2077 δι’
3215 2023 3355 2076 ἐτῶν
3412 2021 3559 2075 ὀκτὼ
3614 2022 3815 2092 μεστὸν

2226 2118 2397 2188 ἐφάνη
2460 2115 2741 2185 φοινίκων,
2787 2115 2881 2179 οὓς
2919 2112 2989 2186 ἦν
3022 2115 3205 2187 κρύφα
3236 2114 3572 2185 Παρύσατις,
3600 2113 3725 2167 καθ’
3754 2114 3816 2167 ὃν

2226 2210 2420 2282 καιρὸν
2475 2212 2685 2272 ἐκεῖνος
2743 2206 3087 2278 ἐτελεύτησε,
3133 2208 3223 2263 διὰ
3263 2208 3536 2278 εὐνούχων
3564 2207 3611 2239 ⁸³
3650 2206 3818 2261 κατα-

2226 2301 2477 2374 χώσασα.
3294 2344 3307 2359 .

2295 2392 2476 2447 Αἰτίαι
2504 2392 2573 2446 δι’
2596 2392 2662 2455 ἃς
2700 2392 2960 2463 Εὐαγόρᾳ
2994 2390 3208 2461 βασιλεῖ
3234 2391 3540 2461 Σαλαμῖνος
3563 2390 3820 2462 βασιλεὺς

2237 2484 2597 2556 Ἀρτοξέρξης
2617 2485 2899 2557 διηνέχθη.
2931 2484 3021 2553 [66
3044 2481 3140 2554 IL]
3171 2485 3279 2537 Καὶ
3304 2484 3528 2553 ἄγγελοι
3563 2485 3821 2555 Εὐαγόρα

2223 2579 2361 2649 πρὸς
2412 2577 2660 2647 Κτησίαν
2704 2578 2843 2646 ὑπὲρ
2904 2577 2997 2630 τοῦ
3052 2576 3244 2630 λαϐεῖν
3292 2577 3446 2647 παρὰ
3478 2558 3814 2647 ’Δϐουλήτου

2224 2674 2327 2735 τὰς
2372 2672 2692 2737 ἐπιστολὰς,
2736 2674 2832 2725 καὶ
2886 2672 3126 2741 Κτησίου
3178 2670 3314 2741 πρὸς
3359 2672 3525 2725 αὐτὸν
3559 2672 3824 2742 ἐπιστολὴ

2225 2764 2355 2834 περὶ
2374 2763 2469 2815 τοῦ
2496 2764 2851 2833 διαλλαγῆναι
2876 2762 3042 2815 αὐτὸν
3069 2762 3419 2833 Ἀναξαγόρᾳ
3451 2762 3528 2832 τῷ
3549 2762 3819 2833 Κυπρίων

2228 2855 2457 2926 βασιλεῖ.
2500 2857 2621 2908 Τῶν
2650 2856 2801 2927 παρὰ
2848 2854 3101 2924 Εὐαγόρα
3151 2854 3403 2922 ἀγγέλων
3464 2857 3543 2917 εἰς
3592 2854 3824 2924 Κύπρον

2230 2947 2356 3020 [153
2392 2948 2484 3021 IL]
2524 2948 2709 3018 ἄφιξις
2744 2948 2838 3001 καὶ
2875 2949 2986 3000 τῶν
3015 2947 3165 3017 παρὰ
3200 2949 3442 3019 Κτησίου
3471 2948 3825 3018 γραμμάτων

2228 3042 2483 3105 ἀπόδοσις
2543 3042 2817 3112 Εὐαγόρᾳ.
2882 3042 2994 3092 Καὶ
3054 3041 3304 3103 Κόνωνος
3349 3043 3487 3110 πρὸς
3532 3040 3824 3110 Εὐαγόραν

2226 3133 2384 3201 λόγος
2404 3133 2542 3203 ὑπὲρ
2562 3133 2655 3186 τοῦ
2688 3133 2825 3203 πρὸς
2865 3132 3089 3202 βασιλέα
3109 3132 3402 3198 ἀναϐῆναι,
3436 3132 3530 3185 καὶ
3559 3132 3819 3203 Εὐαγόρα

2228 3225 2485 3295 ἐπιστολὴ
2536 3228 2666 3296 περὶ
2698 3219 2772 3277 ῶν
2794 3223 3005 3295 ἠξιώθη
3052 3226 3145 3277 ὐπ’
3171 3223 3361 3276 αὐτοῦ.
3414 3225 3523 3278 Καὶ
3563 3225 3819 3286 Κόνωνος

2231 3319 2366 3388 πρὸς
2396 3318 2639 3388 Κτησίαν
2689 3317 2971 3385 ἐπιστολὴ,
2995 3317 3090 3370 καὶ
3124 3317 3336 3388 βασιλεί
3360 3317 3512 3387 παρὰ
3561 3317 3825 3388 Εὐαγόρα

2234 3412 2423 3481 φόρος,
2447 3412 2539 3464 καὶ
2560 3410 2670 3464 τῶν
2706 3410 3010 3463 ἐπιστολῶν
3029 3410 3246 3481 Κτησίᾳ
3274 3410 3551 3473 ἀποδόσις.
3582 3409 3827 3481 Κτησίου

2234 3504 2395 3571 λόγος
2428 3504 2567 3574 πρὸς
2594 3502 2819 3573 βασιλέα
2846 3504 2976 3575 ’περὶ⁴
3002 3504 3253 3566 Κόνωνος
3285 3504 3378 3559 καὶ
3408 3504 3667 3574 ἐπιστολὴ
3686 3504 3829 3575 πρὸς

2233 3596 2417 3651 αὐτόν.
2447 3597 2568 3649 Τῶν
2599 3598 2752 3667 παρὰ
2778 3597 3055 3668 Εὐαγόρου
3072 3596 3260 3668 δώρων
3286 3598 3538 3660 ἀπόδοσις
3556 3597 3829 3671 Σατιϐαρ-

2235 3686 2393 3761 ζάνη,
2436 3688 2664 3741 καὶτῶν
2704 3687 2955 3755 ἀγγέλων
2980 3687 3086 3740 τῶν
3121 3689 3200 3749 εἰς
3235 3687 3460 3759 Κύπρον
3491 3686 3695 3756 ἄφιξις,
3725 3688 3825 3740 καὶ

2234 3780 2486 3842 Κόνωνος
2530 3780 2790 3851 ἐπιστολὴ
2848 3780 2984 3851 πρὸς
3024 3779 3248 3850 βασιλέα
3278 3781 3382 3833 καὶ
3421 3780 3689 3847 Κτησίαν.
3738 3779 3831 3843 Ὦς

2235 3874 2586 3945 ὲτηρήθησαν
2636 3874 2685 3926 οἱ
2737 3876 2889 3943 παρὰ
2936 3872 3379 3943 Λακεδαιμονίων
3420 3871 3644 3939 ἄγγελοι
3682 3889 3831 3943 πεμ-

2237 3967 2465 4036 φθέντες,
2511 3966 2650 4038 πρὸς
2704 3966 2950 4038 βασιλέα.
3016 3966 3300 4029 Βασιλέως
3361 3964 3622 4037 ἐπιστολὴ
3688 3966 3830 4037 πρὸς

2237 4061 2463 4115 Κόνωνα
2514 4061 2610 4115 καὶ
2638 4061 2685 4092 ⁸⁸
2712 4060 3199 4131 Λακεδαιμονίους,
3220 4059 3287 4123 ἃς
3308 4059 3353 4092 ⁸⁸
3386 4061 3636 4131 Κτησίας
3664 4060 3830 4124 αὐτὸς

2237 4152 2516 4222 ἐκόμισεν.
2586 4152 2675 4214 Ὠς
2715 4151 2821 4204 ὐπὸ
2883 4149 3239 4221 Φαρναϐάζου
3289 4150 3566 4220 ναύαρχος
3629 4151 3825 4205 Κόνων

2239 4244 2474 4309 ἐγένετο.
2541 4243 2784 4313 Κτησίου
2839 4245 2919 4307 είς
2977 4244 3172 4298 Κνίδον
3226 4246 3324 4314 τὴν
3359 4244 3596 4314 πατρίδα
3644 4243 3834 4313 ἄφιξις

2240 4336 2336 4389 καὶ
2369 4337 2449 4398 εἰς
2492 4335 2893 4405 Λακεδαίμονα,
2956 4336 3053 4389 καὶ
3100 4337 3284 4407 κρίσις
3322 4336 3457 4407 πρὸς
3495 4338 3623 4401 τοὺς
3652 4338 3836 4391 Λακε-

2239 4427 2533 4498 δαιμονίων
2588 4429 2855 4496 ἀγγέλους
2882 4430 2940 4483 ὲν
2978 4428 3226 4500 Ῥόδῳθθ,
3280 4429 3373 4481 καὶ
3422 4430 3638 4497 ἄφεσις.
3696 4430 3836 4483 Ἀπὸ

2254 4518 2485 4587 Ἐφέσου
2559 4520 2722 4590 μέχρι
2799 4519 3064 4590 Βάκτρων
3134 4521 3230 4573 καὶ
3307 4520 3539 4591 Ἰνδικῆς
3596 4522 3836 4592 ἀριθμὸς

2170 4630 2214 4685 D
2246 4608 2526 4680 σταθμῶν,
2582 4610 2829 4680 ἡμερῶν,
2873 4612 3270 4680 παρασαγγῶν.
3312 4612 3632 4679 Κατάλογος
3680 4613 3838 4683 βασι-

2248 4700 2386 4754 λέων
2414 4702 2522 4754 ἁπὸ
2545 4702 2706 4754 Νίνου
2732 4703 2827 4756 καὶ
2857 4702 3216 4773 Σεμιράμεως
3248 4704 3411 4776 μέχρι
3450 4705 3839 4776 Ἀρτοξέρξου.

2260 4794 2349 4847 'Ev
2371 4788 2451 4857 οἷς
2478 4793 2573 4848 καὶ
2596 4794 2657 4847 τὸ
2673 4794 2849 4857 τέλος.

2320 4886 2478 4939 Ἔστι
2510 4884 2565 4937 δὲ
2600 4880 2797 4948 οὐτοςὸ
2827 4886 3177 4955 συγγραφεὺς
3206 4888 3382 4956 σαφής
3409 4905 3468 4939 τε
3501 4888 3597 4943 καὶ
3625 4888 3841 4961 ἀφελὴς

556 4965 787 5036 simplex
834 4980 1042 5031 sermo,
1076 4982 1183 5036 quo
1212 4965 1380 5020 etiam
1416 4963 1480 5021 ﬁt
1527 4976 1589 5021 ut
1647 4980 1752 5019 non
1817 4965 2128 5036 injucundnt

2247 4977 2393 5044 λίαν,
2422 4976 2505 5030 διὸ
2542 4977 2640 5029 καὶ¹
2672 4977 2833 5046 ἡδονῇ
2869 4978 3017 5046 αὐτῷ
3069 4976 3374 5047 σύγκρατός
3408 4980 3557 5032 ἐστιν
3597 4983 3624 5033 ὁ
3658 4980 3840 5050 λόγος.

521 5060 791 5113 'accidat.
826 5056 971 5113 Usus
1011 5074 1140 5113 vero
1191 5059 1429 5115 dialecto
1470 5068 1554 5113 est
1592 5058 1772 5114 Ionica
1802 5099 1819 5127 ,
1886 5058 1987 5115 etsi
2036 5074 2128 5115 nor

2249 5070 2536 5141 Κέχρηται
2558 5069 2616 5123 δὲ
2648 5073 2713 5141 τῇ
2754 5071 2963 5140 Ἰωνικῇ
2987 5069 3274 5141 διαλέκτῳ,
3301 5073 3351 5124 εί
3375 5072 3469 5126 καὶ
3494 5073 3570 5143 μὴ
3592 5073 3659 5126 δι’
3692 5074 3843 5139 ὅλου,

553 5163 651 5218 per
684 5150 890 5215 omnia,
935 5159 994 5203 ut
1039 5147 1379 5216 llerodotus,
1435 5152 1529 5205 sed
1584 5150 1637 5204 in
1670 5152 1990 5219 quihusdam
2026 5160 2148 5204 tan-

2250 5163 2505 5232 καθαπερ
2540 5162 2846 5231 Ἡρόδοτος,
2906 5162 3040 5216 ἀλλὰ
3100 5163 3220 5216 κατ’
3251 5164 3401 5228 ἐνίας
3443 5167 3600 5230 τινὰς
3639 5165 3841 5235 λέξεις.

556 5242 841 5306 ιιιιιιωοᾱο
866 5241 1109 5297 vocibus.
1140 5238 1328 5312 Neque
1367 5242 1529 5297 etiam
1567 5243 1621 5297 in
1646 5243 1962 5299 diverticula
1993 5260 2128 5315 quae-

2252 5254 2389 5307 Οὐδὲ
2421 5253 2558 5325 πρδς
2590 5253 2866 5323 ἐκτροπὰς
2898 5253 2955 5305 δέ
2984 5270 3137 5317 τινας
3161 5255 3449 5326 ἀκαίρους,
3483 5256 3670 5328 ὥσπερ
3701 5260 3848 5313 ἐκεῖ·

1858 5365 2088 5424 νΑῐὶΙᾹ]
2118 5370 2410 5427 LECTION
2420 5373 2523 5428 ES.

631 5454 677 5487 ⁷⁸
702 5448 876 5538 ίσονΑ
900 5456 1055 5538 τὸσον
1081 5477 1141 5524 ς.
1188 5457 1532 5538 ξορυνδόικην
1556 5476 1616 5522 ς.
1669 5459 1734 5538 ,⁸⁸
1764 5460 1989 5538 αὐτη-ς·Σ
2061 5463 2247 5538 “ﬁnal
2270 5483 2330 5530 ς.
2375 5536 2383 5538 _
2408 5466 2452 5498 ⁸³
2475 5466 2582 5517 τῶν
2607 5466 3028 5538 ὑπηρετούντων
3050 5466 3322 5538 εὐνούχων
3352 5468 3421 5519 αὐ

3427 5470 3489 5538 τῇ
3515 5487 3574 5532 ς.
3658 5470 3704 5501 ⁸³
3728 5483 3849 5539 post

559 5525 836 5599 εὐνούχων
866 5542 988 5581 cum
1016 5534 1063 5586 Α
1092 5522 1393 5585 omisi-16w
1411 5522 1825 5601 ὑπηρετούντων
1857 5522 2018 5603 αὐτῇ.
2098 5534 2145 5565 ⁸⁵
2169 5536 2263 5588 καὶ
2278 5522 2431 5607 ’πρὸς
2459 5538 2601 5592 Λακ.
2676 5522 2881 5599 δέ’ἃςΑ
2910 5554 2924 5589 :
2962 5536 3026 5606 ἢν
3051 5555 3111 5601 ς.
3190 5522 3244 5569 δε
3277 5536 3443 5609 Ῥόδῳ
3464 5522 3567 5592 '11-:
3603 5522 3751 5611 λό’τῷ

2102 5653 2332 5709 NOTAE.

637 5745 750 5828 (17)
778 5743 890 5799 lloc
920 5744 1038 5828 ipso
1056 5743 1684 5828 c‘i'rcumventnmnluisse
1709 5745 1832 5802 dolo
1864 5762 1901 5828 a.
1924 5761 2155 5828 consan-

2332 5747 2453 5818 (18)
2480 5748 2515 5803 Α
2549 5748 2690 5806 Nino
2720 5750 2773 5805 id
2794 5759 2850 5805 et
2875 5750 3237 5807 Semiramide
3267 5752 3600 5813 inchoatum.
3632 5753 3697 5805 ad
3734 5770 3839 5808 ηιθ-

567 5815 767 5894 guineo
803 5830 949 5894 ΔειιοΔ
976 5815 1275 5894 LZHVet-mn
1308 5819 1440 5894 imp.
1488 5815 1761 5894 (luxerunt
1813 5818 2055 5894 quidam,
2097 5829 2152 5873 ut
2264 5815 2553 5894 gistratum
2585 5822 3026 5894 usquelthyclis,
3081 5823 3263 5894 idest,
3324 5824 3499 5894 Olym.
3544 5837 3646 5877 xcv
3681 5842 3771 5878 an.
3816 5826 3851 5879 3

570 5885 743 5957 refert
788 5884 973 5938 Aurel.
1023 5885 1227 5941 Victor.
1264 5887 1315 5940 in
1362 5888 1501 5941 Hist.
1566 5888 1792 5957 August.
1832 5884 1892 5943 in
1943 5890 2149 5944 Anton.

569 5954 921 6029 Philosopho.

2263 5890 2554 5966 deduxisse
2579 5890 2818 5966 C_tesiam
2852 5890 3042 5948 auctor
3077 5903 3161 5949 est
3200 5892 3354 5951 Diod.
3390 5890 3500 5949 'lib.
3559 5908 3672 5963 xtv,
3726 5911 3830 5966 pag

2263 5959 2389 6027 421,
2431 5962 2561 6016 edit.
2596 5961 2771 6020 Graec.
