4058 6420
487 420 589 484 ροτ
1650 413 1915 475 PHO'I‘II
1950 415 2089 477 PAT

2159 412 2462 476 IARCH/E
2500 414 2605 475 CP.
3652 411 3761 479 908

488 541 617 595 lices
645 545 820 591 autem
859 535 910 590 in
939 534 1080 589 aliis.
1114 532 1285 588 Filios
1315 530 1458 587 enim
1483 539 1614 598 tres,
1656 540 1709 586 et
1738 532 1872 587 duas
1906 533 2068 595 tilias,
2099 547 2223 588 cum
2282 531 2483 585 malum
2523 543 2707 583 rerum
2739 543 2957 583 suarum
2989 528 3221 591 videret,
3253 534 3415 583 antea
3454 527 3679 586 miserat
3710 532 3765 585 in

495 614 682 666 urbem
711 606 939 669 Ninum,
972 607 1038 659 ad
1070 619 1194 660 eum
1230 604 1322 673 qui
1348 604 1425 674 ibi
1452 603 1733 674 regnabat,
1770 604 2101 671 dederatque
2137 603 2244 674 illis
2276 606 2378 674 tria
2410 601 2737 674 talentorum
2764 600 2893 674 auri
2921 601 3110 655 millia.
3151 598 3389 674 rexerat
3418 612 3598 656 autem
3625 600 3760 674 illud

491 680 783 736 aedilicium
811 677 1058 730 trabibus
1099 670 1311 744 magnis
1333 683 1387 726 et
1414 670 1644 737 'craSsis,
1687 674 1813 741 quin
1843 670 2208 744 etiam’niulta
2258 673 2424 738 ligna,
2452 680 2605 744 etdea
2645 670 2865 744 quidem
2901 687 3112 744 crassa,
3148 672 3767 744 circui_nposuerat,_ita

494 761 550 805 ut
581 750 760 804 nullus
794 755 1003 816 pateret
1025 740 1244 799 exitus:
1279 747 1407 812 quin
1443 745 1608 798 etiam
1640 740 1964 798 talentorum
1997 743 2117 797 auri
2143 742 2473 816 imposuerat
2504 740 2575 793 illi
2606 741 2754 794 mille
2792 742 3089 816 myriades,
3115 742 3329 816 argenti
3364 740 3547 816 decies
3574 742 3723 816 mille
3746 758 3764 795 ς

492 782 1339 884 iiéé'iiliirvia's'ié'éEfﬁtiipuia'é,
1373 824 1427 867 et
1453 782 1615 868 oiiine
1639 782 2064 880 geiiusveorum,
2109 782 2323 880 quierad
2357 812 2559 884 cultum
2589 782 3317 879 corporispertineiit.bu;e
3345 824 3469 863 cum
3508 809 3760 874 iecisset,

491 891 788 945 accendere
818 902 1004 958 pyram
1025 880 1209 958 jussit,
1234 899 1356 955 qua:
1392 900 1488 955 per
1516 884 1823 958 quindecim
1847 884 1961 937 dies
1992 884 2246 958 ardeba_t.
2273 885 2340 958 A_t
2366 886 2458 951 qui
2492 880 2704 958 fulmini
2728 883 2984 958 videbant
3011 883 3372 958 mirabantur,
3393 884 3758 958 ac_putabant

491 963 637 1014 illum
679 951 991 1014 sacri'li'care
1026 951 1042 1011 Ξ
1087 956 1185 1010 soli
1214 951 1348 1009 vero
1387 951 1623 1007 eunuchi
1674 969 1785 1006 rem
1836 963 2124 1008 noverant.
2181 952 2592 1023 Sardanapalus
2624 953 2797 1022 igitur
2822 990 2841 1018 ,
2891 952 2984 1022 qui
3037 952 3351 1023 prodigiose
3392 951 3771 1022 voluptatibus

487 1032 699 1088 deditus
735 1030 932 1093 fuerat,
967 1041 1128 1096 quam
1160 1028 1334 1096 potuit
1367 1023 1783 1096 generosissime
1808 1024 1975 1076 vitam
2004 1023 2200 1079 ﬁnivit.

1867 1140 1991 1197 Non
2022 1143 2190 1198 multo
2217 1151 2356 1212 post.

556 1242 768 1299 Ctesias
798 1255 930 1295 vero
958 1239 1241 1293 Annarum
1276 1238 1422 1307 regis
1451 1236 1789 1305 praefectum,
1820 1245 1874 1289 et
1896 1235 1988 1304 qui
2022 1235 2336 1307 Babyloniae
2375 1234 2615 1305 regionis
2644 1233 2937 1304 imperium
2969 1233 3351 1298 obtinuerunt,
3381 1239 3554 1307 _veste
3587 1238 3646 1287 et
3677 1244 3770 1285 or-

491 1329 618 1367 natu
652 1313 899 1366 muliebri
923 1326 1077 1364 usum
1105 1324 1229 1365 esse
1271 1304 1463 1374 tradit,
1489 1319 1543 1362 et
1570 1308 1637 1360 ad
1662 1322 1784 1361 eum
1826 1304 2176 1369 cmnantem',
2226 1321 2351 1360 cum
2389 1304 2531 1373 regis
2558 1321 2750 1360 servus
2782 1314 2950 1371 esset,
3004 1307 3267 1360 accedere
3315 1304 3507 1359 solitas
3536 1315 3762 1358 centum

491 1384 874 1454 quinquaginta
900 1382 1189 1451 psallentes
1218 1390 1273 1433 et
1299 1389 1558 1434 canentes
1587 1378 1865 1431 mulieres.
1898 1375 2209 1431 Psallebant
2253 1386 2434 1430 autem
2467 1379 2569 1439 lue,
2599 1388 2655 1430 et
2676 1378 2953 1431 eanebant
2986 1376 3076 1431 illo
3113 1387 3385 1431 comante.

1124 1500 1279 1567 Apud
1305 1497 1627 1550 Demetrium
1658 1493 1977 1550 Phalereum
2004 1496 2057 1549 in
2080 1495 2214 1549 libro
2259 1496 2349 1566 qui
2382 1496 2518 1566 Περὶ
2548 1496 2724 1567 ἐρμην

1509 1498 1627 1550 'ium
1658 1493 1977 1550 Phalereum
2004 1496 2057 1549 in
2080 1495 2214 1549 libro
2259 1496 2349 1566 qui
2382 1496 2518 1566 Περὶ
2548 1495 2846 1567 ἑρμηνείας
2878 1508 3111 1549 vocatur.

562 1596 866 1668 Stryaglius
896 1582 1115 1664 quidam
1147 1592 1355 1668 Medus,
1390 1607 1512 1668 cum
1543 1605 1610 1645 ex
1638 1604 1779 1660 equo
1805 1588 2054 1668 Sa_cidem
2086 1590 2368 1644 mulierem
2405 1591 2691 1668 deiecisset
2718 1591 2877 1659 (apud
2912 1589 3246 1668 Sacaseuim
3278 1586 3763 1668 mulieresneodem

493 1684 596 1737 quo
624 1656 928 1720 A'mazones'
963 1668 1120 1737 modo
1148 1656 1484 1737 prteliantur)
1503 1656 1739 1737 eamque
1771 1670 1825 1714 et
1859 1659 2149 1737 formosam
2171 1700 2186 1722 ,
2234 1669 2290 1737 et
2316 1656 2477 1715 aetate
2516 1656 2797 1737 ﬂorentem
2839 1675 2963 1713 esse
2998 1661 3253 1723 vidisset,
3291 1659 3492 1737 salvam
3525 1656 3766 1737 dimisit.

494 1727 558 1791 Ᾱι
590 1753 845 1807 percusso
877 1727 1312 1807 posteattedere,
1342 1727 1474 1807 cum
1501 1732 1610 1807 illa,
1645 1727 1810 1807 quam
1846 1730 2043 1807 alioqui
2082 1730 2387 1798 deperibat,
2416 1732 2578 1807 potiri
2630 1746 2737 1807 nou
2800 1741 3007 1797 posset,
3040 1739 3307 1807 statuerat
3331 1728 3552 1797 quidem
3586 1727 3771 1779 inedia

495 1798 654 1860 vitam
688 1807 842 1861 linire
867 1798 890 1859 ε’
913 1803 1104 1859 scribit
1137 1814 1314 1856 tamen
1344 1804 1495 1869 prius
1529 1802 1602 1855 illi
1642 1798 1782 1856 lianc
1813 1800 2118 1869 epistolam,
2145 1816 2251 1869 qua
2288 1803 2596 1871 expostulat
2627 1818 2643 1855 :
2678 1798 2793 1870 Ego
2822 1810 2871 1854 te
2894 1800 3117 1865 servavi,
3148 1811 3194 1853 et
3243 1810 3301 1853 tu
3324 1815 3417 1867 per
3444 1814 3525 1852 me
3554 1809 3767 1851 servata

493 1894 565 1933 es.
594 1879 659 1930 At
690 1892 783 1945 ego
812 1892 905 1947 per
940 1884 988 1929 te
1012 1875 1171 1944 perii.

1139 1987 1442 2056 Stephanus
1481 1986 1773 2059 Byzantius
1817 2006 1937 2045 voce
1964 1989 2227 2062 Δυρὸαἶοι
2254 2008 2320 2046 ea:
2346 1988 2524 2046 Ctesia
2568 1990 2903 2045 Persicorum
2945 1986 3018 2044 Χ.

562 2083 728 2156 Regio
753 2085 909 2155 juxta
937 2100 1060 2139 eum
1087 2084 1682 2157 adjacetDyrbzeorum,
1706 2087 1860 2138 beata
1884 2087 2041 2154 plane
2066 2103 2220 2157 gens,
2253 2089 2405 2143 dives
2428 2088 2752 2157 atquejusta
2784 2102 2804 2151 ;
2858 2101 2980 2139 nam
3032 2099 3205 2153 neque
3252 2084 3502 2153 injuriam
3533 2085 3772 2157 cuipiam

495 2154 765 2224 Inl'ertiut,
786 2169 961 2227 neque
976 2166 1238 2210 mortem.
1271 2154 1423 2221 Quod
1452 2157 1498 2210 si
1534 2158 1674 2211 l‘orte
1700 2173 1796 2223 per
1830 2158 1970 2210 viam
2003 2154 2097 2213 aut
2124 2176 2317 2213 aurum
2352 2154 2680 2219 invenerint,
2716 2167 2810 2210 attt
2835 2157 2980 2211 aliud
3007 2158 3422 2226 quidquam.....

1703 2271 1988 2325 Athemeus
2020 2272 2417 2339 DipnosOphist.
2451 2271 2524 2326 Χ.

566 2369 831 2437 Amyntas
854 2380 1069 2439 quoque
1102 2365 1153 2439 in
1178 2364 1316 2419 libro
1340 2366 1432 2434 qui
1462 2366 1668 2439 Ezﬂpot
1700 2368 2044 2434 inscribitur,
2082 2368 2424 2439 Tapyrorum
2461 2378 2679 2439 gentem
2708 2367 2780 2422 ita
2814 2367 2937 2421 vino
2985 2366 3228 2423 deditam
3258 2379 3381 2421 esse
3418 2364 3674 2439 tradidit,
3713 2373 3779 2419 ut

498 2456 564 2492 ne
593 2436 1035 2505 :ul’unguenduui
1065 2438 1284 2505 quidem
1316 2438 1420 2489 alia
1449 2452 1507 2490 re
1534 2438 1637 2489 ulla
1668 2451 1829 2507 quam
1869 2440 1996 2492 vino
2034 2436 2240 2494 utatur.
2276 2436 2485 2492 Eadeui
2511 2450 2697 2493 autem
2740 2448 2798 2493 et
2829 2439 3041 2494 Ctesias
3075 2446 3475 2493 commemorat
3502 2438 3556 2491 in
3594 2436 3770 2499 libro,

497 2524 655 2578 quem
688 2510 754 2562 de
778 2507 1032 2561 Asiaticis
1056 2507 1277 2561 tributis
1307 2508 1530 2577 scripsit
1557 2524 1573 2562 :
1608 2509 1699 2576 qui
1731 2518 1786 2561 et
1811 2507 2151 2577 justissimos
2175 2524 2298 2564 esse
2331 2510 2454 2563 illos
2485 2510 2675 2565 tradit.

1590 2625 1909 2696 Apollonius
1947 2626 2160 2683 Histor.
2190 2630 2384 2683 mirab.
2412 2626 2541 2685 XX.

568 2723 779 2779 Ctesias
808 2723 948 2777 libro
988 2736 1167 2775 rerum
1202 2721 1544 2775 Persicarum
1585 2722 1823 2795 decimo,
1853 2724 2097 2778 camelos
2136 2739 2258 2779 esse
2293 2726 2345 2778 in
2377 2739 2440 2779 ea
2474 2725 2696 2794 regione
2730 2724 2930 2795 prodit,
2962 2738 3193 2792 quarum
3228 2721 3323 2794 pili
3353 2719 3585 2777 mollitie
3615 2717 3774 2773 lanas

500 2796 735 2851 Milesias
754 2796 995 2864 aequant.
1021 2795 1456 2861 Sacerdotesque
1485 2802 1542 2846 et
1569 2794 1708 2847 alios
1733 2809 1988 2862 proceres
2023 2806 2204 2849 vestes
2226 2810 2292 2848 ex
2332 2796 2397 2851 iis
2423 2796 2707 2851 confectas
2733 2794 2993 2867 gestare.

1813 2908 1897 2962 Ex
1928 2909 2108 2978 Steph.
2148 2911 2377 2982 Byzant.

576 3001 945 3067 Choramnaai,
970 2999 1189 3075 Persica
1226 3000 1522 3070 agrestium
1553 3001 1840 3075 hominum
1862 3004 2025 3058 natio.
2066 3002 2297 3074 (Ctesias
2322 3005 2663 3060 Persicorum
2692 3004 2782 3075 X).
2818 3004 2991 3058 Tanta
3021 3019 3153 3059 vero
3172 3002 3457 3059 celeritate
3483 3010 3570 3058 est
3607 3016 3781 3074 genus

509 3076 641 3132 illud
679 3074 958 3128 lunninum
992 3071 1313 3141 agretitium,
1346 3080 1403 3126 ut
1429 3088 1622 3127 cervos
1654 3076 1797 3142 ipsos
1830 3071 2168 3141 insequendo
2202 3076 2420 3144 capiat;
2456 3077 2671 3146 aliaque
2694 3071 2859 3129 multa
2888 3077 2956 3130 de
2984 3075 3068 3130 liis
3106 3088 3315 3130 narrat.

1461 3193 1615 3262 Apud
1642 3194 1978 3257 Athenwum,
2001 3193 2401 3262 Dipnosophist.
2430 3194 2525 3249 lib.
2552 3192 2638 3249 Il.

584 3290 698 3345 Rex
731 3289 1043 3358 Persarum,
1096 3300 1155 3343 ut
1179 3288 1369 3345 scribit
1397 3287 1535 3342 libro
1567 3286 1585 3340 l
1623 3289 1953 3351 llerodoms,
1987 3302 2180 3357 aquam
2217 3290 2270 3343 in
2300 3301 2483 3359 potum
2524 3305 2681 3344 suum
2715 3305 2897 3345 secum
2923 3290 3072 3346 vebit
3108 3303 3136 3342 a
3174 3287 3408 3358 Cboaspi
3446 3285 3610 3341 ﬂuvio
3632 3330 3648 3355 ,
3691 3289 3781 3356 qni

507 3361 647 3415 Susa
678 3359 959 3430 superﬂuit
988 3378 1001 3413 :
1035 3371 1196 3429 atque
1226 3374 1291 3413 ex
1326 3362 1426 3413 boc
1470 3360 1585 3411 solo
1615 3359 1771 3431 bibit.
1814 3359 1986 3429 Hujus
2015 3369 2193 3414 autem
2244 3375 2400 3431 aquae
2439 3364 2677 3416 decocue
2706 3362 2857 3430 plena
2893 3376 3018 3415 vasa
3051 3369 3305 3429 argentea
3348 3371 3626 3426 portantes
3668 3359 3788 3427 plu-

507 3432 629 3485 rimi
650 3446 866 3494 currus,
901 3441 1138 3483 rotarum
1165 3439 1433 3500 quatuor,
1470 3444 1604 3496 quos
1637 3430 1762 3482 Inuli
1801 3436 2044 3496 traltunl,
2082 3432 2255 3499 ipsum
2297 3430 2615 3500 Sequuntur.
2644 3432 2713 3483 At
2741 3432 2951 3485 Ctesias
2975 3432 3203 3485 Cnidius
3253 3432 3622 3483 nari-utetiam
3648 3444 3789 3497 quo-

513 3502 673 3574 modo
706 3500 995 3574 regiabaec
1020 3498 1283 3568 Clioaspis
1324 3501 1467 3574 lluvii
1512 3513 1650 3568 aqua
1699 3511 1985 3570 coquatur,
2022 3510 2077 3555 et
2097 3498 2546 3571 quoniodovasis
2577 3502 2850 3574 imposita,
2877 3511 3123 3573 portetur
3148 3500 3215 3553 ad
3261 3514 3487 3569 regem;
3523 3502 3788 3571 additque

508 3569 656 3624 illum
686 3580 742 3626 et
765 3569 1101 3625 levissimam
1135 3581 1190 3625 et
1216 3569 1594 3625 suavissimam
1623 3583 1766 3626 esse.

1684 3692 1837 3759 Apud
1867 3694 2135 3759 eumdem,
2174 3694 2501 3763 Dipnosoph.
2528 3692 2638 3748 IV.

580 3778 696 3833 Rex
721 3789 904 3856 autem
929 3779 1219 3835 Persarum
1257 3782 1339 3851 (ut
1369 3781 1614 3856 scribunt
1639 3782 1868 3847 Ctesias,
1900 3794 1956 3839 et
1989 3786 2163 3839 Dinon
2199 3786 2250 3839 in
2320 3784 2577 3856 Persicis)
2621 3799 2748 3840 cum
2780 3784 3020 3839 virorum
3055 3782 3293 3838 millibus
3318 3780 3630 3852 quindecim
3667 3791 3788 3834 co:-

514 3857 703 3917 nabat,
735 3861 789 3904 et
817 3851 872 3905 in
900 3866 1111 3906 cmnam
1142 3855 1501 3922 quadraginta
1541 3854 1743 3909 talenta
1779 3856 2218 3909 insuntebantur.

1788 3971 1946 4041 Apud
1977 3973 2239 4038 eumdem,
2278 3974 2410 4027 libro
2429 3971 2514 4028 II.

587 4056 808 4139 Ctesias
826 4070 1013 4139 autem
1036 4062 1384 4139 Carmaniam
1412 4064 1588 4119 oleum
1623 4066 1976 4139 acanthinum
2010 4070 2331 4139 producere,
2358 4077 2412 4120 et
2442 4083 2507 4121 eo
2541 4083 2721 4139 regem
2753 4068 2854 4129 uti,
2881 4067 2979 4121 ait.
3016 4066 3115 4132 Qui
3142 4066 3310 4118 etiam
3348 4064 3401 4116 in
3431 4062 3591 4139 libro,
3616 4077 3783 4139 quem

516 4128 594 4182 De
634 4130 1137 4207 Asiaticis_tributis
1174 4136 1412 4202 scripsit,
1441 4150 1614 4188 creua:
1646 4137 1809 4204 regia:
1848 4128 2168 4206 apparatum
2210 4128 2557 4205 describens,
2602 4128 2787 4207 ineque
2834 4128 3063 4206 piperis,
3118 4152 3293 4205 neque
3339 4137 3475 4190 aceti
3514 4128 3787 4197 meminit,

518 4201 662 4269 quod
694 4218 858 4256 unum
888 4205 1028 4258 inter
1060 4206 1406 4259 condimenta
1437 4216 1522 4259 est.
1554 4201 1843 4275 optimum.
1883 4201 1899 4206 ’
1919 4201 1935 4205 “
2543 4201 2551 4205 '
2698 4201 2715 4207 '
2834 4201 2849 4206 '
2895 4201 2910 4206 '
2998 4221 3007 4228 .

1953 4321 2023 4375 Et
2050 4322 2183 4378 libro
2219 4322 2323 4378 ΧΙ.

603 4411 798 4469 Verum
837 4412 1181 4487 repudianda
1202 4420 1327 4487 sunt
1354 4411 1730 4487 nobisiictilia
1757 4413 1974 4487 pocula.
2034 4418 2189 4483 Apud
2218 4417 2416 4469 Persas
2447 4416 2616 4479 enim,
2647 4425 2706 4469 ut
2735 4423 2967 4472 testatur
3003 4414 3246 4483 Ctesias,
3278 4430 3659 4487 quemcunque
3691 4428 3789 4470 res

521 4489 906 4543 inhonoratum
939 4498 1061 4538 esse
1097 4481 1353 4546 voluerit,
1390 4481 1648 4537 ﬁctilibus
1680 4481 1887 4553 poeulis
1911 4481 2108 4538 utitur.

1626 4602 1781 4669 Apud
1813 4602 2074 4667 eumdem,
2104 4599 2428 4671 Dipnosoph.
2464 4602 2640 4657 XIII.

589 4703 730 4770 Quin
758 4701 922 4757 etiam
954 4697 1207 4769 Cambysi
1237 4698 1595 4771 suscipienda:
1621 4698 1674 4753 in
1698 4698 1991 4770 [Egyptum
2028 4702 2393 4769 expeditionis
2420 4702 2502 4770 (ut
2526 4702 2717 4757 scribit
2744 4700 2981 4771 Ctesias)
2996 4713 3192 4771 _causa
3229 4698 3330 4752 fuit
3373 4696 3595 4771 mulier.
3646 4696 3784 4750 Nam

518 4768 642 4830 cum
663 4772 950 4844 Egyptias
977 4768 1229 4844 mulieres
1262 4770 1315 4822 in
1338 4784 1633 4835 congressu
1649 4768 1926 4844 praestare
1953 4768 2576 4844 caeterisintellexisset,
2612 4774 2679 4824 ad
2701 4771 2943 4844 Aniasim
2963 4768 3195 4844 ‘Egypti
3224 4783 3402 4844 regem
3437 4770 3584 4844 misit
3603 4784 3787 4844 unum

517 4863 585 4900 ex
621 4839 752 4914 ejus
772 4839 985 4896 liliabus
1015 4842 1070 4914 in_
1099 4854 1324 4914 uxorem
1358 4840 1704 4914 posc_ens.__At
1728 4840 1816 4894 hic
1846 4856 1877 4893 e
1917 4844 2031 4894 suis
2062 4843 2294 4914 quidem
2310 4844 2662 4914 Annam__baud
2699 4842 2845 4914 misit
2879 4858 2891 4894 :
2919 4843 3243 4914 suspicatus
3281 4840 3355 4891 illi
3389 4855 3498 4891 non
3529 4839 3777 4914 habitum

519 4915 584 4969 iri
624 4909 884 4968 honorem
917 4911 1072 4964 uxori
1108 4909 1375 4972 debitum,
1408 4910 1499 4963 sed
1532 4909 1755 4977 pallaca:
1786 4927 1799 4963 :
1828 4926 2016 4963 verum
2056 4909 2235 4980 Apriae
2269 4912 2433 4964 tiliam
2468 4910 2745 4965 Neutetin.
2802 4911 3095 4964 l'lxciderat
3143 4920 3326 4980 autem
3363 4924 3529 4977 regno
3554 4909 3777 4980 A_pries,

520 4998 740 5053 prepter
773 4984 992 5053 cludent
1016 4984 1069 5032 iu
1094 4994 1269 5053 pugna
1296 4982 1558 5033 adversus
1581 4982 1918 5053 Cyrenenses
1949 4977 2250 5048 acceptam,
2279 4992 2333 5035 et
2362 4981 2430 5035 ab
2456 4982 2642 5035 Amasi
2676 4982 2853 5053 fuerat.
2888 4982 3227 5053 interfectus.
3259 4978 3558 5049 Cambyses
3583 4977 3785 5031 Neute-

520 5050 648 5108 iidis
680 5050 1070 5108 consuetudine
1099 5050 1422 5111 delectatus,
1453 5060 1507 5102 et
1534 5052 1687 5104 valde
1711 5051 1762 5104 in
1785 5066 2027 5104 amorem
2064 5052 2182 5118 ejus
2211 5053 2444 5118 illectus,
2473 5053 2655 5106 omnia
2683 5066 2751 5104 ex
2782 5052 2873 5105 illa
2904 5051 3100 5118 discit;
3129 5059 3185 5105 et
3227 5064 3351 5107 cum
3386 5058 3597 5105 orasset
3626 5064 3782 5114 eain,

520 5132 579 5179 ut
603 5130 805 5179 caulem
831 5122 1012 5191 Apria:
1034 5120 1207 5188 patris
1235 5119 1612 5185 ulcisceretur,
1645 5124 1934 5190 persuadet
1974 5131 2031 5173 ut
2056 5122 2252 5176 bellum
2280 5118 2558 5194 Egyptiis
2582 5122 2801 5176 inierat.

1864 5239 2117 5309 Ejusdem
2155 5240 2289 5294 libro
2316 5238 2388 5296 X.

589 5362 800 5419 Ctesias
835 5369 1041 5422 autem,
1073 5359 1213 5431 apud
1239 5356 1535 5431 ludo_s__regi
1576 5372 1679 5414 non
1706 5356 1870 5413 licere
1903 5359 2163 5414 inebriari
2190 5361 2375 5415 tradit.
2408 5362 2474 5415 At
2501 5376 2634 5414 vero
2657 5364 2798 5431 apud
2821 5358 3019 5416 Persas
3049 5360 3160 5429 regi
3180 5356 3497 5412 conceditur
3523 5357 3788 5413 inebriari

517 5436 603 5488 die
641 5449 768 5497 uno,
799 5432 983 5499 inquo
1014 5426 1326 5485 sacriﬁcant
1359 5426 1591 5481 unum.

1974 5544 2136 5599 Libro
2167 5542 2253 5600 ΧΙ
2273 5544 2333 5600 γ.

587 5666 819 5721 Berosus
853 5675 1031 5719 autem
1066 5663 1548 5735 Babyloniacorum
1581 5667 1673 5721 lib.
1709 5682 1750 5732 ι,
1800 5666 2010 5721 decima
2042 5674 2196 5721 sexta
2228 5665 2315 5719 die
2350 5665 2553 5720 mensis
2582 5662 2702 5730 Loi,
2728 5664 2930 5735 festum
2967 5663 3239 5735 Babylone
3280 5661 3519 5732 quinque
3566 5660 3784 5735 dierum

518 5740 697 5805 apatio
726 5737 989 5790 celebrari
1016 5738 1108 5799 ait,
1142 5733 1341 5789 baccas
1372 5737 1617 5790 dictum:
1652 5750 1747 5804 per
1769 5738 1910 5805 quod
1948 5747 2160 5806 tempus
2202 5736 2379 5806 solere
2415 5735 2663 5789 dominos
2717 5734 2934 5788 famulis
2984 5733 3218 5803 parere:
3259 5747 3534 5806 unumque
3582 5746 3649 5785 ex
3687 5733 3791 5806 bis

521 5803 701 5861 doinui
733 5820 985 5876 praeesse,
1019 5817 1186 5869 veste,
1222 5822 1341 5875 qua:
1394 5806 1554 5876 regiae
1578 5803 1987 5860 similitudinem
2024 5803 2316 5872 referebat,
2350 5805 2597 5861 indutum
2630 5824 2643 5860 :
2675 5821 2838 5875 quem
2866 5816 2919 5861 et
2941 5805 3211 5875 Zoganem
3246 5804 3504 5874 appellari
3536 5803 3794 5858 meminit

522 5879 678 5933 istius
708 5872 829 5933 testi
854 5877 1064 5933 Ctesias
1092 5872 1306 5947 quoque
1334 5872 1477 5930 libro
1501 5872 1838 5930 Persicorum
1875 5878 2138 5932 secundo.
