4092 6456
303 413 413 481 213

1374 423 1907 486 BIBLIOTHECA.
1948 449 2016 458 -
2055 424 2221 486 COD.
2260 425 2503 485 LXXII.

3463 424 3569 490 ’214

380 526 519 602 Περὶ
546 531 650 600 τῆς
681 531 889 602 κρήνης
920 532 1019 603 τῆς
1051 533 1432 605 πληρουμένης
1459 535 1541 590 ἀν’
1568 536 1688 599 ἔτος
1716 533 1878 606 ὑγροῦ

2062 532 2188 603 Agit
2218 533 2284 586 de
2301 532 2448 589 fonte
2473 532 2611 603 (Μ),
2646 532 2737 602 qui
2762 532 2988 587 humido
3016 532 3311 601 quotannis
3335 547 3469 591 auro
3490 536 3562 589 ita

294 623 547 695 χρυσίου,
584 624 646 689 ἐξ
683 618 752 695 ἧς
779 625 974 679 ἑκατὸν
1002 626 1197 696 πρόχοι
1218 628 1263 659 ⁸⁸
1311 628 1624 697 ὸστράκινοι
1658 629 1741 681 ἀν’
1766 628 1878 693 ἔτος

1993 624 2303 692 impleatur,
2340 633 2398 678 ut
2445 633 2663 679 centum
2694 640 2761 677 ex
2785 638 2851 679 eo
2875 626 3023 679 urcei
3056 624 3249 679 iietiles
3287 625 3413 679 anni
3437 640 3565 695 spa-

292 715 559 783 ἀρύοντάι
582 732 596 745 ο
633 716 990 790 ὀστρακίνρυς
1014 718 1070 772 δὲ
1098 718 1179 771 δεῖ
1205 714 1363 781 εἶναι,
1395 720 1521 774 ἐπεὶ
1549 723 1822 790 πήγνυται
1856 723 1878 775 ὁ

1989 717 2065 772 tio
2089 717 2431 771 hauriantur.
2470 716 2692 772 Fictiles
2730 726 2911 772 autem
2944 732 3069 772 esse
3098 732 3290 771 ureeos
3312 726 3566 787 propter-

291 782 495 877 χρυσὸς
561 782 968 879 ἀπαρυόμενδς,
1022 812 1116 865 καὶ
1140 813 1356 883 ἀνάγκη
1395 814 1456 867 τὸ
1498 782 1721 884 ἀγγείον
1750 816 1878 885 θλᾷν

1989 824 2053 864 ea
2101 819 2375 877 oportere,
2407 809 2547 878 quod
2600 808 2849 863 haustum
2886 824 3007 862 mox
3035 807 3176 880 45b
3211 782 3568 863 aurum-cou-

290 900 391 953 καὶ
412 899 592 964 οὕτως
647 902 938 971 ἐξαγαγεῖν
966 905 1014 937 ³⁸
1046 905 1231 959 αὐτόν.
1269 906 1335 959 Ἦ
1371 907 1429 961 δὲ
1480 910 1656 979 κρήνη
1686 911 1883 980 τετρά-

290 993 469 1059 γωνός
517 996 689 1059 ἐστιν,
744 996 1042 1051 ἑκκαίδεκα
1088 999 1186 1068 μὲν
1220 1000 1413 1070 πηχῶν
1450 1002 1485 1072 ἡ
1524 1001 1878 1073 περίμετρος,

289 1085 353 1137 τὸ
394 1086 454 1138 δὲ
509 1087 677 1157 βάθος
728 1088 959 1158 ὀργυιά·
1005 1091 1212 1160 ἑκάστη
1265 1092 1323 1144 δὲ
1366 1092 1574 1165 προχοὴ
1614 1093 1881 1149 τάλαντον

289 1175 463 1230 ἕλκει.
505 1179 617 1231 Καὶ
645 1181 775 1250 περὶ
802 1180 898 1233 τοῦ
922 1182 981 1234 ἐν
1013 1181 1091 1252 τῷ
1148 1183 1382 1254 πυθμένι
1426 1185 1528 1254 τῆς
1557 1186 1766 1257 κρήνης
1796 1204 1877 1240 σι-

289 1267 482 1337 δήρου,
514 1270 574 1336 ἐξ
598 1264 660 1323 οὗ
688 1270 785 1324 καὶ
812 1271 905 1324 δύο
931 1272 1059 1342 ξίφη
1084 1274 1331 1344 Κτησίας
1362 1277 1528 1345 φησὶν
1556 1279 1873 1347 ἐσχηκέναι,

289 1359 348 1412 ἓν
370 1363 527 1433 παρὰ
563 1363 829 1433 βασιλέως
859 1366 956 1418 καὶ
982 1366 1045 1419 τὸ
1065 1366 1195 1421 ἄλλο
1222 1368 1268 1400 ’⁷
1298 1368 1451 1436 παρὰ
1483 1369 1581 1439 τῆς
1610 1370 1704 1422 τοῦ
1721 1372 1879 1440 βασι-

289 1452 427 1518 λέως
479 1459 689 1527 μητρὸς
744 1460 1141 1528 Παρυσάτιδος.
1171 1462 1310 1530 Φησὶ
1340 1462 1395 1514 δὲ
1433 1462 1563 1532 περὶ
1600 1463 1765 1517 αὐτοῦ
1794 1466 1878 1517 ὅτι

287 1547 643 1618 πηγνύμενος
670 1550 729 1602 ὲν
760 1554 826 1622 τῇ
858 1554 929 1622 γῇ
961 1551 1159 1621 νέφους
1199 1552 1295 1607 καὶ
1325 1553 1566 1623 χαλάζης
1597 1555 1694 1606 καὶ
1731 1572 1877 1626 πρη-

290 1640 510 1709 στήρων
532 1641 679 1693 ἐστὶν
712 1643 1083 1715 ἀποτρόπαιον
1105 1644 1152 1675 ⁸⁸
1179 1660 1194 1675 ⁸
1230 1646 1324 1698 καὶ
1355 1645 1481 1698 ἰδεῖν
1512 1646 1676 1699 αὐτὸν
1702 1646 1878 1701 ταῦτά

292 1749 426 1804 φησι
461 1732 726 1803 βασιλέως
757 1736 837 1799 δὶς
873 1737 1223 1808 ποιήσαντος.

357 2002 501 2072 Περὶ
531 2003 646 2058 τῶν
674 2005 855 2059 κυνῶν
883 2008 993 2061 τῶν
1023 2007 1286 2076 Ἰνδικῶν,
1310 2008 1391 2063 ὅτι
1421 2011 1672 2080 μέγιστοί
1713 2014 1875 2080 εἰσιν,

285 2092 358 2155 ὡς
388 2092 493 2145 καὶ
550 2094 726 2148 λέοντι
758 2097 1047 2166 μάχεσθαι.
1080 2101 1216 2171 Περὶ
1253 2101 1363 2154 τῶν
1399 2102 1543 2172 ὀρῶν
1570 2104 1681 2157 τῶν
1714 2107 1880 2176 μεγά-

286 2185 410 2252 λων,
447 2186 512 2251 ἐξ
535 2181 610 2242 ὧν
639 2190 674 2257 ἦ
707 2207 767 2242 τε
816 2192 996 2262 σαρδὼ
1024 2192 1320 2262 ὀρύσσεται
1345 2195 1440 2247 καὶ
1463 2196 1512 2248 oi
1556 2196 1749 2265 ὄνυχες
1778 2199 1875 2251 καὶ

286 2282 341 2333 αἱ
372 2281 540 2334 ἄλλαι
570 2283 889 2353 σφραγῖδες.
908 2284 1032 2338 Ὅτι
1062 2284 1196 2338 ἀλέα
1216 2285 1408 2356 πολλὴ,
1440 2287 1537 2343 καὶ
1563 2289 1645 2340 ὅτι
1666 2290 1693 2341 ὁ
1722 2289 1875 2360 ἣλιος

288 2369 678 2426 δεκαπλασίων
725 2372 787 2425 τὸ
843 2373 1071 2443 μέγεθος
1110 2376 1143 2444 ἢ
1200 2376 1259 2429 ὲν
1282 2379 1403 2438 ταῖς
1448 2377 1637 2441 ἄλλαις
1666 2381 1874 2450 χώραις

288 2461 453 2525 αὐτὸς
482 2464 683 2516 ἑαυτοῦ
705 2465 978 2532 φαίνεται,
1009 2468 1105 2519 καὶ
1134 2468 1320 2522 πολλοὶ
1335 2469 1571 2523 ἐνταῦθα
1593 2471 1669 2542 τῷ
1692 2473 1873 2541 πνίγει

288 2554 629 2621 φθείρονται.
672 2558 780 2610 Καὶ
814 2558 1087 2614 θάλασσάν
1118 2578 1281 2631 φησιν
1308 2562 1500 2616 αὐτόθι
1536 2564 1688 2617 οὐδὲν
1716 2565 1871 2618 ἐλατ-

287 2642 373 2699 τόν
402 2648 454 2679 ’³
483 2648 587 2717 τῆς
630 2648 949 2720 Ἑλληνικῆς
968 2668 982 2682 ⁸
1010 2653 1071 2704 τὸ
1103 2652 1162 2705 δὲ
1194 2653 1308 2707 ἄνω
1332 2654 1502 2725 αὐτῆς
1529 2656 1633 2719 ἓως
1669 2660 1871 2712 τεσσά-

291 2753 393 2805 ρων
424 2738 715 2792 δακτύλωψ
764 2741 962 2810 θερμὸν
1021 2739 1185 2808 εἶναι,
1238 2745 1381 2799 ὥστε
1443 2746 1517 2815 μὴ
1560 2748 1716 2816 ἰχθὺν
1769 2748 1871 2818 ζῇν

289 2830 753 2897 προσπελάσαντα
816 2834 895 2904 τῷ
955 2835 1180 2909 θερμῷ,
1234 2838 1369 2892 ἀλλὰ
1423 2841 1669 2896 κάτωθεν
1727 2842 1870 2899 διαι-

288 2922 507 2978 τᾶσθαι.

354 3097 481 3153 Ὅτι
544 3101 575 3154 ὁ
616 3100 778 3167 Ἰνδὸς
833 3106 1081 3175 ποταμὸς
1125 3109 1263 3178 ῥέων
1308 3111 1397 3167 διὰ
1456 3117 1653 3171 πεδίων
1682 3118 1777 3172 καὶ
1801 3119 1871 3174 δι’

1986 912 2223 969 crescat,
2284 910 2345 957 ut
2399 903 2466 955 ad
2533 900 2663 955 illud
2700 900 3038 957 educendum
3082 915 3176 955 vas
3231 900 3407 969 ipsum
3438 915 3565 954 con-

1986 991 2227 1061 fringere
2254 1007 2479 1048 necesse
2502 993 2591 1047 sit.
2621 989 2847 1048 Fontem
2893 995 3069 1061 ipsum
3098 992 3421 1061 quadratum
3442 1005 3566 1046 esse

1983 1082 2173 1147 refert,
2207 1082 2441 1138 sedecim
2470 1083 2774 1138 cubitorum
2817 1083 3023 1138 ambitu
3071 1084 3348 1150 uniusque
3378 1081 3565 1134 altitu-

1984 1175 2110 1243 dine
2141 1193 2157 1228 :
2197 1175 2425 1246 singulis
2457 1190 2621 1245 porro
2645 1175 2825 1229 urceis
2850 1174 3058 1243 singula
3092 1174 3293 1228 talenta
3323 1175 3437 1226 auri
3466 1188 3565 1226 ex-

1984 1268 2149 1321 tralii.
2172 1267 2248 1321 De
2264 1266 2429 1331 ferro,
2458 1268 2603 1336 quod
2623 1267 2673 1321 in
2699 1266 2860 1332 hujus
2894 1266 3059 1321 fontis
3077 1265 3245 1319 fundo
3270 1264 3559 1331 reperitur,

1980 1374 2045 1413 ex
2070 1374 2178 1428 quo
2192 1360 2324 1413 duos
2355 1372 2417 1412 se
2447 1359 2705 1413 habuisse
2744 1358 3032 1426 aliquando
3057 1358 3262 1427 gladios
3297 1358 3410 1425 ipse
3435 1357 3565 1411 Cte-

1981 1453 2091 1506 sias
2128 1458 2542 1515 commemorat,
2610 1467 2775 1503 imuln
2809 1466 2837 1502 a
2874 1466 2995 1519 rege
3042 1450 3183 1520 (25),
3243 1450 3476 1503 alterum
3533 1466 3561 1500 a

1980 1543 2299 1614 Parysatide
2319 1542 2461 1612 regis
2493 1542 2663 1612 ipsius
2707 1552 2883 1596 matre
2928 1543 3028 1597 sibi
3066 1544 3347 1596 donatum.
3409 1539 3562 1593 Ferri

1978 1643 2163 1688 autem
2199 1632 2359 1700 huius
2393 1648 2511 1688 eam
2543 1649 2664 1689 esse
2692 1634 2826 1701 villi,
2850 1642 2910 1688 ut
2959 1633 3011 1686 in
3049 1642 3247 1687 terram
3272 1633 3563 1702 depactuln

1980 1724 2226 1791 nebulas,
2282 1732 2337 1778 et
2367 1724 2685 1792 grandines,
2744 1724 3102 1794 tnrhillesque
3161 1732 3391 1786 avertat,
3458 1723 3565 1777 hoc

1978 1817 2143 1873 semel
2168 1833 2225 1871 se
2249 1816 2557 1887 iterumque
2586 1817 2809 1884 vidisse,
2852 1832 2980 1872 cuin
3038 1832 3134 1871 rex
3178 1817 3295 1885 ipse
3332 1815 3450 1887 ejus
3482 1818 3560 1872 rei

1908 1890 1950 1943 Β
1983 1909 2278 1980 periculum
2312 1906 2546 1963 faceret.

2059 1999 2135 2054 De
2157 1999 2389 2055 canibus
2438 1997 2637 2055 Indicis
2683 1998 2797 2069 (26)
2859 2008 3024 2054 tantae
3053 1999 3465 2069 magnitudinis,
3500 2010 3562 2052 ut

1977 2109 2099 2149 eum
2124 2093 2257 2162 ipsis
2287 2109 2505 2165 quoque
2547 2094 2797 2150 leonibus
2849 2105 3123 2149 certamen
3212 2095 3418 2149 ineant.
3484 2094 3561 2149 lic

1976 2186 2314 2257 magnisillis
2350 2187 2649 2255 montibus,
2718 2202 2783 2240 ex
2821 2189 3018 2254 quibus
3053 2202 3175 2242 cum
3203 2186 3388 2251 sardo,
3444 2195 3560 2239 tuin

1974 2277 2217 2346 ouyches
2247 2278 2436 2340 etiam,
2474 2287 2639 2348 atque
2669 2278 2789 2331 alite
2815 2292 3042 2345 gemmae
3073 2276 3423 2346 elfodiuntur.
3469 2275 3562 2330 lli-

1975 2378 2192 2437 gentem
2220 2369 2329 2425 illic
2360 2371 2552 2424 saevire
2582 2383 2794 2431 aesunn.
2860 2370 3145 2437 solemque
3200 2370 3372 2438 ipsum
3398 2370 3563 2422 decu-

1974 2463 2062 2533 plo
2084 2478 2245 2532 quam
2290 2463 2343 2517 in
2397 2457 2518 2517 aliis
2572 2464 2884 2531 regionibus
2936 2461 3195 2530 majorem
3253 2462 3461 2515 videri:
3496 2474 3563 2514 ac

1975 2555 2176 2610 multos
2201 2555 2257 2609 in
2289 2570 2350 2609 ea
2387 2556 2610 2624 regione
2646 2556 2906 2610 mortales
2944 2564 3077 2610 aestu
3119 2553 3441 2625 praefocatos
3467 2570 3560 2609 ex-

1971 2648 2192 2717 stingui.
2221 2647 2368 2703 Mare
2398 2648 2471 2703 ibi
2499 2648 2850 2703 nihilominus
2866 2664 3028 2715 quam
3048 2648 3293 2703 Graecum
3328 2648 3452 2702 ﬂatu
3479 2656 3563 2700 tu-

1975 2756 2123 2794 mere
2146 2755 2159 2790 :
2188 2754 2315 2793 vero
2338 2740 2387 2793 id
2407 2740 2459 2792 in
2483 2755 2715 2805 summo,
2739 2740 2804 2792 ad
2819 2748 3050 2808 quatuor
3074 2754 3246 2808 usque
3267 2740 3561 2809 digitorum

1972 2833 2335 2896 altitudinem,
2366 2830 2631 2885 fervidum
2650 2846 2771 2887 esse
2793 2850 2806 2896 ;
2831 2834 3073 2902 adeoque
3102 2833 3445 2902 piscesjilxta
3465 2848 3524 2885 ea
3539 2860 3560 2872 -

1971 2927 2139 2982 loreln
2156 2925 2303 2979 illiilli
2325 2925 2501 2978 vivere
2515 2925 2659 2977 nullo
2674 2927 2831 2979 modo
2844 2925 3119 2994 posse,sed
3138 2927 3189 2979 in
3207 2925 3557 2994 imisdegere.

2045 3013 2233 3069 Indum
2284 3013 2506 3067 ﬂuvium
2545 3030 2640 3083 per
2697 3017 3025 3084 campestria
3074 3015 3337 3079 delatum,
3411 3018 3561 3084 ipsos

1972 3123 2188 3178 quoque
2228 3105 2730 3171 lliontesinterlabi,
2768 3107 2822 3161 in
2862 3107 3037 3176 iisque
3074 3106 3208 3160 locis
3235 3105 3384 3159 nasci
3418 3105 3559 3158 cala-

290 3188 458 3295 ὀρὲων
475 3192 588 3262 ῥεῖ,
616 3193 676 3246 ἐν
722 3188 804 3258 οἷς
851 3198 996 3251 καὶὸ
1030 3199 1323 3269 λεγόμενος
1365 3205 1583 3272 Ἰνδικὸς
1626 3211 1875 3282 κάλαμος

1982 3220 2127 3257 nium
2158 3201 2293 3273 (27),
2333 3216 2493 3271 quem
2526 3199 3003 3262 vocantlndicliln,
3056 3207 3219 3253 tanta:
3244 3196 3563 3251 crassitudi-

292 3281 507 3349 φύεται,
538 3284 737 3377 πάχος
768 3288 869 3358 μὲν
901 3290 1025 3343 ὅσον
1049 3292 1194 3346 δύω¹
1231 3295 1391 3367 ἄνδρε
1424 3308 1881 3377 περιωργυιωμέ-

293 3390 370 3426 vat
398 3376 779 3446 περιλάϐοιεν,
817 3381 877 3434 τὸ
905 3382 964 3435 δὲ
1007 3383 1141 3451 ὕψος
1167 3387 1288 3441 ὅσον
1329 3394 1663 3464 μυριοφόρου
1700 3399 1721 3428 ³
1747 3376 1886 3461 νεὼς

294 3466 438 3530 ίστὸς
460 3483 477 3498 ·
503 3469 617 3521 εἰσὶ
647 3472 738 3523 καὶ
764 3471 843 3525 ἔτι
898 3475 1121 3543 μείζους
1150 3480 1244 3531 καὶ
1273 3481 1549 3548 ἐλάττους,
1575 3487 1719 3552 οἴους
1739 3492 1887 3556 εἰκὸς

293 3556 348 3607 ἐν
368 3558 486 3628 δρει
515 3561 763 3647 μεγάλω.
782 3560 1002 3618 Εἷναιδὲ
1023 3568 1132 3619 τῶν
1146 3568 1408 3639 καλάμων
1433 3574 1529 3626 κοιλ⁹
1545 3574 1779 3647 ἄρρενας
1791 3581 1885 3634 καὶ

295 3648 539 3720 θηλείας.
566 3653 625 3705 ’0
641 3640 742 3723 μὲν
756 3655 848 3709 οὖν
870 3658 1047 3729 άρῤην
1061 3661 1383 3734 ἐντεριώνην
1400 3664 1499 3716 οὐκ
1517 3640 1629 3736 ἔχει
1650 3669 1744 3722 καὶ
1771 3670 1884 3724 ἔστι

296 3742 466 3813 κάρτα
484 3745 728 3816 ἰσχυρὸς,
743 3747 775 3815 ή
788 3746 843 3800 δὲ
860 3747 1048 3819 θήλεια
1068 3751 1316 3821 ἕχει.Καὶ
1330 3755 1559 3824 περὶτοῦ
1580 3766 1885 3832 μαρτιχόρα

294 3833 382 3885 τοῦ
410 3837 467 3887 ἐν
501 3836 692 3900 αὐτοῖς
718 3837 868 3903 ὄντος
893 3840 1106 3911 θηρίου,
1134 3843 1207 3905 ὡς
1238 3844 1297 3896 τὸ
1330 3848 1624 3915 πρόσωπον
1641 3851 1832 3914 ἐοικὼς
1858 3852 1880 3883 ³

297 3926 579 3997 ἀνθρώπῳ
616 3928 847 3999 μέγεθος
873 3932 972 4002 μέν
1002 3937 1148 3988 ἐστιν
1176 3935 1368 4008 ὥσπερ
1402 3939 1561 4006 λέων,
1594 3946 1689 3995 xui.
1716 3945 1883 4014 χρόαν

296 4017 525 4089 ἐρυθρὸς
549 4019 623 4082 ὡς
650 4021 957 4094 κιννάόαρι,
994 4023 1120 4095 [145
1147 4026 1237 4098 IL]
1275 4029 1537 4099 τρίστιχοι
1563 4032 1617 4085 δὲ
1636 4034 1878 4100 ὀδόντεςο

295 4106 403 4162 ὦτα
430 4110 489 4163 δὲ
518 4109 709 4183 ὥσπερ
760 4113 1073 4185 ἀνθρώπου,
1126 4121 1218 4171 καὶ
1256 4120 1573 4191 ὀφθαλμοὺς
1610 4124 1883 4193 γλαυκοὺς

295 4199 515 4269 ὁμοίους
546 4203 841 4277 ἀνθρώπῳ,
870 4209 967 4277 τὴν
1000 4209 1055 4261 δὲ
1088 4211 1288 4279 κέρκον
1313 4214 1424 4282 ἔχει
1454 4216 1682 4287 οἵανπερ
1716 4235 1882 4287 σκορ-

296 4291 411 4354 πίος
438 4293 470 4345 δ
506 4294 850 4377 ἠπειρώτης,
880 4294 996 4371 ὲνῇ
1028 4301 1121 4353 καὶ
1158 4302 1219 4354 τὸ
1265 4304 1489 4375 κέντρον
1538 4307 1675 4377 ἔχει,
1708 4311 1880 4379 μείζω

296 4382 652 4454 ὑπάρχουσαν
674 4387 695 4417 ⁸
718 4389 919 4459 πήχεος
947 4391 989 4443 ⁵.
1024 4393 1175 4464 Ἔχει
1208 4394 1262 4447 δὲ
1294 4396 1390 4448 καὶ
1430 4400 1494 4449 ἐκ
1523 4399 1754 4465 πλαγίου
1779 4403 1880 4473 τῆς

296 4477 497 4549 κέρκου
530 4480 661 4535 ἔνθα
694 4484 791 4536 καὶ
841 4484 969 4537 ἔνθα
998 4485 1218 4554 κέντρα.
1254 4489 1367 4559 ἔχει
1402 4490 1457 4542 δὲ
1488 4492 1581 4543 καὶ
1605 4494 1690 4545 ἐπ’
1723 4495 1879 4566 ἄκρῳ

1991 3295 2097 3360 nis,
2155 3304 2419 3364 quantam
2450 3293 2558 3347 duo
2610 3293 2774 3347 simul
2817 3294 3067 3348 homines
3124 3290 3383 3360 expansis
3418 3288 3562 3341 ulnis

1989 3385 2277 3455 complecti
2305 3386 2533 3453 possint,
2559 3384 2862 3440 altitudinis
2883 3399 3033 3449 vero,
3086 3394 3286 3453 quanta
3323 3391 3409 3463 est
3434 3380 3563 3435 mali

1988 3480 2224 3550 ingentis
2246 3479 2514 3534 onerariae
2535 3478 2713 3534 navis.
2746 3477 2879 3531 Esse
2912 3488 3094 3531 tamen
3118 3477 3261 3530 inter
3291 3475 3391 3530 llos
3411 3473 3563 3530 cala-

1989 3587 2108 3627 mos
2140 3571 2377 3641 majores
2408 3571 2778 3639 lllinoresquc,
2832 3569 3290 3639 quemadmodum
3346 3570 3399 3622 in
3447 3583 3563 3621 ma-

1992 3680 2098 3733 gno
2205 3663 2389 3728 aliquo
2465 3669 2647 3715 monte
2724 3663 2975 3716 accidere
3047 3662 3207 3716 solet.
3288 3661 3346 3715 In
3442 3675 3561 3713 ma-

1989 3770 2104 3809 rem
2133 3754 2260 3809 item
2316 3753 2682 3822 feminamque
2728 3756 2945 3808 eosdem
2984 3754 3267 3821 distingui,
3309 3762 3363 3807 et
3412 3752 3560 3805 illum

1987 3849 2204 3918 quidem
2244 3849 2534 3902 admodum
2594 3861 2713 3901 esse
2760 3846 2994 3898 validum
3047 3861 3112 3899 ac
3159 3846 3394 3910 lirmuni,
3446 3843 3564 3898 sine

1986 3942 2243 4005 medulla,
2315 3957 2477 4010 qualn
2548 3952 2725 3994 tamen
2786 3941 2980 3994 habeat
3053 3938 3277 3991 femina.
3334 3938 3410 3991 De
3477 3951 3566 3991 re-

1986 4032 2163 4103 gionis
2200 4033 2343 4087 illius
2366 4031 2584 4085 animali
2631 4032 2817 4086 scribit
2863 4031 3191 4086 marticliora
3237 4030 3557 4101 (“28)dicto:

1986 4128 2280 4181 humanum
2314 4126 2363 4178 ill
2396 4126 2599 4180 referre
2644 4126 2885 4191 vultum,
2937 4126 3109 4181 leonis
3165 4126 3559 4191 magnitudine,

1983 4216 2163 4272 colore
2184 4216 2499 4271 cinnabaris
2524 4216 2579 4269 in
2611 4217 2829 4270 modum
2862 4217 3114 4273 rubente.
3163 4217 3454 4284 Tripliceui
3485 4218 3559 4269 illi

1983 4322 2105 4362 esse
2138 4308 2381 4363 dentium
2418 4307 2690 4374 ordinem,
2747 4323 2906 4363 aures
2954 4308 3210 4364 humanis
3239 4308 3467 4372 similes,
3505 4315 3562 4362 et

1982 4397 2173 4453 oculos
2199 4412 2352 4465 atque
2385 4409 2572 4453 nostro
2597 4412 2749 4453 more
2780 4398 3021 4467 glaucos,
3055 4400 3278 4452 caudam
3302 4400 3426 4452 item
3462 4412 3563 4451 cli-

1982 4490 2137 4546 bitali
2176 4490 2435 4558 majorem
2466 4491 2686 4555 habere,
2723 4490 2937 4559 qualem
2981 4474 3225 4559 scorpius
3257 4489 3558 4554 terrestris,

298 4568 484 4641 ὥσπερ
522 4573 784 4643 σκορπίος
811 4577 1053 4648 κέντρον.
1077 4581 1187 4632 Καὶ
1219 4581 1394 4651 τούτῳ
1427 4583 1546 4653 μὲν,
1579 4584 1676 4637 ἐὰν
1703 4604 1874 4656 προσ-

1981 4586 2032 4639 in
2059 4602 2165 4654 qua
2194 4595 2250 4640 et
2276 4585 2518 4650 aculeus,
2582 4576 2909 4654 etsialioqui
2944 4585 3031 4638 illa
3062 4601 3157 4657 per
3183 4595 3558 4638 transversum

299 4660 422 4733 ἐλθη
453 4680 563 4727 τις,
597 4669 778 4719 κεντεῖ
803 4669 882 4737 τῷ
908 4670 1144 4741 κέντρῳ,
1163 4672 1257 4724 καὶ
1292 4673 1510 4737 πάντως
1538 4676 1567 4727 ὁ
1593 4677 1877 4749 κεντηθεὶς

298 4752 671 4827 ἀποθνήσκει·
734 4759 832 4812 ἐὰν
881 4760 938 4813 δέ
992 4779 1076 4824 τις
1121 4763 1405 4832 πόρρωθεν
1453 4766 1696 4835 μάχηται
1735 4769 1876 4838 πρὸς

299 4845 477 4913 αὐτὸν,
508 4850 607 4903 καὶ
632 4849 941 4923 ἔμπροσθεν
981 4854 1130 4918 ίστάς
1184 4855 1283 4923 τὴν
1311 4855 1476 4925 οὐρὰν
1518 4858 1708 4928 ὥσπερ
1765 4860 1873 4911 ἀπὸ

299 4937 450 5003 τόξου
482 4940 671 5012 βάλλει
714 4948 827 5009 τοῖς
849 4946 1116 5018 κέντροις,
1161 4948 1257 5001 καὶ
1290 4947 1512 5001 ὄπισθεν
1538 4950 1625 5002 ἐπ’
1655 4950 1871 5014 εὐθείας

1982 4675 2147 4728 etiam
2182 4674 2354 4743 spinis
2380 4689 2570 4743 aspera
2591 4674 2683 4728 sit.
2706 4675 2971 4729 Aculeum
2996 4675 3122 4727 item
3149 4675 3199 4727 in
3234 4677 3436 4743 vertice
3462 4689 3558 4744 ge-

1982 4782 2127 4832 rere,
2152 4776 2209 4821 ut
2242 4770 2513 4837 scorpius,
2552 4782 2725 4836 eoque
2758 4767 3078 4820 accedentes
3104 4767 3175 4819 ita
3206 4783 3465 4837 pungere,
3500 4775 3560 4821 ut

1983 4874 2085 4913 nec
2114 4868 2341 4914 mortem
2375 4858 2487 4914 ullo
2536 4871 2716 4925 pacto,
2767 4860 3078 4928 quicunque
3108 4874 3396 4928 percussus
3438 4860 3557 4916 l'tie-

1985 4953 2077 5018 rit,
2118 4954 2348 5008 evadere
2368 4955 2562 5023 possit.
2622 4949 2741 5005 Jaln
2775 4952 2818 5006 si
2851 4951 2975 5021 quis
3006 4954 3219 5007 eminus
3269 4968 3393 5009 cuin
3457 4953 3559 5007 hoc

1559 5064 1791 5119 νΑΒΙίΕ
1848 5065 2151 5122 LECTION
2160 5068 2265 5123 ES.

369 5168 419 5199 "
447 5171 680 5244 προχοαὶ¹
725 5190 789 5244 ςἶ
872 5174 919 5207 9⁸
944 5174 1159 5244 ἐξάγειν

303 5237 321 5266 ¹
356 5237 746 5313 μυριαμφόρου
770 5237 998 5301 Ιιοὺιεοιςξ
1023 5237 1088 5302 ad
1116 5237 1393 5320 Phi'ylliCh
1421 5266 1472 5319 p.
1512 5252 1635 5306 662.

1194 5195 1254 5241 ς.
1332 5179 1376 5210 ⁹⁷
1408 5179 1468 5232 τὸ
1488 5180 1616 5233 ἄλλο
1638 5180 1683 5233 Α
1715 5199 1728 5235 :
1765 5180 1823 5233 ἓν
1850 5200 1912 5248 ς.

1712 5253 1733 5284 ³
1754 5254 1931 5318 ἐοικὸς
1960 5272 2020 5320 ς.

1992 5184 2039 5216 ⁸⁸
2071 5184 2439 5249 ἁποτρόπαιος
2470 5203 2531 5250 ς.
2608 5185 2653 5218 ⁹⁹
2706 5193 2925 5252 praestat
2977 5186 3231 5240 ἐλάττονα
3306 5188 3324 5219 ¹
3354 5183 3448 5239 δύο
3494 5204 3557 5252 ς.

2098 5258 2119 5287 δ
2145 5255 2458 5325 ὑπάρξουσα
2495 5274 2557 5321 ς.
2634 5257 2655 5288 ⁸
2688 5260 2907 5328 πήχεως
2931 5275 2991 5323 ς.

1804 5372 2048 5431 NOTAE.

308 5452 681 5576 “(ﬁgngalsa
695 5456 810 5512 haec
832 5472 952 5513 esse
974 5460 1051 5513 ait
1074 5458 1504 5519 Pliilostrat.lib.
1557 5479 1616 5518 ιιι
1655 5463 1726 5518 De
1759 5467 1870 5520 vita

350 5541 587 5590 pouomt.

365 5594 480 5670 (ἓξ)
514 5597 817 5670 A_r_taxerxe
840 5598 934 5670 τῷ
976 5599 1281 5656 Mnemone.

373 5663 487 5745 (26)
518 5663 974 5745 @liauumdege,
1148 5687 1197 5724 iv
1254 5671 1330 5725 De
1366 5672 1589 5727 animal.
1625 5688 1746 5744 cap.
1782 5675 1872 5742 19,

309 5738 394 5806 qui
421 5749 518 5788 sua
552 5738 678 5790 liilic
715 5738 969 5806 petivisse
999 5741 1234 5795 videtur.

313 5871 326 5882 ,
379 5804 877 5885 (2?)_3_Ar_t_i:ndini
935 5810 1417 5885 indicxﬂarborea
1489 5813 1805 5883 amplitudo,
1848 5834 1868 5867 ι

314 5875 483 5942 inquit
510 5875 649 5933 Plin.
673 5877 771 5936 lib.
800 5894 913 5948 xvr,
946 5896 1067 5952 cap.
1118 5881 1209 5951 36,
1248 5899 1356 5953 quo
1405 5896 1480 5954 te,
1533 5875 1728 5953 lector,
1787 5875 1873 5943 rc-

1982 5468 2155 5523 mitto.

2052 5539 2167 5610 (28)
2199 5538 2264 5593 Et
2286 5539 2388 5593 hoc
2412 5556 2535 5595 esse
2565 5542 2906 5597 mendacium
2923 5542 3034 5594 vult
3056 5540 3316 5596 Philostr.
3344 5543 3551 5598 Elian.

1980 5608 2076 5663 lib.
2102 5624 2176 5671 iv,
2204 5610 2279 5664 De
2305 5612 2527 5680 animal.
2551 5628 2670 5679 cap.
2694 5612 2786 5675 2|,
2811 5623 3093 5680 postquam
3114 5614 3297 5668 multis
3319 5617 3384 5667 ile
3408 5615 3559 5667 Man~

1981 5680 2191 5749 lichora
2217 5681 2350 5749 egit,
2383 5696 2548 5748 penes
2563 5681 2800 5736 Ctesialli
2833 5683 2987 5734 lilleul
3021 5684 3259 5735 omnium
3278 5699 3399 5739 esse
3416 5686 3554 5737 vult.

1979 5748 2310 5819 Meininitet
2345 5750 2582 5806 Pausan.
2614 5753 2769 5819 hujus
2792 5751 3058 5805 Ctesiana‘
3112 5754 3445 5807 narrationis
3503 5756 3558 5808 ili

1977 5817 2201 5892 Bwotic.
2233 5817 2374 5874 Plin.
2404 5822 2557 5883 item,
2585 5817 2696 5876 libf
2731 5838 2848 5887 vui,
2888 5837 3006 5891 cap.
3066 5820 3157 5888 21,
3221 5825 3363 5891 apud
3419 5839 3556 5892 quos

1977 5889 2313 5945 mantichora
2353 5892 2571 5956 legitur.
