4092 6432
526 371 638 441 215

1688 382 1954 443 ΡΗΟΤΙΙ
1988 379 2496 443 PATRIARCHIE
2529 379 2635 440 (ΖΡ.

3689 370 3799 439 216

526 481 753 543 animali
778 499 1013 558 pugnam
1062 485 1232 553 ineat,
1281 486 1426 561 ﬁsa
1454 504 1562 545 non
1598 489 1780 547 minus
1833 494 1900 547 ab
1949 504 2091 548 ante-

2206 489 2532 546 ἀποτείνων.
2566 486 2759 545 Bm“
2812 485 2869 540 δι
2926 486 3054 540 ὅσον
3084 483 3322 557 πλέθρον
3354 499 3437 549 ε.ς
3464 482 3664 557 μῆκος,
3697 485 3797 539 καὶ

490 587 501 651 ι
528 578 661 632 riori
688 576 816 631 illud
847 588 1003 647 parte
1032 581 1258 634 caudam
1280 584 1687 650 prietendendo,
1715 584 1841 640 inde
1866 585 2009 641 velut
2034 587 2103 642 ab

525 684 656 723 arcu
687 670 919 724 emissas
946 673 1213 741 ‘sagittas,
1245 672 1464 728 aculeos
1495 690 1626 730 suos
1648 690 1907 746 spargere
1937 688 2103 747 atque

523 756 708 824 ferire,
746 774 906 827 quam
940 776 969 813 a
1006 762 1306 829 posteriore
1330 774 1483 833 parte
1537 777 1738 819 rectam
1777 766 1921 821 illam
1968 782 2099 837 pro-

524 850 815 913 tendendo,
836 851 902 903 ad
927 851 1099 921 ingeri
1136 860 1318 908 autem
1344 855 1578 925 spatium
1606 856 1859 925 jaculari,
1882 873 2101 915 omnes-

520 954 627 1009 que.
655 956 791 1009 quos
814 942 1060 1011 attigerit
1090 945 1399 1000 certissimo
1445 947 1772 1010 interficere.
1820 964 1929 1003 uno
1957 947 2102 1004 dun-

522 1041 673 1087 taxat
699 1046 931 1101 excepto
967 1036 1277 1106 elephante,
1338 1038 1485 1109 ipsos
1512 1055 1643 1095 vero
1666 1040 1884 1096 aculeos
1920 1041 2100 1111 pedali

519 1140 638 1181 esse
668 1126 1025 1196 longitudine,
1052 1131 1463 1201 tenuissimiqne
1487 1130 1630 1188 funis
1650 1132 1953 1189 latitudine.
1988 1134 2101 1187 Ad-

518 1218 598 1273 dit
628 1220 977 1288 martichora,
1001 1222 1207 1278 Graecis
1240 1224 1677 1295 άνθρωποφάγον
1733 1225 1807 1298 (id
1841 1236 1947 1291 cst,
1995 1226 2100 1281 hoc

518 1311 872 1383 minivornm)
898 1315 1234 1385 significare,
1266 1318 1407 1386 quod
1442 1318 1689 1374 homines
1722 1329 1780 1372 ut
1806 1319 2097 1388 plurimmn

518 1404 817 1471 interimat,
853 1416 1134 1476 voretque,
1196 1409 1299 1464 etsi
1326 1409 1449 1464 aliis
1503 1425 1723 1480 quoque
1767 1410 2096 1469 animalibus

2210 583 2414 647 πάντα,
2444 577 2528 644 οἷς
2550 580 2618 635 ἂν
2651 579 2791 651 βάλῃ
2807 579 2849 646 ⁸,
2884 579 3105 641 πάντως
3129 577 3468 641 ἀποκτείνει,
3486 576 3628 645 πλὴν
3661 575 3783 629 t1:-

2210 692 2433 747 φαντος.
2471 673 2556 727 Τὰ
2587 673 2647 727 δὲ
2675 673 2879 745 κέντρα
2911 671 3076 726 αὑτοῦ
3106 671 3227 724 ἐστὶ
3248 670 3310 724 τὸ
3336 669 3437 742 μιν
3468 670 3645 741 μῆκος
3672 670 3825 741 ὅσον,

2206 767 2447 832 ποδιαῖα,
2479 765 2542 819 τὸ
2567 764 2625 818 δὲ
2656 764 2859 829 πλάτος
2886 764 3009 818 ὅσον
3031 765 3241 834 σχοῖνος
3264 762 3612 826 λεπτότατος.
3638 761 3801 831 Μαρ-

2203 858 2396 930 τιχόρα
2449 857 2507 911 δὲ
2558 856 2866 928 Ἑλληνιστὶ
2934 854 3390 926 ἀνθρωποφάγου,
3449 854 3532 907 ὅτι
3565 853 3801 907 πλεῖστα.

2204 950 2379 1006 ἐσθίει
2431 949 2678 1022 ἀναιρῶν
2734 948 3090 1021 ἀνθρώπουςο
3132 945 3303 1002 ἐσθίει
3333 945 3390 999 δὲ
3423 945 3520 1001 καὶ
3552 943 3623 1014 τὰ
3658 944 3798 1001 ἄλλα

2207 1042 2349 1110 ζῶα.
2377 1044 2629 1115 Μάχεται
2678 1043 2737 1098 δὲ
2766 1044 2862 1097 καὶ
2896 1043 3013 1105 τοῖς
3041 1039 3190 1105 ὄνυξι
3224 1038 3322 1095 καὶ
3348 1042 3464 1103 τοῖς
3494 1038 3749 1111 κέντροις
3771 1052 3788 1069 ο

2202 1136 2275 1192 τὰ
2305 1137 2363 1190 δὲ
2395 1137 2601 1209 κέντρα
2633 1135 2800 1191 πάλιν
2831 1137 3018 1207 φησὶν,
3061 1134 3285 1189 ἐπειδὰν
3319 1130 3793 1203 ἑκτοξιυθῇ,ἀνα-

2207 1227 2465 1298 φύεσθαι.
2494 1229 2652 1283 Ἐστι
2678 1227 2736 1280 δὲ
2766 1226 2939 1280 πολλὰ
2966 1228 3024 1281 ὲν
3036 1228 3102 1298 τῇ
3131 1226 3354 1296 Ἰνδικῇ.
3379 1221 3799 1277 Ἀποκτείνουσι

2205 1318 2263 1372 δὲ
2287 1318 2429 1373 αὐτὰ
2458 1319 2573 1383 τοῖς
2595 1318 2854 1388 ἐλέφασιν
2891 1315 3251 1389 ἐποχούμενοι
3279 1313 3559 1386 ἄνθρωποι
3598 1312 3793 1367 κάκεῖ-

2208 1410 2300 1465 θεν
2332 1410 2638 1482 βάλλοντες.

516 1506 789 1553 vescatur.
851 1498 1132 1571 Unguibus
1154 1502 1315 1555 etiam
1350 1502 1452 1556 hoc
1488 1504 1718 1569 animal,
1755 1519 1865 1559 non
1891 1514 2099 1561 tantum
2135 1504 2339 1560 aculeis
2369 1520 2635 1576 pugnare,
2668 1515 2836 1577 atque
2862 1506 2964 1561 hos
2999 1502 3296 1574 iaculando
3343 1501 3577 1557 emissos
3618 1500 3791 1554 iden-

519 1591 682 1648 tidem
710 1596 945 1651 renasci.
989 1597 1236 1667 Magnam
1270 1600 1396 1654 item
1422 1615 1541 1655 esse
1561 1602 1752 1657 horum
1780 1603 2101 1659 animalium
2140 1603 2358 1676 copiam
2389 1604 2445 1660 in
2473 1604 2647 1672 India,
2679 1618 2854 1675 eaque
2883 1603 3007 1659 telis
3068 1602 3138 1657 ab
3202 1599 3513 1657 hominibus
3562 1594 3789 1660 conﬁci,

522 1707 642 1762 quae
673 1693 982 1763 elephantis
1024 1698 1164 1749 vecti
1194 1696 1246 1750 in
1296 1696 1425 1751 illud
1451 1708 1871 1768 contorqueaut.

586 1787 663 1842 De
692 1803 904 1842 summa
943 1787 1196 1844 lndormn
1222 1789 1451 1856 jnstitia,
1489 1794 1724 1863 itemque
1755 1795 1824 1851 de
1854 1798 2091 1854 moribus

2268 1798 2406 1869 Περὶ
2431 1795 2541 1851 τῶν
2564 1795 2656 1869 [68
2685 1793 2774 1867 IL]
2817 1793 3018 1861 Ἰνδῶν,
3049 1793 3131 1847 δτι
3153 1791 3507 1853 δικαιότατοι,
3527 1790 3625 1844 καὶ
3652 1787 3788 1861 περὶ

516 1895 581 1933 ac
625 1881 816 1936 ritibus
848 1896 1057 1936 eorum.
1099 1882 1171 1936 De
1201 1882 1314 1954 (‘29)
1351 1885 1468 1938 loco
1500 1886 1589 1939 illo
1619 1900 1800 1951 sacro,
1848 1903 2011 1957 quem
2044 1889 2091 1945 in

2206 1894 2317 1948 τῶν
2367 1893 2507 1947 ὲθῶν
2534 1891 2628 1945 καὶ
2679 1888 2930 1960 νομίμων
2960 1884 3162 1941 αὐτῶν.
3195 1883 3333 1954 Περὶ
3360 1880 3456 1935 τοῦ
3504 1879 3653 1952 ἱεροῦ
3688 1898 3791 1950 χω-

516 1980 694 2026 tractn
743 1972 1082 2028 inhabitabili
1112 1972 1228 2042 ejus
1260 1976 1495 2045 regionis
1535 1976 1635 2033 sub
1690 1980 1819 2034 solis
1854 1979 2091 2051 lunaeque

2211 1986 2327 2056 ρίου
2380 1983 2476 2038 τοῦ
2508 1985 2566 2037 έν
2598 1984 2667 2053 τῇ
2716 1979 2985 2048 ἀοικήτῳ,
3018 1973 3051 2029 ὃ
3101 1974 3189 2027 ἐπ’
3221 1973 3447 2043 ὀνόματι
3488 1970 3721 2041 τιμῶσιν
3760 1969 3785 1988 ⁸

516 2071 733 2122 nomine
775 2077 1145 2121 venerantur:
1178 2083 1285 2138 quo
1317 2072 1528 2124 nonnisi
1554 2072 1861 2139 quindecim
1889 2074 2097 2129 dierum

515 2160 709 2216 itinere
756 2176 788 2214 a
836 2160 1048 2217 Sardus
1094 2173 1279 2220 monte
1334 2166 1606 2234 perveniri
1658 2166 1857 2236 possit.
1915 2167 2096 2224 Solem

458 2248 461 2253 ’
514 2250 625 2306 illic
658 2252 817 2307 annis
850 2252 1078 2323 singulis
1104 2269 1200 2323 per
1229 2256 1344 2310 dies
1376 2257 1594 2324 triginta
1620 2259 1861 2327 quinque
1898 2258 2097 2315 lentius

516 2345 721 2398 urendo
744 2346 1088 2415 refrigerare.
1116 2362 1183 2403 ne
1212 2348 1419 2404 scilicet
1450 2350 1576 2405 dum
1594 2351 1875 2407 celebrant
1898 2352 2093 2409 festum

515 2448 581 2488 ac
623 2444 993 2506 revertuntur,
1022 2436 1185 2491 etiam
1219 2438 1538 2494 adurantur.
1564 2438 1676 2496 Nec
1698 2444 1961 2507 tonitrua,
1993 2458 2094 2499 nec

515 2524 750 2595 fulgura,
782 2542 881 2581 nec
916 2527 1128 2597 pluvias
1159 2529 1295 2585 ullas
1324 2532 1376 2585 in
1409 2530 1557 2587 India
1604 2548 1746 2600 esse,
1776 2534 1871 2590 sed
1904 2544 2095 2592 ventos

510 2616 651 2670 bene
697 2615 1008 2687 frequentes
1045 2634 1109 2673 ac
1153 2620 1418 2685 turbines,
1466 2624 1557 2690 qui
1603 2623 1769 2678 etiam
1820 2625 2092 2695 abripiant

509 2706 770 2777 qnidquid
815 2710 1295 2780 apprehenderint.
1352 2712 1530 2768 Solem
1564 2716 1830 2770 orientem
1882 2715 1937 2770 in
1973 2717 2091 2787 ple-

512 2799 697 2868 risque
737 2798 901 2856 lndia:
957 2801 1113 2868 locis,
1170 2802 1327 2859 alteri
1379 2805 1486 2860 diei
1531 2806 1669 2875 parti
1700 2807 1899 2877 frigus,
1930 2809 2089 2865 alteri

508 2891 887 2948 vehementem
906 2906 1097 2950 aestum
1133 2896 1328 2954 afferre
1356 2898 1491 2971 (50).
1536 2898 1649 2954 Non
1684 2917 1713 2955 a
1749 2902 1884 2965 sole,
1926 2903 2020 2958 sed
2058 2918 2088 2957 a

510 2996 703 3041 natura
732 2986 892 3044 Indos
939 3005 1059 3047 esse
1087 2992 1273 3064 nigros
1311 3012 1325 3048 :
1358 3008 1480 3050 esse
1500 2995 1645 3050 enim
1681 2996 1822 3051 inter
1853 2997 1976 3052 illos
2001 2997 2089 3050 vi.

509 3076 600 3134 ros
626 3083 888 3149 quosdam
922 3098 985 3138 ac
1010 3086 1409 3148 mulieres,etsi
1438 3088 1748 3157 pauciores,
1772 3103 1937 3158 supra
1964 3104 2087 3144 om-

2205 2079 2359 2150 ἡλίου
2387 2076 2482 2131 καὶ
2505 2075 2737 2145 σελήνης
2755 2089 2771 2106 ο
2798 2074 2854 2126 ἐν
2870 2064 2915 2139 ᾧ
2931 2068 3019 2124 διὰ
3037 2066 3098 2122 ιε’
3126 2065 3351 2138 ἡμερῶν
3375 2063 3484 2119 άπὸ
3505 2061 3599 2116 τοῦ
3624 2061 3789 2135 ὅρους

2204 2173 2302 2243 τῆς
2336 2166 2602 2241 σαρδοῦς⁸
2632 2184 2715 2230 τις
2742 2162 3129 2235 παραγίνεται.
3154 2159 3266 2212 Καὶ
3294 2159 3373 2212 ὅτι
3406 2155 3479 2209 λε’
3502 2154 3740 2226 ἡμέραις
3761 2154 3785 2185 ⁸

2201 2268 2230 2320 ὁ
2261 2265 2415 2337 ἥλιος
2451 2262 2614 2333 ψύχει
2662 2261 2844 2313 ἐκεῖσε
2873 2257 2966 2312 τοῦ
3014 2252 3264 2308 ἐνιαυτοῦ
3296 2252 3386 2305 διὰ
3436 2248 3537 2321 τὴν
3565 2246 3784 2319 ἑορτὴν,

2204 2359 2289 2413 ἵνα
2318 2360 2361 2391 ¹⁰
2391 2356 2650 2427 ἄφλεκτοι
2700 2352 2871 2421 αὐτὴν
2900 2349 3162 2403 τελέσωσι
3194 2344 3292 2399 καὶ
3342 2338 3780 2411 ὑποστρέψων.

2202 2453 2326 2507 Ὅτι
2354 2450 2574 2521 βροντα)⁸
2601 2448 2694 2501 καὶ
2730 2443 3010 2516 ἀστραπαὶ
3030 2442 3126 2495 καὶ
3152 2438 3300 2494 ὑετοὶ
3331 2438 3433 2492 οὐκ
3457 2434 3599 2491 εἰσιν
3632 2434 3691 2487 δν
3712 2435 3783 2503 τῇ

2212 2545 2428 2613 Ἰνδικῇ,
2462 2543 2655 2612 ἄνεμοι
2687 2540 2743 2593 δὲ
2782 2538 2970 2594 πολλοὶ
3014 2536 3109 2590 καὶ
3134 2533 3452 2606 πρηστῆρες
3482 2528 3672 2583 πολλοὶ
3712 2529 3781 2591 “,

2199 2640 2296 2695 καὶ
2329 2634 2668 2707 ἁρπάζουσιν
2696 2631 2725 2685 ὅ
2756 2648 2809 2683 τι
2843 2629 2911 2683 ἂν
2944 2627 3204 2682 λάϐωσιν.
3222 2624 3282 2678 '0
3300 2624 3358 2676 δὲ
3381 2619 3783 2693 ἦλιοςάνίσχων

2196 2728 2259 2782 τὸ
2311 2729 2485 2798 ἥμισυ
2531 2726 2630 2794 τῆς
2662 2722 2878 2796 ἡμέρας
2923 2720 3096 2792 ψύχος
3134 2719 3299 2782 ποιεῖ,
3335 2714 3397 2770 τὸ
3424 2714 3468 2768 δ’
3499 2711 3633 2769 άλλο
3657 2710 3785 2764 λίαν

2196 2820 2438 2875 ἀλεεινὸν
2468 2819 2525 2871 έν
2554 2822 2665 2881 τοῖς
2695 2816 2970 2878 πλείστοις
3000 2811 3118 2866 τῶν
3153 2811 3252 2880 τῆς
3306 2807 3537 2876 Ἰνδικῆς
3572 2804 3778 2859 τόπων.

2198 2914 2322 2968 Ὀτι
2347 2912 2399 2966 οἱ
2432 2912 2473 2943 ¹¹
2506 2910 2660 2965 Ἰνδοὶ
2683 2909 2782 2978 οὐχ
2803 2906 2909 2961 ὑπὸ
2928 2904 3022 2960 τοῦ
3050 2904 3203 2977 ἡλίου
3231 2903 3337 2956 sic).
3362 2900 3612 2973 μέλανες,
3643 2896 3781 2951 ἀλλὰ

2197 3006 2355 3077 φύσει
2380 3021 2395 3036 ’
2435 2998 2712 3073 εἶναιγὰρ
2739 3018 2904 3071 φησιν
2956 3000 3014 3052 ὲν
3070 2997 3257 3057 αὐτοῖς
3298 2993 3395 3049 καὶ
3449 2992 3650 3061 ἄνδρας
3684 2988 3781 3042 καὶ

2193 3097 2459 3166 γυναῖκας
2484 3094 2844 3155 λευκοτάτους
2871 3091 3115 3154 πάντων,
3141 3089 3189 3141 εί
3216 3087 3261 3120 ¹³
3295 3086 3389 3140 κα.)⁹
3418 3085 3506 3138 ἐπ’
3530 3083 3775 3136 ἐλάττον’

508 3185 604 3225 nes
634 3171 771 3227 alios
805 3174 1246 3231 candidissimos.
1273 3177 1450 3246 Atque
1482 3176 1616 3232 adeo
1644 3179 1907 3248 ejusmodi
1930 3178 2091 3234 lndas

2199 3190 2327 3244 ίδεῖν
2352 3188 2410 3240 δὲ
2450 3187 2545 3241 καὶ
2568 3185 2731 3239 αὐτὸν
2754 3183 3013 3245 τοιαύτας
3049 3181 3218 3244 Ἰνδὰς
3252 3178 3346 3233 δύο
3371 3179 3639 3247 γυναῖκας
3681 3174 3778 3241 καὶ

506 3264 642 3319 duas
672 3275 726 3321 et
757 3264 917 3322 ludos
952 3268 1192 3338 quinque
1228 3285 1257 3322 a
1306 3284 1365 3325 se
1401 3271 1549 3325 visos
1577 3282 1771 3327 auctor
1800 3270 1987 3327 refert.
2028 3272 2087 3326 ln

506 3356 975 3414 confirmationem
1012 3375 1174 3431 porro
1200 3359 1339 3432 ejus,
1385 3365 1525 3431 quod
1558 3379 1719 3433 supra
1752 3366 1818 3419 de
1863 3364 1977 3418 sole
2007 3363 2088 3417 di-

509 3458 686 3516 xerat,
741 3449 964 3520 triginta
1014 3467 1138 3506 eum
1166 3462 1220 3508 et
1253 3454 1494 3522 quinque
1518 3454 1635 3510 dies
1664 3454 1719 3510 in
1746 3455 1896 3509 India
1926 3454 2087 3526 frigi-

506 3539 714 3595 diorem
767 3557 955 3598 auram
1005 3541 1222 3611 afferre,
1275 3545 1468 3601 addit:
1502 3546 1678 3617 ignem
1712 3548 1877 3602 etiam
1907 3547 2084 3614 illum,

506 3630 599 3699 qui
640 3645 706 3686 ex
735 3629 902 3687 Etna
950 3634 1187 3702 erumpit
1214 3633 1352 3705 (51),
1404 3636 1640 3690 medium
1678 3637 1915 3708 regionis
1973 3650 2085 3692 tra-

506 3733 676 3787 ctum,
707 3725 849 3794 quod
894 3725 940 3781 is
986 3725 1257 3797 justorum
1304 3728 1584 3783 hominum
1618 3728 1708 3795 sit,
1749 3743 2089 3799 nequaquam

507 3813 789 3884 infestare,
813 3832 932 3871 cum
962 3827 1140 3875 tamen
1165 3819 1269 3873 alia
1304 3819 1510 3874 circum
1535 3819 1650 3874 loca
1680 3820 1918 3876 infestet.
1948 3821 2089 3889 Quin

504 3908 560 3960 et
608 3908 748 3977 apud
797 3906 1132 3979 Zacynthum
1181 3912 1426 3979 piscosos
1484 3909 1717 3965 inveniri
1774 3910 1975 3978 fontes,
2021 3927 2091 3967 ex

505 3996 704 4066 quibus
740 4000 966 4070 insuper
1003 4001 1094 4072 pix
1127 4002 1409 4057 educatur.
1445 4000 1502 4055 In
1532 3999 1684 4057 Naxo
1715 4017 1931 4074 quoque
1960 4003 2083 4059 fon-

508 4098 615 4144 tem
659 4104 800 4158 esse,
856 4108 886 4149 e
933 4110 1040 4164 quo
1074 4095 1280 4160 vinum,
1329 4106 1385 4150 et
1431 4095 1648 4165 quidem
1699 4097 2081 4153 suavissimum

502 4194 718 4239 emanet
760 4184 855 4258 [ita
892 4186 1137 4243 Phasidis
1178 4186 1328 4243 fluvii
1362 4204 1556 4258 aquam
1593 4189 1730 4262 (52),
1794 4191 1838 4246 si
1875 4190 2079 4259 justum

2197 3281 2359 3335 πέντε
2392 3279 2596 3351 ἄνδρας
2630 3276 2696 3332 ³⁸.
2736 3277 2860 3331 Ὀτι
2912 3274 3188 3328 πιστῶσαι
3239 3272 3310 3324 τὰ
3347 3268 3593 3343 περὶτοῦ
3621 3267 3780 3339 ἡλίου

2196 3372 2540 3443 βουλόμενος,
2564 3370 2641 3434 ὡς
2672 3370 2730 3423 ὲν
2761 3369 2834 3421 λε’
2863 3368 3100 3440 ἡμέραις
3124 3367 3181 3419 ὲν
3222 3363 3387 3434 Ἰνδίᾳ
3410 3361 3595 3433 ψύχει,
3625 3360 3778 3428 λέγει

2192 3466 2276 3520 ὅτι
2304 3463 2485 3520 καὶτὸ
2512 3462 2623 3533 πῦρ
2661 3464 2725 3515 ὲκ
2762 3464 2860 3528 τῆς
2893 3460 3091 3529 Αῖτνης
3123 3458 3245 3530 ῥέον
3267 3456 3361 3510 τὸν
3389 3456 3555 3527 μέσον
3572 3453 3775 3525 χῶρον,

2194 3557 2291 3612 ἆτε
2306 3555 2529 3610 δικαίων
2565 3554 2782 3625 ἀνδρῶν
2836 3552 2969 3606 ὄντα.
3001 3550 3069 3613 ’⁸,
3102 3551 3164 3604 οὐ
3202 3548 3415 3619 φθείρει
3456 3545 3676 3618 φθεῖρον
3704 3543 3777 3599 τά

2192 3648 2330 3703 ἄλλοι
2349 3665 2363 3679 ο
2394 3649 2490 3701 καὶ
2521 3647 2578 3701 ὲν
2609 3644 2871 3716 Ζακύνθῳ
2912 3642 3171 3715 κρηνῖδας
3228 3640 3587 3712 ίχθυοφόρους
3631 3634 3774 3691 εἶναι

2193 3739 2253 3805 ὲξ
2280 3731 2355 3792 ὧν
2382 3740 2595 3808 αἴρεται
2643 3737 2834 3800 πίσσα,
2864 3734 2960 3789 καὶ
2999 3736 3059 3787 ὲν
3081 3732 3248 3797 Νάξω
3275 3734 3487 3806 κρήνην
3510 3730 3568 3797 ἐξ
3594 3724 3664 3801 ἦς
3692 3722 3777 3782 οἳ·

2192 3845 2284 3893 νος
2314 3828 2484 3883 ἐνίοτε
2517 3830 2602 3900 ῥεῖ
2642 3828 2737 3881 καλ⁵
2762 3826 2906 3897 μάλα
2934 3826 3063 3895 ἡδύς
3089 3841 3103 3854 ’
3130 3825 3225 3878 καὶ
3252 3824 3336 3877 ὃτι
3362 3823 3473 3894 πῦρ
3504 3823 3652 3875 ἔστιν
3681 3822 3775 3888 ἑγ-

2193 3920 2295 3987 γὺς
2320 3918 2621 3990 Φασήλιδος
2649 3918 2707 3970 ὲν
2728 3917 2905 3987 Λυκίᾳ
2933 3916 3222 3980 ἀθάνατον,
3257 3913 3352 3968 καὶ
3385 3914 3467 3967 ὅτι
3502 3914 3589 3967 ἀεὶ
3618 3913 3773 3965 καίε-

2186 4026 2279 4064 ται
2325 4010 2418 4062 ὲπὶ
2467 4009 2673 4081 πέτρας
2737 4008 2831 4062 καὶ
2864 4006 3037 4061 νύκτα
3062 4008 3157 4061 καὶ
3200 4006 3438 4078 ἡμέραν.
3485 4006 3579 4058 καὶ
3616 4003 3772 4058 ὕδατι

2191 4102 2294 4173 μὲν
2321 4102 2383 4155 ού
2415 4100 2724 4167 σῦέννυται,
2764 4099 2901 4154 ἀλλὰ
2924 4099 3243 4170 ἁναφλέγει,
3278 4097 3498 4170 φορυτῷ
3523 4096 3583 4151 δὲ
3616 4096 3775 4150 σϐένί

2188 4209 2371 4247 νυται.

506 4274 620 4345 ipsa
645 4276 787 4331 diem
820 4278 875 4335 in
902 4294 1030 4336 vase
1064 4281 1250 4351 aliquo
1278 4291 1656 4349 conservetur,
1716 4281 1772 4337 in
1824 4282 2206 4339 suavissimum
2231 4286 2415 4339 vinum
2490 4284 2813 4339 commutari
2847 4282 2892 4357 ].
2950 4282 3135 4355 Ignem
3218 4291 3482 4354 praeterea
3534 4295 3657 4336 esse
3715 4281 3771 4336 in

500 4369 664 4445 Lycia
693 4375 829 4447 (55),
872 4391 978 4432 non
1008 4377 1196 4447 procul
1220 4376 1522 4446 Phaselide,
1549 4386 1894 4449 perpetuum,
1919 4389 2107 4437 noctes
2139 4391 2302 4452 atque
2323 4382 2439 4437 dies
2467 4381 2586 4437 sine
2615 4382 3015 4438 intermissione
3035 4382 3339 4447 ardentem,
3376 4390 3434 4435 et
3460 4395 3583 4435 eum
3628 4394 3768 4448 aqua

503 4479 608 4521 non
631 4468 926 4539 exstingui,
960 4470 1053 4525 sed
1078 4471 1251 4542 magis
1280 4471 1503 4528 accendi
1537 4489 1552 4527 :
1590 4473 1720 4529 fimo
1738 4480 1916 4529 tamen
1943 4473 2115 4539 illum,
2137 4475 2437 4547 exstingui.
2476 4474 2635 4549 [Hoc
2660 4478 2786 4532 item
2817 4468 2973 4533 modo
2999 4475 3216 4533 assidue
3275 4475 3332 4531 in
3383 4473 3551 4532 Alma
3604 4486 3767 4544 atque

497 4556 671 4613 Prusa
698 4559 875 4629 ignem
901 4559 1217 4619 ascendere.
1242 4559 1263 4634 ]

568 4649 768 4707 Narrat
793 4661 992 4722 prazler
1019 4653 1143 4720 ista,
1173 4654 1226 4709 in
1258 4655 1431 4711 media
1465 4654 1616 4713 India
1653 4656 1897 4716 homines
1919 4672 2073 4730 repe-

2248 4657 2372 4711 Ὅτι
2400 4657 2458 4711 ὲν
2482 4656 2528 4688 ¹⁶
2557 4655 2697 4728 μέσῃ
2724 4659 2791 4727 τῇ
2837 4657 3034 4728 Ἰνδικῇ
3068 4655 3350 4730 ἄνθρωποί
3380 4658 3487 4712 είσι
3510 4656 3763 4729 μέλανες,

499 4743 598 4799 riri
648 4745 853 4813 nigros,
900 4745 991 4814 qui
1023 4744 1257 4817 Pygmzei
1299 4749 1640 4818 appellentur
1670 4752 1807 4825 (54).
1873 4753 2075 4810 Eadem

500 4835 620 4902 hos,
656 4848 761 4904 qua
784 4833 897 4889 lndi
932 4834 1142 4907 reliqui,
1173 4838 1351 4911 lingua
1375 4842 1473 4908 uti,
1497 4844 1591 4899 sed
1624 4845 1780 4901 valde
1808 4860 1928 4902 esse
1951 4863 2078 4917 par-

498 4941 618 4995 vos,
648 4935 707 4983 ut
737 4927 956 4983 maximi
978 4929 1206 4986 duorum
1224 4932 1552 5001 cubitorum,
1574 4944 1627 4991 et
1644 4935 1890 5007 plerique
1917 4938 2079 4994 unius

2184 4750 2476 4805 καλοῦνται
2522 4749 2563 4782 ¹⁷
2614 4752 2903 4821 πυγμαῖοι,
2957 4749 3296 4821 ὁμόγλωσσοι
3339 4753 3452 4815 τοῖς
3490 4749 3673 4814 ἄλλοις
3720 4750 3766 4783 ⁸⁸

2198 4844 2379 4907 Ἰνδοῖς
2404 4859 2418 4873 ’
2450 4843 2634 4917 μικροὶ
2658 4844 2716 4898 δέ
2774 4844 2883 4897 εἰσι
2937 4842 3079 4908 λίαν,
3110 4843 3160 4896 oi
3207 4842 3536 4914 μακρότατοι
3580 4842 3761 4897 αὐτῶν

2185 4941 2407 5008 πηχέων
2436 4936 2551 5002 δύο,
2582 4938 2633 4991 οἱ
2662 4936 2721 4991 δὲ
2756 4937 3002 4992 πλεῖστοι
3039 4937 3161 5002 ἑνὸς
3181 4937 3426 5009 ἡμίσεως
3445 4940 3650 5010 πήχεος
3688 4938 3753 4995 ".

1778 5053 2010 5111 VARIAS
2045 5053 2452 5114 LECTIONES.

580 5161 822 5240 ⁶πάντας
854 5164 949 5240 οὓς
974 5166 1052 5240 ἂνΔ
1070 5166 1236 5240 βάλλῃ
1271 5188 1331 5235 ς.

498 5232 590 5310 ἕνα
628 5234 702 5303 μὴ
726 5252 799 5310 ς.
866 5232 1147 5310 “menon
1173 5232 1464 5310 ποικίλοιῖ
1526 5232 1581 5272 ’⁸⁸
1616 5241 1666 5293 ol
1717 5241 1842 5294 add.
1872 5232 1936 5295 Ᾰ.

498 5302 546 5336 ³⁸
573 5305 632 5358 ἐν
655 5302 742 5360 om
771 5306 839 5361 A.
913 5307 958 5339 "
979 5308 1075 5362 καὶ
1098 5302 1220 5364 καλ.
1250 5327 1312 5375 ς.

1411 5170 1433 5202 ’
1466 5171 1701 5240 τιμῶσιν
1732 5171 1784 5225 ἰη
1833 5186 1942 5241 mg.
1974 5172 2136 5228 habet
2162 5173 2226 5229 A.
2305 5174 2328 5207 ⁸
2354 5174 2453 5245 τῆς
2485 5174 2713 5279 σαρδοῦς
2743 5175 2804 5228 τὸ
2829 5175 2954 5246 ὅρος
2999 5176 3064 5229 Δ.
3139 5176 3162 5210 ⁸
3191 5175 3406 5279 ἡμέρας
3429 5195 3489 5243 ς.

1411 5241 1464 5283 λν
1538 5241 1581 5272 ⁸⁸
1616 5241 1666 5283 nl
1717 5241 1839 5283 nihl,
1877 5241 1911 5283 Δ
2046 5244 2090 5274 η
2123 5246 2171 5283 ει
2221 5246 2253 5283 Δ
2296 5262 2309 5276 ο
2345 5244 2377 5283 ὃ)
2412 5264 2450 5283 ρ-
2576 5247 2820 5283 bluam"-
2867 5248 3031 5283 «sine
3066 5263 3106 5283 ρ-
3228 5247 3435 5283 unum]
3486 5272 3489 5283 ι

1389 5244 1464 5294 .ιῖ
1538 5244 1581 5272 ⁸⁸
1616 5244 1666 5322 οἱ
1717 5244 1842 5294 add.
1872 5244 1936 5295 Α.
2046 5244 2090 5274 ¹³
2123 5246 2172 5297 εί
2214 5246 2260 5301 Α
2296 5262 2310 5300 :
2345 5244 2472 5347 ῆς.

1389 5310 1433 5343 ¹⁸
1465 5315 1575 5375 τοῖς
1599 5310 1781 5375 ἄλλοις
1801 5311 2142 5382 ὁμόγλωσσοι
2172 5332 2232 5380 ς.
2338 5318 2354 5348 ¹
2414 5316 2472 5387 ἡι.

3307 5193 3406 5247 ρας
3429 5195 3489 5243 ς.
3568 5177 3613 5209 ¹⁰
3645 5173 3759 5241 ἵνα]

2576 5220 2820 5321 ῖᾶἶιὲρζς
2832 5220 3039 5300 ’ἔτ’ἕντῖ
3049 5220 3127 5313 ’ς.
3196 5220 3406 5301 ’έῗὲξῖσῖ
3420 5220 3459 5321 Γ
3475 5220 3661 5302 ἐντωέ
3673 5220 3755 5303 ’Ᾰὶ

2454 5316 2640 5388 μίσεος
2669 5319 2890 5388 πήχεως
2918 5335 2980 5383 ς.

1996 5408 2205 5466 NOTAE
2217 5450 2232 5465 .

567 5487 683 5568 (git)
710 5490 900 5568 _S_imile
924 5493 1054 5562 quid
1084 5495 1247 5568 habet
1282 5494 1565 5568 Nonnosus
1596 5513 1747 5568 supr.
1777 5500 1914 5557 Cod.
1946 5503 2003 5558 '5.

566 5560 681 5634 (50)
708 5560 995 5634 l‘iounosus
1017 5581 1167 5634 supr.
1207 5567 1346 5620 idem
1388 5567 1502 5622 fere
1528 5560 1734 5623 narrat.

2239 5507 2352 5577 (55)
2384 5526 2417 5577 ,ι
2454 5506 2676 5577 Flagrat
2733 5507 2784 5562 in
2848 5506 3131 5563 Phaselide
3167 5523 3324 5563 mons
3379 5507 3674 5571 Chimaera,
3727 5526 3751 5561 ι

2167 5580 2342 5649 inquit
2381 5576 2523 5633 Plin.
2560 5576 2688 5634 dum
2719 5579 2860 5633 hunc
2893 5578 3088 5634 Ctesias
3140 5578 3317 5635 locum
3369 5578 3527 5634 affert
3572 5578 3750 5645 lib.tl,

566 5633 679 5703 (5|)
708 5632 864 5718 Illum
888 5632 1205 5718 fortiaquem
1236 5637 1476 5690 εὐσεϐῶν
1515 5636 1699 5718 χώραν
1735 5642 2060 5712 appellatum
2164 5632 2283 5718 cap.
2322 5649 2445 5703 106.

494 5703 684 5764 fuisse,
713 5704 929 5757 docebit
953 5703 1079 5758 infr.
1112 5706 1321 5760 Conon.
1358 5703 1563 5763 narra-1'.
1588 5703 1680 5766 $5.

2235 5723 2358 5793 (54),
2382 5720 2591 5793 Simjlia
2619 5718 2904 5793 Nonnusus
2934 5736 3055 5793 sup.
3091 5720 3156 5776 Et
3201 5719 3268 5778 de
3296 5719 3563 5793 Pygmaeis
3606 5719 3749 5778 Plin.

563 5772 750 5859 (δὴ-Ε
771 5773 1033 5859 Bavarico
1081 5777 1270 5856 codice
1311 5779 1414 5859 ista
1452 5781 1623 5859 _uncis
1665 5781 1867 5859 inclusa
1896 5785 2058 5842 inseri
2164 5772 2457 5859 videndus,
2479 5772 3101 5848 Sollinus‘etJuvena'lis.

493 5842 605 5909 hic,
634 5842 798 5913 atque
822 5842 976 5909 alibi,
1014 5858 1121 5901 non
1148 5847 1418 5919 ingratum
1447 5850 1561 5906 fore
1586 5854 1790 5923 putavi.
