4092 6414
244 420 344 490 217

1325 416 1855 478 BIBLIOTHECA.
1891 416 2144 476 —COD.
2183 418 2424 480 LXXII.

3386 414 3488 476 218

246 538 425 607 Κύμην
449 533 506 587 δὲ
534 530 718 603 ἔχουσι
768 528 1139 614 μακροτάτην,
1189 527 1379 599 μέχρις
1410 529 1456 560 ³⁸
1498 528 1591 580 ἐπὶ
1620 525 1688 579 τὰ
1715 525 1794 593 γό-

1914 525 2180 579 dnntaxat
2205 528 2370 580 cubiti
2404 543 2526 581 cum
2554 527 2780 583 dimidio
2809 527 3149 583 altitudinem
3187 541 3293 581 non
3329 543 3489 580 exi-e-

246 647 366 682 νατα
427 627 520 680 καὶ
564 626 646 679 ἔτι
703 623 1048 694 κατώτερον,
1108 621 1204 675 καὶ
1245 620 1486 687 πώγωνα
1550 619 1805 690 μέγιστον

244 723 450 777 πάντων
502 717 837 789 ἀνθρώπων·
902 716 1126 769 ἐπειδάν
1177 710 1272 769 οὖν
1308 714 1401 767 τδν
1431 712 1672 782 πώγωνα
1706 712 1804 781 μέ-

243 831 336 883 ταν
365 812 408 844 ²¹
436 809 701 882 φύσωσιν,
743 807 870 880 [MS
895 806 991 879 IL]
1009 807 1194 860 οὐκέτι
1227 805 1622 875 ἀμφιέννυνται
1651 803 1804 858 οὐδὲν

245 905 460 969 ἱμάτιον,
492 900 626 955 ἀλλὰ
648 900 748 963 τὰς
789 899 980 969 τρίχας
1020 897 1120 962 τὰς
1152 897 1252 966 μὲν
1279 897 1345 949 ὲκ
1402 896 1503 966 τῆς
1556 894 1804 964 κεφαλῆς

239 993 445 1045 ὄπισθεν
470 991 749 1046 καθῑενται
775 991 909 1044 πολὺ
932 1001 1083 1045 κάτω
1110 988 1218 1042 τῶν
1239 987 1506 1057 γονάτων,
1523 986 1620 1049 τὰς
1647 985 1703 1039 δὲ
1735 987 1802 1039 ὲκ

237 1085 322 1138 τοῦ
358 1083 617 1153 πώγωνος
675 1083 986 1154 ἔμπροσθεν
1047 1081 1209 1153 μέχρι
1249 1080 1428 1133 ποδῶν
1477 1079 1798 1149 ἑλκομένας,

239 1176 409 1230 ἔπειτα
438 1177 956 1247 περιπυκασάμενοι
1005 1175 1106 1238 τὰς
1163 1173 1357 1244 τρίχας
1398 1171 1529 1242 περὶ
1561 1171 1707 1226 ἅπαν
1738 1171 1801 1224 τὸ

241 1272 384 1341 σῶμα
418 1272 714 1336 ζώννυνται
738 1313 754 1339 ,
816 1272 1090 1343 χρώμενοι
1147 1271 1332 1333 αὐτοῖς
1385 1270 1506 1323 ἀντὶ
1555 1268 1795 1339 ἱματίου.

239 1363 429 1418 Δίδοῖον
464 1364 523 1418 δὲ
555 1365 701 1435 μέγα
764 1364 1001 1434 ἔχουσιν,
1037 1361 1178 1416 ὥστε
1210 1361 1408 1432 ψαύειν
1434 1361 1543 1414 τῶν
1576 1361 1800 1432 σφυρῶν

236 1456 417 1522 αὐτῶν,
450 1457 548 1510 καὶ
572 1456 745 1528 παχύ.
768 1458 939 1522 Αὐτοὶ
979 1457 1035 1510 δὲ
1067 1458 1111 1488 ²²
1148 1456 1297 1526 σιμοί
1330 1472 1389 1509 τε
1435 1454 1529 1508 καὶ
1557 1454 1797 1523 αἰσχροί.

235 1547 305 1604 Τὰ
327 1547 382 1601 δὲ
411 1545 663 1619 πρόϐατα
712 1549 892 1602 αὐτῶν
937 1548 1013 1613 ὡς
1057 1549 1240 1619 ἄρνες,
1278 1549 1371 1602 καὶ
1396 1548 1446 1602 οἱ
1477 1549 1587 1603 ὄνοι
1617 1549 1713 1602 καὶ
1740 1549 1799 1601 αἱ

236 1638 342 1707 βόες
366 1638 410 1670 ⁸⁸
439 1638 629 1706 σχεδὸν
689 1640 816 1692 ὅσον
865 1640 1032 1710 κριοὶ,
1089 1639 1182 1692 καὶ
1225 1640 1276 1691 οἱ
1306 1640 1466 1692 ἵπποι
1498 1639 1678 1692 αὐτῶν
1703 1639 1800 1692 καὶ

233 1728 426 1797 ὴμξονοι
459 1729 512 1760 ³⁸
540 1729 634 1782 καὶ
658 1732 726 1784 τὰ
766 1731 901 1784 ἄλλα
954 1733 1128 1800 κτήνη
1175 1733 1354 1785 πάντα
1379 1732 1422 1763 ’⁵
1441 1731 1594 1785 οὐδὲν
1626 1731 1798 1797 μείζω

233 1819 404 1889 κριῶν.
435 1820 704 1874 Ἒπονται
753 1822 811 1875 δὲ
857 1821 935 1891 τῷ
971 1822 1184 1892 βασιλεῖ
1223 1822 1333 1875 τῶν
1375 1822 1551 1875 Ἰνδῶν
1589 1822 1800 1875 τούτων

231 1911 326 1964 τῶν
349 1913 647 1984 πυγμαιων
671 1913 864 1984 ἄνδρες
913 1915 1232 1985 τρισχίλιοι·
1281 1915 1489 1986 σφόδρα
1538 1917 1648 1986 γάρ
1688 1919 1796 1970 εἱσι

231 2000 446 2065 τοξόται.
481 2003 830 2057 Δικαιότατοι
868 2003 923 2056 δέ
971 2005 1076 2057 εἰσι
1126 2004 1221 2055 καὶ
1278 2003 1493 2072 νόμοισι
1553 2001 1795 2073 χρῶνται

231 2085 396 2157 ὥσπερ
430 2090 476 2121 ³⁸
500 2093 602 2144 καὶ
630 2091 682 2143 οἱ
723 2092 897 2145 Ἰνδοί.
934 2091 1153 2159 Λαγούς
1184 2093 1227 2123 ³⁷
1255 2109 1314 2144 τε
1363 2094 1460 2146 καὶ
1504 2090 1796 2156 ἀλώπεκας

231 2177 559 2248 θηρεύουσιν,
594 2183 656 2235 οὗ
689 2186 802 2247 τοῖς
831 2186 1011 2246 κυσὶν,
1061 2184 1198 2238 ἀλλὰ
1241 2185 1432 2256 κόραξι
1485 2186 1579 2238 καὶ
1630 2185 1794 2238 ικτίσι

231 2271 310 2322 καὶ
336 2274 613 2342 κορώναις
648 2276 742 2328 καὶ
766 2276 965 2339 ἀετοῖς.
995 2276 1118 2329 Ὀτι
1147 2275 1310 2347 λίμνη
1350 2277 1498 2329 ἐστὶν
1524 2278 1584 2329 ἐν
1610 2276 1795 2341 αὐτοῖς

223 2363 459 2434 ,(σταδίων
481 2366 828 2423 ὀκτακοσίων
867 2371 902 2440 ἡ
939 2371 1315 2442 περίμετρος),
1344 2365 1452 2446 ὲνῇ
1481 2371 1683 2442 ἀνέμου
1717 2371 1793 2442 μὴ

231 2454 462 2519 πνέοντος
491 2458 688 2511 ἐπάνω
731 2458 834 2529 τῆς
889 2459 1090 2529 λίμνης
1140 2461 1319 2514 ἔλαιον
1347 2463 1672 2531 ἐφίσταται·
1696 2461 1793 2514 καὶ

230 2542 518 2615 πλωαρεοις
539 2547 798 2612 πλέοντες
826 2549 910 2604 δι’.
935 2549 1108 2619 αὐτῆς
1138 2551 1203 2603 ἐκ
1232 2550 1406 2620 μέσης
1449 2550 1622 2621 αὐτῆς
1656 2567 1791 2603 σκα-

230 2634 350 2701 φίοις
386 2637 483 2690 τοῦ
521 2638 706 2692 ἐλαίου
753 2641 1093 2711 άπαρύονται
1127 2644 1218 2696 καὶ
1241 2643 1499 2712 χρῶνται.
1535 2644 1791 2712 Χρῶνται

227 2725 272 2778 δὲ
309 2729 396 2781 καὶ
446 2731 747 2802 σησαμίνῳ
777 2734 841 2788 ’⁸.
879 2735 1033 2804 Ἔχει
1083 2734 1142 2787 δὲ
1177 2736 1209 2805 ἡ
1253 2734 1418 2805 λίμνη
1445 2737 1541 2788 καὶ
1577 2735 1787 2805 ἰχθύας.

226 2817 318 2870 Καὶ
366 2820 441 2890 τῷ
492 2823 744 2895 καρυϊνῳ
790 2824 847 2878 δὲ
913 2827 1154 2896 χρῶνται
1190 2844 1204 2859 ο
1256 2829 1507 2898 κρεῖσσον
1540 2828 1596 2881 δὲ
1623 2829 1684 2881 τὸ
1707 2829 1792 2881 λι-

228 2910 414 2974 μναίον.

291 3175 431 3230 Ἔστι
451 3177 516 3230 δὲ
543 3177 983 3250 αὐτόθιάργυρος
1002 3180 1169 3244 πολὺς
1199 3182 1294 3236 καὶ
1347 3183 1597 3254 ἀργύρεα
1622 3185 1666 3216 ⁸⁹
1693 3185 1785 3254 μέ-

224 3268 392 3332 ταλλα,
423 3271 482 3322 οὐ
523 3268 693 3339 βαθέα
721 3286 738 3302 ⁶
779 3271 914 3325 ἀλλὰ
957 3272 1230 3344 βαθύτερα
1253 3271 1392 3328 εἷναί
1427 3293 1558 3344 φασι
1580 3276 1671 3347 [69
1693 3277 1787 3351 Η.]

223 3361 280 3412 τὰ
299 3363 350 3415 ὲν
383 3361 871 3434 ΒάκτροιςηἝστι
899 3365 958 3418 δὲ
1014 3368 1106 3419 καὶ
1163 3368 1364 3436 χρυσὸς
1398 3369 1458 3420 ἐν
1500 3371 1568 3438 τῇ
1590 3369 1787 3441 Ἰνδικῇ

225 3452 375 3526 χώρᾳ,
406 3457 509 3510 οὐκ
540 3458 604 3510 ὲν
629 3459 744 3520 τοῖς
772 3461 1038 3528 ποταμοῖς
1097 3460 1490 3530 εὑρισκόμενος
1525 3462 1619 3515 καὶ
1651 3463 1790 3515 πλυ-

225 3549 447 3616 νόμενος,
472 3551 668 3620 ὥσπερ
695 3552 752 3603 ὲν
795 3551 870 3622 τῷ
931 3552 1208 3623 Πακτωλῴ
1249 3554 1507 3623 ποταμῷ,
1531 3555 1648 3608 ἀλλ’
1682 3555 1785 3627 ὄρη

224 3641 370 3696 πολλὰ
422 3643 520 3696 καὶ
575 3637 810 3714 μεγάλα,
855 3644 913 3695 ἐν
971 3641 1052 3707 οἷς
1105 3643 1314 3697 οἰκοῦσι
1357 3644 1588 3714 γρῦπες,
1623 3645 1788 3717 ὄρνεα

221 3736 529 3803 τετράποδα.
583 3735 815 3806 μέγεθος
871 3737 996 3790 ὅσον
1043 3736 1228 3802 λύκος,
1257 3737 1421 3808 σκέλη
1461 3740 1558 3792 καὶ
1595 3737 1787 3809 ὄνυχες

221 3817 396 3895 οἷάπερ
427 3827 566 3880 λέων
587 3843 603 3857 ο
637 3829 707 3880 τὰ
731 3831 788 3880 ἐν
817 3827 894 3897 τῷ
921 3828 1064 3896 ἄλλῳ
1111 3827 1326 3899 σώματι
1357 3832 1532 3902 πτερὰ
1557 3831 1783 3902 μέλανα,

219 3916 403 3988 ἐρυθρὰ
424 3919 480 3971 δὲ
504 3917 576 3971 τά
608 3918 667 3971 ὲν
702 3917 781 3989 τῷ
830 3920 1038 3989 στήθει.
1093 3921 1172 3972 Δι’
1216 3919 1414 3984 αὐτοὺς
1444 3922 1502 3974 δὲ
1531 3924 1560 3976 ὁ
1586 3923 1646 3976 ὲν
1672 3924 1788 3987 τοῖς

219 4007 348 4080 ὄρεσι
376 4012 578 4084 χρυσὸς
606 4011 775 4075 πολὺς
795 4011 870 4064 ῶν
898 4013 1106 4081 γίνεται
1130 4013 1512 4085 δυσπόριστος.

276 4193 388 4248 Ὅτι
411 4197 483 4249 τὰ
523 4194 778 4267 πρόϐατα
798 4194 906 4249 τῶν
945 4193 1144 4261 Ἰνδῶν,
1169 4194 1264 4249 καὶ
1287 4195 1344 4248 αἱ
1369 4190 1526 4264 αἶγες
1555 4196 1783 4267 μείζους

1909 617 2058 670 dant.
2095 616 2321 671 Comatn
2349 619 2489 690 46])
2535 619 2680 674 alere
2717 621 3112 687 longissimam,
3142 621 3207 671 ad
3255 621 3364 686 ipsa
3401 635 3489 670 ns-

1907 723 2015 776 que
2046 725 2220 777 genua
2249 711 2563 773 demissam,
2593 722 2756 780 atque
2784 715 2949 766 etiam
2978 711 3140 774 infra,
3170 727 3292 764 cum
3323 712 3486 762 barba

1906 797 2175 868 longiore,
2209 816 2368 869 quam
2396 804 2536 870 apud
2583 804 2720 857 ullos
2752 803 3027 857 hominum
3073 818 3089 856 :
3123 818 3240 870 qua:
3271 802 3483 870 quidem

1906 894 1994 947 ubi
2045 893 2148 947 illis
2194 895 2513 963 promissior
2554 911 2675 951 esse
2724 896 2976 966 cceperit,
3034 895 3178 950 nulla
3234 894 3488 964 deinceps

1905 994 2058 1039 veste
2105 988 2216 1050 uti;
2265 989 2358 1040 sed
2407 989 2630 1056 capillos
2681 988 2850 1043 multo
2892 989 3031 1042 infra
3067 1003 3238 1059 genua
3273 1003 3303 1041 a
3335 997 3487 1056 tergo

1907 1078 2200 1142 demissos,
2231 1080 2564 1149 barbamque
2593 1092 2789 1151 praeter
2820 1090 3007 1149 pectus
3031 1083 3095 1134 ad
3121 1084 3284 1150 pedes
3317 1097 3488 1150 usque

1903 1172 2253 1239 deﬂuentem,
2303 1190 2397 1242 per
2429 1183 2595 1228 totum
2629 1189 2827 1242 corpus
2861 1175 2917 1228 in
2946 1176 3132 1227 orbem
3167 1175 3483 1239 constipare

1902 1276 1958 1320 et
2010 1267 2252 1336 cingere,
2310 1276 2471 1336 atque
2529 1267 2600 1320 ita
2638 1267 2772 1336 pilos
2833 1267 2962 1335 ipsis
3017 1281 3146 1320 suos
3176 1265 3484 1319 vestimenti

1901 1356 2019 1411 loco
2055 1373 2194 1412 esse.
2231 1355 2516 1412 Veretrnm
2559 1358 2663 1412 illis
2692 1373 2816 1414 esse
2865 1373 3109 1412 crassum
3145 1366 3200 1410 et
3240 1357 3485 1424 longum,

1900 1453 2042 1516 quod
2077 1450 2143 1503 ad
2195 1450 2340 1517 ipsos
2384 1465 2601 1518 quoque
2642 1452 2841 1519 pedum
2887 1449 3163 1504 malleolos
3189 1449 3482 1518 pertingat.

1900 1539 2180 1612 Pygmzeos
2214 1542 2381 1595 hosce
2438 1541 2593 1596 simis
2642 1557 2762 1596 esse
2811 1541 3036 1595 naribus
3078 1551 3130 1596 et
3183 1539 3481 1595 deformes.

1900 1631 2144 1701 Ipsorum
2200 1635 2329 1687 item
2368 1647 2498 1686 oves
2528 1648 2789 1701 agnorum
2821 1632 2933 1703 (55)
2969 1643 3278 1687 nostrormn
3307 1633 3484 1688 instar

1899 1739 2049 1790 esse;
2087 1726 2251 1780 boves
2304 1735 2360 1779 et
2415 1726 2597 1779 asinos
2629 1725 2859 1780 arietum
2913 1724 3029 1778 fere
3084 1726 3478 1794 magnitudine,

1902 1832 2070 1888 equos
2100 1818 2223 1871 item
2242 1817 2523 1887 nullosque
2543 1824 2598 1870 et
2621 1825 2812 1870 caetera
2836 1816 3079 1879 iumenta
3110 1817 3290 1870 omnia
3312 1816 3482 1870 nihilo

1830 1898 1873 1953 Β
1898 1922 2022 1964 esse
2050 1908 2250 1962 nostris
2274 1908 2539 1962 arietibus
2569 1907 2796 1974 majora.
2823 1905 2953 1961 Tria
2984 1907 3178 1960 horum
3206 1922 3480 1978 pygmzeo-

1896 2015 2018 2054 rum
2050 1999 2218 2054 millia
2243 1998 2502 2054 Indorum
2529 2013 2708 2068 regem
2755 1999 2806 2052 in
2839 2014 2938 2052 suo
2968 1999 3230 2053 comitatu
3257 1999 3478 2062 habere,

1896 2090 2038 2158 quod
2067 2091 2332 2158 sagittarii
2376 2090 2484 2144 sint
2511 2090 2850 2159 peritissimi.
2888 2089 3142 2142 Smnmos
3167 2087 3477 2157 essejusti-

1897 2179 1984 2233 tiae
2035 2179 2312 2244 cultores,
2355 2181 2653 2250 iisdemque
2690 2181 2888 2249 quibus
2915 2179 3026 2234 ludi
3066 2180 3281 2251 reliqui,
3337 2181 3474 2251 legi-

1895 2266 1996 2322 bus
2025 2283 2238 2338 parere.
2274 2267 2471 2323 Venari
2514 2284 2727 2339 quoque
2764 2267 2974 2336 lepores
3018 2268 3336 2339 vulpesque,
3370 2284 3476 2322 non

1893 2360 2140 2420 cambus,
2169 2359 2260 2412 sed
2291 2359 2492 2424 corvis,
2537 2361 2734 2423 milvis,
2770 2361 3102 2425 cornicibus,
3158 2360 3356 2428 aquilis
3387 2359 3482 2414 ad-

1895 2451 2081 2505 hibitis
2132 2449 2267 2520 (56).
2305 2449 2676 2519 Lacumame
2725 2468 2819 2505 eos
2865 2467 2984 2507 esse
3035 2453 3476 2522 octingentorum

1893 2541 2188 2594 stadiorum
2222 2541 2424 2596 ambitu
2462 2542 2608 2612 (57);
2653 2543 2736 2598 cui
2774 2544 2950 2598 oleum
2978 2541 2998 2614 ι
3032 2554 3220 2598 nostro
3253 2541 3479 2614 simile]

1893 2644 2230 2702 supernatet,
2265 2636 2474 2703 quoties
2507 2637 2683 2690 nullus
2715 2637 2921 2706 aspirat
2943 2645 3173 2696 ventus;
3205 2652 3301 2701 per
3334 2637 3481 2690 hunc

1891 2740 2021 2796 ergo
2051 2727 2223 2780 lacum
2263 2728 2502 2796 parvulis
2534 2730 2764 2797 navigiis
2794 2741 3000 2794 vectos,
3055 2746 3120 2786 ex
3157 2729 3273 2800 ejus
3305 2732 3478 2783 Inedi-

1890 2818 2046 2872 tullio
2087 2819 2327 2886 scaphiis
2360 2819 2539 2873 oleum
2572 2821 2638 2872 ad
2675 2837 2828 2873 nsum
2862 2821 3102 2876 haurire.
3139 2820 3228 2875 Uti
3260 2822 3477 2890 quidem

1890 2920 1945 2964 et
1972 2927 2037 2966 ex
2066 2926 2281 2966 sesamo
2312 2925 2571 2981 expresso
2599 2912 2742 2976 oleo,
2789 2923 2848 2966 ut
2888 2922 2941 2966 et
2971 2928 3000 2967 e
3029 2913 3259 2967 nucibus
3291 2931 3304 2967 :
3339 2929 3472 2981 prae-

1890 3004 2125 3059 stantius
2146 3013 2326 3058 tamen
2349 3019 2473 3060 esse
2495 3005 2622 3058 illud
2647 3021 2677 3060 e
2714 3006 2832 3060 lacu
2863 3006 3137 3060 haustum.
3172 3006 3358 3062 Pisces
3391 3009 3472 3060 ni-

1891 3096 2187 3150 hilominus
2211 3097 2411 3152 habere
2443 3097 2586 3152 hunc
2615 3098 2821 3154 lacum.

1964 3187 2260 3242 Abundare
2281 3203 2498 3258 quoque
2525 3189 2717 3244 scribit
2752 3189 2893 3246 hanc
2915 3181 3191 3262 regionem
3224 3202 3476 3262 argento,

1891 3293 2066 3347 noque
2116 3278 2410 3346 profundas
2467 3280 2588 3349 ejus
2637 3296 2758 3337 esse
2809 3283 3041 3349 l'odiuas,
3082 3284 3175 3339 sed
3225 3282 3474 3338 Bactrius

1891 3371 2035 3440 ipsas
2066 3386 2231 3425 venas
2267 3372 2489 3427 altiores
2531 3373 2741 3428 haberi.
2785 3375 2924 3441 Quin
2960 3385 3014 3429 et
3043 3390 3232 3429 aurum
3277 3376 3479 3430 habere

1891 3463 2140 3516 Indiam:
2187 3480 2294 3518 non
2325 3465 2468 3534 quod
2520 3465 2573 3518 in
2606 3464 2922 3520 ﬂuminibus
2955 3467 3275 3536 reperiatur,
3330 3468 3479 3520 lave-

1890 3567 2110 3624 turque,
2161 3570 2220 3609 ut
2250 3557 2309 3610 lit
2345 3556 2646 3612 inPactolo
2678 3559 2937 3624 ﬂumine;
2994 3559 3089 3614 sed
3137 3561 3280 3628 quod
3325 3559 3475 3618 multi

1889 3650 2137 3716 vastique
2186 3660 2400 3705 montes
2444 3653 2808 3720 suppeditent,
2847 3654 2898 3706 in
2934 3654 3129 3723 quibus
3162 3653 3308 3722 quod
3349 3669 3477 3724 gry-

1888 3743 2022 3809 pbes
2057 3743 2170 3812 (58)
2201 3742 2447 3796 habitent
2479 3743 2629 3813 (aves
2659 3743 3064 3814 quadrupedes,
3115 3748 3224 3815 lupi
3265 3750 3476 3815 magni-

1888 3833 2098 3898 tudine,
2158 3833 2389 3889 leoninis
2424 3835 2679 3890 cruribus
2720 3845 2884 3905 atque
2931 3838 3221 3905 Unguibus,
3283 3839 3478 3907 pennis

1887 3933 2000 3978 toto
2021 3939 2248 3994 corpore
2272 3925 2460 3995 nigris,
2507 3935 2563 3980 at
2590 3926 2644 3980 in
2680 3938 2899 3994 pectore
2931 3930 3137 3992 rubi-i5)
3167 3931 3297 3985 hinc
3326 3930 3475 3985 scili—

1887 4027 1995 4080 cet,
2017 4017 2158 4083 quod
2190 4016 2262 4071 ibi
2295 4025 2440 4070 tanta
2486 4019 2643 4088 copia
2679 4021 2752 4074 sit
2776 4035 2991 4086 aurum,
3021 4021 3310 4075 diﬂiculter
3337 4022 3476 4076 adeo

1886 4108 2142 4162 obtineri.

1957 4199 2210 4256 ludorum
2245 4216 2400 4267 oves,
2451 4217 2754 4274 caprasque
2785 4205 2957 4260 asinis
2985 4219 3105 4259 esse
3133 4205 3334 4259 nostris
3363 4221 3476 4258 ma-

218 4284 334 4340 ὄνων
359 4289 489 4354 εἰσὶ,
523 4287 624 4341 καὶ
665 4287 909 4340 τίκτουσι
960 4286 1067 4342 ἀνά
1093 4289 1381 4358 τεσσάρων
1406 4289 1452 4320 ³ο
1481 4290 1577 4343 καὶ
1610 4287 1670 4353 ἒξ
1705 4288 1784 4353 ὡς

1894 4292 2053 4357 iores,
2089 4304 2143 4349 et
2168 4295 2460 4362 plurimum
2494 4310 2818 4365 quaternos,
2851 4297 2958 4350 imo
2981 4308 3034 4350 et
3063 4312 3223 4351 senos
3257 4312 3475 4364 parere.

219 4375 296 4428 ἐπὶ
335 4379 395 4432 τὸ
449 4377 614 4432 πολύ.
657 4379 880 4448 Ἔχουσι
938 4379 996 4432 δὲ
1037 4379 1204 4449 οὐρὰς
1247 4379 1493 4449 μεγάλας
1521 4397 1540 4414 ’
1575 4381 1656 4434 διὸ
1671 4380 1781 4434 τῶν

1894 4385 2095 4441 [laudas
2124 4401 2256 4441 vero
2291 4388 2426 4442 adeo
2473 4387 2674 4442 habere
2714 4404 2936 4453 magnas
2965 4387 3078 4458 (39)
3111 4398 3167 4442 ut
3193 4389 3316 4442 fetis
3358 4405 3474 4442 am-

215 4467 431 4521 τοκάδων
458 4467 888 4536 ἀποτέμνουσιν,
918 4467 1006 4521 ἵνα
1027 4468 1290 4522 δύνωνται
1335 4469 1646 4540 ὀχεύεσθαι.
1672 4467 1780 4536 1Ύς

1894 4479 2138 4547 putandae
2168 4479 2298 4542 sint,
2343 4494 2450 4550 quo
2494 4495 2701 4534 marem
2731 4481 3022 4535 admittere
3054 4482 3285 4548 possint.
3336 4479 3473 4533 Por-

216 4557 263 4609 δὲ
291 4559 408 4613 οὗτε
442 4563 660 4632 ἥμερος
685 4558 809 4613 οὔτε
832 4560 1022 4628 ἄγριος
1062 4561 1209 4614 ἔστιν
1238 4565 1298 4615 ὲν
1325 4565 1392 4634 τῇ
1447 4563 1661 4634 Ἰνδικῇ.
1713 4564 1778 4618 Ol.

1894 4584 2013 4624 cum
2043 4567 2156 4639 (40)
2191 4568 2317 4622 item
2346 4585 2522 4638 neque
2555 4571 2794 4624 cicurem
2825 4585 2998 4640 neque
3025 4571 3326 4624 silvestrem
3364 4579 3470 4622 tota

217 4650 265 4705 δὲ
283 4655 524 4720 φοίνικες
564 4655 616 4706 οἱ
649 4654 707 4706 ἐν
760 4652 945 4716 Ἰνδοῖς
1002 4654 1098 4706 καὶ
1118 4656 1166 4707 οἱ
1197 4654 1401 4708 τούτων
1424 4655 1645 4727 βάλανοι
1666 4674 1788 4728 τρι-

1894 4660 2043 4716 India
2079 4660 2326 4730 reperiri.
2369 4658 2582 4715 Palmas
2634 4660 2867 4727 indicas,
2909 4676 3210 4730 earumque
3262 4659 3475 4714 fructus

216 4742 409 4798 πλάσιοι
438 4746 553 4799 τῶν
609 4746 668 4798 ὲν
725 4745 1029 4800 Βαϐυλῶνι.
1083 4745 1197 4800 Καὶ
1251 4747 1684 4819 ποταμόνφησιν
1722 4750 1790 4802 ὲκ

1894 4751 2048 4820 triplo
2072 4767 2195 4806 esse
2218 4766 2380 4821 quam
2408 4753 2548 4820 apud
2596 4751 2928 4806 Bahulonios
2959 4753 3216 4821 majores.
3251 4752 3474 4821 lnsoper

215 4838 402 4910 πέτρας
437 4840 639 4910 ῥέοντα
677 4836 823 4908 μέλι.

1894 4852 1942 4897 et
1974 4843 2194 4897 ﬂuvium
2221 4843 2292 4898 ibi
2316 4845 2606 4913 quemdam
2634 4859 2665 4898 e
2692 4853 2848 4915 petra
2875 4845 3031 4900 melle
3057 4844 3246 4902 ﬂuere.

1475 4957 1554 5013 VA
1567 4957 1706 5013 RIIE
1735 4956 2148 5015 LECTIONES.

269 5069 308 5098 "
337 5069 537 5152 μέχρις
564 5073 604 5122 Λ
633 5088 647 5124 :
687 5071 963 5152 μέχρικαὶ
988 5092 1063 5152 ς,
1127 5076 1171 5108 ³⁸
1197 5075 1339 5152 (ista
1371 5094 1428 5140 ς·.
1468 5147 1484 5152 _
1533 5078 1578 5152 ξ’
1610 5077 1688 5148 δὲ]
1717 5095 1776 5152 τε
1809 5095 1868 5152 ς.
1897 5148 1910 5152 _
1975 5076 2020 5108 ²³
2048 5075 2106 5152 αξ
2139 5075 2260 5146 βόες
2303 5079 2399 5152 καὶ
2447 5077 2516 5152 οἱ-
2549 5078 2660 5132 ὄνοι
2690 5097 2752 5145 ς’.
2812 5151 2817 5152 ν
2859 5079 2907 5112 ’⁸
2928 5081 3021 5152 καὶ
3065 5080 3113 5134 οἱ
3149 5082 3370 5152 ἡμίονοι
3403 5103 3464 5150 ς.

214 5135 248 5165 ³³
270 5135 648 5210 κτῆνὴ’πάντα
671 5135 715 5195 Ᾱ
749 5135 970 5197 ξ’πάντα
995 5135 1132 5210 ζῶα.
1197 5135 1252 5178 ’⁸⁸
1275 5135 1486 5221 ῶσπερ]
1510 5135 1702 5220 οἷσπερ
1730 5151 1753 5203 ἰ
1817 5135 1868 5180 ἶτ
1897 5135 2255 5216 λαγωούξζί
2301 5148 2345 5178 ⁸⁸
2385 5148 2615 5222 σησάμῳ
2640 5135 2718 5216 ς.’
2779 5151 2824 5182 ¹⁹
2853 5151 3092 5223 ἀργύρια
3121 5135 3202 5217 g."
3263 5154 3310 5185 ’°
3332 5135 3468 5209 τέῖςξ

215 5224 330 5278 cape
354 5228 415 5275 ς.

1721 5305 1953 5365 NOTAE.

270 5397 370 5464 453)
406 5397 610 5471 Elian.
664 5397 757 5453 lib.
821 5415 932 5471 avt,
1007 5416 1128 5471 cap.
1181 5401 1289 5467 57,
1365 5401 1510 5456 Hist.
1547 5404 1774 5458 animal.

218 5462 297 5547 Phy
322 5462 379 5547 lis
402 5469 604 5524 Indicis
643 5479 813 5522 totum
845 5469 975 5525 illud
1012 5462 1196 5540 pu'inili
1243 5462 1454 5542 pecoris
1500 5490 1667 5543 genus
1701 5484 1776 5527 at-
1885 5462 1998 5541 lege
2023 5462 2139 5545 cap.
2167 5462 2383 5544 2'7,Jl'ib.
2407 5462 2490 5540 νιν,
2525 5462 3087 5538 malui'oé’himiiii}

217 5537 435 5626 inlinit.n
553 5625 556 5626 ν
619 5623 629 5626 Δ
873 5613 883 5626 1
958 5537 1025 5626 ’⁷
1243 5537 1254 5542 ⁷
1761 5624 1767 5626 Δ
1909 5537 2368 5626 ’ριὼιιιιιιι
2414 5537 2582 5626 totum
2626 5553 2804 5626 latas,
2890 5564 2946 5607 ut
3013 5537 3138 5610 hinc
3192 5558 3466 5626 expressit

265 5608 368 5689 (δι)
394 5609 522 5689 Quo
543 5623 723 5689 autem
761 5613 922 5689 modo
945 5613 1120 5689 hasce
1154 5628 1286 5689 aves
1329 5614 1511 5666 venari
1542 5612 1776 5689 «lor-eaut
1882 5608 2084 5689 inian.
2114 5619 2202 5672 lib.
2240 5635 2299 5683 ιι,
2331 5621 2404 5674 De
2434 5623 2651 5676 animal.
2676 5608 2803 5689 cap.
2832 5626 2883 5678 5.

215 5672 449 5764 inlinit};
481 5679 666 5764 Ctesia
719 5687 884 5736 tradit
919 5682 1122 5737 (Elian.
1152 5685 1244 5739 lib.
1277 5699 1352 5748 IV,
1397 5699 1517 5754 Cap.
1553 5684 1643 5751 26,
1699 5686 1776 5739 De
1914 5687 2062 5764 _(i_0)
2099 5672 2916 5764 Atiiiiijaiiaii.’iui.Mil-5p.
2954 5696 3054 5755 37.
3101 5713 3164 5748 εικ
3209 5697 3310 5751 hoc
3333 5699 3462 5749 om.

217 5751 568 5831 latini-mal.
618 5822 648 5831 ’ν
687 5820 700 5831 _
762 5819 774 5831 ο
873 5821 885 5831 _
961 5824 974 5831 _
1021 5821 1034 5831 Δ
1118 5823 1128 5831 _
1879 5751 1973 5811 size
2002 5751 2140 5821 loco,
2198 5751 3309 5830 suilligenerisnsumIndosdetcsmri.et
3341 5779 3462 5820 latt-

217 5816 654 5941 ηέδέὲέκιιιιιιὶιιῑι
687 5819 845 5890 hujus
873 5821 974 5880 loci
1007 5821 1329 5893 Antigonus,
1363 5825 1596 5884 Mirabil.
1635 5841 1760 5881 nar—
1875 5816 2237 5951 quipgfrgpceo
2273 5816 2561 5898 vescendo,
2613 5816 3462 5905 quamobliuio—aniscarnibus

241 5899 296 5939 at.
327 5899 442 5941 tua.
837 5931 843 5940 .
1880 5899 2189 5954 abhorrere.

1953 5407 2067 5477 (58)
2101 5407 2494 5484 DeAgry-phibus
2529 5410 2664 5484 haec,
2707 5421 2782 5484 et?
2808 5412 2924 5466 auri
2977 5413 3264 5484 colligendi
3310 5418 3470 5472 modo
