4092 6432
548 412 657 479 219

1714 420 1973 481 PHOTII
2006 403 2515 478 mimi/lucrm
2543 416 2649 479 cr.

3722 413 3832 479 220

620 533 765 605 57a
800 530 964 588 Multa
1005 533 1175 589 relert
1212 533 1279 589 de
1306 530 1558 589 Indorum
1584 534 1965 605 jtrstilia,etitt
1984 551 2139 588 suum

2319 529 2495 584 Πολλὰ
2526 530 2582 583 δὲ
2610 510 2759 597 λέγει
2792 527 2920 599 περὶ
2952 527 3053 597 τῆς
3097 526 3449 595 δικαιοσύνης
3480 516 3661 579 αὐτῶν
3680 534 3703 593 “,
3732 532 3825 586 καὶ
3846 571 3879 608 ω.

555 641 735 696 regem
758 626 1336 695 benevolentia,deque
1362 626 1575 681 illorum
1604 628 1792 680 mortis
1805 638 2135 695 contemptu.

554 716 777 771 Fontem
797 734 1012 787 quoilue
1039 721 1177 787 apud
1199 735 1294 773 eos
1326 734 1444 774 esse
1468 720 1566 785 ait,
1594 720 1745 787 cujus
1766 732 1925 787 aqua,
1951 719 2141 773 simul-

552 821 719 880 atque
748 812 937 865 hausta
987 812 1171 877 fuerit,
1225 814 1365 867 casei
1418 813 1471 867 in
1534 829 1739 866 morem
1796 811 2135 881 coaguletur;

555 902 726 973 Hujus
760 915 939 958 autem
978 904 1247 973 coagulati
1282 906 1441 961 sicui
1476 906 1540 958 ad
1575 916 1685 959 tres
1713 904 1901 959 obolos
1928 904 2137 958 contri-

554 995 718 1058 veris,
746 1005 907 1060 atque
946 993 996 1045 in
1024 994 1231 1062 vulgari
1260 1008 1398 1062 aqua
1432 995 1694 1049 bibendos
1716 995 1949 1057 dederis,
1993 994 2138 1048 indi-

555 1097 685 1136 care
714 1098 835 1135 mox
874 1082 1022 1135 illum
1072 1096 1410 1153 quascunque
1452 1085 1669 1137 admisit
1694 1086 1833 1154 (4|).
1880 1083 1959 1138 Eo
1991 1084 2137 1139 enim

556 1175 645 1229 die
704 1186 886 1229 mente
932 1176 1228 1228 alienatum
1281 1178 1536 1231 insanire.
1584 1176 1667 1231 Uti
1701 1193 1829 1244 ergo
1858 1193 1925 1231 eo
1960 1192 2137 1245 regem

558 1267 614 1321 in
650 1267 944 1331 accusatis,
976 1272 1192 1337 quoties
1218 1279 1369 1321 certo
1399 1284 1725 1336 cognoscere
1748 1269 1898 1333 velit,
1946 1284 2015 1322 an
2044 1270 2142 1322 ob—

548 1356 819 1426 iectorum
856 1360 1143 1413 criminum
1180 1360 1363 1415 alliues
1395 1361 1527 1414 sint.
1571 1361 1635 1413 Et
1670 1362 1713 1416 si
1768 1362 1987 1431 quidem
2020 1362 2140 1416 edi-

558 1450 741 1504 derint
779 1452 1011 1516 crimen,
1068 1452 1335 1521 imperare
1379 1463 1437 1505 ut
1469 1454 1645 1506 inedia
1694 1465 1922 1508 mortem
1950 1469 2140 1509 accer-

563 1553 727 1597 sant:
760 1545 803 1597 si
848 1559 975 1599 vero
1020 1544 1154 1598 nihil
1196 1545 1658 1614 deprehendatur,
1691 1545 1891 1599 liberos
1918 1546 2137 1601 dimitti.

631 1633 883 1688 Indorum
919 1638 1189 1691 nentinem
1218 1648 1310 1693 aut
1347 1638 1561 1707 capitis,
1600 1638 2019 1704 autoeulorum,
2051 1650 2144 1695 aut

2241 621 2341 691 τῆς
2369 622 2498 691 περὶ
2530 620 2621 673 τὸν
2651 620 2800 689 σφῶν
2834 619 3056 688 βασιλέα
3108 618 3342 681 εὐνοίας,
3374 617 3589 685 καὶτῆς
3613 617 3711 671 τοῦ
3737 619 3857 671 θαι-⁸

2240 713 2403 765 νάτου
2435 712 2916 781 καταφρονήσεως.
2946 710 3110 778 Λέγει
3135 709 3192 761 δὲ
3223 710 3306 762 ὅτι
3338 710 3489 779 πηγή
3526 710 3645 762 ἐστι
3672 748 3687 771 ,
3738 711 3831 763 καὶ

2240 804 2468 857 ἐπειδάν
2495 822 2580 867 τις
2610 804 2789 875 ἀρύσῃ
2834 803 2896 857 τὸ
2931 804 3073 874 ὕδωρ
3104 804 3297 871 αὐτῆς,
3331 804 3606 874 πήγνυται
3640 802 3833 871 ῶσπερ

2239 898 2422 967 τυρός.
2451 898 2655 950 Τούτου
2686 894 2781 950 οὖν
2805 896 2899 949 τοῦ
2933 895 3143 966 πηκτοῦ
3174 896 3298 948 ὅσον
3326 897 3473 963 τρεῖς
3495 894 3833 957 ὀϐολοὺςὲὰν

2240 991 2437 1061 τρίψας
2468 992 2574 1057 δῷς
2607 993 2665 1043 ὲν
2687 990 2842 1044 ὕδατι
2858 994 3022 1055 πιεῖν,
3059 988 3378 1058 ἐξαγγέλλει
3402 990 3580 1043 πάντα
3603 990 3703 1041 ὅσα
3722 988 3830 1041 ἑπ-

2246 1085 2395 1153 ραξε³
2414 1084 2879 1155 παραφρονεῖγὰρ
2896 1084 2987 1136 καὶ
3004 1082 3576 1153 μαίνεταιταύτηντὴν
3589 1081 3826 1152 ἡμέραν.

2242 1177 2456 1245 Χρέιται
2486 1177 2543 1229 δὲ
2572 1176 2721 1245 αὐτῷ
2749 1178 2777 1230 ὁ
2813 1176 3065 1245 βασιλεὺς
3102 1174 3189 1245 ἐφ’
3224 1168 3300 1227 ὧν
3325 1174 3829 1246 κατηγορουμένων

2242 1267 2475 1329 τάληθὲς
2505 1269 2690 1337 εὑρεῖν
2720 1267 2991 1339 ἐθελήσει·
3016 1268 3120 1321 κᾶν
3160 1267 3259 1336 μὲν
3291 1265 3505 1337 ἐξείπῃ,
3558 1266 3828 1337 προστάσ-

2246 1376 2400 1411 σεται
2457 1360 2913 1433 ἀποκαρτερῆσαι
2940 1402 2957 1428 ,
3021 1362 3090 1416 ἂν
3150 1361 3208 1415 δὲ
3291 1360 3461 1431 μηδὲν
3541 1359 3827 1431 ἐλεγχθῇ,

2242 1453 2487 1523 ἀφίεται.

2316 1633 2460 1699 Ὅτι,
2501 1634 2689 1702 φησὶν,
2714 1631 2789 1695 ὡς
2830 1634 2871 1665 ³⁸
2919 1632 3096 1686 Ἰνδῶν
3127 1632 3301 1695 οὐδεὶς
3332 1632 3669 1701 κεφαλαλγεί
3705 1629 3829 1682 οὐδὲ

556 1720 798 1775 dentium
836 1724 1020 1778 dolore
1043 1726 1261 1792 vexari;
1302 1728 1575 1780 nemiuem
1607 1728 1723 1783 oris
1754 1728 2020 1798 pustulas,
2048 1740 2139 1785 aut

2245 1724 2527 1797 ὀφθαλμιᾷ
2557 1725 2678 1779 οὐδὲ
2699 1725 3011 1794 ὀδονταλγεί
3030 1766 3045 1788 ,
3084 1724 3205 1778 οὐδὲ
3230 1724 3483 1777 ὲλκοῦται
3517 1723 3582 1776 τὸ
3619 1723 3828 1789 στόμα,

556 1816 775 1880 penitus
806 1816 972 1870 ullum
1002 1827 1321 1888 putrescens
1354 1820 1509 1875 ulcus
1542 1823 1675 1890 pati.

2245 1820 2363 1873 οὐδὲ
2400 1818 2673 1889 σηπεδόνα
2703 1818 2957 1887 οὐδεμίαν
3004 1818 3162 1887 ἴσχειο
3194 1819 3228 1889 ἡ
3272 1817 3331 1870 δὲ
3370 1816 3483 1887 ζωὴ
3536 1815 3715 1869 αὐτῶν
3747 1824 3829 1887 ρκ’

2168 1899 2210 1953 Β
2240 1912 2335 1965 καὶ
2356 1911 2399 1965 λ’
2428 1912 2524 1965 καὶ
2557 1918 2599 1964 ν’
2625 1910 2719 1965 καὶ
2748 1917 2791 1963 σ¹
2821 1912 2872 1963 oi
2899 1911 2968 1963 τὰ
2999 1910 3225 1963 πλεῖστα
3256 1909 3520 1980 βιοῦντες.

626 1996 753 2070 [De
772 1999 925 2055 Seris
955 2000 1085 2056 ferri
1127 2010 1242 2067 aut,
1292 2001 1533 2074 itemque
1568 2003 1633 2058 de
1693 2004 2043 2060 ulterioribus
2069 2003 2215 2060 indis
2250 2003 2390 2073 (ιῖ),
2453 2002 2713 2057 immania
2762 2018 2986 2071 prorsus
3031 2002 3151 2056 illos
3218 2003 3420 2056 habere
3466 2016 3718 2070 corpora,
3772 2008 3833 2053 ut

554 2095 812 2151 tredecim
848 2097 920 2152 ibi
958 2098 1171 2153 cubitus
1210 2098 1302 2152 alti
1336 2099 1435 2153 viri
1474 2100 1836 2168 reperiantur,
1892 2116 2121 2170 quorum
2172 2115 2326 2169 aeque
2368 2100 2478 2154 vita
2514 2099 2627 2168 (45)
2672 2100 3103 2154 ducentesimum
3161 2100 3391 2154 excedat
3435 2114 3637 2155 annum
3686 2097 3827 2168 (43),

553 2185 713 2243 Visus
750 2197 805 2242 et
843 2188 896 2241 in
938 2188 1108 2244 Gaita:
1154 2188 1388 2245 ﬂuminis
1436 2194 1667 2261 quadam
1725 2202 1877 2262 parte
1930 2194 2133 2250 ferinos
2188 2193 2455 2257 homines,
2493 2191 2863 2262 hippopotami
2910 2191 3021 2246 fere
3050 2202 3195 2254 cute,
3234 2206 3397 2260 quam
3451 2206 3518 2244 ne
3562 2189 3662 2243 tela
3708 2192 3831 2256 qui-

553 2280 677 2335 dem
723 2280 1093 2350 perfoderent.
1147 2282 1204 2337 ln
1249 2284 1336 2338 illa
1374 2285 1486 2353 ipsa
1521 2285 1667 2340 ludia
1706 2285 2016 2357 (utferunt)
2065 2287 2131 2341 ad
2184 2286 2410 2342 intimas
2464 2287 2688 2340 marinae
2721 2284 2912 2339 infusa:
2977 2292 3179 2354 partes,
3252 2284 3555 2355 praelongas
3617 2297 3831 2355 gestata

553 2370 759 2426 caudas
796 2372 998 2427 incolas
1027 2374 1161 2443 (44),
1206 2376 1397 2443 quales
1448 2375 1530 2431 vel
1562 2380 1763 2448 satyris
1802 2379 2016 2449 appingi
2048 2378 2139 2434 sol

2245 2375 2366 2448 ιιι.)
2448 2405 2453 2410 ι
3847 2426 3868 2447 .

626 2463 948 2533 Serpentem
982 2472 1121 2535 apud
1158 2465 1318 2522 Indos
1353 2483 1476 2523 esse
1502 2471 1790 2536 quemdam
1840 2482 2130 2537 memorat,

2277 2470 2465 2522 Ἔστιν
2479 2468 2603 2537 δφις
2624 2467 2979 2537 σπιθαμιαῖος
2990 2468 3265 2531 ὲναὺτοίς,
3286 2467 3414 2540 [149
3436 2467 3525 2540 8.]
3542 2468 3601 2523 τὸ
3614 2469 3672 2523 δὲ
3688 2464 3832 2533 εἶδος

554 2558 843 2627 spithaiuaa
894 2558 1249 2628 longitudine,
1308 2559 1685 2629 pulcherrume
1718 2578 1969 2632 purpurte
2008 2579 2134 2632 spe-

2245 2561 2402 2616 αύτοῦ
2424 2560 2545 2631 ὠςή
2575 2560 2836 2629 καλλίστη
2858 2560 3173 2631 πορφύρα,ή
3196 2560 3515 2633 δὲ”κεφαλὴ
3526 2562 3832 2635 λευκοτάτη

556 2649 665 2714 cie,
700 2650 879 2718 capite
906 2651 1318 2716 candidissimo,
1372 2652 1642 2722 nullisque
1684 2656 1911 2708 omnino
1956 2656 2137 2710 denti-

2245 2655 2453 2717 ὀδόντας
2476 2654 2531 2706 δὲ
2544 2653 2653 2705 οὐδ’
2676 2654 2813 2715 ὅλως
2833 2652 2967 2722 ἔχει.
2995 2644 3300 2723 Θηρεύεται
3325 2654 3508 2706 ἐκτῶν
3536 2671 3830 2724 καυματω·

555 2741 699 2796 bus:
731 2756 892 2811 quem
935 2743 986 2797 in
1013 2744 1420 2799 testuosissimis
1447 2744 1553 2800 illis
1590 2748 1888 2811 montibus,
1926 2764 1992 2803 ex
2014 2748 2138 2818 qui-

2245 2747 2718 2816 δεστάτωνόρέων,
2746 2747 2919 2817 ὅθενὴ
2947 2746 3128 2816 σαρδὼ
3144 2741 3627 2816 όρύσσεται.οῦτος
3640 2747 3829 2801 δάκνει

556 2831 661 2887 bus
690 2836 853 2889 sardo
881 2833 901 2905 [
929 2848 1137 2903 gemma
1164 2832 1184 2906 ]
1236 2834 1511 2901 elToditur,
1570 2846 1863 2891 venatores
1893 2839 2134 2905 capiant.

559 2921 712 2976 lltmc
743 2937 847 2975 nou
886 2924 1133 2977 mordere
1164 2922 1403 2991 quidem,
1434 2925 1529 2976 sed
1556 2938 1933 2995 quemcunque
1960 2926 2137 2979 locum

555 3014 759 3066 vomitu
792 3029 889 3068 suo
926 3017 1316 3084 consperserit,
1344 3030 1466 3069 eum
1506 3016 1818 3069 necessnrio
1853 3017 2141 3083 putredine

555 3106 759 3161 vitiari.
815 3108 1071 3162 Enmdem
1125 3124 1220 3177 per
1277 3111 1505 3162 caudam
1574 3124 1893 3177 suspensum
1941 3109 2137 3179 duplex

557 3199 813 3255 emittere
843 3215 1109 3254 venenmn
1158 3201 1346 3255 electri
1385 3202 1566 3269 specie
1604 3201 1774 3269 prius,
1807 3211 1862 3255 et
1903 3202 2133 3256 alterum

2251 2841 2351 2910 μὲν
2376 2839 2459 2903 οὗ,
2488 2841 2612 2893 ὅτου
2634 2840 2680 2893 δ’
2710 2840 2776 2893 ἂν
2802 2840 3103 2910 κατεμέσῃ,
3132 2840 3289 2894 τοῦτο
3309 2840 3370 2893 τὸ
3382 2840 3582 2911 χωρίον
3605 2840 3829 2903 πάντως

2250 2933 2731 3003 σήπεται.[Ιοιείδὲ
2756 2934 3048 3002 φάρμακον
3068 2932 3243 2985 διττὸν
3270 2932 3378 2985 ἀπὸ
3392 2934 3491 3001 τῆς
3508 2933 3677 3003 οὐρᾶς
3699 2950 3829 3003 κρε-

2251 3024 2518 3093 μάμενος,
2546 3024 2923 3092 ὴλεκτροειδὲς
2953 3025 3048 3076 καὶ
3070 3024 3376 3093 μέλαν.Καὶ
3400 3023 3460 3077 τδ
3493 3023 3593 3093 μὲν
3627 3024 3829 3088 ζῶντος

2244 3113 2496 3184 ἀπορρεῖ,
2518 3114 2578 3166 τὸ
2605 3114 2660 3165 δὲ
2685 3115 2853 3185 μέλαν
2883 3114 3158 3177 θανόντοςο
3192 3116 3287 3167 καὶ
3308 3114 3369 3167 τὸ
3392 3114 3491 3182 μὲν
3511 3115 3634 3167 ὅσον
3662 3116 3831 3183 σήσα-

2249 3223 2380 3274 μον,
2411 3206 2687 3276 διδόμενον
2722 3208 2750 3259 ὃ
2790 3206 2989 3270 ζῶντος
3029 3206 3287 3279 ἔρῤευσεν
3310 3247 3326 3271 ,
3385 3207 3582 3261 αὐτίκα
3617 3207 3829 3276 φθείρει

558 3292 807 3359 nigrum;
840 3291 967 3345 illud
1000 3292 1121 3346 vivo
1157 3292 1398 3356 ellluere,
1425 3294 1527 3346 hoc
1561 3303 1795 3348 mortuo.
1828 3292 1984 3349 Prius
2010 3295 2137 3348 item

2245 3296 2339 3350 τοῦ
2375 3296 2681 3366 ἐγκεφάλου
2712 3297 2808 3350 τοῦ
2841 3299 3058 3361 πιόντος
3082 3299 3169 3352 διὰ
3207 3298 3316 3351 τῶν
3350 3298 3515 3368 ῥινῶν
3550 3299 3830 3369 ἀπορρεύ-

556 3381 709 3448 illud,
744 3385 787 3439 si
823 3385 1018 3439 sesami
1049 3395 1253 3439 tantmu
1282 3386 1434 3456 grani
1470 3387 1771 3454 quantitate
1797 3387 1977 3450 detur,
2009 3401 2139 3441 con-

558 3473 742 3530 festim
770 3475 1120 3540 interimere;
1162 3477 1280 3542 ejus
1319 3476 1409 3542 qui
1439 3475 1567 3529 illud
1592 3476 1889 3544 sumpserit
1913 3476 2137 3530 cerebro

2247 3404 2463 3451 σαντος,
2489 3388 2549 3440 τὸ
2576 3388 2635 3440 δὲ
2674 3387 2803 3442 ἄλλο
2839 3388 3116 3457 διδόμενον
3148 3391 3229 3452 είς
3270 3388 3454 3459 φθίσιν
3497 3388 3707 3457 ἀπάγει
3736 3390 3831 3443 καὶ.

2242 3476 2309 3529 δι’
2334 3478 2581 3532 ἐνιαυτοῦ
2612 3479 2762 3549 μόλις
2790 3480 3049 3534 διόλλυσι.

560 3580 659 3636 per
685 3580 845 3619 nares
874 3566 1126 3620 eﬂluente
1158 3584 1172 3620 :
1206 3570 1436 3620 alterum
1480 3580 1612 3621 vero
1664 3567 1710 3620 si
1751 3567 1929 3628 detur,
1996 3565 2197 3621 lentam
2249 3569 2428 3623 tabem
2483 3571 2775 3639 adducere,
2822 3587 2942 3641 qua:
2987 3573 3076 3625 vix
3148 3571 3277 3626 anni
3330 3572 3506 3641 spatio
3552 3572 3829 3628 hominem

558 3660 834 3716 coniicial.

632 3756 799 3814 Arem
829 3757 943 3827 (45)
982 3758 1238 3811 describit
1259 3758 1500 3827 δίκαιρον
1526 3756 1852 3825 appellatum
1884 3755 2146 3826 (δίκαιον,

560 3848 613 3904 id
638 3848 1003 3919 est,juslum),
1037 3848 1223 3903 Gra‘ce
1258 3850 1484 3910 dixeris,
1511 3849 1742 3918 perdieis
1771 3862 1873 3901 ovo
1903 3864 2005 3899 non
2032 3862 2146 3898 ina-

554 3941 731 4013 jorem
764 3959 777 3996 :
819 3942 957 3995 hanc
984 3957 1080 3996 sua
1116 3942 1351 3995 eﬂ‘odere
1378 3947 1727 3996 excrementa
1756 3978 1772 4003 ,
1811 3954 1878 3992 ne
1912 3938 2143 3992 inveniri

2321 3754 2430 3807 Καὶ
2446 3756 2653 3824 δρνεον,
2673 3754 2857 3824 φησὶν,
2890 3753 3323 3824 ἐπικαλούμενον
3345 3754 3584 3821 δίαρον
3604 3754 3670 3821 ³³,
3689 3755 3827 3825 ὅπερ

2259 3848 2562 3918 Ἑλληνιστὶ
2592 3847 2826 3901 δίκαιον
2855 3848 3133 3917 σημαίνει,
3163 3848 3225 3900 τὸ
3264 3848 3498 3917 μέγεθος
3540 3848 3665 3901 ὅσον
3694 3849 3829 3920 πέρ-

2248 3941 2396 4003 δικος
2426 3940 2550 4003 ὠὸν,
2581 3940 2740 3993 τοῦτο
2770 3940 2861 3992 τὸν
2901 3941 3183 3993 ἀπόπατον
3229 3940 3558 4011 κατορύσσει
3581 3981 3594 4000 ,
3631 3940 3717 3993 ἵνα
3752 3942 3828 4011 μὴ

559 4033 789 4103 possint.
820 4032 972 4099 Quod
1016 4036 1058 4087 si
1091 4035 1157 4087 de
1188 4033 1458 4095 inventis,
1495 4041 1757 4102 quantum
1792 4030 1988 4085 sesami
2015 4045 2139 4099 gra-

2248 4033 2469 4104 εύρεθῇ·
2497 4033 2887 4102 εὑρισκόμενον
2920 4032 2977 4084 δὲ
3023 4032 3090 4084 ἂν
3136 4033 3281 4103 ποθῇ
3310 4033 3475 4086 αὐτοῦ
3503 4034 3625 4086 ὅσον
3655 4034 3829 4103 σησά-

559 4139 688 4177 ιιιιιιι
718 4133 833 4187 est,
889 4123 1160 4191 quispiam
1203 4122 1439 4187 biberit,
1493 4135 1651 4175 tuane
1693 4134 1886 4174 somno
1919 4118 2143 4186 corripi,

564 4228 867 4281 sensusque
897 4224 1176 4282 expertem
1206 4214 1445 4268 dormire
1468 4252 1483 4278 ,
1510 4212 1689 4282 quoad
1717 4212 2002 4266 occidente
2030 4211 2143 4264 sole

558 4306 843 4361 tuoriatnr.

627 4395 760 4451 Esse
794 4408 845 4453 et
890 4398 960 4451 ibi
1012 4396 1214 4467 lignum
1264 4398 1516 4465 parebum
1566 4396 1767 4450 dictum
1817 4394 1967 4466 (46),
1999 4398 2133 4454 olete

558 4492 953 4562 magnitudine,
989 4493 1132 4558 quod
1179 4490 1232 4543 in
1274 4490 1441 4559 regiis
1468 4490 1731 4543 duntaxat
1776 4489 1950 4543 hortis
1982 4505 2139 4559 repe-

2253 4140 2355 4193 μου
2390 4123 2591 4192 ἕωθενξ,
2626 4123 2793 4185 ’ύπνος
2827 4122 3212 4191 ὲπιλαμὸανει,
3245 4124 3337 4175 καὶ
3380 4122 3630 4177 καθεύδει
3658 4123 3829 4194 μηδὲν

2243 4215 2659 4286 αἰσθανόμενος,
2686 4217 2779 4269 καὶ
2811 4214 3059 4280 δύνοντος
3088 4216 3185 4268 τοῦ
3228 4216 3379 4286 ἡλίου
3406 4217 3653 4287 τελευτᾷ.

2309 4398 2421 4451 Καὶ
2448 4396 2603 4462 ξύλον
2626 4396 2763 4462 ἔστι,
2812 4397 3062 4466 πάρησον
3091 4395 3423 4467 καλούμενον
3443 4440 3458 4462 ,
3490 4398 3554 4450 τὸ
3595 4397 3827 4467 μέγεθος

2236 4490 2362 4542 ὅσον
2392 4489 2571 4542 ἐλαίαο
2605 4490 2662 4541 ὲν
2706 4490 2819 4551 τοῖς
2864 4488 3155 4558 βασιλείοις
3191 4490 3375 4559 μόνοις
3412 4491 3457 4522 ³⁸
3508 4491 3827 4561 εὑρίσκεται

559 4588 751 4651 riatur,
781 4601 955 4654 neque
986 4583 1173 4636 liorem
1208 4582 1373 4635 ullmn
1402 4622 1416 4647 ,
1467 4596 1643 4651 neque
1674 4581 1906 4636 l'ructmn
1935 4586 2136 4652 produ-

2245 4582 2458 4648 κήποις·
2494 4578 2615 4631 οὔτε
2648 4580 2805 4643 ἄνθος
2840 4582 2999 4651 φέρει
3026 4580 3150 4633 οὔτε
3183 4582 3417 4652 καρπὸν,
3444 4582 3741 4637 δεκαπέντε
3768 4586 3827 4638 δὲ

556 4695 711 4734 cens.
738 4676 1057 4744 Quindecim
1104 4675 1154 4728 id
1195 4683 1405 4726 tantum
1441 4673 1640 4726 habere
1677 4673 1776 4725 sub
1810 4683 1953 4727 terra
1991 4676 2151 4726 radi-'

555 4789 676 4839 ces;
730 4772 827 4826 sed
870 4768 1091 4825 eas'ita
1134 4780 1392 4825 crassas.
1446 4774 1503 4817 ut
1556 4764 1878 4819 tenuissima
1929 4766 2136 4819 brachii

555 4864 975 4920 crassitudinem
1005 4869 1276 4929 eamquet.
1320 4857 1492 4928 Hujus
1529 4871 1660 4927 ergo
1696 4856 1900 4911 radicis
1945 4856 1988 4911 si
2016 4871 2141 4925 pur-

553 4967 664 5015 tem
689 4957 928 5027 aliquam
948 4955 1031 5011 vel
1060 4953 1391 5025 spithamam
1419 4951 1633 5025 iungant
1657 4950 1980 5019 sumpseris,
2012 4948 2139 5018 qui-

2250 4674 2417 4742 μόνας
2465 4672 2619 4741 ῥίζας
2656 4673 2791 4742 ἔχει,
2840 4675 2933 4726 κα)⁸
2978 4673 3182 4738 ταύτας
3234 4676 3467 4745 παχείας
3509 4677 3647 4731 κατὰ
3699 4679 3827 4747 γῆς.

2250 4766 2407 4817 Ἐστι
2434 4762 2491 4815 δὲ
2525 4764 2585 4816 τὸ
2619 4766 2792 4834 πάχος
2820 4765 2989 4829 αὐτῆς
3020 4768 3145 4819 ὅσον
3171 4767 3430 4839 βραχίων,
3462 4769 3521 4823 τὸ
3554 4770 3826 4822 λεπτότα-

2243 4872 2357 4909 τον.
2392 4855 2541 4927 Λῦτη
2566 4858 2598 4925 ἡ
2637 4856 2763 4927 ῥίζα
2803 4859 2929 4911 ὅσον
2952 4858 3203 4930 σπιθαμὴ
3230 4860 3638 4932 λαμϐανομένη,
3670 4858 3732 4917 οὗ
3758 4861 3829 4916 ἂν

2247 4949 2551 5021 προσαχθῇ,
2576 4950 2755 5004 πάντα
2780 4950 2927 5006 ἕλκει
2957 4951 3095 5024 πρὸς
3127 4953 3360 5025 ἑαυτὴν,
3393 4953 3617 5028 χρυσὸν,
3648 4956 3825 5027 ἄργυ-

1847 5104 2081 5160 νΛΒΙίΕ
2125 5102 2534 5160 LECTIONES.

632 5218 675 5250 ³¹
706 5216 871 5287 φησὶν
904 5216 982 5279 ὡς
1012 5213 1057 5269 Α
1094 5228 1108 5266 ε
1137 5208 1279 5282 φησι
1296 5208 1405 5264 τῶν
1435 5226 1496 5274 ς.
1575 5208 1623 5239 ³¹
1648 5206 1704 5260 δὲ
1734 5222 1842 5261 om.
1900 5206 1965 5256 A.

2070 5203 2111 5232 ³³
2142 5202 2393 5272 δίκαιρον
2422 5219 2483 5266 ς.

2562 5200 2606 5232 ³⁵
2641 5200 2800 5272 μόνὸν
2831 5225 2894 5273 ς.

2084 5351 2317 5407 ΝΟΤΧΕ.

622 5462 735 5525 (M)
782 5461 864 5514 An
919 5460 1022 5513 huc
1065 5461 1201 5512 forte
1237 5452 1884 5523 facitAntigontNurrat.
1935 5452 2135 5504 mirah.

561 5534 666 5591 160
692 5534 927 5585 Ctesiam
964 5530 1225 5586 scribere.
1273 5528 1325 5580 in
1367 5525 1644 5595 {Ethiopia
1683 5525 1887 5578 t'ontem
1940 5536 2134 5588 aquam

560 5608 762 5662 habere
788 5602 959 5656 instar
984 5599 1295 5655 cinuubaris
1323 5598 1629 5661 rubentem,
1659 5609 1779 5664 qua:
1802 5603 1924 5663 pota
1952 5607 2140 5645 vecor-

560 5680 655 5732 des
684 5673 890 5727 rrtldut.

626 5744 744 5813 (42)
781 5744 976 5798 Addita
1011 5750 1064 5796 ct
1097 5742 1214 5795 luce
1255 5757 1284 5792 e
1308 5736 1572 5792 Bavarico
1598 5734 1734 5791 Cod.
1766 5749 1895 5803 qua:
1916 5741 2140 5802 prmter-

552 5815 821 5878 mittenda
858 5832 961 5868 non
992 5814 1140 5867 duxi.

635 5886 750 5957 (4⁸5)
784 5887 857 5943 De
883 5887 1029 5942 Seris
1057 5874 1279 5941 Luc-ian.
1321 5893 1536 5950 quoque
1573 5877 1845 5948 proditum
1881 5873 2043 5931 refert
2071 5873 2135 5929 ad

2243 5449 2801 5519 trecentesimumeos
2828 5449 2951 5502 vita:
2975 5464 3176 5503 annum
3207 5449 3539 5519 pertingere.

2302 5520 2419 5591 (44)
2451 5518 2589 5573 Vide
2621 5518 2716 5573 inf.
2747 5536 2797 5582 ιι.
2831 5535 2948 5588 seq.

2314 5589 2428 5655 (45)
2453 5591 2609 5661 Plura
2641 5593 2916 5654 excerpsit
2946 5589 3011 5644 de
3036 5590 3137 5644 hac
3158 5590 3367 5645 avicula
3397 5589 3600 5645 (Elian.
3627 5590 3717 5646 lib.
3746 5608 3818 5660 iv,
3851 5635 3870 5661 ,

2242 5678 2362 5729 cap.
2398 5661 2488 5724 41,
2523 5659 2595 5712 De
2628 5660 2853 5713 animal.
3807 5659 3810 5660 ν
3861 5659 3869 5679 τ

2316 5733 2428 5798 (46)
2469 5733 2623 5799 Apud
2655 5730 3035 5796 Apollonium,
3070 5746 3191 5783 eum
3237 5729 3394 5791 liuius
3436 5730 3537 5784 loci
3587 5732 3822 5783 mentio-

2246 5819 2368 5857 uem
2414 5802 2542 5857 facit
2572 5802 2736 5871 (Hist.
2772 5801 3025 5866 mirubilx,
3077 5801 3183 5873 l7),
3242 5802 3487 5873 πάρυῦον
3536 5801 3695 5857 hodie
3740 5802 3821 5857 le-

2247 5885 2411 5945 gitur.
