4058 6414
549 394 661 458 223

1716 395 1977 459 ΡΗΟΤῘΙ
2014 392 2517 458 ΡΑΤΒΙᾹΒΕΗΕ
2553 399 2661 460 ΟΡ;

3711 395 3815 461 294

492 576 495 579 .
548 507 669 562 haec
698 506 753 559 in
777 503 884 559 illis
913 503 1204 561 arboribus
1221 518 1342 576 qum
1365 504 1646 562 succinum
1673 505 1875 572 lerunt,
1910 522 2128 563 earum-

2238 508 2470 579 σκώληξ.
2503 512 2612 564 Καὶ
2643 510 2851 580 γίνεται
2874 510 3047 566 ταῦτα
3086 496 3179 564 ἐπὶ
3211 509 3323 563 τῶν
3347 494 3581 581 δένδρων
3606 511 3718 569 τῶν
3748 514 3813 570 τδ

497 632 501 639 -
548 613 660 670 que
685 597 892 653 fructus
916 600 985 653 ad
1007 592 1133 654 eum
1163 599 1381 654 modum
1409 598 1702 669 depascere
1722 610 1888 672 atque
1915 602 2130 668 vitiare,

548 707 664 762 quo
694 691 942 761 phthires
973 684 1115 761 apud
1147 691 1370 747 Graecos
1404 693 1544 747 viles
1576 694 1800 762 perdere
1822 709 1884 748 ac
1917 704 2132 749 vastare

549 784 749 840 solent.
777 782 923 855 48a
969 782 1130 839 ludos
1158 783 1343 853 itaque
1377 784 1708 841 animalibus
1740 784 1891 840 hisce
1923 786 2130 840 contri-

552 878 626 933 tis
657 876 886 948 punicea
912 892 1008 932 sua
1027 892 1151 947 saga
1181 878 1522 947 tunicasque,
1550 889 1604 933 et
1630 879 1888 947 quidquid
1905 890 2132 947 praeter-

549 986 619 1026 ea
657 970 864 1036 velint,
897 969 1122 1025 inlicere
1148 1008 1163 1035 ,
1200 970 1438 1025 tinctura
1490 971 1653 1041 longe
1696 986 1862 1040 quam
1910 970 2131 1027 Persica

552 1062 959 1131 prastantiore,

623 1151 822 1207 Narrat
851 1150 1073 1221 insuper
1102 1151 1203 1206 hos
1228 1149 1625 1219 cynocephalus
1647 1148 1701 1203 in
1730 1148 2006 1204 montibus
2037 1150 2135 1206 ha-

552 1244 793 1299 bitantes
826 1242 1030 1298 nullum
1062 1257 1323 1298 exercere
1358 1240 1671 1311 opiﬁcium;
1720 1242 1815 1297 sed
1867 1242 1935 1297 de
1964 1258 2132 1296 vena-

554 1337 707 1391 tione
735 1336 940 1402 vivere,
963 1334 1216 1402 ferasque
1244 1349 1379 1403 quas
1407 1333 1703 1388 occiderint
1732 1334 1800 1388 ad
1822 1334 1989 1389 solem
2017 1344 2133 1389 tor-

553 1442 700 1481 rere.
746 1426 990 1495 Magnam
1050 1422 1404 1477 nihilominus
1456 1422 1668 1491 pecoris
1699 1424 1910 1491 copiam
1961 1424 2133 1490 alere,

554 1532 957 1589 caprarumque
979 1526 1034 1570 et
1057 1516 1238 1571 ovium
1276 1530 1546 1581 :quarum
1577 1514 1794 1580 quidem
1830 1515 2010 1568 ovium
2052 1516 2135 1571 lac

556 1618 723 1677 atque
750 1606 981 1676 oxygala
1014 1620 1113 1674 pro
1142 1613 1269 1673 potu
1299 1601 1407 1655 illis
1434 1601 1526 1655 sit.
1565 1600 1724 1655 Vesci
1764 1614 1940 1656 tamen
1970 1603 2134 1657 etiam

554 1697 854 1767 sipachnrze
897 1694 1111 1760 fructu;
1162 1708 1193 1748 e
1239 1707 1346 1761 qua
1381 1691 1482 1764 [uti
1531 1693 1734 1746 dictum
1781 1701 1861 1748 est
1893 1693 2132 1764 arbore],

554 1789 835 1843 succinum
874 1794 1135 1851 enmnat;
1178 1784 1384 1838 dulcem
1426 1784 1569 1839 enim
1608 1784 1760 1838 illum
1809 1800 1947 1841 esse.
1983 1786 2134 1843 lluue

554 1880 686 1933 item
723 1879 843 1933 illos
867 1878 1107 1933 fructum
1142 1876 1446 1933 arefactum
1487 1879 1538 1931 in
1568 1878 1763 1932 corbes
1795 1879 2130 1948 constipare,
2165 1849 2207 1908 Β

553 1973 771 2028 adeum
819 1973 1036 2026 modum
1086 1988 1196 2042 quo
1239 1988 1377 2027 uvas
1422 1986 1608 2041 passas
1656 1972 1854 2027 Graeci.
1898 1972 2133 2028 Eosdem

552 2064 677 2120 illos
725 2064 1123 2137 cynocephalus
1179 2073 1349 2118 ratem
1403 2079 1619 2134 quoque
1671 2065 2133 2132 extemporariam

550 2168 875 2213 construere
900 2198 917 2223 ,
955 2174 1064 2228 qua
1092 2158 1401 2226 impositmn
1434 2157 1591 2226 hujus
1621 2156 1827 2211 fruetus
1851 2173 1991 2212 onus
2016 2198 2032 2222 ,
2079 2167 2138 2212 ut

552 2260 611 2307 et
642 2267 897 2323 purpurae
940 2253 1057 2322 (sed
1096 2261 1323 2322 purgato
1364 2252 1515 2319 prius
1540 2250 1656 2315 ejus
1688 2250 1843 2321 ﬂore)
1892 2253 2136 2320 itemque

562 2343 779 2409 electri,
811 2344 881 2398 ad
908 2344 1139 2398 ducenta
1173 2352 1226 2397 et
1255 2342 1536 2411 sexaginta
1569 2342 1767 2395 talenta
1793 2382 1809 2404 ,
1838 2342 2137 2413 quotannis

555 2434 851 2491 avebant:
882 2435 1080 2491 additis
1134 2433 1347 2489 talentis
1397 2435 1616 2488 totidem
1669 2433 1813 2487 illius
1855 2435 2136 2502 pigmenti,

558 2542 670 2597 quo
704 2525 997 2583 infectores
1038 2526 1324 2596 puniceum
1355 2524 1591 2579 colorem
1618 2525 1897 2581 inducunt.
1932 2524 2135 2580 Electri

553 2629 817 2688 prmterea
844 2619 992 2673 mille
1026 2619 1225 2673 talenta
1250 2619 1542 2687 quotannis
1572 2620 1636 2672 ad
1668 2616 1918 2673 Indorum
1952 2634 2135 2688 regem

555 2712 850 2765 advehere.
882 2710 998 2766 imo
1039 2720 1096 2765 et
1124 2712 1226 2764 alia
1279 2710 1431 2779 plura
1464 2710 1730 2765 devehere
1764 2710 1829 2764 ad
1861 2708 2021 2765 indos
2051 2726 2143 2765 ve-

555 2803 723 2868 nalia,
751 2818 850 2872 pro
878 2803 1078 2871 quibus
1107 2803 1344 2858 vicissim
1374 2817 1563 2871 panes,
1599 2802 1827 2857 farinam
1854 2814 1909 2857 et
1929 2803 2141 2873 xylinas

555 2907 740 2953 vestes
765 2897 1054 2967 accipiant.
1084 2894 1293 2949 Habere
1321 2910 1539 2965 quoque
1564 2909 1723 2950 enses
1745 2895 1989 2962 venales,
2018 2896 2142 2965 qui-

554 2992 659 3046 bus
690 2989 791 3060 ipsi
818 2990 885 3043 ad
919 3000 1179 3043 venatum
1208 2998 1455 3053 utuntur,
1482 3002 1605 3041 cum
1634 2987 1869 3042 arcubus
1899 2998 1958 3042 et
1983 2986 2140 3059 jacu-

554 3082 659 3149 lis;
708 3081 1074 3151 peritissimos
1123 3080 1268 3134 enim
1311 3094 1433 3136 esse
1472 3078 1747 3150 jaculandi
1777 3089 1941 3149 atque
1972 3080 2141 3150 sagit-

557 3175 728 3238 tandi,
760 3184 815 3229 et
845 3186 1105 3242 praeterea
1130 3173 1320 3236 etiam,
1352 3173 1495 3241 quod
1524 3180 1735 3226 montes
1771 3172 2019 3225 habitent
2055 3172 2138 3226 al-
2163 3203 2207 3264 Ο

556 3276 641 3322 tos
676 3277 845 3335 atque
879 3267 1189 3320 inaccessos
1217 3303 1232 3327 ,
1278 3264 1417 3319 bello
1464 3262 1878 3333 insuperabiles.
1929 3263 2130 3333 Regem

556 3358 691 3425 ipsis
720 3373 818 3427 pro
849 3372 1074 3411 munere
1106 3357 1296 3424 quinto
1326 3371 1544 3426 quoque
1567 3371 1711 3408 anno
1748 3355 1990 3424 praebere
2021 3365 2131 3409 tre-

556 3462 715 3507 centu
770 3464 996 3503 arcuum
1052 3448 1387 3516 totidemque
1420 3447 1724 3517 jaculorum
1769 3447 1970 3511 millia;
2018 3447 2130 3516 jam

556 3544 826 3614 peltarum
874 3550 1094 3597 centum
1144 3540 1368 3608 viginti,
1425 3547 1480 3593 et
1526 3538 1827 3607 gladiorum
1870 3539 2133 3609 quinqua-

557 3636 705 3705 ginta
738 3634 931 3689 millia.
963 3631 1149 3687 Nullas
1185 3633 1314 3685 item
1350 3631 1494 3700 apud
1523 3631 1620 3685 hos
1644 3646 1766 3685 esse
1797 3631 2008 3695 domos,
2042 3633 2135 3687 sed

558 3728 614 3781 in
657 3725 833 3783 antris
866 3726 1085 3793 degere.
1130 3722 1188 3776 lu
1228 3724 1516 3778 venatione
1543 3722 1740 3793 iaculis
1788 3722 2137 3792 potissimum

558 3819 726 3883 feras,
758 3817 841 3871 vel
875 3817 1094 3888 sagittis
1130 3825 1351 3886 petere;
1383 3819 1711 3885 easdemque
1737 3821 2136 3889 persequendo,

559 3912 706 3982 quod
734 3926 929 3966 cursus
956 3909 1245 3964 velocitate
1270 3919 1550 3978 prmstent,
1582 3913 1744 3965 etiam
1769 3911 2011 3981 assequi.
2038 3909 2143 3967 Ho-

558 4021 681 4061 rum
709 4020 908 4059 uxores
932 4004 1105 4060 semel
1134 4004 1397 4057 duntaxat
1424 4020 1520 4073 per
1547 4019 1811 4071 mensem,
1836 4019 1958 4059 cum
1985 4020 2138 4059 meno

2234 599 2498 671 ἤλεκτρον
2525 602 2818 673 φερόντων,
2842 602 2939 657 καὶ
2963 603 3057 658 τὸν
3072 602 3282 672 καρπὸν
3316 602 3593 656 κατεσθίει
3630 605 3813 659 αὐτῶν

2234 692 2327 745 καὶ
2350 690 2673 763 διαφθείρει,
2702 692 2891 766 ὥσπερ
2916 695 2976 748 ὲν
2994 696 3106 758 τοῖς
3124 693 3383 764 ’Ἓλλησιν
3404 694 3453 747 oi
3475 693 3697 765 φθεῖρες
3712 696 3813 758 τὰς

2234 782 2537 852 ἀμπέλους.
2569 782 2755 837 Ταῦτα
2792 780 2886 837 οὖν
2933 784 3003 838 τὰ
3040 783 3206 855 θηρία
3241 782 3522 855 τρίϐοντες
3559 782 3608 835 oi
3660 781 3813 836 Ἰνδοὶ

2236 875 2503 947 βάπτουσι
2541 878 2639 941 τὰς
2677 878 2976 946 φοινικίδας
3007 877 3103 931 καὶ
3141 876 3269 939 τοὺς
3292 874 3528 945 χιτῶνας
3555 875 3649 929 καὶ
3683 875 3814 929 ἄλλο

2234 967 2337 1021 ὃτι
2374 968 2441 1021 ἂν
2486 967 2808 1038 βούλωνται.
2866 968 2978 1021 Καὶ
3035 966 3145 1021 εἰσὶ
3187 966 3233 999 ⁸⁷
3276 965 3475 1036 βελτίω
3512 963 3624 1019 τῶν
3658 964 3814 1037 παρὰ

2235 1059 2470 1131 Πέρσαις
2494 1059 2820 1131 βαμμάτων.

2308 1152 2433 1205 Ὀτι
2463 1153 2514 1205 οἱ
2566 1152 2928 1221 κυνοκέφαλοι
2959 1152 3239 1216 οἰκοῦντες
3270 1153 3330 1206 ὲν
3361 1154 3477 1216 τοῖς
3506 1151 3695 1223 ὄρεσιν
3713 1150 3816 1204 οὐκ

2234 1240 2582 1312 ἐργάζονται,
2614 1242 2723 1296 άπὸ
2764 1240 2936 1313 θήρας
2960 1241 3019 1295 δὲ
3062 1239 3249 1305 ζῶσιψ
3301 1242 3429 1295 ὅταν
3459 1241 3516 1295 δὲ
3554 1240 3815 1295 ἀποκτεί-

2235 1351 2400 1388 νωσιν
2426 1334 2588 1399 αὐτὰ,
2619 1332 2826 1395 ὀπτῶσι
2852 1334 2989 1405 πρὸς
3012 1333 3104 1388 τὸν
3135 1333 3305 1403 ἥλιον.
3338 1332 3612 1405 Τρέφουσι
3633 1331 3691 1384 δὲ
3719 1332 3817 1385 καὶ

2237 1428 2487 1501 πρόϐατα
2525 1428 2696 1481 πολλὰ
2748 1429 2843 1482 καὶ
2883 1425 3047 1497 αίγας
3092 1430 3189 1482 καί¹
3234 1427 3389 1491 ὅνους
3416 1428 3483 1493 ⁸⁸,
3517 1428 3732 1481 πίνουσι
3756 1426 3816 1480 δὲ

2236 1519 2377 1591 γάλα
2391 1520 2488 1573 καὶ
2511 1518 2749 1588 ὀξύγαλα
2775 1517 2885 1572 τῶν
2909 1517 3221 1591 προϐάτων.
3240 1518 3513 1570 Ἐσθίουσι
3534 1517 3591 1570 δὲ
3614 1516 3817 1571 καὶτὸν

2237 1610 2451 1683 καρπὸν
2477 1610 2574 1664 τοῦ
2602 1612 2954 1681 σιπταχόρου,
2984 1613 3081 1678 ἀφ’
3104 1605 3167 1664 οὗ
3187 1609 3280 1663 τὸν
3301 1610 3561 1681 ἤλεκτρον
3588 1608 3815 1681 (γλυκὺς

2236 1703 2347 1775 γάρ
2370 1702 2531 1773 smo-
2579 1704 2674 1757 καὶ
2697 1703 3054 1776 ’ξηραίνοντες
3077 1702 3287 1770 ῗαὺτοὺς
3317 1704 3581 1772 σπυρίδας
3620 1704 3817 1775 συρρά-

2237 1813 2483 1861 πτουσιν,
2502 1794 2760 1867 ὥσπερέν
2773 1797 2886 1859 τοῖς
2903 1795 3131 1867 Ἕλλησι
3148 1796 3250 1865 τὴν
3270 1795 3538 1863 ἀσταφίδα
3568 1795 3645 1849 ‘9.
3663 1797 3725 1848 0!
3759 1794 3818 1848 δὲ

2236 1890 2596 1959 κυνοκέφαλοι
2626 1889 2840 1960 σχεδίαν
2886 1890 3249 1960 ποιησάμενοι
3278 1889 3373 1943 καὶ
3402 1887 3682 1951 ἐπιθέντες
3713 1888 3821 1941 du:-

2238 1982 2431 2051 ἄγουσι
2448 1983 2494 2015 ⁸⁸
2512 1981 2711 2051 φόρτον
2732 1980 2923 2035 τούτου
2954 1983 3049 2036 καὶ
3077 1981 3180 2051 τῆς
3207 1980 3495 2051 πορφύρας
3515 2022 3531 2045 ,
3561 1980 3624 2033 τὸ
3656 1979 3819 2043 ἄνθος

2237 2072 2477 2142 καθαρὸν
2515 2074 2857 2142 ποιήσαντες,
2888 2069 3007 2141 [καὶ
3045 2070 3140 2124 τοῦ
3173 2071 3440 2141 ἠλέκτρου
3476 2069 3545 2140 ⁵¹1
3576 2069 3618 2135 ξ’
3645 2072 3741 2123 καί⁵
3772 2067 3821 2121 o'

2241 2164 2323 2236 [9i
2364 2163 2457 2234 H._|
2485 2163 2722 2217 τάλαντα
2754 2162 2848 2216 τοῦ
2871 2162 3120 2217 ἐνιαυτοῦ
3144 2206 3159 2232 ,
3217 2164 3311 2217 καὶ
3340 2164 3447 2236 ὅτῳ
3474 2166 3519 2197 ⁸⁸
3546 2163 3609 2216 τὸ
3636 2162 3818 2233 φοινί-

2238 2271 2355 2308 κιον
2392 2253 2697 2324 βάπτεται,
2732 2252 2830 2305 τοῦ
2871 2254 3166 2325 φαρμάκου
3210 2254 3374 2325 ἕτερα
3411 2253 3667 2309 τοσαῦτα.
3705 2254 3817 2309 Καὶ

2238 2346 2508 2416 ἠλέκτρου
2542 2345 2686 2414 χίλια
2720 2344 2958 2399 τάλαντα
2985 2346 3263 2413 ἀπάγουσι
3292 2345 3415 2399 κατ’
3463 2345 3714 2398 ἐνιαυτὸν
3742 2345 3822 2414 τῷ

2250 2436 2426 2489 Ἰνδῶν
2449 2436 2791 2506 βασιλεΜὶαὶ
2816 2434 2982 2505 ἕτερα
2997 2436 3055 2488 δὲ
3080 2436 3413 2503 κατάγοντες
3436 2435 3683 2489 πωλοῦσι
3706 2439 3821 2498 τοῖς

2250 2525 2428 2589 Ἰνδοῖς
2460 2526 2594 2596 πρὸς
2637 2524 2834 2596 ἄρτους
2882 2526 2978 2579 καὶ
3024 2526 3225 2595 ἄλφιτα
3256 2526 3352 2579 καὶ
3384 2526 3570 2592 ξύλινα
3605 2527 3823 2596 ἱμάτια.

2240 2619 2487 2674 Πωλοῦσι
2527 2620 2584 2673 δὲ
2617 2619 2712 2671 καὶ
2755 2618 2883 2689 ξίφη
2916 2658 2931 2683 ,
2990 2612 3072 2682 οἷς
3106 2619 3348 2689 χρῶνται
3388 2618 3528 2690 πρὸς
3559 2618 3660 2688 τὴν
3712 2618 3824 2671 τῶν

2240 2714 2445 2786 θηρίων
2473 2715 2671 2785 ἄγραν,
2701 2715 2795 2768 καὶ
2827 2712 2955 2779 τόξα
2989 2714 3082 2768 καὶ
3106 2713 3355 2767 ἀκόντια’
3396 2715 3539 2768 πάνυ
3587 2717 3698 2784 γὰρ
3727 2715 3825 2767 καὶ

2238 2806 2401 2860 δεινοί
2430 2807 2567 2859 εἰσιν
2603 2804 2907 2869 ἀκοντίζειν
2941 2808 3035 2860 καὶ
3085 2806 3348 2870 τοξεύειν.
3387 2805 3751 2876 ’Δπολέμητοι
3777 2806 3826 2859 δ’

2239 2901 2347 2953 εἰσὶ
2373 2900 2462 2954 διὰ
2488 2900 2549 2953 τὸ
2612 2900 2783 2953 οἰκεῖν
2845 2900 3044 2962 αὐτοὺς
3096 2899 3228 2969 δρεα
3282 2898 3459 2951 ἄϐατα
3490 2899 3584 2951 καὶ
3617 2897 3821 2967 ὑψηλά.

2239 2990 2434 3045 Δίδωσι
2468 2990 2525 3043 δὲ
2557 2990 2741 3052 αὐτοῖς
2779 2989 2867 3042 διὰ
2918 2988 3172 3056 πέμπτου
3223 2988 3377 3050 ἔτους
3413 2987 3562 3058 δῶρα
3599 2988 3627 3038 ό
3668 2987 3828 3056 βασι-

2239 3085 2387 3147 λεὺς,
2414 3084 2458 3135 λ’
2487 3083 2585 3154 μὲν
2617 3081 2883 3152 μυριάδας
2905 3081 3095 3147 τόξων,
3119 3083 3215 3135 καὶ
3241 3080 3510 3134 ἀκοντίων
3532 3080 3825 3141 τοσαύτας,

2241 3176 2451 3230 πελτῶν
2476 3176 2531 3229 δὲ
2551 3174 2639 3246 ιβ’,
2660 3177 2754 3228 καὶ
2770 3174 2895 3244 ξίφη
2908 3174 2965 3226 δὲ
2989 3172 3451 3243 πεντακισμύρια.
3467 3171 3693 3234 Τούτοις
3714 3174 3830 3233 τοῖς

2237 3268 2625 3337 κυνοκεφάλοις
2653 3267 2755 3320 οὐκ
2775 3267 2910 3321 είσὶν
2940 3266 3129 3331 οἰκίαι,
3150 3266 3267 3319 ἀλλ’
3297 3268 3355 3319 ὲν
3375 3264 3661 3335 σπηλαίοις
3692 3264 3836 3318 διαι-

2236 3361 2459 3416 τῶνται.
2478 3361 2555 3432 Θη
2565 3359 2781 3431 ρεύουσι
2799 3360 2855 3413 δὲ
2880 3359 2949 3413 τά
2966 3359 3132 3430 θηρία
3164 3359 3475 3423 τοξεύοντες
3499 3358 3592 3412 καὶ
3609 3358 3836 3412 ἀκοντί-

2238 3452 2547 3517 ζοντες,καὶ
2559 3452 2844 3514 διώκοντες
2868 3450 3369 3521 καταλαμϐάνουσι·
3392 3451 3528 3520 ταχὺ
3555 3452 3665 3520 γὰρ
3705 3450 3837 3519 τρέ-

2237 3564 2413 3619 χουσι.
2432 3545 2691 3600 Λούονται
2714 3544 2771 3597 δὲ
2793 3546 2849 3596 αἱ
2881 3545 3136 3612 γυναῖκες
3154 3542 3335 3598 αὐτῶν
3346 3541 3497 3609 ᾇπαξ
3519 3541 3611 3596 τοῦ
3638 3543 3835 3612 μηνὸς,

2238 3639 2365 3692 ὅταν
2393 3637 2461 3691 τὰ
2481 3635 2798 3705 καταμήνια
2818 3634 3006 3697 αὐταῖς
3029 3636 3075 3667 ⁸³
3107 3634 3256 3704 ἔλθῃ,
3280 3633 3470 3686 ἄλλοτε
3489 3634 3534 3687 δ’
3567 3632 3629 3686 οὗ
3650 3649 3664 3663 ⁶
3686 3635 3737 3686 οἱ
3775 3633 3842 3688 δὲ

2239 3728 2429 3797 ἄνδρες
2457 3728 2517 3780 οὐ
2549 3726 2801 3780 λούονται
2844 3727 2965 3796 μὲν,
2994 3725 3093 3789 τὰς
3117 3725 3176 3779 δὲ
3213 3729 3404 3797 χεῖρας
3447 3725 3838 3789 ἀπονίζονται.

2253 3821 2452 3889 Ἐλαίῳ
2481 3819 2539 3871 δὲ
2582 3817 2827 3889 χρίονται
2872 3817 2917 3849 ⁵³
2950 3818 3071 3888 τρὶς
3111 3816 3205 3870 τοῦ
3254 3818 3445 3887 μηνὸς,
3478 3818 3557 3890 τῷ
3586 3820 3699 3893 άπὸ
3737 3816 3843 3870 τοῦ

2239 3910 2513 3980 γάλακτος
2546 3909 2853 3980 γινομένῳ,
2889 3910 2987 3961 καὶ
3032 3908 3375 3979 ἐκτρίϐονται
3413 3911 3674 3979 δέρμασι.
3720 3910 3840 3979 Τὴν

2241 4000 2298 4055 δὲ
2355 3999 2560 4069 ὲσθῆτα
2605 3999 2822 4070 ἔχουσιν
2879 3998 2940 4051 οὐ
2991 3998 3212 4052 δασεῖαν
3241 4038 3256 4064 ,
3325 3998 3462 4053 ἀλλὰ
3493 3998 3668 4068 ψιλῶν
3726 4002 3839 4054 τῶν

559 4107 708 4151 stt-ua
768 4096 1079 4165 patiuntur,
1140 4093 1364 4161 lavare;
1415 4096 1551 4149 alias
1601 4110 1902 4163 nunquam.
1956 4093 2139 4163 Neque

2251 4092 2681 4163 μασθλημάτων,
2744 4090 2821 4154 ὼς
2900 4090 3277 4155 λεπτοτάτων,
3343 4091 3438 4146 καὶ
3497 4092 3656 4146 αὐτοὶ
3740 4094 3841 4145 καὶ

558 4189 706 4242 vires
742 4203 976 4257 unquam
1014 4188 1236 4242 omnino
1268 4188 1472 4254 lavare,
1519 4188 1612 4241 sed
1658 4203 1850 4242 manus
1889 4196 2131 4242 tantum-

2249 4183 2305 4234 αἱ
2370 4182 2631 4249 γυναῖκες
2693 4179 2895 4233 αὐτῶν.
2961 4180 3026 4232 υἱ
3091 4179 3149 4232 δὲ
3196 4179 3592 4233 πλουσιώτατοι
3654 4181 3839 4234 αὐτῶν

561 4282 722 4337 modo
766 4281 1009 4335 abluere.
1074 4278 1205 4335 Oleo
1265 4290 1440 4334 tamen
1474 4295 1541 4335 ex
1594 4279 1732 4333 lacte
1766 4279 2014 4334 confecto
2060 4288 2139 4333 ter

2243 4274 2368 4327 λινᾶ
2426 4272 2706 4343 φοροῦσιν’
2784 4268 2929 4325 οὗτοι
2978 4272 3023 4324 δ’
3065 4272 3205 4326 εἰσὶν
3259 4272 3454 4341 ὀλίγοι.
3524 4274 3721 4327 Κλίναι
3778 4275 3842 4328 δὲ

558 4377 755 4430 saltem
804 4375 1081 4429 mensibus
1131 4374 1362 4445 singulis
1396 4374 1554 4444 ungi,
1607 4384 1662 4428 et
1696 4372 1921 4442 pellibus
1950 4373 2139 4429 deinde

2245 4367 2430 4431 αὐτοῖς
2461 4367 2562 4420 οὐκ
2581 4367 2741 4431 εἰσὶν,
2779 4366 2916 4419 ἀλλὰ
2948 4365 3208 4429 στιϐάδας
3255 4366 3559 4422 ποιοῦνται.
3585 4361 3758 4431 Οὗτος
3790 4367 3841 4421 δ’

562 4468 822 4539 abstergi.
854 4467 1013 4523 Veste
1036 4467 1105 4521 ad
1142 4467 1255 4522 haec
1287 4467 1389 4532 uti,
1433 4482 1538 4520 non
1576 4464 1764 4519 villosa
1786 4504 1802 4528 ,
1842 4465 1938 4519 sed
1967 4479 1999 4520 e
2027 4465 2139 4535 gla-

2248 4460 2430 4517 αὐτῶν
2461 4460 2865 4523 πλουσιώτατος
2906 4459 3192 4531 νομίζεται
3228 4455 3390 4525 εἶναι,
3433 4455 3477 4529 ᾧ
3509 4460 3576 4514 ἂν
3606 4462 3843 4515 πλεῖστα

561 4562 676 4617 bris
716 4560 1116 4629 maceratisque
1141 4559 1377 4629 pellibus
1411 4573 1572 4627 quam
1605 4556 1965 4622 tenuissimis,
1996 4556 2139 4626 ipsos

2250 4553 2501 4626 πρόϐατα
2632 4554 2667 4623 ἡ
2700 4551 2757 4604 δὲ
2777 4551 2912 4622 ἄλλη
2939 4550 3099 4606 οὐσία
3126 4552 3502 4622 παραπλησία.
3535 4553 3719 4622 Οὺρὰν
3777 4553 3839 4606 δὲ

562 4666 717 4721 aeque
755 4660 925 4721 atque
958 4665 1157 4705 uxores
1197 4648 1483 4719 :exceptis
1522 4647 1662 4702 forte
1688 4647 1976 4703 ditissimis
2008 4648 2139 4704 inter

2250 4648 2440 4719 έχουσι
2471 4646 2695 4712 πάντες,
2738 4643 2835 4698 καὶ
2862 4643 3055 4715 ἄνδρες
3100 4645 3196 4698 καὶ
3225 4647 3505 4714 γυναῖκες,
3542 4646 3683 4715 ὑπὲρ
3723 4645 3843 4700 τῶν

562 4760 681 4810 eos,
715 4753 770 4801 et
801 4744 866 4798 iis
905 4743 1124 4812 quidem
1162 4740 1370 4810 paucis,
1404 4741 1498 4809 qui
1549 4739 1723 4795 lineos
1773 4748 1985 4810 gestent
2011 4740 2139 4796 ami-

2254 4741 2463 4812 ἰσχίων,
2484 4739 2713 4809 οἵανπερ
2732 4736 2899 4801 κύων,
2921 4736 3147 4819 μείζονα
3175 4737 3232 4790 δὲ
3263 4738 3356 4790 καὶ
3376 4736 3700 4808 δασυτέραν.
3726 4736 3844 4791 Καὶ

563 4850 707 4896 ctus.
734 4837 847 4893 Nec
879 4840 1010 4891 item
1037 4836 1302 4890 lectorum
1332 4835 1547 4889 novisse
1581 4849 1740 4888 usum
1779 4848 1893 4901 eos,
1931 4833 2022 4903 qui
2051 4849 2139 4888 ex-

2254 4833 2542 4903 μίσγονται
2598 4831 2721 4892 ταῖς
2790 4827 3006 4898 γυναιξι
3064 4827 3488 4897 τετραποδιστὶ,
3545 4826 3737 4898 ὥσπερ
3790 4830 3843 4881 oi.

562 4943 944 5003 temporaueos
988 4932 1094 4986 sibi
1138 4939 1287 4984 toros
1328 4938 1636 4983 exstruaut.
1679 4928 1837 4982 Hunc
1878 4927 2022 4997 apud
2052 4941 2139 4982 eos

2249 4925 2435 4987 κύνεςο
2494 4921 2623 4995 [155
2669 4918 2761 4992 lt]
2816 4918 2995 4983 ἄλλως
3044 4919 3103 4972 δὲ
3172 4918 3401 4989 μιγῆναι
3449 4919 3633 4982 αὐτοῖς
3688 4920 3844 4972 ἐστὶν

561 5025 891 5082 ditissimum
931 5023 1158 5088 haberi,
1203 5022 1295 5091 qui
1332 5020 1622 5091 plurimum
1663 5020 1859 5075 habeat
1903 5019 2139 5090 pecoris,

2250 5014 2495 5086 αἰσχρόν.
2536 5014 2746 5066 Δίκαιοι
2770 5011 2827 5064 δέ
2851 5012 2982 5076 είσι,
3016 5012 3110 5064 καὶ
3142 5009 3584 5081 μακροϐιώτατοι
3616 5011 3841 5065 πάντων

562 5131 629 5173 ac
675 5117 911 5187 reliquas
962 5128 1093 5183 Opes
1149 5112 1236 5168 his
1301 5111 1694 5181 propemodum
1741 5126 1862 5165 esse
1915 5111 2139 5166 similes.

2250 5105 2591 5178 ἀνθρώπων·
2624 5105 2758 5169 ζῶσι
2780 5103 2891 5179 γὰρ
2920 5103 3017 5175 ἔτη
3063 5101 3107 5174 ρ’
3162 5104 3256 5157 καὶ
3289 5101 3353 5168 o',
3394 5103 3527 5159 ἔνιοι
3555 5103 3613 5158 δὲ
3657 5104 3844 5158 αὐτῶν

562 5211 803 5266 Cantiam
823 5210 934 5280 (5i)
960 5208 1180 5275 insuper
1210 5207 1407 5260 habere
1432 5220 1644 5268 omnes,
1676 5213 1783 5257 tam
1810 5204 1954 5258 viros
1979 5218 2142 5272 quam
2249 5201 2345 5254 καὶ
2378 5199 2443 5252 o’.

564 5304 842 5372 mulieres,
879 5318 1041 5373 supra
1071 5302 1280 5369 clunes,
1324 5300 1535 5357 caninae
1565 5299 1823 5363 similem,
1887 5298 1991 5353 nisi
2059 5298 2203 5367 quod
2243 5295 2417 5363 major
2473 5294 2584 5359 sit,
2640 5302 2697 5350 et
2760 5294 2883 5365 pilis
2945 5292 3184 5348 densior.
3239 5289 3635 5362 Qtndrupedes
3707 5288 3842 5343 item

1875 5412 2108 5470 vanu:
2146 5412 2554 5489 LECTIONES.

658 5525 701 5555 ⁸⁷
725 5525 819 5577 καὶ
840 5523 947 5575 eici
976 5522 1021 5576 Α
1050 5539 1065 5577 :
1098 5520 1205 5575 sisi.
1227 5522 1284 5575 δὲ
1310 5522 1403 5575 καὶ
1434 5538 1496 5587 ς’.
1573 5518 1618 5551 ⁸⁸
1643 5519 1799 5583 ὅνους
1825 5520 1864 5573 Α
1894 5535 1907 5572 :
1934 5518 2016 5583 ὄϊς
2045 5535 2105 5583 ς.
2182 5519 2226 5549 ‘9
2262 5516 2493 5588 σταφίδα
2524 5534 2585 5581 ς.
2662 5514 2710 5548 ⁸⁸
2732 5514 2998 5583 ἐπάγουσι
3026 5514 3088 5567 Α.
3164 5511 3208 5547 ⁸¹
3235 5510 3501 5583 ἠλέκτρου
3526 5523 3638 5565 om.
3669 5523 3752 5578 pr.
3775 5505 3848 5563 Α.

573 5597 622 5629 ⁸³
657 5594 786 5668 ὅτῳ]
823 5592 965 5647 οὕτω
988 5611 1049 5659 ς.
1126 5594 1173 5626 ⁵³
1209 5594 1379 5663 αὐτῆς
1411 5597 1469 5660 ιτ.
1546 5590 1594 5624 ³⁵
1622 5591 1862 5663 χρῶνται
1901 5606 1961 5654 ς’.

2106 5705 2337 5763 ΝυτΑς.

654 5825 766 5901 (5|)
802 5828 1171 5888 Caudatorum
1201 5830 1486 5887 hominum
1516 5827 1763 5884 meminit
1790 5841 2007 5897 quoque
2042 5824 2179 5882 Plin.
2214 5825 2308 5881 lib.
2342 5840 2437 5891 vn,
2474 5840 2595 5895 cap.
2625 5822 2660 5875 ἓ
2684 5821 2735 5877 in
2773 5820 2897 5875 line.
