4092 6412
223 432 328 496 225

1309 425 1836 489 BIBLIOTIIECA.
1875 449 1944 460 -
1980 422 2143 484 COD.
2184 424 2428 486 LXXII.

3370 418 3483 486 925

217 538 337 606 litis,
404 552 598 594 canum
639 552 809 603 more,
850 552 975 593 cum
1009 536 1151 611 ﬁsi:
1187 537 1506 593 mulieribus
1555 537 1849 607 congredi,
1890 538 2160 607 aliumque
2204 537 2594 607 congrediendi
2645 536 2861 589 modum
2921 547 3139 589 omnem
3190 548 3291 604 pro
3334 536 3480 605 turpi

196 628 438 687 babere.
468 630 814 687 Justissimos
854 632 1071 686 eosdem
1103 645 1262 699 esse,
1298 630 1528 701 vitaeque
1561 629 1800 697 reliquos
1842 631 1985 685 inter
2020 630 2267 685 homines
2304 631 2658 702 longissimas.
2709 627 2905 683 Vivere
2964 641 3200 695 namque
3250 629 3316 682 ad
3345 641 3482 682 cen-

218 724 467 778 tesimum
522 735 688 795 utque
736 735 795 781 et
834 725 1293 798 septuagesimum
1320 767 1336 790 ,
1384 725 1780 794 nonnullasque
1823 726 1895 780 ad
1937 726 2360 782 ducentesimam
2397 742 2614 797 quoque
2646 740 2871 782 annum.

284 820 462 890 ’Υπὲρ
485 819 544 873 δὲ
568 819 775 875 τούτων
801 821 848 853 ⁵⁵
867 822 1089 891 ἑτέρους
1135 819 1268 889 φασὶ
1298 818 1586 889 βιοτεύειν,
1614 820 1661 851 ³⁸
1682 818 1794 873 ἄνω

1973 819 2083 874 llos
2106 820 2250 874 ultra
2279 820 2474 876 scribit
2504 820 2757 875 habitare
2794 820 2931 875 alios
2972 832 3135 890 supra
3167 818 3315 874 ﬂuvii
3338 818 3489 874 illius

214 910 320 965 τῶν
342 910 539 980 πηγῶν
567 910 662 965 τοῦ
693 910 963 983 ποταμοῦ.
996 905 1156 966 Οὗτοι
1196 911 1239 944 ⁵⁷
1284 912 1341 965 δὲ
1370 912 1421 964 οἱ
1444 911 1490 943 ⁸⁸
1516 910 1797 982 ἂνθρωποι

216 1004 452 1074 μέλανες
483 1004 583 1076 μέν
608 1006 747 1059 εἰσιν
779 1004 973 1076 ὥσπερ
997 1006 1048 1059 oi
1078 1004 1229 1060 ἄλλοι
1274 1004 1446 1065 Ἰνδοὶ.
1474 1004 1798 1075 ἐργάζονται

213 1096 267 1149 δὲ
296 1096 475 1162 οὐδὲν,
518 1096 639 1149 οὐδὲ
682 1097 925 1151 ἐσθίουσι
961 1099 1105 1151 σῖτον
1128 1137 1145 1163 ,
1178 1097 1299 1150 οὐδὲ
1344 1096 1588 1149 πίνουσιν
1627 1094 1796 1166 ὓδωρ,

215 1189 466 1258 πρόϐατα
496 1188 553 1241 δὲ
585 1190 759 1242 πολλὰ
782 1190 1080 1261 τρέφουσι,
1114 1191 1209 1245 κα).
1237 1188 1365 1260 βοῦς
1386 1188 1482 1242 καὶ
1510 1184 1673 1257 αἶγας
1704 1188 1801 1263 καὶ

215 1282 313 1341 ὖῐς·
343 1283 563 1335 πίνουσι
592 1282 649 1335 δὲ
708 1282 771 1336 τὸ
816 1283 961 1351 γάλα
989 1323 1005 1348 ,
1065 1281 1195 1337 ἄλλο
1224 1282 1281 1335 δὲ
1306 1282 1478 1336 οὐδέν.
1539 1280 1710 1333 Ὅταν
1742 1278 1800 1331 δὲ

214 1375 444 1444 γένηταί
476 1392 583 1428 τινι
621 1375 803 1430 αὐτῶν
833 1374 1072 1443 παιδίον,
1110 1375 1171 1429 ού
1197 1376 1457 1445 τέτρηται
1484 1374 1585 1444 τὴν
1617 1371 1800 1443 πυγὴν

215 1469 333 1522 οὐδὲ
361 1471 661 1533 άποπατεῖ,
703 1468 839 1522 ἀλλὰ
864 1469 932 1522 τὰ
953 1468 1054 1539 μὲν
1088 1467 1237 1537 ἰσχία
1265 1467 1400 1538 ἔχει,
1438 1466 1502 1519 τὸ
1526 1466 1585 1519 δὲ
1609 1466 1800 1538 τρῆμα

217 1562 572 1633 συμπέφυκε.
598 1562 691 1615 Διὸ
719 1560 1064 1615 άποπατοῦσι
1089 1560 1187 1630 μὲν
1205 1557 1291 1624 οὒ,
1323 1559 1507 1629 οὐρεῖν
1533 1558 1593 1612 δὲ
1608 1557 1801 1629 ὥσπερ

214 1653 382 1724 τυρὸν
422 1652 624 1717 αύτούς
662 1667 825 1718 φασιν
876 1654 937 1706 ού
967 1652 1112 1705 πάνυ
1153 1652 1334 1722 παχὺν
1384 1650 1521 1704 ἀλλὰ
1556 1650 1799 1721 θολερόν.

230 1746 399 1799 Ἐπὰν
423 1745 481 1798 δὲ
516 1744 659 1815 πρωῒ
692 1744 857 1798 πίωσι
897 1743 991 1797 τοῦ
1032 1743 1339 1812 γάλακτος,
1386 1742 1481 1796 καὶ
1508 1743 1591 1805 είς
1635 1742 1803 1812 μέσον

215 1834 434 1907 ἡμέρας
462 1831 623 1899 αὖθις
656 1834 892 1900 πιόντες,
923 1835 1082 1906 ῥίζαν
1106 1833 1243 1902 φασὶ
1275 1833 1405 1903 παρ’
1434 1832 1620 1897 αὐτοῖς
1661 1830 1804 1887 εἶναι

219 1928 502 1994 γλυκεῖαν,
529 1928 656 1995 ἥτις
701 1928 801 1981 οὐκ
844 1929 911 1999 ἑᾷ
956 1928 1018 1981 τὸ
1056 1926 1196 1995 γάλα
1260 1925 1571 1997 πήγνυσθαι
1618 1928 1680 1980 ὲν
1735 1928 1802 1999 τῇ

218 2021 422 2091 κοιλίᾳ·
476 2018 684 2090 ταύτην
718 2015 814 2073 οὖν
864 2017 1171 2091 τρώγοντες
1204 2017 1288 2080 είς
1325 2016 1565 2087 ἑσπέραν
1606 2017 1806 2089 ἔμετον

217 2114 528 2181 ποιοῦνται,
559 2116 654 2169 καὶ
683 2114 972 2186 ἐξεμοῦσιν
999 2114 1218 2169 ἅπαντα
1239 2112 1503 2185 εὐκόλως.

287 2381 420 2434 Ὀτι
447 2380 588 2432 εἰσὶν
611 2378 720 2433 ὄνοι
755 2379 939 2448 ἄγριοι
979 2381 1037 2433 ὲν
1084 2381 1199 2444 τοῖς
1241 2379 1442 2444 Ἰνδοῖς,
1478 2380 1586 2434 [σοι
1616 2378 1809 2443 ἵπποις

219 2472 312 2525 καὶ
337 2471 594 2542 μείζους*
627 2471 815 2525 λευκοὶ
855 2472 913 2525 δέ
962 2473 1076 2525 »εἰσι
1102 2472 1165 2526 τὸ
1197 2473 1378 2543 σῶμα,
1403 2474 1504 2543 τὴν
1561 2470 1809 2543 κεφαλὴν

220 2564 521 2635 πορφυροῖ,
550 2565 646 2615 καὶ
681 2561 995 2632 ὀφθαλμοὺς
1016 2558 1202 2633 ἔχουσι
1232 2564 1275 2596 ⁵⁸
1315 2563 1601 2627 κυανέους.
1628 2563 1813 2632 Κέρας

220 2654 272 2708 δὲ
304 2656 425 2725 ἔχει
451 2656 514 2708 ἑν
535 2654 615 2725 τῷ
649 2653 908 2724 μετώπῳ,
942 2653 1061 2718 ἑνὸς
1088 2655 1293 2725 πήχεος
1330 2655 1392 2707 τὸ
1424 2654 1673 2724 μέγεθος.
1702 2653 1813 2708 Καὶ

220 2747 332 2800 ἐστι
355 2747 425 2799 τὸ
453 2746 556 2816 μὲν
572 2746 724 2800 κάτω
736 2745 830 2798 τοῦ
850 2746 1103 2817 κέρατος,
1125 2747 1250 2800 ὅσον
1280 2747 1373 2799 ἐπὶ
1400 2747 1493 2800 δύο
1506 2747 1813 2810 παλαιστάς

222 2839 358 2909 πρὸς
390 2839 454 2891 τὸ
486 2838 761 2908 μέτωπον,
785 2838 928 2892 πάνυ
945 2838 1160 2891 λευκόνο
1189 2838 1253 2891 τὸ
1272 2838 1329 2891 δὲ
1348 2840 1534 2893 ἐπάνω
1564 2837 1657 2902 ὀξύ
1696 2838 1814 2891 ἐστι

222 2931 311 2984 τοῦ
330 2932 397 2985 κέ
407 2948 592 3002 ρατος.
614 2930 786 2984 Τοῦτο
797 2930 853 2984 δὲ
879 2930 1157 2998 φοινικοῦν
1184 2932 1352 2992 ἐστιν,
1386 2930 1616 3002 ἐρυθρὸν
1646 2930 1813 2984 πάνυ’

230 3024 290 3077 τὸ
310 3024 371 3077 δὲ
400 3022 535 3078 ἄλλο
564 3022 625 3075 τὸ
650 3024 708 3074 ἐν
736 3021 817 3092 τῷ
841 3022 993 3093 μέσῳ
1023 3022 1215 3093 μέλαν.
1234 3023 1330 3075 Ἐκ
1360 3022 1567 3076 τούτων
1592 3023 1641 3075 οί
1664 3022 1818 3075 πιόν-

222 3132 311 3179 τες
327 3112 376 3147 ⁵⁸
411 3114 909 3185 (κατασκευάζουσι
941 3112 1034 3186 [92
1054 3113 1149 3185 11.]
1180 3113 1291 3184 γὰρ
1310 3113 1638 3185 ἐκπώματα)
1675 3131 1817 3167 σπα-

224 3206 373 3277 σμῷ,
399 3206 592 3276 φασιν,
618 3205 679 3259 οὐ
708 3203 1082 3277 λαμϐάνονται
1104 3204 1227 3258 οὔτε
1253 3208 1321 3277 τῇ
1355 3206 1476 3277 ίερᾷ
1508 3206 1670 3276 νόσῳ,
1698 3204 1815 3257 ἀλλ’

220 3299 341 3352 οὐδὲ
373 3297 697 3370 φαρμάκοις
716 3297 1053 3364 ἁλίσκονται,
1077 3295 1190 3350 οὔτ’
1205 3297 1271 3351 ἂν
1299 3298 1607 3369 προπίωσιν
1622 3296 1735 3351 οὒτ’
1750 3298 1817 3351 ἂν

222 3391 298 3463 τῷ
322 3392 669 3463 φαρμάκῳ⁶¹
691 3391 1035 3463 ἐπιπίωσινῆ
1057 3389 1252 3463 οἶνονῆ
1291 3390 1436 3462 ὕδωρ
1460 3391 1493 3463 ἣ
1514 3389 1644 3444 ἄλλο
1676 3407 1730 3443 τι
1752 3392 1818 3443 ὲκ

1898 911 2097 980 fontes,
2136 912 2465 982 reliquorum
2514 916 2769 967 ludorum
2806 913 2980 968 instar
3022 915 3227 983 nigros,
3262 913 3353 983 qtti
3394 928 3490 966 ne-

1898 1018 2004 1074 que
2046 1003 2148 1073 ipsi
2186 1003 2480 1073 quidquam
2524 1014 2843 1072 operentur.
2886 1002 3027 1070 Quin
3076 1018 3176 1057 uec
3225 1004 3347 1059 cibo
3392 1016 3491 1056 ens

1899 1095 2043 1150 vesci
2076 1094 2206 1161 ullo,
2234 1104 2329 1149 aut
2360 1111 2558 1166 aquam
2608 1097 2795 1151 bibere
2823 1111 2839 1161 ;
2879 1096 3092 1166 pecoris
3126 1106 3335 1150 tantum
3367 1108 3488 1148 ina-

1900 1203 2060 1259 gnam
2102 1188 2254 1243 alere
2290 1190 2534 1257 copiam,
2597 1188 2760 1243 boum
2791 1229 2805 1253 ,
2878 1204 3213 1258 caprarum,
3261 1188 3491 1251 ovium;

1900 1284 2097 1337 horum
2132 1281 2216 1337 lac
2245 1280 2455 1345 bibere,
2483 1297 2547 1337 ac
2576 1282 2711 1336 nihil
2744 1292 3034 1351 praeterea.
3074 1280 3313 1337 Infantes
3357 1296 3492 1351 prat-

1903 1383 2075 1439 terea,
2096 1374 2187 1442 qui
2209 1375 2350 1442 apud
2387 1374 2485 1429 hos
2505 1382 2821 1436 nascantur,
2856 1388 2965 1427 non
3005 1373 3209 1427 habere
3239 1364 3495 1440 perfor'a-

1902 1474 2012 1520 tam
2030 1465 2279 1534 corporis
2307 1464 2391 1519 sui
2420 1466 2629 1528 sedem,
2654 1479 2831 1533 neque
2863 1480 2960 1535 per
2981 1480 3101 1520 eam
3131 1474 3488 1519 excrementa

1901 1559 2139 1625 ejicere;
2167 1572 2289 1611 nam
2312 1557 2415 1612 etsi
2450 1555 2640 1612 clunes
2671 1558 2929 1622 habeant,
2964 1571 3103 1612 anus
3160 1567 3339 1611 tamen
3369 1557 3489 1626 ipse

1900 1650 2128 1707 coaluit.
2177 1651 2361 1721 Itaque
2407 1650 2543 1704 nihil
2585 1651 2729 1720 ipsos
2773 1650 2991 1719 quidem
3024 1665 3122 1720 per
3153 1664 3353 1705 annum
3393 1664 3494 1703 ex-

1903 1756 2169 1810 cernere;
2216 1744 2313 1798 sed
2353 1758 2641 1797 caseosnm
2690 1742 2861 1812 quid,
2917 1742 3160 1812 illudque
3202 1756 3310 1797 non
3359 1756 3494 1796 cou-

1904 1837 2224 1906 Spissatum,
2273 1844 2327 1890 at
2378 1834 2708 1889 feculentuin
2759 1836 3156 1901 tantummodo,
3202 1850 3298 1905 per
3322 1834 3495 1889 urinae

1906 1938 2145 1981 meatum
2172 1928 2391 1993 ejicere.
2424 1925 2579 1992 Quod
2609 1926 2652 1980 si
2693 1926 2832 1981 lacte
2856 1942 3015 1980 mane
3044 1937 3197 1997 poto,
3231 1928 3399 1981 etiam
3437 1928 3494 1981 in

1906 2021 2139 2076 meridie
2182 2019 2517 2082 adbiberiut,
2557 2018 2769 2074 dulcem
2810 2023 2950 2087 apud
2999 2035 3095 2073 eos
3132 2018 3367 2075 inveniri
3400 2036 3499 2075 ra-

1908 2116 2084 2167 dicem
2131 2112 2448 2183 quamdam,
2495 2126 2616 2180 quae
2659 2111 2740 2166 lac
2790 2111 2919 2165 illud
2964 2111 3019 2165 in
3067 2126 3254 2165 eorum
3301 2120 3500 2167 ventre

1908 2205 2182 2276 coagulari
2222 2219 2329 2259 non
2371 2206 2534 2260 sinat.
2582 2204 2752 2271 Hujus
2786 2216 2914 2275 ergo
2957 2219 3050 2259 esu
3089 2204 3350 2257 vomitum
3393 2204 3497 2259 sibi

1912 2300 2120 2366 vesperi
2146 2314 2465 2367 provocare,
2495 2313 2591 2367 per
2617 2312 2780 2368 quem
2834 2298 3016 2351 omnia
3058 2295 3219 2351 facile
3246 2295 3494 2365 ejiciant.

1980 2391 2180 2446 Asinos
2199 2390 2338 2463 (62),
2368 2391 2579 2453 scribit,
2612 2391 2779 2444 habet
2815 2389 2965 2443 India
2996 2389 3295 2453 silvestres,
3341 2386 3501 2457 equis

1912 2484 2045 2555 ipsis
2068 2499 2248 2554 pares,
2285 2494 2341 2539 et
2364 2484 2694 2553 quandoque
2744 2481 2982 2549 majores
3018 2481 3148 2551 :qni
3181 2490 3355 2535 totum
3389 2481 3501 2536 albi

1912 2591 2132 2645 corpus,
2154 2587 2323 2645 caput
2354 2576 2529 2633 solum
2560 2576 2764 2629 habent
2801 2588 3164 2643 purpureum,
3194 2573 3499 2643 oculosque

1914 2669 2197 2724 caeruleos.
2230 2668 2413 2723 Cornu
2438 2666 2547 2721 illis
2575 2665 2812 2720 cubitale
2832 2667 3010 2719 media
3044 2667 3288 2734 procedit
3321 2662 3506 2720 fronte

1915 2758 2098 2832 [cujus
2138 2761 2301 2815 scobs
2342 2759 2396 2813 in
2428 2768 2555 2829 potu
2588 2758 2767 2823 datur,
2809 2766 3098 2824 uteturque
3136 2770 3165 2809 a
3203 2756 3505 2811 mortileris

1913 2849 2189 2922 venenis.]
2225 2850 2354 2918 Ejus
2390 2849 2620 2904 inferior
2650 2848 2928 2917 frontique
2967 2848 3211 2917 proxima
3251 2862 3399 2917 pars,
3434 2846 3503 2901 ad

1916 2943 2145 2998 duorum
2172 2941 2475 3012 palmorum
2510 2941 2744 3011 spatium
2774 2939 2991 3007 egregie
3014 2939 3270 3003 candida,
3304 2953 3504 3008 supre-

1913 3050 2003 3089 ma
2040 3036 2093 3089 itt
2127 3050 2356 3090 acumen
2390 3033 2669 3098 desinens,
2700 3047 2822 3085 cum
2854 3045 3075 3086 summo
3112 3032 3311 3086 rubore
3338 3032 3514 3128 ριιῐιῖ-ι

1915 3142 2011 3182 cea
2052 3137 2166 3192 eSt;
2194 3136 2341 3196 quae
2368 3138 2501 3180 vero
2541 3126 2686 3179 inter
2716 3126 2815 3179 has
2844 3125 3028 3180 media
3077 3124 3390 3190 intercedit,
3422 3125 3508 3196 ni-l

1917 3236 2033 3289 gra.
2071 3187 2298 3288 Jamqui
2328 3234 2397 3275 ex
2444 3220 2529 3273 his
2566 3218 2768 3272 bibunt
2803 3218 2951 3289 (nam
2988 3218 3129 3272 etin
3168 3187 3514 3289 pocula-ton!

1917 3262 2033 3289 δη..
2071 3262 2297 3288 --..,.,...
2330 3262 2397 3275 ν,
2445 3262 2529 3273 ...υ
2571 3262 2768 3272 -..,....-
2805 3262 2951 3289 νη...
2991 3262 3044 3272 --
3168 3262 3358 3286 rem-.-
3397 3262 3469 3271 η.

1916 3321 2120 3366 nentur
2158 3326 2222 3365 ea
2271 3309 2497 3381 cornua)
2553 3312 2590 3365 ii
2638 3323 2818 3379 neque
2870 3323 3126 3379 spasmo,
3179 3320 3240 3364 ut
3282 3307 3464 3363 ferunt
3486 3262 3515 3393 ,ξ

1916 3404 2295 3474 corripiuntur
2321 3445 2336 3472 ,
2383 3418 2485 3458 nec
2540 3403 2732 3458 morbo
2772 3416 2955 3458 sacro.
3006 3401 3121 3456 lino
3159 3416 3263 3457 nec
3297 3396 3515 3469 veneno;

224 3487 329 3540 τῶν
348 3486 730 3557 ἐκπωμάτων.
756 3487 819 3540 Ol
845 3486 945 3557 μὲν
975 3482 1069 3539 οὖν
1088 3485 1239 3539 ἄλλοι
1264 3484 1377 3538 ὅνοι
1395 3485 1704 3555 καὶῆμεροι
1719 3483 1811 3537 καὶ

1919 3506 2147 3567 possunt
2167 3496 2285 3551 ltedi
2317 3495 2446 3561 ullo,
2479 3496 2573 3565 qui
2601 3497 2764 3549 modo
2784 3502 2908 3549 ante
2937 3493 3022 3548 vel
3050 3503 3172 3563 post
3204 3494 3332 3569 illud
3369 3480 3515 3547 hau‘J

225 3582 410 3652 ἄγριοι
441 3580 537 3632 καὶ
574 3574 742 3631 τᾶλλα
770 3576 994 3648 μώνυχα
1027 3576 1193 3649 θηρία
1228 3579 1405 3632 πάντα
1433 3575 1814 3644 ἀστραγάλους

224 3671 324 3723 οὐκ
349 3670 576 3740 ἔχουσιν
608 3670 653 3701 ⁸³
678 3670 798 3723 οὐδὲ
829 3669 991 3741 χολὴν
1020 3670 1114 3721 ἐπὶ
1135 3669 1230 3722 τοῦ
1253 3669 1485 3738 ἥπατος
1514 3662 1662 3721 οὗτοι
1689 3667 1735 3699 ⁸³
1757 3666 1815 3720 δὲ

223 3762 317 3815 καὶ
354 3760 710 3832 ἀστράγαλον
748 3763 842 3819 καὶ
882 3760 1044 3832 χολὴν
1085 3761 1179 3814 ἐπὶ
1225 3760 1320 3814 τοῦ
1358 3761 1571 3832 ἥπατος
1609 3759 1813 3830 ἔχουσι,

223 3853 313 3907 τὸν
344 3854 411 3907 δὲ
452 3853 801 3924 ἀστράγαλον
836 3854 1121 3907 κάλλιστον
1145 3847 1218 3908 ὧν
1262 3853 1375 3922 ἐγὼ
1396 3852 1641 3923 ἑώρακα,
1675 3848 1817 3906 οἶόν·

224 3962 331 4016 περ
362 3945 493 4016 βοὸς
525 3946 622 3998 καὶ
651 3946 714 3998 τὸ
749 3940 887 4009 εἶδος
933 3942 1030 3998 καὶ
1065 3945 1128 3998 τὸ
1168 3945 1421 4016 μέγεθος
1464 3945 1636 4016 βαρὺς
1669 3944 1714 3999 δ’
1741 3944 1818 4007 ὡς

225 4038 521 4109 μόλιϐδος,
572 4039 674 4104 τὴν
722 4039 779 4091 δὲ
817 4039 986 4110 χρόαν
1027 4038 1219 4111 ὥσπερ
1267 4039 1578 4111 κιννάϐαρι,
1606 4040 1703 4093 καὶ
1729 4038 1820 4094 διὰ

226 4133 453 4199 βάθους.
489 4130 807 4201 Ταχύτατον
843 4131 901 4184 δέ
944 4132 1063 4185 ἐστι
1092 4131 1153 4184 τὸ
1178 4131 1318 4195 ζῶον
1342 4131 1503 4184 τοῦτο
1531 4132 1628 4185 καὶ
1658 4132 1817 4186 άλκι·

227 4224 507 4294 μώτατον·
543 4222 697 4276 οὐδὲν
721 4224 778 4276 δὲ
808 4222 935 4276 οὗτε
973 4224 1136 4286 ἵππος
1168 4222 1294 4279 οὔτε
1321 4223 1453 4278 ἄλλο
1479 4241 1532 4277 τι
1552 4224 1818 4297 διωκόμε-

227 4333 314 4369 νον
350 4315 799 4387 καταλαμϐάνει.
843 4316 1111 4387 Ἀρχεται
1148 4317 1206 4370 δὲ
1224 4318 1417 4388 τρέχον
1463 4315 1814 4388 βραδύτερον

225 4412 348 4463 ὅσον
389 4408 440 4462 δ’
470 4409 539 4461 ἂν
578 4408 743 4461 πλέον
773 4407 820 4440 ⁸³
846 4409 1037 4479 χρόνον
1060 4408 1254 4481 τρέχῃ,
1289 4408 1588 4463 ἐντείνεται
1623 4408 1821 4480 δαιμο-

228 4503 355 4566 νίως
400 4502 508 4554 καὶ
547 4500 749 4571 μᾶλλον
786 4503 881 4555 κα)⁹
938 4500 1141 4555 θᾶσσον
1189 4500 1396 4573 τρέχει.
1439 4503 1653 4567 Ἀελλως
1712 4502 1819 4572 μὲν

226 4595 320 4650 οὖν
374 4596 429 4627 ⁸⁸
479 4594 756 4665 ἁθήρατόν
788 4596 907 4648 ἐστι
950 4594 1013 4648 τὸ
1055 4594 1196 4658 ζῶον
1257 4594 1438 4649 τοῦτο’
1471 4596 1602 4650 ὅταν
1654 4594 1715 4648 δὲ
1742 4595 1821 4649 τὰ

228 4692 401 4741 τέκνα
438 4687 616 4757 μικρὰ
647 4685 777 4739 ὄντα
801 4686 1140 4757 περιάγωσιν
1181 4684 1281 4740 ἐπὶ
1325 4689 1428 4759 τὴν
1456 4688 1691 4761 βοτάνην
1725 4688 1821 4743 καὶ

230 4779 333 4831 ὑπὸ
396 4778 625 4838 ἱππείας
666 4776 868 4847 πολλῆς
922 4776 1375 4850 περιληφθῶσιν,
1414 4781 1480 4833 οὐ
1541 4779 1820 4850 βούλονται

1919 3598 2091 3654 stum,
2118 3588 2328 3649 vinum,
2368 3600 2591 3657 aquam,
2624 3596 2718 3639 aut
2754 3585 2901 3639 aliud
2936 3585 3215 3654 quidpiam
3250 3600 3315 3638 ex
3350 3584 3517 3708 hisce!

1921 3679 2127 3708 nnaan|:n
2146 3679 2338 3708 ιλιι-...ιη
2392 3680 2462 3708 ΔΑ
2493 3692 2616 3708 ιιι-πη
2651 3677 2832 3708 annus-3
2857 3676 3074 3708 mihi“...
3103 3676 3218 3708 ιῖιοα
3244 3689 3502 3708 anu-nano-

1921 3679 2130 3750 poculis
2146 3679 2363 3733 bibant.
2384 3680 2463 3733 Ae
2493 3692 2617 3733 cum
2651 3677 2832 3731 caeteri
2856 3676 3074 3746 quidem
3103 3676 3218 3731 sive
3244 3676 3517 3753 mansne-ﬁ

1919 3772 1995 3835 ti,
2026 3772 2143 3827 sive
2180 3771 2460 3827 silvestres
2498 3771 2662 3837 asini,
2707 3769 2921 3840 aliaque
2957 3770 3157 3838 quibus
3184 3768 3357 3823 solida
3403 3762 3516 3851 ιιιι-ξ

1924 3862 2047 3935 gula
2081 3872 2185 3927 est,
2220 3863 2479 3918 animalia
2507 3868 2716 3933 omnia,
2746 3876 2926 3933 neque
2944 3863 3086 3916 talos
3119 3859 3377 3925 habeant,
3406 3857 3517 3935 ηιξ-ξ

1923 3931 2031 4028 que
2056 3957 2108 4011 in
2131 3955 2317 4024 jecore
2356 3956 2453 4021 fel,
2478 3931 2598 4011 haec
2619 3965 2799 4010 tamen
2824 3931 3052 4022 utraque
3082 3953 3134 4007 in
3154 3953 3244 4006 his
3259 3931 3517 4028 invenire

1924 4025 2029 4115 est,
2048 4059 2105 4105 et
2137 4049 2303 4103 talu-m
2332 4058 2484 4104 certe
2504 4049 2772 4112 omnium,
2802 4061 2940 4116 quos
2965 4045 3216 4116 equidem
3252 4025 3517 4107 viderim,f

1923 4141 2375 4214 pulcherrimum,
2410 4140 2563 4195 bovis
2587 4139 2698 4195 talo
2729 4148 2785 4194 et
2812 4138 3016 4207 specie,
3052 4148 3109 4192 et
3136 4137 3518 4217 magnitudine

1926 4238 2183 4304 similem,
2208 4238 2303 4292 sed
2337 4236 2511 4290 instar
2548 4233 2756 4305 plumbi
2798 4246 3043 4301 gravem,
3066 4239 3121 4284 et
3146 4228 3295 4283 minii
3328 4227 3511 4282 colore

1927 4333 1995 4386 ad
2019 4331 2205 4385 intima
2232 4343 2402 4399 usque
2421 4328 2727 4382 rubentem.
2750 4322 3163 4379 Velocissimum
3189 4333 3405 4390 quoque
3426 4326 3512 4373 est

1927 4422 2031 4477 hoc
2068 4419 2269 4474 animal
2310 4434 2374 4474 ac
2418 4416 2904 4473 robustissimum:
2948 4422 3007 4466 ut
3047 4428 3146 4467 nec
3172 4425 3370 4480 equus,
3406 4425 3511 4463 ncc

1929 4515 2077 4569 aliud
2125 4513 2293 4568 ullum
2338 4512 2556 4581 assequi
2617 4513 2719 4566 hoc
2770 4506 3148 4578 persequendo
3199 4504 3391 4575 possit.
3443 4501 3511 4556 Et.

1931 4607 2215 4662 remissius
2254 4604 2474 4675 quidem
2520 4603 2676 4658 initio
2721 4615 2945 4655 currere
2984 4599 3129 4654 solet
3179 4614 3195 4651 :
3234 4597 3329 4651 sed
3370 4595 3512 4651 miro

1931 4701 2168 4771 quodam
2202 4698 2384 4764 modo,
2419 4712 2527 4766 quo
2559 4694 2763 4749 diutius
2787 4691 3070 4756 currit,eo
3100 4690 3362 4744 incitatur
3392 4705 3511 4743 tua-

1932 4792 2033 4862 gis,
2067 4799 2124 4844 ut
2147 4790 2267 4859 plus
2291 4799 2455 4858 atque
2481 4785 2721 4839 velocius
2750 4791 2965 4838 'currat.
2991 4779 3148 4847 Quod
3178 4779 3344 4848 igitur
3371 4778 3511 4835 alias

230 4877 467 4946 φεύγειν
492 4872 887 4935 καταλιπόντες
919 4871 1048 4936 τοὺς
1085 4871 1328 4939 πώλους,
1375 4873 1514 4928 ἀλλά
1555 4876 1811 4947 μάχονται

1931 4896 2203 4951 nunquam
2255 4894 2352 4949 per
2412 4880 2758 4933 venationem
2820 4874 2941 4943 capi
2980 4882 3206 4942 posset,
3249 4872 3338 4925 ubi
3382 4886 3514 4927 suos

231 4970 324 5022 καὶ
372 4966 573 5036 κέρατι
610 4962 658 4995 ⁸⁸
722 4962 816 5016 καὶ
862 4961 1202 5033 λακτίσμασι
1260 4964 1355 5017 καὶ
1414 4964 1683 5036 δήγμασι,
1725 4967 1820 5021 καὶ

229 5057 465 5121 πολλοὺς
496 5056 594 5110 καὶ
620 5056 822 5119 ἵππους
853 5056 948 5109 καὶ
985 5053 1189 5125 ἄνδρας
1234 5056 1602 5111 ἀπολλύουσιν
1632 5099 1649 5123 ,
1694 5059 1817 5112 ἁλί-

232 5169 459 5206 σκονται
488 5151 546 5205 δὲ
580 5151 675 5205 καὶ
694 5150 852 5205 αὐτοὶ
888 5149 1232 5218 τοξευόμενοι
1264 5152 1361 5204 καὶ
1387 5151 1820 5223 ἀκοντιζόμενοιο

231 5244 415 5309 ζῶντα
446 5243 560 5315 γὰρ
589 5243 691 5296 οὐκ
733 5241 800 5297 ἂν
824 5242 1031 5307 λάϐοις.
1063 5242 1146 5297 Τὰ
1168 5241 1228 5296 δὲ
1256 5243 1398 5314 κρέα
1452 5243 1541 5300 διὰ
1589 5244 1691 5317 τὴν
1733 5264 1825 5301 πι-

1928 4974 2103 5044 pullos
2143 4972 2319 5026 adhuc
2364 4968 2613 5039 parvulos
2670 4966 2814 5039 49η
2869 4967 2957 5027 ,ιιιΙ
3022 4978 3221 5033 pascua
3264 4964 3519 5017 circuiu-

1930 5067 2131 5123 ducere
2164 5065 2353 5135 cwpit,
2382 5064 2550 5117 multo
2568 5062 2802 5132 cingitur
2825 5058 3073 5129 equitatu
3103 5074 3117 5111 :
3142 5070 3204 5112 ac
3226 5057 3357 5111 dum
3389 5055 3518 5110 reli-

1930 5158 2034 5215 ctis
2058 5157 2217 5229 pullis
2251 5156 2375 5228 fuga
2403 5155 2505 5209 sibi
2540 5153 2831 5210 consulere
2865 5167 2971 5215 non
3004 5149 3147 5213 'vnlt,
3180 5147 3275 5203 sed
3314 5160 3512 5212 cor-nu,

1934 5252 2199 5318 calcibus,
2229 5250 2505 5306 morsibus
2536 5248 2609 5302 ita
2633 5254 2831 5309 certat,
2855 5256 2913 5298 ut
2942 5243 3139 5298 multos
3171 5256 3293 5297 cum
3319 5254 3511 5309 equos,

1558 5381 1799 5439 VARUE
1847 5382 2255 5440 LECTIONES.

298 5474 352 5510 "
378 5470 611 5539 τούτους
643 5495 705 5541 ς.

233 5562 419 5612 νοντες
445 5566 508 5612 ς.

234 5632 366 5675 nus.
439 5619 484 5651 “
518 5613 616 5673 οὖν
644 5634 756 5674 om.
782 5613 850 5674 Ᾱ.
873 5613 885 5621 ’
913 5613 924 5620 ’
949 5620 994 5653 ⁸⁸
1020 5622 1220 5693 κέρασι
1249 5639 1311 5688 ς.

781 5476 829 5508 ⁸⁸
856 5476 1141 5547 βιωτεύειν
1169 5480 1236 5536 Α.
1310 5480 1356 5513 ⁸⁷
1390 5474 1535 5535 οὗτοι
1563 5479 1609 5534 Α
1633 5498 1647 5534 :
1672 5481 1830 5534 αὐτοὶ
1853 5499 1917 5546 ς.

586 5548 628 5578 ⁶¹
662 5545 759 5600 τοῦ
792 5545 1087 5622 φαρμάκου
1113 5551 1179 5605 Α.
1207 5551 1253 5583 ⁸⁸
1279 5551 1381 5606 οὐκ
1418 5551 1633 5622 ἔχουσιν
1655 5552 1780 5605 add.
1816 5545 1895 5608 re.
1936 5551 2004 5607 Α.

1996 5481 2042 5513 ⁵⁸
2074 5480 2150 5544 oi]
2178 5481 2275 5545 καὶ
2305 5480 2354 5532 οἱ
2385 5496 2446 5545 ς.
2519 5477 2565 5509 ³³
2596 5475 2690 5531 καὶ
2717 5484 2774 5530 et
2802 5474 2987 5545 ἔχουσι
3049 5489 3159 5528 οιιι.
3186 5474 3259 5528 Α.
3286 5542 3309 5545 _
3348 5472 3394 5504 “
3415 5470 3517 5545 ξπί-

2080 5542 2325 5624 νοῦ-τοι]
2356 5542 2573 5621 ἐγουσιν
2618 5546 2773 5602 αὐτοὶ
2802 5542 2867 5611 ς;
2939 5544 2983 5577 ⁸⁸
3009 5545 3229 5600 πλείονα
3279 5542 3516 5613 Stepha-

1738 5716 1971 5773 ΝυΤᾸΞ.

1738 5716 1874 5772 ΝυΤ
1956 5758 1971 5773 .

312 5808 426 5881 (52)
457 5810 649 5865 Totam
682 5808 831 5867 hanc
861 5810 1257 5879 narrationem,
1296 5810 1521 5868 mutatis
1544 5811 1808 5868 duntaxat
1854 5716 2385 5883 aﬁuotvocabulis,
2410 5804 2601 5863 retulit
2634 5800 2839 5861 (Elian.
2881 5800 2935 5856 in
2985 5816 3105 5871 cap.
3154 5799 3244 5865 52,
3292 5797 3383 5853 lib.
3436 5806 3511 5859 tv,

238 5877 331 5936 De
346 5877 562 5939 attintal.
