4092 6426
558 426 663 492 2‘27

1708 420 1976 483 PHOTII
2014 416 2522 481 PATRIARCHIE
2563 419 2676 481 CP.

3731 416 3843 483 £8

562 549 675 590 nun
700 534 849 590 viros
877 534 1179 601 interimat,
1208 533 1427 605 sagittis
1452 532 1671 588 tandem
1707 548 1772 587 ac
1796 533 1993 602 jaculis
2009 547 2143 587 con-

2256 532 2491 605 κρότητα
2531 529 2761 603 άϐρωτά
2809 526 3279 600 ἐστι.Θηρεύεται
3325 527 3385 583 δὲ
3428 526 3538 583 τῶν
3585 526 3840 600 κεράτων

556 628 764 683 inssmn
810 628 955 700 (cum
1006 629 1187 682 vivum
1234 626 1493 697 nequeat)
1542 626 1779 695 capitur.
1826 624 2033 680 Carnes
2075 625 2148 679 ob

2252 625 2354 678 καὶ
2382 624 2494 680 τῶν
2515 622 2881 694 ἀστραγάλων
2907 622 3119 678 ἕνεκεν.

558 722 867 776 amaritiem
918 723 1004 777 edi
1054 738 1160 778 non
1198 731 1452 792 possunt.
1496 719 1685 792 Neque
1728 736 1858 776 vero
1905 724 1974 776 ob
2003 722 2151 776 aliud
2192 719 2497 793 quidpiam,
2528 734 2692 790 quam
2730 730 2954 790 propter
2983 719 3159 776 solum
3195 732 3366 774 cornu
3428 725 3485 773 et
3531 715 3673 772 talos
3736 712 3844 771 hoc

558 816 761 869 animal
796 824 1084 869 venantur.

638 904 895 959 ludorum
949 907 1003 959 in
1042 907 1265 963 llninine
1313 909 1513 964 vermis
1563 910 1806 965 nascitur
1845 907 1999 979 (55),
2048 908 2145 972 ait,

557 998 743 1065 specie
774 998 993 1067 quidem
1028 999 1103 1053 illi
1151 1015 1257 1053 non
1292 1002 1584 1067 absimilis,
1619 1002 1711 1071 qui
1760 1001 1972 1056 innasci
2021 1000 2147 1056 ﬁeui

559 1090 743 1143 arbori
775 1090 915 1144 solet
955 1092 1088 1144 :sed
1123 1092 1339 1146 cubitos
1368 1105 1573 1163 septem
1611 1094 1805 1163 longus
1842 1093 1967 1162 (etsi
2003 1092 2146 1146 alius

558 1183 668 1236 alio
700 1182 896 1251 major,
928 1183 1237 1252 minorque)
1265 1194 1319 1239 et
1350 1185 1423 1238 ita
1466 1200 1704 1249 crassus,
1737 1194 1796 1239 ut
1817 1199 1940 1239 eum
1964 1185 2147 1240 decem

561 1287 827 1325 annorum
853 1287 992 1341 puer
1011 1283 1243 1342 utroque
1274 1275 1360 1327 vix
1390 1274 1621 1329 brachio
1654 1276 1908 1343 amplecti
1933 1284 2101 1343 queat
2132 1291 2147 1328 :

562 1364 701 1414 duos
736 1361 1105 1416 tantummodo
1135 1364 1295 1417 habet
1325 1363 1536 1430 dentes,
1571 1379 1735 1433 supra
1785 1380 1973 1432 unum,
2016 1365 2153 1419 alte-

565 1468 685 1505 rum
714 1453 895 1520 infra;
932 1455 1015 1508 his
1054 1456 1314 1524 quidquid
1361 1458 1734 1525 prehenderit,
1774 1459 2017 1512 devorat.
2063 1459 2152 1512 ln-

564 1544 739 1597 terdiu
769 1546 821 1598 in
850 1560 1011 1599 caeno
1043 1545 1287 1599 ﬂuminis
1326 1562 1697 1613 commorans,
1727 1559 1890 1603 noctu
1944 1560 2149 1604 tantum

562 1635 863 1703 egreditur.
898 1638 1052 1701 Quod
1074 1639 1119 1691 si
1155 1646 1265 1690 tum
1285 1636 1425 1692 forte
1447 1639 1501 1691 in
1527 1638 1720 1693 bovem
1756 1650 1850 1692 aut
1880 1641 2148 1694 camelmn

561 1725 838 1792 inciderit,
870 1743 1055 1782 morsu
1085 1741 1396 1799 correptum
1426 1730 1478 1783 in
1507 1728 1706 1785 ﬂumen
1734 1732 1922 1799 trahit,
1950 1742 2148 1787 totum-

560 1833 669 1887 que
703 1830 901 1889 praeter
940 1822 1114 1876 solum
1164 1834 1435 1889 ventrem,
1469 1832 1648 1877 vorat.
1700 1823 1925 1893 Capitur
1956 1825 2146 1896 grandi

562 1912 725 1967 hamo
768 1916 924 1985 cujus
971 1914 1167 1969 ferreis
1197 1915 1411 1970 catenis
1446 1914 1661 1969 haedum
1693 1916 1810 1971 sive
1842 1932 2039 1986 agnum
2073 1917 2151 1969 al-

2322 905 2447 959 Ὀτι
2477 904 2536 957 ὲν
2568 902 2646 974 τῷ
2674 901 2904 973 ποταμῷ
2944 900 3055 955 τῶν
3090 899 3269 955 Ἰνδῶν
3293 900 3338 931 ⁸⁷
3369 897 3589 969 σκώληξ
3620 897 3845 966 γίνεται

2249 998 2312 1052 τὸ
2346 999 2446 1069 μὲν
2473 992 2633 1061 εἶδος,
2657 991 2876 1067 οἷόνπερ
2920 995 2979 1047 ὲν
2997 996 3118 1056 ταῖς
3146 996 3341 1055 συκαῖς
3373 991 3534 1045 εἴωθε
3565 990 3839 1060 γίνεσθαι,

2250 1092 2314 1145 τὸ
2342 1090 2401 1145 δὲ
2434 1090 2611 1161 μῆκος
2639 1091 2835 1159 πήχεις
2864 1086 2910 1119 ⁶⁸
2933 1085 3093 1150 ἑπτὰ,
3117 1086 3211 1138 καὶ
3238 1083 3457 1154 μείζους
3487 1082 3543 1135 δὲ
3566 1082 3659 1136 καὶ
3679 1080 3839 1135 ἐλάτ-

2250 1199 2408 1246 τους·
2441 1182 2504 1235 τδ
2538 1181 2594 1234 δὲ
2623 1182 2794 1250 πάχος
2841 1178 3105 1231 δεκαετέα
3153 1175 3320 1230 παῖδα
3362 1173 3515 1244 μόλις
3557 1174 3689 1242 φασὶ
3717 1173 3841 1235 ταῖς

2251 1277 2410 1348 χερσὶ
2445 1274 2784 1346 περιλαϐεῖν.
2820 1273 3047 1342 Ἔχουσι
3080 1269 3136 1323 δὲ
3173 1268 3395 1330 ὀδόντας
3446 1267 3561 1329 δύο,
3594 1266 3690 1319 Eva
3724 1264 3841 1319 ἄνω

2253 1370 2347 1424 καὶ
2397 1369 2495 1422 ἕνα
2547 1368 2733 1422 κάτω⁸
2777 1364 2905 1437 [156
2956 1362 3051 1436 IL]
3081 1363 3223 1416 καὶὸ
3255 1379 3309 1414 τι
3352 1360 3419 1414 ἂν
3466 1359 3673 1415 λάϐωσι
3723 1361 3843 1422 τοῖς

2252 1463 2456 1528 ὀδοῦσι,
2485 1460 2855 1515 κατεσθίουσι.
2886 1458 2997 1512 Καὶ
3024 1458 3127 1527 τῆν
3163 1456 3261 1527 μὲν
3305 1454 3516 1526 ἡμέραν
3545 1455 3603 1505 ἐν
3632 1454 3697 1522 τῇ
3734 1451 3845 1504 tm

2251 1559 2347 1612 τοῦ
2383 1555 2632 1627 ποταμοῦ
2662 1552 2998 1615 διαιτῶνται,
3031 1554 3096 1621 τῇ
3122 1549 3179 1603 δὲ
3206 1549 3362 1602 νυκτὶ
3385 1547 3717 1617 ἐξέρχονται,
3745 1544 3844 1598 καὶ

2254 1652 2352 1706 ὲάν
2374 1668 2481 1704 τινι
2513 1648 2712 1720 ἐντύχῃ
2741 1648 2784 1679 ⁸⁸
2815 1648 2874 1699 ὲν
2906 1646 2971 1715 τῇ
3014 1646 3086 1713 γῇ
3112 1640 3195 1713 βοῒ
3227 1642 3260 1713 ἢ
3294 1640 3525 1711 καμήλῳ
3549 1640 3644 1691 καὶ
3673 1637 3839 1709 δάκῃ,

2258 1744 2539 1797 συλλαϐὼν
2583 1741 2733 1795 ἕλκει
2768 1742 2849 1803 είς
2894 1740 2988 1793 τὸν
3036 1736 3313 1806 ποταμὸν,
3358 1734 3455 1811 καὶ
3492 1732 3670 1786 πάντα
3708 1747 3844 1784 κατ-

2256 1837 2427 1892 εσθίει
2443 1836 2586 1907 πλὴν
2615 1836 2715 1905 τῆς
2740 1832 2970 1895 κοιλίας.
3002 1828 3323 1900 Ἀγρεύεται
3351 1826 3410 1880 δὲ
3432 1825 3718 1894 ἀγκίστρῳ
3742 1838 3843 1893 με·

2257 1929 2427 2000 γάλῳ,
2488 1926 2677 1998 ἔριφον
2735 1923 2769 1995 ἢ
2818 1923 2957 1996 ἄρνα
3003 1921 3344 1992 ὲνδησάντων
3383 1919 3428 1950 ⁷ο
3472 1918 3567 1971 καὶ
3615 1915 3843 1969 ἁλύσεσι

560 2004 877 2075 ligaverint.
910 2008 1139 2078 Captum
1169 2007 1283 2079 (54)
1313 2024 1411 2077 per
1433 2010 1551 2064 dies
1582 2009 1802 2078 triginta
1824 2024 2148 2079 suspensum

2256 2021 2506 2093 σιδηραῖς
2535 2018 2978 2091 ὲναρμοσάντων.
3012 2012 3412 2085 Ἀγρεύσαντες
3449 2009 3507 2063 δὲ
3542 2008 3846 2080 τριάκοντα

562 2107 773 2163 tenent,
798 2101 1096 2170 suppositis
1127 2101 1294 2164 vasis,
1324 2102 1665 2171 distillatque
1690 2103 1898 2158 interea
1932 2112 2144 2172 tempo-

562 2190 641 2244 ris
673 2206 739 2245 ex
776 2208 841 2247 eo
873 2193 1103 2262 liquoris
1140 2202 1374 2260 tantum,
1408 2206 1673 2263 quantum
1721 2196 1907 2251 decem
1956 2197 2148 2268 eotyla:

559 2282 756 2338 Attica:
789 2284 1033 2352 capiant.
1082 2284 1215 2339 Post
1246 2285 1391 2341 diem
1424 2287 1765 2341 tricesimum
1793 2302 2033 2343 vermem
2068 2290 2149 2357 ip-

561 2389 683 2428 sum
709 2375 996 2445 abjiciunt,
1028 2376 1318 2448 oleumque
1349 2379 1517 2449 probe
1542 2393 1608 2433 ac
1648 2390 1764 2433 tuto
1796 2380 2140 2435 reconditum

561 2468 631 2521 ad
683 2468 856 2521 solum
905 2467 1162 2524 Indorum
1207 2484 1389 2539 regem
1443 2468 1707 2547 aderunt;
1757 2486 1883 2524 nam
1917 2471 2147 2526 aliorum

565 2560 769 2613 nemini
802 2560 1007 2630 aliquid
1036 2560 1197 2629 hujus
1227 2562 1334 2618 olei
1364 2564 1506 2632 apud
1529 2578 1588 2618 se
1616 2564 1818 2618 habere
1846 2563 1995 2619 licet.
2023 2565 2149 2620 Cui-

564 2665 785 2720 cunque
832 2663 1014 2707 autem
1057 2654 1136 2707 rei
1173 2654 1339 2710 hocce
1366 2654 1545 2708 oleum
1576 2653 1739 2708 fuerit
1774 2654 2147 2724 superfusum,

564 2758 687 2798 eam
740 2745 1027 2813 accendit;
1079 2746 1321 2815 adeoque
1358 2746 1498 2816 ligna
1535 2749 1652 2815 ipsa
1685 2755 1848 2816 atque
1897 2748 2151 2802 animalia

564 2835 835 2891 comburit
879 2853 895 2892 :
935 2851 1112 2907 neque
1156 2837 1317 2892 aliter
1389 2838 1666 2908 exstingui
1731 2846 1948 2907 potest,
1986 2853 2150 2907 quam

566 2926 725 2981 multi
757 2927 1038 2996 crassique
1065 2928 1163 2983 luti
1183 2928 1411 2996 injectu.

641 3016 780 3072 Sunt
808 3019 952 3085 apud
974 3015 1137 3073 Indos
1158 3018 1386 3073 arbores
1425 3020 1592 3075 cedro
1621 3030 1716 3075 aut
1744 3033 2007 3089 cupresso
2032 3035 2155 3089 pro-

564 3116 796 3165 ceritate
829 3121 1009 3178 pares,
1035 3110 1229 3180 palma:
1254 3109 1438 3176 foliis;
1464 3113 1627 3181 paulo
1654 3123 1835 3167 tamen
1861 3112 2153 3167 latioribus

564 3213 622 3259 et
662 3205 869 3273 absque
932 3205 1055 3259 sinu
1080 3205 1197 3260 sive
1250 3205 1441 3261 axilla.
1491 3206 1705 3260 Florem
1757 3206 1958 3260 habent
2016 3206 2153 3261 lauri

568 3299 825 3352 mascula:
859 3297 1115 3361 similem,
1170 3298 1267 3352 sed
1296 3297 1533 3351 fructum
1562 3297 1765 3351 nullum
1813 3296 2014 3353 lerunt.
2043 3296 2154 3352 Νυ-

2252 2118 2467 2191 ἡμέρας
2500 2116 2784 2189 κρεμῶσιν
2829 2114 2993 2168 αὐτὸν
3025 2113 3069 2145 ⁷⁸
3110 2112 3205 2166 xai.
3248 2112 3448 2180 ἀγγεῖα
3494 2106 3843 2171 ὑποτιθέασι,

2253 2208 2351 2263 καὶ
2382 2210 2467 2280 ῥεῖ
2488 2207 2549 2273 ἐξ
2572 2206 2737 2260 αὑτοῦ
2766 2207 2891 2260 ὅσον
2918 2204 3050 2259 δέκα
3078 2202 3311 2267 κοτύλας
3334 2199 3588 2263 Ἀττικὰς
3615 2197 3677 2251 τδ
3703 2196 3847 2269 πλῆ-

2254 2300 2368 2365 θος.
2421 2301 2593 2354 Ὅταν
2643 2299 2702 2353 δὲ
2757 2297 3101 2368 παρέλθωσιν
3157 2295 3215 2349 ai
3262 2294 3559 2366 τριάκοντα
3606 2290 3847 2361 ἡμέραι,

2254 2392 2659 2465 ἀπορρίπτουσι
2689 2390 2780 2444 τὸν
2814 2388 3093 2460 σκώληκα,
3127 2386 3223 2441 καὶ
3242 2384 3304 2439 τὸ
3329 2384 3508 2438 ἔλαιον
3536 2380 3848 2450 ἀσφαλισά-

2259 2499 2411 2552 μενοι
2441 2484 2634 2550 ἄγουσι
2660 2480 2739 2552 τῷ
2773 2479 2989 2552 βασιλεῖ
3032 2479 3180 2551 μόνῳ
3208 2476 3320 2530 τῶν
3359 2474 3540 2530 Ἰνδῶν
3560 2488 3574 2503 °
3607 2471 3755 2543 ἀλλῳ
3787 2469 3848 2525 δὲ

2254 2574 2356 2626 οὐκ
2386 2572 2594 2640 ἔξεστιν
2644 2572 2705 2638 ἐξ
2758 2570 2925 2626 αὑτοῦ
2990 2569 3157 2642 ἔχειν.
3190 2567 3363 2622 Τοῦτο
3408 2567 3472 2619 τὸ
3522 2566 3724 2630 ἔλαιον,
3756 2562 3847 2632 ἐφ’

2254 2664 2283 2717 δ
2311 2665 2354 2697 ⁷⁸
2394 2664 2461 2719 ἂν
2490 2663 2750 2735 ὲπιχυθῇ,
2786 2663 3039 2727 ἀνάπτει,
3085 2660 3181 2716 καὶ
3217 2657 3551 2729 καταιρλέγει
3582 2656 3717 2722 ξύλα
3748 2653 3849 2709 καὶ

2258 2751 2393 2819 ζῶα,
2424 2755 2521 2808 καὶ
2560 2755 2735 2818 ἄλλως
2782 2755 2844 2808 ού
2885 2752 3168 2807 σϐέννυται
3194 2752 3241 2805 εί
3276 2749 3353 2822 μὴ
3393 2748 3551 2821 πηλῷ
3574 2745 3756 2818 πολλῷ
3784 2761 3847 2800 τε

2259 2849 2357 2901 καὶ
2381 2849 2568 2918 παχεῖ.

2330 3025 2457 3077 Ὅτι
2490 3026 2606 3078 ἔστι
2636 3024 2829 3096 δένδρα
2854 3026 2915 3079 ὲν
2948 3023 3131 3087 Ἰνδοῖς
3159 3022 3340 3094 ὑψηλὰ
3373 3021 3563 3092 ῶσπερ
3588 3021 3783 3093 κέδρος
3811 3021 3848 3087 ἦ

2260 3118 2593 3188 κυπάριττος
2614 3116 2779 3182 ⁷³,τά
2836 3117 2894 3170 δὲ
2950 3116 3125 3185 φύλλα
3163 3115 3351 3189 ῶσπερ
3412 3113 3609 3185 φοῖνιξ,
3660 3113 3848 3183 ὀλίγον

2261 3211 2575 3281 πλατύτεροι
2591 3228 2605 3241 ⁸
2632 3213 2727 3265 καὶ
2753 3212 3091 3283 μασχαλίδας
3108 3211 3208 3265 οὐκ
3227 3211 3359 3281 ἔχει.
3380 3210 3561 3263 Ἀνθεῖ
3574 3208 3631 3262 δὲ
3654 3208 3850 3280 ὥσπερ

2260 3305 2296 3376 ἡ
2330 3304 2507 3376 ἄρσην
2535 3305 2734 3374 δάφνη,
2768 3305 2982 3377 καρπὸν
3015 3304 3060 3358 δ’
3104 3305 3205 3358 οὐκ
3236 3304 3368 3373 ἔχει,
3399 3303 3758 3373 Ὀνομάζεται
3786 3301 3849 3355 δὲ

568 3404 692 3443 men
725 3388 1035 3443 illislndice
1062 3388 1325 3459 Carpion,
1343 3387 1532 3444 Graece
1550 3388 1858 3461 μυροφόρα.
1885 3388 2151 3444 Distillanl

2262 3396 2476 3450 Ἰνδιστὶ
2510 3398 2608 3467 μὲν
2638 3398 2897 3469 κάρπιον,
2936 3397 3243 3469 Ἑλληνιστὶ
3264 3398 3321 3451 δὲ
3349 3396 3659 3467 μυροφόρα.
3682 3396 3849 3450 Ἔστι

567 3498 629 3537 ea
668 3484 769 3535 hac
802 3496 907 3535 non
929 3481 1221 3537 admodum
1248 3480 1520 3552 frequenti
1559 3482 1774 3548 arbore,
1817 3482 1921 3538 olei
1954 3482 2153 3552 .eujus-

567 3578 694 3629 dam
728 3559 918 3643 gut'taa,
945 3589 1083 3644 quas
1122 3574 1245 3629 lana
1276 3577 1343 3631 de
1382 3583 1579 3630 trunco
1619 3575 1895 3630 abstersas
1935 3575 1988 3630 in
2022 3575 2159 3645 lapi-

568 3670 702 3724 deos
727 3667 924 3723 deinde
953 3668 1262 3724 alabastros
1295 3669 1633 3738 exprimunt.
1663 3667 1874 3729 Modice
1896 3668 2031 3723 illud
2066 3684 2158 3721 rn-

566 3765 727 3816 brum
774 3772 895 3829 est,
943 3772 999 3818 et
1064 3764 1497 3819 crassinscnlum
1568 3762 1881 3818 suavissimi
1933 3775 2159 3833 prorsus

570 3854 782 3920 odoris,
813 3868 978 3924 quem
1005 3854 1172 3908 etiam
1203 3856 1272 3909 ad
1300 3854 1551 3935 quintum
1580 3867 1754 3923 usque
1776 3852 2011 3907 stadium
2052 3849 2161 3903 dif-

567 3948 719 4003 fundi
751 3947 929 4003 aiunt.
966 3945 1080 4002 Soli
1109 3956 1291 4001 autem
1319 3946 1457 4017 regi,
1500 3944 1726 4014 ejusque
1748 3939 2070 4013 propinquis
2104 3940 2159 3994 id

570 4038 772 4094 habere
803 4040 1143 4094 conceditur.
1182 4037 1261 4091 Ex
1290 4052 1355 4092 eo
1390 4052 1513 4091 cum
1541 4033 1796 4089 Indorum
1821 4048 1915 4087 rex
1943 4033 2009 4086 ad
2028 4030 2159 4086 Per-

566 4149 752 4189 sarum
789 4149 973 4204 regem
1000 4134 1205 4203 aliquid
1234 4134 1496 4198 misisset,
1538 4131 1739 4187 vidisse
1762 4128 1904 4201 59b
1954 4142 2015 4184 se
2036 4142 2159 4181 nar-

567 4239 652 4283 rat
699 4228 935 4291 Ctesias.
986 4227 1263 4295 talemque
1302 4228 1527 4280 odorem
1580 4224 1927 4295 percepisse,
1982 4220 2159 4289 qualis

567 4334 745 4388 neque
784 4318 966 4373 verbis
996 4317 1252 4385 exprimi,
1286 4331 1464 4385 neque
1485 4330 1608 4370 cum
1632 4312 1743 4369 alio
1773 4311 1884 4366 ullo
1911 4308 2151 4365 conferri

567 4422 772 4481 posset.

640 4506 870 4560 Casemn
926 4503 1054 4557 item
1086 4488 1181 4555 ‘ac
1254 4500 1437 4554 vinum
1490 4497 1732 4551 omnium
1773 4492 2154 4550 suavissimum

566 4595 771 4651 habere
814 4596 914 4649 hos
955 4601 1177 4658 narrat,
1228 4588 1393 4658 idque
1442 4602 1504 4642 se
1560 4585 1831 4655 gustando
1872 4592 2156 4653 expertqu

564 4688 846 4743 didicisse.

636 4779 803 4845 Fons,
842 4780 942 4843 ait,
979 4776 1032 4831 in
1065 4775 1233 4830 lndiis
1263 4784 1349 4828 est
1393 4772 1659 4841 quadrata
1688 4767 1885 4830 forma,
1914 4765 2153 4836 quinque

446 4891 457 4899 ·
564 4873 794 4929 circiter
811 4871 1064 4925 ulnarum
1084 4868 1314 4923 ambitu.
1340 4865 1510 4935 Hujus
1532 4879 1673 4933 aqua
1697 4862 1771 4916 ita
1791 4861 1937 4915 intra
1958 4873 2150 4914 saxum

566 4965 904 5029 continetur,
933 4972 991 5017 nt
1023 4978 1053 5016 a
1100 4961 1255 5016 labro
1295 4961 1361 5012 ad
1414 4959 1585 5026 ipsam
1635 4956 1798 5010 trium
1834 4954 2147 5009 cubitorum

565 5060 804 5129 spatium
834 5056 1161 5120 intercedat,
1203 5068 1344 5123 aqua
1384 5068 1514 5105 vero
1539 5052 1654 5120 ipsa
1696 5050 1858 5103 trium
1894 5047 2150 5103 similiter

563 5153 815 5208 ulnarum
860 5148 1204 5204 altitudinem
1244 5154 1445 5202 teneat.
1502 5144 1713 5199 Lavant
1756 5143 1808 5196 in
1856 5158 1919 5195 ea
1985 5142 2147 5209 (cum

2258 3491 2316 3545 δὲ
2368 3490 2591 3545 σπάνια.
2632 3491 2847 3544 Ῥέουσι
2895 3492 2954 3545 δὲ
2999 3490 3059 3556 ἐξ
3106 3488 3273 3545 αὐτοῦ
3319 3490 3501 3543 ελαίου
3561 3488 3850 3557 σταγόνες,

2259 3581 2352 3647 οὒς
2378 3582 2426 3614 ⁷⁵
2451 3582 2584 3654 ὲρίῳ
2614 3581 2933 3652 ἀναψῶντες
2962 3582 3072 3636 ἀπὸ
3092 3581 3185 3635 τοῦ
3213 3581 3430 3652 δένδρου
3453 3579 3851 3644 ἀποπιέζουσιν

2259 3676 2340 3737 είς
2384 3673 2762 3745 ἀλαϐάστρους
2807 3673 3065 3737 λιθίνους.
3100 3675 3261 3728 Ἔστι
3308 3674 3365 3727 δὲ
3410 3673 3472 3726 τὺ
3504 3673 3603 3744 μὲν
3646 3673 3849 3743 χρῶμα

2258 3767 2502 3837 ἀτρέμας
2549 3768 2859 3841 ὑπέρυθρον
2892 3770 2989 3823 καὶ
3040 3768 3318 3838 ὑπόπαχυ,
3351 3767 3466 3831 ὄζει
3515 3766 3573 3820 δὲ
3624 3768 3851 3820 πάντων

2263 3850 2353 3925 [95
2382 3852 2471 3926 Η.]
2504 3854 2723 3926 ἥδιστον
2745 3874 2759 3887 ο
2790 3856 2934 3923 ϐζειν
2958 3857 3016 3910 δέ
3052 3874 3220 3928 φασιν
3262 3857 3397 3910 αὐτὸ
3429 3859 3524 3910 καὶ
3562 3857 3657 3911 ἐπὶ
3681 3856 3849 3911 πέντε

2261 3942 2530 4008 σταδίους.
2558 3946 2723 4017 Μόνῳ
2748 3946 2805 4000 δὲ
2835 3946 3048 4017 βασιλεί
3070 3946 3269 4017 κτητόν
3288 3947 3403 4000 ἐστι
3422 3946 3581 4000 τοῦτο
3611 3947 3709 4000 καὶ
3734 3949 3850 4012 τοῖς

2260 4037 2581 4105 συγγενέσιν
2609 4038 2800 4094 αὐτοῦ.
2832 4039 2942 4093 Καὶ
2974 4038 3223 4110 ἐπεμψεν
3252 4039 3298 4071 ’⁵
3326 4041 3355 4092 ὁ
3382 4037 3556 4092 Ἰνδῶν
3584 4038 3664 4110 τῷ
3700 4039 3851 4110 Περι

2261 4129 2373 4183 σῶν
2407 4128 2636 4199 βασιλεῖ,
2691 4131 2786 4185 καί
2821 4148 2986 4202 φησιν
3013 4132 3059 4164 ⁷⁸
3094 4131 3222 4185 ἰδεῖν
3267 4132 3403 4185 αὐτὸ
3445 4131 3716 4202 Κτησίας,
3753 4134 3850 4185 καὶ

2261 4222 2638 4294 ὀσφρανθῆναι
2668 4224 2842 4297 ὀσμῆς
2870 4226 2989 4289 οἵας
3017 4224 3141 4279 οὔτε
3158 4226 3335 4279 εἰπεῖν
3361 4223 3429 4298 ἦν
3454 4223 3580 4278 οὔτε
3601 4225 3851 4282 είκάοαι.

2330 4491 2455 4545 Ὅτι
2488 4490 2582 4543 τὸν
2608 4490 2774 4560 τυρὸν
2799 4486 3008 4541 καὶτὸν
3036 4480 3181 4539 οἶνον
3214 4486 3435 4539 πάντων
3467 4486 3606 4557 φησὶ
3635 4486 3851 4556 γλυκύ..

2256 4599 2439 4649 τατον,
2472 4582 2550 4645 ὡς
2570 4581 2758 4646 αὐτὸς,
2783 4579 2941 4652 φησι,
2976 4576 3165 4649 φαγὼν
3192 4577 3281 4633 διὰ
3321 4578 3519 4649 πείρας
3544 4579 3775 4651 ἔμαθεν.

2331 4768 2456 4820 ’Ότι
2474 4766 2682 4836 κρήνην
2710 4765 2756 4796 ’⁷
2783 4765 2841 4816 ὲν
2857 4762 3040 4825 Ἰνδοῖς
3062 4777 3248 4831 φησιν,
3273 4761 3398 4814 ὅσον
3420 4759 3582 4815 πέντε
3606 4761 3853 4832 ὀργυιῶν

2260 4861 2295 4930 ἡ
2324 4859 2678 4930 περίμετρος,
2727 4857 3070 4928 τετράγωνος
3103 4854 3151 4886 ⁷⁸
3176 4853 3255 4907 δέ.
3288 4854 3447 4907 Ἐστι
3487 4854 3546 4908 δὲ
3589 4854 3656 4909 τὸ
3700 4854 3853 4929 ὕδωρ

2258 4954 2318 5006 ὲν
2345 4952 2522 5023 πέτρᾳ.
2547 4969 2561 4982 ·
2594 4950 2757 5020 βάθος
2795 4951 2852 5003 δὲ
2900 4944 3041 5002 εἶναι
3094 4946 3261 5017 μέχρι
3302 4947 3397 5000 τοῦ
3433 4945 3627 5009 ὓδατος
3675 4948 3854 5018 τριῶν

2259 5044 2473 5115 πηχῶν,
2501 5044 2563 5098 τὸ
2592 5045 2652 5098 δὲ
2689 5042 2813 5097 καθ’
2843 5042 3034 5103 ὓδατος
3073 5040 3246 5108 τριῶν
3288 5039 3549 5111 ὀργυιῶν.
3578 5040 3852 5095 Λούονται

2257 5136 2314 5188 δὲ
2340 5137 2401 5188 ἐν
2433 5134 2585 5206 αὐτῷ
2613 5134 2662 5188 oi
2715 5133 3111 5203 ἐπισημότατοι
3140 5132 3251 5186 τῶν
3279 5131 3479 5200 Ἰνδῶν,
3520 5135 3617 5186 καὶ
3648 5134 3852 5204 ἄνδρες

1848 5274 2079 5332 νΑιιιλΕ
2121 5274 2416 5332 LECTION
2426 5276 2525 5332 ES.

632 5434 678 5466 ⁸⁷
724 5430 906 5485 malim
939 5428 1019 5498 τῷ
1062 5426 1228 5498 Ἰνδῷ.
1305 5425 1601 5498 ⁸θνπὴχεων
1616 5442 1737 5498 ςη-
1761 5420 1810 5498 ’ξ
1842 5420 1937 5498 ἐάν
1963 5435 2069 5498 τινι
2105 5416 2302 5498 ἐντύχῃ
2336 5416 2382 5472 Α
2411 5434 2425 5470 :
2462 5417 2669 5498 τούτῶν
2702 5417 2761 5498 85
2786 5416 2856 5498 διν
2886 5416 3084 5498 ἐντύχῃ
3118 5415 3225 5498 τινι
3253 5433 3315 5498 ς.

1179 5434 1228 5499 ξ).
1305 5434 1349 5458 ⁸⁵
1380 5434 1601 5495 πήχεων
1624 5442 1683 5487 ς.
1761 5434 1807 5452 ’⁷
1842 5434 1937 5473 εαν
1963 5435 2069 5470 τινι
2105 5434 2302 5486 εντυχῃ
2336 5434 2382 5472 Α
2411 5434 2425 5470 ἶ
2462 5435 2669 5471 τουτων
2702 5434 2761 5480 ος
2791 5435 2856 5471 αν
2886 5434 3095 5541 εντυχὲ

1247 5498 1291 5529 τι
1314 5497 1444 5549 αὐτὸ
1476 5498 1538 5549 Α,
1615 5496 1660 5524 τι
1689 5490 1739 5595 ὃ]
1778 5484 1822 5557 ᾧ
1862 5492 1925 5542 Α.
2017 5488 2063 5519 ⁷³
2094 5488 2437 5555 κυπάρισσος
2474 5506 2533 5554 ς’.
2610 5487 2656 5519 ⁷⁵
2688 5487 2804 5555 οὒς]
2837 5503 3016 5543 nonne

1179 5587 1183 5595 .
1210 5568 1262 5595 2‘.
1288 5569 1343 5595 ιε
1383 5566 1547 5595 ...Κ-λῆ
1580 5582 1616 5595 ι-
1745 5563 1764 5594 6
1798 5562 1965 5595 manis)
2002 5575 2059 5595 P,
2158 5558 2201 5587 ’Π
2227 5560 2401 5595 ννιῆυνι
2426 5576 2467 5595 r-
2566 5558 2611 5590 τθ
2635 5559 2976 5595 ηεφηνῧνιηυηρ
3009 5572 3095 5595 nm

2158 5558 2201 5587 "
2227 5560 2404 5628 κρήνη
2426 5576 2488 5624 ςο

560 5506 639 5573 τῷ
666 5502 951 5571 ἀγκίστρῳ
978 5498 1075 5573 ,καὶ
1109 5516 1170 5573 ς.

562 5562 810 5645 ἐπεμψεν
839 5562 886 5627 AI
917 5562 935 5627 Ξ
971 5568 1185 5641 ἔπεμψε
1207 5568 1263 5622 δὲ
1287 5569 1345 5635 ἐξ
1382 5566 1547 5621 αὑτοῦ
1579 5582 1638 5629 ς.
1719 5562 1764 5595 ⁷⁸
1798 5562 1965 5629 φασιν
2002 5575 2063 5622 ς.

3420 5416 3467 5447 ⁷⁸
3500 5413 3854 5483 ἐνδησάντων

2610 5487 2656 5519 ⁷⁵
2688 5487 2804 5555 οὒς]
2837 5483 3166 5550 nonne-"ag?
3196 5484 3501 5555 ἀνάψαντες
3533 5502 3594 5548 ς.
3675 5483 3721 5515 ⁷⁸
3750 5484 3854 5537 καὶ⁸

2566 5558 2611 5590 ⁷⁸
2635 5559 2976 5629 τετράγωνος
3009 5572 3120 5613 orn.
3155 5573 3214 5621 ς.

2083 5671 2315 5733 NOTAE.

633 5813 749 5885 (55)
785 5813 908 5870 llrec
952 5817 1094 5885 ipsa,
1134 5810 1438 5885 atqtteralia
1481 5808 1545 5860 de
1584 5805 1707 5885 hoc“
1723 5814 1907 5885 verme
1948 5796 2127 5869 plura,
2156 5794 2428 5864 excerpsit
2475 5808 2537 5849 cx
2573 5792 2755 5850 Ctesia
2792 5791 2990 5848 (Elian.
3040 5789 3137 5849 lib.
3178 5804 3230 5860 v,
3259 5803 3381 5860 cap.
3414 5789 3470 5856 5,
3510 5788 3584 5845 De
3614 5788 3849 5849 animal.

788 5886 932 5943 Idem
965 5872 1031 5943 de
1062 5872 1126 5944 eo
1153 5872 1590 5941 tet-Philostratus
1622 5872 1806 5928 rel‘ert.
