4092 6404
274 422 368 488 229
1327 405 1865 467 'BIBLIOTIIECA.
1902 404 2154 467 ~COD.
2198 406 2439 468 LXXII.
3404 409 3514 476 230

269 525 354 578 καὶ
382 523 560 586 παῖδες
588 522 686 577 καὶ
736 525 994 592 γυναῖκες
1016 540 1030 553 ·
1068 521 1383 593 κολυμϐὦσι
1426 525 1483 578 δὲ
1526 525 1618 577 ἐπὶ
1663 524 1829 588 πέδας
1859 532 1885 587 Λ

1933 522 2201 592 purgandi
2242 525 2491 592 corporis
2520 539 2710 589 causa,
2766 534 2878 579 tum
2917 534 2973 578 ut
3000 527 3311 580 morborum
3354 542 3519 584 omne

270 616 525 687 ῥίπτοντες
559 614 812 679 ἑαυτούς.
847 616 1016 669 Ὅταν
1047 616 1105 668 δὲ
1156 615 1510 686 εἰσπηδῶσιν,
1567 615 1824 669 ἐκϐάλλει

1934 626 2106 679 genus
2151 610 2488 679 abarceant)
2541 613 2795 667 ludorum
2834 617 3222 683 spectatissimi
3271 618 3516 686 quique.

267 706 449 769 αὐτοὺς
473 705 532 757 τὸ
558 706 701 777 ὕδωρ
729 709 862 760 ἄνω.
894 708 1010 761 Οὐκ
1036 706 1361 778 ἀνθρώπους
1389 708 1447 760 δὲ
1479 708 1639 777 μόνον
1664 709 1826 780 ἀναῤ-

1933 719 2055 757 cum
2092 706 2357 759 uxoribus
2401 704 2686 760 acliberis
2722 726 2737 761 ;
2774 717 2829 761 et
2865 718 3057 761 natant
3093 709 3143 761 in
3179 711 3346 776 pedes
3398 723 3517 765 sese

266 799 449 868 ῥίπτει,
476 797 609 851 ἀλλὰ
642 799 737 852 καὶ
762 798 890 853 ἄλλο
913 801 942 852 ὃ
970 817 1025 852 τι
1053 801 1120 854 ἂν
1208 800 1346 864 ζῶον
1377 800 1626 871 ὲκρίπτει
1657 801 1739 864 εἰς
1764 800 1826 853 τὸ

1933 794 2315 863 conjicientes.
2353 794 2489 849 Nam
2526 799 2747 866 quando
2778 797 3051 861 insiliunt,
3084 797 3391 865 ejaculatur
3419 813 3516 855 eos

264 889 428 960 ξηρὸν,
455 889 546 941 καὶ
569 889 678 953 ζῶν
724 892 819 943 καὶ
866 890 1146 962 τεθνηκὸς,
1186 892 1283 944 καὶ
1314 891 1501 954 ἁπλῶς
1549 891 1727 944 πάντα
1756 892 1825 944 τὰ

1932 902 2069 956 aqua
2101 903 2342 942 sursum.
2374 887 2560 959 Neque
2588 890 2837 944 homines
2860 891 2933 944 ita
2965 893 3310 946 solummodo
3342 892 3392 945 in
3417 907 3510 945 su-

262 980 619 1050 ὲμϐαλλόμενα
658 982 803 1051 πλὴν
833 983 1056 1053 σιδήρου
1081 983 1177 1036 καὶ
1206 983 1452 1054 ἀργύρου
1488 984 1532 1015 ⁷⁸
1568 983 1663 1035 καὶ
1690 1000 1824 1053 χρυ-

1932 977 2100 1032 blime
2125 979 2281 1045 jacit,
2325 981 2421 1034 sed
2451 983 2684 1050 quodvis
2707 982 2875 1036 etiam
2906 983 3131 1047 animal,
3165 985 3348 1038 vivum
3382 984 3514 1039 illud

264 1075 346 1125 σοῦ
370 1076 461 1127 καὶ
485 1074 689 1144 χαλκοῦ
712 1092 726 1105 ·
756 1076 929 1130 ταῦτα
958 1077 1016 1129 δὲ
1042 1077 1257 1146 δέχεται
1287 1077 1462 1130 κάτω.
1498 1075 1654 1129 Ἐστι
1682 1075 1738 1128 δὲ
1761 1076 1824 1128 τὸ

1930 1076 2000 1129 sit
2030 1077 2147 1130 sive
2181 1089 2479 1142 mortuum,
2508 1078 2561 1132 in
2597 1078 2801 1134 siccam
2841 1078 2995 1147 ejicit
3030 1090 3231 1134 terram
3265 1097 3281 1134 :
3318 1082 3427 1135 imo
3455 1089 3510 1136 et

262 1162 388 1234 ὕδωρ
416 1164 552 1216 πάνυ
592 1166 801 1237 ψυχρὸν
834 1167 929 1220 καὶ
955 1168 1050 1237 ἡδὶ)
1087 1171 1264 1221 πιεῖνο
1303 1168 1473 1238 ψόφον
1507 1168 1564 1220 δὲ
1592 1169 1822 1237 παρέχει

1930 1183 2271 1238 quaecunque
2309 1171 2359 1222 in
2398 1186 2515 1224 eam
2550 1171 2871 1239 injiciuntur
2904 1173 3014 1243 (55)
3044 1189 3059 1238 ;
3090 1173 3133 1226 si
3168 1175 3390 1236 ferrum,
3416 1188 3516 1225 an-

262 1258 438 1327 μέγαν,
467 1257 658 1330 ὥσπερ
692 1261 813 1322 ζέον
834 1262 898 1314 ὲκ
937 1261 1185 1327 λέϐητος.
1214 1260 1483 1329 Καθαίρει
1512 1261 1569 1313 δὲ
1592 1260 1649 1312 τὸ
1681 1258 1824 1329 ὕδωρ

1934 1276 2080 1325 rnni,
2112 1277 2206 1327 ms,
2248 1273 2411 1331 atque
2445 1274 2726 1330 argentum
2761 1265 2905 1334 (qua:
2941 1266 3053 1318 sola
3086 1266 3137 1318 in
3169 1264 3392 1319 fundum
3422 1267 3516 1318 de-

260 1348 401 1402 τοῦτο
444 1352 647 1421 ἀλφοὺς
695 1356 790 1407 καὶ
823 1354 1174 1424 ψωριῶντας.
1211 1355 1474 1408 Καλεῖται
1514 1353 1569 1406 δὲ
1608 1351 1825 1406 Ἰνδιστὶ

1934 1353 2124 1420 mittit)
2162 1355 2427 1423 excipias.
2460 1357 2613 1425 Aqua
2650 1357 2766 1424 ipsa
2802 1356 3099 1426 perfrigida
3132 1366 3235 1421 est,
3284 1366 3343 1410 et
3387 1363 3514 1423 potu

260 1445 873 1516 Ballddn,'ED.qw.uzi
899 1447 955 1498 δὲ
984 1446 1261 1518 ὠφελίμη.

1933 1446 2155 1511 suavis;
2194 1462 2314 1515 qua:
2357 1456 2410 1499 et
2458 1449 2747 1515 strepitum
2777 1450 2889 1502 edit
2922 1465 3202 1514 magnum,
3251 1448 3427 1518 qualis
3463 1450 3516 1503 in

260 1538 415 1592 lebete
446 1541 742 1594 bullientis.
777 1540 948 1595 Sanat
992 1540 1106 1595 hzec
1134 1540 1402 1611 vitiligine
1436 1549 1490 1594 et
1522 1537 1707 1593 scabie
1733 1536 2044 1591 laborantes
2076 1556 2089 1591 :
2140 1550 2483 1608 vocatnrque
2529 1540 2709 1608 lingua
2779 1541 2958 1594 Indica
3016 1539 3280 1607 Ballade,
3327 1540 3518 1596 Grzeca

257 1635 510 1704 ὠφελίμη,
535 1636 585 1687 id
615 1645 719 1699 est,
747 1636 917 1689 utilis.

319 1726 462 1779 Εἰσὶν
487 1725 534 1756 ⁸ο
568 1728 627 1778 ὲν
669 1728 783 1788 τοῖς
817 1725 971 1796 ὄρεσι
999 1727 1115 1789 τοῖς
1139 1725 1403 1789 Ἰνδικοῖς,
1444 1725 1577 1777 ὅπου
1605 1726 1633 1776 ὁ
1658 1722 1825 1775 κάλαο
1853 1725 1899 1783 Β

2002 1714 2267 1770 Versatur
2298 1718 2350 1770 in
2371 1717 2479 1772 illis
2512 1717 2677 1773 ludite
2720 1720 2994 1775 montibus
3032 1720 3169 1791 (56),
3208 1720 3262 1775 in
3310 1723 3515 1792 quibus

261 1834 347 1887 μος
379 1818 559 1870 αὐτῶν
596 1818 815 1887 φύεται,
843 1818 1121 1889 ἄνθρωποι
1149 1818 1224 1870 τὸ
1254 1817 1457 1888 πλῆθος
1489 1816 1669 1869 αὐτῶν
1694 1815 1823 1886 ἄχρι

1933 1809 2178 1864 calamus
2216 1810 2432 1865 Indicus
2447 1815 2707 1878 nascitur,
2735 1827 2904 1882 genus
2931 1814 3210 1867 hominum
3242 1815 3514 1884 quoddam

262 1913 345 1964 καὶ
393 1912 562 1982 τριῶν
618 1911 915 1981 μυριάδων,
965 1912 1185 1964 Τούτων
1255 1912 1310 1964 αἱ
1364 1911 1623 1977 γυναῖκες
1676 1906 1825 1972 ἅπαξ

1933 1901 2000 1953 ad
2040 1900 2259 1967 triginta
2298 1900 2488 1964 millia,
2526 1916 2761 1971 quorum
2806 1902 3023 1958 feminae
3054 1904 3221 1958 semel
3252 1907 3518 1960 duntaxat

261 2003 517 2057 τίκτουσιν
538 2004 598 2054 ἐν
614 2003 691 2072 τῷ
710 2003 828 2074 βίῳ,
844 2004 939 2057 καὶ
951 2004 1019 2056 τὰ
1038 2005 1332 2072 τικτόμενα
1356 2002 1576 2063 ὀδόντας
1599 2001 1710 2070 ἔχει
1729 2000 1824 2054 καὶ

1931 1990 1985 2045 in
2014 1991 2123 2044 vita
2164 1992 2383 2060 pariunt
2437 1993 2635 2059 fetum,
2672 1994 3036 2062 pulcherrime
3066 1997 3209 2050 infra
3239 2012 3518 2067 supraque

260 2096 319 2147 τὰ.
345 2097 449 2149 ἄνω
464 2098 558 2149 καὶ
581 2096 703 2149 τάει
737 2097 889 2150 κάτω
909 2098 1051 2149 πάνυ
1070 2096 1287 2160 καλούς·
1320 2096 1416 2148 καὶ
1434 2096 1532 2155 τὰς
1560 2095 1752 2164 τρίχας
1771 2094 1821 2125 ⁸³

1932 2086 2232 2150 dentatum,
2262 2084 2626 2155 omnibusque
2659 2096 2767 2139 tam
2810 2086 3031 2142 feminis
3060 2104 3225 2157 quam
3255 2092 3514 2145 masculis

256 2189 342 2251 τάς
378 2207 435 2242 τε
471 2192 531 2242 ἐν
556 2192 624 2261 τῇ
674 2190 882 2261 κεφαλῇ
914 2189 1010 2243 καὶ
1040 2192 1160 2251 ταῖς
1181 2188 1382 2259 ὀφρύσι
1418 2187 1609 2250 πολιὰς
1633 2187 1679 2218 ⁸³
1706 2186 1821 2256 ἔχει

1930 2182 2038 2252 jam
2075 2179 2199 2233 inde
2234 2194 2263 2231 a
2322 2178 2629 2243 nativitate,
2681 2189 2737 2233 et
2766 2179 2963 2247 capitis
3001 2189 3056 2234 et
3097 2181 3515 2248 superciliorum

257 2280 413 2335 πάντα
429 2282 493 2335 ἐκ
510 2282 764 2351 γενετῆς,
782 2285 879 2335 καὶ
901 2282 970 2336 τὰ
986 2282 1155 2351 θήλεα
1173 2280 1240 2342 ⁸⁵,
1259 2281 1353 2333 καὶ
1366 2280 1435 2332 τὰ
1450 2282 1676 2351 ἇῤῥενα.
1694 2279 1823 2333 Μέ-

1927 2273 2022 2345 pili
2056 2278 2280 2326 canent.
2320 2267 2505 2338 Usque
2553 2268 2622 2322 ad
2657 2269 2991 2323 tricesimum
3029 2283 3163 2339 ergo
3188 2273 3388 2336 aetatis,
3414 2288 3516 2326 au—

256 2389 335 2444 κρι
361 2375 453 2444 μὲν
482 2370 581 2428 οὖν
607 2373 649 2427 λ’
680 2375 816 2428 ἐτῶν
847 2374 1047 2438 λευκὰς
1077 2374 1189 2443 ἔχει
1213 2374 1441 2435 ἕκαστος
1469 2372 1579 2425 τῶν
1615 2370 1822 2441 ἀνθρώ-

1928 2382 2083 2430 nunt,
2125 2363 2279 2417 albos
2332 2361 2498 2415 habet
2548 2374 2736 2414 eorum
2775 2359 3010 2429 quilibet
3051 2362 3219 2417 totius
3267 2367 3516 2434 corporis

258 2483 361 2518 πων
380 2466 607 2521 ἐκείνων
636 2466 735 2531 τὰς
772 2466 966 2537 τρίχας
1006 2467 1131 2519 καθ’
1164 2466 1209 2498 ⁸⁸
1233 2465 1356 2520 ὅλου
1401 2464 1495 2517 τοῦ
1544 2462 1818 2532 σώματος,

1926 2456 2088 2527 pilos,
2131 2454 2222 2525 qui
2256 2452 2513 2520 deinceps
2544 2450 2853 2521 nigrescere
2883 2451 3169 2519 incipiunt,
3210 2453 3335 2507 dum
3358 2470 3519 2509 sexa-

257 2555 494 2626 ᾰρχονται
529 2557 589 2610 δὲ
622 2556 830 2609 ἐκεῖθεν
861 2555 1209 2626 μελαίνεσθαι
1233 2570 1248 2587 ’
1279 2555 1543 2623 ἑξήκοντα
1584 2553 1642 2607 δὲ
1681 2551 1819 2605 ὲτῶν

1927 2551 2135 2620 gesimo
2191 2548 2407 2600 demum
2456 2558 2602 2598 anno
2647 2556 2841 2598 omnes
2903 2544 3129 2598 omnino
3185 2546 3328 2615 nigri
3388 2545 3516 2602 facti

258 2650 562 2718 γενομένους
604 2650 649 2681 ⁸⁸
682 2650 829 2701 ἐστιν
869 2648 998 2700 ἰδεῖν
1028 2648 1223 2710 αὐτοὺς
1255 2649 1432 2709 πάσας
1464 2646 1683 2716 ἔχοντας
1722 2662 1818 2714 με-

1928 2639 2358 2706 conspicianmr.
2399 2634 2641 2691 Octonos
2680 2635 2884 2689 habent
2930 2636 3042 2699 isti,
3100 2637 3200 2690 viri
3252 2651 3410 2705 aeque
3459 2645 3520 2689 ut

256 2735 422 2801 λαίνας
449 2739 518 2799 ⁸⁷.
557 2737 683 2810 [157
722 2736 814 2810 IL]
840 2738 1024 2808 έχουσι
1052 2738 1111 2791 δὲ
1147 2732 1294 2791 οὗτοι
1333 2740 1382 2789 οἱ
1410 2738 1687 2807 ἄνθρωποι
1716 2737 1819 2789 divit

1931 2730 2213 2794 mulieres,
2256 2729 2309 2781 in
2354 2737 2587 2795 utraque
2632 2742 2797 2780 manu
2844 2727 3062 2796 digitos,
3100 2742 3165 2782 ac
3210 2730 3434 2783 totidem
3462 2729 3517 2783 iu

255 2829 382 2882 ὀκτὼ
406 2831 705 2894 δακτύλους
754 2831 840 2899 ἐφ’
874 2832 1112 2901 ἑκατέρᾳ⁴
1141 2829 1188 2862 ⁸⁸
1224 2831 1387 2902 χειρὶ,
1433 2830 1692 2893 ὡσαύτως
1717 2829 1820 2882 ἀνὰ

1927 2820 2156 2891 singulis
2195 2834 2413 2889 quoque
2471 2818 2719 2889 pedibus.
2783 2819 2923 2873 Sunt
2960 2819 3123 2874 etiam
3173 2823 3385 2876 strenui
3423 2819 3520 2875 ad-

257 2919 381 2973 ὼιτὼ
414 2924 506 2992 καὶ
537 2924 650 2983 τοῖς
678 2924 824 2987 ποσὶ,
851 2923 946 2976 καὶ
987 2922 1184 2992 ἄνδρες
1224 2922 1320 2975 καὶ
1360 2924 1617 2988 γυναῖκες
1640 2919 1821 2973 ὡσαύ-

1929 2916 2148 2969 modum
2184 2914 2409 2976 milites,
2450 2922 2506 2968 ut
2538 2911 2795 2967 Indorum
2831 2928 2898 2965 ex
2935 2913 3020 2967 his
3059 2928 3235 2982 regem
3271 2929 3515 2983 sequan-

257 3030 369 3075 τως.
422 3016 546 3067 Εἰσὶ
580 3014 639 3066 δὲ
686 3014 895 3085 σφόδρα
933 3014 1283 3082 πολεμισταὶ,
1318 3015 1413 3066 καὶ
1460 3013 1674 3081 βασιλεί
1712 3014 1820 3064 τῶν

1931 3017 2020 3061 tur
2062 3007 2303 3075 quinque
2343 3006 2754 3077 sagittariorum
2796 3004 3279 3074 jaculatorumque
3325 3006 3517 3059 millia.

267 3102 425 3155 Ἰνδῶν
456 3104 689 3158 ἕπονται
737 3105 951 3169 τοξόται
1000 3104 1206 3156 τούτων
1258 3104 1689 3173 πεντακισχίλιοι
1731 3104 1883 3173 καις

1926 3100 2101 3152 Aures
2131 3113 2261 3152 vero
2290 3098 2397 3152 illis
2436 3108 2597 3152 tanta:
2625 3099 2702 3151 ait
2736 3111 2857 3151 esse
2891 3097 3308 3167 magnitudinis,
3346 3106 3407 3150 ut
3448 3098 3518 3151 ad

253 3196 571 3249 ἀκοντισταί.
589 3196 669 3248 Τὰ
688 3196 744 3249 δὲ
756 3190 872 3249 ὦτά
886 3194 1333 3266 φησιτηλικαῦτα
1349 3194 1514 3266 ἔχειν,
1536 3194 1676 3247 ὥστε
1696 3194 1825 3256 τοὺς

1933 3188 2177 3243 cubitum
2216 3202 2388 3255 usque
2427 3186 2794 3255 dependentes
2826 3186 3049 3241 brachia
3082 3189 3362 3255 obtegam,
3391 3197 3447 3240 et
3480 3201 3513 3241 a

254 3283 527 3356 βραχίονας
557 3287 741 3341 αὐτῶν
772 3288 863 3341 ὑπ’
898 3288 1077 3341 αὐτῶν
1110 3287 1483 3341 καλύπτεσθαι
1529 3287 1692 3357 μέχρι
1715 3285 1822 3339 τῶν

1936 3291 2087 3351 tergo
2118 3279 2352 3333 invicem
2383 3286 2668 3348 tangentes
2700 3288 2846 3335 totos
2875 3279 3125 3351 operiant
3157 3276 3444 3334 humeros.

251 3376 519 3443 ἀγκώνων,
548 3379 647 3431 καὶ
675 3378 901 3432 ὄπισθεν
928 3379 1019 3432 τὸν
1049 3378 1219 3433 νῶτον
1250 3378 1343 3433 ὑπ’
1373 3378 1515 3432 αὐτὰ
1540 3379 1584 3410 ⁸⁸
1623 3395 1818 3447 συγκα-

251 3460 490 3520 λύπτειν·
523 3468 589 3521 τὸ
635 3469 691 3521 δὲ
720 3464 815 3533 οὖς
851 3469 915 3523 τὸ
945 3469 1136 3541 ἕτερον
1173 3469 1269 3524 τοῦ
1304 3470 1492 3541 ἐτέρου
1543 3469 1815 3539 θιγγάνει.

314 3560 402 3614 Est
429 3572 620 3617 autem
674 3562 1037 3632 inA‘Jthiopia
1062 3564 1314 3635 stupendi
1349 3580 1576 3632 prorsus
1643 3566 1859 3621 roboris
1895 3564 2099 3619 animal
2142 3565 2413 3635 quoddam
2465 3572 2728 3617 crocottas
2798 3562 2914 3633 (57)
2957 3556 3311 3633 appellatum,
3365 3562 3523 3634 vulgo

249 3654 540 3726 cyuolycua.
601 3654 808 3711 Ferunt
856 3656 911 3711 id
957 3657 1256 3712 humanam
1302 3658 1574 3712 imitatum
1613 3672 1826 3722 vocem,
1866 3674 1933 3713 ex
1960 3658 2181 3713 nomine
2218 3668 2380 3713 noctu
2440 3656 2690 3712 homines
2738 3672 2995 3722 evocare,
3059 3666 3117 3711 et
3199 3658 3523 3715 accedentes

252 3746 522 3813 devorare,
557 3749 760 3804 habere
807 3750 951 3804 idem
1005 3749 1181 3805 leonis
1218 3750 1743 3820 magnanimitatem,
1783 3752 1908 3821 equi
1971 3751 2342 3816 velocitatem,
2377 3758 2433 3804 et
2474 3751 2615 3804 tauri
2674 3750 2863 3815 robur,
2914 3764 2981 3805 ac
3023 3748 3169 3803 ferro
3185 3749 3405 3820 quidem
3427 3763 3522 3806 ex.

250 3840 482 3908 pugnari.
517 3840 807 3894 lltEttlttBa
842 3856 1058 3912 quoque
1102 3841 1414 3896 Chalcidice
1463 3841 1589 3896 felle
1635 3856 1826 3897 carere
1901 3843 2047 3898 illius
2108 3842 2212 3897 loci
2261 3857 2416 3905 oves,
2463 3857 2767 3912 carnesque
2824 3842 3015 3897 barum
3060 3843 3350 3895 admodum
3399 3857 3522 3899 esse

253 3943 548 3996 amaras,ut
586 3947 653 3987 ne
688 3946 849 3987 canes
882 3934 1101 4002 quidem
1129 3933 1198 3987 iis
1230 3932 1372 3988 vesci
1401 3943 1628 4002 queant.
1656 3934 1824 3988 Aiunt
1861 3944 1916 3989 et
1946 3933 2083 3988 ultra
2127 3932 2431 3990 Maurusias
2452 3933 2639 3989 fauces
2667 3943 2857 3989 aestate
2918 3934 3154 4005 complui
3219 3933 3519 4004 regionem,

252 4023 664 4080 hiemevtorreri.
691 4023 1096 4097 luCyoniorum
1130 4035 1388 4093 prmterea
1421 4026 1640 4095 regione
1658 4024 1864 4079 fontem
1905 4040 2026 4080 esse
2049 4027 2361 4095 quemdam,
2384 4027 2476 4095 qui
2517 4041 2618 4096 pro
2661 4042 2804 4095 aqua
2840 4026 3018 4082 oleum
3054 4028 3340 4095 scaturiat,
3413 4044 3522 4099 quo

250 4116 399 4171 etiam
444 4120 641 4173 incola:
669 4121 736 4170 ad
801 4119 955 4173 cibos
1004 4119 1185 4173 oumis
1228 4120 1447 4188 generis
1496 4130 1738 4173 utantur.
1774 4119 1829 4172 In
1871 4121 2093 4189 regione
2114 4119 2321 4185 adhaec,
2383 4123 2470 4175 cui
2528 4121 2830 4177 Metatridte
2861 4136 3082 4185 nomen,
3116 4137 3223 4175 non
3249 4122 3322 4177 ita
3354 4141 3522 4196 prepe

250 4227 410 4281 mare,
457 4230 587 4273 esse
642 4215 869 4279 fontem,
901 4216 993 4285 qui
1031 4215 1207 4270 media
1264 4228 1422 4271 noete
1457 4216 1934 4271 vehementissime
1966 4215 2270 4279 exundans,
2326 4232 2574 4286 magnam
2612 4216 2797 4284 eiiciat
2873 4217 3103 4288 piscium
3187 4220 3398 4288 rapiam
3463 4224 3516 4279 iu

251 4315 463 4371 terram,
492 4318 556 4362 ut
604 4323 703 4361 nec
740 4288 1063 4377 colligendis
1109 4307 1180 4361 iis
1234 4307 1426 4362 incolae
1472 4307 1825 4370 sufﬁcientes,
1871 4304 2163 4359 maximam
2200 4318 2405 4383 partem
2438 4308 2492 4361 in
2528 4309 2676 4364 sicco
2708 4308 2879 4365 fetere
2899 4312 3104 4366 sinaut.

312 4400 494 4453 Ταῦτα
530 4401 763 4469 γράφων
789 4400 885 4452 καὶ
920 4398 1235 4470 μυθολογῶν
1259 4398 1507 4469 Κτησίας
1540 4398 1691 4467 λέγει
1725 4400 1822 4453 τά-
1851 4410 1896 4466 Ι)

1995 4396 2123 4453 Haec
2147 4399 2272 4453 dum
2308 4400 2502 4453 scribit
2557 4401 2769 4456 Ctesias
2792 4412 2956 4473 atque
2983 4402 3279 4469 fabulatur,
3299 4405 3413 4458 vult
3432 4414 3516 4458 ta-

249 4490 546 4562 ληθέστατα
593 4492 848 4562 γράφειν,
892 4493 1118 4560 ἐπάγων
1147 4492 1224 4555 ὡς
1263 4491 1329 4545 τὰ
1366 4490 1467 4561 μὲν
1508 4491 1671 4555 αὐτὸς
1703 4490 1827 4545 ἰδὼν

1926 4506 2052 4545 men
2076 4492 2361 4547 verissima
2390 4495 2677 4563 scripsisse
2697 4495 2894 4560 videri,
2914 4498 3194 4567 additque,
3216 4498 3297 4552 vel
3323 4498 3517 4565 ipsum-

249 4585 493 4654 γράφειν,
521 4584 597 4638 τὰ
639 4584 696 4637 δὲ
727 4586 859 4655 παρ’
898 4584 1081 4638 αὐτῶν
1124 4583 1314 4654 μαθὼν
1353 4584 1461 4638 τῶν
1508 4584 1728 4639 ἰδόντων
1755 4585 1825 4649 ⁹⁰,

1926 4593 2041 4637 met
2064 4584 2179 4638 suis
2200 4597 2483 4653 spectasse
2500 4588 2674 4643 oculis
2698 4588 2835 4660 (58),
2864 4602 2986 4658 qua:
3008 4590 3203 4644 scribit
3235 4588 3397 4659 50a,
3426 4588 3510 4643 vel

248 4678 403 4731 πολλὰ
430 4678 490 4732 δὲ
515 4676 724 4732 τούτων
755 4680 851 4732 καὶ
878 4677 1015 4733 ἄλλα
1041 4677 1468 4749 θαυμασιώτερα
1492 4676 1827 4747 παραλιπεῖν

1924 4675 1994 4729 ab
2052 4676 2286 4732 oculatis
2339 4689 2488 4732 certe
2527 4680 2756 4734 testilms
2799 4681 3122 4748 accepisse:
3182 4684 3293 4735 bno
3331 4690 3385 4735 et
3430 4681 3514 4736 his

248 4767 326 4823 διὰ
349 4772 410 4823 τὸ
445 4772 526 4842 μὴ
554 4771 706 4836 δόξαι
732 4774 845 4835 τοῖς
875 4770 951 4843 μὴ
982 4769 1338 4841 τεθεαμένοις
1373 4770 1417 4801 ⁹¹
1446 4769 1656 4823 ἄπιστα
1686 4786 1825 4839 συγ-

1926 4767 2085 4837 longe
2106 4770 2284 4839 magis
2304 4772 2623 4826 admiranda
2644 4774 3090 4841 praetermisisse,
3125 4789 3192 4829 ne
3221 4775 3307 4829 cni
3346 4774 3507 4840 forte,

247 4864 490 4932 γράφειν.
537 4863 630 4917 Ἐν
653 4859 735 4928 οἷς
757 4865 855 4919 καὶ
882 4863 1059 4918 ταῦτα
1085 4865 1153 4917 ⁸⁸.

1927 4860 2021 4926 qui
2048 4859 2165 4915 haec
2217 4877 2493 4932 nunquam
2552 4864 2774 4928 viderit,
2812 4865 3031 4935 indigna
3078 4866 3184 4921 fide
3224 4866 3514 4937 scripsisse

1926 4955 2195 5009 videatur.
2222 4953 2320 5009 Hic
2358 4955 2521 5025 igitur
2544 4955 2630 5009 illa
2664 4956 2944 5011 desinunt.

1535 5037 1616 5094 VA
1628 5039 1763 5095 ΒΙᾸΞ
1800 5039 2204 5100 LECTIONES.

308 5138 352 5171 "
387 5139 488 5192 καὶ
502 5135 764 5216 ηᾲάργύρου
794 5135 1180 5216 postumium?)
1214 5136 1383 5206 ponit.
1406 5154 1477 5216 ις.
1551 5136 1775 5216 ξιξ-ἔστιν
1950 5140 2080 5216 εἶτα
2107 5142 2328 5216 adibA.
2407 5143 2453 5174 ⁸⁹
2480 5144 2574 5196 καὶ
2610 5142 2885 5216 τρίχαςέν
2908 5162 2966 5197 τε
2998 5148 3064 5216 τῇ
3116 5164 3177 5211 ς.
3251 5145 3297 5178 ⁸³
3323 5144 3516 5200 πολιὰς

244 5205 283 5257 Δ
314 5205 874 5287 ειπεπολιωμένοξ-ς..
939 5207 985 5238 ⁸³
1017 5205 1332 5287 θήλεια.ςῖ
1405 5209 1450 5287 ’ξδ
1474 5206 1619 5287 καθ’]
1675 5207 1770 5287 καὶ
1814 5210 1859 5261 Α
1909 5228 1922 5263 :
1976 5211 2041 5263 δι’
2074 5230 2133 5287 (ξἴ
2282 5205 2734 5287 γινομένους
2770 5212 2813 5247 ⁸⁷
2872 5227 2991 5285 post
3027 5205 3284 5287 μελαίνας
3313 5231 3434 5270 cum
3468 5219 3515 5269 A

247 5281 393 5357 aut-isi
420 5282 641 5357 τριχας.
689 5278 763 5357 ,⁸⁸
784 5277 1082 5357 ὲκὰστῃῌςέ
1157 5278 1203 5357 εξ
1240 5278 1336 5357 ὑπί
1366 5277 1508 5356 αὐτὰ
1556 5277 1647 5330 Ᾱε
1683 5278 1991 5357 ἅπαντας.
2093 5284 2139 5314 ⁹⁰
2181 5277 2479 5357 ἰδόντωνῖΑ
2516 5301 2530 5337 :
2562 5277 2780 5357 εἰδότων
2814 5277 2886 5350 ς.’
2913 5356 2921 5357 7
2952 5287 2996 5318 ⁹¹
3027 5277 3388 5357 τεθεαμένοις
3414 5288 3455 5340 Α
3497 5304 3510 5340 :

251 5347 415 5403 ταῦτα
451 5342 816 5419 θεασαμένοις
842 5367 904 5414 ς’.
965 5342 1027 5379 ’δ’
1064 5350 1123 5402 ἐν
1147 5342 1227 5411 οἷς
1253 5347 1347 5400 καὶ
1378 5348 1551 5400 ταῦτα
1576 5362 1685 5401 om.
1723 5350 1785 5401 (ὲ.
1814 5342 1962 5406 addit
1991 5369 2097 5424 mg.
2141 5370 2215 5410 rc.
2244 5358 2286 5408 A
2321 5372 2335 5410 :
2369 5356 2537 5409 ἐθέλω
2569 5356 2670 5427 μὲν
2701 5342 2995 5426 ψεύδεσθαι
3041 5342 3222 5414 λένειν
3270 5342 3388 5411 καὶ-
3417 5356 3516 5410 αὺ-

312 5536 423 5606 (55)
449 5536 758 5612 ᾼηιίεοημξ
786 5535 946 5612 Πῖειχ
962 5534 1158 5612 ηιῖηψ-
1200 5533 1324 5612 165,
1358 5534 1496 5612 Ιιξιῃο
1543 5533 1819 5612 ιιθτΐδξξο-
2000 5541 2114 5612 (57)
2148 5544 2405 5600 Assutum
2436 5545 2536 5599 hoc
2580 5559 2611 5601 e
2659 5543 2783 5601 cod.
2839 5544 3125 5610 Bavarico,
3159 5549 3204 5601 si
3237 5546 3378 5604 forte
3405 5548 3513 5603 huc

249 5604 898 5680 acinattingiiadditqne
917 5606 982 5680 ἄν
1010 5622 1064 5680 τι
1096 5607 1315 5680 ἐμπέσῃ
1351 5605 1603 5680 πλάγιον,
1636 5604 1819 5680 ὀρθρν,
1928 5604 2218 5680 pertineat.
2698 5620 2699 5623 “

249 5676 927 5758 ὲνῦαλεῖν.Υἰιί08θ3μιειη
952 5676 1022 5729 ibi
1042 5678 1338 5758 leginaei;
1356 5676 1526 5758 ἀυτὴν
1544 5676 1821 5758 ἀφιεμένα
1928 5676 2113 5758 ’“.(58)
2151 5683 2326 5758 llujns
2342 5685 2506 5758 etiam
2544 5686 2810 5758 Diodorus
2834 5688 3002 5745 Sicul.
3038 5687 3283 5741 meminit
3316 5686 3410 5741 lib.
3444 5701 3509 5758 tu

248 5747 648 5830 καταδέχεσθαι,
685 5745 1205 5830 omissa‘negatibne
1236 5745 1443 5830 prop-1'3
1490 5762 1641 5798 κατα
1671 5745 1824 5815 δέκεο
1928 5750 2070 5804 Bibl.
2098 5745 2309 5830 'cap._'5,
2341 5757 2649 5830 legendum
2688 5756 2891 5815 ﬁliani
2944 5776 3064 5830 cap.
3094 5758 3183 5823 22,
3211 5759 3306 5814 lib.
3340 5746 3510 5813 virile

250 5816 403 5887 σθαι;
432 5816 505 5873 ex
538 5819 658 5881 hoc,
689 5827 840 5886 puto,
864 5817 1063 5874 Ctesias
1098 5820 1217 5873 loco
1247 5816 1531 5887 intelliges.
1929 5834 2121 5878 natura
2150 5816 2369 5880 animal.

312 5886 424 5955 (56)
467 5889 599 5946 Vide
623 5890 870 5963 suprain
904 5905 988 5960 pr.
1023 5893 1078 5948 h.
1112 5891 1237 5948 cod.
1264 5890 1403 5945 Plin.
1426 5886 1528 5945 lib.
1564 5904 1660 5961 vn,
1687 5896 1812 5953 αἳ,
