4058 6426
614 416 739 479 ὙΞὸ

1792 412 2057 474 ΡΗΟἸῚΙ
2090 407 2599 473 ΡΑΤΒΙΑΒΟΙΙᾹΞ
2635 409 2741 469 CP.

3799 410 3903 470 236

624 527 989 596 peritirsimo.
1022 525 1269 580 Fratrem
1316 526 1408 580 hic
1478 527 1663 593 itaque
1721 538 1934 595 tergum
1983 537 2216 587 vertere,

2324 521 2540 589 Θύαμις
2562 520 2620 573 δὲ
2648 520 2894 588 ἐγεγόνει
2943 520 3366 591 ἐμπειρότατος.
3393 522 3485 575 Διὸ
3514 522 3611 575 καὶ
3641 525 3906 592 τρέπεται

631 617 973 686 abiectisque
1030 617 1201 670 armis
1252 630 1314 670 se
1367 616 1649 685 proripere
1698 619 1860 685 cogit.
1908 614 2210 668 lnsectatur

618 710 914 782 *Thyamis,
936 719 991 765 et
1022 710 1209 764 urbem
1231 710 1429 778 sa2pius
1460 724 1623 763 cursu
1649 710 1913 762 ambiunt.
1941 707 2209 777 Thyamin

630 804 950 874 Theogenes
971 802 1240 873 sequitur,
1279 817 1445 871 quem
1498 802 1677 855 visum
1731 800 1944 868 deperit
1983 801 2207 862 Arsace,

618 898 933 952 ‘Oroondati
968 895 1187 965 conjnx.
1208 893 1621 964 Superveniunt
1646 893 1905 948 Calasiris
1933 902 1989 945 et
2012 891 2209 945 Chari-

631 989 773 1042 clea.
798 987 861 1041 Et
884 986 977 1041 ille
1012 986 1231 1056 quidem
1265 986 1469 1040 liberos
1494 985 1715 1051 cognito
1742 984 1795 1037 in
1834 993 2075 1036 mutuam
2103 999 2208 1037 cae-

634 1081 755 1134 dem
784 1094 946 1133 ruere
980 1078 1326 1147 (Calasiridis
1351 1076 1497 1131 enim
1524 1076 1622 1130 lilii
1659 1075 1919 1146 Thyamis
1957 1089 2021 1130 ac
2050 1075 2211 1129 Peto-

631 1174 761 1229 siris
789 1172 968 1243 erant)
994 1171 1261 1235 accurrit,
1286 1180 1342 1225 et
1383 1170 1624 1224 clamore
1646 1168 1883 1232 sublato,
1913 1184 2057 1238 aegre
2109 1185 2213 1222 ca:-

632 1267 753 1320 dem
781 1267 1040 1329 inhibuit,
1063 1266 1206 1335 quod
1243 1265 1328 1317 vix
1352 1269 1631 1332 parentem
1656 1260 1810 1314 liberi
1829 1272 2209 1331 agnoscerent.

628 1356 916 1412 Chariclea
944 1356 1015 1410 ibi
1040 1356 1094 1410 in
1115 1354 1458 1423 Theagenem
1483 1352 1691 1413 incidit,
1716 1366 1781 1405 ac
1810 1352 2002 1420 positis
2020 1352 2212 1405 deinde

632 1451 823 1516 armis,
874 1450 1236 1506 sacerdotium
1289 1447 1552 1519 Thyamis
1594 1447 1819 1517 adeptus
1853 1462 1883 1500 a
1910 1456 2063 1515 patre
2104 1454 2210 1509 est,

631 1545 721 1614 qui
757 1559 883 1599 mox
910 1544 1020 1596 vita
1048 1541 1306 1597 decessit.

702 1725 781 1781 En
825 1726 1019 1779 iterum
1052 1724 1260 1778 insidia:
1300 1723 1531 1777 Arsaces
1568 1719 1620 1776 in
1659 1722 2002 1788 Theagenem
2032 1717 2214 1771 adole-

631 1830 895 1884 scentem,
942 1827 994 1872 et
1051 1816 1418 1872 Charicleam.
1471 1816 1700 1885 Cybeles
1747 1828 1962 1883 quoque
2004 1811 2212 1864 ancillae

2312 612 2402 665 τὸν
2435 612 2685 681 ἀδελφόν.
2727 614 2788 665 '0
2812 612 2869 665 δὲ
2899 613 3079 666 πάντα
3110 614 3272 684 ῥίψας
3308 612 3532 683 φεύγει,
3558 615 3653 667 καὶ
3695 616 3907 668 ἐπιδιώ-

2313 724 2401 759 κει
2427 706 2664 776 Θύαμις,
2698 707 2790 758 καὶ
2811 705 3107 760 κυκλοῦται
3148 706 3412 771 πολλάκις
3440 709 3472 777 ὴ
3499 708 3659 772 πόλις
3677 709 3785 761 ὑπὸ
3814 709 3906 763 τοῦ

2312 798 2538 867 δρόμου.
2572 798 2682 851 Καὶ
2737 799 3049 869 παρέπεται
3097 799 3376 870 Θεαγένης
3401 800 3663 869 Θυάμιδι,
3685 802 3783 853 καὶ
3806 802 3910 873 ἐρᾷ

2313 888 2501 941 τοῦτον
2538 888 2723 941 ἰδοῦσα
2762 890 3007 958 Ἀρσάκη
3046 892 3079 959 ἠ
3136 890 3487 957 Ὀροονδάτου
3522 891 3565 923 ιδ
3596 896 3757 961 γυνή.
3797 894 3909 945 Καὶ

2313 978 2725 1046 καταλαμϐάνει
2770 977 3074 1049 Καλάσιρις
3128 982 3225 1033 καὶ
3267 980 3591 1051 Χαρίκλεια.
3614 983 3727 1035 Καὶ
3752 984 3781 1035 ό
3808 982 3908 1051 μὲν

2315 1070 2441 1123 ἰδὼν
2475 1072 2601 1133 τοὺς
2652 1071 2853 1135 παῖδας
2899 1072 3019 1126 κατ’
3060 1073 3309 1143 ἀλλήλων
3362 1075 3642 1144 φονῶντας
3693 1076 3911 1143 (παῖδες

2315 1162 2425 1232 γὰρ
2450 1161 2783 1233 Καλασίριδι
2816 1162 3032 1234 Θύαμις
3060 1165 3155 1218 καὶ
3194 1165 3510 1237 Πετόσιρις)
3552 1168 3907 1237 προστρέχει,

2313 1256 2540 1325 ἀναϐοᾷ,
2578 1256 2733 1326 μόλις
2760 1256 2962 1326 ἐπέσχε
2997 1257 3089 1310 τὸν
3116 1257 3348 1311 θάνατον
3382 1260 3535 1328 μόλις
3566 1261 3675 1311 τῶν
3696 1261 3909 1312 παίδων

2314 1350 2476 1402 αὐτὸν
2509 1350 2905 1416 ὲπεγνωκότων
2927 1365 2942 1379 ’
2968 1352 3000 1421 ἡ
3022 1349 3081 1404 δὲ
3111 1351 3418 1421 Χαρίκλεια
3440 1351 3736 1403 ἐπιπίπτει
3769 1351 3911 1403 Θεα-

2314 1444 2483 1507 γένει.
2536 1444 2647 1495 Καὶ
2709 1442 2803 1495 τοῦ
2856 1442 3096 1513 πολέμου
3180 1442 3537 1505 συσταλέντος
3602 1444 3643 1475 ¹⁹
3687 1442 3909 1511 δέχεται

2312 1534 2526 1603 Θύαμις
2586 1536 2686 1604 τὴν
2729 1534 3036 1605 ἱερωσύνην
3088 1536 3240 1604 παρὰ
3283 1534 3328 1565 ³ο
3356 1535 3585 1605 πατρὸς,
3641 1535 3807 1599 αὐτὸς
3850 1534 3910 1588 δὲ

2312 1625 2566 1696 τελευτᾷ.

2389 1716 2557 1787 Ἀλλη
2585 1717 2748 1770 πάλιν
2778 1715 3040 1786 ἐπιϐουλὴ
3075 1717 3353 1788 ’Δρσάκης
3375 1717 3517 1771 κατὰ
3536 1718 3644 1771 τῶν
3674 1719 3909 1772 νεανιῶν

2315 1809 2619 1877 Θεαγένους
2648 1811 2742 1864 καὶ
2774 1810 3133 1881 Χαρικλείας,
3176 1813 3274 1865 καὶ
3326 1812 3578 1882 Κυϐέλης
3615 1817 3715 1883 τῆς
3742 1813 3910 1884 θερα-

630 1920 938 1981 promptum
989 1912 1055 1961 ad
1107 1909 1286 1961 omnia
1328 1906 1681 1973 obsequium,
1725 1903 1943 1955 domum
1982 1900 2214 1953 Arsaces

2321 1903 2567 1965 παινίδος
2594 1903 2768 1973 αὐτῆς
2795 1902 3077 1971 πρόθυμος
3117 1904 3198 1967 είς
3265 1905 3447 1957 πάντα
3488 1905 3783 1974 ὑπουργία,
3808 1906 3909 1958 καὶ

630 2018 725 2058 eos
771 2002 1083 2064 evocantis,
1125 1999 1284 2065 hujus
1308 2011 1523 2067 quoque
1564 2009 1719 2049 amor
1766 1995 1817 2047 in
1869 1990 2209 2058 Theagenem

633 2093 977 2159 immodicus,
1021 2092 1287 2146 machinis
1334 2089 1589 2143 omnibus
1633 2084 1887 2153 nequitia:
1929 2080 2209 2143 adhibitis,

629 2189 842 2257 viisque
871 2186 1115 2255 quzesitis
1153 2183 1296 2237 omni
1332 2182 1805 2235 delinimentornm
1838 2189 2054 2242 genere.
2078 2173 2213 2227 Pra-

629 2294 755 2331 vuttt
786 2279 888 2332 huc
914 2274 1125 2329 accedit
1152 2273 1439 2327 consilium
1473 2270 1721 2341 Cybeles,
1745 2283 1865 2337 qua:
1887 2276 2211 2319 venenatum

630 2371 931 2427 Charicles:
970 2367 1219 2436 poculum
1262 2365 1496 2429 miscuit,
1542 2362 1747 2431 sospite
1797 2371 1974 2413 tamen
2024 2357 2214 2413 Chari-

632 2465 770 2523 clea,
822 2463 921 2515 sibi
962 2475 1145 2514 necem
1189 2458 1368 2511 attulit
1407 2457 1640 2511 venelica
1666 2493 1684 2509 .
1729 2452 2011 2507 Cruciatus
2054 2460 2214 2517 atque

632 2568 874 2608 rerumna
924 2550 1226 2619 Theagenis
1274 2557 1329 2600 et
1374 2545 1673 2598 Cltaricleaz
1704 2582 1718 2607 ,
1782 2543 1926 2611 quod
1983 2540 2214 2592 Arsaces

633 2660 875 2699 amorem
898 2643 1215 2710 Theagenes
1235 2640 1577 2693 detrectaret.
1614 2633 1899 2689 Chariclea
1936 2630 2073 2700 ignis
2097 2642 2213 2698 pos-

635 2752 702 2790 na
742 2734 1135 2791 condemnatur
1164 2772 1181 2796 ,
1231 2731 1325 2786 sed
1381 2730 1425 2782 is
1472 2727 1768 2781 Pantarbes
1816 2723 1927 2793 (63)
1956 2763 1970 2786 ,
2024 2721 2214 2788 lapidis

632 2828 901 2883 beneﬁcio
929 2824 1313 2891 exstinguitur.
1343 2820 1434 2876 Sic
1473 2819 1640 2874 evasit
1674 2818 1724 2870 in
1758 2813 2041 2886 praesentia
2076 2810 2215 2865 Cha-

635 2922 825 2975 riclea.
848 2921 1050 2974 Arsace
1074 2918 1287 2970 interim
1332 2913 1614 2967 furibunda
1645 2925 1829 2964 necem
1861 2908 1911 2961 in
1941 2916 2213 2973 postermn

633 3014 774 3067 diem
824 3011 1167 3066 machinatur
1215 3006 1527 3062 Charicleze.
1571 2994 1930 3062 Oroondates,
1986 2997 2216 3050 Arsaces

635 3103 886 3164 maritus,
931 3100 1096 3154 mittit
1127 3098 1401 3171 [Bagoam
1434 3090 1784 3162 eunuchum]
1815 3091 1902 3157 qui
1934 3101 2092 3141 noctu
2119 3086 2216 3138 hos

626 3191 853 3259 juvenes
884 3204 1069 3245 secum
1111 3186 1358 3256 sumpsit.
1392 3185 1530 3255 51b
1591 3182 1681 3235 Sic
1714 3183 1857 3235 enim
1893 3179 2214 3245 imperatum

633 3236 829 3349 inerat,
860 3236 1581 3353 postquamCyrbelis‘iihus,
1611 3288 1705 3343 spe
1756 3236 1997 3341 potiundi
2024 3270 2216 3324 Chari-
2246 3236 2287 3293 Ο

629 3374 767 3431 ciete
818 3374 1020 3443 nuptiis
1056 3373 1367 3431 frustratus,
1419 3382 1755 3436 quaacunqne
1782 3367 1848 3419 ab
1887 3369 2088 3418 Arsace
2122 3379 2217 3432 pa-

638 3477 778 3524 trata
820 3477 1025 3530 essent,
1056 3467 1121 3519 ad
1152 3466 1338 3519 hermn
1372 3464 1645 3531 profectus
1681 3460 1981 3514 nuntiasset
2012 3459 2215 3512 ornnia.

705 3560 1022 3627 Ethiopum
1066 3572 1194 3610 mox
1226 3555 1472 3623 irruptio,
1511 3564 1803 3621 raptusque
1835 3552 2139 3619 Theagenis
2165 3560 2221 3603 et

632 3652 968 3715 Charicleaa,
1028 3660 1189 3717 atque
1236 3648 1303 3701 ad
1349 3647 1632 3718 HyilaSpen
1677 3644 1989 3712 [Ethiopnm
2037 3656 2216 3709 regem

636 3743 891 3799 abducdo
914 3752 1189 3804 narratur,
1229 3748 1283 3793 et
1314 3747 1372 3792 ut
1406 3738 1493 3791 ille
1525 3737 1740 3805 quidem
1775 3734 1882 3789 Soli
1918 3735 2040 3796 deo,
2074 3733 2220 3786 Cha-

637 3838 804 3906 riclea
837 3852 962 3890 vero
994 3836 1160 3889 Luna:
1196 3841 1543 3887 consecretur
1584 3830 1823 3883 victima.
1867 3828 2002 3882 llinc
2044 3836 2219 3880 certa-

638 3933 783 3986 mina
811 3939 867 3986 et
894 3928 1182 3991 sacriﬁcia,
1224 3924 1577 3996 prmsentihus
1622 3922 1953 3981 Sisimithro,
1996 3934 2220 3991 gytnno-

636 4024 1003 4092 sophistarum
1060 4019 1325 4089 principe,
1386 4032 1508 4070 cum
1575 4014 1687 4068 suis
1740 4011 2218 4083 gymnosopltistis.

634 4125 802 4181 atque
853 4111 1074 4170 Persina
1125 4109 1267 4177 regis
1306 4121 1495 4160 uxore.
1540 4103 1781 4157 Postulat
1818 4102 2099 4156 Cltariclea
2136 4102 2217 4155 sui

637 4203 957 4259 defendendi
999 4209 1315 4270 potestatem
1369 4198 1483 4251 tieri
1512 4196 1652 4265 apud
1686 4194 1994 4265 Hydaspen.
2044 4195 2219 4248 Causa

637 4298 781 4351 dicta
814 4304 919 4357 est,
961 4292 1236 4362 iudicante
1272 4289 1604 4352 Sisimithro,
1642 4287 1975 4354 testibusque
2026 4301 2221 4352 super-

635 4390 854 4445 stitibus
908 4386 1300 4456 probantibus,
1353 4380 1619 4452 Ilydaspis
1666 4396 1729 4434 ac
1780 4379 2015 4433 Persium
2056 4378 2219 4430 liliatn

633 4498 757 4538 esse
784 4478 1146 4534 Charicleam.
1194 4475 1323 4543 Regi
1363 4488 1466 4527 non
1508 4473 1643 4525 satis
1685 4472 2084 4540 persuadetur;
2128 4469 2218 4537 qui

2313 1996 2651 2065 πρόσκλησις
2709 1996 2890 2049 αὐτῶν
2947 1998 3040 2049 ἐπὶ
3085 1998 3184 2066 τὴν
3244 1998 3424 2049 οἰκίαν
3468 1999 3765 2068 Ἀρσάκης,
3810 2001 3910 2051 καὶ

2315 2087 2454 2155 ἔρως
2478 2088 2647 2156 αὐτῆς
2679 2088 2815 2158 πρὸς
2844 2088 3124 2156 Θεαγένην
3175 2088 3578 2157 ἀκατάσχετος,
3606 2091 3700 2141 καὶ
3728 2107 3910 2159 μηχαο

2314 2179 2403 2231 ναὶ
2436 2180 2608 2231 πᾶσαι
2645 2180 2739 2231 καὶ¹
2775 2178 2987 2247 μέθοδοι
3018 2177 3315 2231 κακώσεὼν
3348 2196 3407 2231 τε
3438 2180 3533 2232 καὶ
3563 2180 3905 2250 θεραπειῶν,

2314 2272 2410 2324 καὶ
2437 2269 2700 2340 ἐπιϐουλὴ
2725 2269 2819 2341 [96
2850 2268 2943 2340 IL]
3008 2268 3259 2339 Κυϐέλης
3308 2270 3398 2325 διὰ
3430 2271 3727 2340 φαρμάκου
3757 2272 3909 2324 κατὰ

2314 2363 2675 2431 Χαρικλείας.
2723 2362 2977 2431 Σωτηρία
3027 2362 3398 2429 Χαρικλείας·
3451 2366 3549 2415 καὶ
3592 2364 3906 2432 ἀναίρεσις,

2312 2454 2380 2505 δι’
2401 2447 2475 2505 ὧν
2499 2454 2747 2523 ἀναιρεῖν
2780 2454 3103 2523 ἐμελέτησε,
3138 2454 3411 2522 Κυϐέλης.
3439 2453 3784 2521 Στρέϐλωσις
3806 2458 3910 2507 καὶ

2315 2546 2563 2608 κάκωσις
2585 2546 2926 2615 Χαρικλείας
2950 2548 3043 2598 καὶ
3061 2546 3387 2613 Θεαγένους,
3422 2548 3505 2600 ὅτι
3538 2547 3613 2617 μὴ
3652 2548 3909 2601 συντίθε-

2314 2654 2404 2689 ται
2428 2638 2565 2707 πρὸς
2592 2636 2685 2690 τὸν
2728 2638 2999 2708 Ἀρσάκης
3032 2637 3253 2708 ἕρωταὸ
3274 2638 3583 2709 Θεαγένης·
3613 2641 3707 2693 καλ⁸
3733 2642 3917 2710 Χαρι-

2316 2730 2603 2793 κλείαςεὶς
2649 2729 2759 2797 πῦρ
2824 2730 3121 2800 καταδίκη,
3170 2730 3263 2781 καὶ
3320 2730 3415 2782 τοῦ
3483 2730 3655 2800 πυρὸς
3679 2732 3773 2784 διὰ
3805 2736 3915 2802 τῆς

2318 2821 2639 2891 παντάρϐης
2661 2822 2755 2874 τοῦ
2779 2821 2929 2873 λίθου
2961 2822 3317 2884 κατάσϐεσις,
3335 2824 3542 2893 καὶτῆς
3568 2824 3917 2893 Χαρικλείας

2314 2916 2454 2976 τέως
2503 2912 2719 2981 ἄφεσις,
2786 2914 2879 2965 καὶ
2918 2914 3163 2983 ’Λρσάκη
3201 2916 3507 2985 μαινομένη
3547 2915 3641 2967 καὶ
3672 2916 3918 2968 θάνατον

2318 3009 2374 3068 ἐς
2438 3004 2628 3076 αὔριον
2709 3006 3013 3076 Χαρικλείᾳ
3086 3007 3508 3075 εὐτρεπίζουσι.
3605 3008 3918 3077 Ἀποστολὴ

2329 3097 2681 3167 Ὀροονδάτου
2725 3096 2821 3149 τοῦ
2856 3097 2899 3127 ¹¹
2940 3100 3039 3167 τῆς
3074 3098 3352 3168 Ἀρσάκης
3396 3099 3611 3170 ἀνδρὸς,
3646 3101 3742 3151 καὶ
3772 3102 3918 3154 ἀνά-

2320 3191 2483 3261 ληψις
2515 3190 2603 3244 διὰ
2639 3193 2737 3260 τῆς
2766 3190 2960 3252 νυκτὸς
2978 3191 3089 3243 τῶν
3120 3192 3347 3245 νεανιῶν
3368 3206 3383 3220 ⁸
3419 3192 3578 3246 τοῦτο
3606 3196 3713 3264 γὰρ
3742 3211 3922 3265 προσ-

2321 3283 2600 3345 ετέτακτο,
2663 3282 2787 3335 ἐπεὶ
2833 3283 2860 3334 ὁ
2911 3286 3039 3346 παῖς
3067 3285 3166 3353 τῆς
3212 3284 3462 3354 Κυϐέλης
3493 3286 3785 3355 ἀποτυχὼν
3814 3286 3923 3340 τοῦ

2322 3376 2457 3447 πρὸς
2474 3375 2806 3447 Χαρίκλειαν
2823 3391 3025 3445 γαμου,
3041 3378 3239 3441 πάντα,
3259 3378 3359 3430 ὅσα
3374 3380 3440 3448 τῇ
3468 3378 3706 3449 Ἀρσάκῃ
3724 3379 3930 3433 διαπέ-

2321 3486 2533 3539 πρακτο
2557 3470 2623 3533 ’³,
2664 3468 2802 3537 πρὸς
2830 3470 2921 3521 τὸν
2962 3470 3231 3541 δεσπότην
3283 3471 3503 3541 ἀπάρας
3552 3472 3927 3541 ἀπήγγειλεν.

2405 3560 2681 3622 Ἐπίθεσις
2708 3560 2817 3613 τῶν
2844 3562 3144 3625 Αἰθιόπων,
3192 3563 3289 3615 καὶ
3329 3564 3555 3633 ἁρπαγὴ
3603 3564 3931 3633 Θεαγένους

2322 3655 2415 3705 καὶ
2459 3652 2819 3721 Χαρικλείας,
2877 3656 2973 3709 καὶ
3033 3656 3172 3725 πρὸς
3222 3656 3498 3725 Ὑδάσπην
3548 3659 3642 3711 τὸν
3688 3657 3935 3727 βασιλέα

2322 3744 2427 3795 τῶν
2454 3742 2725 3795 Αἰθιόπων
2757 3744 3054 3814 ἀπαγωγὴ.
3092 3742 3222 3797 Εἶτα
3265 3746 3566 3816 ἁφιέρωσις
3604 3747 3818 3799 τούτων
3840 3754 3934 3811 εἱς

2322 3835 2382 3885 τὸ
2409 3834 2660 3903 τυθῆναι,
2701 3834 2801 3905 τὴν
2852 3836 2949 3904 μὲν
2997 3840 3063 3905 τῇ
3096 3836 3324 3906 Σελήνῃ,
3358 3837 3450 3889 τὸν
3489 3838 3546 3890 δὲ
3601 3838 3681 3907 τῷ
3719 3838 3930 3909 Ἡλίῳ.

2324 3922 2454 3977 Εἶτα
2479 3924 2688 3991 ἀγῶνες
2722 3926 2815 3977 καὶ
2842 3925 3045 3990 θυσίαι,
3088 3928 3183 3980 καὶ
3214 3927 3537 3998 Σισιμίθρου
3564 3928 3658 3981 τοῦ
3688 3929 3932 3999 πρώτου

2321 4017 2429 4068 τῶν
2463 4016 2915 4086 γυμνοσοφιστῶν
2947 4016 3045 4070 καὶ
3100 4018 3283 4071 αὐτῶν
3311 4020 3604 4089 παρουσία,
3641 4022 3739 4073 καὶ
3768 4023 3936 4095 Περ-

2325 4112 2478 4181 σίνης
2516 4111 2619 4181 τῆς
2642 4111 2898 4179 γυναικὸς
2918 4112 3012 4164 τοῦ
3034 4112 3320 4177 βασιλέως.
3352 4114 3462 4165 Καὶ
3494 4115 3707 4183 αἴτησις
3736 4118 3935 4188 Χαρι-

2322 4205 2507 4267 κλείας
2559 4206 2645 4257 ἵνα
2684 4204 3069 4275 δικαιολογηθῇ
3113 4204 3381 4276 Ὑδάσπῃ,
3417 4208 3511 4260 καὶ
3547 4207 3933 4275 δικαιολογία,

2322 4300 2418 4351 καὶ
2438 4298 2620 4369 κρίσις
2648 4297 2969 4367 Σισιμίθρου
3030 4298 3126 4350 καὶ¹
3169 4300 3449 4369 μαρτυρία
3491 4300 3574 4353 ὅτι
3607 4302 3937 4369 Χαρίκλεια

2324 4391 2455 4452 παῖς
2502 4390 2590 4458 εἴη
2627 4388 2902 4442 Ὑδάσπου
2961 4391 3055 4442 καὶ
3112 4391 3405 4460 Περσίνης.
3454 4391 3709 4444 Πείθεται
3757 4394 3937 4461 μόλις

2336 4479 2631 4548 Ὑδάσπης.
2667 4479 2827 4531 Ἀλλὰ
2853 4480 2948 4533 καὶ
2968 4479 3141 4542 οὕτως
3174 4481 3328 4547 ἄγειν
3363 4480 3588 4550 ἔμελλεν
3609 4484 3687 4546 είς
3718 4482 3939 4539 θυσίαν

634 4573 798 4626 etiam
833 4571 914 4625 sic
948 4568 1205 4631 hostiam,
1240 4564 1427 4634 patriae
1465 4563 1565 4633 legi
1612 4562 1960 4632 moribusque
1987 4563 2217 4616 obsecu-

2321 4574 2496 4642 τιμῶν
2523 4572 2613 4625 τὸν
2646 4573 2874 4641 πάτριον
2923 4574 3111 4642 νόμον.
3149 4573 3207 4625 Ὀ
3233 4573 3290 4625 δὲ
3342 4573 3516 4643 δῆμος
3562 4576 3939 4647 ἀπηγόρευε,

635 4674 745 4728 tus,
796 4664 1004 4717 caedere
1048 4659 1168 4714 illos
1221 4666 1394 4727 parat.
1447 4654 1684 4725 Populus
1731 4654 2078 4709 contradicit.
2127 4652 2217 4708 Sic

637 4773 855 4813 sursum
906 4755 1072 4810 libera
1118 4751 1270 4807 abire
1306 4750 1458 4821 jussa
1508 4747 1812 4810 Chariclen,
1847 4762 1965 4816 qua:
1999 4746 2217 4815 quidem

640 4849 887 4903 Iiberatio
945 4841 1313 4899 incredibilem
1383 4840 1633 4895 omnibus
1693 4838 1899 4908 peperit
1953 4836 2217 4890 laetitiam.

637 4941 745 4997 Sed
784 4941 977 4994 iterum
1009 4936 1309 4992 Cltariclea’.
1352 4934 1643 4988 discrimen
1691 4942 1955 4985 creatum.
1988 4929 2224 4999 'l‘lteage-

639 5048 739 5087 nes
763 5033 997 5095 vinctus,
1030 5038 1089 5082 ut
1125 5028 1299 5082 hostia
1349 5026 1459 5081 aris
1488 5026 1664 5079 adhuc
1686 5026 2008 5080 destinatur.
2047 5025 2222 5080 Varia:

639 5125 933 5192 multaeque
982 5136 1047 5175 eo
1096 5120 1315 5173 nomine
1358 5119 1497 5187 apud
1540 5126 1815 5187 parentem
1864 5132 2073 5185 preces,
2132 5119 2227 5171 sed

637 5217 734 5274 ille
776 5214 1150 5271 liberationem
1202 5210 1547 5281 Theagenis,
1589 5210 2076 5279 impunitatemque
2136 5209 2229 5264 ab-

638 5311 778 5365 nuit.
812 5310 1008 5363 Animo
1036 5313 1217 5376 itaque
1245 5313 1530 5361 externata
1554 5302 1860 5369 Chariclea,
1896 5304 2078 5357 omnia
2111 5319 2230 5372 quae

639 5404 744 5457 sibi
777 5411 831 5458 et
867 5401 1140 5470 Theageni
1183 5400 1411 5453 adversa
1459 5396 1811 5463 accidissent,
1856 5396 2018 5451 matri
2065 5411 2228 5451 enar-

2328 4665 2423 4717 zatl.
2482 4663 2703 4732 ἀφίεται
2760 4664 3087 4733 Χαρίκλεια,
3136 4666 3231 4717 καὶ
3268 4665 3418 4734 χαρὰ
3463 4666 3682 4720 πάντων
3721 4670 3821 4722 ἐπὶ
3854 4674 3941 4740 τῇ

2328 4756 2538 4823 ἀφέσει.
2578 4754 2751 4821 Ἀγὼν
2780 4756 2941 4807 πάλιν
2969 4755 3127 4818 ἄλλος
3151 4757 3474 4828 Χαρικλείᾳ,
3507 4757 3788 4828 Θεαγένης
3841 4762 3947 4815 ἔτι

2329 4846 2547 4915 δέσμιος
2574 4844 2667 4897 ἐπὶ
2696 4847 2763 4915 τῇ
2795 4844 2976 4915 θυσίᾳ,
3010 4847 3104 4898 καὶ
3152 4846 3301 4914 λόγοι
3334 4848 3467 4917 περὶ
3491 4847 3656 4900 αὐτοῦ
3688 4852 3737 4881 ³³
3775 4854 3952 4922 πρὸς

2327 4939 2421 4991 τὸν
2455 4939 2670 5009 πατέρα
2705 4937 2891 4991 πολλοὶ
2924 4938 3017 4990 καὶ
3032 4937 3289 5001 ποικίλοι,
3319 4938 3415 4991 τοῦ
3443 4940 3499 4992 δὲ
3537 4942 3747 5012 πατρὸς
3776 4944 3956 4996 ἀπὸ·

2330 5048 2511 5094 νευσις
2559 5030 2654 5083 ἐπὶ
2706 5034 2773 5099 τῇ
2824 5029 3075 5083 ἀθωώσει
3120 5030 3459 5098 Θεαγένους,
3506 5034 3604 5087 καὶ
3645 5034 3963 5103 άδημονία.

2332 5121 2685 5193 Χαρικλείας,
2717 5124 2810 5173 καὶ
2846 5122 2981 5192 πρὸς
3015 5122 3114 5191 τὴν
3138 5124 3353 5193 μητέρα
3387 5124 3747 5195 ὲξαγόρευσις
3782 5129 3966 5179 πάν-

2330 5232 2460 5281 των,
2496 5217 2595 5267 ὅσα
2625 5214 2761 5285 αὐτῇ
2813 5215 3116 5285 συνηνέχθη
3150 5218 3244 5268 καὶ
3304 5216 3588 5285 Θεαγένει.
3646 5219 3761 5270 Καὶ
3804 5222 3968 5291 ἀρε-

2334 5308 2489 5360 στεία
2513 5306 2816 5374 Θεαγένους
2840 5308 2932 5359 ἐπὶ
2957 5306 3033 5377 τῷ
3062 5306 3269 5377 ταύρῳ,
3324 5308 3419 5361 καὶ
3464 5308 3557 5361 τοῦ
3588 5309 3769 5378 δήμου
3794 5314 3869 5363 τέ
3881 5332 3971 5384 ρ-

2335 5402 2449 5471 ψις.
2494 5400 2617 5453 "Est
2638 5392 2888 5470 ἀριστεία
2924 5401 2983 5452 ἐν
3029 5402 3095 5471 τῇ
3136 5400 3272 5472 πρὸς
3319 5403 3411 5455 τὸν
3450 5401 3682 5454 Αἰθίοπα
3714 5405 3807 5455 τὸν
3854 5410 3983 5475 μέ-

1956 5537 2187 5595 VARle
2227 5540 2634 5597 LECTIONBS.

697 5635 742 5668 ¹⁸
782 5634 1065 5704 Ὀροδάτου
1106 5651 1167 5697 ς.
1230 5634 1272 5666 ¹⁹
1297 5634 1589 5698 συστάντος
1645 5652 1704 5697 ς.
1751 5635 1796 5665 ²⁰
1828 5635 1951 5703 περὶ
1975 5652 2035 5698 ς.

642 5709 852 5779 ματέρα
888 5717 1117 5774 ponunt.

2114 5636 2157 5665 at
2178 5652 2217 5687 τε

2321 5638 2423 5691 idd.
2458 5637 2523 5688 A.
2584 5638 2627 5666 ¹¹
2652 5637 3021 5707 διεπέπρακτο
3050 5658 3109 5703 ς.
3174 5641 3219 5671 ’³
3250 5640 3381 5711 περὶ
3412 5639 3576 5694 αὑτοῦ
3612 5643 3774 5709 vulgo
3812 5654 3992 5710 pust

2158 5791 2390 5847 NUT/E.

713 5899 827 5971 (65)
861 5898 934 5953 De
960 5912 1061 5967 qua
1099 5894 1215 5949 vide
1236 5890 1427 5947 Ctesias
1450 5888 1630 5944 Indica
1665 5902 1843 5957 supr.,
1874 5899 1926 5941 et
1967 5886 2223 5942 Philusrr.
2268 5890 2359 5942 lib.
2393 5888 2453 5942 lll
2485 5892 2548 5945 de
2588 5893 2702 5946 Vita
2737 5892 3029 5960 Apollonii.
