4092 6410
210 416 304 478 23⁸1

1248 411 1775 474 BIBLIOTHECA.
1816 438 1884 450 --
1923 412 2087 473 COD.
2124 413 2385 474 LXXIV.

3353 418 3462 482 238

212 546 384 599 γιστον
409 528 571 599 πάλῃ,
632 528 730 580 καὶ
758 527 885 596 νίκη
916 524 1168 596 λαμπρὰ,
1205 528 1300 579 καὶ
1331 527 1525 596 κρότος
1559 526 1653 579 τοῦ
1676 526 1769 595 δή-

1881 534 1977 577 rat.
2016 523 2333 594 Theagenes
2390 524 2607 578 interim
2647 533 2860 578 taurum
2918 524 3132 583 lortiter
3168 536 3461 601 pugnando

222 638 335 694 μου·
359 620 484 693 [164
510 618 600 692 R.]
621 620 737 674 ἀλλ’
767 619 848 673 ἔτι
892 620 1029 689 πρὸς
1052 619 1151 688 τὴν
1177 619 1368 671 Θυσίαν
1383 621 1477 671 καὶ
1492 619 1631 688 μετὰ
1651 620 1778 681 τοὺς

214 714 493 785 στεφάνους
522 714 799 783 Θεαγένης
832 713 1121 782 ἀγόμενος.
1168 713 1449 783 Χαρικλῆς
1479 712 1587 766 ἀπὸ
1622 711 1780 781 Ἀθη-

211 807 305 859 νῶν
332 806 463 877 πρὸς
497 804 628 857 αὐτὸ
670 805 733 857 τὸ
775 805 990 858 στάδιον
1022 805 1387 874 ἐφιστάμενος
1437 803 1505 866 ³⁸,
1541 804 1637 856 καὶ
1685 803 1779 856 τὸν

213 899 534 970 βασιλέατὴν
564 898 928 967 νομιζομένην
948 897 1098 965 αύτῷ
1121 897 1399 966 θυγατέρα
1432 896 1773 966 αἰτούμενος.

211 991 308 1042 Καὶ
342 988 742 1055 συγκατάθεσις
773 987 1038 1057 βασιλέως
1063 988 1373 1050 διδόναι,ἂν
1402 986 1567 1049 αὐτὸς
1604 986 1739 1058 εὕρῃ
1760 1002 1775 1016 ·

210 1085 235 1134 ὁ
265 1081 317 1133 δὲ
361 1081 456 1149 οὐχ
505 1080 771 1150 ηὕρισκεν
806 1081 872 1110 ³³·
919 1081 1139 1149 ἁρπαγή
1192 1098 1251 1133 τε
1297 1081 1400 1132 ὑπὸ
1453 1078 1621 1133 αὐτοῦ
1679 1081 1777 1131 καὶ

216 1175 401 1244 συρμὸς
432 1174 760 1241 Θεαγένους,
792 1174 884 1226 καὶ
920 1173 1036 1243 βοὴ,
1094 1173 1169 1236 ὡς
1197 1168 1364 1235 Οὗτός
1408 1174 1557 1225 ἐστιν
1604 1175 1633 1226 ὁ
1678 1174 1777 1242 τὴν

214 1266 336 1335 ὲμὴν
361 1266 610 1334 ἀρπάσας
638 1266 697 1330 ἐξ
743 1265 981 1334 Ἀθηνῶν
1013 1265 1309 1334 θυγατέρα,
1344 1266 1435 1316 καὶ
1461 1266 1663 1335 κρίσις,
1683 1266 1777 1317 καὶ

213 1360 347 1420 τέλος
377 1357 629 1421 ἀθὼωσις
652 1359 747 1411 καὶ
786 1357 1087 1425 Θεαγένους
1112 1358 1432 1427 Σισιμίθρου
1462 1359 1776 1428 ὲπικρίναν-

211 1467 291 1512 τος
310 1449 399 1501 καὶ
447 1448 651 1516 μηκέτι
690 1448 789 1518 τὴν
848 1448 935 1499 ἐπ’
974 1446 1285 1516 ἀνθρώπιον
1326 1446 1533 1517 ὀλέθρῳ
1582 1448 1776 1501 θυσίαν

213 1541 434 1610 γίνεσθαι
492 1539 959 1603 διατυπώσαντος.
1016 1540 1339 1611 [εὐφροσύνη
1393 1541 1649 1593 ἁπάντων
1682 1541 1775 1593 καὶ

212 1633 427 1701 θυμηδία
450 1632 644 1702 πολλὴ,
682 1632 778 1684 καὶ
802 1630 1077 1699 Θεαγένης
1108 1632 1203 1684 καὶ
1232 1632 1533 1700 Χαρίκλεια
1562 1632 1606 1662 ¹⁶
1636 1635 1773 1699 μετὰ

217 1726 421 1795 μυρίους
445 1725 731 1787 κινδύνους
752 1722 1012 1793 ἀλλήλους
1029 1723 1528 1792 ἀπολαμϐάνοντες,
1553 1722 1645 1774 καὶ
1676 1721 1775 1784 τὰς

217 1814 492 1883 ἱερωσύνας
530 1816 566 1883 ὴ
604 1815 702 1883 μὲν
765 1814 917 1884 παρὰ
948 1814 1045 1883 τῆς
1078 1814 1304 1883 μητρὸς,
1346 1813 1449 1864 ὁδὲ
1501 1814 1650 1881 παρὰ
1678 1812 1770 1864 τοῦ

1880 620 2193 687 superavit,
2259 619 2465 690 ingenti
2529 622 2825 689 spectantis
2879 623 3047 691 plebis
3121 628 3460 698 voluptate:

1880 707 2195 778 [Ethiopum
2227 711 2352 765 item
2384 711 2681 767 maximum
2711 713 2961 782 palaestra
2986 717 3134 779 vicit,
3158 719 3466 790 illustrique

1882 804 2108 857 victoria
2157 815 2334 872 parta,
2383 804 2633 873 plausum
2667 807 2831 860 etiam
2866 811 3047 877 populi
3081 814 3303 867 meruit.
3353 814 3464 868 Du-

1880 896 2025 949 citur
2048 896 2400 951 nihilominus
2427 899 2492 950 ad
2519 912 2639 950 aras
2666 908 3049 964 coronatus,nt
3080 904 3270 958 bosdm
3292 905 3466 960 instar

1880 992 2040 1043 cadat
2080 987 2417 1056 Theagenes.
2461 989 2738 1044 Charicles
2776 1002 2885 1044 tum
2929 993 3063 1049 forte
3092 995 3321 1049 Athenis
3346 1012 3467 1066 pro-

1879 1075 2075 1140 fectus,
2133 1078 2258 1132 huic
2310 1080 2486 1133 stadio
2526 1080 2739 1135 astabat
2781 1082 3052 1153 liliamque
3098 1088 3172 1139 uti
3205 1089 3466 1143 credebat

1880 1184 2033 1222 suam
2070 1169 2137 1223 ab
2188 1171 2307 1239 ipso
2357 1187 2486 1241 rege
2522 1174 2775 1240 postulat.
2811 1176 3051 1242 Spondet
3083 1194 3173 1231 rex
3211 1181 3463 1233 daturum

1879 1261 1923 1312 si
1947 1260 2204 1313 amissam
2242 1262 2550 1329 reperisset.
2590 1261 2786 1316 Vermn
2814 1264 2957 1317 illam
2995 1281 3097 1318 non
3125 1266 3461 1321 inveniebat.

1876 1350 2153 1417 Arripitnr
2175 1351 2387 1414 deinde,
2412 1353 2613 1406 trahitu
2626 1368 2756 1425 rqne
2784 1352 3100 1425 Theagenes
3127 1357 3193 1410 ab
3213 1357 3463 1411 Charicle

1877 1441 2147 1495 clamante
2183 1460 2196 1495 :
2247 1442 2343 1497 llic
2397 1460 2569 1497 meam
2610 1445 2838 1499 Athenis
2881 1449 3059 1516 rapuit
3106 1448 3292 1502 ﬁliam.
3330 1449 3463 1503 Lata

1879 1535 2112 1603 denique
2174 1536 2467 1598 sententia,
2520 1551 2626 1606 qua
2679 1550 2733 1591 et
2769 1538 3085 1609 Theogenes
3128 1543 3343 1594 tandem
3380 1543 3465 1593 in-

1878 1628 2095 1683 demnis
2119 1639 2203 1681 est
2239 1629 2573 1693 declaratus,
2616 1633 2729 1699 ipso
2752 1633 2916 1685 eliant
2951 1634 3301 1703 adjudicante
3329 1634 3466 1689 Sisi-

1879 1722 2100 1783 mithro,
2137 1737 2272 1777 neve
2346 1723 2574 1792 posthac
2614 1726 2863 1782 humanis
2887 1729 3122 1781 victimis
3156 1729 3463 1781 mortalium

1877 1813 2073 1867 damno
2099 1814 2349 1868 litaretur
2376 1827 2668 1875 Statuente.
2699 1817 2908 1873 Gaudio
2941 1821 3069 1874 hinc
3095 1822 3274 1875 cuncti
3302 1831 3466 1887 atque

211 1923 243 1960 κ
265 1907 450 1972 ,δεστοῦ
511 1907 890 1977 ἐκδεχόμενοι,
954 1908 1048 1959 καὶ
1082 1906 1325 1970 θύοντες,
1353 1906 1448 1959 καὶ
1489 1905 1622 1976 πρὸς
1649 1906 1773 1969 τοὺς

1883 1904 2072 1959 laetitia
2117 1907 2424 1972 exsultare,
2483 1910 2799 1980 Theagenes
2851 1913 3013 1966 etiam
3070 1924 3123 1967 et
3160 1914 3462 1973 Chariclea.

212 2003 400 2070 γάμους
431 2000 907 2069 εὐτρεπιζόμενοι.

1886 1998 2025 2065 quod
2058 2006 2133 2050 tot
2188 2001 2463 2069 tantisque
2492 2001 2733 2058 defuncti
2782 2006 3035 2073 periculis
3067 2007 3292 2060 invicem
3323 2010 3465 2077 poti-

212 2107 399 2149 rentur.
427 2094 763 2149 Sacerdotiis
805 2095 988 2164 itaque
1038 2093 1125 2148 illa
1197 2094 1424 2163 quidem.
1485 2092 1707 2155 matris,
1762 2091 1851 2145 hic
1885 2092 2057 2145 soceri
2092 2092 2354 2147 beneﬁcio
2378 2099 2638 2166 acceptis,
2674 2106 2728 2153 et
2758 2114 2816 2152 re
2838 2100 3020 2154 divina
3051 2100 3214 2167 facta,
3250 2106 3465 2172 nuptias

215 2191 477 2243 adornant.

234 2357 242 2365 '
272 2281 444 2333 Ταῦτα
500 2280 561 2334 δὲ
619 2280 925 2350 συνέγραψε
960 2278 1141 2345 Φοῖνιξ
1172 2278 1314 2348 ἀνὴρ
1375 2278 1693 2346 Ἀμινδηνὸς
1725 2277 1770 2307 ’⁷

212 2373 463 2426 Θεοδοσίου
515 2375 649 2436 παῖς
704 2373 1063 2442 Ἡλιόδωροςο
1121 2373 1179 2424 ὲν
1227 2366 1308 2431 οἷς
1358 2371 1452 2423 καὶ
1495 2369 1556 2421 τὸ
1596 2370 1789 2432 τέλος..

215 2465 391 2516 Τοῦτον
424 2465 480 2517 δὲ
512 2465 611 2518 καὶ
646 2464 950 2518 ὲπισκοποῦ
986 2466 1033 2496 ’⁸
1058 2465 1243 2534 τυχεῖν
1266 2462 1579 2532 ἀξιώματος
1612 2462 1771 2515 ὕστε-

217 2560 293 2627 ρόν
318 2575 493 2628 φασιν.

865 2646 984 2700 ΟΔ’.

480 2740 805 2809 Θεμιστίου
838 2737 1133 2791 πολιτικοὶ
1167 2734 1490 2805 λόγηιτλςε

272 2831 352 2903 {97
374 2832 464 2904 [1.]
488 2832 940 2901 Ἀνεγνώσθησαν
964 2831 1254 2900 Θεμιστίου
1280 2831 1462 2898 Λόγοι
1481 2832 1776 2884 nclama.

216 2921 308 2988 λς’,
337 2918 407 2978 ὧν
438 2927 547 2977 εἱσι
598 2926 691 2976 καὶ
740 2926 790 2975 οἱ
848 2923 987 2993 πρὸς
1016 2923 1400 2975 Κωνστὰντιον
1431 2922 1522 2974 τὸν
1551 2920 1774 2991 βασιλέα

215 3019 387 3079 nisi;
419 3017 704 3070 Οὐάλεντα
728 3016 823 3068 καὶ
854 3013 1297 3067 Οὑαλεντινιανὸν
1333 3013 1424 3065 τὸν
1457 3012 1596 3076 νέον,
1639 3012 1777 3065 ἀλλὰ

215 3112 295 3163 καὶ
327 3113 401 3174 είς
441 3111 751 3172 Θεοδόσιον,
811 3110 938 3171 τοὺς
984 3107 1246 3179 βασιλεῖς,
1293 3107 1550 3168 ἐπαίνους
1595 3104 1776 3159 αὐτῶν

216 3205 295 3255 καὶ
322 3204 573 3273 ἐγκώμια
605 3203 979 3272 περιέχοντες.
1014 3201 1176 3252 Ἐστι
1217 3199 1275 3251 δὲ
1312 3198 1412 3267 τὴν
1443 3198 1643 3267 φράσιν
1679 3214 1774 3248 σαο

1952 2278 2077 2333 Περι)
2139 2280 2355 2349 quidem
2430 2282 2753 2339 lleliodorns
2814 2284 3106 2340 Theodosii
3161 2288 3243 2342 F.
3307 2290 3465 2342 deum

1881 2369 2110 2426 Pltcenix
2160 2372 2494 2427 Antintlenus
2534 2371 2676 2444 (64‘)
2705 2414 2719 2439 ,
2769 2374 3091 2442 conscripsit
3119 2416 3134 2438 ,
3186 2377 3466 2447 ﬁnivitque

1884 2465 2164 2519 historiam
2200 2485 2212 2520 :
2247 2481 2405 2534 quem
2430 2468 2592 2521 etiam
2638 2469 2875 2537 episcopi
2911 2468 3022 2539 (65)
3062 2479 3180 2537 post
3205 2472 3467 2540 dignitate
3564 2516 3583 2534 ,

1883 2568 2100 2611 auctum
2136 2557 2333 2611 lerunt.

2559 2650 2801 2707 LXXIV.

2050 2742 2190 2814 52a
2226 2743 2497 2797 Themistii
2522 2747 2788 2798 orationes
2812 2746 2986 2800 rivi/es
3030 2764 3194 2803 xxxvi
3222 2749 3323 2821 (a).

1953 2833 2134 2888 Lcclte
2181 2844 2306 2888 sunt
2333 2835 2525 2888 Civitas
2556 2837 2821 2888 orationes
2872 2836 3005 2907 (66),
3040 2837 3321 2893 Tltetltislii
3370 2856 3466 2896 sex

1882 2938 1936 2983 et
1978 2930 2220 2997 triginta.
2258 2927 2461 2980 llarttm
2509 2927 2630 2981 alite
2678 2928 2743 2981 ad
2795 2928 3214 2983 Constantinum
3270 2935 3463 3001 imper.

1881 3023 2113 3077 habitm:
2146 3022 2199 3075 in
2236 3020 2513 3075 Valentem
2541 3037 2779 3091 quoque,
2805 3034 2859 3075 et
2899 3023 3331 3077 Valentinianum
3369 3028 3469 3079 mi-

1880 3130 2089 3178 norem,
2132 3117 2224 3166 sed
2259 3123 2314 3167 et
2343 3114 2395 3166 in
2427 3113 2791 3167 Theodosium
2829 3116 3055 3181 August.
3094 3114 3345 3169 laudibus
3368 3131 3467 3170 eos

1876 3202 2247 3270 encomiisqne
2281 3201 2640 3256 celebrantes.
2670 3201 2865 3256 Sermo
2892 3203 2965 3255 illi
2989 3214 3231 3271 apertus,
3265 3220 3465 3273 super-

215 3295 308 3364 φὴε
328 3298 415 3348 καὶ
444 3295 746 3365 ἁπέριττος
789 3293 884 3346 καὶ
932 3291 1189 3360 ἀνθηρὸς,
1232 3291 1325 3342 καὶ
1359 3288 1536 3353 λέξεσι
1567 3287 1774 3340 πολιτι-

1882 3296 2134 3347 vacaneis
2190 3308 2403 3356 carens,
2460 3308 2524 3346 ac
2564 3292 2806 3348 ﬂoridus.
2859 3293 3046 3348 Verbis
3084 3310 3213 3348 ttsns
3244 3297 3467 3365 quidem

218 3390 323 3449 καίς
348 3390 438 3441 καὶ
466 3391 551 3451 είς
588 3388 648 3440 τὸ
699 3386 894 3457 σεμνόν
920 3403 973 3437 τι
1013 3381 1425 3444 ἐπικλινούσαις
1468 3379 1772 3449 χρώμενος.

222 3480 452 3548 Ἤκμαζε
510 3480 573 3531 δὲ
626 3478 863 3548 μάλιστα
898 3479 954 3528 ὲν
984 3477 1097 3536 τοῖς
1136 3473 1435 3535 Οὐάλεντος
1468 3472 1511 3503 ³³
1537 3471 1775 3540 χρόνοις,

110 3584 120 3599 ·
219 3568 279 3630 ὡς
302 3574 402 3623 κὰκ
430 3570 542 3623 τῶν
577 3569 741 3621 αὑτοῦ
765 3568 938 3635 λόγων
967 3566 1126 3635 δῆλον
1149 3582 1161 3594 σ
1187 3566 1278 3617 ἐπὶ
1310 3563 1366 3615 δὲ
1392 3559 1777 3615 Κωνσταντίου

218 3660 288 3712 ἐτι
338 3662 450 3725 νέος
490 3658 588 3731 ἦν,
628 3662 717 3730 ὑφ’
759 3654 821 3714 οὗ
846 3661 938 3711 καὶ
994 3655 1224 3727 ἐνετὰγη
1255 3659 1321 3725 τῇ
1349 3654 1457 3708 τῶν
1491 3652 1779 3723 Ῥωμαίων

218 3758 475 3825 γερουσίᾳ,
498 3755 579 3815 ὼς
607 3754 701 3805 καὶ
727 3756 762 3823 ἡ
782 3752 916 3822 πρὸς
945 3752 1118 3820 αὐτὴν
1144 3752 1243 3817 τὴν
1274 3751 1331 3801 ὲν
1367 3745 1552 3816 Ῥώμῃ
1588 3763 1648 3813 γε
1661 3762 1782 3815 ρου-

220 3845 325 3898 σίαν
352 3847 487 3917 ὑπὲρ
529 3847 699 3898 αὐτοῦ
732 3843 886 3914 παρὰ
917 3842 1010 3896 τοῦ
1046 3842 1311 3911 βασιλέως
1354 3836 1617 3906 ἐπιστολὴ
1645 3839 1782 3890 ἁπο-

221 3941 450 3993 σταλεῖσα
476 3942 521 3972 ³ο
550 3939 723 4008 δηλοῖ.
757 3934 943 4007 Πατὴρ
981 3935 1037 3988 δὲ
1064 3931 1131 4005 ἦν
1164 3931 1454 4003 Θεμιστίου
1501 3928 1778 3996 Εὐγένιος,

221 4035 302 4087 καὶ
322 4036 474 4098 αὐτὸς
504 4032 903 4103 φιλοσοφήσας.

281 4126 470 4178 Τούτου
507 4123 607 4177 τοῦ
634 4121 927 4190 Θεμιστίου
960 4120 1039 4179 είς
1063 4117 1241 4170 πάντα
1270 4114 1338 4166 τὰ
1371 4108 1781 4183 Ἀριστοτελικὰ

221 4218 454 4288 φέρονται
503 4217 725 4285 ὑπομνή
738 4230 881 4283 ματα
902 4228 915 4241 '
956 4211 1016 4263 οὐ
1044 4209 1203 4279 μόνον
1233 4207 1289 4259 δὲ
1326 4206 1461 4259 ἀλλὰ
1491 4206 1584 4256 καὶ
1610 4219 1781 4272 μετα-

223 4312 427 4380 φράσεις
448 4308 618 4364 αὐτοῦ
675 4310 913 4375 είδομεν,
966 4305 1045 4366 είς
1074 4301 1136 4354 τὸ
1167 4303 1434 4370 χρήσιμον
1482 4302 1783 4366 ἐπιτετμη-

226 4406 388 4471 μένας,
406 4404 513 4456 τῶν
531 4420 594 4454 τε
631 4397 1030 4454 Ἀναλυτικῶν
1057 4396 1150 4448 καὶ
1169 4394 1276 4446 τῶν
1304 4391 1443 4460 Περὶ
1462 4390 1669 4460 ψυχῆς
1700 4389 1782 4459 βι-

223 4495 365 4549 ϐλίων
398 4498 492 4550 καὶ
519 4494 631 4549 τῶν
674 4491 789 4560 Τῆς
811 4486 1079 4559 φυσικῆς
1095 4486 1440 4552 ἀκροάσεως
1464 4484 1555 4537 καὶ
1582 4484 1785 4552 ἐτέρων

225 4591 475 4644 τοιούτων.
510 4588 635 4641 Εἰσὶ
688 4586 744 4639 δὲ
788 4584 882 4637 καὶ
927 4583 1006 4643 εἰς
1041 4579 1109 4632 τὰ
1148 4578 1472 4630 Πλατωνικὰ
1501 4575 1664 4629 αὑτοῦ
1696 4575 1783 4639 ἐξα

224 4684 457 4753 ηγητικοὶ
484 4683 661 4741 πόνοι,
692 4679 785 4731 καὶ
818 4674 1002 4738 ἁπλῶς
1038 4671 1275 4741 ἐραστής
1330 4671 1445 4722 ἐστι
1476 4667 1572 4721 καὶ
1620 4685 1786 4721 σπου-

225 4774 402 4847 ὃαστὴς
425 4772 771 4845 φιλοσοφίας.

1882 3384 2314 3455 estvulgaribus,
2353 3385 2447 3438 sed
2480 3385 2531 3438 in
2574 3388 2895 3454 gravitatem
2930 3385 3265 3455 aliquantum
3291 3386 3469 3443 ﬂexis.

1882 3476 2092 3528 Floruit
2144 3476 2480 3544 potissimum
2524 3475 2749 3528 Valente
2797 3491 2980 3528 rerum
3024 3477 3214 3544 potito.
3277 3486 3335 3530 ιιι
3386 3476 3471 3531 vel

1882 3568 2160 3622 orationes
2230 3569 2359 3636 ipsa:
2408 3569 2742 3637 loquuntur.
2788 3567 3110 3621 Constantio
3148 3569 3468 3636 imperante,

1881 3663 2101 3732 juvenis
2168 3663 2463 3715 etiamnum
2541 3670 2681 3726 erat,
2738 3678 2766 3713 a
2821 3676 2928 3729 quo
2998 3672 3053 3715 et
3103 3662 3155 3713 in
3216 3672 3467 3715 senatum

1884 3754 2072 3809 Romae
2097 3755 2266 3809 lectus
2301 3762 2404 3821 est,
2436 3754 2890 3823 quemadmodum
2920 3754 3152 3809 Casaris
3183 3757 3249 3807 de
3282 3755 3372 3807 illo
3403 3756 3471 3807 ad

1887 3857 2138 3902 senatum
2189 3846 2347 3900 Rom.
2392 3848 2553 3900 missa
2609 3847 2832 3915 epistola
2881 3846 3041 3900 ﬁdem
3096 3846 3260 3899 facit.
3312 3844 3473 3899 Pater

1886 3940 2185 3995 Themistio
2211 3940 2483 4009 Engenius
2508 3940 2744 4004 nomine,
2765 3939 2855 4008 qui
2889 3949 2942 3993 et
2970 3941 3081 4007 ipse
3116 3938 3473 4007 philosophia:

1886 4049 2107 4104 operam
2142 4034 2308 4086 dedit.

1964 4126 2132 4191 Hujus
2162 4123 2450 4176 Themistii
2485 4122 2537 4176 in
2576 4121 2755 4173 omnia
2778 4121 2895 4174 fere
2932 4120 3239 4173 Aristotelis
3267 4120 3473 4186 scripta

1887 4219 2159 4279 feruntur,
2201 4232 2307 4269 non
2344 4215 2517 4267 solum
2554 4213 2978 4275 Commentaria,
3025 4215 3118 4267 sed
3150 4214 3313 4268 etiam
3364 4213 3473 4268 Me-

1890 4311 2171 4378 taphrascs
2211 4308 2356 4378 (67),
2392 4308 2594 4360 utiliter
2621 4316 2674 4360 et
2720 4307 3039 4374 compendio
3089 4308 3303 4376 scriptae
3349 4325 3362 4361 :
3416 4317 3473 4358 ut

1887 4403 2312 4473 Analyticorum,
2377 4410 2435 4452 ιιι
2478 4401 2737 4452 librorum
2784 4398 2858 4452 De
2895 4399 3098 4461 animo,
3127 4410 3180 4452 et
3232 4396 3473 4467 Physica:

1889 4495 2315 4552 auscultationis.
2347 4492 2714 4559 similinmqtte
2756 4506 3002 4560 operum.
3035 4490 3277 4544 Platonis
3304 4492 3469 4543 etiam

1889 4587 2134 4656 quaedam
2182 4585 2483 4652 exposuit:
2544 4594 2736 4637 caetera
2790 4581 3145 4650 philosophice
3202 4595 3393 4635 amans
3418 4582 3472 4634 in

1894 4677 2105 4744 primis,
2125 4690 2205 4745 ac,
2219 4675 2612 4743 perstudiosns.

1490 4921 1727 4976 νΑιιιίΕ
1769 4914 2174 4974 LECTIONES.

288 5052 328 5083 “
352 5047 727 5118 ἀφιστάμενος
757 5063 817 5109 ς.
850 5115 860 5118 _
903 5041 1236 5118 '_"_eﬁptcxev
1266 5051 1331 5118 Ξ.

227 5124 266 5156 ³³
289 5115 582 5175 ἐπισκόπου
601 5135 664 5183 ς.
724 5118 767 5147 ³³
796 5115 1100 5169 Οὑαλέντου
1124 5129 1188 5176 ς.

1404 5035 1450 5065 ⁸⁸
1471 5032 1773 5102 Θεαγένους
1804 5033 1901 5085 καὶ
1929 5030 2263 5102 Χαρικλείας
2302 5047 2362 5094 ς.

1264 5106 1309 5137 ³⁸
1350 5101 1722 5160 ἀποσταλεῖσα
1752 5101 2012 5173 ἐπιστολὴ
2044 5118 2105 5165 ς’.

2448 5028 2490 5059 rt
2528 5026 2875 5100 Ἀμινδηνδς]
2920 5027 3205 5100 Εμεσηνὸς
3228 5043 3371 5086 corr.
3405 5030 3473 5084 A.

1756 5237 1988 5294 NOTAE.

288 5374 388 5442 (64)
419 5374 808 5442 Εηιῑεειιιιεεει
842 5367 894 5419 in
916 5364 1062 5442 edito
1090 5359 1374 5442 Heliodoro
1399 5366 1667 5442 extremo.

421 5443 593 5496 Tricze
624 5441 678 5513 in
711 5436 1017 5513 Thessalia;
1053 5428 1776 5513 auctores-S'ocr-aprlii):.v,

230 5496 474 5579 €213.51,
520 5522 575 5564 et
627 5509 853 5575 Niceplt.
888 5496 1113 5579 lih.ixu,
1146 5498 1394 5579 ca_p._.’>4.
1450 5497 1614 5550 Addit
1666 5496 1775 5559 hic,

229 5570 573 5651 episcopatum
622 5570 891 5651 deponere
917 5576 1171 5651 maluisse
1209 5570 1574 5649 Heliodorum,
1613 5582 1777 5651 quam

234 5642 313 5705 sua
343 5642 451 5707 lia-:1:
481 5642 781 5719 Ἐρωτικὰ,
810 5648 937 5702 olim
972 5649 1022 5698 in
1052 5642 1414 5697 adolescentia
1448 5642 1775 5706 conscripta,

233 5725 567 5803 “Pl‘fimﬁ'e:
674 5792 710 5803 ,.
806 5790 816 5800 .
988 5784 1024 5803 μ
1243 5780 1366 5803 ιηηιι.
1422 5776 1462 5803 n
1521 5776 1575 5803 ρ.
1641 5778 1711 5803 ιιι

295 5776 395 5863 ζθϐ)
456 5793 625 5862 Hujus
670 5790 952 5846 Orationes
987 5784 1175 5839 Graece
1226 5780 1371 5833 dedit
1420 5776 1485 5833 ll.
1521 5776 1604 5834 St.
1631 5778 1780 5832 Alias

296 5911 366 5982 (α)
384 5914 689 5969 Orationem
722 5917 982 5963 xxxvuam
1009 5903 1180 5960 edidit
1208 5903 1347 5973 Aug.
1388 5902 1513 5958 MM.
1554 5921 1605 5958 a.
1634 5902 1788 5956 1816.

1895 5365 2156 5424 praeterea
2188 5356 2508 5419 ἀνεκδότους
2540 5356 2678 5423 apud
2717 5356 2861 5411 Petr.
2893 5355 3208 5420 Paulinum,
3244 5356 3475 5411 amicum

1897 5428 2250 5493 singularem,
2296 5429 2548 5481 vidimus.
2587 5425 2866 5496 Legendus
2913 5438 2968 5480 et
2999 5427 3060 5479 D.
3094 5424 3290 5480 Baron.
3320 5431 3472 5482 card.

1890 5506 2019 5551 tom.
2056 5495 2124 5551 IV
2175 5498 2369 5550 Annal.
2406 5498 2587 5551 eccles.

1960 5568 2071 5638 (67)
2129 5568 2321 5638 Exstat
2373 5568 2530 5621 hodie
2583 5566 2942 5636 Parapltrasis
2998 5566 3323 5638 inAAristot.
3376 5566 3472 5621 lih.

1884 5636 1983 5692 νιιι
2027 5636 2298 5705 Φυσικῆς
2316 5639 2660 5706 ἀκροάσεως
2676 5638 2861 5692 Graece
2878 5647 3037 5704 atque
3053 5636 3258 5706 Latine.
3273 5636 3404 5706 _ltetu
3426 5638 3472 5690 in

1887 5709 1982 5761 lib.
2018 5709 2091 5780 De
2116 5704 2264 5773 cazlo,
2298 5711 2372 5763 De
2388 5704 2863 5780 enima,parvaquc
2882 5710 2960 5779 (ut
2992 5708 3199 5779 vocant)
3235 5704 3474 5760 Natura-

1890 5780 1984 5833 lia.
2022 5778 2164 5847 Lege
2200 5780 2445 5835 Suidam.
