4092 6418
251 418 357 483 ειι

1276 433 1801 496 BIBLIOTHECA.
1823 438 2070 499 “COD-
2111 443 2599 508 LXXV-LXXVI.

3414 440 3535 505 242

254 533 703 603 ἀρχαιολογίας.
739 535 799 588 ἐν
828 536 1008 605 λόγοις
1037 545 1107 592 κ’.
1137 540 1397 611 ’Ἀρχεται
1423 542 1532 605 ἀπὸ
1551 545 1842 615 τῆφΜωῡ-

1960 554 2076 604 bros
2110 550 2226 608 XX.
2275 553 2320 608 A
2355 554 2541 610 mundi
2590 554 2867 609 creatione
2915 553 3056 621 apud
3092 550 3275 607 Mosen
3308 552 3521 608 initium

256 624 400 688 σέως
448 629 833 695 κοσμογονίας,
888 630 957 683 τὰ
1006 632 1177 684 πολλά
1197 635 1438 705 συνᾴδων
1470 639 1538 707 τῇ
1562 638 1842 701 Μωῢσέως

258 720 558 786 συγγραφῇ
594 716 664 783 ⁸ο,
691 719 809 772 ἔστι
837 719 895 773 δὲ
912 720 1044 774 ἔνθα
1082 721 1425 796 ἀλλοιότερον
1458 728 1846 798 συγγραφόμε-

256 825 371 870 νος.
406 810 636 863 Κάτεισι
658 811 715 863 δὲ
742 812 905 883 μέχρι
935 813 1034 883 τῆς
1059 814 1235 885 ἀρχῆς
1249 815 1343 869 τοῦ
1369 816 1506 888 πρὸς
1542 818 1847 889 Ῥωμαίους

270 898 548 954 Ἰουδαίων
578 903 841 973 πολέμουο
878 904 1161 959 ἐϐασίλευε
1187 906 1244 960 δὲ
1285 907 1405 961 τότε
1438 909 1547 963 τῶν
1574 909 1846 965 Ἰουδαίων

260 990 579 1059 Ἀγρίππας
605 994 635 1044 6
655 992 749 1045 τοῦ
781 994 1094 1067 Ἀργρίππα
1113 996 1207 1049 τοῦ
1247 998 1485 1068 μεγάλου
1508 1004 1659 1065 παῖς,
1678 1001 1849 1075 δςἸηο

261 1083 393 1135 σοῦν
425 1083 515 1136 τὸν
536 1084 632 1137 τοῦ
650 1086 930 1158 Γαμαλιὴλ
950 1089 1049 1160 τὴν
1069 1091 1497 1162 ἀρχιερωσύνην
1514 1094 1849 1163 ἀφελόμενος

257 1166 449 1227 δίδωσι
481 1176 701 1250 Ματθία
728 1179 804 1248 τῷ
828 1181 869 1209 ⁶¹
893 1179 1178 1250 Θεοφίλου.
1212 1170 1437 1252 Πρῶτος
1470 1184 1527 1236 δὲ
1570 1185 1849 1256 Ἀντίοχος

260 1266 359 1319 καὶ
385 1268 416 1319 6
435 1270 739 1339 στρατηγὸς
758 1271 921 1324 αὐτοῦ
952 1272 1179 1338 Λυσίας,
1214 1274 1305 1342 ἀφ’
1332 1270 1393 1327 οἶ)
1425 1279 1537 1339 τοῖς
1568 1278 1850 1342 Ἰουδαίοις

260 1359 681 1430 ἀρχιερωσύνης
700 1361 947 1433 ἐγνώσθη
966 1364 1206 1435 ἀξίωμα,
1228 1366 1523 1438 είςταύτην
1538 1368 1637 1437 τὴν
1654 1370 1853 1440 τολμη-

264 1452 370 1519 ρὰν
391 1451 632 1523 κατέστη
666 1455 980 1525 ἐγχείρησιν
1004 1471 1020 1486 °
1047 1456 1138 1510 τὸν
1157 1458 1268 1529 γὰρ
1284 1458 1485 1523 Ὀνίαν,
1510 1451 1554 1527 ᾧ
1580 1461 1852 1527 Μενέλαος

264 1544 521 1625 ἐπίκλην,
541 1544 643 1617 τὴν
670 1547 1083 1620 ἀρχιερωσύνην
1104 1551 1537 1622 ἀφελόμενοικαὶ
1552 1553 1851 1621 ἀνελόντες,

264 1630 390 1689 εἶτα
448 1637 654 1692 καὶτὸν
686 1639 851 1692 παῖδα
883 1643 984 1711 τῆς
1009 1642 1263 1714 διαδοχῆς
1299 1645 1693 1711 ἀπελάσαντες,
1724 1632 1856 1701 καθ-

268 1731 486 1781 ιστᾶσιν
515 1729 759 1799 Ἰάκιμον
786 1733 855 1796 δ’,
886 1734 1079 1801 γένους
1110 1734 1208 1805 μὲν
1234 1735 1332 1789 τοῦ
1361 1736 1635 1809 Ἀαρῶνος
1656 1738 1722 1803 ⁸³,
1754 1738 1854 1791 ούκ

265 1822 401 1875 ὄντα
431 1822 487 1874 δὲ
513 1821 614 1892 τῆς
640 1823 819 1888 οἰκίας
875 1825 1102 1897 ταύτης.
1150 1828 1264 1898 Πρδ
1297 1827 1355 1881 δὲ
1380 1827 1572 1882 τούτου
1612 1829 1702 1883 διά
1732 1829 1850 1900 βίου

266 1915 690 1986 ἀρχιερατεύειν
717 1917 1001 1986 νενόμιστο
1016 1919 1062 1950 ⁸⁵
1083 1896 1211 1973 ἀπὸ.
1226 1920 1499 1991 Ἀαρῶνος
1522 1896 1849 1994 ἀρξάμενος,
1882 1896 1924 1953 Β

268 2010 368 2061 καὶ
402 2011 533 2073 παῖς
557 2012 710 2082 παρά
744 2011 951 2082 πατρὸς
972 2012 1019 2045 ⁸⁸
1034 2012 1132 2080 τὴν
1153 2013 1316 2083 τιμὴν
1331 2010 1619 2085 διεδέχετο.
1656 2014 1856 2068 Τελευ-

268 2102 541 2168 τήσαντος
585 2100 644 2153 δὲ
692 2101 939 2172 Ἰακίμου
960 2101 1236 2174 ⁸⁸,τρισὶν
1285 2106 1556 2178 ἐνιαυτοῖς
1588 2106 1856 2177 ἀρχιερα-

270 2194 589 2260 τεύσαντος,
626 2192 843 2264 ἔμεινεν
900 2196 934 2265 ἡ
962 2195 1117 2260 πόλις
1176 2198 1460 2263 ἐνιαυτοὺς
1504 2199 1645 2252 ἐτιτά
1684 2199 1859 2269 χωρὶς

272 2285 602 2358 ἀρχιερέως.
648 2284 708 2339 Ὅ
735 2286 792 2340 δὲ
818 2286 912 2340 τοῦ
937 2288 1317 2358 Ἀσαμωναίου
1360 2289 1587 2359 ἔγγονος
1624 2290 1670 2322 ⁸⁷
1705 2292 1860 2345 Ματ-

274 2377 441 2442 θαίας
466 2378 509 2409 ’⁵⁸
539 2380 636 2433 καὶ
669 2379 718 2431 οἱ
758 2378 949 2432 τούτου
1001 2380 1212 2445 παῖδες,
1249 2381 1350 2452 τὴν
1408 2381 1742 2451 προστασίαν
1764 2380 1857 2435 τοῦ

274 2470 469 2532 ἔθνους
503 2469 886 2533 πιστευθέντες
937 2472 1032 2523 καὶ
1082 2471 1503 2541 πολεμήσαντες
1530 2471 1857 2535 Μακεδόσιν,

276 2561 540 2631 Ἰωνάθην
574 2562 838 2633 ἀρχιερέα
897 2560 1257 2618 καθιστῶσιν.
1294 2562 1386 2629 Ἐξ
1430 2557 1498 2635 ἦς
1554 2564 1752 2631 γενεᾶς
1789 2557 1860 2633 ἦν

277 2654 374 2705 καὶ
401 2652 605 2715 Ἰούδας
627 2652 656 2704 6
692 2652 1009 2723 ἐπικληθεὶς
1033 2652 1466 2725 Ἀριστόϐουλος,
1491 2653 1550 2718 ὃς
1583 2655 1679 2707 καὶ
1707 2654 1861 2726 πρῶ-

277 2763 370 2808 τος
424 2745 664 2816 διάδημα
718 2745 1027 2817 περιέθετο,
1076 2746 1425 2818 ἀρχιερεὺςό
1458 2746 1503 2779 ⁸⁸
1550 2746 1713 2810 αὐτὸς
1745 2746 1864 2817 ἅμα

277 2839 374 2889 καὶ
401 2836 656 2906 βασιλεὺς
716 2837 1086 2907 χρηματίσας.
1146 2839 1258 2892 Καὶ
1302 2838 1552 2902 ἐπιϐιοὺς
1615 2839 1863 2893 ἐνιαυτὸν

276 2932 397 2992 ἕνα,
419 2929 661 2999 διάδοχον
691 2928 816 2999 ἔσχε
847 2929 944 2983 καὶ
981 2932 1081 3000 τῆς
1131 2928 1413 2999 βασιλείας
1452 2930 1548 2984 καὶ
1581 2931 1681 3001 τῆς
1718 2931 1865 3002 ίερα-

276 3023 440 3090 τικῆς
464 3022 639 3092 ἀρχῆς
661 3022 751 3074 τὸν
771 3021 999 3091 ἀδελφὸν
1052 3021 1429 3093 (Ἀλέξανδρος
1461 3022 1608 3093 αὐτῷ
1640 3023 1862 3094 δνομα),

281 3114 413 3186 [168
452 3113 539 3185 R.]
571 3114 629 3177 ὃς
664 3113 869 3169 ἐπεϐίω
890 3116 955 3186 τῇ
992 3115 1134 3186 ἀρχῇ
1167 3114 1262 3186 ἐτη
1298 3115 1404 3179 κζ’.
1441 3117 1551 3168 Καὶ
1572 3115 1865 3187 διέδραμεν

1946 646 2119 711 ducit,
2163 647 2257 716 qui
2300 662 2426 703 cum
2469 648 2574 703 etsi
2616 662 2868 717 magnam
2913 656 3118 715 partem
3145 646 3405 712 concinit,
3440 648 3527 702 in-

1950 739 2163 794 terdum
2221 750 2403 795 tamen
2454 742 2703 796 diversus
2747 740 2881 806 abit,
2928 738 3213 807 pergitque
3257 753 3429 807 usque
3456 721 3527 795 ad

1947 828 2149 884 bellum
2200 847 2324 886 cum
2372 831 2637 889 Romanis
2679 831 2988 887 Judaicum.
3019 827 3218 883 Judaeis
3264 836 3377 880 tum
3427 842 3533 881 rex.

1950 919 2255 991 imperabat
2301 924 2558 993 Agrippa,
2608 924 2857 993 Agrippa!
2892 919 3073 990 Magni
3110 918 3174 973 F.
3215 918 3306 987 qui
3341 917 3525 972 Jesum

1950 1010 2269 1068 Gamalielis
2300 1012 2364 1069 F.
2400 1016 2718 1082 pontiﬁcatu
2752 1013 2976 1084 dejecit,
3033 1010 3353 1080 suti‘ecitque
3393 1008 3528 1063 Mat-

1952 1105 2123 1158 thiam
2179 1104 2463 1176 Theophili
2521 1106 2583 1161 F.
2612 1107 2733 1175 Quo
2775 1106 3018 1162 audacia;
3070 1114 3195 1176 post
3253 1101 3527 1173 cognitam

1952 1192 2196 1249 Hebraeis
2222 1196 2511 1251 sacerdotii
2550 1195 2870 1266 dignitatem
2904 1198 3114 1267 primus
3144 1192 3385 1248 omnium
3415 1190 3530 1242 An-

1955 1284 2167 1339 tiochus
2214 1284 2439 1355 ejusque
2457 1285 2561 1339 dux
2587 1286 2775 1356 Lysias
2804 1287 3051 1340 conando
3080 1296 3403 1353 progressus
3424 1288 3527 1333 est.

1952 1376 2144 1430 Oniam
2191 1378 2336 1432 enim
2375 1378 2475 1444 illi,
2505 1380 2589 1433 cui
2633 1378 2875 1433 Menelao
2935 1386 3355 1448 cognomentum
3407 1372 3531 1434 fuit,

1954 1467 2235 1536 pontiﬁcio
2262 1469 2653 1523 submoverunt
2699 1479 3077 1537 necaruntque
3101 1485 3116 1521 :
3142 1466 3270 1537 quin
3289 1474 3343 1518 et
3362 1463 3531 1516 ﬁlium

1955 1570 2195 1627 paterna:
2219 1560 2499 1630 dignitatis
2528 1560 2878 1615 successione
2904 1562 3209 1627 privarunt,
3229 1556 3526 1623 subrogato

1952 1651 2164 1708 Jacimo
2200 1653 2315 1723 ('75)
2349 1670 2378 1708 e
2410 1667 2609 1723 genere
2637 1652 2856 1722 quidem
2895 1651 3151 1713 Aaronis,
3184 1650 3277 1703 sed
3302 1646 3531 1701 alterius

1956 1746 2197 1801 familiae.
2234 1747 2373 1801 Olim
2400 1760 2527 1800 vero
2554 1761 2651 1816 per
2682 1759 2899 1799 omnem
2930 1744 3096 1797 vitam
3149 1740 3532 1796 Pontiﬁcatum

1956 1853 2168 1911 gerere,
2196 1837 2309 1909 jam
2344 1838 2468 1893 inde
2508 1840 2576 1892 ab
2603 1836 2837 1891 Aaronis
2877 1835 3230 1903 temporibus,
3270 1841 3326 1888 et
3362 1831 3532 1884 ﬁlium

1958 1933 2011 1987 in
2045 1932 2317 1987 demortui
2361 1933 2534 2001 patris
2579 1930 2903 2001 dignitatem
2935 1927 3229 1983 succedere
3253 1925 3337 1980 lex
3371 1920 3534 1993 jube-

1957 2026 2069 2084 bat.
2099 2025 2315 2083 Mortuo
2333 2037 2512 2079 autem
2538 2034 2657 2094 post
2675 2022 2891 2077 triennii
2912 2022 3280 2091 pontiﬁcatum
3305 2016 3530 2082 Jacimo,

1956 2118 2242 2187 st-ptennio
2303 2118 2500 2173 deinde
2544 2118 2740 2171 civitas
2790 2114 3045 2185 pontiﬁce
3102 2113 3299 2165 caruit.
3355 2110 3535 2175 Quare

1959 2226 2080 2266 cum
2120 2226 2188 2265 ex
2231 2209 2537 2265 Asamonari
2579 2209 2690 2280 (74)
2731 2210 2903 2278 stirpe
2936 2206 3173 2261 Matthia:
3201 2204 3314 2273 (75)
3346 2201 3535 2271 hujus-

1957 2317 2064 2372 qne
2099 2302 2225 2357 ﬁliis
2263 2302 2440 2372 gentis
2468 2300 2705 2355 Judaicze
2755 2308 2902 2355 esset
2939 2298 3145 2354 credita
3188 2294 3549 2366 praetentum.

1960 2393 2273 2463 bellumque
2311 2393 2473 2447 iidem
2517 2408 2638 2447 cum
2683 2391 3068 2446 Macedonibus
3097 2389 3418 2460 gessissent,
3444 2384 3538 2441 Jo-

1961 2487 2184 2540 natbam
2222 2486 2539 2556 pontillcem
2585 2494 2797 2539 creant.
2840 2484 2918 2540 Ex
2950 2499 3054 2554 qua
3084 2483 3253 2552 stirpe
3284 2491 3338 2535 et
3367 2479 3551 2534 Iudas.

1960 2587 2327 2645 cognomento
2348 2576 2696 2633 Aristobulus
2728 2575 2853 2640 fuit,
2893 2578 2984 2646 qui
3021 2584 3076 2632 et
3118 2575 3258 2646 53a
3290 2573 3539 2627 diadema

1961 2673 2125 2742 capiti
2174 2672 2386 2741 primus
2430 2670 2713 2741 imposuit.
2749 2669 2915 2741 Regis
2957 2684 3090 2739 ergo
3125 2669 3264 2723 idem
3304 2666 3539 2736 hicjure

1961 2763 2143 2829 simul,
2169 2774 2225 2817 et
2249 2764 2541 2818 sacerdotii
2573 2778 2725 2827 usus,
2767 2777 2914 2817 anno
2941 2777 3049 2817 uno
3079 2770 3377 2830 superstes,
3415 2774 3540 2813 suc-

1966 2868 2243 2909 cessorem
2290 2853 2505 2924 reliquit
2548 2854 2701 2924 regni
2740 2853 2902 2908 simul
2945 2863 3001 2908 et
3039 2852 3385 2922 pontiﬁcatus
3430 2850 3542 2903 t'ra-

1964 2952 2129 3009 trem,
2175 2943 2260 2999 cui
2304 2945 2611 2999 Alexandro
2648 2958 2872 2999 nomen.
2919 2943 3104 2998 Gessit
3133 2941 3222 2997 hic
3250 2941 3540 3010 imperium

1964 3053 2140 3094 annos
2173 3047 2378 3109 septem
2411 3046 2467 3093 et
2494 3037 2708 3108 viginti.
2740 3037 2821 3090 Ab
2848 3036 2950 3091 hoc
2991 3034 3242 3104 pervenit
3286 3032 3544 3102 deinceps

1965 3147 2191 3203 regnum
2222 3146 2345 3184 cum
2377 3130 2704 3194 sacerdotio,
2746 3126 3054 3183 Asamonwi
3092 3124 3327 3196 posteris
3353 3138 3555 3179 serva-7

278 3210 315 3277 ἡ
348 3206 595 3276 βασιλεία
624 3207 760 3276 μετὰ
803 3206 903 3275 τῆς
956 3206 1370 3279 ἀρχιερωσύνης
1417 3211 1530 3271 τοῖς
1567 3207 1675 3262 ἀπὸ
1703 3209 1860 3263 Ἀσα-

1967 3229 2103 3285 tum,
2139 3220 2206 3274 ad
2245 3218 2557 3291 Hyrcanum
2598 3233 2789 3289 usque,
2821 3233 2982 3287 quem
3028 3216 3399 3270 Romanorum
3435 3214 3546 3268 dux

280 3299 525 3369 μωναίου
559 3298 844 3370 σωζομένη
876 3299 1074 3371 μέχρις
1110 3300 1409 3369 ’Υρκὰνου,
1456 3300 1515 3354 ὃν
1577 3302 1860 3373 Πομπήϊος

1966 3310 2282 3383 Pompeius,
2308 3312 2480 3379 captis
2512 3309 2926 3382 Hierosolymis,
2969 3324 3135 3377 regno
3167 3307 3382 3377 quidem
3419 3321 3548 3376 ερο-

277 3396 309 3447 6
339 3394 630 3463 Ῥωμαίων
662 3394 991 3465 στρατηγὸς,
1043 3393 1329 3465 πορθήσας
1362 3394 1431 3448 τὰ
1491 3394 1864 3465 Ἰεροσόλυμα,

277 3487 379 3556 τὴν
417 3486 516 3555 μὲν
551 3486 828 3556 βασιλείαν
851 3486 1112 3555 ἀφείλατο
1145 3485 1214 3550 ⁵⁸,
1242 3486 1659 3557 ἀρχιερατεύειν
1685 3486 1741 3539 δὲ
1770 3486 1865 3539 τοῦ

280 3581 471 3643 ἔθνους
495 3580 790 3633 κατέλιπεν
814 3596 828 3610 ·
856 3580 1027 3651 ἄρξας
1049 3580 1107 3634 δὲ
1155 3581 1336 3635 πάντα
1366 3580 1460 3650 ἐτη
1486 3580 1529 3611 ⁸⁸
1571 3580 1868 3649 τριάκοντα

281 3677 379 3727 καὶ
401 3674 533 3743 τρία
557 3674 905 3745 αἰχμάλωτος
937 3674 1043 3728 ὑπὸ
1083 3674 1440 3747 Φαρναϐάζου
1491 3676 1586 3728 καὶ
1616 3674 1867 3745 Πακόρου

280 3766 392 3819 τῶν
413 3768 514 3835 τῆς
546 3764 879 3836 Παρθυηνῆς
911 3766 1189 3820 δυναστῶν
1218 3767 1454 3834 γίνεται,
1481 3768 1574 3819 καλ⁵
1606 3765 1868 3819 καθίστα-

281 3876 376 3911 ται
405 3858 499 3909 ὑπ’
528 3857 711 3910 αὐτῶν
732 3860 760 3911 ό
785 3857 879 3911 τοῦ
912 3858 1328 3929 Ἀριστοϐούλου
1352 3858 1581 3928 ἀδελφοῦ
1614 3857 1728 3921 υίὸς
1757 3858 1872 3912 Ἀν-

282 3951 501 4016 τίγονος
549 3948 824 4018 βασιλεύς.
871 3951 968 4001 "Ov
1024 3951 1401 4025 weigpﬁva;
1453 3950 1547 4003 xui.
1598 3948 1725 4019 τρία
1774 3948 1868 4019 ἔτη

283 4041 531 4110 ἄρξαντα
554 4042 776 4104 Σόσσιος
802 4042 846 4072 ⁵¹
869 4042 897 4092 6
926 4041 1215 4111 Ῥωμαίων
1243 4041 1548 4114 στρατηγὸς
1571 4041 1667 4093 καὶ
1699 4037 1873 4109 Ἠρώο

283 4133 383 4201 δης
421 4134 452 4185 6
480 4132 719 4201 πρῶτος,
751 4134 780 4186 ὁ
805 4130 897 4185 τοῦ
933 4132 1298 4205 Ἀντιπάτρου
1343 4132 1441 4186 τοῦ
1473 4131 1871 4186 Ἀσκαλωνίτου

286 4224 381 4277 τοῦ
430 4223 738 4295 ίεροδούλου
795 4225 891 4278 καὶ
939 4225 1039 4296 τῆς
1091 4226 1367 4298 Κύπριδος
1406 4228 1507 4298 τῆς
1540 4224 1874 4298 Ἀραϐίσσης

1969 3405 2141 3469 liavit,
2176 3406 2543 3460 sacerdotium
2577 3413 2758 3458 tamen
2799 3418 3072 3459 summum
3100 3401 3339 3457 Iudaica:
3371 3398 3548 3471 gentis

1974 3511 2166 3567 gerere
2198 3497 2465 3567 permisit.
2508 3493 2738 3551 Prtel'uit
2768 3495 2823 3549 in
2873 3495 3187 3549 universum
3230 3506 3405 3547 annos
3432 3498 3565 3545 tres.

1968 3596 2024 3639 et
2076 3587 2322 3656 triginta,
2373 3601 2497 3641 cum
2532 3586 2633 3640 sub
2668 3584 3026 3640 Pharnabazo
3072 3591 3128 3639 et
3173 3583 3380 3639 Pacoro
3415 3582 3547 3636 Par-

1972 3678 2191 3732 lhurum
2216 3677 2487 3748 praefectis
2508 3688 2697 3748 captus
2718 3687 2824 3743 est,
2842 3676 3209 3748 suﬁ‘ectusque
3233 3676 3303 3731 ab
3323 3675 3430 3730 illis
3455 3690 3545 3729 rex

1968 3770 2264 3825 Aristobuli
2296 3769 2486 3825 fratris
2514 3770 2655 3824 ﬁlius
2673 3770 2997 3839 Antigonus.
3020 3766 3389 3835 Hnncipsum,
3417 3781 3537 3819 cmn

1971 3876 2145 3915 annos
2175 3869 2308 3928 tres,
2340 3860 2673 3930 totidemque
2720 3874 2937 3914 menses
2976 3858 3324 3927 imperasset,
3358 3855 3550 3908 Sosius

1972 3956 2193 4025 quidem
2222 3956 2591 4010 Romanornm
2620 3953 2728 4005 dux
2769 3960 2825 4007 et
2855 3951 3097 4006 Herodes
3129 3950 3337 4019 primus
3363 3946 3433 4015 (is
3458 3945 3550 4016 qui

1973 4046 2248 4117 Antipatri
2297 4044 2625 4099 Ascalonita!
2658 4042 2984 4104 sacerdotis,
3032 4051 3087 4095 et
3123 4040 3372 4110 Cypridis
3408 4037 3549 4091 Ara-

1976 4138 2113 4191 bica:
2142 4135 2285 4190 ﬁlius
2309 4134 2429 4205 fuit)
2461 4133 2823 4189 debellarunt.
2852 4126 3121 4186 Antonius
3154 4140 3336 4184 autem
3362 4130 3553 4184 Antio-

1972 4229 2152 4282 chiam
2190 4226 2511 4297 perductum
2554 4225 2787 4279 necavit.
2819 4222 2894 4277 Ita
2924 4223 3083 4277 ﬁnem
3116 4221 3435 4277 Asamonzea
3465 4236 3553 4275 so-

290 4320 442 4380 παῖς,
473 4315 959 4388 ἐξεπολιόρκησαν,
994 4318 1279 4383 Ἀντώνιος
1314 4320 1373 4373 δὲ
1424 4322 1503 4383 είς
1535 4319 1860 4389 Ἀντιόχειαι

1976 4320 2129 4375 boles
2167 4320 2377 4383 habuit,
2420 4327 2475 4373 et
2520 4316 2811 4387 imperium
2861 4313 3173 4370 Judazorum
3216 4330 3246 4370 a
3292 4313 3552 4368 Romanis

285 4410 598 4481 ἀναχθέντα
619 4410 820 4464 ἀνεῖλε.
873 4412 985 4465 Καὶ
1041 4413 1276 4465 παύεται
1305 4413 1381 4481 ιτὸ
1405 4411 1799 4483 Ἀσαμωναίων
1828 4413 1860 4445 ⁸³

1978 4413 2220 4468 Herodes
2252 4411 2507 4480 sumpsit.
2541 4410 2633 4464 Ille
2660 4409 2833 4464 cuivis
2861 4408 3236 4480 pontiﬁcatum
3279 4406 3549 4475 praabens,

286 4504 469 4569 γένος,
521 4502 616 4554 καὶ¹
670 4501 944 4573 λαμϐάνει
991 4503 1091 4572 τὴν
1126 4504 1231 4557 τῶν
1280 4502 1551 4558 Ἰουδαίων
1597 4502 1860 4573 βασιλείαι

1977 4503 2416 4569 successoribus,
2450 4509 2509 4555 ut
2555 4498 2698 4554 idem
2728 4501 3023 4565 auderent,
3047 4508 3209 4568 caput
3236 4498 3450 4553 exstitit
3473 4505 3554 4550 at-

291 4594 445 4663 παρά
484 4593 774 4663 Ῥωμαίων
825 4595 1098 4665 Ἡρώδης·
1155 4595 1214 4657 6;
1255 4595 1369 4658 τοῖς
1425 4594 1651 4665 τυχοῦσι
1692 4597 1860 4667 νέμωη

1978 4613 2084 4666 que
2114 4597 2443 4666 exemplum.
2476 4593 2745 4664 Pertingit
2777 4596 2979 4663 itaque,
3011 4603 3068 4646 ιιι
3104 4608 3263 4660 supra
3295 4591 3572 4657 diximus,

288 4689 386 4755 τὴν
417 4686 834 4756 ἀρχιερωσύνην
868 4688 964 4741 καὶ
996 4691 1106 4750 τοῖς
1143 4687 1406 4757 διαδόχοις
1446 4688 1609 4741 αὐτοῦ
1650 4689 1712 4742 τὸ
1745 4689 1860 4743 αύτί

1981 4690 2069 4743 hic
2118 4690 2355 4757 scriptor
2400 4687 2555 4741 libris
2598 4684 2813 4756 viginti,
2850 4685 2928 4760 ab.
2957 4684 3089 4737 orbe
3118 4682 3335 4736 condito
3374 4680 3557 4747 auspi-

290 4778 453 4830 τοῦτο
518 4781 696 4831 ποιεῖν
739 4779 881 4850 ἀρχὴ
939 4779 1133 4847 γέγονε
1173 4781 1267 4833 καὶ
1306 4780 1676 4848 παράδειγμα.
1724 4782 1860 4835 Κάτ·

1976 4786 2156 4840 Catus,
2182 4778 2247 4829 ad
2276 4775 2491 4829 initium
2533 4788 2706 4842 usque
2740 4771 2863 4827 belli
2898 4770 3071 4823 ultimi
3099 4767 3410 4822 Iudaeorum
3434 4784 3554 4821 cum

291 4887 432 4922 εισιν
472 4866 588 4932 οὖν,
651 4870 836 4941 ὥσπερ
884 4871 1132 4941 εἴρηται,
1182 4873 1212 4924 6
1277 4874 1627 4943 συγγραφεὺς
1672 4876 1730 4927 ἐν
1764 4877 1860 4936 τοῖς

1980 4866 2244 4922 Romanis
2274 4884 2287 4918 :
2324 4880 2427 4934 qua
2457 4872 2780 4934 tempestate
2812 4863 2863 4914 in
2906 4858 3088 4913 Judaea
3127 4858 3396 4927 regnavit,
3429 4872 3559 4912 auc-

291 4962 467 5015 εῖκοσι
510 4960 755 5031 βιϐλίοις,
813 4961 1118 5032 ἀρξάμενος
1172 4961 1281 5014 ἀπὸ
1323 4961 1425 5030 τῆς
1476 4963 1860 5033 κοσμογονίας,

1980 4962 2204 5016 toritate
2252 4957 2650 5021 Romanorum,
2696 4955 2959 5025 Agrippa,
2991 4953 3241 5022 Agrippae
3287 4951 3346 5006 F.
3387 4951 3559 5023 Syriae

296 5051 461 5119 μέχρι
505 5050 605 5118 τῆς
662 5051 835 5119 ἀρχῆς
886 5049 979 5103 τοῦ
1020 5050 1334 5103 τελευταίου
1384 5052 1523 5121 πρὸς
1580 5050 1860 5122 Ῥωμαίου

1991 5064 2122 5105 vero
2148 5063 2212 5105 ac
2241 5045 2445 5101 Judaaae
2474 5042 2765 5116 praefectus
2790 5042 2890 5097 fuit
2920 5040 3113 5096 Gesius
3141 5041 3358 5109 Florus,
3398 5041 3445 5095 is
3468 5040 3559 5109 qui

293 5142 572 5194 Ἰουδαίων
630 5142 888 5211 πολέμου,
945 5142 1070 5196 καθ’
1136 5142 1196 5195 δν
1244 5143 1435 5212 καιρὸν
1456 5145 1729 5198 Ἰουδαίων
1782 5146 1860 5215 μέπ

1986 5143 2183 5201 Albino
2236 5140 2529 5206 successit;
2592 5136 2745 5205 cujus
2806 5137 3159 5205 impotentem
3195 5137 3556 5197 dominatum,

296 5232 615 5283 ἐϐασίλευεν
643 5232 747 5284 ὑπὸ
789 5232 1077 5301 Ῥωμαίων
1096 5232 1375 5295 καταστὰς
1406 5233 1715 5302 Ἀγρίππας
1738 5237 1765 5287 6
1787 5235 1860 5288 τοί

1990 5235 2477 5303 crudelitatemque
2527 5229 2838 5286 Judzeorum
2900 5228 3047 5282 natio
3097 5238 3201 5281 non
3239 5224 3441 5289 ferens,
3484 5234 3562 5278 tu-

1582 5327 1812 5380 VARI/1'3
1855 5325 2264 5383 LECTIONES.

370 5420 420 5451 ⁸⁸
446 5421 726 5493 γραφῇλς.
835 5419 878 5493 ξι
900 5418 1000 5490 τῷ]
1124 5420 1221 5493 τοῦ
1250 5439 1312 5486 ς.
1414 5421 1459 5452 ⁸⁸
1491 5418 1823 5493 καθιστῶσιν
1861 5424 2131 5493 Ἰάκειμον
2170 5440 2230 5493 ς.

296 5490 341 5563 ξ³
380 5486 533 5563 παρὰ
571 5486 669 5563 τού
703 5489 933 5563 πατρδςῗ
950 5486 1013 5563 ς.
1056 5486 1102 5522 “
1123 5490 1397 5561 Ἰακείμου
1421 5509 1487 5556 ς..
1576 5491 1618 5521 ⁸⁷
1648 5494 1983 5563 οἱ-έέγγονοι
2032 5486 2097 5548 C.
2168 5492 2215 5525 ⁵⁸
2252 5486 2609 5562 ματαθίαςὈ.
2688 5490 2732 5523 δ’
2763 5488 2812 5563 6]
2840 5490 2895 5543 δὲ
2922 5491 2949 5543 6
2977 5506 3037 5556 ς.
3060 5560 3078 5563 _
3124 5487 3169 5518 ⁸ο
3207 5486 3559 5563 6929:3705-

296 5561 341 5591 "
374 5552 475 5629 ἐτη
508 5576 627 5632 om.
650 5562 714 5632 A.
899 5552 1124 5632 Σούριος
1156 5552 1323 5632 gzcl".
1360 5552 1608 5614 Hudson.
1641 5567 1705 5613 ad
1738 5552 1961 5630 .loééph.
1994 5564 2053 5618 Β.
2088 5563 2211 5617 Jud.
2247 5552 2518 5631 lpi-owm:
2552 5564 2604 5616 7.
2682 5563 2726 5597 ⁵³
2764 5552 3139 5630 ’.ἰσαμωῖκαῖον
3184 5552 3270 5622 ς(
3331 5556 3379 5588 ⁸⁸
3405 5552 3582 5607 τοῦτο.

297 5637 475 5683 ποιεῖν
504 5629 670 5703 ἀρχὴ]
726 5630 885 5685 τοῦτο
906 5629 1051 5702 ἀρχὴ
1074 5630 1322 5695 Α,τοῦτο
1347 5634 1520 5685 ποιεῖν
1544 5629 2035 5704 καταλιπὼνᾰρχὴ
2070 5652 2130 5697 ς.

1811 5727 2013 5781 ΝΗΑέ

1988 5824 2140 5891 ειιυιι.
2181 5820 2494 5891 Stephanus
2524 5819 2579 5891 in
2615 5830 2733 5885 cup.
2766 5812 3126 5871 Macltalncor.

2058 5888 2165 5962 U5)
2203 5893 2283 5944 .\l.
2315 5888 2606 5943 Blututltiw.

2334 5421 2379 5453 “
2416 5418 2647 5492 Ἀαρὼν,
2693 5490 2698 5492 _
2733 5437 2810 5492 q._
2847 5490 2880 5492 Η
2910 5417 2955 5492 ιθ
2988 5417 3269 5492 νενόμιστο
3311 5415 3433 5492 add.
3492 5414 3559 5467 Α.

375 5823 491 5889 (τὸ)
523 5823 606 5875 Al.
640 5822 885 5889 Alcimo,
916 5823 999 5878 vel
1029 5822 1329 5878 Jacchimo.

379 5892 501 5963 (ηδ
538 5892 611 5950 De
645 5894 730 5951 his
766 5898 931 5950 tunlta
982 5895 1203 5951 doctiss.
1239 5892 1523 5949 Oriolauus
1572 5894 1740 5963 episc.
1778 5892 1869 5950 Jo-
