4092 6418
606 441 709 503 illi}

1736 441 2000 501 PHOTII
2041 437 2546 498 PA'l‘lllARCIUE
2584 436 2694 494 (ΣΡ.

3761 431 3867 493 944

614 556 869 609 multuari
902 557 1090 625 (:(Bpit,
1124 555 1316 610 melius
1344 570 1465 609 esse
1496 566 1610 608 rata
1640 556 1837 611 multos
1862 555 2021 610 simul
2049 566 2103 609 et
2130 556 2181 607 in

2290 554 2594 622 Ἀγρίππα,
2624 552 2965 622 ἐπετρόπευε
2996 551 3053 604 δὲ
3108 552 3207 619 τῆς
3257 549 3458 621 Συρίας
3486 550 3580 603 καὶ
3604 549 3867 616 Ἰουδαίας

611 650 883 711 libertate,
914 665 1075 718 quam
1126 648 1271 703 lente
1317 665 1380 703 ac
1428 649 1711 717 paulatim,
1746 660 1802 702 et
1835 650 1887 702 iii
1922 648 2186 703 servitute

608 741 903 809 exstingui.
933 741 1121 794 Altero
1166 752 1315 795 certe
1366 744 1702 809 praefectura:
1749 741 1919 805 Flori,
1954 739 2187 794 Neronis

609 848 739 886 vero
771 834 983 885 decimo
1012 848 1177 895 anno,
1210 833 1406 887 bellum
1437 836 1630 904 agitari
1658 845 1921 904 coeptum,
1955 833 2187 902 ﬁnisque

607 928 691 972 est
716 919 935 988 .losephi
981 918 1241 975 Historiae
1274 940 1289 977 :
1317 922 1383 977 de
1409 922 1567 989 cujus
1606 922 1746 991 stylo
1798 937 1959 991 supra
2007 922 2189 975 dicere

608 1027 850 1065 Illelllllll.

2288 644 2478 706 Γέσιος
2517 643 2754 716 Φλῶρος,
2797 644 3042 697 Ἀλϐίνου
3076 644 3319 714 διάδοχος
3352 659 3367 673 ³
3399 636 3459 698 οὗ
3485 644 3586 710 τὴν
3630 661 3868 714 κακουρο

2289 736 2416 804 γίαν
2438 738 2531 788 καὶ
2562 736 2821 805 ὠμότητα
2854 737 2917 788 τὸ
2969 736 3240 789 Ἰουδαίων
3293 736 3446 799 ἔθνος
3505 736 3566 789 οὐ
3609 738 3867 807 φέροντες

2227 837 2245 871 ⁸.
2291 828 2638 886 ἐστασίασαν,
2666 827 2757 898 [99
2811 826 2903 899 Ιὶ.]
2970 831 3222 898 κρεῖσσον
3282 830 3624 899 ἡγησάμενοι
3677 828 3871 898 ἀθρόον

2292 923 2385 973 καὶ
2445 921 2544 973 σὺν
2587 920 2872 991 ἐλευθερίᾳ
2915 921 2947 990 ἦ
3006 922 3124 973 κατ’
3180 922 3360 989 ὀλίγον
3392 922 3487 975 καὶ
3538 924 3634 975 σὺν
3664 922 3873 993 δουλεία

2293 1013 2614 1067 ἀπολέσθαι.
2651 1013 2915 1085 Δεύτερον
2945 1014 2989 1066 δ’
3018 1010 3087 1085 ἦν
3116 1016 3161 1046 ⁵⁸
3203 1015 3321 1077 ἔτος
3354 1016 3453 1085 τῆς
3493 1016 3713 1086 Φλώρου
3756 1018 3872 1067 ὲπι-

607 1104 839 1171 τροπῆς,
871 1102 1173 1155 δωδέκατον
1223 1103 1281 1156 δὲ
1330 1104 1427 1174 τῆς
1480 1105 1734 1175 Νέρωνος
1784 1103 1980 1174 ἀρχῆς,
2019 1104 2107 1156 ὅτε
2136 1104 2166 1156 ὁ
2204 1104 2435 1175 πόλεμος
2482 1104 2756 1176 ἐλάμϐανε
2794 1107 3005 1178 κίνησιν
3031 1124 3046 1139 ’
3089 1109 3146 1160 ὲν
3175 1102 3257 1172 οἷς
3292 1109 3386 1163 καὶ
3405 1108 3504 1179 τῆς
3536 1109 3778 1179 ἱστορίας
3814 1125 3874 1175 τὸ

616 1198 811 1267 πέρας.
868 1195 993 1260 Οἷος
1016 1198 1070 1249 δὲ
1095 1200 1195 1269 τὴν
1236 1200 1437 1269 φράσιν
1513 1200 1685 1263 ἐστὶν,
1758 1200 2073 1270 ἔμπροσθεν
2123 1202 2362 1272 εἴρηται.

680 1292 861 1345 Genus
893 1294 963 1345 illi
992 1292 1298 1357 Judaieum,
1323 1304 1374 1346 et
1407 1297 1660 1348 sacerdos
1695 1295 1827 1364 ipse,
1855 1295 2023 1365 patris
2048 1310 2183 1363 quo-

605 1400 708 1451 que
755 1388 976 1451 stirpem
1019 1401 1049 1437 e
1089 1386 1467 1439 sacerdotibus
1513 1384 1669 1455 longa
1724 1386 1989 1453 majorum
2042 1387 2185 1439 serie

604 1478 837 1529 ducebat
874 1495 885 1529 :
922 1492 1047 1529 iiatii
1094 1488 1267 1530 mater
1312 1478 1445 1545 regii
1479 1479 1759 1546 sanguinis
1808 1477 1908 1531 fuit
1948 1494 2014 1532 ex
2057 1480 2187 1532 Asa-

608 1583 937 1621 nionazorum
984 1569 1072 1620 illa
1114 1569 1317 1631 sobole,
1356 1585 1479 1635 qua:
1528 1570 1837 1624 diutissime
1883 1571 2022 1625 inter
2052 1586 2185 1624 con-

608 1660 838 1714 trilinles
870 1662 1175 1714 sacerdotio
1212 1662 1379 1727 potita
1422 1677 1664 1726 summo,
1700 1673 1755 1715 et
1796 1679 1980 1732 regno.
2016 1662 2187 1718 Natus

608 1770 737 1825 ergo
770 1755 1041 1822 Joseplius
1067 1771 1132 1809 ex
1160 1755 1246 1808 illa
1269 1766 1464 1818 matre,
1499 1767 1553 1808 et
1585 1756 1831 1821 Mattliia,
1871 1755 2007 1826 53b
2040 1771 2183 1810 anno

607 1850 781 1917 primo
806 1850 916 1902 Caii
950 1849 1178 1901 Romani
1219 1848 1587 1915 imperatoris,
1613 1849 1724 1918 jam
1762 1850 1887 1903 inde
1918 1866 1946 1902 a
1980 1852 2185 1903 teneris

2365 1293 2521 1345 Ἐστι
2551 1291 2605 1344 δὲ
2634 1294 2663 1345 ό
2691 1293 2737 1325 ⁸⁸
2768 1291 3031 1363 Ἰώσηπος
3076 1292 3231 1361 γένος
3270 1293 3367 1363 μὲν
3406 1292 3657 1352 Ἰουδαῖος
3696 1293 3875 1364 ἱερεὺς

2292 1386 2389 1437 καὶ
2428 1384 2485 1449 ἐξ
2516 1387 2706 1455 ἱερέων
2739 1386 2808 1438 τὰ
2845 1387 2980 1454 πρὸς
3013 1388 3216 1455 πατρὸς
3246 1386 3452 1439 ἄνωθεν
3476 1388 3872 1456 καταγόμενος,

2293 1479 2356 1530 ὲκ
2387 1477 2664 1546 βασιλείου
2722 1478 2778 1529 δὲ
2813 1480 2857 1509 ⁸⁷
2894 1478 3067 1547 φυλῆς
3094 1480 3199 1531 ὑπὸ
3226 1480 3327 1547 τῆς
3356 1479 3592 1549 μητρός·
3626 1480 3737 1531 τῶν
3767 1480 3874 1551 γάρ

2305 1568 2681 1637 Ἀσαμωναίου
2717 1568 2942 1630 παίδων,
2976 1570 3026 1621 οἳ
3066 1569 3159 1620 ἐπὶ
3206 1568 3547 1639 μακρότατον
3599 1568 3707 1619 τῶν
3740 1570 3875 1637 ὀμο-

2294 1661 2477 1729 ιρύλων
2508 1662 2829 1731 ἱεράτευσάν
2859 1678 2916 1713 τε
2941 1661 3037 1713 καὶ
3066 1660 3446 1724 ἐϐασίλευσαν,
3466 1665 3498 1731 ἡ
3531 1662 3875 1731 γεννησαμέ-

2292 1771 2358 1821 νη
2416 1753 2707 1820 ἀπόγονος.
2764 1754 2977 1804 Γίνεται
3021 1752 3085 1822 δὴ
3123 1753 3167 1784 ⁵⁸
3201 1752 3257 1818 ἐξ
3300 1753 3470 1820 αὐτῆς
3504 1752 3599 1804 καὶ
3628 1751 3876 1804 Ματθίου

2292 1844 2435 1897 κατὰ
2468 1844 2528 1896 τὸ
2573 1844 2790 1913 πρῶτον
2830 1844 2947 1906 ἔτος
2993 1844 3093 1913 τῆς
3144 1844 3306 1897 Γαΐου
3352 1844 3636 1913 Ῥωμαίων
3671 1845 3877 1915 ἠγεμο-

605 1943 909 2013 unguiculis
940 1942 1296 2010 philosophiae
1337 1942 1531 1995 studiis
1554 1957 1675 1995 sese
1706 1942 1930 1996 dedidit.
1956 1941 2175 1995 Annum

2286 1938 2397 1999 νίας
2437 1937 2720 2006 Ἰώσηπος,
2780 1938 2843 1989 ἐκ
2888 1937 3016 1999 νέας
3047 1938 3144 2005 μὲν
3195 1938 3520 2004 φιλολογῶν
3555 1938 3681 2007 περὶ
3721 1938 3782 1991 δὲ
3818 1940 3876 1991 τὸ

604 2036 798 2089 deinde.
828 2037 1105 2103 attingens
1134 2045 1347 2087 sextum
1387 2035 1684 2097 decimum,
1706 2036 1946 2088 animum
1973 2050 2189 2104 quoque

602 2130 668 2181 ad
695 2127 1005 2181 Judaaoruiu
1036 2136 1214 2180 sectas
1242 2124 1447 2194 appulit
1475 2128 1609 2195 (tres
1636 2126 1748 2195 (76)
1778 2137 1957 2179 autem
1995 2144 2181 2179 nume-

605 2219 818 2287 rantur)
860 2232 1156 2285 oiiinesque
1189 2231 1388 2284 magno
1435 2216 1601 2269 animi
1656 2218 1835 2269 studio
1872 2227 2187 2285 persecutus

602 2320 707 2372 est,
736 2320 790 2360 ut
814 2310 1051 2361 omnium
1074 2319 1230 2377 capto
1261 2308 1654 2376 experiiiienio,
1688 2310 1944 2376 Optimam
1972 2307 2187 2360 tandem

601 2401 1041 2468 amplecteretur.
1074 2402 1249 2469 Atque
1283 2402 1365 2452 lite
1397 2399 1509 2452 fere
1540 2409 1706 2452 sectae
1736 2400 1838 2453 illa:
1862 2417 1875 2453 :
1902 2398 2183 2464 Pharisaei,

606 2492 884 2546 Saiducaei
916 2503 969 2545 et
1001 2492 1190 2547 Esseni
1226 2493 1361 2563 (77).
1396 2493 1540 2558 Quas
1566 2508 1687 2545 cuin
1722 2494 2101 2561 percurrisset,
2133 2493 2185 2544 iii

602 2586 951 2639 solitudinem
972 2586 1195 2648 secedit,
1223 2585 1404 2653 ibique
1422 2585 1536 2638 viro
1555 2596 1664 2638 tres
1679 2600 1851 2643 annos
1872 2587 2184 2655 utitur(78;,

601 2680 691 2745 qui
724 2678 1022 2731 solitariam
1049 2686 1167 2730 erat
1190 2677 1355 2729 vitam
1386 2689 1602 2731 austere
1621 2677 1826 2745 pridem
1848 2678 2183 2745 complexus,

602 2766 687 2818 cui
754 2765 1134 2818 ves‘tinientuni
1192 2764 1447 2817 arborum
1506 2764 1657 2831 folia,
1702 2765 2017 2818 alimentum
2052 2782 2184 2819 vero

602 2854 784 2907 herbae
818 2862 1012 2923 sponte
1046 2864 1183 2906 natae
1233 2853 1545 2922 praebebant
1577 2871 1592 2906 :
1623 2864 1678 2906 et
1724 2854 1915 2921 frigida
1963 2855 2185 2923 insuper

603 2944 803 3009 smpius
850 2943 1087 2995 interdiu
1138 2953 1410 3010 noctuque
1451 2942 1687 3003 lavabat,
1720 2943 1974 3010 puritatis
2000 2943 2181 2996 conti-

607 3036 913 3102 nentiaeque
964 3034 1161 3101 gratia.
1195 3032 1332 3086 lliuc
1378 3032 1445 3085 ad
1496 3034 1959 3086 undevicesimum
2006 3035 2182 3088 aitalis

603 3142 804 3179 annum
850 3126 1039 3180 urbem
1096 3126 1332 3194 repetiit,
1388 3124 1787 3179 Pharisaeorum
1839 3128 2177 3195 potissimum

604 3222 854 3275 haeresim
886 3230 1125 3283 secutus,
1146 3236 1303 3288 quam
1326 3221 1374 3274 ei
1408 3221 1522 3273 fere
1554 3222 1787 3275 siiiiileiii
1822 3220 2176 3292 laciunt(79).

2292 2028 2679 2082 ἑκκαιδέκατον
2720 2028 2838 2091 ἔτος
2884 2028 3122 2095 γεγονὼς
3146 2030 3381 2082 ἐπέϐαλε
3415 2032 3510 2083 καὶ
3553 2033 3672 2093 ταῖς
3719 2030 3874 2101 παρά

2303 2119 2575 2182 Ἰουδαίοις
2598 2118 2841 2188 αἱρέσεσι
2871 2118 3040 2188 (τρεῖς
3072 2118 3115 2171 δ’
3142 2120 3269 2187 εἰσὶ)
3310 2118 3403 2171 καὶ
3431 2121 3611 2180 πασας
3640 2120 3873 2182 εὐτόνως

2294 2212 2478 2281 μετῄει
2512 2211 2652 2282 ὑπὲρ
2669 2211 2763 2263 τοῦ
2799 2212 2989 2264 πασῶν
3021 2214 3216 2281 πεῖραν
3240 2212 3497 2280 εἰληφότα
3528 2213 3747 2265 ἑλέσθαι
3775 2215 3875 2283 τὴν

2290 2299 2518 2365 ἀμείνω.
2559 2298 2681 2350 Etsi
2712 2299 2761 2350 δ’
2791 2302 2847 2351 αἱ
2892 2298 3137 2368 αἱρέσεις
3186 2300 3469 2369 Φαρισαῖοι
3526 2300 3874 2354 Σαδδουκαῖοι

2288 2393 2383 2442 καὶ
2427 2390 2706 2461 Ἐσσηνοί”
2744 2391 2809 2455 ἃς
2848 2392 3069 2445 διελθὼν
3109 2392 3309 2458 ἔξεισιν
3348 2393 3443 2445 ἐπὶ
3490 2392 3589 2462 τὴν
3639 2393 3871 2464 ἔρημον,

2288 2484 2451 2535 κάκεῖ
2516 2484 2880 2554 συνδιατρίεει
2956 2485 3231 2555 ἀνθρώπῳ
3292 2488 3397 2537 τινὶ
3457 2487 3548 2539 τὸν
3606 2488 3877 2557 έρημικδν

2288 2576 2537 2629 ἀθλοῦντι
2563 2577 2677 2645 βίον
2698 2578 2790 2628 ἐπὶ
2823 2574 3188 2647 έτητρία.⁷Ην
3222 2577 3279 2630 δὲ
3310 2577 3383 2647 τῷ
3406 2578 3676 2649 ἀνθρώπῳ
3709 2580 3874 2651 ἐσθὴς

2290 2667 2391 2738 μὲν
2424 2671 2487 2719 ἐκ
2512 2668 2768 2739 δένδρων,
2802 2670 2895 2722 καὶ
2926 2669 3100 2739 τροφὴ
3117 2670 3225 2723 τῶν
3246 2670 3532 2737 αὐτοφυῶν
3554 2672 3606 2723 αἱ
3628 2671 3871 2741 βοτάναι,

2287 2762 2499 2832 καὶψυχ
2508 2762 2599 2832 ροῦ
2620 2762 2944 2832 ὓδατοςίλουτ
2954 2763 3043 2833 ρὸν
3059 2763 3319 2826 πολλάκις
3337 2764 3535 2833 καὶτῆς
3551 2766 3759 2835 ἡμέρας
3774 2770 3877 2818 καὶ

2285 2858 2381 2925 τῆς
2399 2857 2591 2918 νυκτὸς
2608 2856 2743 2926 πρὸς
2774 2857 3013 2923 ἁγνείαν.
3035 2856 3270 2909 Ἐκεῖθεν
3302 2858 3429 2926 περὶ
3446 2857 3504 2908 τὸ
3522 2859 3872 2910 ἐννεακαιδέ-

2286 2966 2449 3002 κατον
2468 2949 2584 3011 ἔτος
2593 2949 2847 3030 ἐπάνεισι
2869 2949 3005 3019 πρὸς
3020 2950 3116 3020 τὴν
3143 2950 3315 3011 πόλιν,
3339 2951 3437 3019 τὴν
3460 2950 3769 3021 Φαρισαίων
3798 2952 3875 3004 αῖ-

2288 3059 2433 3111 ρεσιν
2451 3043 2796 3112 στέργων,ἣν
2825 3043 2919 3095 καὶ
2944 3046 3013 3113 τῇ
3032 3042 3163 3113 παρ’
3186 3043 3413 3113 Ἕλλησί
3433 3061 3597 3113 φασιν
3636 3046 3680 3076 ⁵⁹
3705 3047 3873 3098 ἑοικέ-

2284 3134 2744 3206 ναιὲπιλεγομένῃ
2771 3136 3005 3204 Στωϊκῇ.
3025 3130 3155 3187 Εἶτα
3179 3136 3307 3204 περὶ
3320 3137 3378 3187 τὸ
3396 3137 3719 3207 τριακοστὸν
3751 3138 3872 3202 ἔτος

2285 3228 2563 3295 πέμπεται
2614 3229 2765 3298 παρά
2811 3230 2920 3280 τῶν
2962 3227 3407 3297 Ἱεροσολυμιτῶν
3440 3229 3549 3281 τῶν
3610 3232 3666 3281 ὲν
3711 3231 3876 3284 Γαλι-

603 3331 721 3384 qua:
751 3315 893 3382 apud
918 3326 1106 3381 gentes
1126 3315 1311 3369 Stoica
1343 3325 1428 3368 est
1454 3316 1984 3384 appellata.Aiinum
2012 3331 2180 3384 agens

2286 3283 2411 3388 λαία
2460 3283 2775 3390 προνοήσων
2826 3322 2891 3352 ⁶⁰⁶
2928 3283 3103 3394 ἀρχὴν
3132 3283 3248 3391 γὰρ.
3277 3323 3522 3391 ταραχῆς
3559 3323 3873 3392 ἐδέχετοτά

608 3417 797 3475 postea
864 3408 1225 3470 tricesimum,
1258 3409 1325 3460 ab
1361 3407 1871 3477 llierosolymitanis
1922 3409 1987 3459 ad
2034 3407 2182 3461 Gali-

600 3501 753 3555 laeam
786 3501 1184 3570 procurandum
1218 3500 1473 3553 mittitur.
1509 3499 1627 3553 Jam
1668 3500 1810 3553 enim
1859 3501 2065 3552 turbari
2096 3515 2182 3553 res

606 3602 891 3663 eceperant
917 3591 1251 3658 Iudaeorum,
1290 3593 1584 3661 multisque
1612 3593 1712 3661 ipsi
1755 3592 1945 3661 agitari
1979 3593 2180 3644 tumul-

602 3686 766 3738 tibus.
809 3684 943 3737 Dein
997 3684 1341 3738 Galilworum
1392 3684 1586 3739 ductor
1615 3693 1854 3743 creatus,
1891 3683 2181 3752 rempubli-

599 3793 718 3831 cam
752 3778 892 3831 bene
916 3778 1167 3847 gessit,et
1197 3777 1395 3830 inultas
1420 3776 1708 3845 variasque
1737 3774 2178 3844 azmuloruui(80)

602 3872 655 3924 in
702 3870 979 3937 republica
1020 3869 1451 3922 administranda
1498 3869 1720 3921 insidias
1750 3868 1996 3921 evitavit.
2046 3868 2177 3921 Cum

598 3963 838 4017 inimicis
872 3964 1036 4014 etiam
1071 3962 1401 4015 moderatius
1436 3963 1665 4028 agendo,
1698 3976 1803 4013 non
1838 3976 1959 4014 raro
1994 3975 2089 4014 eos
2126 3962 2177 4014 in

601 4071 757 4121 suam
815 4054 1024 4123 redegit
1071 4063 1422 4121 potestatem.
1456 4052 1661 4105 Bellum
1705 4055 1857 4117 item,
1902 4054 2042 4122 quod
2083 4054 2177 4105 ad-

598 4163 789 4201 versus
821 4145 1099 4200 Romanos
1130 4147 1329 4199 invitus
1372 4147 1637 4213 ευδιτερὶι,
1675 4146 1887 4198 fortiter
1928 4144 2178 4213 Jotapitis

597 4241 879 4295 sustinuit.
913 4237 1083 4293 Vivus
1119 4248 1300 4292 tamen
1334 4239 1388 4292 in
1435 4237 1775 4305 Vespasiani,
1807 4236 2175 4289 Romanorum

598 4333 770 4405 copiis
802 4331 1066 4401 pra-fecti,
1102 4342 1428 4401 potestatem
1462 4334 1652 4383 venit:
1691 4345 1849 4396 quem
1894 4329 1946 4381 in
1984 4345 2040 4382 se
2078 4330 2177 4381 liii-

597 4439 819 4491 manum
863 4424 1057 4486 sensit,
1108 4437 1171 4475 ac
1219 4422 1613 4489 perbeuignuni
1650 4419 1762 4484 jam
1805 4429 1940 4484 lum,
1970 4429 2023 4472 et
2048 4434 2175 4471 vero

595 4517 829 4587 amplius
877 4525 1167 4585 postquam
1216 4512 1519 4566 Romanum
1565 4509 1804 4564 obtinuit
1841 4512 2171 4578 imperium:

2287 3410 2582 3475 Ἰουδαίων,
2638 3411 2864 3473 πολλαῖς
2916 3413 3166 3479 ἀταξίαις
3212 3413 3313 3484 ήδη
3344 3414 3870 3485 συναλλοιουμένων.

2284 3498 2418 3554 Εἶτα
2451 3504 2544 3555 καὶ
2569 3504 2873 3574 στρατηγὸς
2919 3504 3027 3557 τῶν
3058 3506 3190 3575 περὶ
3233 3508 3333 3576 τὴν
3366 3507 3655 3561 Γαλιλαίαν
3692 3528 3874 3580 χειρο-

2283 3593 2529 3660 τονηθεὶς
2564 3591 2623 3646 εὖ
2646 3612 2704 3646 τε
2731 3595 2976 3665 προῦστη
3001 3597 3043 3627 ⁶¹
3078 3597 3173 3650 τοῦ
3196 3596 3401 3661 ἔθνους,
3434 3599 3529 3652 καὶ
3561 3600 3759 3670 μυρίας
3780 3604 3873 3653 καὶ

2284 3685 2689 3748 ποικιλωτάτας
2715 3687 2820 3739 ὑπὸ
2857 3687 2965 3739 τῶν
2998 3688 3549 3759 ἀντιπολιτευομένων
3575 3692 3875 3755 ἐπιϐουλὰς

2284 3776 2523 3838 ὑποστάς
2576 3776 2700 3849 [169
2756 3778 2847 3851 IL]
2882 3780 3063 3842 πάσας
3108 3780 3363 3849 ἐξέφυγε,
3412 3783 3506 3833 καὶ
3555 3783 3793 3852 μετρίως
3824 3784 3869 3814 ⁸³

2282 3871 2395 3931 τοῖς
2436 3870 2649 3940 ἐχθροῖς
2673 3871 2810 3940 ἔχων
2834 3872 3189 3937 ὑπεξουσίους
3216 3872 3261 3902 ⁶³
3280 3872 3539 3936 πολλάκις
3570 3876 3866 3943 ἐχρήσατο.

2282 3961 2390 4012 Καὶ
2419 3960 2509 4013 τὸν
2542 3961 2679 4030 πρὸς
2733 3964 3038 4032 Ῥωμαίους
3072 3964 3308 4033 πόλεμον
3348 3965 3497 4017 ἄκων
3534 3967 3869 4038 ἀναδεξάμε-

2282 4068 2370 4114 νος
2404 4054 2497 4105 κα).
2531 4053 2790 4124 ἀνδρείως
2831 4054 3143 4122 διενεγκὼν,
3170 4059 3227 4108 ὲν
3264 4057 3610 4123 Ἰωταπάτοις
3641 4060 3685 4090 ⁸⁸
3715 4062 3869 4131 ὅμως

2282 4142 2523 4215 ζωγρεία
2581 4144 2626 4175 ⁸⁵
2693 4147 3090 4217 Οὐεσπασιανῷ
3140 4147 3430 4218 Ῥωμαίων
3480 4150 3601 4202 τότε
3668 4169 3866 4222 στρατ-

2281 4236 2505 4305 ηγοῦντι
2521 4236 2822 4292 ἁλίσκεται.
2844 4236 2973 4293 Εἶτα
2989 4243 3248 4310 τυγχάνει
3269 4242 3387 4295 λίαν
3408 4243 3673 4311 εὐμενοῦς
3694 4246 3866 4298 αὐτοῦ

2278 4332 2401 4383 τότε
2444 4350 2505 4385 τε
2552 4334 2596 4365 ⁸⁸
2646 4335 2734 4387 καὶ
2772 4336 2864 4388 ἐπὶ
2910 4336 3069 4388 πλέον
3108 4336 3396 4405 Ῥωμαίων
3441 4338 3725 4407 ἄρξαντος,
3762 4341 3864 4392 οὐκ

2279 4420 2447 4472 αὐτοῦ
2479 4422 2534 4473 δὲ
2576 4424 2739 4492 μόνου
2775 4424 2909 4478 ἀλλά
2945 4426 3038 4477 καὶ
3072 4425 3179 4476 τῶν
3212 4425 3417 4476 παίδων
3448 4425 3608 4477 Τίτου
3640 4426 3732 4477 κα).
3762 4432 3861 4478 Δο-

2281 4515 2537 4583 μετιανοῦ
2554 4516 2617 4569 ὲκ
2642 4516 2892 4586 διαδοχῆς
2918 4518 2959 4547 ⁸⁷
2988 4516 3673 4586 βεϐασιλευκότων,ὠςκαὶ
3694 4519 3795 4587 τῆς
3813 4520 3861 4551 ⁸⁸

597 4626 773 4679 neque
804 4612 978 4663 solum
1014 4608 1164 4661 illum
1195 4607 1351 4659 talem
1382 4614 1639 4671 expertus
1669 4616 1773 4665 est,
1797 4606 1889 4655 sed
1914 4604 2076 4656 etiam
2111 4604 2173 4655 li-

2296 4605 2614 4675 Ῥωμαῖκῆς
2654 4611 2838 4676 τυχεῖν
2864 4606 3140 4670 πολιτείας
3169 4610 3261 4659 καὶ
3287 4608 3507 4661 πάντων
3531 4612 3588 4662 ὲν
3626 4610 3859 4681 ἀφθονίᾳ

594 4704 754 4767 beros
805 4701 919 4769 ejus
972 4698 1153 4763 Titum
1206 4711 1271 4750 ac
1320 4693 1727 4757 Domitianum,
1779 4696 1868 4763 qui
1930 4694 2171 4764 parentis

2281 4700 2644 4768 καταστῆναι.
2690 4700 3031 4770 Ἀπηρτίσθη
3080 4701 3114 4771 ὴ
3171 4701 3215 4732 ⁸³
3269 4701 3479 4770 ἱστορία
3537 4701 3624 4767 νς⁹
3668 4703 3857 4771 ἄγοντι

1856 4875 2095 4931 ΥΑΒΙᾹΞ
2129 4876 2535 4932 LECTIONES.

650 4976 695 5008 ⁸⁸
713 4975 756 5027 δ’
779 4970 847 5046 ἦν
870 4974 909 5027 Α
941 4993 953 5027 :
988 4974 1050 5043 δὴ
1084 4991 1144 5038 ς’.
1181 4974 1285 5046 ⁵⁸ῌό
1317 4973 1439 5025 add.
1466 4973 1533 5026 Α.
1564 4972 1705 5046 "ﬁlix
1728 4972 1853 5046 βασ.
1885 4992 1945 5037 ς.
1982 4975 2026 5006 ⁵⁸
2056 4974 2120 5042 δὴ
2150 4974 2193 5025 Α
2228 4990 2240 5024 :
2274 4974 2337 5043 δὴ
2372 4971 2465 5046 οὖν
2494 4991 2553 5037 ς.

2080 5047 2123 5077 θ’
2160 5046 2380 5115 μέτριον
2408 5045 2472 5096 Α.

591 5050 624 5100 ‘2’.
676 5044 819 5101 extr.
901 5047 945 5077 ”
976 5044 1412 5113 προνοησόμενος
1453 5061 1513 5107 ς.
1592 5044 1632 5073 ⁶¹
1668 5045 1909 5113 προέστη
1942 5062 2002 5107 ς.

2630 4974 3106 5048 δὲφασινῖγιηιιῐίηι
3142 4994 3325 5046 φησιν.
3356 4977 3426 5048 cf.
3471 4975 3693 5048 Josepli.
3736 4977 3849 5033 Vit.

2578 5045 2625 5075 ”
2650 5047 2983 5111 ὑπεξουσίως
3027 5050 3092 5107 Α,
3124 5047 3463 5111 ὑπεξουσίοις
3496 5066 3555 5111 ς’.
3603 5045 3616 5048 -
3692 5048 3737 5080 ⁸⁸
3766 5052 3853 5102 ία-

588 5120 851 5189 ταπάτοις
882 5135 942 5181 ς.
996 5116 1040 5147 ⁸⁸
1071 5113 1313 5184 ζωγρεία⁵
1337 5132 1479 5169 corr.
1510 5115 1551 5168 Α
1580 5131 1593 5167 :
1618 5113 1862 5183 ζωγρίαν
1904 5132 1965 5179 ς.
2022 5116 2065 5146 ⁵⁸
2091 5116 2212 5167 τότε
2233 5113 2292 5168 τε
2316 5116 2360 5166 Α
2390 5132 2404 5167 :
2439 5130 2499 5165 τε
2533 5114 2655 5168 τότε
2694 5134 2751 5179 ς.
2818 5118 2859 5148 ⁸⁷
2886 5117 3025 5170 κατά
3057 5116 3306 5188 διαδοχὴν
3336 5135 3397 5181 ς.
3447 5120 3490 5150 ⁸⁸
3519 5122 3617 5189 τῆς
3642 5136 3751 5175 oni.
3779 5122 3848 5175 Α.

590 5188 711 5261 θοή]
770 5189 880 5259 δὲή
911 5206 973 5253 ς’,

2086 5366 2317 5424 NOTAE.

661 5484 773 5556 (76)
803 5485 880 5539 De
942 5483 1140 5556 quibus
1183 5485 1406 5551 cepiose
1462 5484 1521 5537 υ.
1555 5484 1754 5556 Barou.
1809 5484 1958 5556 card.
2010 5484 2167 5537 initio

588 5554 722 5613 toni.
750 5555 803 5609 1.
854 5556 1049 5609 Annal.
1084 5555 1287 5624 (coclea.
1329 5556 1392 5608 Et
1442 5566 1630 5609 noster
1674 5554 1847 5609 Nicol.
1883 5555 2168 5610 Serrarius

591 5626 857 5691 singulari
895 5642 996 5681 suo
1026 5625 1427 5679 Tl‘llliBl‘Ca‘lllIn
1461 5626 1745 5694 opusculo.

664 5697 776 5765 (Π)
824 5694 961 5751 Vide
1010 5695 1289 5751 Philonem
1344 5695 1590 5749 Judaeum
1646 5697 1738 5749 lib.
1784 5696 1939 5761 Quod
1992 5696 2165 5749 omnis

587 5766 783 5837 probus
818 5769 969 5834 liber,
1002 5767 1055 5829 iii
1092 5767 1237 5822 med.
1265 5777 1318 5825 et
1353 5768 1445 5819 lib.
1481 5766 1556 5820 De
1586 5768 1694 5818 vita
1737 5768 2160 5836 contemplativa,

590 5850 720 5891 toto.
784 5838 939 5895 Suid.
987 5852 1202 5911 quoque
1286 5839 1508 5894 vocibus
1567 5838 1811 5899 Ἐσσαῖοι
1869 5850 1924 5894 et
1994 5838 2164 5907 Φαριο

589 5924 756 5973 aetat,

2349 5485 2461 5556 (78)
2490 5485 2585 5539 Cui
2614 5502 2807 5542 nomen
2844 5487 3014 5553 Bauo,
3044 5496 3179 5545 teste
3216 5484 3450 5556 Joseplio
3493 5483 3588 5539 lib.
3631 5482 3704 5537 De
3736 5484 3850 5538 vim

2270 5574 2392 5618 sua,
2433 5558 2609 5613 initio.

2343 5628 2456 5696 (79)
2490 5627 2627 5682 lliuc
2659 5629 2797 5681 forte
2824 5639 2875 5682 et
2911 5629 2999 5683 illa
3045 5627 3226 5680 Stoica
3274 5628 3526 5695 dogmata
3556 5641 3582 5676 a
3615 5625 3845 5678 Philone

2273 5707 2503 5751 tractata
2549 5702 2773 5767 singulis
2824 5700 3017 5754 libellis
3050 5719 3060 5752 ε
3095 5698 3297 5753 Omnes
3335 5700 3532 5767 probos
3560 5712 3680 5751 esse
3705 5696 3845 5749 libe-

2270 5785 2384 5829 ros,
2415 5780 2467 5821 et
2500 5785 2685 5823 oniiie~
2716 5772 2987 5838 improbos
3022 5786 3145 5824 esse
3173 5784 3379 5821 servos.

2341 5840 2544 5965 380)_lii
2593 5840 2787 5910 quibus
2827 5838 3011 5896 Jurtus
3061 5840 3397 5895 Tibei‘ieusis
3445 5840 3510 5894 de
3563 5853 3670 5908 quo
3719 5850 3839 5905 sup.

2381 5926 2509 5964 .ao.

2272 5925 2393 5964 του.
2420 5926 2509 5964 οο).
