4092 6470
313 464 427 527 215

1340 477 1870 543 BIBLIOTHECA.
1888 506 1957 520 --
1984 483 2148 546 COD.
2194 486 2489 549 LXXVII.

3479 484 3601 548 246

311 574 587 639 ἐνιαυτὸν,
605 575 899 648 Ῥωμαίων
918 580 1251 651 Δομετιανοῦ
1274 580 1394 648 ἔτος
1424 586 1525 656 τῆς
1554 588 1734 659 ἀρχῆς
1757 588 1899 657 ἆγον·

2017 593 2301 662 imperium
2330 594 2524 649 ordine
2554 601 2912 663 exceperunt,
2945 600 3003 646 ut
3036 602 3090 648 et
3118 591 3361 648 Romana
3397 594 3468 650 sit
3501 598 3588 651 ci-

310 682 406 727 τος
437 667 485 697 ⁷⁸
505 671 984 739 τρισκαιδέκατον.

2011 686 2182 739 vitate
2215 686 2470 749 donatus,
2515 686 2804 753 multisque
2845 684 3041 754 Opibus
3072 695 3286 739 auctus.
3321 686 3585 743 Absoluta

310 765 383 815 ab
426 778 493 817 eo
543 765 789 821 historiae
850 770 1080 839 scriptio
1126 782 1284 829 sexto
1335 784 1393 830 et
1445 775 1897 849 quinquagesimo
1934 781 2113 836 {etatis
2155 795 2321 846 anno,
2387 782 2601 852 imperii
2654 796 2786 836 vero
2822 780 3119 835 Domitiani
3197 782 3427 837 Romani
3476 783 3586 837 Au-

311 856 456 922 gusti
495 856 658 911 tertio
697 859 932 915 decimo.

1062 961 1179 1013 OZ'.

303 1041 620 1099 Εὺναπίου
645 1046 1274 1176 Χρωικῆςλὲστορίας
1285 1052 1396 1123 τῆς
1407 1055 1560 1127 μετὰ
1574 1054 1897 1128 Δέξιππον,

1034 1140 1125 1176 γὀι
1158 1142 1220 1176 ις
1242 1166 1257 1176 .

1034 1140 1125 1190 τοι
1158 1140 1229 1189 ις
1242 1166 1257 1180 .

382 1206 729 1282 Ἀνεγνώοθη
776 1212 1053 1269 Εὐναπίου
1105 1219 1403 1287 Κρονικῆς
1466 1222 1760 1292 Ἱστορίας
1798 1224 1898 1295 τῆς

310 1300 455 1369 μετά
493 1301 788 1371 Δέξιππον,
842 1306 968 1370 νέας
1015 1310 1305 1377 ἐκδόσεως,
1341 1316 1400 1366 ὲν
1449 1315 1675 1386 βιϐλίοις
1706 1335 1897 1371 τεσσα-

309 1394 649 1460 ρεσκαίδεκα
681 1398 750 1452 τί.
790 1400 1053 1471 Ἀρχεται
1094 1402 1195 1472 μὲν
1226 1408 1328 1476 τῆς
1377 1407 1616 1478 ἱστορίας
1647 1409 1756 1462 ἀπὸ
1796 1410 1897 1479 τῆς

306 1483 584 1540 Κλαυδίου
614 1487 909 1558 βασιλείας,
938 1495 992 1556 ἐς
1026 1494 1085 1547 ὃν
1115 1497 1371 1569 Δεξίππῳ
1423 1500 1469 1531 ⁷³
1496 1503 1527 1570 ὴ
1563 1502 1771 1571 ἱστορία
1793 1520 1894 1556 κα-

307 1576 564 1647 ταλήγει,
615 1581 958 1655 ἀποτελευτᾷ
993 1585 1049 1638 δὲ
1083 1588 1164 1650 εἱς
1192 1588 1292 1658 τὴν
1330 1590 1591 1660 Ὀνωρίου
1631 1594 1725 1646 καὶ
1772 1595 1897 1664 Ἀρ-

307 1667 507 1720 καδίου
538 1670 649 1723 τῶν
676 1672 955 1727 Θεοδοσίου
998 1678 1205 1732 παίδων
1246 1680 1769 1750 βασιλείαν,ὲκείνον
1804 1686 1895 1738 τὸν

306 1760 507 1829 χρόνον
541 1763 695 1827 τέλος
724 1769 824 1833 τῆς
848 1767 1090 1839 ἱστορίας
1115 1773 1503 1843 ποιησάμενος,
1524 1775 1583 1828 ὃν
1612 1775 1900 1845 Ἀρσὰκιος

311 1854 440 1921 μὲν,
479 1853 575 1906 τοῦ
614 1858 818 1925 χρυσοῦ
835 1860 934 1930 τῆς
974 1862 1300 1934 Ἐκκλησίας
1338 1868 1606 1936 στόματος
1648 1869 1895 1922 Ἰωάννου

2666 957 2925 1014 LXXVII.

2076 1054 2309 1124 Eunapii
2350 1052 2728 1109 Chronicorum
2777 1063 2892 1121 post
2921 1051 3219 1122 Dexippum
3250 1051 3372 1104 libri
3403 1067 3514 1105 xw.

2076 1215 2223 1270 Lecti
2262 1223 2389 1269 sunt
2440 1214 2664 1283 Eunapii
2705 1212 2816 1286 (81)
2861 1227 3013 1267 nova:
3060 1210 3438 1265 Chronicorum
3472 1218 3593 1278 post

2006 1310 2303 1379 Dexippum
2331 1308 2583 1362 editionis
2614 1308 2736 1362 libri
2770 1308 3206 1377 quattuordecim.
3251 1305 3592 1360 Narrationis

2003 1400 2213 1453 initium
2260 1414 2287 1451 a
2318 1399 2526 1454 Claudii
2578 1399 2784 1453 Caesar.
2837 1399 3065 1468 imperio
3114 1398 3283 1461 ducit,
3331 1399 3383 1450 in
3434 1412 3591 1463 quem

2002 1492 2227 1562 llexippi
2277 1493 2503 1547 historia
2560 1492 2768 1553 linitur,
2818 1490 3129 1560 desinitque
3175 1494 3227 1544 in
3270 1488 3489 1543 Honorii
3536 1501 3593 1546 et

1998 1583 2214 1636 Arcadii
2256 1583 2547 1637 liberorum
2592 1583 2879 1638 Theodosii
2929 1592 3194 1651 tempora,
3232 1593 3290 1637 ut
3324 1592 3450 1636 tunc
3478 1583 3596 1636 his~

2006 1678 2157 1731 toria:
2185 1693 2296 1732 sua:
2325 1679 2614 1732 terminum
2643 1690 2828 1747 ponat,
2864 1680 3081 1749 quando
3116 1681 3396 1745 Arsacius,
3454 1678 3594 1750 54η

2003 1768 2200 1825 Joann.
2255 1770 2644 1841 Chrysostomo
2694 1773 3081 1837 exterminato,
3124 1771 3316 1825 solium
3352 1771 3594 1840 episcopi

2003 1864 2308 1933 occupavit,
2357 1863 2680 1934 Arcadiique
2712 1866 3056 1933 imperatoris
3092 1880 3230 1919 uxor
3257 1865 3501 1934 gravida,
3534 1875 3590 1917 et

304 1947 701 2013 ἁπελαθέντος,
734 1953 815 2013 εἱς
839 1952 931 2006 τὸν
952 1955 1342 2027 ἀρχιερατικὺν
1370 1959 1556 2030 θρόνον
1586 1962 1895 2032 ἁνηγμένος

2001 1972 2118 2010 mox
2152 1957 2446 2019 abortiens,
2501 1957 2603 2010 vita
2634 1958 2887 2011 decessit.
2937 1958 3216 2028 Eunapius
3248 1958 3335 2011 hic
3369 1955 3595 2012 Sardia-

305 2042 633 2111 ἱεράτευεν,
679 2049 711 2116 ἡ
752 2047 809 2100 δὲ
850 2048 945 2101 τοῦ
993 2050 1371 2119 βασιλεύοντος
1415 2056 1699 2126 Ἀρκαδίου
1757 2058 1894 2128 γυνὴ

302 2135 454 2186 κατὰ
485 2138 723 2208 γαστρὸς
767 2140 965 2210 ἔχουσα
1013 2144 1107 2196 καὶ
1150 2145 1487 2215 ἀμϐλώςασα
1514 2148 1605 2201 τὸν
1636 2149 1750 2219 βίον
1786 2151 1893 2202 ἁπ-

303 2228 514 2281 ἐλιπεν.
540 2226 709 2294 Οὗτος
734 2234 763 2285 ὁ
793 2233 1061 2299 Εὐνάπιος
1090 2236 1385 2306 Σαρδιανὸς
1410 2239 1510 2309 μὲν
1541 2238 1666 2311 [100
1686 2240 1782 2312 Η.]
1801 2241 1892 2309 γέ-

301 2337 396 2381 νος
440 2320 558 2373 ἐστὶ
588 2322 707 2391 (τὰς
733 2323 844 2394 γάρ
891 2326 950 2378 ὲν
992 2325 1160 2397 Λυδίᾳ
1193 2327 1417 2398 Σάρδεις
1444 2328 1570 2399 ἔσχε
1610 2330 1890 2400 πατρίδα),

301 2410 579 2481 δυσσεϐὴς
626 2412 683 2466 δὲ
730 2413 832 2483 τὴν
877 2412 1177 2483 θρησκείαν
1215 2415 1291 2469 ὢν
1334 2417 1424 2485 (τὰ
1464 2418 1737 2491 Ἐλλήνων
1784 2423 1892 2491 γάρ

304 2502 524 2571 ἐτίμα),
554 2506 683 2567 τοὺς
721 2506 823 2575 μὲν
854 2507 1107 2580 εὐσεϐείᾳ
1142 2509 1241 2580 τὴν
1271 2508 1547 2579 βασιλείαν
1577 2514 1890 2583 κοσμήσαν-

301 2610 407 2654 τας
439 2596 606 2648 παντὶ
640 2597 831 2668 τρόπῳ
860 2598 957 2650 καὶ
987 2600 1185 2669 ἀνέδην
1219 2602 1461 2666 κακίζων
1497 2602 1764 2672 διασύρει,
1798 2604 1892 2655 καὶ

308 2687 551 2755 μάλιστά
581 2705 643 2755 γε
666 2689 760 2741 τὸν
789 2689 964 2759 μέγαν
991 2693 1421 2755 Κωνσταντῖνον,
1451 2693 1659 2764 ἐξαίρει
1692 2694 1747 2747 δὲ
1765 2696 1893 2757 τοὺς

1995 2065 2098 2104 nus
2131 2064 2328 2119 genere
2364 2049 2653 2120 (Sardibus
2684 2051 2828 2104 enim
2862 2049 3045 2122 Lydiae
3080 2050 3265 2121 natus)
3291 2050 3432 2119 quod
3462 2065 3595 2119 gen-

1997 2143 2127 2193 tium
2182 2145 2432 2212 dogmata
2468 2151 2814 2210 sequeretur,
2868 2157 2971 2197 non
3002 2158 3195 2212 parum
3225 2141 3424 2210 impius
3471 2141 3591 2195 fuit-

1994 2234 2094 2300 Qui
2134 2250 2263 2303 ergo
2295 2236 2492 2302 pietate
2540 2232 2803 2301 singulari
2844 2234 3129 2301 imperium
3171 2243 3456 2298 ornarunt,
3490 2248 3585 2288 ens

1994 2327 2217 2381 Omnino
2250 2327 2473 2393 largiter
2513 2327 2749 2391 vellicat,
2776 2337 2937 2396 atque
2966 2326 3222 2389 traducit,
3254 2325 3611 2393 maximeque-

2000 2420 2238 2471 omuium
2279 2419 2392 2489 (8‘2)
2434 2418 2850 2473 Constantinum
2902 2416 3187 2488 Magnum;
3232 2417 3430 2486 impios
3462 2431 3594 2469 cou-

2004 2519 2083 2562 tra
2116 2511 2347 2575 extollit,
2386 2526 2448 2564 ac
2476 2527 2588 2579 prze
2620 2510 2833 2564 caneris
2858 2508 3132 2564 lulianum
3167 2510 3501 2579 Apostatam,
3538 2516 3611 2561 ut:

2002 2603 2112 2657 fere
2145 2603 2208 2657 ad
2247 2603 2389 2657 hunc
2414 2602 2741 2657 laudandum
2766 2601 3085 2656 historicum
3125 2602 3290 2656 hocce
3319 2613 3455 2669 opus
3485 2600 3598 2655 ela-

1999 2694 2221 2749 borasse
2254 2694 2525 2750 videatur.

299 2778 628 2846 δυσσεϐεῖς,
661 2781 893 2835 καὶτῶν
942 2783 1119 2837 ἄλλων
1164 2784 1326 2838 πλέον
1383 2786 1674 2839 Ἰουλιανδν
1704 2785 1796 2841 τὸν
1827 2786 2179 2857 Παραϐάτην,
2221 2788 2316 2842 καὶ
2358 2787 2544 2858 σχεδόν
2587 2785 2734 2841 τιτὸ
2776 2787 2876 2858 τῆς
2922 2788 3163 2859 ἱστορίας
3205 2787 3355 2858 αὐτῷ
3388 2789 3469 2852 εἱς
3536 2788 3598 2843 τὸ

303 2874 520 2926 ἐκείνου
550 2872 831 2944 ἐγκώμιον
867 2875 1122 2928 συντεθὲν
1144 2876 1468 2947 ὲξεπονήθη.

383 2968 542 3020 Ἔστι
586 2968 643 3021 δὲ
687 2968 986 3039 καλλιεπὴς
1026 2970 1127 3041 τὴν
1179 2971 1406 3038 φράσιν,
1434 2973 1481 3024 εἱ
1518 2970 1761 3041 περιέλοι
1806 2989 1890 3034 τις

302 3059 474 3113 αὐτοῦ
495 3059 608 3112 τῶν
630 3059 806 3128 λόγων
826 3061 886 3113 τὸ
907 3061 1344 3129 ἁλεκτρυονῶδες
1392 3065 1487 3116 καὶ
1532 3064 1894 3132 ὲλαφωδὲστε-

308 3170 405 3222 ρον
459 3153 559 3204 καὶ
611 3153 1007 3224 συωδέστερον,
1051 3156 1150 3208 καὶ
1179 3155 1312 3209 δέκα
1344 3158 1388 3189 ⁷³
1414 3158 1541 3220 τοὺς
1574 3157 1894 3228 ἱερακὼδεις

306 3248 406 3295 καὶ
453 3244 790 3313 κορακώδεις
820 3246 914 3297 καὶ
950 3245 1299 3317 πιθηκὼδεις,
1330 3250 1425 3301 καὶ
1474 3249 1535 3303 τὸ
1574 3250 1895 3319 ποταμῶδες

305 3336 572 3405 δάκρυον,
605 3334 703 3387 καὶ
742 3336 812 3389 τά
851 3337 1033 3406 ὃμοια’
1080 3339 1291 3404 τούτοις
1318 3340 1427 3411 γὰρ
1469 3342 1563 3394 καὶ
1598 3341 1694 3412 τὴν
1727 3342 1895 3412 ἄλλην

306 3426 421 3478 τῶν
450 3426 734 3495 ὀνομάτων
778 3427 1234 3498 περιλυμαίνεται
1270 3432 1366 3484 καὶ
1407 3432 1705 3485 διανοθεύει
1735 3431 1896 3500 εὐγέ-

308 3535 483 3571 νειαν.
519 3520 630 3571 Καὶ
658 3522 886 3588 τροπαῖς
941 3521 1042 3588 μὲν
1070 3521 1337 3591 κέχρηται
1382 3522 1730 3592 παραϐόλως,
1761 3524 1897 3594 ὅπερ

307 3613 338 3663 ό
362 3612 462 3678 τῆς
509 3611 751 3680 ἱστορίας
780 3610 881 3664 οὐκ
911 3611 1087 3665 ἐθέλει
1111 3613 1158 3644 ’⁷⁸
1177 3612 1372 3684 νόμος’
1413 3616 1728 3684 ἀφαιρεῖται
1746 3614 1803 3666 δὲ
1837 3614 1898 3668 τὸ

311 3702 519 3755 λυποῦν
554 3705 586 3773 ἡ
617 3703 718 3773 τῆς
749 3703 951 3769 λέξεως
988 3704 1229 3774 ἔμφασις
1269 3706 1339 3758 τὰ
1369 3706 1539 3764 πολλὰ
1569 3707 1662 3760 καὶ
1683 3708 1898 3761 ἀστειόο

307 3814 430 3866 της.
460 3797 541 3867 Τῇ
586 3797 833 3869 συνθήκῃ
861 3798 915 3850 δὲ
945 3800 1040 3852 καὶ
1067 3798 1147 3869 τῷ
1171 3802 1333 3869 σαφεῖ
1368 3799 1505 3870 πρὸς
1537 3800 1783 3873 ἱστορίαν
1805 3801 1899 3854 καὶ

308 3893 432 3953 ταῖς
477 3891 755 3962 περιόδοις
804 3892 1137 3963 συμμέτρως
1180 3894 1276 3946 καὶ
1305 3894 1522 3957 οἰκείως
1573 3893 1720 3964 ἔχει·
1759 3895 1900 3965 πλὴν

310 3983 532 4053 ἐνιαχοῦ
580 3983 1002 4054 δικανικώτερον
1046 3984 1309 4057 μᾶλλονῆ
1346 3985 1764 4057 ἱστορικώτερον
1797 4003 1901 4057 με·-

313 4077 433 4127 στοῖ
485 4076 582 4129 καὶ
634 4076 954 4145 περιϐάλλει
1010 4078 1101 4131 τὸν
1147 4078 1325 4145 λόγον.
1359 4077 1691 4148 Νεωτερίζει
1720 4078 1764 4130 δ’
1802 4078 1903 4131 οὐκ

310 4168 470 4235 ὀλίγα
501 4167 598 4221 καὶ
618 4172 747 4238 περὶ
764 4170 863 4233 τὰς
899 4169 1203 4236 συντάξεις,
1243 4170 1383 4239 πλὴν
1410 4171 1512 4222 οὐκ
1542 4172 1624 4233 είς
1649 4169 1710 4223 τὺ
1736 4171 1903 4241 ἄχαρι

309 4261 421 4314 οὐδ’
451 4262 532 4325 εἱς
563 4262 626 4314 τὸ
648 4265 767 4325 ταῖς
795 4261 1039 4333 μεθόδοις
1063 4263 1109 4294 ’⁸
1136 4262 1309 4332 λαϐὴν
1339 4260 1645 4315 ἐπιδοῦναι.

383 4528 492 4582 Δύο
520 4528 578 4581 δὲ
600 4528 990 4599 πραγματείας
1022 4526 1122 4598 τὴν
1150 4528 1323 4598 αὐτὴν
1357 4528 1724 4600 περιεχούσας
1758 4530 1904 4583 ἱστο-

315 4623 440 4693 ρίαν
461 4621 864 4692 συνεγράψατο,
892 4621 1117 4692 πρώτην
1143 4622 1237 4675 καὶ
1265 4621 1549 4693 δευτέραν,
1584 4622 1680 4675 καὶ
1716 4623 1775 4674 ὲν
1807 4622 1906 4692 μὲν

309 4718 379 4785 τῇ
437 4711 633 4784 πρώτῃ
686 4712 885 4784 πολλὴν
944 4713 1084 4767 κατὰ
1134 4716 1235 4785 τῆς
1284 4713 1531 4784 καθαρᾶς
1583 4714 1743 4785 ἡμῶν
1794 4713 1906 4767 τῶν
1938 4746 1985 4806 D

313 4805 663 4876 Χριστιανῶν
707 4804 945 4868 πίστεως
998 4806 1357 4876 κατασπείρει
1391 4806 1768 4877 βλασφημίαν,
1808 4806 1905 4859 καὶ

310 4900 414 4969 τὴν
453 4897 777 4967 Ἑλληνικὴν
824 4897 1193 4968 ἀποσεμνύνει
1235 4899 1684 4968 δεισιδαιμονίαν,
1730 4896 1903 4951 πολλὰ

309 4990 425 5043 τῶν
480 4988 726 5043 εὐσεϐῶν
785 4988 1049 5059 βασιλέων
1107 4989 1523 5061 καθαπτόμενος
1554 5006 1568 5019 ·
1607 4991 1664 5043 ἐν
1708 4988 1766 5040 δὲ
1832 4989 1900 5058 τῇ

307 5082 565 5153 δευτέρᾳ,
602 5082 671 5152 ἣν
721 5083 816 5168 καὶ
840 5081 1001 5137 Νέαν
1023 5080 1273 5136 ἔκδοσιν
1300 5082 1618 5153 ἐπιγράφει,
1658 5079 1757 5151 τὴν
1805 5080 1902 5149 μὲν

310 5174 521 5245 πολλὴν
550 5173 714 5246 ὓϐριν
743 5174 837 5228 καὶ
866 5172 1179 5242 ἀσέλγειαν,
1212 5174 1279 5245 ἣν
1310 5174 1452 5226 κατὰ
1481 5173 1578 5244 τῆς
1612 5171 1899 5234 εὐσεϐείας

2066 2968 2305 3024 Pulchra
2369 2966 2488 3036 ejus
2540 2966 2727 3027 dictio.
2789 2965 2831 3019 si
2893 2961 3178 3034 quis'ista
3242 2965 3519 3033 exceperit
3580 2982 3595 3019 :

2010 3061 2501 3135 Ἀλεκτρυονῶδες,
2538 3061 2636 3115 καὶ
2672 3059 3136 3129 ἐλαφωδέστερον,
3167 3057 3261 3111 καὶ
3296 3058 3596 3110 συωδέστε-

2003 3176 2115 3229 ρον,
2146 3157 2240 3209 καὶ
2276 3156 2339 3224 δὴ
2377 3156 2471 3208 καὶ
2514 3154 2642 3216 τοὺς
2686 3151 3035 3223 ἱερακώδεις,
3091 3151 3186 3203 καὶ
3240 3147 3596 3220 κορακώδεις,

1999 3251 2093 3304 καί¹
2142 3247 2495 3319 πιθηκώδεις,
2530 3246 2623 3299 καὶ
2650 3245 2712 3298 τὸ
2744 3242 3065 3313 ποταμῶδες
3082 3241 3338 3312 δάκρυον.
3372 3240 3427 3294 Id
3460 3249 3543 3293 est
3580 3259 3593 3294 :

2002 3342 2457 3404 Gallinaceosum,
2498 3340 2667 3408 magis
2716 3338 3007 3402 cervinum,
3044 3334 3314 3404 magisque
3357 3333 3595 3396 suillum,

1998 3429 2331 3500 accipitrosi,
2382 3427 2609 3489 corvusi,
2665 3424 2904 3485 simiosi,
2936 3433 2983 3476 et
3023 3422 3256 3490 lacryma
3290 3421 3596 3490 ﬂuminasa,

1997 3536 2051 3578 et
2087 3523 2135 3573 id
2166 3536 2336 3591 genus
2370 3519 2496 3573 alia.
2524 3516 2621 3571 His
2656 3518 2798 3570 enim
2832 3516 3061 3586 aliisque
3093 3515 3316 3569 vocibus
3358 3528 3587 3581 genere»

1972 3628 2117 3676 ,Sum
2170 3612 2379 3666 dicendi
2424 3625 2593 3680 genus
2632 3609 2956 3677 corrmnpit,
3013 3618 3175 3678 atque
3216 3608 3351 3661 adeo
3391 3606 3601 3660 adulte-

2001 3715 2105 3758 rat.
2159 3703 2368 3773 Tropos
2407 3703 2470 3756 ad
2510 3704 2623 3756 [nec
2672 3709 2865 3770 praeter
2906 3700 3127 3755 modum
3167 3700 3406 3763 adhibet,
3457 3699 3618 3768 quod

2003 3798 2245 3850 histm-ia:
2304 3796 2386 3849 lex
2449 3803 2615 3848 vetat.
2675 3794 2878 3848 Eximit
2931 3804 3112 3846 autem
3172 3792 3475 3846 molestiam
3542 3800 3596 3841 ut

2002 3888 2293 3958 plurimum
2336 3886 2550 3941 dicendi
2601 3886 2704 3948 vis,
2752 3898 2804 3939 et
2846 3884 3150 3939 urbanitas.
3197 3883 3601 3952 Compositioue

1999 3995 2153 4039 vero,
2208 3987 2262 4032 et
2316 3977 2726 4046 perspicuitate,
2792 3991 2855 4029 ac
2905 3975 3144 4043 periodis
3188 3978 3251 4027 ad
3314 3974 3597 4028 historiam

2004 4070 2410 4124 accommodate
2442 4084 2504 4123 ac
2534 4069 2749 4139 proprie
2778 4068 2969 4134 utitur,
3003 4066 3105 4121 nisi
3138 4067 3278 4135 quod
3319 4066 3590 4119 interdum

1997 4161 2232 4231 jnridice
2285 4161 2477 4229 magis,
2547 4175 2708 4229 quam
2760 4158 3019 4212 historice
3093 4156 3299 4226 implet,
3359 4157 3621 4224 texitque

2004 4254 2328 4309 orationem.
2378 4251 2601 4305 lnnovat
2636 4267 2740 4305 non
2784 4265 2955 4320 pauca
2994 4250 3047 4303 in
3078 4250 3464 4310 construendo,
3502 4263 3600 4301 ve-

2006 4362 2123 4400 rum
2163 4348 2215 4399 id
2257 4360 2363 4399 non
2406 4345 2633 4413 ingrate,
2703 4359 2882 4415 neque
2910 4353 2968 4397 ut
3006 4343 3243 4414 periodis
3300 4343 3600 4413 reprehen-

2008 4436 2199 4491 dendis
2232 4450 2417 4489 ausam
2446 4436 2704 4503 praebent.

2080 4526 2225 4579 Duos
2254 4534 2435 4579 autem
2482 4534 2679 4586 tomos,
2716 4522 2807 4593 qui
2840 4523 3089 4577 eamdem
3131 4521 3425 4578 Historiam
3454 4536 3605 4576 com-

2007 4615 2337 4686 plectantur,
2409 4613 2649 4683 scripsit,
2718 4615 2975 4684 primum,
3030 4621 3085 4668 et
3140 4610 3457 4667 secundum.
3521 4614 3601 4665 Ac

2009 4705 2177 4776 priori
2213 4704 2455 4773 quidem,
2509 4703 2694 4756 multis
2718 4703 2771 4757 in
2800 4704 3071 4759 sinceram
3117 4700 3442 4757 Christiana:
3472 4716 3602 4756 nos-

2013 4807 2110 4851 tra:
2143 4795 2260 4849 ﬁdei
2297 4795 2605 4850 doctrinam
2658 4793 3009 4862 blasphemiis
3050 4794 3333 4861 conjectis,
3360 4795 3598 4863 gentium

2008 4898 2197 4944 contra
2230 4887 2605 4943 detestandum
2643 4901 2883 4939 errorem
2915 4887 3200 4956 magniﬁce
3233 4887 3598 4954 commendat,

2011 4980 2180 5035 multa
2219 4994 2436 5048 quoque
2467 4979 2676 5046 piorum
2730 4977 3117 5047 imperatorum
3147 4978 3289 5033 facta
3324 4979 3599 5033 mordens.

2009 5071 2194 5126 Altero
2221 5086 2349 5125 vero
2389 5081 2555 5134 tomo,
2589 5084 2747 5137 quem
2785 5079 2839 5123 et
2866 5084 3059 5125 novam
3093 5070 3387 5126 editionem
3421 5079 3603 5132 vocat,

1999 5165 2271 5234 ingentem
2347 5164 2494 5217 illam
2560 5164 2931 5217 conviciorum
3016 5164 3254 5231 turbam,
3325 5180 3487 5236 quam
3541 5165 3597 5220 in

1586 5326 1825 5382 VARUS
1864 5322 2270 5382 LECTIONES.

380 5454 429 5483 ⁷ο
453 5452 671 5521 ἔχοντος
700 5469 763 5516 ς.

311 5518 641 5594 MargiiuiUS
669 5540 683 5576 :
717 5527 754 5574 ’ῖ
793 5520 857 5577 Α.
922 5522 966 5553 ⁷⁵
999 5521 1060 5574 οὐ
1091 5518 1235 5573 θέλει
1268 5537 1328 5583 ς.
1407 5520 1453 5551 ⁷⁵
1477 5518 1748 5589 περιόδοις
1774 5535 1833 5581 ς.

842 5451 891 5483 ⁷⁸
916 5448 1388 5517 τεσσαρακαὶδεκα
1418 5467 1480 5512 ς.
1536 5447 1610 5501 cf.
1643 5446 1967 5501 Boissonad.
2001 5445 2212 5516 Eunap.
2249 5459 2297 5513 p.
2331 5458 2420 5499 XL.
2476 5446 2522 5475 ⁷¹
2554 5444 2827 5509 Δεξίππου
2872 5462 2931 5508 ς.
2990 5445 3035 5476 ⁷³
3057 5443 3210 5517 δέκα]
3248 5444 3425 5515 δὴκαὶ
3457 5444 3596 5499 Max.

1843 5633 2081 5690 NOTAE.

397 5755 510 5825 (Si)
540 5754 767 5822 Eunapii
801 5764 1016 5810 exstant
1053 5754 1421 5821 Sophislarum
1453 5756 1571 5809 vim
1601 5754 1912 5817 Graecolatq

313 5829 467 5897 typis
496 5824 901 5889 'l’lanlinianis,
947 5838 1001 5881 et
1058 5830 1110 5879 iu
1174 5828 1464 5897 Germania
1489 5868 1513 5897 ,ν
1551 5825 1751 5880 additis
1782 5824 1915 5897 eius

316 5895 644 5964 ίὲοηιὶοηιιηι
698 5898 1030 5965 fragmentis.
1078 5911 1143 5951 ex
1195 5898 1277 5949 his
1320 5895 1698 5956 Chronicorum
1741 5896 1911 5959 libris,

317 5986 460 6036 quos
509 5970 579 6021 ob
616 5968 1047 6022 malcdtccutiam
1101 5970 1153 6021 in
1186 5967 1551 6022 Christianam
1601 5967 1911 6037 religionuu

2017 5756 2201 5810 divina
2265 5758 2499 5823 quadam
2553 5754 2887 5822 providentia
2937 5752 3593 5823 intereidisseAarhitror.

2088 5826 2205 5896 (8:2)
2248 5821 2319 5880 Ut
2364 5839 2419 5880 et
2454 5821 2701 5881 Zosimns
2734 5826 2801 5877 de
2831 5839 2937 5893 quo
2974 5823 3081 5896 inf.
3131 5823 3259 5896 cod.
3300 5821 3389 5881 98.
3428 5822 3621 5896 Quem.

2016 5891 2328 5951 DQBarou.
2404 5905 2441 5947 tr.
2516 5896 2554 5948 ll
2623 5891 3059 5950 Annalﬁeccles.
3119 5894 3317 5963 passim
3380 5891 3613 5949 rcchiL-
