4092 6422
305 408 418 476 2L9

1145 422 1673 488 BIBLIOTHECA.
1712 453 1784 463 -
1812 426 1984 490 COD.
2026 430 2622 501 LXXVIII-LXXIX.

3474 442 3585 507 250

481 522 579 626 τοῦ
610 527 860 626 -πρὼτου
901 532 1067 604 λόγου
1102 535 1263 589 τοῦτο
1303 537 1642 609 παραδηλοῖ·
1674 539 1734 594 οὐ
1782 540 1889 614 μὴν

1993 544 2113 613 gior
2146 548 2275 603 vita:
2310 567 2474 607 usura
2506 552 2846 624 contigisset,
2905 562 3155 610 extremo
3178 553 3322 612 libro
3350 556 3583 626 septimo

305 618 448 671 ἀλλὰ
476 620 573 675 καὶ
606 622 932 693 ἑπομένους,
958 628 1008 680 εί
1059 628 1122 682 τὸ
1153 628 1253 699 ζῇν
1285 633 1499 702 προσῆν
1531 630 1609 701 τῷ
1651 650 1897 705 συγγρα-

308 715 423 780 φεῖ.
458 713 537 777 ὡς
576 716 671 771 τοῦ
700 718 929 790 ἑϐδόμου
958 720 1120 790 λόγου
1145 722 1206 777 τὸ
1233 723 1409 793 πέρας
1438 724 1795 781 ἐνδείκνυσιν.

389 801 545 854 Ἔστι
575 802 619 855 δ’
661 804 690 857 ὀ
725 809 1076 877 συγγραφεὺς
1100 809 1487 881 Φιλαδελφεὺς,
1533 813 1585 865 εῐ
1606 830 1689 877 τις
1711 812 1893 879 ἄλλος,

306 890 455 942 κατὰ
487 896 815 965 συγγραφὴν
861 898 1110 970 ἱστορίας
1165 901 1408 972 ἄριστος,
1457 902 1716 973 καθαρὸς,
1762 905 1896 959 ἀπέ-

312 1000 518 1052 ριττος,
571 987 862 1059 εὐκρινὴς,
907 991 1107 1057 λέξεων
1167 994 1286 1059 ταῖς
1337 995 1734 1069 ἀνθηροτάταις
1797 997 1895 1051 καὶ

306 1078 579 1149 εὐσήμοις
610 1083 704 1135 καὶ
732 1085 813 1147 εἱς
843 1085 1008 1153 ὄγκον
1038 1087 1159 1141 τινὰ
1209 1089 1543 1159 ἀνηγμέναις
1575 1089 1858 1160 χρώμενος
1877 1106 1891 1121 ⁸

306 1170 405 1219 καὶ
431 1169 477 1199 ⁸⁷
499 1169 619 1223 οὐδὲ
650 1173 709 1226 αἱ
733 1179 1125 1246 καινοπρεπεῖς
1148 1178 1317 1249 αὐτῷ,
1350 1180 1473 1239 ὅσαι
1498 1181 1558 1233 τὸ
1588 1182 1895 1249 ὲμφατικδν

305 1262 407 1312 καὶ
434 1260 634 1331 εὔηχον
657 1265 755 1319 καὶ
798 1270 1090 1337 μεγαλεῖον
1108 1269 1313 1340 ἔχουσι,
1339 1272 1789 1342 παραϐλέπονται
1820 1273 1889 1306 ⁸⁸’

304 1352 406 1404 καὶ
432 1351 574 1417 ὅλως
601 1354 647 1385 ⁸⁸
670 1354 850 1410 κανών
882 1358 1034 1411 ἐστιν
1068 1360 1346 1429 ἱστορικοῦ
1397 1361 1581 1430 λόγου.
1625 1363 1893 1435 Σοφιστὴς

302 1439 353 1492 δ’
416 1437 486 1514 ἦν
540 1443 604 1499 τὸ
660 1448 1024 1518 ἐπιτήδευμα,
1086 1452 1181 1505 καὶ
1222 1454 1517 1524 ῥητορικῆς
1572 1456 1651 1517 είς
1722 1455 1891 1528 ἄκρον

302 1533 611 1606 ἐληλακὼς,
642 1541 739 1595 καὶ
765 1540 863 1614 τὴν
885 1542 1185 1615 θρησκείαν
1204 1546 1305 1599 οὐκ
1328 1545 1433 1612 ἔξω
1459 1547 1553 1600 τοῦ
1577 1548 1893 1621 Χριστιανι-

300 1627 407 1680 κοῦ
444 1630 636 1686 θιάσου
667 1632 733 1688 ⁸⁸.

1054 1818 1181 1874 ΟΘ’.

626 1906 925 1963 Κανδίδου
960 1907 1248 1979 Ἱστορίας
1284 1914 1454 1985 λόγοι
1487 1921 1564 1984 τ’.

377 1994 505 2069 [175
521 1996 1081 2073 Β.]Ἀνεγνώσθησαν
1118 2004 1380 2059 Κανδίδου
1412 2006 1697 2077 Ἱστορίας
1739 2008 1890 2079 λόγοι

293 2090 479 2156 τρεῖς.
518 2090 783 2159 Ἀρχεται
824 2089 925 2160 μὲν
965 2091 1065 2162 τῆς
1097 2093 1342 2165 ἱστορίας
1378 2094 1488 2148 ἀπὸ
1518 2099 1618 2166 τῆς
1661 2097 1893 2164 Λέοντος

294 2180 683 2251 ἀναρρήσεως,
715 2181 774 2247 ὃς
805 2177 873 2254 ἦν
903 2184 968 2237 ὲκ
1000 2184 1205 2247 Δακίας
1236 2185 1335 2255 μὲν
1365 2187 1463 2256 τῆς
1487 2188 1546 2240 ἐν
1588 2188 1888 2260 Ἰλλυριοῖς,

294 2274 688 2342 στρατιωτικῷ
720 2275 1101 2345 παραγγείλας
1127 2278 1370 2349 τάγματι
1400 2278 1495 2334 καὶ
1522 2279 1691 2334 τελῶν
1720 2281 1891 2352 ἄρξας

290 2364 410 2415 τῶν
433 2366 493 2415 ὲν
516 2365 858 2438 Σηλυμϐρίᾳ,
882 2367 982 2437 τὴν
1005 2367 1282 2438 βασιλείαν
1297 2371 1355 2424 δὲ
1374 2372 1418 2405 ⁸⁸
1441 2373 1643 2444 σπουδῇ
1674 2375 1891 2429 Ἀσπα-

293 2471 397 2523 ρος
444 2456 829 2526 ἐγχειρισθεὶς,
873 2458 933 2525 ὃς
980 2454 1049 2532 ἦν
1098 2460 1320 2527 Ἀλανὸς
1369 2465 1471 2534 μὲν
1500 2466 1545 2497 ’³
1585 2467 1761 2533 γένος,
1827 2470 1892 2521 ἐκ

293 2550 503 2619 νεαρᾶς
534 2550 589 2603 δὲ
623 2552 1102 2623 στρατευσάμενος
1120 2555 1361 2626 ἡλικίας,
1386 2558 1481 2612 καὶ
1505 2559 1891 2631 παιδοποιησά·

296 2659 467 2710 μενος
527 2646 593 2696 ὲκ
643 2644 812 2714 τριῶν
851 2647 1047 2716 γάμων
1089 2649 1499 2721 Ἀρδαὸοὑριον,
1563 2654 1887 2725 Πατρίκιον,

292 2733 715 2807 Ἐρμενὰριχον,
754 2738 851 2791 καὶ
883 2738 1105 2812 θηλείας
1138 2740 1249 2797 δύο.
1295 2745 1538 2798 Ποιεῖται
1571 2746 1672 2815 μὲν
1705 2749 1734 2803 ὁ
1759 2764 1891 2815 συγ-

290 2829 570 2898 γραφεὺς,
622 2830 698 2894 ὡς
744 2831 982 2904 εἴρηται,
1039 2833 1215 2906 ἀρχὴν
1273 2836 1374 2906 τῆς
1410 2835 1456 2867 ’³
1496 2837 1738 2910 ἱστορίας
1789 2838 1890 2911 τὴν

289 2920 476 2991 ἀρχὴν
507 2922 606 2993 τῆς
628 2924 858 2988 Λέοντος
887 2925 1186 2996 βασιλείας,
1210 2927 1440 2999 τελευτᾷ
1464 2928 1510 2982 δ’
1537 2931 1616 2993 εἰς
1637 2930 1735 3002 τὴν
1756 2932 1888 2985 ἀνα-

290 3014 562 3081 γόρευσιν
590 3016 967 3076 Ἀναστασίου.
1007 3020 1162 3078 Ἐστι
1191 3021 1250 3078 δὲ
1280 3022 1537 3094 πατρίδος
1578 3024 1678 3094 μὲν
1708 3024 1888 3078 Ἰσαυ-

292 3104 442 3173 ρίας,
475 3108 551 3170 ὡς
582 3108 744 3171 αὑτός
791 3126 944 3182 φησι,
979 3111 1080 3183 τῆς
1112 3112 1398 3181 τραχείας,
1443 3115 1785 3187 ἐπιτήδευμα
1828 3116 1889 3169 δὲ

1997 638 2288 709 signiﬁcat.

2074 814 2540 890 Philadelphensis
2586 830 2669 878 est
2694 822 2783 877 hic
2830 822 3087 890 scriptor,
3127 828 3182 875 et
3210 818 3257 875 si
3288 818 3410 888 quis
3440 820 3582 874 alius

1998 910 2052 962 in
2077 908 2304 963 historia
2328 910 2612 964 scribenda
2644 910 3147 979 praestantissimus,
3176 918 3360 975 Utpote
3389 920 3578 974 purus,

1998 1000 2218 1055 minime
2270 1003 2602 1066 redundans,
2661 1016 2766 1056 non
2797 1000 3077 1062 confusus,
3128 998 3309 1054 verbis
3343 999 3583 1052 maxime

1996 1091 2220 1157 ﬂoridis,
2266 1108 2329 1148 ac
2363 1093 2792 1164 signiﬁcantibus
2844 1109 2993 1158 usus,
3044 1107 3165 1161 qua:
3207 1093 3274 1145 ad
3310 1091 3580 1160 magnitu-

1995 1185 2174 1238 dinem
2227 1199 2290 1239 ac
2341 1199 2587 1252 pompam
2645 1183 2880 1252 aliquam
2946 1183 3189 1246 tendant,
3248 1196 3315 1234 ne
3366 1180 3580 1235 novatis

1994 1278 2213 1347 quidem
2259 1277 2507 1342 vocibus,
2557 1276 2773 1343 quando
2805 1276 2889 1330 ille
2920 1276 3209 1329 vehemens
3250 1273 3376 1343 quid
3402 1282 3458 1327 et
3490 1287 3580 1327 so-

1995 1383 2211 1433 norum,
2268 1376 2361 1421 aut
2401 1366 2759 1436 granditatem
2804 1366 3040 1433 aliquam
3089 1365 3310 1430 habent,
3352 1374 3576 1433 praeter-

1995 1458 2196 1514 missis.
2228 1456 2414 1527 Itaque
2454 1466 2923 1525 quantusquantus
2971 1462 3076 1519 est,
3118 1470 3303 1510 norma
3333 1453 3574 1508 historici

1992 1550 2260 1607 sermonis
2301 1560 2406 1613 est,
2435 1548 2580 1619 55a
2615 1548 2912 1618 sopliistam
2956 1561 3083 1601 vero
3119 1562 3323 1614 agens.
3363 1549 3427 1599 ad
3453 1546 3575 1599 rbe-

1996 1645 2177 1699 torica:
2203 1657 2475 1697 summum
2504 1642 2711 1710 apicem
2745 1642 3010 1709 pervenit,
3056 1640 3202 1695 inter
3233 1637 3577 1694 Christianos

1995 1736 2271 1807 religionis
2301 1734 2451 1788 cultu
2487 1736 2875 1791 recensendus.

2664 1826 2905 1885 LXXIX.

2340 1919 2567 1981 Candidi
2601 1918 2961 1975 Historiarum
2986 1920 3111 1975 libri
3138 1937 3222 1980 ιιι,

2068 2013 2221 2070 Lecti
2281 2024 2408 2069 sunt
2467 2013 2692 2069 Candidi
2753 2010 2991 2068 historici
3038 2012 3160 2065 libri
3191 2022 3315 2068 tres.
3352 2011 3576 2066 Inchoat

1992 2106 2279 2164 historiam
2316 2107 2384 2160 ab
2424 2104 2689 2161 electione
2726 2103 2945 2169 Leonis,
2996 2105 3084 2172 qui
3115 2120 3145 2158 e
3170 2103 3333 2159 Dacia
3363 2103 3575 2174 lllyrica

1991 2200 2277 2261 oriundus,
2328 2215 2450 2253 cum
2502 2198 2726 2252 militari
2767 2197 2969 2267 agmini
3002 2197 3115 2269 (91)
3148 2197 3571 2267 Selymbrianis-

1992 2309 2097 2362 que
2124 2294 2438 2349 cohortibus
2468 2300 2751 2361 praeesset,
2794 2290 3018 2357 Asparis
3060 2289 3245 2343 studio
3284 2289 3569 2358 imperium

1993 2391 2219 2457 adeptus
2246 2384 2480 2465 est._llic
2511 2389 2689 2456 Aspar
2732 2400 2930 2453 genere
2964 2383 3170 2439 Alanus
3202 2394 3341 2444 erat,
3378 2398 3408 2436 a
3441 2398 3574 2449 pue-

1993 2481 2117 2537 ritia
2152 2478 2406 2533 militiam
2440 2488 2665 2533 secutus
2706 2477 2841 2545 (92),
2886 2476 2977 2545 qui
3009 2478 3181 2530 ternis
3213 2476 3415 2547 nuptiis
3447 2474 3575 2528 toni-

1991 2575 2110 2628 dem
2147 2572 2311 2636 ﬁlios,
2338 2570 2730 2631 Ardaburium,
2775 2568 3092 2633 Patricium,
3122 2567 3571 2621 Ermenarichum

1991 2665 2103 2738 (95)
2133 2666 2374 2733 duasque
2420 2664 2559 2719 illius
2601 2661 2845 2717 sustulit.
2898 2662 3092 2729 Incipit
3136 2675 3287 2728 ergo,
3321 2659 3397 2712 uti
3433 2658 3575 2712 dixi-

1991 2774 2132 2824 mus,
2164 2758 2457 2813 historicus
2508 2755 2580 2812 ab
2625 2756 2783 2809 initio
2838 2753 3037 2808 Leonis
3084 2752 3431 2823 imperatoris
3479 2752 3576 2804 de-

1988 2851 2118 2906 sinit
2148 2865 2279 2905 vero
2326 2864 2451 2904 cum
2497 2849 2821 2901 Anastasius
2881 2846 3181 2915 imperator
3228 2843 3576 2897 renuntiatus

1988 2952 2095 2998 est.
2126 2940 2311 2995 Patria
2360 2939 2433 2993 illi
2474 2954 2536 2993 ea
2574 2938 2778 2993 lsanria
2819 2946 2926 2999 est,
2972 2946 3030 2989 ut
3060 2937 3183 3004 ipse
3200 2932 3426 2999 fatetur,
3453 2948 3574 3001 qua:

1989 3032 2226 3087 Truc/aea
2277 3030 2414 3103 [sive
2462 3027 2680 3100 aspera]
2722 3028 2946 3082 dicitur.
2999 3025 3243 3080 Tabellio
3304 3025 3404 3079 fuit
3449 3025 3574 3079 vitae

1987 3129 2242 3185 instituto
2272 3127 2373 3180 sub
2405 3125 2471 3180 iis
2518 3125 2608 3191 qui
2653 3124 2792 3192 apud
2845 3120 3060 3175 Isauros
3095 3129 3349 3189 poterant
3396 3118 3569 3185 pluri-

291 3198 459 3303 ἔσχεν
500 3201 852 3271 ὑπογραφεὺς
894 3203 1004 3283 τῶν
1043 3206 1101 3263 ὲν
1135 3204 1404 3277 Ἰσαύροις
1448 3207 1700 3262 πλεῖστον
1734 3212 1885 3280 ἰσχυ-

1992 3239 2136 3276 ιιιιιιιι
2168 3238 2182 3275 :
2211 3208 2471 3288 religione
2516 3231 2648 3272 vero
2669 3213 3036 3274 Christianus,
3069 3223 3125 3265 et
3148 3211 3364 3279 quidem
3392 3208 3577 3263 ortho-

293 3293 534 3353 σάντων,
570 3294 681 3365 Τὴν
711 3294 770 3348 δὲ
814 3296 1112 3367 Θρησκείαν
1149 3298 1479 3368 Χριστιανὸς
1510 3296 1578 3372 ἦν
1606 3302 1700 3356 καὶ
1727 3303 1887 3373 ὀρθό-

289 3386 482 3452 δοξπ·
513 3387 612 3456 τήν
635 3404 695 3445 τε
721 3387 830 3458 γὰρ
854 3388 1125 3461 τετάρτην
1160 3390 1378 3449 σύνοδον
1403 3393 1646 3457 ἐπαίνοις
1675 3395 1885 3465 στέφει,

295 3480 552 3544 καὶτοὺς
594 3479 639 3512 ⁸⁸
670 3480 792 3537 κατ’
836 3480 1006 3551 αὐτῆς
1041 3483 1506 3555 καινοτομοῦντας
1546 3486 1887 3543 καθάπτεται

292 3571 545 3634 δικαίως.
588 3572 701 3643 Τὴν
744 3573 802 3633 δὲ
854 3575 1057 3646 φράσιν
1102 3577 1205 3633 οὐκ
1234 3576 1350 3648 ἔχει
1394 3578 1713 3648 πρέπουσαν
1742 3580 1886 3653 λόγῳ

294 3668 582 3739 ἱστορικῷ.
606 3670 741 3733 Ταῖς
772 3686 833 3725 τε
860 3673 972 3743 γὰρ
999 3677 1312 3745 ποιητικαῖς
1340 3673 1552 3741 λέξεσιν
1582 3678 1887 3750 ἀπειροκᾶ-

290 3764 406 3825 λως
435 3781 495 3817 τε
522 3764 790 3837 κέχρηται
837 3767 935 3821 καῖ
992 3768 1396 3839 μειρακιωδῶς,
1425 3770 1520 3825 καὶ
1564 3772 1596 3840 ή
1642 3770 1885 3844 συνθήκη

291 3858 448 3928 αὐτῴ
493 3861 573 3926 είς
603 3860 664 3913 τὸ
693 3859 1029 3932 τραχύτερον
1074 3863 1168 3915 καὶ
1196 3862 1429 3933 δύσηχον
1450 3863 1887 3935 ὲκδιθυραμὸοῦ-

291 3968 410 4017 ται,
441 3951 634 4021 ῶσπερ
656 3949 725 4008 αὖ
754 3953 917 4011 πάλιν
944 3956 1023 4016 εἱς
1047 3955 1106 4007 τὸ
1132 3954 1491 4026 ἐκλελυμένον
1514 3973 1574 4009 τε
1606 3957 1700 4011 καὶ
1722 3959 1889 4029 ἐκμει-

289 4044 385 4105 λὲς
410 4044 687 4109 ὑϊετιάζει,Δ
712 4045 1046 4116 Νεωτερίζει
1070 4046 1240 4100 δὲκαὶ
1268 4049 1387 4111 ταῖς
1416 4046 1758 4116 συντάξεσιν,
1785 4050 1887 4103 οὐκ

297 4134 384 4197 εἱς
405 4132 467 4186 τὸ
495 4133 773 4205 γλαφυρὸν
796 4136 995 4205 μᾶλλον
1024 4137 1118 4190 καὶ
1144 4137 1527 4208 ἐπαφρόδιτον,
1560 4139 1748 4212 ῶσπερ
1772 4140 1887 4193 ἕτε-

300 4245 411 4301 ροι,
436 4229 553 4281 ἀλλ’
576 4227 719 4280 ὥστε
739 4229 1007 4300 δυσχερὴς
1036 4228 1269 4283 ἀκοῦσαι
1288 4230 1383 4282 καὶ
1404 4229 1500 4282 τοῦ
1531 4230 1685 4302 ἡδέος
1714 4232 1887 4304 ὑπερ-

290 4321 464 4390 όριος.
514 4319 665 4391 Πλὴν
713 4320 878 4384 αὐτὸς
929 4320 1125 4374 ἑαυτοῦ
1184 4320 1319 4375 πολὺ
1373 4320 1600 4392 βελτίων
1664 4324 1881 4394 ἐνιαχοῦ

290 4414 408 4479 τοῖς
435 4412 616 4482 λόγοις
659 4414 838 4473 πάντα
868 4414 1176 4485 γινόμενος,
1216 4414 1467 4486 συμμιγῆ
1511 4414 1609 4487 τὴν
1641 4416 1886 4488 ἱστορίαν

293 4505 393 4559 καὶ
421 4505 486 4570 ἐξ
528 4507 933 4575 ἀνομοιοτάτων
982 4506 1240 4577 ἁρμόζων
1287 4507 1594 4562 ἁλίσκεται.
1627 4507 1755 4581 [102
1786 4509 1879 4583 ιι]

294 4591 471 4661 Οὗτος
504 4597 847 4667 ἰσχυρίζεται
874 4597 978 4669 τὴν.
1000 4596 1275 4669 ἰσαυρίαν
1309 4599 1419 4653 ἀπὸ
1455 4599 1550 4657 τοῦ
1587 4600 1757 4657 Ἠσαῦ
1785 4581 1881 4657 λα.
1912 4581 1961 4641 D

298 4692 415 4743 εείν
442 4689 542 4761 τὴν
572 4689 913 4759 ἐπωνυμίαν.

367 4784 657 4854 Διὲρχεται
689 4781 747 4835 δὲ
776 4783 834 4835 ἐν
863 4781 964 4852 μὲν
1000 4782 1081 4854 τῷ
1112 4782 1318 4855 πρώτῳ
1348 4785 1494 4858 λόγῳ
1516 4786 1616 4857 τὴν
1660 4788 1877 4842 Ἀσπα-

300 4892 396 4947 ρος
425 4877 520 4933 καὶ
546 4874 657 4928 τῶν
686 4873 891 4933 παίδων
918 4874 1087 4933 αὑτοῦ
1122 4875 1462 4942 δυναστείαν,
1502 4879 1601 4951 τὴν
1635 4881 1880 4953 ἀνάρρη-

295 4986 385 5022 σιν
410 4970 501 5023 διὰ
526 4966 619 5022 τοῦ
650 4968 933 5040 ’Δσπαρος
959 4970 1211 5035 Λέοντος,
1242 4969 1333 5024 τὸν
1368 4971 1654 5041 συμϐάντα
1675 4975 1742 5045 τῇ
1775 4974 1876 5027 πό-

291 5060 379 5113 λει
401 5061 755 5131 ἐμπρησμὸν,
777 5064 873 5121 καὶ
900 5064 1001 5121 ὅσα
1030 5064 1276 5136 Ἀσπαρι
1305 5065 1434 5134 περὶ
1459 5064 1653 5117 τούτου
1687 5066 1781 5119 ἐπὶ
1815 5066 1877 5120 τὸ

290 5154 452 5222 κοινῇ
484 5154 765 5224 συμφέρον
791 5154 1221 5225 διαπέπρακται.
1251 5157 1363 5215 Καὶ
1390 5159 1519 5228 περὶ
1549 5158 1800 5213 Τιτιανοῦ
1827 5160 1873 5193 ³⁵

1990 3317 2185 3369 doxns.
2236 3312 2497 3380 Quartam
2555 3308 2700 3381 enim
2750 3305 3019 3378 synodum
3070 3304 3322 3358 laudibus
3387 3310 3570 3364 ornat,

1990 3408 2294 3476 meritoque
2322 3401 2643 3474 perstringit
2663 3415 2784 3465 eus,
2804 3399 2898 3468 qui
2928 3413 3049 3452 eam
3073 3404 3409 3467 oppugnant.
3435 3394 3571 3463 Sty-

1992 3501 2099 3557 lum
2134 3500 2295 3555 habet
2320 3495 2566 3553 historia:
2603 3509 2711 3548 non
2742 3493 2878 3548 satis
2915 3492 3406 3545 accommodatum.
3437 3486 3574 3540 Nam

1988 3604 2042 3649 et
2066 3603 2348 3662 poetarum
2390 3589 2681 3660 phrasibus
2725 3587 2845 3643 siue
2894 3585 3130 3647 delectu,
3163 3598 3226 3637 ac
3257 3581 3576 3651 juvenilitcr

1989 3684 2255 3748 abutitur,
2300 3687 2355 3735 et
2388 3679 2715 3749 compositio
2756 3676 2878 3746 ejus
2909 3676 3100 3729 durior
3124 3684 3179 3729 et
3210 3677 3439 3738 absona,
3485 3672 3571 3725 iti-

1988 3774 2399 3846 tliyraniboruin
2429 3774 2560 3837 ritu,
2599 3786 2720 3839 qua:
2754 3769 2891 3825 alias
2934 3769 3130 3821 iterum
3157 3767 3210 3820 in
3244 3765 3573 3819 dissolutum

1988 3879 2153 3937 atque
2176 3866 2568 3921 inconcinnuin
2617 3863 2898 3918 dilabitur.
2934 3860 3384 3915 Constructiuues
3415 3857 3573 3909 inno-

1987 3972 2080 4014 vat
2129 3975 2236 4015 non
2287 3960 2352 4014 ad
2403 3968 2656 4013 ornatum
2708 3956 2966 4023 majorem
3005 3970 3069 4008 ac
3099 3961 3467 4011 venustatem,
3515 3958 3576 4002 ut

1990 4053 2185 4122 reliqui
2246 4050 2443 4114 solent,
2496 4047 2593 4105 sed
2643 4047 2737 4113 ita,
2801 4058 2861 4100 ut
2914 4046 3100 4099 auditu
3150 4043 3409 4096 inolestus
3457 4040 3572 4102 tiat,

1986 4146 2273 4211 omnisque
2316 4142 2450 4195 adeo
2477 4154 2673 4206 eXpem
2720 4137 3029 4207 suavitatis.
3076 4132 3350 4187 interdum
3389 4142 3573 4185 autem

1985 4251 2048 4291 se
2087 4236 2205 4304 ipso
2258 4232 2441 4288 verbis
2510 4231 2703 4286 melior
2756 4243 2981 4300 prorsus
3023 4228 3284 4287 evadeus,
3332 4223 3562 4292 promis-

1985 4342 2145 4381 cuam
2176 4325 2486 4388 historiam,
2525 4324 2687 4378 etiam
2740 4338 2807 4377 ex
2848 4320 3144 4375 admodum
3190 4316 3570 4379 dissimilibus,

1988 4418 2322 4474 concinnare
2371 4414 2821 4484 deprehenditur.
2877 4409 2981 4467 llic
3024 4410 3290 4466 Isauriam
3327 4406 3394 4461 ab
3428 4405 3572 4462 Esau

1986 4525 2188 4567 nomen
2221 4517 2522 4565 mutuatam
2550 4509 2734 4564 dicere
2761 4508 2946 4561 audet.

2059 4781 2245 4838 Primo
2292 4779 2431 4834 libro
2476 4784 2667 4831 narrat.
2702 4774 2952 4845 Asparis,
3002 4771 3411 4839 liberorumque
3455 4770 3574 4840 ejus

1986 4874 2305 4946 potentiam,
2339 4880 2393 4927 et
2420 4868 2621 4925 Leonis
2642 4881 2739 4936 per
2790 4868 3053 4934 Asparem
3104 4860 3453 4916 electionem.
3495 4859 3574 4915 De

1988 4969 2142 5023 urbis
2168 4963 2589 5034 conﬂagratione
2612 4968 2829 5022 exorta,
2861 4970 3090 5025 quasque
3122 4954 3211 5009 hic
3236 4956 3304 5009 ab
3338 4954 3571 5021 Aspare.

1985 5057 2304 5130 reipublicze
2340 5053 2628 5111 commodo
2656 5061 2809 5122 gesta
2844 5051 2981 5105 sint.
3015 5048 3088 5102 De
3130 5046 3352 5102 Titiano
3384 5055 3439 5100 et
3471 5044 3571 5099 Vi-

1983 5162 2169 5218 viano,
2219 5159 2387 5219 utque
2432 5148 2501 5201 de
2535 5146 2643 5201 illis
2695 5134 2874 5214 Aspar
2917 5157 3040 5198 cum
3076 5141 3409 5211 imperatore
3433 5153 3574 5193 con-

1614 5258 1855 5319 VARIIE
1892 5255 2190 5325 LECTION
2198 5252 2302 5309 ES.

357 5342 529 5429 ’1.και
562 5346 721 5429 οηιέλ-
774 5347 821 5429 rs
841 5350 1310 5429 πᾳρρισλέπονεαιι
1338 5353 1781 5429 maenae-nm
2261 5344 2704 5429 fal.‘°‘°‘5°“"“
2724 5344 2789 5397 Α-
2849 5342 3032 5428 ξοδλος
3056 5354 3118 5429 s-
3152 5342 3571 5429 '"i’fﬁ‘i‘ff’l’ﬁ:

2261 5418 2431 5472 ’θητῶν
2452 5448 2520 5461 -—
2543 5402 3021 5484 καινοτομούντων
3044 5410 3125 5462 A:
3212 5405 3263 5437 "
3303 5402 3574 5456 Τατιανοῦ

288 5407 336 5446 ’ί
370 5414 431 5467 δὲ
478 5431 585 5471 οιιι.
639 5419 707 5475 Α,

289 5419 336 5446 ἰ
370 5419 431 5467 δὲ
478 5431 585 5471 οιιι.
639 5419 707 5475 Α.
774 5420 819 5451 ⁹²
853 5419 974 5493 μὲν]
1016 5424 1115 5495 μὲν
1169 5423 1231 5476 τὸ

289 5483 565 5543 Labbous.

2281 5348 2376 5401 καὶ
2397 5344 2704 5399 τοιαῦθενια
2724 5344 2789 5397 Α.
2849 5341 2895 5375 ⁸³
2912 5339 3032 5403 ὅλος
3057 5354 3118 5400 ς.
3152 5334 3199 5368 ⁹⁰
3220 5325 3483 5403 Θειασμοῦ
3505 5325 3574 5403 A_.

1797 5580 2034 5638 ΝΟΤίΕ.

363 5668 481 5743 (9|)
528 5668 713 5743 Τελῶν
767 5671 936 5739 ἄρξας
977 5671 1088 5726 τῶν
1140 5674 1199 5726 ὲν
1252 5673 1593 5743 Σηλυμϐρία.
1629 5674 1878 5730 Thraciae

288 5742 427 5863 mli):
478 5751 561 5794 est
587 5740 914 5810 Selymbria,
968 5744 1034 5795 de
1077 5759 1182 5814 qua
1223 5740 1495 5813 Stcplian.
1548 5746 1768 5810 Strabo,
1813 5756 1877 5799 et

288 5826 484 5952 ’Πίθῆ
518 5881 620 5950 Qui
643 5896 776 5940 cum
827 5894 1050 5955 parente
1081 5885 1387 5945 Ardaburio
1426 5884 1864 5945 Valentinianum

1986 5678 2119 5748 imp.
2158 5675 2396 5741 reduxit,
2459 5684 2597 5729 teste
2639 5669 3025 5744 Olympiodoro
3075 5664 3206 5721 intr.
3250 5658 3373 5717 cod.
3409 5652 3566 5711 80in

1987 5748 2169 5890 nn(.95)
2197 5814 2675 5881 l-lermonarichus,
2701 5809 3123 5868 Armenerichus
3152 5804 3292 5861 idem
3318 5807 3565 5856 vocatur.
