  <div class='ocr_page' id='page_1' title='image "/cluster/home/n/w/nwhite01/storage/ocr_20150623/103/hvd.32044018872861/133.png"; bbox 0 0 4058 6416; ppageno 0'>
   <div class='ocr_carea' id='block_1_1' title="bbox 560 419 663 481">
    <p class='ocr_par' dir='ltr' id='par_1_1' title="bbox 560 419 663 481">
     <span class='ocr_line' id='line_1_1' title="bbox 560 419 663 481; baseline 0 -1"><span class='ocrx_word' id='word_1_1' title='bbox 560 419 663 481; x_wconf 80' lang='grc'><strong>251</strong></span> 
     </span>
    </p>
   </div>
   <div class='ocr_carea' id='block_1_2' title="bbox 1689 429 2636 498">
    <p class='ocr_par' dir='ltr' id='par_1_2' title="bbox 1689 429 2636 498">
     <span class='ocr_line' id='line_1_2' title="bbox 1689 429 2636 498; baseline 0.01 -9"><span class='ocrx_word' id='word_1_2' title='bbox 1689 429 1955 492; x_wconf 85' lang='grc' dir='ltr'><strong>ΡΗΟΤΙῙ</strong></span> <span class='ocrx_word' id='word_1_3' title='bbox 1993 431 2501 493; x_wconf 81' lang='lat' dir='ltr'><strong>PATRIARCH/E</strong></span> <span class='ocrx_word' id='word_1_4' title='bbox 2535 434 2636 498; x_wconf 92' lang='lat' dir='ltr'><strong>CP.</strong></span> 
     </span>
    </p>
   </div>
   <div class='ocr_carea' id='block_1_3' title="bbox 3724 432 3832 497">
    <p class='ocr_par' dir='ltr' id='par_1_3' title="bbox 3724 432 3832 497">
     <span class='ocr_line' id='line_1_3' title="bbox 3724 432 3832 497; baseline 0.019 -2"><span class='ocrx_word' id='word_1_5' title='bbox 3724 432 3832 497; x_wconf 74' lang='lat'><strong>25?.</strong></span> 
     </span>
    </p>
   </div>
   <div class='ocr_carea' id='block_1_4' title="bbox 560 532 2142 616">
    <p class='ocr_par' dir='ltr' id='par_1_4' title="bbox 560 532 2136 605">
     <span class='ocr_line' id='line_1_4' title="bbox 560 532 2136 605; baseline 0.009 -24"><span class='ocrx_word' id='word_1_6' title='bbox 560 532 815 597; x_wconf 84' lang='lat' dir='ltr'><strong>tenderit,</strong></span> <span class='ocrx_word' id='word_1_7' title='bbox 876 542 933 587; x_wconf 94' lang='lat' dir='ltr'><strong>et</strong></span> <span class='ocrx_word' id='word_1_8' title='bbox 982 546 1105 601; x_wconf 73' lang='lat' dir='ltr'><strong>quae</strong></span> <span class='ocrx_word' id='word_1_9' title='bbox 1149 549 1214 590; x_wconf 88' lang='lat' dir='ltr'><strong>ac</strong></span> <span class='ocrx_word' id='word_1_10' title='bbox 1268 536 1450 605; x_wconf 87' lang='lat' dir='ltr'><strong>qualia</strong></span> <span class='ocrx_word' id='word_1_11' title='bbox 1486 539 1630 596; x_wconf 92' lang='lat' dir='ltr'><strong>inter</strong></span> <span class='ocrx_word' id='word_1_12' title='bbox 1677 558 1775 598; x_wconf 91' lang='lat' dir='ltr'><strong>eos</strong></span> <span class='ocrx_word' id='word_1_13' title='bbox 1813 545 1977 598; x_wconf 88' lang='lat' dir='ltr'><strong>verba</strong></span> <span class='ocrx_word' id='word_1_14' title='bbox 2025 552 2136 597; x_wconf 89' lang='lat' dir='ltr'><strong>tum</strong></span> 
     </span>
    </p>
   </div>
   <div class='ocr_carea' id='block_1_5' title="bbox 2245 532 3830 616">
    <p class='ocr_par' dir='ltr' id='par_1_5' title="bbox 2245 544 3830 616">
     <span class='ocr_line' id='line_1_5' title="bbox 2245 544 3830 616; baseline 0.001 -19"><span class='ocrx_word' id='word_1_15' title='bbox 2245 546 2337 598; x_wconf 74' lang='grc' dir='ltr'><strong>καὶ</strong></span> <span class='ocrx_word' id='word_1_16' title='bbox 2367 545 2645 609; x_wconf 77' lang='grc' dir='ltr'>Βιδιανοῦ,</span> <span class='ocrx_word' id='word_1_17' title='bbox 2677 546 2775 599; x_wconf 53' lang='grc' dir='ltr'><strong>καί⁵</strong></span> <span class='ocrx_word' id='word_1_18' title='bbox 2824 546 2900 609; x_wconf 87' lang='grc' dir='ltr'><strong>ὡς</strong></span> <span class='ocrx_word' id='word_1_19' title='bbox 2926 546 3057 616; x_wconf 73' lang='grc' dir='ltr'>περὶ</span> <span class='ocrx_word' id='word_1_20' title='bbox 3088 544 3268 599; x_wconf 77' lang='grc' dir='ltr'>αὐτῶν</span> <span class='ocrx_word' id='word_1_21' title='bbox 3309 544 3563 614; x_wconf 77' lang='grc' dir='ltr'><strong>διηνέχθη</strong></span> <span class='ocrx_word' id='word_1_22' title='bbox 3603 546 3830 615; x_wconf 78' lang='grc' dir='ltr'>’Λσπαρ</span> 
     </span>
    </p>
   </div>
   <div class='ocr_carea' id='block_1_6' title="bbox 553 621 2143 693">
    <p class='ocr_par' dir='ltr' id='par_1_6' title="bbox 553 621 2143 693">
     <span class='ocr_line' id='line_1_6' title="bbox 553 621 2143 693; baseline 0.008 -18"><span class='ocrx_word' id='word_1_23' title='bbox 553 621 756 691; x_wconf 68' lang='lat' dir='ltr'><strong>iactata</strong></span> <span class='ocrx_word' id='word_1_24' title='bbox 782 622 910 678; x_wconf 90' lang='lat' dir='ltr'><strong>sint.</strong></span> <span class='ocrx_word' id='word_1_25' title='bbox 945 623 1336 693; x_wconf 84' lang='lat' dir='ltr'><strong>Imperatorem</strong></span> <span class='ocrx_word' id='word_1_26' title='bbox 1367 645 1431 684; x_wconf 89' lang='lat' dir='ltr'><strong>ea</strong></span> <span class='ocrx_word' id='word_1_27' title='bbox 1463 645 1528 685; x_wconf 78' lang='lat' dir='ltr'><strong>ex</strong></span> <span class='ocrx_word' id='word_1_28' title='bbox 1561 648 1726 688; x_wconf 87' lang='lat' dir='ltr'><strong>causa</strong></span> <span class='ocrx_word' id='word_1_29' title='bbox 1771 650 1890 688; x_wconf 86' lang='lat' dir='ltr'><strong>cum</strong></span> <span class='ocrx_word' id='word_1_30' title='bbox 1934 635 2143 688; x_wconf 84' lang='lat' dir='ltr'><strong>Isauro-</strong></span> 
     </span>
    </p>
   </div>
   <div class='ocr_carea' id='block_1_7' title="bbox 558 718 2140 793">
    <p class='ocr_par' dir='ltr' id='par_1_7' title="bbox 558 718 2140 793">
     <span class='ocr_line' id='line_1_7' title="bbox 558 718 2140 793; baseline 0.009 -26"><span class='ocrx_word' id='word_1_31' title='bbox 558 731 677 767; x_wconf 85' lang='lat' dir='ltr'><strong>rum</strong></span> <span class='ocrx_word' id='word_1_32' title='bbox 714 731 915 785; x_wconf 80' lang='lat' dir='ltr'><strong>genere</strong></span> <span class='ocrx_word' id='word_1_33' title='bbox 957 720 1274 774; x_wconf 88' lang='lat' dir='ltr'><strong>societatem</strong></span> <span class='ocrx_word' id='word_1_34' title='bbox 1311 723 1526 790; x_wconf 81' lang='lat' dir='ltr'><strong>iniisse,</strong></span> <span class='ocrx_word' id='word_1_35' title='bbox 1560 718 1677 793; x_wconf 18' lang='lat' dir='ltr'><strong>per.</strong></span> <span class='ocrx_word' id='word_1_36' title='bbox 1701 726 2140 782; x_wconf 90' lang='lat' dir='ltr'><strong>Tarasicodisam</strong></span> 
     </span>
    </p>
   </div>
   <div class='ocr_carea' id='block_1_8' title="bbox 558 805 2142 886">
    <p class='ocr_par' dir='ltr' id='par_1_8' title="bbox 558 805 2142 886">
     <span class='ocr_line' id='line_1_8' title="bbox 558 805 2142 886; baseline 0.01 -29"><span class='ocrx_word' id='word_1_37' title='bbox 558 805 1009 863; x_wconf 84' lang='lat' dir='ltr'><strong>Rusumbladeoti</strong></span> <span class='ocrx_word' id='word_1_38' title='bbox 1051 811 1113 868; x_wconf 84' lang='lat' dir='ltr'><strong>F.</strong></span> <span class='ocrx_word' id='word_1_39' title='bbox 1162 828 1324 881; x_wconf 89' lang='lat' dir='ltr'><strong>quem</strong></span> <span class='ocrx_word' id='word_1_40' title='bbox 1378 815 1541 869; x_wconf 89' lang='lat' dir='ltr'><strong>etiam</strong></span> <span class='ocrx_word' id='word_1_41' title='bbox 1584 816 1879 886; x_wconf 87' lang='lat' dir='ltr'><strong>(Zenonem</strong></span> <span class='ocrx_word' id='word_1_42' title='bbox 1936 830 2142 875; x_wconf 91' lang='lat' dir='ltr'><strong>mutato</strong></span> 
     </span>
    </p>
   </div>
   <div class='ocr_carea' id='block_1_9' title="bbox 559 898 2141 971">
    <p class='ocr_par' dir='ltr' id='par_1_9' title="bbox 559 898 2141 971">
     <span class='ocr_line' id='line_1_9' title="bbox 559 898 2141 971; baseline 0.009 -21"><span class='ocrx_word' id='word_1_43' title='bbox 559 898 783 951; x_wconf 87' lang='lat' dir='ltr'><strong>nomine</strong></span> <span class='ocrx_word' id='word_1_44' title='bbox 837 902 1110 970; x_wconf 86' lang='lat' dir='ltr'><strong>vocatum)</strong></span> <span class='ocrx_word' id='word_1_45' title='bbox 1167 918 1423 971; x_wconf 91' lang='lat' dir='ltr'><strong>generum</strong></span> <span class='ocrx_word' id='word_1_46' title='bbox 1488 906 1592 959; x_wconf 87' lang='lat' dir='ltr'><strong>sibi</strong></span> <span class='ocrx_word' id='word_1_47' title='bbox 1639 908 1857 970; x_wconf 76' lang='lat' dir='ltr'><strong>ascivit,</strong></span> <span class='ocrx_word' id='word_1_48' title='bbox 1914 922 2036 963; x_wconf 89' lang='lat' dir='ltr'><strong>cum</strong></span> <span class='ocrx_word' id='word_1_49' title='bbox 2095 911 2141 965; x_wconf 90' lang='lat' dir='ltr'><strong>is</strong></span> 
     </span>
    </p>
   </div>
   <div class='ocr_carea' id='block_1_10' title="bbox 559 989 2143 1065">
    <p class='ocr_par' dir='ltr' id='par_1_10' title="bbox 559 989 2143 1065">
     <span class='ocr_line' id='line_1_10' title="bbox 559 989 2143 1065; baseline 0.009 -26"><span class='ocrx_word' id='word_1_50' title='bbox 559 989 798 1055; x_wconf 90' lang='lat' dir='ltr'><strong>priorem</strong></span> <span class='ocrx_word' id='word_1_51' title='bbox 848 990 1155 1061; x_wconf 81' lang='lat' dir='ltr'><strong>coniugem.</strong></span> <span class='ocrx_word' id='word_1_52' title='bbox 1200 995 1509 1049; x_wconf 79' lang='lat' dir='ltr'><strong>mortalium</strong></span> <span class='ocrx_word' id='word_1_53' title='bbox 1552 995 1667 1065; x_wconf 83' lang='lat' dir='ltr'><strong>lege</strong></span> <span class='ocrx_word' id='word_1_54' title='bbox 1707 1000 2006 1064; x_wconf 86' lang='lat' dir='ltr'><strong>amisisset,</strong></span> <span class='ocrx_word' id='word_1_55' title='bbox 2040 1001 2143 1054; x_wconf 88' lang='lat' dir='ltr'><strong>Ar-</strong></span> 
     </span>
    </p>
   </div>
   <div class='ocr_carea' id='block_1_11' title="bbox 557 1079 2143 1155">
    <p class='ocr_par' dir='ltr' id='par_1_11' title="bbox 557 1079 2143 1155">
     <span class='ocr_line' id='line_1_11' title="bbox 557 1079 2143 1155; baseline 0.011 -25"><span class='ocrx_word' id='word_1_56' title='bbox 557 1079 846 1134; x_wconf 88' lang='lat' dir='ltr'><strong>daburium</strong></span> <span class='ocrx_word' id='word_1_57' title='bbox 896 1083 1058 1144; x_wconf 89' lang='lat' dir='ltr'><strong>item,</strong></span> <span class='ocrx_word' id='word_1_58' title='bbox 1103 1084 1241 1154; x_wconf 74' lang='lat'><strong>556</strong></span> <span class='ocrx_word' id='word_1_59' title='bbox 1293 1102 1399 1155; x_wconf 88' lang='lat' dir='ltr'><strong>quo</strong></span> <span class='ocrx_word' id='word_1_60' title='bbox 1445 1091 1757 1155; x_wconf 78' lang='lat' dir='ltr'><strong>imperatori</strong></span> <span class='ocrx_word' id='word_1_61' title='bbox 1813 1092 2143 1148; x_wconf 89' lang='lat' dir='ltr'><strong>adversare-</strong></span> 
     </span>
    </p>
   </div>
   <div class='ocr_carea' id='block_1_12' title="bbox 559 1172 2143 1250">
    <p class='ocr_par' dir='ltr' id='par_1_12' title="bbox 559 1172 2143 1250">
     <span class='ocr_line' id='line_1_12' title="bbox 559 1172 2143 1250; baseline 0.01 -26"><span class='ocrx_word' id='word_1_62' title='bbox 559 1180 670 1236; x_wconf 89' lang='lat' dir='ltr'><strong>tur,</strong></span> <span class='ocrx_word' id='word_1_63' title='bbox 700 1172 916 1227; x_wconf 88' lang='lat' dir='ltr'><strong>Isauros</strong></span> <span class='ocrx_word' id='word_1_64' title='bbox 967 1191 1121 1242; x_wconf 68' lang='lat' dir='ltr'><strong>mque</strong></span> <span class='ocrx_word' id='word_1_65' title='bbox 1162 1194 1381 1232; x_wconf 87' lang='lat' dir='ltr'><strong>suarum</strong></span> <span class='ocrx_word' id='word_1_66' title='bbox 1431 1184 1663 1250; x_wconf 87' lang='lat' dir='ltr'><strong>partium</strong></span> <span class='ocrx_word' id='word_1_67' title='bbox 1719 1183 1902 1237; x_wconf 88' lang='lat' dir='ltr'><strong>facere</strong></span> <span class='ocrx_word' id='word_1_68' title='bbox 1935 1187 2143 1240; x_wconf 78' lang='lat' dir='ltr'><strong>consti-</strong></span> 
     </span>
    </p>
   </div>
   <div class='ocr_carea' id='block_1_13' title="bbox 562 1265 2142 1340">
    <p class='ocr_par' dir='ltr' id='par_1_13' title="bbox 562 1265 2142 1340">
     <span class='ocr_line' id='line_1_13' title="bbox 562 1265 2142 1340; baseline 0.009 -23"><span class='ocrx_word' id='word_1_69' title='bbox 562 1265 774 1320; x_wconf 87' lang='lat' dir='ltr'><strong>tuisse:</strong></span> <span class='ocrx_word' id='word_1_70' title='bbox 816 1280 981 1337; x_wconf 90' lang='lat' dir='ltr'><strong>atque</strong></span> <span class='ocrx_word' id='word_1_71' title='bbox 1026 1268 1319 1324; x_wconf 74' lang='lat' dir='ltr'><strong>Martinum</strong></span> <span class='ocrx_word' id='word_1_72' title='bbox 1369 1277 1682 1340; x_wconf 78' lang='lat' dir='ltr'><strong>quemdam,</strong></span> <span class='ocrx_word' id='word_1_73' title='bbox 1732 1276 2027 1331; x_wconf 84' lang='lat' dir='ltr'><strong>Ardaburii</strong></span> <span class='ocrx_word' id='word_1_74' title='bbox 2060 1278 2142 1332; x_wconf 90' lang='lat' dir='ltr'><strong>fa-</strong></span> 
     </span>
    </p>
   </div>
   <div class='ocr_carea' id='block_1_14' title="bbox 562 1358 2139 1437">
    <p class='ocr_par' dir='ltr' id='par_1_14' title="bbox 562 1358 2139 1437">
     <span class='ocr_line' id='line_1_14' title="bbox 562 1358 2139 1437; baseline 0.01 -29"><span class='ocrx_word' id='word_1_75' title='bbox 562 1358 849 1426; x_wconf 90' lang='lat' dir='ltr'><strong>miliarem,</strong></span> <span class='ocrx_word' id='word_1_76' title='bbox 912 1359 1306 1416; x_wconf 67' lang='lat' dir='ltr'><strong>Tarasicodisze</strong></span> <span class='ocrx_word' id='word_1_77' title='bbox 1350 1365 1648 1431; x_wconf 85' lang='lat' dir='ltr'><strong>indicasse,</strong></span> <span class='ocrx_word' id='word_1_78' title='bbox 1700 1383 2038 1437; x_wconf 60' lang='lat' dir='ltr'><strong>quaecunque</strong></span> <span class='ocrx_word' id='word_1_79' title='bbox 2087 1372 2139 1424; x_wconf 91' lang='lat' dir='ltr'><strong>in</strong></span> 
     </span>
    </p>
   </div>
   <div class='ocr_carea' id='block_1_15' title="bbox 560 1450 2142 1527">
    <p class='ocr_par' dir='ltr' id='par_1_15' title="bbox 560 1450 2142 1527">
     <span class='ocr_line' id='line_1_15' title="bbox 560 1450 2142 1527; baseline 0.006 -26"><span class='ocrx_word' id='word_1_80' title='bbox 560 1450 945 1517; x_wconf 88' lang='lat' dir='ltr'><strong>imperatorem</strong></span> <span class='ocrx_word' id='word_1_81' title='bbox 993 1456 1398 1509; x_wconf 85' lang='lat' dir='ltr'><strong>machinaretur</strong></span> <span class='ocrx_word' id='word_1_82' title='bbox 1445 1457 1807 1513; x_wconf 80' lang='lat' dir='ltr'><strong>Ardaburius.</strong></span> <span class='ocrx_word' id='word_1_83' title='bbox 1860 1462 2142 1527; x_wconf 80' lang='lat' dir='ltr'><strong>Quomodo</strong></span> 
     </span>
    </p>
   </div>
   <div class='ocr_carea' id='block_1_16' title="bbox 559 1542 2138 1621">
    <p class='ocr_par' dir='ltr' id='par_1_16' title="bbox 559 1542 2138 1621">
     <span class='ocr_line' id='line_1_16' title="bbox 559 1542 2138 1621; baseline 0.01 -30"><span class='ocrx_word' id='word_1_84' title='bbox 559 1542 757 1595; x_wconf 77' lang='lat' dir='ltr'><strong>exinde</strong></span> <span class='ocrx_word' id='word_1_85' title='bbox 788 1545 1038 1611; x_wconf 85' lang='lat' dir='ltr'><strong>asperius</strong></span> <span class='ocrx_word' id='word_1_86' title='bbox 1063 1547 1112 1597; x_wconf 91' lang='lat' dir='ltr'><strong>in</strong></span> <span class='ocrx_word' id='word_1_87' title='bbox 1139 1547 1254 1600; x_wconf 90' lang='lat' dir='ltr'><strong>dies</strong></span> <span class='ocrx_word' id='word_1_88' title='bbox 1277 1559 1561 1603; x_wconf 82' lang='lat' dir='ltr'><strong>crescente</strong></span> <span class='ocrx_word' id='word_1_89' title='bbox 1593 1560 1775 1604; x_wconf 90' lang='lat' dir='ltr'><strong>mutua</strong></span> <span class='ocrx_word' id='word_1_90' title='bbox 1803 1552 2138 1621; x_wconf 88' lang='lat' dir='ltr'><strong>suspicione,</strong></span> 
     </span>
    </p>
   </div>
   <div class='ocr_carea' id='block_1_17' title="bbox 558 1630 2138 1713">
    <p class='ocr_par' dir='ltr' id='par_1_17' title="bbox 558 1630 2138 1713">
     <span class='ocr_line' id='line_1_17' title="bbox 558 1630 2138 1713; baseline 0.01 -28"><span class='ocrx_word' id='word_1_91' title='bbox 558 1630 990 1701; x_wconf 81' lang='lat' dir='ltr'><strong>Leoimperator</strong></span> <span class='ocrx_word' id='word_1_92' title='bbox 1035 1639 1305 1707; x_wconf 82' lang='lat' dir='ltr'><strong>Asparem</strong></span> <span class='ocrx_word' id='word_1_93' title='bbox 1358 1643 1600 1706; x_wconf 88' lang='lat' dir='ltr'><strong>sustulit,</strong></span> <span class='ocrx_word' id='word_1_94' title='bbox 1644 1643 1866 1713; x_wconf 82' lang='lat' dir='ltr'><strong>ejusque</strong></span> <span class='ocrx_word' id='word_1_95' title='bbox 1914 1646 2138 1711; x_wconf 87' lang='lat' dir='ltr'><strong>liberos,</strong></span> 
     </span>
    </p>
   </div>
   <div class='ocr_carea' id='block_1_18' title="bbox 556 1724 2143 1793">
    <p class='ocr_par' dir='ltr' id='par_1_18' title="bbox 556 1724 2143 1793">
     <span class='ocr_line' id='line_1_18' title="bbox 556 1724 2143 1793; baseline 0.01 -17"><span class='ocrx_word' id='word_1_96' title='bbox 556 1724 919 1780; x_wconf 79' lang='lat' dir='ltr'><strong>Ardabuiium</strong></span> <span class='ocrx_word' id='word_1_97' title='bbox 970 1737 1025 1783; x_wconf 92' lang='lat' dir='ltr'><strong>et</strong></span> <span class='ocrx_word' id='word_1_98' title='bbox 1099 1731 1392 1787; x_wconf 88' lang='lat' dir='ltr'><strong>Patricium</strong></span> <span class='ocrx_word' id='word_1_99' title='bbox 1445 1736 1713 1790; x_wconf 64' lang='lat' dir='ltr'><strong>Caesarem</strong></span> <span class='ocrx_word' id='word_1_100' title='bbox 1742 1756 1754 1791; x_wconf 92' lang='lat'>:</span> <span class='ocrx_word' id='word_1_101' title='bbox 1788 1747 1843 1792; x_wconf 89' lang='lat' dir='ltr'><strong>et</strong></span> <span class='ocrx_word' id='word_1_102' title='bbox 1885 1738 1928 1793; x_wconf 91' lang='lat' dir='ltr'><strong>si</strong></span> <span class='ocrx_word' id='word_1_103' title='bbox 1961 1738 2143 1793; x_wconf 64' lang='lat' dir='ltr'><strong>Caesar</strong></span> 
     </span>
    </p>
   </div>
   <div class='ocr_carea' id='block_1_19' title="bbox 558 1819 2135 1898">
    <p class='ocr_par' dir='ltr' id='par_1_19' title="bbox 558 1819 2135 1898">
     <span class='ocr_line' id='line_1_19' title="bbox 558 1819 2135 1898; baseline 0.01 -30"><span class='ocrx_word' id='word_1_104' title='bbox 558 1827 781 1884; x_wconf 77' lang='lat' dir='ltr'><strong>excepta</strong></span> <span class='ocrx_word' id='word_1_105' title='bbox 847 1819 998 1888; x_wconf 80' lang='lat' dir='ltr'><strong>plaga</strong></span> <span class='ocrx_word' id='word_1_106' title='bbox 1051 1820 1329 1890; x_wconf 88' lang='lat' dir='ltr'><strong>inopinato</strong></span> <span class='ocrx_word' id='word_1_107' title='bbox 1374 1824 1555 1879; x_wconf 88' lang='lat' dir='ltr'><strong>salvus</strong></span> <span class='ocrx_word' id='word_1_108' title='bbox 1606 1828 1799 1892; x_wconf 84' lang='lat' dir='ltr'><strong>evasit,</strong></span> <span class='ocrx_word' id='word_1_109' title='bbox 1846 1829 2135 1898; x_wconf 81' lang='lat' dir='ltr'><strong>vixitque;</strong></span> 
     </span>
    </p>
   </div>
   <div class='ocr_carea' id='block_1_20' title="bbox 558 1906 2214 1988">
    <p class='ocr_par' dir='ltr' id='par_1_20' title="bbox 558 1906 2214 1988">
     <span class='ocr_line' id='line_1_20' title="bbox 558 1906 2214 1988; baseline 0.009 -29"><span class='ocrx_word' id='word_1_110' title='bbox 558 1918 612 1959; x_wconf 90' lang='lat' dir='ltr'><strong>et</strong></span> <span class='ocrx_word' id='word_1_111' title='bbox 632 1906 768 1962; x_wconf 84' lang='lat' dir='ltr'><strong>alius</strong></span> <span class='ocrx_word' id='word_1_112' title='bbox 788 1908 912 1961; x_wconf 85' lang='lat' dir='ltr'><strong>item</strong></span> <span class='ocrx_word' id='word_1_113' title='bbox 934 1911 1000 1963; x_wconf 92' lang='lat' dir='ltr'><strong>de</strong></span> <span class='ocrx_word' id='word_1_114' title='bbox 1018 1910 1239 1981; x_wconf 83' lang='lat' dir='ltr'><strong>Asparis</strong></span> <span class='ocrx_word' id='word_1_115' title='bbox 1264 1912 1387 1967; x_wconf 77' lang='lat' dir='ltr'><strong>[iliis</strong></span> <span class='ocrx_word' id='word_1_116' title='bbox 1406 1914 1826 1970; x_wconf 87' lang='lat' dir='ltr'><strong>Armenerichus</strong></span> <span class='ocrx_word' id='word_1_117' title='bbox 1842 1916 1979 1988; x_wconf 73' lang='grc'>(94),</span> <span class='ocrx_word' id='word_1_118' title='bbox 1998 1921 2139 1988; x_wconf 91' lang='lat' dir='ltr'><strong>quod</strong></span> <span class='ocrx_word' id='word_1_119' title='bbox 2172 1909 2214 1963; x_wconf 81' lang='grc' dir='ltr'>Β</span> 
     </span>
    </p>
   </div>
   <div class='ocr_carea' id='block_1_21' title="bbox 559 2002 2140 2079">
    <p class='ocr_par' dir='ltr' id='par_1_21' title="bbox 559 2002 2140 2079">
     <span class='ocr_line' id='line_1_21' title="bbox 559 2002 2140 2079; baseline 0.008 -28"><span class='ocrx_word' id='word_1_120' title='bbox 559 2002 773 2052; x_wconf 68' lang='lat' dir='ltr'><strong>abeSset</strong></span> <span class='ocrx_word' id='word_1_121' title='bbox 796 2010 908 2054; x_wconf 90' lang='lat' dir='ltr'><strong>tum</strong></span> <span class='ocrx_word' id='word_1_122' title='bbox 940 2002 1075 2056; x_wconf 89' lang='lat' dir='ltr'><strong>forte</strong></span> <span class='ocrx_word' id='word_1_123' title='bbox 1095 2019 1123 2056; x_wconf 93' lang='lat' dir='ltr'><strong>a</strong></span> <span class='ocrx_word' id='word_1_124' title='bbox 1145 2014 1314 2072; x_wconf 87' lang='lat' dir='ltr'><strong>patre,</strong></span> <span class='ocrx_word' id='word_1_125' title='bbox 1340 2011 1537 2061; x_wconf 72' lang='lat' dir='ltr'><strong>caedem</strong></span> <span class='ocrx_word' id='word_1_126' title='bbox 1560 2008 1780 2074; x_wconf 91' lang='lat' dir='ltr'><strong>perinde</strong></span> <span class='ocrx_word' id='word_1_127' title='bbox 1801 2008 2005 2079; x_wconf 82' lang='lat' dir='ltr'><strong>effugit.</strong></span> <span class='ocrx_word' id='word_1_128' title='bbox 2031 2009 2140 2064; x_wconf 89' lang='lat' dir='ltr'><strong>Ta-</strong></span> 
     </span>
    </p>
   </div>
   <div class='ocr_carea' id='block_1_22' title="bbox 558 2091 2134 2169">
    <p class='ocr_par' dir='ltr' id='par_1_22' title="bbox 558 2091 2134 2169">
     <span class='ocr_line' id='line_1_22' title="bbox 558 2091 2134 2169; baseline 0.01 -26"><span class='ocrx_word' id='word_1_129' title='bbox 558 2091 910 2147; x_wconf 79' lang='lat' dir='ltr'><strong>rasicodisam</strong></span> <span class='ocrx_word' id='word_1_130' title='bbox 944 2110 1075 2157; x_wconf 78' lang='lat' dir='ltr'><strong>ergo</strong></span> <span class='ocrx_word' id='word_1_131' title='bbox 1097 2097 1198 2150; x_wconf 81' lang='lat' dir='ltr'><strong>sibi</strong></span> <span class='ocrx_word' id='word_1_132' title='bbox 1240 2113 1519 2167; x_wconf 82' lang='lat' dir='ltr'><strong>generum,</strong></span> <span class='ocrx_word' id='word_1_133' title='bbox 1560 2100 1684 2154; x_wconf 87' lang='lat' dir='ltr'><strong>data</strong></span> <span class='ocrx_word' id='word_1_134' title='bbox 1726 2101 1962 2154; x_wconf 82' lang='lat' dir='ltr'><strong>Ariadna</strong></span> <span class='ocrx_word' id='word_1_135' title='bbox 2004 2103 2134 2169; x_wconf 82' lang='lat' dir='ltr'><strong>ﬁlia,</strong></span> 
     </span>
    </p>
   </div>
   <div class='ocr_carea' id='block_1_23' title="bbox 560 2182 2143 2263">
    <p class='ocr_par' dir='ltr' id='par_1_23' title="bbox 560 2182 2143 2263">
     <span class='ocr_line' id='line_1_23' title="bbox 560 2182 2143 2263; baseline 0.01 -30"><span class='ocrx_word' id='word_1_136' title='bbox 560 2182 852 2251; x_wconf 87' lang='lat' dir='ltr'><strong>imperator</strong></span> <span class='ocrx_word' id='word_1_137' title='bbox 866 2187 1078 2252; x_wconf 84' lang='lat' dir='ltr'><strong>ascivit,</strong></span> <span class='ocrx_word' id='word_1_138' title='bbox 1098 2187 1475 2258; x_wconf 86' lang='lat' dir='ltr'><strong>Zenonemque</strong></span> <span class='ocrx_word' id='word_1_139' title='bbox 1491 2193 1824 2246; x_wconf 73' lang='lat' dir='ltr'><strong>noxninatum</strong></span> <span class='ocrx_word' id='word_1_140' title='bbox 1839 2192 1975 2263; x_wconf 81' lang='grc'>(95),</span> <span class='ocrx_word' id='word_1_141' title='bbox 1990 2210 2143 2249; x_wconf 81' lang='lat' dir='ltr'><strong>exer-</strong></span> 
     </span>
    </p>
   </div>
   <div class='ocr_carea' id='block_1_24' title="bbox 559 2276 2140 2359">
    <p class='ocr_par' dir='ltr' id='par_1_24' title="bbox 559 2276 2140 2359">
     <span class='ocr_line' id='line_1_24' title="bbox 559 2276 2140 2359; baseline 0.009 -31"><span class='ocrx_word' id='word_1_142' title='bbox 559 2276 699 2329; x_wconf 88' lang='lat' dir='ltr'><strong>citus</strong></span> <span class='ocrx_word' id='word_1_143' title='bbox 733 2279 783 2330; x_wconf 95' lang='lat' dir='ltr'><strong>in</strong></span> <span class='ocrx_word' id='word_1_144' title='bbox 816 2278 1037 2333; x_wconf 84' lang='lat' dir='ltr'><strong>Oriente</strong></span> <span class='ocrx_word' id='word_1_145' title='bbox 1082 2281 1274 2336; x_wconf 86' lang='lat' dir='ltr'><strong>ducem</strong></span> <span class='ocrx_word' id='word_1_146' title='bbox 1313 2284 1539 2336; x_wconf 80' lang='lat' dir='ltr'><strong>creavit.</strong></span> <span class='ocrx_word' id='word_1_147' title='bbox 1585 2282 1772 2339; x_wconf 80' lang='lat' dir='ltr'><strong>Refert</strong></span> <span class='ocrx_word' id='word_1_148' title='bbox 1804 2288 1996 2343; x_wconf 92' lang='lat' dir='ltr'><strong>deinde</strong></span> <span class='ocrx_word' id='word_1_149' title='bbox 2020 2305 2140 2359; x_wconf 65' lang='lat' dir='ltr'><strong>quae</strong></span> 
     </span>
    </p>
   </div>
   <div class='ocr_carea' id='block_1_25' title="bbox 560 2367 2135 2445">
    <p class='ocr_par' dir='ltr' id='par_1_25' title="bbox 560 2367 2135 2445">
     <span class='ocr_line' id='line_1_25' title="bbox 560 2367 2135 2445; baseline 0.01 -26"><span class='ocrx_word' id='word_1_150' title='bbox 560 2367 613 2420; x_wconf 92' lang='lat' dir='ltr'><strong>in</strong></span> <span class='ocrx_word' id='word_1_151' title='bbox 653 2368 835 2424; x_wconf 81' lang='lat' dir='ltr'><strong>Africa</strong></span> <span class='ocrx_word' id='word_1_152' title='bbox 886 2374 1121 2426; x_wconf 89' lang='lat' dir='ltr'><strong>secunda</strong></span> <span class='ocrx_word' id='word_1_153' title='bbox 1185 2376 1525 2444; x_wconf 86' lang='lat' dir='ltr'><strong>adversaque</strong></span> <span class='ocrx_word' id='word_1_154' title='bbox 1556 2380 2135 2445; x_wconf 77' lang='lat' dir='ltr'><strong>gesseriLBasiliscus.</strong></span> 
     </span>
    </p>
   </div>
   <div class='ocr_carea' id='block_1_26' title="bbox 561 2456 2136 2541">
    <p class='ocr_par' dir='ltr' id='par_1_26' title="bbox 561 2456 2136 2541">
     <span class='ocr_line' id='line_1_26' title="bbox 561 2456 2136 2541; baseline 0.012 -32"><span class='ocrx_word' id='word_1_155' title='bbox 561 2456 795 2515; x_wconf 86' lang='lat' dir='ltr'><strong>Leonem</strong></span> <span class='ocrx_word' id='word_1_156' title='bbox 853 2477 1069 2532; x_wconf 90' lang='lat' dir='ltr'><strong>quoque</strong></span> <span class='ocrx_word' id='word_1_157' title='bbox 1134 2466 1301 2519; x_wconf 88' lang='lat' dir='ltr'><strong>multa</strong></span> <span class='ocrx_word' id='word_1_158' title='bbox 1359 2469 1627 2523; x_wconf 87' lang='lat' dir='ltr'><strong>volentem</strong></span> <span class='ocrx_word' id='word_1_159' title='bbox 1697 2472 2136 2541; x_wconf 84' lang='lat' dir='ltr'><strong>molientemque,</strong></span> 
     </span>
    </p>
   </div>
   <div class='ocr_carea' id='block_1_27' title="bbox 559 2545 2137 2627">
    <p class='ocr_par' dir='ltr' id='par_1_27' title="bbox 559 2545 2137 2627">
     <span class='ocr_line' id='line_1_27' title="bbox 559 2545 2137 2627; baseline 0.013 -31"><span class='ocrx_word' id='word_1_160' title='bbox 559 2560 666 2613; x_wconf 89' lang='lat' dir='ltr'><strong>quo</strong></span> <span class='ocrx_word' id='word_1_161' title='bbox 706 2545 980 2604; x_wconf 87' lang='lat' dir='ltr'><strong>Zenonem</strong></span> <span class='ocrx_word' id='word_1_162' title='bbox 1032 2567 1289 2619; x_wconf 79' lang='lat' dir='ltr'><strong>generum</strong></span> <span class='ocrx_word' id='word_1_163' title='bbox 1354 2556 1733 2626; x_wconf 87' lang='lat' dir='ltr'><strong>imperatorem</strong></span> <span class='ocrx_word' id='word_1_164' title='bbox 1777 2564 2137 2627; x_wconf 89' lang='lat' dir='ltr'><strong>renuntiaret,</strong></span> 
     </span>
    </p>
   </div>
   <div class='ocr_carea' id='block_1_28' title="bbox 560 2637 2141 2723">
    <p class='ocr_par' dir='ltr' id='par_1_28' title="bbox 560 2637 2141 2723">
     <span class='ocr_line' id='line_1_28' title="bbox 560 2637 2141 2723; baseline 0.013 -35"><span class='ocrx_word' id='word_1_165' title='bbox 560 2637 718 2703; x_wconf 90' lang='lat' dir='ltr'><strong>plebe</strong></span> <span class='ocrx_word' id='word_1_166' title='bbox 762 2654 1124 2709; x_wconf 79' lang='lat' dir='ltr'><strong>repugnante,</strong></span> <span class='ocrx_word' id='word_1_167' title='bbox 1177 2646 1401 2701; x_wconf 90' lang='lat' dir='ltr'><strong>minime</strong></span> <span class='ocrx_word' id='word_1_168' title='bbox 1449 2649 1500 2703; x_wconf 94' lang='lat' dir='ltr'><strong>id</strong></span> <span class='ocrx_word' id='word_1_169' title='bbox 1543 2650 1758 2718; x_wconf 88' lang='lat' dir='ltr'><strong>quidem</strong></span> <span class='ocrx_word' id='word_1_170' title='bbox 1802 2651 2013 2707; x_wconf 73' lang='lat' dir='ltr'><strong>edicere</strong></span> <span class='ocrx_word' id='word_1_171' title='bbox 2046 2671 2141 2723; x_wconf 82' lang='lat' dir='ltr'><strong>po-</strong></span> 
     </span>
    </p>
   </div>
   <div class='ocr_carea' id='block_1_29' title="bbox 562 2728 2139 2813">
    <p class='ocr_par' dir='ltr' id='par_1_29' title="bbox 562 2728 2139 2813">
     <span class='ocr_line' id='line_1_29' title="bbox 562 2728 2139 2813; baseline 0.012 -32"><span class='ocrx_word' id='word_1_172' title='bbox 562 2728 757 2784; x_wconf 84' lang='lat' dir='ltr'><strong>tuisset</strong></span> <span class='ocrx_word' id='word_1_173' title='bbox 816 2749 831 2785; x_wconf 89' lang='lat'><strong>:</strong></span> <span class='ocrx_word' id='word_1_174' title='bbox 889 2735 984 2786; x_wconf 88' lang='lat' dir='ltr'><strong>sed</strong></span> <span class='ocrx_word' id='word_1_175' title='bbox 1047 2736 1206 2803; x_wconf 92' lang='lat' dir='ltr'><strong>paulo</strong></span> <span class='ocrx_word' id='word_1_176' title='bbox 1263 2749 1388 2792; x_wconf 90' lang='lat' dir='ltr'><strong>ante</strong></span> <span class='ocrx_word' id='word_1_177' title='bbox 1454 2742 1688 2808; x_wconf 89' lang='lat' dir='ltr'><strong>obitum,</strong></span> <span class='ocrx_word' id='word_1_178' title='bbox 1766 2756 2015 2813; x_wconf 91' lang='lat' dir='ltr'><strong>nepotem</strong></span> <span class='ocrx_word' id='word_1_179' title='bbox 2072 2764 2139 2802; x_wconf 83' lang='lat' dir='ltr'><strong>ex</strong></span> 
     </span>
    </p>
   </div>
   <div class='ocr_carea' id='block_1_30' title="bbox 558 2820 2135 2904">
    <p class='ocr_par' dir='ltr' id='par_1_30' title="bbox 558 2820 2135 2904">
     <span class='ocr_line' id='line_1_30' title="bbox 558 2820 2135 2904; baseline 0.014 -35"><span class='ocrx_word' id='word_1_180' title='bbox 558 2820 795 2875; x_wconf 75' lang='lat' dir='ltr'><strong>Ariadna</strong></span> <span class='ocrx_word' id='word_1_181' title='bbox 824 2833 875 2877; x_wconf 90' lang='lat' dir='ltr'><strong>et</strong></span> <span class='ocrx_word' id='word_1_182' title='bbox 914 2822 1133 2880; x_wconf 91' lang='lat' dir='ltr'><strong>Zenone</strong></span> <span class='ocrx_word' id='word_1_183' title='bbox 1177 2838 1384 2895; x_wconf 90' lang='lat' dir='ltr'><strong>uatum,</strong></span> <span class='ocrx_word' id='word_1_184' title='bbox 1432 2846 1687 2887; x_wconf 78' lang='lat' dir='ltr'><strong>creasse:</strong></span> <span class='ocrx_word' id='word_1_185' title='bbox 1738 2835 1808 2887; x_wconf 89' lang='lat' dir='ltr'><strong>ita</strong></span> <span class='ocrx_word' id='word_1_186' title='bbox 1842 2846 1961 2904; x_wconf 90' lang='lat' dir='ltr'><strong>post</strong></span> <span class='ocrx_word' id='word_1_187' title='bbox 1998 2837 2135 2891; x_wconf 87' lang='lat' dir='ltr'><strong>Len-</strong></span> 
     </span>
    </p>
   </div>
   <div class='ocr_carea' id='block_1_31' title="bbox 563 2912 2139 2995">
    <p class='ocr_par' dir='ltr' id='par_1_31' title="bbox 563 2912 2139 2995">
     <span class='ocr_line' id='line_1_31' title="bbox 563 2912 2139 2995; baseline 0.016 -35"><span class='ocrx_word' id='word_1_188' title='bbox 563 2912 646 2963; x_wconf 84' lang='lat' dir='ltr'><strong>nis</strong></span> <span class='ocrx_word' id='word_1_189' title='bbox 686 2927 968 2967; x_wconf 80' lang='lat' dir='ltr'><strong>excessum</strong></span> <span class='ocrx_word' id='word_1_190' title='bbox 998 2933 1026 2968; x_wconf 92' lang='lat' dir='ltr'><strong>a</strong></span> <span class='ocrx_word' id='word_1_191' title='bbox 1071 2917 1255 2971; x_wconf 86' lang='lat' dir='ltr'><strong>LeOne</strong></span> <span class='ocrx_word' id='word_1_192' title='bbox 1298 2920 1408 2975; x_wconf 86' lang='lat' dir='ltr'><strong>lilio</strong></span> <span class='ocrx_word' id='word_1_193' title='bbox 1454 2921 1724 2977; x_wconf 90' lang='lat' dir='ltr'><strong>Zenonem</strong></span> <span class='ocrx_word' id='word_1_194' title='bbox 1776 2938 2009 2995; x_wconf 89' lang='lat' dir='ltr'><strong>patrem,</strong></span> <span class='ocrx_word' id='word_1_195' title='bbox 2047 2947 2139 2985; x_wconf 88' lang='lat' dir='ltr'><strong>as-</strong></span> 
     </span>
    </p>
   </div>
   <div class='ocr_carea' id='block_1_32' title="bbox 560 3006 2137 3082">
    <p class='ocr_par' dir='ltr' id='par_1_32' title="bbox 560 3006 2137 3082">
     <span class='ocr_line' id='line_1_32' title="bbox 560 3006 2137 3082; baseline 0.016 -29"><span class='ocrx_word' id='word_1_196' title='bbox 560 3006 833 3059; x_wconf 85' lang='lat' dir='ltr'><strong>sentiente</strong></span> <span class='ocrx_word' id='word_1_197' title='bbox 859 3017 1071 3073; x_wconf 86' lang='lat' dir='ltr'><strong>senatu,</strong></span> <span class='ocrx_word' id='word_1_198' title='bbox 1151 3026 1273 3066; x_wconf 90' lang='lat' dir='ltr'><strong>esse</strong></span> <span class='ocrx_word' id='word_1_199' title='bbox 1348 3015 1733 3082; x_wconf 86' lang='lat' dir='ltr'><strong>imperatorem</strong></span> <span class='ocrx_word' id='word_1_200' title='bbox 1794 3035 2137 3079; x_wconf 85' lang='lat' dir='ltr'><strong>coronatum.</strong></span> 
     </span>
    </p>
   </div>
   <div class='ocr_carea' id='block_1_33' title="bbox 560 3093 2138 3184">
    <p class='ocr_par' dir='ltr' id='par_1_33' title="bbox 560 3093 2138 3184">
     <span class='ocr_line' id='line_1_33' title="bbox 560 3093 2138 3184; baseline 0.016 -39"><span class='ocrx_word' id='word_1_201' title='bbox 560 3093 697 3149; x_wconf 83' lang='lat' dir='ltr'><strong>llinc</strong></span> <span class='ocrx_word' id='word_1_202' title='bbox 732 3097 1041 3152; x_wconf 84' lang='lat' dir='ltr'><strong>Isaurorum</strong></span> <span class='ocrx_word' id='word_1_203' title='bbox 1088 3112 1321 3156; x_wconf 87' lang='lat' dir='ltr'><strong>stemma</strong></span> <span class='ocrx_word' id='word_1_204' title='bbox 1360 3121 1454 3174; x_wconf 91' lang='lat' dir='ltr'><strong>per</strong></span> <span class='ocrx_word' id='word_1_205' title='bbox 1500 3112 1669 3164; x_wconf 91' lang='lat' dir='ltr'><strong>series</strong></span> <span class='ocrx_word' id='word_1_206' title='bbox 1718 3112 2011 3184; x_wconf 82' lang='lat' dir='ltr'><strong>descripsit</strong></span> <span class='ocrx_word' id='word_1_207' title='bbox 2040 3134 2138 3169; x_wconf 82' lang='lat' dir='ltr'><strong>au-</strong></span> 
     </span>
    </p>
   </div>
   <div class='ocr_carea' id='block_1_34' title="bbox 562 3192 2138 3268">
    <p class='ocr_par' dir='ltr' id='par_1_34' title="bbox 562 3192 2138 3268">
     <span class='ocr_line' id='line_1_34' title="bbox 562 3192 2138 3268; baseline 0.016 -29"><span class='ocrx_word' id='word_1_208' title='bbox 562 3198 703 3252; x_wconf 87' lang='lat' dir='ltr'><strong>ctor,</strong></span> <span class='ocrx_word' id='word_1_209' title='bbox 766 3200 928 3257; x_wconf 88' lang='lat' dir='ltr'><strong>atque</strong></span> <span class='ocrx_word' id='word_1_210' title='bbox 977 3192 1098 3247; x_wconf 92' lang='lat' dir='ltr'><strong>illos</strong></span> <span class='ocrx_word' id='word_1_211' title='bbox 1144 3210 1268 3251; x_wconf 89' lang='lat' dir='ltr'><strong>esse</strong></span> <span class='ocrx_word' id='word_1_212' title='bbox 1318 3196 1458 3252; x_wconf 87' lang='lat' dir='ltr'><strong>Esau</strong></span> <span class='ocrx_word' id='word_1_213' title='bbox 1495 3211 1738 3268; x_wconf 80' lang='lat' dir='ltr'><strong>posteros</strong></span> <span class='ocrx_word' id='word_1_214' title='bbox 1786 3222 1850 3260; x_wconf 90' lang='lat' dir='ltr'><strong>ac</strong></span> <span class='ocrx_word' id='word_1_215' title='bbox 1900 3209 2138 3263; x_wconf 84' lang='lat' dir='ltr'><strong>sobolem</strong></span> 
     </span>
    </p>
   </div>
   <div class='ocr_carea' id='block_1_35' title="bbox 557 3269 2209 3365">
    <p class='ocr_par' dir='ltr' id='par_1_35' title="bbox 557 3269 2209 3365">
     <span class='ocr_line' id='line_1_35' title="bbox 557 3269 2209 3365; baseline 0.016 -36"><span class='ocrx_word' id='word_1_216' title='bbox 557 3279 803 3333; x_wconf 89' lang='lat' dir='ltr'><strong>studiose</strong></span> <span class='ocrx_word' id='word_1_217' title='bbox 835 3285 1164 3348; x_wconf 81' lang='lat' dir='ltr'><strong>persuadere</strong></span> <span class='ocrx_word' id='word_1_218' title='bbox 1190 3298 1440 3343; x_wconf 85' lang='lat' dir='ltr'><strong>conatur.</strong></span> <span class='ocrx_word' id='word_1_219' title='bbox 1479 3290 1551 3344; x_wconf 90' lang='lat' dir='ltr'><strong>Ut</strong></span> <span class='ocrx_word' id='word_1_220' title='bbox 1584 3308 1613 3343; x_wconf 89' lang='lat' dir='ltr'><strong>a</strong></span> <span class='ocrx_word' id='word_1_221' title='bbox 1653 3291 1848 3348; x_wconf 81' lang='lat' dir='ltr'><strong>Verina</strong></span> <span class='ocrx_word' id='word_1_222' title='bbox 1878 3298 2138 3365; x_wconf 85' lang='lat' dir='ltr'><strong>deceptus</strong></span> <span class='ocrx_word' id='word_1_223' title='bbox 2169 3269 2209 3324; x_wconf 68' lang='grc' dir='ltr'>Ο</span> 
     </span>
    </p>
   </div>
   <div class='ocr_carea' id='block_1_36' title="bbox 559 3370 2139 3457">
    <p class='ocr_par' dir='ltr' id='par_1_36' title="bbox 559 3370 2139 3457">
     <span class='ocr_line' id='line_1_36' title="bbox 559 3370 2139 3457; baseline 0.015 -36"><span class='ocrx_word' id='word_1_224' title='bbox 559 3370 741 3424; x_wconf 91' lang='lat' dir='ltr'><strong>Zenon</strong></span> <span class='ocrx_word' id='word_1_225' title='bbox 778 3373 912 3444; x_wconf 80' lang='lat'><strong>(96),</strong></span> <span class='ocrx_word' id='word_1_226' title='bbox 950 3376 1146 3444; x_wconf 78' lang='lat' dir='ltr'><strong>fugerit</strong></span> <span class='ocrx_word' id='word_1_227' title='bbox 1195 3395 1319 3432; x_wconf 84' lang='lat' dir='ltr'><strong>cum</strong></span> <span class='ocrx_word' id='word_1_228' title='bbox 1374 3397 1549 3443; x_wconf 83' lang='lat' dir='ltr'><strong>uxore</strong></span> <span class='ocrx_word' id='word_1_229' title='bbox 1592 3400 1654 3439; x_wconf 90' lang='lat' dir='ltr'><strong>ac</strong></span> <span class='ocrx_word' id='word_1_230' title='bbox 1695 3398 1867 3441; x_wconf 85' lang='lat' dir='ltr'><strong>matre</strong></span> <span class='ocrx_word' id='word_1_231' title='bbox 1889 3406 1953 3443; x_wconf 81' lang='lat' dir='ltr'><strong>ex</strong></span> <span class='ocrx_word' id='word_1_232' title='bbox 1984 3391 2139 3457; x_wconf 85' lang='lat' dir='ltr'><strong>urbe,</strong></span> 
     </span>
    </p>
   </div>
   <div class='ocr_carea' id='block_1_37' title="bbox 558 3463 2144 3545">
    <p class='ocr_par' dir='ltr' id='par_1_37' title="bbox 558 3463 2144 3545">
     <span class='ocr_line' id='line_1_37' title="bbox 558 3463 2144 3545; baseline 0.015 -32"><span class='ocrx_word' id='word_1_233' title='bbox 558 3463 934 3533; x_wconf 89' lang='lat' dir='ltr'><strong>imperioque:</strong></span> <span class='ocrx_word' id='word_1_234' title='bbox 968 3479 1132 3536; x_wconf 90' lang='lat' dir='ltr'><strong>utque</strong></span> <span class='ocrx_word' id='word_1_235' title='bbox 1178 3468 1377 3524; x_wconf 76' lang='lat' dir='ltr'><strong>Verina</strong></span> <span class='ocrx_word' id='word_1_236' title='bbox 1416 3488 1513 3542; x_wconf 85' lang='lat' dir='ltr'><strong>spe</strong></span> <span class='ocrx_word' id='word_1_237' title='bbox 1556 3478 1882 3545; x_wconf 86' lang='lat' dir='ltr'><strong>adjungendi</strong></span> <span class='ocrx_word' id='word_1_238' title='bbox 1907 3482 2007 3534; x_wconf 90' lang='lat' dir='ltr'><strong>sibi</strong></span> <span class='ocrx_word' id='word_1_239' title='bbox 2040 3482 2144 3535; x_wconf 86' lang='lat' dir='ltr'><strong>Pa-</strong></span> 
     </span>
    </p>
   </div>
   <div class='ocr_carea' id='block_1_38' title="bbox 560 3555 2138 3640">
    <p class='ocr_par' dir='ltr' id='par_1_38' title="bbox 560 3555 2138 3640">
     <span class='ocr_line' id='line_1_38' title="bbox 560 3555 2138 3640; baseline 0.015 -35"><span class='ocrx_word' id='word_1_240' title='bbox 560 3555 775 3608; x_wconf 89' lang='lat' dir='ltr'><strong>tricium</strong></span> <span class='ocrx_word' id='word_1_241' title='bbox 812 3558 1147 3625; x_wconf 88' lang='lat' dir='ltr'><strong>magistrum,</strong></span> <span class='ocrx_word' id='word_1_242' title='bbox 1186 3561 1411 3632; x_wconf 78' lang='lat' dir='ltr'><strong>fereque</strong></span> <span class='ocrx_word' id='word_1_243' title='bbox 1436 3577 1495 3617; x_wconf 87' lang='lat' dir='ltr'><strong>ut</strong></span> <span class='ocrx_word' id='word_1_244' title='bbox 1525 3565 1845 3635; x_wconf 89' lang='lat' dir='ltr'><strong>imperaret,</strong></span> <span class='ocrx_word' id='word_1_245' title='bbox 1880 3588 2138 3640; x_wconf 85' lang='lat' dir='ltr'><strong>generum</strong></span> 
     </span>
    </p>
   </div>
   <div class='ocr_carea' id='block_1_39' title="bbox 557 3646 2139 3729">
    <p class='ocr_par' dir='ltr' id='par_1_39' title="bbox 557 3646 2139 3729">
     <span class='ocr_line' id='line_1_39' title="bbox 557 3646 2139 3729; baseline 0.011 -30"><span class='ocrx_word' id='word_1_246' title='bbox 557 3662 717 3699; x_wconf 87' lang='lat' dir='ltr'><strong>suum</strong></span> <span class='ocrx_word' id='word_1_247' title='bbox 752 3646 1072 3723; x_wconf 79' lang='lat' dir='ltr'><strong>[Zenonem]</strong></span> <span class='ocrx_word' id='word_1_248' title='bbox 1107 3650 1376 3721; x_wconf 83' lang='lat' dir='ltr'><strong>fugaverit</strong></span> <span class='ocrx_word' id='word_1_249' title='bbox 1397 3672 1493 3724; x_wconf 87' lang='lat' dir='ltr'><strong>per</strong></span> <span class='ocrx_word' id='word_1_250' title='bbox 1514 3656 1782 3722; x_wconf 82' lang='lat' dir='ltr'><strong>fraudem,</strong></span> <span class='ocrx_word' id='word_1_251' title='bbox 1814 3678 1933 3729; x_wconf 69' lang='lat' dir='ltr'><strong>qua:</strong></span> <span class='ocrx_word' id='word_1_252' title='bbox 1963 3674 2139 3719; x_wconf 85' lang='lat' dir='ltr'><strong>tamen</strong></span> 
     </span>
    </p>
   </div>
   <div class='ocr_carea' id='block_1_40' title="bbox 558 3740 2137 3820">
    <p class='ocr_par' dir='ltr' id='par_1_40' title="bbox 558 3740 2137 3820">
     <span class='ocr_line' id='line_1_40' title="bbox 558 3740 2137 3820; baseline 0.013 -31"><span class='ocrx_word' id='word_1_253' title='bbox 558 3753 684 3804; x_wconf 77' lang='lat' dir='ltr'><strong>spes</strong></span> <span class='ocrx_word' id='word_1_254' title='bbox 708 3754 827 3792; x_wconf 88' lang='lat' dir='ltr'><strong>eam</strong></span> <span class='ocrx_word' id='word_1_255' title='bbox 860 3740 1133 3808; x_wconf 86' lang='lat' dir='ltr'><strong>fefellerit,</strong></span> <span class='ocrx_word' id='word_1_256' title='bbox 1159 3761 1279 3798; x_wconf 90' lang='lat' dir='ltr'><strong>cum</strong></span> <span class='ocrx_word' id='word_1_257' title='bbox 1313 3747 1368 3811; x_wconf 91' lang='lat' dir='ltr'><strong>ii,</strong></span> <span class='ocrx_word' id='word_1_258' title='bbox 1402 3750 1491 3816; x_wconf 90' lang='lat' dir='ltr'><strong>qui</strong></span> <span class='ocrx_word' id='word_1_259' title='bbox 1521 3750 1572 3802; x_wconf 92' lang='lat' dir='ltr'><strong>in</strong></span> <span class='ocrx_word' id='word_1_260' title='bbox 1602 3752 1926 3818; x_wconf 82' lang='lat' dir='ltr'><strong>magistratu</strong></span> <span class='ocrx_word' id='word_1_261' title='bbox 1959 3765 2137 3820; x_wconf 88' lang='lat' dir='ltr'><strong>erant,</strong></span> 
     </span>
    </p>
   </div>
   <div class='ocr_carea' id='block_1_41' title="bbox 558 3827 2145 3908">
    <p class='ocr_par' dir='ltr' id='par_1_41' title="bbox 558 3827 2145 3908">
     <span class='ocr_line' id='line_1_41' title="bbox 558 3827 2145 3908; baseline 0.014 -29"><span class='ocrx_word' id='word_1_262' title='bbox 558 3827 890 3883; x_wconf 79' lang='lat' dir='ltr'><strong>Basiliscum</strong></span> <span class='ocrx_word' id='word_1_263' title='bbox 946 3834 1063 3901; x_wconf 88' lang='lat' dir='ltr'><strong>ejus</strong></span> <span class='ocrx_word' id='word_1_264' title='bbox 1135 3833 1361 3890; x_wconf 80' lang='lat' dir='ltr'><strong>fratrem</strong></span> <span class='ocrx_word' id='word_1_265' title='bbox 1424 3839 1810 3908; x_wconf 89' lang='lat' dir='ltr'><strong>imperatorem</strong></span> <span class='ocrx_word' id='word_1_266' title='bbox 1870 3850 2145 3901; x_wconf 85' lang='lat' dir='ltr'><strong>renuntia-</strong></span> 
     </span>
    </p>
   </div>
   <div class='ocr_carea' id='block_1_42' title="bbox 560 3922 2141 4007">
    <p class='ocr_par' dir='ltr' id='par_1_42' title="bbox 560 3922 2141 4007">
     <span class='ocr_line' id='line_1_42' title="bbox 560 3922 2141 4007; baseline 0.013 -34"><span class='ocrx_word' id='word_1_267' title='bbox 560 3931 706 3973; x_wconf 90' lang='lat' dir='ltr'><strong>runt.</strong></span> <span class='ocrx_word' id='word_1_268' title='bbox 743 3922 816 3975; x_wconf 91' lang='lat' dir='ltr'><strong>De</strong></span> <span class='ocrx_word' id='word_1_269' title='bbox 844 3922 1150 3979; x_wconf 83' lang='lat' dir='ltr'><strong>Isaurorum</strong></span> <span class='ocrx_word' id='word_1_270' title='bbox 1184 3929 1484 3989; x_wconf 88' lang='lat' dir='ltr'><strong>incredibili</strong></span> <span class='ocrx_word' id='word_1_271' title='bbox 1539 3931 2141 4007; x_wconf 89' lang='lat' dir='ltr'><strong>Constantinopolitaua</strong></span> 
     </span>
    </p>
   </div>
   <div class='ocr_carea' id='block_1_43' title="bbox 557 4011 2143 4093">
    <p class='ocr_par' dir='ltr' id='par_1_43' title="bbox 557 4011 2143 4093">
     <span class='ocr_line' id='line_1_43' title="bbox 557 4011 2143 4093; baseline 0.015 -28"><span class='ocrx_word' id='word_1_272' title='bbox 557 4011 612 4065; x_wconf 92' lang='lat' dir='ltr'><strong>in</strong></span> <span class='ocrx_word' id='word_1_273' title='bbox 644 4014 775 4067; x_wconf 89' lang='lat' dir='ltr'><strong>urbe</strong></span> <span class='ocrx_word' id='word_1_274' title='bbox 802 4016 968 4079; x_wconf 67' lang='lat' dir='ltr'><strong>caede,</strong></span> <span class='ocrx_word' id='word_1_275' title='bbox 994 4027 1159 4087; x_wconf 86' lang='lat' dir='ltr'><strong>utque</strong></span> <span class='ocrx_word' id='word_1_276' title='bbox 1186 4030 1305 4090; x_wconf 92' lang='lat' dir='ltr'><strong>post</strong></span> <span class='ocrx_word' id='word_1_277' title='bbox 1351 4034 1598 4093; x_wconf 91' lang='lat' dir='ltr'><strong>nepotem</strong></span> <span class='ocrx_word' id='word_1_278' title='bbox 1635 4028 2003 4085; x_wconf 81' lang='lat' dir='ltr'><strong>Romanorum</strong></span> <span class='ocrx_word' id='word_1_279' title='bbox 2040 4032 2143 4087; x_wconf 83' lang='lat' dir='ltr'><strong>im-</strong></span> 
     </span>
    </p>
   </div>
   <div class='ocr_carea' id='block_1_44' title="bbox 559 4108 2143 4186">
    <p class='ocr_par' dir='ltr' id='par_1_44' title="bbox 559 4108 2143 4186">
     <span class='ocr_line' id='line_1_44' title="bbox 559 4108 2143 4186; baseline 0.013 -31"><span class='ocrx_word' id='word_1_280' title='bbox 559 4114 892 4169; x_wconf 88' lang='lat' dir='ltr'><strong>peratorem,</strong></span> <span class='ocrx_word' id='word_1_281' title='bbox 944 4108 1167 4165; x_wconf 82' lang='lat' dir='ltr'><strong>Orestes</strong></span> <span class='ocrx_word' id='word_1_282' title='bbox 1244 4121 1395 4180; x_wconf 85' lang='lat' dir='ltr'><strong>pater</strong></span> <span class='ocrx_word' id='word_1_283' title='bbox 1463 4116 1824 4186; x_wconf 84' lang='lat' dir='ltr'><strong>Augustulum</strong></span> <span class='ocrx_word' id='word_1_284' title='bbox 1897 4122 2143 4177; x_wconf 82' lang='lat' dir='ltr'><strong>Romano</strong></span> 
     </span>
    </p>
   </div>
   <div class='ocr_carea' id='block_1_45' title="bbox 550 4195 2144 4282">
    <p class='ocr_par' dir='ltr' id='par_1_45' title="bbox 550 4195 2144 4282">
     <span class='ocr_line' id='line_1_45' title="bbox 550 4195 2144 4282; baseline 0.014 -35"><span class='ocrx_word' id='word_1_285' title='bbox 550 4195 861 4273; x_wconf 73' lang='lat' dir='ltr'><strong>przefecerit</strong></span> <span class='ocrx_word' id='word_1_286' title='bbox 909 4200 1159 4270; x_wconf 91' lang='lat' dir='ltr'><strong>imperio.</strong></span> <span class='ocrx_word' id='word_1_287' title='bbox 1200 4204 1266 4257; x_wconf 89' lang='lat' dir='ltr'><strong>Et</strong></span> <span class='ocrx_word' id='word_1_288' title='bbox 1314 4206 1430 4261; x_wconf 72' lang='lat' dir='ltr'><strong>haec</strong></span> <span class='ocrx_word' id='word_1_289' title='bbox 1467 4209 1582 4264; x_wconf 81' lang='lat' dir='ltr'><strong>fere</strong></span> <span class='ocrx_word' id='word_1_290' title='bbox 1630 4212 1766 4266; x_wconf 90' lang='lat' dir='ltr'><strong>libro</strong></span> <span class='ocrx_word' id='word_1_291' title='bbox 1802 4214 1975 4282; x_wconf 91' lang='lat' dir='ltr'><strong>primo</strong></span> <span class='ocrx_word' id='word_1_292' title='bbox 2018 4232 2144 4269; x_wconf 89' lang='lat' dir='ltr'><strong>nar-</strong></span> 
     </span>
    </p>
   </div>
   <div class='ocr_carea' id='block_1_46' title="bbox 558 4289 971 4346">
    <p class='ocr_par' dir='ltr' id='par_1_46' title="bbox 558 4289 971 4346">
     <span class='ocr_line' id='line_1_46' title="bbox 558 4289 971 4346; baseline 0.01 -4"><span class='ocrx_word' id='word_1_293' title='bbox 558 4298 645 4342; x_wconf 85' lang='lat' dir='ltr'><strong>rat</strong></span> <span class='ocrx_word' id='word_1_294' title='bbox 673 4289 971 4346; x_wconf 88' lang='lat' dir='ltr'><strong>Candidus.</strong></span> 
     </span>
    </p>
   </div>
   <div class='ocr_carea' id='block_1_47' title="bbox 630 4384 2141 4469">
    <p class='ocr_par' dir='ltr' id='par_1_47' title="bbox 630 4384 2141 4469">
     <span class='ocr_line' id='line_1_47' title="bbox 630 4384 2141 4469; baseline 0.015 -35"><span class='ocrx_word' id='word_1_295' title='bbox 630 4384 816 4436; x_wconf 82' lang='lat' dir='ltr'><strong>Altero</strong></span> <span class='ocrx_word' id='word_1_296' title='bbox 870 4402 998 4441; x_wconf 82' lang='lat' dir='ltr'><strong>vero</strong></span> <span class='ocrx_word' id='word_1_297' title='bbox 1056 4387 1193 4443; x_wconf 86' lang='lat' dir='ltr'><strong>libro</strong></span> <span class='ocrx_word' id='word_1_298' title='bbox 1242 4391 1372 4446; x_wconf 84' lang='lat' dir='ltr'><strong>ista.</strong></span> <span class='ocrx_word' id='word_1_299' title='bbox 1412 4392 1681 4450; x_wconf 89' lang='lat' dir='ltr'><strong>Patricius</strong></span> <span class='ocrx_word' id='word_1_300' title='bbox 1732 4399 2006 4467; x_wconf 77' lang='lat' dir='ltr'><strong>magister,</strong></span> <span class='ocrx_word' id='word_1_301' title='bbox 2048 4403 2141 4469; x_wconf 91' lang='lat' dir='ltr'><strong>qui</strong></span> 
     </span>
    </p>
   </div>
   <div class='ocr_carea' id='block_1_48' title="bbox 560 4478 2143 4560">
    <p class='ocr_par' dir='ltr' id='par_1_48' title="bbox 560 4478 2143 4560">
     <span class='ocr_line' id='line_1_48' title="bbox 560 4478 2143 4560; baseline 0.014 -34"><span class='ocrx_word' id='word_1_302' title='bbox 560 4491 683 4527; x_wconf 74' lang='lat' dir='ltr'><strong>cum</strong></span> <span class='ocrx_word' id='word_1_303' title='bbox 745 4478 938 4530; x_wconf 71' lang='lat' dir='ltr'><strong>\‘eriua</strong></span> <span class='ocrx_word' id='word_1_304' title='bbox 1004 4484 1455 4537; x_wconf 89' lang='lat' dir='ltr'><strong>consuetudinem</strong></span> <span class='ocrx_word' id='word_1_305' title='bbox 1515 4488 1768 4555; x_wconf 82' lang='lat' dir='ltr'><strong>habebat,</strong></span> <span class='ocrx_word' id='word_1_306' title='bbox 1826 4492 2143 4560; x_wconf 84' lang='lat' dir='ltr'><strong>indignante</strong></span> 
     </span>
    </p>
   </div>
   <div class='ocr_carea' id='block_1_49' title="bbox 2242 631 3825 708">
    <p class='ocr_par' dir='ltr' id='par_1_49' title="bbox 2242 631 3825 708">
     <span class='ocr_line' id='line_1_49' title="bbox 2242 631 3825 708; baseline -0.001 -19"><span class='ocrx_word' id='word_1_307' title='bbox 2242 637 2340 689; x_wconf 81' lang='grc' dir='ltr'><strong>καὶ</strong></span> <span class='ocrx_word' id='word_1_308' title='bbox 2374 637 2402 687; x_wconf 98' lang='lat'><strong>6</strong></span> <span class='ocrx_word' id='word_1_309' title='bbox 2429 634 2705 705; x_wconf 77' lang='grc' dir='ltr'>βασιλεὺς,</span> <span class='ocrx_word' id='word_1_310' title='bbox 2728 637 2822 689; x_wconf 74' lang='grc' dir='ltr'><strong>καὶ</strong></span> <span class='ocrx_word' id='word_1_311' title='bbox 2853 631 2941 689; x_wconf 73' lang='grc' dir='ltr'>οἷα</span> <span class='ocrx_word' id='word_1_312' title='bbox 2981 638 3062 700; x_wconf 81' lang='grc' dir='ltr'><strong>είς</strong></span> <span class='ocrx_word' id='word_1_313' title='bbox 3081 636 3349 708; x_wconf 82' lang='grc' dir='ltr'><strong>ἀλλήλους</strong></span> <span class='ocrx_word' id='word_1_314' title='bbox 3388 635 3825 704; x_wconf 80' lang='grc' dir='ltr'>ἀπεφθέγξαντο.</span> 
     </span>
    </p>
   </div>
   <div class='ocr_carea' id='block_1_50' title="bbox 2242 726 3832 799">
    <p class='ocr_par' dir='ltr' id='par_1_50' title="bbox 2242 726 3832 799">
     <span class='ocr_line' id='line_1_50' title="bbox 2242 726 3832 799; baseline -0.001 -18"><span class='ocrx_word' id='word_1_315' title='bbox 2242 729 2357 782; x_wconf 76' lang='grc' dir='ltr'><strong>Καὶ</strong></span> <span class='ocrx_word' id='word_1_316' title='bbox 2386 728 2462 789; x_wconf 86' lang='grc' dir='ltr'>ὡς</span> <span class='ocrx_word' id='word_1_317' title='bbox 2488 730 2516 782; x_wconf 95' lang='lat'><strong>6</strong></span> <span class='ocrx_word' id='word_1_318' title='bbox 2546 728 2802 799; x_wconf 79' lang='grc' dir='ltr'>βασιλεὺς</span> <span class='ocrx_word' id='word_1_319' title='bbox 2824 728 2912 783; x_wconf 79' lang='grc' dir='ltr'>διὰ</span> <span class='ocrx_word' id='word_1_320' title='bbox 2940 728 3100 781; x_wconf 82' lang='grc' dir='ltr'>τοῦτο</span> <span class='ocrx_word' id='word_1_321' title='bbox 3122 728 3441 799; x_wconf 79' lang='grc' dir='ltr'>ᾑταιρίσατο</span> <span class='ocrx_word' id='word_1_322' title='bbox 3472 728 3533 781; x_wconf 84' lang='grc' dir='ltr'>τὸ</span> <span class='ocrx_word' id='word_1_323' title='bbox 3564 729 3613 760; x_wconf 67' lang='grc' dir='ltr'><strong>’θ</strong></span> <span class='ocrx_word' id='word_1_324' title='bbox 3652 726 3832 781; x_wconf 83' lang='grc' dir='ltr'>Ἰσαύ-</span> 
     </span>
    </p>
   </div>
   <div class='ocr_carea' id='block_1_51' title="bbox 2246 819 3830 893">
    <p class='ocr_par' dir='ltr' id='par_1_51' title="bbox 2246 819 3830 893">
     <span class='ocr_line' id='line_1_51' title="bbox 2246 819 3830 893; baseline -0.002 -18"><span class='ocrx_word' id='word_1_325' title='bbox 2246 839 2354 893; x_wconf 88' lang='grc' dir='ltr'>ρων</span> <span class='ocrx_word' id='word_1_326' title='bbox 2379 822 2535 891; x_wconf 84' lang='grc' dir='ltr'>γένος</span> <span class='ocrx_word' id='word_1_327' title='bbox 2563 822 2651 875; x_wconf 77' lang='grc' dir='ltr'><strong>διὰ</strong></span> <span class='ocrx_word' id='word_1_328' title='bbox 2674 822 3115 893; x_wconf 86' lang='grc' dir='ltr'>Ταρασικοδίσσα</span> <span class='ocrx_word' id='word_1_329' title='bbox 3146 822 3192 853; x_wconf 75' lang='grc'><strong>’⁷</strong></span> <span class='ocrx_word' id='word_1_330' title='bbox 3228 819 3830 891; x_wconf 76' lang='grc' dir='ltr'>Ῥουσουμϐλαδεώτου,</span> 
     </span>
    </p>
   </div>
   <div class='ocr_carea' id='block_1_52' title="bbox 2242 912 3833 985">
    <p class='ocr_par' dir='ltr' id='par_1_52' title="bbox 2242 912 3833 985">
     <span class='ocr_line' id='line_1_52' title="bbox 2242 912 3833 985; baseline -0.003 -19"><span class='ocrx_word' id='word_1_331' title='bbox 2242 913 2302 966; x_wconf 85' lang='grc' dir='ltr'><strong>ὃν</strong></span> <span class='ocrx_word' id='word_1_332' title='bbox 2330 913 2427 967; x_wconf 74' lang='grc' dir='ltr'><strong>καὶ</strong></span> <span class='ocrx_word' id='word_1_333' title='bbox 2452 914 2677 985; x_wconf 88' lang='grc' dir='ltr'>Ζήνωνα</span> <span class='ocrx_word' id='word_1_334' title='bbox 2705 913 3082 983; x_wconf 82' lang='grc' dir='ltr'><strong>μετονομάσας</strong></span> <span class='ocrx_word' id='word_1_335' title='bbox 3103 912 3356 983; x_wconf 77' lang='grc' dir='ltr'>γαμϐρὸν</span> <span class='ocrx_word' id='word_1_336' title='bbox 3382 913 3697 982; x_wconf 78' lang='grc' dir='ltr'>ἐποιήσατο,</span> <span class='ocrx_word' id='word_1_337' title='bbox 3730 912 3833 982; x_wconf 78' lang='grc' dir='ltr'><strong>τὴν</strong></span> 
     </span>
    </p>
   </div>
   <div class='ocr_carea' id='block_1_53' title="bbox 2243 1003 3833 1076">
    <p class='ocr_par' dir='ltr' id='par_1_53' title="bbox 2243 1003 3833 1076">
     <span class='ocr_line' id='line_1_53' title="bbox 2243 1003 3833 1076; baseline -0.001 -18"><span class='ocrx_word' id='word_1_338' title='bbox 2243 1005 2518 1076; x_wconf 85' lang='grc' dir='ltr'>προτέραν</span> <span class='ocrx_word' id='word_1_339' title='bbox 2570 1007 2806 1073; x_wconf 84' lang='grc' dir='ltr'>γυναῖκα</span> <span class='ocrx_word' id='word_1_340' title='bbox 2854 1005 3086 1059; x_wconf 80' lang='grc' dir='ltr'>θανάτου</span> <span class='ocrx_word' id='word_1_341' title='bbox 3118 1005 3270 1075; x_wconf 83' lang='grc' dir='ltr'><strong>νόμῳ</strong></span> <span class='ocrx_word' id='word_1_342' title='bbox 3319 1003 3683 1057; x_wconf 79' lang='grc' dir='ltr'>ἀποϐαλόντα.</span> <span class='ocrx_word' id='word_1_343' title='bbox 3719 1005 3833 1057; x_wconf 76' lang='grc' dir='ltr'><strong>Καὶ</strong></span> 
     </span>
    </p>
   </div>
   <div class='ocr_carea' id='block_1_54' title="bbox 2240 1094 3830 1167">
    <p class='ocr_par' dir='ltr' id='par_1_54' title="bbox 2240 1094 3830 1167">
     <span class='ocr_line' id='line_1_54' title="bbox 2240 1094 3830 1167; baseline -0.001 -19"><span class='ocrx_word' id='word_1_344' title='bbox 2240 1096 2318 1159; x_wconf 84' lang='grc' dir='ltr'>ὡς</span> <span class='ocrx_word' id='word_1_345' title='bbox 2356 1097 2737 1167; x_wconf 77' lang='grc' dir='ltr'>’Λρδαϐούριος</span> <span class='ocrx_word' id='word_1_346' title='bbox 2773 1099 2853 1160; x_wconf 88' lang='grc' dir='ltr'>εἰς</span> <span class='ocrx_word' id='word_1_347' title='bbox 2890 1097 2951 1150; x_wconf 82' lang='grc' dir='ltr'>τὸ</span> <span class='ocrx_word' id='word_1_348' title='bbox 2996 1097 3239 1150; x_wconf 78' lang='grc' dir='ltr'>ἐναντίον</span> <span class='ocrx_word' id='word_1_349' title='bbox 3290 1096 3529 1167; x_wconf 82' lang='grc' dir='ltr'>μελετῶν</span> <span class='ocrx_word' id='word_1_350' title='bbox 3562 1094 3640 1165; x_wconf 80' lang='grc' dir='ltr'>τῷ</span> <span class='ocrx_word' id='word_1_351' title='bbox 3670 1095 3830 1165; x_wconf 72' lang='grc' dir='ltr'><strong>βαισι⁶</strong></span> 
     </span>
    </p>
   </div>
   <div class='ocr_carea' id='block_1_55' title="bbox 2243 1186 3834 1260">
    <p class='ocr_par' dir='ltr' id='par_1_55' title="bbox 2243 1186 3834 1260">
     <span class='ocr_line' id='line_1_55' title="bbox 2243 1186 3834 1260; baseline -0.001 -20"><span class='ocrx_word' id='word_1_352' title='bbox 2243 1188 2328 1240; x_wconf 87' lang='grc' dir='ltr'>λεῖ</span> <span class='ocrx_word' id='word_1_353' title='bbox 2369 1188 2461 1240; x_wconf 70' lang='grc' dir='ltr'><strong>καὶ</strong></span> <span class='ocrx_word' id='word_1_354' title='bbox 2500 1187 2668 1252; x_wconf 80' lang='grc' dir='ltr'>αὐτὸς</span> <span class='ocrx_word' id='word_1_355' title='bbox 2706 1188 3212 1260; x_wconf 82' lang='grc' dir='ltr'>οίκειοποιήσασθαι</span> <span class='ocrx_word' id='word_1_356' title='bbox 3260 1189 3387 1251; x_wconf 82' lang='grc' dir='ltr'>τοὺς</span> <span class='ocrx_word' id='word_1_357' title='bbox 3434 1187 3715 1257; x_wconf 85' lang='grc' dir='ltr'>Ἰσαύρους</span> <span class='ocrx_word' id='word_1_358' title='bbox 3761 1186 3834 1239; x_wconf 88' lang='grc' dir='ltr'>δι-</span> 
     </span>
    </p>
   </div>
   <div class='ocr_carea' id='block_1_56' title="bbox 2244 1278 3828 1352">
    <p class='ocr_par' dir='ltr' id='par_1_56' title="bbox 2244 1278 3828 1352">
     <span class='ocr_line' id='line_1_56' title="bbox 2244 1278 3828 1352; baseline -0.001 -19"><span class='ocrx_word' id='word_1_359' title='bbox 2244 1281 2439 1352; x_wconf 82' lang='grc' dir='ltr'>ενοήθη</span> <span class='ocrx_word' id='word_1_360' title='bbox 2460 1296 2475 1311; x_wconf 87' lang='grc'><strong>·</strong></span> <span class='ocrx_word' id='word_1_361' title='bbox 2508 1282 2604 1334; x_wconf 71' lang='grc' dir='ltr'><strong>καὶ</strong></span> <span class='ocrx_word' id='word_1_362' title='bbox 2638 1282 2719 1335; x_wconf 85' lang='grc' dir='ltr'>ὃτι</span> <span class='ocrx_word' id='word_1_363' title='bbox 2747 1283 3041 1351; x_wconf 81' lang='grc' dir='ltr'>Μαρτϊνος,</span> <span class='ocrx_word' id='word_1_364' title='bbox 3076 1282 3277 1344; x_wconf 78' lang='grc' dir='ltr'>οἰκεῖος</span> <span class='ocrx_word' id='word_1_365' title='bbox 3307 1278 3383 1333; x_wconf 81' lang='grc' dir='ltr'><strong>ὢν</strong></span> <span class='ocrx_word' id='word_1_366' title='bbox 3412 1279 3828 1352; x_wconf 78' lang='grc' dir='ltr'>Ἀρδαὸουρίου,</span> 
     </span>
    </p>
   </div>
   <div class='ocr_carea' id='block_1_57' title="bbox 2247 1372 3833 1446">
    <p class='ocr_par' dir='ltr' id='par_1_57' title="bbox 2247 1372 3833 1446">
     <span class='ocr_line' id='line_1_57' title="bbox 2247 1372 3833 1446; baseline 0 -21"><span class='ocrx_word' id='word_1_367' title='bbox 2247 1375 2446 1444; x_wconf 78' lang='grc' dir='ltr'><strong>μηνύει</strong></span> <span class='ocrx_word' id='word_1_368' title='bbox 2502 1373 2942 1446; x_wconf 84' lang='grc' dir='ltr'>Ταρασικοδὶσσᾳ</span> <span class='ocrx_word' id='word_1_369' title='bbox 2981 1374 3125 1445; x_wconf 79' lang='grc' dir='ltr'>ἅπερ</span> <span class='ocrx_word' id='word_1_370' title='bbox 3182 1372 3556 1444; x_wconf 78' lang='grc' dir='ltr'>Ἀρδαδουρίῳ</span> <span class='ocrx_word' id='word_1_371' title='bbox 3590 1372 3635 1403; x_wconf 74' lang='grc'><strong>’⁸</strong></span> <span class='ocrx_word' id='word_1_372' title='bbox 3686 1373 3833 1425; x_wconf 75' lang='grc' dir='ltr'>κατὰ</span> 
     </span>
    </p>
   </div>
   <div class='ocr_carea' id='block_1_58' title="bbox 2245 1464 3834 1537">
    <p class='ocr_par' dir='ltr' id='par_1_58' title="bbox 2245 1464 3834 1537">
     <span class='ocr_line' id='line_1_58' title="bbox 2245 1464 3834 1537; baseline -0.001 -18"><span class='ocrx_word' id='word_1_373' title='bbox 2245 1466 2511 1536; x_wconf 84' lang='grc' dir='ltr'>βασιλέως</span> <span class='ocrx_word' id='word_1_374' title='bbox 2556 1466 2845 1537; x_wconf 81' lang='grc' dir='ltr'>ὲτυρεύετο</span> <span class='ocrx_word' id='word_1_375' title='bbox 2869 1484 2883 1499; x_wconf 77' lang='grc' dir='ltr'><strong><em>ο</em></strong></span> <span class='ocrx_word' id='word_1_376' title='bbox 2911 1469 3005 1521; x_wconf 69' lang='grc' dir='ltr'><strong>καὶ</strong></span> <span class='ocrx_word' id='word_1_377' title='bbox 3032 1468 3110 1531; x_wconf 81' lang='grc' dir='ltr'>ὡς</span> <span class='ocrx_word' id='word_1_378' title='bbox 3155 1466 3405 1520; x_wconf 77' lang='grc' dir='ltr'>ἐντεῦθεν</span> <span class='ocrx_word' id='word_1_379' title='bbox 3440 1467 3498 1528; x_wconf 79' lang='grc' dir='ltr'>ἐς</span> <span class='ocrx_word' id='word_1_380' title='bbox 3531 1464 3594 1517; x_wconf 79' lang='grc' dir='ltr'>τὸ</span> <span class='ocrx_word' id='word_1_381' title='bbox 3628 1466 3834 1536; x_wconf 80' lang='grc' dir='ltr'>τραχύ-</span> 
     </span>
    </p>
   </div>
   <div class='ocr_carea' id='block_1_59' title="bbox 2241 1559 3832 1630">
    <p class='ocr_par' dir='ltr' id='par_1_59' title="bbox 2241 1559 3832 1630">
     <span class='ocr_line' id='line_1_59' title="bbox 2241 1559 3832 1630; baseline -0.002 -18"><span class='ocrx_word' id='word_1_382' title='bbox 2241 1577 2401 1630; x_wconf 84' lang='grc' dir='ltr'>τερον</span> <span class='ocrx_word' id='word_1_383' title='bbox 2431 1560 2531 1629; x_wconf 79' lang='grc' dir='ltr'><strong>τῆς</strong></span> <span class='ocrx_word' id='word_1_384' title='bbox 2563 1562 2619 1623; x_wconf 78' lang='grc' dir='ltr'>ἐς</span> <span class='ocrx_word' id='word_1_385' title='bbox 2656 1560 2920 1630; x_wconf 81' lang='grc' dir='ltr'><strong>ἀλλήλους</strong></span> <span class='ocrx_word' id='word_1_386' title='bbox 2969 1560 3227 1623; x_wconf 75' lang='grc' dir='ltr'>ὑπονοίας</span> <span class='ocrx_word' id='word_1_387' title='bbox 3259 1562 3304 1593; x_wconf 73' lang='grc'>³⁸</span> <span class='ocrx_word' id='word_1_388' title='bbox 3342 1559 3639 1630; x_wconf 80' lang='grc' dir='ltr'><strong>προϊούσης</strong></span> <span class='ocrx_word' id='word_1_389' title='bbox 3671 1560 3832 1611; x_wconf 72' lang='grc' dir='ltr'>ἀναιο</span> 
     </span>
    </p>
   </div>
   <div class='ocr_carea' id='block_1_60' title="bbox 2248 1651 3835 1721">
    <p class='ocr_par' dir='ltr' id='par_1_60' title="bbox 2248 1651 3835 1721">
     <span class='ocr_line' id='line_1_60' title="bbox 2248 1651 3835 1721; baseline -0.002 -17"><span class='ocrx_word' id='word_1_390' title='bbox 2248 1655 2330 1721; x_wconf 78' lang='grc' dir='ltr'><strong>ρετ</strong></span> <span class='ocrx_word' id='word_1_391' title='bbox 2359 1652 2513 1705; x_wconf 83' lang='grc' dir='ltr'>Λέων</span> <span class='ocrx_word' id='word_1_392' title='bbox 2552 1654 2579 1704; x_wconf 91' lang='lat'><strong>6</strong></span> <span class='ocrx_word' id='word_1_393' title='bbox 2612 1651 2861 1720; x_wconf 81' lang='grc' dir='ltr'>βασιλεὺς</span> <span class='ocrx_word' id='word_1_394' title='bbox 2888 1652 3147 1720; x_wconf 83' lang='grc' dir='ltr'>Ἀσπαρα</span> <span class='ocrx_word' id='word_1_395' title='bbox 3177 1651 3273 1703; x_wconf 77' lang='grc' dir='ltr'><strong>καὶ</strong></span> <span class='ocrx_word' id='word_1_396' title='bbox 3301 1653 3427 1713; x_wconf 79' lang='grc' dir='ltr'>τοὺς</span> <span class='ocrx_word' id='word_1_397' title='bbox 3462 1652 3677 1714; x_wconf 78' lang='grc' dir='ltr'>παῖδας,</span> <span class='ocrx_word' id='word_1_398' title='bbox 3705 1651 3835 1717; x_wconf 81' lang='grc' dir='ltr'><strong>Ἀρ-</strong></span> 
     </span>
    </p>
   </div>
   <div class='ocr_carea' id='block_1_61' title="bbox 2242 1738 3834 1812">
    <p class='ocr_par' dir='ltr' id='par_1_61' title="bbox 2242 1738 3834 1812">
     <span class='ocr_line' id='line_1_61' title="bbox 2242 1738 3834 1812; baseline -0.003 -17"><span class='ocrx_word' id='word_1_399' title='bbox 2242 1742 2533 1812; x_wconf 81' lang='grc' dir='ltr'>δαδούριον</span> <span class='ocrx_word' id='word_1_400' title='bbox 2574 1743 2666 1795; x_wconf 68' lang='grc' dir='ltr'>καὶ</span> <span class='ocrx_word' id='word_1_401' title='bbox 2716 1741 3016 1811; x_wconf 86' lang='grc' dir='ltr'>Πατρίκιον</span> <span class='ocrx_word' id='word_1_402' title='bbox 3047 1741 3139 1793; x_wconf 82' lang='grc' dir='ltr'><strong>τὸν</strong></span> <span class='ocrx_word' id='word_1_403' title='bbox 3192 1740 3468 1810; x_wconf 84' lang='grc' dir='ltr'>Καίσαρα.</span> <span class='ocrx_word' id='word_1_404' title='bbox 3501 1739 3644 1792; x_wconf 82' lang='grc' dir='ltr'>Ἀλλ’</span> <span class='ocrx_word' id='word_1_405' title='bbox 3673 1742 3701 1791; x_wconf 90' lang='lat'><strong>6</strong></span> <span class='ocrx_word' id='word_1_406' title='bbox 3734 1738 3834 1805; x_wconf 79' lang='grc' dir='ltr'><strong>μὲν</strong></span> 
     </span>
    </p>
   </div>
   <div class='ocr_carea' id='block_1_62' title="bbox 2244 1828 3830 1903">
    <p class='ocr_par' dir='ltr' id='par_1_62' title="bbox 2244 1828 3830 1903">
     <span class='ocr_line' id='line_1_62' title="bbox 2244 1828 3830 1903; baseline -0.003 -17"><span class='ocrx_word' id='word_1_407' title='bbox 2244 1835 2465 1903; x_wconf 84' lang='grc' dir='ltr'>Καῖσαρ</span> <span class='ocrx_word' id='word_1_408' title='bbox 2498 1832 2609 1885; x_wconf 86' lang='grc' dir='ltr'>τῶν</span> <span class='ocrx_word' id='word_1_409' title='bbox 2637 1831 2860 1902; x_wconf 85' lang='grc' dir='ltr'>πληγῶν</span> <span class='ocrx_word' id='word_1_410' title='bbox 2892 1829 3198 1898; x_wconf 85' lang='grc' dir='ltr'>ἀνενεγκὼν</span> <span class='ocrx_word' id='word_1_411' title='bbox 3232 1831 3551 1901; x_wconf 74' lang='grc' dir='ltr'>παραδόξως</span> <span class='ocrx_word' id='word_1_412' title='bbox 3595 1828 3830 1899; x_wconf 76' lang='grc' dir='ltr'><strong>διεσώθη</strong></span> 
     </span>
    </p>
   </div>
   <div class='ocr_carea' id='block_1_63' title="bbox 2246 1921 3833 1995">
    <p class='ocr_par' dir='ltr' id='par_1_63' title="bbox 2246 1921 3833 1995">
     <span class='ocr_line' id='line_1_63' title="bbox 2246 1921 3833 1995; baseline -0.004 -17"><span class='ocrx_word' id='word_1_413' title='bbox 2246 1925 2340 1979; x_wconf 52' lang='grc' dir='ltr'><strong>καὶ¹</strong></span> <span class='ocrx_word' id='word_1_414' title='bbox 2363 1925 2633 1995; x_wconf 79' lang='grc' dir='ltr'>διέξησεν.</span> <span class='ocrx_word' id='word_1_415' title='bbox 2665 1924 2830 1978; x_wconf 79' lang='grc' dir='ltr'>Ἀλλὰ</span> <span class='ocrx_word' id='word_1_416' title='bbox 2859 1924 2954 1976; x_wconf 74' lang='grc' dir='ltr'>καὶ</span> <span class='ocrx_word' id='word_1_417' title='bbox 2986 1924 3013 1975; x_wconf 92' lang='lat'><strong>6</strong></span> <span class='ocrx_word' id='word_1_418' title='bbox 3039 1924 3225 1993; x_wconf 73' lang='grc' dir='ltr'>ἕτερος</span> <span class='ocrx_word' id='word_1_419' title='bbox 3256 1923 3365 1974; x_wconf 84' lang='grc' dir='ltr'>τῶν</span> <span class='ocrx_word' id='word_1_420' title='bbox 3389 1922 3596 1976; x_wconf 81' lang='grc' dir='ltr'>παίδων</span> <span class='ocrx_word' id='word_1_421' title='bbox 3624 1921 3833 1991; x_wconf 82' lang='grc' dir='ltr'>Ἀρμε-</span> 
     </span>
    </p>
   </div>
   <div class='ocr_carea' id='block_1_64' title="bbox 2246 2012 3832 2087">
    <p class='ocr_par' dir='ltr' id='par_1_64' title="bbox 2246 2012 3832 2087">
     <span class='ocr_line' id='line_1_64' title="bbox 2246 2012 3832 2087; baseline -0.004 -17"><span class='ocrx_word' id='word_1_422' title='bbox 2246 2018 2462 2087; x_wconf 81' lang='grc' dir='ltr'>νέριχος</span> <span class='ocrx_word' id='word_1_423' title='bbox 2493 2016 2554 2069; x_wconf 86' lang='grc' dir='ltr'>ού</span> <span class='ocrx_word' id='word_1_424' title='bbox 2605 2013 2908 2085; x_wconf 84' lang='grc' dir='ltr'>συμπαρὼν</span> <span class='ocrx_word' id='word_1_425' title='bbox 2944 2015 3022 2083; x_wconf 84' lang='grc' dir='ltr'><strong>τῷ</strong></span> <span class='ocrx_word' id='word_1_426' title='bbox 3077 2014 3235 2083; x_wconf 76' lang='grc' dir='ltr'>φύντι</span> <span class='ocrx_word' id='word_1_427' title='bbox 3268 2014 3359 2066; x_wconf 82' lang='grc' dir='ltr'>τὸν</span> <span class='ocrx_word' id='word_1_428' title='bbox 3397 2014 3555 2082; x_wconf 75' lang='grc' dir='ltr'>φόνον</span> <span class='ocrx_word' id='word_1_429' title='bbox 3597 2013 3719 2064; x_wconf 82' lang='grc' dir='ltr'>τότε</span> <span class='ocrx_word' id='word_1_430' title='bbox 3747 2012 3832 2064; x_wconf 80' lang='grc' dir='ltr'>διο</span> 
     </span>
    </p>
   </div>
   <div class='ocr_carea' id='block_1_65' title="bbox 2247 2102 3837 2177">
    <p class='ocr_par' dir='ltr' id='par_1_65' title="bbox 2247 2102 3837 2177">
     <span class='ocr_line' id='line_1_65' title="bbox 2247 2102 3837 2177; baseline -0.003 -19"><span class='ocrx_word' id='word_1_431' title='bbox 2247 2106 2436 2174; x_wconf 77' lang='grc' dir='ltr'>έφυγε.</span> <span class='ocrx_word' id='word_1_432' title='bbox 2463 2105 2937 2177; x_wconf 87' lang='grc' dir='ltr'>Ταρασικοδίσσαν</span> <span class='ocrx_word' id='word_1_433' title='bbox 2962 2104 3018 2157; x_wconf 81' lang='grc' dir='ltr'>δὲ</span> <span class='ocrx_word' id='word_1_434' title='bbox 3039 2104 3289 2174; x_wconf 78' lang='grc' dir='ltr'>γαμϐρὸν</span> <span class='ocrx_word' id='word_1_435' title='bbox 3320 2104 3550 2173; x_wconf 76' lang='grc' dir='ltr'>θυγατρὶ</span> <span class='ocrx_word' id='word_1_436' title='bbox 3573 2102 3837 2175; x_wconf 80' lang='grc' dir='ltr'>Ἀριάδνῃ</span> 
     </span>
    </p>
   </div>
   <div class='ocr_carea' id='block_1_66' title="bbox 2246 2193 3834 2267">
    <p class='ocr_par' dir='ltr' id='par_1_66' title="bbox 2246 2193 3834 2267">
     <span class='ocr_line' id='line_1_66' title="bbox 2246 2193 3834 2267; baseline -0.004 -17"><span class='ocrx_word' id='word_1_437' title='bbox 2246 2198 2401 2250; x_wconf 85' lang='grc' dir='ltr'>Λέων</span> <span class='ocrx_word' id='word_1_438' title='bbox 2438 2198 2455 2228; x_wconf 87' lang='grc'>¹</span> <span class='ocrx_word' id='word_1_439' title='bbox 2491 2199 2519 2250; x_wconf 90' lang='lat'><strong>6</strong></span> <span class='ocrx_word' id='word_1_440' title='bbox 2562 2194 2817 2267; x_wconf 77' lang='grc' dir='ltr'>βασιλεὺς</span> <span class='ocrx_word' id='word_1_441' title='bbox 2868 2199 3128 2260; x_wconf 81' lang='grc' dir='ltr'>ποιεῖται,</span> <span class='ocrx_word' id='word_1_442' title='bbox 3170 2195 3267 2247; x_wconf 80' lang='grc' dir='ltr'><strong>καὶ</strong></span> <span class='ocrx_word' id='word_1_443' title='bbox 3330 2193 3692 2264; x_wconf 77' lang='grc' dir='ltr'><strong>μετονομάζει</strong></span> <span class='ocrx_word' id='word_1_444' title='bbox 3721 2193 3834 2261; x_wconf 84' lang='grc' dir='ltr'><strong>Ζή-</strong></span> 
     </span>
    </p>
   </div>
   <div class='ocr_carea' id='block_1_67' title="bbox 2247 2286 3837 2363">
    <p class='ocr_par' dir='ltr' id='par_1_67' title="bbox 2247 2286 3837 2363">
     <span class='ocr_line' id='line_1_67' title="bbox 2247 2286 3837 2363; baseline -0.001 -22"><span class='ocrx_word' id='word_1_445' title='bbox 2247 2307 2411 2355; x_wconf 89' lang='grc' dir='ltr'>νωνα,</span> <span class='ocrx_word' id='word_1_446' title='bbox 2440 2289 2748 2363; x_wconf 83' lang='grc' dir='ltr'>στρατηγὸν</span> <span class='ocrx_word' id='word_1_447' title='bbox 2772 2289 2873 2359; x_wconf 76' lang='grc' dir='ltr'>τῆς</span> <span class='ocrx_word' id='word_1_448' title='bbox 2903 2290 3017 2342; x_wconf 86' lang='grc' dir='ltr'><strong>Ἕω</strong></span> <span class='ocrx_word' id='word_1_449' title='bbox 3035 2288 3447 2359; x_wconf 82' lang='grc' dir='ltr'>χειροτονήσας.</span> <span class='ocrx_word' id='word_1_450' title='bbox 3468 2289 3577 2340; x_wconf 78' lang='grc' dir='ltr'><strong>Καὶ</strong></span> <span class='ocrx_word' id='word_1_451' title='bbox 3598 2288 3668 2341; x_wconf 75' lang='grc' dir='ltr'>τὰ</span> <span class='ocrx_word' id='word_1_452' title='bbox 3690 2286 3837 2340; x_wconf 72' lang='grc' dir='ltr'>κατὰ</span> 
     </span>
    </p>
   </div>
   <div class='ocr_carea' id='block_1_68' title="bbox 2245 2378 3833 2451">
    <p class='ocr_par' dir='ltr' id='par_1_68' title="bbox 2245 2378 3833 2451">
     <span class='ocr_line' id='line_1_68' title="bbox 2245 2378 3833 2451; baseline -0.003 -17"><span class='ocrx_word' id='word_1_453' title='bbox 2245 2381 2517 2451; x_wconf 82' lang='grc' dir='ltr'>Ἀφρικὴν</span> <span class='ocrx_word' id='word_1_454' title='bbox 2567 2381 2894 2435; x_wconf 81' lang='grc' dir='ltr'>Βασιλίσκου</span> <span class='ocrx_word' id='word_1_455' title='bbox 2937 2380 3295 2451; x_wconf 82' lang='grc' dir='ltr'>εὐτυχήματά</span> <span class='ocrx_word' id='word_1_456' title='bbox 3324 2396 3383 2432; x_wconf 89' lang='grc' dir='ltr'>τε</span> <span class='ocrx_word' id='word_1_457' title='bbox 3432 2379 3530 2431; x_wconf 67' lang='grc' dir='ltr'><strong>καὶ</strong></span> <span class='ocrx_word' id='word_1_458' title='bbox 3556 2378 3833 2448; x_wconf 83' lang='grc' dir='ltr'><strong>δυστυχή-</strong></span> 
     </span>
    </p>
   </div>
   <div class='ocr_carea' id='block_1_69' title="bbox 2250 2473 3838 2545">
    <p class='ocr_par' dir='ltr' id='par_1_69' title="bbox 2250 2473 3838 2545">
     <span class='ocr_line' id='line_1_69' title="bbox 2250 2473 3838 2545; baseline -0.003 -17"><span class='ocrx_word' id='word_1_459' title='bbox 2250 2493 2416 2545; x_wconf 87' lang='grc' dir='ltr'>ματα.</span> <span class='ocrx_word' id='word_1_460' title='bbox 2450 2476 2560 2528; x_wconf 72' lang='grc' dir='ltr'><strong>Καὶ</strong></span> <span class='ocrx_word' id='word_1_461' title='bbox 2588 2476 2664 2539; x_wconf 79' lang='grc' dir='ltr'><strong>ὡς</strong></span> <span class='ocrx_word' id='word_1_462' title='bbox 2704 2475 2857 2528; x_wconf 87' lang='grc' dir='ltr'>Λέων</span> <span class='ocrx_word' id='word_1_463' title='bbox 2893 2473 3065 2528; x_wconf 88' lang='grc' dir='ltr'>πολλὰ</span> <span class='ocrx_word' id='word_1_464' title='bbox 3108 2473 3394 2542; x_wconf 74' lang='grc' dir='ltr'>βουληθεὶς</span> <span class='ocrx_word' id='word_1_465' title='bbox 3438 2473 3532 2525; x_wconf 72' lang='grc' dir='ltr'><strong>καὶ</strong></span> <span class='ocrx_word' id='word_1_466' title='bbox 3558 2474 3838 2541; x_wconf 86' lang='grc' dir='ltr'>διαμηχα-</span> 
     </span>
    </p>
   </div>
   <div class='ocr_carea' id='block_1_70' title="bbox 2246 2564 3831 2640">
    <p class='ocr_par' dir='ltr' id='par_1_70' title="bbox 2246 2564 3831 2640">
     <span class='ocr_line' id='line_1_70' title="bbox 2246 2564 3831 2640; baseline -0.004 -18"><span class='ocrx_word' id='word_1_467' title='bbox 2246 2570 2553 2640; x_wconf 78' lang='grc' dir='ltr'>νησάμενος</span> <span class='ocrx_word' id='word_1_468' title='bbox 2604 2570 2825 2637; x_wconf 85' lang='grc' dir='ltr'>Ζήνωνα</span> <span class='ocrx_word' id='word_1_469' title='bbox 2852 2567 2944 2621; x_wconf 81' lang='grc' dir='ltr'><strong>τὸν</strong></span> <span class='ocrx_word' id='word_1_470' title='bbox 2988 2567 3240 2637; x_wconf 77' lang='grc' dir='ltr'>γαμϐρὸν</span> <span class='ocrx_word' id='word_1_471' title='bbox 3289 2568 3534 2619; x_wconf 83' lang='grc' dir='ltr'>ἀνειπεῖν</span> <span class='ocrx_word' id='word_1_472' title='bbox 3580 2564 3831 2632; x_wconf 79' lang='grc' dir='ltr'><strong>βασιλέα,</strong></span> 
     </span>
    </p>
   </div>
   <div class='ocr_carea' id='block_1_71' title="bbox 2245 2655 3830 2730">
    <p class='ocr_par' dir='ltr' id='par_1_71' title="bbox 2245 2655 3830 2730">
     <span class='ocr_line' id='line_1_71' title="bbox 2245 2655 3830 2730; baseline -0.003 -17"><span class='ocrx_word' id='word_1_473' title='bbox 2245 2663 2353 2714; x_wconf 83' lang='grc' dir='ltr'><strong>τῶν</strong></span> <span class='ocrx_word' id='word_1_474' title='bbox 2370 2661 2627 2730; x_wconf 79' lang='grc' dir='ltr'><strong>ὑπηκόων</strong></span> <span class='ocrx_word' id='word_1_475' title='bbox 2648 2659 2723 2730; x_wconf 84' lang='grc' dir='ltr'><strong>μὴ</strong></span> <span class='ocrx_word' id='word_1_476' title='bbox 2742 2658 3223 2730; x_wconf 76' lang='grc' dir='ltr'>παραδεχομένων,</span> <span class='ocrx_word' id='word_1_477' title='bbox 3245 2655 3370 2716; x_wconf 83' lang='lat' dir='ltr'><strong>H76</strong></span> <span class='ocrx_word' id='word_1_478' title='bbox 3394 2655 3485 2728; x_wconf 67' lang='lat' dir='ltr'><strong>IL]</strong></span> <span class='ocrx_word' id='word_1_479' title='bbox 3503 2656 3603 2708; x_wconf 75' lang='grc' dir='ltr'><strong>οὐκ</strong></span> <span class='ocrx_word' id='word_1_480' title='bbox 3618 2656 3830 2724; x_wconf 77' lang='grc' dir='ltr'>ἴσχυσε.</span> 
     </span>
    </p>
   </div>
   <div class='ocr_carea' id='block_1_72' title="bbox 2251 2743 3834 2821">
    <p class='ocr_par' dir='ltr' id='par_1_72' title="bbox 2251 2743 3834 2821">
     <span class='ocr_line' id='line_1_72' title="bbox 2251 2743 3834 2821; baseline -0.005 -17"><span class='ocrx_word' id='word_1_481' title='bbox 2251 2753 2359 2805; x_wconf 78' lang='grc' dir='ltr'><strong>Καὶ</strong></span> <span class='ocrx_word' id='word_1_482' title='bbox 2385 2751 2459 2811; x_wconf 80' lang='grc' dir='ltr'>ὡς</span> <span class='ocrx_word' id='word_1_483' title='bbox 2492 2752 2597 2821; x_wconf 79' lang='grc' dir='ltr'>πρὸ</span> <span class='ocrx_word' id='word_1_484' title='bbox 2636 2751 2892 2820; x_wconf 76' lang='grc' dir='ltr'>τελευτῆς</span> <span class='ocrx_word' id='word_1_485' title='bbox 2925 2748 3090 2803; x_wconf 84' lang='grc' dir='ltr'>αὑτοῦ</span> <span class='ocrx_word' id='word_1_486' title='bbox 3135 2749 3228 2801; x_wconf 83' lang='grc' dir='ltr'><strong>τὸν</strong></span> <span class='ocrx_word' id='word_1_487' title='bbox 3260 2748 3482 2815; x_wconf 73' lang='grc' dir='ltr'>ἔγγονον</span> <span class='ocrx_word' id='word_1_488' title='bbox 3526 2746 3628 2817; x_wconf 79' lang='grc' dir='ltr'>μὲν</span> <span class='ocrx_word' id='word_1_489' title='bbox 3664 2743 3834 2798; x_wconf 76' lang='grc' dir='ltr'>αὐτοῦ</span> 
     </span>
    </p>
   </div>
   <div class='ocr_carea' id='block_1_73' title="bbox 2246 2838 3839 2916">
    <p class='ocr_par' dir='ltr' id='par_1_73' title="bbox 2246 2838 3839 2916">
     <span class='ocr_line' id='line_1_73' title="bbox 2246 2838 3839 2916; baseline -0.006 -18"><span class='ocrx_word' id='word_1_490' title='bbox 2246 2848 2310 2898; x_wconf 85' lang='grc' dir='ltr'>ὲκ</span> <span class='ocrx_word' id='word_1_491' title='bbox 2340 2848 2584 2916; x_wconf 78' lang='grc' dir='ltr'>Ζήνωνος</span> <span class='ocrx_word' id='word_1_492' title='bbox 2604 2844 2773 2911; x_wconf 82' lang='grc' dir='ltr'>φύντα</span> <span class='ocrx_word' id='word_1_493' title='bbox 2792 2845 2857 2913; x_wconf 84' lang='grc' dir='ltr'>τῇ</span> <span class='ocrx_word' id='word_1_494' title='bbox 2878 2842 3132 2913; x_wconf 78' lang='grc' dir='ltr'>Ἀριάδνῃ</span> <span class='ocrx_word' id='word_1_495' title='bbox 3147 2859 3160 2871; x_wconf 87' lang='grc'>·</span> <span class='ocrx_word' id='word_1_496' title='bbox 3192 2842 3288 2894; x_wconf 75' lang='grc' dir='ltr'><strong>καὶ</strong></span> <span class='ocrx_word' id='word_1_497' title='bbox 3309 2841 3385 2902; x_wconf 84' lang='grc' dir='ltr'>ὡς</span> <span class='ocrx_word' id='word_1_498' title='bbox 3405 2839 3544 2909; x_wconf 83' lang='grc' dir='ltr'><strong>μετὰ</strong></span> <span class='ocrx_word' id='word_1_499' title='bbox 3572 2838 3839 2908; x_wconf 80' lang='grc' dir='ltr'>τελευτὴν</span> 
     </span>
    </p>
   </div>
   <div class='ocr_carea' id='block_1_74' title="bbox 2247 2932 3836 3005">
    <p class='ocr_par' dir='ltr' id='par_1_74' title="bbox 2247 2932 3836 3005">
     <span class='ocr_line' id='line_1_74' title="bbox 2247 2932 3836 3005; baseline -0.006 -12"><span class='ocrx_word' id='word_1_500' title='bbox 2247 2940 2475 3001; x_wconf 86' lang='grc' dir='ltr'>Λέοντος</span> <span class='ocrx_word' id='word_1_501' title='bbox 2498 2942 2526 2991; x_wconf 88' lang='lat'><strong>6</strong></span> <span class='ocrx_word' id='word_1_502' title='bbox 2553 2942 2680 2999; x_wconf 81' lang='grc' dir='ltr'>παῖς</span> <span class='ocrx_word' id='word_1_503' title='bbox 2704 2938 2854 2990; x_wconf 84' lang='grc' dir='ltr'>Λέων</span> <span class='ocrx_word' id='word_1_504' title='bbox 2887 2937 3113 3005; x_wconf 78' lang='grc' dir='ltr'>Ζήνωνα</span> <span class='ocrx_word' id='word_1_505' title='bbox 3140 2938 3229 2987; x_wconf 63' lang='grc' dir='ltr'><strong>τὶν</strong></span> <span class='ocrx_word' id='word_1_506' title='bbox 3259 2934 3491 3002; x_wconf 86' lang='grc' dir='ltr'><strong>πατέρα,</strong></span> <span class='ocrx_word' id='word_1_507' title='bbox 3525 2932 3836 2984; x_wconf 84' lang='grc' dir='ltr'>συναινέσει</span> 
     </span>
    </p>
   </div>
   <div class='ocr_carea' id='block_1_75' title="bbox 2247 3024 3838 3102">
    <p class='ocr_par' dir='ltr' id='par_1_75' title="bbox 2247 3024 3838 3102">
     <span class='ocr_line' id='line_1_75' title="bbox 2247 3024 3838 3102; baseline -0.004 -22"><span class='ocrx_word' id='word_1_508' title='bbox 2247 3034 2347 3102; x_wconf 76' lang='grc' dir='ltr'><strong>τῆς</strong></span> <span class='ocrx_word' id='word_1_509' title='bbox 2384 3032 2601 3101; x_wconf 77' lang='grc' dir='ltr'>βουλῆς,</span> <span class='ocrx_word' id='word_1_510' title='bbox 2655 3028 2876 3099; x_wconf 76' lang='grc' dir='ltr'>βασιλέα</span> <span class='ocrx_word' id='word_1_511' title='bbox 2904 3029 2925 3057; x_wconf 78' lang='grc'>⁹</span> <span class='ocrx_word' id='word_1_512' title='bbox 2951 3026 3167 3094; x_wconf 77' lang='grc' dir='ltr'>έστεψε.</span> <span class='ocrx_word' id='word_1_513' title='bbox 3217 3024 3582 3093; x_wconf 86' lang='grc' dir='ltr'>Λεπτομερής</span> <span class='ocrx_word' id='word_1_514' title='bbox 3628 3038 3691 3074; x_wconf 87' lang='grc' dir='ltr'>τε</span> <span class='ocrx_word' id='word_1_515' title='bbox 3732 3024 3838 3091; x_wconf 82' lang='grc' dir='ltr'><strong>τῆς</strong></span> 
     </span>
    </p>
   </div>
   <div class='ocr_carea' id='block_1_76' title="bbox 2247 3113 3841 3191">
    <p class='ocr_par' dir='ltr' id='par_1_76' title="bbox 2247 3113 3841 3191">
     <span class='ocr_line' id='line_1_76' title="bbox 2247 3113 3841 3191; baseline -0.009 -12"><span class='ocrx_word' id='word_1_516' title='bbox 2247 3124 2509 3191; x_wconf 82' lang='grc' dir='ltr'>Ἰσαύρων</span> <span class='ocrx_word' id='word_1_517' title='bbox 2532 3119 2884 3189; x_wconf 82' lang='grc' dir='ltr'>γενεαλογίας</span> <span class='ocrx_word' id='word_1_518' title='bbox 2908 3118 3189 3186; x_wconf 80' lang='grc' dir='ltr'><strong>ἀφήγησις</strong></span> <span class='ocrx_word' id='word_1_519' title='bbox 3206 3132 3220 3146; x_wconf 80' lang='grc'><em>’</em></span> <span class='ocrx_word' id='word_1_520' title='bbox 3250 3116 3345 3168; x_wconf 77' lang='grc' dir='ltr'><strong>καὶ</strong></span> <span class='ocrx_word' id='word_1_521' title='bbox 3373 3116 3448 3177; x_wconf 85' lang='grc' dir='ltr'>ὡς</span> <span class='ocrx_word' id='word_1_522' title='bbox 3478 3115 3671 3179; x_wconf 77' lang='grc' dir='ltr'>εἴησαν</span> <span class='ocrx_word' id='word_1_523' title='bbox 3697 3113 3841 3166; x_wconf 78' lang='grc' dir='ltr'>ἀπό-</span> 
     </span>
    </p>
   </div>
   <div class='ocr_carea' id='block_1_77' title="bbox 2246 3207 3839 3284">
    <p class='ocr_par' dir='ltr' id='par_1_77' title="bbox 2246 3207 3839 3284">
     <span class='ocr_line' id='line_1_77' title="bbox 2246 3207 3839 3284; baseline -0.007 -16"><span class='ocrx_word' id='word_1_524' title='bbox 2246 3232 2395 3284; x_wconf 83' lang='grc' dir='ltr'>γονοι</span> <span class='ocrx_word' id='word_1_525' title='bbox 2424 3213 2518 3266; x_wconf 85' lang='grc' dir='ltr'>τού</span> <span class='ocrx_word' id='word_1_526' title='bbox 2560 3212 2755 3276; x_wconf 78' lang='grc' dir='ltr'>Ἡσαῦ,</span> <span class='ocrx_word' id='word_1_527' title='bbox 2785 3209 2955 3281; x_wconf 83' lang='grc' dir='ltr'>πολλὴ</span> <span class='ocrx_word' id='word_1_528' title='bbox 2988 3209 3192 3279; x_wconf 83' lang='grc' dir='ltr'>σπουδὴ</span> <span class='ocrx_word' id='word_1_529' title='bbox 3218 3209 3313 3262; x_wconf 78' lang='grc' dir='ltr'>καὶ</span> <span class='ocrx_word' id='word_1_530' title='bbox 3336 3208 3609 3277; x_wconf 81' lang='grc' dir='ltr'>διήγησις.</span> <span class='ocrx_word' id='word_1_531' title='bbox 3641 3207 3839 3268; x_wconf 81' lang='grc' dir='ltr'>Ὅπως</span> 
     </span>
    </p>
   </div>
   <div class='ocr_carea' id='block_1_78' title="bbox 2241 3300 3842 3376">
    <p class='ocr_par' dir='ltr' id='par_1_78' title="bbox 2241 3300 3842 3376">
     <span class='ocr_line' id='line_1_78' title="bbox 2241 3300 3842 3376; baseline -0.005 -17"><span class='ocrx_word' id='word_1_532' title='bbox 2241 3325 2299 3359; x_wconf 84' lang='grc' dir='ltr'>τε</span> <span class='ocrx_word' id='word_1_533' title='bbox 2330 3308 2515 3375; x_wconf 78' lang='grc' dir='ltr'>Ζήνων</span> <span class='ocrx_word' id='word_1_534' title='bbox 2561 3305 2665 3357; x_wconf 73' lang='grc' dir='ltr'>ὑπὸ</span> <span class='ocrx_word' id='word_1_535' title='bbox 2716 3306 2958 3376; x_wconf 85' lang='grc' dir='ltr'>Βηρίνης</span> <span class='ocrx_word' id='word_1_536' title='bbox 3004 3303 3315 3373; x_wconf 70' lang='grc' dir='ltr'>ἀπατηθεὶς</span> <span class='ocrx_word' id='word_1_537' title='bbox 3366 3303 3559 3369; x_wconf 83' lang='grc' dir='ltr'><strong>φεύγει</strong></span> <span class='ocrx_word' id='word_1_538' title='bbox 3610 3300 3842 3369; x_wconf 76' lang='grc' dir='ltr'>γυναικὶ</span> 
     </span>
    </p>
   </div>
   <div class='ocr_carea' id='block_1_79' title="bbox 2245 3392 3840 3470">
    <p class='ocr_par' dir='ltr' id='par_1_79' title="bbox 2245 3392 3840 3470">
     <span class='ocr_line' id='line_1_79' title="bbox 2245 3392 3840 3470; baseline -0.008 -17"><span class='ocrx_word' id='word_1_539' title='bbox 2245 3401 2361 3470; x_wconf 79' lang='grc' dir='ltr'>ἅμα</span> <span class='ocrx_word' id='word_1_540' title='bbox 2400 3399 2494 3451; x_wconf 67' lang='grc' dir='ltr'>καὶ</span> <span class='ocrx_word' id='word_1_541' title='bbox 2528 3398 2696 3467; x_wconf 77' lang='grc' dir='ltr'>μητρὶ</span> <span class='ocrx_word' id='word_1_542' title='bbox 2728 3398 2827 3466; x_wconf 79' lang='grc' dir='ltr'><strong>τῆς</strong></span> <span class='ocrx_word' id='word_1_543' title='bbox 2876 3396 3087 3458; x_wconf 83' lang='grc' dir='ltr'>πόλεως</span> <span class='ocrx_word' id='word_1_544' title='bbox 3119 3395 3216 3448; x_wconf 78' lang='grc' dir='ltr'><strong>καὶ</strong></span> <span class='ocrx_word' id='word_1_545' title='bbox 3264 3396 3362 3463; x_wconf 79' lang='grc' dir='ltr'><strong>τῆς</strong></span> <span class='ocrx_word' id='word_1_546' title='bbox 3394 3392 3702 3463; x_wconf 74' lang='grc' dir='ltr'>βασιλείας·</span> <span class='ocrx_word' id='word_1_547' title='bbox 3741 3393 3840 3443; x_wconf 76' lang='grc' dir='ltr'>καὶ</span> 
     </span>
    </p>
   </div>
   <div class='ocr_carea' id='block_1_80' title="bbox 2242 3484 3845 3560">
    <p class='ocr_par' dir='ltr' id='par_1_80' title="bbox 2242 3484 3845 3560">
     <span class='ocr_line' id='line_1_80' title="bbox 2242 3484 3845 3560; baseline -0.004 -18"><span class='ocrx_word' id='word_1_548' title='bbox 2242 3490 2317 3553; x_wconf 70' lang='grc' dir='ltr'>ὡς</span> <span class='ocrx_word' id='word_1_549' title='bbox 2352 3490 2583 3560; x_wconf 85' lang='grc' dir='ltr'>Βηρῖνα,</span> <span class='ocrx_word' id='word_1_550' title='bbox 2615 3488 2790 3540; x_wconf 79' lang='grc' dir='ltr'>ἐλπίδι</span> <span class='ocrx_word' id='word_1_551' title='bbox 2816 3488 2909 3540; x_wconf 81' lang='grc' dir='ltr'><strong>τοῦ</strong></span> <span class='ocrx_word' id='word_1_552' title='bbox 2940 3487 3279 3555; x_wconf 71' lang='grc' dir='ltr'>συναφθῆναι</span> <span class='ocrx_word' id='word_1_553' title='bbox 3306 3486 3591 3556; x_wconf 76' lang='grc' dir='ltr'>Πατρικίῳ</span> <span class='ocrx_word' id='word_1_554' title='bbox 3620 3484 3698 3555; x_wconf 82' lang='grc' dir='ltr'>τῷ</span> <span class='ocrx_word' id='word_1_555' title='bbox 3731 3502 3845 3553; x_wconf 61' lang='grc' dir='ltr'><strong>μαι</strong></span> 
     </span>
    </p>
   </div>
   <div class='ocr_carea' id='block_1_81' title="bbox 2244 3576 3845 3651">
    <p class='ocr_par' dir='ltr' id='par_1_81' title="bbox 2244 3576 3845 3651">
     <span class='ocr_line' id='line_1_81' title="bbox 2244 3576 3845 3651; baseline -0.002 -19"><span class='ocrx_word' id='word_1_556' title='bbox 2244 3581 2459 3651; x_wconf 80' lang='grc' dir='ltr'>γίστρῳ</span> <span class='ocrx_word' id='word_1_557' title='bbox 2481 3582 2575 3634; x_wconf 80' lang='grc' dir='ltr'><strong>καὶ</strong></span> <span class='ocrx_word' id='word_1_558' title='bbox 2615 3579 2921 3649; x_wconf 85' lang='grc' dir='ltr'>βασιλεύειν</span> <span class='ocrx_word' id='word_1_559' title='bbox 2946 3578 3107 3633; x_wconf 80' lang='grc' dir='ltr'>αὐτὸν</span> <span class='ocrx_word' id='word_1_560' title='bbox 3147 3580 3169 3611; x_wconf 82' lang='grc'>⁸</span> <span class='ocrx_word' id='word_1_561' title='bbox 3196 3578 3288 3631; x_wconf 76' lang='grc' dir='ltr'>τὸν</span> <span class='ocrx_word' id='word_1_562' title='bbox 3317 3577 3565 3648; x_wconf 75' lang='grc' dir='ltr'>γαμϐρὸν</span> <span class='ocrx_word' id='word_1_563' title='bbox 3610 3576 3787 3644; x_wconf 80' lang='grc' dir='ltr'>αὐτῆς</span> <span class='ocrx_word' id='word_1_564' title='bbox 3816 3576 3845 3607; x_wconf 68' lang='grc'><strong>⁸</strong></span> 
     </span>
    </p>
   </div>
   <div class='ocr_carea' id='block_1_82' title="bbox 2245 3669 3841 3742">
    <p class='ocr_par' dir='ltr' id='par_1_82' title="bbox 2245 3669 3841 3742">
     <span class='ocr_line' id='line_1_82' title="bbox 2245 3669 3841 3742; baseline -0.001 -18"><span class='ocrx_word' id='word_1_565' title='bbox 2245 3673 2631 3740; x_wconf 79' lang='grc' dir='ltr'>φυγαδεύσασα</span> <span class='ocrx_word' id='word_1_566' title='bbox 2662 3672 2720 3738; x_wconf 79' lang='grc' dir='ltr'><strong>ἐξ</strong></span> <span class='ocrx_word' id='word_1_567' title='bbox 2747 3673 2985 3742; x_wconf 82' lang='grc' dir='ltr'><strong>ἀπάτης,</strong></span> <span class='ocrx_word' id='word_1_568' title='bbox 3016 3672 3111 3725; x_wconf 74' lang='grc' dir='ltr'><strong>καὶ</strong></span> <span class='ocrx_word' id='word_1_569' title='bbox 3137 3672 3275 3741; x_wconf 80' lang='grc' dir='ltr'>αὑτὴ</span> <span class='ocrx_word' id='word_1_570' title='bbox 3299 3671 3398 3740; x_wconf 78' lang='grc' dir='ltr'>τῆς</span> <span class='ocrx_word' id='word_1_571' title='bbox 3422 3669 3639 3732; x_wconf 77' lang='grc' dir='ltr'>ἐλπίδος</span> <span class='ocrx_word' id='word_1_572' title='bbox 3663 3669 3841 3738; x_wconf 77' lang='grc' dir='ltr'>ἐσφά-</span> 
     </span>
    </p>
   </div>
   <div class='ocr_carea' id='block_1_83' title="bbox 2244 3760 3843 3834">
    <p class='ocr_par' dir='ltr' id='par_1_83' title="bbox 2244 3760 3843 3834">
     <span class='ocr_line' id='line_1_83' title="bbox 2244 3760 3843 3834; baseline -0.002 -19"><span class='ocrx_word' id='word_1_573' title='bbox 2244 3764 2332 3834; x_wconf 84' lang='grc' dir='ltr'>λη,</span> <span class='ocrx_word' id='word_1_574' title='bbox 2357 3765 2466 3816; x_wconf 84' lang='grc' dir='ltr'>τῶν</span> <span class='ocrx_word' id='word_1_575' title='bbox 2498 3765 2556 3816; x_wconf 85' lang='grc' dir='ltr'><strong>ὲν</strong></span> <span class='ocrx_word' id='word_1_576' title='bbox 2586 3764 2729 3817; x_wconf 81' lang='grc' dir='ltr'>τέλει</span> <span class='ocrx_word' id='word_1_577' title='bbox 2754 3763 3078 3815; x_wconf 87' lang='grc' dir='ltr'>Βασιλίσκον</span> <span class='ocrx_word' id='word_1_578' title='bbox 3108 3763 3201 3815; x_wconf 84' lang='grc' dir='ltr'><strong>τὸν</strong></span> <span class='ocrx_word' id='word_1_579' title='bbox 3232 3762 3405 3832; x_wconf 80' lang='grc' dir='ltr'>αὐτῆς</span> <span class='ocrx_word' id='word_1_580' title='bbox 3428 3760 3659 3830; x_wconf 79' lang='grc' dir='ltr'>ἀδελφὸν</span> <span class='ocrx_word' id='word_1_581' title='bbox 3686 3762 3811 3813; x_wconf 85' lang='grc' dir='ltr'>ἀνει</span> <span class='ocrx_word' id='word_1_582' title='bbox 3831 3789 3843 3801; x_wconf 90' lang='lat'><strong>-</strong></span> 
     </span>
    </p>
   </div>
   <div class='ocr_carea' id='block_1_84' title="bbox 2245 3852 3841 3925">
    <p class='ocr_par' dir='ltr' id='par_1_84' title="bbox 2245 3852 3841 3925">
     <span class='ocr_line' id='line_1_84' title="bbox 2245 3852 3841 3925; baseline -0.004 -18"><span class='ocrx_word' id='word_1_583' title='bbox 2245 3857 2457 3909; x_wconf 82' lang='grc' dir='ltr'>πόντων</span> <span class='ocrx_word' id='word_1_584' title='bbox 2490 3855 2737 3925; x_wconf 77' lang='grc' dir='ltr'>βασιλέα.</span> <span class='ocrx_word' id='word_1_585' title='bbox 2766 3853 2902 3924; x_wconf 84' lang='grc' dir='ltr'>Περί</span> <span class='ocrx_word' id='word_1_586' title='bbox 2930 3871 2987 3906; x_wconf 91' lang='grc' dir='ltr'>τε</span> <span class='ocrx_word' id='word_1_587' title='bbox 3020 3856 3120 3924; x_wconf 83' lang='grc' dir='ltr'><strong>τῆς</strong></span> <span class='ocrx_word' id='word_1_588' title='bbox 3163 3852 3425 3922; x_wconf 88' lang='grc' dir='ltr'>Ἰσαύρων</span> <span class='ocrx_word' id='word_1_589' title='bbox 3452 3854 3511 3904; x_wconf 83' lang='grc' dir='ltr'><strong>ὲν</strong></span> <span class='ocrx_word' id='word_1_590' title='bbox 3540 3852 3841 3903; x_wconf 82' lang='grc' dir='ltr'>Κωνσταν-</span> 
     </span>
    </p>
   </div>
   <div class='ocr_carea' id='block_1_85' title="bbox 2243 3940 3843 4016">
    <p class='ocr_par' dir='ltr' id='par_1_85' title="bbox 2243 3940 3843 4016">
     <span class='ocr_line' id='line_1_85' title="bbox 2243 3940 3843 4016; baseline -0.004 -17"><span class='ocrx_word' id='word_1_591' title='bbox 2243 3947 2550 4000; x_wconf 81' lang='grc' dir='ltr'>τινουπόλει</span> <span class='ocrx_word' id='word_1_592' title='bbox 2584 3945 2865 4016; x_wconf 78' lang='grc' dir='ltr'>ἀμυθήτου</span> <span class='ocrx_word' id='word_1_593' title='bbox 2895 3944 3133 4012; x_wconf 77' lang='grc' dir='ltr'>σφαγῆς.</span> <span class='ocrx_word' id='word_1_594' title='bbox 3163 3944 3274 3995; x_wconf 76' lang='grc' dir='ltr'><strong>Καὶ</strong></span> <span class='ocrx_word' id='word_1_595' title='bbox 3314 3944 3391 4002; x_wconf 85' lang='grc' dir='ltr'>ὼς</span> <span class='ocrx_word' id='word_1_596' title='bbox 3423 3940 3563 4012; x_wconf 86' lang='grc' dir='ltr'>μετά</span> <span class='ocrx_word' id='word_1_597' title='bbox 3591 3941 3843 3993; x_wconf 82' lang='grc' dir='ltr'><strong>Νέπωτα</strong></span> 
     </span>
    </p>
   </div>
   <div class='ocr_carea' id='block_1_86' title="bbox 2246 4034 3841 4109">
    <p class='ocr_par' dir='ltr' id='par_1_86' title="bbox 2246 4034 3841 4109">
     <span class='ocr_line' id='line_1_86' title="bbox 2246 4034 3841 4109; baseline -0.006 -17"><span class='ocrx_word' id='word_1_598' title='bbox 2246 4039 2475 4109; x_wconf 79' lang='grc' dir='ltr'>βασιλέα</span> <span class='ocrx_word' id='word_1_599' title='bbox 2521 4039 2741 4106; x_wconf 86' lang='grc' dir='ltr'>Ῥώμης</span> <span class='ocrx_word' id='word_1_600' title='bbox 2786 4034 3196 4103; x_wconf 78' lang='grc' dir='ltr'>Αύγούστουλον</span> <span class='ocrx_word' id='word_1_601' title='bbox 3243 4035 3272 4086; x_wconf 91' lang='lat'><strong>6</strong></span> <span class='ocrx_word' id='word_1_602' title='bbox 3324 4035 3506 4103; x_wconf 80' lang='grc' dir='ltr'>πατὴρ</span> <span class='ocrx_word' id='word_1_603' title='bbox 3569 4034 3841 4103; x_wconf 86' lang='grc' dir='ltr'>Ὀρέστης</span> 
     </span>
    </p>
   </div>
   <div class='ocr_carea' id='block_1_87' title="bbox 2256 4124 3841 4203">
    <p class='ocr_par' dir='ltr' id='par_1_87' title="bbox 2256 4124 3841 4203">
     <span class='ocr_line' id='line_1_87' title="bbox 2256 4124 3841 4203; baseline -0.006 -18"><span class='ocrx_word' id='word_1_604' title='bbox 2256 4133 2479 4203; x_wconf 81' lang='grc' dir='ltr'>Ῥώμης</span> <span class='ocrx_word' id='word_1_605' title='bbox 2518 4130 2917 4202; x_wconf 14' lang='grc' dir='ltr'>’κατεπράξατο</span> <span class='ocrx_word' id='word_1_606' title='bbox 2966 4127 3296 4200; x_wconf 87' lang='grc' dir='ltr'>βασιλεύειν.</span> <span class='ocrx_word' id='word_1_607' title='bbox 3329 4126 3517 4180; x_wconf 81' lang='grc' dir='ltr'>Ταῦτα</span> <span class='ocrx_word' id='word_1_608' title='bbox 3552 4128 3582 4180; x_wconf 93' lang='lat'><strong>6</strong></span> <span class='ocrx_word' id='word_1_609' title='bbox 3614 4124 3841 4195; x_wconf 83' lang='grc' dir='ltr'>πρῶτος</span> 
     </span>
    </p>
   </div>
   <div class='ocr_carea' id='block_1_88' title="bbox 2242 4227 2423 4295">
    <p class='ocr_par' dir='ltr' id='par_1_88' title="bbox 2242 4227 2423 4295">
     <span class='ocr_line' id='line_1_88' title="bbox 2242 4227 2423 4295; baseline 0.017 -18"><span class='ocrx_word' id='word_1_610' title='bbox 2242 4227 2423 4295; x_wconf 84' lang='grc' dir='ltr'>λόγος.</span> 
     </span>
    </p>
   </div>
   <div class='ocr_carea' id='block_1_89' title="bbox 2328 4400 3845 4474">
    <p class='ocr_par' dir='ltr' id='par_1_89' title="bbox 2328 4400 3845 4474">
     <span class='ocr_line' id='line_1_89' title="bbox 2328 4400 3845 4474; baseline -0.005 -15"><span class='ocrx_word' id='word_1_611' title='bbox 2328 4408 2387 4460; x_wconf 81' lang='grc' dir='ltr'><strong>Ὀ</strong></span> <span class='ocrx_word' id='word_1_612' title='bbox 2418 4406 2477 4458; x_wconf 81' lang='grc' dir='ltr'>δὲ</span> <span class='ocrx_word' id='word_1_613' title='bbox 2522 4404 2798 4474; x_wconf 84' lang='grc' dir='ltr'>δεύτερος,</span> <span class='ocrx_word' id='word_1_614' title='bbox 2834 4404 2982 4466; x_wconf 82' lang='grc' dir='ltr'>ὅπως</span> <span class='ocrx_word' id='word_1_615' title='bbox 3009 4400 3307 4472; x_wconf 84' lang='grc' dir='ltr'>Πατρίκιος</span> <span class='ocrx_word' id='word_1_616' title='bbox 3348 4401 3378 4453; x_wconf 90' lang='lat'><strong>6</strong></span> <span class='ocrx_word' id='word_1_617' title='bbox 3431 4400 3759 4470; x_wconf 80' lang='grc' dir='ltr'>μάγιστρος,</span> <span class='ocrx_word' id='word_1_618' title='bbox 3810 4401 3845 4453; x_wconf 85' lang='lat'><strong>6</strong></span> 
     </span>
    </p>
   </div>
   <div class='ocr_carea' id='block_1_90' title="bbox 2244 4492 3841 4568">
    <p class='ocr_par' dir='ltr' id='par_1_90' title="bbox 2244 4492 3841 4568">
     <span class='ocr_line' id='line_1_90' title="bbox 2244 4492 3841 4568; baseline -0.006 -17"><span class='ocrx_word' id='word_1_619' title='bbox 2244 4497 2452 4568; x_wconf 86' lang='grc' dir='ltr'>Βηρίνῃ</span> <span class='ocrx_word' id='word_1_620' title='bbox 2505 4493 3010 4566; x_wconf 75' lang='grc' dir='ltr'>συμφθειρόμενος,</span> <span class='ocrx_word' id='word_1_621' title='bbox 3071 4492 3631 4561; x_wconf 80' lang='grc' dir='ltr'>ὲπαγανακτήσαντος</span> <span class='ocrx_word' id='word_1_622' title='bbox 3684 4492 3841 4561; x_wconf 83' lang='grc' dir='ltr'>αὐτῷ</span> 
     </span>
    </p>
   </div>
   <div class='ocr_carea' id='block_1_91' title="bbox 561 4567 2142 4678">
    <p class='ocr_par' dir='ltr' id='par_1_91' title="bbox 561 4567 2140 4647">
     <span class='ocr_line' id='line_1_91' title="bbox 561 4567 2140 4647; baseline 0.016 -28"><span class='ocrx_word' id='word_1_623' title='bbox 561 4568 678 4635; x_wconf 80' lang='lat' dir='ltr'><strong>ipso</strong></span> <span class='ocrx_word' id='word_1_624' title='bbox 706 4567 993 4636; x_wconf 85' lang='lat' dir='ltr'><strong>Basilisco,</strong></span> <span class='ocrx_word' id='word_1_625' title='bbox 1033 4574 1211 4641; x_wconf 92' lang='lat' dir='ltr'><strong>periit.</strong></span> <span class='ocrx_word' id='word_1_626' title='bbox 1246 4574 1547 4647; x_wconf 87' lang='lat' dir='ltr'><strong>Eapropter</strong></span> <span class='ocrx_word' id='word_1_627' title='bbox 1578 4580 1630 4632; x_wconf 90' lang='lat' dir='ltr'><strong>in</strong></span> <span class='ocrx_word' id='word_1_628' title='bbox 1672 4582 1899 4639; x_wconf 85' lang='lat' dir='ltr'><strong>fratrem</strong></span> <span class='ocrx_word' id='word_1_629' title='bbox 1941 4587 2140 4645; x_wconf 80' lang='lat' dir='ltr'><strong>Verina</strong></span> 
     </span>
    </p>
   </div>
   <div class='ocr_carea' id='block_1_92' title="bbox 2245 4567 3844 4678">
    <p class='ocr_par' dir='ltr' id='par_1_92' title="bbox 2247 4583 3844 4654">
     <span class='ocr_line' id='line_1_92' title="bbox 2247 4583 3844 4654; baseline -0.006 -10"><span class='ocrx_word' id='word_1_630' title='bbox 2247 4591 2576 4644; x_wconf 82' lang='grc' dir='ltr'>Βασιλίσκου</span> <span class='ocrx_word' id='word_1_631' title='bbox 2601 4588 2840 4648; x_wconf 78' lang='grc' dir='ltr'>ἀπεὸίω,</span> <span class='ocrx_word' id='word_1_632' title='bbox 2874 4585 2968 4638; x_wconf 71' lang='grc' dir='ltr'><strong>καὶ</strong></span> <span class='ocrx_word' id='word_1_633' title='bbox 2997 4585 3084 4637; x_wconf 83' lang='grc' dir='ltr'>διὰ</span> <span class='ocrx_word' id='word_1_634' title='bbox 3115 4583 3276 4636; x_wconf 80' lang='grc' dir='ltr'>τοῦτο</span> <span class='ocrx_word' id='word_1_635' title='bbox 3308 4585 3515 4654; x_wconf 87' lang='grc' dir='ltr'>Βηρῖνα</span> <span class='ocrx_word' id='word_1_636' title='bbox 3539 4584 3606 4636; x_wconf 78' lang='grc' dir='ltr'>δι’</span> <span class='ocrx_word' id='word_1_637' title='bbox 3633 4584 3844 4654; x_wconf 78' lang='grc' dir='ltr'>ἔχθρας</span> 
     </span>
    </p>
   </div>
   <div class='ocr_carea' id='block_1_93' title="bbox 559 4662 2142 4755">
    <p class='ocr_par' dir='ltr' id='par_1_93' title="bbox 559 4662 2142 4750">
     <span class='ocr_line' id='line_1_93' title="bbox 559 4662 2142 4750; baseline 0.017 -39"><span class='ocrx_word' id='word_1_638' title='bbox 559 4662 683 4714; x_wconf 90' lang='lat' dir='ltr'><strong>odio</strong></span> <span class='ocrx_word' id='word_1_639' title='bbox 716 4673 999 4733; x_wconf 88' lang='lat' dir='ltr'><strong>concepto,</strong></span> <span class='ocrx_word' id='word_1_640' title='bbox 1051 4682 1114 4721; x_wconf 88' lang='lat' dir='ltr'><strong>ac</strong></span> <span class='ocrx_word' id='word_1_641' title='bbox 1156 4668 1429 4724; x_wconf 90' lang='lat' dir='ltr'><strong>Zenonem</strong></span> <span class='ocrx_word' id='word_1_642' title='bbox 1457 4675 1649 4741; x_wconf 91' lang='lat' dir='ltr'><strong>opibus</strong></span> <span class='ocrx_word' id='word_1_643' title='bbox 1690 4680 1755 4732; x_wconf 86' lang='lat' dir='ltr'><strong>ad</strong></span> <span class='ocrx_word' id='word_1_644' title='bbox 1812 4696 2142 4750; x_wconf 87' lang='lat' dir='ltr'><strong>recuperan-</strong></span> 
     </span>
    </p>
   </div>
   <div class='ocr_carea' id='block_1_94' title="bbox 2245 4662 3841 4755">
    <p class='ocr_par' dir='ltr' id='par_1_94' title="bbox 2248 4677 3841 4755">
     <span class='ocr_line' id='line_1_94' title="bbox 2248 4677 3841 4755; baseline -0.006 -18"><span class='ocrx_word' id='word_1_645' title='bbox 2248 4685 2385 4755; x_wconf 74' lang='grc' dir='ltr'>πρὸς</span> <span class='ocrx_word' id='word_1_646' title='bbox 2418 4683 2509 4735; x_wconf 89' lang='grc' dir='ltr'>τὸν</span> <span class='ocrx_word' id='word_1_647' title='bbox 2556 4680 2784 4749; x_wconf 80' lang='grc' dir='ltr'>ἀδελφὸν</span> <span class='ocrx_word' id='word_1_648' title='bbox 2835 4679 3177 4739; x_wconf 79' lang='grc' dir='ltr'>καταστᾶσα.</span> <span class='ocrx_word' id='word_1_649' title='bbox 3211 4677 3306 4730; x_wconf 79' lang='grc' dir='ltr'><strong>καὶ</strong></span> <span class='ocrx_word' id='word_1_650' title='bbox 3346 4679 3552 4747; x_wconf 82' lang='grc' dir='ltr'><strong>Ζήνωνι</strong></span> <span class='ocrx_word' id='word_1_651' title='bbox 3581 4677 3671 4729; x_wconf 80' lang='grc' dir='ltr'><strong>διὰ</strong></span> <span class='ocrx_word' id='word_1_652' title='bbox 3698 4695 3841 4750; x_wconf 87' lang='grc' dir='ltr'>χρη-</span> 
     </span>
    </p>
   </div>
   <div class='ocr_carea' id='block_1_95' title="bbox 560 4755 2140 4839">
    <p class='ocr_par' dir='ltr' id='par_1_95' title="bbox 560 4755 2140 4839">
     <span class='ocr_line' id='line_1_95' title="bbox 560 4755 2140 4839; baseline 0.016 -36"><span class='ocrx_word' id='word_1_653' title='bbox 560 4755 689 4805; x_wconf 89' lang='lat' dir='ltr'><strong>dnm</strong></span> <span class='ocrx_word' id='word_1_654' title='bbox 719 4755 1005 4824; x_wconf 88' lang='lat' dir='ltr'><strong>imperium</strong></span> <span class='ocrx_word' id='word_1_655' title='bbox 1048 4761 1337 4829; x_wconf 84' lang='lat' dir='ltr'><strong>adjuvans,</strong></span> <span class='ocrx_word' id='word_1_656' title='bbox 1384 4777 1625 4820; x_wconf 80' lang='lat' dir='ltr'><strong>extrema</strong></span> <span class='ocrx_word' id='word_1_657' title='bbox 1656 4785 1884 4839; x_wconf 79' lang='lat' dir='ltr'><strong>quaeque</strong></span> <span class='ocrx_word' id='word_1_658' title='bbox 1915 4789 1943 4826; x_wconf 93' lang='lat' dir='ltr'><strong>a</strong></span> <span class='ocrx_word' id='word_1_659' title='bbox 1971 4773 2140 4829; x_wconf 82' lang='lat' dir='ltr'><strong>fratre</strong></span> 
     </span>
    </p>
   </div>
   <div class='ocr_carea' id='block_1_96' title="bbox 562 4848 2138 4923">
    <p class='ocr_par' dir='ltr' id='par_1_96' title="bbox 562 4848 2138 4923">
     <span class='ocr_line' id='line_1_96' title="bbox 562 4848 2138 4923; baseline 0.017 -27"><span class='ocrx_word' id='word_1_660' title='bbox 562 4848 807 4913; x_wconf 82' lang='lat' dir='ltr'><strong>pertulit,</strong></span> <span class='ocrx_word' id='word_1_661' title='bbox 850 4864 913 4903; x_wconf 92' lang='lat' dir='ltr'><strong>ac</strong></span> <span class='ocrx_word' id='word_1_662' title='bbox 952 4851 1054 4906; x_wconf 92' lang='lat' dir='ltr'><strong>nisi</strong></span> <span class='ocrx_word' id='word_1_663' title='bbox 1087 4868 1118 4906; x_wconf 92' lang='lat' dir='ltr'><strong>e</strong></span> <span class='ocrx_word' id='word_1_664' title='bbox 1153 4855 1350 4922; x_wconf 90' lang='lat' dir='ltr'><strong>templo</strong></span> <span class='ocrx_word' id='word_1_665' title='bbox 1395 4856 1656 4915; x_wconf 85' lang='lat' dir='ltr'><strong>Armatus</strong></span> <span class='ocrx_word' id='word_1_666' title='bbox 1693 4876 1812 4916; x_wconf 83' lang='lat' dir='ltr'><strong>eam</strong></span> <span class='ocrx_word' id='word_1_667' title='bbox 1840 4865 1978 4919; x_wconf 88' lang='lat' dir='ltr'><strong>clam</strong></span> <span class='ocrx_word' id='word_1_668' title='bbox 2005 4870 2138 4923; x_wconf 87' lang='lat' dir='ltr'><strong>sub-</strong></span> 
     </span>
    </p>
   </div>
   <div class='ocr_carea' id='block_1_97' title="bbox 562 4939 2136 5017">
    <p class='ocr_par' dir='ltr' id='par_1_97' title="bbox 562 4939 2136 5017">
     <span class='ocr_line' id='line_1_97' title="bbox 562 4939 2136 5017; baseline 0.018 -28"><span class='ocrx_word' id='word_1_669' title='bbox 562 4939 830 5005; x_wconf 79' lang='lat' dir='ltr'><strong>duxisset,</strong></span> <span class='ocrx_word' id='word_1_670' title='bbox 879 4942 1020 4997; x_wconf 88' lang='lat' dir='ltr'><strong>forte</strong></span> <span class='ocrx_word' id='word_1_671' title='bbox 1072 4954 1128 4998; x_wconf 92' lang='lat' dir='ltr'><strong>et</strong></span> <span class='ocrx_word' id='word_1_672' title='bbox 1184 4947 1297 5015; x_wconf 90' lang='lat' dir='ltr'><strong>ipsa</strong></span> <span class='ocrx_word' id='word_1_673' title='bbox 1353 4963 1384 5003; x_wconf 92' lang='lat' dir='ltr'><strong>e</strong></span> <span class='ocrx_word' id='word_1_674' title='bbox 1418 4954 1597 5009; x_wconf 88' lang='lat' dir='ltr'><strong>medio</strong></span> <span class='ocrx_word' id='word_1_675' title='bbox 1649 4958 1860 5011; x_wconf 88' lang='lat' dir='ltr'><strong>sublata</strong></span> <span class='ocrx_word' id='word_1_676' title='bbox 1924 4961 2136 5017; x_wconf 87' lang='lat' dir='ltr'><strong>fuisset.</strong></span> 
     </span>
    </p>
   </div>
   <div class='ocr_carea' id='block_1_98' title="bbox 560 5030 2141 5117">
    <p class='ocr_par' dir='ltr' id='par_1_98' title="bbox 560 5030 2141 5117">
     <span class='ocr_line' id='line_1_98' title="bbox 560 5030 2141 5117; baseline 0.018 -35"><span class='ocrx_word' id='word_1_677' title='bbox 560 5030 693 5084; x_wconf 82' lang='lat' dir='ltr'><strong>Cum</strong></span> <span class='ocrx_word' id='word_1_678' title='bbox 722 5032 968 5088; x_wconf 89' lang='lat' dir='ltr'><strong>Basilisci</strong></span> <span class='ocrx_word' id='word_1_679' title='bbox 998 5038 1191 5092; x_wconf 90' lang='lat' dir='ltr'><strong>deinde</strong></span> <span class='ocrx_word' id='word_1_680' title='bbox 1236 5056 1405 5097; x_wconf 77' lang='lat' dir='ltr'><strong>uxore</strong></span> <span class='ocrx_word' id='word_1_681' title='bbox 1430 5043 1544 5117; x_wconf 80' lang='lat'><strong>(97)</strong></span> <span class='ocrx_word' id='word_1_682' title='bbox 1570 5049 1903 5107; x_wconf 90' lang='lat' dir='ltr'><strong>adulteratus</strong></span> <span class='ocrx_word' id='word_1_683' title='bbox 1940 5055 2141 5110; x_wconf 81' lang='lat' dir='ltr'><strong>Arma-</strong></span> 
     </span>
    </p>
   </div>
   <div class='ocr_carea' id='block_1_99' title="bbox 564 5124 2139 5207">
    <p class='ocr_par' dir='ltr' id='par_1_99' title="bbox 564 5124 2139 5207">
     <span class='ocr_line' id='line_1_99' title="bbox 564 5124 2139 5207; baseline 0.019 -35"><span class='ocrx_word' id='word_1_684' title='bbox 564 5132 669 5187; x_wconf 89' lang='lat' dir='ltr'><strong>tus,</strong></span> <span class='ocrx_word' id='word_1_685' title='bbox 714 5124 780 5176; x_wconf 88' lang='lat' dir='ltr'><strong>ad</strong></span> <span class='ocrx_word' id='word_1_686' title='bbox 824 5140 1091 5180; x_wconf 90' lang='lat' dir='ltr'><strong>summam</strong></span> <span class='ocrx_word' id='word_1_687' title='bbox 1126 5136 1373 5199; x_wconf 88' lang='lat' dir='ltr'><strong>pervenit</strong></span> <span class='ocrx_word' id='word_1_688' title='bbox 1403 5140 1721 5207; x_wconf 90' lang='lat' dir='ltr'><strong>potentiam,</strong></span> <span class='ocrx_word' id='word_1_689' title='bbox 1756 5149 1892 5199; x_wconf 90' lang='lat' dir='ltr'><strong>adeo</strong></span> <span class='ocrx_word' id='word_1_690' title='bbox 1923 5154 1980 5198; x_wconf 93' lang='lat' dir='ltr'><strong>nt</strong></span> <span class='ocrx_word' id='word_1_691' title='bbox 2022 5159 2139 5201; x_wconf 90' lang='lat' dir='ltr'><strong>tan-</strong></span> 
     </span>
    </p>
   </div>
   <div class='ocr_carea' id='block_1_100' title="bbox 558 5213 2133 5306">
    <p class='ocr_par' dir='ltr' id='par_1_100' title="bbox 558 5213 2133 5306">
     <span class='ocr_line' id='line_1_100' title="bbox 558 5213 2133 5306; baseline 0.017 -39"><span class='ocrx_word' id='word_1_692' title='bbox 558 5213 682 5267; x_wconf 89' lang='lat' dir='ltr'><strong>dem</strong></span> <span class='ocrx_word' id='word_1_693' title='bbox 712 5215 761 5267; x_wconf 91' lang='lat' dir='ltr'><strong>ei</strong></span> <span class='ocrx_word' id='word_1_694' title='bbox 796 5214 1017 5284; x_wconf 88' lang='lat' dir='ltr'><strong>bellum,</strong></span> <span class='ocrx_word' id='word_1_695' title='bbox 1043 5220 1187 5289; x_wconf 91' lang='lat' dir='ltr'><strong>quod</strong></span> <span class='ocrx_word' id='word_1_696' title='bbox 1230 5225 1491 5283; x_wconf 85' lang='lat' dir='ltr'><strong>adversus</strong></span> <span class='ocrx_word' id='word_1_697' title='bbox 1520 5229 1789 5287; x_wconf 87' lang='lat' dir='ltr'><strong>Zenonem</strong></span> <span class='ocrx_word' id='word_1_698' title='bbox 1823 5239 2133 5306; x_wconf 86' lang='lat' dir='ltr'><strong>gerebatur,</strong></span> 
     </span>
    </p>
   </div>
   <div class='ocr_carea' id='block_1_101' title="bbox 2251 4768 3838 4846">
    <p class='ocr_par' dir='ltr' id='par_1_101' title="bbox 2251 4768 3838 4846">
     <span class='ocr_line' id='line_1_101' title="bbox 2251 4768 3838 4846; baseline -0.004 -17"><span class='ocrx_word' id='word_1_699' title='bbox 2251 4776 2438 4846; x_wconf 84' lang='grc' dir='ltr'>μάτων</span> <span class='ocrx_word' id='word_1_700' title='bbox 2466 4775 2565 4844; x_wconf 77' lang='grc' dir='ltr'><strong>τὴν</strong></span> <span class='ocrx_word' id='word_1_701' title='bbox 2616 4774 2717 4842; x_wconf 83' lang='grc' dir='ltr'><strong>τῆς</strong></span> <span class='ocrx_word' id='word_1_702' title='bbox 2751 4771 3029 4842; x_wconf 85' lang='grc' dir='ltr'>βασιλείας</span> <span class='ocrx_word' id='word_1_703' title='bbox 3075 4768 3343 4838; x_wconf 73' lang='grc' dir='ltr'>ἀνάληψιν</span> <span class='ocrx_word' id='word_1_704' title='bbox 3380 4770 3838 4840; x_wconf 79' lang='grc' dir='ltr'>συμπράττουσα,</span> 
     </span>
    </p>
   </div>
   <div class='ocr_carea' id='block_1_102' title="bbox 2244 4862 3846 4936">
    <p class='ocr_par' dir='ltr' id='par_1_102' title="bbox 2244 4862 3846 4936">
     <span class='ocr_line' id='line_1_102' title="bbox 2244 4862 3846 4936; baseline -0.003 -16"><span class='ocrx_word' id='word_1_705' title='bbox 2244 4869 2314 4920; x_wconf 76' lang='grc' dir='ltr'>τὰ</span> <span class='ocrx_word' id='word_1_706' title='bbox 2357 4867 2561 4936; x_wconf 76' lang='grc' dir='ltr'>ἔσχατα</span> <span class='ocrx_word' id='word_1_707' title='bbox 2603 4864 2841 4933; x_wconf 72' lang='grc' dir='ltr'>ἔπασχεν</span> <span class='ocrx_word' id='word_1_708' title='bbox 2877 4864 2982 4916; x_wconf 82' lang='grc' dir='ltr'><strong>ὑπὸ</strong></span> <span class='ocrx_word' id='word_1_709' title='bbox 3012 4863 3033 4894; x_wconf 87' lang='grc'><strong><em>⁵</em></strong></span> <span class='ocrx_word' id='word_1_710' title='bbox 3069 4862 3164 4915; x_wconf 83' lang='grc' dir='ltr'><strong>τοῦ</strong></span> <span class='ocrx_word' id='word_1_711' title='bbox 3214 4862 3472 4931; x_wconf 68' lang='grc' dir='ltr'>ἀδελφοῦ,</span> <span class='ocrx_word' id='word_1_712' title='bbox 3523 4863 3620 4916; x_wconf 78' lang='grc' dir='ltr'><strong>καὶ</strong></span> <span class='ocrx_word' id='word_1_713' title='bbox 3668 4865 3719 4915; x_wconf 83' lang='grc' dir='ltr'><strong>εί</strong></span> <span class='ocrx_word' id='word_1_714' title='bbox 3761 4863 3846 4934; x_wconf 75' lang='grc' dir='ltr'>μὴ</span> 
     </span>
    </p>
   </div>
   <div class='ocr_carea' id='block_1_103' title="bbox 2246 4954 3840 5028">
    <p class='ocr_par' dir='ltr' id='par_1_103' title="bbox 2246 4954 3840 5028">
     <span class='ocr_line' id='line_1_103' title="bbox 2246 4954 3840 5028; baseline -0.004 -14"><span class='ocrx_word' id='word_1_715' title='bbox 2246 4960 2525 5028; x_wconf 60' lang='grc' dir='ltr'>διέκλεζκεν</span> <span class='ocrx_word' id='word_1_716' title='bbox 2551 4957 2720 5028; x_wconf 74' lang='grc' dir='ltr'>αὐτὴν</span> <span class='ocrx_word' id='word_1_717' title='bbox 2741 4955 3014 5025; x_wconf 83' lang='grc' dir='ltr'>Ἀρμάτος</span> <span class='ocrx_word' id='word_1_718' title='bbox 3042 4956 3063 4987; x_wconf 76' lang='grc'>⁸</span> <span class='ocrx_word' id='word_1_719' title='bbox 3090 4957 3153 5008; x_wconf 83' lang='grc' dir='ltr'>ἐκ</span> <span class='ocrx_word' id='word_1_720' title='bbox 3178 4954 3271 5007; x_wconf 80' lang='grc' dir='ltr'>τοῦ</span> <span class='ocrx_word' id='word_1_721' title='bbox 3296 4954 3449 5019; x_wconf 84' lang='grc' dir='ltr'>ναοῦ,</span> <span class='ocrx_word' id='word_1_722' title='bbox 3478 4954 3621 5025; x_wconf 84' lang='grc' dir='ltr'>τάχα</span> <span class='ocrx_word' id='word_1_723' title='bbox 3643 4954 3709 5007; x_wconf 83' lang='grc' dir='ltr'><strong>ἂν</strong></span> <span class='ocrx_word' id='word_1_724' title='bbox 3741 4957 3840 5008; x_wconf 79' lang='grc' dir='ltr'><strong>καὶ</strong></span> 
     </span>
    </p>
   </div>
   <div class='ocr_carea' id='block_1_104' title="bbox 2246 5046 3839 5123">
    <p class='ocr_par' dir='ltr' id='par_1_104' title="bbox 2246 5046 3839 5123">
     <span class='ocr_line' id='line_1_104' title="bbox 2246 5046 3839 5123; baseline -0.004 -17"><span class='ocrx_word' id='word_1_725' title='bbox 2246 5052 2535 5123; x_wconf 78' lang='grc' dir='ltr'>διεφθάρη.</span> <span class='ocrx_word' id='word_1_726' title='bbox 2580 5050 2668 5112; x_wconf 81' lang='grc' dir='ltr'><strong>Ὠς</strong></span> <span class='ocrx_word' id='word_1_727' title='bbox 2700 5050 2720 5079; x_wconf 79' lang='grc'><strong>⁷</strong></span> <span class='ocrx_word' id='word_1_728' title='bbox 2745 5047 2873 5119; x_wconf 77' lang='grc'><strong>[105</strong></span> <span class='ocrx_word' id='word_1_729' title='bbox 2901 5046 2995 5119; x_wconf 65' lang='grc' dir='ltr'><strong>ιι]</strong></span> <span class='ocrx_word' id='word_1_730' title='bbox 3025 5046 3299 5117; x_wconf 85' lang='grc' dir='ltr'>Ἀρμάτος</span> <span class='ocrx_word' id='word_1_731' title='bbox 3322 5049 3389 5117; x_wconf 80' lang='grc' dir='ltr'><strong>τῇ</strong></span> <span class='ocrx_word' id='word_1_732' title='bbox 3415 5050 3632 5118; x_wconf 87' lang='grc' dir='ltr'>γαμετῇ</span> <span class='ocrx_word' id='word_1_733' title='bbox 3659 5047 3681 5077; x_wconf 85' lang='grc'><strong>⁸</strong></span> <span class='ocrx_word' id='word_1_734' title='bbox 3706 5064 3839 5100; x_wconf 89' lang='grc' dir='ltr'>συν-</span> 
     </span>
    </p>
   </div>
   <div class='ocr_carea' id='block_1_105' title="bbox 2246 5138 3843 5215">
    <p class='ocr_par' dir='ltr' id='par_1_105' title="bbox 2246 5138 3843 5215">
     <span class='ocr_line' id='line_1_105' title="bbox 2246 5138 3843 5215; baseline -0.004 -18"><span class='ocrx_word' id='word_1_735' title='bbox 2246 5145 2699 5215; x_wconf 75' lang='grc' dir='ltr'>διαφθειρόμενος</span> <span class='ocrx_word' id='word_1_736' title='bbox 2764 5138 3089 5193; x_wconf 83' lang='grc' dir='ltr'>Βασιλίσκου</span> <span class='ocrx_word' id='word_1_737' title='bbox 3143 5139 3236 5191; x_wconf 77' lang='grc' dir='ltr'>ἐπὶ</span> <span class='ocrx_word' id='word_1_738' title='bbox 3302 5138 3444 5209; x_wconf 85' lang='grc' dir='ltr'>μέγα</span> <span class='ocrx_word' id='word_1_739' title='bbox 3514 5138 3843 5202; x_wconf 79' lang='grc' dir='ltr'>δυναστείας</span> 
     </span>
    </p>
   </div>
   <div class='ocr_carea' id='block_1_106' title="bbox 2246 5232 3842 5309">
    <p class='ocr_par' dir='ltr' id='par_1_106' title="bbox 2246 5232 3842 5309">
     <span class='ocr_line' id='line_1_106' title="bbox 2246 5232 3842 5309; baseline -0.006 -17"><span class='ocrx_word' id='word_1_740' title='bbox 2246 5239 2413 5309; x_wconf 67' lang='grc' dir='ltr'>ἤρθη,</span> <span class='ocrx_word' id='word_1_741' title='bbox 2443 5238 2537 5290; x_wconf 71' lang='grc' dir='ltr'><strong>καὶ</strong></span> <span class='ocrx_word' id='word_1_742' title='bbox 2570 5238 2645 5298; x_wconf 85' lang='grc' dir='ltr'><strong>ὡς</strong></span> <span class='ocrx_word' id='word_1_743' title='bbox 2677 5234 2905 5305; x_wconf 74' lang='grc' dir='ltr'>ὕστερον</span> <span class='ocrx_word' id='word_1_744' title='bbox 2947 5232 3039 5286; x_wconf 81' lang='grc' dir='ltr'>τὸν</span> <span class='ocrx_word' id='word_1_745' title='bbox 3071 5233 3214 5286; x_wconf 86' lang='grc' dir='ltr'><strong>κατὰ</strong></span> <span class='ocrx_word' id='word_1_746' title='bbox 3244 5233 3492 5301; x_wconf 82' lang='grc' dir='ltr'><strong>Ζήνωνος</strong></span> <span class='ocrx_word' id='word_1_747' title='bbox 3522 5232 3842 5295; x_wconf 81' lang='grc' dir='ltr'>πιστευθεὶς</span> 
     </span>
    </p>
   </div>
   <div class='ocr_carea' id='block_1_107' title="bbox 1833 5349 2524 5414">
    <p class='ocr_par' dir='ltr' id='par_1_107' title="bbox 1833 5349 2524 5414">
     <span class='ocr_line' id='line_1_107' title="bbox 1833 5349 2524 5414; baseline 0 -7"><span class='ocrx_word' id='word_1_748' title='bbox 1833 5349 2073 5410; x_wconf 70' lang='lat' dir='ltr'><strong>VARl/E</strong></span> <span class='ocrx_word' id='word_1_749' title='bbox 2116 5355 2411 5414; x_wconf 78' lang='lat' dir='ltr'><strong>LECTION</strong></span> <span class='ocrx_word' id='word_1_750' title='bbox 2422 5354 2524 5408; x_wconf 85' lang='lat' dir='ltr'><strong>ES.</strong></span> 
     </span>
    </p>
   </div>
   <div class='ocr_carea' id='block_1_108' title="bbox 618 5422 1912 5510">
    <p class='ocr_par' dir='ltr' id='par_1_108' title="bbox 618 5422 1912 5510">
     <span class='ocr_line' id='line_1_108' title="bbox 618 5422 1912 5510; baseline -0.016 -11"><span class='ocrx_word' id='word_1_751' title='bbox 618 5424 662 5510; x_wconf 57' lang='grc'><strong>’,⁸</strong></span> <span class='ocrx_word' id='word_1_752' title='bbox 685 5422 771 5510; x_wconf 55' lang='lat' dir='ltr'><strong>Eb]</strong></span> <span class='ocrx_word' id='word_1_753' title='bbox 802 5426 867 5479; x_wconf 70' lang='grc' dir='ltr'>τὸ</span> <span class='ocrx_word' id='word_1_754' title='bbox 893 5427 1018 5510; x_wconf 52' lang='grc' dir='ltr'><strong>τῶν,</strong></span> <span class='ocrx_word' id='word_1_755' title='bbox 1042 5448 1104 5510; x_wconf 59' lang='grc' dir='ltr'><strong>ς,</strong></span> <span class='ocrx_word' id='word_1_756' title='bbox 1154 5433 1233 5510; x_wconf 42' lang='grc'><strong>..⁸⁷</strong></span> <span class='ocrx_word' id='word_1_757' title='bbox 1255 5433 1653 5510; x_wconf 81' lang='grc' dir='ltr'>Τηρασικοδίσα</span> <span class='ocrx_word' id='word_1_758' title='bbox 1674 5464 1735 5510; x_wconf 79' lang='grc' dir='ltr'>ς,</span> <span class='ocrx_word' id='word_1_759' title='bbox 1816 5448 1862 5480; x_wconf 75' lang='grc' dir='ltr'>οε</span> <span class='ocrx_word' id='word_1_760' title='bbox 1897 5450 1912 5501; x_wconf 55' lang='grc' dir='ltr'><strong>ι</strong></span> 
     </span>
    </p>
   </div>
   <div class='ocr_carea' id='block_1_109' title="bbox 560 5494 1715 5583">
    <p class='ocr_par' dir='ltr' id='par_1_109' title="bbox 560 5494 1715 5583">
     <span class='ocr_line' id='line_1_109' title="bbox 560 5494 1715 5583; baseline 0.016 -39"><span class='ocrx_word' id='word_1_761' title='bbox 560 5494 654 5545; x_wconf 80' lang='grc' dir='ltr'><strong>καὶ</strong></span> <span class='ocrx_word' id='word_1_762' title='bbox 670 5494 819 5583; x_wconf 39' lang='grc' dir='ltr'>’βαι</span> <span class='ocrx_word' id='word_1_763' title='bbox 849 5515 911 5562; x_wconf 85' lang='grc' dir='ltr'>ς.</span> <span class='ocrx_word' id='word_1_764' title='bbox 998 5501 1019 5532; x_wconf 90' lang='grc'>³</span> <span class='ocrx_word' id='word_1_765' title='bbox 1040 5502 1220 5583; x_wconf 74' lang='grc' dir='ltr'>αὐτῶν</span> <span class='ocrx_word' id='word_1_766' title='bbox 1398 5508 1417 5541; x_wconf 70' lang='grc'><strong>’⁸</strong></span> <span class='ocrx_word' id='word_1_767' title='bbox 1441 5494 1715 5583; x_wconf 38' lang='grc' dir='ltr'><strong>αὑτῆζῄςῖ,</strong></span> 
     </span>
    </p>
   </div>
   <div class='ocr_carea' id='block_1_110' title="bbox 1127 5520 2101 5594">
    <p class='ocr_par' dir='ltr' id='par_1_110' title="bbox 1127 5520 2101 5594">
     <span class='ocr_line' id='line_1_110' title="bbox 1127 5520 2101 5594; baseline 0.007 -24"><span class='ocrx_word' id='word_1_768' title='bbox 1339 5578 1362 5594; x_wconf 45' lang='grc' dir='ltr'><strong>ρ</strong></span> <span class='ocrx_word' id='word_1_769' title='bbox 1398 5520 1417 5541; x_wconf 70' lang='grc'><strong>³</strong></span> <span class='ocrx_word' id='word_1_770' title='bbox 1441 5520 1612 5583; x_wconf 60' lang='grc' dir='ltr'><strong>αὐτῆς</strong></span> <span class='ocrx_word' id='word_1_771' title='bbox 1655 5535 1715 5581; x_wconf 77' lang='grc' dir='ltr'><strong>ς’.</strong></span> <span class='ocrx_word' id='word_1_772' title='bbox 1809 5520 1831 5551; x_wconf 86' lang='grc'><strong><em>⁵</em></strong></span> <span class='ocrx_word' id='word_1_773' title='bbox 1861 5520 2004 5594; x_wconf 83' lang='grc' dir='ltr'>ὑπὲρ</span> <span class='ocrx_word' id='word_1_774' title='bbox 2040 5542 2101 5587; x_wconf 83' lang='grc' dir='ltr'>ς.</span> 
     </span>
    </p>
   </div>
   <div class='ocr_carea' id='block_1_111' title="bbox 560 5568 1540 5645">
    <p class='ocr_par' dir='ltr' id='par_1_111' title="bbox 560 5568 1540 5645">
     <span class='ocr_line' id='line_1_111' title="bbox 560 5568 1540 5645; baseline 0.022 -31"><span class='ocrx_word' id='word_1_775' title='bbox 560 5568 699 5635; x_wconf 83' lang='grc' dir='ltr'>μετῇ</span> <span class='ocrx_word' id='word_1_776' title='bbox 724 5572 805 5621; x_wconf 85' lang='grc' dir='ltr'><strong>Α;</strong></span> <span class='ocrx_word' id='word_1_777' title='bbox 843 5571 1058 5638; x_wconf 71' lang='grc' dir='ltr'>γυναικὶ</span> <span class='ocrx_word' id='word_1_778' title='bbox 1092 5576 1173 5629; x_wconf 90' lang='lat' dir='ltr'><strong>sic</strong></span> <span class='ocrx_word' id='word_1_779' title='bbox 1200 5568 1444 5633; x_wconf 37' lang='lat' dir='ltr'><strong>et&#39;infra.</strong></span> <span class='ocrx_word' id='word_1_780' title='bbox 1478 5598 1540 5645; x_wconf 83' lang='grc' dir='ltr'>ς.</span> 
     </span>
    </p>
   </div>
   <div class='ocr_carea' id='block_1_112' title="bbox 1911 5452 3712 5543">
    <p class='ocr_par' dir='ltr' id='par_1_112' title="bbox 1911 5452 3712 5543">
     <span class='ocr_line' id='line_1_112' title="bbox 1911 5452 3712 5543; baseline 0 0"><span class='ocrx_word' id='word_1_781' title='bbox 1911 5452 2281 5543; x_wconf 48' lang='lat' dir='ltr'><strong>aeneum;</strong></span> <span class='ocrx_word' id='word_1_782' title='bbox 2441 5452 2487 5482; x_wconf 70' lang='grc' dir='ltr'><strong>ὀ</strong></span> <span class='ocrx_word' id='word_1_783' title='bbox 2522 5452 2770 5543; x_wconf 57' lang='lat' dir='ltr'><strong>me:</strong></span> <span class='ocrx_word' id='word_1_784' title='bbox 3634 5452 3712 5543; x_wconf 65' lang='grc' dir='ltr'>τι</span> 
     </span>
    </p>
   </div>
   <div class='ocr_carea' id='block_1_113' title="bbox 2190 5510 3841 5592">
    <p class='ocr_par' dir='ltr' id='par_1_113' title="bbox 2190 5510 3841 5592">
     <span class='ocr_line' id='line_1_113' title="bbox 2190 5510 3841 5592; baseline -0.009 -17"><span class='ocrx_word' id='word_1_785' title='bbox 2190 5530 2209 5554; x_wconf 71' lang='grc' dir='ltr'><strong>θ</strong></span> <span class='ocrx_word' id='word_1_786' title='bbox 2242 5510 2488 5592; x_wconf 65' lang='grc' dir='ltr'>ἀρμάτος</span> <span class='ocrx_word' id='word_1_787' title='bbox 2546 5537 2627 5589; x_wconf 90' lang='lat' dir='ltr'><strong>pr.</strong></span> <span class='ocrx_word' id='word_1_788' title='bbox 2664 5521 2707 5571; x_wconf 84' lang='lat' dir='ltr'><strong>A</strong></span> <span class='ocrx_word' id='word_1_789' title='bbox 2738 5516 3007 5587; x_wconf 75' lang='grc' dir='ltr'>ἁρμάτιος</span> <span class='ocrx_word' id='word_1_790' title='bbox 3048 5528 3193 5570; x_wconf 83' lang='lat' dir='ltr'><strong>corr.</strong></span> <span class='ocrx_word' id='word_1_791' title='bbox 3255 5513 3273 5542; x_wconf 82' lang='grc'>⁷</span> <span class='ocrx_word' id='word_1_792' title='bbox 3308 5510 3401 5563; x_wconf 78' lang='grc' dir='ltr'><strong>καὶ</strong></span> <span class='ocrx_word' id='word_1_793' title='bbox 3437 5510 3513 5573; x_wconf 80' lang='grc' dir='ltr'>ὠς</span> <span class='ocrx_word' id='word_1_794' title='bbox 3563 5527 3625 5573; x_wconf 81' lang='grc' dir='ltr'>ς.</span> <span class='ocrx_word' id='word_1_795' title='bbox 3689 5513 3712 5543; x_wconf 80' lang='grc'><strong><em>⁸</em></strong></span> <span class='ocrx_word' id='word_1_796' title='bbox 3736 5510 3841 5578; x_wconf 66' lang='grc' dir='ltr'><strong>γαέ</strong></span> 
     </span>
    </p>
   </div>
   <div class='ocr_carea' id='block_1_114' title="bbox 2946 5438 3845 5513">
    <p class='ocr_par' dir='ltr' id='par_1_114' title="bbox 2946 5438 3845 5513">
     <span class='ocr_line' id='line_1_114' title="bbox 2946 5438 3845 5513; baseline -0.006 -15"><span class='ocrx_word' id='word_1_797' title='bbox 2946 5446 2960 5475; x_wconf 83' lang='grc'>¹</span> <span class='ocrx_word' id='word_1_798' title='bbox 3001 5445 3139 5498; x_wconf 89' lang='grc' dir='ltr'>λέων</span> <span class='ocrx_word' id='word_1_799' title='bbox 3184 5438 3546 5513; x_wconf 25' lang='grc' dir='ltr'><strong>λαϐὼνλὸ-Α.</strong></span> <span class='ocrx_word' id='word_1_800' title='bbox 3634 5439 3845 5513; x_wconf 75' lang='grc' dir='ltr'>⁸βασ.1</span> 
     </span>
    </p>
   </div>
   <div class='ocr_carea' id='block_1_115' title="bbox 2441 5444 2857 5506">
    <p class='ocr_par' dir='ltr' id='par_1_115' title="bbox 2441 5444 2857 5506">
     <span class='ocr_line' id='line_1_115' title="bbox 2441 5444 2857 5506; baseline -0.007 -4"><span class='ocrx_word' id='word_1_801' title='bbox 2441 5452 2487 5482; x_wconf 82' lang='grc'><strong>⁹⁹</strong></span> <span class='ocrx_word' id='word_1_802' title='bbox 2522 5446 2767 5506; x_wconf 81' lang='grc' dir='ltr'>ἐπινοίας</span> <span class='ocrx_word' id='word_1_803' title='bbox 2790 5444 2857 5499; x_wconf 80' lang='grc' dir='ltr'><strong>Α.</strong></span> 
     </span>
    </p>
   </div>
   <div class='ocr_carea' id='block_1_116' title="bbox 2084 5680 2318 5737">
    <p class='ocr_par' dir='ltr' id='par_1_116' title="bbox 2084 5680 2318 5737">
     <span class='ocr_line' id='line_1_116' title="bbox 2084 5680 2318 5737; baseline -0.009 -2"><span class='ocrx_word' id='word_1_804' title='bbox 2084 5680 2318 5737; x_wconf 66' lang='lat' dir='ltr'><strong>NOTAE.</strong></span> 
     </span>
    </p>
   </div>
   <div class='ocr_carea' id='block_1_117' title="bbox 630 5756 1333 5829">
    <p class='ocr_par' dir='ltr' id='par_1_117' title="bbox 630 5756 1333 5829">
     <span class='ocr_line' id='line_1_117' title="bbox 630 5756 1333 5829; baseline 0.028 -21"><span class='ocrx_word' id='word_1_805' title='bbox 630 5756 744 5823; x_wconf 71' lang='grc'><strong>(94)</strong></span> <span class='ocrx_word' id='word_1_806' title='bbox 777 5762 861 5816; x_wconf 80' lang='grc' dir='ltr'><strong>ΑΙ.</strong></span> <span class='ocrx_word' id='word_1_807' title='bbox 894 5766 1333 5829; x_wconf 87' lang='lat' dir='ltr'><strong>Ermenaricbus.</strong></span> 
     </span>
    </p>
   </div>
   <div class='ocr_carea' id='block_1_118' title="bbox 633 5830 1379 5899">
    <p class='ocr_par' dir='ltr' id='par_1_118' title="bbox 633 5830 1379 5899">
     <span class='ocr_line' id='line_1_118' title="bbox 633 5830 1379 5899; baseline 0.025 -19"><span class='ocrx_word' id='word_1_808' title='bbox 633 5830 746 5897; x_wconf 77' lang='grc'>(95)</span> <span class='ocrx_word' id='word_1_809' title='bbox 777 5833 959 5890; x_wconf 84' lang='lat' dir='ltr'><strong>Multis</strong></span> <span class='ocrx_word' id='word_1_810' title='bbox 988 5842 1053 5893; x_wconf 83' lang='lat' dir='ltr'><strong>de</strong></span> <span class='ocrx_word' id='word_1_811' title='bbox 1087 5844 1185 5897; x_wconf 73' lang='lat' dir='ltr'><strong>hoc</strong></span> <span class='ocrx_word' id='word_1_812' title='bbox 1227 5845 1379 5899; x_wconf 82' lang='lat' dir='ltr'><strong>Suid.</strong></span> 
     </span>
    </p>
   </div>
   <div class='ocr_carea' id='block_1_119' title="bbox 630 5903 2136 5987">
    <p class='ocr_par' dir='ltr' id='par_1_119' title="bbox 630 5903 2136 5987">
     <span class='ocr_line' id='line_1_119' title="bbox 630 5903 2136 5987; baseline 0.011 -28"><span class='ocrx_word' id='word_1_813' title='bbox 630 5903 743 5973; x_wconf 68' lang='lat'><strong>(96)</strong></span> <span class='ocrx_word' id='word_1_814' title='bbox 776 5908 920 5964; x_wconf 84' lang='lat' dir='ltr'><strong>Duas</strong></span> <span class='ocrx_word' id='word_1_815' title='bbox 964 5913 1061 5980; x_wconf 82' lang='lat' dir='ltr'><strong>ipsi</strong></span> <span class='ocrx_word' id='word_1_816' title='bbox 1112 5912 1576 5987; x_wconf 74' lang='lat' dir='ltr'><strong>Constantinopoli</strong></span> <span class='ocrx_word' id='word_1_817' title='bbox 1611 5930 1820 5975; x_wconf 85' lang='lat' dir='ltr'><strong>erectas</strong></span> <span class='ocrx_word' id='word_1_818' title='bbox 1852 5920 2136 5977; x_wconf 80' lang='lat' dir='ltr'><strong>columnas</strong></span> 
     </span>
    </p>
   </div>
   <div class='ocr_carea' id='block_1_120' title="bbox 2250 5773 3077 5844">
    <p class='ocr_par' dir='ltr' id='par_1_120' title="bbox 2250 5773 3077 5844">
     <span class='ocr_line' id='line_1_120' title="bbox 2250 5773 3077 5844; baseline -0.005 -13"><span class='ocrx_word' id='word_1_819' title='bbox 2250 5775 2539 5844; x_wconf 78' lang='lat' dir='ltr'><strong>descripsit</strong></span> <span class='ocrx_word' id='word_1_820' title='bbox 2569 5773 2723 5827; x_wconf 87' lang='lat' dir='ltr'><strong>Snid.</strong></span> <span class='ocrx_word' id='word_1_821' title='bbox 2758 5776 2810 5827; x_wconf 91' lang='lat' dir='ltr'><strong>in</strong></span> <span class='ocrx_word' id='word_1_822' title='bbox 2844 5776 3039 5827; x_wconf 77' lang='lat' dir='ltr'><strong>Verina</strong></span> <span class='ocrx_word' id='word_1_823' title='bbox 3064 5813 3077 5827; x_wconf 90' lang='lat'><em>.</em></span> 
     </span>
    </p>
   </div>
   <div class='ocr_carea' id='block_1_121' title="bbox 2322 5842 3841 5917">
    <p class='ocr_par' dir='ltr' id='par_1_121' title="bbox 2322 5842 3841 5917">
     <span class='ocr_line' id='line_1_121' title="bbox 2322 5842 3841 5917; baseline -0.005 -16"><span class='ocrx_word' id='word_1_824' title='bbox 2322 5842 2443 5913; x_wconf 59' lang='lat'><strong>(97)</strong></span> <span class='ocrx_word' id='word_1_825' title='bbox 2467 5845 2763 5917; x_wconf 78' lang='lat' dir='ltr'><strong>Zenonidc.</strong></span> <span class='ocrx_word' id='word_1_826' title='bbox 2795 5844 2933 5917; x_wconf 77' lang='lat' dir='ltr'><strong>Lege</strong></span> <span class='ocrx_word' id='word_1_827' title='bbox 2960 5848 3113 5917; x_wconf 90' lang='lat' dir='ltr'><strong>plura</strong></span> <span class='ocrx_word' id='word_1_828' title='bbox 3142 5860 3275 5901; x_wconf 83' lang='lat' dir='ltr'><strong>voce</strong></span> <span class='ocrx_word' id='word_1_829' title='bbox 3348 5842 3667 5913; x_wconf 82' lang='grc' dir='ltr'>’Λρμάτιος,</span> <span class='ocrx_word' id='word_1_830' title='bbox 3714 5842 3841 5913; x_wconf 73' lang='grc' dir='ltr'><strong>Ἀρ-</strong></span> 
     </span>
    </p>
   </div>
   <div class='ocr_carea' id='block_1_122' title="bbox 2254 5915 2787 5992">
    <p class='ocr_par' dir='ltr' id='par_1_122' title="bbox 2254 5915 2787 5992">
     <span class='ocr_line' id='line_1_122' title="bbox 2254 5915 2787 5992; baseline -0.004 -21"><span class='ocrx_word' id='word_1_831' title='bbox 2254 5924 2356 5992; x_wconf 73' lang='grc' dir='ltr'><strong>μὲιῖ</strong></span> <span class='ocrx_word' id='word_1_832' title='bbox 2368 5937 2423 5982; x_wconf 83' lang='lat'><strong>0;</strong></span> <span class='ocrx_word' id='word_1_833' title='bbox 2459 5921 2596 5987; x_wconf 84' lang='lat' dir='ltr'><strong>apud</strong></span> <span class='ocrx_word' id='word_1_834' title='bbox 2633 5915 2787 5971; x_wconf 74' lang='lat' dir='ltr'><strong>Sttitl.</strong></span> 
     </span>
    </p>
   </div>
  </div>
