4058 6400
237 449 326 513 253

1254 437 1781 499 BIBLIOTHECA.
1821 460 1892 470 —
1925 438 2088 498 COD.
2129 439 2390 499 LXXIX.

3342 441 3451 507 254

240 559 442 626 πόλεμον
477 550 762 606 ἀπέκλινεν
817 550 911 604 ἐπὶ
961 550 1256 622 συνθήκαις
1311 553 1378 606 δι’
1419 549 1588 605 Ἰλλοῦ
1637 549 1776 618 πρὸς

1881 552 2144 604 creditum
2171 549 2355 616 fuerit,
2392 551 2459 606 ad
2492 567 2650 622 quem
2700 561 2876 606 tamen
2908 533 3072 607 certis
3099 552 3273 621 pactis
3303 552 3448 624 56a

236 648 395 712 αὐτὸν,
425 646 513 699 καὶ
542 643 847 714 εὐδοκιμῶν
874 643 966 698 ἐπὶ
1010 646 1275 714 Ζήνωνος,
1307 645 1384 710 ὡς
1414 646 1508 698 καὶ
1535 645 1626 698 τὸν
1659 647 1775 698 υἱὸν

236 741 521 797 Βισιλίσκον
540 739 795 809 Καίσαρα
824 738 975 801 ἰδεῖν,
1001 737 1226 808 ὕστερον
1255 741 1650 812 ἐκρεουργήθη,
1680 741 1776 792 καὶ

232 839 398 897 ὀπαῖς
444 836 504 885 ἐκ
546 831 642 884 τοῦ
676 833 697 863 ⁸
731 830 1010 901 Καίσαρος
1058 832 1138 895 εἰς
1185 831 1310 894 τοὺς
1354 833 1411 884 ἐν
1446 831 1775 901 Βλαχέρναις

236 926 559 996 ἀναγνώστας
608 925 873 977 ἐτέλεσεν.
920 925 1008 987 Ὠς
1057 925 1163 990 πρὸ
1209 922 1416 976 τούτων
1450 923 1774 987 Βασιλίσκος

233 1023 426 1090 Μάρκον
454 1017 546 1070 τὸν
576 1017 710 1070 ἴδιον
743 1018 855 1068 υἱὸν
886 1017 1141 1086 Καίσαρα
1176 1017 1394 1068 ἀνεῖπεν
1428 1017 1490 1078 ¹⁰,
1529 1012 1648 1067 εἶτα
1677 1015 1775 1068 καὶ

231 1112 444 1184 βασιλέα.
476 1110 587 1162 Καὶ
620 1108 694 1171 ὡς
738 1107 936 1171 ’ῐλλοῦς
980 1107 1177 1178 συνέὄη
1207 1108 1414 1177 Ζήνωνι
1454 1108 1536 1171 είς
1566 1107 1771 1176 φιλίαν,

227 1206 306 1259 καὶ
348 1203 500 1256 πάλιν
549 1201 843 1254 ἀναλαϐεῖν
886 1200 1271 1270 παρεσκεύασε
1317 1200 1418 1271 τὴν
1476 1201 1772 1270 βασιλείαν.

229 1297 317 1348 Καὶ
355 1294 424 1356 ὡς
456 1291 954 1354 καταστασιασθεὶς
1000 1291 1254 1361 βασιλεὺς
1308 1293 1406 1345 σὺν
1434 1295 1500 1362 τῇ
1555 1293 1776 1360 γυναικὶ

226 1384 450 1456 Ζηνωνίδι
475 1383 572 1435 καὶ
597 1384 808 1445 τέκνοις
840 1382 1172 1450 καταφεύγει
1195 1385 1272 1444 είς
1293 1383 1392 1453 τὴν
1427 1383 1772 1454 Ἐκκλησίαν,

227 1477 448 1530 κάκεῖθεν
491 1477 682 1544 ἀπάτῃ
728 1475 1000 1545 Ἀρμάτου
1036 1474 1319 1544 ἐκὸληθεὶς
1362 1474 1662 1544 ἐξορίζεται
1696 1478 1777 1538 εἰς

225 1568 620 1631 Καππαδοκίαν,
671 1564 791 1620 εἶτα
840 1569 1105 1636 παγγενεὶ
1135 1567 1175 1597 ¹¹
1217 1567 1649 1635 κατασφάξεται.
1686 1567 1776 1631 Ὠς

224 1663 400 1730 Πέτρου
423 1662 520 1714 τοῦ
540 1661 834 1724 δυσσεὸοὖς
854 1661 950 1723 τάς
975 1661 1073 1728 τῆς
1096 1661 1388 1732 Ἀνατολῆς
1406 1662 1776 1734 ταράσσοντας

230 1743 534 1824 Ἕκκλησίας
589 1755 943 1808 Καλανδίωνα
993 1757 1178 1824 Ζήνων
1207 1756 1235 1808 ὁ
1283 1753 1538 1823 βασιλεὺς
1595 1757 1676 1819 εἰς
1714 1754 1776 1808 τὸ

221 1847 437 1917 ἱερᾶσθαι
475 1847 812 1917 Ἀντιοχείας
837 1848 1121 1900 ἀπέστειλε
1155 1849 1221 1912 ³³,
1246 1848 1341 1900 καὶ
1365 1848 1616 1917 δεόμενος
1638 1865 1772 1919 χρη-

221 1939 378 2007 μάτων
392 1941 451 1991 ἐκ
472 1942 813 2008 μηνυμάτων
843 1939 1094 2009 ἐπέτυχε,
1108 1940 1202 1992 καὶ
1219 1940 1402 1994 πολλοὶ
1421 1941 1772 2013 νεωτερίσαν-

217 2049 292 2092 τες
310 2033 419 2083 κατ’
438 2033 608 2084 αὑτοῦ
634 2035 727 2085 καὶ
745 2033 1044 2098 ἐαλωκότες
1061 2035 1216 2104 δίκην
1229 2034 1434 2090 ἔδοσαν.
1457 2035 1542 2100 Ὠς
1572 2033 1771 2098 ἰλλοῦς

216 2123 360 2175 πολλὰ
385 2125 446 2193 τῇ
487 2122 784 2192 Ῥωμαίων
811 2129 1104 2194 συνήνεγκε
1129 2125 1376 2196 πολιτείᾳ
1405 2129 1526 2189 ταῖς
1552 2143 1610 2178 τε
1637 2125 1778 2179 κστά

217 2215 424 2281 πόλεμον
471 2213 874 2283 ἀνδραγαθίαις
900 2215 996 2269 καί¹
1041 2217 1160 2278 ταῖς
1189 2215 1330 2268 κατά
1359 2215 1518 2268 πόλιν
1573 2216 1780 2285 φιλοτι-

217 2313 345 2380 μίαις
377 2329 434 2363 τε
465 2314 568 2365 καὶ
598 2313 1066 2383 δικαιοπραγίαις.
1117 2313 1204 2376 Ὠς
1251 2313 1392 2382 μετά
1429 2313 1528 2383 τήν
1560 2315 1780 2384 ἀναίρε-

215 2420 286 2454 σιν
313 2403 400 2455 τοῦ
428 2402 705 2471 βασιλέως
736 2405 998 2467 Νέπωτος
1036 2404 1256 2476 Ῥώμης
1299 2407 1392 2460 καὶ
1419 2409 1509 2461 τὸν
1538 2409 1779 2478 διωγμὸν

214 2497 291 2548 τοῦ
319 2498 430 2566 μετ’
458 2499 632 2551 αὐτὸν
656 2500 1067 2567 Αὐγουστούλου
1099 2502 1391 2573 Ὀδόακρος
1425 2501 1654 2568 Ἰταλίας
1683 2507 1778 2558 καὶ

214 2586 356 2654 αὐτῆς
399 2589 683 2658 ἐκράτησε
730 2589 980 2662 Ῥώμης·
1024 2595 1122 2645 καὶ
1173 2595 1583 2648 στασιασάντων
1624 2595 1776 2667 αὐτῷ

212 2679 300 2730 τῶν
325 2679 611 2748 δυσμικῶν
638 2682 915 2748 Γαλατῶν,
954 2685 1544 2755 διαπρεσϐευσαμένων
1585 2704 1644 2738 τε
1678 2689 1779 2740 αὑ-

212 2772 302 2824 τῶν
337 2778 424 2825 καὶ
453 2774 761 2845 Ὀδοάκρου
788 2777 926 2847 πρὸς
945 2778 1190 2847 Ζήνωνα,
1218 2779 1495 2850 Ὀδοάκριρ
1526 2781 1725 2849 μᾶλλον
1750 2784 1778 2835 ὁ

211 2865 372 2932 Ζήνων
425 2866 751 2922 ἀπέκλινεν.
799 2867 884 2930 Ὠς
918 2868 1140 2933 Ἀλανός
1190 2889 1276 2934 τις
1318 2871 1519 2924 Ἰλλοῦν
1569 2873 1778 2928 ἀνελεῖν

213 2955 464 3026 βουληθεὶς
505 2960 608 3012 καὶ
636 2961 845 3030 πλήξας
869 2962 1170 3016 Ἐπινίκιον
1195 2960 1370 3026 εἶπεν,
1401 2965 1460 3024 ὃς
1485 2962 1553 3038 ἦν
1579 2968 1778 3032 οἰκεῖος

209 3050 411 3122 Βηρίνῃ,
442 3053 553 3124 τὴν
602 3053 884 3123 ἀναίρεσιν
936 3055 1261 3108 ὑποθέσθαυ
1299 3056 1393 3110 καὶ
1427 3057 1504 3120 ὡς
1557 3058 1773 3130 ἐξεδόθη

209 3140 478 3207 Ἐπινίκιος
522 3144 690 3197 Ἶλλοῦ
713 3162 726 3175 ·
750 3147 843 3198 καὶ
864 3147 939 3209 ὡς
965 3147 1255 3218 ὑποσχέσει
1280 3151 1374 3202 καὶ
1395 3151 1710 3222 ἀμνηστίας
1733 3153 1775 3184 ’³

1879 643 2002 698 Hilli
2041 644 2150 715 (98)
2181 659 2344 713 opera
2375 645 2796 709 conditionibus,
2847 642 3062 698 defecit.
3097 643 3208 699 Sub
3233 644 3451 700 Zenone

1878 734 2041 802 igitur
2091 735 2224 788 tanti
2260 750 2380 789 cum
2420 747 2568 790 esset
2605 735 2841 789 nominis
2885 737 3167 800 Armatus,
3200 747 3257 789 ut
3295 747 3350 790 et
3388 740 3452 789 li-

1879 827 2006 880 lium
2037 827 2356 881 Basiliscum
2382 827 2647 881 Caesarem
2684 827 2900 891 viderit,
2942 838 3060 897 post
3099 828 3451 881 nihilominus

1879 919 1931 973 in
1967 918 2134 972 frusta
2167 919 2468 986 discerptus
2501 929 2583 972 est
2612 918 2722 990 (99)
2757 929 2811 971 et
2835 934 2969 986 puer
3004 919 3119 987 ipse
3143 936 3208 972 es
3235 919 3452 972 Cmsare

1877 1011 2019 1064 inter
2051 1010 2280 1064 lectores
2317 1011 2366 1063 in
2406 1009 2720 1064 Blachernis
2762 1009 3000 1079 proliteri
3035 1012 3218 1078 coepit.
3253 1010 3450 1063 Basili-

1876 1118 2002 1158 scus
2034 1113 2158 1157 ante
2191 1105 2302 1156 haec
2339 1101 2575 1156 Marcum
2622 1101 2788 1154 lilium
2815 1100 3084 1154 Caesarem
3117 1110 3354 1162 crearat,
3387 1114 3451 1152 ac

1878 1205 1999 1266 post
2045 1197 2208 1250 etiam
2265 1194 2669 1262 imperatorem.
2708 1192 2879 1246 Iiillus
2921 1208 3044 1245 cum
3071 1191 3288 1244 Zenone
3323 1207 3454 1243 con-

1879 1290 2063 1344 ciliata
2088 1287 2324 1340 amicitia
2357 1286 2640 1354 imperium
2668 1285 2842 1338 eidem
2869 1298 3192 1351 recuperare
3216 1279 3449 1334 studuit.

1879 1380 2175 1435 Basiliscus
2208 1379 2390 1445 itaque
2423 1393 2451 1429 a
2484 1376 2758 1430 seditiosis
2784 1383 3090 1443 superatus,
3125 1388 3246 1426 cum
3280 1370 3454 1424 Zeno-

1879 1473 2004 1528 nide
2029 1472 2279 1541 conjuge,
2304 1487 2368 1524 ac
2402 1469 2587 1522 liberis
2614 1469 2666 1520 in
2690 1467 2940 1535 templum
2970 1481 3028 1518 se
3056 1465 3276 1531 recepit,
3313 1462 3456 1514 unde

1882 1564 2088 1618 Armati
2138 1563 2422 1616 fraudibus
2454 1571 2752 1620 extractus,
2779 1570 2835 1613 et
2862 1560 2911 1610 in
2939 1557 3337 1626 Cappadociam
3370 1569 3455 1606 re-

1879 1657 2112 1726 legatus.
2165 1668 2289 1709 mox
2329 1670 2450 1708 cum
2489 1663 2596 1706 tota
2651 1653 2818 1720 stirpe
2854 1665 3028 1703 caesus
3053 1657 3155 1702 est.
3185 1647 3320 1700 Cum
3353 1643 3456 1697 Pe-

1882 1759 1998 1806 trus
2057 1749 2134 1819 (i)
2184 1749 2273 1802 ille
2328 1747 2526 1814 impius
2565 1744 2806 1798 Orientis
2859 1744 3104 1796 turbaret
3155 1739 3451 1800 Ecclesias,

1883 1845 2028 1898 misit
2051 1842 2196 1896 Zeno
2227 1843 2522 1909 imperator
2563 1836 2976 1899 Caiandionem,
3009 1845 3065 1886 ut
3101 1833 3456 1886 Antiochena:

1882 1937 2026 1990 sedis
2059 1934 2346 2003 episcopus
2396 1939 2722 1984 sacraretur.
2753 1927 2886 1981 Cum
2935 1927 3062 1979 item
3109 1924 3332 1994 pecunia
3370 1926 3454 1975 in-

1882 2030 2089 2096 digeret
2118 2028 2436 2095 imperator,
2471 2023 2776 2092 quaerendae
2820 2020 2895 2074 illi
2933 2021 3174 2089 pecunia:
3217 2017 3456 2070 rationes

1881 2133 2116 2176 ostensa:
2147 2127 2295 2172 sunt.
2341 2116 2493 2170 Multi
2534 2113 2696 2168 rebus
2742 2112 2898 2165 novis
2935 2120 3126 2163 contra
3162 2108 3310 2162 illiilli
3342 2116 3459 2159 stu-

1881 2218 2092 2276 dentes,
2130 2212 2274 2280 capti
2316 2223 2507 2278 pmuas
2540 2206 2824 2261 dederunt.
2861 2203 3022 2256 Multa
3059 2201 3231 2256 liillus
3256 2200 3457 2254 Roma-

1883 2325 1964 2362 na:
1993 2305 2302 2376 reipublica:
2341 2303 2592 2366 contulit,
2624 2317 2747 2356 cum
2794 2299 2997 2353 militiae
3038 2298 3197 2351 rebus
3239 2295 3458 2348 fortiter

1881 2403 2074 2470 gestis,
2111 2411 2223 2453 tum
2259 2399 2402 2452 domi
2431 2397 2674 2451 honestis
2705 2393 2920 2454 studiis,
2957 2390 3258 2457 acjuslitiae
3281 2388 3453 2442 cultu.

1883 2495 2011 2549 Post
2073 2494 2457 2560 interemptum
2513 2489 2816 2542 Romanum
2867 2487 3136 2539 Catsareni
3185 2491 3456 2550 nepotem,

1881 2598 1934 2642 et
1961 2588 2078 2652 ejus
2106 2598 2479 2637 successorem
2525 2577 2888 2647 Augustulum
2926 2576 3234 2644 expulsum,
3269 2570 3456 2625 Odoa-

1881 2696 1973 2733 cer
1998 2676 2177 2741 italia,
2205 2687 2368 2744 atque
2409 2675 2524 2744 ipsa
2556 2674 2690 2725 adeo
2721 2673 2854 2722 urbe
2891 2670 3092 2737 potitus
3117 2674 3218 2719 est.
3261 2663 3460 2716 Rebel-

1881 2767 2121 2820 lantibus
2151 2775 2330 2818 autem
2366 2765 2489 2816 huic
2516 2761 2828 2815 Occidentis
2859 2757 3054 2822 Gallis,
3110 2768 3164 2810 et
3189 2757 3460 2824 legatione

1881 2859 1950 2912 ab
1982 2860 2138 2930 ipsis,
2177 2857 2391 2925 aliaque
2415 2855 2481 2907 ah
2507 2853 2755 2908 Odoacro
2783 2853 2848 2905 ad
2877 2850 3147 2904 Zenonem
3180 2850 3365 2913 missa,
3403 2849 3458 2901 in

1881 2954 2187 3010 Odoacrum
2233 2951 2404 3020 magis
2442 2949 2680 3002 Zenonis
2726 2947 2941 2999 animus
2979 2943 3280 2997 inclinavit.
3334 2940 3461 2995 Ala-

1884 3063 1986 3101 nus
2037 3047 2253 3114 qnidam
2309 3042 2563 3096 occidere
2622 3038 2820 3092 Hillqu
2873 3047 3120 3097 conatus,
3161 3047 3283 3086 cum
3335 3046 3458 3084 eum

1883 3140 2261 3210 percussisset,
2289 3136 2356 3190 ab
2389 3135 2656 3204 Epinicio,
2686 3133 2777 3200 qui
2813 3139 2931 3184 erat
2959 3127 3172 3182 Veriua:
3203 3124 3461 3179 domesti-

209 3235 287 3286 καὶ
323 3235 663 3305 εὐεργεσιῶν
695 3238 894 3303 ,ἐξεῖπε
946 3241 1124 3293 πάντα
1177 3242 1496 3311 Ἐπινίκιος,
1539 3247 1640 3299 ὅσα
1670 3249 1770 3299 ἐπ-

1883 3253 2000 3301 cus,
2033 3235 2387 3288 subornatum
2427 3243 2486 3284 se
2520 3231 2587 3282 ad
2636 3228 2840 3281 cedem
2879 3224 2976 3288 ait,
3018 3223 3201 3291 itaque
3229 3219 3460 3274 traditus

209 3327 433 3416 εὗούλευε
459 3329 674 3399 Βηρῖνα
699 3331 839 3383 κατά
877 3331 1041 3386 Ἰ).λοῦ
1063 3351 1078 3364 ο
1109 3331 1232 3405 [177
1263 3335 1354 3408 [1.]
1379 3337 1472 3390 καὶ
1493 3339 1567 3402 ὠς
1593 3341 1778 3409 Ζήνων

207 3420 417 3488 Βηρῖναν
455 3422 554 3474 διὰ
581 3421 740 3475 τοῦτο
786 3424 1088 3488 ἐκδίδωσιν,
1125 3429 1153 3478 ό
1195 3427 1250 3478 δέ
1295 3429 1466 3498 αὐτὴν
1496 3431 1574 3493 είς
1607 3432 1779 3500 φρού-

211 3528 302 3576 ριον
330 3513 594 3578 Κιλικίας
625 3514 960 3586 ὑπερορίσας
985 3517 1345 3586 ἠσφαλίσατο.
1383 3519 1471 3584 Ὠς
1506 3523 1778 3592 Παμπρε-

205 3605 297 3675 πὶῳ
316 3604 388 3675 τῷ
408 3605 669 3659 δυσσεϐεῖ
683 3609 771 3659 διὰ
792 3610 1018 3679 Μάρσου
1048 3611 1244 3675 Ἰλλοῦς
1262 3614 1538 3682 φιλιωθεὶς
1562 3617 1779 3670 ἅπαντα

205 3699 325 3750 κατὰ
360 3700 566 3770 μικρὸν
614 3700 834 3770 συνέχεε
868 3704 936 3756 τά
985 3705 1172 3758 αὐτοῦ.
1211 3706 1298 3769 Ὡς
1332 3708 1596 3776 ἐμφύλιος
1650 3727 1777 3762 συν-

203 3787 318 3859 έπη
350 3791 569 3861 Ζήνωνι
606 3793 652 3824 ¹⁶
681 3794 919 3864 πόλεμος
954 3794 1278 3868 ἐξάρχοντος
1319 3799 1641 3868 Μαρκιανοῧ
1681 3802 1778 3854 καὶ⁹

205 3879 518 3948 Προκοπίου,
563 3885 699 3938 υίῶν
733 3885 827 3938 τοῦ
867 3887 1291 3957 βασιλεύσαντος
1335 3891 1554 3963 Ῥώμης
1591 3895 1776 3948 Ἀνθευ

205 3971 342 4038 μέου·
371 3977 467 4028 καὶ
517 3977 896 4047 κρατήσαντος
930 3980 1180 4049 Ζήνωνος
1224 3981 1290 4034 δι’
1333 3982 1501 4038 Ὶλλοῦ
1533 3989 1776 4056 πρεσὸύο-

203 4079 337 4132 τερος
365 4066 467 4134 μέν
496 4069 822 4138 Μαρκιανὸς
863 4071 1271 4143 ἐχειροτονήθη,
1314 4077 1342 4128 ὁ
1371 4075 1426 4128 δέ
1471 4077 1778 4145 Προκόπιος

202 4156 320 4224 πρὸς
347 4157 690 4229 Θεοδὼριχον
712 4162 802 4213 τὸν
823 4163 881 4214 ἐν
896 4162 1082 4232 Θρᾴκῃ
1101 4164 1347 4234 διέφυγε.
1369 4169 1480 4221 Καὶ
1506 4169 1580 4234 ὼς
1607 4171 1780 4243 ὑπερ-

201 4250 418 4315 ορισθεὶς
461 4253 790 4324 Μαρκιανὸς
834 4256 892 4306 ἐν
937 4256 1306 4328 Καππαδοκία
1355 4262 1451 4314 καὶ
1499 4263 1778 4333 διαφυγὼν

205 4340 413 4411 ἐτάραξε
447 4344 552 4415 τὴν
601 4347 724 4398 κατ’
761 4346 1048 4414 Ἄγκυραν
1086 4349 1376 4416 Γαλατίαν,
1420 4349 1540 4407 εἶτα
1577 4357 1777 4428 συλλη-

204 4433 336 4498 φθεὶς
368 4438 452 4500 είς
481 4437 763 4507 Ίσαυρίαν
788 4438 1070 4510 διῳκίσθη.
1101 4442 1210 4493 Καὶ
1233 4443 1308 4506 ὡς
1341 4445 1531 4514 ήπρὸς
1575 4448 1778 4503 Ἰλλοῦν

1883 3327 2024 3380 llillo
2061 3325 2336 3394 Epinicius
2375 3333 2481 3385 est,
2524 3320 2615 3388 qui
2655 3321 2779 3372 data
2819 3318 2921 3370 ﬁde
2969 3325 3022 3368 et
3058 3311 3373 3373 oblivionis,
3405 3317 3462 3362 et

1881 3421 2250 3491 praemiorum,
2289 3416 2480 3469 ordine
2516 3423 2710 3466 cuncta
2753 3408 3055 3469 enarravit,
3097 3421 3215 3473 quae
3266 3405 3316 3456 in
3345 3400 3461 3454 Hil-

1880 3515 1990 3568 lum
2026 3512 2221 3565 Verina
2273 3510 2576 3562 moliretur.
2629 3504 2807 3569 Quare
2841 3500 2986 3555 Zeno
3021 3498 3274 3553 Verinam
3320 3494 3461 3548 llillo

1881 3607 2123 3667 tradidit,
2172 3605 2261 3672 qui
2295 3617 2414 3656 eam
2467 3601 2520 3654 in
2577 3598 2780 3654 Cilicia:
2832 3595 3117 3650 castellum
3169 3589 3458 3660 ablegavit,

1880 3712 2042 3770 atque
2091 3698 2163 3752 ita
2217 3707 2389 3749 tutum
2421 3709 2544 3747 sese
2591 3691 2846 3745 reddidit.
2904 3687 3080 3740 llillus
3113 3684 3459 3751 Paltipi‘t'pin,

1881 3793 2087 3850 homini
2126 3793 2315 3862 impio,
2340 3789 2504 3842 Marsi
2543 3801 2732 3855 opera,
2759 3785 2936 3837 factus
2976 3795 3160 3842 carus,
3200 3777 3459 3846 paulatim

1881 3887 2064 3944 omnia
2123 3885 2293 3954 ipsius
2339 3881 2558 3950 negotia
2623 3877 2984 3948 perturbavit.
3041 3872 3212 3927 Civile
3255 3868 3460 3923 Zenoni

1880 3981 2078 4037 bellum
2122 3978 2243 4042 fuit,
2295 3986 2459 4044 atque
2504 3973 2822 4026 intestinum
2873 3964 3278 4035 insurgentibus
3325 3961 3464 4012 Mar-

1881 4075 2045 4130 ciano
2092 4083 2146 4126 et
2178 4069 2467 4138 Procopio,
2509 4066 2634 4120 liliis
2665 4063 2782 4132 ejus
2811 4062 2901 4132 qui
2947 4060 3131 4112 Roma-
3161 4060 3464 4125 imperave—

1880 4177 1966 4220 rat
2017 4163 2294 4218 Anthemii
2353 4176 2492 4229 quos
2525 4173 2648 4212 cum
2700 4155 2874 4209 llillus
2917 4151 3152 4206 Zenonis
3201 4147 3463 4215 auspiciis

1879 4257 2191 4318 devicisset,
2226 4253 2535 4308 Marcianus
2569 4249 2788 4317 quidem
2829 4255 2954 4300 natu
3006 4243 3266 4311 grandior
3313 4241 3457 4293 ordi-

1881 4359 2043 4403 natus
2075 4355 2161 4400 est
2188 4345 2472 4413 presbyter
2511 4358 2524 4394 :
2565 4339 2865 4406 Procopius
2903 4351 3034 4389 vero
3065 4337 3131 4386 ad
3160 4331 3463 4386 Theoderi-

1880 4444 2042 4496 clium
2102 4440 2154 4493 in
2205 4437 2496 4491 Thraciam
2542 4431 2808 4500 confugit.
2859 4431 2999 4495 Quin
3043 4438 3095 4480 et
3121 4427 3354 4480 extorris
3407 4425 3462 4477 in

202 4525 352 4626 ἔχθρα
399 4527 484 4597 τῷ
517 4529 735 4597 βασιλεῖ
776 4531 1004 4602 συνέστη
1056 4533 1151 4585 καὶ
1201 4535 1434 4606 ηὐξήθη.
1469 4537 1628 4592 Οὕτω
1676 4543 1776 4612 μὲν

1883 4532 2227 4605 Cappadocia
2273 4527 2604 4589 Marcianus,
2641 4523 2768 4592 fuga
2821 4522 3055 4590 elapsus,
3091 4533 3210 4587 qua:
3241 4517 3309 4570 ad
3353 4516 3464 4570 An-

200 4617 279 4670 οὗν
312 4620 353 4650 ’⁸
378 4622 477 4673 καὶ
510 4623 541 4673 ό
569 4622 846 4691 δεύτερος.

1892 4646 2074 4701 cyram
2101 4627 2342 4696 pertinet
2366 4618 2659 4682 Galatiam,
2687 4615 2946 4677 turbavit,
2988 4613 3158 4664 donec
3188 4619 3378 4676 captus
3413 4607 3467 4660 in

203 4710 444 4804 lsauriain
476 4725 567 4767 est
604 4713 891 4782 relegatus.
923 4716 981 4769 1η
1011 4715 1210 4771 Hillum
1243 4734 1460 4791 quoque
1533 4727 1601 4783 ab
1670 4730 2002 4804 imperatore
2061 4724 2246 4780 odium
2301 4720 2622 4781 conceptum
2701 4716 2808 4772 est,
2886 4712 3232 4771 auctumque.
3286 4706 3462 4774 Atque

204 4803 300 4854 lucc
329 4802 470 4856 libro
499 4805 745 4855 secundo
771 4806 1006 4872 prodita.

268 4893 322 4946 '0
354 4895 411 4946 δὲ
433 4896 624 4965 τρίτος
653 4895 790 4949 ἄλλα
811 4914 868 4949 τε
896 4897 1161 4970 περιέχει,
1191 4901 1284 4955 καὶ
1308 4905 1382 4968 ὡς
1407 4907 1486 4971 εἰς
1513 4909 1575 4964 τὸ
1597 4913 1776 4983 ἐμφα-

203 4983 276 5046 νὲς
317 4985 524 5047 Ἰλλοῧς
557 4986 871 5051 ἐπαναστάς
903 4990 1112 5060 Ζήνωνι
1148 4991 1372 5062 βασιλέα
1394 4998 1648 5054 Λεόντιον
1679 5007 1776 5056 σὺν

205 5076 392 5150 Βήρίνῃ
417 5081 664 5144 ἀνεῖπεν,
688 5080 836 5143 ὅπως
860 5099 916 5134 τε
944 5081 1430 5156 δυσπραγήσαντες
1457 5093 1781 5165 ἐπολιορκή-

205 5167 357 5238 θησαν
386 5171 486 5224 καὶ
546 5173 766 5236 ἁλόντες
818 5175 1241 5248 ἀπετμήθησαν,
1300 5183 1394 5234 καὶ
1449 5182 1620 5236 τᾶλλα
1673 5185 1779 5249 ἕως

206 5261 286 5325 τῖες
309 5264 565 5334 Ζήνωνος
587 5265 867 5337 τελευτῆς.

1960 4908 2096 4979 56b
2157 4901 2378 4957 Tertius
2423 4895 2618 4951 deinde
2669 4894 2806 4947 liber
2857 4906 2979 4946 cum
3035 4889 3139 4943 alia
3196 4890 3461 4954 continet,

1885 5013 2000 5055 tum
2041 4993 2314 5064 quomodo
2343 4988 2522 5058 palam
2568 4987 2618 5039 in
2645 4983 2920 5038 Zenonem
2952 4981 3127 5036 Hillus
3153 4982 3467 5035 insurrexe-

1887 5091 1979 5152 rit,
2038 5083 2434 5150 Leontiumque
2481 5081 2860 5147 imperatorem
2894 5073 3087 5128 Veriua
3119 5074 3464 5128 renuntiave-

1887 5182 1982 5245 rit,
2015 5189 2182 5247 utque
2241 5190 2299 5229 re
2355 5171 2647 5226 infeliciter
2707 5179 2884 5239 gesta,
2944 5167 3153 5222 obsessi
3208 5166 3464 5233 captique

1884 5270 2062 5338 capite
2108 5265 2344 5322 truncati
2395 5265 2528 5328 sint,
2579 5261 2797 5333 aliaque
2832 5260 2900 5315 ad
2940 5259 3018 5331 (2)
3051 5261 3254 5314 exitum
3296 5270 3466 5326 usque

1885 5360 2145 5416 Zenonis.

1438 5458 1676 5514 VARle
1705 5456 2111 5512 LECTiONES.

263 5542 283 5571 ’
307 5544 369 5593 ἐκ
388 5543 489 5596 τοῦ
511 5543 557 5596 Δ
581 5560 594 5595 :
625 5546 733 5598 ἀπὸ
757 5564 820 5610 ς.
933 5548 978 5580 ⁸⁸
1007 5545 1160 5602 εἶπεν
1198 5549 1266 5606 Α.

205 5607 401 5680 Ζήνωνι
435 5631 501 5679 ς.
571 5615 613 5648 ³⁵
646 5617 744 5686 μὲν
763 5607 857 5670 οὖν
923 5636 1030 5673 om.
1057 5621 1122 5674 A.

1366 5549 1406 5581 “
1439 5554 1690 5623 παγγενή
1718 5551 1782 5605 Α.

1870 5549 1914 5579 ¹²
1946 5548 2266 5605 ἀπέσταλκε
2304 5567 2366 5615 ς.
2453 5550 2499 5582 ⁸³
2528 5549 2862 5621 ἀμνηστείας
2885 5565 2946 5612 ς.
3049 5546 3096 5578 ⁸⁸
3118 5541 3350 5616 Ζήνωνι]
3385 5541 3466 5614 τῷ

1721 5687 1952 5748 NOTAE.

409 5752 646 5835 zeponis
695 5755 839 5811 hunc
888 5757 1308 5835 Magumdl'nisse
1351 5765 1571 5835 scripsit
1617 5766 1772 5821 Suid.

212 5823 382 5945 ω(199)
461 5825 704 5880 Malclius
771 5843 871 5898 sup
962 5823 1030 5884 ab
1106 5832 1357 5902 Onulplio
1427 5823 1774 5894 iiiteifectuui

1956 5757 2406 5832 (l)_liz_ereticus,
2447 5774 2594 5828 supr.
2668 5761 3102 5829 cognominatur,
3158 5759 3280 5814 cod.
3325 5757 3390 5814 Μ
3418 5771 3460 5825 ;.

1887 5826 2023 5890 alibi"
2047 5826 2225 5890 Fullo,
2263 5826 2612 5883 Antiocheam
2636 5826 2780 5883 sedis
2810 5842 3009 5896 raptor.

1959 5901 2041 5976 ('2)
2067 5898 2236 5967 Quem
2270 5903 2385 5973 lege
2414 5905 2554 5971 apud
2583 5901 2737 5956 Suid.
2771 5904 2822 5955 in
2859 5899 3100 5956 Zenone.
