4092 6436
1664 439 1929 501 ΡΗΟΤΙΙ
1970 435 2478 498 ΡΑΤΒΙᾹΒΕΗᾸΞ
2514 435 2627 497 CP.

1199 557 1385 615 LXXX
1397 599 1412 614 .

2964 554 3049 609 l'l'.

782 655 1148 725 Olympiodori
1183 654 1527 707 historiarum
1564 649 1686 706 libri
1718 664 1859 705 nti.

2431 645 2919 715 Ὀλυμπιοδώρου
2956 644 3224 713 ιστοριας
3257 642 3427 712 λόγοι
3468 642 3586 707 κβν.

608 749 759 805 Lecti
800 756 926 803 sunt
962 745 1328 817 Olympiodori
1371 744 1732 798 Historiarum
1766 741 1887 796 libri
1926 739 2039 805 duo,
2061 745 2117 792 et

2305 737 2752 805 Ἀνεγνώσθησαν
2788 734 3231 806 Ὀλυμπιοδώρου
3287 732 3594 801 Ἰστορικοὶ
3631 732 3804 801 λόγοι

538 843 756 912 viginti,
788 842 954 896 ducto
1008 840 1167 893 initio
1221 840 1288 893 ab
1341 836 1562 892 Honorii
1612 833 1841 889 Romani
1886 832 2120 902 impera-

2244 828 2325 899 ιβ’.
2348 831 2608 900 Ἀρχεται
2624 830 2734 883 ἀπὸ
2760 830 2860 899 τῆς
2886 828 3145 898 Ὀνωρίου
3164 826 3257 880 τοῦ
3278 826 3542 897 βασιλέως
3582 824 3805 896 Ῥώμης

540 935 673 989 toris
728 932 1013 987 consulatu
1067 930 1330 998 septimo,
1397 939 1453 984 et
1507 927 1797 983 Theodosii
1830 925 2117 980 secundo:

2244 922 2317 992 τῆς
2340 921 2607 985 ὑπατείας
2631 922 2693 973 τὸ
2709 921 2934 989 ἕϐδομον
2954 922 3047 973 καί
3062 917 3348 972 Θεοδοσίου
3370 918 3431 969 τὸ
3457 916 3710 988 δεύτερον
3735 918 3802 981 ¹⁶,

541 1026 865 1093 iledttcitqne
925 1024 1207 1077 historiam
1265 1025 1331 1076 ad
1386 1022 1438 1075 id
1491 1035 1661 1089 usque
1715 1028 1957 1087 tempus,
2013 1031 2121 1083 quo

2244 1013 2550 1085 ιατέρχεται
2582 1013 2640 1067 δὲ
2692 1013 2884 1084 μέχρις
2927 1013 3048 1066 ὅτου
3084 1010 3497 1074 Βαλεντινιανὸς
3536 1012 3564 1062 ὁ
3596 1008 3807 1062 Πλακι·

545 1116 980 1178 Valentinianus,
1014 1112 1247 1166 Placida}
1284 1121 1340 1165 et
1374 1110 1678 1183 (Constantii
1716 1110 1878 1173 filius,
1916 1107 2121 1162 Roma-

2244 1108 2339 1170 ἱίας
2372 1108 2413 1139 ¹⁷
2446 1107 2539 1160 καὶ
2584 1105 2998 1161 Κωνσταντίνου
3030 1106 3073 1139 ⁸⁸
3117 1108 3246 1169 παῖς
3291 1107 3372 1169 είς
3408 1104 3507 1174 τὴν
3540 1103 3808 1174 βασίλειον

543 1220 647 1261 nus
684 1207 978 1274 imperator
1025 1205 1339 1260 declaratus
1385 1212 1486 1256 est.
1515 1201 1761 1270 Scriptor
1807 1202 1895 1255 hic
1938 1210 2119 1255 ortum

2244 1200 2325 1270 τῆς
2356 1199 2577 1270 Ῥώμης
2604 1199 2888 1271 ἀνερρήθη
2926 1197 3056 1271 [104
3082 1197 3175 1271 IL]
3199 1200 3398 1270 ἀρχήν.
3430 1192 3599 1261 Οὗτος
3622 1199 3650 1250 ὁ
3676 1213 3809 1264 συγ-

542 1297 693 1353 ducit
724 1295 1068 1365 Egyptiacis
1103 1293 1327 1357 Thebis,
1364 1290 1699 1361 professione
1738 1304 1915 1361 poeta,
1956 1302 2015 1346 ut
2058 1294 2125 1347 de

2244 1294 2471 1362 γραφεὺς
2500 1293 2734 1363 Θηϐαῖος
2764 1292 2865 1363 μέν
2903 1294 3071 1354 ἐστιν,
3115 1293 3180 1345 ἐκ
3208 1292 3317 1344 τῶν
3346 1291 3483 1361 πρὸς
3530 1288 3811 1357 Αἴγυπτον

543 1404 604 1442 se
638 1386 862 1451 fatetur,
894 1386 1152 1456 religione
1192 1399 1320 1437 vero
1367 1383 1606 1453 gentium
1654 1383 1912 1438 imbutus.
1951 1385 2124 1440 Dictio

2244 1384 2421 1452 9η6ὦν
2448 1385 2511 1438 τὸ
2539 1387 2696 1454 γένος
2724 1385 2884 1455 ἔχων,
2911 1384 3142 1455 ποιητὴς
3175 1384 3240 1447 ‘9,
3274 1383 3348 1445 ώς
3374 1382 3537 1445 αὑτός
3562 1396 3715 1448 φησι,
3746 1382 3813 1433 τὸ

546 1477 621 1531 illi
649 1476 831 1542 clara;
862 1477 1088 1529 remissa
1122 1485 1299 1527 tamen
1333 1489 1397 1528 ac
1435 1474 1722 1538 dissoluta,
1753 1482 1808 1529 et
1839 1476 1893 1529 in
1928 1476 2128 1543 protri-

2244 1477 2589 1547 επιτήδευμα,
2629 1476 2830 1546 Ἕλλην
2861 1476 2960 1547 τὴν
2993 1473 3316 1546 θρησκείαν,
3351 1473 3531 1543 σαφὴς
3578 1472 3676 1541 μὲν
3712 1471 3813 1541 τὴν

549 1581 657 1624 tam
701 1570 950 1623 devoluta
992 1569 1281 1621 verborum
1324 1566 1677 1621 afﬂuentiam.
1716 1564 1905 1621 Oratio
1947 1569 2129 1636 itaque

2244 1569 2449 1638 ρράσιν,
2501 1570 2690 1632 ἄτονος
2733 1569 2793 1622 δὲ
2848 1569 2945 1624 καὶ
2994 1568 3353 1640 ἐκλελυμένος
3404 1566 3500 1620 καὶ
3541 1564 3678 1636 πρὸς
3710 1566 3815 1632 τὴν

550 1662 773 1731 indigna
819 1671 877 1715 ut
925 1660 1169 1715 historiae
1214 1662 1603 1714 adnumeratur
1630 1678 1645 1714 :
1676 1660 1833 1729 cujus
1870 1661 1982 1730 ipse
2019 1660 2131 1715 for-

2244 1662 2631 1733 πεπατημένην
2678 1662 3143 1731 κατενηνεγμένος
3191 1656 3608 1730 χυδαιολογίαν,
3668 1656 3816 1709 ὥστε

551 1762 697 1807 tasse
737 1752 1010 1817 conscius,
1043 1766 1147 1806 non
1195 1751 1477 1806 historiam
1528 1752 1671 1805 hanc
1703 1766 1733 1804 a
1765 1765 1825 1805 se
1852 1752 2126 1815 adornari,

2244 1754 2359 1824 μηδ’
2385 1753 2537 1818 ἄξιος
2570 1756 2650 1818 εἰς
2686 1753 3008 1824 συγγραφὴν
3031 1751 3444 1823 ἀναγράφεσθαι
3470 1754 3499 1804 ὁ
3530 1750 3709 1818 λόγος.
3746 1750 3817 1800 "O

551 1843 647 1898 sed
679 1843 963 1897 materiam
994 1844 1279 1908 duntaxat,
1323 1858 1417 1897 seu
1454 1842 1911 1897 Commentarium
1950 1843 2130 1897 Histo-

2244 1847 2328 1898 καὶ
2372 1846 2534 1910 αὐτὸς
2568 1847 2698 1911 ἴσως
2751 1844 2975 1899 συνιδὼν
3009 1845 3071 1898 οὐ
3099 1838 3424 1915 συγγραφὴν
3453 1842 3604 1912 αὐτῷ
3640 1841 3818 1894 ταῦτα

551 1935 646 1988 ria:
676 1936 1011 2004 suppeditari
1046 1935 1352 1991 contendit.
1390 1934 1540 1989 Adeo
1577 1935 1826 1989 informis
1859 1951 1922 1989 ac
1953 1936 2132 2004 specie

2244 1937 2773 2007 κατασκευασθῆναι,
2804 1937 2939 1991 ἀλλὰ
2969 1935 3103 2007 ὓλην
3132 1914 3454 2006 συγγραφῆς
3482 1932 3816 2003 ἐκπορισθῆ-

550 2041 772 2091 carens,
799 2028 967 2083 etiam
1000 2028 1231 2095 ipsemet
1255 2027 1511 2082 dictionis
1536 2042 1647 2082 sua:
1670 2030 1956 2083 character
1984 2029 2132 2083 visus

2244 2047 2321 2082 ναι
2342 2029 2780 2083 διαϐεϐαιοῦταιο
2807 2027 2983 2092 οὕτως
3005 2028 3251 2098 ἄμορφος
3284 2027 3379 2080 καὶ
3405 2025 3609 2087 ἀνίδεος
3650 2025 3694 2055 ²⁰
3722 2025 3820 2075 καὶ

550 2130 657 2174 est.
704 2122 772 2174 Et
813 2136 943 2175 vero
980 2120 1126 2174 nulla
1173 2119 1289 2174 idea
1337 2120 1426 2175 hic
1469 2120 1661 2184 enitet,
1703 2120 1806 2175 nisi
1848 2121 1970 2181 unis
2009 2136 2130 2174 euut

2244 2121 2381 2192 ιύτῷ
2416 2122 2512 2175 τοῦ
2542 2122 2704 2190 λόγου
2734 2122 2763 2175 ὁ
2807 2121 3095 2193 χαρακτὴρ
3153 2118 3535 2187 κατεφαίνετο.
3565 2116 3673 2169 Καὶ
3703 2116 3820 2183 γὰρ

550 2209 678 2265 alibi
732 2208 1067 2280 simplicitati
1118 2211 1381 2265 accedere
1433 2211 1763 2279 contendat;
1811 2212 1919 2265 etsi
1962 2226 2135 2280 neque

2244 2216 2461 2285 οὐδεμιᾷ
2488 2214 2599 2267 τῶν
2631 2214 2785 2267 ίδεῶν
2815 2212 3237 2276 καλλωπίζεται,
3269 2211 3409 2281 πλὴν
3438 2211 3490 2263 εί
3517 2227 3599 2273 τις
3628 2208 3686 2261 ἐν
3707 2224 3821 2261 τισι

532 448 645 512 255
1664 439 1929 501 ΡΗΟΤΙΙ
1970 435 2478 498 ΡΑΤΒΙᾹΒΕΗᾸΞ
2514 435 2627 497 CP.
3688 430 3797 493 256

553 2304 694 2359 lianc
741 2304 992 2367 attingat,
1029 2303 1153 2358 dum
1193 2304 1354 2357 nimis
1401 2304 1589 2358 humili
1640 2319 1707 2360 ac
1748 2305 1843 2358 vili
1879 2306 2135 2359 dictionis

558 2408 761 2462 genere
790 2409 942 2459 usus,
966 2395 1020 2449 in
1054 2395 1387 2451 idiotismum
1422 2397 1799 2465 plebeiutnque
1826 2412 2133 2452 sermonem

557 2499 781 2554 prorsus
816 2485 1100 2541 delabitur.
1134 2487 1200 2541 Et
1239 2488 1363 2543 licet
1396 2486 1601 2542 Silvam
1645 2503 1801 2542 suum
1844 2492 1962 2558 ipse
2000 2506 2136 2559 opus

556 2577 810 2647 appellet,
847 2578 1001 2633 libris
1046 2589 1225 2635 tamen
1286 2581 1592 2650 distinguit,
1626 2579 2137 2651 praafationibusqne

556 2686 756 2725 ornare
796 2672 1013 2726 nititur.
1050 2671 1341 2727 Historiam
1383 2674 1632 2728 inscribit
1680 2673 1983 2731 Theodosio
2012 2674 2138 2747 [Mi-

559 2761 702 2834 nari]
735 2762 1047 2832 imperatori
1080 2767 1172 2835 qui
1208 2766 1430 2821 Arcadii
1466 2767 1636 2834 ﬁlius,
1668 2767 1890 2823 llunorii
1923 2784 1986 2823 ac
2020 2752 2139 2822 i’la-

556 2856 713 2911 cidia:
748 2857 1010 2926 patruelis
1038 2856 1162 2916 fuit.

632 3038 834 3093 Narrat
886 3040 1067 3109 itaque
1115 3040 1481 3097 Stelichonem
1532 3042 1598 3097 ad
1652 3058 1900 3114 magnam
1951 3058 2141 3113 perve-

562 3132 708 3186 nisse
758 3133 1096 3202 potentiam,
1154 3150 1278 3189 cum
1336 3150 1461 3189 eum
1521 3134 1859 3191 Theodosius
1916 3136 2142 3207 Magnus

2234 2310 2301 2379 τῇ
2330 2307 2560 2379 ἀφελείᾳ
2585 2307 2903 2377 πλησιάζειν
2934 2305 3245 2360 ὲκϐιάσοιτο
3267 2320 3282 2335 σ
3314 2304 3393 2375 τῷ
3430 2303 3539 2373 γὰρ
3569 2302 3689 2355 λίαν
3722 2318 3823 2354 τα-

2237 2398 2409 2468 πεινῷ
2451 2400 2544 2452 κα).
2570 2386 3011 2469 ἑξηυτελισμένῳ
3053 2396 3147 2450 καὶ
3175 2395 3379 2464 ταύτης
3405 2394 3688 2447 ἐκπίπτων
3737 2394 3820 2452 είς

2238 2490 2547 2559 ίδιωτισμὸν
2578 2490 2715 2553 ὅλως
2749 2490 3130 2560 ὑπενήνεκται.
3163 2488 3349 2553 Ὕλην
3375 2487 3431 2539 δὲ
3464 2486 3626 2547 αὐτὸς
3656 2486 3825 2537 lato-

2229 2582 2371 2650 ρίας
2400 2582 2573 2635 ταῦτα
2600 2576 2802 2645 καλῶν,
2826 2581 2977 2651 ὅμως
3008 2580 3101 2632 καὶ
3128 2578 3309 2647 λόγοις
3336 2579 3536 2647 διαιρεῖ
3564 2577 3658 2629 καὶ
3686 2591 3823 2644 προ·

2237 2676 2439 2743 οιμίοις
2490 2676 2748 2745 πειρᾶται
2792 2674 3043 2744 κοσμεῖν,
3090 2672 3184 2726 καὶ
3237 2671 3375 2742 πρὸς
3408 2669 3686 2723 Θεοδόσιον
3726 2667 3826 2718 τὸν

2241 2768 2487 2839 βασιλέα,
2515 2768 2574 2831 ὃς
2610 2767 2828 2837 ἀνεψιὸς
2854 2766 3227 2838 ἐχρημάτιζεν
3266 2762 3524 2834 Ὀνωρίου
3556 2762 3650 2815 καὶ
3680 2761 3831 2814 Πλα-

2239 2861 2439 2925 κιδίας,
2489 2859 2776 2932 ’Λρκαδίου
2799 2860 2856 2913 δὲ
2886 2860 3038 2923 παῖς,
3072 2858 3210 2928 πρὸς
3235 2855 3425 2910 τοῦτον
3453 2855 3553 2927 τὴν
3582 2854 3829 2923 ἱστορίαν

2238 2952 2534 3021 ἀναφωνεῖ.

2312 3044 2681 3114 Διαλαμὸάνει
2701 3043 2882 3097 τοίνυν
2916 3042 3047 3114 περ).
3079 3042 3432 3112 Στελίχωνος,
3478 3042 3611 3109 ὅσην
3640 3057 3699 3093 τε
3727 3055 3830 3091 πεο

2244 3136 2561 3207 ριεϐέὸλητο
2583 3135 2837 3206 δύναμιν,
2869 3134 3147 3197 καταστὰς
3172 3133 3293 3185 ὲπίτ
3305 3150 3467 3204 ροπος
3493 3133 3537 3162 ²¹
3563 3132 3673 3184 τῶν
3694 3130 3829 3183 παί-

565 3238 765 3292 parens
812 3224 964 3293 ipse,
1009 3225 1125 3279 suis
1173 3224 1361 3279 liberis
1406 3225 1644 3281 Arcadio
1697 3236 1859 3296 atque
1905 3226 2142 3283 Honorio

2244 3229 2348 3283 δων
2386 3228 2674 3300 Ἀρκαδίου
2718 3228 2815 3281 καὶ
2852 3226 3113 3297 Ὀνωρίου
3148 3225 3241 3279 ὑπ’
3274 3224 3441 3279 αὐτοῦ
3488 3222 3583 3276 τοῦ
3622 3222 3833 3292 πατρὸς

564 3325 800 3370 tutorem
835 3317 1207 3385 imposuisset,
1237 3332 1302 3372 ac
1331 3327 1597 3387 praeterea
1626 3332 1849 3373 uxorem
1879 3319 2141 3375 Serenam

563 3403 829 3467 duxisset,
867 3420 901 3459 a
933 3403 1242 3460 Theodosio
1283 3420 1438 3475 aeque
1482 3406 1581 3474 ipsi
1625 3407 1973 3475 desponsam.
2018 3409 2145 3466 Post

563 3495 750 3559 etiam,
798 3494 905 3548 filia
954 3511 1051 3549 sua
1092 3495 1448 3550 Thermantia
1484 3498 1673 3566 nuptui
1709 3497 1947 3553 Honorio
1977 3499 2146 3571 impe-

572 3586 738 3639 ratori
771 3587 922 3651 data,
957 3586 1108 3640 illum
1144 3587 1246 3642 sibi
1280 3602 1541 3658 generum
1574 3588 1834 3644 ascivisse
1870 3607 1885 3644 :
1915 3590 2147 3660 indeque

567 3679 636 3729 ad
676 3693 945 3732 summam
996 3694 1221 3748 prorsus
1272 3692 1522 3735 evectum
1574 3682 1894 3751 potentiam.
1975 3682 2145 3740 Multa

571 3784 669 3843 pro
722 3769 981 3825 ROmanis
1027 3787 1149 3826 cum
1204 3773 1373 3828 variis
1423 3774 1674 3845 gentibus
1722 3776 1863 3831 bella
1912 3780 2149 3848 gessisse

572 3862 821 3929 feliciter,
852 3865 1025 3919 donec
1057 3867 1403 3935 sanguinaria
1440 3867 1516 3940 (5)
1557 3869 1887 3940 immanique
1915 3871 2148 3943 Olympii

567 3968 731 4022 opera
778 3953 894 4023 (qui
946 3970 1042 4025 per
1091 3956 1456 4014 Stelicltonem
1498 3959 1813 4029 imperatori
1861 3960 2150 4018 familiaris

568 4044 747 4101 factus
782 4045 981 4116 fuerat)
1011 4048 1155 4103 ferro
1186 4061 1410 4105 mortem
1444 4053 1662 4123 excepit
1690 4054 1791 4125 (4).

638 4137 803 4193 Addit
859 4139 1174 4195 Alarichum
1232 4141 1530 4198 Gothorum
1595 4145 1941 4214 praefectum,
2009 4148 2152 4219 57a

570 4249 730 4303 quem
782 4234 909 4287 olim
963 4244 1218 4288 evocarat
1261 4234 1527 4301 Stelicho,
1575 4246 1634 4291 ut
1682 4236 1923 4292 llonorio
1976 4240 2153 4309 Illyri—

571 4341 694 4380 cum
726 4328 895 4380 armis
930 4335 1138 4382 teneret
1176 4326 1314 4399 (hate
1358 4329 1501 4381 enim
1545 4328 1619 4383 illi
1661 4331 1938 4397 provincia
1986 4346 2014 4384 a
2057 4347 2151 4399 pa-

572 4428 724 4479 rente
779 4418 1086 4474 Theodosio
1136 4420 1189 4474 in
1250 4422 1540 4490 partitione
1615 4424 1765 4491 regni
1833 4423 2152 4493 obvenerat)

2245 3317 2423 3372 αὐτῶν
2447 3316 2728 3370 Θεοδοσίου
2757 3314 2849 3369 τοῦ
2875 3314 3155 3382 Μεγάλου,
3187 3313 3282 3367 καὶ
3311 3314 3386 3374 ώς
3408 3313 3648 3382 Σερῆναν
3676 3312 3833 3381 νόμῳ

2246 3408 2424 3477 γάμου
2457 3405 2720 3475 ὴγάγετο,
2753 3404 3036 3457 Θεοδοσίου
3069 3404 3163 3457 καὶ
3201 3402 3408 3473 ταύτην
3439 3401 3587 3473 αὐτῷ
3628 3418 3836 3469 κατεγ-

2245 3502 2570 3570 γυήσαντος.
2599 3500 2723 3553 Ὀτι
2776 3514 2837 3550 τε
2886 3498 3025 3567 μετὰ
3070 3496 3243 3550 ταῦτα
3290 3495 3559 3565 Στελίχων
3608 3497 3687 3558 εἰς
3733 3494 3836 3565 τὴν

2247 3593 2443 3647 ἑαυτοῦ
2486 3592 2832 3663 Θερμαντίαν
2869 3591 2960 3644 τὸν
3012 3589 3237 3660 βασιλέα
3281 3588 3535 3660 Ὀνώριον
3582 3586 3840 3655 γαμϐρὸν

2248 3687 2563 3756 ἐποιήσατο,
2594 3685 2687 3738 καὶ
2714 3681 2789 3744 ὡς
2818 3684 2913 3736 ἐπὶ
2948 3682 3199 3735 πλεῖστον
3229 3681 3310 3735 ἔτι
3341 3682 3546 3752 μᾶλλον
3578 3678 3717 3751 ἤρθη
3744 3678 3840 3731 δυ-

2249 3778 2488 3841 νάμεως,
2517 3778 2613 3830 καὶ
2636 3775 2866 3838 πολλοὺς
2899 3775 3166 3846 πολέμους
3192 3773 3334 3845 ὑπὲρ
3382 3773 3671 3842 Ῥωμαίων
3694 3769 3837 3840 πρὸς

2253 3870 2424 3924 πολλὰ
2462 3869 2571 3923 τῶν
2606 3868 2775 3922 ἐθνῶν
2806 3863 3169 3938 κατώρθωσεο
3206 3868 3301 3920 καὶ
3324 3867 3407 3919 ὅτι
3436 3864 3706 3935 μιαιφόνῳ
3737 3863 3836 3915 καὶ

2251 3962 2605 4037 ἀπανθρώπῳ
2628 3964 2833 4034 σπουδῇ
2870 3961 3195 4032 Ὀλυμπίου,
3230 3960 3288 4013 ὃν
3319 3961 3481 4023 αὐτὸς
3512 3959 3588 4029 τῷ
3623 3957 3841 4028 βασιλεῖ

2251 4057 2664 4129 προσῳκείωσε,
2694 4055 2785 4109 τὸν
2814 4054 2905 4107 διὰ
2936 4054 3122 4124 ξίφους
3150 4054 3412 4123 ὑπέμεινε
3452 4051 3702 4105 θάνατον.

2324 4149 2453 4224 [180
2484 4147 2577 4219 R.]
2618 4148 2741 4200 Ὅτι
2774 4146 3060 4217 Ἀλάριχος
3087 4148 3115 4199 ὁ
3154 4144 3265 4198 τῶν
3294 4143 3508 4198 Γότθων
3538 4143 3835 4213 φύλαρχος,

2252 4245 2310 4299 ὃν
2339 4242 2609 4311 Στελίχων
2651 4240 3054 4311 μετεκαλέσατο
3080 4239 3173 4292 ἐπὶ
3201 4238 3278 4307 τῷ
3321 4236 3554 4306 φυλάξαι
3596 4234 3839 4303 Ὁνωρίῳ

2252 4338 2313 4389 τὸ
2340 4338 2386 4368 ’ί
2430 4333 2721 4405 Ἰλλυρικὸν
2770 4334 2856 4404 (τῇ
2889 4332 2996 4402 γὰρ
3037 4329 3201 4384 αὐτοῦ
3240 4325 3308 4401 ἦν
3354 4329 3505 4397 παρὰ
3553 4326 3837 4379 Θεοδοσίου

2252 4425 2346 4479 τοῦ
2373 4424 2581 4495 πατρὸς
2604 4425 3039 4494 ὲκνενεμημένον
3067 4420 3358 4492 βασιλείᾳ),
3387 4413 3541 4482 οὗτος
3567 4418 3654 4469 ὁ¹³
3690 4415 3841 4470 Ἀλά-

575 4521 686 4565 tttm
736 4514 806 4566 ob
837 4513 1164 4568 Stelichonis
1206 4515 1429 4582 cadem,
1466 4524 1577 4569 tum
1627 4517 1771 4585 quod
1825 4517 2144 4585 promissum

2259 4535 2404 4590 ριχος
2436 4517 2524 4571 διά
2551 4534 2610 4569 τε
2655 4516 2746 4569 τὸν
2778 4516 2938 4586 φόνον
2984 4515 3331 4585 Στελίχωνος,
3376 4513 3471 4566 καὶ
3509 4513 3593 4565 ὅτι
3632 4512 3667 4565 ἃ
3715 4528 3841 4562 συν-

573 4605 647 4660 illi
681 4608 865 4659 datum
904 4620 1008 4659 non
1058 4616 1223 4673 esset,
1262 4608 1521 4674 cinxisse,
1563 4618 1619 4662 et
1651 4608 1862 4675 cepisse
1900 4607 2144 4675 Romam,

2255 4612 2436 4665 ἐκειτο
2472 4606 2622 4680 αὑτῷ
2668 4604 2769 4662 οὐκ
2806 4608 3100 4680 ἐλάμϐανε,
3134 4610 3413 4678 πολιορκεί
3446 4608 3542 4658 καὶ
3581 4604 3843 4674 ἐκπορθεί

578 4699 631 4754 iii
688 4714 861 4765 caque
916 4699 1049 4754 urbe
1108 4700 1480 4755 incredibilem
1542 4700 1754 4770 argenti
1808 4702 1914 4754 vim
1972 4703 2144 4768 praeda

2256 4703 2354 4772 τὴν
2385 4704 2431 4734 ³⁵
2472 4699 2722 4771 Ῥώμην⁸
2754 4700 2815 4765 ἐξ
2859 4695 2926 4771 ἦς
2976 4699 3237 4770 χρήματα
3288 4715 3347 4751 τε
3399 4696 3604 4767 ἄπειρα
3652 4694 3841 4760 ἐξεκό-

576 4790 880 4844 avertisse.-
918 4792 1059 4857 Quin
1107 4801 1163 4846 et
1204 4790 1429 4848 Honorii
1478 4790 1770 4846 Placidiant
1808 4792 1925 4864 (5),
1966 4792 2144 4847 Roma!

2261 4812 2416 4865 μισε,
2479 4795 2571 4846 καὶ
2628 4794 2727 4863 τὴν
2795 4790 3029 4860 ἀδελφὴν
3095 4788 3354 4859 Ὀνωρίου
3424 4786 3720 4839 Πλακιδίαν
3780 4786 3842 4836 ἐν

577 4893 691 4935 ιιιιιι
738 4894 1023 4952 agentem,
1071 4885 1343 4953 captivam
1396 4885 1674 4940 habuisse.
1721 4884 1867 4941 Ante
1929 4895 2144 4955 captam

2269 4885 2459 4959 Ῥώμῃ
2486 4885 2777 4953 διάγουσαν
2797 4881 3168 4954 ῂχμαλώτισε.
3196 4884 3306 4935 Καὶ
3329 4879 3434 4949 πρὸ
3460 4884 3558 4947 τῆς
3588 4879 3844 4940 ἁλώσεως

574 4990 704 5029 vero
752 4978 939 5030 urbem
990 4977 1255 5034 illustrem
1303 4987 1414 5035 tum
1459 4979 1659 5046 virum,
1705 4980 1792 5035 cui
1841 4980 2024 5035 Attalo
2069 4978 2144 5051 (6)

2254 4979 2313 5034 δὲ
2350 4979 2445 5031 ἕνα
2473 4978 2597 5031 τινὰ
2621 4976 2730 5030 τῶν
2754 4980 2893 5029 κατὰ
2931 4977 3028 5045 τὴν
3068 4975 3288 5045 Ῥώμην
3330 4973 3590 5040 ἐπιδόξων
3616 4972 3846 5043 (Ἄττα-

1903 5112 2131 5170 νᾹῐὶιίΕ
2170 5112 2574 5169 LEC'I'lONES.

650 5233 695 5264 ¹⁶
720 5232 814 5286 τοῦ
842 5232 1094 5304 δευτέρου
1127 5248 1188 5298 ς.
1253 5234 1296 5265 ¹τ
1317 5233 1581 5298 πλακίδας
1613 5250 1694 5302 pr.
1738 5237 1804 5287 A.
1876 5234 1921 5304 Ψ
1952 5234 2144 5287 Κωνστ

2252 5229 3007 5304 EooiScltottiis,_Syllittrgins_.
3049 5228 3317 5304 Labhetts.
3361 5228 3427 5304 _"
3453 5227 3681 5304 ποιητὴς
3710 5226 3743 5278 i.
3788 5241 3842 5287 θ,

577 5300 1146 5373 operatorchynticus.
1181 5304 1302 5359 Vid.
1341 5305 1554 5373 Fabric.
1592 5300 1847 5358 Biblioth.
1888 5303 1983 5358 Gr.
2025 5315 2060 5356 t.
2102 5304 2135 5352 ν

2244 5322 2292 5371 p.
2338 5303 2462 5365 5H,
2494 5308 2581 5357 ed.
2618 5300 2829 5356 llarles.
2878 5300 2953 5333 "°
2976 5300 3212 5363 ἀνείδεος
3250 5300 3396 5353 libri.
3468 5300 3511 5329 ¹¹
3548 5300 3844 5367 ἐπίτροπος

575 5375 702 5428 add.
737 5377 803 5430 A.
885 5372 930 5408 ’ί
950 5374 1051 5447 τῷ]
1084 5377 1145 5429 τὸ
1174 5376 1238 5430 Α.
1302 5377 1346 5409 ²³
1365 5375 1416 5447 ὁ]
1446 5372 1539 5430 οὖν
1561 5376 1590 5428 ὁ
1617 5393 1679 5441 ς.
1753 5375 1799 5406 ³⁸
1831 5379 1929 5444 τὴν
1951 5375 2103 5431 πόλιν
2141 5374 2330 5444 ῥώμην
2359 5375 2422 5427 Α.

2088 5478 2325 5538 NOTAE.

652 5605 731 5676 (ὅ)
768 5606 842 5659 lia
874 5608 1071 5675 pietate
1109 5605 1370 5672 insignem
1412 5602 2147 5676 virum(Christiannurper-

582 5671 800 5745 attingit
832 5671 991 5730 homo
1031 5671 1301 5740 ethnicus,
1328 5686 1466 5730 utet
1493 5674 1763 5736 Zositttus,
1801 5674 1893 5726 lib.
1929 5688 1975 5726 ν.
2014 5671 2151 5723 Latt-

580 5749 677 5801 tlat
706 5739 883 5800 tamen
922 5748 1060 5802 binis
1107 5746 1172 5800 ad
1205 5739 1328 5803 cuttt
1358 5748 1502 5802 datis
1531 5745 1727 5799 litteris
1786 5744 1845 5798 Β.
1899 5745 2155 5813 Atignsti-
2333 5739 2409 5813 (ξ)
2445 5741 2575 5813 Qua:
2605 5740 2755 5794 Galla
2792 5740 3026 5794 Placidia
3069 5739 3233 5792 dicm.

581 5820 873 5884 itus,cpist.
908 5817 1027 5880 hu,
1067 5818 1183 5872 129.
1984 5806 2009 5813 ⁷
2283 5882 2309 5884 Α,
2345 5806 2422 5880 (6)
2449 5809 2922 5884 Priscns_Attalus
2962 5823 3187 5866 vocatus
3213 5820 3317 5872 est,
3365 5818 3502 5863 tt-ste
3536 5806 3851 5859 Sowmeuo

654 5892 729 5959 (l)
754 5880 915 5943 Manu
953 5889 1273 5957 llcracliani,
1301 5887 1389 5961 qui
1422 5887 1579 5957 Itnjus
1606 5886 1863 5943 facinoris
1894 5900 2035 5957 prum
2064 5886 2177 5941 ittttt
2281 5882 2378 5939 lib.)
2399 5897 2475 5947 ix,
2512 5896 2630 5950 cap.
2663 5880 2717 5935 8.

2257 5600 2466 5667 accepit
2497 5600 2690 5654 Africae
2718 5598 3120 5668 praefecturam.
3172 5597 3300 5668 Ejus
3338 5611 3392 5651 et
3419 5596 3517 5652 inf.
3553 5594 3752 5650 mentio
3783 5594 3846 5649 fit

2259 5671 2327 5725 ab
2358 5672 2458 5724 Ituc
2488 5680 2728 5724 aut-tore.
