4058 6400
241 402 330 466 257
1253 389 1781 457 BIBLI’OTHECA.
1807 410 1877 423 -~
1912 388 2077 450 COD.
2118 388 2348 450 LXXX.

3354 396 3462 461 2'58

243 518 315 577 λος
337 507 395 581 ἦν
420 508 577 578 ὄνομα
620 502 794 576 απῳ)
845 504 947 574 τὴν
974 502 1323 573 ἐπαρχότητα
1366 501 1491 554 τότε
1528 502 1780 555 διέποντα

1885 513 2101 565 nomen,
2150 515 2418 555 summam
2456 499 2836 572 praefecturam
2887 511 3189 575 gerentem,
3230 507 3465 579 Impera-

242 611 305 670 είς
331 602 532 674 βασιλέα
568 599 959 669 ἀνηγόρευσεν.
1007 595 1288 666 Ἐπράχθη
1320 595 1376 648 δὲ
1414 595 1564 665 αὑτῷ
1606 594 1777 665 ταῦτα

241 698 312 748 διὰ
334 710 385 745 τε
413 692 501 753 τὰς
533 687 933 759 προειρημένας
971 686 1173 749 αἰτίας,
1208 686 1301 738 καὶ
1325 685 1409 737 ὅτι
1455 685 1650 755 Σάρον,
1684 686 1780 737 καὶ⁸

237 787 371 841 αὐτὸν
404 781 590 834 Γότθον
618 780 770 845 ὂντα,
828 779 921 832 καὶ
964 778 1206 848 πλήθους
1250 777 1349 848 μὲν
1378 777 1561 845 ὀλίγου
1612 776 1780 846 ὲπάρ-

237 894 371 949 χοντα
397 876 537 943 (ἄχρι
570 873 677 942 γὰρ
710 879 751 925 σ*
782 873 815 942 ἦ
850 872 944 924 καλ¹
969 878 1012 924 τ’
1048 871 1197 941 αὐτῷ
1225 873 1253 924 6
1278 870 1406 934 λαὸς
1435 870 1776 939 ἐξετείνετο),

234 970 457 1032 ἀλλωςδὲ
502 969 741 1039 ἡρωϊκόν
772 984 895 1020 τινα
933 968 1027 1019 καὶ
1075 969 1133 1019 ἐν
1180 968 1381 1037 μάχαις
1434 962 1781 1035 ἀκαταγώνι-

238 1082 358 1127 στον,
407 1060 591 1115 τοῦτον
628 1061 709 1113 ὅτι
755 1060 1013 1128 Ῥωμαῖοι
1062 1061 1414 1129 ᾑταιρίσαντο
1461 1058 1528 1112 δι’
1578 1058 1779 1129 ἔχθρας

244 1156 481 1237 ’Λλσρίχῳ
507 1152 660 1216 ὄντα,
693 1153 957 1206 ἄσπονδον
976 1152 1170 1221 ἐχθρὸν
1204 1153 1488 1223 Ἀλάριχον
1517 1152 1562 1185 ’³
1588 1152 1777 1220 ἐποιή-

236 1263 389 1301 σαντο.
428 1247 549 1305 Ὅτι
592 1246 649 1296 ἐν
694 1246 757 1314 τῇ
803 1242 1094 1314 πολιορκίᾳ
1126 1244 1223 1312 τῆς
1265 1242 1486 1312 Ῥώμης
1548 1243 1779 1312 ἀλληλοι-

235 1340 379 1405 φαγία
402 1335 506 1389 τῶν
539 1336 892 1390 ἐνοικούντων
939 1335 1169 1403 ἐγίνετο.
1202 1336 1329 1389 Ὅτι
1366 1336 1653 1405 Ἀλάριχος
1700 1336 1779 1388 ἔτι

234 1432 403 1495 ζῶντος
431 1429 755 1497 Στελίχωνος
798 1436 849 1498 μ’
886 1429 1217 1499 κεντηνάρια
1261 1428 1452 1497 μισθὸν
1497 1428 1657 1481 ἔλαϐε
1682 1430 1780 1497 τῆς

230 1520 576 1588 ἐκστρατείας.
613 1520 734 1572 Ὅτι
762 1519 901 1587 μετά
921 1518 1149 1572 θάνατον
1183 1520 1510 1589 Στελίχωνος
1541 1520 1782 1588 ἀναιρεῖ-

230 1626 304 1660 ται
346 1609 767 1673 ἐναποπνιγεὴα
808 1606 905 1663 καὶ
954 1608 1165 1678 Σερῆνα
1199 1608 1245 1637 ³⁵
1292 1609 1325 1676 ἡ
1378 1609 1570 1663 τούτου
1617 1608 1777 1679 γυνὴ,

230 1700 353 1752 αίτία
377 1698 692 1768 νομισθεῖσα
717 1699 815 1768 τῆς
848 1700 942 1753 ἐπὶ
979 1699 1200 1769 Ῥώμην
1230 1701 1421 1767 ἐφόδου
1467 1702 1777 1773 Ἀλαρίχου’

229 1793 503 1863 ἀναιρεῖται
544 1791 602 1844 δέ
642 1791 911 1860 πρότερον
959 1792 1097 1861 μετὰ
1134 1792 1231 1863 τὴν
1267 1792 1394 1865 [105
1434 1792 1779 1864 11.]ἁναίρε-

1884 601 2055 645 torem
2094 593 2465 647 renuntiasse.
2510 596 2754 663 Actaque
2782 610 2901 651 esse
2938 597 3052 652 haec
3085 600 3154 652 ob
3184 615 3300 667 eas,
3328 618 3467 671 quas

1881 683 2120 737 diximus
2156 698 2372 749 causas,
2420 695 2474 739 et
2515 688 2586 739 ob
2642 685 2835 741 Sarum
2878 688 2978 759 (7),
3017 688 3273 745 Gottbum
3336 694 3464 747 item

1880 790 2101 846 genere,
2156 777 2253 833 sed
2303 792 2597 847 paucorum
2650 777 2929 832 hominum
2980 781 3297 850 praefectum
3350 784 3467 853 (vix

1881 870 2024 923 enim
2053 870 2334 935 ducentos,
2373 881 2471 924 aut
2519 886 2814 937 summum,
2854 884 3125 929 ll'BCt’lllOS
3164 877 3465 947 ductabat),

1883 972 2078 1018 czetera
2156 978 2479 1031 generosum
2552 966 2757 1029 virum,
2830 968 3106 1035 armisque
3185 968 3466 1035 invictum,

1880 1069 2041 1123 quem
2074 1055 2218 1122 quod
2257 1057 2460 1109 socium
2494 1057 2595 1109 sibi
2629 1056 2858 1110 Romani
2904 1058 3304 1127 adjunxissent,
3334 1060 3467 1114 Ala.

1884 1147 2020 1201 richi
2053 1146 2311 1202 infestum
2345 1149 2578 1214 hostem,
2616 1150 2666 1202 in
2719 1162 3035 1219 perpetuum
3082 1152 3284 1206 idcirco
3327 1154 3470 1205 hunc

1883 1242 2227 1295 renuntiasse
2260 1242 2379 1294 Sari
2414 1240 2684 1295 amicitiai.
2730 1240 2787 1294 In
2841 1244 2943 1296 bac
2992 1244 3141 1297 urbis
3188 1244 3471 1297 obsidione

1885 1343 2068 1386 uintua
2114 1348 2280 1388 carne
2328 1343 2515 1403 pastos
2560 1335 2837 1388 obsessos.
2870 1333 3203 1398 Alaricbnm,
3254 1337 3470 1389 vivente

1881 1425 2181 1479 etiamnum
2225 1425 2557 1491 Stelicboue,
2594 1426 2798 1481 militia:
2849 1430 3152 1480 mercedem
3210 1440 3470 1483 centena-

1884 1518 1994 1570 rios
2039 1517 2395 1586 quadraginta
2468 1518 2767 1587 accepisse.
2832 1516 2958 1571 Post
3009 1517 3344 1573 Stelicbonis
3390 1520 3470 1573 iu-

1884 1608 2126 1674 teritum,
2168 1608 2483 1664 sull'ocatam
2528 1611 2777 1675 periisse,
2816 1610 3181 1666 ettSerenam
3233 1612 3309 1682 (8)
3356 1612 3472 1680 ejus

1886 1700 2194 1769 coniugem,
2232 1701 2375 1770 quod
2405 1700 2646 1755 Alariclti
2684 1699 2749 1753 ad
2786 1702 2974 1754 urbem
3010 1704 3275 1756 adventus
3307 1718 3469 1756 causa

1883 1792 2160 1847 exstitisse
2216 1800 2516 1859 putaretur.
2563 1791 2908 1847 lnterfectum
2935 1804 3113 1855 antea.
3141 1792 3472 1861 interempto

231 1854 357 1951 ρεσιν
394 1854 721 1949 Στελίχωνος
750 1854 845 1935 ’τό
883 1854 1085 1947 ταύτης
1142 1854 1397 1937 κάκείνου
1432 1854 1560 1948 nui;
1614 1854 1780 1955 esit-

1885 1884 1991 1953 jam
2031 1854 2364 1949 Stelicbone,
2394 1884 2563 1939 ﬁlium
2597 1884 2715 1953 ejus
2762 1899 2827 1940 ex
2872 1883 3074 1938 Serena
3106 1854 3470 1941 Eucherium.

231 1992 343 2044 ριος.
368 1975 485 2027 Ὀτι
536 1976 597 2027 τὸ
633 1975 1020 2045 Βουκελλάριος
1077 1977 1251 2047 ὄνομα
1283 1978 1341 2031 ἐν
1376 1981 1499 2041 ταῖς
1548 1981 1783 2051 ἡμέραις

237 2065 465 2136 ὐνωρίου
498 2066 732 2137 ἐφέρετο
774 2068 916 2121 κατὰ
964 2069 1313 2139 στρατιωτῶν
1344 2071 1407 2127 οὐ
1454 2071 1614 2141 μόνον
1652 2072 1785 2124 Ῥω-

230 2159 379 2225 μαίων
420 2157 561 2210 ἀλλὰ
590 2158 686 2212 καὶ
722 2158 933 2212 Γότθων
972 2159 1133 2213 τινῶν
1153 2177 1167 2190 ·
1199 2160 1275 2223 ὡς
1305 2160 1350 2214 δ’
1378 2161 1559 2225 αῦτως
1599 2162 1696 2215 καὶ
1724 2162 1785 2215 τὸ

224 2248 565 2318 ροιὸερότων
594 2250 741 2303 κατὰ
769 2250 1028 2324 διαφόρου
1068 2253 1162 2309 καὶ⁸
1209 2252 1518 2323 συμμιγοῦς
1561 2255 1786 2325 ἐφέρετο

227 2339 452 2408 πλήθους.
489 2340 618 2393 Ὅτι
657 2340 951 2412 Ὀλύμπιος
985 2344 1013 2395 6
1040 2342 1438 2407 ἐπιδουλεύαας
1480 2343 1788 2414 Στελῑχωνα

227 2433 498 2503 μάγιστρος
536 2433 649 2486 τῶν
687 2435 957 2503 όφφικίων
990 2437 1237 2505 γέγονεν,
1285 2432 1403 2491 εἶτα
1434 2437 1657 2502 ἐξέπεσε
1686 2438 1785 2508 τῆς

225 2525 391 2594 ἀρχῆς,
420 2523 549 2578 εἶτα
578 2527 743 2581 πάλιν
789 2528 963 2597 ἐπέϐη
1005 2529 1235 2599 ταύτης,
1271 2529 1464 2584 ἔπειτα
1506 2529 1782 2595 ἐξέπεσεν,

226 2609 324 2667 εἶτα
353 2617 606 2675 ἐκπεσὼν
636 2619 892 2687 ῥοπάλοις
919 2618 1147 2689 ὕστερον
1179 2621 1284 2675 ὑπὸ
1308 2622 1691 2677 Κωνσταντίου
1716 2621 1781 2686 ⁸⁸,

224 2703 528 2773 ὂςήγάγετο
583 2708 919 2775 Πλακιδίαν,
967 2713 1261 2782 παιόμενος
1307 2715 1637 2785 ἀναιρεῖται,
1688 2716 1785 2780 τὰς

225 2796 368 2859 ἀκοὰς
399 2799 673 2868 πρότερον
704 2803 957 2867 ἐκκοπεὶς
978 2821 991 2833 ⁸
1027 2805 1124 2858 καὶ
1156 2806 1195 2874 ή
1218 2804 1341 2876 δίκη
1387 2807 1481 2860 τὸν
1503 2808 1787 2881 ἀνοσιουρ-

222 2886 303 2954 γὸν
338 2888 412 2949 εἰς
442 2890 602 2953 τέλος
649 2892 750 2945 οὐκ
783 2894 998 2965 ἀφῆκεν
1029 2896 1073 2928 ³⁸
1100 2897 1469 2969 ἀτιμώρητον.
1513 2901 1635 2953 Ὀτι
1678 2900 1786 2953 τῶν

226 2982 346 3048 μετὰ
380 2982 726 3052 Ῥοδογάῖσον
753 2986 973 3045 Γότθωνλ
992 2989 1040 3040 οί
1073 2988 1444 3058 κεφαλαιῶται
1476 2990 1519 3021 ³⁸
1546 2990 1785 3060 ὀπτίμα-

222 3089 291 3125 τοι
315 3075 628 3141 ἐκαλοῦντο,
654 3081 733 3141 είς
763 3078 971 3133 δώδεκα
1012 3082 1380 3147 συντείνοντες
1405 3084 1670 3156 χιλιάδας,
1696 3084 1785 3143 oi);

224 3168 666 3239 καταπολεμήσας
715 3171 981 3242 Στελίχων
1038 3172 1379 3242 Ῥοδογάῖσον
1428 3177 1772 3248 προσηταιρίο
1812 3198 1853 3255 c

224 3260 479 3314 σατο.”οτι
506 3260 796 3333 Ἀλαρίχου
818 3266 958 3334 νόσῳ
975 3265 1403 3335 τελευτήσαντος
1418 3267 1662 3336 διάδοχος
1684 3268 1781 3319 αὑ-

222 3350 299 3404 τοῦ
337 3353 663 3424 Ἀδαοῖιλφος
683 3358 1027 3421 καθίσταται,
1056 3360 1085 3412 6
1106 3359 1207 3429 τῆς
1240 3361 1496 3428 γυναικὸς
1528 3360 1777 3427 ἁδελφός.

228 3445 331 3498 Ὀτι
362 3448 452 3502 τὸν
497 3449 670 3521 ξηρὸν
722 3452 884 3523 ἄρτον
929 3451 1283 3522 βουκελλάτον
1346 3454 1375 3506 6
1430 3455 1781 3523 συγγραφεὺς

222 3540 481 3594 καλεῖσθαί
506 3559 666 3612 φησι,
688 3546 779 3598 καὶ
803 3544 1053 3615 χλευάζει
1075 3546 1172 3617 τὴν
1189 3547 1298 3599 τῶν
1322 3548 1667 3617 στρατιωτῶν
1686 3550 1784 3601 ἐπ-

218 3632 459 3699 ωνυμίαν,
492 3633 577 3697 ὡς
624 3636 687 3687 ἐκ
715 3636 902 3689 τούτου
929 3637 1337 3709 Βουκελλαρίων
1361 3639 1783 3709 ἐπικληθέντων.

277 3789 391 3842 Ὀτι
420 3792 834 3856 Κωνσταντῖνος
860 3795 938 3857 εἰς
958 3795 1250 3865 τυραννίδα
1271 3796 1459 3867 ἀρθεὶς
1481 3795 1780 3867 πρεσϐεύε-

216 3888 449 3956 ταιπρδς
489 3887 795 3959 Ὀνώριον,
844 3888 992 3944 ἄκων
1040 3890 1287 3960 βιασθεὶς
1343 3889 1785 3957 ἀπολογούμενος

216 3976 377 4043 ἄρξαι,
410 3978 754 4050 συγγνώμην
792 3980 849 4032 δὲ
898 3979 1065 4033 αἰτῶν
1104 3981 1198 4033 καὶ
1232 3980 1331 4050 τὴν
1374 3979 1473 4047 τῆς
1506 3977 1783 4048 βασιλείας

217 4070 362 4133 ἀξιῶν
412 4071 729 4123 κοινωνίανο
769 4072 863 4124 καὶ
908 4070 1163 4141 βασιλεὺς
1208 4070 1297 4123 διὰ
1346 4071 1414 4123 τὰ
1450 4074 1782 4139 ἐνεστηκότα

214 4159 429 4232 δυσχερῆ
464 4162 610 4226 τέως
650 4164 1009 4233 καταδέχεται
1037 4162 1136 4234 τὴν
1159 4162 1259 4232 τῆς
1289 4162 1564 4233 βασιλείας
1590 4182 1783 4218 κοινω-

216 4252 337 4307 νίαν.
374 4257 537 4307 Κατὰ
560 4256 662 4317 τὰς
680 4256 1013 4327 Βρεττανίας
1042 4255 1098 4308 δὲ
1128 4258 1156 4309 6
1178 4257 1585 4323 Κωνσταντῖνος
1618 4260 1780 4329 ἐτύγ-

216 4362 357 4413 χανεν
421 4349 914 4418 ἀνηγορευμένος,
971 4350 1161 4401 στάσει
1220 4349 1329 4401 τῶν
1372 4352 1550 4404 ἐκεῖσε
1611 4370 1777 4425 στρασ-

215 4436 400 4487 τιωτῶν
456 4440 538 4499 εἰς
596 4437 803 4507 ταύτην
853 4440 1161 4509 ἁνηγμένος
1236 4439 1332 4509 τὴν
1410 4442 1607 4511 ἀρχήν.
1671 4444 1782 4496 Καὶ

1884 1976 2207 2033 Buccellarii
2267 1977 2383 2046 (9)
2451 1977 2771 2032 vocabulum
2832 1976 3055 2032 Honorii
3125 1978 3472 2048 imperatoris

1889 2072 2226 2139 temporibus
2274 2070 2536 2124 tributum
2597 2068 2881 2134 militibus,
2917 2084 3023 2123 non
3070 2070 3329 2126 Romanis
3379 2088 3470 2126 so-

1888 2161 2019 2227 bnn,
2058 2163 2149 2216 sed
2203 2173 2258 2218 et
2311 2160 2526 2217 Gottbis
2577 2162 2922 2229 quibusdam.
2962 2162 3159 2217 Eodem
3213 2166 3370 2217 modo
3417 2174 3473 2218 et

1887 2256 2258 2323 fwdemtorum
2326 2268 2524 2307 nomen
2590 2252 2907 2308 attributum
2978 2255 3284 2318 incondita,
3336 2264 3389 2309 et
3442 2270 3475 2309 e

1888 2344 2117 2397 diversis
2185 2341 2431 2396 conﬂata:
2502 2341 2855 2397 multitudini.
2922 2341 3229 2413 Olympium
3297 2345 3471 2407 illum,

1886 2438 1976 2506 qui
2031 2435 2326 2491 Stelicboni
2390 2434 2676 2488 insidiatus
2724 2446 2866 2497 erat,
2918 2435 3213 2488 ollit-iosum
3271 2438 3471 2505 mugis-

1888 2538 2029 2584 trum
2076 2528 2305 2591 factum,
2336 2542 2398 2581 ea
2447 2536 2568 2594 post
2620 2526 2882 2594 dignitate
2932 2527 3221 2581 excidisse.
3270 2527 3475 2581 [Μιὶιιο

1886 2621 2083 2676 iterum
2130 2620 2381 2688 potitmu,
2428 2633 2641 2671 rursum
2696 2618 2971 2686 privatum
3042 2633 3209 2672 esse:
3256 2621 3471 2672 tandem

1885 2712 2123 2767 fustibus
2158 2727 2186 2767 a
2221 2711 2567 2768 Constantio.
2602 2711 2692 2780 qui
2722 2710 3013 2764 Placidiam
3042 2727 3264 2765 uxorein
3298 2714 3471 2765 (luxe-

1888 2814 2003 2869 rat,
2052 2813 2349 2859 mactatum
2400 2804 2744 2868 occubuisse,
2803 2818 2927 2856 cum
2987 2804 3037 2857 ei
3084 2814 3212 2857 ante
3266 2804 3469 2858 ςωάιιιη

1886 2895 2145 2951 auriculae
2199 2906 2421 2951 resecta:
2471 2895 2721 2949 fuissent.
2768 2892 2845 2947 lla
2899 2895 3119 2964 impium
3166 2896 3278 2966 (l0)
3325 2898 3470 2949 illum

1886 3003 1994 3042 non
2044 2987 2371 3057 impunitum
2410 2986 2632 3040 obiisse.
2680 2984 3029 3049 Gottborum,
3058 2986 3148 3051 qui
3200 3002 3319 3039 cum
3364 2985 3464 3040 Ro-

1887 3080 2113 3149 dogaiso
2151 3090 2329 3142 erant,
2372 3078 2658 3146 primarius
2697 3078 2862 3143 viros,
2903 3078 3186 3147 aptimatos
3226 3078 3468 3148 appella-

1888 3178 1969 3224 tos
2004 3167 2101 3232 ait,
2132 3166 2414 3221 duodecim
2462 3164 2575 3219 fere
2628 3164 2864 3218 millium
2917 3180 3144 3217 numero
3178 3163 3312 3233 (ll),
3344 3163 3471 3230 qui-

1887 3260 1989 3314 bus
2045 3257 2297 3312 omnibus
2352 3255 2655 3320 debellatis,
2700 3254 3067 3309 Stelicltouem
3123 3270 3244 3308 cum
3294 3252 3473 3308 Rodo-

1886 3348 2037 3420 gaiso
2064 3349 2380 3402 societatem
2414 3348 2605 3401 iniisse
2633 3346 2769 3416 (12).
2795 3346 3053 3400 Alaricho
3078 3347 3250 3401 morbi
3284 3348 3333 3399 vi
3368 3363 3467 3399 «ιχ-

1886 3442 2088 3492 stincto
2130 3452 2502 3491 successorem
2537 3438 2717 3491 datum
2754 3436 3120 3507 Adaulpbum.
3155 3439 3336 3491 uxoris
3363 3441 3468 3488 tra-

1887 3540 2045 3586 trem.
2098 3529 2237 3603 57b
2281 3528 2482 3584 Panem
2532 3531 2733 3585 siccum
2785 3528 3021 3597 scriptor
3077 3529 3162 3582 hic
3202 3528 3474 3582 buccella-

1889 3632 2001 3675 tum
2044 3620 2156 3688 (l5)
2204 3621 2381 3674 vocari
2425 3622 2616 3686 tradit,
2663 3620 2963 3688 illuditque'
2993 3619 3224 3673 militum
3269 3635 3472 3690 cogun-

1890 3712 2042 3772 tnini.
2076 3718 2133 3764 ut
2164 3712 2253 3780 qui
2285 3710 2410 3764 hinc
2438 3710 2753 3765 Buccellarii
2785 3711 2895 3763 sint
2932 3709 3204 3777 appellati.

1957 3802 2349 3857 Constantinus
2399 3802 2465 3853 ad
2524 3802 2810 3870 imperium
2873 3801 3153 3868 tyranuice
3202 3798 3470 3854 sublatus.

1886 3895 1953 3947 ad
2004 3893 2302 3949 Honorium
2368 3892 2575 3961 legatos
2631 3892 2796 3945 mittit
2846 3897 3192 3953 excusantes,
3241 3890 3470 3943 invitum

1887 3987 2059 4053 illum,
2110 3995 2164 4040 et
2216 4003 2245 4037 a
2303 3984 2568 4039 militibus
2611 3993 2883 4050 coactum,
2938 3982 3224 4051 imperium
3278 3996 3469 4034 suscr-

1888 4082 2034 4150 pisse
2083 4093 2102 4145 ;
2158 4078 2369 4131 veniam
2440 4076 2601 4146 igitur
2662 4075 2971 4143 postulare.
3039 4073 3468 4140 societatemque

1890 4168 2127 4238 imperii.
2173 4167 2471 4236 Imperator
2510 4175 2733 4234 propter
2772 4164 3147 4235 impendentes
3196 4165 3472 4217 molestius

1890 4259 2155 4327 tantiSper
2185 4259 2426 4325 suscepit
2461 4258 2510 4311 in
2578 4256 2921 4310 societatem.
2962 4254 3346 4309 Constantinus
3383 4254 3470 4306 Ιιὶιε

1892 4352 1944 4405 in
1987 4349 2262 4403 Britannia
2320 4348 2661 4402 renuntiatus
2714 4346 2912 4409 fuerat,
2969 4345 3189 4399 militari
3237 4342 3469 4397 tumultu

1892 4444 1957 4495 ad
1991 4443 2280 4509 imperium
2316 4442 2559 4496 adactus.
2600 4440 2813 4494 Etenim
2858 4449 2980 4493 ante
3018 4438 3470 4493 llonorii‘consn-

216 4528 306 4597 γὰρ
338 4530 394 4580 ἐν
437 4530 669 4594 ταύταις
729 4534 847 4593 ταῖς
900 4530 1254 4600 Βρεττανίαις
1284 4571 1299 4595 ,
1342 4534 1471 4602 πρὶν
1520 4533 1551 4603 ἢ
1611 4534 1779 4587 Ὁνώ-

1889 4536 2057 4589 latum
2092 4536 2404 4603 septimum,
2439 4535 2493 4587 in
2547 4535 2871 4587 seditionem
2927 4532 3037 4585 illic
3077 4546 3265 4585 versus
3306 4545 3465 4584 exer-

216 4635 313 4687 ριον
341 4622 399 4673 τὸ
444 4623 682 4694 ἕϐδομον
724 4623 1048 4685 ὑπατεῦσαι,
1099 4624 1181 4685 είς
1218 4624 1408 4677 στάσιν
1439 4626 1690 4695 ὁρμῆσαν
1721 4628 1779 4680 τὸ

216 4711 265 4762 ὲν
294 4713 484 4778 αὑταῖς
530 4715 927 4785 στρατιωτικὸν
952 4716 1177 4784 Μάρκον
1209 4714 1330 4769 τινὰ
1371 4715 1592 4769 ἀνεῖπον
1622 4719 1780 4771 αύτο-

1887 4628 2058 4694 citus,
2113 4626 2353 4681 Marcum
2409 4627 2698 4695 quemdam
2760 4626 3141 4693 imperatorem
3201 4633 3463 4677 crearat:

1886 4736 1994 4790 quo
2034 4721 2101 4773 ab
2140 4719 2273 4789 ipsis
2309 4718 2543 4780 sublato,
2595 4716 2889 4772 Gratianus
2932 4715 3189 4771 sulIectus
3221 4725 3326 4769 est.
3370 4711 3469 4767 llic

1497 4856 1732 4913 VARI/l5
1775 4860 2178 4915 LECTIONES.

276 4969 319 4999 ⁸⁸
354 4969 650 5039 Ἀλάριχος
686 4968 981 5039 ἐποιήσατο
1005 4983 1065 5030 ς.

215 5038 253 5070 ’³
286 5037 509 5107 ἁφεῑκεν
539 5056 599 5103 ς.
666 5039 710 5069 ³⁸
739 5037 1071 5105 κεφαλιῶται
1109 5054 1170 5100 ς.

1170 4966 1216 4998 ⁸⁸
1242 4967 1336 5019 καὶ
1358 4967 1571 5037 Σερῆνα
1601 4970 1643 5024 Α
1682 4989 1695 5021 :
1742 4972 2041 5043 καισαρίνα
2082 4990 2143 5037 ς.

2268 4972 2312 5003 ’⁷
2334 4973 2462 5034 παῖς
2490 4989 2519 5023 ο
2547 4971 2677 5041 Εύχ.
2704 4988 2764 5036 ς.
2882 4969 2929 5001 ³⁸
2960 4968 3374 5022 Κωνσταντίνου
3404 4986 3463 5034 ς.

1716 5173 1951 5230 NOTAE.

276 5318 346 5388 (τ)
369 5317 515 5371 Idem
555 5317 689 5371 alias
716 5317 921 5368 Asarus
952 5314 1272 5384 appellatur,
1311 5322 1372 5366 ut
1405 5314 1547 5383 apud
1577 5312 1779 5367 Zosim.

217 5388 302 5442 iul.
334 5392 453 5443 cod.
494 5390 587 5442 98.

279 5462 349 5543 ίὲ)
380 5460 650 5543 Ξερηνίῐιν
664 5457 824 5543 ,ἷίῖϐοτ

278 5524 348 5597 (9)
379 5524 697 5583 Bin'ccellarii
726 5524 905 5583 Suidaa
930 5525 1331 5597 Gallo-Graecia
1364 5524 1589 5580 milites.
1626 5524 1783 5578 Plura

220 5594 441 5653 Turneb.
476 5601 571 5653 lib.
607 5616 767 5661 κιιν.
803 5616 922 5666 cap.
964 5599 1066 5659 l6,
1116 5609 1172 5651 et
1207 5596 1301 5653 lib.
1332 5611 1463 5650 xxvi
1486 5636 1499 5659 .
1535 5597 1783 5666 cap._15.

222 5666 341 5723 \‘ide
370 5673 537 5723 etiam
566 5664 1411 5737 Constant.Porphyrogennetae
1436 5666 1529 5719 lib.
1557 5665 1634 5737 Die
1658 5664 1785 5717 Tlte-

221 5744 422 5800 ηιαιώ..
443 5742 535 5792 ubi
570 5751 781 5794 sextum
820 5736 1079 5793 describit
1102 5736 1563 5791 Buccellariorum
1592 5736 1781 5800 fuisse,

226 5819 269 5864 ει
293 5827 398 5879 pra:
428 5813 645 5866 caeteris
674 5808 851 5865 Nicol.
891 5809 1111 5879 Rigaltii
1146 5806 1387 5863 Clossar.
1419 5806 1699 5861 τακτικὸν.

1964 5310 2077 5381 (10)
2111 5310 2220 5376 Sic,
2255 5313 2416 5367 homo
2455 5313 2648 5382 impie,
2689 5312 3054 5368 Christianum
3097 5324 3150 5368 et
3189 5314 3466 5369 laudatum

1890 5382 2067 5435 virum
2102 5382 2373 5451 appellare
2400 5384 2605 5438 audes?

1964 5451 2079 5524 (ll)
2126 5454 2275 5508 Unde
2323 5453 2522 5507 Zosimi
2570 5454 2813 5510 calculus
2832 5456 2897 5508 de
2945 5455 3463 5524 quadringentorum

1893 5523 2122 5577 millium
2154 5526 2394 5577 exercitu
2430 5526 2587 5578 [idem
2626 5540 2732 5578 non
2764 5526 2922 5594 plane
2951 5523 3212 5579 excedere
3232 5526 3463 5579 vidi-tur.

1964 5593 2079 5663 (Η)
2118 5596 2283 5661 Atqui
2319 5611 2348 5647 a
2396 5594 2708 5650 Stelicboue
2750 5593 2963 5662 Captum
3010 5605 3172 5664 atque
3215 5608 3464 5649 necatum

1891 5666 2156 5729 rel‘erunt,
2194 5664 2422 5732 Prosper
2443 5704 2458 5728 ,
2488 5664 2862 5727 Cassiodorus,
2895 5664 3137 5728 Orosius,
3176 5675 3233 5720 et
3271 5666 3327 5719 ὃ.
3354 5668 3465 5717 Ao-

1892 5733 2143 5804 gustinus
2175 5734 2267 5788 lib.
2305 5751 2333 5787 v
2365 5737 2431 5788 de
2460 5736 2683 5788 civitate
2716 5735 2834 5800 Dei,
2866 5751 2985 5802 cap.
3018 5736 3109 5787 ‘29.

1956 5802 2069 5873 (t3)
2101 5802 2234 5861 Vide
2264 5821 2417 5875 supr.
2452 5805 2613 5876 paulo
2641 5805 2980 5871 Buccellarii,
3012 5822 3075 5861 ex
3102 5804 3375 5859 Turnebo.
