4092 6420
552 424 662 490 259

1654 407 1920 470 1⁷11οΤ11
1962 402 2481 466 PATRIARCHiE
2520 403 2629 463 (ΖΡ.

3715 392 3825 458 260

553 540 644 591 ubi
675 546 889 589 menses
918 538 1170 600 quatuor,
1209 515 1316 580 illis
1353 524 1462 592 jam
1507 525 1725 580 fastidio
1766 523 1964 586 ductis,
1995 538 2134 591 prac-

2259 521 2502 591 ιράτοραο
2530 517 2626 572 τοῦ
2648 517 2704 572 δὲ
2729 517 2821 573 ὑπ’
2839 516 3021 570 αὐτῶν
3051 516 3091 548 ²¹
3117 513 3497 585 ἀναιρεθέντος
3523 513 3828 584 Γρατιανός

555 627 862 687 terl'uisset,
907 620 1254 675 interﬁcitur.
1291 617 1426 671 Tum
1471 615 1860 671 Constantinus
1907 613 2130 681 Augusti

556 723 775 776 nomine
832 717 1126 774 salutatur.
1183 713 1234 770 ls
1285 713 1589 776 Justiuum,
1641 720 1697 766 et
1742 711 2134 779 ﬁeovigasleu,

560 813 878 869 militarium
914 813 1192 875 copiarum
1233 808 1399 862 duces
1437 821 1652 870 creans,
1695 803 1882 858 relicta
1919 802 2133 856 Britan-

558 906 668 972 nia,
719 921 842 958 cum
902 904 1016 957 suis
1070 900 1304 967 trajecit,
1357 901 1611 966 venitque
1652 896 1946 951 Bononiam
1999 894 2134 965 (M),

559 999 890 1053 maritimam
953 997 1139 1048 urbem
1192 995 1271 1047 sic
1322 992 1544 1054 dictam,
1582 992 1810 1060 primam
1864 991 1917 1043 in
1951 987 2138 1043 Galliae

563 1093 762 1146 finibus
811 1089 1069 1157 positam.
1130 1086 1204 1141 Ibi
1263 1095 1524 1148 moratus,
1562 1083 1772 1138 Gallum
1809 1098 2047 1144 omnem,
2089 1091 2143 1134 et

562 1191 856 1256 Acytarum
892 1183 1004 1253 (15)
1042 1181 1272 1235 militem
1327 1179 1430 1232 sibi
1494 1178 1814 1247 adiungens,
1859 1175 2005 1228 omni
2063 1184 2145 1226 est

519 1305 522 1309 -
559 1274 732 1330 Gallia
771 1275 974 1344 potitus
1007 1273 1069 1324 ad
1109 1271 1272 1341 Alpes
1304 1284 1494 1337 usque,
1525 1283 1644 1338 quae
1670 1268 1874 1321 Italiam
1909 1282 1936 1318 a
1972 1267 2142 1321 Gallia

567 1375 846 1430 separant.
902 1363 1040 1416 lluic
1075 1361 1169 1414 ﬁlii
1207 1362 1310 1413 duo
1341 1368 1518 1420 erant,
1550 1357 1844 1420 Constans,
1877 1369 1930 1411 et
1972 1355 2140 1408 Julia-

571 1473 694 1511 nus.
742 1454 894 1508 Illum
945 1454 1212 1508 Caesarem
1272 1451 1588 1514 constituit;
1627 1448 1900 1504 lulianum
1955 1449 2146 1502 deinde

565 1551 632 1602 eo
662 1547 778 1617 ipso
811 1557 1054 1614 tempore
1087 1543 1487 1598 nobilissimum
1520 1543 1842 1596 nominavit.
1965 1535 1967 1538 ’

2253 617 2440 678 αὐτοῖς
2461 612 2911 666 ἀντικαθίσταται
2943 625 2961 642 ο
2994 612 3118 663 ἐπεὶ
3143 610 3200 662 δὲ
3236 610 3328 663 καὶ
3355 605 3510 670 οὗτος
3540 609 3621 670 είς
3637 607 3828 677 τετρά-

2247 725 2413 780 μηνον
2433 708 2618 770 αὐτοῖς
2644 705 2956 775 προσκορὴς
2989 701 3231 772 γεγονὼς
3281 702 3604 769 ἀπεσφάγη,
3663 702 3827 754 Κων-

2246 803 2522 862 σταντῖνος
2542 799 2662 852 τότε
2687 801 2767 862 εἰς
2790 797 2852 850 τὸ
2879 795 2974 850 τοῦ
3002 795 3406 866 αὐτοκράτορος
3434 791 3831 856 ἀναϐιϐάζεται

2244 895 2439 965 ὄνομα.
2475 892 2595 965 [181
2638 891 2733 962 IL]
2769 882 2939 952 Οὗτος
2981 889 3267 942 Ἰουστῖνον
3307 888 3402 941 καὶ
3445 886 3831 953 Νεοὸιγάστην

2249 985 2590 1057 στρατηγοὺς
2631 982 3041 1055 προϐαλόμενος
3083 982 3164 1047 ³¹,
3217 979 3444 1041 καὶτὰς
3491 977 3833 1048 Βρεττανίας

2247 1081 2439 1141 ἐάσας,
2471 1077 2794 1147 περαιοῦται
2836 1076 2951 1145 ἅμα
2979 1075 3028 1107 ³³
3055 1075 3165 1127 τῶν
3209 1071 3376 1126 αὑτοῦ
3407 1072 3498 1124 ἐπὶ
3539 1069 3830 1133 Βονωνίαν,

2249 1174 2402 1226 πόλιν
2429 1171 2572 1225 οὕτω
2601 1171 2966 1240 καλουμένην,
2993 1167 3449 1240 παραθαλασσίαν
3476 1165 3571 1218 καὶ
3602 1162 3833 1235 πρώτην

2249 1268 2307 1318 ὲν
2341 1268 2452 1328 τοῖς
2486 1265 2594 1317 τῶν
2625 1264 2864 1320 Γαλλιῶν
2895 1262 2943 1296 ⁸⁸
2981 1262 3154 1334 ὁρίοις
3192 1261 3474 1331 κειμένην.
3507 1258 3679 1312 Ἔνθα
3709 1257 3834 1310 δια-

2249 1358 2468 1426 τρίψας,
2494 1359 2588 1411 xui.
2611 1358 2730 1410 ὅλον
2757 1357 2845 1412 τὸν
2895 1357 3099 1409 Γάλλον
3133 1356 3228 1407 καὶ
3271 1354 3562 1407 Ἀκύτανον
3589 1353 3635 1383 ³⁵
3661 1368 3835 1420 στρα-

2252 1451 2452 1519 τιώτην
2480 1451 2946 1520 ίδιοποιησάμενος
2969 1490 2984 1512 ,
3022 1451 3218 1520 κρατεῖ
3251 1447 3469 1501 πάντων
3503 1445 3611 1497 τῶν
3647 1443 3834 1515 μερῶν

2252 1545 2350 1611 τῆς
2390 1543 2660 1606 Γαλατίας
2693 1543 2740 1574 ³⁸
2795 1544 2958 1614 μέχρι
3008 1543 3118 1596 τῶν
3161 1541 3413 1594 Ἀλπεων
3457 1540 3568 1593 τῶν
3626 1536 3835 1608 μεταξῦ

575 1640 810 1702 Ἰταλίας
851 1655 911 1691 τε
967 1638 1007 1668 ³⁷
1055 1637 1151 1690 καὶ
1197 1636 1468 1698 Γαλατίας
1524 1635 1591 1666 ³⁸’
1635 1634 1791 1697 οὗτος
1820 1635 1912 1688 δύο
1963 1637 2157 1699 παῖδας
2189 1637 2335 1705 ἔσχε,
2364 1636 2698 1690 Κώνσταντα
2732 1637 2826 1690 καὶ
2866 1635 3185 1697 Ἰουλιανόν,
3231 1628 3306 1687 ὧν
3342 1632 3433 1686 τὸν
3510 1632 3607 1703 μὲν
3671 1631 3838 1684 Κών-

567 1751 769 1788 σταντα
793 1731 1051 1800 Καίσαρα
1083 1729 1420 1799 χειροτονεῖ,
1453 1724 1571 1779 εἶτα
1605 1724 1833 1797 ὕστερον
1863 1727 2008 1780 κατὰ
2047 1731 2146 1790 τὰς
2183 1730 2357 1790 αὐτὰς
2386 1730 2603 1798 ἡμέρας
2635 1729 2730 1782 καὶ
2758 1728 2849 1782 τὸν
2901 1728 3188 1782 ’ῐουλιανὺν
3211 1726 3626 1795 νωϐελίσσιμον.

635 1825 848 1878 Attalus
891 1831 1078 1875 contra
1121 1818 1420 1872 Honorium
1477 1819 1774 1884 imperans,
1821 1821 1886 1872 ad
1931 1819 2145 1872 liaven-
2183 1824 2223 1878 Β

568 1930 690 1968 nam
721 1920 1131 1967 castrametatus
1156 1919 1257 1973 est,
1289 1911 1594 1976 missusque
1623 1908 1691 1963 ad
1715 1909 1862 1961 illum
1894 1921 2145 1977 tauquam

566 2007 635 2058 ab
667 2003 911 2058 Ilooorio
962 2003 1294 2069 imperatore
1327 2005 1392 2053 ad
1427 2001 1808 2070 imperatorem
1848 2002 1960 2070 (16)
2005 2001 2152 2056 Jovi-

572 2099 770 2152 nianus
792 2095 1077 2163 praefectus
1103 2104 1264 2159 atque
1303 2095 1587 2162 patricius,
1619 2104 1672 2148 et
1701 2093 1918 2161 Valens,
1954 2096 2154 2150 utrius-

573 2203 680 2255 que
724 2185 925 2238 militia:
971 2184 1112 2247 dux,
1177 2191 1232 2233 et
1294 2180 1568 2235 Pntamius
1597 2193 1857 2252 quaestor,
1900 2194 1954 2238 et
1987 2181 2155 2236 Julia-

574 2292 675 2331 nus
721 2274 1057 2328 notariorqu
1115 2271 1481 2341 primicerius.
1531 2272 1592 2326 lli
1631 2272 1810 2328 Attalo
1843 2272 2155 2341 signiﬁcant

569 2370 640 2422 ab
669 2368 908 2422 Honorio
939 2382 1058 2420 sese
1095 2367 1289 2420 missos
1333 2377 1388 2419 nt
1423 2382 1544 2419 cum
1575 2366 1665 2420 illo
1704 2367 1770 2420 de
1822 2367 2028 2435 imperii
2067 2383 2155 2420 so-

568 2463 768 2516 cietate
817 2467 1073 2514 tractent.
1114 2458 1316 2512 Abnuit
1368 2474 1497 2513 vero
1549 2459 1637 2512 ille
1681 2476 1694 2511 :
1754 2461 2050 2513 concedere
2077 2469 2156 2511 ta-

571 2569 695 2608 men
733 2566 812 2618 se,
843 2560 900 2603 ut
938 2551 1164 2604 insulam
1231 2551 1496 2604 inhabitet
1538 2553 1805 2603 malorum
1833 2566 2026 2618 expers
2050 2549 2158 2604 ﬂo-

571 2646 785 2702 norius.
821 2643 903 2696 vel
949 2643 1112 2698 alium
1144 2653 1292 2697 certe
1334 2660 1492 2712 quem
1525 2644 1654 2697 velit
1683 2644 1880 2698 locum.
1912 2643 2157 2711 Respon-

572 2739 662 2790 det
693 2735 882 2788 adth
905 2735 1244 2788 ltetabuntlus
1282 2733 1560 2799 Joviaiius,
1585 2735 1898 2803 indicatque
1932 2745 2154 2790 exutum

569 2829 682 2896 jam
731 2831 798 2882 ab
825 2828 1012 2881 Attalo
1044 2844 1144 2880 una
1179 2827 1328 2896 regni
1361 2836 1511 2895 parte
1540 2826 1835 2880 llonorinm
1869 2828 2159 2895 imperato-

573 2936 708 2974 rem.
731 2920 910 2986 Quarc
935 2919 1146 2973 .lovium
1172 2920 1383 2973 Attalus
1407 2920 1756 2990 increpando,
1781 2923 1986 2974 nullum
2016 2921 2158 2975 ferre

575 3027 779 3065 niorcin
829 3013 988 3075 dixit,
1024 3022 1082 3065 ut
1139 3013 1384 3080 spoliari]
1419 3013 1677 3067 dicendus
1720 3015 1788 3066 sit
1842 3014 2157 3080 imperator,

2325 1821 2447 1872 "Ott
2477 1821 2740 1882 Ἀτταλος
2765 1820 3094 1890 βασιλεύσας
3116 1819 3257 1872 κατὰ
3290 1819 3550 1888 Ὀνωρίου
3582 1818 3674 1870 ἐπὶ
3711 1817 3839 1870 Ῥάο

2256 1910 2449 1962 σενναν
2491 1909 2949 1980 ὲκστρατεύεται,
2988 1911 3084 1963 καὶ
3136 1909 3413 1978 πέμπεται
3458 1907 3594 1974 πρὸς
3646 1905 3838 1968 αὑτὸν,

2254 2003 2330 2066 ὡς
2353 2005 2418 2057 ὲκ
2446 2003 2713 2074 βασιλέως
2750 2004 3012 2076 Ὀνωρίου
3043 2003 3180 2073 πρδς
3214 2001 3461 2071 βασιλέα,
3507 1999 3760 2061 Ἰοσιανὸς
3785 1999 3838 2030 ³⁹

2255 2095 2492 2168 ἔπαρχος
2521 2099 2614 2150 καὶ
2642 2097 2954 2168 πατρίκιος,
2989 2097 3082 2149 καὶ
3107 2095 3323 2165 Οὐάλης
3354 2094 3660 2164 στρατηγὸς
3705 2094 3844 2146 ἑκα-

2254 2191 2421 2259 τέρας
2471 2189 2791 2258 δυνάμεως,
2851 2189 2947 2243 καὶ
2993 2188 3270 2258 Ποτάμιος
3312 2189 3340 2240 ό
3380 2187 3698 2254 κυαίστωρ,
3739 2185 3844 2237 καὶ

2269 2279 2552 2342 Ἰουλιανὸς
2605 2281 2968 2351 πριμικήριος
3019 2280 3128 2332 τῶν
3180 2278 3465 2350 νοταρίων·
3523 2277 3572 2330 οἳ
3617 2276 3844 2346 ἐδήλουν

2270 2373 2510 2441 Ἀττάλῳ
2556 2373 2650 2425 ἐπὶ
2701 2371 2959 2444 κοινωνίᾳ
3014 2372 3117 2440 τῆς
3172 2371 3446 2442 βασιλείας
3499 2370 3843 2424 ἀπεστάλθαι

2258 2465 2408 2533 παρὰ
2447 2463 2730 2534 ὐνωρίου.
2785 2461 2842 2516 '0
2866 2463 2924 2516 δὲ
2947 2464 3268 2525 ἀπένευσεν,
3308 2462 3443 2515 ἀλλὰ
3471 2463 3634 2533 νῆσον
3667 2463 3846 2515 οἰκεῖν

2257 2556 2509 2627 ἢὲτερόν
2553 2571 2675 2609 τινα
2708 2557 2872 2609 τόπον
2900 2596 2914 2620 ,
2967 2554 3028 2608 δν
3079 2555 3145 2609 ἂν
3191 2554 3432 2631 βούλοιτο
3459 2595 3474 2618 ,
3535 2557 3846 2625 συγχωρεῖν

2269 2648 2548 2715 Ὀνὼριον,
2576 2648 2764 2701 κακῶν
2793 2648 2999 2718 ἀπαθῆ.
3061 2649 3444 2719 Ἀποκρίνεται
3487 2647 3542 2700 δὲ
3585 2647 3849 2710 Ἰοϐιανὸς

2259 2740 2468 2810 ἡσθεὶς,
2504 2741 2634 2812 [106
2680 2738 2772 2812 Η.]
2814 2740 3282 2810 ἐπαγγελλόμενος
3328 2740 3423 2793 καὶ
3453 2739 3676 2791 σινῶσαι
3715 2737 3846 2790 καθ’

2259 2831 2377 2894 ἑνὸς
2409 2831 2605 2900 μέλους
2645 2833 2691 2863 ⁸ο
2719 2833 2809 2883 τὸν
2847 2832 3070 2901 βασιλέα
3117 2832 3393 2900 Ὁνώριον.
3445 2833 3560 2900 Ἐφ’
3595 2826 3849 2900 ᾧὲπετί-

2263 2940 2434 2994 μησεν
2463 2923 2726 2986 ’Ἄτταλος
2768 2924 3010 2994 Ἰοδιανῷ
3040 2925 3085 2956 ⁸⁸
3108 2967 3123 2990 ,
3158 2925 3234 2988 ὡς
3265 2925 3484 2988 οὐθενῆς
3512 2925 3664 2988 ἔθους
3688 2925 3848 2988 ὄντος

2262 3016 2538 3071 σινοῦσθαι
2583 3018 2808 3088 βασιλέα
2859 3019 3042 3072 ἑκοντὶ
3079 3018 3178 3088 τὴν
3211 3019 3487 3089 βασιλείαν
3517 3018 3848 3086 ἀποτιθέμε-

572 3104 663 3172 qui
697 3115 888 3172 sponte
931 3119 1028 3156 sua
1061 3104 1290 3172 imperio
1331 3105 1627 3158 abdicaret.
1670 3102 1868 3158 Verum
1898 3103 2154 3159 Jovianus

2261 3127 2370 3163 vov.
2420 3111 2582 3164 Ἀλλά
2629 3111 2884 3174 Ἰοῦιανὸς
2929 3112 3028 3182 μὲν
3055 3112 3320 3171 πολλάκις
3373 3091 3718 3181 πρεσϐεύσας
3746 3109 3848 3160 καὶ

573 3193 719 3263 58a
753 3209 1123 3262 saepenumero
1175 3193 1442 3261 legatione
1477 3194 1648 3258 obita,
1671 3208 1844 3262 neque
1865 3195 2154 3262 quidquam

2265 3203 2431 3274 μηδὲν
2456 3203 2664 3267 ἀνύσας
2695 3171 2992 3276 καταμένει
3043 3205 3180 3275 πρὸς
3213 3171 3474 3257 Ἀτταλον
3500 3244 3514 3265 ,
3557 3207 3850 3274 πατρίκιος

574 3285 887 3354 proﬁciens,
927 3285 1126 3336 mansit
1163 3284 1382 3336 tandem
1409 3286 1547 3354 apud
1589 3285 1850 3346 Attalum,
1898 3283 2157 3352 illiusque

575 3379 838 3445 patricius
869 3386 956 3430 est
985 3377 1308 3445 appellatus.
1344 3377 1617 3432 Ravennae
1650 3379 1866 3432 iureritn
1892 3378 2160 3433 delabitur

577 3470 641 3522 ad
699 3469 987 3524 Eusebium
1027 3469 1142 3538 (l7)
1181 3471 1536 3538 przepositum
1573 3469 1685 3539 (18)
1735 3479 2018 3537 potestas:
2064 3468 2158 3540 qui

576 3573 698 3634 post
731 3580 834 3616 non
881 3566 971 3616 diu
1012 3563 1145 3635 (l9),
1198 3564 1463 3617 Alloviclii
1513 3564 1790 3629 violentia,
1821 3580 1884 3618 ac
1939 3564 2159 3619 decreto

579 3655 816 3722 publico,
853 3653 904 3706 in
945 3654 1120 3707 oculis
1160 3654 1506 3722 imperatoris
1553 3655 1783 3708 fustibus
1813 3667 1896 3710 est
1921 3656 2157 3710 occisus.

581 3745 709 3798 Pﬂsl
739 3748 899 3799 etiam
941 3749 1065 3799 dum
1102 3747 1356 3801 Alaricho
1391 3746 1503 3816 (20)
1549 3762 1654 3800 non
1688 3749 1984 3816 acquiescit
2007 3750 2162 3801 Atta-

579 3835 686 3897 lus.
718 3847 772 3890 et
799 3853 927 3889 vero
961 3841 1194 3891 maxime
1238 3838 1374 3892 Jovii
1410 3854 1597 3906 onera,
1633 3840 1726 3908 qui
1759 3838 1982 3893 llonorii
2012 3840 2161 3904 lega-

579 3936 664 3980 tos
692 3931 1021 3996 prodiderat,
1048 3930 1274 3997 imperio
1305 3929 1556 3997 dejicitur
1585 3942 1871 3999 manetque
1896 3933 2158 4000 priVatam

585 4021 727 4088 apud
770 4021 1085 4074 Alariclmm
1122 4023 1286 4076 vitam
1337 4023 1560 4091 degens.
1603 4021 1805 4075 Deinde
1851 4039 1958 4076 non
1994 4023 2161 4076 multo

582 4112 915 4180 postiterum
955 4113 1262 4180 imperavit,
1300 4129 1360 4167 ac
1396 4129 1614 4168 rursum
1649 4113 1902 4166 abdicare
1940 4128 2161 4168 coactus

579 4213 686 4256 est.
721 4201 847 4255 Post
877 4205 988 4256 liarc
1012 4206 1226 4258 tandem
1267 4205 1330 4256 ail
1391 4205 1704 4257 Ravennam
1757 4204 2053 4274 prolectus,
2109 4215 2163 4259 et.

581 4295 811 4348 summis
851 4299 1090 4349 dexterae
1125 4313 1314 4350 manus
1358 4295 1544 4366 digitis
1584 4306 1872 4352 truncatus
1926 4299 2162 4366 proscri-

580 4383 748 4437 bitur.
785 4385 1096 4440 Allovicbns
1148 4387 1274 4440 item
1323 4399 1438 4456 post
1478 4387 1660 4456 paulo,
1694 4387 1839 4456 quod
1870 4389 2158 4442 Eusebium

2274 3291 2530 3345 Ἀττάλου
2568 3293 2897 3363 ὀνομασθείς
2917 3336 2931 3360 ,
2968 3295 3291 3365 μετέρχεται
3317 3295 3374 3347 δὲ
3404 3296 3546 3347 κατὰ
3571 3296 3669 3364 τὴν
3714 3295 3848 3347 Ῥά-

2261 3384 2452 3437 ϐενναν
2486 3385 2581 3438 ἐπὶ
2606 3387 2698 3438 τὸν
2728 3388 3057 3456 πρεπόσιτον
3094 3385 3359 3439 Εύσέϐιον
3387 3389 3420 3455 ἠ
3447 3386 3752 3450 δυναστεία,
3781 3386 3848 3449 ὃς

2265 3477 2405 3546 μετὰ
2427 3477 2612 3529 ἰκανὸν
2641 3478 2847 3552 χρόνονί
2871 3477 3181 3547 Ἀλλοὸίχου
3221 3477 3266 3509 δ’
3293 3478 3528 3548 ἐπηρείᾳ
3561 3478 3656 3530 καὶ
3709 3477 3850 3530 ὑπο-

2262 3569 2406 3640 θήκῃ
2449 3569 2685 3640 δημοσίᾳ¹
2723 3570 2817 3623 καὶ
2851 3571 2937 3622 ἐπ’
2987 3570 3144 3640 ὄψεσι
3172 3571 3266 3624 τοῦ
3315 3570 3580 3641 βασιλέως
3630 3569 3852 3641 ῥάϐδοις

2262 3659 2586 3728 ἀναιρεῖται.
2609 3661 2812 3729 Χρόνος
2829 3661 3090 3734 έῤῥευσεν
3108 3662 3312 3725 ἱκανὸς,
3329 3663 3422 3715 κα).
3437 3663 3512 3733 μὴ
3527 3664 3853 3732 πειθόμενος

2266 3752 2530 3816 ’Ἄτταλος
2569 3752 2860 3824 Ἀλαρίχῳ,
2910 3755 3116 3825 σπουδῇ
3155 3755 3211 3807 δὲ
3252 3755 3489 3824 μάλιστα
3542 3752 3798 3806 Ἰοόιανοῦ
3831 3795 3849 3817 ,

2263 3844 2322 3906 ὃς
2344 3839 2410 3915 ἦν
2444 3847 2544 3914 τὴν
2592 3845 2856 3915 Ὀνωρίου
2894 3847 3190 3918 πρεσϐείαν
3235 3846 3615 3918 προδεδωκὼς,
3649 3848 3850 3900 καθαιο

2267 3938 2441 4004 ρεῖται
2473 3935 2573 4006 τῆς
2604 3935 2884 4006 βασιλείας
2911 3979 2925 4002 ,
2986 3939 3080 3990 καὶ
3115 3938 3267 4007 μένει
3301 3939 3390 3990 τὸν
3449 3935 3666 4008 ἰδιώτην
3695 3939 3852 4007 παρὰ

2275 4026 2551 4099 Ἀλαρίχῳ
2599 4029 2713 4098 βίον
2749 4030 3152 4102 ἁνθῃρημένος.
3198 4031 3429 4083 Ἔπειτα
3473 4031 3609 4098 μετὰ
3657 4032 3852 4101 χρόνον

2262 4121 2383 4173 τινὰ
2412 4121 2724 4191 βασιλεύει,
2779 4117 2902 4176 εἶτα
2948 4122 3316 4193 καθαιρεῖται.
3357 4125 3465 4177 Καὶ
3493 4125 3631 4194 μετὰ
3675 4123 3852 4176 ταῦτα

2264 4209 2491 4280 ὕστερον
2536 4214 2628 4264 ἐπὶ
2684 4212 2982 4267 Ῥάϐενναν
3020 4214 3417 4286 παραγεγονὼς
3457 4216 3552 4268 καὶ
3596 4216 3716 4276 τοὺς
3747 4216 3852 4284 τῆς

2261 4303 2444 4368 δεξιᾶς
2469 4306 2650 4374 χειρὸς
2678 4305 2976 4370 δακτύλους
3006 4307 3481 4378 ἀκρωτηριασθεὶς
3515 4307 3702 4378 ἐξορίᾳ
3740 4325 3852 4358 πα⁴

2269 4397 2625 4466 ραπέμπεται
2650 4398 2721 4453 ⁸³.
2749 4400 2874 4452 ’Ότι
2920 4401 3229 4471 Ἀλλόϐιχος
3253 4401 3392 4469 μετὰ
3419 4399 3613 4470 βραχὺ,
3639 4401 3739 4470 τὴν
3761 4400 3851 4467 ἐφ’

583 4482 926 4547 pnepositum
973 4482 1307 4544 sustulisset,
1346 4485 1689 4552 imperatoris
1727 4483 2002 4536 sententia
2045 4495 2154 4552 pte-

2264 4481 2307 4553 ᾧ
2345 4487 2439 4540 τὸν
2467 4490 2796 4559 πρεπόσιτον
2862 4493 3120 4546 Εὑσέϐιον
3159 4493 3335 4545 ἀνεῖλε
3396 4493 3553 4561 δίκην
3607 4496 3788 4555 τιννὺς
3831 4534 3849 4554 ,

581 4586 679 4625 nas
709 4575 875 4637 dedit,
923 4585 1082 4638 atque
1120 4575 1170 4628 in
1213 4576 1328 4642 eius
1377 4586 1673 4642 conspectu
1717 4575 1987 4629 occiditur
2025 4574 2159 4645 (21).

581 4662 972 4720 Constantinus
1034 4678 1328 4738 tyrannus,
1381 4671 1596 4737 cegnita
1637 4668 1903 4722 Allovichi
1960 4679 2157 4733 morte,

2269 4581 2464 4652 γνώμῃ
2490 4582 2584 4636 τοῦ
2623 4583 2888 4654 βασιλέως
2923 4587 3064 4640 κατά
3098 4588 3388 4656 πρόσωπον
3417 4585 3582 4639 αὐτοῦ
3608 4587 3855 4654 ἀναιρεῖ-

2268 4688 2381 4726 ται·
2420 4673 2980 4742 καὶιΚωνσταντῖνος
3028 4679 3057 4729 ὁ
3105 4675 3369 4748 τύραννος
3404 4677 3494 4728 τὸν
3537 4674 3852 4746 Ἀλλοὸίχου

1899 4825 2138 4884 VARUE
2174 4829 2586 4890 LECTIONES.

649 5007 693 5038 "
720 5009 983 5093 αύτούς..
1037 5011 1080 5042 ³¹
1111 5011 1232 5066 libri
1260 5013 1716 5093 προξαλλόμενος.
1764 5014 1823 5093 ,ξ’
1847 5017 2013 5093 τωνᾼ
2035 5033 2049 5093 ς
2077 5021 2188 5093 τοῖς
2219 5037 2290 5093 ς.
2333 5022 2378 5052 ⁸⁵
2401 5023 2546 5075 Γαλα
2572 5024 2678 5076 τῶν
2702 5025 2851 5092 ὅροις
2880 5041 2939 5088 ς.
2991 5024 3036 5056 ³⁵
3057 5023 3362 5076 ἀκύταλλον
3400 5025 3462 5084 Λ,
3484 5025 3758 5093 ἀκύταρον
3785 5041 3851 5088 ,ς

578 5082 821 5134 correxit
896 5084 1176 5138 Seliottus.

581 5164 708 5220 ρους
729 5168 792 5214 ς.

1271 5084 1316 5115 ³⁸
1360 5084 1590 5146 Γαλλίας
1618 5103 1678 5149 ς.

1763 5086 1898 5157 avsa
1950 5089 2075 5144 add.
2108 5092 2174 5141 Α,
2250 5091 2294 5121 ³³
2320 5093 2552 5157 Γαλλίας
2584 5111 2645 5157 ς.

900 5154 941 5183 οι
979 5151 1170 5224 ἰωδίφ
1197 5171 1260 5220 ς,
1337 5152 1383 5185 δ’
1414 5154 1673 5226 ἀλοϐίχου
1687 5155 1752 5211 Α.
1817 5155 1866 5187 ⁵³
1896 5159 2308 5230 περιπέμπεται
2339 5181 2400 5227 ς.

2729 5096 2774 5126 ³³
2808 5093 3088 5156 Ἰωὸιανὸς
3141 5112 3178 5159 ς
3209 5095 3288 5149 sic
3340 5108 3394 5149 et
3431 5095 3592 5148 intra.
3682 5095 3726 5124 ⁸ο
3753 5093 3853 5163 μέ-

2092 5303 2329 5361 NOTAE.

577 5433 1133 5572 caf’ltziBurboniain
1162 5437 1360 5509 legitur
1386 5441 1526 5508 apud
1550 5441 1914 5498 Sozomenum
1949 5444 2046 5498 lib.
2078 5460 2156 5508 ix,

613 5576 1127 5699 Oﬁlﬁhﬁiiuitanum
1162 5581 1413 5647 emenda,
1447 5598 1510 5638 ex
1543 5582 1764 5640 Sozom.
1795 5594 2033 5676 δοίη-..οι
2067 5583 2158 5639 Si-

650 5663 702 5698 n.
739 5659 831 5699 llD.
863 5663 917 5699 Χ.
1945 5659 1988 5676 ⁸

551 5661 1250 5798 ιεὒῗίθῖἲοξίψυεηιίιι.-ν
1286 5732 1425 5794 extr.
1459 5722 1672 5778 Jovium
1722 5727 1863 5782 hunc
1895 5737 2156 5798 perpetuo

577 5786 757 5839 voeat.
785 5786 960 5841 l’liotii
995 5791 1159 5844 editio
1191 5786 1585 5848 inconstantior
1621 5807 1727 5851 est.

577 5855 946 5994 80$|l7iiil§a€i
986 5863 1238 5917 cubiculi.
1276 5863 1405 5920 Vide
1442 5865 1718 5922 Zosimum
1760 5869 1852 5922 lib.
1889 5883 1943 5935 v,
1970 5878 2025 5923 et
2067 5867 2150 5924 Si-

2340 5443 2829 5518 (l8idvra0'tela.
2851 5446 2994 5500 Jovii
3025 5447 3298 5518 ἐπαρχίαν
3317 5448 3417 5517 τῆς
3446 5448 3615 5518 αὐλῆς
3643 5448 3730 5502 hic
3759 5464 3852 5502 ac-

2269 5516 2435 5588 cipio.
2473 5516 2624 5571 Hanc
2649 5522 2792 5571 enim
2823 5521 3073 5572 secundae
3107 5516 3233 5584 post
3259 5516 3577 5588 principem
3602 5532 3846 5588 potesta-

2269 5587 2337 5639 tis
2371 5587 2562 5648 fnisse,
2594 5589 2690 5640 viri
2720 5589 2862 5642 docti
2894 5598 3175 5645 notarunt.

2339 5657 2451 5724 (19)
2486 5658 2821 5712 Ellobiclium
2859 5669 3016 5711 vocat
3045 5660 3245 5729 rSigon.
3281 5659 3375 5712 lib.
3405 5676 3485 5723 xr,
3529 5660 3652 5712 hist.
3690 5658 3850 5712 Occi-

2268 5729 2410 5780 derit.
2443 5730 2627 5788 imper.
2671 5729 3001 5782 Ebodicbuni
3034 5728 3252 5782 Silium.
3290 5731 3382 5783 lib.
3421 5747 3493 5788 ix.
3531 5747 3655 5792 cap.
3688 5732 3773 5784 15.

2341 5798 2454 5869 (2t!)
2497 5797 2570 5852 De
2600 5795 2856 5852 Africana
2905 5802 3252 5867 expeditione
3290 5802 3550 5869 legendus
3596 5800 3850 5854 Zosimus

2264 5869 2359 5921 lib.
2391 5868 2445 5920 6.

2334 5939 2450 6008 (21)
2481 5937 2652 5992 Aliter
2684 5938 2797 5992 hare
2836 5937 3056 5994 Sozom.
3093 5941 3180 5996 lib.
3216 5956 3292 6006 ιιι,
3325 5957 3441 6010 cap.
3479 5941 3570 5996 l5.
