4092 6408
259 421 353 485 261
1317 415 1837 477 BlBLIOTIIECA.
1871 439 1938 451 --
1976 414 2139 474 COD.
2181 415 2409 476 LXXX.

3404 416 3512 478 262

262 535 481 586 θάνατον
510 526 716 599 μαθὼν,
769 526 1125 595 ἐπειγόμενος
1174 525 1309 595 πρὸς
1349 525 1645 577 Ῥάϐενναν
1687 522 1828 575 ὥστε

1938 520 2212 575 llavenam
2243 524 2527 585 accedens,
2558 534 2747 578 ntcum
2774 523 3011 579 llonorio
3027 522 3201 580 ftedus
3224 525 3510 603 iniret(22)

262 620 575 678 σπείσασθαι
611 618 877 690 Ὀνωρίῳ,
907 616 1168 687 φοϐηθεὶς
1207 616 1559 685 ὑποστρέφει.

324 716 442 768 Ὀτι
469 713 529 766 τὸ
568 713 788 782 Ῥήγιον
821 709 1155 781 μητρόπολίς
1188 710 1304 762 ἐστι
1332 709 1430 777 τῆς
1462 706 1726 777 Βρεττίας
1756 705 1827 770 ⁸⁸,

261 805 317 871 ἐξ
344 800 403 860 οὗ
430 822 595 876 φησιν
621 806 651 857 6
687 804 958 875 ἱστορικὸς
1000 803 1283 871 Ἀλάριχον
1314 802 1408 853 ἐπὶ
1438 800 1686 854 Σικελίαν
1709 800 1829 870 βου⁹

259 899 471 967 λόμενον
485 897 857 968 περαιωθῆναι
875 897 1252 965 ἐπισχεθῆναι·
1280 895 1503 965 ἄγαλμα
1522 896 1652 966 γάρ,
1672 896 1827 964 φησὶ,

257 989 631 1059 τετελεσμένον
676 990 965 1059 ἱστάμενον
1003 987 1249 1041 ἐκώλυσε
1279 987 1326 1020 ’⁵⁵
1350 989 1450 1059 τὴν
1502 990 1824 1058 περαίωσιν.

259 1082 543 1135 Τετέλεστο
568 1081 644 1144 δὲ,
676 1082 752 1144 ὡς
778 1080 1084 1152 μυθολογεί,
1117 1080 1268 1151 παρά
1289 1080 1399 1133 τῶν
1421 1082 1664 1151 ἀρχαίων
1691 1082 1830 1135 ἁπο-

255 1174 503 1243 τρόπαιόν
550 1191 610 1226 τε
639 1174 733 1226 τοῦ
780 1174 889 1227 ἀπὸ
927 1175 1025 1243 τῆς
1067 1174 1268 1244 Αἴτνης
1324 1173 1497 1243 πυρὸς
1549 1175 1644 1227 καὶ
1692 1174 1829 1243 πρὸς

258 1268 481 1320 κώλυσιν
526 1270 766 1339 παρόδου
811 1267 902 1321 διὰ
944 1266 1225 1337 θαλάσσης
1258 1266 1574 1337 βαρϐάρωψ
1624 1267 1682 1319 ὲν
1719 1268 1829 1338 γὰρ

255 1359 326 1429 τῷ
355 1362 433 1412 ἐνί
483 1361 607 1413 ποδὶ
645 1363 759 1431 πῦρ
814 1359 1116 1431 ἀκοίμητον
1168 1361 1460 1429 ἐτύγχανε,
1496 1360 1592 1413 καὶ
1642 1362 1701 1411 ὲν
1753 1358 1830 1429 τῷ

256 1453 420 1521 ἑτέρῳ
453 1452 599 1523 ὕδωρ
641 1453 994 1523 ἀδιάφθορον.
1049 1448 1123 1507 Οὗ
1150 1454 1550 1516 καταλυθέντος
1601 1451 1830 1521 ὕστερον

256 1546 313 1598 ἐκ
332 1562 389 1597 τε
414 1545 509 1597 τοῦ
542 1545 797 1599 Αἰτναίου
830 1546 1003 1615 πυρὸς
1037 1546 1134 1600 καὶ
1156 1548 1220 1599 ὲκ
1244 1546 1353 1598 τῶν
1377 1545 1669 1616 βαρϐάρων
1704 1545 1831 1615 βλά-

257 1638 403 1707 ϐαςὴ
452 1638 677 1691 Σικελία
720 1639 961 1703 ἐδέξατο.
1006 1639 1359 1711 Κατέστρεψε
1408 1639 1464 1692 δὲ
1504 1639 1565 1691 τὸ
1606 1638 1830 1706 ἄγαλμα

266 1730 626 1802 Ἀσκληπιὸςό
646 1732 756 1785 τῶν
785 1734 843 1784 ὲν
871 1732 1094 1804 Σικελίᾳ
1120 1733 1417 1803 κτημάτων
1442 1732 1829 1785 Κωνσταντίου

256 1823 338 1875 καὶ
362 1825 659 1886 Πλακιδίας
689 1825 964 1898 διοικητὴς
996 1828 1295 1889 καταστάς.

320 1918 434 1969 Ὀτι
468 1920 883 1973 Κωνσταντίνου
920 1922 965 1952 ⁸⁸
996 1920 1089 1973 τοῦ
1113 1921 1385 1990 τυράννου
1417 1921 1512 1975 καὶ
1537 1917 1829 1972 Κώνσταν-

252 2026 336 2071 τος
370 2011 461 2063 τοῦ
510 2013 725 2075 παιδὸς,
762 2013 823 2076 ὃς
850 2015 1115 2085 πρότερον
1149 2015 1249 2082 μὲν
1296 2015 1513 2085 Καίσαρ
1547 2013 1740 2066 ἔπειτα
1771 2013 1829 2066 δὲ

254 2106 339 2155 καὶ
365 2104 622 2173 βασιλεὺς
650 2106 777 2177 [184
803 2106 895 2178 IL]
929 2108 1392 2178 ἐκεχειροτόνητο,
1418 2108 1627 2161 τούτων
1659 2110 1829 2177 ἡττη-

254 2193 439 2247 θέντων
474 2197 573 2250 καὶ
610 2198 962 2266 πεφευγότων
1007 2199 1288 2268 Γερόντιος
1313 2201 1341 2252 6
1388 2199 1692 2269 σρατηγὸς,
1729 2199 1829 2267 τὴν

256 2286 378 2355 πρὸς
402 2288 531 2351 τοὺς
573 2287 884 2359 βαρϐάρους
934 2290 1236 2359 ἀσμενίσας
1268 2291 1493 2361 εἰρήνην
1520 2331 1533 2354 ,
1572 2290 1830 2358 Μάξιμον

255 2378 335 2429 τὸν
368 2378 567 2431 ἑαυτοῦ
614 2383 810 2445 παῖδα,
858 2383 938 2445 εἰς
984 2381 1082 2450 τὴν
1115 2382 1224 2434 τῶν
1277 2382 1616 2450 δομεστίκων
1671 2383 1829 2447 τάξιν

254 2469 515 2535 τελοῦντα,
559 2471 787 2539 βασιλέα
813 2473 1157 2544 ἀναγορεύει’
1187 2462 1306 2527 εἶτα
1329 2475 1623 2539 ἐπιδιώξας
1676 2475 1830 2529 Κών-

255 2575 445 2613 σταντα
473 2564 864 2634 κατεπράξατο
888 2566 1280 2637 ἀναιρεθῆναι,
1324 2569 1419 2621 καὶ
1468 2569 1609 2619 κατά
1662 2569 1829 2632 πόδας

255 2653 427 2707 εἶπετο
456 2655 677 2708 διώκων
716 2660 811 2710 καὶ
852 2659 942 2711 τὸν
994 2660 1207 2728 πατέρα
1256 2652 1687 2716 Κωνστάντῖνον.
1739 2662 1828 2714 Ἐν

256 2737 295 2810 ᾧ
331 2744 384 2796 δὲ
421 2745 602 2798 ταῦτα
655 2747 904 2814 ἐγίνετο,
962 2749 1340 2813 Κωνστάντιος
1404 2751 1498 2803 καὶ
1557 2750 1828 2820 eatena;

256 2836 671 2890 ἀποστέλλονται
714 2840 865 2910 παρὰ
910 2840 1171 2909 Ὀνωρίου
1199 2842 1343 2895 κατά
1390 2843 1826 2909 Κωνσταντίνου,

257 2929 340 2979 καὶ
362 2930 765 2993 καταλαϐόντες
788 2934 888 3002 τὴν
922 2933 1238 3004 Ἀρήλατον,
1267 2933 1397 2987 ἔνθα
1419 2936 1519 2997 τὰς
1546 2935 1830 3004 διατριϐὰς

256 3020 476 3073 ἐποιεῖτο
504 3023 918 3086 Κωνσταντίνος
943 3027 1040 3078 σὺν
1080 3027 1349 3096 Ἰουλιανῷ
1381 3027 1457 3099 τῷ
1499 3029 1667 3091 παιδὶ,
1701 3029 1830 3081 ταύ-

254 3126 345 3179 την
370 3113 751 3184 πολιορκοῦσι*
795 3116 887 3169 καὶ
932 3118 1341 3182 Κωνσταντῖνος
1384 3120 1715 3189 καταφυγὼν
1750 3124 1829 3185 είς

1934 622 2077 663 metu
2106 613 2389 679 perculsus
2423 616 2668 667 revertit.

2005 704 2270 775 Rhegium
2306 709 2644 777 metropolint
2672 723 2791 763 esse
2816 709 2929 780 (25)
2958 709 3310 769 Bruttiorum.
3356 727 3387 766 e
3407 727 3512 782 qua

1935 798 2098 853 refert
2125 800 2418 854 historicus
2445 802 2780 869 Alarichum,
2814 805 2937 857 dum
2992 805 3043 858 in
3079 803 3322 861 Siciliam
3360 808 3515 874 traji—

1932 906 2054 945 cere
2081 902 2542 959 parat,retentnm
2569 897 2755 950 fuisse.
2783 897 2972 950 Statua
2996 900 3161 963 enim,
3195 899 3389 968 inquit,
3429 900 3515 977 in-

1931 989 2222 1047 augurata,
2257 981 2327 1033 ibi
2377 991 2527 1036 stans
2568 983 2851 1051 trajectum
2884 990 3123 1045 vetabat.
3154 988 3353 1043 Fuerat
3385 1004 3515 1043 vero

1933 1069 2070 1131 haec,
2111 1078 2168 1122 ut
2203 1069 2497 1135 fabulatur,
2543 1073 2611 1125 ab
2646 1075 2884 1142 antiquis
2916 1076 3256 1145 inaugurata,
3295 1092 3414 1130 cum
3454 1084 3514 1129 ut

1931 1161 2109 1215 jEtnre
2145 1162 2342 1216 montis
2392 1166 2542 1231 ignes
2599 1175 2889 1231 averteret,
2931 1179 3037 1221 tum
3083 1178 3139 1221 ut
3171 1171 3335 1223 maris
3361 1177 3513 1221 tran-

1932 1256 2037 1309 situ
2081 1256 2347 1312 Barbaros
2372 1259 2722 1325 ,proltilieret.
2752 1259 2937 1315 Altero
2971 1261 3116 1316 enim
3161 1263 3295 1331 pede
3324 1278 3516 1332 perpe-

1935 1357 2082 1401 tuum
2130 1349 2334 1419 ignem,
2384 1352 2556 1405 altero
2591 1368 2721 1406 vero
2767 1370 3057 1423 perennem
3099 1372 3291 1425 aquam
3336 1366 3517 1424 gesta-

1934 1440 2044 1494 bat.
2078 1440 2152 1497 Ea
2188 1442 2350 1512 igitur
2390 1453 2567 1497 statua
2593 1444 2899 1510 confracta,
2932 1449 3150 1501 tandem
3205 1464 3267 1500 ex
3301 1448 3513 1501 Aitnzeo

1936 1535 2055 1603 igne
2090 1534 2227 1604 (24),
2268 1545 2322 1588 et
2364 1553 2391 1589 a
2436 1536 2690 1592 Barbaris
2724 1539 3110 1593 detrimentum
3143 1540 3382 1593 Siciliam
3425 1556 3516 1594 cc—

1935 1627 2098 1692 pisse.
2137 1628 2391 1681 Eversatn
2435 1646 2560 1684 vero
2585 1640 2820 1683 statuam
2859 1633 2925 1684 al)
2951 1630 3290 1699 Aisculapio,
3331 1635 3422 1702 qui
3458 1636 3510 1686 itt

1936 1718 2123 1774 Sicilia
2147 1722 2552 1790 possessionum
2584 1724 2889 1778 Constantii
2926 1735 2979 1779 et
3016 1726 3265 1780 Placidia:
3293 1738 3514 1781 curator

1934 1823 2073 1867 erat.

1862 1891 1902 1943 Β
2001 1904 2359 1960 Constantino
2386 1907 2653 1977 (tyranno,
2681 1917 2735 1960 et
2771 1907 3069 1963 Constante
3122 1909 3230 1964 filio
3259 1907 3370 1979 (qni
3406 1911 3516 1979 pri-

1936 2014 2084 2050 mum
2121 1999 2335 2066 quidem
2368 1998 2569 2065 Ctesar,
2599 2010 2719 2069 post
2762 2001 2924 2054 etiam
2963 2001 3260 2069 imperator
3297 2014 3514 2055 creatus

1932 2091 2109 2145 fuerat
2146 2093 2326 2158 victis,
2367 2091 2603 2163 fugaque
2651 2094 2894 2162 dilapsis,
2922 2094 3217 2149 Gerontius
3252 2095 3371 2149 belli
3402 2097 3513 2148 dux

1933 2199 2054 2237 cum
2096 2184 2354 2239 Barbaris
2378 2200 2511 2252 pace
2532 2186 2723 2256 llibens
2756 2186 2889 2240 inita
2930 2187 3097 2239 lilium
3147 2202 3304 2241 suum
3347 2187 3516 2239 Maxi-

1934 2292 2081 2330 mum
2120 2277 2209 2345 qui
2246 2278 2387 2332 inter
2420 2278 2747 2333 domesticos
2787 2280 2901 2351 (25)
2947 2280 3357 2347 numerabatur,
3401 2280 3517 2335 Cte-

1932 2385 2114 2425 sarem
2168 2373 2467 2427 renuntiat.
2517 2370 2872 2427 Constantem
2929 2373 3125 2427 deinde
3158 2373 3452 2439 insecutus,
3486 2389 3517 2428 e

1934 2463 2109 2518 medio
2149 2465 2400 2531 sustulit,
2462 2476 2517 2519 et
2572 2466 2799 2535 vestigia
2852 2479 3207 2533 consectans,
3250 2468 3518 2523 Constan-

1934 2557 2105 2610 tinutn
2161 2572 2375 2626 quoque
2416 2568 2623 2627 patrem
2682 2560 3126 2628 perSeqnehatur.
3191 2561 3328 2615 lium
3400 2563 3516 2615 haec

1933 2658 2215 2717 geruntur,
2267 2648 2656 2704 Constantinus
2714 2650 2827 2720 (26)
2874 2664 2928 2704 et
2987 2651 3232 2720 Ulphilas
3282 2654 3350 2706 ab
3403 2649 3517 2703 llo-

1933 2742 2087 2796 norio
2131 2744 2392 2797 adversus
2434 2742 2845 2797 Constantinum
2884 2744 3066 2809 missi;
3118 2760 3347 2815 cumque
3382 2746 3519 2799 Are-

1932 2834 2091 2887 latetn
2120 2835 2496 2902 pervenissent
2534 2834 2675 2904 580
2711 2835 2802 2889 ubi
2851 2835 3243 2890 Constantinus
3268 2852 3389 2890 cmn
3421 2838 3517 2891 .lu-

1934 2924 2076 2979 liano
2111 2925 2219 2978 tilio
2265 2925 2495 2993 agebat,
2533 2926 2669 2980 hanc
2714 2927 2980 2981 obsident.
3018 2926 3409 2983 Constantinus
3446 2930 3514 2983 ad

1934 3018 2188 3086 templum
2208 3020 2542 3088 confugiens,
2559 3020 2809 3074 sacerdos
2832 3021 3134 3084 ordinatur,
3156 3020 3514 3089 jurejurando

1932 3113 1996 3164 de
2026 3111 2199 3165 salute
2228 3111 2301 3164 illi
2340 3112 2501 3177 dato;
2534 3113 2611 3166 sic
2631 3112 2785 3167 urbis
2818 3124 2985 3181 portae
3014 3111 3388 3166 obsidentibus
3416 3114 3519 3165 mi-

256 3205 530 3276 εὑκτήριον
579 3207 952 3280 πρεσϐύτερος
996 3211 1120 3262 τότε
1166 3215 1601 3281 χειροτονεῖται,
1651 3214 1829 3284 ὅρκων

1936 3205 2117 3258 litibus
2143 3213 2342 3273 apertae
2368 3214 2517 3269 sunt,
2561 3206 2868 3272 missusque
2911 3214 2993 3259 est
3034 3220 3159 3258 cum
3209 3202 3424 3258 Juliano
3455 3205 3517 3258 ii-

258 3297 390 3363 αὺτῴ
427 3301 574 3370 ὑπὲρ
602 3302 878 3371 σωτηρίας
920 3302 1203 3355 δοθέντωνο
1235 3306 1329 3356 καὶ
1360 3308 1471 3369 τοῖς
1502 3306 1828 3374 πολιορκοῦ-

259 3402 332 3438 σιν
356 3392 408 3441 αἰ
440 3389 613 3442 πύλαι
643 3392 741 3459 τῆς
774 3392 983 3455 πόλεως
1026 3394 1514 3449 ἀναπετάννυνται.
1549 3399 1655 3449 Καὶ
1688 3398 1828 3464 πέμ-

258 3496 402 3533 πεται
432 3485 531 3535 σὺν
558 3483 637 3552 τῷ
666 3484 764 3553 υίῴ
798 3487 1205 3550 Κωνσταντῖνος
1228 3487 1365 3557 πρὸς
1405 3488 1683 3559 Ὀνώριον’
1721 3491 1748 3540 6
1773 3489 1830 3541 δὲ

261 3572 605 3640 μνησικακῶν
645 3575 828 3637 αὐτοῖς
878 3575 1016 3645 ὑπὲρ
1067 3576 1178 3629 τῶν
1234 3577 1473 3646 ἀνεψιῶν
1504 3579 1690 3642 αὑτοῦ,
1737 3578 1830 3643 οὒς

262 3663 514 3732 ἐτύγχανε
573 3668 984 3732 Κωνσταντίνος
1045 3669 1250 3723 ἀνελὼν
1280 3708 1294 3730 ,
1367 3672 1473 3742 πρὸ
1534 3674 1831 3743 τριάκοντα

256 3753 349 3823 τῆς
407 3757 703 3830 Ῥαϐέννης
754 3762 947 3830 μιλίων
1033 3764 1182 3834 παρὰ
1246 3766 1370 3827 τοὺς
1426 3766 1623 3835 ὅρκους
1662 3783 1831 3833 προσ-

259 3847 427 3902 τάττει
472 3852 701 3915 τούτους
745 3855 1124 3926 ἀναιρεθῆναι.
1169 3857 1451 3927 Γερόντιος
1485 3858 1542 3910 δὲ
1587 3875 1832 3928 παραγε-

261 3944 487 4011 νομένων
514 3946 760 4015 Οὐλφιλᾶ
783 3946 908 4020 [107
930 3948 1136 4022 11.)καί
1166 3951 1582 4004 Κωνσταντίνου
1614 3951 1829 4019 φεύγει,

262 4037 343 4089 καὶ
375 4041 781 4110 καταληφθεὶς,
834 4043 917 4096 ὅτι
961 4044 1251 4115 ἐγκρατῶς
1288 4040 1427 4117 ἦρχε
1478 4046 1574 4099 τοῦ
1626 4046 1830 4099 οἰκείου

261 4131 502 4199 στρατοῦ,
537 4132 629 4185 ὑπ’
651 4134 828 4187 αὐτῶν
862 4137 1089 4189 ἐκείνων
1116 4136 1551 4192 ἐπιϐουλεύεται⁸
1582 4137 1693 4208 πῦρ
1721 4138 1830 4209 γὰρ

258 4223 387 4276 κατά
428 4225 533 4293 τῆς
586 4227 768 4289 οἰκίας
804 4226 969 4281 αὐτοῦ
1013 4229 1245 4298 ἀνῆψαν.
1290 4228 1348 4281 Ὀ
1401 4230 1457 4282 δὲ
1516 4230 1652 4297 πρὸς
1705 4229 1831 4293 τοὺς

259 4313 662 4380 ἐπαναστάντας
692 4320 977 4389 κρατερῶς
1011 4321 1268 4389 ἐμάχετο,
1302 4320 1398 4374 ἕνα
1422 4322 1829 4391 συναγωνιστὴν

259 4403 384 4474 ἔχων
424 4408 651 4461 ’Λλανὸν
699 4412 758 4462 τὸ
786 4412 964 4477 γένος,
1000 4413 1080 4472 είς
1124 4409 1347 4473 δούλους
1394 4409 1561 4463 αὑτοῦ
1616 4411 1659 4441 ⁸⁷
1707 4410 1830 4479 ἀρι-

260 4496 576 4570 θμούμενον.
607 4500 768 4564 Τέλος
798 4504 887 4555 τόν
935 4520 995 4555 τε
1047 4502 1267 4557 Ἀλανὸν
1297 4504 1391 4556 καὶ
1428 4503 1525 4573 τὴν
1570 4505 1827 4570 γυναῖκα,

1935 3299 2004 3351 lio
2046 3297 2441 3352 Constantinus
2487 3302 2554 3351 ad
2598 3297 2917 3353 llonorinm.
2973 3297 3064 3352 llle
3114 3314 3241 3352 vero
3296 3299 3517 3354 minime

1935 3390 2065 3459 ipsis
2107 3390 2415 3460 ignoscetis,
2470 3393 2539 3446 ob
2592 3392 2907 3445 interfeCtos
2960 3408 2989 3443 a
3032 3390 3389 3445 Constantino
3420 3406 3518 3446 co-

1933 3494 2123 3552 gnatos
2174 3501 2301 3540 suos
2331 3484 2468 3556 (27),
2513 3486 2579 3538 ad
2633 3486 2848 3553 triginta
2878 3484 2989 3555 (28)
3030 3500 3058 3537 a
3103 3483 3354 3538 Ravenna
3391 3484 3515 3538 mil-

1936 3576 2112 3640 liaria,
2145 3588 2330 3631 contra
2378 3576 2735 3646 jurisjnrandi
2771 3578 2927 3630 tidem
2974 3578 3200 3631 interﬁci
3229 3576 3513 3642 eosjnbet.

1934 3668 2227 3724 Gerontius
2272 3671 2419 3735 dein,
2485 3671 2867 3725 accedentibus
2899 3671 3118 3741 Ulphila
3162 3682 3217 3725 et
3253 3670 3521 3725 Constan-

1937 3762 2071 3826 tino,
2120 3761 2298 3832 fugam
2337 3764 2610 3831 capessit:
2646 3766 3123 3834 deprehensnsqne
3166 3764 3307 3833 quod
3341 3764 3517 3832 impo-

1937 3857 2137 3910 tentius
2180 3856 2441 3911 exercitui
2472 3856 2797 3924 prazfuisset,
2827 3872 3046 3912 suorum
3078 3857 3291 3911 insidiis
3318 3858 3516 3926 petitus

1934 3959 2039 4001 est.
2102 3945 2282 4017 lguem
2334 3949 2521 4017 itaque,
2558 3948 2723 4016 ipsius
2772 3947 2979 4002 aedibus
3036 3948 3338 4016 iujeccrunt
3399 3965 3413 3999 :
3462 3957 3520 4001 at

1938 4039 2027 4094 ille
2059 4039 2270 4094 fortiter
2291 4040 2344 4092 in
2380 4041 2721 4094 adversarios
2740 4049 2960 4109 pugnat,
2990 4054 3095 4093 uno
3125 4040 3412 4106 adiuvante
3435 4040 3519 4091 fa-

1937 4134 2105 4197 mulo,
2135 4134 2224 4202 qui
2257 4132 2467 4189 Alanus
2494 4141 2633 4187 erat.
2676 4132 2754 4187 Re
2780 4142 2956 4187 tamen
2986 4134 3201 4187 tandem
3229 4134 3517 4202 desperata

1933 4227 2164 4280 Alanum
2203 4226 2373 4289 illum,
2410 4241 2672 4295 suamque
2721 4241 2944 4279 uxorem
2974 4225 3123 4296 (29),
3158 4234 3215 4279 ιιι
3260 4225 3359 4294 ipsi
3392 4240 3520 4294 pos-

1937 4318 2191 4382 tularant,
2236 4318 2520 4383 interimit,
2572 4332 2634 4370 ac
2680 4317 2913 4385 denique
2951 4318 3115 4370 etiam
3154 4316 3255 4369 sibi
3286 4329 3515 4370 mortem

1934 4414 2243 4468 consciscit.
2292 4412 2559 4467 Maximus
2607 4412 2723 4483 ejus
2768 4412 2953 4480 filius,
3006 4427 3064 4468 re
3111 4411 3404 4478 intellecta,
3447 4412 3517 4464 ad

1937 4506 2230 4560 ftederatos
2260 4505 2505 4573 confugit
2531 4503 2823 4559 Barbaros.

258 4592 400 4645 τοῦτο
434 4593 960 4664 προθυμουμένους,
1005 4594 1237 4662 ἀναιρεῖ,
1291 4592 1733 4662 ἐπικατασφάζει
1771 4596 1825 4648 δὲ
1864 4600 1955 4651 καὶ
1982 4599 2194 4651 ἑαυτόν.
2228 4597 2482 4669 Μάξιμος
2526 4596 2583 4650 δὲ
2646 4597 2674 4649 6
2738 4600 2871 4662 παῖς
2917 4596 3094 4650 ταῦτα
3156 4592 3345 4665 μαθὼν
3382 4592 3520 4665 πρὸς

259 4685 368 4745 τοὺς
407 4685 783 4747 ὑποσπόνδους
808 4685 1000 4754 φεύγει
1026 4684 1356 4756 βαρϐάρους.

320 4779 439 4832 Ὀτι
486 4780 700 4841 Ἰοϐἰνος
728 4780 769 4810 ⁸⁸
790 4782 847 4831 ὲν
873 4779 1193 4847 Μουνδιακῷ
1216 4779 1257 4809 ³9
1275 4780 1370 4847 τῆς
1402 4779 1594 4848 ἑτέρας
1620 4780 1829 4848 Γερμα-

2009 4780 2258 4836 Juviuius
2289 4780 2427 4847 apud
2458 4778 2796 4833 Mundacium
2827 4779 2938 4849 (30)
2968 4775 3273 4832 Germanim
3293 4775 3518 4832 alterius

258 4870 364 4934 νίας
398 4873 545 4925 κατὰ
593 4870 826 4938 σπουδὴν
870 4870 915 4901 ⁸⁸
964 4868 1121 4940 ι’ὠαρ
1160 4870 1254 4921 τοῦ
1299 4870 1520 4923 Ἀλανοῦ
1566 4872 1658 4921 καὶ
1700 4870 1832 4923 Γυν-

258 4966 480 5034 τιαρίου,
512 4966 572 5026 ὃς
610 4964 882 5034 φύλαρχος
907 4962 1245 5034 ἐχρημάτιζε
1290 4964 1399 5016 τῶν
1435 4963 1827 5033 Βουργουντιό-

1940 4873 2153 4936 urbem,
2187 4874 2371 4927 studio
2421 4871 2617 4927 Goaris
2657 4872 2837 4936 Alani,
2876 4882 2929 4924 et
2980 4870 3224 4927 Guntiari
3271 4869 3520 4939 Burgun-

1938 4966 2148 5018 diorum
2201 4964 2443 5034 praefecti
2477 4973 2745 5034 tyrannus
2778 4972 2998 5019 creatus
3036 4975 3143 5019 est.
3171 4963 3270 5019 Cui
3307 4970 3366 5018 ut
3394 4978 3517 5018 sese

1514 5102 1747 5158 ΥΑΒΙίΕ
1800 5102 2207 5159 LEC'l‘IONES.

331 5202 377 5233 “
404 5203 703 5274 Βρετανίας
749 5222 809 5268 ς.

260 5278 345 5329 sic
372 5289 424 5329 et
450 5273 605 5329 infra
677 5278 722 5306 δ’
749 5274 1142 5344 Μογουντιακῴ
1174 5273 1540 5329 llmscbelius.

882 5203 926 5235 ⁸⁵
957 5202 1161 5255 ἐκώλυε
1196 5220 1256 5267 ς.
1328 5200 1375 5233 ’⁸⁸
1408 5200 1822 5254 Κωνσταντίνου
1856 5216 1938 5267 pr.
1972 5201 2037 5254 A.
2090 5200 2473 5255 Κωνσταντίου
2516 5215 2661 5255 corr.
2722 5199 2767 5230 ⁸⁷
2794 5197 2944 5269 αὐτῷ
2968 5216 3029 5263 ς.

1638 5271 1686 5302 ⁸ο
1724 5270 1959 5341 σπονδὴν
1980 5274 2045 5325 Α.

3109 5198 3155 5230 ⁸⁸
3194 5196 3433 5261 Ἰωϐῖνος
3456 5214 3521 5263 ς,

1761 5363 1993 5421 NOTAE.

335 5461 442 5527 (22)
473 5462 632 5515 Anno
655 5461 858 5516 Christi
896 5463 1021 5517 411.
1053 5460 1178 5517 Car.
1216 5461 1409 5528 Sigon.

328 5532 438 5603 (25)
470 5532 704 5585 Utultittu
736 5531 993 5602 Βρεττίας
1034 5535 1313 5603 legentium
1352 5534 1459 5587 hic.

328 5602 437 5673 (25)
473 5603 547 5673 lix
579 5619 712 5673 vana
745 5605 954 5656 Scilicet
982 5602 1227 5673 gentium
1257 5602 1672 5670 superstitione.

334 5672 437 5740 (25)
479 5671 551 5724 De
583 5671 892 5727 Domesticis
922 5671 1187 5727 videndus
1212 5673 1529 5740 Curopalat.
1556 5671 1735 5725 libello
1768 5672 1833 5725 tle

268 5740 475 5794 ofﬁcial.
507 5742 922 5813 Constattttnop.
962 5743 1175 5797 Brissun
1206 5745 1256 5796 itt
1286 5744 1483 5806 lexicu,
1517 5754 1569 5794 et
1599 5745 1720 5796 alii.

331 5813 437 5891 (26)
482 5814 624 5868 Idem
668 5818 761 5885 qui
806 5813 1103 5871 Placidiam
1151 5824 1336 5884 postea
1388 5814 1676 5883 coniugem
1734 5827 1829 5866 ac-

276 5893 422 5951 Ccptl.

2017 5464 2133 5535 (27)
2170 5464 2534 5521 Verenianum
2572 5480 2634 5516 ac
2665 5464 2953 5534 Didymnm
2994 5462 3263 5535 intelligit,
3302 5460 3525 5535 dequi-

1943 5535 2042 5617 litis
2074 5532 2324 5592 lusimus
2369 5549 2530 5606 atque
2560 5532 2938 5599 Sozomenus,
2990 5543 3039 5589 et
3082 5549 3147 5587 ex
3198 5532 3280 5585 Itis
3328 5532 3516 5601 Sigon-

1942 5607 2128 5747 Μ)βῶ
2152 5678 2232 5732 Ad
2260 5677 2515 5731 Mincium
2549 5677 2771 5739 ﬂumen,
2804 5674 2993 5744 Sigou.

2012 5750 2125 5817 (29)
2163 5748 2525 5802 Nonniohimn
2556 5748 2683 5801 Car.
2712 5747 2903 5813 Sigon.
2941 5753 3113 5799 vorat.

2011 5810 2123 5890 (30)
2160 5820 2554 5889 Moguntiacum
2588 5810 2820 5873 debebat
2866 5816 3106 5871 scribere
3135 5810 3445 5883 Olympiod.
