4058 6416
567 404 679 468 263

1736 408 2003 470 PHOTII
2041 410 2548 472 PATRIARCH/E
2588 410 2698 473 CP.

3740 416 3849 479 264

570 523 889 593 adjungeret
933 523 1219 594 Adaulpbo
1254 534 1434 580 auctet
1497 526 1599 581 luit
1652 528 1882 585 Attalus.
1940 531 2004 584 Et
2046 546 2171 585 vero

2279 545 2386 581 νων
2403 529 2737 599 ⁸¹,τύραννος
2757 529 3125 601 ἀνηγορεύθη.
3150 531 3289 603 Πρὸς
3311 531 3369 584 ὅν
3381 530 3428 563 ⁸⁸
3445 534 3849 601 παραγενέσθαι

572 614 664 667 hic
703 630 825 667 cum
857 615 1029 683 copiis
1054 617 1121 671 ad
1153 617 1302 671 illum
1329 634 1387 673 se
1411 618 1643 676 confert.
1682 620 1933 676 Jovinius
1978 634 2157 676 tamen

569 705 845 775 Atlaulplti
891 707 1125 761 adventu
1172 708 1436 777 oﬂensus,
1478 713 1729 776 obscure,
1782 724 1836 768 et
1870 715 2032 768 veluti
2066 731 2161 784 per

569 798 854 867 aenigmata
879 799 1119 854 Attalum
1154 813 1413 867 accusat;
1458 806 1600 873 quod
1630 806 1924 859 adventum
1955 808 2161 860 suasis-

572 901 675 945 set.
710 891 880 945 Sarus
907 892 1020 963 (51-)
1057 894 1184 947 item
1241 896 1309 949 ad
1366 894 1638 950 Joviniuin
1704 909 1963 952 venturus
2007 910 2154 965 erat;

572 984 669 1036 sed
696 983 1011 1053 Adaulphus
1037 988 1255 1056 cognita
1291 1004 1369 1053 re,
1406 990 1666 1045 collectus
1701 991 1887 1045 decem
1922 991 2163 1046 millibus

572 1076 826 1142 militum,
857 1080 1101 1132 occurrit
1148 1080 1304 1144 Saro,
1337 1081 1479 1137 viros
1508 1084 1807 1137 octodecim
1852 1095 1944 1138 aut
1973 1084 2162 1153 viginti

572 1171 711 1237 apud
776 1185 837 1223 se
882 1170 1100 1225 habenti
1149 1188 1310 1241 quem
1354 1185 1504 1243 gesta
1565 1175 1804 1238 heroica,
1844 1187 1897 1228 et
1944 1188 2165 1244 stupore

570 1260 737 1330 digna
777 1261 1026 1317 edentem
1069 1265 1184 1334 (52)
1209 1304 1224 1325 .
1260 1267 1432 1319 scutis
1484 1268 1777 1333 adhibitis,
1812 1270 1991 1321 vivum
2019 1284 2165 1337 aegre

572 1369 768 1423 capere
829 1368 1164 1433 potuerunt,
1216 1361 1539 1429 tandemque
1584 1363 1861 1415 occidunt.
1914 1364 2165 1417 Descive-

574 1457 660 1500 rat
685 1458 867 1503 autem
902 1450 968 1503 ab
1004 1450 1247 1504 Honorio
1282 1451 1472 1517 Sarus,
1496 1454 1679 1507 audito
1708 1452 2031 1509 Belleridetu
2063 1458 2163 1509 do-

572 1541 860 1595 mesticum
920 1558 1075 1596 suum
1126 1544 1509 1613 interfectum;
1562 1546 1764 1601 nullam
1799 1559 1978 1601 tamen
2003 1548 2165 1603 caedis

574 1632 842 1687 rationem
878 1631 1107 1689 duxisse
1131 1636 1539 1705 imperatorem,
1567 1653 1667 1694 nec
1694 1640 1747 1693 in
1778 1654 2163 1710 percussorem

572 1722 900 1792 inquirendo
933 1725 1261 1780 vindicasse.

649 1813 831 1868 Refert
884 1815 1013 1869 item
1058 1817 1123 1871 de
1157 1798 1479 1881 Donato,iet
1510 1818 1741 1883 Hunnis,
1768 1820 1945 1889 deque
1975 1835 2163 1890 regum

2264 622 2528 684 ’Ἄτταλος
2560 620 2885 689 Ἀδαοῧλφον
2933 626 3221 692 παραινεῖ·
3256 623 3353 675 καὶ
3385 623 3747 693 παραγίνεται
3779 624 3847 689 ⁸³,

2258 710 2377 783 ἅμα
2398 713 2495 766 τοῦ
2518 712 2776 783 πλήθους.
2798 714 2910 771 Καὶ
2927 714 3147 777 Ίοϐῖνος
3162 716 3485 768 άνιᾶταιέπὶ
3509 718 3575 785 τῇ
3604 715 3853 767 Ἀδαοὺλο

2262 823 2363 875 φου
2397 806 2702 877 παρουσίᾳ.
2730 808 2826 860 καὶ
2862 808 3136 879 μέμφεται
3169 807 3238 861 δι’
3263 810 3601 878 αἰνιγμάτων
3642 808 3720 877 τῷ
3744 824 3851 860 πα-

2266 898 2575 971 ραινέσαντι
2620 900 2859 971 Ἀττάλῳ
2874 899 2972 971 τὴν
2991 900 3193 968 ἄφιξιν.
3216 901 3326 955 Καὶ
3375 902 3547 971 Σάρος
3575 902 3630 955 δὲ
3658 902 3855 969 ἔμελλε

2264 992 2403 1062 πρὸς
2441 992 2658 1044 ’[οϐἰνον
2704 994 3129 1064 παραγενέσθαιο
3171 994 3287 1047 ἀλλ’
3326 994 3654 1063 Ἀδαοὺλφος
3693 994 3856 1048 τοῦτο

2268 1082 2458 1155 μαθὼν
2488 1085 2945 1155 προῦπαντιάζει,
2973 1085 3217 1154 χιλιάδας
3242 1085 3376 1139 δέκα
3405 1086 3857 1155 συνεπαγόμενος

2267 1172 2610 1246 στρατιώτην
2639 1173 2708 1237 ει,
2744 1174 2921 1245 ἔχοντι
2954 1175 3154 1246 ἄνδρας
3179 1178 3307 1245 περὶ
3328 1176 3489 1230 αὑτὸν
3513 1175 3766 1248 [Ἀσάρῳ
3782 1177 3855 1249 ﬂ]

2264 1268 2642 1323 ὀκτωκαίδεκα
2695 1268 2728 1339 ἢ
2771 1269 2866 1323 καὶ
2916 1272 3141 1325 εἴκοσιν.
3183 1271 3279 1321 Ὃν
3331 1270 3468 1340 ἔργα
3500 1272 3719 1341 ήρωῖκά
3760 1273 3858 1323 καὶ

2268 1360 2551 1431 θαυμάσαι
2584 1361 2714 1424 ἄξια
2752 1360 3163 1430 ἐπιδειξάμενον
3198 1361 3353 1431 μόλις
3399 1363 3619 1423 σόκκοις
3644 1363 3689 1393 ⁸⁸
3722 1360 3853 1423 ἐζώ⁶

2267 1470 2503 1523 γρησαν,
2528 1454 2625 1506 καὶ
2653 1453 2878 1525 ὕστερον
2901 1453 3207 1523 ἀναιροῦσι.
3239 1454 3414 1524 Σάρος
3446 1454 3491 1507 δ’
3515 1450 3580 1525 ἦν
3610 1452 3858 1516 ἀποστὰς

2282 1542 2564 1614 Ὁνωρίου,
2589 1545 2671 1597 ὃτι
2699 1543 3038 1615 Βελλερίδου,
3086 1542 3145 1608 ὃς
3190 1540 3258 1615 ἦν
3305 1543 3455 1615 αὑτῷ
3496 1545 3847 1614 δομέστικος,

2270 1634 2653 1705 ἀναιρεθέντος
2691 1635 2867 1699 οὐδεὶς
2908 1636 3065 1704 λόγος
3106 1636 3184 1706 τῷ
3237 1636 3447 1706 βασιλεῖ
3502 1637 3602 1707 τῆς
3638 1636 3860 1707 ἀναιρέ-

2273 1743 2410 1788 σεως
2440 1728 2561 1780 οὑδὲ
2576 1728 2670 1780 τοῦ
2699 1729 2862 1795 φόνου
2883 1729 3099 1796 γίνεται
3122 1729 3166 1762 ⁵⁷
3189 1729 3500 1799 εἶσπραξις.

2346 1818 2467 1870 Ὅτι
2515 1816 2874 1888 διαλαμϐάνει
2919 1820 3048 1889 περὶ
3105 1820 3339 1873 Δονάτου
3397 1822 3489 1872 καὶ
3551 1820 3681 1891 περὶ
3746 1818 3859 1871 τῶν

573 1905 693 1979 (55)
728 1923 915 1962 eorum
953 1910 1245 1980 sagittandi
1274 1910 1508 1982 [peritia.
1552 1910 1807 1980 Seipsum‘
1847 1914 1923 1966 ad
1958 1913 2077 1968 illos
2116 1923 2171 1968 et

2275 1906 2515 1971 Οῠννων,
2552 1912 2647 1962 καὶ
2676 1910 2805 1979 περὶ
2839 1909 2946 1962 τῶν
2985 1911 3172 1980 ρηγῶν
3209 1911 3391 1963 αὑτῶν
3419 1910 3519 1980 τῆς
3552 1910 3860 1977 εὐφυεστά-

574 1999 865 2065 Donatum,
894 2013 1167 2056 oratorem
1217 2004 1449 2058 missum
1472 2004 1706 2075 scriptor
1733 2006 1845 2071 ait;
1878 2005 2169 2075 multisque

572 2092 744 2146 maris
790 2093 1122 2159 erronibus,
1181 2095 1548 2164 periculisque
1609 2096 1897 2164 iactatum,
1962 2100 2170 2168 tragice

574 2194 782 2240 narrat.
817 2187 1085 2241 Donatum
1107 2203 1321 2258 quoque
1344 2187 1698 2257 jurejurando
1732 2191 2166 2245 circumventum

573 2289 765 2333 contra
825 2278 905 2334 fas
945 2280 1249 2351 jugulatum
1298 2297 1420 2337 esse
1462 2292 1563 2337 :et
1591 2280 1960 2337 Charatonem
2020 2283 2167 2338 inter

577 2384 732 2438 reges
753 2370 1012 2439 primum,
1038 2373 1107 2425 ob
1130 2372 1331 2425 caedem
1368 2374 1446 2426 ira
1478 2372 1787 2435 incensum,
1816 2373 2168 2440 imperatoris

575 2461 735 2515 donis
762 2477 976 2515 rursum
1003 2464 1300 2531 mitigatum
1326 2502 1342 2526 ,
1378 2464 1758 2533 placatumque
1790 2463 1980 2520 fuisse.
2023 2464 2169 2535 59a

583 2554 651 2609 Et
678 2554 795 2611 hate
823 2556 1040 2626 quidem
1077 2557 1252 2627 prima
1281 2558 1463 2627 operis
1488 2558 1691 2613 decade
1711 2559 2078 2614 continentur.

647 2738 888 2793 Alteram
921 2751 1051 2792 vero
1101 2737 1229 2791 hine
1276 2738 1614 2806 auspicatur.
1664 2735 1896 2793 Iovinus
1938 2738 2165 2794 fratrem

577 2846 732 2886 suum
765 2829 1187 2895 Sebastianum,
1225 2829 1395 2883 invi-to
1422 2828 1743 2897 Adaulpho,
1779 2832 2167 2899 imperatorem

577 2937 791 2985 creans,
825 2924 878 2976 in
911 2921 1030 2990 ejus
1074 2923 1259 2976 odium
1308 2921 1559 2978 incurrit.
1610 2922 1930 2993 Adaulphns
1988 2925 2170 2994 itaque

577 3030 676 3084 per
725 3014 1090 3068 internuntios
1132 3014 1310 3082 capita
1343 3028 1404 3068 se
1436 3024 1795 3084 tyrannorum
1849 3014 2167 3079 missurum,

578 3124 877 3179 pacemque
901 3109 1163 3163 initurum
1203 3107 1443 3164 Honorio
1470 3108 1805 3178 .pollicetur.
1844 3107 1905 3162 Hi
1950 3110 2166 3162 domum

577 3214 641 3258 ut
662 3203 958 3261 redierunt.
981 3213 1035 3257 et
1069 3201 1448 3271 jusjurandum
1489 3203 1788 3270 praestitum
1817 3212 1924 3267 est,
1964 3200 2167 3257 Sebas-

570 3278 715 3350 tiani
746 3311 867 3350 mox
924 3307 1086 3365 caput
1118 3296 1430 3364 imperatori
1464 3295 1715 3348 mittitur.
1739 3294 1977 3349 Jovinus-
2003 3296 2169 3350 etiam

582 3391 698 3459 ipse
716 3390 784 3444 ab
805 3389 1088 3457 Adanlpho
1125 3388 1380 3441 obsessus
1414 3402 1473 3441 se
1496 3388 1722 3450 dedidit,
1767 3388 2075 3455 missusque
2106 3386 2173 3441 ad

583 3484 965 3550 imperatorem
1010 3490 1094 3532 est
1131 3497 1144 3533 :
1211 3494 1369 3547 quem
1422 3478 1715 3532 Dardanus
1751 3480 2040 3546 praefectus
2078 3494 2173 3533 sua

585 3589 748 3627 manu
781 3572 1111 3641 percutiens,
1160 3571 1445 3637 interimit,
1489 3571 1772 3639 utriusque
1823 3581 1985 3639 caput
2018 3582 2173 3625 extra

582 3665 967 3735 Carthaginem
988 3664 1101 3734 (54)
1123 3664 1258 3733 palis
1284 3664 1503 3717 inlixum
1526 3666 1646 3717 :uhi
1666 3674 1715 3717 et
1738 3664 2084 3717 Constantini
2114 3679 2176 3719 ac
2208 3688 2211 3691 λ

583 3758 782 3813 Juliaui
814 3769 971 3811 antea
1014 3768 1325 3816 resectum;
1349 3755 1626 3812 Maximini
1680 3758 1808 3812 item
1839 3769 1892 3811 et
1924 3758 2173 3828 Eugenii,

586 3851 679 3918 qui
718 3852 818 3905 sub
854 3849 1165 3907 Theodosio
1205 3865 1401 3917 magno
1442 3851 1779 3921 tyrannidem
1832 3848 2174 3915 ali‘ectautes,

584 3944 834 3998 eumdem
895 3954 1021 3997 sunt
1047 3945 1285 4010 [exitum
1330 3944 1534 3997 sortiti.
1583 3943 1922 3998 Postulatum
1976 3954 2069 4000 est
2111 3948 2179 4001 ab

588 4036 892 4105 Adaulpho,
924 4037 1103 4092 studio
1146 4036 1381 4089 maxime
1407 4036 1714 4092 Constantii
1765 4040 1882 4109 ejus
1906 4041 1994 4108 qui
2028 4039 2176 4093 illam

590 4139 775 4195 postea
815 4146 1036 4183 uxorem
1071 4131 1244 4193 duxit,
1278 4128 1585 4187 Placidiatn'
1625 4147 1785 4201 quam
1812 4132 1952 4201 apud
1978 4148 2036 4186 se
2066 4131 2177 4185 Ro-

591 4236 693 4273 mae
723 4232 934 4290 captam
968 4224 1217 4289 habebat,
1267 4225 1511 4279 Honorio
1562 4226 1720 4277 fratri
1780 4236 1839 4277 ut
1902 4223 2177 4278 redderet.

592 4313 697 4367 Sed
726 4315 871 4382 quod
903 4316 1188 4387 Adaulpho
1212 4319 1504 4386 promissa,
1530 4316 1830 4385 praesertim
1857 4316 1925 4371 de
1941 4316 2178 4370 curanda

591 4421 824 4471 annona,
857 4410 1104 4476 perfecta
1143 4426 1247 4464 non
1289 4412 1544 4473 luissent,
1591 4423 1767 4479 neque
1791 4410 1961 4478 ipsam
2001 4409 2184 4463 reddi-

592 4499 692 4565 dit,
721 4510 775 4554 et
800 4516 986 4571 pacem
1023 4503 1166 4556 bello
1196 4512 1631 4559 commutaturus
1670 4502 1973 4557 videbatur.

2200 3261 2243 3319 C

2271 2017 2371 2071 της
2421 1998 2637 2064 τοξείας
2666 2038 2682 2063 ,
2730 2001 2824 2053 καὶ
2862 2000 2939 2063 ὡς
2989 2001 3125 2071 πρὸς
3168 2001 3369 2064 αὑτοὺς
3421 2001 3519 2054 καὶ
3566 2002 3796 2054 Δονάτον
3826 2000 3861 2054 6

2273 2093 2545 2163 ἱστορικὸς
2578 2092 2938 2163 ὲπρέσϐευσε’
2969 2094 3081 2147 καὶ·
3104 2093 3323 2163 τὴν·διά
3366 2094 3644 2163 θαλάσσης
3688 2095 3859 2146 αὑτοῦ

2272 2183 2487 2254 πλάνην
2506 2185 2841 2255 ὲκτραγῳδεῖ
2868 2185 2961 2237 καὶ
2990 2185 3080 2237 τὸν
3106 2185 3370 2240 κίνδυνον.
3399 2187 3508 2239 Καὶ
3533 2188 3682 2248 ὅπως
3709 2187 3861 2255 ὅρκῳ

2271 2276 2501 2338 Δονάτος
2557 2276 2865 2345 ἀπατηθεὶς
2914 2277 3199 2347 ἑκθέσμως
3268 2279 3687 2347 ἀποσφάζεται,
3763 2277 3862 2330 καὶ

2272 2368 2423 2431 ὅπως
2446 2368 2716 2435 Χαράτων
2744 2371 2774 2422 ό
2800 2369 2909 2421 τῶν
2934 2371 3119 2441 ρηγῶν
3144 2370 3362 2441 πρῶτος
3388 2370 3481 2422 ἐπὶ
3498 2370 3577 2439 τῷ
3605 2372 3754 2439 φόνῳ
3778 2370 3860 2431 εἰς

2273 2456 2448 2527 θυμὸν
2476 2458 2805 2520 ἀνάπτεται,
2832 2459 2980 2521 ὅπως
3015 2476 3078 2512 τε
3108 2460 3270 2528 πάλιν
3313 2460 3613 2530 βασιλικοῖς
3663 2458 3863 2529 δώροις

2271 2546 2668 2619 διαπραΰνεται
2706 2551 2800 2603 καὶ
2826 2551 3107 2622 ὴσυχάζει’
3143 2552 3211 2605 ἐν
3240 2547 3321 2615 οἷς
3347 2552 3443 2605 καὶ
3469 2553 3501 2622 ἡ
3538 2549 3733 2622 πρώτη
3763 2550 3863 2620 τῆς

2276 2640 2519 2709 ἱστορίας
2545 2641 2859 2711 δέκάλογος.

2348 2734 2610 2804 ’Δρχεται
2642 2734 2698 2787 δὲ
2725 2738 2758 2802 ή
2793 2734 3023 2809 δευτέρα
3064 2730 3189 2801 ὦδε,
3232 2737 3317 2790 ὃτι
3361 2736 3581 2801 ἰοϐἰνος
3618 2737 3665 2769 ⁵⁸
3708 2738 3863 2807 παρὰ

2272 2826 2500 2897 γνώμην
2544 2828 2873 2897 Ἀδαούλφου
2899 2830 2991 2883 τὸν
3015 2830 3146 2884 ῐδιον
3180 2830 3407 2899 ἀδελφὸν
3430 2831 3793 2884 Σεϐαστιανὸν
3812 2831 3860 2861 "

2274 2916 2505 2987 βασιλέα
2525 2922 2915 2990 χειροτονήσας
2932 2924 3014 2985 εἰς
3039 2922 3241 2993 ἔχθραν
3266 2922 3578 2993 ’Δδαούλφῳ
3595 2922 3859 2989 κατέστη.

2272 3009 2386 3063 Καὶ
2433 3010 2643 3079 πέμπει
2702 3012 3030 3081 Ἀδαοῦλφος
3090 3015 3229 3083 πρὸς
3289 3013 3549 3083 Ὀνώριον
3598 3012 3728 3085 [I85
3763 3010 3861 3083 [1.]

2274 3102 2557 3171 πρέσϐεις,
2588 3102 2958 3174 ὑποσχόμενος
2982 3106 3078 3166 τάς
3097 3122 3152 3157 τε
3177 3106 3283 3159 τῶν
3307 3106 3589 3176 τυράννων
3615 3105 3863 3172 κεφαλάς

2275 3194 2373 3247 καὶ
2422 3198 2647 3267 εἰρήνην
2700 3197 2875 3264 ἄγειν.
2912 3191 3011 3250 Ὧν
3060 3198 3523 3268 ὑποστρεψάντων
3558 3199 3649 3252 καὶ
3682 3200 3861 3269 ὅρκων

2280 3292 2719 3360 μεσιτευσάντων
2746 3291 3111 3346 Σεϐαστιανοῦ
3142 3295 3240 3362 μὲν
3283 3295 3562 3363 πέμπεται
3586 3293 3664 3363 τῷ
3703 3294 3864 3363 βασι-

2277 3382 2361 3435 λεῖ
2392 3384 2422 3453 ἡ
2457 3384 2689 3454 κεφαλὴ,
2727 3386 2942 3449 Ἰοϐῖνος
2965 3387 3021 3439 δὲ
3052 3389 3157 3440 ὑπὸ
3191 3388 3518 3458 ’Δδαούλφου
3544 3388 3867 3457 πολιορκού-

2281 3492 2441 3543 μενος
2473 3477 2664 3528 έαυτὸν
2709 3478 2979 3534 ἐκδίδωσι.
3017 3482 3127 3533 Καὶ
3172 3481 3450 3550 πέμπεται
3489 3484 3742 3543 κακεῖνος
3780 3477 3862 3549 τῷ

2280 3567 2511 3637 βασιλεῖ,
2535 3569 2595 3622 ὃν
2622 3570 2961 3642 αὑθεντήσας
2994 3573 3262 3643 Δάρδανος
3287 3576 3315 3624 ὁ
3348 3574 3589 3644 ἔπαρχος
3620 3575 3863 3643 ἀναιρεῖ·

2280 3663 2374 3715 καὶ
2403 3662 2753 3716 ἀποτίθενται
2806 3666 2974 3734 ἄμφω
3031 3668 3088 3719 αί
3143 3667 3381 3736 κεφαλαὶ
3431 3667 3792 3738 Καρθαγένης
3818 3668 3864 3697 ⁸⁸

2279 3754 2513 3820 ἔξωθεν,
2538 3755 2669 3808 ἔνθα
2701 3758 2858 3829 καὶὴ
2901 3760 3312 3812 Κωνσταντίνου
3350 3759 3444 3811 καὶ
3485 3761 3517 3829 ἡ
3569 3759 3866 3812 Ἰουλιανοῦ

2280 3847 2681 3919 ἀπετμήθησαν
2714 3849 3000 3919 πρότερον,
3023 3851 3057 3919 ἦ
3093 3868 3150 3903 τε
3171 3850 3480 3921 Μαξιμίνου
3513 3851 3606 3903 καὶ
3633 3852 3665 3917 ή
3694 3850 3870 3917 Εὐγε-

2279 3940 2418 4002 νίου,
2460 3940 2509 3992 οἳ
2528 3942 2620 3993 ἐπὶ
2649 3941 2929 3994 Θεοδοσίου
2960 3943 3053 3996 τοῦ
3076 3944 3333 4013 Μεγάλου
3362 3943 3647 4014 τυραννίδι
3674 3942 3867 3995 ὲπιθέ-

2285 4050 2436 4104 μενοι
2473 4034 2553 4095 είς
2587 4033 2749 4086 τοῦτο
2770 4033 2958 4096 τέλους
2997 4036 3400 4106 κατέστρεψαν.
3456 4035 3782 4103 Ἀδαοῦλφος
3810 4036 3868 4088 δὲ

2282 4125 2595 4179 Πλακιδίανν
2626 4128 2888 4198 ἀπῃτεῖτο
2930 4127 3073 4179 κατὰ
3128 4128 3366 4197 σπουδὴν
3423 4127 3658 4197 μάλιστα
3710 4128 3870 4180 Κων-

2286 4218 2707 4281 σταντίνου,ὃς⁶¹
2737 4218 2965 4291 ὕστερον
2992 4223 3130 4291 αὐτῇ
3162 4222 3256 4275 καὶ
3280 4223 3361 4285 είς
3382 4223 3596 4291 γάμους
3622 4221 3867 4287 ἔζευξενο

2282 4310 2422 4363 ἀλλὰ
2441 4311 2550 4363 τῶν
2582 4312 2719 4380 πρὸς
2762 4312 3087 4380 Ἀδαοῦλφον
3112 4314 3466 4383 ὑποσχέσεων
3500 4314 3576 4385 μὴ
3608 4330 3871 4385 περαινο-

2286 4403 2463 4472 μένων
2490 4404 2556 4463 ”,
2595 4404 2688 4456 καὶ
2723 4404 2957 4473 μάλιστα
3002 4405 3103 4475 τῆς
3148 4408 3537 4476 σιτοπομπίας,
3570 4407 3695 4461 οὔτε
3732 4408 3871 4461 ταὺ-

2284 4511 2383 4565 την
2411 4496 2661 4550 ἀπεδίδου
2697 4499 2791 4549 καὶ
2813 4500 2894 4560 εἰς
2926 4498 3108 4569 μάχην
3141 4500 3374 4568 ἐμελέτα
3414 4499 3460 4531 ⁸³
3490 4500 3561 4553 τά
3581 4498 3680 4570 τῆς
3715 4502 3873 4572 εἰρή-

2211 4604 2255 4659 ι)
2286 4603 2380 4657 νης
2404 4586 2735 4641 διαλύεσθαι.

662 4676 978 4743 Adaulphns
1012 4692 1162 4746 ergo,
1195 4694 1317 4731 cum
1352 4678 1587 4733 Placidia
1648 4688 2005 4747 repeteretur,
2068 4678 2184 4733 fru-

596 4779 840 4821 mentum
903 4769 1146 4824 vicissim
1198 4771 1314 4840 ipse
1375 4772 1704 4841 promissum
1770 4772 1954 4841 petiit.
2009 4770 2178 4839 Cujus

595 4861 932 4927 conferendi,
986 4864 1088 4917 etsi
1144 4866 1235 4933 qui
1297 4866 1664 4935 promiserant
1722 4865 1934 4933 copiam
1973 4866 2173 4920 nullam

597 4956 895 5022 haberent,
972 4958 1159 5011 nihilo-
1207 4968 1385 5013 tamen
1458 4960 1637 5014 secius
1694 4962 2077 5024 consentiunt,
2136 4962 2181 5013 si

597 5046 891 5102 Placidiam
939 5051 1283 5119 reciperent,
1322 5061 1693 5120 accepturum.
1749 5051 1829 5105 Ad
1873 5068 1993 5120 qua:
2023 5051 2184 5104 simili

598 5140 712 5194 fere
739 5150 791 5193 et
825 5140 941 5208 ipse
962 5139 1237 5197 Barbarus
1269 5143 1621 5197 simulatione
1653 5142 1936 5196 utebatur.
2000 5141 2191 5194 Massi-

597 5229 723 5285 liam
767 5232 996 5296 interea,
1021 5233 1102 5286 sic
1125 5234 1323 5287 dietam
1357 5235 1542 5287 urbem
1589 5232 1884 5302 profectus,
1920 5232 2041 5286 dolo
2067 5247 2188 5288 eam

2369 4679 2492 4732 Ὀτι
2530 4679 2857 4749 Ἀδαοῦλφος
2882 4681 3294 4751 ἀπαιτούμενος
3317 4684 3614 4739 Πλακιδίαν
3640 4687 3859 4741 ἀνταπ-

2284 4772 2405 4843 ῄτει
2452 4772 2544 4825 τὸν
2606 4774 2899 4846 ὁρισθέντα
2939 4773 3075 4845 “108
3145 4774 3251 4848 11.]
3300 4780 3465 4833 σῖτον.
3528 4780 3773 4848 ’Λπόρων
3830 4782 3876 4833 δ’

2284 4863 2456 4915 ὄντων
2482 4862 2592 4916 τῶν
2613 4864 3000 4933 ὑποσχομένων
3026 4865 3105 4927 εἰς
3129 4865 3189 4915 τὸ
3216 4865 3422 4928 δοῦναι,
3451 4867 3603 4919 οὑδὲν
3629 4867 3683 4918 δὲ
3709 4862 3878 4937 ἦττον

2254 5016 2255 5019 η
2284 4957 2716 5027 ὁμολογούντων,
2748 4961 2799 5010 εί
2827 4958 3045 5012 λάϐοιεν
3067 4959 3385 5022 Πλακιδίαν,
3416 4964 3744 5031 παρασχεῖν,
3781 4962 3881 5015 καὶ

2285 5053 2314 5104 ό
2342 5051 2619 5122 βάρϐαρος
2668 5051 2736 5103 τὰ
2766 5051 2929 5120 ὃμοια
2960 5052 3308 5122 ὑπεκρίνετο,
3342 5053 3435 5105 καὶ
3475 5053 3613 5123 πρὸς
3644 5054 3883 5106 Μασσαο

2293 5142 2436 5204 λίαν,
2465 5142 2617 5195 πόλιν
2654 5140 2797 5195 οὕτω
2843 5142 3207 5215 καλουμένην,
3249 5146 3695 5215 παραγενόμενος
3737 5145 3885 5213 δόλῳ

2292 5234 2499 5301 ταύτην
2546 5232 2734 5287 λαϐεῖν
2774 5234 3019 5305 ἧλπιζεν.
3064 5235 3233 5288 Ἐνθα
3264 5236 3492 5305 πληγεὶς
3537 5236 3885 5305 Βονηφατίου

1880 5369 2116 5427 ΫΑΒΙᾹΞ
2156 5372 2565 5431 LECTIONES.

675 5492 1183 5570 "_Bou_pyu_vtt6vwv
1218 5512 1279 5559 ς.
1318 5490 1499 5570 ηδ’-ὃν]
1526 5490 1619 5555 οὒς
1644 5508 1721 5545 rc.
1750 5492 1802 5570 l_\_
1830 5509 1857 5570 ε⁸
1877 5507 1973 5570 pr.
2002 5492 2332 5570 (κρίσει-91η.Δ
2369 5495 2415 5527 ⁸⁸
2439 5494 2515 5570 τῷ
2550 5494 2843 5570 πλήθεος.
2911 5496 2956 5529 ⁸⁸
2981 5497 3285 5570 στρατιώτῃ
3316 5518 3376 5565 ς.
3446 5501 3493 5533 ⁸⁵
3524 5500 3743 5570 ’Δσάρῳ
3766 5517 3887 5557 om.

600 5564 1137 5669 t.'a’l-.".“'“:‘:‘°“
1174 5582 1234 5629 ς·
1316 5566 1610 5669 ’λέτίνῗιτθ
1634 5564 1802 5669 ς’ωῗ
1847 5562 2008 5649 limi
2038 5563 2120 5669 Αλ
2160 5564 2552 5669 ⁸’.σεδέἓξτνον
2584 5562 2658 5620 ’λ’-
2738 5568 2783 5597 ⁶⁰
2810 5562 3155 5641 καρταγένης
3194 5586 3232 5635 ς
3261 5562 3525 5626 ’διῖιιοιιιιε
3561 5562 3886 5644 Ἱάδέννηςο

714 5655 734 5665 -
820 5653 847 5669 ς.
1077 5653 1489 5669 -.,.-......._.....u
1804 5651 2065 5669 mm...
2163 5654 2174 5665 .
2217 5651 2367 5669 η...
2436 5657 2465 5669 .,
2507 5656 2545 5669 ρ

676 5633 760 5707 ὃς]
790 5635 847 5689 ὃν
875 5639 939 5691 Α.
997 5639 1041 5667 ⁶²

1077 5635 1489 5706 περαιουμένων
1520 5635 1587 5689 Α.

1697 5634 1741 5666 ⁸³
1768 5634 2129 5705 ὲμελετᾶτοΑ
2163 5654 2175 5689 :
2215 5636 2465 5688 ἀπεδίδου
2507 5656 2567 5703 ς.

2118 5728 2356 5787 NOTAE.

673 5824 788 5896 (51)
816 5825 898 5879 Al.
935 5826 1156 5880 Asarua.
1180 5826 1282 5880 inf.
1310 5830 1450 5896 apud
1475 5824 1756 5896 Zosimnm
1784 5825 1906 5878 cod.
1932 5824 2023 5879 98.

679 5894 793 5968 (52)
823 5896 931 5953 Pro
959 5898 1183 5961 σάκκοις
1217 5894 1553 5969 Ιεεοσάκοις
1580 5898 1665 5950 vel
1698 5894 1945 5949 σάκεσιν.

2366 5827 2479 5895 (35)
2520 5826 2735 5894 Ῥηγῶν
2770 5825 2963 5882 Latina
2996 5844 3129 5883 voce
3162 5830 3318 5885 dixit.

2371 5899 2483 5968 (55)
2520 5897 2833 5952 Ravennam
2867 5901 3112 5954 arbitror
3146 5903 3449 5971 legendum.
