4092 6412
196 426 282 489 285

1242 420 1767 494 ΪιιΒιιυΤΗΕΟΑ.
1808 457 1875 466 -
1914 430 2078 491 COD.
2121 431 2351 493 LXXX.

3312 426 3416 492 266
3430 436 3435 441 ’

196 537 272 590 τοῦ
292 538 658 603 γενναιοτάτου
686 537 939 609 βαλόντος
974 541 1041 604 ⁸⁸,
1073 543 1167 596 καὶ
1203 543 1356 612 μόλις
1386 544 1476 597 τὸν
1502 544 1727 599 θάνατον

1838 542 2166 611 intercipere
2219 540 2466 607 tentavit,
2522 542 2675 595 seda
2707 536 3007 603 Bonifacio,
3074 538 3414 595 nobilissimo

194 629 436 699 διαφυγὼν
458 672 472 695 ,
524 634 604 695 είς
642 633 741 696 τὰς
780 634 989 698 οἰκείας
1021 634 1345 707 ὑπεχώρησε
1375 636 1601 707 σκηνὰς,
1636 636 1735 704 τὴν

191 723 323 775 πόλιν
352 725 405 776 ὲν
423 723 657 796 εὐθυμίᾳ
677 725 853 780 λιπὼν
875 726 968 780 καὶ
990 726 1060 780 δι’
1081 729 1316 781 ἐπαίνων
1342 728 1437 783 καὶ
1456 730 1734 801 εὐφημίας

193 816 486 887 ποιουμένην
516 817 876 887 Βονηφάτιον.
920 819 1043 873 Ὀτι
1082 821 1411 890 Ἀδαοῦλφος
1439 821 1532 873 τὸν
1557 821 1734 890 γάμον

188 905 449 967 Πλακιδίας
473 944 488 967 ,
563 908 949 960 Κωνσταντίου
997 908 1043 939 ⁸⁵
1099 907 1307 977 ταύτην
1368 906 1733 970 ἀπαιτοῦντος

189 996 461 1064 βαρυτέρας
485 996 814 1066 προῦτεινεν
848 998 1115 1067 αἰτήσεις,
1153 999 1240 1052 ἵνα
1272 998 1363 1051 διὰ
1399 996 1498 1066 τὴν
1527 997 1733 1050 ἀποτυ-

186 1083 287 1152 χίαν
316 1084 416 1137 τῶν
467 1086 738 1157 αἰτήσεων
794 1087 1017 1158 εὔλογον
1057 1089 1185 1162 δόξῃ
1247 1088 1346 1159 τὴν
1398 1087 1733 1157 κατάσχεσιν

92 1198 97 1205 ·
186 1176 330 1245 αὐτῆς
355 1180 735 1249 πεποιηκέναι.

246 1267 353 1321 Ὅτι
407 1270 787 1335 Κωνστάντιος
825 1273 1135 1341 δισίγνατος
1175 1275 1221 1306 ⁸⁸
1265 1273 1434 1328 πάλαι
1488 1275 1733 1343 γεγονὼς

184 1356 358 1422 ὕπατος
389 1362 529 1414 κατὰ
570 1362 669 1432 τὴν
730 1352 1029 1418 Ῥάϐενναν
1068 1366 1402 1437 προέρχεται
1427 1407 1442 1429 ,
1492 1367 1613 1436 μεθ’
1666 1361 1731 1421 οὗ

182 1449 301 1503 κατὰ
321 1450 413 1521 τὴν
434 1452 1012 1509 Κωνσταντινούπολιν
1037 1457 1298 1510 ὑπατεύει
1326 1456 1613 1520 Κώνστας·
1637 1459 1732 1511 καὶ

180 1545 372 1623 χρησῐον
415 1544 514 1613 μὲν
571 1547 887 1618 σύμμετρον
939 1547 1036 1602 καὶ
1078 1549 1261 1601 ἱκανὸν
1317 1550 1453 1619 πρὸς
1506 1550 1568 1602 τὸ
1631 1551 1733 1618 τῆς

179 1636 414 1700 ὑπατείας
460 1638 732 1709 ἀνάλωμα
761 1636 991 1711 εὓρηται
1019 1642 1085 1695 ὲκ
1126 1642 1235 1695 τῶν
1263 1642 1358 1695 τοῦ
1404 1642 1732 1712 Ἠρακλεια-

179 1728 256 1780 νοῦ
281 1730 341 1794 ⁸⁷,
365 1729 421 1793 ὃς
449 1733 747 1802 τυραννίδα
786 1734 1027 1805 μελετῶν
1058 1736 1365 1807 ἀνῄρηται,
1413 1737 1474 1789 οὐ
1514 1738 1624 1807 μήν
1664 1753 1727 1805 γε

176 1819 399 1874 τοσοῦτον
439 1823 644 1896 εὑρέθη
690 1825 813 1879 ὅσον
855 1826 953 1879 καὶ
1011 1828 1293 1897 ἠλπίζετο.
1353 1828 1590 1899 Χρυσίου
1628 1830 1727 1900 μὲν

1836 639 1954 691 viro
2003 637 2354 702 vulneratus,
2401 648 2452 691 et
2496 635 2587 689 vix
2646 633 2797 688 salvo
2846 634 3023 703 capite
3070 634 3299 703 fugiens,
3360 635 3415 689 in

1836 742 1932 781 sua
1981 741 2040 781 se
2091 725 2321 781 tentoria
2363 726 2607 794 recepit:
2647 723 2779 778 urbe
2841 725 3066 788 omissa,
3114 738 3234 792 quae
3279 725 3415 777 la‘tl-

1837 820 1925 875 tia:
1964 819 2141 889 plena,
2175 819 2447 885 laudibus,
2481 834 2545 874 ac
2572 819 2727 874 bonis
2755 819 3032 873 ominibus
3078 818 3411 872 Bonifacium

1835 915 1940 973 esti
1964 923 2269 983 prosecuta.
2312 912 2625 982 Adaulpbus
2656 913 2797 965 idem
2829 912 2893 965 de
2931 909 3182 965 Placidia“
3218 912 3417 979 nuptiis

1834 1012 2120 1073 satagens,
2210 1003 2530 1056 Constantio
2587 1017 2707 1056 eam
2778 1000 3070 1071 postulanti
3137 1002 3417 1070 graviores

1833 1096 2082 1165 praetexit
2126 1096 2561 1163 postulationes:
2604 1104 2663 1149 ut
2710 1096 2755 1150 si
2785 1108 3007 1162 compos
3044 1092 3257 1147 illarum
3308 1109 3414 1147 non

1836 1188 2012 1251 fieret,
2044 1189 2135 1241 illa
2161 1187 2307 1256 juste
2360 1198 2567 1243 retenta
2620 1189 2915 1243 videretur.
3472 1177 3476 1180 ’

1903 1281 2252 1335 Constantius
2311 1280 2438 1335 olim
2480 1282 2834 1349 designatus,
2882 1280 3073 1335 consul
3124 1278 3416 1348 aliquando

1834 1372 2108 1427 Ravenna:
2148 1380 2391 1439 creatur,
2444 1386 2567 1426 cum
2622 1387 2728 1438 quo
2758 1370 3414 1440 Coustantinopolitanum

1833 1464 2172 1519 consulatum
2225 1463 2498 1518 Constans
2545 1464 2703 1533 gerit.
2759 1464 2889 1517 Auri
2924 1464 3006 1519 vis
3049 1462 3232 1533 justa,
3268 1460 3418 1515 suffi-

1834 1559 1983 1611 ciens
2005 1558 2071 1610 ad
2106 1556 2419 1610 consulatus
2452 1567 2698 1624 sumptus
2725 1552 2837 1626 (55)
2870 1557 3176 1610 tolerandos
3201 1563 3416 1624 reperta

1834 1649 1886 1705 in
1914 1641 2390 1702 Heracllanﬂtonis
2413 1644 2548 1719 (36),
2569 1647 2659 1717 qui
2687 1648 2993 1719 tyrannidis
3017 1649 3130 1717 (57)
3152 1645 3417 1702 affectatae

1834 1740 2054 1794 nomine
2108 1750 2192 1794 est
2234 1740 2630 1809 interemptus;
2665 1740 2765 1794 etsi
2800 1749 2980 1794 tamen
3014 1748 3226 1793 tantum
3251 1754 3413 1809 pecu-

1834 1833 1936 1885 nim
1988 1841 2262 1900 repertum
2319 1848 2425 1887 non
2473 1840 2584 1896 est,
2644 1842 2907 1902 quantum
2960 1842 3235 1902 speratum
3263 1842 3411 1887 erat.

177 1914 269 1982 γὰρ
307 1916 420 1968 οὐδὲ
478 1918 644 1987 μέχρι.
688 1919 1064 1989 κεντηναριων
1122 1922 1215 1974 καὶ
1268 1919 1535 1992 εὕρηται,
1584 1924 1619 1993 ἡ
1668 1922 1725 1976 δὲ

1833 1920 1980 1996 596
2018 1925 2150 1979 Auri
2192 1925 2338 1979 enim
2371 1925 2610 1979 nondum
2654 1926 2757 1978 duo
2798 1918 3414 1997 milliaIdenarIOrum]

176 2006 399 2075 ἀκίνητος
424 2008 594 2060 αὐτοῦ
621 2010 779 2062 οὐσία
808 2012 906 2065 καὶ
933 2012 1072 2082 αὐτὴ
1113 2014 1193 2076 εἰς
1239 2012 1503 2082 δισχιλίας
1543 2012 1730 2085 λίτρας

176 2100 440 2154 συνέτεινε.
478 2100 593 2155 Καὶ
619 2102 825 2172 ταύτην
854 2102 1074 2157 ἃπασαν
1102 2103 1203 2175 τὴν
1241 2105 1541 2159 ὑπόστασιν
1578 2106 1733 2158 Κων-

174 2190 390 2252 οτάντιος
420 2193 485 2245 ἐκ
540 2194 672 2264 μιᾶς
694 2194 969 2264 αἰτήσεως
994 2196 1147 2267 παρὰ
1188 2196 1449 2268 Ὀνωρίου
1493 2196 1730 2267 εἰλήφει.

172 2276 261 2335 Ἦν
278 2284 331 2338 δὲ
347 2285 728 2349 Κωνστάντιος
746 2288 805 2340 ὲν
832 2289 932 2357 μὲν
949 2291 1070 2353 ταῖς
1095 2288 1346 2360 προόδοις
1366 2289 1616 2361 κατηφὴς
1635 2291 1731 2344 καὶ

174 2376 488 2447 σκυθρωπὸς,
524 2379 984 2452 μεγαλόφθαλμός
1008 2398 1069 2435 τε
1102 2382 1201 2435 καὶ
1244 2382 1602 2453 μεγαλαύχην
1638 2383 1735 2436 καὶ

173 2469 556 2539 πλατυκέφαλος
578 2514 593 2539 ,
626 2472 798 2526 νεύων
830 2473 899 2528 δι’
927 2472 1051 2528 ὅλου
1100 2473 1193 2526 ἐπὶ
1217 2473 1307 2527 τὸν
1342 2474 1611 2545 τράχηλον
1634 2475 1730 2528 τοῦ

173 2562 396 2631 φέροντος
412 2565 576 2619 αὐτὸν
593 2565 786 2631 ἵππου,
816 2565 913 2621 καὶ
940 2566 1084 2620 οὕτω
1100 2566 1145 2599 ⁸⁸
1174 2567 1299 2637 τῇδε
1326 2568 1548 2621 κάκεῖσε
1580 2567 1730 2632 λοξὸν

174 2655 443 2717 ἐκπέμπων
472 2657 538 2712 τὸ
583 2658 762 2729 δμμα,
817 2657 912 2723 ὡς,
948 2659 1010 2713 τὸ
1035 2657 1131 2712 τοῦ
1162 2658 1325 2727 λόγου
1348 2698 1366 2722 ,
1410 2660 1544 2712 πᾶσι
1592 2659 1723 2729 φαί-

184 2750 343 2804 νεσθαι
410 2746 551 2815 εἶδος
590 2752 740 2818 ἄξιον
762 2752 1099 2824 τυραννίδος.
1153 2753 1243 2805 Ἐν
1279 2752 1337 2806 δὲ
1368 2752 1607 2815 δείπνοις
1636 2751 1730 2805 καὶ

174 2843 467 2910 συμποσίοις
500 2843 741 2914 τερπνὸς
789 2845 885 2897 καὶ
922 2842 1232 2911 πολιτικὸς,
1284 2844 1360 2909 ὼς
1388 2844 1482 2899 καὶ
1527 2841 1730 2914 ἐρίζειν

169 2935 263 2995 τοῖς
290 2934 474 3006 μίμοις
511 2934 771 3000 πολλάκις
804 2935 1062 3001 παίζουσι
1084 2936 1191 3009 πρὸ
1216 2936 1315 3006 τῆς
1353 2936 1658 3009 τραπέζης.

224 3118 334 3173 Ὅτι
369 3121 688 3191 ’Λδσούλφῳ
719 3120 923 3192 σπουδῇ
952 3122 1047 3174 καὶ
1075 3119 1327 3192 ὑποθήκῃ
1365 3119 1722 3175 Κανδιδιανοῢ

166 3212 190 3263 6
215 3213 333 3284 πρὸς
364 3213 663 3267 Πλακιδίαν
681 3213 1014 3267 συντελεῖται
1043 3214 1217 3283 γάμος
1241 3252 1256 3278 ,
1285 3214 1394 3283 μὴν
1419 3214 1447 3265 6
1490 3212 1729 3267 Ἰανουά-

1833 2017 2069 2081 inventa,
2092 2026 2147 2072 et
2176 2017 2529 2072 lmmobilium
2555 2018 2776 2085 insaper
2801 2018 3063 2071 bonorum
3087 2016 3155 2071 ad
3182 2018 3262 2071 bis
3291 2015 3419 2071 mil-

1833 2104 1881 2162 lc
1906 2108 2093 2164 libras.
2138 2108 2287 2176 Quas
2321 2109 2537 2178 quidem
2565 2108 2849 2164 facultates
2873 2124 3061 2164 omnes
3084 2124 3187 2162 una
3230 2119 3420 2179 postas

1832 2197 2033 2253 latione
2098 2200 2168 2253 ab
2236 2199 2477 2255 Honorio
2552 2198 2909 2254 Constantius
2979 2202 3207 2269 accepit.
3288 2201 3419 2255 Erat

1834 2293 1947 2362 ipse
1977 2293 2363 2356 Constantius,
2397 2310 2521 2348 cum
2549 2294 2827 2363 prodiret,
2879 2294 3122 2349 subtristi
3161 2293 3307 2346 vultu
3352 2308 3417 2346 ac

1834 2385 2065 2450 tetrico,
2119 2385 2428 2454 ingentibus
2476 2385 2651 2441 oculis
2715 2385 3040 2455 sublataque
3086 2386 3417 2450 cervice,et

1831 2477 1996 2547 plano
2060 2479 2259 2549 capite,
2325 2478 2598 2534 inclinans
2624 2493 2683 2532 se
2712 2478 2935 2533 omnino
3002 2479 3055 2532 in
3092 2480 3249 2548 equi,
3309 2491 3417 2549 quo

1833 2571 2149 2634 vehebatur,
2203 2570 2399 2626 collum
2432 2589 2447 2638 ;
2480 2581 2534 2627 et
2573 2572 2654 2626 sic
2704 2571 2810 2626 ltnc
2868 2572 2995 2627 illuc
3039 2572 3257 2642 oblique
3299 2581 3417 2627 tor-

1833 2672 2007 2730 quens
2066 2662 2286 2728 oculos,
2356 2672 2434 2725 ut,
2496 2662 2643 2731 quod
2710 2665 2879 2719 veteri
2937 2664 3106 2718 verbo
3182 2664 3415 2727 dicitur,

1838 2770 1859 2803 ι
1890 2752 2115 2820 imperio
2139 2754 2297 2825 digna
2333 2752 2505 2807 forma
2538 2752 2653 2823 (58)
2694 2774 2711 2806 ι
2743 2756 2993 2810 omnibus
3019 2766 3322 2825 appareret.
3356 2755 3415 2810 in

1832 2844 2005 2899 omnis
2036 2853 2216 2900 tamen
2248 2856 2415 2913 atque
2462 2845 2775 2915 sytnposiis,
2814 2846 3086 2916 iucundus
3118 2848 3253 2902 adeo
3285 2848 3415 2902 civi-

1833 2934 2007 3005 lisque
2052 2935 2191 2999 fuit,
2246 2944 2303 2989 ut
2331 2944 2384 2991 et
2411 2951 2532 2991 cum
2598 2938 2777 2993 mimis
2810 2938 3077 2992 interdum
3129 2938 3195 2992 ad
3264 2954 3417 3001 men—

1833 3044 1948 3082 sam
1977 3028 2284 3083 ludentibns
2331 3031 2705 3085 contenderit.

1903 3120 2217 3190 Adaulplto,
2258 3122 2439 3177 studio
2465 3137 2530 3178 ac
2554 3122 2781 3179 consilio
2814 3121 3173 3188 Candidiani,
3219 3122 3418 3190 nuptiae

1831 3228 1953 3267 cum
2006 3212 2240 3269 Placidia
2279 3216 2625 3271 conveniunt.
2672 3214 2931 3270 Januario
2984 3228 3170 3269 mense
3214 3213 3415 3282 nuptiis

170 3317 264 3376 ριος
295 3308 625 3379 ἐνειστήκει,
659 3308 751 3361 ἐπὶ
795 3306 853 3361 δὲ
899 3307 999 3377 τῆς
1046 3307 1254 3370 πόλεως
1296 3306 1628 3375 Νάρϐωνος.
1668 3306 1727 3359 ἐν

1830 3305 2009 3361 dictus
2031 3308 2171 3373 dies,
2205 3307 2457 3362 Narbone
2487 3308 2600 3378 (39)
2629 3302 2818 3362 Gallia:
2870 3307 3023 3368 urbe.
3056 3307 3108 3359 in
3135 3307 3294 3360 domo
3325 3306 3414 3359 lue

166 3400 291 3471 οἰκίᾳ
322 3401 588 3469 ἰγγενίου
619 3403 765 3466 τινὸς
796 3399 1014 3473 πρώτου
1042 3400 1152 3453 τῶν
1184 3402 1242 3453 ὲν
1271 3402 1336 3470 τῇ
1371 3400 1524 3452 πόλει
1545 3414 1560 3428 ⁸
1596 3398 1727 3454 ἔνθα

168 3494 614 3565 προκαθεσῦείσης
644 3494 943 3558 Πλακιδίας
973 3497 1031 3547 ἐν
1060 3491 1297 3546 παστάδι
1319 3493 1362 3523 ⁸⁸
1384 3508 1445 3543 τε
1487 3485 1725 3561 Ῥωμαῖ-

167 3587 256 3651 κῶς
295 3589 676 3664 ἐσκευασμένη
724 3591 820 3644 καὶ
864 3590 1106 3660 σχήματι
1154 3587 1419 3658 βασιλικῷ
1487 3587 1726 3655 συγκαθε

165 3678 320 3741 ἑζεται
354 3683 489 3755 αὐτῇ
534 3683 633 3736 καὶ
659 3682 983 3750 Ἀδαοῦλφος
1006 3680 1353 3751 ἐνδεδυμένος
1378 3679 1601 3750 χλανίδα
1628 3685 1726 3732 καὶ

164 3771 243 3842 τὴν
266 3774 423 3845 ἀλλην
478 3773 773 3846 Ῥωμαίων
805 3774 1030 3845 ἐσθῆτα.
1076 3774 1165 3825 Ἐν
1207 3769 1287 3835 οἷς
1316 3772 1455 3842 μετὰ
1487 3771 1598 3824 τῶν
1627 3770 1725 3826 ἄλο

162 3858 254 3914 λων
279 3865 530 3934 γαμικῶν
577 3864 766 3935 δώρων
806 3864 933 3935 H88
962 3863 1055 3935 Κ]
1096 3863 1349 3933 δωρεῖται
1403 3862 1726 3929 Ἀδαοῦλφος

164 3953 242 4004 καὶ
262 3961 297 4005 ν’
324 3955 552 4016 εὐειδεῖς
573 3955 788 4015 νεανίας
809 3956 1053 4027 Σηρικὴν
1083 3955 1466 4026 ὲνδεδυμένθυς
1496 3955 1723 4023 ἐσθῆτα,

168 4043 393 4114 φέροντος
440 4048 681 4101 ἑκάστου
713 4049 832 4111 ταῖς
859 4052 1050 4119 χερσιν
1086 4050 1190 4103 ἀνὰ
1219 4048 1313 4101 δύο
1342 4048 1615 4117 μεγίστων
1644 4046 1724 4098 δί-

166 4139 359 4202 σκων⁷⁰,
404 4133 485 4193 ὧν
533 4140 565 4191 6
600 4140 701 4210 μὲν
745 4142 970 4212 χρυσίου
1000 4141 1237 4211 πλήρης,
1266 4141 1294 4191 6
1326 4139 1382 4192 δὲ
1418 4139 1613 4209 τιμίων
1642 4137 1726 4189 λί-

165 4226 270 4292 θων,
298 4233 499 4303 μᾶλλον
530 4232 591 4286 δὲ
622 4235 903 4305 ἀτιμήτων
933 4233 1231 4303 ἐτύγχανεν
1254 4248 1268 4263 ο
1300 4231 1337 4285 ἀ
1361 4232 1461 4301 τῆς
1505 4229 1724 4299 Ῥώμης

167 4319 347 4394 ὑπῆρχε
375 4327 522 4379 κατά
553 4325 651 4397 τὴν
676 4325 879 4379 ἅλωσιν
905 4328 1016 4388 τοῖς
1043 4325 1262 4387 Γότθοις
1286 4321 1720 4390 ἀποσυληθέντα.

165 4406 273 4466 Εἶτα
310 4416 567 4484 λέγονται
614 4418 712 4470 καὶ
741 4416 1129 4485 ὲπιθαλάμιοι,
1195 4414 1453 4468 Ἀττάλου
1505 4412 1723 4484 πρῶτον

166 4507 407 4575 εἰπόντος,
460 4505 588 4564 εἶτα
646 4508 1046 4563 Ῥουστικίου”¹ι
1113 4508 1209 4562 καὶ
1251 4506 1567 4559 Φοιὸαδίου·
1628 4503 1722 4558 καὶ

168 4600 463 4654 συντελεῖται
491 4604 523 4654 ὁ
553 4603 731 4670 γάμος
772 4600 1079 4665 παιζόντων
1109 4599 1203 4653 καὶ
1247 4598 1549 4669 χαιρόντων
1582 4595 1717 4667 ὁμοῦ

167 4687 250 4742 τῶν
267 4709 319 4745 τε
347 4694 659 4765 Βαρδάρων
694 4695 790 4747 καὶ
812 4694 922 4747 τῶν
943 4695 1002 4747 ὲν
1028 4694 1213 4757 αὐτοῖς
1258 4691 1569 4762 Ῥωμαίων.

222 4782 325 4836 Ὀτι
374 4787 517 4855 μετά
571 4787 671 4856 τὴν
716 4786 822 4839 ὐπὸ
854 4787 1067 4839 Γότθων
1112 4786 1313 4839 ἅλωσιν
1347 4787 1445 4851 τῆς
1500 4781 1718 4852 Ῥώμης

176 4872 381 4940 Ἀλϐῖνος
407 4881 437 4932 6
463 4880 569 4949 τῆς
607 4877 827 4948 Ῥώμης
862 4879 1101 4949 ἔπαρχος
1120 4919 1134 4942 ,
1172 4878 1271 4949 ἤδη
1317 4876 1525 4945 ταύτης
1552 4873 1715 4927 πάλιν

168 4963 678 5042 ἀποκαθισταμένης,
709 4970 914 5042 ἔγραψε
956 4971 1030 5040 μὴ
1068 4969 1316 5041 ἐξαρκεῖν
1355 4968 1416 5021 τὸ
1448 4964 1713 5038 χορηγούυ

1840 3397 1984 3467 genii
2030 3398 2336 3467 cujusdam,
2388 3398 2632 3468 pritnarii
2683 3397 2797 3465 ejus
2842 3396 2994 3453 urbis
3037 3399 3160 3453 viri.
3192 3396 3291 3452 Hic
3334 3398 3415 3451 di-

1829 3488 2021 3558 gniore
2055 3488 2173 3543 loco
2236 3488 2508 3543 residente
2568 3486 2804 3542 Placidia
2865 3488 2917 3542 in
2972 3490 3132 3550 atrio,
3168 3489 3415 3551 Romani)

1833 3595 1984 3634 more
2036 3580 2324 3645 adornato,
2385 3581 2680 3648 habituque
2725 3580 2908 3648 regio,
2964 3580 3167 3633 assedit
3208 3580 3307 3648 ipsi
3358 3589 3416 3632 et

1828 3674 2142 3740 Atlaulpltus
2215 3673 2350 3726 laena
2414 3672 2657 3739 indutus,
2714 3672 2973 3739 omnique
3039 3670 3148 3723 alio
3206 3671 3407 3724 amictu

1830 3764 2095 3818 ltmnano.
2129 3764 2271 3818 Inter
2306 3765 2409 3819 alia
2459 3765 2764 3833 nuptiarum
2818 3764 2991 3827 dona,
3029 3763 3262 3817 donatur
3297 3761 3412 3832 (60)

1827 3855 2140 3926 Atlaulpltus
2196 3857 2356 3913 etiam
2432 3857 2821 3926 quinquaginta
2892 3855 3145 3910 formosis
3209 3855 3412 3923 pueris,

1829 3950 2003 4003 serica
2064 3959 2214 4004 veste
2253 3949 2477 4015 indutis,
2540 3949 2838 4004 ferentibus
2900 3948 3129 4017 singulis
3183 3956 3414 4014 utraque

1831 4058 1990 4094 manu
2030 4042 2275 4111 ingentes
2327 4041 2505 4095 discos
2572 4042 2759 4095 binos:
2814 4054 3044 4109 quorum
3104 4039 3242 4094 alter
3291 4041 3408 4093 auri

1829 4131 2039 4199 plenus,
2102 4132 2238 4185 alter
2295 4131 2491 4198 lapillis
2562 4133 2835 4198 pretiosis,
2875 4130 2960 4185 vel
3023 4130 3178 4200 pretii
3233 4132 3413 4199 potius

1830 4222 2242 4287 inaestimabilis,
2295 4238 2414 4291 qua:
2460 4238 2523 4274 ex
2576 4222 2838 4275 Romanu:
2903 4222 3055 4275 urbis
3108 4221 3415 4287 direptione

1831 4313 2013 4369 ϐοιιιιί
2062 4316 2353 4383 ιιθῃιαδςῐδιί
2415 4314 2650 4369 fuerant.
2692 4313 2832 4368 Hinc
2893 4330 3080 4367 vctsus
3140 4323 3413 4369 canuntur

1826 4406 2179 4473 epithalamii,
2221 4405 2400 4460 Attalo
2455 4409 2806 4475 pt‘a‘cittettte,
2841 4405 2966 4461 dein
3031 4406 3407 4475 Rustacioﬂl)

1829 4509 1991 4568 atque
2018 4497 2336 4562 Pltmbadio,
2392 4498 2703 4568 nuptiisque
2746 4498 2869 4551 linis
2899 4499 3078 4559 datus,
3107 4498 3226 4551 lusu
3274 4513 3409 4566 gau-

1830 4591 2027 4660 diuque
2053 4591 2256 4661 ingenti
2303 4589 2671 4645 Barbarurum
2721 4592 2906 4658 simul,
2940 4602 2995 4645 et
3039 4589 3409 4644 Romanorum

1759 4673 1804 4728 Ι)
1836 4683 1925 4752 qui
1959 4698 2080 4737 cum
2133 4682 2199 4736 iis
2238 4692 2416 4738 erant.

1898 4776 2026 4831 Post
2071 4778 2296 4831 Romam
2347 4794 2377 4830 a
2411 4776 2623 4832 Cottltis
2668 4786 2906 4845 captam,
2966 4775 3196 4830 Albinus
3250 4775 3413 4831 Urbis

1827 4872 2135 4941 praefectus.
2184 4870 2328 4938 quod
2366 4870 2480 4940 jam
2531 4872 2720 4923 eadem
2766 4871 2831 4923 ad
2884 4870 3180 4940 pristinum
3210 4869 3413 4923 rediret

1825 4974 2049 5028 statum,
2119 4962 2343 5030 scripsit
2398 4978 2505 5016 non
2572 4962 2820 5018 sullicere
2876 4962 3158 5033 praebitam
3212 4960 3412 5032 populo

1439 5102 1670 5158 VARUS
1727 5098 2021 5156 LECTIUN
2032 5098 2135 5153 ES.

225 5200 284 5279 ⁸⁸⁸
316 5201 586 5279 βαλόντος.
616 5216 696 5279 [ς.
734 5198 1249 5279 Αηλαὸόντοςρρτκς
1287 5195 1661 5279 βάλλόντοςις.

167 5281 374 5338 ςταντιος
397 5291 459 5338 ς.

166 5334 193 5365 ’³
232 5334 575 5396 Ῥουστακίου
612 5360 672 5408 ς.

1762 5193 1808 5227 ⁸⁵
1837 5190 2206 5262 Κωνσταντίῳ
2236 5220 2305 5230 -——
2330 5188 2649 5247 ἀπαιτοῦντι
2690 5209 2750 5254 ς.
2814 5194 2859 5224 ⁸⁸
2897 5192 3220 5262 δισίγματος
3251 5195 3410 5248 Κων·

542 5262 586 5303 ⁸⁷
628 5270 991 5343 Ἡρακλιανοῦ
1021 5271 1085 5324 A.
1109 5262 1153 5301 ‘3
1172 5262 1316 5322 οὐτὼ
1345 5284 1451 5338 mg.
1488 5285 1500 5320 :
1534 5267 1653 5322 libri
1679 5265 1853 5319 οὔπω.
1911 5263 1955 5295 θ’
1989 5262 2257 5317 σπαστάδι
2278 5262 2345 5316 Α.
2381 5262 2628 5334 ῥωμαίαν
2648 5264 2709 5316 Α.
2770 5263 2817 5295 ⁷ο
2844 5264 3137 5336 μεγίστους
3166 5265 3407 5328 δίσκους.

1665 5432 1896 5489 NOTAE.

218 5531 319 5600 (35)
346 5532 496 5599 Quos
529 5539 586 5584 et
620 5533 673 5585 in
706 5530 896 5585 Dionis
920 5531 1092 5585 Cassii
1118 5529 1416 5600 consulatu
1446 5527 1706 5600 tolerasse

1830 5544 1876 5579 τυ
1886 5524 2153 5600 ραννῇος.

167 5601 498 5657 Alexandrum
533 5601 796 5657 Severum
827 5618 977 5670 supr.
1012 5602 1218 5655 retulit.
1251 5602 1373 5655 cod.
1403 5599 1489 5652 71.

1888 5591 2000 5666 (39)
2028 5591 2437 5650 Foro-Cornelii
2470 5592 2548 5647 ait
2576 5601 2764 5649 auctor
2801 5592 3052 5648 Miscellte
3084 5592 3239 5649 Paul.
3271 5595 3396 5649 Dia-

217 5671 316 5740 :36)
362 5673 415 5726 In
462 5675 654 5727 iiscum
708 5668 963 5740 redactis,
1022 5683 1079 5725 ut
1125 5683 1271 5740 patet
1325 5686 1394 5726 ex
1431 5670 1467 5726 ι.
1504 5684 1596 5723 ut
1630 5668 1706 5723 De
1813 5681 1984 5740 conus
2012 5668 2105 5740 lib.
2139 5681 2265 5719 xm.

160 5755 269 5804 mn.
300 5742 428 5797 Cod.
465 5743 675 5797 Tlteod.

218 5813 320 5883 (ζῆ)
349 5813 485 5869 Vide
513 5812 669 5869 Oros.
705 5814 796 5867 lih.
825 5830 921 5880 vn,
955 5830 1074 5883 cap.
1106 5813 1198 5868 42.

223 5878 322 5954 (38)
351 5882 545 5954 Eurip.
581 5887 633 5938 in
659 5878 966 5938 Plttzuissis.
1004 5878 1225 5956 Πρῶτον
1257 5883 1355 5956 μὶν
1388 5878 1522 5946 εἶδος
1553 5878 1700 5945 ἄξιον

410 5983 685 6044 Ρλτιιοι..
718 5984 836 6045 (in.
875 5983 1035 6045 Clll.

1886 5736 1996 5807 (to)
2043 5738 2308 5806 Δωρεῑται
2352 5740 2395 5789 ν’
2428 5737 2653 5799 εὐειδεῖς
2736 5735 2975 5799 νεανίας.
3023 5734 3201 5789 Donat
3246 5736 3411 5793 etiam

1815 5810 2043 5862 reddere
2071 5807 2269 5874 pos~is.

1888 5876 2000 5950 tdl)
2038 5879 2119 5932 Al.
2152 5875 2421 5944 Κασπίη
2465 5878 2644 5934 malim
2673 5885 2855 5934 tamen
2890 5876 3143 5931 Rusticio.

2968 5987 3005 6041 9
