4092 6420
582 403 688 467 2‘57

1750 398 2014 460 ΡΗΟΊῙῙ
2045 400 2323 460 PATRIA
2334 399 2553 460 RCHz‘E
2592 401 2700 462 CP.

3762 395 3869 459 268

584 525 793 587 partem
820 513 959 586 (42),
996 513 1337 569 multitudine
1370 513 1483 582 jam
1518 518 1677 567 aucta
1712 513 1972 580 civitate;
2004 514 2183 568 a‘ddit-

2289 531 2449 584 μενον
2498 514 2666 586 μέρος
2693 513 2774 585 τῷ
2824 512 2981 585 δήμῳ
3016 515 3096 576 εἰς
3128 511 3332 582 πλῆθος
3375 510 3477 581 ἠδη
3522 509 3622 579 τῆς
3662 508 3872 573 πόλεως

585 624 690 679 que
715 623 821 663 uno
862 608 947 661 die
991 622 1275 661 numerum
1312 607 1501 661 initum
1527 618 1649 661 esse
1690 606 1889 661 civium
1919 615 2183 677 quatuor-

586 700 759 753 decim
794 697 1046 752 millium.

659 790 1001 861 Adaulphus,
1055 803 1182 845 nato
1227 791 1328 845 sihi
1369 806 1399 844 e
1430 789 1674 846 Placidia
1712 789 1844 857 filio,
1884 790 1970 845 cui
2004 789 2183 845 Theo-

590 884 743 937 dosio
776 898 972 939 nomen
1002 885 1175 949 dedit,
1199 884 1499 939 Romanam
1525 885 1759 956 amplius
1787 884 2180 955 rempublicam

590 991 778 1030 amare
841 976 1153 1031 videbatur.
1185 976 1381 1032 Verum
1401 978 1744 1044 Constantio,
1776 978 1999 1048 ejusque
2029 992 2179 1033 asse-

607 1067 707 1121 clis
763 1068 1218 1138 repugnantibus,
1256 1070 1375 1139 ejus
1403 1080 1457 1125 et
1485 1071 1669 1124 uxoris
1700 1068 2182 1144 Placidim,[pacis

599 1158 884 1231 ineundae]
907 1173 1135 1217 conatus
1188 1162 1388 1216 frustra
1424 1161 1659 1215 fuerunt.
1695 1159 2035 1217 Exstinctum
2085 1178 2183 1216 au-

593 1262 700 1304 tem
731 1260 914 1320 postea
945 1252 1204 1307 infantem
1263 1253 1618 1307 vehementer
1674 1262 1909 1322 uterque
1968 1268 2177 1322 parens

593 1342 729 1396 luxit
783 1343 927 1415 60a
959 1352 1323 1413 argenteaque
1346 1358 1509 1413 capsa
1532 1343 1833 1407 conditum,
1872 1342 2023 1413 juxta
2056 1343 2183 1397 Bar-

593 1433 846 1489 cinouem
877 1436 929 1489 itt
965 1434 1166 1503 templo
1196 1434 1426 1503 quodam
1462 1434 1816 1503 sepelierunt.
1854 1432 2183 1488 lnterficitur

595 1527 789 1581 deinde
825 1539 878 1583 et
913 1527 1233 1597 Adaulphus
1267 1526 1381 1595 ipse
1419 1525 1569 1597 (dum
1602 1539 1770 1594 equos
1802 1529 1932 1579 suos
1979 1524 2031 1577 in
2066 1534 2182 1578 sta-

594 1620 723 1675 lmlo
752 1661 766 1687 ,
799 1621 865 1675 de
893 1635 1069 1685 more,
1132 1616 1558 1689 contemplatur)
1589 1634 1620 1672 a
1673 1616 1877 1672 Gotvho
1944 1618 2177 1688 quodam

599 1712 718 1780 cjus
755 1710 1075 1779 domestico,
1117 1712 1305 1769 Dobbii
1342 1713 1580 1778 nomine,
1618 1727 1743 1766 cum
1791 1712 1931 1766 hanc
1978 1712 2181 1766 veteris

597 1807 707 1862 odii
773 1806 1086 1862 vindicandi
1145 1806 1491 1861 occasionem
1532 1804 1620 1859 ille
1672 1813 1982 1874 captasset;
2014 1802 2177 1871 hujus

593 1898 737 1953 enim
775 1898 925 1969 prior
960 1899 1239 1958 dominus.
1274 1896 1547 1952 Gotthicaa
1598 1896 1770 1965 partis
1828 1910 1948 1961 rex,
2002 1894 2180 1950 fuerat
2213 1874 2252 1927 Β

593 1990 664 2045 ab
710 1990 992 2061 Adaulplto
1024 2005 1054 2044 e
1115 1988 1297 2044 medio
1342 1987 1606 2044 sublatus.
1643 1987 1855 2043 Exinde
1914 1987 2178 2043 Dobbium

596 2092 876 2153 receptum
928 2081 1243 2151 Adaulphus
1277 2082 1330 2135 in
1364 2096 1518 2137 suam
1555 2079 1819 2135 familiam
1886 2081 2175 2135 asciverat:

593 2175 685 2243 qui
717 2175 769 2229 in
803 2175 1061 2229 ultionem
1101 2174 1304 2243 prioris
1338 2173 1586 2238 domini,
1624 2173 1854 2227 alterum
1904 2172 2068 2238 hunc,
2101 2173 2184 2226 in—

590 2269 733 2338 jecta
817 2282 981 2321 manu
1046 2267 1318 2333 violenta,
1382 2265 1623 2322 sustulit.
1683 2265 1918 2321 Moriens
1984 2264 2184 2319 Adaul-

595 2363 738 2431 phus
777 2359 928 2415 fratri
992 2375 1091 2415 suo
1139 2360 1410 2443 injunttitf
1481 2358 1726 2415 Placidia
1784 2369 1843 2415 ut
1876 2358 2179 2433 [Honorio]

597 2455 953 2521 redderetur;
986 2464 1170 2523 utque,
1213 2452 1260 2508 si
1299 2469 1406 2523 quo
1433 2455 1593 2508 modo
1639 2464 1880 2523 possent,
1917 2452 2181 2508 Romanae

598 2544 700 2597 sibi
760 2545 939 2613 gentis
1019 2545 1371 2600 concordiam
1414 2542 1639 2619 [Gotthi
1684 2546 1701 2619 j
1738 2547 2172 2617 societatemque

597 2637 987 2694 conciliarent.
1034 2638 1220 2708 Atqui
1253 2641 1522 2696 successit
1566 2640 1688 2695 Sari
1735 2642 1906 2695 frater
1953 2638 2185 2710 Singiri-

598 2732 733 2786 rhus
762 2730 990 2802 (studio
1038 2731 1217 2801 potius
1244 2747 1306 2787 ac
1336 2732 1410 2800 vi,
1458 2747 1620 2803 quam
1670 2733 2046 2799 successione,
2081 2741 2181 2787 aut

597 2819 715 2889 lege
773 2822 1315 2894 creatus)Adaulphi
1388 2838 1418 2877 e
1451 2823 1636 2893 priore
1695 2824 1929 2895 conjuge
1983 2825 2183 2879 liberos

599 2915 655 2983 vi
696 2928 728 2968 e
786 2913 906 2968 sinu
988 2912 1226 2985 Sigesari
1285 2916 1527 2987 episcopi
1591 2918 1871 2988 abreptos,
1930 2918 2181 2986 occidit;

598 3017 760 3074 atque
818 3006 991 3075 ipsam
1074 3004 1373 3061 Placidiam
1461 3010 1728 3077 reginam,
1806 3009 1856 3063 in
1915 3008 2184 3079 Adaulphi

598 3097 804 3153 scilicet
858 3098 1266 3163 contumeliam,
1327 3101 1551 3166 pedibus
1604 3112 1733 3156 ante
1792 3116 1993 3171 equum
2075 3118 2213 3158 una.

2285 606 2662 679 ὲπιδιδούσης·
2720 606 2926 679 ἔγραψε
2958 606 3067 678 γὰρ
3094 606 3136 637 ⁷⁸
3179 605 3273 658 καὶ
3317 606 3375 658 ὲν
3418 604 3517 674 μιᾷ
3563 603 3754 675 ἡμέρᾳ
3784 618 3875 655 τε·

2286 699 2478 770 τέχθαι
2498 700 2543 730 "
2576 699 2809 771 ἀριθμὸν
2840 698 3094 770 χιλιάδων
3121 696 3558 766 δεκατεσσάρων.

2359 791 2486 863 [109
2517 790 2612 864 Η.]
2645 792 2763 845 Ὀτι
2809 788 3134 857 ’Λδαοῦλφος
3170 789 3455 858 τεχθέντος
3496 785 3647 856 αὐτῷ
3677 785 3741 838 ἐκ
3772 786 3876 854 τῆς

2284 882 2580 947 Πλακιδίας
2625 882 2832 947 παιδὸς,
2873 874 2918 949 ᾧ
2958 880 3252 935 ἐπ’έθετοτδ
3304 879 3501 948 κλῆσιν
3568 876 3873 941 Θεοδόσιον,

2284 976 2448 1030 πλέον
2478 974 2760 1045 ἠσπάζετο
2790 973 2889 1045 τὴν
2920 974 3057 1045 πρὸς
3114 957 3421 1042 Ῥωμαίους
3465 969 3679 1038 φιλίαν⁹
3714 970 3876 1022 Κων-

2286 1066 2535 1120 σταντίυυ
2557 1065 2614 1118 δὲ
2642 1067 2735 1118 καὶ
2764 1066 2874 1119 τῶν
2901 1065 3031 1137 περὶ
3063 1063 3441 1116 Κωνστάντιον
3477 1050 3877 1133 ἀντιπραττόῖμ

2282 1178 2391 1214 των
2412 1159 2606 1231 ἔμενεν
2622 1159 2904 1229 ἄπρακτος
2926 1162 2959 1229 ἠ
2981 1157 3172 1212 τούτου
3194 1157 3288 1210 καὶ⁸
3303 1157 3349 1189 ⁷⁵
3383 1156 3676 1214 Πλακιδίας
3701 1155 3875 1226 ὁρμή.

2284 1254 2721 1323 Τελευτήσαντος
2741 1252 2795 1305 δὲ
2814 1250 2909 1305 τοῦ
2936 1252 3123 1314 παιδὸς
3147 1250 3340 1312 πένθος
3360 1249 3501 1319 μέγα
3518 1247 3765 1301 ποιοῦσιν
3785 1248 3875 1300 ἐπ’

2283 1346 2455 1417 αὐτῷ,
2489 1346 2584 1399 καὶ
2613 1345 2911 1400 θάπτουσιν
2939 1345 3001 1397 ὲν
3024 1344 3256 1415 λάρνακι
3292 1341 3621 1404 καταθέντες
3652 1339 3879 1411 ἀργυρᾷ

2284 1439 2390 1510 πρὸ
2424 1439 2525 1508 τῆς
2553 1437 2940 1509 Βαρκὲλλωνος
2981 1435 3037 1489 ἐν
3066 1452 3172 1488 τινι
3220 1436 3515 1506 εὐκτηρίῳ.
3545 1429 3681 1485 Εἶτα
3723 1436 3878 1485 ἀναι-

2285 1537 2460 1606 ρεῖται
2491 1533 2585 1587 κοιλ⁸
2635 1530 2996 1600 meum“,
3027 1530 3104 1591 εἰς
3138 1529 3469 1600 ὲπιτήρησιν
3516 1528 3628 1580 τῶν
3654 1526 3877 1581 οἰκείων

2284 1624 2488 1689 ἵππων,
2531 1623 2608 1688 ὼς
2644 1624 2847 1677 εἴθιστο
2895 1621 3069 1689 αὐτῷ,
3117 1620 3409 1691 διατρίϐων
3443 1620 3504 1673 ἐν
3531 1618 3609 1690 τῷ
3644 1619 3873 1672 ἱππῶνι.

2294 1719 2536 1788 Ἀναιρεῖ
2576 1716 2634 1770 δὲ
2680 1716 2843 1769 αὑτὸν
2876 1708 3040 1780 sig?“
3071 1714 3180 1768 τῶν
3228 1713 3447 1768 οἰκείων
3482 1712 3697 1765 Γότθων
3742 1711 3879 1764 Δού-

2282 1808 2399 1872 ϐιος
2416 1810 2461 1840 ⁷⁸
2507 1806 2770 1879 τοῦνομα,
2824 1805 3027 1879 ἔχθραν
3062 1806 3302 1860 παλαιὰν
3342 1803 3875 1876 καιροφυλακήσας⁶

2284 1902 2450 1954 πάλαι
2477 1901 2584 1972 γάρ
2614 1895 2681 1971 ἦν
2710 1901 2739 1953 ὁ
2761 1900 2803 1931 ⁷⁷
2835 1898 3028 1952 τούτου
3057 1898 3347 1967 δεσπότης,
3379 1895 3577 1967 μοίρας
3611 1894 3879 1965 Γοτθικῆς

2286 1993 2417 2065 ρὴξς,
2453 1992 2559 2045 ὑπὸ
2626 1991 2958 2060 Ἀδαούλφου
3004 1991 3384 2063 ἀνῃρημένος,
3436 1986 3496 2053 ἐξ
3545 1980 3607 2042 οὗ
3641 1988 3735 2041 καὶ
3779 1986 3879 2039 τὸν

2284 2083 2506 2137 Δούϐιον
2550 2082 2737 2136 λαϐὼν
2805 2081 3130 2151 ’Δδαοῦλφος
3185 2080 3529 2153 ᾠκειώσατο·
3593 2080 3622 2132 ὀ
3674 2078 3733 2131 δὲ
3792 2076 3878 2148 τῷ

2284 2178 2487 2249 πρώτῳ
2529 2177 2766 2251 δεσπότῃ
2792 2178 3017 2247 ἀμύνων
3044 2177 3135 2230 τὸν
3172 2174 3426 2246 δεύτερον
3460 2172 3785 2246 διεχρήσατο
3801 2170 3877 2226 ⁷⁸.

2285 2272 2564 2325 Τελευτῶν
2593 2271 2651 2324 δὲ
2693 2271 3017 2341 Ἀδαοῦλφος
3046 2268 3381 2341 προσέταττε
3413 2267 3492 2338 τῷ
3519 2267 3634 2338 ἰδίῳ
3660 2264 3879 2335 ἀδελφῷ

2285 2359 2579 2413 ἀποδοῦναι
2619 2361 2718 2432 τὴν
2756 2360 3074 2424 Πλακιδίαν,
3134 2359 3261 2424 καὶ,
3299 2359 3352 2411 εί
3374 2376 3427 2412 τι
3457 2357 3728 2419 δύναιντο,
3775 2356 3883 2426 τὴν

2299 2452 2588 2522 Ῥωμαίων
2635 2454 2819 2522 φιλίαν
2862 2455 3073 2517 ἑαυτοῖς
3105 2450 3583 2523 περιποιήσασθαι.
3620 2448 3881 2519 Διάδοχος

2284 2543 2341 2597 δὲ
2384 2544 2412 2597 ὁ
2442 2542 2537 2597 τοῦ
2583 2544 2759 2614 Σάρου
2796 2544 3025 2613 ἁδελφὸς
3058 2544 3404 2614 Σιγγέριχος,
3435 2540 3641 2613 σπουδῇ
3673 2540 3879 2612 μᾶλλον

2287 2638 2381 2691 καὶ
2406 2636 2699 2708 δυναστείᾳ
2735 2636 2768 2707 ἢ
2799 2634 3093 2707 ἀκολουθίᾳ
3122 2635 3215 2689 καὶ
3254 2636 3425 2706 νόμῳ,
3455 2634 3695 2704 γίνεται’
3724 2634 3782 2697 ὃς
3809 2634 3883 2688 τά

2284 2746 2344 2782 τε
2375 2728 2600 2794 παιδία,
2636 2728 2672 2782 ἃ
2706 2731 2770 2781 ὲκ
2807 2728 2907 2798 τῆς
2956 2728 3229 2801 προτέρας
3279 2726 3538 2796 γυναικὸς
3579 2726 3881 2796 ἐτύγχανεν

2299 2822 2610 2893 Ἀδαούλφῳ
2634 2823 3029 2893 γεγεννημένα,
3059 2822 3257 2887 ἀνεῖλε,
3288 2821 3380 2893 βίᾳ⁴
3406 2821 3515 2874 τῶν
3537 2820 3631 2874 τοῦ
3655 2820 3885 2874 ὲπισκό·

2287 2931 2389 2966 που
2418 2915 2726 2984 Σιγησάρου
2755 2914 2969 2968 κόλπων
2992 2913 3346 2979 ἀποσπάσας,
3379 2914 3474 2965 καὶ
3503 2914 3600 2982 τὴν
3633 2910 3884 2982 βασιλίδα

2288 3006 2585 3059 Πλακιδίαν
2629 3006 2709 3070 είς
2760 3004 2917 3078 ὓϐριν
2975 3006 3307 3075 Ἀδαούλφου
3344 3008 3407 3059 ἐκ
3442 3005 3603 3070 ποδὸς
3631 3006 3886 3078 προηγή-

2290 3100 2485 3153 σασθαι
2515 3099 2609 3153 τοῦ
2653 3100 2822 3153 ἵππου
2872 3098 2989 3171 ἅμα
3036 3100 3243 3154 λοιπῶν
3294 3101 3339 3132 ⁷⁸
3376 3098 3743 3171 αἰχμαλώτων
3782 3101 3885 3152 ἑπ-

599 3206 721 3246 cum
769 3189 988 3245 caeteris
1032 3191 1265 3260 captivis
1317 3191 1598 3247 ambulare
1632 3193 1835 3263 coegit,
1865 3195 2028 3265 idque
2070 3206 2185 3251 tcto

2294 3190 2451 3257 έταξε
2470 3209 2483 3223 ·
2513 3191 2610 3245 καὶ
2637 3192 2699 3244 τὸ
2728 3191 3007 3263 διάστημα
3034 3187 3102 3264 ἦν
3120 3193 3166 3224 ⁸ο
3193 3193 3295 3263 τῆς
3319 3194 3656 3264 προπομπῆς
3688 3193 3754 3245 ὲκ
3783 3191 3888 3262 τῆς

600 3281 693 3336 illo
718 3281 891 3349 spatio
942 3281 1086 3349 quod
1127 3290 1210 3335 est
1265 3280 1332 3335 ab
1386 3281 1522 3337 urbe
1568 3284 1633 3337 ad
1683 3284 2059 3339 duodecimum
2099 3302 2185 3340 us-

600 3386 706 3437 que
752 3370 981 3439 Iapidetn
1009 3408 1021 3422 .
1091 3370 1308 3440 Septem
1354 3372 1443 3426 ille
1491 3373 1605 3429 dies
1644 3390 1767 3430 cum
1830 3376 2183 3446 imperasset,

603 3461 958 3530 interemptus
984 3469 1087 3525 est,
1120 3470 1175 3515 et
1223 3459 1552 3517 Gotthorunt
1602 3464 1711 3519 dux
1746 3463 2189 3539 Valias(u)con-

604 3552 878 3605 stituitur.

674 3640 862 3697 Refert
893 3643 981 3697 hic
1044 3644 1280 3713 scriptor
1334 3646 1554 3703 audisse
1602 3663 1662 3705 se
1692 3663 1723 3705 e
1756 3649 1972 3705 Valerio
2002 3651 2192 3707 claris-

604 3738 742 3792 simo
790 3737 928 3801 viro,
961 3737 1029 3792 de
1055 3739 1329 3807 argenteis
1393 3744 1593 3797 statuis
1637 3745 1703 3798 ad
1766 3745 2039 3801 Barbaros
2101 3763 2191 3801 ar-

606 3830 809 3884 cendos
860 3830 1204 3900 inauguratis
1228 3832 1340 3905 (45)
1368 3874 1382 3889 .
1426 3834 1561 3889 Nam
1592 3834 1926 3902 Constantii,
1992 3840 2189 3907 inquit,

609 3924 950 3991 imperatoris
1010 3928 1368 3995 temporibus,
1408 3927 1665 3998 praefecto
1717 3930 1769 3984 in
1803 3930 2036 3987 Thracia
2086 3932 2192 3986 Va-

607 4016 762 4081 lerio,
808 4016 1065 4072 indicium
1114 4019 1314 4074 factttnt
1355 4022 1591 4077 thesauri
1623 4026 1970 4095 reperiun'di.
2032 4026 2192 4084 Vale-

612 4107 722 4161 rius
752 4122 884 4165 vero
934 4110 1001 4165 ad
1032 4112 1208 4168 locum
1267 4114 1558 4183 accedens,
1611 4133 1824 4173 sacrum
1877 4118 2024 4175 illum
2070 4137 2195 4179 esse

611 4199 871 4270 religione
901 4217 966 4258 ex
998 4204 1192 4261 incolis
1215 4208 1489 4276 cognovit,
1523 4218 1578 4263 et
1603 4212 1826 4280 antiquo
1853 4212 1958 4265 ritu
1986 4223 2195 4269 statuas

610 4293 808 4349 ibidem
856 4307 1233 4355 consecratas.
1291 4300 1493 4355 Retulit
1542 4302 1657 4357 haec
1687 4304 1753 4357 ad
1783 4303 2192 4375 imperatorem,

611 4387 1043 4459 rescriptumque
1076 4393 1306 4461 accepit,
1356 4408 1464 4462 quo
1503 4393 1799 4463 jubebatur
1836 4397 2071 4451 indicata
2106 4397 2194 4452 illa

607 4478 746 4533 bona
802 4479 1013 4535 tollere.
1065 4482 1233 4551 Igitur
1279 4484 1477 4541 etfosso
1528 4487 1670 4552 loco,
1739 4498 1849 4543 tres
1891 4489 2077 4544 solidae
2128 4504 2196 4545 ex

2294 3286 2501 3349 πόλεως
2532 3286 2694 3357 μέχρι
2723 3286 3029 3341 δωδεκάτου
3063 3286 3315 3357 σημείου.
3358 3285 3535 3340 Ἐπτά
3572 3286 3630 3339 δὲ
3660 3285 3886 3357 ἡμέρας

2295 3377 2467 3448 ἄρξας
2508 3380 2838 3449 ἀναιρεῖται,
2873 3378 3103 3449 ἡγεμὼν
3145 3379 3203 3431 δὲ
3242 3378 3352 3431 τῶν
3384 3379 3597 3432 Γότθων
3644 3378 3886 3443 Οὺαλίας

2294 3467 2641 3522 καθίσταται.

2365 3648 2490 3699 Ὀτι
2520 3648 2548 3700 ὁ
2582 3647 2853 3718 ἱστορικός
2895 3664 3028 3719 φησι
3061 3646 3215 3719 παρὰ
3244 3645 3569 3715 Οὐαλερίου,
3592 3644 3742 3707 τινὸς
3775 3642 3890 3696 τῶν

2294 3740 2581 3812 ἐπισήμων
2618 3739 2851 3794 ἀκοῦσαι
2899 3741 3029 3812 περὶ
3073 3740 3409 3811 ἀνδριάντων
3443 3737 3705 3809 ἀργυρῶν
3734 3754 3892 3790 τετε-

2293 3832 2573 3905 λεσμένων
2588 3834 2630 3865 ”
2654 3834 2735 3898 είς
2764 3834 3056 3906 βαρϐάρων
3082 3832 3452 3887 ἀποκώλυσιν.
3502 3832 3590 3885 Ἐν
3623 3830 3734 3902 γὰρ
3766 3834 3894 3895 ταῖς

2294 3926 2553 3997 ἡμέραις,
2598 3928 2752 3997 φησὶ,
2802 3926 3189 3979 Κωνσταντίου
3233 3924 3328 3979 τοῦ
3387 3922 3656 3995 βασιλέως
3709 3924 3768 3974 ὲν
3816 3924 3889 3992 τῇ

2296 4021 2485 4094 Θράκῃ
2517 4020 2817 4091 Οὐαλερίου
2856 4021 3116 4091 ἄρχοντος
3173 4021 3405 4092 μήνυσις
3433 4018 3657 4088 γέγονεν
3687 4017 3761 4081 ώς
3788 4018 3889 4088 θη-

2299 4114 2500 4184 σαυρὸς
2525 4114 2583 4165 εὑ
2594 4113 2802 4183 ρεθείη.
2831 4112 3127 4184 Οὐαλέριος
3151 4113 3208 4166 δὲ
3230 4116 3387 4184 παρά
3412 4111 3503 4165 τὸν
3527 4111 3691 4164 τόπον
3715 4128 3893 4181 παρα·

2298 4210 2591 4279 γενόμενος
2642 4207 2905 4278 μανθάνει
2953 4206 3168 4277 παράθί
3214 4204 3323 4259 τῶν
3376 4204 3687 4280 ἐπιχωρίων
3744 4202 3893 4271 ἱερὸν

2297 4298 2437 4355 εἶναι
2462 4301 2555 4355 τὸν
2580 4300 2744 4354 τόπον
2768 4302 2835 4367 ⁸³,
2871 4301 2966 4354 καὶ
2995 4300 3056 4365 ὲξ
3092 4297 3326 4372 ἀρχαίας
3356 4295 3583 4365 τελετῆς
3629 4294 3886 4367 ἀνδριάν-

2298 4412 2393 4459 τας
2426 4395 2483 4446 ὲν
2530 4393 2678 4465 αὐτῷ
2723 4393 3087 4466 ἀφιερῶσθαι.
3126 4389 3257 4447 Εἶτα
3297 4390 3562 4462 ἀναφέρει
3606 4389 3781 4442 ταῦτα
3809 4388 3891 4461 τῷ

2303 4484 2533 4554 βασιλεῖ,
2566 4486 2659 4538 καὶ
2682 4484 2895 4555 δέχεται
2925 4484 3163 4554 γράμμα
3185 4482 3484 4554 ὲπιτρέπον
3506 4479 3656 4552 αὑτῷ
3686 4480 3893 4534 ἀναλαι

614 4582 840 4642 argento
873 4574 1150 4631 fabricata:
1173 4590 1399 4647 repertae
1427 4590 1555 4635 sunt
1579 4592 1790 4646 statuae,
1809 4582 1987 4651 specie
2002 4583 2186 4639 barba-

2306 4577 2422 4629 ϐεῖν
2450 4576 2521 4630 τά
2548 4577 2880 4649 μηνυθέντα.
2929 4577 3346 4647 ’Λνορυχθέντος
3374 4574 3552 4627 τοίνυν
3593 4573 3686 4627 τοῦ
3720 4573 3888 4626 τόπου

612 4665 721 4719 rica
756 4666 895 4731 sitae,
926 4677 979 4722 et
1000 4678 1229 4739 utroque
1256 4672 1478 4727 brachio
1521 4684 1734 4740 ansato,
1761 4683 1907 4730 veste
1934 4685 2186 4745 praeterea

2300 4669 2652 4739 εὑρίσκονται
2696 4672 2849 4740 τρεῖς
2888 4669 3205 4739 ἀνδριάντες
3253 4668 3321 4720 δι’
3369 4666 3493 4719 ὅλου
3544 4665 3605 4730 te
3644 4664 3893 4735 ἀργύρου

611 4753 888 4823 variegata
946 4756 1235 4813 barbarico
1275 4760 1381 4814 ritu
1424 4762 1647 4830 indutae,
1683 4772 1739 4819 et
1765 4779 1977 4819 comam
2014 4766 2186 4835 capite

2302 4762 2687 4834 πεποιημένοι,
2733 4762 2792 4815 ὲν
2825 4762 2870 4793 ⁸⁸
2904 4763 3144 4834 σχήματι
3192 4758 3581 4832 βαρϐαρικῷ⁸⁵
3630 4757 3893 4810 κατακιεί⁶

611 4851 884 4911 gestantes
927 4854 1089 4917 atque
1121 4849 1172 4904 in
1208 4852 1660 4920 septentrionem,
1690 4870 1809 4925 qua:
1838 4856 2186 4912 barbarorum

2305 4873 2455 4925 μενοι
2486 4855 2582 4908 καὶ
2610 4853 3078 4925 ὲξηγκωνισμένοι
3104 4854 3225 4908 κατ’
3274 4853 3481 4923 ἀμφοῖν
3516 4851 3637 4904 ταῖν
3683 4850 3889 4919 χεροῖν,

613 4935 761 5005 regio
781 4948 883 5004 est,
919 4940 1179 4996 obversata.
1210 4943 1339 5010 Quae
1365 4945 1526 5001 simul
1557 4958 1718 5016 atque
1743 4958 1936 5004 statua:
1962 4951 2186 5005 sublatas

2305 4951 2431 5025 [l89
2464 4947 2570 5021 IL]
2620 4948 2960 5019 ἐνδεδυμένοι
3012 4947 3070 5001 δὲ
3122 4944 3398 5018 βάρϐαρον
3460 4941 3896 5012 πεποικιλμένην

1933 5082 2166 5142 νΑΒΙᾹΞ
2200 5087 2497 5145 LECTION
2507 5084 2610 5140 ES.

718 5203 765 5234 ἠ
796 5199 999 5282 γάρωιξ
1044 5219 1057 5255 :
1112 5202 1170 5255 δὲ
1225 5220 1309 5282 ς..
1388 5204 1437 5282 '_"
1465 5203 1729 5282 τετάχθαι
1760 5224 1822 5282 ς..
1863 5278 1878 5282 _
1938 5209 1983 5239 ⁷⁸
2043 5210 2282 5282 ἐπέθηκε
2334 5230 2396 5277 ς.
2472 5211 2519 5243 ⁷⁸
2548 5207 2773 5280 καὶτῆς
2823 5209 2944 5282 Πλη
2981 5225 3042 5282 ς.

611 5272 730 5354 Em;
762 5271 1086 5354 —‘A66§tov
1108 5341 1126 5354 η
1146 5290 1229 5354 ς..
1256 5344 1267 5354 _
1288 5273 1309 5305 "
1343 5276 1409 5354 υὁ
1457 5291 1568 5329 om.
1729 5278 1816 5354 __"‘_
1843 5271 2218 5354 Δδιεχειρίρατό
2274 5271 2362 5348 ς.’
2442 5283 2488 5315 ⁷⁹
2511 5271 3129 5354 λοιποῖξαίχμαλώτοις
3168 5296 3237 5354 ς.

613 5345 657 5375 ⁸⁸
703 5341 1127 5417 τετελεσμένων]
1184 5344 1290 5417 vid.
1343 5344 1561 5403 Kuster.
1597 5352 1662 5402 ad
1725 5348 1880 5404 Suid.
1937 5341 1987 5405 θ’.
2030 5341 2279 5417 Μάλεος.

614 5430 723 5469 οιιι.
752 5417 818 5469 Α.
872 5415 919 5447 ⁸⁵
942 5413 1277 5485 βαρϐαρικοῦ
1318 5433 1380 5481 ς.

3145 5208 3213 5240 71⁸
3240 5208 3286 5261 εἰ

3292 5226 3317 5272 ς
3368 5222 3478 5261 om.
3537 5206 3603 5261 Α.
3679 5207 3725 5238 ⁷⁸
3752 5204 3895 5259 Δόϐ-

3354 5278 3399 5309 ⁸⁰
3458 5272 3551 5401 ἢν]
3602 5276 3660 5330 δὲ
3704 5273 3803 5380 ἦξε
3827 5294 3893 5341 ς.

3354 5366 3427 5401 τον
3457 5366 3482 5401 ε
3511 5365 3599 5401 ναι
3620 5365 3682 5401 ς’.
3836 5350 3893 5399 ὲν

2392 5354 2438 5387 ⁸¹
2470 5353 2623 5424 παρά
2649 5352 2696 5407 Α
2729 5370 2743 5406 :
2776 5348 2904 5423 περὶ
2928 5368 2991 5417 ς.
3072 5349 3121 5383 ⁸⁸
3144 5350 3237 5403 τὸν
3264 5349 3427 5402 τόπον
3457 5348 3599 5403 εῖναι
3620 5365 3682 5413 ς.
3732 5348 3803 5380 ⁷⁸⁸
3836 5350 3897 5399 ὲν

2104 5512 2338 5571 NOTAE.

688 5667 802 5740 (42)
835 5667 1072 5742 Subaudi
1109 5669 1370 5742 frumenti,
1393 5668 1615 5742 publici,
1676 5670 1819 5739 quod
1857 5669 2058 5724 viritim
2094 5687 2201 5742 pu-

618 5738 760 5814 blice
796 5746 996 5814 populo
1022 5741 1181 5795 ltotu.
1214 5740 1674 5807 distribuebatur,
1698 5738 1765 5795 de
1795 5755 1903 5810 quo
1935 5738 2109 5797 multa
2145 5744 2196 5798 in
2382 5744 2493 5814 (44)
2530 5738 2735 5813 εἰκοηί
2753 5753 2808 5796 et
2838 5744 2928 5798 alii
2965 5741 3141 5797 Vallia
3169 5745 3475 5799 ediderunt.

618 5808 1132 5886 itnpp.‘r_escriptls.
1270 5880 1282 5886 _
1373 5881 1399 5886 _
1479 5883 1504 5886 _
1813 5808 1827 5810 “
2039 5884 2050 5886 ᾉ
2133 5885 2160 5886 η
2381 5808 2493 5886 (45)
2523 5808 2922 5886 Commendare
2967 5826 3200 5870 conatur
3249 5816 3410 5872 homo
3443 5814 3695 5870 ethnicus
3737 5828 3893 5869 suam

689 5880 805 5951 (43)
832 5881 1018 5937 Graece
1053 5891 1135 5937 est
1189 5880 1297 5953 πρὸ
1340 5881 1439 5954 τῆς
1474 5880 1898 5955 Βαρκέλλωνος,
1941 5894 2000 5942 ut
2038 5884 2199 5943 hodie
2309 5880 2777 5958 superstitionem.
2946 5916 2949 5917 ν

2310 5673 2509 5731 dicitur
2538 5690 2552 5727 :
2586 5672 2884 5743 antiquitus
2912 5688 3044 5743 vero
3067 5672 3319 5737 Barcino,
3356 5672 3530 5727 Plinio
3552 5680 3609 5726 et
3643 5670 3894 5729 Paulino.
