4092 6420
234 413 322 479 269
1292 405 1823 467 BIBLIOTHEGA.
1863 430 1933 441 --
1972 404 2139 467 COD.
2181 398 2412 463 LXXX.
3366 396 3475 461 27⁸)

234 532 438 601 ἐσθῆτα,
468 527 564 581 καὶ
588 523 871 597 κομῶντες
897 525 999 590 τὰς
1031 523 1304 595 κεφαλὰς,
1331 523 1579 587 νεύοντες
1609 524 1700 575 ἐπὶ
1732 523 1793 573 τὸ

1908 530 2025 574 sunt
2076 532 2280 589 paucos
2316 525 2438 587 post
2471 515 2608 581 dies,
2669 512 2994 569 Gottborum
3057 510 3293 581 primum
3351 526 3487 581 gens

233 624 448 699 ἁρκτῷον
481 621 667 692 μέρος,
713 618 966 674 τουτέστι
1004 619 1149 673 κατὰ
1176 618 1270 671 τοῦ
1318 613 1790 689 βαρϐαρικοῦιχὼ-

1908 612 2207 666 universam
2236 610 2470 662 incurrit
2491 606 2809 670 Thraciam;
2838 602 3145 673 futuraeque
3188 613 3309 672 post
3339 602 3485 675 60b

236 696 333 790 ρον.
386 708 481 769 Ὧν
519 713 855 782 ἀνδριάντων
904 711 1325 781 ἀναληφθέντων
1380 711 1639 781 πάραυτα
1699 709 1793 762 καὶ

1908 705 2069 777 paulo
2109 712 2268 758 erant
2294 700 2615 756 Hunnorum
2646 713 2709 753 ac
2738 698 3111 753 Sarmatarum
3151 696 3490 750 incursiones

236 807 335 877 μετ’
371 804 553 871 ὀλίγας
577 803 789 873 ἡμέρας
810 801 1026 872 πρῶτον
1056 800 1155 872 μὲν
1178 801 1239 852 τὸ
1259 800 1306 832 ⁸⁸
1334 800 1546 854 Γότθων
1572 800 1723 862 ἔθνος
1746 798 1792 831 ⁸⁷

1908 801 1952 855 in
2011 798 2310 870 Illyricum,
2359 802 2414 849 et
2466 795 2637 864 ipsam
2664 791 2958 847 Thraciam
3002 806 3024 847 :
3064 790 3141 846 uti
3194 790 3485 845 Thraciam

233 901 390 951 πᾶσαν
415 897 689 967 ἐπιτρέχει
712 894 812 965 τὴν
836 894 1079 965 Θρᾴκην,
1108 891 1303 962 ἔμελλε
1322 892 1382 946 δὲ
1416 892 1612 963 μικρὸν
1636 880 1793 945 ὓστε-

1913 893 2056 949 inter
2085 902 2142 947 et
2171 891 2447 963 Illyricum
2478 889 2583 945 sita
2615 897 2743 942 sunt
2776 887 2891 941 haec
2913 883 3343 941 consecrationis
3369 883 3486 937 loca

236 1008 313 1062 ρον
337 990 421 1041 καὶ
447 990 506 1041 τὸ
528 990 637 1043 τῶν
670 986 887 1040 Οὖννων
915 986 1011 1038 καὶ
1036 984 1094 1039 τὸ
1129 982 1238 1037 τῶν
1271 985 1580 1055 Σαρματῶν
1617 1002 1789 1038 κατα-

1908 996 1956 1042 et
2012 987 2173 1041 trium
2241 993 2549 1041 statuarum
2617 996 2900 1047 numerus,
2972 981 3235 1035 adversus
3296 993 3489 1035 omnes

234 1081 528 1151 δραμεῖσθαι
558 1080 619 1133 τό
647 1097 707 1133 τε
747 1078 1040 1150 Ἰλλυρικὸν
1076 1072 1173 1131 καὶ
1206 1075 1379 1147 αὐτὴν
1409 1076 1508 1149 τὴν
1537 1076 1781 1149 Θρᾴκην·

1908 1088 2080 1149 gentes
2114 1077 2376 1133 barbaras
2428 1080 2780 1143 inauguratus
2824 1075 3129 1131 videbatur.

235 1181 282 1233 ἐν
312 1178 451 1245 μέσῳ
494 1177 604 1247 γὰρ
632 1175 806 1245 αὐτῆς
851 1192 911 1228 τε
964 1174 1186 1246 Θρᾴκης
1211 1175 1306 1229 καὶ
1343 1173 1438 1228 τοῦ
1493 1172 1792 1245 Ἰλλυρικοῦ
1831 1175 2121 1228 κατέκειτο
2148 1174 2217 1228 τὰ
2254 1173 2354 1243 τῆς
2380 1171 2634 1243 τελετῆς,
2660 1171 2755 1224 καὶ
2779 1168 2946 1242 ἐῴκει
2997 1168 3108 1222 τῶν
3168 1167 3339 1241 τριῶν
3395 1169 3489 1223 ἁν-

233 1270 469 1342 δριάντων
504 1272 534 1322 ὁ
578 1268 815 1340 ἀριθμὸς
869 1268 1014 1322 κατὰ
1054 1268 1256 1333 παντὸς
1302 1267 1495 1333 ἔθνους
1512 1269 1558 1301 ⁸⁸
1592 1267 1909 1324 τετελέσθαι
1934 1269 1978 1301 ⁸⁸
2011 1268 2315 1341 βαρϐάρου.

293 1364 408 1437 [HO
447 1363 556 1437 IL]
592 1365 714 1418 Ὀτι
759 1366 787 1418 ό
824 1364 1096 1436 ἱστορικὸς
1146 1368 1276 1437 περ)⁸
1302 1364 1398 1419 τοῦ
1438 1365 1643 1418 οίκείου
1676 1366 1796 1419 δια-

236 1452 499 1527 λαμϐάνων
553 1456 782 1509 διάπλου
833 1455 1005 1510 πολλὰ
1054 1454 1251 1509 παθεῖν
1314 1454 1413 1509 καὶ
1463 1455 1798 1526 δυστυχῆσαι

238 1567 372 1622 φησι.
400 1550 564 1617 Λέγει
590 1549 649 1602 δὲ
678 1549 775 1602 καὶ
804 1551 886 1613 είς
911 1549 1011 1612 τὰς
1052 1548 1287 1619 Ἀθήνας
1313 1550 1576 1620 κατᾶραι,
1607 1552 1703 1603 καὶ
1731 1551 1796 1621 τῇ

237 1641 382 1695 αὑτοῦ
413 1642 621 1711 σπουδῇ
667 1643 764 1695 καὶ
794 1639 1089 1712 ἐπιμελείᾳ
1127 1643 1208 1705 είς
1242 1642 1289 1673 ⁹⁰
1341 1642 1431 1695 τὸν
1487 1641 1800 1710 σοφιστικὸν

239 1735 403 1803 θρόνον
426 1734 729 1806 ἀναχθῆναι
763 1734 1017 1788 Λεόντιον
1055 1735 1209 1789 οὔπω
1239 1736 1513 1790 ἐθέλοντα.
1543 1737 1705 1805 Λέγει
1743 1735 1800 1789 δὲ

236 1828 319 1880 καὶ
354 1826 593 1899 περίτοῦ
628 1828 890 1899 τρίϐωνος
910 1868 926 1891 ,
960 1828 1036 1893 ὡς
1064 1830 1166 1884 οὐκ
1187 1830 1315 1899 ἐξῆν
1345 1829 1486 1884 κατὰ
1509 1830 1608 1894 τὰς
1642 1830 1800 1899 Ἀθή-

238 1935 319 1981 νας
358 1919 753 1989 περιϐαλέσθαι
783 1919 947 1973 αὐτόν
982 1936 1125 1985 τινα,
1160 1922 1254 1974 καὶ
1285 1920 1523 1991 μάλιστα
1555 1920 1722 1985 ξένον,
1755 1905 1800 1988 ᾧ

238 2010 357 2081 ph“
385 2011 491 2064 τῶν
524 2010 796 2080 σοφιστῶν
837 2014 870 2084 ὴ
918 2010 1114 2083 γνώμη
1140 2013 1412 2084 ἐπέτρεπε
1447 2014 1540 2065 καὶ
1568 2014 1626 2066 al
1658 2013 1801 2066 κατὰ

236 2103 345 2164 τοὺς
364 2104 710 2172 σοφιστικοὺς
726 2103 925 2173 νόμους
948 2104 1163 2158 τελεταὶ
1180 2104 1465 2158 ἐϐεϐαίουν
1482 2106 1542 2157 τὸ
1558 2100 1797 2175 ἀξίωμα.

234 2186 327 2246 Ἦν
355 2193 408 2247 δὲ
444 2196 491 2226 ⁹¹
524 2196 594 2247 τὰ
626 2194 932 2264 τελούμενα
962 2195 1216 2249 τοιαῦτα·
1260 2195 1488 2267 Πρῶτον
1524 2195 1622 2267 μὲν
1668 2213 1800 2249 κατι

236 2286 409 2355 ήγοντο
426 2288 519 2340 ἐπὶ
536 2287 597 2340 τὸ
614 2287 878 2357 δημόσιον
899 2287 1184 2358 βαλανεῖον
1204 2290 1318 2343 ὅσοι
1343 2290 1618 2360 νεήλυδες,
1649 2289 1715 2344 ἄν
1740 2304 1800 2342 τε

238 2378 402 2445 μικροὶ
430 2378 495 2431 ἄν
528 2394 588 2430 τε
627 2378 876 2447 μεγάλοι.
939 2379 1029 2444 Ἐξ
1060 2372 1135 2432 ὧν
1171 2379 1268 2432 καὶ
1298 2382 1346 2433 οἱ
1393 2380 1529 2447 πρὸς
1564 2380 1654 2433 τὸν
1682 2378 1801 2451 τρία

236 2470 363 2522 ϐωνα
393 2470 725 2541 ἐπιτήδειοι,
759 2470 976 2541 ἡλικίας
1014 2472 1115 2543 ἤδη
1149 2471 1343 2547 καιροῦ
1387 2464 1674 2540 γεγονότες
1708 2470 1803 2537 οὒς

234 2563 302 2625 εἰς
330 2563 490 2633 μέσον
538 2563 762 2616 ἔϐαλλον
790 2565 841 2616 οἱ
878 2564 1215 2634 κατάγοντες
1264 2564 1632 2634 σχολαστικοί.
1668 2560 1803 2618 Εἶτα

233 2652 326 2705 τῶν
358 2655 453 2725 μὲν
486 2654 801 2727 ἔμπροσθεν
844 2657 1146 2727 τρεχόντων
1184 2658 1279 2710 καὶ
1316 2656 1661 2720 κωλυόντων,
1693 2655 1802 2709 τῶν

232 2745 281 2799 δὲ
331 2747 615 2803 ὠθούντων
659 2750 756 2803 καὶ
799 2752 1128 2821 ἐπεχόντων,
1170 2752 1391 2805 πάντων
1443 2750 1500 2804 δὲ
1535 2750 1646 2804 τῶν
1696 2769 1804 2804 κω-

234 2836 444 2894 λυόντων
502 2842 683 2898 ταῦτα
738 2844 988 2914 βοώντων
1028 2865 1048 2899 ι
1082 2848 1223 2912 Στᾶ,
1258 2850 1399 2914 στᾶ,
1449 2848 1509 2901 ού
1542 2847 1723 2915 λούει,
1778 2865 1796 2899 ι

234 2938 589 3003 κατακρατεῖν
635 2936 798 3007 δῆθεν
874 2937 971 2993 τοῦ
1022 2940 1234 3009 ἀγῶνος
1287 2941 1507 2995 ἐδόκουν
1561 2941 1612 2993 οί
1675 2941 1803 2994 ἀντ-

232 3020 480 3089 ωθοῦντες
530 3027 613 3089 εἰς
642 3027 810 3099 τιμὴν
844 3027 938 3082 τοῦ
970 3030 1350 3099 καταγομένου
1407 3028 1797 3101 σχολαστικοῦ,

1974 1364 2052 1420 De
2085 1381 2183 1420 sua
2213 1346 2453 1435 scriptor
2487 1362 2578 1419 hic
2609 1361 2960 1434 navigatione
3002 1360 3172 1417 refert
3222 1359 3391 1415 multa
3430 1373 3492 1415 se

1904 1459 2132 1513 adversa
2158 1457 2474 1528 pertulisse.
2515 1455 2761 1511 Athenas
2809 1471 3027 1528 quoque
3065 1455 3341 1526 appulisse
3370 1462 3489 1508 tra-

1903 1551 2005 1616 dit,
2036 1566 2245 1621 suoque
2273 1550 2453 1605 studio
2491 1559 2547 1604 et
2576 1563 2706 1605 cura
2732 1550 2797 1603 ad
2826 1548 3179 1615 SOphisticam
3207 1548 3370 1602 etiam
3403 1560 3490 1601 se-

1904 1644 2028 1699 dent
2061 1654 2310 1699 evectum
2336 1641 2651 1709 Leontium,
2681 1641 2898 1696 tametsi
2935 1640 2986 1694 id
3021 1640 3111 1695 ille
3143 1654 3488 1709 nequaquam

1904 1737 2090 1793 vellet.
2151 1736 2258 1792 Sed
2292 1746 2349 1791 et
2399 1735 2467 1791 de
2509 1737 2672 1805 pallio
2709 1734 3006 1805 sophistico
3056 1720 3168 1804 (46)
3214 1733 3491 1787 memoria

1908 1831 2174 1903 prodidit,
2217 1830 2417 1885 nemini
2465 1828 2790 1899 (praesertim
2833 1842 2962 1882 vero
3008 1838 3198 1881 extero
3236 1824 3491 1893 homini),

1904 1926 2136 1980 Athenis
2178 1924 2229 1977 id
2260 1933 2478 1991 gestare
2523 1922 2777 1984 licuisse;
2825 1921 2926 1975 nisi
2963 1921 3334 1988 scphistarum
3376 1916 3493 1974 sul-

1906 2018 2081 2088 l'ragio
2123 2014 2241 2084 ejus
2282 2014 2526 2093 gestatio
2558 2012 2633 2067 illi
2677 2026 2964 2075 concessa,
3013 2011 3358 2079 dignitasque
3388 2010 3491 2064 ista

1906 2113 2278 2181 sophistarum
2322 2110 2500 2180 legum
2538 2108 2738 2162 ritibus
2760 2116 2910 2161 esset
2939 2106 3296 2161 conlirmata.
3333 2104 3493 2157 Ritus

1906 2217 2111 2267 autem,
2141 2204 2233 2275 qui
2273 2205 2702 2274 peragebantur,
2760 2201 2893 2256 tales
2923 2209 3102 2256 erant.
3149 2198 3390 2252 Primum
3424 2200 3495 2251 ad

1906 2298 2180 2368 publicum
2222 2296 2472 2351 balneum
2506 2294 2918 2349 deducebantur
2962 2292 3054 2363 qui
3086 2291 3275 2346 novitii
3326 2292 3495 2346 adve—

1906 2389 2137 2449 nissent,
2164 2388 2281 2442 sive
2306 2387 2486 2456 parvi,
2518 2385 2629 2439 sive
2647 2384 3002 2453 grandiores:
3040 2392 3208 2453 atque
3234 2383 3376 2436 inter
3394 2382 3494 2436 hos

1905 2482 2069 2538 etiam
2092 2482 2127 2535 ii
2166 2481 2260 2550 qui
2291 2494 2389 2549 per
2424 2488 2640 2533 aetatem
2668 2480 2735 2532 ad
2766 2476 2991 2545 pallium
3024 2477 3355 2531 sumendum
3380 2475 3490 2546 apti

1906 2585 2083 2641 erant,
2127 2588 2263 2643 quos
2296 2573 2349 2625 in
2380 2572 2617 2624 medium
2650 2568 3048 2640 protrudebant
3076 2568 3426 2634 scholastici,
3460 2584 3490 2621 a

1908 2669 2103 2738 quibus
2149 2665 2579 2725 deducebantur,
2619 2662 2815 2717 deinde
2856 2662 2981 2716 aliis
3029 2661 3495 2731 praecurrentibus

1907 2771 2069 2829 atque
2104 2757 2551 2828 prohibentibus;
2584 2755 2707 2809 aliis
2737 2754 3280 2825 pretrndentibus,et
3303 2763 3494 2810 contra

1914 2850 2302 2906 tendentibus:
2334 2856 2603 2919 quotquot
2651 2858 2833 2902 autem
2881 2846 3245 2917 prohibebant
3292 2846 3497 2902 vocife-

1920 2943 2213 2999 rantibus:
2255 2961 2273 2995 ι
2313 2942 2430 3008 Sta,
2458 2952 2564 3005 sta,
2624 2956 2727 2995 non
2767 2939 2910 3003 lava,
2956 2959 2974 2991 ι
3012 2939 3368 2994 nihilominus
3411 2950 3495 2992 ta-

1909 3053 2029 3094 men
2056 3039 2111 3094 in
2143 3038 2441 3093 certamine
2466 3036 2501 3090 ii
2535 3033 2860 3089 videbantur
2880 3032 3158 3097 obtinere,
3184 3031 3278 3101 qui
3305 3031 3356 3085 in
3394 3032 3493 3084 lio-

233 3113 364 3181 ὅστις
434 3119 580 3188 μετὰ
650 3119 851 3193 πολλὴν
898 3120 1071 3193 ὤραν,
1141 3123 1388 3187 στάσεως
1443 3120 1648 3192 πολλῆς
1708 3122 1800 3175 ἐπὶ

1911 3148 2097 3187 norem
2149 3129 2490 3192 scholastici,
2540 3141 2704 3197 quem
2755 3124 3121 3187 deducebant,
3163 3123 3495 3178 obsistentes

231 3208 333 3269 τοῖς
379 3210 739 3280 προαχθεῖσιν
803 3213 1016 3284 ἐθίμοις
1087 3216 1296 3287 ῥήμασι
1356 3215 1801 3286 προγενομένης,

232 3298 495 3369 εἰσάγεται
525 3306 608 3367 είς
636 3305 728 3357 τὸν
753 3304 957 3377 θερμὸν
993 3303 1141 3361 οἷκον
1175 3309 1268 3362 καὶ
1299 3307 1658 3362 ἁπολούεταιο
1682 3303 1803 3361 εἶτα

233 3392 581 3465 ἐνδυσάμενος
614 3397 826 3469 ἐδέχετο
872 3401 972 3471 τὴν
1015 3401 1111 3455 τοῦ
1158 3401 1426 3472 τρίϐωνος
1468 3401 1717 3467 ἐξουσίαν
1734 3401 1801 3468 ’³,

233 3486 315 3537 καὶ
339 3487 564 3541 αὐτόθεν
582 3490 722 3559 μετὰ
750 3489 845 3544 τοῦ
884 3492 1144 3559 τρίϐωνος
1169 3495 1234 3547 ἐκ
1264 3494 1357 3547 τοῦ
1401 3492 1685 3564 βαλανείου
1715 3495 1806 3547 ἐν·

233 3575 361 3649 τίμῳ
388 3581 485 3634 καὶ
521 3583 793 3654 περιδόξῳ
831 3584 1305 3657 δορυφορούμενος
1349 3589 1540 3658 πομπῇ
1597 3586 1803 3658 ἀπῄειν

232 3667 455 3736 δαπάνας
494 3676 758 3743 ἐπιγνοὺς
788 3680 1027 3750 φανερὰς
1077 3682 1158 3742 είς
1189 3681 1315 3742 τοὺς
1358 3679 1468 3732 τῶν
1511 3680 1804 3751 διατριϐῶν

233 3766 526 3832 προστάτας
552 3770 680 3833 τοὺς
706 3769 1032 3842 λεγομένους
1074 3773 1425 3844 Ἀκρωμίτας

292 3941 410 3997 Ὀτι
439 3945 491 3997 οί
526 3944 826 4001 Ούάνδαλοι
850 3949 979 4014 τοὺς
995 3950 1228 4015 Γότθους
1261 3953 1558 4019 Τρούλους
1575 3953 1805 4007 καλοῦσι

231 4030 308 4087 διὰ
330 4034 387 4087 τὸ
415 4035 564 4107 λιμῷ
596 4038 954 4110 πιεζομένους
982 4044 1182 4107 αὐτοὺς
1206 4042 1439 4115 τροῦλαν
1471 4046 1622 4098 σίτου
1652 4047 1805 4117 παρὰ

232 4125 325 4179 τῶν
356 4129 682 4185 Ούανδάλων
722 4133 1016 4203 ἀγοράζειν
1065 4136 1183 4200 ἐνὸς
1241 4138 1497 4208 χρυσίνου
1522 4138 1603 4171 ⁸⁵·
1660 4141 1695 4212 ή
1746 4139 1805 4193 δὲ

232 4220 414 4289 τροῦλα
440 4225 565 4278 οὐδὲ
596 4226 781 4297 τρίτον
813 4226 1003 4292 ξέστου
1040 4232 1233 4301 χωρεῖ,

292 4313 406 4368 Ὀτι
459 4317 612 4371 κατὰ
654 4318 755 4383 τὰς
817 4319 1093 4384 Ἱσπανίας
1142 4323 1250 4376 τῶν
1280 4324 1600 4379 Ούανδάλων
1628 4342 1802 4380 κατα-

231 4401 549 4476 δραμόντων,
581 4412 680 4464 καὶ
699 4410 808 4464 τῶν
849 4412 1136 4483 Ῥωμαίων
1161 4416 1240 4479 είς
1266 4415 1365 4479 τὰς
1389 4417 1803 4488 τετειχισμένας

1914 3224 2287 3280 retrndebant.
2314 3220 2558 3275 Tandem
2587 3228 2708 3289 post
2741 3219 2955 3286 longam
2984 3232 3215 3282 moram,
3237 3216 3494 3271 multant-

1910 3331 2015 3386 que
2040 3315 2110 3370 ob
2150 3315 2295 3370 illata
2326 3330 2393 3369 ex
2429 3328 2580 3369 more
2624 3311 2768 3366 ultro
2800 3311 3047 3380 citroque
3077 3309 3239 3365 verba
3270 3320 3497 3366 centeno

1912 3410 2135 3471 tionem,
2181 3408 2225 3463 is
2256 3408 2346 3476 qui
2372 3406 2683 3469 deducitur,
2708 3405 2760 3459 in
2782 3405 3015 3460 calidam
3052 3404 3248 3459 cellam
3280 3405 3495 3460 induci-

1911 3511 2021 3567 tur,
2052 3502 2233 3571 ibique
2262 3500 2523 3554 abluitur.
2556 3499 2626 3551 At
2668 3508 2957 3568 postquam
3001 3512 3060 3552 se
3104 3497 3300 3560 induit,
3344 3496 3493 3567 pallii

1911 3596 2228 3663 dignitatem
2277 3593 2497 3662 accipit,
2529 3601 2700 3661 atque
2727 3591 2922 3645 exinde
2953 3606 3075 3644 cum
3119 3590 3284 3660 pallio
3316 3604 3348 3645 e
3385 3589 3500 3643 bal-

1912 3703 2035 3754 neo,
2063 3685 2269 3742 celebri
2325 3694 2379 3740 et
2411 3686 2711 3740 honoritica
2742 3684 2978 3754 stipatus
3010 3697 3227 3753 pompa,
3257 3682 3499 3751 digredi-

1912 3795 2022 3848 tur,
2079 3782 2317 3839 decretis
2359 3782 2649 3835 luculentis
2704 3780 3014 3850 sumptibus
3069 3778 3122 3832 in
3179 3777 3492 3833 scholarum

1914 3875 2213 3937 antistites,
2242 3874 2337 3944 qui
2370 3873 2626 3927 dicuntur
2646 3872 2940 3926 Acromita:
2974 3870 3110 3941 (47).

1984 3967 2208 4025 Vandali
2238 3966 2469 4021 Gotthos
2496 3965 2767 4035 appellant
2794 3961 3004 4027 Trulos,
3040 3972 3323 4031 propterea
3352 3960 3495 4031 quod

1910 4060 1965 4116 hi
1992 4060 2170 4115 enecti
2219 4059 2517 4129 aliquando
2570 4058 2737 4121 fame,
2784 4056 2950 4111 tritici
2987 4056 3183 4110 trulam
3213 4071 3243 4110 a
3275 4055 3491 4109 Vanda-

1910 4154 1977 4208 lis
2003 4168 2168 4207 aureo
2204 4168 2311 4206 uno
2346 4152 2697 4206 redimerent.
2731 4148 2899 4204 Trula
2934 4163 3067 4204 vero
3100 4149 3340 4204 nondum
3379 4158 3488 4203 ter-

1911 4247 2043 4301 tiam
2083 4246 2301 4300 sextarii
2344 4253 2551 4314 partem
2579 4243 2746 4312 capit.

1978 4336 2115 4391 Dum
2143 4336 2370 4392 Vandali
2388 4335 2681 4407 Hispanias
2701 4344 3023 4402 vastassent,
3049 4335 3139 4405 qui
3171 4334 3225 4389 in
3248 4342 3493 4388 muratas

1908 4444 1968 4482 se
2000 4429 2164 4483 urbes
2190 4428 2421 4482 Romani
2456 4437 2798 4498 receperant,
2822 4443 2887 4483 eo
2918 4427 3114 4481 inediae
3137 4428 3319 4481 adacti
3340 4434 3489 4488 sunt,

232 4497 396 4562 πόλεις
428 4503 886 4572 καταφυγόντων,
936 4506 1191 4570 τοσοῦτος
1245 4508 1423 4561 αὐτῶν
1470 4508 1627 4580 λιμὸς
1665 4527 1798 4565 κατ-

1909 4526 1967 4575 ut
2008 4521 2241 4575 invicem
2283 4537 2341 4576 se
2373 4521 2803 4576 laniandoedere
2826 4530 3175 4591 cogerentur.
3202 4518 3277 4574 lbi
3299 4518 3493 4575 mulier

231 4588 519 4661 εκράτησεν
568 4591 646 4656 ὡς
686 4595 767 4656 είς
809 4594 1218 4667 ἀλληλοφαγίαν
1257 4599 1641 4671 ἐκϐιασθῆναι.
1691 4603 1801 4655 Καὶ

230 4680 350 4751 γυνὴ
374 4683 621 4755 τέσσαρα
655 4685 821 4739 τέκνα
851 4687 1050 4758 ἔχουσα
1097 4691 1278 4745 πάντα
1325 4692 1624 4760 κατέφαγε,
1663 4695 1801 4764 πρό-

232 4784 376 4835 φασιν
424 4774 513 4843 ἐφ’
553 4777 789 4831 ἑκάστου
842 4781 1142 4852 ποιουμένη
1197 4783 1299 4851 τὴν
1345 4785 1455 4837 τῶν
1488 4786 1798 4841 ὑπολοίπων

230 4864 415 4936 τροφὴν
454 4867 553 4920 καὶ
606 4869 903 4940 σωτηρίαν,
929 4872 1034 4935 ἕως
1082 4874 1149 4928 ἂν
1185 4876 1363 4930 πάντα
1406 4879 1801 4948 καταφαγοῦσα

230 4949 378 5020 λίθοις
409 4958 515 5013 ὑπὸ
539 4960 633 5014 τοῦ
665 4961 838 5033 δήμου
872 4964 1135 5036 ἀνῃρέθη.

288 5045 405 5102 Ὀτι
429 5051 762 5117 Εὐπλούτιος
792 5056 821 5108 ὁ
853 5059 1247 5130 μαγιστριανὸς
1289 5059 1424 5132 πρὸς
1456 5061 1704 5129 υύάλιον,
1732 5064 1796 5129 ὃς

232 5135 325 5194 τῶν
380 5142 596 5198 Γότθων
657 5146 996 5218 ἐχρημάτιζε
1049 5150 1347 5223 φύλαρχος,
1400 5154 1795 5211 ἀποστέλλεται

1910 4629 2038 4679 una,
2081 4625 2319 4684 quatuor
2352 4614 2645 4669 liherormn
2698 4622 2894 4680 mater,
2938 4628 3130 4668 omnes
3165 4613 3488 4679 devoravit;

1907 4706 1973 4758 ad
2009 4705 2249 4776 singulos
2275 4716 2603 4775 praetexens,
2635 4706 2878 4776 reliquos
2903 4721 2963 4762 se
2994 4706 3158 4772 alere,
3189 4721 3257 4761 ac
3280 4705 3494 4761 salvare

1905 4797 2063 4860 velle,
2108 4800 2281 4851 donec
2316 4797 2571 4853 omnibus
2617 4796 2926 4868 absumptis
2954 4797 3232 4867 lapidibus
3257 4812 3290 4851 a
3332 4797 3490 4867 plebe

1904 4890 2099 4945 obruta
2129 4898 2233 4943 est.

1974 5072 2121 5144 δια
2147 5070 2433 5141 Euplutius
2460 5070 2847 5142 magistrianus
2889 5072 2955 5128 ad
2985 5071 3197 5128 Valium
3222 5072 3336 5143 (48)
3359 5072 3492 5130 Got-

1907 5159 2123 5214 thorum
2162 5158 2477 5230 praefectum
2526 5161 2787 5227 mittitur,
2826 5163 2918 5234 qui
2959 5163 3110 5233 pacis
3135 5164 3344 5220 foedera
3386 5165 3489 5220 ini-

1514 5323 1752 5381 VARIIE
1794 5324 2208 5384 LECTIONES-

268 5429 335 5512 ,⁸⁸
360 5428 442 5505 τὸ]
466 5431 529 5513 τὸ
552 5432 662 5487 τῶν
684 5451 744 5499 ς.
832 5434 887 5468 ⁸⁷’
908 5436 1122 5525 ἔθνοςᾼ
1157 5455 1171 5493 :
1207 5443 1373 5512 μέρος
1410 5461 1473 5509 ς.
1545 5444 1590 5476 ⁸⁸
1620 5445 1805 5511 ἔθνους
1827 5463 1936 5504 om.
1964 5449 2033 5504 A.
2088 5450 2132 5482 "
2164 5448 2434 5505 τελεῖσθαι
2471 5468 2531 5518 ς.
2623 5453 2669 5486 ⁹⁰
2691 5452 2792 5528 είς]
2829 5455 2925 5509 καὶ
2955 5457 3037 5520 είς
3075 5462 3151 5524 ς’.

232 5512 327 5549 των
353 5514 507 5549 mnnl
528 5523 589 5549 τι-
666 5507 713 5537 ⁸³
738 5500 808 5549 ἦν
836 5506 918 5549 δέ]
942 5509 1000 5549 ρι’
1047 5511 1411 5549 “vnn-Ampi.
1465 5514 1651 5549 mnum
1699 5520 1731 5549 ς)
1784 5536 1814 5549 ,ι
1855 5520 1961 5549 oon
2058 5522 2105 5549 η
2138 5520 2387 5549 x:-..-r....
2422 5525 2446 5549 Α
2479 5542 2491 5549 .
2518 5523 2672 5549 ιω--.
2696 5542 2729 5549 _
2830 5528 2877 5549 οι
2907 5545 2971 5549 _.-
2999 5529 3090 5549 ,_p_
3122 5548 3125 5549 ,

261 5500 327 5555 ὦν
353 5500 507 5573 potiit
528 5523 589 5569 ς.
666 5507 713 5537 ⁹¹
738 5500 808 5577 ἦν
836 5506 919 5579 δέ]
942 5509 1015 5564 cf.
1042 5500 1438 5582 Wyttenbach:
1461 5514 1672 5587 Eunap.
1699 5520 1754 5573 2.
2058 5522 2105 5555 ⁸³
2478 5500 2673 5590 ἷᾶξίαν
2830 5500 3224 5599 ῖῖῇετῖὖὲιέν’ς.

3232 5456 3277 5490 ⁹¹
3307 5457 3338 5529 ἡ
3368 5466 3490 5512 ante

1727 5657 1963 5718 NOTE.

292 5728 569 5818 (£6)
596 5736 920 5818 B:_Gregor.
957 5737 1220 5818 Nazianz;
1245 5755 1387 5802 orat.
1417 5746 1490 5802 ΞΟ
1510 5788 1525 5813 ,
1560 5764 1679 5818 quae
1705 5763 1789 5808 est

232 5796 606 5889 difflasilio
634 5796 866 5889 μεειιόι
883 5812 1152 5889 post_init.
1166 5796 1389 5889 auiis};
1421 5796 1785 5889 ibéﬁé‘iﬁil

235 5869 303 5924 tto
350 5869 693 5948 Probaeresii,
724 5869 798 5936 "et
837 5869 923 5937 36.
992 5881 1199 5957 Gomp.
1252 5869 1786 5949 Becanuiu‘libfiv

1903 5754 2180 5905 Οἳὲἒῖᾯὶ
2210 5828 2457 5905 μείέονες
2485 5828 2781 5905 Hesychio,
2813 5841 2866 5888 et
2894 5832 3052 5903 quasi
3082 5830 3414 5905 superiores.

1977 5892 2088 5968 (48)
2123 5892 2254 5970 Sup.
2300 5892 2509 5956 Valiam
2540 5892 2772 5958 vo'cavit.
