4092 6424
478 404 578 470 2‘71

1632 408 1895 468 PHOTII
1933 408 2435 471 PATRIARCIM‘I
2472 410 2583 467 Cl'.

3634 399 3741 461 272

479 532 579 587 ret,
640 518 1046 589 Placidiamque
1108 521 1399 593 reciperet.
1464 522 1555 577 Ille
1595 540 1725 579 vero
1772 525 2059 581 commode

2167 528 2249 593 ἐφ’
2279 518 2322 595 ᾧ
2354 525 2586 588 σπονδάς
2614 540 2672 577 τε
2709 521 2895 575 Θέσθαι
2961 517 3242 588 εἰρηνικὰς
3293 514 3388 568 καὶ
3444 515 3741 568 ἀπολαϐεῖν

481 614 705 684 recepit,
745 614 1022 681 missaque
1046 612 1479 671 frumentatione
1509 626 1893 669 sexcentarum
1938 616 2057 670 mil-

480 706 630 773 lium,
660 703 902 760 Placidia
942 704 1197 776 Euplutio
1237 708 1458 775 tradita,
1503 708 1571 763 ad
1615 706 1914 763 Honorium
1955 708 2059 763 fra-

408 806 418 813 °
477 809 615 854 trem
643 798 958 854 remittitur.

547 979 681 1034 Cum
731 978 961 1033 Athenis
1016 978 1223 1050 inquiri
1278 986 1518 1046 emptum
1581 988 1765 1042 esset,
1818 994 2056 1049 quonam

479 1073 638 1125 modo
669 1070 1029 1142 conglutinari
1065 1079 1286 1140 possent
1313 1070 1464 1133 libri,
1502 1070 1713 1125 discere
1762 1070 2056 1140 quareuti-

478 1163 579 1218 bus
634 1164 850 1218 modum
894 1163 1140 1233 glutinis,
1192 1162 1506 1229 Philtatius,
1558 1164 1848 1231 scriptoris
1897 1163 2058 1233 hujus

478 1258 677 1323 socius,
722 1257 776 1312 in
814 1274 873 1313 re
906 1258 1171 1312 litteraria
1215 1258 1354 1313 bene
1405 1257 1742 1321 industrius,
1796 1259 2054 1323 ostendit,

478 1363 647 1419 quare
692 1359 747 1406 et
788 1350 1015 1405 honoris
1061 1350 1237 1419 gratia
1289 1359 1523 1407 statuam
1566 1350 1647 1405 illi
1692 1350 1844 1406 cives
1884 1348 2056 1405 collo-

477 1450 624 1496 cant.

550 1535 626 1590 De
677 1534 801 1590 Oasi
859 1545 1052 1590 auctor
1100 1534 1268 1590 multa
1324 1543 1513 1589 narrat
1562 1532 1927 1589 incredibilia.
1979 1533 2058 1587 De

479 1629 593 1697 ejus
643 1628 877 1697 primum
925 1627 1191 1697 temperie
1228 1645 1242 1681 :
1278 1637 1337 1682 et
1364 1628 1511 1697 quod
1560 1640 1719 1682 sacro
1749 1626 1820 1679 ibi
1868 1626 2058 1681 morbo

479 1737 584 1773 non
626 1722 784 1774 modo
822 1720 949 1773 nulli
986 1720 1255 1783 laborent,
1298 1720 1391 1773 sed
1432 1721 1596 1773 etiam
1639 1719 1684 1772 si
1716 1719 1807 1788 qui
1838 1719 2059 1773 aliunde

477 1812 787 1876 adveniant,
829 1826 894 1865 eo
930 1810 1253 1874 liberentur,
1294 1810 1364 1865 ob
1408 1811 1697 1876 benignam
1745 1810 1889 1863 aeris
1922 1820 2058 1861 tem—

2164 620 2262 692 τὴν
2299 621 2589 674 Πλακιδίαν
2624 635 2637 651 ·
2674 620 2702 670 6
2724 615 3033 685 δὲ-ὲτοίμως
3094 612 3327 681 δέχεται.
3362 610 3469 663 Kal
3498 611 3741 663 ἀποστα-

2163 712 2345 775 λέντος
2365 711 2515 782 αὑτῷ
2543 711 2689 763 σίτου
2710 711 2765 761 ὲν
2798 708 3054 779 μυριάσιν
3087 701 3351 773 ἑξήκοντα
3380 700 3675 754 ἀπολύεται
3694 701 3742 732 ’⁸

2165 804 2428 859 Πλακιδία
2490 800 2858 873 παραδοθεῖσα
2912 794 3230 863 Εὑπλουτίῳ
3282 793 3421 864 πρὸς
3483 791 3743 862 Ὀνώριον

2165 900 2254 952 τὸν
2277 901 2479 953 οἰκεῖον
2506 896 2675 965 αὐτῆς
2701 893 2948 961 ἀδελφόν.

2235 993 2357 1045 Ὅτι
2414 990 2726 1060 ζητήματος
2773 988 2829 1038 ὲν
2868 988 2988 1047 ταῖς
3051 982 3305 1052 Ἀθήναις
3365 975 3745 1045 ἀνακύψαντος

2166 1084 2295 1152 περὶ
2338 1083 2447 1135 τῶν
2492 1078 2905 1149 κεκολλημένων
2927 1078 2971 1108 ’⁸
3002 1076 3221 1146 βιϐλίων
3247 1072 3439 1145 μαθεῖν
3492 1068 3619 1141 [191
3648 1066 3745 1137 R.]

2162 1176 2273 1237 τοῖς
2302 1170 2621 1244 ἐπιζητοῦσι
2644 1170 2703 1223 τὸ
2728 1170 2923 1240 μέτρον
2949 1167 3044 1220 τοῦ
3078 1166 3269 1221 κόλλοιθ
3286 1166 3355 1231 ⁸⁷,
3378 1163 3658 1223 Φιλτάτιος
3674 1160 3743 1190 ’⁷⁸

2163 1270 2191 1321 6
2222 1267 2316 1320 τοῦ
2352 1265 2623 1337 ἱστορικοῦ
2654 1263 2890 1332 ἑταῖρος,
2924 1260 3140 1329 εὐφυῶς
3173 1259 3303 1329 περὶ
3348 1250 3749 1325 γραμματικὴν

2164 1359 2324 1430 ἔχων,
2359 1361 2519 1412 τοῦτο
2571 1354 2814 1419 ἐπέδειξε
2830 1354 2899 1420 ⁸⁸,
2950 1354 3047 1408 καὶ
3076 1350 3444 1422 εὐδοκιμήσας
3486 1346 3749 1416 τυγχάνει

2165 1453 2313 1523 παρὰ
2343 1449 2453 1505 τῶν
2484 1447 2717 1502 πολιτῶν
2747 1447 2973 1509 είκόνος.

2236 1545 2358 1597 ’Ὁτι
2386 1544 2512 1614 περὶ
2539 1542 2640 1613 τῆς
2662 1540 2904 1603 Ὀάσεως
2930 1540 2956 1591 6
2976 1537 3331 1608 συγγραφεὺς
3360 1533 3531 1588 πολλὰ
3559 1546 3751 1601 παρα-

2164 1635 2454 1703 δοξολογεῖ,
2520 1634 2647 1704 περί
2669 1650 2728 1687 τε
2758 1631 2879 1704 [111
2914 1630 3004 1702 IL]
3066 1632 3165 1701 τῆς
3219 1627 3516 1699 εὐκρασίας
3547 1625 3744 1693 αὐτῆς,

2165 1732 2260 1783 καὶ
2318 1728 2399 1781 ὅτι
2421 1728 2469 1779 οί
2490 1724 2587 1796 τὴν
2653 1725 2805 1796 ἱερὰν
2858 1724 3011 1776 νόσον
3041 1722 3257 1792 ἔχοντες
3284 1721 3343 1773 οὐ
3372 1718 3533 1788 μόνον
3565 1718 3750 1768 ἐκεῖσε

2164 1826 2224 1879 οὐ
2274 1824 2549 1891 γίνονται,
2604 1820 2743 1873 ἀλλὰ
2795 1818 2889 1872 καὶ
2944 1815 3241 1886 ἀλλαχόθεν
3314 1809 3757 1883 παραγινόμενος

477 1904 703 1972 periem.
746 1903 819 1957 De
859 1904 1079 1972 copiosa
1111 1902 1308 1956 deinde
1343 1918 1463 1971 quae
1508 1901 1708 1956 ibidem
1742 1911 1826 1955 cst
1870 1916 2053 1961 arena,

2167 1916 2595 1970 ἀπαλλάττονται
2625 1911 2720 1967 τοῦ
2774 1910 3141 1979 νοσήματος⁹⁹
3163 1907 3249 1960 διὰ
3303 1904 3403 1975 τὴν
3455 1902 3548 1956 τοῦ
3584 1902 3749 1972 ἀέρος

478 1999 650 2065 deque
679 1998 879 2063 puteis.
911 1996 1001 2065 qui
1043 1995 1277 2049 fossione
1305 1996 1372 2048 ad
1398 1996 1659 2048 ducentos
1677 2004 1730 2066 et
1755 2003 2055 2059 trecentos,

479 2103 867 2158 nonnunquam
942 2102 1075 2143 vero
1120 2089 1285 2143 etiam
1342 2087 1410 2141 ad
1470 2086 1801 2155 quingentos
1848 2084 2061 2137 cubitos

480 2180 644 2245 laeta,
692 2179 1044 2247 scaturigiuis
1088 2180 1237 2233 rivos
1280 2193 1376 2248 per
1419 2178 1689 2233 oriﬁcium
1724 2174 2057 2230 effundunt:

479 2274 620 2327 unde
651 2287 748 2342 per
790 2272 937 2326 vices
979 2272 1041 2337 ii,
1080 2272 1169 2342 qui
1212 2271 1485 2327 communi
1519 2269 1707 2324 labore
1745 2283 1881 2339 opus
1915 2268 2062 2322 lece-

482 2375 635 2430 runt,
665 2364 951 2431 hauriunt,
991 2375 1047 2419 et
1082 2380 1209 2418 arva
1244 2379 1341 2419 sua
1372 2364 1553 2433 rigant
1582 2362 1857 2433 agricolae.
1886 2360 2061 2415 Arbo—

480 2474 567 2512 res
602 2458 713 2528 (49)
744 2468 1006 2527 perpetuo
1030 2458 1098 2513 ibi
1136 2472 1294 2528 poma
1321 2455 1463 2511 ferre
1494 2466 1548 2510 et
1590 2454 1925 2509 frumentum
1952 2454 2063 2509 illic

482 2563 671 2606 nmium
714 2551 861 2605 omni
913 2549 1188 2605 frumento
1243 2563 1366 2604 esse
1417 2547 2062 2618 przestantius,~niveque

480 2644 787 2698 candidius.
851 2642 1128 2698 Interdum
1178 2642 1260 2697 bis
1312 2640 1606 2711 quotannis
1665 2638 1929 2693 hordeum
1988 2637 2061 2691 ibi

484 2740 615 2804 seri,
658 2738 890 2793 millium
922 2746 1102 2791 autem
1144 2744 1403 2805 perpetuo
1440 2740 1544 2787 ter.
1602 2730 1807 2802 Rigare
1857 2729 2065 2785 incolas

483 2833 699 2887 ruscula
725 2847 849 2898 sua,
876 2816 1067 2885 aestate
1098 2829 1259 2883 tertio
1281 2840 1500 2898 quoque
1527 2826 1634 2891 die,
1664 2826 1865 2890 hieme,
1887 2833 2063 2888 sexto,

482 2938 647 2996 atque
694 2926 821 2980 hinc
878 2933 1084 2978 tantam
1140 2931 1301 2977 terrae
1342 2919 1682 2975 fertilitatem
1757 2916 2062 2973 conciliari.

485 3020 769 3088 Nunquam
795 3017 868 3073 ibi
904 3017 1105 3074 uelum
1153 3016 1327 3070 nubes
1348 3014 1701 3069 ‘contrahere.
1738 3011 1819 3064 Ad
1853 3012 1969 3065 haec
1999 3009 2067 3063 de

486 3113 801 3185 horologiis,
833 3125 954 3182 quae
977 3111 1176 3165 ibidem
1213 3106 1605 3162 conﬁciuntur.
1640 3102 1830 3158 Oasim
1859 3117 2069 3157 memo—-

485 3220 569 3265 rat
602 3208 836 3263 insulam
886 3203 1019 3258 olim
1060 3201 1255 3264 fuisse,
1292 3209 1459 3268 atque
1493 3213 1523 3251 a
1550 3197 1867 3252 continente
1888 3193 2066 3248 divul-

2160 2007 2479 2080 εὐκρασίαν.
2536 2006 2646 2060 Kal.
2683 2003 2810 2074 περὶ
2841 2003 2938 2071 τῆς
2967 2001 3198 2072 ψάμμου
3227 1999 3325 2068 τῆς
3357 1997 3562 2066 πολλῆς
3594 1996 3746 2048 ἐκείο

2161 2119 2254 2171 νης
2275 2100 2371 2153 καὶ
2400 2100 2506 2152 τῶν
2531 2096 2916 2169 ὀρυσσομένων
2943 2096 3215 2165 φρεάτων,
3234 2093 3308 2156 ὼς
3333 2094 3411 2154 είς
3438 2088 3747 2151 διακοσίους

2162 2196 2255 2248 καὶ
2312 2192 2682 2264 τριακοσίους,
2742 2188 2854 2242 ἐσθ’
2885 2190 2974 2241 ὅτε
3003 2187 3060 2239 δὲ
3091 2187 3181 2241 καὶ
3230 2187 3311 2249 εἰς
3354 2182 3749 2243 πεντακοσίους

2163 2290 2359 2357 πήχεις
2406 2285 2752 2355 ὀρυσσόμενα
2809 2281 3174 2345 ἅναϐλύζουσι
3204 2279 3265 2332 τὸ
3302 2276 3519 2350 ῥεῖθρον
3571 2272 3757 2327 αὐτοῦν

2160 2380 2257 2434 τοῦ
2312 2379 2533 2451 στομίου
2586 2374 2951 2449 προχεόμενον
2986 2388 3005 2404 ⁹
3072 2372 3130 2439 ἐξ
3185 2364 3246 2424 οὗ
3300 2369 3438 2423 κατὰ
3497 2366 3757 2435 διαδοχὴν

2162 2471 2477 2541 ἀρυόμενοι,
2495 2468 2641 2530 ὅσοις
2662 2464 2839 2519 κοινὸν
2859 2463 3048 2532 γέγονε
3074 2461 3135 2513 τὸ
3165 2460 3348 2531 ἔργον,
3376 2459 3472 2521 τὰς
3491 2458 3507 2488 ¹
3539 2454 3757 2517 οἰκείας

2164 2562 2405 2634 ἀρούρας
2456 2557 2771 2622 ποτίζουσιν
2807 2559 2855 2610 οἱ
2882 2554 3140 2625 γεωργοί.
3197 2552 3305 2606 Kal.
3332 2552 3415 2604 ὃτι
3451 2550 3506 2602 αί
3533 2547 3747 2615 ὀπῶραι

2164 2656 2249 2707 ἀεὶ
2277 2656 2388 2716 τοῖς
2416 2652 2655 2722 δένδρεσι
2709 2649 2986 2720 φέρονται,
3045 2646 3140 2700 καὶ
3170 2646 3252 2698 ὅτι
3284 2646 3312 2697 ὁ
3346 2644 3488 2705 σῖτος
3548 2638 3753 2701 παντὸς

2164 2741 2463 2811 κρείττωνί
2502 2740 2649 2792 σίτου
2680 2738 2777 2792 καὶ
2809 2737 2983 2808 χιόνος
3014 2734 3360 2805 λευκότερος,
3399 2731 3497 2785 καὶ
3520 2732 3603 2785 ὅτι
3630 2728 3751 2782 ἔσθ’

2165 2840 2251 2893 ὅτε
2305 2839 2387 2902 δὶς
2414 2837 2508 2891 τοῦ
2562 2837 2715 2902 ἔτους
2756 2836 3043 2908 σπείρεται
3078 2837 3111 2906 ἡ
3147 2833 3332 2905 κριθὴ,
3363 2832 3483 2903 τρὶς
3506 2832 3564 2886 δὲ
3596 2831 3680 2885 ἀεὶ
3710 2829 3748 2900 ἠ

2165 2924 2747 2996 κέγχρος.’Δρδεύουσι
2769 2926 2825 2979 δὲ
2853 2926 2919 2978 τὰ
2942 2924 3107 2995 γήδια
3129 2922 3308 2977 αὐτῶν
3363 2925 3421 2975 ἐν
3458 2922 3609 2993 θέρει
3646 2921 3754 2989 μὲν

2164 3019 2252 3073 διὰ
2287 3018 2479 3089 τρίτης
2532 3017 2767 3089 ἡμέρας,
2798 3018 2854 3070 ὲν
2882 3016 3112 3087 χειμῶνι
3141 3015 3198 3069 δὲ
3236 3014 3324 3069 διὰ
3384 3016 3569 3083 ἕκτης,
3597 3014 3657 3078 ἐξ
3680 3007 3742 3066 οὗ

2165 3112 2262 3167 καὶ
2292 3115 2324 3183 ἡ
2358 3112 2589 3183 εὑφορία
2635 3111 2867 3181 γίνεται.
2917 3112 3027 3165 Kal.
3052 3112 3169 3165 ὃτι³
3201 3110 3460 3165 οὐδέποτε
3493 3108 3767 3178 συννεφίπ

2167 3202 2397 3271 γίνεται.
2422 3203 2531 3256 Kal.
2555 3219 2622 3255 πε
2631 3202 2684 3273 pl
2707 3201 2813 3255 τῶν
2835 3202 3176 3273 ποιουμένων
3190 3203 3358 3256 αὐτοῦ
3390 3200 3695 3272 ὡρολογίων
3707 3198 3755 3254 ⁵.

482 3319 622 3369 sam,
656 3301 1015 3368 eamdemque
1038 3297 1105 3350 ab
1136 3294 1409 3349 Herodoto
1436 3290 1618 3345 vocari
1651 3286 1890 3361 [Thalia]
1926 3286 2064 3341 Bea-

2169 3294 2329 3362 Λέγει
2360 3293 2415 3346 δὲ
2444 3295 2525 3347 ὅτι
2580 3294 2740 3364 νῆσος
2770 3294 2831 3347 τδ
2870 3293 3095 3348 παλαιὸν
3128 3288 3197 3365 ἦν
3239 3294 3334 3346 καὶ
3364 3290 3767 3363 ἁπεχερσώθηγ

484 3409 652 3449 torum
708 3393 975 3455 insulam;
1025 3389 1092 3443 ab
1151 3385 1425 3440 Herodoto
1474 3383 1589 3455 (50)
1626 3392 1807 3437 autem
1848 3395 1917 3435 eo
1970 3380 2065 3449 qui

485 3488 687 3557 Orphei
733 3501 796 3540 ac
845 3481 1029 3537 Musaei
1077 3478 1407 3548 conscripsit
1459 3473 1745 3530 historiam
1794 3471 2071 3527 nominari

488 3576 822 3633 Phwacidem
855 3574 991 3646 (51).
1038 3569 1276 3626 Insulam
1306 3576 1434 3621 ante
1464 3564 1631 3621 fuisse
1672 3579 1740 3620 ex
1770 3578 1838 3618 eo
1883 3561 2067 3632 conje-

495 3681 680 3726 cturas
707 3668 877 3730 ducit,
896 3665 1039 3735 quod
1060 3671 1213 3717 testa:
1242 3660 1487 3725 marinae,
1514 3667 1571 3712 et
1590 3666 1774 3712 ostrea
1799 3654 2071 3726 lapidibus

488 3759 955 3821 adhmrescentia,
1012 3758 1063 3810 in
1102 3770 1169 3810 eo
1226 3763 1411 3807 monte
1450 3749 1821 3812 inveniantur,
1864 3747 1954 3817 qui
1999 3760 2068 3800 ex

488 3851 767 3907 Thebaide
812 3850 865 3903 in
893 3847 1076 3904 Oasim
1109 3844 1277 3899 ducit.
1315 3843 1518 3899 Deinde
1552 3842 1735 3905 etiam,
1768 3840 1910 3909 quod
1941 3853 2068 3908 per-

487 3956 649 4015 petuo
682 3941 896 4012 copiosa
930 3940 999 3994 ibi
1032 3952 1195 3993 arena
1225 3945 1420 4002 scatet,
1444 3945 1664 4004 tresque
1688 3933 1857 3989 Oases
1876 3932 2066 4001 replet.

486 4036 622 4091 Nam
674 4037 835 4090 etiam
874 4035 990 4105 ipse
1026 4031 1141 4103 (52)
1180 4040 1293 4084 tres
1336 4027 1509 4083 Oases
1534 4040 1657 4081 esse
1700 4026 1887 4080 tradit.
1928 4022 2073 4078 Duas

488 4146 735 4201 magnas,
774 4128 1105 4182 exteriorem
1158 4138 1346 4186 unam,
1384 4121 1613 4176 alteram
1657 4119 1997 4176 interiorem.
2041 4131 2076 4171 e

489 4224 709 4291 regione
744 4221 847 4277 sibi
884 4220 1118 4273 invicem
1142 4215 1445 4287 Oppositas,
1495 4222 1712 4268 centum
1755 4212 2073 4266 milliarium

486 4315 638 4388 διὸ
683 4313 860 4383 spatio
911 4309 1220 4379 interjecto,
1266 4321 1392 4362 cum
1474 4306 1631 4359 tertia
1676 4319 1863 4373 parva,
1911 4301 2072 4370 longo

491 4408 784 4463 interstitio
834 4403 904 4459 ab
928 4402 1116 4456 alteris
1148 4402 1361 4456 duabus
1402 4408 1679 4467 separata.
1710 4395 1940 4464 Insuper
1970 4395 2075 4449 hoc

488 4504 653 4556 etiam
686 4504 1008 4569 argumento
1036 4494 1270 4548 insulam
1302 4492 1471 4546 fuisse
1509 4490 1695 4552 tradit,
1735 4490 1877 4557 quod
1904 4500 2074 4555 sarpe-

490 4606 719 4649 umnero
750 4590 972 4652 accidit,
1010 4596 1072 4643 ut
1113 4588 1291 4656 pisces
1325 4584 1393 4640 ab
1427 4584 1618 4638 avibus
1657 4597 1723 4638 eo
1774 4582 1938 4637 delati
1989 4584 2066 4635 vi.

2168 3386 2261 3438 καὶ
2313 3388 2394 3438 ὅτι
2425 3385 2629 3455 ταύτην
2652 3386 2808 3439 καλεῖ
2846 3387 3126 3457 Ἡρόδοτος
3156 3385 3458 3454 Μακάρων
3495 3386 3759 3453 νήσουςσ

2179 3476 2482 3548 Ἡρόδωρος
2508 3477 2588 3543 δὲ,
2614 3480 2642 3532 6
2670 3479 2769 3549 τὴν
2796 3478 3042 3549 Ὀρφέως
3082 3480 3177 3532 καὶ
3206 3480 3487 3532 Μουσαίου
3512 3478 3761 3549 συγγρά-

2168 3569 2274 3639 ψας
2304 3569 2571 3640 ἱστορίαν,
2617 3571 2909 3626 Φαιακίδα
2938 3576 3143 3643 ταύτην
3170 3572 3345 3626 καλεῖ.
3374 3572 3678 3641 Τεκμηριοῖ
3698 3570 3761 3623 δὲ

2167 3663 2330 3732 νῆσον
2360 3664 2532 3735 αὐτὴν
2582 3665 2865 3732 γεγονέναι
2893 3665 2957 3719 ἐκ
2986 3681 3045 3718 τε
3074 3664 3168 3718 τοῦ
3196 3666 3441 3736 ὄστρακα
3480 3665 3762 3718 θαλάσσια

2169 3757 2262 3808 καὶ
2292 3756 2491 3827 ὄστρεα
2522 3756 2687 3821 λίθοις
2710 3758 2801 3810 τοῦ
2830 3758 2991 3830 ὅρους
3019 3758 3525 3829 προσπεπλασμὲνα
3550 3759 3571 3789 ⁸
3600 3758 3767 3828 εὑρί-

2171 3848 2395 3901 σκεσθαι
2447 3850 2541 3902 τοῦ
2569 3851 2663 3903 ἐπὶ
2708 3852 2806 3922 τὴν
2839 3853 3035 3906 Ὄασιν
3068 3853 3177 3906 ἀπὸ
3205 3853 3304 3921 τῆς
3339 3850 3607 3921 Θηὸαἲδος
3650 3852 3753 3921 φέ-

2174 3960 2378 4013 ροντος,
2435 3942 2689 4015 δεύτερον
2718 3944 2799 3996 ὅτι
2827 3930 3079 4014 ψάμαθος
3120 3943 3290 4014 πολλὴ
3321 3946 3643 4014 ὲπεκχεῖται
3670 3924 3763 3996 ἀεὶ

2170 4035 2265 4087 καῖ⁵
2297 4036 2395 4098 τὰς
2423 4038 2569 4107 τρεῖς
2629 4036 2933 4107 ἀναπληροῖ
2981 4034 3219 4099 ὐἀσεις.
3250 4037 3411 4106 Τρεῖς
3443 4036 3552 4105 γάρ
3589 4051 3760 4105 φησιν

2182 4126 2393 4189 ὐάσεις
2450 4128 2543 4180 καὶ
2605 4128 2767 4191 αὐτὸς
2823 4123 2984 4191 εἶναι,
3036 4127 3131 4179 δύο
3192 4127 3437 4197 μεγάλας
3458 4129 3628 4199 ⁸,τὴν
3660 4127 3762 4197 μὲν

2170 4217 2437 4289 ἐξωτέρω,
2469 4219 2568 4290 τὴν
2595 4219 2651 4271 δὲ
2679 4220 2953 4291 ἐσωτέρω,
2979 4221 3319 4291 καταντικρὺ
3372 4220 3632 4291 κειμένας
3663 4220 3763 4272 άλ-

2171 4310 2381 4381 λήλαις,
2403 4313 2768 4374 συντείνοντος
2820 4316 2900 4375 εἰς
2930 4312 3126 4365 ἑκατὸν
3187 4314 3391 4383 σημεῖα
3422 4312 3517 4365 τοῦ
3552 4312 3760 4384 μεταξὺ

2172 4403 2539 4473 διαστήματος
2563 4421 2577 4435 ·
2610 4403 2803 4457 ἔστιδὲ
2832 4405 2925 4457 καὶ
2954 4404 3090 4474 άλλη
3132 4404 3289 4475 τρίτη
3348 4406 3541 4477 μικρὰ,
3580 4402 3764 4473 πολλῷ

2172 4496 2504 4567 διαστήματι
2550 4496 2659 4549 τῶν
2711 4496 2805 4550 δύο
2869 4498 3275 4568 κεχωρισμένη.
3350 4499 3515 4566 Λέγει
3570 4498 3626 4551 δὲ
3678 4499 3761 4561 είς

2175 4588 2361 4643 πίστιν
2410 4589 2502 4642 τοῦ
2536 4590 2702 4660 νῆσον
2730 4589 2985 4659 γενέσθαι
3015 4591 3098 4644 ὅτι
3131 4592 3225 4644 καὶ
3254 4590 3358 4644 ὑπὸ
3387 4592 3595 4662 ὀρνέων
3622 4592 3757 4659 ὁρᾶ-

489 4690 702 4746 sautur,
734 4690 827 4734 aut
852 4688 1003 4734 certe
1038 4691 1355 4731 arrosorum
1392 4675 1620 4744 piscium
1682 4672 1927 4741 reliquiae
1961 4689 1976 4727 :
2014 4682 2064 4727 ut

2179 4683 2303 4735 σθαι
2353 4649 2639 4753 συμϐαίνει
2676 4649 2935 4745 πολλάκις
2973 4682 3123 4753 ἰχθῦς
3157 4649 3493 4755 φερομένους
3551 4649 3761 4754 καὶ-ἰχ-

492 4776 617 4829 inde
649 4772 961 4840 conjectare
994 4769 1180 4834 liceat,
1224 4784 1328 4821 non
1369 4768 1659 4820 admodum
1694 4766 1851 4836 longe
1882 4766 2074 4821 abesse

490 4882 662 4923 mare.
703 4867 794 4921 Ait
824 4864 935 4936 (55)
974 4874 1155 4918 autem
1198 4870 1253 4916 et
1294 4859 1583 4914 llomerum
1633 4874 1700 4913 ex
1736 4860 1908 4913 vicina
1944 4858 2069 4912 huic

489 4959 765 5017 Thebaide
802 4971 972 5029 genus
996 4954 1220 5011 ducere.

2181 4774 2325 4827 θύων
2370 4774 2560 4828 ἄλλοτε
2610 4775 2860 4845 λείψανα,
2910 4773 2986 4837 ὡς
3034 4774 3286 4829 ἐντεῦθεν
3323 4776 3641 4840 εἰκάζεσθαι
3683 4777 3762 4847 μὴ

2178 4867 2311 4920 πολὺ
2373 4867 2564 4939 πόρρω
2619 4862 2757 4920 εἶναι
2811 4867 2908 4940 τὴν
2962 4867 3260 4922 θάλασσαν.
3332 4868 3469 4937 Φησὶ
3505 4867 3525 4899 ⁷
3568 4868 3623 4921 δὲ
3668 4870 3764 4921 καὶ

2180 4959 2327 5029 Ὅμη
2338 4977 2428 5029 ρον
2452 4963 2515 5013 ὲκ
2539 4959 2639 5030 τῆς
2662 4960 2797 5032 πρὸς
2819 4960 2993 5031 ταύτῃ
3017 4960 3285 5031 Θηδαῖδος
3298 4960 3479 5014 ἕλκειν
3500 4960 3562 5014 τὸ
3581 4962 3761 5030 γένος.

1781 5071 2016 5128 VARUE
2052 5074 2458 5133 LECTIONES.

556 5202 603 5233 "
638 5200 932 5253 ἀπολύεται
966 5196 1009 5252 Α
1051 5216 1065 5252 :
1102 5193 1489 5251 ἀποστέλλεται
1528 5210 1589 5257 ς.

1683 5192 1729 5223 ⁸⁸
1762 5191 2171 5262 κεκωλωμένων
2214 5196 2277 5259 Α,
2306 5196 2474 5248 altern
2518 5215 2562 5250 ω
2619 5209 2886 5253 cct'recto.

2991 5200 3033 5230 ”
3072 5196 3246 5251 κώλου
3284 5197 3346 5250 A.
3456 5198 3522 5229 ’⁷⁸
3563 5195 3763 5249 Φιλλά-

488 5290 598 5349 τξος
630 5289 690 5335 ς·
751 5271 810 5349 ,⁸⁸
840 5266 1087 5349 ἀπέδειξε
1118 5285 1180 5332 ς·-
1217 5339 1229 5349 _
1264 5266 1309 5349 ’,⁸
1341 5264 1435 5349 τοῖ’
1500 5262 1805 5349 γοσῄμιειτοε
1830 5272 1975 5349 γροεξ
2015 5264 2313 5349 εἰίκραεςίαν
2351 5270 2595 5349 ponit.A.
2676 5270 2692 5299 ¹
2726 5269 2847 5349 τᾲς]
2877 5269 2970 5349 κα).
2998 5267 3096 5331 τὰς
3126 5285 3185 5349 ς.
3241 5270 3283 5349 ι’
3324 5268 3592 5349 κρείσσων
3624 5285 3767 5349 παν-

486 5344 577 5408 τὸς
610 5359 671 5405 ς.

749 5340 770 5372 ³
803 5341 896 5394 καὶ
925 5341 1005 5394 ὅτι
1027 5340 1088 5392 οὐ
1110 5339 1239 5407 περὶ
1264 5336 1329 5390 Α.
1410 5336 1432 5365 ⁸
1457 5332 1637 5397 αὐτοῖς
1676 5332 2014 5401 ὡρολογειῶν
2045 5332 2131 5389 Α(
2187 5337 2207 5367 ⁸
2236 5332 2594 5409 πεπλασμένα
2619 5356 2678 5403 ς.

2758 5340 2778 5370 ⁸
2808 5337 3050 5409 μεγάλας
3075 5339 3171 5391 καὶ
3202 5337 3299 5410 τὴν
3331 5338 3405 5403 ς’.
3484 5340 3503 5370 ⁷
3543 5342 3674 5408 φασι
3696 5355 3765 5404 ς.

2014 5430 2247 5490 ΝΟΤᾸΣ.

560 5538 675 5608 (19)
734 5539 825 5593 Al.
872 5533 1053 5591 Zosim
1111 5532 1281 5608 li_h_.__v
1313 5543 1415 5608 nec
1468 5527 1717 5608 arborem
1761 5525 1830 5580 ibi
1878 5525 2063 5608 ullam,

488 5596 591 5664 nec
618 5597 944 5663 domiciliqu
976 5619 1115 5659 esse.
1146 5603 1281 5657 Vide
1312 5600 1482 5656 Notas
1509 5602 1568 5655 D.
1595 5598 1797 5652 Baron.
1832 5598 1899 5651 ad
1930 5596 2069 5651 Mar-

491 5679 823 5752 lyrologaii
848 5675 1038 5752 _Jun_ii.

559 5735 746 5821 (soils
776 5750 930 5817 cujus
965 5746 1092 5821 item
1130 5742 1280 5796 libris
1305 5740 1411 5793 τῶν
1440 5739 1583 5821 κατὰ
1623 5735 1924 5821 ἶΗρακλέα,
1968 5737 2069 5795 fre.

488 5812 709 5893 (utentia
742 5812 1339 5893 passim__adductn_itur
1368 5812 1705 5893 testimonia,

556 5892 671 5966 (5t)
697 5878 816 5947 Alia
843 5898 929 5949 est
954 5886 1175 5944 Homeri
1207 5882 1464 5947 Φαιακία,
1523 5897 1643 5952 quae
1667 5882 1894 5953 .cteteris
1925 5878 2060 5935 Cor-

2179 5547 2305 5599 cyra
2341 5529 2560 5583 dicitur.

2274 5601 2363 5669 52)
2395 5599 2465 5655 Ut
2489 5611 2645 5654 antea
2673 5599 2871 5655 Strabo
2896 5598 2995 5654 lib.
3026 5616 3137 5654 xvu
3168 5600 3462 5669 Geograph.
3493 5599 3581 5654 ubi
3612 5598 3769 5652 Ἀνά-

2178 5688 2325 5757 σεις,
2363 5670 2443 5723 vel
2475 5687 2506 5726 e
2564 5687 2698 5727 mss.
2754 5670 2992 5733 Αὑὰσεις
3024 5672 3222 5742 legitur
3252 5690 3265 5726 :
3302 5670 3581 5741 Stephano
3616 5670 3768 5723 Δύαο

2179 5758 2359 5884 σιῖὲᾲῖρ)
2398 5812 2477 5865 Ex
2516 5811 2777 5884 Cala_siris
2808 5826 3023 5884 quoque
3054 5811 3326 5870 sententia
3357 5809 3499 5883 apud
3543 5807 3759 5866 Heliod.

2176 5883 2230 5937 in
2263 5882 2606 5953 Ait/tiopicir,
2641 5882 2733 5939 Itb.
2772 5898 2856 5939 ιιι.
