4092 6400
280 395 377 464 9.73

1392 411 1918 476 BlBLIO'l‘I-IECA.
1961 439 2028 450 ·-·
2053 417 2218 478 COD.
2261 419 2492 480 LXXX.

3439 421 3548 488 274

347 514 466 567 Ὅτι
516 514 775 579 ὕπατοςό
827 516 1078 588 βασιλεὺς
1163 520 1418 592 Ὀνὼριος
1479 525 1760 596 προελθὼν
1789 526 1851 580 τὸ

2028 530 2304 589 Honorius
2341 531 2620 601 Augustus
2675 531 3049 600 undecimum,
3095 541 3148 588 et
3191 533 3547 593 Constantius

283 610 578 674 ἑνδέκατον,
628 611 723 665 καὶ
767 614 869 668 σὺν
896 613 1046 685 αὑτῷ
1085 617 1469 680 Κωνστάντιος
1499 617 1562 670 τὸ
1589 617 1847 688 δεύτερον

279 702 366 755 τὸν
416 702 710 766 Πλακιδὶας
749 705 925 776 γάμον
950 707 1316 762 ἐπιτελοῦσιν·
1345 709 1430 779 ἐφ’
1459 705 1504 779 ᾧ
1535 713 1705 766 πολλὰ
1752 714 1851 784 μέν

281 794 410 866 αὑτὴ
472 795 809 851 ἀνανεύουσα
858 800 1240 855 Κωνστὰντιον
1293 807 1676 876 παρεσκεύασε
1709 809 1853 862 κατὰ

282 890 380 941 τῶν
419 891 591 960 αὐτῆς
627 892 952 963 ὀργίζεσθαι
980 895 1350 967 θεραπόντων.
1382 902 1546 965 Τέλος
1574 904 1630 956 ἐν
1657 906 1721 975 τῇ
1752 905 1854 972 τῆς

284 979 540 1044 ὑπατείας
586 983 770 1054 ἡμέρᾳ.
817 984 926 1038 ἀπὸ
979 987 1162 1058 χειρὸς
1184 989 1390 1061 ταύτην
1423 994 1451 1045 6
1479 992 1733 1062 βασιλεὺς
1761 995 1856 1048 καὶ

282 1071 501 1140 ἀδελφὸς
539 1073 797 1146 Ὃνώριος
853 1078 1092 1134 ἄκουσαν
1144 1081 1324 1137 λαϐὼν
1346 1086 1645 1157 ἐγχειρίζει
1676 1105 1856 1159 παρα-

283 1163 446 1228 διδοὺς
476 1167 869 1240 Κωνσταντίῳ,
919 1174 1012 1226 καὶ
1047 1174 1374 1230 ἐπιτελεῖται
1416 1181 1497 1242 είς
1519 1179 1580 1232 τὸ
1608 1178 1858 1252 λαμπρόο

283 1273 438 1310 τατον
462 1259 490 1310 6
522 1259 720 1329 γάμος.
755 1258 887 1316 Εἶτα
943 1269 1037 1317 καὶ
1086 1270 1218 1330 παῖς
1266 1269 1447 1331 αὐτοῖς
1479 1270 1748 1337 τίκτεται,
1779 1273 1848 1344 ἥν

284 1349 634 1418 ὀνομάζουσιν
673 1353 958 1425 Ὀνωρίαν,
1013 1361 1108 1412 καὶ
1153 1360 1340 1430 ἕτερος
1380 1361 1564 1426 πάλιν,
1593 1357 1638 1432 ᾧ
1665 1364 1858 1435 κλῆσιν

283 1442 456 1497 ἔθεντο
505 1446 956 1514 Οὐαλεντινιανός
983 1451 1036 1483 ⁸·
1083 1452 1144 1516 ὃς
1199 1453 1404 1520 ζῶντος
1447 1455 1548 1526 μὲν
1602 1457 1860 1528 Ὀνωρίου

289 1536 684 1609 Νοόελίσσιμος
728 1541 938 1610 γίνεται
1007 1543 1347 1617 βιασαμένης
1401 1550 1503 1620 τῆς
1560 1545 1861 1615 ’Πλακιδίας

283 1625 402 1679 τὸν⁹
424 1627 680 1698 ἀδελφὸν,
712 1632 848 1701 μετά
868 1633 926 1686 δὲ
949 1633 1040 1688 τὸν
1071 1635 1302 1690 θάνατον
1328 1637 1425 1692 τοῦ
1445 1639 1732 1708 βασιλέως,
1767 1642 1863 1694 καὶ

285 1716 358 1771 ἔτι
395 1721 534 1788 μετά
560 1722 660 1793 τὴν
690 1724 990 1780 κατάλυσιν
1009 1727 1103 1782 τοῦ
1124 1731 1563 1801 τυραννήσαντος
1589 1732 1859 1799 Ἰωάννου,

286 1809 373 1863 καὶ
413 1810 636 1884 Ῥώμης
694 1815 948 1885 βασιλεὺς
991 1819 1457 1877 ἀποδείκνυται¹⁰,
1505 1823 1563 1877 ’0
1593 1825 1653 1878 δέ
1695 1826 1858 1877 Κων-

1955 620 2153 676 iterum
2189 620 2444 678 consules
2472 620 2664 687 creati,
2689 620 2950 677 Placidia:
2981 624 3199 693 nuptias
3214 627 3538 683 conciliant.

1957 711 2064 766 Sed
2098 712 2196 766 has
2234 712 2349 782 ipsa
2390 713 2606 780 nuptias
2639 728 2766 768 cum
2791 714 3145 768 vehementer
3174 717 3540 780 detrectaret.

1957 798 2138 856 eﬂecit
2181 809 2241 855 ut
2271 801 2443 870 ipsius
2480 801 2699 855 famulis
2748 802 3126 871 indignaretur
3161 802 3538 875 Constantius.

1958 891 2201 948 Tandem
2263 895 2617 950 nihilominus
2675 895 2794 965 ipso
2851 911 2958 966 quo
3021 898 3366 952 consulatum
3429 900 3551 954 iniit

1959 985 2080 1052 die,
2137 1001 2297 1041 manu
2354 987 2526 1057 ipsam
2585 999 2861 1058 arreptam
2918 989 3193 1046 Honorius
3246 992 3545 1062 imperator

1961 1076 2133 1133 frater
2176 1076 2297 1147 eius
2342 1078 2568 1133 invitam
2606 1080 2938 1135 Constantio
2992 1084 3044 1136 in
3076 1099 3294 1138 manum
3352 1086 3540 1149 tradit,

1961 1169 2276 1239 nuptiaaque
2315 1169 2598 1241 splendide
2644 1171 3011 1232 celebrantur.
3056 1172 3194 1228 Hinc
3229 1183 3357 1228 nata
3411 1176 3544 1239 lilia,

1959 1277 2125 1332 quam
2164 1261 2458 1318 Honoriam
2499 1263 2870 1320 nominarunt.
2914 1263 3087 1321 Filius
3123 1267 3273 1333 item,
3321 1271 3407 1322 cui
3447 1269 3545 1324 Va-

1963 1356 2264 1412 lentiniano
2312 1372 2513 1412 nomen
2552 1359 2762 1423 datum,
2789 1360 2885 1430 qui
2919 1361 3218 1431 superstite
3245 1363 3547 1418 etiamnum

1965 1447 2228 1514 Honorio,
2277 1447 2658 1506 Nobilissimus
2706 1451 2904 1518 dictus,
2957 1452 3278 1522 impellente
3323 1453 3548 1510 fratrem

1964 1539 2225 1596 Placidia.
2274 1539 2421 1608 Quin
2487 1550 2542 1596 et
2579 1553 2795 1598 mortuo
2856 1541 3138 1611 Honorio,
3212 1546 3552 1617 disjcclaquo

1963 1629 2191 1686 Joannis
2247 1630 2566 1702 tyrannide,
2641 1632 3008 1695 Romanorum
3057 1635 3200 1689 idem
3265 1639 3550 1708 Augustus

1965 1730 2182 1776 creatus
2216 1729 2325 1776 est.
2363 1722 2718 1779 Constantius
2754 1739 2885 1780 vero
2918 1724 3146 1781 Honorii
3179 1727 3234 1781 in
3261 1728 3548 1798 Augustali

1968 1811 2201 1883 imperio
2240 1812 2449 1882 collega
2477 1813 2556 1878 fit,
2585 1815 2655 1870 ab
2686 1814 2777 1869 illo
2823 1816 3043 1885 quidem
3092 1817 3232 1887 ipso,
3282 1819 3378 1874 sed
3415 1833 3554 1888 pene

287 1905 524 1970 στάντιος
587 1909 978 1980 συμΰασιλεύει
1041 1913 1120 1984 τῷ
1187 1915 1430 1988 Ὀνωρίῳ
1461 1956 1476 1981 ,
1539 1917 1708 1971 αὐτοῦ
1763 1920 1859 1988 μὲν

1966 1915 2328 1977 repugnante,
2359 1907 2714 1963 constitutus.
2767 1906 3007 1964 Placidia
3055 1924 3272 1981 quoque
3305 1910 3551 1981 Augusta

282 1998 734 2068 χειροτονοῦντος,
769 2003 907 2060 ἀλλά
939 2005 1124 2075 σχεδόν
1146 2023 1207 2065 εει
1234 2007 1272 2040 “
1301 2007 1552 2073 ἄκοντος.
1609 2009 1738 2081 [195
1769 2008 1862 2082 R.]

281 2088 680 2160 Χειροτονεῖται
706 2095 762 2150 δέ
796 2097 890 2149 καὶ
917 2097 945 2166 ἡ
976 2098 1240 2152 Πλακιδία
1295 2100 1610 2170 Αὐγούστα,
1665 2101 1759 2155 τοῦ
1803 2119 1863 2155 τε

284 2180 408 2234 ἰδίου
445 2184 680 2254 ἀδελφοῦ
708 2189 803 2241 καὶ
835 2188 930 2242 τοῦ
964 2190 1094 2245 ἰδίου
1118 2192 1313 2264 ἀνδρὸς
1337 2195 1862 2266 χειροτονησάντων.

282 2273 407 2334 Εἶτα
440 2280 724 2348 πέμπεται
774 2282 915 2354 πρὸς
962 2283 1091 2356 [112
1117 2285 1207 2358 IL]
1264 2287 1582 2353 Θεοδόσιον,
1613 2287 1672 2352 ὃς
1705 2289 1864 2343 ἁδελο

283 2370 464 2438 φιδοῦς
525 2371 604 2427 ὢν
647 2374 908 2447 Ὀνωρίου
964 2378 1071 2434 τῶν
1127 2381 1264 2452 πρὶς
1302 2380 1380 2434 ἕω
1444 2385 1630 2453 μερῶν
1680 2384 1864 2437 ἐϐασί-

282 2460 426 2516 λευεν
445 2467 512 2530 ¹¹,
539 2468 573 2536 ἡ
596 2469 900 2541 ἀνάρρησις
926 2473 1246 2543 μηνυομένη
1273 2475 1374 2544 τῆς
1392 2475 1484 2528 τοῦ
1508 2477 1550 2507 ¹³
1568 2477 1863 2530 Κωνσταν-

279 2555 387 2609 τίου
420 2556 729 2628 βασιλείας,
779 2563 880 2616 καὶ
925 2563 1074 2634 μένει
1111 2567 1511 2638 άπαράδεκτος.
1539 2567 1862 2638 Ἐφίσταται

278 2653 426 2716 νόσος
456 2655 852 2726 Κωνσταντίῳ,
882 2658 978 2711 καὶ
1025 2659 1326 2728 μετέμελεν
1350 2660 1498 2730 αὐτῷ
1523 2662 1558 2731 ἠ
1589 2660 1858 2731 βασιλεία,

279 2746 353 2797 ὅτι
399 2747 594 2799 οὐκέτι
624 2743 692 2820 ἦν
750 2748 899 2819 αὐτῷ
965 2751 1051 2802 ἐπ’
1093 2751 1279 2815 ἀδείας
1325 2753 1516 2824 ὥσπερ
1580 2752 1851 2823 πρότερον

280 2833 474 2904 ἐξιέναι
493 2858 559 2892 τε
584 2841 678 2895 καὶ
725 2843 944 2897 ἀπιέναι
973 2845 1082 2915 ὅπη
1140 2846 1235 2899 καὶ
1277 2845 1428 2908 ὅπως
1469 2844 1733 2914 βούλοιτο,
1769 2847 1863 2898 καὶ

273 2932 357 2986 ’ὅτι
422 2936 528 2989 οὒκ
586 2936 712 3008 ἐξῆν
755 2938 990 3008 χρῆσθαι
1015 2939 1063 2972 ί*
1118 2939 1454 3010 βασιλεύοντι
1481 2935 1564 3004 οἷς
1593 2941 1712 3004 ἔθος
1746 2935 1859 3010 εἷλε

282 3026 510 3095 χρῆσθαι
575 3029 866 3098 παιγνίοις.
902 3031 1068 3094 Τέλος
1098 3033 1240 3086 ἐπ’τά
1276 3033 1604 3104 βασιλεύσας
1666 3035 1860 3104 μῆνας,

277 3117 462 3189 ὥσπερ
489 3120 644 3190 αὐτῷ
665 3122 759 3176 καὶ
775 3125 803 3177 6
821 3123 1033 3194 ,δνειρος
1046 3120 1217 3188 εἶπεν,
1241 3144 1262 3178 ι
1282 3125 1380 3192 Ἓξ
1409 3126 1514 3198 ἤδη
1535 3126 1713 3198 πεπλή
1723 3143 1862 3196 ρων-

279 3206 363 3263 ut.
392 3213 488 3264 καὶ
519 3213 786 3283 ἄρχονται
817 3214 978 3278 ἐπτὰ,
1011 3233 1030 3266 ι
1067 3215 1393 3289 πλευριτικῇ
1423 3217 1564 3286 νόσῳ
1603 3217 1860 3289 τελευτᾷ,

1969 2013 1998 2053 a
2026 1997 2200 2056 fratre
2228 2009 2284 2056 et
2321 2001 2522 2056 marito
2557 2001 2703 2057 dicta
2733 2010 2838 2057 est.
2873 2001 3006 2058 Dein
3057 2004 3130 2058 ad
3159 2003 3550 2068 Theodosium,

1963 2093 2061 2162 qui
2115 2092 2288 2149 fratre
2320 2092 2548 2148 Honorii
2607 2095 2825 2164 genitus
2888 2093 3130 2152 Orientis
3155 2097 3402 2164 partibus
3438 2099 3549 2150 Au-

1967 2195 2158 2256 gustus
2196 2186 2521 2256 imperabat,
2579 2185 2648 2239 de
2676 2185 2983 2240 Constantii
3029 2185 3381 2255 imperatoris
3433 2189 3550 2244 ele-

1966 2276 2150 2333 ctione
2202 2275 2424 2330 nuntius
2475 2276 2742 2341 mittitur,
2778 2275 3112 2346 minimeque
3155 2286 3409 2346 receptus
3444 2288 3549 2332 est.

1968 2369 2106 2426 Hinc
2127 2370 2378 2424 morbum
2413 2368 2770 2424 Constantius
2799 2369 3097 2434 contraxit,
3117 2370 3352 2440 suscepti
3381 2372 3554 2439 poeni-

1966 2471 2088 2519 tens
2109 2461 2346 2532 imperii,
2381 2460 2524 2531 quod
2550 2459 2789 2529 nonjam
2823 2458 2907 2531 (ut
2931 2459 3115 2530 antea)
3140 2460 3554 2516 eundiredeuu-

1966 2556 2153 2626 dique,
2201 2569 2310 2626 quo
2342 2564 2399 2610 et
2441 2553 2663 2626 quando
2698 2553 2887 2618 vellet,
2920 2553 3151 2609 libertas
3180 2562 3348 2622 esset,
3380 2571 3558 2623 neque

1964 2647 2212 2716 ludicris,
2244 2658 2304 2703 ut
2336 2647 2508 2704 moris
2545 2647 2665 2718 ejus
2712 2655 2856 2711 erat,
2887 2661 3110 2717 operam
3149 2646 3282 2702 dare
3310 2647 3423 2718 jam
3457 2648 3558 2700 im-

1966 2742 2207 2810 peratori
2285 2739 2725 2810 permitteretur.
2792 2735 2966 2808 Igitur
3026 2739 3261 2806 septimo
3340 2738 3555 2808 imperii

1972 2845 2156 2886 mense
2189 2830 2670 2902 (quemadmodum
2715 2837 2772 2884 et
2806 2829 3138 2883 insomnium
3169 2829 3250 2884 sic
3283 2829 3559 2884 iudicave-

1971 2935 2053 2982 rat
2083 2945 2097 2982 :
2128 2945 2147 2978 ι
2173 2925 2372 2982 Sextus
2393 2927 2556 2992 abiit;
2585 2927 2850 2997 septimus
2880 2927 3168 2982 inchoatur
3196 2945 3243 2994 ι,
3273 2927 3558 2997 pleuritido

1966 3020 2271 3076 exstinctus
2312 3032 2397 3076 est
2434 3039 2448 3076 :
2487 3021 2775 3076 exstincta
2810 3019 2973 3075 simul
3001 3035 3124 3074 cum
3162 3019 3280 3088 ipso
3312 3020 3366 3074 in
3398 3020 3559 3076 Oeri-

1967 3113 2186 3168 dentem
2227 3113 2331 3180 ira,
2366 3124 2528 3183 atque
2561 3113 2929 3183 expeditione,
2969 3127 3131 3184 quam
3164 3113 3309 3183 quod
3347 3115 3415 3168 ad
3451 3115 3556 3166 im-

1967 3206 2104 3276 perii
2146 3206 2464 3262 societatem
2500 3206 2777 3260 admissus
2811 3220 2916 3260 non
2957 3214 3128 3271 esset,
3173 3207 3360 3262 animo
3385 3208 3557 3279 agita-

283 3304 786 3378 συντελευτησάσης
809 3307 958 3379 αὐτῷ
975 3309 1068 3361 καὶ
1095 3308 1196 3380 τῆς
1230 3310 1372 3363 κατά
1402 3310 1504 3380 τὴν
1529 3312 1573 3344 ¹⁵
1597 3309 1859 3380 ἀνατολὴν

1966 3300 2078 3356 bat.
2113 3297 2266 3353 Valia
2305 3299 2562 3367 praefecto
2600 3295 2978 3370 [Gottliorum]
3019 3307 3196 3355 morte
3246 3300 3553 3371 absumpto,

279 3395 447 3466 ὀργῆς
520 3400 619 3452 καὶ⁴
675 3399 872 3470 ὁρμῆς,
905 3401 974 3472 ἣν
998 3398 1208 3461 ὤδινεν,
1240 3403 1324 3456 ὅτι
1349 3401 1448 3472 τὴν
1499 3402 1860 3473 ἀναγόρευσιν

1973 3399 2261 3466 imperium
2297 3396 2675 3452 Teudcrichus
2706 3398 2966 3467 suscepit.

283 3489 440 3542 αὐτοῦ
466 3491 568 3561 τῆς
592 3491 929 3562 βασιλείαςη
947 3493 1009 3546 οὐ
1041 3495 1408 3566 προσήκαντο,
1431 3493 1862 3550 Ὅιιτιυὺαλίου¹⁷
1896 3490 1990 3548 τοῦ
2039 3489 2318 3563 φυλάρχου
2362 3489 2790 3562 τελευτήσαντος
2835 3489 3157 3565 Θευδέριχος
3203 3491 3306 3566 τὴν
3385 3493 3563 3566 ἀρχὴν

283 3583 580 3655 διαδέχεται
591 3625 605 3640 .

349 3682 472 3736 Ὀτι
537 3684 682 3737 κατά
738 3685 1013 3742 θάλασσαν
1040 3687 1212 3742 πολλὰ
1244 3688 1435 3744 παθὼν
1459 3692 1486 3744 6
1509 3691 1863 3761 συγγραφεὺς

287 3773 432 3842 μόλις
489 3776 840 3842 διασώζεται.
900 3780 989 3832 Ἐν
1130 3779 1224 3833 καὶ
1274 3780 1404 3850 περὶ
1451 3780 1680 3851 ἀστέρος
1719 3781 1866 3842 τινὸς

285 3869 648 3938 τερατολογεῖ,
697 3871 1080 3944 ἐπιϐρίσαντος
1112 3872 1190 3944 τῷ
1215 3874 1368 3940 ἱστίῳ
1393 3872 1486 3926 τοῦ
1522 3872 1707 3926 πλοίου
1735 3873 1866 3944 μέλ-

285 3958 390 4013 λειν
442 3963 644 4024 αὐτοὺς
676 3962 991 4032 βυθίζεσθαι
1017 3981 1032 3995 ο
1064 3963 1322 4034 οὐρανίαν
1341 3965 1396 4018 δέ
1418 3965 1479 4018 τὸ
1517 3965 1683 4034 φανὲν
1712 3964 1868 4035 παρά

286 4050 386 4104 τῶν
420 4053 635 4106 ναυτῶν
657 4052 699 4085 ¹⁸
735 4055 1035 4110 καλεῖσθαι.
1097 4057 1263 4126 Λέγει
1307 4058 1364 4112 δέ
1397 4060 1526 4130 περὶ
1575 4056 1863 4128 ψυττακοῦ,

284 4137 324 4211 ᾧ
352 4147 524 4200 εἴκοσι
578 4146 757 4202 ἔτεσιν
818 4150 1123 4221 συνδιῆγεν,
1159 4151 1235 4215 ὡς
1274 4153 1464 4223 σχεδόν
1486 4169 1540 4205 τι
1563 4153 1716 4206 οὐδὲν
1752 4153 1861 4206 τῶν

287 4236 555 4309 ἀνθρώπῳ
608 4241 995 4311 πραττομένων
1040 4241 1318 4314 ἀμίμητον
1349 4243 1756 4313 κατελίμπανεν
1777 4244 1819 4276 ¹⁹
1845 4261 1859 4275 ·

281 4327 506 4399 ὠρχεῖτο
563 4349 620 4384 τε
639 4332 684 4362 '°
716 4333 825 4403 γὰρ
875 4336 966 4387 καὶ
990 4329 1086 4406 ᾖδε
1145 4339 1240 4389 καὶ
1279 4335 1465 4390 ἐκάλει
1501 4336 1560 4403 ἐξ
1594 4335 1862 4407 ὀνόματος

287 4423 374 4489 καὶ
398 4421 574 4479 τᾶλλα
608 4425 897 4498 ἔπραττεν.
1162 4420 1170 4426 ’

348 4606 470 4662 Ὅτι
514 4609 546 4662 6
593 4609 863 4680 ἱστορικός
918 4627 1050 4680 φησι
1096 4610 1378 4680 διάγοντος
1429 4610 1593 4665 αὑτοῦ
1615 4613 1658 4642 ²¹
1717 4611 1863 4666 κατά

283 4699 374 4764 τὰς
389 4702 436 4732 ⁸⁸
475 4702 666 4774 Θήϐας
722 4703 817 4757 καὶ
864 4705 963 4776 τὴν
1012 4705 1224 4776 Σοήνην
1242 4705 1288 4737 ⁸³
1315 4705 1560 4778 ἱστορίας
1589 4704 1777 4770 ἓνεκα,
1806 4705 1865 4760 ἐν

284 4790 544 4864 ἐπιθυμίᾳ
603 4794 854 4862 γενέσθαι
909 4795 1036 4858 τοὺς
1094 4795 1409 4867 φυλάρχους
1443 4797 1537 4850 καὶ
1574 4799 1864 4868 προφήτας

283 4881 384 4936 τῶν
411 4887 556 4938 κατὰ
571 4885 670 4956 τὴν
688 4887 899 4958 Τάλμιν
925 4887 1238 4960 βαρϐάρων,
1259 4889 1378 4960 ἤτοι
1404 4889 1512 4942 τῶν
1533 4888 1861 4960 Βλεμμύων,

283 4974 372 5047 τῆς
397 4977 655 5049 ἐντυχίας
712 4980 876 5035 αὐτοῦ
895 4999 910 5015 ·
943 4980 1112 5035 ἐκίνει
1150 4982 1259 5054 γὰρ
1288 4983 1488 5046 αὐτοὺς
1518 4983 1612 5036 ἐπὶ
1642 4981 1802 5036 τοῦτο
1827 4985 1858 5054 ἡ

2042 3686 2288 3756 Scriptor
2313 3671 2460 3739 varia
2492 3684 2765 3740 maritimo
2798 3684 2992 3740 itinere
3021 3699 3213 3757 passus
3255 3687 3347 3742 vix
3380 3688 3568 3744 salvus

1969 3780 2161 3835 evasit.
2221 3777 2364 3850 62a
2405 3775 2508 3833 Ubi
2559 3785 2614 3832 et
2656 3777 2962 3847 prodigiosa
3008 3780 3254 3848 quaedam
3287 3779 3356 3835 de
3412 3780 3559 3836 Sitic-

1971 3887 2033 3927 re
2057 3871 2168 3943 (54)
2202 3879 2612 3933 commemorat,
2661 3871 2713 3923 in
2765 3871 2938 3939 ipsum
2968 3871 3168 3941 navigii
3213 3871 3414 3926 malum
3447 3889 3562 3925 tua-

1972 3980 2078 4036 gno
2105 3979 2226 4019 cum
2255 3961 2492 4033 pondere
2522 3962 2831 4031 ingruente,
2865 3972 2922 4016 ut
2952 3959 3067 4029 jam
3102 3963 3380 4034 mergendi
3409 3963 3561 4020 vidc-

1970 4066 2182 4112 reutur.
2243 4053 2506 4110 Uraniam
2565 4067 2697 4108 vero
2751 4061 3030 4109 meteorou
3101 4055 3238 4110 illud
3298 4070 3327 4110 a
3376 4059 3564 4113 nautis

1975 4148 2316 4218 appellatum.
2379 4145 2563 4201 Refert
2624 4147 2693 4201 de
2757 4146 3031 4215 psittaco,
3099 4162 3332 4218 quocum
3387 4163 3560 4204 annos

1975 4241 2089 4311 ipse
2137 4240 2325 4311 viginti
2373 4239 2594 4304 vixerit,
2661 4248 2720 4294 ut
2776 4239 2978 4294 nullam
3031 4238 3146 4295 fere
3198 4242 3557 4295 humanarum

1976 4336 2266 4398 actionum,
2309 4349 2471 4404 quam
2521 4348 2624 4387 non
2674 4332 3005 4401 imitaretur,
3060 4334 3327 4390 omiserit.
3379 4331 3567 4389 Salta...

1897 4428 1942 4483 D
1973 4425 2062 4479 bat
2111 4425 2278 4488 enim,
2345 4432 2402 4479 et
2461 4425 2707 4490 canebat,
2748 4433 2804 4480 et
2841 4439 2942 4480 suo
3009 4440 3285 4494 quemque
3336 4427 3554 4479 nomine

1976 4519 2354 4588 compellabat,
2392 4519 2608 4588 aliaque
2665 4519 2717 4574 id
2764 4533 2937 4587 genus
2986 4518 3348 4588 exprimebat.

2049 4611 2234 4666 Refert
2301 4612 2430 4666 item
2479 4611 2799 4677 historicus,
2853 4627 2976 4666 cum
3043 4612 3184 4680 apud
3241 4609 3459 4664 Thebas
3510 4621 3563 4664 et

1977 4704 2212 4760 Soenem
2257 4704 2372 4776 (55)
2413 4704 2818 4760 lustrandorum
2857 4705 3124 4770 locorum,
3171 4705 3562 4776 cognoscendi-

1974 4810 2081 4866 que
2121 4798 2300 4851 studio
2334 4806 2663 4858 versaretur,
2691 4795 2834 4852 fama
2881 4797 3150 4852 excitatos
3182 4794 3470 4865 prtefectos
3499 4811 3562 4848 ac

1976 4898 2127 4944 vates
2169 4905 2355 4942 eorum
2408 4889 2794 4954 Barbarorum,
2821 4888 2912 4960 qui
2947 4889 3014 4942 ad
3049 4887 3262 4943 Talmin
3296 4887 3559 4948 incolunt,

1975 4996 2110 5052 quos
2143 4979 2452 5052 Blemmyas
2499 4990 2716 5046 vocant,
2761 4980 2929 5052 ipsius
2961 4991 3180 5050 optasse
3206 4991 3557 5049 congressum

1557 5138 1792 5195 VABIAJ
1842 5137 2248 5196 LECTIONES.

377 5300 398 5330 "
457 5300 565 5353 imo
617 5299 1062 5353 Οὑαλεντινιανόν
1126 5317 1138 5350 :

287 5369 419 5423 ’τόν
470 5381 594 5439 post
637 5372 695 5424 δὲ
759 5370 882 5424 add.
948 5373 992 5424 A

289 5439 453 5511 619A:
510 5442 616 5511 πρὸ
663 5442 926 5511 τελευτῆς

295 5509 340 5582 "7
367 5509 492 5582 ἐξῆν
549 5509 695 5582 αὐτῷ
746 5509 994 5581 χρῆσθαι
1041 5529 1100 5576 ς.

290 5581 459 5634 αὐτῶν
494 5599 556 5648 ς.

1057 5389 1070 5425 ;
1108 5385 1418 5439 quanquam

1211 5511 1255 5543 “‘
1284 5511 1384 5582 τὴν
1432 5527 1543 5566 οιη.
1589 5513 1654 5566 Α.

1202 5314 1365 5369 supra
1421 5310 1568 5355 certe
1635 5299 1712 5369 (p.
1775 5300 1843 5354 59
1919 5299 1946 5351 b
2006 5298 2115 5360 57)
2164 5291 2209 5368 ᾧ
2254 5297 2483 5352 ἐπέθετο
2550 5298 2742 5368 κλῆσιν
2805 5297 3107 5352 Θεοδόσιον.
3164 5297 3234 5352 cf.
3299 5296 3427 5352 64b
3471 5295 3566 5352 17.

1202 5385 1418 5424 uiduam
1482 5370 1622 5424 μετὰ
1673 5369 1902 5424 θάνατον
1953 5380 2038 5424 est
2094 5386 2146 5424 ι).
2209 5371 2244 5424 xl»
2291 5373 2319 5422 ὁ
2381 5370 2452 5424 58
2511 5378 2566 5424 et
2595 5370 2658 5424 31
2691 5367 2824 5424 (120
2884 5388 2896 5424 :
2937 5368 3076 5424 μετά
3115 5366 3374 5424 τελευτὴν
3409 5366 3566 5424 υ.55

1482 5383 1645 5442 μετα,
1673 5383 1902 5424 θάνατον
1953 5383 2013 5424 es

984 5457 1036 5510 p.
1064 5441 1133 5496 55
1168 5440 1335 5520 b‘l_7._
1391 5441 1434 5474 ¹⁰
1464 5440 1920 5520 ἀναδείκνυται-ς
1947 5481 1960 5494 .
1991 5512 2011 5520 Α
2041 5442 2080 5472 ¹¹
2115 5440 2322 5520 seadd.
2453 5511 2475 5520 _
2501 5442 2546 5473 ¹²
2581 5440 2930 5520 ἐϐασίλευσεν
2965 5457 3028 5504 ς.
3098 5440 3150 5520 ,ιζ
3189 5440 3284 5493 τοῦ
3337 5454 3374 5520 :5

638 5509 695 5582 τῷ
746 5509 994 5581 χρῆσθαι
1041 5529 1100 5576 ς.
1211 5511 1255 5543 ¹⁶
1284 5511 1384 5582 τὴν
1432 5527 1543 5566 οιη.
1589 5513 1654 5566 Α.
1754 5513 1916 5575 “sit;
1986 5511 2266 5580 βασιλείας
2315 5511 2479 5565 αὑτοῦ
2507 5529 2570 5576 ς.
2653 5512 2694 5544 ⁸⁷
2743 5510 3017 5583 Οὐάλης.
3098 5509 3142 5542 ⁸⁸
3205 5509 3416 5564 ναυτῶν
3456 5509 3560 5568 At

638 5584 1121 5654 1ε’κσιταλιμπᾰινας
1162 5600 1225 5646 ς’,
1302 5584 1346 5614 ⁸³
1367 5599 1424 5642 τε
1459 5583 1669 5642 add,A.
1746 5583 1790 5616 ²¹
1822 5584 1987 5636 αξιτεῦ
2015 5601 2124 5638 υιιι.
2160 5584 2223 5636 Α.
2303 5582 2346 5614 ’³
2377 5584 2476 5646 τὰς
2494 5583 2618 5638 add.
2654 5585 2716 5636 A.
2795 5581 2838 5612 ’³
2867 5581 3057 5652 Σοῖνην
3075 5597 3136 5645 ς.

2094 5367 2319 5440 ρφιέὺ
2381 5370 2452 5426 58
2511 5367 2896 5425 θι51α20;

2937 5368 3076 5440 μετά
3115 5366 3374 5440 τελευτὴν
3409 5383 3462 5436 p.
3491 5366 3572 5440 55.

2041 5439 2172 5493 ιιτι
2197 5439 2322 5496 add.
2355 5440 2425 5494 Α.
2501 5442 2546 5473 ¹²
2581 5439 3028 5504 ἐϐασίλευσενς.

3106 5439 3150 5471 ¹²
3189 5437 3284 5493 τοῦ
3331 5437 3461 5493 add.
3490 5439 3559 5496 Α..

1793 5740 2026 5795 ΝΟΤᾸῦ.

365 5901 474 5969 (ὅτι)
502 5900 720 5973 Hispani
752 5914 925 5959 natiue
957 5904 1086 5959 Sunt
1128 5900 1301 5961 Tclmo
1348 5901 1620 5973 appeilarc
1652 5900 1842 5956 Solent.

2029 5897 2138 5968 (3)5)
2172 5898 2296 5952 For.
2333 5899 2575 5967 Sycucm.
