4058 6414
551 349 657 471 ετέ

1710 410 1973 471 PHOTII
2013 409 2518 470 PATRIARCHE
2555 404 2664 469 CP.

3717 402 3818 465 276

552 531 718 587 atque
751 518 1102 587 colloquium.
1153 518 1519 589 Abripuernnt
1570 520 1752 591 itaque
1798 536 1905 587 me,
1935 522 2033 586 ait,
2067 531 2125 576 ut

2251 522 2404 593 ›ήμη.
2458 521 2569 575 Καὶ
2626 516 2818 573 ἔλαϐόν
2865 533 2954 588 με,
3012 516 3166 588 φησὶ,
3222 513 3384 587 μέχρι
3419 513 3466 545 ’δ
3505 511 3675 583 αὐτῆς
3722 509 3821 579 τῆς

556 609 675 663 Illas
699 623 916 678 quoque
946 608 1194 676 regiones
1231 623 1298 677 pe
1311 608 1649 675 rlustrarem,
1679 610 1736 664 in
1764 611 1933 679 ipsam
1963 624 2136 676 usque

554 700 793 765 Tahnin,
828 714 857 753 a
895 701 1028 754 meis
1083 700 1481 755 contribulibus
1514 702 1754 772 quinque
1798 698 2017 755 dierum
2051 703 2136 754 in-

554 792 784 846 tervallo
817 792 1131 855 distantem,
1187 791 1253 846 ad
1287 792 1475 846 urbem
1511 809 1631 862 qua:
1677 792 1876 846 dicitur
1934 792 2133 845 Prima.

557 883 681 936 l’aac
704 884 833 937 olim
872 884 1046 953 prima
1080 884 1377 938 'fhebaidis
1410 885 1558 947 urbs,
1606 883 1850 953 proxime
1881 900 1908 936 a
1936 881 2138 937 Barba-

555 972 671 1026 rico
721 975 835 1028 solo
895 974 1108 1039 aberat,
1148 989 1381 1042 eamque
1424 976 1494 1027 ob
1539 990 1757 1028 causam
1794 989 1824 1027 a
1877 972 2138 1029 Romanis

557 1063 750 1119 Latino
776 1066 1042 1120 vot-abulo
1086 1066 1261 1120 Prima
1294 1066 1590 1130 nominata,
1632 1082 1739 1133 quo
1782 1066 1948 1119 etiam
1995 1081 2139 1119 nunc

559 1159 778 1214 nomine
825 1160 1135 1227 vocitatur,
1212 1160 1463 1231 quamvis
1518 1160 1675 1228 longo
1722 1160 1835 1228 jam
1898 1170 2139 1226 tempore

561 1246 782 1303 Barbari
842 1267 959 1303 cam
997 1251 1102 1305 sibi
1142 1251 1495 1311 vindicarint,
1552 1266 1673 1303 cum
1735 1251 1858 1305 aliis
1908 1262 2141 1319 quatuor

557 1338 769 1408 oppidis
840 1340 1168 1394 thnicone
1228 1380 1243 1406 ,
1293 1339 1536 1405 Chiride,
1587 1339 1829 1409 Thapide
1901 1351 1956 1394 et
2017 1340 2143 1394 Tal-

560 1433 722 1485 mide.
757 1432 811 1486 In
853 1434 953 1489 hac
1003 1435 1224 1503 regione
1273 1434 1552 1503 smaragdi
1613 1450 1672 1489 se
1724 1434 1938 1489 fudinas
1988 1451 2139 1504 repe-

564 1522 701 1577 risse
767 1525 1002 1579 scribit:
1067 1526 1208 1579 unde
1290 1524 1671 1596 [Egyptiorum
1741 1529 1958 1597 regibus
2012 1527 2139 1582 olim

560 1615 833 1685 smaragdi
889 1616 977 1670 illa
1036 1628 1183 1671 tanta
1244 1618 1400 1687 copia
1453 1618 1854 1687 suppeditabat.
1909 1620 1975 1673 Et
2027 1619 2141 1675 lnec

514 1728 519 1735 ε
559 1706 776 1774 quidem
812 1705 1174 1762 Barbarorum
1236 1721 1392 1764 vates
1454 1710 1725 1779 inspicere
1779 1711 2081 1766 invitabant
2118 1731 2131 1767 2

564 1812 747 1851 verum
784 1799 833 1851 id
872 1800 989 1853 sine
1030 1800 1166 1853 bona
1203 1801 1347 1869 regis
1383 1802 1539 1855 venia
1574 1816 1680 1856 non
1711 1802 1925 1857 licebat.

635 1888 708 1942 De
752 1888 981 1945 Libaniu
1014 1894 1249 1960 quodam
1295 1893 1610 1945 admiranda
1644 1892 1829 1956 refert,
1880 1893 2139 1949 Asianum
2173 1910 2215 1967 Β

559 1994 757 2047 genere
800 1981 944 2036 hunc
995 1981 1237 2037 Honorio
1267 1992 1321 2036 ct
1354 1984 1674 2038 Constantio
1709 1985 2133 2053 imperatoribus

562 2071 875 2127 Ravennam
933 2074 1189 2139 venisse,
1263 2091 1641 2145 sunnnumque
1715 2076 2018 2133 veneﬁcum
2075 2094 2141 2134 ac

563 2178 778 2232 magmn
831 2163 1018 2220 fuisse.
1057 2166 1197 2221 Dicit
1223 2166 1367 2222 enim
1413 2167 1717 2237 professum
1772 2184 1916 2232 esse,
1966 2170 2141 2225 admi-

563 2256 727 2309 randa
759 2271 917 2325 posse
947 2271 1006 2312 se
1030 2259 1236 2329 absque
1275 2260 1502 2314 armatis
1539 2259 1848 2315 hominibus
1874 2260 2139 2318 adversus

561 2345 829 2401 Barbarus
882 2357 1124 2415 patrare.
1166 2349 1239 2403 At
1291 2366 1413 2405 cum
1460 2350 1656 2406 deinde
1704 2354 2136 2420 experimentum

562 2437 818 2507 promissi
852 2438 1110 2502 dedisset,
1138 2450 1194 2494 et
1226 2440 1367 2495 fama
1410 2442 1624 2513 longius
1648 2458 1873 2499 manans
1901 2445 1968 2499 ad
1992 2445 2141 2514 ipsas

563 2544 735 2597 usque
767 2528 1019 2585 Placidia:
1053 2547 1213 2587 aures
1244 2549 1516 2588 rumorem
1554 2534 1857 2602 detulisset,
1890 2549 2139 2592 necatum

562 2619 713 2675 illum
740 2634 883 2682 esse,
917 2624 1284 2678 comminante
1329 2621 1569 2678 Placidia
1615 2624 1829 2696 conjugi
1873 2626 2142 2683 Constan-

566 2713 640 2766 tio
671 2713 983 2779 divortium,
1021 2716 1125 2771 nisi
1155 2732 1186 2770 e
1216 2718 1354 2773 vivis
1402 2717 1684 2775 tolleretur
1715 2718 1978 2777 Libanius
2007 2737 2143 2792 pra:-

565 2805 813 2876 stigiator
842 2819 1006 2877 atque
1031 2808 1285 2869 inﬁdelis.

634 2898 985 2956 ConStanlius
1012 2917 1211 2971 genere
1252 2902 1467 2975 Illyrius
1500 2904 1622 2973 fuit,
1671 2921 1702 2962 e
1738 2905 1961 2962 Panaeso
2005 2908 2142 2962 urbe

564 2988 765 3054 Cadiaa,
796 3007 887 3061 qut
930 2993 1113 3048 multis
1142 2995 1305 3050 obitis
1332 2993 1446 3065 jam
1479 2996 1606 3052 inde
1649 3013 1679 3051 a
1705 2996 1996 3053 Theodosii
2029 2997 2144 3052 Ma-

564 3082 653 3151 gni
683 3083 1022 3152 temporibus
1051 3084 1260 3140 militia:
1294 3087 1612 3143 muneribus
1635 3092 1701 3144 ad
1725 3104 1997 3147 Summum
2025 3100 2143 3143 tan-

562 3174 814 3240 dent,uti
864 3175 1122 3239 diximus,
1156 3177 1367 3245 imperii
1419 3178 1627 3248 apicem
1669 3190 1891 3235 evectus
1924 3189 2030 3235 est.
2094 3179 2143 3234 Is

2239 613 2527 683 Τάλμεως,
2579 610 2721 663 ὥστε
2780 608 3070 671 κάκείνους
3123 606 3252 668 τοὺς
3276 603 3489 675 χώρους
3514 601 3821 673 ἱστορῆσαι,

2237 705 2513 775 διέχοντας
2530 705 2574 737 ’⁸
2637 702 2746 758 ἀπὸ
2788 700 2895 755 τῶν
2941 699 3117 753 Φιλῶν
3158 699 3203 731 ³⁸
3262 697 3541 766 διάστημα
3598 694 3822 767 ἡμερῶν

2239 800 2425 861 πέντε,
2465 799 2627 869 μέχρι
2650 797 2860 859 πόλεως
2886 795 2985 863 τῆς
3010 790 3312 862 λεγομένης
3360 792 3567 861 Πρῖμα,
3618 789 3740 857 ἥτις
3765 786 3827 839 τὸ

2242 891 2470 945 παλαιὸν
2536 889 2728 962 πρώτη
2768 888 2922 952 πόλις
2984 888 3083 957 τῆς
3140 883 3407 954 Θηϐαΐδος
3437 882 3544 935 ἀπὸ
3573 880 3670 933 τοῦ
3697 880 3825 950 βαρ-

2241 983 2470 1055 ϐαρικοῦ
2519 984 2787 1053 ἐτύγχανε
2808 983 2851 1013 ’⁷
2879 998 2889 1009 ’
2920 980 2999 1033 διὸ
3030 978 3179 1049 παρὰ
3207 978 3314 1030 τῶν
3359 974 3648 1044 Ῥωμαίων
3690 972 3824 1025 Ῥω·-

2244 1074 2382 1144 μαίᾳ
2430 1077 2582 1143 φωνῇ
2654 1073 2838 1143 Πρῖμα
2871 1070 2990 1141 ἦτοι
3023 1068 3216 1139 πρώτη
3242 1066 3558 1135 ὠνομάσθη,
3593 1065 3689 1117 καὶ
3730 1061 3825 1114 νῦν

2239 1164 2383 1218 οὕτω
2433 1165 2680 1219 καλεῖται
2744 1162 2922 1215 καίτοι
2979 1164 3042 1214 ἐκ
3080 1159 3277 1213 πολλοῦ
3331 1158 3679 1210 οἰκειωθεῖσα
3712 1155 3826 1217 τοῖς

2244 1258 2541 1328 βαρϐάροις
2568 1255 2686 1327 μεθ’
2706 1255 2909 1325 ἑτέρων
2927 1252 3212 1321 τεσσάρων
3228 1249 3456 1307 πόλεων,
3478 1245 3826 1307 Φοινικῶνος,

2241 1350 2497 1420 Χίριδος,
2542 1348 2801 1412 Θὰπιδος,
2857 1346 3146 1415 Τάλμιδος.
3214 1342 3375 1414 Παρὰ
3412 1341 3638 1403 τούτους
3697 1337 3828 1399 τοὺς

2241 1442 2454 1514 χώρους
2494 1442 2629 1511 φησὶ
2664 1442 2759 1494 καί¹
2786 1439 3104 1511 σμαράγδου
3145 1435 3383 1507 μέταλλα
3422 1431 3563 1486 εἶναι
3612 1431 3828 1503 μαθεῖν,

2242 1534 2301 1602 ἐξ
2334 1528 2409 1587 ὧν
2433 1536 2545 1596 τοῖς
2570 1532 2887 1601 Αἰγυπτίων
2923 1529 3234 1600 βασιλεῦσιν
3255 1530 3288 1599 ὴ
3309 1526 3623 1598 σμάραγδος
3647 1523 3833 1577 ὲπλεό-

2242 1624 2394 1691 ναζε.
2427 1625 2537 1678 Καὶ
2562 1623 2757 1687 ταῦτα,
2791 1623 2976 1693 φησιν,
3009 1623 3057 1675 oi
3090 1621 3367 1692 προφῆται
3396 1619 3502 1672 τῶν
3536 1616 3833 1689 βαρϐάρων

2242 1719 2589 1791 προύτρεπόν
2618 1734 2685 1789 με
2709 1715 3013 1770 θεάσασθαι
3043 1730 3056 1744 ·
3096 1714 3213 1768 ἀλλ’
3253 1714 3351 1766 οὐκ
3380 1709 3449 1783 ἦν
3474 1711 3633 1765 τοῦτο
3671 1710 3833 1764 δυνα-

2242 1813 2335 1866 τὸν
2359 1812 2613 1881 γενέσθαι
2643 1812 2814 1882 χωρὶς
2849 1807 3146 1880 βασιλικῆς
3171 1804 3540 1879 προστάξεως.

2316 1907 2440 1959 Ὅτι
2495 1904 2751 1958 Λιϐάνιόν
2789 1920 2928 1956 τινα
2953 1901 3326 1973 τερατολογεῖ,
3358 1897 3609 1950 Ἀσιανδν
3645 1896 3707 1948 τὸ
3736 1895 3835 1963 γέ-

2247 2017 2358 2063 νος,
2388 2000 2530 2051 κατὰ
2565 1998 2665 2068 τὴν
2710 1997 2985 2069 βασιλείαν
3028 1994 3286 2065 Ὀνωρίου
3315 1992 3410 2047 καὶ
3446 1990 3835 2044 Κωνσταντίου

2247 2095 2338 2146 ἐπὶ
2353 2092 2645 2145 Ῥάϐενναν
2670 2088 3100 2162 παραγενέσθαι.
3139 2090 3345 2156 Ἀκρον
3376 2086 3432 2138 δὲ
3464 2083 3652 2136 τοῦτον
3690 2077 3841 2137 εἶναι

2246 2185 2579 2239 τελεστικόν.
2606 2185 2716 2239 Καὶ
2775 2182 3035 2237 δύνασθαι
3069 2180 3123 2233 δέ
3162 2197 3293 2249 φησι
3320 2177 3416 2231 καὶ
3441 2174 3826 2246 ὑπισχνεῖσθαι

2248 2278 2411 2332 αὑτὸν
2440 2279 2609 2349 χωρὶς
2651 2276 2890 2330 ὁπλιτῶν
2923 2274 3020 2329 καὶ
3049 2272 3194 2327 κατά
3220 2270 3523 2343 Βαρϐάρων
3568 2270 3838 2338 ἐνεργεῖν,

2248 2367 2381 2423 Εἶτα
2420 2373 2615 2440 πεῖραν
2642 2369 2789 2431 δοὺς,
2859 2366 3047 2437 φησὶν,
3111 2361 3265 2428 οὗτος
3314 2366 3413 2434 τῆς
3462 2362 3835 2431 ὑποσχέσεως,

2248 2461 2342 2513 καὶ
2370 2459 2470 2528 τῆς
2519 2460 2709 2529 φήμης
2733 2456 3047 2528 δραμούσης
3095 2453 3233 2507 ὥστε
3260 2453 3354 2506 καὶ
3408 2450 3703 2504 Πλακιδίαν
3732 2448 3841 2515 τὴν

2251 2550 2498 2622 βασιλίδα
2556 2549 2791 2621 μαθεῖν.
2844 2549 3149 2621 ἀναιρεῖται
3198 2548 3225 2599 ὁ
3272 2543 3576 2613 τελεστής’
3615 2540 3839 2608 ἠπείλει

2248 2646 2357 2717 γὰρ
2376 2683 2392 2710 ,
2450 2645 2637 2714 φησὶν,
2661 2646 2693 2712 ἡ
2738 2640 3000 2695 Πλακιδία
3032 2638 3402 2707 Κωνσταντίῳ
3430 2633 3712 2707 χωρισμὸν
3737 2630 3843 2683 τοῦ

2248 2736 2431 2806 γάμου
2464 2776 2478 2799 ,
2531 2735 2581 2787 εἰ
2635 2735 2749 2797 τοῖς
2799 2731 2936 2795 ζῶσι
3012 2729 3269 2793 Λιϐάνιος
3317 2728 3364 2760 ⁸⁸
3427 2723 3833 2796 περιλείποιτο,

2248 2825 2388 2896 ἀνὴρ
2404 2824 2537 2893 γόης
2571 2820 2664 2876 καὶ
2697 2820 2946 2883 ἄπιστος.

2327 2917 2453 2970 Ὅτι
2506 2912 2887 2976 Κωνστάντιος
2939 2908 3202 2981 Ἰλλυριὸς
3260 2904 3330 2980 ἦν
3376 2906 3440 2959 τὸ
3488 2906 3667 2976 γένος,
3729 2902 3846 2957 ἀπὸ

2252 3010 2526 3065 Παναῖσου
2552 3009 2596 3039 ¹⁹
2625 3005 2834 3067 πόλεως
2850 3004 2946 3073 τῆς
2976 3003 3105 3075 [HS
3136 2999 3228 3073 H.]
3253 2998 3484 3063 Καδίας,
3516 2998 3611 3051 καὶ
3635 2994 3844 3058 πολλὰς

2253 3102 2541 3174 στρατείας
2591 3100 2699 3154 ἀπὸ
2729 3098 2836 3152 τῶν
2896 3094 3180 3150 Θεοδοσίου
3230 3093 3439 3163 χρόνων
3465 3091 3558 3144 τού
3594 3088 3849 3161 μεγάλου

2250 3195 2472 3250 διελθὼν
2531 3193 2756 3263 ὕστερον
2800 3190 2896 3245 καὶ
2947 3188 3046 3259 τὴν
3077 3188 3122 3221 ³ο
3168 3185 3439 3257 βασίλειον
3494 3183 3707 3253 ἀρχὴν,
3762 3180 3846 3242 ὡς

562 3281 686 3321 cum
718 3277 913 3322 cartera
948 3268 1047 3321 fuit
1086 3268 1242 3323 laude
1277 3269 1496 3340 dignus,
1526 3279 1638 3325 tum
1667 3272 1810 3341 quod
1846 3271 1964 3325 auri
1993 3272 2140 3326 nulla

2251 3284 2379 3359 [196
2402 3281 2494 3354 11.]
2528 3281 2759 3355 ἐρρήθη,
2792 3279 2983 3334 ὑπέδυ.
3015 3273 3123 3330 Ἦν
3140 3276 3197 3334 δὲ
3218 3272 3388 3329 τᾶλλα
3411 3272 3508 3343 μὲν
3532 3271 3844 3333 ἐπαινετὸς,

572 3364 867 3435 cupiditate
921 3365 1194 3437 ﬂagraret,
1226 3366 1368 3438 62b
1408 3378 1696 3438 antequam
1724 3370 1941 3438 quidem
1975 3367 2149 3425 Placi-

561 3456 665 3511 dia:
706 3458 1146 3528 coniungeretur.
1184 3459 1316 3514 Nam
1351 3476 1413 3515 ea
1455 3478 1623 3516 uxore
1665 3464 1849 3528 ducta,
1885 3467 2147 3532 pecunia-

568 3564 688 3605 rum
728 3551 919 3606 avidus
948 3552 1138 3609 evasit.
1174 3551 1297 3620 Ipso
1340 3568 1470 3621 ergo
1506 3563 1743 3618 mortuo,
1787 3570 1909 3608 cum
1959 3569 2147 3623 posm-

565 3642 691 3697 latis
747 3642 998 3697 homines
1050 3643 1368 3703 Ravennam
1429 3647 1671 3713 undique
1742 3647 2142 3712 conﬂuxerunt,

565 3750 700 3804 quos
732 3736 889 3792 bonis
931 3736 1018 3795 ille
1048 3751 1142 3805 per
1173 3738 1426 3807 iniuriam
1473 3740 1738 3795 exuisset.
1788 3738 1986 3793 Verum
2035 3740 2146 3795 Ho-

568 3829 730 3897 norii,
794 3830 989 3899 inquit,
1048 3831 1268 3897 lenitas,
1319 3841 1374 3887 et
1422 3832 1676 3887 Placidia:
1715 3848 1836 3887 cum
1877 3847 1945 3889 eo
1998 3844 2147 3889 arcta

564 3923 730 3991 nimis
774 3923 1136 3988 familiaritas,
1183 3924 1401 3980 frustra
1443 3938 1501 3980 ut
1535 3937 1717 3981 essent
1746 3927 1828 3981 ba:
1860 3928 2151 3997 quaerimu-

566 4015 694 4079 niaa,
722 4017 1008 4087 dumisque
1036 4020 1172 4073 adeo
1200 4017 1343 4086 juris
1381 4020 1461 4074 vis
1492 4036 1556 4073 ac
1613 4022 1850 4090 potentia
1874 4060 1889 4085 ,
1946 4020 2147 4076 eﬂ‘ecit.

643 4105 862 4167 llonorii
895 4123 1021 4178 erga
1067 4122 1307 4164 sororem
1346 4110 1504 4163 insita
1557 4108 1771 4164 alTeclio
1830 4120 1976 4163 tanta
2030 4110 2148 4174 t'uit,

566 4215 631 4255 ex
663 4215 770 4270 quo
804 4199 1159 4259 Constantius
1206 4202 1322 4271 ejus
1373 4204 1608 4258 maritus
1654 4203 1764 4258 vita
1800 4204 2058 4267 decessit,
2093 4214 2151 4257 ut

569 4293 777 4361 perdite
805 4295 972 4351 nimis
1001 4295 1256 4359 amando,
1288 4303 1343 4349 et
1372 4297 1588 4351 aSsidue
1624 4311 1685 4350 os
1734 4297 1853 4364 ejus
1900 4295 2151 4350 osculan-

568 4387 659 4448 do,
694 4387 865 4456 turpis
906 4389 1047 4456 apud
1094 4388 1290 4449 mullos
1323 4391 1734 4445 consuetudinis
1785 4388 2152 4458 suspicionem

2253 3378 2347 3432 καὶ
2372 3377 2671 3447 χρημάτων
2703 3373 2759 3426 δὲ
2791 3370 3059 3443 κρείττων
3090 3368 3219 3438 πρὶν
3247 3366 3280 3438 ἢ
3313 3363 3652 3432 συναφθῆναι
3692 3360 3843 3414 Πλα-

2252 3471 2400 3541 κιδίᾳ
2426 3485 2438 3497 ·
2505 3467 2628 3521 ἐπεὶ
2654 3465 2712 3519 δὲ
2744 3463 2891 3534 αύτῇ
2924 3463 2965 3493 ³³
3002 3459 3347 3525 συνέζευκτο,
3382 3458 3456 3519 εἰς
3494 3455 3846 3525 φιλοχρημα-

2250 3564 2371 3617 τίαν
2402 3559 2678 3626 ἐξώκειλε.
2724 3555 2880 3611 Μετὰ
2916 3554 3101 3625 μέντοι
3126 3553 3217 3606 τὸν
3248 3548 3415 3604 αὐτοῦ
3444 3548 3673 3601 θάνατον
3711 3546 3845 3617 δεή-

2253 3673 2367 3718 σεις
2392 3653 2512 3707 κατ’
2539 3649 2705 3704 αὐτοῦ
2730 3648 2839 3701 τῶν
2864 3648 2946 3710 εἰς
2984 3664 3017 3716 χ
3024 3646 3247 3716 ρήματα
3268 3642 3311 3673 ³⁸
3346 3640 3714 3711 ἀδικηθέντων
3743 3639 3847 3699 ἐπὶΔ

2264 3746 2561 3801 Ῥάϐενναν
2588 3740 2927 3810 πανταχόθεν
2956 3738 3277 3807 συνέρρεον·
3313 3733 3427 3787 ἀλλ’
3531 3730 3624 3783 τοῦ
3664 3730 3842 3787 Ὀνωο

2256 3840 2396 3913 ρίου,
2459 3838 2611 3907 φησὶ,
2670 3832 2945 3901 κουφότης
2989 3829 3083 3882 καὶ
3124 3829 3158 3899 η
3198 3826 3295 3895 τῆς
3343 3823 3642 3889 Πλακιδίας
3704 3822 3847 3892 πρὸς

2254 3931 2419 3986 αὑτὸν
2473 3927 2747 3995 οἰκειότης
2799 3921 3115 3992 ἀπράκτους
3145 3918 3323 3973 αὐτῶν
3348 3916 3446 3980 τὰς
3471 3916 3714 3986 αἰτήσεις
3747 3914 3849 3973 καὶ

2253 4023 2351 4094 τὴν
2386 4021 2540 4094 ἰσχὺν
2571 4018 2665 4072 τοῦ
2694 4015 2906 4073 δικαίου
2940 4013 3242 4082 ἀπέφηνεν.

2328 4113 2457 4166 ’Ὁτι
2485 4110 2721 4178 τοσαύτη
2742 4106 2982 4169 διάθεσις
2999 4104 3241 4177 Ὀνωρίῳ
3259 4103 3305 4135 ³³
3339 4101 3476 4172 πρὸς
3504 4098 3602 4171 τὴν
3631 4097 3848 4153 οἰκείαν

2255 4203 2519 4275 ἀδελφὴν,
2582 4203 2641 4269 ἐξ
2698 4195 2869 4272 οὗπερ
2915 4201 2943 4252 ὁ
2995 4197 3200 4267 ταύτης
3261 4196 3399 4267 ἀνὴρ
3462 4194 3848 4255 Κωνστάντιος

2256 4297 2492 4361 ἀπεϐίω,
2551 4292 3003 4366 παρεμπεφύκει,
3051 4291 3127 4354 ὡς
3191 4289 3289 4360 τὴν
3329 4290 3566 4361 ἄμετρον
3621 4287 3851 4355 ἀγάπην

2257 4389 2438 4443 αὐτῶν
2462 4389 2506 4421 ⁸³
2540 4390 2629 4441 καὶ
2654 4388 2722 4441 τὰ
2763 4386 2961 4456 συνεχῆ
3022 4385 3164 4438 κατὰ
3234 4384 3410 4456 στόμα
3450 4383 3732 4453 φιλήματα
3763 4384 3849 4444 εἰς

568 4497 677 4536 non
708 4481 974 4551 eil'ugerit.
1004 4481 1109 4537 Sed
1141 4483 1228 4537 hic
1275 4498 1428 4537 amor
1472 4483 1524 4536 in
1569 4492 1775 4536 tantum
1808 4482 1957 4537 brevi
1992 4480 2145 4535 vertit

2263 4481 2532 4553 ὑπόληψιν
2576 4480 2809 4551 αἰσχρὰν
2836 4479 3033 4541 αὐτοὺς
3053 4478 3098 4509 ³⁸
3152 4479 3265 4539 τοῖς
3296 4475 3511 4537 πολλοῖς
3562 4473 3847 4543 ἐμϐαλεῖν.

569 4575 775 4639 odium,
807 4573 1236 4635 allaborantibus
1275 4572 1523 4643 Spadusa
1551 4574 1686 4643 (56),
1721 4582 1883 4640 atque
1919 4571 2150 4641 Elpidia,

570 4665 824 4725 Placidia:
855 4671 1089 4733 nutrice,
1134 4667 1333 4737 quibus
1378 4666 1464 4721 illa
1503 4665 1778 4720 tribuebat
1817 4665 2151 4736 plurimum;

569 4762 853 4833 adiurante
886 4764 1014 4817 item
1063 4762 1209 4831 ipsas
1254 4760 1491 4825 Leonteo
1539 4760 1680 4814 illius
1711 4766 1966 4814 curatore
2019 4758 2154 4828 (57),

2276 4575 2440 4629 Ἀλλὰ
2504 4572 2743 4642 τοσαύτη
2798 4570 2962 4623 πάλιν
3022 4566 3209 4629 αὐτοῖς
3275 4564 3613 4633 ὲναπετέχθη
3675 4563 3851 4631 ἔχθρα

2263 4668 2465 4738 σπουδῇ
2494 4664 2808 4734 Σπαδούσης
2825 4662 2868 4693 ³⁸
2890 4662 2983 4714 καὶ
3000 4658 3275 4723 Ἐλπιδίας
3304 4656 3521 4729 (τροφὸς
3554 4650 3677 4726 δ’ἦν
3704 4652 3853 4731 αὕτη

2264 4759 2605 4829 Πλακιδίας),
2637 4751 2725 4820 αἷς
2753 4756 2847 4814 καὶ
2869 4754 2941 4807 τὰ
2962 4752 3132 4807 πολλὰ
3159 4754 3438 4824 προσεῖχε,
3461 4767 3523 4802 συ
3532 4748 3851 4819 μπράττον-

571 4865 630 4917 ut
684 4865 741 4910 et
787 4855 1083 4919 seditiones
1133 4855 1409 4917 Ravennae
1461 4853 1771 4920 frequenter
1832 4850 2145 4906 exsisterent

2264 4870 2355 4915 τος
2400 4853 2594 4913 αὑταῖς
2641 4850 2737 4905 καὶ
2783 4848 3061 4912 Λεοντέως
3111 4845 3205 4900 τοῦ
3250 4843 3453 4914 ταύτης
3492 4840 3849 4911 κουράτορος,

572 4947 909 5016 (adhaerebat
943 4947 1088 5006 enim
1145 4946 1244 5016 ipsi
1304 4946 1482 5011 adhuc
1531 4942 1896 5005 Barbarorum
1954 4942 2152 5007 turba,

576 5055 695 5094 cum
728 5056 795 5095 ex
845 5038 1137 5108 Adaulphi,
1199 5047 1310 5092 tum
1344 5052 1409 5092 ex
1464 5032 1773 5091 Constantii
1811 5031 2153 5102 imperatoris

570 5130 856 5203 coniugiis)
913 5141 969 5185 et
1015 5131 1240 5184 vulnera
1292 5129 1453 5184 etiam
1491 5128 1746 5195 utrinque
1799 5124 2151 5181 inferrentur.

574 5223 758 5293 Donec
787 5224 1003 5291 tandem
1033 5224 1103 5279 ob
1148 5237 1242 5277 eas
1286 5223 1431 5292 ipsas
1489 5219 1825 5286 inimicitias,
1878 5228 1933 5273 et
1984 5220 2152 5291 priori

2268 4944 2411 4998 ὥστε
2444 4944 2663 5007 στάσεις
2691 4943 2791 5014 μὲν
2825 4941 3087 5004 πολλάκις
3115 4942 3172 4993 ἐν
3199 4942 3266 5010 τῇ
3301 4936 3562 5009 Ῥαϐέννῃ
3587 4934 3853 5003 συστῆναι

2265 5037 2485 5107 (περιῆν
2515 5036 2625 5107 γάρ
2670 5034 2897 5105 κάκείνῃ
2932 5034 3137 5102 πλῆθος
3164 5031 3455 5103 βαρϐάρων
3487 5032 3551 5082 ἐκ
3586 5027 3683 5096 τῆς
3711 5024 3856 5095 πρὸς

2277 5127 2606 5195 Ἀδαοῦλφον
2667 5125 2968 5196 συναφείας
3013 5124 3109 5179 καὶ
3134 5124 3196 5175 ἐκ
3243 5123 3341 5191 τῆς
3391 5120 3526 5192 πρὸς
3554 5117 3854 5171 Κωνστάν-

2264 5238 2385 5285 τιον
2421 5218 2710 5290 συζυγίας)
2733 5218 2827 5272 καὶ
2854 5217 3072 5289 πληγὰς
3100 5217 3158 5270 δὲ
3182 5214 3468 5287 προελθεῖν
3495 5211 3554 5277 ὲξ
3583 5207 3851 5277 ἑκατέρου

1877 5385 2113 5443 νΑιὶΙᾹΞ
2153 5385 2557 5453 LECTIONES.

648 5482 915 5565 “ﬂent;
941 5501 1001 5548 ς.
1039 5482 1378 5565 ’δδιέχοντος
1413 5484 1773 5565 ςλῐῖειιξιιςινιε
1789 5485 2035 5565 διέχοντα
2065 5488 2145 5539 vcl
2175 5486 2482 5555 διεχούσης.
2559 5483 2792 5565 ²(ξφίλων
2946 5477 3351 5565 βῖδιετύγχρινε
3520 5473 3566 5505 ⁸⁸
3596 5469 3855 5565 λὲιϐάνιος

578 5553 920 5623 περιλίποιτο
950 5559 1061 5617 τοῖς
1090 5554 1259 5618 ζῶσιν
1287 5572 1351 5618 ς,

578 5626 625 5661 ⁸³
665 5625 924 5696 Ὀνωρίου
958 5642 1019 5691 ς.
1111 5626 1159 5657 ⁸⁸
1188 5627 1369 5679 αὐτῶν
1432 5627 1655 5697 ἀγάπην
1690 5645 1751 5692 ς.

1454 5557 1497 5587 ’³
1530 5555 1638 5621 ἀπὸ
1669 5556 1873 5609 Ναῖσου
1904 5556 2175 5613 Labbeus.

1830 5629 1873 5659 ³⁵
1898 5627 2118 5699 αὐτοὺς]
2182 5628 2362 5682 αὐτῶν
2390 5628 2457 5682 Α.
2534 5628 2578 5659 ³⁸
2604 5624 2923 5694 Σπαδούσης

2825 5542 2867 5584 ει
2900 5554 3038 5619 αὐτῇ
3074 5542 3301 5602 antlia.
3379 5546 3421 5619 ξ’
3448 5542 3745 5619 χρῃμάτων
3781 5554 3853 5613 εἰσ

2253 5554 2296 5591 30
2325 5554 2425 5591 uni
2449 5558 2526 5591 ei»
2556 5554 2605 5591 4H:

2325 5558 2420 5610 xui.
2447 5558 2526 5620 εἰς
2556 5558 2654 5624 τὴν
2686 5572 2745 5618 ς’.
2825 5558 2867 5584 ἰ
2900 5558 3038 5619 αὐτῇ
3074 5558 3213 5602 add.-
3240 5558 3301 5602 Α,
3379 5558 3421 5577 ⁸³
3448 5558 3740 5613 χρημάτων

2325 5649 2362 5682 ιν
2390 5628 2457 5682 Α.
2534 5628 2578 5659 ³³
2604 5624 2923 5684 Σπαδούσης
3000 5623 3094 5673 κσιί
3123 5622 3167 5673 Α
3196 5637 3209 5673 :
3240 5614 3645 5684 σπουδαζούσης
3674 5628 3740 5683 ς,

2060 5742 2291 5799 NOTAE.

647 5832 760 5909 (iiii)
792 5830 933 5909 Lego
956 5833 1294 5909 Σπαδούσης,
1325 5836 1610 5909 ιΙιιιηηιιίιΙ
1642 5838 1842 5892 certius
1865 5837 2152 5905 reperiam.

653 5894 766 5983 ςξρῖ)
811 5894 1007 5973 I’Jlatii
1041 5894 1291 5974 forsitan,
1321 5910 1412 5978 qui
1439 5894 1780 5979 Cu‘ropatatcs
1810 5894 2022 5979 quoque
2053 5906 2374 5978 appellatus.
2414 5901 2547 5959 Vide
2571 5911 2621 5956 et
2647 5898 2890 5958 Bl’iSSUll.
2923 5894 3171 5957 Lexicon.
