4058 6426
130 418 135 431 '
236 406 316 472 ΞΠ
1168 400 1699 463 BIBLIOTHECA.
1723 429 1791 439 -
1818 401 1984 463 COD.
2008 401 2240 461 LXXX.
3340 396 3450 460 Ξῗδ

236 520 402 590 μέρως.
441 509 596 574 Τέλος
644 510 710 567 ὲκ
737 508 839 580 τῆς
881 507 1220 580 ἀναφθείσης
1275 510 1491 582 ἐκείνης
1546 509 1747 581 ἔχθρας
1780 521 1822 579 Α

1852 509 2027 565 amori
2070 526 2168 579 par
2197 524 2337 564 nunc
2362 508 2579 572 odium,
2615 507 3143 579 Constantinopolim
3182 508 3446 578 Placidia,

232 610 300 662 καὶ
322 603 397 659 τοῦ
425 601 748 674 ἀντιρρὀου
782 602 882 671 τῆς
914 601 1044 672 πρὶν
1081 600 1266 671 φιλίας
1298 602 1491 673 μίσους
1519 604 1598 667 εἰς
1646 604 1749 657 δυ-

1848 602 2017 655 l'ratre
2040 601 2388 671 praevalente,
2420 615 2544 655 cum
2579 600 2773 654 liberis
2818 599 3114 670 ablegatur.
3157 598 3319 655 Solus
3343 600 3450 652 Bo-

234 701 396 764 ζάντιον
416 693 687 758 Πλακιδία,
716 692 810 747 τοῦ
837 693 1070 762 ἀδελφοῦ
1124 692 1618 765 ὑπερισχύσαντος,
1650 696 1748 747 σὺν

1853 693 2087 749 nilacius
2126 693 2284 747 ﬁdem
2335 692 2409 747 illi
2469 706 2717 756 servans,
2779 706 2902 746 cum
2967 706 3033 747 ex
3090 690 3298 753 Africa.
3360 691 3448 746 cui

229 790 313 849 τοῖς
343 783 536 847 οἰκείοις
582 785 771 839 παισὶν
839 785 1169 856 ὲξορίζεται.
1227 787 1341 839 Καὶ
1405 785 1568 857 μόνος
1608 786 1747 858 αύτῇ

1855 796 2106 852 praeerat,
2160 786 2469 857 pecuniam,
2518 795 2574 838 ut
2616 794 2851 853 poterat,
2896 784 3170 847 submisit,
3214 795 3325 837 tum
3380 787 3445 838 ad

231 879 495 948 Βονηφάτιος
520 878 589 931 τὰ
629 878 796 932 πιστὰ
841 878 1128 946 φυλάττων
1166 878 1276 932 ἀπὸ
1319 878 1419 949 τῆς
1455 878 1745 951 Ἀφρικῆς,

1861 880 1962 933 alia
1993 880 2041 933 ei
2081 879 2337 948 obsequia
2372 891 2570 949 praesto
2600 877 2719 930 fuit.
2761 876 2862 951 Qui
2910 885 3029 945 post
3084 877 3268 941 etiam,
3302 886 3360 931 nt
3384 876 3454 931 ad

233 971 283 1046 ἧς
303 970 432 1053 ἦρχε,
478 973 567 1023 καὶ
601 972 862 1041 χρήματα
883 971 958 1034 ὡς
982 971 1207 1025 ἐδύνατο
1240 971 1457 1043 ἔπεμπε
1492 971 1587 1027 καὶ
1617 971 1757 1033 πρὸς

1738 987 1757 1033 ς
1864 970 2155 1038 imperium
2190 972 2305 1025 haec
2342 970 2564 1035 rediret,
2595 969 2725 1023 nihil
2761 983 2864 1022 non
2902 966 3050 1033 fecit,
3087 967 3340 1037 tulitque.

232 1075 304 1140 τὴν
326 1068 464 1136 ἀλλην
502 1068 664 1132 αὐτὸς
701 1068 927 1123 ἔσπευδε
978 1067 1296 1138 θεραπείαν,
1359 1067 1587 1140 ὕστερον
1639 1067 1696 1120 δὲ
1741 1064 1837 1120 καὶ
1868 1068 1949 1130 είς
2013 1065 2113 1138 τὴν
2163 1066 2262 1137 τῆς
2325 1063 2603 1137 βασιλείας
2656 1061 2922 1134 ἀνάληψιν
2968 1062 3184 1116 ἅπαντα
3233 1060 3459 1115 συνεϐἁά

232 1170 336 1222 λετο.

283 1264 381 1316 Ὀτι
423 1261 671 1331 Ὀνὼριος
716 1258 951 1331 ὑδερικῷ
1008 1260 1279 1331 νοσήματι
1318 1259 1483 1324 ἁλοὺς
1538 1258 1645 1330 πρὸ
1691 1257 1749 1325 ἓξ

1932 1253 2203 1309 Honorius
2228 1266 2382 1323 aquae
2419 1249 2702 1305 intercutis
2748 1250 2937 1304 morbo
2967 1258 3275 1319 correptus,
3326 1260 3458 1304 ante

231 1353 453 1409 καλανδῶν
509 1350 901 1422 Σεπτεμϐρίων
946 1351 1211 1423 τελευτᾷ⁶
1273 1352 1371 1406 καὶ
1426 1352 1737 1421 πέμπονται

1862 1345 2002 1398 diem
2047 1359 2097 1396 νι
2130 1341 2249 1396 Kal.
2302 1342 2579 1411 Septemb.
2614 1340 2724 1412 (5'8)
2753 1342 2917 1395 vitam
2956 1341 3113 1406 (iniit,
3160 1340 3452 1410 missaeque

233 1448 476 1517 γράμματα
504 1444 640 1515 πρὸς
665 1444 707 1475 ³⁷
741 1443 841 1513 τὴν
887 1443 1152 1514 ἀνατολὴν
1175 1446 1265 1497 τὸν
1291 1443 1558 1515 βασιλέως
1586 1443 1750 1498 θάνα-

1868 1437 1921 1490 in
1964 1435 2311 1490 Occidentem
2339 1435 2552 1498 litterze,
2586 1434 2813 1504 Augusti
2844 1442 3074 1488 mortem
3106 1433 3442 1488 nuntiantes.

231 1555 299 1591 τον
331 1534 604 1607 μηνύοντα.
639 1535 729 1590 Ἐν
757 1527 801 1604 ᾧ
826 1535 883 1588 δὲ
915 1535 1090 1590 ταῦτα
1123 1536 1455 1605 ἐπέμποντο,
1497 1536 1753 1604 Ἰωάννης

1869 1528 1998 1596 Qua:
2026 1530 2150 1582 dum
2188 1528 2329 1581 ultro
2379 1528 2629 1597 citroque
2686 1527 2997 1591 mittuntur,
3051 1525 3293 1582 Joannes
3340 1530 3459 1597 qni-

232 1647 293 1693 τις
313 1628 625 1697 αύθεντήσας
651 1631 925 1699 τυραννεῖ.
944 1624 1133 1699 Ἐφ’οὖ
1156 1630 1252 1683 καὶ
1274 1630 1373 1700 τῆς
1400 1630 1761 1700 ἀναρρήσεως

1870 1624 1994 1675 dam
2047 1620 2394 1692 tyrannidem
2448 1620 2756 1689 occupavit,
2806 1628 2967 1689 atque
2997 1619 3115 1688 ejus
3165 1619 3458 1690 inaugura-

233 1720 470 1791 γινομένης
494 1720 540 1752 ³⁸
568 1720 775 1793 ἐρρήθη
825 1721 1014 1794 ὥσπερ
1063 1721 1171 1775 ἀπό
1198 1738 1343 1785 τινος
1389 1722 1752 1793 προρρήσεως
1784 1763 1829 1818 Β

1871 1717 2016 1769 tione
2046 1714 2279 1783 imperii,
2330 1723 2587 1783 tanquam
2621 1712 2687 1767 ab
2734 1712 2921 1782 aliquo
2958 1710 3154 1766 futura;
3205 1711 3282 1765 rei
3330 1726 3461 1767 ora-

234 1811 513 1883 προαχθένθ·
539 1830 558 1863 ι
572 1811 784 1875 Πίπτει,
804 1814 865 1865 ού
884 1814 1126 1881 στήκει.»
1146 1814 1237 1866 καὶ
1259 1813 1319 1865 τὸ
1345 1813 1548 1882 πλῆθος
1568 1811 1758 1883 ὥσπερ
1790 1802 1829 1818 ”

1869 1804 1990 1859 culo
2020 1843 2035 1870 ,
2065 1802 2268 1872 iactum
2297 1813 2382 1858 est
2409 1821 2422 1858 :
2464 1820 2482 1854 ι
2519 1802 2697 1866 Cadit,
2727 1818 2835 1857 non
2870 1812 3011 1870 stat;
3050 1821 3070 1856 ι
3102 1804 3243 1873 quod
3268 1802 3453 1873 vulgus

230 1901 498 1961 ἀναλύοντες
511 1900 557 1932 ⁸⁸
574 1901 668 1954 ἐπὶ
686 1902 745 1954 τὸ
774 1901 934 1973 ῥηθὲν
948 1902 991 1933 ⁸¹
1017 1901 1302 1973 ἀναφωνοῦ
1312 1919 1385 1955 σι·
1417 1920 1435 1953 ι
1450 1903 1671 1973 Στήκει,
1696 1904 1758 1956 ού

1869 1898 2071 1951 dictum
2127 1895 2404 1951 iuvertens
2461 1896 2842 1951 exclamabat:
2904 1914 2922 1947 ι
2988 1895 3151 1951 Stat.
3208 1910 3312 1949 non
3372 1912 3462 1949 ra-

232 1993 428 2047 πίπτει.)
1870 1991 1970 2044 dit.
2006 2009 2025 2042 ι

286 2086 388 2138 Ὅτι
415 2084 748 2155 Βονηφάτιος
787 2086 930 2157 ἀνὴρ
952 2081 1021 2158 ἣν
1040 2087 1301 2158 ἡρωϊκὸς,
1346 2087 1441 2141 καὶ
1478 2087 1619 2140 κατὰ
1643 2086 1772 2140 πολ-

1942 2081 2252 2137 Bonil‘acius
2284 2081 2399 2153 (59)
2438 2082 2521 2136 vir
2554 2093 2676 2137 erat
2714 2083 2991 2148 heroicus,
3021 2082 3113 2151 qui
3144 2097 3267 2137 cum
3321 2084 3459 2135 Inul-

228 2178 313 2231 λῶν
356 2178 603 2243 πολλάκις
651 2179 944 2251 βαρϐάρων
1009 2180 1367 2251 ἠρίστευσεν,
1419 2181 1609 2235 ἄλλοτε
1672 2182 1770 2253 μὲν

1872 2178 1946 2233 tis
1974 2192 2119 2247 smpe
2159 2178 2413 2247 gentibus
2448 2179 2698 2233 barbaris
2729 2190 2953 2235 strenue
2998 2180 3281 2250 pugnavit,
3325 2196 3463 2250 pan—

230 2271 305 2323 σίιν
344 2271 528 2336 ὀλίγοις
552 2271 940 2341 ἐπερχόμενος,
964 2271 1157 2325 ἄλλοτε
1182 2272 1239 2325 δὲ
1264 2272 1361 2326 καὶ
1386 2274 1484 2325 σῦν
1506 2271 1771 2334 πλείοσιν,

1875 2270 1956 2326 cis
1982 2270 2256 2324 interdum
2314 2270 2488 2341 copiis
2547 2270 2832 2335 adhibitis,
2867 2270 3145 2325 interdum
3198 2271 3464 2341 pluribus,

230 2364 363 2416 ἐνίοτε
385 2364 438 2416 δὲ
462 2366 558 2417 καὶ
594 2362 919 2435 μονομαχῶν
940 2380 952 2392 ⁸
979 2366 1075 2417 καὶ
1118 2363 1305 2428 ἁπλῶς
1354 2366 1554 2429 εἰπεῖν,
1611 2364 1775 2417 παντὶ

1877 2377 2269 2431 nonnunquam
2320 2376 2447 2415 vero
2483 2370 2538 2416 et
2569 2361 2833 2432 singulari
2886 2362 3229 2417 certamine:
3283 2371 3358 2426 et,
3411 2369 3468 2415 ut

226 2454 375 2525 τρόπῳ
394 2454 601 2507 πολλῶν
632 2454 928 2525 βαρϐαρων
961 2454 1055 2507 καὶ
1088 2454 1361 2526 διαφόρων
1387 2454 1560 2508 ἐθνῶν
1601 2454 1776 2524 ἀπήλ-

1878 2455 2042 2509 verbo
2088 2455 2300 2519 dicam,
2339 2454 2601 2509 barbaras
2653 2454 2889 2519 multas,
2942 2454 3231 2524 variasque
3279 2464 3470 2524 geutcs

227 2540 325 2605 λαξε
352 2542 443 2611 τὴν
468 2542 763 2613 Ἀφρικὴν.
801 2538 910 2596 Ἦν
933 2543 991 2596 δὲ
1019 2544 1115 2596 καὶ
1146 2542 1499 2615 δικαιοσύνης
1540 2542 1779 2615 ἐραστὴς

1878 2547 2059 2601 Africa
2091 2546 2321 2617 espulit.
2356 2546 2503 2602 Idem
2550 2545 2775 2615 iustitiae
2818 2544 2900 2600 vel
2933 2545 2985 2599 in
3024 2544 3215 2612 primis
3259 2543 3468 2599 studio-

228 2633 300 2684 καὶ
348 2634 638 2702 χρημάτων
681 2635 972 2707 κρείττων.
1008 2635 1296 2706 Ἐπράχθη
1333 2635 1387 2688 δὲ
1423 2636 1572 2707 αύτῷ
1602 2635 1696 2691 καί
1726 2653 1780 2690 τι

1881 2654 1993 2703 sus,
2026 2649 2080 2694 et
2109 2640 2394 2695 abstinens
2440 2655 2504 2693 ac
2541 2639 2898 2709 pecuniarum
2954 2647 3296 2708 contemptor
3349 2636 3468 2699 fuit,

228 2724 441 2778 τοιοῦτον·
472 2727 643 2799 Ἀνήρ
669 2744 753 2791 τις
772 2727 1051 2799 ἄγροικος,
1084 2727 1223 2798 ἔχων
1242 2727 1511 2781 ἀνθοῦσαν
1546 2732 1781 2797 γυναῖκα

1882 2747 1912 2786 a
1943 2746 2050 2802 quo
2090 2732 2252 2785 etiam
2303 2733 2610 2800 hujusmodi
2663 2732 2953 2802 aliquando
3005 2741 3277 2801 patratum
3324 2730 3458 2785 faci-

227 2818 305 2885 τὴν
342 2818 481 2889 ὤραν
514 2858 532 2883 ,
598 2819 705 2872 ὑπὸ
750 2836 895 2883 τινος
961 2818 1069 2872 τῶν
1124 2819 1430 2891 συμμάχων
1488 2819 1783 2892 βαρϐάρων

1885 2835 2007 2875 nus.
2060 2820 2207 2891 63a
2241 2818 2497 2875 Rusticus
2527 2821 2750 2891 quidam
2785 2822 3063 2890 prmslanti
3108 2821 3281 2876 forma
3337 2836 3470 2877 uxo—

227 2910 506 2981 ἐμοιχεύετο
543 2913 614 2967 ⁸⁸.
672 2916 855 2967 Δεῐται
896 2913 1186 2983 τοιγαροῦν
1234 2912 1578 2983 Βονηφατίου
1610 2955 1626 2979 ,
1686 2913 1784 2984 τὴν

1888 2926 1998 2964 rem
2032 2927 2183 2964 suam
2216 2927 2337 2966 cum
2397 2912 2636 2966 Barbaro
2688 2915 2923 2984 quodam
2979 2931 3009 2970 e
3064 2913 3464 2969 confoederatis

229 3000 357 3071 ύᾶριν
394 3004 814 3075 ὀλοφυρόμενος.
860 3005 918 3059 Ὀ
972 3005 1031 3058 δὲ
1076 3004 1411 3076 Βονηφάτιος
1467 3006 1655 3076 μαθὼν
1723 3006 1786 3060 τὸ

1891 3002 2066 3057 milite
2106 3018 2474 3059 consuescere
2528 3006 2804 3074 cognovit,
2841 3008 3046 3075 rogavit
3096 3007 3280 3076 itaque
3314 3006 3476 3061 Boni-

222 3092 466 3165 διάστημα
489 3096 589 3149 τοῦ
616 3097 781 3150 τόπου
815 3095 991 3151 καὶτὸ
1008 3097 1181 3167 ὄνομα
1211 3098 1306 3150 τοῦ
1334 3098 1528 3168 ἀγροῦ,
1561 3102 1619 3152 ὲν
1648 3092 1692 3167 ᾧ
1718 3098 1788 3153 τά
1814 3124 1824 3172 ε

1895 3094 2119 3162 facium,
2152 3098 2385 3151 dedecus
2435 3096 2561 3151 illud
2601 3098 2822 3153 familia:
2864 3099 3177 3171 deplorans,
3216 3110 3276 3154 ut
3317 3114 3473 3167 opem

228 3187 309 3254 τῆς
330 3188 564 3257 μοιχείας
597 3190 921 3259 ἐπράττετο,
956 3190 1049 3243 τὸν
1085 3189 1185 3261 μὲν
1221 3190 1409 3261 ἱκέτην
1428 3190 1475 3222 ⁸³
1530 3190 1657 3263 [ιιι
1694 3189 1786 3263 Η.]

1894 3187 2085 3243 ferret.
2112 3186 2203 3244 Ille
2232 3228 2247 3253 ,
2284 3190 2501 3259 cognito
2531 3189 2633 3245 loci
2666 3190 2973 3256 intervallo,
3005 3200 3059 3246 et
3090 3192 3204 3261 agri
3232 3192 3472 3251 nomine.

228 3278 339 3339 τέως
390 3281 715 3351 ἀπέπεμπε,
774 3282 1089 3351 προστάξας
1140 3280 1302 3335 πάλιν
1354 3285 1421 3354 τῇ
1459 3282 1587 3353 ἑξῆς
1642 3283 1792 3354 αῦτῷ

1900 3280 1989 3334 ubi
2022 3280 2349 3336 adulterium
2383 3292 2711 3353 patraretur,
2759 3283 3031 3338 hominem
3092 3294 3203 3337 tum
3254 3283 3476 3352 quidem

237 3372 549 3441 προσελθεῖν,
598 3372 759 3441 ὀψίας
806 3373 863 3425 δὲ
903 3372 1082 3425 λαθὼν
1118 3372 1386 3438 ἅπαντας,
1424 3375 1517 3426 καί⁵
1562 3375 1657 3427 ἐπὶ
1702 3375 1792 3427 τὸν

1893 3373 2126 3440 dimisit,
2163 3375 2215 3429 in
2263 3383 2540 3444 posterum
2589 3375 2733 3430 diem
2785 3377 2851 3430 ad
2903 3391 2963 3431 se
3012 3375 3193 3432 redire
3238 3373 3476 3445 jussum.

230 3464 371 3534 ἀγρὸν
425 3465 626 3529 ἐλάσας
698 3464 1069 3534 ἐϐδομήκοντα
1122 3466 1478 3537 διιστάμενον
1534 3466 1790 3532 σταδίοις,

1896 3464 2067 3519 Noctu
2116 3474 2339 3529 autem,
2394 3466 2578 3521 insciis
2632 3467 2887 3521 omnibus
2950 3468 3002 3521 in
3057 3481 3250 3537 agrum
3315 3466 3466 3529 illum

229 3557 303 3609 καὶ
328 3556 493 3628 εὑρὼν
527 3557 624 3611 τὸν
652 3556 929 3628 βάρὸαρον
974 3560 1041 3625 τῇ
1086 3558 1452 3630 μοιχευομένη
1490 3557 1795 3627 συγκαθεύ·

1895 3559 2240 3629 septuaginta
2279 3559 2474 3615 stadiis
2509 3559 2759 3613 dissitqu
2812 3558 3107 3629 profectus,
3154 3559 3477 3629 deprehensi

225 3645 380 3708 δοντα,
425 3650 621 3719 τέμνει
672 3665 729 3701 τε
778 3647 944 3701 αὐτοῦ
978 3648 1074 3719 τὴν
1117 3649 1362 3720 κεφαλὴν
1391 3650 1483 3703 καὶ
1522 3650 1590 3703 δι’
1624 3652 1795 3723 αὐτῆς

1895 3667 2017 3707 cum
2056 3654 2266 3707 moecha
2325 3652 2549 3708 Barbari
2604 3660 2767 3722 caput
2811 3655 3133 3721 amputavit,
3181 3653 3482 3721 eademque

230 3739 533 3809 ὑποστρέφει
585 3740 801 3803 νυκτός.
846 3740 1204 3809 Προσελθόντι
1238 3741 1297 3795 δὲ
1337 3741 1481 3796 κατά
1520 3742 1581 3797 τὸ
1621 3744 1790 3815 πρόσ-

1898 3746 2117 3798 dommn
2154 3755 2311 3801 nocte
2358 3748 2605 3801 revertit.
2665 3746 2933 3801 Redeunti
2969 3745 3115 3807 dein,
3168 3754 3227 3799 ut
3257 3747 3482 3798 manda-

228 3849 384 3902 ταγμα
404 3835 482 3897 εἰς
498 3833 604 3903 τὴν
641 3832 832 3905 αὔριον
861 3834 941 3905 τῷ
975 3834 1132 3905 ἀνδρὶ
1160 3835 1440 3909 ἐπιδίδωσι
1466 3836 1558 3889 τοῦ
1593 3838 1797 3907 βαρϐά-

1902 3849 2010 3893 tum
2058 3839 2256 3905 fuerat,
2291 3840 2555 3913 postridie
2601 3838 2817 3902 marito,
2854 3836 3077 3891 Barbari
3128 3848 3290 3905 caput
3320 3839 3482 3892 obtu-

232 3942 311 3993 ρου
336 3926 427 3998 τὴν
456 3926 731 3996 κεφαλὴν,
758 3926 1255 3997 διαπυνθανόμενος
1288 3929 1337 3979 εί
1367 3929 1720 3996 ὲπιγινώσκοι
1750 3929 1796 3961 ’⁵³

1901 3928 1983 3990 lit,
2014 3940 2362 3998 percontatus
2405 3945 2472 3984 an
2522 3930 2784 3983 novisset.
2836 3926 2925 3981 Ille
2972 3929 3287 3996 spectaculo
3359 3944 3482 3998 per-

227 4018 392 4090 αύτήν.
430 4020 567 4093 {197
626 4018 720 4092 IL]
761 4018 821 4073 '0
864 4019 920 4073 δὲ
970 4022 1082 4083 τοῖς
1139 4020 1408 4091 παροῦσιν
1467 4018 1584 4089 ἅμα
1627 4037 1798 4073 κατα-

1900 4037 2113 4089 cussns,
2144 4032 2199 4078 et
2238 4024 2390 4093 quasi
2436 4038 2597 4079 sensu
2650 4031 2851 4085 mutus,
2911 4036 3035 4074 mox
3104 4021 3193 4075 ubi
3243 4024 3481 4093 agnovit,

231 4110 434 4181 ὼγεὶς
459 4115 556 4167 καὶ
578 4112 965 4183 ἀμηχανήσας,
1001 4111 1192 4166 ἔπειτα
1228 4113 1483 4180 ἐπιγνοὺς
1515 4112 1799 4167 καὶπολλὰ

1904 4116 2089 4169 multis
2142 4115 2367 4185 justitiau
2424 4130 2589 4170 causa
2624 4113 2761 4167 actis
2809 4112 3022 4182 gratiis,
3075 4112 3297 4168 domum
3332 4115 3486 4171 laetus

229 4204 312 4272 τῆς
329 4204 675 4273 δικαιοσύνης
702 4204 1103 4273 εὐχαριστήσας
1128 4204 1196 4265 ⁸⁵,
1236 4203 1336 4257 σὺν
1359 4205 1507 4274 χαρᾷ
1536 4205 1725 4275 ἀπῄει.
1905 4209 2085 4262 rediit.

290 4295 401 4347 Ὀτι
426 4294 662 4355 ἕκαστος
693 4292 801 4345 τῶν
826 4292 1079 4361 μεγάλων
1113 4292 1279 4345 οίκων
1302 4293 1403 4361 τῆς
1446 4292 1686 4363 Ῥώμης,
1724 4292 1800 4357 ὥς

1976 4301 2017 4354 Ε
2051 4301 2257 4371 magnis
2277 4299 2534 4354 Romanre
2582 4301 2735 4357 urbis
2764 4302 3010 4358 domibus
3042 4304 3130 4374 (nt
3157 4304 3244 4359 hic.
3289 4303 3488 4375 refert)

232 4403 393 4455 φησιν,
443 4388 668 4441 ἅπαντα
703 4383 847 4455 εἶχεν
882 4385 940 4436 ὲν
980 4385 1159 4455 ἑαυτῷ
1192 4384 1366 4438 ὁπόσα
1398 4383 1551 4447 πόλις
1586 4384 1801 4455 σύμμε-

1906 4394 2085 4447 ontnia
2110 4394 2248 4446 intra
2267 4408 2324 4446 se
2355 4408 2693 4463 unaquteque
2750 4394 2971 4462 habuit,
3001 4412 3335 4466 quaecunque
3364 4411 3486 4450 me-

232 4496 340 4547 τρος
355 4481 588 4549 ἠδύνατο
607 4480 773 4551 ἔχειν,
808 4482 1143 4552 ἱππόδρομον
1166 4479 1262 4533 καὶ
1288 4479 1491 4551 φόρους
1514 4478 1610 4531 καὶ
1636 4480 1799 4542 ναοὺς
1832 4528 1834 4532 λ

1906 4486 2106 4541 diocris
2160 4485 2321 4538 etiam
2377 4485 2507 4538 urbs
2544 4484 2744 4540 habere
2785 4488 2989 4555 potuit;
3031 4488 3442 4557 hippodromum
3471 4525 3487 4551 ,

231 4574 311 4626 καὶ
355 4573 537 4645 πηγὰς
572 4575 670 4626 καὶ
701 4574 904 4647 λουτρά
939 4574 1197 4643 διάφορα.
1228 4571 1319 4624 Διὸ
1348 4571 1444 4625 καὶ
1491 4572 1520 4624 ὁ
1553 4586 1800 4642 συγγρα-

1911 4578 2057 4643 lora,
2086 4576 2562 4642 delubra,fontes,
2591 4579 2739 4632 varia
2771 4578 2982 4634 balnea.
3015 4578 3152 4634 llinc
3173 4588 3228 4633 et
3256 4580 3492 4650 scriptor

232 4668 347 4733 φεὺς
375 4668 787 4736 ἀπεφθέγξατο.

716 4684 787 4722 το.
1908 4666 1988 4721 sic
2014 4668 2276 4721 exclamat
2304 4685 2318 4722 :

232 4756 312 4827 Εἷς
333 4763 511 4833 δόμος
524 4763 685 4817 ἄστυ
699 4762 890 4817 πόλει·
914 4762 1093 4825 πόλις
1105 4759 1293 4815 ἄστεα
1302 4757 1489 4827 μυρία
1506 4758 1701 4812 κεύθει
1730 4756 1797 4811 ⁵⁸.

1911 4755 2008 4810 Est
2038 4756 2159 4810 urbs
2180 4774 2284 4811 una
2313 4759 2499 4812 domus
2521 4774 2540 4813 :
2574 4758 2714 4812 mille
2739 4758 2931 4826 oppida
2950 4758 3177 4813 continet
3198 4774 3303 4812 una
3345 4759 3489 4813 urbs.

232 4847 390 4907 Ἦσαν
441 4855 499 4908 δὲ
547 4856 644 4908 καὶ
676 4855 876 4927 λουτρά
919 4854 1152 4925 δημόσια
1201 4850 1556 4923 παμμεγέθη.
1623 4852 1687 4904 Al
1744 4850 1803 4903 δὲ

1909 4847 2013 4903 Sed
2045 4858 2098 4903 et
2122 4850 2334 4905 lavacra
2368 4852 2577 4920 publica
2618 4852 2820 4921 ingenti
2852 4866 3071 4920 prorsus
3097 4849 3247 4905 fuere
3288 4851 3496 4919 magni-

244 4943 578 5001 ’Δντωνιαναὶ
611 4946 757 5001 οὕτω
787 4948 1120 5015 καλούμεναι
1161 4945 1241 5008 είς
1294 4944 1484 5015 χρείαν
1511 4943 1620 4997 τῶν
1651 4942 1803 4995 λουο-

1908 4942 2123 5006 tudine,
2168 4944 2453 5012 equibus,
2520 4960 2642 5015 qute
2698 4944 3079 4998 Autoniniana:
3143 4944 3491 5011 nominantur

240 5040 393 5105 μένων
422 5040 699 5112 καθέδρας
728 5036 874 5111 εἶχον
890 5041 933 5096 ’⁵7
967 5038 1383 5109 παρακειμένας
1412 5037 1587 5108 χιλίας
1612 5036 1805 5101 ἑξακοι

1909 5034 2172 5100 ιΙιετιιιαι,
2207 5039 2272 5089 ad
2313 5038 2735 5092 commodiorem
2778 5036 3076 5090 lavantiqu
3114 5052 3268 5092 usum
3295 5078 3309 5102 ,
3351 5036 3498 5092 mille

238 5130 358 5199 σὶας,
391 5135 458 5187 ὲκ
488 5133 789 5206 μαρμάρου
820 5117 1336 5201 κατεσκευασμένας
1371 5127 1560 5194 ξεστοῦ
1589 5144 1603 5160 ο
1654 5128 1711 5180 αἱ
1749 5126 1806 5180 δὲ

1918 5138 2176 5184 sexcenta
2215 5130 2519 5187 habuerunt
2550 5135 2739 5190 sedilia
2772 5149 2803 5191 e
2832 5149 3107 5190 marmore
3137 5133 3303 5205 polito
3335 5131 3499 5186 fabri-

1499 5262 1734 5320 VARIA'I
1771 5261 2181 5321 LECTIONES.

295 5388 487 5462 Vespa;
503 5391 550 5443 Α
570 5403 585 5443 :
602 5390 683 5452 εἰς
710 5407 772 5454 ς.
849 5390 895 5423 ³⁸
918 5388 1215 5462 γενομένης
1235 5405 1295 5452 ς,
1371 5389 1415 5462 ³ῗ
1434 5385 1679 5462 πραχθὲν
1711 5402 1773 5449 ς.
1817 5386 1862 5462 “f
1878 5387 2231 5462 ἀναλύοντες]
2249 5388 2479 5445 fortasse
2499 5390 2599 5462 leg.
2618 5392 2895 5457 ἀλύοντες.
2972 5394 3013 5423 δι
3037 5390 3130 5444 ἐπὶ
3147 5388 3207 5441 τὸ
3232 5384 3395 5462 ῥηθέν
3417 5384 3460 5437 Α
3484 5417 3497 5429 ο

239 5456 450 5527 apag:
472 5479 535 5525 ς.
644 5462 691 5498 ⁵³
726 5456 1117 5533 ἐμοιχεύετολ
1152 5456 1332 5533 ι’έγνω
1356 5458 1526 5528 αὐτὴν
1556 5456 1962 5533 μοιχευομένην
1994 5478 2056 5525 ς.
2135 5460 2181 5491 ⁸³
2216 5456 2435 5533 οἰκέτην
2477 5456 2575 5525 ς.’
2616 5465 2662 5493 ⁸⁸
2691 5456 3049 5531 ἐπιγινώσκει
3080 5478 3141 5525 ς’.
3222 5456 3295 5490 ⁸⁸⁷
3332 5458 3503 5511 ἀπευ-

239 5536 559 5601 χαριστήσας
591 5549 651 5596 ς’.
732 5528 778 5563 ⁸⁸
807 5528 995 5585 κεύθει
1031 5533 1077 5584 Α
1137 5547 1152 5586 :
1200 5529 1387 5600 τεύχει
1420 5546 1481 5593 ς.
1559 5528 1602 5560 ⁸⁷
1638 5528 1753 5598 εἶχε
1788 5545 1849 5592 ς.

1736 5641 1971 5699 NOTAE.

304 5740 412 5806 (58)
445 5742 734 5813 Discrepat
794 5743 882 5798 hic
928 5742 1169 5813 calculus
1194 5746 1264 5797 ab
1311 5740 1451 5805 aliis,
1504 5756 1628 5813 nam
1665 5755 1794 5795 \vtu
1980 5742 2092 5813 (59)
2122 5740 2223 5799 llic
2260 5741 2321 5798 Β.
2362 5742 2669 5812 Augustino
2701 5739 3079 5811 pcrfamiliaris
3110 5737 3246 5801 fuit,
3298 5740 3357 5790 ut
3383 5744 3517 5789 ore:

245 5810 358 5885 με.
394 5810 673 5885 Septemb.
710 5813 921 5885 robiisse
948 5812 1248 5868 Honorium
1277 5817 1492 5868 tradunt
1521 5811 1795 5877 Socrates,
1910 5814 2019 5871 bra:
2044 5810 2325 5885 utriusque
2356 5810 2549 5869 littera:
2583 5810 2894 5877 ostendunt.

246 5878 489 5953 Prosper,
526 5882 865 5940 Marcellinus
888 5894 945 5940 et
970 5886 1355 5940 Cassiodorus.
