4058 6414
568 372 679 440 2‘83

1735 363 2002 425 PHOTII
2040 359 2548 424 PATRIARCHE
2583 362 2699 426 (ΞΡ.

3752 366 3851 429 234

571 490 836 545 cedonum
855 482 1062 556 judicio
1082 522 1098 549 ,
1135 494 1321 552 regum
1348 478 1566 535 nomine
1592 478 1876 546 imperium
1904 491 2161 547 procura-

2277 476 2345 536 εἰς
2374 477 2502 539 τοὺς
2530 474 2677 545 ἀμφὶ
2721 474 3047 548 Περδίκκαν,
3075 475 3126 530 οἶ
3156 477 3333 549 κρίσει
3375 477 3485 532 τῶν
3532 480 3855 541 Μακεδόνων

576 585 730 638 bant.
754 578 953 633 Narrat
975 574 1267 642 deinceps,
1300 580 1359 624 ut
1387 568 1679 625 Alexandri
1704 568 1776 622 sit
1801 567 2033 621 divisum
2061 566 2167 618 im—

575 676 805 741 perium.
830 670 972 725 Asiae
995 667 1211 738 quidem
1240 665 1344 720 hoc
1371 662 1553 718 modo.
1586 660 1874 715 Ptolemaeo
1903 657 2035 725 Lagi
2061 656 2171 710 lilio

575 768 743 820 totius
763 762 981 833 £gypti
1000 802 1015 824 ,
1034 770 1088 815 et
1112 758 1293 829 Libyae
1316 799 1331 825 ,
1356 765 1410 811 et
1426 756 1604 809 omnis
1621 754 1758 807 ultra
1779 754 1919 805 hanc
1938 748 2173 818 regionis

576 857 816 927 Egypto
832 852 1129 921 adjacentis
1146 889 1162 914 ,
1188 849 1471 919 imperium
1486 846 1697 901 datum.
1716 844 2031 898 Cleomenes
2042 856 2173 898 vero

579 944 647 998 ab
663 944 975 997 Alexandro
1000 955 1126 1010 rege
1148 939 1274 994 huic
1303 938 1566 1004 Satrapize
1589 934 1892 1004 impositus,
1913 934 2170 987 vicariam

577 1034 869 1090 Ptolemaeo
922 1043 1180 1102 praestare
1244 1044 1464 1098 operam
1490 1028 1674 1097 jussus
1718 1035 1821 1080 est.
1864 1024 2170 1078 Laomedon

577 1130 911 1201 Mitylenams
933 1127 1145 1197 Syrian:
1169 1125 1362 1190 tenuit;
1394 1122 1663 1181 Philotas.
1687 1120 1954 1183 Ciliciam;
1976 1118 2170 1173 Pithon

580 1237 730 1286 vero,
764 1218 1022 1284 Mediam;
1046 1218 1337 1281 Eumenes,
1361 1214 1763 1284 Cappadociam
1800 1223 1855 1268 et
1874 1212 2175 1283 Paphlago-

578 1316 724 1369 niam
750 1356 765 1377 ,
790 1324 1091 1383 gentesque
1116 1312 1181 1364 ad
1214 1309 1479 1363 Euxinum
1513 1318 1737 1376 pontum
1770 1309 1903 1362 sitas
1928 1348 1944 1373 ,
1975 1307 2041 1359 ad
2078 1322 2172 1360 us-

578 1421 685 1475 que
734 1404 1153 1474 Trapezuntem.
1202 1401 1505 1468 Antigonus
1536 1397 1876 1469 Pamphyliis
1912 1408 1966 1452 et
1993 1397 2175 1453 Cilici-

578 1501 680 1555 bus
699 1499 812 1570 (72)
848 1498 1134 1564 prtefeclus
1176 1505 1295 1557 est,
1340 1508 1513 1563 usque
1542 1494 1607 1547 ad
1637 1494 1950 1565 Phrygiam.
2008 1494 2174 1548 Asan-

577 1593 678 1646 dro
731 1592 897 1646 Cares
934 1591 1045 1658 (75)
1090 1590 1431 1641 obvenerunt
1467 1603 1481 1652 ;
1536 1585 1665 1656 Lydi
1694 1601 1821 1641 vero
1855 1586 2170 1643 Menandro.

576 1685 850 1741 Leonatus
873 1683 1189 1754 Phrygiam,
1231 1698 1353 1752 qua:
1380 1684 1442 1734 ad
1471 1679 1614 1752 64b
1643 1680 2043 1751 Hellespontum
2070 1688 2172 1747 est,

575 1778 831 1831 obtinuit.
855 1779 1030 1846 Atque
1062 1777 1135 1830 ita
1154 1776 1371 1845 quidem
1406 1776 1535 1828 Asia
1590 1773 1901 1828 distributa.
1963 1773 2020 1827 In
2062 1773 2171 1826 Eu-

2272 567 2642 639 ὲπετρόπευον
2680 569 2864 631 αὐτοῖς
2900 570 3002 640 τὴν
3039 570 3238 642 ἀρχήν.
3270 570 3503 637 Διέξεισι
3534 574 3625 626 καὶ
3647 573 3852 648 ὅπωςή

2270 656 2367 710 τοῦ
2404 658 2757 731 Ἀλεξάνδρου
2787 659 3082 732 διενεμήθη
3123 661 3287 733 ἀρχή.
3327 660 3454 735 [H6
3497 662 3592 738 IL]
3638 667 3719 720 Τά
3761 670 3854 739 μὲν

2272 751 2367 805 οὖν
2394 752 2496 823 τῆς
2530 753 2716 817 Ἀσίας
2738 754 2903 809 οὕτω.
2948 754 3285 826 Πτολεμαῖος
3311 758 3339 810 ὁ
3370 757 3553 827 Λάγου
3579 760 3853 828 Αἰγύπτου

2274 843 2457 916 πάσης
2506 845 2599 898 καὶ
2628 845 2837 913 Λιϐύης
2894 844 2990 899 καὶ
3039 847 3137 916 τῆς
3176 848 3433 903 ἐπέκεινα
3494 852 3631 921 γῆς,
3684 854 3853 925 όπόση

2274 935 2536 1007 Αἰγύπτῳ
2578 939 2860 1005 συνάπτει,
2897 939 3086 1011 ἄρχειν
3125 941 3330 1013 ἐτάχθη
3358 961 3372 975 ·
3406 942 3436 995 ό
3457 943 3513 997 δὲ
3538 944 3617 1016 τῷ
3649 944 3857 1015 βασιλεῖ

2292 1028 2626 1101 Ἀλεξάνδρῳ
2679 1029 2776 1084 ἐπὶ
2824 1034 2891 1102 τῇ
2942 1033 3250 1103 σατραπείᾳ
3297 1033 3471 1108 ταύτῃ
3523 1038 3857 1107 τεταγμένος

2278 1121 2592 1195 Κλεομένης
2622 1123 2866 1196 ὕπαρχος
2898 1126 3219 1198 Πτολεμαίῳ
3242 1128 3614 1200 ἀποκατέστη.
3640 1132 3856 1201 Λαομέ-

2274 1213 2377 1267 δων
2398 1214 2455 1268 δὲ
2476 1217 2504 1267 ὁ
2521 1216 2886 1283 Μιτυληναῖος
2914 1217 3101 1287 Σύρων
3128 1219 3386 1289 ἡγεῖσθαι
3412 1221 3727 1291 ἀπεφάνθη,
3763 1223 3858 1277 καὶ

2274 1302 2518 1368 Φιλώτας
2542 1303 2644 1375 μὲν
2670 1305 2947 1371 Κιλικίας,
2981 1306 3161 1362 Πίθων
3185 1310 3229 1340 ⁶⁹
3254 1309 3310 1362 δὲ
3340 1310 3576 1380 Μηδίας,
3610 1313 3859 1384 Εὐμένης

2275 1398 2331 1450 δὲ
2376 1398 2772 1461 Καππαδοκίας
2818 1416 2878 1453 τε
2926 1400 3019 1454 καὶ
3073 1402 3456 1472 Παφλαγονίας
3491 1406 3586 1459 καὶ
3620 1407 3733 1459 τῶν
3771 1407 3861 1461 ἐπὶ

2275 1489 2367 1542 τὸν
2394 1489 2647 1556 Εὔξεινον
2673 1491 2866 1545 πόντον
2900 1494 3199 1547 κατιόντων
3244 1498 3409 1568 μέχρι
3438 1499 3531 1551 καὶ
3560 1500 3618 1562 ἐς
3642 1500 3862 1569 Τραπεσι

2278 1581 2474 1645 ζοῦντα
2497 1584 2565 1649 ⁷ο,
2608 1584 2912 1653 Ἀντίγονος
2940 1586 2997 1639 δὲ
3021 1583 3334 1656 Παμφύλων
3372 1590 3468 1642 καὶ
3492 1590 3734 1644 Κιλίκων
3767 1592 3861 1661 μέ-

2278 1692 2369 1746 χρι
2403 1676 2666 1746 Φρυγίοις,
2702 1678 2903 1748 Καρῶν
2934 1678 2991 1731 δὲ
3018 1680 3342 1750 Ἄσανδρος,
3374 1678 3615 1753 [201M
3645 1681 3861 1735 Μέναν-
3900 1734 3903 1735 ,

2283 1766 2410 1837 δρος
2440 1766 2495 1819 δὲ
2520 1766 2728 1832 Λυδῶν,
2765 1768 3047 1833 Λεωνάτος
3069 1769 3125 1822 δὲ
3152 1770 3252 1840 τῆς
3282 1769 3368 1839 ἐφ’
3414 1770 3798 1843 Ἑλλησπόντῳ
3817 1774 3857 1804 τι

575 1886 744 1941 ropa,
814 1836 1088 1932 Thracia,
1153 1836 1408 1935 quidem,
1473 1876 1526 1920 et
1578 1864 1960 1921 Cherronesus
2011 1865 2167 1936 Lysi-

2277 1860 2536 1932 Φρυγίας.
2568 1862 2680 1914 Καὶ
2711 1862 2823 1915 τῶν
2854 1863 2952 1933 μὲν
2984 1836 3251 1917 Ἀσιανῶν
3280 1836 3444 1930 om,
3474 1836 3582 1918 τῶν
3614 1865 3660 1919 δ’
3686 1836 3864 1933 Εὐρω-

578 1963 774 2017 ιιι.ιρ1ιο
827 1961 985 2015 cessit
1015 1959 1163 2029 (74).
1192 1958 1479 2026 Antipater
1529 1966 1708 2012 autem
1748 1959 2012 2013 universa:
2056 1958 2170 2013 Ma-

574 2051 849 2119 cedoniae,
884 2060 937 2105 et
973 2049 1227 2114 Grmciae,
1270 2048 1466 2120 Illyriis
1498 2050 1623 2102 item
1646 2089 1662 2115 ,
1691 2062 1744 2102 et
1772 2049 2022 2103 Triballis
2044 2088 2058 2113 ,
2091 2061 2173 2103 at-

575 2160 681 2214 que
710 2145 960 2214 Agrianis
983 2185 999 2211 ,
1023 2144 1394 2212 omnibusque
1424 2144 1560 2197 adeo
1595 2144 1662 2197 iis
1685 2183 1699 2206 ,
1733 2144 1926 2210 quibus
1958 2143 2012 2198 in
2043 2158 2173 2197 con-

576 2234 817 2308 tinente[
837 2236 1094 2305 Europaea
1122 2235 1137 2308 ]
1177 2236 1353 2290 fuerat
1375 2235 1442 2289 ab
1459 2236 1768 2291 Alexandro
1791 2238 1964 2291 adhuc
1981 2254 2172 2306 supcr-

575 2329 702 2383 stite
731 2343 854 2384 cum
886 2332 1039 2399 plena
1080 2340 1134 2384 et
1163 2345 1377 2383 summa
1402 2337 1667 2397 potestate
1701 2330 1998 2398 imperator
2026 2346 2160 2400 pra-.-

575 2419 772 2474 fectus.
821 2418 1105 2475 Curatoris
1164 2436 1327 2489 porro
1366 2419 1597 2474 ollicium
1624 2459 1641 2485 ,
1710 2437 1939 2491 quaeque
1974 2423 2043 2477 ad
2086 2439 2173 2476 re-

575 2515 716 2582 giam
734 2512 1067 2581 pertinerent
1096 2514 1352 2579 tutelam,
1378 2512 1602 2569 Cratero
1640 2515 1991 2569 mandata.At
2027 2516 2170 2584 quod

577 2621 849 2660 summum
867 2616 949 2660 est
969 2606 1109 2674 apud
1138 2604 1458 2662 Macedonas
1474 2606 1753 2676 dignitatis
1767 2606 2006 2671 culmen,
2034 2605 2168 2663 Per-

575 2700 757 2773 diccas
789 2695 1188 2766 llephzestiouis
1222 2698 1594 2753 chiliarchiam
1626 2698 1801 2753 tenuit
1827 2698 1995 2769 (75).

647 2788 896 2843 ludorum
919 2790 1162 2843 onmium
1195 2788 1432 2858 praefecti
1466 2788 1635 2845 Porus
1659 2801 1715 2845 et
1737 2787 1964 2847 Taxiles
1990 2791 2166 2848 fuere.

573 2882 653 2935 Ac
715 2882 854 2936 Poro
875 2883 1114 2951 quidem,
1173 2898 1296 2952 qua:
1353 2882 1542 2937 ludunt
1580 2884 1723 2938 inter
1772 2894 1823 2939 et
1876 2884 2166 2956 Hydaspen

574 2976 795 3029 ﬂumina
831 2973 1051 3043 iacent;
1086 2974 1264 3029 Taxili
1312 2990 1439 3029 vero
1488 2976 1694 3046 reliqua
1730 2987 1858 3031 sunt
1885 2979 2165 3033 attributa.

576 3068 768 3121 Pithon
799 3066 912 3137 (76)
941 3067 1079 3121 alter
1102 3067 1294 3122 horum
1316 3067 1566 3123 ﬁnitimis
1594 3069 1902 3138 imperavit,
1928 3071 2169 3140 exceptis

2276 1952 2454 2006 παίων
2478 1951 2701 2024 Θρᾴκης
2735 1953 2832 2023 μὲν
2851 1954 2947 2006 καὶ
2966 1954 3315 2024 Χερρονήσου
3351 1955 3692 2026 Λυσίμαχος,
3739 1957 3859 2009 ’Λν-

2273 2047 2538 2118 τίπατρος
2572 2047 2628 2099 δὲ
2683 2048 2777 2101 ἐπὶ
2826 2049 2961 2102 πᾶσι
3006 2048 3287 2102 Μακεδόσι
3333 2050 3429 2103 καὶ
3483 2050 3715 2122 Ἕλλησι
3768 2052 3861 2105 καί¹

2287 2139 2570 2211 Ἰλλυριοῖς
2611 2141 2706 2194 καὶ
2736 2141 3058 2213 Τριϐαλλοῖς
3093 2141 3189 2195 καὶ
3218 2143 3473 2213 Ἀγριᾶσι
3501 2147 3596 2199 καὶ
3630 2146 3735 2199 ὅσα
3762 2146 3861 2215 τῆς

2274 2233 2505 2305 ἠπείρου
2547 2233 2750 2300 ὲξέ-τι”
2795 2234 3143 2310 Ἀλεξάνδρου
3169 2239 3475 2310 στρατηγὸς
3503 2240 3861 2312 αὐτοκράτωρ

2274 2330 2556 2386 ἐτέτακτο,
2584 2330 2695 2400 Τὴν
2717 2329 2775 2383 δὲ
2808 2329 3138 2400 κηδεμονίαν
3168 2331 3265 2385 καὶ
3296 2333 3409 2400 ὅση·
3431 2332 3739 2403 προστασία
3765 2333 3862 2403 τῆς

2276 2421 2575 2493 βασιλείας,
2613 2424 2893 2493 Κρατερὸς
2932 2421 3242 2493 ἐπετράπη,
3277 2423 3405 2494 διδὴ
3447 2423 3758 2495 πρώτιστον
3780 2442 3865 2478 τιο

2276 2515 2382 2584 μῆς
2404 2514 2553 2577 τέλος
2584 2516 2733 2584 παρὰ
2757 2513 3033 2567 Μακεδόσι
3055 2529 3069 2543 °
3096 2515 3402 2586 Περδίκκας
3435 2515 3493 2570 δὲ
3522 2516 3620 2587 τὴν
3663 2516 3863 2587 Ἡφαι-

2276 2606 2499 2671 στίωνος
2530 2606 2866 2678 χιλιαρχίαν.
3566 2604 3569 2609 ’

2342 2782 2525 2843 Ἦσαν
2552 2789 2606 2843 δὲ
2624 2788 2884 2860 ἄρχοντες
2920 2789 3097 2844 Ἰνδῶν
3128 2789 3229 2862 μὲν
3250 2790 3519 2846 ἁπάντων
3540 2789 3741 2860 Πῶρος
3769 2791 3866 2847 καὶ

2273 2880 2507 2951 Ταξίλης
2539 2897 2552 2911 ο
2590 2881 2704 2934 ἀλλ’
2725 2884 2752 2935 ό
2785 2884 2885 2953 μὲν
2918 2882 3109 2955 Πῶρος
3141 2883 3190 2937 οἳ
3225 2885 3282 2937 ὲν
3315 2884 3465 2956 μέσῳ
3500 2884 3670 2938 ’ῐνδοῦ
3698 2903 3867 2939 ποτα-

2276 2973 2380 3046 μοῦ
2414 2976 2507 3028 καὶ
2544 2975 2818 3030 Ὑδάσπου
2850 2977 3132 3048 νέμονται,
3160 2978 3398 3050 Ταξίλης
3424 2979 3482 3032 δὲ
3503 2980 3611 3034 τῶν
3632 2979 3864 3035 λοιπῶν.

2273 3068 2456 3123 Πίθων
2481 3070 2525 3101 ⁷³
2556 3067 2615 3122 δέ
2642 3087 2725 3133 τις
2776 3069 2886 3123 τῶν
2923 3069 3132 3135 τούτοις
3182 3072 3402 3143 ὁμόρων
3458 3074 3669 3144 ἠγεῖτο,
3724 3074 3868 3143 πλὴν

574 3160 940 3216 l’aramisadis
968 3161 1101 3231 (77).
1128 3160 1230 3227 Qui
1286 3177 1414 3216 vero
1448 3159 1595 3217 Indis
1646 3163 1970 3217 contermini
2018 3175 2163 3232 sunt,

2277 3163 2679 3234 Παραμισάδων
2701 3164 2766 3218 ⁷⁸.
2805 3164 2867 3216 Ol
2890 3164 2946 3217 δὲ
2975 3164 3345 3227 συνάπτοντες
3367 3163 3574 3230 Ἰνδοῖς,
3605 3166 3726 3220 ὅσοι
3763 3166 3868 3219 ὑπὸ

575 3252 678 3307 sub
703 3253 993 3308 Caucaseis
1018 3253 1290 3308 montibus
1310 3252 1627 3320 incolentes,
1651 3254 1902 3325 Oxyarta:
1932 3256 2166 3322 Bactrio,

577 3345 833 3399 Roxanes
885 3346 1044 3415 patri,
1084 3348 1298 3415 reg-mili
1346 3347 1678 3415 obtigerunt.
1726 3346 1861 3403 llnic
1919 3349 2164 3404 lioxanaz

576 3436 721 3492 lilius
777 3444 936 3491 natus
984 3447 1104 3505 post
1158 3438 1455 3491 Alexandri
1522 3438 1690 3507 patris
1743 3442 2167 3510 obitum,quent

577 3547 732 3601 teque
757 3534 1001 3600 parentis
1039 3533 1257 3586 nomine
1292 3531 1661 3588 Alexandrum
1713 3536 2040 3591 Macedones
2072 3551 2167 3604 ap-

578 3622 869 3691 pellarunt.
899 3622 1217 3678 Arachosiis
1247 3636 1299 3677 et
1327 3622 1607 3679 Gedrosiis
1634 3625 1907 3698 Sibyrtius
1934 3626 2166 3697 prwfuit.

581 3717 848 3769 Stasanor
898 3712 995 3786 [αι.
1032 3712 1315 3786 Stanosor]
1366 3714 1630 3772 Soliensis
1680 3718 1820 3787 apud
1878 3717 2068 3773 Arcios
2118 3727 2169 3773 et

580 3806 824 3878 Drangos
861 3809 1125 3878 regnavit.
1188 3807 1469 3878 Philippus
1533 3809 1822 3879 Sogdianis
1859 3810 2168 3879 imperavit,

582 3913 637 3953 ut
669 3901 1053 3969 ltndapharnes
1086 3900 1396 3971 Hyrcaniis,
1440 3914 1493 3957 et
1520 3901 1909 3971 Neoptolemus
1941 3902 2171 3959 Carma-

582 3993 705 4047 nia:.
785 3994 966 4049 Persae
1042 3993 1320 4050 Peucesta‘.
1386 4005 1707 4063 paruerunt.
1770 3996 2166 4069 Sogdianorum

580 4088 782 4159 quippe
809 4104 1032 4157 regnum
1065 4087 1299 4159 Oropius
1327 4100 1596 4155 tenuerat,
1642 4106 1748 4146 nou
1777 4108 1806 4146 a
1841 4100 1994 4161 patre
2045 4090 2170 4146 reli-

584 4191 754 4243 ctum,
790 4181 883 4236 sed
917 4185 984 4235 ab
1028 4183 1339 4237 Alexandro
1400 4196 1705 4255 acceptum.
1739 4184 1838 4251 Qui
1880 4195 2167 4255 postquam

582 4272 637 4329 in
664 4288 784 4327 eam
819 4273 1183 4329 calamitatem
1234 4274 1448 4343 incidit,
1506 4286 1564 4331 ut
1599 4277 1986 4347 perduellionis
2048 4292 2173 4331 reus

581 4380 749 4436 regno
774 4366 1059 4422 exuendus
1090 4376 1256 4431 esset,
1293 4369 1751 4424 communicatum
1778 4386 1899 4425 cum
1925 4370 2031 4425 alio
2055 4368 2169 4440 (78)

580 4458 776 4512 horum
810 4456 1257 4532 [Sogdianorum]
1292 4462 1576 4532 imperium
1612 4462 1805 4517 tenuit.
1842 4462 2167 4533 Babylonio-

581 4571 702 4610 rum
732 4571 885 4621 vero,
915 4557 1143 4628 ejusque
1172 4559 1407 4628 regionis
1437 4573 1557 4629 qua:
1590 4559 1767 4613 media
1798 4558 2004 4629 Tigrim
2052 4560 2163 4632 (79)

2274 3254 2386 3311 τοῖς
2412 3252 2751 3317 Καυκασίοις
2780 3253 3001 3325 δρεσιπ
3031 3255 3311 3325 νέμονται,
3344 3255 3617 3329 Ὀξυάρτῃ
3650 3255 3730 3327 τῷ
3765 3257 3869 3310 Βα-

2275 3344 2468 3417 κτρίῳ,
2516 3344 2575 3408 ὃς
2603 3342 2671 3418 ἦν
2721 3346 2997 3418 Ῥωξάνης
3027 3347 3231 3419 πατὴρ,
3266 3350 3346 3411 είς
3385 3350 3559 3419 ἀρχὴν
3582 3352 3865 3419 άπενεμή-

2275 3437 2452 3509 θησαν
2474 3455 2487 3469 ·
2520 3434 2588 3509 ἦς
2626 3438 2823 3510 ἐτέχθη
2869 3441 3000 3503 παῖς
3027 3440 3167 3510 μετὰ
3189 3440 3284 3495 τὸν
3309 3440 3404 3495 τοῦ
3433 3441 3641 3512 πατρὸς
3672 3440 3869 3505 Ἀλεξ-

2275 3532 2472 3601 άνδρου
2514 3530 2766 3597 θάνατον,
2799 3524 2844 3600 ᾧ
2894 3533 2956 3587 τὸ
3000 3532 3333 3587 Μακεδόνων
3385 3533 3592 3603 πλῆθος
3628 3534 3728 3588 τοῦ
3761 3554 3867 3589 παο

2273 3624 2402 3695 τρὸς
2435 3623 2534 3695 τὴν
2571 3624 2948 3696 προσηγορίαν
2976 3624 3332 3696 Ἀλέξανδρον
3368 3625 3570 3680 ἔθεντο.
3616 3626 3869 3697 Ἀραχω-

2276 3716 2409 3770 σίων
2440 3716 2497 3769 se
2530 3717 2624 3771 καὶ
2656 3716 2980 3787 Γαδρωσίων
3019 3717 3229 3788 ἐπῆρχε
3256 3717 3559 3788 Σιϐύρτιος,
3599 3718 3699 3772 καὶ⁵
3724 3720 3868 3771 Eta-

2276 3811 2459 3880 σάνωρ
2487 3811 2515 3863 ό
2546 3810 2728 3873 Σόλιος
2759 3810 2987 3881 Ἀρείων
3020 3811 3116 3864 καλ⁵
3153 3810 3417 3881 Δράγγων
3446 3812 3649 3880 ἠγεῖτο.
3674 3811 3869 3864 Φιλίπ-

2274 3919 2377 3955 που
2404 3903 2460 3955 δὲ
2491 3897 2561 3973 ἧν
2585 3902 2727 3973 ἀρχὴ
2759 3902 3037 3971 Σογδιανοὶ
3070 3903 3167 3957 καὶ
3205 3902 3603 3975 Ῥαδαφέρνους
3658 3905 3873 3975 ’Υρκαο

2274 3996 2386 4050 νίαι
2444 3997 2537 4049 καὶ
2578 3995 2962 4066 Νεοπτολέμου
3011 3994 3330 4067 Καρμανία.
3375 3997 3586 4067 Πέρσαι
3644 3998 3706 4051 δὲ
3766 3998 3872 4053 ὑπδ

2278 4089 2566 4163 Πευκέστῃ
2614 4088 2941 4159 ἐτάχθησαν.
2988 4089 3099 4160 Τὴν
3137 4089 3194 4142 δὲ
3240 4089 3542 4159 Σογδιανῶν
3584 4087 3870 4160 βασιλείαν

2289 4180 2558 4254 Ὀρώπιος
2578 4176 2744 4251 εἶχεν,
2776 4182 2837 4235 οὐ
2878 4181 3109 4251 πάτριον
3130 4181 3271 4253 ἔχων
3295 4183 3491 4255 ἀρχὴν,
3518 4182 3657 4238 ἀλλὰ
3685 4182 3873 4247 δόντος

2276 4275 2443 4330 αὐτοῦ
2462 4274 2815 4346 Ἀλεξάνδρου
2842 4293 2856 4306 ’
2880 4278 3003 4329 ἐπεὶ
3023 4276 3080 4329 δὲ
3098 4275 3232 4347 τύχη
3259 4292 3341 4339 τις
3365 4274 3512 4346 αὐτῷ
3529 4275 3834 4328 συνέπεσεν
3854 4316 3870 4341 ,

2276 4367 2702 4432 ἐπαναστάσεως
2760 4370 2942 4422 αίτίαν
3008 4369 3265 4439 φεύγοντι
3325 4369 3712 4440 παραλυθῆναι
3776 4371 3876 4439 τῆς

2278 4459 2477 4531 ἀρχῆς,
2514 4460 2635 4513 τότε
2665 4460 2860 4523 κοινῶς
2896 4460 3077 4514 αὐτῶν
3108 4460 3207 4531 τὴν
3239 4460 3417 4535 ἀρχὴν
3450 4457 3588 4531 εἶχε.
3617 4461 3877 4517 Βαϐυλω-

2270 4553 2402 4605 νίων
2442 4552 2501 4605 δὲ
2531 4552 2749 4622 καὶτῆς
2799 4552 2972 4623 μέσης
3020 4550 3133 4605 τῶν
3166 4553 3430 4624 ποταμῶν
3468 4552 3747 4625 Τίγρητος
3774 4550 3878 4607 καὶ

581 4649 726 4705 inter
755 4660 811 4706 et
843 4649 1174 4721 Euphratem
1204 4651 1396 4707 ﬂuvios
1429 4654 1533 4708 sita
1568 4662 1673 4721 est,
1707 4652 1779 4707 ita
1818 4654 2163 4709 distributum

2277 4647 2591 4717 Εὐφράτου,
2632 4646 2741 4700 τῶν
2770 4646 2869 4717 μὲν
2891 4646 3175 4712 Σέλευκος,
3207 4646 3307 4717 τῆς
3354 4647 3410 4700 δὲ
3437 4648 3877 4718 Μεσοποταμίας

584 4741 894 4810 imperium,
937 4741 1125 4797 utillis
1163 4742 1387 4812 quidem
1432 4742 1713 4807 Seleucus,
1766 4742 2169 4812 Mesopotamiae

579 4849 713 4889 vero
732 4835 1036 4891 Archelaus
1070 4836 1380 4906 imperaret.
1416 4834 1515 4889 Hic
1549 4838 1732 4905 itaque
1761 4837 2028 4905 gentium,
2073 4855 2169 4893 ea-

580 4942 811 4998 rumque
837 4928 1217 4998 prazfectorum
1244 4931 1541 5001 catalogus,
1572 4939 1857 5000 postquam
1886 4929 2171 4990 Perdiccas

2285 4741 2579 4811 Ἀρχέλαος
2646 4734 2806 4811 ἦρχε.
2863 4738 3098 4793 Τοσόσδε
3155 4740 3393 4811 ἀριθμὸς
3448 4739 3617 4793 ἐθνῶν
3648 4756 3708 4792 τε
3782 4742 3879 4793 καὶ

2272 4835 2483 4889 ἔθνεσιν
2540 4834 2821 4906 ἀρχόντων
2890 4826 2981 4905 ἦν,
3039 4834 3129 4887 ὅτε
3189 4834 3499 4904 Περδίκκας
3569 4834 3709 4909 μετὰ
3776 4833 3878 4904 τὴν

2288 4927 2642 4997 Ἀλεξάνδρου
2663 4926 2925 4996 τελευτὴν
2952 4926 3052 4990 τὰς
3078 4926 3251 4998 ἀρχὰς
3272 4925 3477 4997 ἔνειμε.
3501 4927 3614 4979 Καὶ
3633 4926 3702 4979 τά
3734 4925 3877 4979 ἄλλα

1845 5024 2082 5084 VARI/IS
2109 5030 2406 5087 LECTION
2417 5028 2518 5082 ES.

647 5123 692 5156 "
721 5123 923 5176 πείθων
955 5140 1037 5193 pr.
1075 5125 1139 5187 A,
1190 5121 1378 5195 πόθων
1431 5138 1589 5195 θοι-ι’.
1616 5124 1696 5195 ’,⁷ο
1725 5124 2129 5195 τραπεζοῦντος
2189 5129 2254 5183 Α.
2332 5128 2375 5158 ⁷³
2418 5122 2810 5195 Ἑλλησπόντου
2865 5135 3010 5195 corr.
3035 5120 3077 5172 A
3111 5136 3127 5195 ς

3203 5119 3247 5149 τ’
3280 5118 3423 5191 έξέτι
3451 5118 3495 5172 Α
3526 5135 3540 5172 :
3579 5116 3637 5185 ’ἐξ
3663 5117 3762 5191 ἔτη
3815 5136 3879 5191 ς.

576 5194 625 5227 ’³
657 5195 845 5248 πύθων
869 5189 1012 5249 corr.
1039 5196 1104 5250 A.
1185 5193 1231 5227 "
1250 5193 1680 5267 παραμεισαδῶν
1707 5189 1798 5250 A':
1836 5189 2023 5251 verum
2054 5189 2138 5254 est
2171 5195 2673 5271 Παροπαμισαδών.
2751 5193 2798 5225 ⁷⁵
2820 5190 2890 5245 τὰ
2940 5189 3237 5248 Καυκάσια
3278 5190 3379 5262 δρη
3432 5207 3493 5253 ς’.

2141 5294 2375 5352 NOTAE.

666 5392 779 5461 (7'2)
813 5392 917 5447 Pro
956 5394 1039 5448 his
1066 5393 1228 5448 habet
1259 5390 1360 5446 inf.
1393 5391 1566 5463 Lyciis
1601 5393 1819 5448 Arrian.
1844 5396 1968 5449 cod.
1997 5394 2087 5450 92.

658 5463 770 5532 (7'5)
796 5464 1162 5518 Cassandrum
1200 5464 1561 5535 apud_J_ustin.
1603 5473 1658 5518 et
1696 5466 1942 5519 Curtium
1972 5465 2116 5535 leges
2151 5482 2165 5519 :

594 5544 655 5587 nt
687 5543 739 5585 et
786 5536 835 5587 in
871 5536 1048 5602 priore
1092 5536 1299 5601 imperii
1340 5532 1672 5590 Macedonici
1718 5536 1985 5591 divisione
2026 5532 2167 5605 apud

578 5606 873 5659 Arrianuut
909 5605 1005 5658 inf.
1033 5610 1156 5660 cod.
1189 5605 1280 5659 92.

658 5674 768 5745 (74)
812 5674 1014 5730 llurum
1054 5677 1452 5730 triumViraluut
1479 5678 1733 5732 conferas
1763 5676 1891 5733 licet
1914 5694 2036 5733 cum
2071 5680 2173 5734 Ar-

584 5748 744 5800 riano
774 5748 901 5803 inl'r.
925 5750 1047 5803 cod.
1086 5748 1174 5802 92’.

660 5816 773 5886 ('75)
798 5815 973 5889 Jungo
1008 5820 1122 5873 haec
1165 5836 1289 5873 cum
1320 5817 1591 5875 Perdicca:
1625 5816 1909 5888 dignitate,
1952 5829 2173 5876 secutus

583 5886 1030 5967 Arruntium—inf.
1096 5903 1150 5947 et
1207 5895 1279 5946 ita
1341 5892 1565 5962 exigunt
1627 5886 1712 5946 res
1780 5892 1846 5947 de
1909 5891 2170 5948 Perdicca

590 5972 831 6032 sci-rpite.

2346 5394 2459 5465 (76)
2484 5391 2601 5465 Non
2628 5390 2739 5455 ille,
2767 5389 2852 5465 cui
2880 5404 3031 5465 supr.
3062 5387 3293 5465 Mediam
3339 5388 3631 5465 obvenisse
3658 5388 3880 5465 retulit,

2269 5458 2363 5520 sed
2389 5458 2549 5536 quem
2575 5461 2841 5536 Agenoris
2872 5461 3040 5514 lilium
3079 5462 3209 5515 facit
3230 5458 3502 5522 Justinus,
3527 5469 3581 5513 et
3607 5461 3883 5513 Arrianus

2281 5534 2965 5677 "liiﬁ‘di‘ggdpamiradas
3016 5602 3161 5671 leges
3209 5601 3348 5656 infra
3393 5600 3533 5671 apud
3574 5598 3882 5654 Arriauum

2280 5676 2623 5817 coil'iSSieCum
2653 5743 2903 5817 Philippo
2938 5744 3221 5810 nimirum,
3272 5742 3355 5797 cui
3396 5741 3507 5812 jam
3563 5756 3683 5797 mox
3772 5740 3887 5797 So—

2286 5821 2466 5890 gdiaui
2504 5816 2748 5890 attributi
2786 5816 3123 5890 legebantur.

2360 5889 2474 5961 (79)
2508 5886 2661 5944 Unde
2693 5885 3069 5956 Mcmpotamia
3098 5886 3237 5942 dicta
3255 5895 3357 5943 est.
