4092 6424
599 364 702 431 291

1760 359 2026 424 ΡΗΟΤΙΙ
2063 357 2582 421 PATRIARCHIE
2621 357 2734 421 CP.

3785 349 3892 415 292

604 491 805 553 gestas,
827 477 983 534 libris
1013 477 1127 550 (96)
1145 477 1340 534 tribus.
1370 474 1560 530 Refert
1589 484 1781 531 auctor
1809 475 2031 531 Hosinm
2062 474 2190 529 Cor-

2301 473 2481 543 τύπῳ,
2508 474 2584 527 Τὰ
2600 469 2752 525 κατὰ
2770 469 2885 538 τὴν
2908 467 2979 522 ἐν
2997 469 3212 535 Λίκαίᾳ
3234 467 3503 523 σύνοδον
3524 468 3885 537 πραχθέντα·

625 576 779 629 duba:
807 574 979 642 episc.
1012 581 1068 625 et
1097 572 1344 625 Bitonem
1381 568 1495 638 (97)
1525 580 1686 637 atque
1716 567 2055 622 Vincentium
2091 564 2198 618 Ro-

615 684 664 720 ru
678 681 814 720 auos
846 665 1180 728 sacerdotes,
1210 662 1456 716 Silvestri
1484 660 1714 715 Romani
1751 660 2022 728 pontificis
2052 658 2198 727 lcga-

608 772 711 825 tos,
750 760 1009 823 adfuisse,
1060 757 1232 825 ipsum
1274 768 1491 825 quoque
1540 754 1877 809 Eustathium
1904 750 2199 805 Antioche-

610 869 737 904 num
798 850 1188 918 patriarcbam,
1251 856 1307 900 et
1365 848 1734 902 Alexandrum
1817 843 2192 914 presbyterum

612 945 985 1014 MetrOphanis
1046 938 1637 1012 Constantinpolitani
1680 939 1952 1007 legatum;
2020 948 2196 1003 neque

605 1039 752 1091 enim
798 1038 907 1102 hic,
957 1046 1119 1091 aetate
1152 1036 1435 1091 confectus
1480 1032 1859 1103 (centesimum
1894 1029 2197 1084 excedebat

615 1129 863 1198 annum),
891 1128 1080 1182 adesse
1103 1135 1338 1197 poterat.
1360 1124 1608 1180 Adfuisse
1629 1124 2059 1177 etAlexaudrutu
2079 1120 2192 1192 (98)

611 1221 957 1276 Alexandria:
1013 1221 1339 1285 antistitem,
1394 1235 1499 1273 una
1558 1234 1681 1273 cum
1720 1216 2041 1279 Athanasio,
2100 1215 2191 1285 qui

605 1329 725 1385 post
786 1317 948 1371 etiam
984 1316 1035 1370 ei
1096 1316 1148 1369 in
1198 1314 1512 1384 episcopatu
1567 1311 1831 1367 successit
1858 1331 1872 1364 :
1902 1319 1957 1365 ct
1997 1321 2194 1382 praeter
2228 1333 2233 1338 ·

603 1426 698 1464 eos
743 1410 904 1481 69b
947 1408 1243 1462 Macarium
1298 1405 1829 1477 Hierosolymorum
1872 1403 2185 1473 praesulem.

603 1518 725 1554 cum
760 1516 951 1570 magna
1014 1510 1274 1568 praeterea
1322 1497 1700 1567 episcoporum
1735 1510 1800 1550 ac
1840 1497 2189 1549 sacerdotum

605 1592 969 1644 multitudine.
1025 1589 1286 1644 ludictam
1339 1600 1521 1643 autem
1576 1590 1841 1658 synodum
1903 1594 2188 1649 memorat,

601 1700 749 1739 anno
814 1684 1025 1738 decimo
1079 1694 1236 1738 sexto
1262 1681 1378 1753 (99)
1411 1682 1621 1750 imperii
1649 1681 2029 1743 Constantini;
2088 1680 2191 1732 du-

602 1790 861 1846 rasseque
921 1777 1167 1830 actiones
1211 1774 1329 1842 ejus
1376 1774 1441 1827 ad
1475 1788 1649 1843 usque
1676 1772 1920 1841 ejusdem
1955 1773 2185 1841 primum

602 1875 653 1921 et
698 1868 1013 1921 vicesimum
1068 1880 1267 1919 annum
1307 1880 1431 1919 cum
1481 1865 1762 1927 semestri,
1817 1873 1875 1918 ut
1929 1863 2184 1918 nimirum

599 1974 693 2015 sex
720 1960 796 2031 (l)
822 1961 964 2029 ipsos
994 1973 1167 2013 annos
1191 1956 1210 2029 Ῐ
1238 1956 1426 2012 Patres
1453 1956 1475 2030 1
1498 1956 1869 2012 consederint.

669 2137 1035 2191 Exturhatum
1090 2133 1163 2188 ibi
1222 2133 1391 2188 refert
1439 2133 1651 2197 Arium,
1707 2142 1763 2187 et
1818 2133 2187 2188 anathematis

598 2230 823 2283 fulmine
849 2226 1124 2282 conﬁxum
1145 2266 1162 2289 ,
1207 2227 1301 2280 sed
1333 2226 1457 2280 inde
1497 2225 1689 2280 iterum
1713 2233 1968 2279 conatum
2014 2226 2187 2294 impe-

601 2333 745 2374 trare
773 2320 1158 2374 admissionem
1178 2360 1196 2387 ,
1233 2316 1569 2373 tentantibus
1597 2318 1647 2371 id
1674 2332 2045 2387 saepenumero
2069 2317 2184 2374 Ett-

598 2413 751 2467 sehio
779 2412 1178 2466 Nicmuediensi
1230 2418 1480 2481 praesule,
1519 2424 1573 2466 et
1608 2411 1834 2467 Eutocio
1868 2411 1946 2484 (2)
1975 2413 2183 2468 Ariano

597 2505 916 2578 presbytero
963 2506 1235 2570 ordinato,
1288 2520 1448 2574 quem
1496 2504 1879 2575 posteriorem,
1942 2506 2184 2559 animam

600 2612 768 2667 agens
796 2598 1117 2653 Constantia
1151 2599 1501 2667 imperatoris
1518 2616 1695 2669 soror,
1719 2602 1874 2657 fratri
1899 2618 2183 2657 commen-

599 2692 776 2747 darat.
823 2689 1022 2744 Verum
1063 2691 1165 2746 etsi
1206 2692 1396 2745 Arium
1448 2693 1536 2747 isti
1584 2693 1635 2747 in
1669 2693 1971 2750 Ecclesiam
2028 2696 2185 2749 redu-

598 2798 727 2837 cere
757 2781 939 2835 conati
979 2782 1203 2845 l'ueriut,
1246 2797 1353 2836 non
1386 2784 1699 2852 permisisse
1727 2794 1908 2838 tamen
1942 2784 2182 2838 divinam

598 2872 879 2939 ultionem,
904 2875 1113 2929 hostem
1147 2876 1290 2929 hunc
1314 2874 1569 2931 Ecclesiae
1588 2892 1699 2931 sua:
1721 2879 1921 2945 templo
1939 2879 2184 2931 sanctio-

600 2970 755 3037 rique
788 2967 950 3038 adyto
1011 2967 1270 3021 insultare
1328 2968 1455 3021 dttm
1488 2968 1593 3022 lata
1638 2971 1688 3022 in
1734 2984 1856 3023 eum
1886 2970 2183 3032 sententia,

598 3060 653 3118 in
699 3061 915 3117 latrinis
956 3060 1129 3115 voluit
1178 3065 1348 3115 vitam
1400 3062 1702 3115 terminare
1746 3060 1938 3115 eodem
1976 3062 2066 3115 illo
2100 3062 2187 3115 die

2302 563 2460 634 τόμοι
2498 563 2556 615 δὲ
2587 562 2646 615 τὸ
2676 560 2882 631 βιὸλίον
2904 560 2924 592 ³
2960 562 3131 630 τρεῖς,
3167 561 3330 627 Λέγει
3363 559 3419 611 δὲ
3450 558 3541 611 τὸν
3568 561 3667 629 μὲν
3700 559 3887 612 Ὄσιον

2299 654 2396 709 τὸν
2430 655 2525 708 τοῦ
2562 654 2914 726 Κουδρούϐης
2949 652 3076 725 [208
3098 650 3308 724 [1.]καὶ
3342 652 3547 705 Βίτωνα
3570 653 3664 704 καὶ
3701 652 3888 705 Βικέν-

2299 766 2453 815 τιον,
2494 747 2843 819 Ῥωμαῖκοὺς
2868 748 3083 820 ἱερέας,
3126 750 3190 801 ἐκ
3237 744 3529 819 προσώπου
3566 744 3888 816 Σιλόέστρου

2303 840 2399 894 τοῦ
2451 839 2672 911 Ῥώμης
2702 842 2955 911 παρεῖναι
2981 880 2996 903 ,
3031 835 3328 894 Εὐστάθιον
3355 836 3411 892 δὲ
3428 839 3520 893 τὸν
3552 837 3888 908 Ἀντιοχείας

2300 932 2463 987 αὐτὸν
2503 934 2710 985 ἐκεῖνον
2743 971 2758 996 ,
2805 931 3154 1002 Ἀλέξανδρον
3174 972 3190 998 ,
3224 928 3283 994 ὃς
3312 932 3435 985 τότε
3456 939 3477 970 δ
3510 931 3885 1002 πρεσϐυτέρου

2297 1026 2517 1095 ἀξίωμα
2543 1022 2723 1098 εἶχεν,
2754 1025 2835 1090 είς
2869 1024 3165 1098 πρόσωπον
3193 1021 3324 1079 τοῦ³⁸
3358 1023 3884 1080 Κωνσταντινουπὸο

2297 1121 2435 1185 λεως
2463 1120 2863 1193 Μητροφάνους
2894 1123 3154 1192 παρεῖναι
3184 1136 3198 1151 °
3229 1121 3437 1183 ἐκεῖνος
3480 1119 3589 1189 γὰρ
3614 1117 3886 1170 ἐκωλύετο

2300 1213 2595 1285 βαθυτάτῳ
2632 1216 2808 1286 γήρᾳ,
2838 1214 2961 1266 ἐπεὶ
2988 1212 3139 1282 αὑτῷ
3175 1214 3203 1265 ὁ
3229 1212 3419 1283 χρόνος
3461 1211 3556 1265 τοῦ
3589 1210 3705 1281 βίου
3740 1209 3885 1279 ὑπὲρ

2300 1305 2369 1358 τὰ
2397 1304 2597 1357 ἑκατὸν
2632 1303 2970 1371 ὲξετείνετο⁶ι
2998 1303 3117 1375 ἔτη.
3164 1302 3541 1372 Συμπαρεῖναι
3572 1300 3666 1353 καὶ
3704 1297 3888 1364 Ἀλέξα

2295 1396 2490 1468 ανδρον
2522 1398 2613 1451 τὸν
2657 1397 3060 1468 Ἀλεξανδρείας
3090 1397 3207 1468 ἅμα
3249 1395 3560 1465 Ἀθανασίῳ
3584 1432 3599 1457 ,
3629 1393 3687 1457 ὃς
3720 1392 3885 1446 ὓστε-

2300 1507 2392 1561 ρον
2417 1490 2511 1543 καὶ
2533 1490 2774 1561 διάδοχος
2800 1488 2893 1541 τοῦ
2919 1490 3110 1561 θρόνου
3135 1488 3528 1557 κατέστη.“Ἐτι
3548 1487 3604 1539 δὲ
3625 1488 3885 1555 παρεῖναι

2294 1583 2391 1638 καὶ
2440 1583 2532 1636 τὸν
2589 1581 2980 1654 Ἱεροσολύμων
3036 1581 3321 1651 Μακάριον
3358 1582 3452 1634 καὶ
3502 1579 3631 1634 ἄλλο
3679 1578 3885 1649 πλῆθος

2292 1676 2599 1747 ἀρχιερέων
2644 1677 2739 1729 καὶ
2769 1676 2981 1747 ἱερέων.
3027 1673 3479 1745 Συγκροτηθῆναι
3515 1672 3573 1726 δέ
3614 1689 3748 1743 φησι
3782 1672 3882 1739 τὴν

2297 1769 2517 1822 σύνοδον
2553 1768 2957 1837 ἐξκαιδεκάτῳ⁷
2995 1766 3105 1820 ἔτει
3134 1767 3234 1835 τῆς
3266 1764 3683 1820 Κωνσταντίνου
3714 1763 3876 1832 βασι⁶

2291 1860 2478 1923 λείας,
2521 1859 2905 1931 παραταθῆναι
2954 1859 3012 1913 δὲ
3057 1858 3262 1928 ταύτης
3296 1857 3395 1919 τὰς
3442 1856 3674 1926 πράξεις
3717 1855 3885 1925 μέχρι

2288 1952 2545 2023 δευτέρου
2570 1952 2699 2005 ml.“
2745 1952 2992 2006 εἰκοστοῦ
3026 1950 3255 2022 ἡμίσεος
3275 1992 3289 2017 ,
3324 1950 3421 2014 EE”
3445 1948 3691 2021 δηλονότι
3734 1948 3883 2001 ἔτεσι

2289 2047 2495 2119 ταύτης
2535 2064 2842 2117 συγκροτου
2851 2046 3037 2118 μένης.

2359 2141 2498 2210 Φησὶ
2520 2140 2575 2192 δὲ
2605 2139 2998 2211 καθαιρεθῆναι
3048 2139 3147 2210 μὲν
3181 2139 3402 2210 Ἀρειον
3430 2136 3525 2191 καὶ
3571 2136 3883 2207 άναθέματι

2290 2232 2775 2304 καθυποσληθῆναι
2794 2272 2809 2297 ,
2833 2229 2955 2286 εἶτα
2980 2232 3143 2285 πάλιν
3168 2231 3464 2304 πειρᾶσθαι
3486 2229 3676 2283 ὦστε¹⁰
3702 2246 3885 2299 παρα-

2288 2325 2546 2394 δεχθῆναι
2596 2340 2611 2355 ο
2672 2324 2768 2378 καὶ
2821 2322 2978 2377 τοῦτο
3021 2323 3286 2388 πολλάκις
3338 2321 3763 2393 ὲπιτηδευθῆναι
3815 2320 3885 2374 δι’

2290 2402 2554 2469 Εὑσεὸίου
2573 2456 2589 2480 ,
2618 2416 2677 2480 ὃς
2704 2412 2843 2488 ἦρχε
2873 2417 3245 2488 Νικομηδείας
3264 2457 3279 2481 ,
3308 2417 3401 2470 καὶ
3420 2416 3486 2469 δι’
3514 2415 3778 2468 Εύτοκίου
3826 2413 3886 2467 δὲ

2287 2509 2385 2563 τοῦ
2433 2510 2748 2581 Ἀρειανοῦ,
2805 2511 3181 2582 πρεσϐυτέρου
3229 2509 3447 2580 ἔχοντος
3502 2509 3884 2579 χειροθεσίαν,

2288 2605 2348 2658 ὃν
2382 2606 2414 2674 ἠ
2449 2604 2543 2657 τοῦ
2588 2604 2850 2675 βασιλέως
2882 2603 3085 2675 ἀδελφὴ
3152 2605 3585 2669 Κωνσταντῖνα,
3640 2601 3742 2673 τὴν
3793 2603 3885 2657 τέ’

2288 2696 2493 2751 λειονίι
2525 2698 2742 2768 ἡμέραν
2789 2698 3141 2768 ὑπερχομένη
3179 2695 3274 2749 τοῦ
3324 2696 3442 2767 βίου
3462 2737 3477 2761 ,
3503 2696 3779 2767 παρέθετο
3808 2696 3890 2769 τῷ

2287 2788 2521 2859 ἀδελφῷ.
2566 2788 2705 2842 Ἀλλ’
2733 2784 2881 2843 οῦτοι
2930 2788 3029 2859 μὲν
3082 2789 3345 2842 ἔσπευδον
3398 2789 3490 2842 τὸν
3522 2790 3742 2859 Ἀρειον
3792 2791 3890 2842 ἑπ-

2291 2882 2520 2949 αγαγεῖν
2548 2882 2590 2911 "
2642 2884 2705 2951 τῇ
2752 2880 3054 2952 Ἐκκλησία
3084 2894 3099 2910 ’
3138 2883 3172 2952 ἡ
3205 2882 3263 2935 δὲ
3294 2881 3413 2935 θεία
3445 2882 3569 2952 δίκη
3603 2881 3705 2935 ούκ
3732 2882 3890 2936 εἴασε

2288 2972 2381 3025 τὸν
2410 2973 2605 3044 ὲχθρδν
2628 2974 2671 3004 ³⁸
2709 2973 3156 3047 κατορχήσασθαι
3190 2976 3362 3046 αὐτῆς
3396 2972 3488 3028 τοῦ
3520 2977 3624 3028 νεὼ
3647 2980 3747 3028 καί
3780 2976 3881 3044 τῆς

2290 3065 2348 3118 ὲν
2371 3062 2521 3136 αὐτῷ
2554 3066 2827 3129 παστάδος
2848 3107 2864 3131 ,
2890 3064 3081 3121 ἀλλ’ὲν
3102 3067 3383 3138 ἀφεδρῶσι
3409 3066 3502 3121 τὸν
3527 3068 3643 3137 βίον
3666 3068 3889 3122 ἐδίκασε

597 3167 709 3224 quo
737 3154 851 3222 ipse
868 3152 1096 3223 ejusque
1124 3153 1345 3208 sectarii
1379 3162 1434 3207 et
1464 3153 1686 3208 asseclze
1713 3161 2020 3207 statuerant
2045 3153 2189 3207 illius

2295 3157 2675 3227 καταστρέψαι
2693 3195 2709 3219 ,
2735 3156 2857 3209 καθ’
2885 3157 2951 3229 ἢν
2977 3156 3141 3220 αὐτὸς
3162 3157 3258 3211 καὶ
3282 3159 3331 3210 οἱ
3357 3159 3693 3212 σπουδασταὶ
3718 3155 3889 3212 αὐτοῦ

602 3246 780 3300 reditu
820 3246 912 3300 Dei
935 3246 1258 3309 Ecclesiam,
1285 3256 1339 3300 et
1367 3262 1521 3301 sacra
1566 3245 1876 3318 profanare.
1910 3246 2190 3301 Accidissc

598 3349 780 3394 autem
813 3337 999 3410 hunc]
1033 3340 1181 3409 impii
1210 3337 1287 3410 1e
1319 3341 1429 3393 vita
1467 3354 1754 3393 excessum
1803 3338 1920 3393 loco
1950 3339 2185 3408 publico,

598 3433 743 3503 quod
785 3448 814 3487 a
870 3432 988 3487 foro
1024 3433 1272 3502 proxime
1317 3431 1527 3486 latrinas
1565 3432 1668 3486 illa:
1714 3435 1990 3487 abessent.
2046 3432 2191 3487 Con-

601 3525 902 3579 stantinum
935 3524 1184 3594 Magnum
1234 3527 1477 3597 gavisam
1506 3526 1720 3589 scribit,
1764 3527 1907 3596 quod
1956 3525 2193 3595 integer-

604 3618 775 3672 rimus
828 3618 992 3685 judex
1027 3618 1168 3674 Deus
1210 3620 1643 3674 controversiam
1675 3634 1890 3674 onmem
1922 3619 2193 3673 sententia

602 3713 711 3767 lata
744 3714 1080 3779 diremisset,
1112 3712 1435 3781 misisscque
1465 3728 1589 3766 mox
1615 3712 1681 3766 ad
1710 3714 1890 3766 varius
1913 3712 2192 3782 epistolas,

603 3807 802 3874 quibus
828 3806 1029 3876 justam
1064 3806 1130 3860 de
1155 3806 1287 3858 Ario
1316 3806 1638 3870 vindictam,
1692 3806 1840 3859 velut
1892 3805 2051 3874 cippo
2104 3804 2193 3857 in-

602 3900 864 3968 scriptam
905 3901 1158 3953 omnihus
1200 3898 1595 3969 promulgaret.
1643 3897 1718 3951 Ita
1763 3895 1921 3966 huius
1959 3898 2194 3969 scripto-

604 3992 679 4047 ris
714 3992 952 4046 narratio
975 3994 1245 4047 consentit
1267 4007 1388 4046 cum
1421 3992 1720 4045 Athanasio
1738 3990 1929 4061 Magno
1947 3992 2051 4059 (5.),
2069 4006 2192 4044 cum

602 4083 949 4139 Theodoreto
1011 4084 1111 4154 (4),
1163 4084 1395 4155 aliisque
1438 4085 1691 4153 plurimis
1741 4085 1843 4157 (5).
1910 4081 2193 4140 Nonnullis

599 4179 742 4231 enim
772 4178 991 4231 tradere
1028 4177 1324 4248 visutn(6),
1354 4193 1457 4232 non
1479 4176 1829 4232 Constantini
1851 4177 2027 4249 Magni
2052 4186 2191 4231 tem-

597 4271 844 4343 poribus,
873 4273 967 4327 sed
1000 4272 1323 4327 Constantio
1354 4271 1463 4326 ﬁlio
1504 4273 1832 4341 imperante,
1863 4282 2000 4324 -tam
2048 4269 2193 4324 [mdo

595 4365 786 4417 Arium
845 4366 993 4417 exitu
1032 4364 1313 4419 hominem
1369 4363 1609 4419 exuisse.
1676 4361 1744 4416 Et
1803 4362 1919 4415 hate
1973 4360 2191 4430 quidem

2293 3250 2503 3319 ὥρισαν
2538 3249 2753 3321 ἡμέραν
2774 3249 2863 3303 διὰ
2895 3250 2996 3319 τῆς
3027 3249 3234 3303 εἰσόδου
3268 3250 3433 3303 αὐτοῦ
3459 3251 3557 3321 τὴν
3586 3251 3893 3322 ἐκκλησίαν

2297 3343 2606 3414 βεϐηλῶσαι
2630 3342 2723 3396 τοῦ
2755 3341 2891 3395 Θεοῦ
2917 3342 3011 3395 καὶ
3038 3343 3107 3395 τὰ
3145 3342 3297 3411 ἅγια.
3331 3342 3441 3396 Καὶ
3466 3343 3499 3413 ἡ
3526 3344 3891 3415 καταστροφὴ

2292 3435 2352 3489 δὲ
2394 3434 2721 3505 δημόσιος¹⁸
2752 3434 3005 3501 γίνεται·
3041 3433 3268 3503 πλησίον
3319 3433 3430 3507 γὰρ
3477 3436 3527 3487 oi
3573 3435 3895 3506 ἀφεδρῶνες

2296 3526 2664 3597 ἐχρημάτιζον
2686 3526 2780 3579 τοῦ
2808 3526 2997 3598 φόρου.
3027 3526 3145 3595 Ἐφ’
3171 3520 3215 3595 ᾧ
3235 3527 3471 3597 ἡσθῆναί
3494 3545 3553 3580 τε
3585 3528 3677 3580 τὸν
3708 3530 3890 3597 μέγαν

2295 3619 2715 3671 Κωνσταντίνον
2743 3619 2977 3689 γράφει,
3023 3618 3099 3681 ὡς
3126 3618 3220 3672 τοῦ
3251 3621 3551 3674 ἀδεκάστου
3582 3621 3778 3691 κριτοῦ
3811 3617 3895 3685 οἷς

2294 3711 2481 3783 ἔκρινε
2528 3712 2789 3776 λύσαντος
2835 3712 3246 3783 ἀμφισϐήτησιν
3292 3716 3508 3779 πᾶσαν,
3558 3715 3776 3785 γράψαι
3831 3732 3891 3770 τε

2293 3804 2455 3857 αὐτὸν
2489 3803 2703 3866 πολλοῖς
2736 3803 3025 3866 ἐπιστολὰς
3052 3847 3068 3869 ,
3100 3805 3197 3875 την
3230 3804 3438 3859 ἔνδικον
3468 3805 3681 3877 Ἀρείου
3713 3825 3892 3862 κατα-

2295 3897 2537 3969 στροφὴν
2571 3896 2958 3965 στηλιτεύοντα
2978 3898 3042 3951 ⁸³.
3062 3898 3173 3951 Καὶ
3196 3899 3223 3951 ὁ
3248 3900 3347 3969 μὲν
3373 3898 3517 3953 οὕτω
3544 3902 3718 3972 φησὶ,
3750 3919 3893 3972 συμ-

2293 3988 2490 4059 φωνῶν
2517 3991 2575 4042 ὲν
2606 3987 2785 4059 τούτῳ
2814 3988 3020 4043 Ἀθανα
3032 3990 3130 4060 σίῳ
3157 4006 3216 4042 τε
3248 3990 3325 4060 τῷ
3376 3991 3599 4063 μεγάλῳ
3629 3992 3726 4046 καὶ
3753 3993 3891 4047 Θεο-

2288 4081 2519 4153 δωρήτῳ
2546 4083 2640 4134 καὶ
2664 4082 2844 4145 ἄλλοις
2877 4081 3139 4135 πλείοσιν·
3173 4082 3338 4145 ἐνίοις
3360 4083 3417 4136 δὲ
3444 4084 3680 4155 γράφειν
3702 4084 3889 4151 ἔδοξεν

2289 4173 2411 4243 οὐχὶ
2428 4173 2568 4226 κατὰ
2583 4174 2713 4236 τοὺς
2730 4174 3146 4227 Κωνσταντίνου
3166 4174 3210 4205 ¹⁶
3233 4176 3328 4228 τοῦ
3352 4176 3607 4245 Μεγάλου
3626 4178 3888 4249 χρόνους,

2290 4267 2429 4322 ἀλλὰ
2483 4267 2578 4331 τοῦ
2620 4267 2809 4331 παιδὸς
2859 4268 3243 4321 Κωνσταντξου
3279 4268 3661 4339 βασιλεύοντος
3710 4272 3889 4337 οὕτως

2293 4357 2536 4430 αἰσχρῶς
2558 4357 2650 4414 τὸν
2682 4360 2903 4430 Ἀρειον
2933 4358 2994 4425 ἐξ
3015 4358 3319 4430 ἀνθρώπων
3340 4360 3738 4435 ἀφανισθῆναι.

1907 4450 2140 4505 νΑιιιιΕ
2189 4450 2593 4506 LECTIONES.

667 4551 876 4623 ³τοῦβ

591 4625 717 4679 atltl.
752 4626 817 4678 Α.
848 4621 856 4623 ἡ
893 4624 914 4655 ⁹
948 4622 1029 4747 ἒξέ
1066 4622 1126 4686 ἒξ
1158 4623 1332 4743 Ἰὶμισυ
1362 4621 1427 4673 Α.

592 4696 743 4747 εἴασε
777 4711 839 4747 ς.
931 4694 973 4725 ¹⁸
1033 4709 1176 4747 ημοσ
1201 4710 1276 4747 ως
1299 4708 1359 4747 ς.

592 4696 743 4750 εἴασε
777 4711 839 4759 ς’.
931 4694 973 4725 ¹⁸
998 4689 1276 4764 δημοσίους
1299 4708 1359 4756 ς.
1439 4691 1482 4723 ι’
1507 4689 1930 4761 στηλιτευούσας
1959 4709 2021 4755 ς.

887 4551 1060 4605 ὤλίου
1115 4567 1176 4615 ς.
1252 4550 1276 4583 ⁸
1306 4549 1428 4603 τότε
1454 4548 1500 4602 Α
1533 4547 1666 4603 ιτοῦ
1694 4566 1755 4613 ς.
1804 4550 1853 4585 νν⁸
1879 4548 1974 4602 τοῦ
1999 4547 2045 4604 Α
2087 4565 2102 4604 :
2143 4548 2307 4602 αὐτοῦ
2338 4548 2432 4602 τοῦ
2467 4568 2527 4614 ς.

1537 4620 1579 4651 ¹⁰
1628 4618 1770 4673 ὥστε
1829 4621 2044 4674 atld.A.
2125 4621 2166 4652 “
2221 4620 2434 4674 τελείαν
2506 4637 2560 4684 ς.

3734 4553 3757 4585 ⁸
3788 4555 3885 4607 καὶ

3290 4620 3334 4652 ¹⁸
3393 4620 3491 4676 τὸν
3531 4623 3733 4695 ὲχθρὸν
3785 4626 3889 4680 οὐκ

2604 4550 2624 4581 ⁸
2651 4548 2919 4613 ἐξέτεινεν
2941 4566 3003 4612 ς.
3087 4550 3106 4580 ⁷
3135 4550 3513 4621 ἑκκαιδεκάτῳ
3568 4569 3630 4616 ς.

2665 4621 2707 4650 ¹¹
2751 4621 3060 4687 ἀπαγαγεῖν
3127 4638 3189 4684 ς.

2102 4692 2145 4723 ¹⁶
2170 4690 2549 4745 Κωνσταντίου
2576 4689 2670 4743 τοῦ
2698 4690 2889 4755 παιδὸς
2922 4707 2981 4754 ς.

2142 4781 2377 4837 NOTAE.

664 4880 776 4953 (96)
800 4881 1021 4953 ﬂorum
1077 4877 1213 4953 duos
1267 4877 1641 4953 nobisGrafce
1698 4884 1755 4931 et
1791 4874 1982 4953 Latine
2032 4877 2367 4953 deditDtjit
2408 4874 2798 4953 dimissamque
2836 4876 3097 4947 synodum
3148 4875 3279 4946 ipsis
3330 4874 3679 4931 Constantini
3737 4880 3883 4951 Aug.

594 4947 767 5007 Rubf
797 4949 1098 5005 Palforeus.
1149 4947 1318 5002 Tertii
1364 4948 1508 5003 enim
1551 4948 1667 5002 lnco
1722 4958 1833 5002 tres
1886 4948 2176 5002 admodum

594 5021 941 5079 Ctiiistantiui
975 5022 1106 5089 imp.
1137 5018 1394 5088 epistolas
1448 5019 1715 5075 exhibuit.
1747 5017 1946 5073 Noster
1994 5028 2176 5089 autem

593 5097 864 5164 Alphons.
896 5087 1142 5164 Pisanus
1177 5087 1246 5143 ex
1311 5092 1412 5143 hoc.
1477 5089 1754 5164 opusculo
1782 5098 1837 5142 et
1879 5087 2177 5164 exemplari

593 5158 833 5235 quodam
879 5162 1135 5235 Arabico,
1212 5158 1640 5235 sanctorumque
1687 5158 1923 5235 aliquOt_
1951 5158 2175 5235 Patrum

596 5229 983 5300 monumentis,
1034 5242 1269 5299 quatuor
1318 5245 1448 5284 suos
1498 5232 1563 5284 de
1609 5231 1712 5284 hac
1750 5231 1960 5300 synodo
2011 5229 2179 5284 libros

595 5306 891 5361 contexuit.
914 5299 1111 5356 Franc.
1129 5300 1431 5356 Turriauus
1464 5300 1713 5355 Canones
1737 5299 1927 5353 edidit.

669 5375 781 5445 (97)
816 5374 1029 5426 Βιτῶνα
1064 5373 1206 5445 hunc
1234 5374 1390 5445 rideo
1422 5389 1451 5426 a
1474 5371 1679 5445 Graecis
1707 5370 1988 5440 appellari,
2017 5383 2177 5440 quem

597 5446 652 5502 in
679 5441 896 5499 Latinis
918 5443 1197 5498 codicibus
1236 5441 1494 5497 Victorem
1525 5444 1768 5513 legimus.

669 5516 781 5589 (98)
810 5517 962 5589 idem
998 5515 1086 5568 ille
1119 5515 1211 5589 qui
1269 5518 1320 5568 in
1362 5508 1635 5589 demortui
1656 5509 2056 5589 __Metr0ph_auis
2095 5508 2183 5589 lo-

597 5581 719 5641 cum
739 5581 1084 5655 subrogatus,
1116 5586 1323 5653 primus
1343 5597 1425 5640 est
1454 5584 1627 5639 factus
1650 5581 2177 5655 Constantinopolit.

597 5652 1323 5729 patriarch.inqﬁetatisque
1345 5657 1643 5729 antistitem
1668 5654 1904 5729 (Arium)
1936 5652 2182 5705 nratinne

597 5722 696 5782 sua
725 5726 963 5795 sustulit,
998 5722 1118 5783 ’BB.
1154 5722 1417 5783 Athanas.
1466 5739 1520 5782 et
1551 5726 1715 5796 Greg.
1776 5722 2033 5777 Nazianz.
2084 5738 2180 5775 au-

596 5800 859 5857 oloribus.

668 5868 781 5943 (99)
814 5868 1050 5927 Balforci
1076 5885 1216 5940 aque
1243 5885 1306 5925 ac
1332 5869 1511 5927 Pisani
1544 5867 1677 5924 edit.
1703 5882 1796 5924 sex
1820 5878 2033 5922 menses
2081 5862 2178 5917 ad-

2288 4944 2699 5000 Viceunalibus.

2368 5017 2447 5087 (1)
2486 5017 2589 5070 Alii
2616 5026 2725 5087 tres
2767 5031 2890 5071 cum
2925 5016 3177 5071 semestri
3226 5031 3401 5072 annos
3439 5018 3724 5073 ‘duntaxat
3777 5037 3888 5076 nu-

2287 5085 2522 5141 merant.
2558 5087 2618 5140 D.
2652 5085 2850 5143 Baron.
2876 5087 3028 5141 card.
3078 5097 3208 5141 tom.
3240 5087 3301 5140 ΙΙΙ
3333 5087 3531 5142 Annal.
3568 5089 3888 5148 ecclesiast.

2288 5172 2395 5211 uno
2426 5172 2568 5209 anno
2586 5172 2708 5212 esse
2739 5158 3043 5212 absolutam
3062 5158 3341 5211 Nic-tenam
3365 5163 3662 5226 pertendit.

2358 5227 2437 5302 (2)
2465 5226 2540 5281 De
2558 5226 3030 5302 cujus__fr_audibus
3050 5228 3204 5302 plura
3224 5228 3586 5300 Metapbrast.
3621 5229 3700 5285 De
3720 5233 3889 5302 gestia

2288 5294 2528 5352 Nietena:
2555 5299 2762 5367 synodi,
2793 5297 2833 5351 l.
2868 5314 2940 5362 tv,
2970 5294 3137 5352 Surii.

2358 5368 2436 5438 (5)
2468 5367 2626 5444 βίον.
2653 5367 2695 5426 l.
2737 5370 3003 5424 adversus
3028 5368 3264 5424 Arianos
3289 5370 3392 5426 sub
3414 5370 3508 5425 lin.
3534 5369 3779 5444 etEpist.
3814 5375 3888 5430 ad

2290 5436 2646 5506 Serapionem
2676 5447 2810 5493 tota.

2363 5509 2439 5577 (4)
2478 5507 2601 5563 Lib.
2636 5523 2690 5561 Iv
2740 5507 2972 5576 Epitom.
3020 5521 3207 5564 contra
3238 5509 3425 5565 lueret.
3473 5519 3530 5566 et
3556 5510 3654 5570 lib.
3683 5527 3703 5567 ι
3736 5511 3888 5571 Hist.

2292 5576 2496 5631 Eccles.
2531 5595 2651 5646 cap.
2675 5579 2740 5633 15
2759 5590 2813 5632 et
2840 5580 2927 5634 14.

2287 5648 2539 5774 ᾖ,ξῆἐῶ
2571 5651 2773 5775 ἓξὲξυθ
2796 5650 3060 5751 EP'Pltan.
3095 5660 3152 5707 et
3201 5660 3395 5707 auctor
3426 5648 3564 5707 Vita:
3587 5654 3889 5712 Athanasii

2286 5790 2430 5916 t("(3')
2444 5789 2841 5915 slcbtalptiirastaa
2892 5789 3044 5848 Orat.
3076 5791 3151 5848 De
3199 5792 3358 5864 gestis
3390 5791 3629 5853 Nicena:
3661 5795 3888 5867 synodi,
