4092 6400
241 449 335 513 297

1324 446 1851 509 BIBLIOTHECA.
1896 475 1964 485 -·
2003 449 2169 510 COD.
2205 448 2352 508 XCI.

3389 440 3496 501 298

240 564 407 622 ναίους
436 559 669 623 σπονδὰς
697 560 791 613 καὶ
820 559 946 624 τοὺς
968 559 1158 624 ἄλλους
1188 560 1494 629 Ἕλληνας,
1522 558 1651 610 ἄνευ
1681 558 1807 629 μέν-

1932 559 2063 613 ιίιιιιε
2108 558 2435 627 ueterisque
2471 554 2697 621 Graecis,
2749 552 3182 609 Lacedaemoniis
3232 552 3496 620 exceptis,

240 671 311 705 τοι
338 651 779 722 Λακεδαιμονίων
798 693 813 719 ,
848 653 944 707 καὶ
966 653 1064 724 τὴν
1097 652 1189 705 ἐπὶ
1216 651 1318 723 τὴν
1353 651 1539 703 Ἀσίαν
1565 650 1808 721 περαίω-

244 760 319 796 σιν
336 785 349 808 ,
370 745 512 807 ὅπως
548 761 608 796 τε
638 745 842 815 μάχαις
881 746 1030 816 τρισὶ
1049 746 1094 776 ³³
1120 743 1534 816 κατεστρέψατο
1556 744 1809 815 Πέρσας,

242 837 293 888 ἐν
314 834 555 906 Γρανικῷ
602 836 702 906 μὲν
749 837 875 901 τοὺς
916 838 1205 908 σατράπας
1247 837 1512 908 Δαρείου,
1552 834 1812 905 στρατιάν

244 930 455 997 ἄγοντας
500 928 826 1001 δισμυρίους
881 928 980 1000 μὲν
1016 930 1239 993 ἱππεῖς,
1274 927 1479 992 πεζοὺς
1510 926 1569 982 δὲ
1599 926 1751 998 παρὰ
1767 926 1813 958 ³³

245 1022 425 1092 μικρὸν
455 1020 603 1086 ἴσους
623 1062 638 1087 ,
688 1022 915 1087 τούτους
947 1023 1272 1094 σύμπαντας
1320 1022 1811 1091 καταπολεμήσας,

242 1114 297 1167 ἐν
339 1112 491 1185 Ἰσσῷ
537 1114 595 1168 δὲ
628 1114 791 1168 αὐτόν
844 1132 903 1168 τε
936 1117 1162 1187 Δαρεῖον
1193 1115 1288 1168 καὶ
1319 1114 1447 1177 τοὺς
1485 1114 1625 1183 ἀμφ’
1653 1112 1816 1166 αὑτὸν

244 1206 372 1262 κατὰ
390 1207 593 1279 κράτος
614 1206 961 1279 τρεψάμενος
985 1248 999 1270 ,
1017 1207 1111 1261 καὶ
1137 1204 1419 1259 συλλαϐὼν
1435 1203 1818 1276 αἰχμαλώτους

244 1301 425 1365 παῖδάς
454 1319 514 1355 τε
556 1302 654 1355 καὶ
684 1301 857 1372 αὐτὴν
878 1302 1115 1371 γυναῖκα
1138 1344 1153 1366 ,
1186 1302 1243 1354 ἐν
1277 1301 1334 1355 Ἀ
1347 1300 1566 1371 ρόήλοις
1612 1298 1670 1351 δὲ
1698 1300 1817 1369 ἦτοι

243 1396 295 1446 ὲν
325 1394 705 1466 Γαυγαμήλοις
726 1396 805 1457 είς
827 1394 981 1457 τέλος
1009 1392 1173 1446 αὐτὸν
1200 1393 1525 1462 ἐκνικήσας.
1547 1391 1739 1454 Ὅπως
1756 1407 1817 1443 τε

245 1484 449 1552 φεύγων
478 1488 700 1556 Δαρεῖος
732 1485 840 1538 ὑπὸ
870 1484 982 1538 τῶν
1012 1486 1232 1538 οἰκείων
1276 1482 1517 1556 ἀνῃρέθη
1540 1523 1555 1547 ,
1584 1483 1821 1553 ἀνερρή-

246 1578 306 1648 θη
332 1577 385 1631 δὲ
431 1577 549 1630 ἀντ’
595 1578 761 1631 αὑτοῦ
798 1578 905 1631 ὑπὸ
951 1577 1061 1631 τῶν
1102 1578 1231 1648 περὶ
1276 1576 1437 1631 αὐτὸν
1465 1578 1546 1640 είς
1597 1574 1821 1647 βασιλέα

246 1670 440 1739 Βῆσσος
468 1684 483 1696 °
513 1670 663 1732 ὅπως
683 1686 742 1721 τε
771 1668 997 1740 ὕστερον
1019 1669 1230 1739 Βῆσσον
1257 1666 1607 1737 Ἀλέξανδρος
1629 1666 1815 1719 λαϐὼν

246 1763 334 1831 τῆς
368 1764 447 1825 είς
488 1765 721 1833 Δαρεῖον
757 1762 965 1833 τόλμης
999 1762 1313 1834 ἐλωϐήσατό
1346 1780 1406 1816 τε
1446 1763 1541 1816 καὶ
1587 1762 1819 1815 ἀνεῖλεν.

251 1855 357 1907 Ἔτι
387 1871 446 1907 τε
470 1856 619 1918 ὅπως
638 1857 696 1909 ἐν
722 1855 923 1924 μάχαις
940 1855 1290 1927 Ἀλέξανδρος
1315 1856 1547 1919 ἑπτάκις
1575 1855 1814 1926 ἐτρώθη·

247 1948 329 2001 καὶ
354 1948 501 2011 ὅπως
542 1942 655 2000 εἷλε
688 1949 756 2001 τὰ
787 1950 844 2002 ἐν
882 1950 1168 2017 Παγάσαις
1189 1949 1234 1982 ³⁸
1266 1949 1514 2021 βασίλεια
1538 1948 1816 2019 χρήματα·

204 2058 207 2059 ⁷
248 2040 335 2093 καὶ
360 2041 439 2092 ὅτι
476 2040 731 2104 πεισθεὶς
774 2041 851 2104 ὼς
887 2040 1132 2107 Φιλώτας
1160 2043 1246 2115 εῐη
1279 2042 1473 2113 βουλὴν
1507 2044 1627 2095 κατ’
1657 2040 1825 2095 αὐτοῦ

250 2131 499 2200 μελετῶν,
514 2133 722 2185 ἀνεῖλεν
741 2133 901 2189 αὐτόν
918 2152 977 2187 τε
991 2135 1083 2188 καὶ
1098 2135 1190 2188 τὸν
1215 2135 1425 2206 πατέρα
1443 2133 1823 2204 Παρμενίωνα.

248 2222 486 2290 Ἐγένετο
525 2224 582 2277 δὲ
626 2224 721 2278 καὶ
753 2225 864 2279 τῶν
904 2226 1209 2295 Σογδιανῶν
1256 2225 1547 2296 βασιλείων
1587 2224 1778 2297 κύριος
1806 2266 1822 2288 ,

249 2319 334 2370 καὶ
372 2317 589 2381 Σκύθας
636 2318 693 2372 δὲ
744 2319 871 2382 τοὺς
917 2319 976 2372 ἐν
1008 2321 1076 2391 τῇ
1111 2318 1270 2390 Ἀσίᾳ
1306 2320 1455 2391 μάχῃ
1487 2319 1818 2390 ἐκράτησεν.

252 2410 432 2472 Ὀπως
470 2427 531 2462 τε
572 2410 633 2463 τὸ
667 2409 761 2463 τοῦ
797 2411 1030 2464 Κλείτου
1065 2410 1299 2482 πάθημα
1337 2410 1477 2481 τῷ³⁸
1508 2410 1658 2482 ποτῷ
1688 2428 1830 2483 παρ-

251 2501 557 2573 ενεχθέντος
591 2500 947 2574 Ἀλεξάνδρου
978 2501 1200 2572 συνέῦη,
1226 2502 1321 2555 καὶ
1348 2496 1461 2555 οἷον
1485 2501 1680 2565 πένθος
1703 2502 1830 2556 άνα-

250 2596 411 2666 νήψας
441 2593 787 2659 ἐπεδείξατο.
842 2593 964 2648 Ἔτι
997 2594 1055 2647 δὲ
1099 2594 1202 2648 καὶ
1248 2596 1282 2665 ή
1338 2595 1402 2647 ἐκ
1449 2594 1659 2647 παίδων
1708 2593 1830 2646 κατ’

262 2686 603 2758 Ἀλεξάνδρου
661 2685 953 2758 ἐπιδουλὴ,
1008 2686 1104 2741 καὶ
1150 2688 1185 2756 ἠ
1226 2685 1319 2740 ἐπὶ
1361 2685 1537 2756 τούτῳ
1577 2684 1822 2747 κόλασις.

253 2776 428 2840 Ὅπως
463 2794 525 2829 τε
555 2777 588 2846 ἡ
617 2777 676 2829 ἐν
709 2778 776 2847 τῇ
806 2776 1069 2849 Σογδιανῇ
1113 2774 1290 2847 πέτρα
1329 2774 1471 2828 ἑάλω
1498 2771 1595 2825 καὶ
1629 2773 1663 2841 ἡ
1693 2771 1832 2839 γυνὴ

253 2867 574 2938 Ὀξυάρτου,
610 2867 671 2931 ὂς
698 2868 903 2939 ταύτης
942 2869 1041 2938 τῆς
1072 2867 1254 2939 χώρας
1304 2864 1619 2920 ἐϐασίλευεν
1642 2878 1656 2894 °
1692 2862 1830 2917 ἀλλὰ

253 2960 403 3031 κα.ὶή
450 2959 701 3029 θυγάτηρ
741 2958 1022 3029 Ῥωξάνη,
1069 2959 1137 3028 ἢν
1190 2956 1418 3028 ὕστερον
1475 2954 1831 3025 Ἀλέξανδρος

254 3052 418 3122 γάμου
446 3054 603 3124 νόμῳ
637 3054 875 3121 γυναῖκα
911 3050 1175 3122 ἠγάγετο.
1220 3050 1331 3103 Καὶ
1380 3049 1456 3113 ώς
1483 3047 1834 3120 Ἀλέξανδρος

254 3144 311 3196 ἐκ
356 3145 616 3217 Βάκτρων
665 3143 760 3198 ἐπὶ
787 3143 986 3207 Ἰνδοὺς
1034 3143 1237 3206 ἐλάσας
1286 3144 1490 3213 μάχαις
1525 3140 1830 3211 ἐκράτησε,

256 3238 341 3289 καὶ
367 3238 556 3300 πόλεις
592 3236 773 3291 αὐτῶν
801 3237 1091 3308 πολιορκίᾳ
1116 3234 1318 3298 πολλάς
1345 3228 1491 3287 εἷλεν
1511 3251 1526 3266 ο
1550 3236 1609 3287 ὲν
1633 3229 1713 3295 οἷς
1740 3233 1834 3285 καὶ

257 3330 342 3399 τὴν
375 3328 723 3399 καλουμένην
754 3330 981 3399 Ἀορνον
1001 3325 1337 3399 παραλαϐὼν
1384 3326 1464 3389 είς
1505 3325 1601 3395 τὴν
1630 3324 1831 3379 Ἀσκά-

257 3436 349 3470 νων
366 3419 410 3449 ³⁸
430 3418 620 3489 χώραν
648 3417 933 3488 ἐμϐάλλει.
965 3414 1233 3486 Ἐζεύχθη
1258 3415 1315 3468 δὲ
1339 3414 1489 3485 αὐτῷ
1509 3416 1604 3468 καὶ
1625 3414 1654 3466 ὁ
1673 3412 1835 3476 Ἰνδὸς

260 3511 496 3581 ποταμὸς
537 3509 745 3573 πλοίοις
769 3550 784 3574 ,
819 3509 914 3562 καὶ
959 3507 1153 3571 διαϐὰς
1196 3506 1388 3579 Πῶρόν
1419 3523 1479 3559 τε
1523 3506 1616 3558 τὸν
1656 3504 1836 3558 Ἰνδῶν

262 3603 477 3672 βασιλέα
512 3602 735 3673 ἐνίκησε
772 3602 870 3672 μιᾷ
908 3602 1059 3674 μάχῃ
1091 3602 1187 3655 καὶ
1234 3594 1348 3653 εἷλε
1394 3599 1671 3671 ζωγρίαν,
1714 3593 1836 3652 εἶτα

262 3697 347 3751 καὶ
394 3696 939 3767 φιλοφρονησάμενος
988 3694 1251 3748 πλειόνων
1281 3694 1472 3765 ἄρχειν
1520 3694 1555 3765 ἢ
1601 3691 1837 3764 πρόσθεν

264 3787 442 3842 ἔδωκε.
477 3788 644 3856 Λέγει
677 3787 735 3840 δὲ
776 3788 860 3840 ὃτι
884 3787 935 3839 οἱ
961 3787 1116 3840 Ἰνδοὶ
1150 3788 1423 3858 ποταμοὶ,
1457 3786 1710 3856 καθάπερ
1742 3788 1838 3839 καὶ

263 3880 527 3946 ὁΝεῖλος,
566 3879 762 3950 θέρους
795 3880 894 3950 μέν
922 3879 1178 3945 αὔξονται
1199 3921 1214 3946 ,
1243 3879 1511 3951 χειμῶνος
1532 3879 1589 3933 δὲ
1622 3878 1837 3950 μειοῦν-

266 3988 364 4025 ται.
390 3971 764 4042 Διαλαμδάνει
810 3971 866 4025 δὲ
914 3972 1006 4025 καὶ
1042 3973 1191 4036 ὅπως
1240 3971 1400 4026 ἄλλον
1437 3970 1559 4026 τινὰ
1615 3971 1837 4041 Πῶρον,

264 4064 349 4115 καὶ
393 4063 559 4117 αὑτὸν
602 4062 783 4115 Ἰνδῶν
836 4062 1224 4134 βασιλεύοντα,
1270 4063 1329 4116 ὃν
1380 4066 1475 4117 καὶ
1526 4066 1605 4127 εἰς
1640 4066 1839 4118 κακίαν

265 4154 443 4209 ἐλάσαι
463 4157 637 4223 λέγει,
663 4155 854 4209 τοῦτον
878 4139 1093 4210 διώκων
1117 4155 1466 4230 Ἀλέξανδρος
1483 4158 1574 4211 τὸν
1597 4156 1839 4228 Ὑδραώ-

264 4248 407 4319 την³⁷
456 4248 707 4319 ποταμὸν
739 4247 1055 4319 ἐπεραιώθη
1077 4288 1093 4314 ,
1137 4249 1232 4302 καὶ
1261 4251 1388 4313 τοὺς
1421 4249 1594 4321 ταύτῃ
1625 4248 1840 4303 οίκοῢν-

268 4356 351 4403 τας
383 4340 584 4405 Ἰνδοὺς
612 4339 942 4411 ἐχειρώσατο
966 4380 982 4405 ,
1019 4342 1115 4394 καὶ
1152 4340 1281 4412 [122
1310 4340 1404 4414 IL]
1438 4342 1621 4406 πόλεις
1658 4343 1839 4397 αὐτῶν

269 4433 501 4502 μεγάλας
531 4435 629 4488 καὶ
651 4432 1117 4504 πολυανθρώπους
1144 4434 1581 4506 ἐκπολιορκήσας
1623 4435 1713 4488 ἐπὶ
1752 4435 1843 4489 τὸν

270 4525 496 4594 Ὕφασιν
532 4526 777 4595 ποταμὸν
829 4525 1047 4597 ἐχώρει.
1106 4527 1262 4580 Ἐπεὶ
1291 4526 1349 4580 δὲ
1405 4528 1701 4582 διαϐαίνειν
1748 4527 1844 4581 καὶ

1912 650 2087 707 ῖωάυε
2119 652 2364 715 inivisse,
2394 664 2457 705 ac
2481 648 2681 704 dehinc
2718 649 2771 702 in
2798 645 2987 700 Asiam
3020 642 3323 714 traiecisse,
3357 655 3502 713 prte-

1915 745 2109 815 liisque
2138 744 2337 799 Persas
2358 742 2612 811 fregisse,
2643 750 2698 795 et
2728 739 2793 795 ad
2820 737 3118 795 Granicum
3150 735 3368 805 quidem
3408 736 3503 789 Da-

1916 837 1980 889 rii
2008 846 2278 906 satrapas,
2301 833 2489 904 cupias
2518 833 2780 887 ducentes
2815 828 3058 900 equitum
3089 825 3280 896 viginti
3307 822 3503 884 millia,

1916 928 2127 997 pedites
2163 944 2301 997 pene
2324 926 2570 992 totidem,
2596 938 2803 980 omnes
2840 917 3269 977 debellassezad
3324 914 3503 973 Issum

1918 1034 2047 1075 vero
2068 1019 2288 1073 Darium
2319 1035 2442 1074 cum
2470 1018 2714 1073 exercitu
2746 1016 2950 1071 fudisse
2975 1013 3325 1085 fugasseque,
3353 1018 3410 1065 et
3446 1008 3507 1062 li-

1918 1112 2100 1177 beros,
2134 1122 2295 1181 atque
2323 1112 2456 1166 adeo
2487 1125 2714 1165 uxorein
2750 1108 2981 1179 cepisse.
3015 1106 3073 1160 ln
3106 1103 3348 1169 Arbelis,
3390 1101 3506 1157 sive

1919 1202 1973 1258 in
2006 1201 2355 1274 Gaugamelis
2394 1202 2610 1257 tandem
2636 1210 2691 1257 et
2712 1201 2887 1271 ipsum
2940 1198 3163 1252 Darium
3188 1207 3502 1265 superasse,

1920 1304 1973 1349 et
1997 1296 2142 1350 hunc
2171 1296 2472 1365 fugientem
2499 1311 2527 1350 a
2566 1294 2681 1351 suis
2729 1294 2976 1349 occisum
3024 1305 3169 1347 esse.
3210 1287 3507 1345 Suﬂ'ectum

1921 1386 2120 1441 deinde
2173 1385 2242 1441 ab
2290 1385 2484 1441 iisdem
2518 1386 2571 1440 in
2608 1384 2755 1440 Darii
2800 1383 2978 1440 locum
3031 1397 3217 1453 regem
3257 1381 3506 1445 Bessum,

1922 1493 2079 1548 asque
2094 1477 2439 1547 postmodum
2468 1477 2537 1534 ab
2564 1476 2877 1532 Alexandro
2901 1483 3151 1545 captum.
3176 1482 3231 1529 et
3248 1473 3319 1528 ob
3339 1471 3512 1526 auda-

1924 1585 2040 1626 cem
2068 1570 2123 1624 in
2157 1570 2377 1624 Darium
2407 1569 2663 1636 iniuriam
2698 1568 2939 1623 ludibrio
2971 1566 3249 1634 affectum,
3291 1567 3511 1636 vitaque

1923 1664 2218 1732 privatum.
2282 1663 2484 1716 Adhaec
2546 1660 2748 1729 septies
2796 1660 3165 1715 Alexandrum
3222 1659 3365 1714 inter
3412 1673 3512 1727 pu-

1926 1754 2200 1825 gnandum
2250 1752 2420 1809 fuisse
2462 1751 2839 1816 vulneratum,
2873 1750 3162 1822 regiaeque
3201 1748 3255 1803 in
3283 1747 3512 1818 Pagasis

1928 1860 2058 1914 opes
2081 1843 2367 1900 sustulisse
2387 1843 2524 1915 (21).
2552 1842 2687 1899 Cum
2744 1841 2875 1897 item
2918 1856 3241 1911 persuasum
3271 1841 3322 1897 ei
3364 1849 3515 1896 esset

1926 1937 2196 1992 Philotam
2228 1936 2455 1992 insidias
2479 1935 2682 2003 moliri,
2716 1950 2840 1991 cum
2873 1922 3097 2005 parente
3148 1933 3515 1989 Parmenione

1930 2026 2369 2082 interficiendum
2420 2026 2596 2096 ipsum
2646 2040 2897 2089 curasse,
2931 2025 3329 2096 Sogdianorum
3373 2037 3513 2093 quo-

1928 2136 2034 2190 que
2066 2135 2357 2190 regnorum
2395 2121 2627 2190 potitum
2655 2134 2801 2182 esse,
2828 2119 2974 2191 68a
3000 2129 3055 2175 et
3091 2118 3234 2174 Asia:
3278 2117 3514 2188 Scythas

1930 2214 2123 2284 proelio
2156 2213 2374 2269 vicisse.
2415 2212 2618 2267 Clitum
2657 2216 2725 2266 ab
2758 2213 3066 2267 Alexandro
3088 2221 3216 2282 potu
3237 2218 3512 2281 correpto,

1931 2308 2339 2377 interemptum,
2367 2319 2735 2374 magnumque
2759 2320 2885 2360 mox
2908 2318 3031 2360 eum
3064 2303 3219 2372 facti,
3241 2306 3299 2358 ut
3332 2304 3399 2359 ad
3423 2318 3516 2359 so-

1932 2399 2218 2455 brietatem
2270 2398 2529 2463 redierat,
2563 2412 2854 2453 mmrorem
2887 2397 3195 2454 ostendisse
3226 2411 3243 2451 :
3288 2397 3357 2453 ad
3401 2397 3518 2453 inec

1931 2500 1986 2545 et
2037 2488 2347 2544 Alexandro
2398 2503 2427 2542 a
2488 2490 2673 2559 pueris
2725 2498 2965 2544 structas
3026 2488 3195 2545 fuisse
3256 2489 3514 2550 insidias,

1934 2596 2229 2653 ptenasque
2285 2582 2488 2637 idcirco
2545 2581 2837 2653 irrogatas.
2892 2581 3110 2637 Petram
3174 2582 3321 2637 illam
3366 2581 3515 2653 (οε),

1934 2689 2054 2742 qnze
2095 2674 2147 2727 in
2178 2671 2447 2742 Sogdiaua
2485 2673 2707 2744 regione
2737 2682 2846 2741 est,
2884 2683 3205 2745 occupatam
3239 2689 3386 2740 esse,
3426 2690 3519 2729 ca-

1934 2776 2023 2835 pta
2048 2765 2298 2836 Oxyarti.
2332 2766 2423 2834 qui
2461 2765 2668 2834 regioni
2728 2766 2806 2821 illi
2852 2765 3222 2836 imperitabat,
3264 2766 3519 2838 conjuge,

1936 2873 2045 2912 una
2090 2873 2213 2912 cum
2260 2845 2484 2912 Roxane
2521 2856 2654 2923 lilia,
2695 2870 2859 2927 quam
2892 2866 3011 2928 post
3039 2856 3349 2912 Alexander
3383 2874 3520 2914 uxo-

1939 2966 2050 3005 rem
2089 2951 2191 3004 rite
2218 2949 2454 3004 duxerit.
2504 2949 2879 3008 Alexandrum
2909 2964 2977 3006 ex
3009 2950 3226 3006 Bactris
3256 2952 3324 3005 ad
3359 2951 3521 3006 Indos

1937 3043 2266 3111 profectum,
2308 3044 2633 3113 pugnaillos
2672 3056 2983 3113 superasse,
3027 3044 3301 3114 urbesque
3330 3059 3519 3099 eorum

1938 3136 2203 3206 plurimas
2226 3136 2511 3193 obsidione
2556 3136 2812 3207 cepisse:
2849 3136 2905 3191 in
2960 3135 3045 3193 itis
3072 3146 3129 3192 et
3158 3140 3344 3192 Aorno
3377 3136 3523 3207 (quae

1938 3232 2467 3302 dicitur)occupata,
2522 3232 2575 3287 in
2628 3233 3002 3287 Asacanorum
3044 3232 3379 3302 provinciam
3401 3231 3524 3304 (ἓό)

1939 3324 2275 3403 pervenisse.
2341 3322 2582 3378 Navibus
2631 3333 2897 3393 praeterea
2952 3323 3085 3380 ludo
3126 3323 3350 3379 ﬂumine
3395 3338 3525 3379 conc

1936 3427 2132 3481 strato,
2174 3415 2479 3485 traiecisse,
2515 3425 2570 3472 et
2620 3415 2822 3471 Porum
2877 3416 3130 3471 Indorum
3183 3430 3364 3487 regem
3414 3430 3526 3471 uno

1935 3510 2206 3564 devictum
2229 3510 2444 3580 prtelio,
2464 3510 2651 3565 vivum
2674 3511 2905 3579 cepisse,
2934 3511 3350 3581 ltumaniterque
3373 3525 3523 3565 com-

1938 3601 2181 3671 plexum,
2214 3602 2381 3658 latius
2420 3602 2588 3658 etiam
2608 3617 2770 3673 quam
2798 3614 2957 3660 antea
2991 3618 3224 3674 regnare
3269 3604 3522 3674 jussisse.

1938 3694 2100 3750 Indos
2124 3695 2338 3762 fluvios,
2378 3710 2485 3751 non
2502 3711 2665 3751 secus
2694 3704 2858 3765 atque
2894 3694 3072 3750 Nilum
3101 3704 3292 3752 aestate
3313 3697 3523 3766 augeri,

1940 3787 2118 3841 hieme
2189 3803 2321 3843 vero
2376 3788 2545 3842 minui
2582 3796 2866 3842 memorat.
2925 3787 3116 3844 Refert
3175 3790 3303 3843 item
3361 3788 3525 3844 alium

1940 3881 2231 3950 quemdam
2264 3878 2487 3945 Porum,
2521 3879 2665 3935 Indis
2709 3894 2929 3950 quoque
2958 3880 3338 3950 imperantem,
3363 3896 3524 3951 quem

1940 3980 1998 4025 et
2054 3970 2425 4026 facinorosum
2458 3971 2627 4027 fuisse
2673 3972 2773 4026 ait.
2800 3970 3169 4027 Alexandrum
3214 3987 3345 4027 vero
3399 3973 3526 4028 dum

1943 4062 2086 4117 hunc
2137 4064 2507 4133 persequitur,
2556 4062 2850 4136 Hydaspen
2904 4063 3129 4120 fluvium
3185 4065 3527 4130 transivisse.

1943 4151 2168 4222 ejusque
2191 4155 2409 4209 accolas
2442 4154 2604 4211 Indos
2632 4156 2777 4212 bello
2813 4170 3136 4226 Superasse:
3165 4158 3362 4213 horum
3395 4176 3528 4230 quo-

1944 4261 2049 4308 que
2098 4245 2294 4315 oppida
2332 4246 2673 4315 ingentia,et
2720 4246 3039 4318 frequenter
3068 4246 3313 4305 habitata
3358 4253 3529 4307 armis

1946 4338 2176 4408 cepisse,
2232 4340 2639 4410 tetendisseque
2688 4355 2854 4410 porro
2930 4338 2998 4395 ad
3064 4340 3365 4413 Hyphasim
3414 4343 3527 4415 (24)

1946 4432 2141 4488 flumen
2214 4448 2229 4486 :
2308 4431 2450 4502 quod
2530 4434 2658 4487 dum
2742 4436 3120 4491 transmittere
3217 4436 3529 4491 Alexander

1946 4532 2184 4593 pararet,
2217 4524 2533 4580 tumultuari
2565 4525 2791 4582 militem
2817 4528 3073 4598 cmpisse,
3095 4529 3237 4598 quod
3293 4543 3392 4584 nec
3451 4527 3530 4584 la-

267 4617 440 4671 τοῦτον
503 4617 856 4687 Ἀλέξανδρος
902 4616 1046 4691 [1215
1077 4616 1187 4688 1L]
1220 4616 1477 4688 ἔμελλεν,
1535 4618 1595 4681 ἐς
1651 4617 1827 4671 στάσιπ

1948 4619 2107 4674 bores
2126 4619 2373 4674 assiduos
2405 4619 2684 4683 toleraret,
2719 4633 2821 4674 nec
2856 4619 2977 4676 belli
3020 4621 3281 4688 quietem,
3334 4620 3530 4676 liuent-

269 4709 481 4782 ἐνικήθη
516 4711 579 4763 τὸ
602 4710 837 4782 πλῆθος,
865 4710 927 4763 οὐ
958 4710 1217 4782 φέροντες
1250 4710 1330 4764 ἐτι
1365 4712 1491 4774 τοὺς
1514 4709 1711 4774 πόνους
1740 4709 1839 4763 καὶ

270 4801 355 4873 τήν
378 4803 683 4874 ἀπέραντον
712 4801 1070 4873 ἐκστρατείαν
1091 4818 1106 4834 ο
1139 4802 1232 4856 καὶ
1267 4802 1427 4855 τοῦτο
1472 4801 1646 4856 αἴτιον
1676 4800 1833 4855 Ἀλε-

272 4891 475 4966 ξάνδρῳγ
514 4896 612 4965 τῆς
641 4894 736 4949 ἀπ’
767 4892 946 4946 Ἰνδῶν
980 4892 1337 4963 ὑποστροφῆς
1376 4891 1635 4961 κατέστη.
1674 4892 1767 4945 Ἐν
1793 4886 1838 4959 ᾧ

271 4985 354 5038 καὶ
391 4988 421 5039 ὁ
471 4987 722 5057 πέμπτος
775 4984 871 5040 τοῦ
914 4987 1275 5057 συγγραφέως
1322 4982 1838 5055 άποπερατοῢται³⁸

272 5074 437 5143 λόγος.

346 5168 773 5239 ’Υποστρέφοντι
814 5168 873 5222 δὲ
913 5167 1281 5241 Ἀλεξάνδρῳ,
1328 5168 1403 5232 ὼς
1429 5169 1458 5222 ὁ
1504 5167 1663 5229 ἕκτος
1702 5167 1839 5220 ὐπο-

273 5256 527 5327 λαμϐάνει
580 5260 736 5329 λόγος
756 5301 771 5326 ,
806 5260 977 5332 μάχαι
1008 5277 1069 5314 τε
1098 5259 1248 5332 αὐτῷ
1280 5261 1377 5315 καὶ
1406 5262 1553 5314 νῖκαι
1587 5258 1831 5329 γίνονται

1944 4724 2050 4780 que
2083 4710 2443 4778 expeditionis
2462 4710 2692 4766 videret.
2732 4710 2843 4766 Hac
2876 4714 2942 4766 de
2962 4727 3124 4767 causa
3147 4753 3164 4779 ,
3201 4712 3388 4768 relicta
3446 4713 3531 4768 ln-

1944 4804 2053 4867 dia,
2083 4802 2281 4857 reverti
2301 4810 2551 4858 coactum
2582 4803 2977 4860 Alexandrum.
3008 4804 3187 4873 Atque
3229 4805 3319 4861 hic
3365 4806 3529 4876 quiu-

1946 4904 2057 4950 tum
2081 4894 2278 4949 librum
2310 4894 2550 4964 scriptor
2581 4894 2798 4951 clausit.

2020 5162 2191 5218 Sexto
2239 5162 2422 5233 itaque
2448 5162 2611 5230 libro,
2657 5164 2972 5235 frequentes
3002 5166 3074 5224 ab
3100 5166 3414 5225 Alexandro
3447 5184 3535 5225 re-

1939 5258 2138 5313 deunte
2170 5273 2379 5328 pugnas
2409 5274 2533 5314 cum
2583 5258 2740 5314 hoste
2791 5260 3141 5328 commissas,
3170 5260 3532 5334 ingentesque

1513 5398 1749 5455 VARle
1780 5397 2193 5456 LECTIONES.

336 5489 378 5523 ³⁸
394 5492 571 5561 τρισὶν
590 5494 631 5547 A
660 5510 673 5545 :
704 5493 895 5559 τισίς.
1001 5495 1045 5528 ³³
1072 5494 1224 5561 παρὰ
1250 5494 1295 5549 Α
1329 5512 1344 5550 :
1394 5497 1536 5553 κατὰ
1563 5513 1625 5559 ς.

1702 5493 2160 5569 ’δ-Πασαγάρδαις
2182 5494 2489 5569 Schottus._
2528 5497 2573 5529 ³⁸
2601 5498 2679 5569 τῷ
2709 5498 2757 5553 Α
2801 5516 2817 5554 :
2866 5496 2960 5553 τοῦ
2990 5495 3071 5569 τῷ
3094 5514 3157 5569 ς.

3233 5497 3278 5530 ³⁸
3302 5496 3542 5552 ’Δσακάο

275 5574 370 5651 νων
402 5580 463 5627 ς.
540 5565 583 5594 ³⁷
618 5563 933 5635 Ὑδραώτην
961 5567 1007 5619 Δ
1042 5583 1057 5620 :
1107 5563 1384 5638 Ὑδάσπην
1424 5584 1486 5631 ς.
1558 5566 1604 5598 ⁸⁸
1637 5564 1760 5621 libri
1787 5563 2243 5637 ἀποπεραιοῦται.
2268 5566 2343 5623 cf.
2376 5584 2429 5639 p.
2462 5567 2531 5623 R.
2558 5563 2684 5624 (ἰθύ.
2718 5568 2850 5625 iuta.
2878 5570 3005 5635 704,
3040 5563 3100 5626 9.
3125 5568 3255 5637 905,
3286 5569 3378 5625 46.

1782 5686 2015 5747 NOTAE.

336 5775 819 5856 (Eni-Emendare:
858 5782 1040 5851 editis,
1076 5793 1133 5840 et
1153 5798 1218 5840 ex
1246 5784 1460 5853 Strab.,
1488 5784 1767 5856 Stephano
1802 5794 1858 5843 et

280 5845 440 5922 aliis;
460 5851 796 5922 Pasagardis.

344 5918 451 5992 (‘22)
484 5920 553 5986 Q.
575 5918 793 5977 Curtius
818 5933 1068 5979 extremo
1091 5925 1183 5985 lib.
1213 5941 1331 5982 vm.

482 6012 922 6097 Ῥηιιοι.(ὶιι.
957 6015 1115 6081 CIII.

2039 5786 2152 5857 (‘23-)
2182 5785 2271 5842 Al.
2304 5788 2664 5845 Ascanorum.

2037 5857 2160 5938 (μ).
2181 5857 2266 5912 ΔΙ.
2301 5857 2641 5938 liypa_sis_._ut
2663 5859 2803 5938 Plin.
2824 5870 2879 5920 et
2900 5860 3114 5922 Soliuo.
3144 5862 3279 5922 Item
3298 5861 3533 5920 Plolem.

1960 5928 2212 5999 Bybaais,
2243 5938 2299 5988 et
2317 5928 2499 6006 Strab.
2519 5928 2777 6001 Hypanis.

3072 6024 3145 6085 10
