4092 6418
246 410 330 479 301

1234 402 1761 462 ΒΙΒΙΛΟΤΗΕΕᾹ.
1801 426 1872 436 -
1911 402 2076 463 COD.
2108 402 2295 464 XCII.

3369 414 3474 475 30?.

250 522 384 594 μόνον
416 515 627 570 σέϐουσι
679 513 871 578 θεοὺς,
914 509 1156 583 Οὐρανὸν
1204 512 1300 564 καὶ
1350 512 1626 565 Διόνυσον.
1683 510 1793 563 Καὶ

1908 519 2076 576 ornat,
2114 520 2174 565 ut
2204 512 2260 566 in
2289 511 2498 568 Arabas
2525 522 2770 570 moturus
2790 512 3134 571 multitudine
3158 514 3470 575 innumera-

244 611 390 668 ταῦτα
419 605 1010 679 παρασκευαζόμενος,
1061 603 1156 657 καὶ
1188 603 1287 673 τῆς
1323 603 1481 656 νόσου
1518 603 1622 673 ἤδη
1666 603 1792 655 ἐπι-

244 698 519 773 κρατούσης
538 736 555 761 ,
576 697 843 751 καταλύει
867 696 957 749 τὸν
978 694 1113 765 βίον.
1142 695 1205 748 Ἥ
1234 696 1290 749 δὲ
1310 695 1536 767 τελευτὴ
1550 695 1678 767 [125
1699 692 1790 766 H.]

244 791 383 849 αὐτοῦ
411 790 587 854 ἄλλοις
623 789 798 852 ἄλλως
827 789 1277 859 ἀναγέγραπται,
1311 788 1406 843 καὶ
1435 788 1630 841 πολλαὶ
1663 788 1793 859 περὶ

245 885 451 955 αύτῆς¹⁶
482 882 855 956 ἐξηνέχθησαν
902 882 1217 953 διαφωνίαι.
1251 882 1417 935 Ἐϐίω
1463 880 1520 935 δὲ
1551 880 1593 951 β’
1625 879 1723 934 καὶ
1748 879 1793 931 λ’

244 982 325 1050 ἐτη
347 1020 360 1042 ,
388 978 475 1031 καὶ
502 977 598 1030 τοῦ
636 978 823 1046 τρίτου
874 976 1052 1045 μῆνας
1099 973 1366 1027 ἐπέλαϐεν
1395 970 1541 1026 όκτὼ
1561 988 1573 1001 ·
1606 971 1793 1025 ἐϐασί-

242 1072 379 1124 λευσε
422 1071 476 1124 δὲ
521 1069 728 1123 τούτων
774 1068 902 1131 τούς
942 1084 1000 1121 τε
1046 1065 1191 1121 ὀκτὼ
1226 1067 1402 1137 μῆνας
1444 1066 1535 1119 καὶ
1568 1064 1662 1134 ἐτη
1702 1063 1791 1134 ιβ’.

243 1162 533 1217 Ἐπαινεῖδέ
562 1162 727 1215 αὐτὸν
756 1162 850 1215 ἐπὶ
881 1161 1088 1223 πάσαις
1117 1159 1303 1229 σχεδόν
1334 1176 1388 1212 τι
1417 1160 1536 1223 ταῖς
1567 1158 1795 1227 ἀρεταῖς

242 1260 290 1320 ἐς
318 1256 379 1309 τὰ
405 1255 639 1325 μάλιστα
671 1257 699 1307 6
730 1253 1102 1325 συγγραφεύς.
1147 1252 1256 1304 Καὶ
1286 1254 1313 1304 6
1336 1251 1566 1321 ἕϐδομος
1608 1251 1793 1320 ἀπαρ-

241 1348 421 1415 τίζεται
450 1347 644 1416 λόγος,
691 1346 750 1401 ὃν
794 1346 1072 1415 ἐκδέχεται
1114 1341 1321 1415 βιϐλίον
1356 1341 1413 1394 ἓν
1435 1380 1450 1407 ,
1485 1342 1525 1409 ἠ
1553 1338 1791 1407 Ἰνδική.

825 1525 926 1580 214
964 1524 1031 1580 Ri
1070 1524 1187 1580 μιν.

825 1525 926 1580 214
964 1524 1007 1579 R
1112 1524 1187 1577 B'.
1352 1528 1357 1531 ’
1505 1528 1515 1536 ’

244 1619 339 1676 τοῦ
383 1619 570 1674 αὑτοῦ
625 1620 697 1672 τὰ
747 1524 899 1687 yid;
951 1524 1364 1685 Ἇάέιὲανδρον,
1408 1615 1708 1686 ἐνλόγοις
1740 1612 1792 1669 ι’.

299 1780 613 1852 Συνεγράφη
645 1780 702 1833 δέ
732 1776 879 1849 αὐτῷ
907 1777 1002 1832 καὶ
1036 1778 1112 1832 Τὰ
1135 1776 1288 1847 μετὰ
1319 1775 1712 1844 Ἀλέξανδρον
1740 1775 1797 1828 ἐν

1895 600 2165 670 biles,qui
2196 602 2332 658 duos
2373 605 2638 659 duntaxat
2674 607 2824 674 deos,
2852 604 3062 661 leum
3102 615 3157 661 et
3175 604 3469 675 Bacchum,

1896 692 2158 748 colerent.
2194 694 2320 749 Haec
2360 696 2483 749 dum
2515 705 2820 766 praeparat,
2872 698 2920 751 vi
2952 697 3123 752 morbi
3157 710 3469 768 superatus,

1899 786 2007 841 vita
2052 788 2308 843 decessit.
2345 788 2420 843 De
2462 790 2577 859 ejus
2613 805 2840 846 excessu
2873 791 3008 845 varii
3044 790 3197 846 varie
3240 792 3478 862 scripse-

1897 888 2026 932 runt
2053 916 2068 942 ,
2107 880 2385 950 multaque
2433 880 2594 935 etiam
2627 882 2922 952 pugnantia
2952 867 3309 952 prodiderunt
3339 882 3478 955 (δὸ).

1900 970 2046 1025 Vixit
2072 986 2244 1026 annos
2284 973 2417 1027 duos
2459 987 2626 1041 supra
2672 973 2892 1043 triginta
2925 1012 2940 1037 ,
2974 983 3030 1028 et
3060 988 3276 1031 menses
3301 984 3427 1031 octo
3460 993 3475 1029 :

1897 1064 2096 1131 quibus
2120 1071 2251 1117 'octo
2276 1063 2575 1128 mensibus,
2601 1065 2867 1132 annisque
2899 1064 3183 1120 duodecim
3210 1066 3476 1137 regnavit.

1897 1156 2178 1213 Laudatur
2229 1159 2457 1213 miriﬁce
2491 1158 2559 1213 ab
2596 1159 2696 1213 h'oc
2731 1160 2996 1228 scriptore
3028 1158 3338 1215 Alexander
3362 1200 3378 1228 ,
3408 1159 3481 1215 ob

1899 1251 2226 1320 singularem
2259 1252 2522 1305 virtutum
2556 1250 2668 1305 fere
2710 1251 2952 1304 omnium
2982 1252 3352 1322 praestantiam
3374 1290 3391 1317 ,
3423 1251 3478 1306 in

1898 1356 2006 1409 quo
2036 1343 2301 1411 septimus
2345 1343 2543 1397 desinit
2586 1343 2765 1412 liber,
2818 1359 2978 1414 quem
3025 1344 3218 1399 Indica
3278 1343 3480 1415 excipit

1903 1432 2164 1500 Historia,
2208 1434 2347 1490 libro
2384 1435 2665 1506 singulari.

2610 1526 2771 1584 XCII.

1898 1617 2155 1689 Eiusdem
2192 1619 2406 1674 Arriani
2445 1618 2522 1675 De
2561 1622 2713 1745 rlelli’us
2730 1629 2870 1745 Χροει
2914 1619 3277 1676 Alexandrum
3320 1622 3480 1693 gestis

2602 1708 2616 1744 ι
2658 1708 2701 1745 rt
2786 1729 2801 1745 .

2602 1708 2701 1745 10"
2730 1708 2801 1745 Α.

1970 1784 2114 1858 69a
2131 1783 2513 1855 Scripsitidem
2532 1783 2758 1854 Respost
2774 1785 3131 1839 Alexandrum
3145 1796 3316 1856 gestas
3332 1785 3483 1841 libris

240 1876 395 1943 λόγοις
424 1875 582 1939 δέκα,
611 1874 671 1927 ἐν
703 1868 783 1936 οἷς
815 1871 1168 1943 διαλαμϐάνει
1207 1873 1306 1941 τήν
1353 1887 1411 1923 τε
1463 1868 1652 1925 στάσιν
1701 1871 1801 1941 τῆς

1908 1872 2113 1936 decem,
2135 1873 2333 1941 quibus
2356 1872 2645 1927 militarem
2671 1874 2945 1927 exercitus
2978 1873 3302 1929 seditionem
3331 1890 3482 1930 com-

240 1970 474 2041 στρατιᾶς
507 1967 607 2022 καὶ
637 1967 735 2037 τὴν
768 1965 1073 2038 ἀνάρρησιν
1098 1964 1419 2036 Ἀρριδαίου
1444 2006 1457 2031 ,
1480 1962 1539 2025 ὃς
1562 1965 1625 2016 ἐκ
1646 1962 1794 2016 Φιλί-

246 2079 331 2132 νης
348 2062 440 2131 τῆς
487 2060 773 2128 Θεσσαλῆς
820 2058 1071 2128 Φιλίππῳ
1115 2056 1194 2128 τῷ
1247 2055 1600 2126 Ἀλεξάνδρου
1628 2055 1818 2127 πατρὶο

242 2154 581 2224 ὲγεγέννητο,
613 2152 701 2221 ἐφ’
745 2145 789 2219 ᾧ
831 2151 925 2204 καὶ
958 2149 1342 2221 Ἀλέξανδρον,
1372 2149 1433 2203 ὃν
1474 2149 1698 2220 ἔμελλεν
1742 2150 1801 2215 ἐξ

248 2245 583 2315 Ἀλεξάνδρου
614 2245 824 2297 τίκτειν
868 2241 1136 2312 Ῥωξάνη,
1171 2241 1591 2313 συμϐασιλεύειν
1619 2242 1765 2313 αύτῷ
1784 2258 1798 2273 ο

238 2337 263 2391 ὃ
289 2339 373 2393 καὶ
396 2339 622 2407 γέγονεν
654 2338 735 2400 εἰς
760 2336 874 2404 ιρῶς
900 2334 1157 2406 ἀχθέντος
1183 2335 1276 2388 τοῦ
1298 2334 1506 2397 παιδός.
1541 2334 1646 2389 Τὸν
1677 2334 1803 2407 Ἀρ-

240 2430 419 2500 ριδαῖον
456 2429 514 2483 δὲ
573 2429 890 2491 ἀνειπόντες
959 2427 1358 2497 μετωνόμασαν
1392 2420 1681 2481 Φίλιππον.
1713 2430 1800 2479 Δι-

238 2522 444 2592 εφέρετο
464 2522 522 2575 δέ
539 2522 585 2553 ⁸⁷
614 2523 672 2585 ἐς
704 2520 966 2591 ἀλλήλους
988 2521 1049 2573 τὸ
1074 2520 1235 2584 πεζὸν
1253 2520 1347 2573 καὶ
1375 2519 1437 2573 τὸ
1462 2520 1704 2584 ἱππικὸν,
1727 2512 1802 2574 ὧν

237 2616 277 2665 οἱ
305 2614 543 2683 μέγιστοι
560 2614 672 2668 τῶν
702 2616 914 2668 ἱππέων
945 2615 1038 2667 καὶ
1063 2614 1171 2665 τῶν
1188 2615 1287 2683 ὴγε
1298 2612 1472 2680 μόνων
1496 2612 1802 2684 Περδίκκας

239 2709 263 2759 6
284 2706 524 2776 Ὀρόντου
551 2706 647 2759 καὶ
667 2705 965 2768 Λεοννάτος
990 2706 1018 2758 6
1047 2703 1274 2766 Ἀνθους
1290 2702 1336 2734 ⁸⁸
1358 2704 1449 2756 καὶ
1472 2704 1803 2774 Πτολεμαῖος

236 2801 259 2852 6
281 2800 447 2868 Λάγου
470 2839 485 2864 ,
508 2798 624 2851 τῶν
646 2798 701 2850 δὲ
735 2798 853 2868 μετ’
881 2795 1124 2860 ἐκείνους
1150 2795 1466 2865 Λυσίμαχός
1487 2810 1548 2847 τε
1570 2797 1597 2848 6
1639 2796 1805 2863 Ἀγα-

237 2891 468 2956 θοκλέους
501 2892 603 2944 καὶ
644 2890 986 2961 Ἀριστόνους
1044 2890 1072 2940 6
1125 2888 1381 2941 Πεισαίου
1429 2889 1522 2942 καὶ
1568 2886 1749 2941 Πίθων
1778 2890 1805 2941 6

237 2981 473 3052 Κρατεύα
488 2981 538 3015 δ’
583 2982 681 3034 καὶ
710 2980 974 3043 Σέλευκος
1002 2982 1030 3032 6
1058 2979 1336 3049 Ἀντιόχου
1372 2981 1466 3032 καὶ
1504 2978 1752 3048 Εὐμένης
1778 2980 1806 3031 6

238 3075 546 3144 Καρδιανός.
607 3067 770 3127 Οὗτοι
825 3073 922 3143 μὲν
967 3073 1238 3142 ἡγεμόνες
1255 3071 1299 3101 ⁶⁰
1334 3069 1443 3123 τῶν
1481 3069 1690 3123 ἱππέων
1715 3069 1758 3101 ⁸³
1789 3111 1804 3136 ,

238 3166 537 3239 Μελέαγρος
562 3166 621 3220 δὲ
645 3165 753 3218 τῶν
774 3165 979 3229 πεζῶν.
999 3159 1134 3216 Εἶτα
1158 3161 1649 3233 διαπρεσϐεύονται
1672 3162 1808 3233 πρὸς

238 3257 483 3329 ἀλλήλους
516 3256 787 3322 πολλάκις
802 3299 816 3324 ,
837 3257 932 3311 καὶ
952 3256 1109 3319 τέλος
1136 3255 1530 3326 συμϐαίνουσιν
1556 3255 1610 3308 οἵ
1634 3270 1695 3308 τε
1715 3254 1808 3309 τὸν

239 3350 443 3418 βασιλέα
471 3350 795 3414 άνειπόντες
827 3350 983 3414 πεζοὶ
1016 3348 1111 3403 καὶ
1142 3349 1193 3401 οἱ
1219 3348 1330 3401 τῶν
1359 3347 1569 3401 ἱππέων
1599 3346 1808 3418 ἡγεμό-

240 3457 333 3505 νες,
353 3442 436 3510 ἐφ’
453 3434 498 3510 ᾧ
534 3440 898 3511 Ἀντίπατρον
927 3438 1025 3510 μὲν
1054 3437 1358 3511 στρατηγὸν
1375 3436 1644 3492 εἶναιτῶν
1671 3436 1812 3491 κατὰ

237 3537 323 3605 τὴν
332 3537 401 3589 Εύ
411 3536 608 3607 ρὼπην
624 3577 639 3602 ,
661 3533 946 3604 Κρατερὸν
962 3532 1019 3586 δέ
1036 3533 1353 3603 προστάτην
1374 3533 1477 3603 τῆς
1502 3530 1808 3603 Ἀρριδαίου

240 3630 531 3698 βασιλείας,
595 3628 905 3699 Περδίκκαν
950 3625 1008 3679 δὲ
1056 3624 1359 3696 χιλιαρχεῖν
1407 3621 1714 3695 χιλιαρχίας
1743 3616 1812 3695 ἦς

236 3718 392 3795 ἦρχεν
432 3720 773 3791 Ἡφαιστίων
799 3717 899 3790 (τὸ
930 3717 989 3771 δὲ
1027 3713 1095 3787 ἦν
1150 3717 1419 3788 ἐπιτροπὴ
1455 3719 1552 3787 τῆς
1596 3715 1814 3787 ξυμπά-

241 3832 327 3884 σης
340 3816 383 3848 ⁸⁸
402 3813 735 3885 βασιλείας),
755 3810 1073 3882 Μελέαγρον
1087 3810 1145 3864 δὲ
1176 3808 1467 3882 ὕπαρχον⁶³
1487 3809 1808 3880 Περδίκκου.

238 3906 533 3977 Περδίκκας
557 3906 618 3959 δέ
641 3905 734 3959 τὸν
768 3903 1000 3974 στρατὸν
1027 3902 1266 3974 καθᾶραι
1309 3901 1660 3974 σκηψάμενος
1684 3901 1812 3966 τοὺς

241 3998 702 4067 ἐπιφανεστάτους
734 3996 836 4067 τῆς
873 3997 1177 4067 γενομένης
1226 3994 1487 4048 συνέλαϐε
1535 3997 1811 4058 στάσεως,

240 4091 325 4144 καὶ
371 4090 661 4144 συλλαϐὼν
699 4089 775 4155 ὡς
798 4092 863 4144 ἐκ
896 4088 1245 4159 προστάξεως
1289 4087 1596 4161 Ἀρριδαίου
1642 4088 1809 4142 αὐτοῦ

246 4185 503 4255 παρόντος
546 4182 731 4238 ἀνεῖλε
750 4224 766 4249 ,
793 4182 909 4245 δέος
939 4183 1250 4252 ἐμποιήσας
1284 4181 1363 4251 τῷ
1389 4181 1561 4252 λοιπῷ
1592 4181 1810 4253 πλήθει.

250 4276 477 4348 Ἀναιρεῖ
503 4280 564 4333 δὲ
588 4278 648 4331 ού
669 4276 848 4347 πολλῷ
874 4275 1101 4345 ὕστερον
1131 4277 1224 4328 καὶ
1254 4274 1593 4345 Μελέαγρον.
1626 4274 1717 4339 Ἐξ
1738 4267 1813 4328 ὧν

244 4368 540 4439 Περδίκκας
593 4368 836 4431 ’ὕποπτος
882 4368 941 4430 ές
983 4364 1196 4429 πάντας
1244 4360 1313 4436 ἦν
1365 4367 1461 4419 καὶ
1511 4366 1673 4430 αὐτὸς
1705 4368 1801 4421 ύπι

238 4456 492 4515 ὡπτευεν.
530 4459 726 4529 Ὅμως
755 4459 814 4521 ἐς
851 4455 1190 4527 σατραπείας
1206 4454 1252 4486 ⁸⁸
1289 4454 1536 4509 ἀνειπεῖν
1578 4454 1671 4519 οὓς
1707 4456 1812 4510 ύπ-

1904 1965 2185 2035 plectitur,
2213 1964 2646 2035 electionemque
2668 1980 2731 2021 ea
2757 1967 3066 2022 conditione
3094 1968 3291 2023 factam
3326 1969 3483 2023 Arri-

1905 2058 2005 2113 daei
2047 2056 2163 2130 (54)
2208 2058 2392 2130 (quem
2440 2057 2688 2128 Philippo
2725 2059 2863 2129 patri
2922 2060 3218 2115 Alexandri
3276 2063 3486 2133 peperit

1907 2152 2119 2207 Philine
2156 2152 2351 2206 mulier
2385 2152 2670 2221 Thessala)
2708 2160 2765 2208 ut
2814 2160 2869 2206 et
2897 2154 3204 2209 Alexander
3231 2153 3483 2228 [infans],

1904 2259 2064 2315 quem
2098 2242 2321 2299 Roxana
2350 2245 2661 2299 Alexandro
2705 2245 2947 2313 paritura
2999 2256 3150 2313 erat,
3208 2247 3368 2302 simul
3402 2262 3488 2301 re-

1905 2347 2120 2407 gnaret.
2153 2337 2305 2404 Quod
2340 2338 2501 2392 etiam
2532 2337 2730 2403 evenit,
2773 2338 2919 2393 edito
2950 2338 3003 2393 in
3052 2338 3226 2394 lucem
3258 2338 3485 2395 infante.

1906 2431 2075 2499 igitur
2115 2431 2420 2485 Arridaautn
2477 2444 2660 2500 regem
2709 2434 3124 2496 renuntiantes,
3156 2429 3485 2501 Philippum

1907 2523 2384 2593 cognominarunt.
2413 2520 2749 2576 Tutnultuati
2782 2537 2912 2577 vero
2953 2533 3120 2589 sunt,
3152 2534 3206 2577 et
3252 2522 3485 2579 invicem

1908 2616 2283 2671 dissenserunt
2312 2617 2520 2685 pedites
2581 2615 2921 2687 equitesque.
2949 2615 3005 2670 lu
3038 2616 3238 2686 quibus
3263 2627 3316 2671 et
3339 2619 3493 2687 cqui-

1911 2716 2046 2767 tum,
2079 2714 2132 2758 et
2161 2705 2356 2758 ducum
2384 2705 2656 2775 principes
2689 2715 2849 2760 erant.
2884 2705 3175 2761 Perdiccas
3208 2705 3398 2761 Oronti
3428 2705 3489 2764 F.

1909 2806 1962 2851 et
1998 2796 2306 2851 Leonnatus
2340 2797 2551 2852 Anthaei
2605 2807 2658 2852 et
2707 2796 3034 2853 Ptolemzeus
3069 2797 3201 2869 Lagi
3254 2795 3318 2854 Ρ.
3371 2810 3495 2868 post.

1910 2892 2009 2944 hos
2029 2889 2389 2959 Lysimachus
2422 2889 2736 2959 Agathorlis
2762 2888 2825 2943 F.
2852 2898 2906 2944 et
2937 2890 3226 2945 Aristonus
3249 2890 3406 2946 Piszei
3428 2890 3491 2947 F.

1909 2992 1962 3036 et
1997 2980 2195 3035 Pithon
2246 2980 2492 3036 Crateva:
2547 2981 2611 3035 F.
2647 2991 2701 3036 et
2736 2980 2999 3037 Seleucus
3032 2983 3285 3037 Antiochi
3332 2983 3395 3037 F.
3440 2993 3497 3039 et

1909 3074 2182 3129 Eumenes
2212 3072 2515 3129 Cardianus
2536 3115 2549 3138 ,
2583 3073 2675 3143 qui
2708 3074 2927 3144 quidem
2966 3076 3207 3143 equitum
3240 3076 3497 3131 ductores

1914 3162 2064 3217 fuere
2096 3180 2109 3214 :
2142 3162 2382 3233 peditum
2417 3177 2549 3217 vero
2572 3162 2860 3231 Meleager.
2888 3163 3066 3219 Missa:
3101 3164 3297 3220 dehinc
3330 3166 3496 3221 varia:

1919 3256 2174 3324 utrinque
2232 3254 2532 3324 legationes
2578 3272 2592 3307 :
2650 3256 2978 3326 tandemque
3039 3259 3298 3311 convenit
3352 3256 3498 3312 inter

1915 3350 2147 3418 pedites,
2177 3348 2266 3417 qui
2300 3348 2414 3418 jam
2452 3359 2612 3404 antea
2641 3363 2823 3420 regem
2862 3349 3224 3414 nominarant,
3261 3359 3316 3406 et
3344 3351 3498 3421 equi-

1915 3451 2026 3494 tum
2059 3442 2225 3496 duces
2247 3480 2264 3506 ,
2315 3451 2373 3495 ut
2402 3442 2687 3513 Antipater
2718 3442 2771 3496 in
2806 3440 3017 3513 Europa
3056 3442 3174 3496 belli
3204 3443 3499 3510 imperator

1914 3544 2083 3599 esset,
2117 3533 2383 3589 Craterus
2417 3535 2567 3604 regni
2598 3536 2827 3591 Arridtei
2861 3536 3174 3607 przel'ectus,
3205 3538 3498 3593 Perdiccas

1916 3641 2044 3681 vero
2070 3626 2322 3697 legionis,
2360 3642 2521 3696 quam
2554 3626 2899 3698 Hephaestion
2933 3628 3165 3682 duxerat
3193 3669 3208 3693 ,
3264 3628 3498 3682 Chiliar-

1916 3719 2050 3772 chus
2080 3717 2243 3788 (quod
2271 3719 2492 3787 quidem
2524 3721 2670 3788 regni
2704 3721 2869 3775 totius
2899 3730 3013 3774 erat
3057 3720 3495 3791 procurationem

1917 3809 1993 3864 illi
2016 3809 2348 3879 tutelamque
2379 3811 2768 3881 committere),
2799 3810 3066 3881 Meleager
3099 3812 3331 3878 denique
3363 3811 3495 3866 Per-

1917 3904 2084 3959 diccae
2151 3903 2413 3958 vicarium
2474 3904 2789 3974 praefectum
2844 3912 3051 3974 ageret.
3124 3902 3263 3958 Cum
3308 3903 3496 3974 itaque

1917 4008 2098 4065 pOSlea
2130 3996 2435 4050 exercitum
2467 3996 2702 4052 lustrare
2730 3995 3021 4051 Perdiccas
3049 3994 3332 4052 simularet
3356 3995 3497 4070 (55),

1916 4085 2203 4143 seditionis
2232 4097 2484 4142 auctores
2509 4088 2812 4158 praecipuos
2854 4088 3292 4159 comprehendit,
3346 4105 3497 4144 emn-

1915 4180 2350 4249 prehensosque,
2390 4190 2644 4251 tanquam
2679 4179 2907 4252 jubente
2946 4182 3214 4248 Arridaeo,
3275 4183 3501 4252 ipsoque

1916 4272 2285 4342 inspectante,
2311 4273 2517 4327 occidit
2554 4272 2687 4344 (‘56).
2722 4273 2843 4341 Quo
2872 4289 2939 4329 ex
2973 4272 3118 4329 iacto
3161 4283 3336 4330 terror
3371 4275 3504 4328 reli-
3548 4318 3554 4324 .

1916 4384 2053 4438 quos
2089 4369 2383 4439 persuasit.
2420 4368 2551 4425 Post
2574 4369 2736 4441 paulo
2758 4379 2813 4425 et
2842 4370 3171 4441 Meleagrum
3204 4370 3499 4425 interiecit.

1921 4459 2060 4516 Hinc
2092 4472 2380 4532 suspectus
2410 4464 2667 4518 omnibus
2684 4463 2996 4530 Perdiccas,
3029 4473 3259 4519 emteros
3288 4477 3506 4533 quoque

242 4550 474 4605 ὠπτευεν
497 4592 515 4616 ,
565 4550 643 4615 ὡς
676 4549 987 4623 ’Ᾱρῥιδαίου
1029 4547 1344 4612 κελεύοντος
1365 4587 1380 4613 ,
1414 4547 1577 4616 ἔγνω.
1608 4550 1719 4603 Καὶ
1744 4549 1802 4618 δὴ

1922 4552 2038 4620 ipse
2065 4564 2346 4623 suspectos
2377 4554 2577 4609 habere
2608 4556 2773 4624 erepit
2799 4568 2814 4608 :
2840 4569 2979 4625 quos
3023 4564 3204 4608 tamen
3246 4553 3312 4606 ad
3361 4567 3505 4620 prae-

243 4644 568 4717 Πτολεμαῖος
606 4645 705 4714 μὲν
732 4645 761 4697 6
789 4643 973 4712 Λάγου
1005 4642 1283 4711 Αἰγύπτου
1317 4642 1411 4694 καὶ
1440 4641 1648 4711 Λιϐύης
1670 4683 1685 4707 ,
1717 4642 1802 4696 καΊ

1923 4645 2163 4701 fecturas
2210 4647 2380 4701 nihilo
2430 4648 2628 4713 secius,
2670 4657 2924 4716 tanquam
2970 4647 3216 4701 Arridzeo
3254 4644 3500 4711 jubente.

243 4736 329 4788 ὅσα
370 4738 468 4808 τῆς
511 4736 767 4808 ’Δράϐων
818 4736 923 4805 γῆς
975 4733 1177 4805 ξύνορα
1219 4734 1576 4803 Αίγύπτῳσδ,
1623 4735 1802 4804 ἄρχειν

1922 4739 2223 4807 provehere
2248 4739 2459 4793 statuit.
2499 4738 2562 4793 Et
2589 4754 2718 4794 vero
2742 4738 3061 4793 Ptolemaeus
3085 4737 3212 4807 Lagi
3242 4736 3305 4791 F.
3337 4734 3507 4807 Εεν-

245 4826 509 4899 ὲπετάχθη
533 4867 551 4893 ,
589 4828 910 4898 Κλεομένης
947 4826 1004 4880 δὲ
1035 4826 1065 4879 6
1106 4825 1166 4893 ἐξ
1210 4824 1559 4898 Ἀλεξάνδρου
1586 4827 1689 4897 τῆς
1720 4845 1802 4880 σα-

1922 4843 2014 4900 plo
2035 4839 2088 4885 et
2111 4830 2332 4899 Africae,
2347 4831 2602 4899 omnique
2627 4830 2700 4884 illi
2726 4831 2938 4885 Arabiae
2966 4829 3107 4900 parti
3132 4844 3252 4898 quae
3272 4828 3507 4899 Egypto

244 4922 495 4990 τραπείας
520 4920 729 4991 ταύτης
754 4920 945 4994 ἄρχειν
986 4919 1323 4990 τεταγμένος
1356 4918 1679 4990 Πτολεμαίῳ
1708 4918 1802 4971 ὖπ-

1927 4921 2158 4990 adjacet,
2180 4921 2451 4991 imperare
2475 4920 2663 4989 jussus
2685 4931 2789 4975 est.
2810 4919 3135 4977 Cleomenes
3167 4929 3372 4987 autem,
3411 4918 3502 4990 qui

1509 5058 1747 5115 VARle
1773 5054 2183 5117 LECTIONES.

302 5174 344 5252 ‘f
369 5173 653 5252 absint}:
712 5176 758 5208 "
782 5175 839 5252 δὲ
866 5179 909 5229 A
936 5177 1178 5252 [γὰρ-ς.
1254 5177 1301 5209 ⁸⁸
1337 5176 1563 5252 "Ai/foot;
1589 5194 1650 5240 ς.
1691 5246 1709 5252 _
1745 5178 1788 5210 ⁵⁹
1818 5179 1995 5252 ότοῦ-
2037 5180 2262 5251 Κρατέα
2289 5199 2349 5245 ς.
2426 5182 2470 5213 ⁸ο
2497 5180 2597 5252 μὲν
2647 5177 2740 5236 οὖν

245 5242 369 5301 Μελ.
402 5262 468 5313 ς.
500 5242 515 5248 ⁷
547 5247 596 5279 θ’
626 5246 918 5318 ξυμπάσης
949 5242 1027 5303 Δὶ
1061 5242 1192 5320 ὅλης
1220 5265 1281 5313 ς.
1359 5248 1404 5279 ⁸³
1439 5245 1711 5318 ὕπαρχον]
1777 5250 1915 5305 adde
1943 5242 2106 5307 είναιξ
2203 5252 2246 5284 ⁸⁸
2279 5242 2618 5320 σατραπείαν
2642 5270 2714 5319 ς.

1744 5390 1978 5452 ΝΟΤίΕ.

312 5503 419 5573 (33)
453 5502 592 5581 Yide
626 5502 1110 5581 Vitas_para_lleia_s
1151 5513 1367 5581 nostras
1400 5503 1741 5581 Aristotelis,
1761 5518 1827 5581 a_c
1928 5517 2114 5581 uolatu
2160 5508 2388 5581 dignum
2430 5510 2571 5579 apud
2632 5507 2883 5563 Curtium
2928 5507 3076 5578 legas
3118 5508 3214 5563 lib.
3281 5524 3356 5575 ν,
3411 5510 3514 5565 sub

249 5569 644 5645 Qeinosthenis,
706 5583 763 5628 et
782 5569 1023 5645 Joseph.
1071 5573 1406 5643 Stephanum
1444 5578 1612 5643 eptsc.
1649 5574 1823 5628 Orio].
1926 5580 2110 5634 linem.

248 5641 643 5723 Commeqtario
669 5645 737 5698 ad
760 5659 881 5714 cap.
909 5641 947 5698 'x
977 5641 1431 5723 Machaiiteorum.
1479 5641 1492 5643 “
1736 5712 1750 5723 _
1962 5648 2119 5723 _(56)
2151 5650 2383 5723 Quando
2431 5650 2739 5723 elephantis
2761 5649 2846 5723 __in
2901 5657 3198 5723 conspectu
3234 5649 3512 5723 exercitus

274 5712 431 5792 "(3‘)
466 5713 748 5792 _Dexjppus
801 5712 924 5792 sup.
958 5715 1079 5770 cod.
1106 5714 1175 5770 82
1205 5715 1363 5771 unica
1397 5722 1603 5771 tantum
1630 5712 1825 5770 canina
1925 5712 2138 5792 objecti
2160 5712 2386 5778 trecenti
2413 5762 2428 5788 ,
2463 5712 2656 5782 omnes
2690 5718 2992 5779 belluarum
3020 5712 3250 5792 pedibus
3293 5717 3511 5790 protriti

255 5778 425 5836 littera"
453 5778 732 5840 Aridi-um
774 5778 1042 5842 nominat.
1927 5778 2073 5848 sunt.
2106 5791 2259 5849 Curt.
2297 5792 2391 5849 lib.
2414 5778 2482 5849 ἰ.

318 5851 427 5922 (35)
462 5855 724 5927 Καυᾶραι
772 5856 1178 5942 quasiexpiare
1230 5857 1401 5915 dicas.
1453 5854 1618 5928 Cujus
1662 5855 1825 5912 ritum

2796 5183 2892 5252 ὴγ.
2923 5198 2985 5246 ς.
3020 5251 3027 5252 7
3064 5181 3107 5213 “
3143 5178 3356 5233 ἱππέων
3408 5175 3507 5252 καὶ

2822 5250 2868 5284 ³⁸
2893 5251 3158 5323 Αἰγύπτῳ
3183 5265 3296 5307 om.
3326 5263 3409 5319 pr.
3441 5250 3507 5301 A.
