4092 6422
486 436 593 501 303

1652 441 1919 504 PHOTII
1957 435 2462 501 PATRIARCH/E
2500 440 2609 501 (ΣΡ.

3664 440 3771 505 304

490 557 561 614 ab
594 555 905 613 Alexandro
930 563 1146 625 satrapa
1182 556 1256 613 ibi
1291 557 1622 613 constitutus
1661 558 1863 625 fuerat,
1892 556 2078 613 Ptole-

2186 571 2351 627 αρχος
2388 550 2527 609 εἶναι
2550 572 2564 587 ·
2596 554 2697 626 τῆς
2730 554 2787 608 δέ
2819 555 2912 609 ἐπὶ
2939 554 3115 629 ταύτῃ
3128 557 3174 589 ⁸⁸
3209 555 3411 629 Συρίας
3439 555 3767 627 Λαομέδων,

494 648 614 703 ηιπί
651 649 892 704 vicarius
920 648 1212 718 praefectus
1246 648 1326 704 fit.
1367 650 1541 722 Syriae
1569 649 1763 707 deinde
1783 666 1903 723 quae
1948 650 2076 706 huic

494 742 749 812 satrapize
796 740 1079 811 subjacet,
1132 741 1441 796 Laomedon
1485 743 1791 814 impositus.
1838 742 2080 797 Philotas

496 832 701 888 Cilicia:
744 833 1032 903 praefectus
1084 843 1187 900 est,
1247 841 1307 887 ut
1346 832 1539 889 Pithon
1569 833 1757 890 Media:
1794 835 1928 907 (37).
1980 833 2076 889 Eu-

496 935 849 976 menes.vero
894 922 1199 979 Cardianus
1233 922 1633 993 Cappadociam
1675 935 1730 980 et
1774 924 2080 995 Paphlago-

496 1016 665 1082 niam,
698 1031 926 1086 quzeque
962 1016 1135 1071 Ponto
1171 1014 1420 1084 adjacent
1448 1016 1681 1071 Euxiniu
1712 1021 1975 1087 suscepit,
2011 1019 2077 1072 ad

496 1123 671 1178 usque
685 1107 1079 1178 Trapezuntem
1098 1106 1484 1177 Sinopensium
1501 1108 1792 1164 coloniam.
1806 1107 2082 1181 Pamphy-

499 1200 584 1266 lis,
618 1210 671 1254 et
689 1199 890 1272 Lyciis,
925 1217 1245 1273 magnaeque
1270 1203 1525 1276 Phrygiae
1556 1205 1864 1277 Antigonus
1894 1206 2079 1261 datus.

497 1292 665 1350 Cares
691 1294 846 1366 69b
867 1294 1181 1351 Cassandro
1203 1294 1570 1367 obvenerunt;
1593 1297 1728 1371 Lydi
1751 1299 2078 1355 Menandro:

502 1392 561 1439 ut
593 1385 873 1441 Leonnato
903 1387 991 1441 illa
1024 1386 1260 1461 Phrygia
1283 1431 1299 1457 ,
1348 1406 1470 1461 qua:
1506 1392 1737 1461 pertinet
1769 1392 1834 1447 ad
1876 1390 2080 1447 llelles-

498 1487 722 1547 pontum
754 1479 889 1549 (58),
918 1494 1080 1550 quam
1108 1480 1177 1535 ab
1197 1483 1313 1551 ipso
1335 1481 1643 1539 Alexandro
1664 1483 1827 1540 Calas
1858 1484 2078 1555 quidam

501 1569 721 1624 nomine
749 1571 1048 1639 obtinebat,
1087 1572 1189 1627 etsi
1224 1574 1419 1631 deinde
1444 1575 1756 1631 Demarcho
1787 1576 2080 1632 commissa

500 1656 662 1714 fuerit
690 1658 824 1729 (59).
857 1659 932 1714 lta
957 1669 1082 1716 tunc
1104 1662 1231 1718 Asia
1266 1673 1349 1720 est
1375 1664 1693 1721 distributa.

574 1749 675 1806 Per
710 1752 977 1822 Europam
1010 1768 1164 1820 vero,
1203 1754 1454 1812 Thraciae
1488 1758 1706 1827 quidem
1756 1766 1812 1813 et
1846 1757 2083 1815 Cherro-

503 1857 658 1907 neso,
686 1844 1050 1915 gentibusque
1075 1846 1325 1903 Thracia:
1349 1848 1615 1915 finitimis,
1643 1865 1815 1922 usque
1844 1851 1911 1906 ad
1932 1867 2083 1909 mare

2181 647 2424 712 Φιλώτας
2454 647 2512 701 δέ
2537 647 2792 711 Κιλικίας
2825 648 2920 702 καὶ
2950 647 3131 703 Πίθων
3164 649 3379 720 Μηδίας
3402 648 3445 681 ⁸⁷
3470 690 3487 717 ,
3516 649 3771 719 Εὐμένης

2180 739 2236 791 δὲ
2266 739 2294 792 ὁ
2328 738 2638 810 Καρδιανὸς
2675 740 3074 805 Καππαδοκίας
3100 741 3195 795 καὶ
3228 740 3609 810 Παφλαγονίας
3631 781 3648 806 ,
3674 740 3771 793 καὶ

2180 832 2280 886 ὅσα
2297 832 2391 886 τοῦ
2418 832 2622 887 Πόντου
2648 833 2742 887 τοῦ
2768 833 3020 901 Εὐξείνου
3058 834 3263 905 σύνορα
3291 833 3472 887 Eata“
3496 833 3588 887 ἐπὶ
3613 834 3773 885 πόλιν

2197 924 2425 980 Ἐλλάδα
2446 926 2491 959 ⁸³
2524 925 2917 998 Τραπεζοῦντα
2938 966 2953 992 ,
2988 926 3277 981 Σινωπέων
3303 926 3529 982 ἄποικον
3556 943 3569 956 ·
3607 926 3773 995 Παμ-

2184 1017 2365 1088 φύλων
2389 1019 2446 1073 δὲ
2477 1022 2571 1073 καὶ
2598 1020 2816 1073 Λυκίων
2847 1021 2942 1074 καὶ¹
2971 1018 3216 1092 Φρυγίας
3233 1020 3333 1091 τῆς
3365 1018 3610 1091 μεγάλης
3647 1018 3774 1072 Ἀν-

2182 1110 2428 1179 τίγονος,
2474 1111 2678 1182 Καρῶν
2724 1112 2783 1165 δὲ
2814 1110 3224 1182 Κάσανδροςτο,
3260 1110 3449 1164 Λυδῶν
3469 1110 3525 1163 δὲ
3553 1110 3771 1164 Μέναν-

2182 1200 2309 1272 δρος
2328 1241 2343 1266 ,
2380 1203 2482 1273 τῆς
2506 1204 2566 1258 δὲ
2606 1204 2693 1273 ἐφ’
2739 1204 3120 1276 Ἑλλησπόντῳ
3148 1203 3392 1274 Φρυγίας
3427 1202 3728 1265 Λεοννάτος
3752 1240 3771 1266 ,

2183 1294 2297 1367 ἦντι
2330 1292 2391 1359 ἐξ
2409 1294 2456 1326 τι
2503 1295 2857 1369 Ἀλεξάνδρου
2899 1296 2998 1365 μὲν
3030 1294 3218 1359 Κάλας
3245 1294 3419 1365 ὄνομα
3444 1293 3666 1364 κατέχει
3685 1293 3733 1325 ⁷³
3754 1336 3771 1357 ,

2184 1384 2377 1439 ἔπειτα
2406 1385 2703 1457 Δήμαρχος
2748 1388 3149 1458 ἐπετέτραπτο.
3181 1385 3263 1441 Τά
3308 1385 3409 1456 μὲν
3435 1384 3643 1440 me"
3668 1384 3776 1455 τὴν

2196 1478 2384 1532 Ἀσίαν
2414 1470 2518 1533 ὦδε
2552 1478 2818 1551 ἐνεμήθη.

2254 1744 2378 1800 Τῶν
2404 1743 2461 1799 δὲ
2493 1744 2639 1799 κατὰ
2673 1744 2772 1816 τὴν
2799 1744 3071 1817 Εὐρώπην
3100 1746 3325 1819 Θρᾴκης
3360 1747 3461 1818 μὲν
3489 1746 3584 1801 καὶ
3621 1746 3777 1819 Χερ-

2186 1837 2453 1908 ρονήσου,
2490 1837 2586 1890 καὶ
2614 1837 2716 1891 ὅσα
2760 1836 2936 1909 Θρᾳξὶ
2962 1836 3165 1909 σύνορα
3192 1838 3349 1908 ἔθνη,
3385 1838 3509 1892 ἐστε
3541 1838 3635 1891 ἐπὶ
3674 1838 3779 1894 θά-

498 1936 643 2005 quod
681 1935 1094 2009 Salmydessum
1137 1937 1296 1994 Ponti
1347 1940 1544 1995 Euxini
1593 1941 1780 1998 urbem
1830 1944 2076 2014 attingit,

2186 1931 2389 1985 λασσαν
2428 1930 2534 2002 τὴν
2555 1931 2601 1965 ⁷⁸
2626 1931 2721 1985 ἐπὶ
2746 1931 3138 2002 Σαλμυδησσὸν
3166 1931 3260 1987 τοῦ
3284 1931 3539 1997 Εὐξείνου
3566 1932 3779 1985 Πόντου

504 2025 861 2099 Lysimachus
905 2028 1200 2100 praefectus
1246 2030 1427 2087 datur.
1488 2032 1559 2087 At
1587 2049 1709 2104 quae
1736 2036 1874 2093 ultra
1911 2036 2086 2095 Thra-

501 2120 639 2175 ciam
673 2135 849 2190 usque
902 2123 971 2176 ad
1006 2121 1290 2193 Illyricos,
1349 2121 1654 2195 Triballos,
1709 2138 1765 2185 et
1816 2132 2086 2201 Agrianos

501 2213 807 2281 pertinent,
841 2214 1071 2283 ipsaque
1118 2215 1253 2271 adeo
1298 2214 1613 2275 Macedonia
1635 2262 1652 2289 ,
1678 2231 1733 2277 et
1769 2221 1968 2292 Epirus
2020 2227 2085 2281 ad

499 2300 807 2357 Ceraunios
844 2316 1018 2371 usque
1054 2313 1272 2361 montes
1311 2307 1662 2380 pertingens,
1721 2328 1842 2368 cum
1876 2313 2085 2371 Grtecia

502 2392 759 2447 universa
788 2393 1038 2459 Cratero,
1070 2404 1127 2450 et
1157 2395 1446 2468 Antipatro
1474 2400 1834 2459 obvenerunt.
1862 2404 1940 2461 lta
1972 2407 2087 2463 hrc

503 2483 701 2540 divisio
731 2485 874 2539 facta
902 2502 917 2540 :
953 2501 1077 2540 nam
1109 2487 1342 2558 plurima
1381 2491 1497 2548 loca
1525 2533 1541 2559 ,
1591 2506 1649 2550 ut
1680 2496 1747 2551 ab
1775 2497 2087 2555 Alexandro

501 2571 687 2627 relicta
711 2582 890 2637 erant,
924 2573 1193 2645 indigenis
1224 2581 1471 2648 parentia
1506 2582 1802 2651 praefectis,
1852 2587 2082 2645 indivisa

501 2675 944 2734 permanserunt.

573 2757 785 2815 Interea
822 2772 877 2818 et
912 2763 1138 2819 Roxana
1170 2781 1458 2840 praegnans
1488 2771 1631 2839 parit
1660 2769 1827 2827 lilium
1851 2812 1868 2839 ,
1923 2788 2085 2842 quem

503 2865 626 2905 mox
662 2867 844 2923 regem
879 2856 1128 2913 militaris
1166 2858 1323 2914 turba
1364 2863 1695 2919 renuntiavit
1726 2884 1739 2919 :
1777 2872 1832 2919 et
1858 2866 2083 2922 seditio-

504 2940 665 2997 nibus
691 2944 759 2998 ab
788 2943 1082 3002 Alexandri
1115 2962 1342 3005 excessu
1366 2954 1550 3008 omnia
1589 2954 1957 3024 replebantur.
1998 2957 2087 3013 Et-

500 3035 646 3087 enim
706 3035 994 3107 Antipater
1057 3054 1179 3094 cum
1243 3040 1708 3115 Atheniensibus,
1779 3058 2085 3121 ceteraque

500 3123 748 3194 Graecia,
788 3142 952 3199 quam
997 3131 1336 3191 Leosthenes
1385 3137 1684 3206 imperator
1738 3139 2079 3207 defendebat,

500 3218 701 3274 bellum
750 3224 921 3292 gessit
958 3241 972 3279 :
1004 3227 1349 3299 primumque
1376 3230 1570 3299 vietus,
1614 3242 1672 3288 et
1715 3233 1769 3289 in
1805 3238 2083 3306 angustias

498 3312 768 3368 adductus
794 3353 810 3379 ,
840 3316 1089 3385 superior
1131 3320 1348 3374 tandem
1389 3323 1603 3388 evasit,
1657 3326 1860 3382 amisso
1902 3337 2080 3384 tamen

499 3400 806 3473 Leonnato,
834 3408 928 3478 qui
958 3412 1235 3480 suppetias
1270 3411 1561 3484 Antipatro
1610 3419 1885 3477 attulerat.
1930 3420 2086 3494 Lysi-

501 3500 730 3553 machus
770 3514 989 3570 quoque
1046 3518 1172 3558 cum
1210 3505 1414 3561 Seutha
1450 3506 1664 3566 Thrace
1701 3511 1862 3569 nimis
1913 3516 2083 3570 anda-

500 3600 619 3645 cter
636 3591 884 3647 conﬂixit
902 3610 999 3664 pro
1025 3595 1275 3666 imperio.
1294 3599 1427 3655 Cum
1448 3603 1635 3672 paucis
1651 3606 1795 3661 enim
1814 3621 2083 3677 pugnans,

500 3684 603 3738 etsi
635 3694 859 3741 strenue
886 3702 946 3743 se
993 3700 1230 3760 gereret,
1264 3700 1443 3750 tamen
1488 3696 1769 3754 confectus
1812 3712 1915 3756 est.
1960 3699 2087 3756 Per-

502 3778 685 3832 dit-cas
743 3779 869 3835 item
921 3796 1043 3838 eum
1074 3785 1366 3842 Ariarathe
1418 3789 1777 3860 Cappadocia:
1830 3795 2087 3862 praefecto

503 3872 804 3938 conseruit,
843 3876 984 3943 quod
1032 3876 1258 3934 Eumeni
1309 3879 1383 3934 ibi
1444 3881 1713 3951 imperare
1760 3884 1920 3954 jusso
1978 3901 2085 3940 non

501 3964 781 4047 cessisset.
810 3964 933 4022 Uno
959 3967 1141 4038 itaque
1183 3971 1271 4026 hic
1303 3980 1357 4025 et
1386 3971 1558 4029 altero
1580 3975 1765 4044 praelia
1817 3979 2084 4047 superior,

501 4044 720 4124 captum
752 4056 902 4111 illum
950 4062 1273 4129 suspendit,
1322 4064 1728 4137 Eutnenemque
1772 4069 1826 4122 in
1860 4044 2085 4139 regnum

504 4147 761 4215 restituit.
790 4149 1053 4205 Craterus
1088 4167 1218 4209 vero
1244 4155 1533 4225 Antipatro
1566 4166 1795 4227 portans
1825 4158 2087 4213 adversus

495 4238 765 4296 Graeciam
797 4243 1097 4300 auxiliares
1131 4247 1317 4314 copias
1342 4286 1360 4311 ,
1400 4248 1645 4304 victoria:
1697 4248 1843 4304 illius
1874 4260 2083 4315 auctor,

492 4346 600 4402 qua
629 4332 757 4388 victi
787 4333 986 4399 Graeci,
1014 4339 1247 4392 exstitit.
1292 4338 1659 4405 Quamobrem
1691 4341 1912 4411 utrique
1944 4340 2088 4396 dicto

398 4410 401 4411 ⁷
498 4425 812 4494 audientes,
835 4427 1106 4499 imperata
1129 4430 1385 4499 deinceps
1407 4429 1613 4500 absque
1637 4410 2089 4502 tergiversatione

489 4515 761 4572 fecerunt.
798 4519 862 4573 Et
910 4521 1023 4574 lucc
1070 4520 1288 4590 quidem
1336 4520 1495 4576 libris
1548 4523 1797 4594 quinque
1844 4525 2084 4591 comple-

488 4609 676 4666 ctitur.

563 4700 767 4758 Sextus
812 4701 980 4758 refert
1010 4701 1433 4761 Demosthenem
1464 4714 1518 4762 et
1548 4705 1877 4779 Hyperidem
1906 4711 2079 4767 Athe-

488 4792 711 4847 nienses
761 4794 989 4864 fugisse,
1042 4795 1418 4851 Aristonicum
1472 4798 1603 4853 item
1652 4799 2077 4868 Marathoniutn,

492 4892 548 4936 ct
576 4882 904 4939 Hitnerazum
942 4884 1208 4941 Demetrii
1234 4886 1481 4944 Phalerei
1508 4889 1759 4957 fratrem,
1792 4893 2077 4964 Eginam-

486 4991 594 5045 que
626 4978 862 5047 primutn
916 4979 1154 5045 venisse,
1194 4979 1284 5035 ubi
1321 4982 1445 5038 dum
1481 4994 1858 5053 versarentur,
1886 4996 2079 5041 orante

485 5068 748 5137 Demade,
782 5069 980 5139 capitis
1020 5073 1295 5128 sententia
1339 5074 1410 5129 ab
1448 5074 1875 5133 Atheniensibus
1919 5078 2077 5132 dam-

2190 2018 2329 2095 [124
2348 2020 2453 2094 Η.]
2482 2022 2792 2093 καθήκοντα
2812 2062 2827 2088 ,
2849 2021 3150 2093 Λυσιμάχῳ
3172 2022 3206 2093 ἡ
3235 2020 3378 2093 ἀρχὴ
3396 2021 3686 2091 ἐπετράπη
3704 2019 3777 2052 ⁷⁸⁸

2186 2116 2255 2168 τά
2283 2114 2339 2167 δέ
2377 2114 2636 2169 ἐπέκεινα
2687 2114 2790 2185 τῆς
2835 2115 3062 2188 Θρᾴκης
3094 2114 3170 2179 ὡς
3199 2114 3292 2167 ἐπὶ
3348 2114 3637 2186 Ἰλλυριοὺς
3676 2111 3780 2167 καὶ

2189 2205 2526 2278 Τριϐαλλοὺς
2555 2206 2651 2260 xal.
2690 2207 3019 2278 Ἀγριᾶνας,
3051 2206 3146 2260 καὶ
3178 2205 3318 2276 αύτὴ
3346 2204 3657 2261 Μακεδονία
3680 2207 3780 2260 καὶ

2186 2300 2280 2371 ηπ
2302 2300 2569 2371 Ἦπειρος
2590 2299 2667 2364 ὡς
2696 2300 2793 2353 ἐπὶ
2824 2301 2893 2353 τά
2926 2298 3028 2371 ὅρη
3048 2300 3117 2353 τὰ
3144 2297 3427 2371 Κεραύνια
3456 2298 3739 2369 ἀνήκουσα
3756 2338 3778 2366 ,

2186 2392 2283 2446 καὶ
2314 2393 2364 2446 οἱ
2393 2392 2658 2461 Ἕλληνες
2693 2391 3041 2463 σύμπαντες,
3069 2388 3340 2465 Κρατερῷ
3369 2389 3466 2443 καὶ
3508 2390 3783 2444 Ἀντιπά-

2186 2501 2302 2555 τρῳ
2320 2482 2582 2556 ἐνεμήθη.
2597 2479 2709 2538 Καὶ
2725 2484 2761 2555 ἡ
2793 2482 2892 2554 μὲν
2918 2483 3150 2554 νέμησις
3183 2480 3379 2546 οὓτως·
3399 2481 3574 2540 πολλὰ
3596 2482 3652 2534 δέ
3679 2482 3780 2535 καὶ

2187 2576 2524 2647 ἀδιανέμητα
2544 2574 2759 2646 ἔμεινεν
2791 2574 2895 2629 ὑπὸ
2924 2574 3034 2628 τῶν
3056 2574 3340 2645 ἐγχωρίων
3365 2575 3644 2648 ἀρχόντων
3659 2613 3676 2641 ,
3698 2573 3781 2639 ὡς

2187 2668 2496 2739 ἐτάχθησαν
2527 2667 2633 2747 ὑπδ
2664 2667 3021 2740 Ἀλεξάνδρου
3042 2710 3058 2734 ,
3086 2668 3343 2739 ἐχόμενα.

2260 2759 2350 2813 Ἐν
2376 2759 2552 2829 τούτῳ
2585 2758 2827 2831 Ῥωξάνη
2862 2758 2984 2813 κύει
3023 2760 3118 2813 καὶ
3151 2760 3358 2823 τίκτει,
3398 2760 3493 2814 καὶ
3519 2760 3600 2823 είς
3624 2758 3785 2831 βασι-

2184 2850 2286 2905 λέα
2319 2850 2381 2904 τὸ
2406 2851 2597 2921 τεχθὲν
2626 2851 2815 2904 ἀνεῖπε
2859 2850 2927 2903 τὸ
2953 2849 3178 2921 πλῆθος.
3210 2850 3353 2923 [217
3380 2852 3444 2905 R.
3478 2849 3500 2923 ]
3524 2851 3782 2906 Στάσεων

2184 2942 2241 2997 δὲ
2274 2943 2413 3013 μετὰ
2442 2944 2536 2997 τὸν
2573 2942 2925 3013 Ἀλεξάνδρου
2958 2947 3189 2998 θάνατον
3221 2944 3400 2997 πάντα
3444 2943 3780 3014 ἐπληροῦτο.

2185 3035 2298 3089 Kal.
2339 3035 2570 3107 πολεμεῖ
2627 3037 2983 3109 Ἀντίπατρος
3034 3037 3172 3108 πρός
3205 3054 3261 3090 τε
3306 3036 3631 3109 Ἀθηναίους
3678 3038 3789 3093 καὶ

2184 3128 2310 3192 τοὺς
2332 3128 2527 3193 ἀλλους
2559 3129 2828 3199 Ἕλληνας
2847 3171 2862 3195 ,
2908 3128 3257 3194 Λεωσθένους
3273 3130 3321 3162 ’⁸
3361 3132 3546 3195 αὐτοῖς
3575 3148 3783 3202 στρατ-

2186 3219 2450 3291 ηγοῦντος
2470 3237 2485 3252 ο
2522 3222 2618 3275 καὶ
2646 3221 2713 3274 τὰ
2748 3220 2943 3291 πρῶτα
2972 3221 3284 3293 ἡττώμενος
3310 3224 3405 3277 καὶ
3431 3224 3511 3287 εἰς
3538 3223 3785 3295 ἀπορίαν

2190 3312 2616 3384 συγκλειόμενος
2664 3312 2892 3385 ὕστερον
2941 3315 3186 3385 ἐκράτει.
3234 3315 3399 3369 Ἀλλά
3444 3315 3634 3369 πίπτει
3679 3316 3784 3370 καὶ

2187 3405 2485 3469 Λεοννάτος
2513 3404 2828 3476 ἐπιϐοηθεῖν
2854 3405 3026 3459 δοκῶν
3072 3407 3437 3480 Ἀντιπάτρῳ.
3463 3408 3573 3462 Καὶ
3604 3407 3783 3463 Λυσί-

2190 3514 2362 3568 μαχος
2398 3498 2456 3551 δὲ
2486 3497 2663 3571 Σεύθῃ
2694 3497 2773 3569 τῷ
2800 3498 2979 3569 Θρᾳκὶ
3021 3499 3276 3570 πολεμῶν
3302 3500 3446 3570 ὑπὲρ
3469 3499 3571 3569 τῆς
3598 3502 3786 3573 ἀρχῆς

2188 3589 2517 3659 παραϐόλως
2553 3591 2571 3652 ί
2591 3590 2689 3643 σὺν
2734 3590 2935 3659 ὀλίγοις
2966 3589 3118 3661 γὰρ)
3143 3590 3239 3645 καὶ
3287 3591 3595 3664 εὐδοκιμῶν
3625 3592 3785 3663 ὅμως

2186 3682 2451 3756 ἀνῃρέθη.
2499 3684 2737 3753 Πολεμεί
2765 3683 2823 3735 δέ
2862 3684 2957 3737 καὶ
2988 3683 3300 3754 Περδίκκας
3357 3684 3660 3756 Ἀριαράθῃ
3696 3684 3784 3756 τῷ

2187 3774 2620 3841 Καππαδοκίας,
2663 3775 2747 3828 ὅτι
2795 3774 3031 3846 Εὐμένει
3076 3775 3269 3845 ἄρχειν
3308 3776 3783 3849 ἐπιτετραμμένῳ

2187 3866 2289 3937 τῆς
2331 3867 2506 3939 ἀρχῆς
2553 3867 2655 3920 οὐκ
2705 3866 2985 3933 ἐξίστατο·
3022 3867 3115 3919 καὶ
3151 3866 3270 3920 δυσὶ
3300 3868 3533 3940 νικήσας
3569 3868 3783 3941 μάχαις

2187 3958 2283 4012 καὶ
2311 3956 2594 4013 συλλαϐὼν
2640 3959 2953 4030 ἐκρέμασεν
2973 3997 2990 4023 ,
3019 3958 3256 4029 Εὐμένει
3296 3960 3396 4030 τὴν
3428 3962 3606 4030 ἀρχὴν
3633 3962 3781 4013 ἀπο-

2189 4051 2566 4121 καταστήσας.
2616 4050 2902 4122 Κρατερὸς
2957 4048 3015 4104 δὲ
3064 4050 3376 4121 συμμαχῶν
3433 4053 3783 4123 Ἀντιπάτρῳ

2188 4145 2330 4199 κατά
2357 4143 2466 4198 τῶν
2507 4143 2783 4213 Ἑλλήνων
2833 4143 3009 4206 αἴτιος
3052 4143 3155 4212 τῆς
3197 4142 3386 4215 νίκης,
3414 4138 3483 4217 ἧς
3514 4146 3783 4215 ἐνίκησαν

2188 4234 2387 4297 αὐτοὺς
2414 4276 2429 4299 ,
2462 4234 2718 4304 γέγονεν·
2756 4233 2816 4299 ἐξ
2851 4228 2914 4287 οὗ
2944 4234 3038 4287 καὶ
3087 4233 3303 4288 ἅπαντα
3323 4276 3341 4301 ,
3378 4236 3523 4308 ἅπερ
3570 4238 3638 4291 ἂν
3670 4239 3781 4291 αύ-

2187 4328 2301 4390 τοῖς
2330 4325 2617 4397 Κρατερὸς
2664 4325 2930 4378 ἐπέταττε
2953 4325 3050 4378 καὶ
3090 4325 3451 4399 Ἀντίπατρος
3471 4369 3486 4391 ,
3516 4330 3780 4399 ἀπροφα-

2190 4411 2389 4475 σίστως
2436 4413 2760 4484 ἐπράττετο.
2808 4413 2919 4467 Καὶ
2964 4411 3135 4467 ταῦτα
3179 4415 3343 4487 μέχρι
3373 4416 3469 4471 τοῦ
3516 4419 3779 4488 πέμπτου

2190 4503 2417 4575 βιϐλίου.

2269 4708 2358 4763 Ἐν
2397 4709 2454 4763 δὲ
2483 4708 2562 4779 τῷ
2592 4709 2738 4779 ἐκτῳ
2780 4707 3141 4780 διαλαμϐάνει
3163 4710 3313 4776 ὅπως
3337 4713 3383 4745 ⁷⁸
3431 4714 3491 4782 ἐξ
3532 4715 3780 4787 Ἀθηνῶν

2185 4802 2236 4855 οί
2256 4801 2404 4871 ἀμφὶ
2432 4801 2783 4873 Δημοσθένην
2814 4802 2910 4856 καὶ
2941 4802 3270 4876 Ὑπερείδην
3283 4805 3329 4837 ⁸⁰
3354 4805 3587 4876 ἔφυγον,
3624 4810 3780 4881 Ἀρι-

2186 4894 2431 4958 στόνικός
2449 4895 2491 4926 ⁸⁸
2532 4912 2590 4947 τε
2624 4897 2652 4948 ὁ
2674 4895 3037 4964 Μαραθώνιος
3068 4897 3165 4951 καὶ
3196 4898 3464 4970 Ἱμεραῖος
3477 4901 3774 4975 “qutm-

2185 4988 2341 5056 τρίου
2374 4985 2469 5039 τοῦ
2487 4984 2778 5057 Φαληρέως
2808 4987 3061 5057 ἀδελφὸς,
3094 4989 3163 5042 τὰ
3193 4991 3293 5061 μὲν
3310 4992 3598 5063 πρῶταείς
3612 4997 3774 5066 Αἴγι-

2186 5091 2285 5128 ναν
2310 5091 2323 5105 ·
2357 5075 2474 5129 ἐκεί
2516 5074 2573 5129 δέ
2602 5074 2903 5145 διαγόντων
2931 5075 3162 5131 θάνατον
3203 5077 3392 5135 αὐτῶν
3425 5085 3679 5153 κατέγνω
3708 5087 3776 5140 τὸ

1783 5214 2026 5272 νΑιιιΑς
2056 5204 2463 5271 LECTIONES.

553 5327 600 5406 ξε
634 5327 727 5380 ἐπὶ
755 5326 928 5406 ταύτῃ
961 5330 1003 5406 A
1019 5342 1047 5406 ξ
1069 5331 1158 5406 ἐπ’
1185 5331 1324 5406 αὐτῇ
1368 5349 1429 5396 ς.
1482 5331 1825 5406 -ξτΑΜηδείας
1854 5347 1915 5395 ς.
1951 5328 2035 5406 __‘°
2068 5327 2190 5406 ἕστε
2239 5329 2283 5381 A
2314 5343 2334 5406 :_
2358 5324 2511 5406 ἔσται
2541 5341 2618 5406 ς..
2679 5325 2722 5357 ⁸³
2739 5325 2991 5406 νἘλλάδα
3051 5327 3279 5406 add._A._
3334 5330 3393 5406 _'°
3426 5332 3635 5406 Καρῶν
3671 5344 3773 5398 καὶ

478 5398 623 5453 Κάσ.
659 5416 720 5463 ς.

472 5469 522 5539 ’ξξ
542 5469 944 5539 ,ἐπετέτραπτο
967 5469 1033 5538 ξ.

477 5536 832 5612 ’νημεραῖος
858 5558 917 5605 ς.

799 5399 842 5429 ’ί
1016 5396 1085 5473 ἦν
1111 5405 1155 5455 Α
1194 5420 1208 5456 :
1243 5396 1401 5466 ὃν’ς.
1480 5404 1526 5433 ⁷⁸
1549 5402 1610 5473 ἐξ
1633 5396 1743 5455 θἰιι.

1115 5473 1220 5544 ἰτδή
1253 5476 1375 5526 add,
1413 5475 1480 5527 Α,
1558 5472 1606 5504 τε
1629 5469 1963 5532 Λεοσθένους
1991 5471 2057 5523 Α.

1951 5400 1997 5431 ⁷³
2029 5398 2280 5467 κατέχειν
2308 5398 2372 5451 Α.

2471 5396 2516 5475 7:
2562 5395 2662 5463 μὲν
2689 5391 2812 5475 “es:
2847 5397 2989 5475 κατερι
3014 5416 3075 5462 ς.
3175 5400 3358 5475 eam
3386 5406 3487 5475 τὴν
3523 5391 3664 5463 ’θάλ.
3700 5391 3772 5469 AI

2137 5464 2350 5531 ngam;
2377 5468 2428 5520 οι
2458 5464 2519 5530 ἐξ
2551 5483 2613 5529 ς.
2688 5465 3042 5537 ⁸⁰⁹Υπερίδην
3073 5486 3135 5534 ς.
3203 5464 3674 5543 διἈρισαέόνεικός
3700 5464 3772 5540 A.

2006 5650 2216 5707 ΝΟΤᾹΞ

542 5758 657 5832 (37)
692 5760 869 5820 Credo
907 5760 1159 5832 Cratevze
1189 5756 1424 5832 F._n_am
1462 5754 1721 5825 Agenoris
1755 5752 1818 5810 F.
1849 5744 2069 5809 Gelonis

474 5826 830 5909 Macedonum
855 5835 909 5888 in
941 5826 1386 5909 Ιηρξἱεσρζαείυίέο
1534 5895 1553 5909 .
1631 5896 1663 5909 _.
1793 5895 1824 5909 ..

548 5902 666 5973 (58)
714 5902 844 5970 Quae
891 5912 947 5961 et
987 5895 1232 5971 Phrygia
1291 5898 1465 5951 minor
1523 5895 1739 5953 Justiuo
1789 5895 1887 5952 lib.
1939 5908 2061 5963 aut,

2177 5748 2762 5908 ἒῗτὲῗῗξεῖίθί
2783 5834 2889 5908 "1:,
2910 5821 3104 5908 ,ίηίίὶον
3136 5830 3330 5886 calam
3353 5830 3502 5908 hunc
3525 5835 3769 5908 Paphla'

2172 5890 2372 5959 genite,
2405 5897 2456 5944 et
2492 5886 2678 5947 Enetis
2702 5890 2770 5947 ab
2807 5886 3116 5956 Alexandro
3152 5886 3505 5973 praepositum
3525 5886 3637 5963 ait:
