4092 6452
281 431 365 497 305
1305 442 1833 508 BIBLIO’I‘HECA.
1862 469 1932 480 -·
1968 446 2133 509 COD.
2174 446 2357 509 XCII.

3408 446 3516 511 306

288 541 558 612 Ἀθηναίων
576 544 781 619 πλῆθος
796 546 1043 615 είπόντος
1056 549 1331 623 Δημάδου,
1348 554 1445 608 καὶ
1473 554 1826 624 Ἀντίπατρος

1937 566 2114 625 natos,
2153 558 2299 629 quod
2340 557 2622 613 decretum
2668 555 2956 626 Antipater
2987 554 3379 626 perliciendum
3418 572 3517 614 cu-

272 636 343 700 sl;
366 635 515 707 ἔργον
540 638 716 709 ἤγαγε
733 639 795 693 τὸ
821 640 1100 713 ψήφισμα.
1128 643 1241 698 Καὶ
1264 644 1341 709 ὡς
1377 646 1606 718 Ἀρχίας
1636 648 1665 701 ό
1687 646 1822 701 Θού-

276 742 372 799 ριος
391 728 463 792 είς
491 729 583 781 τὸν
612 729 845 789 θάνατον
877 733 1060 788 αὐτῶν
1094 734 1451 809 ὑπουργήσας
1472 776 1489 803 ,
1518 740 1578 791 έν
1615 738 1820 810 ἐσχάτῃ

274 819 410 893 πενίᾳ
447 821 540 875 καὶ
583 823 786 896 ἀτιμίᾳ
830 827 1173 898 κατατρίψας
1216 829 1541 901 ἐτελεύτησε
1566 831 1658 885 τὸν
1684 831 1818 902 βίον.

272 913 364 966 Καὶ
384 912 453 977 ὡς
476 914 738 987 Δημάδης
769 917 831 972 οὐ
862 918 1044 991 πολλῷ
1071 919 1300 993 ὕστερον
1326 922 1388 986 ἐς
1410 922 1456 955 ⁸³
1479 923 1821 978 Μακεδονίαν

271 1002 433 1073 ἀχθεὶς
456 1004 565 1059 ὑπὸ
602 1007 927 1081 Κασάνδρου
964 1012 1180 1083 ἐσφάγη
1200 1053 1217 1079 ,
1270 1012 1365 1067 τοῦ
1396 1013 1587 1080 παιδὸς
1623 1016 1684 1068 ὲν
1708 1017 1821 1080 τοῖς

268 1094 462 1159 κόλποις
481 1104 1027 1172 προαποσφαγέντος·
1064 1105 1244 1160 αἰτίαν
1268 1106 1313 1161 δ’
1334 1107 1510 1178 ἐπῆγε
1525 1107 1572 1141 ⁸⁵
1600 1108 1823 1163 Κάσαν-

268 1185 372 1257 δρσς
389 1188 491 1253 ,ὅτι
518 1193 612 1245 τὸν
638 1193 809 1248 αὐτοῦ
831 1194 1047 1268 πατέρα
1068 1196 1403 1270 ὲξυϐρίσειεν
1422 1201 1481 1254 ὲν
1505 1194 1588 1265 οἷς
1609 1200 1820 1273 ἔγραψε

274 1279 528 1355 Περδίκκᾳ
558 1284 753 1352 σώζειν
774 1288 904 1352 τοὺς
928 1289 1199 1363 Ἕλληνας
1228 1290 1339 1345 ἀπὸ
1358 1292 1570 1363 σαπροῦ
1596 1295 1690 1348 καὶ
1715 1311 1821 1348 πα-

267 1368 399 1424 λαιοῦ
430 1374 697 1444 στήμονος
737 1377 1084 1449 ἠρτημένους
1103 1417 1119 1443 ,
1148 1378 1297 1434 οὕτω
1323 1380 1416 1437 τὸν
1462 1382 1825 1457 ’Δντίπατρον

265 1462 633 1535 ἐπιχλευάζων.
656 1469 948 1541 Δείναρχος
979 1471 1037 1526 δὲ
1066 1472 1095 1526 ό
1124 1472 1422 1545 Κορίνθιος
1451 1476 1480 1529 ό
1509 1475 1819 1547 κατήγορος

263 1549 339 1625 ἦν.
376 1556 508 1611 Ἀλλ’
543 1560 574 1615 ὅ
614 1577 681 1630 γε
719 1562 980 1635 Δημάδης
1008 1564 1111 1636 τῆς
1161 1565 1331 1620 αὐτοῦ
1365 1566 1696 1639 δωροδοκίας
1723 1568 1820 1623 καὶ

263 1647 525 1717 προδοσίας
552 1654 650 1707 καὶ
678 1655 739 1719 ἐς
780 1655 962 1711 πάντα
989 1656 1256 1724 ἀπιστίας
1281 1658 1385 1730 τὴν
1405 1660 1571 1728 ἀξίαν»
1590 1660 1819 1715 ἀπέτισε.

263 1737 419 1810 δίκην.

1931 653 2087 705 rarit.
2116 650 2318 708 Deinde
2344 658 2403 705 ut
2427 649 2662 706 Archias
2686 649 2948 717 Thurius,
2975 650 3066 721 qui
3097 664 3290 705 eorum
3321 638 3510 707 necem

1928 747 2292 809 perpetrarat,
2332 738 2402 794 ad
2430 747 2736 795 extremam
2779 738 2920 809 70a
2980 738 3234 794 redactus
3272 738 3509 809 inopiam

1929 841 2098 902 atque
2130 833 2433 898 infamiam,
2478 830 2592 885 vita
2638 831 2938 887 decesserit
2973 848 2988 885 :
3029 839 3197 900 utque
3237 828 3510 887 Demades

1929 942 2036 984 non
2073 924 2149 982 ita
2197 925 2367 981 multo
2404 932 2529 995 post
2558 925 2611 980 in
2648 923 3024 980 Macedoniam
3074 923 3308 990 delatus,
3336 938 3366 977 a
3399 921 3512 977 Ca-

1927 1020 2133 1076 sandro
2168 1016 2498 1074 interiectus
2521 1017 2615 1083 sit,
2643 1016 2763 1087 ejus
2787 1015 3023 1086 primum
3068 1015 3179 1070 lilio
3210 1015 3264 1070 in
3295 1016 3421 1069 sinu
3459 1024 3517 1071 et

1926 1112 2101 1169 oculis
2121 1110 2368 1182 parentis
2391 1108 2663 1183 jugulato.
2695 1108 2930 1165 Causam
2958 1123 3089 1164 vero
3114 1108 3278 1163 caedis
3300 1107 3515 1164 Casan-

1925 1205 2084 1259 drum
2112 1202 2370 1272 allegare,
2394 1202 2543 1272 quod
2579 1212 2867 1271 parentem
2901 1214 3061 1257 suum
3090 1201 3359 1257 Demades
3378 1200 3512 1255 olim

1929 1291 2131 1360 injuria
2182 1289 2478 1357 aﬂ‘ecisset,
2528 1303 2653 1345 cum
2684 1287 2962 1345 Perdicca:
3004 1289 3247 1360 scripsit,
3276 1299 3334 1344 ut
3361 1287 3514 1350 Grae-

1926 1397 2023 1439 cos
2052 1396 2083 1437 e
2105 1380 2328 1452 putrido
2365 1395 2428 1437 ac
2453 1391 2641 1436 vetere
2676 1378 2769 1435 ﬁlo
2798 1378 3102 1449 pendentes
3148 1395 3374 1436 servare
3397 1377 3515 1435 vel-

1928 1471 2037 1538 let;
2069 1470 2420 1542 Antipatrum
2447 1470 2710 1545 nimirum
2755 1468 2842 1525 his
2865 1469 3051 1526 verbis
3081 1470 3379 1526 irridendo.
3417 1469 3511 1524 Di-

1929 1566 2196 1621 narchum
2220 1562 2338 1636 (40)
2373 1563 2721 1619 Corinthium
2751 1560 2948 1618 horum
2996 1563 3257 1619 indicium
3288 1562 3510 1631 fecisse,

1928 1668 2096 1729 atque
2141 1658 2215 1713 ita
2266 1656 2561 1712 Demadem
2606 1655 2902 1728 aliquando
2945 1656 3191 1711 avaritiae
3226 1669 3291 1710 ac
3320 1654 3509 1725 prodi-

1933 1751 2121 1817 tionis,
2150 1758 2209 1805 et
2239 1749 2294 1805 in
2342 1763 2402 1806 re
2446 1762 2662 1820 quaque
2702 1749 2965 1821 perﬁdize,
3012 1748 3241 1805 meritas
3294 1748 3513 1806 dedisse

1931 1858 2144 1915 pinnas.

319 1922 686 1994 Διαλαμϐάνει
719 1925 777 1981 δὲ
808 1927 905 1982 καὶ
936 1927 1014 1992 ὡς
1057 1927 1276 2000 Θίϐρων
1321 1930 1351 1983 ό
1398 1930 1826 2003 Λακεδαιμόνιος

2003 1933 2192 1991 Refert
2219 1934 2385 1991 etiam
2413 1933 2551 1989 haec.
2584 1932 2793 1988 Thibro
2820 1931 3271 1988 Lacedaemonius
3296 1927 3508 2001 Harpa-

262 2014 522 2091 Ἅρπαλον
544 2018 640 2072 τὸν
670 2017 741 2073 τά
771 2019 1123 2091 Ἀλεξάνδρου
1156 2021 1420 2093 χρήματα
1450 2020 1652 2087 ζῶντος
1674 2024 1821 2079 έκεῖ-

260 2123 339 2160 νου
358 2108 675 2179 ἁρπάσαντα
711 2111 805 2163 καὶ
828 2111 1072 2181 φυγόντα
1095 2112 1233 2183 πρὸς
1254 2112 1355 2177 τὰς
1395 2114 1622 2185 Ἀθήνας
1646 2154 1662 2180 ,
1695 2116 1821 2171 τοῦ-

258 2211 337 2249 τον
354 2197 554 2263 ἐκεῖνος
575 2200 908 2265 ἀποκτείνας
928 2242 943 2270 ,
965 2202 1062 2256 καὶ
1087 2203 1186 2257 ὅσα
1222 2203 1552 2258 ὑπελείπετο
1567 2205 1613 2237 ⁸⁸
1642 2205 1824 2260 λαϐὼν

260 2289 499 2361 χρήματα
520 2330 538 2356 ,
569 2292 764 2364 πρῶτα
804 2292 906 2365 μὲν
945 2294 1039 2349 ἐπὶ
1072 2296 1358 2361 Κυδωνίας
1377 2298 1423 2330 ³⁸
1445 2298 1544 2369 τῆς
1573 2300 1633 2363 ἐς
1668 2300 1823 2371 Κρή-

259 2395 346 2450 την
392 2382 634 2453 ἐστάλη,
681 2383 834 2438 ἐνθεν
858 2384 916 2438 δὲ
948 2385 1063 2449 ὲςδτ
1112 2387 1372 2460 Κυρήνην
1420 2388 1635 2442 διέϐαλε
1682 2391 1823 2461 μετὰ

260 2474 501 2542 στρατιᾶς
536 2476 619 2539 είς
660 2476 1063 2549 ἑξακισχιλίους
1097 2480 1495 2552 συντελούσης’
1531 2481 1739 2553 ἐπῆγον
1766 2483 1825 2537 δὲ

256 2565 405 2619 αὑτὸν
425 2567 537 2622 τῶν
562 2568 629 2622 ἐκ
659 2570 921 2642 Κυρήνης
952 2571 1051 2625 καὶ
1076 2573 1339 2643 Βαρκέων
1361 2574 1412 2627 οί
1445 2575 1703 2644 φυγάδες.
1736 2577 1825 2630 Ἐν

258 2651 330 2720 οἷς
354 2659 579 2724 πολλαῖς
605 2662 705 2730 μὲν
731 2663 932 2734 μάχαις
947 2665 1190 2732 ,πολλαῖς
1209 2665 1267 2720 δὲ
1292 2666 1605 2730 ἐπιϐουλαῖς
1634 2668 1826 2723 ἄλλοτε

259 2750 348 2819 μὲν
399 2753 659 2824 κρατῶν,
710 2754 882 2809 ἐνίοτε
932 2755 988 2810 δὲ
1006 2758 1356 2828 ἡττώμενος,
1405 2758 1560 2823 τέλος
1606 2758 1827 2828 φεύγων

258 2840 403 2915 [HS
452 2844 566 2918 H.]
598 2847 703 2900 ὑπὸ
729 2847 948 2903 Λιϐύων
1002 2849 1166 2903 τινῶν
1218 2850 1525 2923 συνωρίδας
1578 2852 1827 2921 ἀγόντων

259 2937 552 3011 συνελήφθη
581 2979 597 3004 ,
629 2941 725 2994 κα)⁸
758 2942 890 3011 παρ’
930 2941 1225 3014 Ἐπικύδην
1264 2941 1458 3011 ἄγεται
1505 2941 1600 2997 τὸν
1644 2943 1827 2997 Ὀλύν-

258 3028 359 3084 θιον
400 3033 481 3096 είς
536 3031 847 3106 Τεύχειρα,
895 3027 940 3103 ᾧ
968 3036 1068 3106 τὴν
1102 3035 1260 3089 πόλιν
1300 3035 1519 3107 ἐκείνην
1562 3036 1826 3107 Ὀφελλὰς

254 3124 641 3199 ἐπετετρόφει,
692 3126 833 3198 ἀνὴρ
868 3127 1175 3195 Μακεδὼν,
1225 3130 1285 3191 ὃς
1335 3129 1443 3183 ὑπὸ
1483 3130 1825 3202 Πτολεμαίου

256 3219 342 3273 τοῦ
374 3220 560 3290 Λάγου
612 3222 705 3275 ἐπὶ
758 3220 981 3292 βοηθείᾳ
1028 3222 1139 3275 τῶν
1186 3223 1514 3295 Κυρηναίων
1559 3224 1826 3296 ἐτύγχανε

1924 2027 2035 2083 lum
2070 2026 2187 2098 (qui
2219 2026 2515 2096 superstite
2550 2025 2849 2081 etiamnum
2888 2024 3196 2080 Alexandro
3227 2037 3358 2093 opes
3388 2020 3510 2092 ejus

1925 2120 2161 2186 furatus,
2209 2120 2456 2175 Athenas
2503 2133 2563 2173 se
2610 2116 2917 2188 receperat)
2969 2114 3245 2171 interemit
3281 2114 3417 2188 (41).
3450 2125 3507 2170 et

1924 2212 2142 2269 sublato
2189 2210 2455 2283 quidquid
2512 2209 2589 2265 illi
2642 2209 2997 2279 pecuniarum
3062 2208 3328 2278 reliquum
3362 2217 3510 2277 erat,

1926 2306 2162 2377 primum
2204 2303 2421 2375 quidem
2462 2305 2515 2359 in
2551 2302 2851 2374 Cydoniam
2880 2300 3055 2357 Creta:
3086 2303 3277 2357 urbem
3314 2302 3463 2357 venit
3492 2320 3509 2358 :

1926 2396 2023 2452 sed
2066 2394 2260 2450 deinde
2303 2393 2357 2447 in
2389 2390 2661 2463 Cyrenem
2691 2406 2814 2446 cum
2852 2394 3099 2447 exercitu
3149 2405 3246 2446 sex
3279 2390 3510 2448 millium

1928 2482 2182 2554 trajecit,
2241 2483 2540 2539 accersitus
2584 2481 2652 2537 ab
2695 2479 3086 2553 Cyrenensium
3118 2480 3511 2539 Barcensium-

1927 2590 2036 2648 que
2080 2576 2194 2646 (42)
2225 2574 2523 2632 exsulibus.
2558 2573 2715 2643 Apud
2755 2589 2895 2644 quos
2932 2574 3058 2629 dum
3089 2574 3261 2629 variis
3293 2575 3512 2646 pugnis,

1929 2664 2213 2735 variisque
2245 2663 2479 2727 insidiis,
2506 2662 2782 2717 interdum
2806 2662 3293 2726 vincit,interdum
3332 2664 3513 2719 vinci-

1932 2767 2049 2822 tur,
2104 2758 2160 2811 in
2210 2755 2335 2825 luga
2387 2752 2604 2808 tandem
2663 2754 2733 2807 ab
2776 2751 2928 2807 Afris
2978 2754 3299 2822 quibusdam
3359 2754 3514 2824 bigas

1929 2846 2215 2915 agentibus
2255 2843 2708 2914 comprehensus.
2750 2842 2817 2898 ad
2848 2842 3147 2913 Epicydem
3196 2844 3513 2918 Olynthium

1933 2936 2264 2992 Teuchiram
2293 2936 2584 2991 adducitur
2619 2935 2759 3007 (43).
2788 2934 2927 2991 Huic
2957 2939 3103 2993 enim
3137 2939 3325 2994 urbem
3364 2939 3514 2994 illam

1931 3031 2225 3085 curandam
2261 3029 2615 3085 commiserat
2653 3028 2936 3101 Ophellas,
2963 3030 3047 3084 vir
3081 3029 3327 3097 Macedo,
3359 3032 3453 3102 qui
3482 3047 3515 3086 a

1932 3121 2225 3177 Ptolemaeo
2249 3120 2381 3191 Lagi
2424 3119 2488 3175 F.
2516 3121 2796 3192 Cyrenaris
2834 3121 3036 3177 auxilio
3071 3122 3273 3178 missus
3308 3122 3510 3179 fuerat.

1933 3214 2275 3269 Teucherits:
2301 3228 2453 3285 ergo,
2478 3213 2703 3283 Ophella
2730 3212 2835 3268 illis
2869 3214 3244 3282 permittente,
3274 3213 3511 3270 Thibro-

262 3288 486 3378 malek.
511 3314 580 3367 Ol.
606 3312 666 3368 δὲ
690 3288 1099 3384 Τευχειρϊταιθθ
1125 3353 1141 3378 ,
1182 3288 1419 3385 Ὀφτελλᾶ
1449 3315 1548 3388 τὴν
1575 3288 1826 3380 ἐξουσίαν

1937 3319 2061 3360 nem
2108 3303 2337 3374 ﬂagellis
2374 3319 2596 3370 cassum,
2640 3304 2694 3358 in
2740 3303 3139 3374 Cyrenensium
3186 3316 3400 3373 portum
3447 3305 3517 3361 de

255 3400 424 3468 δόντος
444 3445 460 3470 ,
489 3403 757 3476 ᾐκίσαντό
787 3421 848 3458 τε
886 3404 980 3459 τὸν
1009 3404 1265 3478 Θίϐρωνα
1321 3406 1419 3460 καὶ
1448 3408 1530 3470 είς
1580 3407 1672 3461 τὸν
1717 3406 1829 3461 τῶν

258 3494 577 3568 Κυρηναίων
618 3496 871 3569 ἔπεμψαν
909 3498 1289 3571 κρεμασθῆναι
1341 3498 1561 3569 λιμένα.
1616 3500 1740 3555 ¹Ἐτι
1771 3500 1830 3554 δὲ

254 3586 352 3640 τῶν
380 3588 511 3659 περὶ¹
548 3589 814 3660 Κυρήνην
843 3589 1248 3655 στασιαζόντων
1287 3590 1624 3662 Πτολεμαῖος
1670 3589 1831 3645 ὲπελ-

258 3675 354 3729 θὼν
380 3679 476 3733 καὶ
508 3679 695 3735 πάντα
716 3681 1204 3754 καταστησάμενος
1235 3683 1413 3739 ὀπίσω
1456 3684 1792 3739 ἀπέπλευσε.

318 3770 625 3842 Περδίκκας
647 3772 706 3827 δὲ
740 3772 1033 3846 Ἀντιγόνῳ
1060 3773 1429 3830 ἐπιϐουλεύων
1461 3776 1543 3839 είς
1570 3775 1831 3847 δικαστή-

259 3876 361 3929 ριον
392 3863 581 3917 ἐκάλει
605 3879 622 3896 °
651 3865 680 3917 ό
705 3864 763 3918 δὲ
786 3864 943 3931 εἰδὼς
964 3865 1413 3922 ἐπιϐουλεύεσθαι
1432 3865 1561 3939 [220
1587 3866 1680 3940 R.]
1709 3866 1833 3922 οὔτε

258 3953 527 4024 ὑπήκουσε
552 3995 570 4021 ,
604 3956 699 4011 καὶ
719 3958 800 4021 είς
826 3957 1028 4030 ἔχθραν
1054 3959 1306 4032 ἀλλήλοις
1335 3960 1699 4032 κατέστησαν.
1745 3961 1835 4015 Ἑν

255 4044 419 4117 τούτῳ
458 4047 521 4102 δὲ
554 4048 712 4118 παρά
743 4048 836 4102 τὸν
876 4048 1185 4121 Περδίκκαν
1225 4052 1292 4104 ἐκ
1332 4051 1674 4115 Μακεδονίας
1700 4048 1835 4124 ἧκον

266 4130 454 4200 Ἱόλλας
496 4153 564 4190 τε
614 4136 710 4191 καὶ
770 4137 995 4210 Ἀρχίας
1016 4177 1036 4205 ,
1069 4139 1295 4208 ἄγοντες
1333 4140 1488 4212 αύτῷ
1517 4142 1615 4214 τὴν
1659 4142 1835 4196 Ἀντι-

1932 3413 2096 3455 cruce
2135 3398 2574 3467 suspendendum
2621 3396 2863 3451 mittunt.
2895 3396 2965 3450 At
2998 3412 3120 3453 cum
3155 3397 3399 3468 Cyrenaei
3430 3398 3515 3455 ni-

1934 3492 2231 3548 hilominus
2283 3490 2337 3545 in
2376 3488 2675 3545 rebellione
2718 3497 3054 3559 perstarent,
3107 3490 3227 3560 ipse
3280 3489 3517 3561 denique

1931 3586 2258 3642 Ptolemaeus
2304 3587 2561 3652 accessit,
2599 3587 2873 3656 rebusque
2902 3586 3159 3644 omnibus
3195 3586 3518 3658 tranquilla-

1935 3674 2025 3738 tis,
2052 3685 2199 3731 retro
2234 3674 2454 3729 domum
2485 3673 2857 3745 adnavigavit.

2007 3765 2296 3822 Perdiccas
2321 3768 2544 3837 insuper
2578 3765 2913 3837 Antigonum
2945 3767 3207 3824 insidiose
3232 3768 3285 3823 in
3312 3767 3405 3839 jus
3428 3783 3522 3823 νος

1937 3860 2120 3925 canat,
2150 3873 2341 3917 verum
2379 3858 2493 3928 ille,
2525 3867 2584 3914 ut
2618 3859 2727 3931 peti
2768 3874 2830 3915 se
2868 3860 3085 3918 insidiis
3118 3862 3389 3931 cognovit,
3420 3876 3519 3931 pa-

1937 3968 2060 4009 rere
2086 3954 2359 4009 recusavit
2395 3971 2409 4008 :
2448 3961 2613 4023 atque
2670 3953 2800 4011 hinc
2842 3963 2979 4010 orta:
3012 3954 3244 4009 invicem
3289 3954 3522 4010 inimici-

1939 4043 2049 4100 tiae.
2087 4043 2202 4100 Hoc
2251 4045 2380 4099 item
2434 4056 2678 4115 tempore
2708 4061 2740 4102 e
2770 4044 3083 4101 Macedonia
3121 4043 3291 4101 Jollas
3323 4044 3436 4118 (44)
3466 4058 3521 4099 et

1936 4137 2167 4193 Archias
2188 4136 2255 4191 ad
2283 4135 2599 4193 Perdiccam
2629 4145 2922 4202 venerunt,
2956 4137 3185 4191 adducta
3215 4135 3269 4190 in
3293 4150 3519 4191 uxorem

258 4223 452 4297 πάτρου
485 4227 659 4285 παῖδα
691 4228 930 4285 Νίκαιαν
978 4232 1059 4295 είς
1105 4234 1363 4301 γυναῖκα.
1406 4233 1567 4287 Ἀλλά
1619 4250 1684 4304 γε
1736 4235 1826 4290 καῖ

1940 4230 2015 4287 illi
2061 4229 2241 4285 Νίσαια
2288 4228 2563 4299 Antipatri
2616 4228 2749 4283 lilia.
2787 4227 2929 4295 Quin
2979 4239 3036 4283 et
3066 4226 3351 4298 Olympias
3382 4227 3519 4297 (45),

268 4318 573 4390 Ὀλυμπιάς
600 4324 634 4393 ἡ
676 4322 1031 4395 Ἀλεξάνδρου
1068 4326 1252 4397 μήτηρ
1274 4326 1489 4396 ἔπεμπε
1519 4327 1648 4399 παρ’
1674 4327 1826 4382 αὐτὸν

1939 4322 2122 4391 magni
2175 4321 2469 4377 Alexandri
2525 4329 2719 4385 mater,
2765 4320 2931 4374 mittit
2968 4320 3036 4374 ad
3077 4320 3357 4385 eumdem,
3422 4319 3519 4373 de-

258 4414 691 4485 κατεγγυωμένη
723 4415 824 4487 τὴν
852 4414 1128 4489 θυγατέρα
1153 4417 1530 4490 Κλεοπάτραν.
1556 4421 1664 4473 Καὶ
1686 4423 1715 4475 ό
1740 4420 1826 4492 μὲι

1950 4416 2298 4486 spondetque
2330 4414 2672 4484 Cleopatram
2715 4412 2903 4469 tiliam.
2947 4412 3024 4469 Ibi
3074 4411 3348 4466 Eumenes
3385 4408 3522 4465 Car-

259 4502 504 4576 Εὐμένης
549 4506 582 4560 ό
615 4507 921 4579 Καρδιανὸς
950 4509 1338 4565 συνεϐούλευεν
1382 4512 1538 4582 ἄγειν
1585 4512 1838 4568 Κλεοπά-

1940 4508 2134 4564 dianus
2163 4506 2506 4576 Cleopatram
2555 4507 2756 4564 ducere
2800 4507 3111 4565 suadebat:
3145 4506 3352 4561 Alcette
3395 4518 3526 4558 vero

259 4612 419 4697 tpav‘,
456 4599 740 4697 :Alxérqt”
761 4601 821 4656 δὲ
838 4600 917 4673 τῷ
958 4602 1173 4675 ἀδελφῷ
1195 4605 1277 4668 είς
1305 4604 1544 4661 Νίκαιαν
1571 4605 1775 4661 ἔτεινεν
1804 4608 1826 4677 ἦ

1943 4600 2129 4657 fratris
2162 4600 2450 4656 consilium
2474 4600 2539 4654 ad
2582 4600 2777 4656 Nicaeae
2810 4599 2986 4670 magis
3027 4599 3244 4668 nuptias
3291 4594 3525 4652 inclina-

260 4687 537 4761 συμϐουλή
561 4707 579 4723 ο
615 4690 709 4745 καὶ
737 4694 865 4764 νικᾷ
888 4693 950 4747 τὸ
977 4693 1215 4750 Νίκαιαν
1244 4694 1445 4766 μᾶλλον
1474 4697 1727 4768 ἀγαγεῖν.
1758 4699 1832 4752 Οὐ

260 4780 383 4836 πολὺ
408 4782 468 4836 δὲ
499 4782 737 4856 ὕστερον
761 4785 858 4840 xui.
884 4787 947 4840 τὸ
972 4787 1106 4859 περὶ
1155 4787 1407 4859 Κυνάνην
1434 4789 1607 4855 πάθος
1639 4808 1837 4863 συνην-

257 4871 378 4947 έχθη
397 4916 416 4943 ,
435 4876 466 4930 ὃ
487 4878 802 4949 Περδίκκας
817 4896 876 4935 τε
897 4880 993 4935 καὶ
1016 4882 1046 4935 ό
1067 4880 1295 4951 ἀδελφὸς
1324 4879 1584 4947 Ἀλκέτας
1610 4883 1835 4955 διεπρά-

1949 4692 2066 4761 bat,
2106 4691 2261 4762 cujus
2309 4692 2437 4747 item
2491 4692 2759 4747 sententia
2810 4691 3060 4761 pervicit.
3105 4688 3239 4745 Post
3284 4702 3390 4744 non
3432 4689 3523 4743 ditt

1946 4787 2198 4857 Cynanes
2250 4784 2363 4857 (46)
2426 4789 2603 4839 caedes
2680 4785 2904 4849 accidit,
2973 4797 3133 4853 quam
3213 4781 3526 4847 Perdiccas,

1943 4881 2173 4950 ejusque
2229 4877 2399 4932 frater
2454 4876 2670 4932 Alcelas
2726 4875 3057 4932 intulerunt.
3129 4874 3255 4930 Haec
3302 4874 3575 4951 Cynanc,

1487 5016 1727 5074 VARIIE
1761 5014 2055 5073 LECTION
2066 5018 2169 5075 ES.

320 5107 464 5186 '_‘_slc
498 5126 567 5186 ς2
644 5107 691 5143 ⁸⁵
728 5109 1021 5186 ,ἐπήνεγκε
1054 5129 1121 5186 ς·ἶ
1191 5111 1238 5145 ⁸³
1262 5111 1560 5167 ἀπελίπετο
1583 5129 1644 5177 ς.
1718 5113 1765 5146 ⁸⁸
1787 5112 2074 5169 Κυδωνίαν
2123 5111 2223 5186 τὴν
2246 5111 2305 5167 ὲν
2347 5111 2540 5184 Κρήτῃ
2570 5127 2631 5175 ς.
2708 5108 2754 5142 ⁸⁷
2786 5110 2866 5173 είς
2891 5125 2951 5173 ς.

263 5174 299 5206 ⁸
336 5178 606 5252 Ἀλκετέᾳ
635 5189 692 5236 et
726 5174 869 5236 infra
902 5174 1195 5247 ’Ᾱλκετέας
1225 5200 1286 5246 ς.

3030 5106 3077 5140 ⁸⁸
3100 5106 3272 5179 Τευχε
3281 5108 3425 5180 ρῖται
3457 5109 3524 5169 Δ.

1731 5279 1970 5336 NOTAE.

322 5365 437 5434 (l0)
464 5365 612 5421 Vide
640 5366 740 5421 inl'.
776 5366 898 5423 cod.
936 5367 1069 5435 277,
1110 5376 1167 5425 et
1211 5368 1494 5425 Plutarch.
1525 5369 1623 5427 lib.
1648 5370 1835 5427 decem

261 5433 469 5493 Graecia
494 5435 811 5493 Oratorum.

326 5508 441 5577 (ait)
472 5506 783 5564 Pausanias
813 5516 993 5565 tamen
1019 5508 1076 5566 in
1104 5509 1470 5568 Corinthiacis
1498 5527 1531 5567 a
1565 5526 1727 5569 servo
1760 5513 1840 5568 in-

270 5578 559 5631 teriectum
572 5578 835 5647 scripsit.

328 5647 523 5725 (θλ-Α
558 5646 733 5725 Barce
757 5648 899 5725 (qua:
936 5660 1062 5725 po_s_t
1092 5651 1568 5725 Ptoﬁlemaisrdicta
1608 5668 1838 5725 geogra-

264 5716 401 5790 phis)
448 5716 663 5790 Barcini
696 5716 954 5788 appellati
994 5721 1224 5790 Maroni,
1250 5723 1477 5778 Barcita:
1518 5716 1830 5789 Ptolemaeo,

266 5782 504 5859 [iaréwni
557 5782 813 5859 Syrtes‘io.
845 5791 981 5848 llinc
1039 5782 1222 5850 etiam'
1254 5792 1490 5850 Barceus
1544 5782 1840 5851 derivatus'.

264 5852 901 6001 γιῗιῗὸῗὲιιίἓωοιεωεο
925 5944 980 5990 et
999 5933 1147 5993 Mela:
1165 5935 1386 5991 Arsinoe
1407 5936 1833 6008 estCyrcnaira'.

1950 5373 2077 5431 Haec
2106 5384 2286 5432 autem
2314 5373 2460 5444 regio
2482 5370 2657 5428 Plinio
2685 5370 2992 5444 Pentapoli:
3026 5367 3204 5439 Libya:
3233 5367 3446 5444 dicitur.

2019 5446 2137 5517 (44)
2169 5438 2442 5516 Antipatri
2473 5444 2634 5517 ﬁlius,
2665 5451 2795 5496 natu
2833 5438 3249 5517 tilinimustqni
3278 5439 3522 5517 Alexan-

1947 5508 2047 5571 dro
2072 5508 2343 5573 venenum
2386 5514 2707 5585 pr0pinasse
2746 5512 2979 5567 traditur
3004 5513 3073 5564 ab
3113 5509 3351 5563 Arriano
3404 5508 3523 5577 ipso

1946 5587 2197 5643 aliisaue.

2020 5603 2366 5729 nstin.
2392 5656 2511 5709 haec
2537 5652 2696 5729 aliter
2721 5652 2903 5729 paulo,
2926 5661 3046 5705 astu
3073 5658 3360 5718 utramque
3381 5662 3529 5716 qua:-

1958 5723 2142 5793 sitfam,
2177 5740 2425 5784 neutram
2451 5724 2797 5793 acquisitam,
2827 5723 2921 5793 lib.
2942 5738 3044 5776 xu.

2028 5787 2142 5867 (465
2175 5800 2228 5852 In
2250 5800 2397 5853 edito
2408 5787 2647 5869 Arri—ano
2682 5792 2803 5869 haec
2823 5791 2970 5869 Cyna
2988 5800 3239 5869 vocatur,
3268 5787 3529 5869 Athenaeo

1952 5857 2137 5942 Cyam;
2158 5870 2252 5927 lib.
2286 5884 2385 5927 xu.
2408 5865 2550 5935 Lege
2580 5865 2647 5921 de
2676 5880 2741 5921 ea
2768 5857 3005 5933 Polyaen.
3034 5861 3137 5920 sub
3163 5862 3259 5916 lin.
3293 5857 3389 5915 lib.
3409 5872 3526 5915 mt.
