4058 6416
610 420 717 486 307

1747 411 2008 490 PHOTII
2047 426 2554 489 PATRIARCHAE
2593 427 2700 489 ep.

3769 427 3878 491 308

608 531 861 585 ettuidem
884 543 1008 586 cum
1032 522 1342 588 Alexandro
1374 539 1580 603 patrem
1602 534 1740 604 70b
1761 534 2069 605 Philippum
2094 536 2171 590 ha-

2295 535 2474 601 ξαντο.
2528 536 2591 590 Ἥ
2621 536 2678 589 δὲ
2707 535 2929 606 Κυνάνη
2961 535 3225 591 Φίλιππον
3263 536 3362 608 μὲν
3388 534 3501 608 εἶχε
3535 537 3747 610 πατέρα
3770 581 3786 605 ,
3813 540 3875 593 δν

608 621 742 684 buit,
762 622 855 676 sed
872 632 1101 678 matrem
1120 625 1423 696 Eurydicen
1447 626 1584 697 (47),
1602 636 1765 696 atque
1779 627 2023 698 Amyntae
2044 626 2186 684 illius

606 727 749 767 nxor
778 713 900 780 fuit,
929 730 1093 784 quem
1136 717 1451 772 Alexander
1491 733 1522 773 e
1565 718 1741 774 medio
1766 720 2023 786 .sustulit,
2064 734 2185 775 cum

606 800 659 852 in
690 802 903 868 Asiam,
930 806 1277 873 expeditione
1307 818 1583 877 suscepta,
1616 821 1882 864 moveret.
1917 808 2059 864 Idem
2091 826 2187 865 au-

608 899 713 945 tem
742 890 833 945 ille
862 893 1222 965 interemptus
1260 898 1527 968 Amyntas
1558 939 1574 963 ,
1621 898 1897 954 Perdicca:
1953 899 2183 971 Philippi

607 980 795 1039 fratris
823 985 983 1050 lilius,
1011 986 1305 1042 Alexandri
1334 990 1595 1057 patruelis
1631 1000 1768 1046 erat.
1812 991 1968 1047 Nunc
2005 994 2186 1063 itaque

602 1073 823 1146 Cynane
881 1077 1045 1133 tiliam
1089 1094 1242 1134 suam
1287 1082 1506 1149 Adean,
1556 1097 1676 1153 quae
1716 1094 1838 1154 post
1880 1085 2185 1156 Eurydices

603 1182 905 1236 cognomen
940 1170 1083 1236 tulit,
1120 1172 1365 1228 Arridreo
1396 1189 1621 1229 uxorem
1650 1176 1980 1244 adducebat,
2018 1193 2181 1248 quam

600 1269 873 1330 chostea
911 1263 1087 1326 duxit,
1119 1265 1237 1334 ipso
1263 1267 1601 1336 transigente
1630 1266 1913 1334 Perdicca,
1954 1286 2063 1341 quo
2087 1287 2185 1343 per

602 1349 720 1404 illas
753 1354 972 1421 nuptias
1005 1354 1354 1411 Macedonum
1391 1356 1680 1413 sedaretur
1713 1361 1932 1429 seditio,
1965 1379 2085 1432 qua:
2115 1364 2184 1419 ob

601 1441 869 1496 sublatam
919 1443 1195 1515 Cynanem
1260 1462 1515 1513 accensa,
1570 1450 1757 1505 abibat
1808 1452 1861 1506 in
1917 1453 2178 1509 deterius.

599 1530 905 1600 Antigonus
935 1533 1156 1589 interim
1197 1535 1248 1589 in
1292 1536 1664 1595 Macedoniam
1717 1545 1783 1597 ad
1834 1544 2180 1614 Antipatrum

600 1629 653 1675 et
692 1621 979 1677 Craterum
1020 1625 1282 1698 profugit,
1326 1631 1541 1701 sibique
1579 1649 1607 1687 a
1651 1634 1914 1690 Perdicca
1943 1646 2181 1692 structas

596 1711 822 1769 insidias
849 1718 1088 1785 exponit,
1120 1734 1184 1775 ac
1216 1724 1555 1778 tantumdem
1589 1741 1714 1780 eum
1754 1729 1805 1780 in
1835 1743 2026 1783 omnes
2066 1740 2182 1783 stu-

522 1830 527 1839 ·
596 1802 748 1860 diose
775 1808 1026 1863 meditari
1060 1810 1314 1868 aliirtnat.
1350 1814 1620 1871 Similiter
1647 1829 1699 1873 et
1725 1817 1975 1891 Cynanes
2005 1822 2178 1875 infor-

2294 628 2387 681 καὶ
2414 627 2759 699 Ἀλέξανδρος
2777 669 2792 691 ,
2822 628 2885 681 ἐκ
2909 628 2964 681 δὲ
3005 628 3211 699 μητρὸς
3232 628 3540 699 Εὐρυδίκης
3569 626 3658 699 ἦν,
3683 630 3876 699 γυνὴοο

2288 720 2347 775 δὲ
2397 719 2663 791 Ἀμύντου
2685 762 2700 787 ,
2746 720 2805 773 ὂν
2834 720 2973 792 ἔφθη
3008 720 3363 791 Ἀλέξανδρος
3404 724 3654 785 κτεῖναι,
3702 723 3873 776 ὁπότε

2289 814 2368 878 είς
2402 813 2501 884 τὴν
2540 814 2727 866 Ἀσίαν
2747 812 3033 867 διέϐαινεν.
3071 805 3242 876 Οὗτος
3259 815 3302 846 ⁹¹
3334 814 3390 866 δὲ
3414 813 3718 884 Περδίκκου
3744 816 3876 876 παῖς

2287 902 2385 978 ἧνί,
2408 906 2636 975 ἁδελφὸς
2658 905 2716 960 δὲ
2730 905 2999 960 Φιλίππου
3026 905 3336 978 Περδίκκας
3352 947 3367 969 ,
3387 905 3462 969 ὠς
3492 900 3632 958 εἶναι
3672 907 3728 958 ‘A
3739 904 3849 975 μύν
3872 936 3873 939 η

2287 1016 2386 1052 ταν
2416 999 2508 1054 τὸν
2537 1000 2880 1071 ἀνῃρημένον
2918 997 3269 1069 Ἀλεξάνδρου
3296 997 3536 1067 ἀνεψιόν.
3570 992 3715 1065 Ἦγε
3744 996 3801 1050 δὲ
3836 998 3873 1067 ή

2288 1090 2506 1160 Κυνάνη
2547 1090 2737 1143 Ἀδέαν
2771 1088 2872 1159 τὴν
2898 1088 3068 1159 αὐτῆς
3101 1088 3378 1160 θυγατέρα
3397 1089 3465 1155 ³⁸,
3492 1089 3613 1158 ήτις
3643 1087 3876 1159 ὕστερον

2289 1182 2562 1253 Εὐρυδίκη
2595 1181 2991 1253 μετωνομάσθη
3011 1221 3028 1247 ,
3059 1180 3138 1250 τῷ
3172 1181 3467 1253 Ἀρριδαίῳ
3499 1180 3579 1244 είς
3610 1183 3871 1249 γυναῖκα·

2285 1273 2353 1343 ἣν
2398 1275 2495 1325 καὶ
2539 1272 2767 1343 ὕστερον
2796 1271 3039 1339 ἠγάγετο
3090 1270 3373 1341 Περδίκκα
3420 1269 3875 1340 διαπραξαμένου

2285 1362 2369 1431 ἐφ’
2401 1354 2447 1427 ᾧ
2476 1360 2680 1413 παῦσαι
2728 1361 2827 1421 τὴν
2874 1358 3206 1413 Μακεδόνων
3236 1359 3455 1426 στάσιν,
3506 1360 3629 1430 ήτις
3671 1359 3764 1410 ἐπὶ
3795 1357 3877 1427 τῷ

2285 1450 2539 1522 Κυνάνης
2570 1450 2731 1504 πάθει
2774 1449 3081 1519 ἁναφθεῖσα
3116 1448 3211 1503 ἐπὶ
3261 1449 3403 1520 μέγα
3452 1449 3626 1503 κακοῦ
3651 1448 3698 1481 ⁸³
3728 1464 3875 1518 προ-

2284 1541 2502 1612 εχώρει.
2538 1540 2846 1609 Ἀντίγονος
2874 1539 2931 1593 δὲ
2952 1541 3007 1605 ἐς
3047 1539 3391 1593 Μακεδονίαν
3419 1538 3569 1609 παρὰ
3614 1538 3877 1592 ’Δντίπα-

2282 1651 2411 1703 τρον
2444 1634 2539 1687 καὶ
2570 1634 2851 1703 Κρατερὸν
2900 1632 3069 1701 ἔφυγε
3089 1671 3104 1695 ,
3138 1633 3232 1686 καὶ
3261 1631 3361 1702 τὴν
3406 1632 3486 1694 είς
3536 1630 3701 1686 αὐτὸν
3744 1630 3878 1684 ἐπι-

2283 1726 2512 1798 ϐουλὴν,
2539 1726 2605 1796 ἢν
2634 1725 2939 1796 Περδίκκας
2972 1724 3227 1777 ἐϐούλευε
3253 1763 3268 1789 ,
3299 1724 3597 1794 διηγήσατο
3624 1762 3638 1786 ,
3670 1722 3771 1776 xui.
3794 1722 3876 1784 ὡς

2282 1820 2423 1873 κατὰ
2452 1819 2664 1873 πάντων
2690 1820 2724 1889 ἡ
2754 1818 2893 1889 αὐτή
2926 1817 3074 1887 αὐτῷ
3106 1817 3306 1888 μελέτη
3341 1814 3707 1880 σπουδάζεται
3729 1833 3742 1845 °
3776 1816 3877 1868 ἀν-

597 1901 807 1955 tunium
856 1904 1063 1973 tragice
1107 1918 1421 1978 exaggerat.
1452 1909 1659 1977 Quibus
1686 1886 2077 1981 ila'expositis,
2110 1918 2171 1972 ad

2284 1912 2490 1977 εδίδαξὲ
2514 1928 2575 1965 τε
2610 1886 2790 1965 καὶ-τὸ
2812 1886 2910 1980 τῆς
2936 1886 3188 1980 Κυνάνης
3218 1886 3647 1979 ἐκτραγῳδήσας
3668 1907 3871 1970 πάθος.

593 1991 792 2047 bellum
838 1993 987 2063 ipsos
1016 2007 1205 2052 contra
1249 1999 1568 2058 Perdiccam
1621 2004 1920 2075 gerendum
1970 2008 2180 2063 inﬂam-

592 2092 725 2139 mat.
1856 2116 1861 2121 δ

2282 2003 2393 2057 Καὶ
2428 2001 2604 2056 ταῦτα
2651 2000 2967 2070 διαθέμενος
3024 2001 3104 2062 είς
3152 1998 3391 2069 πόλεμον
3444 1996 3595 2068 αὺτῷ
3637 1996 3875 2060 τούτους

2280 2095 2607 2165 κατέστησε.
3691 2096 3705 2109 ’

663 2178 942 2237 Arridzeus
966 2199 1184 2254 quoque
1221 2184 1519 2242 Alexandri
1560 2189 1705 2257 apud
1734 2205 1795 2247 se
1834 2206 2034 2262 corpus
2062 2208 2171 2249 ser-

2350 2190 2461 2243 Καὶ
2502 2188 2810 2260 Ἀρριδαῖος
2844 2186 2901 2239 δὲ
2934 2187 2963 2238 ὁ
3002 2184 3061 2238 τὸ
3082 2184 3128 2216 ⁸⁵
3158 2182 3253 2237 τοῦ
3310 2180 3663 2252 Ἀλεξάνδρου
3699 2178 3872 2249 σῶμα

589 2284 745 2337 vans,
781 2289 1117 2345 repugnante
1171 2276 1429 2333 Perdicca
1459 2319 1475 2345 ,
1531 2280 1598 2335 ad
1649 2280 2000 2339 Ptolemaeum
2044 2284 2171 2355 Lagi

2278 2280 2605 2352 φυλάσσων,
2655 2278 2809 2350 παρὰ
2857 2277 3084 2348 γνώμην
3114 2275 3245 2329 αὐτὸ
3284 2274 3590 2345 Περδίκκου
3640 2271 3869 2339 λαϐὼν,

589 2363 651 2417 l".
698 2376 922 2436 accepto
964 2383 1193 2438 corpore
1237 2370 1601 2440 proﬁciscitur
1629 2374 1765 2445 (48),
1818 2392 1848 2430 a
1902 2376 2171 2450 Babylone

2277 2372 2414 2444 πρὸς
2443 2371 2776 2442 Πτολεμαῖον
2806 2369 3168 2441 παραγίνεται
3198 2368 3290 2420 τὸν
3322 2366 3509 2436 Λάγου
3536 2406 3552 2429 ,
3607 2365 3719 2419 ἀπὸ
3753 2365 3869 2418 Βα-

589 2468 683 2521 per
711 2454 1043 2513 Damascum
1076 2460 1127 2512 in
1159 2458 1457 2530 {Egyptum
1488 2462 1595 2517 iter
1624 2464 1855 2521 habens.
1881 2465 1982 2532 Qui
2008 2484 2171 2538 sarpe-

2275 2463 2513 2526 6υλῶνος
2557 2463 2645 2516 διὰ
2674 2458 2967 2531 Δαμασκοῦ
3020 2460 3105 2512 ἐπ’
3140 2456 3422 2525 Αἴγυπτον
3468 2455 3709 2509 ἐλαύνων
3739 2472 3754 2487 ο
3810 2454 3871 2517 ὃς

586 2562 818 2603 nurnero
850 2548 976 2605 licet
1009 2566 1035 2603 a
1066 2550 1363 2611 Polemone
1410 2556 1686 2613 Perdiccae
1717 2556 1971 2614 familiari
2001 2562 2173 2631 impe-

584 2641 751 2706 ditus,
792 2644 1026 2711 pervicit
1068 2654 1277 2713 tamen,
1320 2661 1383 2702 re
1438 2664 1505 2703 ex
1552 2650 1718 2704 animi
1768 2653 1850 2706 sui
1900 2655 2169 2709 sententia

584 2744 753 2801 gesta.
798 2732 1010 2789 Interea
1058 2736 1331 2795 Eumenes
1381 2740 1657 2796 Perdiccae
1688 2757 1912 2797 munera
1948 2742 2169 2799 Sardeis

583 2827 650 2879 ad
676 2825 1020 2896 Cleopatram
1047 2830 1230 2885 attulit
1267 2849 1279 2886 :
1314 2834 1703 2903 decretumque
1739 2834 1849 2903 jam
1889 2851 2010 2891 esse
2034 2837 2167 2893 Pcr-

581 2918 767 2983 diccae,
798 2919 975 2975 Nicaea
1004 2924 1313 2991 repudiata,
1345 2927 1464 2995 ejus
1508 2926 1560 2981 in
1596 2927 1774 2983 locum
1819 2929 2164 2998 Cleopatram

579 3009 966 3082 ducere,’quod
994 3015 1081 3067 ubi
1122 3015 1359 3071 innotuit
1383 3016 1701 3087 (Menander
1732 3019 1917 3090 Lydiaa
1946 3033 2162 3092 satrapa

574 3102 848 3173 Antigono
892 3106 1241 3175 signiﬁcavit,
1273 3118 1327 3162 et
1364 3125 1461 3177 per
1504 3125 1628 3165 eum
1677 3112 1971 3183 Antipatro
2026 3131 2163 3184 quo-

2274 2556 2445 2611 πολλὰ
2470 2556 2567 2626 μὲν
2586 2555 2691 2609 ὑπὸ
2718 2554 3037 2624 Πολέμωνος
3062 2550 3156 2604 τοῦ
3178 2567 3524 2621 προσοικειου
3534 2549 3697 2620 μένου
3716 2548 3871 2620 Περ-

2271 2650 2435 2721 δίκκᾳ.
2478 2646 2743 2709 κωλυθεὶς
2792 2645 3044 2716 ἐνίκησεν
3084 2644 3236 2714 ὅμως
3270 2645 3351 2707 εἰς
3399 2642 3460 2696 τὸ
3503 2643 3603 2715 τήν
3658 2642 3869 2695 ἑαυτοῦ

2271 2741 2498 2812 γνώμην
2531 2741 2677 2811 ἔργῳ
2692 2741 2740 2781 ³⁵
2781 2738 3110 2806 ἐξενεγκεῖν,
3146 2737 3236 2789 Ἐν
3268 2735 3446 2807 τούτῳ
3478 2737 3572 2789 καὶ
3591 2738 3637 2769 ³⁸
3668 2736 3747 2788 Εὐ
3759 2735 3866 2807 μέ-

2270 2852 2369 2905 νης
2404 2834 2554 2904 παρὰ
2598 2832 2904 2903 Περδίκκου
2953 2830 3102 2901 δῶρα
3152 2828 3290 2899 πρὸς
3341 2828 3703 2898 Κλεοπάτραν
3738 2830 3803 2892 ἐς
3823 2830 3870 2861 ’⁷

2270 2921 2495 2991 Σάρδεις
2525 2921 2748 2989 ἐκόμισε
2772 2960 2786 2986 ,
2823 2919 2918 2973 καὶ
2945 2919 3028 2972 ὅτι
3064 2918 3409 2988 ἐγνωσμένον
3455 2919 3538 2989 εἴη
3574 2919 3871 2994 Περδίκκᾳ

2268 3015 2503 3067 Νίκαιαν
2529 3015 2627 3083 μὲν
2652 3014 2964 3083 ἐκπέμπειν
2983 3055 2998 3078 ,
3020 3012 3137 3065 ἀντ’
3156 3013 3374 3083 ἐκείνης
3402 3012 3461 3065 δὲ
3484 3012 3698 3084 ταύτην
3726 3015 3868 3084 ἆγε-

2269 3108 2412 3161 σθαι.
2443 3100 2519 3159 Οὖ
2554 3106 2884 3177 μηνυθέντος
2910 3104 3245 3175 (Μένανδρος
3275 3104 3331 3157 δέ
3358 3107 3385 3157 ό
3417 3104 3619 3168 Λυδίας
3652 3109 3873 3177 σατρά-

575 3210 686 3263 que
708 3206 761 3250 et
809 3196 1038 3253 Cratero
1088 3214 1177 3255 res
1219 3200 1538 3274 publicata),
1578 3219 1642 3259 eo
1672 3206 1841 3260 etiam
1870 3208 2163 3263 vehemen-

2275 3217 2377 3269 πης
2422 3200 2695 3270 ἐμήνυσεν
2716 3198 2761 3229 ⁸⁸
2802 3196 3129 3267 Ἀντιγόνῳ)
3160 3198 3256 3249 καὶ
3288 3195 3354 3249 δι’
3374 3194 3540 3250 αὐτοῦ
3581 3200 3697 3260 τοῖς
3732 3202 3872 3270 περὶ

580 3286 689 3342 tius
723 3287 796 3341 illi
833 3290 901 3342 ad
938 3287 1256 3346 Perdiccam
1302 3293 1442 3348 bello
1484 3298 1919 3366 persequendum
1951 3300 2159 3356 incitati

575 3387 726 3433 sunt.
771 3381 1059 3450 Antipater
1112 3382 1298 3454 itaque
1331 3396 1386 3440 et
1429 3385 1690 3444 Craterus
1740 3405 1770 3445 e
1813 3390 2160 3448 Cherroneso

577 3470 989 3544 Hellespontum
1017 3476 1325 3547 trajiciunt,
1365 3481 1623 3549 trajectus
1663 3484 1983 3557 custodibus
2018 3484 2157 3540 clam

575 3578 675 3633 per
704 3563 911 3635 legatos
954 3568 1215 3637 deceptis.
1246 3567 1533 3625 Mittuntur
1562 3581 1613 3627 et
1644 3573 1711 3627 ab
1744 3576 1828 3630 his
1861 3577 1926 3632 ad
1955 3577 2157 3632 Eume-

576 3671 700 3710 nem
739 3672 801 3713 ac
847 3658 1280 3729 Neoptolemum,
1313 3661 1583 3721 Perdicca:
1622 3666 1907 3733 obnoxios,
1938 3669 2096 3740 legati
2141 3691 2154 3725 :

578 3750 778 3819 quibus
824 3749 1212 3820 Neolitolemus
1261 3755 1480 3826 quidem
1520 3760 1837 3827 assentitur,
1886 3760 2157 3820 Eumenes

574 3858 707 3898 vero
739 3860 983 3900 lllllllllle.

642 4021 781 4077 Hinc
813 4024 1038 4081 Eumeni
1066 4038 1352 4098 suspectus
1391 4047 1512 4088 esse
1535 4034 1704 4104 coepit
1745 4034 2151 4106 Neoptolemus,

571 4125 625 4169 et
649 4116 850 4171 bellum
882 4119 1025 4173 inter
1053 4136 1111 4177 se
1132 4131 1351 4192 gerunt:
1381 4124 1498 4191 Quo
1534 4127 1586 4181 in
1635 4127 1775 4183 bello
1822 4130 2030 4185 viribus
2063 4148 2153 4187 su-

568 4222 800 4282 perante
837 4212 1101 4279 Eumene,
1130 4216 1265 4287 fugit
1300 4232 1424 4272 eum
1461 4221 1648 4289 paucis
1680 4221 2064 4292 Neoptolemus
2084 4227 2148 4279 ad

564 4302 918 4369 Antipatrum
966 4304 1383 4379 Craterumque,
1420 4309 1619 4377 quibus
1663 4318 1717 4364 et
1748 4314 2059 4381 persuadet,
2093 4324 2152 4368 ut

2280 3290 2638 3360 Ἀντίπατρον
2671 3288 2769 3341 κα)⁵
2792 3287 3076 3360 Κρατερὸν
3106 3286 3540 3358 δημοσιωθέντος
3561 3329 3576 3354 ,
3607 3289 3703 3341 ἐπὶ
3727 3290 3873 3359 μᾶ),-

2267 3384 2360 3437 λον
2385 3384 2572 3445 αὐτοῖς
2600 3380 2671 3435 τὰ
2715 3380 2853 3452 πρὸς
2890 3379 3200 3451 Περδίκκαν
3230 3380 3709 3451 ὲξεπεπολέμωτο.
3765 3385 3872 3437 Πε-

2267 3478 2515 3549 ραιοῦται
2563 3475 2628 3545 δὴ
2647 3476 2693 3506 ⁸⁸
2742 3473 3099 3542 ’Δντίπατρος
3144 3472 3241 3525 καὶ
3284 3473 3568 3544 Κρατερὸς
3612 3474 3729 3528 ἀπὸ
3763 3478 3868 3545 τῆς

2264 3568 2617 3639 Χερρονήσου
2648 3565 2739 3618 τὸν
2783 3563 3180 3633 Ἑλλήσποντον
3202 3603 3215 3625 ,
3247 3563 3375 3626 τοὺς
3410 3563 3502 3617 τὸν
3549 3565 3727 3633 πόρον
3761 3585 3867 3635 φυ-

2262 3663 2565 3723 λάσσοντας
2586 3659 2673 3712 διὰ
2688 3660 2705 3690 ¹
2731 3655 3029 3729 πρεσϐείας
3056 3656 3419 3725 ὑπαγόμενοι.
3440 3658 3867 3728 Πρεσϐεύονται

2260 3757 2319 3810 δὲ
2342 3756 2436 3810 καὶ
2458 3753 2595 3823 πρὸς
2624 3750 2844 3821 Εὐμένη
2868 3750 2963 3803 καὶ
2993 3748 3129 3819 πρὸς
3153 3750 3534 3819 Νεοπτόλεμον
3551 3793 3566 3817 ,
3594 3753 3732 3814 τοὺς
3759 3753 3870 3806 ὑπὸ

2262 3846 2542 3919 Περδίκκᾳ
2562 3845 2604 3874 ’⁸
2642 3842 2738 3897 καὶ
2770 3842 2898 3915 [liii
2920 3841 3015 3913 11.]
3038 3841 3420 3911 Νεοπτόλεμος
3446 3844 3545 3911 μὲν
3574 3844 3865 3914 πείθεται,

2261 3939 2512 4010 Εὐμένης
2542 3938 2600 3991 δὲ
2632 3939 2730 3990 οὐκ
2776 3934 3053 4006 ἀνέχεται.

2298 4036 2301 4041 ’
2345 4028 2742 4083 ’Υποπτεύεται
2774 4028 3011 4098 Εὐμένει
3040 4028 3423 4098 Νεοπτόλεμος
3448 4067 3463 4087 .
3491 4028 3585 4081 καὶ
3609 4045 3867 4099 συγκρο-

2255 4126 2431 4179 τεῖται
2470 4121 2607 4194 πρὸς
2637 4120 2902 4191 ἀλλήλους
2931 4120 3166 4190 πόλεμος
3188 4160 3202 4184 ,
3240 4121 3337 4173 καὶ
3370 4123 3494 4192 νικᾷ
3528 4122 3671 4174 κατὰ
3723 4126 3868 4193 κρά-

2255 4236 2348 4281 τος
2375 4217 2646 4287 Εὐμένης.
2678 4214 2874 4282 Φεύγει
2904 4214 2960 4268 δὲ
2990 4214 3371 4284 Νεοπτόλεμος
3403 4217 3555 4284 παρὰ
3592 4215 3865 4269 Ἀντίπα-

2254 4329 2384 4385 τρον
2421 4312 2521 4364 καὶ
2550 4308 2832 4379 Κρατερὸν
2867 4308 2965 4361 σὺν
2995 4306 3235 4376 ὀλίγοις,
3272 4308 3369 4360 καὶ
3404 4309 3580 4361 πείθει
3619 4308 3865 4373 τούτους

564 4395 667 4449 sibi
726 4396 779 4448 in
836 4396 973 4451 bello
1027 4398 1288 4454 adversus
1332 4398 1630 4456 Eumenem
1663 4405 1850 4459 socius
1888 4404 2150 4461 Craterus

2275 4404 2351 4456 ιπὶ
2382 4400 2702 4472 συμμαχίαν
2747 4397 2891 4451 κατὰ
2916 4398 3195 4469 Εὐμένους
3222 4397 3399 4452 ἐλθεῖν
3444 4397 3594 4468 αὐτῷ
3628 4400 3676 4452 Κ
3688 4417 3864 4470 ρατε-

564 4487 805 4541 daretur.
845 4486 957 4545 Nec
995 4506 1164 4555 mora,
1204 4490 1396 4561 prmlio
1450 4492 1666 4565 utrique
1723 4512 1847 4551 eum
1910 4497 2149 4556 Eumene

2275 4493 2351 4545 >όν
2382 4504 2399 4521 ⁸
2454 4489 2548 4544 καὶ
2599 4485 2925 4558 πολεμοῦσιν
2970 4488 3137 4557 ἄμφω
3171 4487 3470 4557 Εὐμένει³.
3506 4489 3619 4542 Καὶ
3668 4492 3865 4543 πάντα

562 4577 884 4649 e0nﬂigunt.
919 4581 1077 4637 Dedit
1104 4599 1235 4639 vero
1269 4598 1492 4654 operam
1525 4601 1742 4643 onmem
1773 4590 2059 4656 Eumenes,
2088 4602 2147 4649 ut

2275 4585 2492 4655 τοιήσας
2533 4579 2785 4650 Εὐμένης
2812 4578 2954 4632 ὥστε
2986 4578 3173 4631 λαθεῖν
3201 4579 3329 4642 τοὺς
3370 4579 3468 4631 σὺν
3503 4579 3656 4649 αὐτῷ
3695 4582 3865 4653 Κρα-

563 4670 884 4741 ignorarent
912 4674 995 4729 sui
1027 4674 1310 4731 Craterum
1351 4678 1614 4735 adversus
1657 4696 1716 4736 se
1768 4681 2135 4753 belligerare:

2275 4679 2408 4750 ξερὸν
2437 4674 2583 4743 αὐτῷ
2612 4672 2873 4741 πολεμεῖν
2903 4709 2918 4735 ,
2954 4670 3040 4724 ἵνα
3070 4669 3146 4740 μὴ
3174 4674 3240 4739 τῇ
3266 4670 3399 4740 περῖ⁸
3423 4670 3587 4722 αὑτὸν
3620 4670 3865 4736 ἁλόντες

560 4778 629 4818 ne
656 4764 798 4818 fama
832 4764 1074 4829 adducti,
1106 4766 1188 4822 vel
1222 4770 1419 4825 castris
1454 4771 1570 4826 suis
1611 4771 1866 4838 desertis,
1890 4776 1957 4830 ad
1991 4777 2142 4832 illurn

2275 4772 2415 4843 Man
2447 4768 2481 4840 ἢ
2519 4765 2992 4837 προσχωρήσωσιν
3021 4762 3169 4833 αὺτῷ
3195 4763 3229 4833 ἢ
3259 4764 3357 4816 καὶ
3396 4764 3655 4834 μένοντες
3687 4766 3863 4821 ἀτολ-

561 4857 884 4925 transirent,
911 4858 992 4912 vcl
1012 4868 1161 4915 certe
1189 4863 1329 4931 apud
1357 4877 1417 4917 se
1447 4874 1746 4929 manentes,
1774 4867 1917 4936 71a
1968 4870 2138 4926 auda-

2275 4863 2477 4932 ιότεροι
2505 4858 2646 4924 εἷεν,
2678 4857 2774 4911 καὶ
2795 4854 3085 4927 κρατήσας
3108 4856 3220 4916 τοῖς
3244 4853 3583 4923 τεχνάσμασι
3610 4894 3624 4917 ,
3653 4861 3868 4927 κρατεί

557 4951 738 5006 ciores
763 4949 942 5005 minus
974 4961 1177 5007 essent.
1206 4953 1308 5020 Qui
1345 4970 1467 5010 cum
1501 4956 1575 5011 illi
1612 4958 1766 5015 dolus
1795 4972 1960 5031 atque
1990 4970 2142 5019 astus

2275 4956 2346 5011 :a‘t
2392 4954 2476 5026 τῷ
2516 4950 2776 5022 πολέμῳ·
2833 4949 2929 5003 καὶ
2959 4946 3150 5000 πίπτει
3209 4943 3307 5015 μὲν
3350 4944 3752 5052 Νεοπτόλεμος
3794 4951 3865 5018 τῇ

555 5044 936 5110 processisset,
981 5047 1178 5114 proalio
1227 5063 1445 5120 quoque
1503 5052 1680 5109 vietor
1740 5056 1938 5110 evasit.
1998 5056 2141 5126 Ergo

2275 5048 2414 5103 ιύτοῦ
2443 5044 2725 5113 Εὐμένους
2757 5042 2853 5097 τοῦ
2896 5037 3277 5143 γραμματέως
3320 5035 3470 5108 δεξιᾷ
3490 5077 3504 5100 ,
3528 5035 3817 5143 ⁸[221“Π.
3846 5039 3865 5112 ]

554 5131 945 5203 Neoptolemus
994 5136 1165 5205 ipsius
1219 5138 1479 5196 Eumenis
1522 5143 1717 5199 scribae
1771 5160 1934 5199 manu
1966 5160 2139 5201 caesus

2275 5144 2388 5213 ινὴρ
2418 5135 2813 5212 στρατιωτικὸς
2834 5133 2929 5188 καὶ
2961 5131 3219 5203 πολέμοις
3245 5131 3591 5201 ἠριστευκὼς
3614 5170 3630 5197 ,
3687 5134 3864 5204 Κρα..

1864 5262 2096 5317 νᾹῐὶΙίΕ
2142 5257 2546 5315 LECTIUNES.

625 5412 672 5443 '°
697 5414 836 5511 1"?"
856 5420 941 5511 ’ξε
972 5421 1117 5511 γέγει
1156 5441 1276 5511 9..
1297 5426 1348 5511 °'.
1376 5420 1465 5478 δτε
1492 5441 1594 5511 ςι.
1629 5425 1676 5511 3”
1705 5424 2016 5511 θυγατέραν
2039 5426 2159 5511 ἑο..
2190 5426 2237 5511 ⁹ῗ
2268 5422 2445 5511 “ita”:
2465 5438 2564 5511 9-.
2604 5419 3037 5511 Ῐῗςτδὲἱίέἀέὲι
3083 5419 3854 5511 ’⁸.έξ²τΐηθ.ἓὲξξε,ερτ9ϊης·

554 5480 601 5515 ⁸⁸
628 5480 723 5567 κα]
752 5488 796 5539 A
822 5480 845 5543 ἐ
874 5490 931 5545 δὲ
964 5480 1055 5545 καὶ
1092 5480 1184 5558 ς·.’
1230 5496 1276 5527 °"
1302 5496 1382 5559 εἰς
1412 5512 1472 5558 ς.
1500 5480 1520 5487 ⁷
1549 5495 1595 5528 ⁸⁸
1626 5480 1862 5567 ἐμήνυεν
1892 5480 1957 5550 A.
2039 5498 2085 5528 ’θ
2112 5495 2176 5567 δή
2198 5496 2244 5549 A
2271 5512 2285 5549 :
2312 5495 2369 5548 δὲ
2409 5480 2492 5555 ς(
2550 5491 2567 5521 ³
2597 5490 2724 5561 φυλ.
2756 5490 2853 5545 καὶ
2882 5490 2972 5545 διὰ
3002 5509 3063 5556 ς.
3142 5492 3163 5523 ²
3190 5480 3501 5563 Περδίκκαν
3518 5480 3622 5555 νς(
3657 5480 3706 5524 ’³
3736 5480 3859 5547 Εὖ-

554 5557 711 5623 μενεί
765 5574 828 5622 ς.
1105 5557 1113 5558 7
1363 5557 1375 5559 “
1425 5557 1434 5558 ί
1658 5557 1670 5565 ’
1720 5557 1732 5567 ’
2164 5557 2176 5567 ”

2096 5650 2329 5708 NOTAE.

623 5738 737 5809 (47)
771 5739 1063 5819 Atlieiiteus
1100 5740 1333 5819 lib.xu_t,
1368 5742 1523 5819 initio
1553 5759 1616 5798 ex
1645 5744 1862 5800 Audata
1894 5744 2124 5816 Illyrica
2237 5760 2337 5812 pus
2365 5744 2626 5819 suum_atl_
2664 5744 2950 5799 Ammonis
2999 5743 3129 5819 ferri
3185 5743 3489 5819 juberent,
3528 5745 3852 5819 Memphim

552 5820 863 5876 insceplam
891 5809 1170 5879 Cynanam
1198 5813 1437 5883 scripsit.
1970 5809 1991 5816 ⁷
2238 5809 2421 5869 tamen
2450 5830 2479 5868 a
2513 5813 2802 5897 Ptolemaao
2833 5809 3202 5897 _trarislatum'
3233 5828 3340 5897 est,
3389 5828 3446 5872 et
3479 5817 3609 5877 inde
3641 5809 3861 5892 paucis

622 5878 737 5951 (48)
763 5878 1113 5938 Moribundus
1159 5878 1524 5942 euitn'amicis
1557 5897 1891 5957 praeceperat
1922 5897 1977 5944 ut
2008 5904 2129 5944 cor-
2246 5895 2368 5955 post
2405 5885 3014 5962 annisAlexandriam.
3051 5885 3209 5943 Curt.
3243 5878 3338 5946 lib.
3377 5905 3428 5942 κ.
