4092 6400
293 370 383 436 309

1402 357 1929 428 ΒΙΒῘᾸΟΤΙΙΕΟΑ.
1962 384 2032 395 --
2057 359 2220 422 COD.
2257 364 2443 425 XCII.

3444 364 3553 431 310

289 482 431 552 τιρδς
448 479 506 534 δὲ
527 477 637 535 ὖπό
662 496 824 535 τινων
841 478 1219 550 Παφλαγόνων
1235 518 1250 545 ,
1271 477 1509 548 ἀφειδῶς
1528 475 1664 546 πρὸς
1685 471 1863 525 πάντα

1970 471 2216 537 cecidit,‘
2265 473 2351 527 vir
2399 483 2598 528 caetera
2653 470 2927 539 militaris,
2976 482 3032 529 et
3077 466 3221 529 bello
3271 459 3550 532 strenuus.

290 572 583 644 μαχόμενος
632 572 730 626 καὶ
772 571 967 644 χωρῶν
998 571 1139 625 ὥστε
1171 569 1515 640 γνωσθῆναι·
1568 567 1683 621 ἀλλ’
1717 565 1856 635 ἔφθη

288 663 457 718 πεσὼν
506 662 583 733 μὴ
638 662 938 732 γνωσθεὶς,
988 660 1165 714 καίτοι
1195 660 1291 713 καὶ
1334 658 1433 730 τὴν
1472 656 1710 712 καυσίαν
1755 657 1857 726 τῆς

288 755 517 826 κεφαλῆς
547 754 783 826 ἀφελών.
824 753 890 808 Ἦ
940 754 1124 824 μέντοι
1152 751 1293 825 πεζὴ
1318 752 1548 823 στρατιά
1584 750 1698 804 σώα
1720 750 1859 821 πρὸς

297 847 641 916 ’Δντίπατρον
671 848 736 899 ἐκ
758 846 854 899 τοῦ
884 846 1124 917 πολέμου
1151 845 1486 916 παρεγένετο
1507 886 1521 911 ,
1556 842 1585 896 ὃ
1615 842 1707 896 καὶ
1752 841 1817 895 τὸ
1836 841 1859 873 ⁸

287 936 409 992 πολὺ
433 937 535 1011 τῆς
558 937 801 1008 ἀθυμίας
828 938 1185 1005 ἐπεκούφισε.

347 1203 715 1275 Παραγίνεται
743 1204 854 1260 ἀπὸ
880 1205 1179 1276 Δαμασκοῦ
1227 1203 1535 1277 Περδίκκας
1581 1204 1668 1258 ἐπ’
1692 1206 1862 1273 Αιγυ-

284 1314 405 1351 πτον
436 1297 537 1353 σὺν
574 1300 689 1363 τοῖς
719 1297 1013 1369 βασιλεῦσι
1050 1299 1147 1353 καὶ
1184 1301 1251 1370 τῇ
1285 1298 1511 1369 δυνάμει
1538 1298 1862 1370 Πτολεμαίῳ

282 1388 603 1462 πολεμῆσαι.
638 1392 1044 1464 Κατηγορήσας
1089 1391 1148 1445 δὲ
1188 1391 1528 1463 Πτολεμαίου
1553 1431 1569 1458 ,
1607 1391 1861 1446 κάκείνου

282 1480 367 1534 ἐπὶ
392 1478 487 1533 τοῦ
519 1480 795 1552 πλήθους⁸
823 1481 1197 1553 ἀπολυομένου
1227 1480 1561 1551 τὰςξαίτίας,
1589 1479 1684 1532 καὶ
1705 1478 1863 1545 δόξας

284 1574 354 1645 μὴ
400 1574 588 1629 δίκαια
640 1575 956 1640 ἐπικαλεῖν,
989 1578 1141 1646 ὅμως
1188 1575 1285 1629 καὶ
1334 1573 1429 1627 τοῦ
1481 1573 1720 1644 πλήθους
1765 1572 1865 1643 οὐχ

284 1667 491 1732 ἑκόντος
520 1669 769 1739 πολεμεῖ.
804 1671 914 1723 Καὶ
942 1667 1025 1734 δὶς
1055 1668 1317 1742 ήττηθεὶς
1335 1709 1350 1732 ,
1374 1668 1472 1723 καὶ
1494 1668 1699 1740 τραχὺς
1728 1668 1865 1740 πρὸς

283 1761 400 1824 τοὺς
426 1762 448 1793 ⁸
492 1761 645 1833 παρά
702 1761 1037 1832 Πτολεμαῖον
1099 1761 1384 1826 ἐθέλοντας
1435 1760 1685 1832 χωρῆσαι
1738 1759 1858 1814 λίαν

282 1856 573 1922 καταστὰς,
610 1855 706 1909 καὶ
738 1856 946 1910 τᾶλλα⁷
983 1859 1048 1927 τῇ
1097 1857 1327 1927 στρατιᾷ
1360 1854 1857 1926 ὑπερογκότερονῆ

282 1952 414 2005 κατά
464 1950 772 2023 στρατηγὸν
821 1951 1302 2023 προσφερόμενος,
1358 1948 1465 2002 ὑπὸ
1513 1947 1607 2001 τοῦ
1657 1945 1859 2001 οἰκείου

282 2041 515 2112 πλήθους
549 2042 658 2097 τῶν
691 2044 905 2097 ἱππέων
936 2045 1266 2114 ἀναιρεῖται,
1301 2042 1615 2114 μαχόμενος
1642 2042 1734 2096 καὶ
1763 2042 1862 2096 αὺ-

279 2133 382 2199 τός.
415 2135 756 2206 Πτολεμαῖος
808 2135 865 2189 δέ
915 2136 1053 2207 μετά
1104 2136 1203 2206 τὴν
1245 2136 1527 2208 ἀναίρεσιν
1555 2135 1858 2206 Περδίκκου

281 2226 407 2297 πρός
445 2243 511 2279 τε
557 2229 688 2291 τοὺς
733 2226 973 2299 βασιλεῖς
1018 2227 1332 2299 ἐπεραιώθη
1381 2227 1476 2281 τὸν
1519 2226 1734 2291 Νεῖλον,
1764 2227 1860 2280 καὶ

279 2318 459 2391 ζώροις
492 2320 1034 2394 φιλοφρονησάμενος
1075 2323 1167 2376 καὶ
1204 2324 1273 2393 τῇ
1308 2321 1444 2396 ἄλλῃ
1477 2321 1763 2395 θεραπείᾳ,
1798 2321 1857 2374 οὐ

283 2412 434 2483 μόνον
462 2412 525 2467 δὲ
561 2413 697 2467 ἀλλά
731 2413 827 2468 καὶ
861 2415 986 2479 τοὺς
1031 2415 1146 2468 ὅσοι
1176 2416 1233 2468 ὲν
1262 2414 1407 2469 τέλει
1436 2414 1783 2471 Μακεδόνων.
1801 2415 1860 2469 Ὀ

277 2506 444 2563 δὲκαὶ
472 2510 592 2572 τοῖς
623 2508 927 2580 Περδίκκου
961 2509 1137 2579 φίλοις
1170 2509 1572 2579 συναχθόμενός
1614 2526 1674 2563 τε
1703 2509 1862 2580 δῆλος

280 2600 510 2669 ἐγένετο,
546 2602 642 2655 καὶ
686 2601 831 2665 ὅσοις
874 2618 927 2654 τι
978 2601 1225 2655 κινδύνου
1264 2601 1383 2655 έτι⁸
1426 2604 1491 2656 ὲκ
1531 2604 1861 2658 Μακεδόνων

281 2693 635 2762 ὑπελείπετο,
674 2696 769 2749 καὶ
798 2694 1021 2759 τούτους
1050 2695 1355 2762 ἀπαλλάξαι
1388 2697 1483 2749 τοῦ
1511 2696 1663 2760 δέους
1697 2698 1862 2751 παντὶ

279 2787 455 2859 τρόπῳ
478 2787 872 2841 διεσπούδασεν
894 2803 908 2820 ⁸
942 2790 1028 2859 ἐφ’
1051 2782 1132 2853 οἷς
1157 2790 1472 2860 παραυτίκα
1500 2807 1559 2843 τε
1586 2791 1682 2843 καὶ
1716 2791 1774 2853 ἐς
1802 2789 1862 2843 τὸ

280 2878 460 2932 ἔπειτα
494 2880 804 2951 εὐδοκιμῶν
832 2880 1181 2949 ἐγινώσκετο.
1217 2882 1508 2954 Συνεδρίου
1560 2884 1616 2937 δὲ
1661 2900 1861 2955 κροτη-

281 2970 455 3034 θέντος
482 2971 749 3042 ἄρχοντες
790 2973 890 3044 μὲν
923 2973 1025 3044 τῆς
1054 2974 1235 3047 πάσης
1262 2974 1546 3046 δυνάμεως
1575 2977 1696 3031 ἀντί
1728 2977 1865 3047 Περ·

278 3063 453 3120 δίκκου
489 3066 706 3120 Πίθων⁹
735 3067 829 3120 καλ⁸
848 3066 1156 3140 Ἀρριδαῖος
1191 3072 1250 3124 ἐν
1274 3070 1352 3140 τῷ
1382 3072 1521 3136 τέως
1547 3073 1859 3145 ἀνερρήθη-

1962 563 2225 620 Craterus
2252 574 2434 619 autem
2467 566 2519 619 in
2551 566 2770 621 ohvimn
2804 578 3075 636 quemque
3130 565 3404 634 intrepide
3453 582 3552 634 pu-

1962 670 2162 727 gnans,
2220 664 2384 727 atque
2434 659 2507 712 ita
2567 657 2829 714 incedens
2874 667 2934 712 ut
2979 657 3231 728 cognosci
3285 656 3550 727 potuerit,

1963 751 2136 806 nihilo
2197 758 2375 805 tamen
2425 750 2608 807 secius
2655 765 2687 805 a
2741 748 3179 821 Paphlagonibus
3227 748 3549 819 quibusdam

1966 844 2276 914 incognitus
2317 843 2606 906 occiditur,
2642 842 2855 897 tametsi
2904 841 2996 896 ille
3040 840 3278 895 maxime
3307 839 3548 894 causiam

1963 937 2142 1005 capite
2197 935 2510 1005 deiecisset.
2556 934 2810 987 Attamen
2865 933 3150 1003 pedestres
3181 930 3353 1000 copia:
3386 931 3551 986 salva:

1963 1029 2030 1082 ad
2060 1028 2403 1097 Antipatrum
2448 1042 2480 1082 c
2529 1027 2727 1097 proelio
2764 1025 3072 1091 redierunt;
3121 1038 3243 1095 quae
3295 1040 3382 1081 res
3431 1027 3550 1080 ani-

1964 1133 2109 1173 mum
2141 1119 2400 1184 reddidit,
2436 1126 2748 1187 metumque
2773 1117 2990 1171 minuit.

2034 1209 2323 1265 Perdiccas
2348 1209 2613 1263 Damasco
2671 1207 2980 1277 profectus,
3035 1209 3299 1264 adversus
3365 1207 3551 1263 Ptole.

1964 1318 2160 1359 maaum
2218 1302 2350 1373 Lagi
2404 1302 2464 1358 F.
2514 1302 2905 1367 dimicaturus,
2961 1302 3016 1357 in
3071 1300 3368 1374 Egyptum
3421 1316 3548 1357 cum

1965 1398 2189 1468 regibus
2241 1395 2353 1466 (49)
2399 1402 2457 1450 et
2510 1394 2685 1465 copiis
2739 1396 2910 1449 venit.
2960 1393 3313 1451 Ptolemaeum
3367 1393 3552 1463 itaque

1965 1507 2088 1547 cum
2124 1498 2458 1552 accusasset,
2492 1497 2653 1557 atque
2699 1487 2788 1542 ille
2835 1486 3051 1556 objecta
3088 1487 3319 1540 crimina
3365 1500 3548 1539 coram

1968 1581 2312 1638 multitudine
2375 1581 2449 1634 ita
2511 1587 2820 1651 purgasset,
2881 1585 2940 1631 ut
3000 1574 3199 1648 injuste
3259 1586 3550 1630 accusatus

1966 1675 2266 1739 videretur,
2301 1672 2497 1728 bellum
2538 1685 2740 1738 tamen,
2776 1680 3112 1741 repugnante
3147 1668 3276 1723 licet
3314 1669 3549 1723 militum

1968 1768 2149 1838 vulgo,
2195 1765 2479 1820 Perdiccas
2524 1762 2715 1817 infert.
2766 1762 2885 1829 Quo
2930 1763 2982 1816 in
3006 1761 3149 1817 bello
3187 1761 3301 1831 jam
3348 1762 3548 1817 iterum

1962 1862 2162 1927 victus,
2202 1860 2379 1928 iisque
2424 1857 2672 1927 asperior
2723 1853 2901 1910 factus
2947 1855 3040 1924 qui
3086 1855 3153 1909 ad
3201 1856 3546 1909 Ptolemaeum

1963 1954 2199 2009 transire
2255 1951 2474 2015 vellent,
2520 1958 2718 2005 caetera
2774 1948 2940 2003 etiam
3000 1947 3055 2001 in
3109 1947 3306 2002 castris
3360 1962 3551 2016 δίψει-η

1962 2048 2083 2102 bior
2115 2044 2254 2116 (50),
2288 2058 2451 2113 quam
2496 2041 2884 2110 imperatorem
2918 2039 3156 2103 deceret,
3198 2054 3227 2091 a
3274 2037 3388 2093 suis
3433 2039 3551 2106 ipse

1962 2137 2237 2208 equitibus
2285 2138 2426 2191 inter
2482 2135 2830 2205 pugnandum
2886 2132 3175 2187 occiditur.
3229 2131 3550 2185 Ptolema'us

1962 2246 2113 2296 vero,
2151 2230 2363 2284 sublato
2408 2228 2692 2291 Perdicca,
2744 2227 2810 2280 ad
2846 2240 3020 2296 reges,
3052 2226 3371 2279 transmisso
3407 2222 3548 2290 Nilo,

1961 2323 2348 2395 proﬁciscitur,
2401 2322 2669 2390 donisque
2729 2318 2933 2383 allatis,
2992 2326 3046 2371 et
3109 2317 3275 2372 variis
3335 2330 3552 2386 quoque

1962 2418 2238 2488 obsequiis
2271 2428 2379 2472 tant
2413 2431 2530 2483 eos,
2570 2429 2734 2485 quam
2772 2421 3002 2469 caeteros
3036 2410 3389 2466 Macedonum
3421 2424 3549 2479 pro—

1963 2530 2138 2579 ceres,
2191 2522 2439 2568 amanter
2493 2508 2812 2577 complexus
2857 2514 2959 2562 est.
3021 2505 3133 2560 lmo
3187 2515 3243 2561 et
3304 2506 3548 2574 ipsorum

1964 2606 2239 2662 Perdicca:
2277 2604 2576 2659 amicorum
2618 2602 2789 2657 vicem
2825 2602 3008 2658 dolere
3051 2614 3110 2655 se
3146 2600 3322 2669 palam
3363 2608 3551 2653 osten-

1965 2701 2043 2754 dit
2078 2708 2175 2754 :et
2218 2698 2633 2768 quibuscunque
2682 2693 3072 2750 Macedonibus
3107 2692 3405 2763 periculum
3446 2690 3551 2745 ali-

1966 2792 2112 2863 quod
2164 2789 2450 2846 imminere
2508 2788 2803 2852 videretur,
2838 2785 3061 2842 eosdem
3115 2784 3206 2840 ille
3256 2784 3401 2841 omni
3451 2799 3554 2854 ope

1966 2902 2030 2940 ac
2077 2886 2286 2939 ratione
2321 2892 2465 2936 metu
2506 2881 2741 2935 liberare
2779 2879 3007 2933 studuit.
3044 2876 3165 2943 Quo
3201 2876 3407 2931 factum
3445 2887 3549 2939 est,

1967 2987 2028 3032 ut
2055 2977 2170 3047 jam
2210 2985 2345 3040 tum,
2381 2983 2546 3043 atque
2594 2971 2645 3026 in
2698 2982 2974 3041 posterum
3009 2971 3250 3025 omnium
3297 2984 3393 3024 ore
3434 2969 3554 3023 lau-
3640 3040 3643 3041 ν

1968 3074 2212 3127 daretur.
2250 3069 2450 3124 llabito
2479 3067 2605 3124 dein
2636 3074 2926 3129 conventu,
2958 3062 3156 3119 Pithon
3192 3072 3246 3117 et
3279 3063 3557 3118 Arridaeus

280 3173 394 3223 σαν,
417 3157 529 3211 τῶν
566 3157 629 3212 δὲ
665 3160 797 3230 περὶ
834 3159 1051 3233 Εὐμένη
1091 3179 1150 3215 τε
1183 3163 1276 3215 καὶ
1298 3162 1618 3219 Ἀλκέταν¹⁰
1646 3168 1704 3229 ἐς
1732 3182 1859 3219 πεν-

1968 3166 2139 3236 c0piis
2191 3162 2482 3227 universis,
2530 3160 2804 3215 Perdiccae
2859 3156 3000 3223 loco,
3037 3155 3282 3227 prmfectl
3348 3171 3555 3211 renunn

277 3253 504 3325 τήκοντα
529 3253 1013 3327 κατεγνώσθησαν,
1039 3258 1273 3328 μάλιστα
1304 3261 1397 3314 ἐπὶ
1419 3263 1485 3332 τῇ
1517 3260 1804 3334 Κρατεροῦ
1825 3262 1868 3294 ¹¹

278 3342 552 3411 ἀναιρέσει
574 3342 683 3397 τῶν
706 3345 1037 3403 Μακεδόνων
1065 3348 1203 3422 πρὸς
1231 3351 1433 3415 αὐτοὺς
1462 3353 1871 3424 ἐκπολεμωθέν.

277 3435 456 3492 sum”.
506 3437 880 3505 Μετεκαλεῖτο
927 3438 984 3492 δὲ
1034 3442 1128 3494 καὶ
1156 3441 1463 3512 Ἀντίγονος
1506 3447 1571 3499 ἐκ
1613 3447 1865 3520 Κύπρου,

278 3528 365 3586 καὶ
389 3529 753 3602 Ἀντίπατρος
782 3530 869 3596 δὲ,
902 3532 1227 3604 ἐπιταχῦναι
1254 3535 1393 3607 πρὸς
1423 3538 1550 3602 τοὺς
1584 3539 1865 3609 βασιλέας.

279 3612 435 3668 Οὔπω
481 3617 543 3670 δὲ
588 3619 1072 3675 καταλαϐόντων1³
1108 3625 1141 3694 ή
1194 3625 1474 3698 Εὐρυδίκη
1520 3629 1744 3684 Πίθωνα
1775 3632 1870 3686 καὶ

286 3706 590 3780 Ἀρριδαῖον
623 3712 789 3782 μηδὲν
818 3713 949 3769 ἀνευ
977 3715 1150 3786 αὐτῆς
1197 3718 1352 3789 ἠξίου
1402 3721 1682 3793 πράττειν.
1719 3726 1783 3778 Oi
1812 3725 1869 3778 δὲ

277 3800 339 3854 τά
368 3804 565 3875 πρῶτα
595 3805 695 3876 μὲν
722 3807 822 3860 οὐκ
850 3809 1128 3876 ἀντεῖπον,
1159 3812 1348 3867 ἔπειτα
1392 3814 1450 3869 δὲ
1500 3817 1668 3888 μηδὲν
1698 3820 1870 3892 αὐτὴν

279 3894 651 3949 ἐπικοινωνεῖν
684 3898 798 3961 τοῖς
837 3897 1117 3970 δημοσίοις
1161 3903 1450 3973 ἀντέλεγον
1501 3908 1822 3978 πράγμασιν
1849 3926 1865 3941 ο

280 3985 449 4050 αὐτοῖς
484 3986 598 4058 γὰρ
619 4030 634 4055 ,
666 3988 772 4052 ἕως
794 3990 1101 4059 Ἀντίγονος
1148 3994 1243 4047 καὶ
1279 3996 1639 4070 Ἀντίπατρος
1690 4020 1869 4074 παρα-

280 4079 559 4147 γένωνται,
589 4081 848 4153 μελήσειν
882 4085 1009 4155 περὶ
1040 4082 1386 4143 πάντων.Ὦν
1409 4095 1870 4162 παραγεγονότων

280 4170 353 4234 είς
371 4172 736 4244 Ἀντίπατρον
758 4176 791 4246 ή
820 4174 1108 4231 δυναστεία
1132 4180 1501 4251 περιίσταται.
1522 4185 1679 4237 Καὶὸ
1706 4203 1869 4258 στρα-

279 4261 363 4327 τὸς
406 4266 554 4318 αἰτεῖ
600 4264 671 4319 τά
720 4267 871 4338 παρά
895 4267 1249 4340 Ἀλεξάνδρου
1280 4272 1649 4347 ὑποσχεθέντα
1684 4278 1868 4343 αὐτοῖς

281 4356 366 4409 ἐπὶ
383 4360 450 4428 τῇ
480 4360 818 4431 συστρατείᾳ
838 4360 881 4393 ¹¹⁸
911 4362 1189 4433 χρήματα,
1214 4366 1310 4418 καλ⁵
1333 4366 1694 4440 Ἀντίπατρος
1723 4354 1883 4441 παρέ

280 4450 468 4503 αυτίκα
501 4451 603 4522 μὲν
639 4452 810 4523 μηδὲν
844 4451 991 4524 ἔχειν
1022 4454 1381 4526 ἀποκρίνεται
1428 4458 1557 4532 [127
1598 4461 1669 4536 Η]
1710 4465 1860 4534 φρά-

280 4538 384 4605 ζειν
416 4542 670 4611 ἀκριϐὲς,
702 4544 965 4611 ἐξετάσας
989 4546 1046 4600 δὲ
1066 4547 1193 4612 τούς
1221 4566 1281 4603 τε
1313 4527 1621 4621 βασίλείους
1649 4527 1859 4627 θησαυ-
1890 4527 1937 4585 1’

283 4636 398 4706 ροὺς
429 4637 529 4692 καὶ
558 4640 686 4703 τοὺς
708 4640 823 4693 ὅσοι
853 4640 1109 4712 ἀλλαχόθι
1140 4661 1242 4697 που
1277 4646 1517 4716 κείμενοι
1548 4642 1684 4715 ὦσι,
1714 4669 1863 4723 τηνι-

280 4727 447 4783 καῦτα
473 4730 568 4784 τὸν
595 4731 823 4787 δυνατὸν
864 4736 1066 4807 τρόπον
1101 4736 1176 4810 μὴ
1208 4738 1274 4793 ἂν
1304 4741 1487 4805 αὐτοῖς
1513 4742 1861 4815 ἐπίμεμπτος

279 4822 630 4896 νομισθῆναι*
663 4828 749 4897 ἐφ’
777 4820 882 4897 ᾧ¹⁸
916 4830 1013 4901 οὐχ
1058 4831 1226 4901 ἡδέως
1266 4834 1299 4906 ή
1347 4836 1575 4907 στρατιά
1606 4837 1858 4909 ἤκουσεν.

282 4911 581 4988 Εὐρυδίκης
633 4917 691 4972 δὲ
741 4919 1224 4996 συλλαμϐανούσης
1271 4928 1391 4991 ταῖς
1438 4927 1581 4981 κατὰ
1604 4930 1860 4984 Ἀντιπά-

280 5021 401 5076 τρου
430 5009 705 5075 διαϐολαῖς
736 5011 813 5083 τῷ
846 5014 953 5067 ἀπὸ
978 5015 1071 5069 τοῦ
1102 5016 1341 5091 πλήθους
1371 5021 1526 5092 ἄχθει
1555 5022 1740 5088 στάσις
1770 5024 1861 5093 γίς

282 5117 446 5158 νεται.
469 5105 586 5159 Καὶ
605 5105 914 5178 δημηγορεῖ
928 5109 1200 5183 Εὐρυδίκη
1220 5111 1339 5166 κατ’
1357 5114 1546 5196 αὐτού,
1563 5115 1656 5170 τοῦ
1679 5133 1860 5190 γραμ-

1977 3259 2090 3315 tiati
2127 3259 2183 3312 in
2216 3271 2455 3326 prmsens
2486 3263 2635 3318 sunt,
2669 3260 2723 3307 et
2763 3266 2827 3308 ex
2860 3250 3122 3304 Eumenis
3161 3260 3324 3320 atque
3356 3250 3559 3305 Alceta:

1972 3351 2339 3408 sectatoribus
2410 3347 2477 3402 ad
2555 3345 2952 3415 quinquaginta
3039 3342 3317 3407 datnnati,
3396 3342 3559 3412 idque

1976 3446 2210 3499 maxime
2240 3442 2309 3497 ob
2335 3439 2620 3497 Craterum
2662 3436 3034 3501 interfectum,
3066 3449 3191 3492 cum
3232 3434 3557 3491 Macedones

1973 3540 2112 3593 inter
2180 3550 2240 3589 se
2306 3533 2510 3587 mutuis
2583 3528 2789 3602 proeliis
2856 3528 3201 3585 dissiderent.
3254 3527 3559 3598 Antigonus

1972 3632 2160 3686 adhaac
2209 3642 2241 3682 e
2293 3627 2470 3698 Cypro
2526 3634 2803 3689 evocatus,
2851 3623 2985 3694 quin
3035 3632 3091 3678 et
3135 3621 3443 3692 Antipater,
3490 3623 3557 3675 ad

1974 3738 2132 3791 rcges
2167 3719 2428 3775 festinare
2458 3718 2746 3789 jubcntur.
2797 3715 3047 3771 Nondum
3084 3730 3213 3771 vero
3259 3716 3560 3773 adventant-

1972 3817 2117 3871 tibus
2163 3815 2295 3881 illis,
2345 3814 2615 3886 Eurydice
2671 3812 2784 3885 (51)
2834 3813 3117 3868 Pithonem
3154 3822 3207 3868 et
3252 3813 3557 3868 Arridaeum

1970 3910 2108 3965 nihil
2166 3925 2227 3965 se
2280 3906 2582 3964 inconsulta
2635 3905 2853 3961 volebat
2909 3919 3088 3976 agere.
3140 3905 3243 3970 Qui
3298 3921 3327 3959 a
3384 3906 3559 3975 primo

1971 4001 2191 4072 quidem
2240 4016 2343 4056 non
2404 4005 2824 4068 repugnarunt:
2864 4009 2985 4065 post
3044 4006 3248 4061 tamen,
3297 3996 3431 4051 nihil
3483 3997 3558 4051 illi

1972 4106 2263 4149 commune
2302 4106 2421 4145 cum
2464 4089 2735 4159 republica
2782 4100 2902 4144 esse
2952 4088 3395 4158 responderunt:
3430 4087 3557 4152 sibi,

1970 4184 2099 4239 dum
2159 4184 2463 4254 Antigonus
2514 4190 2571 4237 et
2619 4180 2906 4250 Antipater
2958 4179 3198 4246 veniant,
3241 4194 3386 4234 cura!
3438 4195 3551 4234 rem

1970 4282 2088 4337 fore
2132 4277 2427 4350 publicam.
2481 4272 2560 4327 llli
2602 4272 2768 4342 igitur
2817 4286 2940 4326 cum
2989 4270 3367 4335 accessissent,
3402 4270 3557 4325 Anti-

1969 4384 2128 4444 patro
2191 4384 2400 4427 summa
2471 4366 2551 4422 rei
2612 4368 2903 4421 commissa
2962 4381 2977 4419 :
3033 4365 3416 4433 exercitusque
3490 4364 3558 4416 ab

1969 4464 2284 4521 Alexandro
2319 4460 2585 4533 promissa
2638 4458 2846 4514 militiae
2876 4457 2979 4531 71
3022 4456 3050 4509 b
3086 4458 3305 4526 praemia
3356 4457 3552 4527 poscit.

1969 4560 2277 4629 Antipater,
2307 4571 2431 4611 cum
2467 4555 2521 4609 in
2554 4551 2843 4623 praesentia
2886 4550 3019 4604 nihil
3058 4549 3309 4614 haberet,
3338 4564 3556 4619 (equum

1969 4652 2246 4726 postulare
2277 4648 2558 4720 respondit
2586 4663 2602 4701 :
2638 4657 2694 4701 at
2734 4659 2884 4708 mox,
2916 4654 2972 4696 ut
3003 4656 3102 4696 nec
3129 4641 3338 4711 justam
3368 4655 3556 4696 eorum

1971 4747 2402 4817 indignationem
2462 4742 2743 4797 incurrere
2795 4739 2990 4808 possit,
3040 4735 3218 4806 quoml
3266 4736 3382 4806 ejus
3439 4736 3556 4790 fieri

1969 4841 2172 4915 poterit
2227 4837 2636 4905 exploraturum
2698 4833 2987 4887 thesauros
3046 4830 3266 4901 regios,
3329 4846 3558 4904 quaeque

1971 4935 2099 4991 alibi
2166 4929 2442 4989 recondita
2499 4938 2689 4984 essent
2726 4945 2740 4981 :
2774 4941 2894 4995 qua:
2951 4931 3100 4980 certe
3155 4924 3326 4994 ipsius
3381 4924 3557 4978 oratio

1967 5024 2208 5101 jucunda
2244 5038 2432 5094 parmn
2462 5021 2563 5075 fuit
2589 5017 2874 5074 exercitui.
2920 5015 3102 5084 Quare
3134 5030 3257 5070 cum
3286 5015 3557 5085 Eurydice

1968 5136 2182 5199 quoque
2229 5114 2643 5174 criminationes
2694 5111 2958 5165 adversus
3009 5108 3354 5180 Antipatrum
3406 5106 3557 5163 fove.

1521 5238 1759 5298 VARUE
1806 5239 2215 5303 LECTIONES.

372 5322 393 5352 ‘
422 5322 485 5374 τὸ
509 5325 635 5382 add.
680 5328 746 5383 A.

858 5330 980 5410 ’,τὲ
1010 5332 1215 5410 ’Ξῖλῆθος
1268 5354 1328 5410 ς)
1377 5338 1596 5410 frob:
1625 5342 1751 5405 τοὺς
1780 5344 2154 5403 -ἐθὲλοντας
2211 5338 2257 5393 Α
2288 5354 2327 5410 ε

2394 5335 2507 5399 τοῖς
2546 5363 2617 5373 -
2647 5329 2912 5401 θελήσασι
2980 5346 3041 5393 ς.
3108 5325 3261 5401 ξ’λτὰ
3297 5321 3436 5401 ἄλλα
3465 5341 3551 5401 ,ς’.

286 5390 475 5479 iga}
504 5412 519 5447 :
548 5398 719 5479 αἴτιον
754 5417 815 5464 ς’.
851 5400 913 5479 μ’
933 5390 1146 5479 Πείθων
1172 5390 1354 5479 ιῖιςξᾹ.
1376 5390 1749 5465 Baebiani}?
1769 5430 1784 5467 :
2283 5390 2328 5440 “3
2355 5390 2611 5479 Ἀλκξτέα
2642 5420 2701 5479 ς.
2730 5390 2825 5479 ,Ἦ
2848 5390 3135 5472 Κρατεροῦ
3154 5398 3432 5468 ἀναιρέσει
3453 5394 3495 5447 A
3525 5414 3538 5449 :

284 5465 372 5515 τοῦ
398 5465 685 5539 Κρατεροῦ
710 5487 771 5534 ς.
849 5471 894 5503 ¹²
928 5465 1412 5546 ἐκπολεμηθέντων
1438 5497 1499 5543 ς.
1580 5481 1622 5514 ⁸³
1644 5465 2132 5548 κατάλίάεδᾴἐὸξλ.
2152 5465 2173 5475 ’
2210 5479 2257 5513 ¹⁶
2285 5476 2564 5551 στρατείᾳ.
2642 5465 2687 5507 ίδ
2723 5465 2801 5528 ὧν
2828 5489 2891 5535 ς.

1777 5572 2013 5632 NOTAE.

500 5648 782 5735 Art-ideo,
798 5662 853 5709 et
882 5655 1192 5735 Alexandro
1224 5673 1416 5735 puero,
1439 5662 1707 5735 Roxanes
1739 5666 1799 5721 F.

355 5719 696 5803 (50)_Justin.
729 5723 824 5781 lib.
857 5743 953 5803 x_m
988 5746 1004 5783 :
1038 5748 1059 5803 ς
1097 5719 1373 5787 Perdicca:
1401 5719 1520 5801 plus
1553 5719 1739 5791 odium
1767 5719 1858 5792 ar-

294 5798 576 5875 r0gantire,
624 5799 1003 5875 quatn__vires_
1038 5798 1279 5875 hostium
1337 5798 1639 5871 nocebant,
1695 5822 1857 5875 quam

297 5868 437 5919 exosi
478 5868 641 5920 etiam
686 5868 822 5924 socii
868 5870 937 5925 ad
979 5871 1325 5944 Antipatrum
1362 5868 1634 5944 gregatim
1675 5868 1859 5942 protu-

1968 5665 2422 5806 ξιῖἓῖῗιλέτίιίωί
2460 5730 2681 5806 εοηίυιι,
2730 5730 2894 5806 prius
2928 5728 3075 5806 Adeo
3103 5725 3268 5789 dicta,
3303 5722 3552 5806 Qyuanes

1973 5792 2107 5869 fili‘a,
2134 5792 2284 5873 (sup.
2332 5804 2464 5870 Quae
2509 5792 2610 5873 viri
2661 5792 2971 5873 valetudine
3017 5801 3265 5865 abutens,
3298 5792 3415 5867 ejus
3445 5792 3561 5853 sibi.

1971 5875 2149 5933 cilicia
2179 5870 2507 5931 vindicabat.
2538 5872 2738 5929 Justiti.
2777 5870 2873 5927 lib.
2909 5885 3019 5926 xiv.
