4058 6416
523 309 622 377 311

1689 320 1953 382 ΡΗΟΤΙΙ
1980 320 2486 387 ΡΑΤΒΙΑΒΟΗᾹΞ
2515 327 2621 389 CP.

3709 325 3812 391 312

529 442 635 499 ret,
668 432 825 505 plebe
874 432 1216 505 indignante,
1254 431 1454 491 seditio
1500 434 1763 492 cooritur.
1810 437 1929 505 Quo
1978 447 2115 495 tem-

2225 442 2436 511 ματέως
2460 441 2934 514 Ἀσκληπιοδώρου
2984 441 3478 513 ύπηρετησαμένου
3511 440 3591 515 τῷ
3624 405 3806 514 λόγῳέ

530 542 664 594 pore
718 537 773 583 et
826 528 942 599 ipsa
998 527 1053 583 in
1111 543 1236 584 eum
1285 530 1665 597 concinnatur,
1736 533 2119 603 Asclepiodoro

529 620 709 676 scriba
763 636 1076 678 sermonem
1128 621 1247 693 eius
1299 623 1597 693 referente,
1648 635 1703 682 et
1749 639 1950 697 praeter
1995 644 2118 684 eam

530 712 662 768 item
692 711 930 770 Attalus.
962 714 1131 772 Plane
1167 725 1227 771 ut
1268 717 1361 773 vix
1410 719 1543 775 caedi
1584 728 1805 788 ereptus
1833 720 2120 790 Antipater

531 805 640 869 sit,
698 807 1059 876 patrocinatis
1107 809 1247 879 apud
1307 811 1643 869 inconditam
1702 813 1912 882 plebem
1965 813 2121 867 Anti-

532 911 676 966 gono
702 909 759 952 et
796 896 1048 968 Seleuco,
1093 915 1326 972 quorum
1376 904 1788 960 advocationem
1831 904 2121 975 Antipater

535 989 894 1059 postularat:
933 993 1025 1063 qui
1072 1002 1128 1049 et
1174 993 1274 1064 ipsi
1321 1004 1604 1065 pr0pterea
1659 1011 1767 1051 non
1816 1011 2004 1068 parum
2051 997 2119 1050 de

532 1083 643 1137 vita
679 1084 972 1154 periclitati
1015 1096 1163 1143 sunt.
1209 1088 1369 1143 Morti
1413 1104 1545 1159 ergo
1582 1098 1802 1160 ereptus
1835 1090 2121 1162 Antipater

532 1172 601 1228 ad
653 1189 810 1231 suum
867 1192 927 1233 se
981 1178 1190 1249 recepit
1238 1181 1561 1247 exercitum,
1598 1190 1655 1237 et
1703 1182 1946 1251 equitnm
1981 1196 2118 1250 pra:-

538 1263 667 1322 fecti
723 1268 847 1324 dein
899 1271 1112 1327 evocati
1171 1281 1586 1340 convenerunt,
1642 1274 1843 1344 vixque
1901 1274 2117 1329 tandem

532 1358 792 1416 seditioni
830 1361 939 1418 fine
978 1363 1127 1430 dato,
1155 1364 1504 1434 Antipatrum
1555 1381 1797 1431 rursum,
1829 1376 1887 1422 ut
1932 1377 2115 1434 antea,

533 1466 763 1508 summa!
798 1469 1033 1523 praeesse
1064 1455 1140 1510 rei
1166 1454 1383 1523 jubent.

603 1541 678 1598 lbi
721 1552 776 1599 et
818 1545 887 1600 ab
928 1546 1045 1616 ipso
1078 1546 1220 1602 Asia?
1268 1548 1411 1604 facta
1452 1550 1648 1606 divisio
1693 1561 1800 1617 est,
1833 1565 1938 1621 qua
1974 1552 2119 1623 prio-

534 1646 649 1688 rem
686 1634 833 1689 illam
874 1637 1072 1706 partim
1124 1648 1297 1694 ratam
1350 1640 1561 1708 habuit,
1592 1643 1815 1712 partim,
1853 1643 1943 1698 ubi
1982 1653 2118 1697 tem-

533 1739 727 1792 porum
780 1729 1083 1785 necessitas
1133 1730 1401 1802 exigeret,
1435 1733 1737 1789 innovavit.
1770 1734 1903 1789 Nam
1950 1734 2118 1807 Egy-

2227 531 2322 585 καὶ
2349 531 2611 595 Ἄτταλος
2647 531 2725 586 δέ.
2776 531 2890 586 Καὶ
2919 529 3107 603 ῥύεται
3155 530 3309 601 μόλις
3330 529 3687 601 Ἀντίπατρος
3715 529 3811 599 τῆς

2225 625 2480 695 σφαγῆς,
2522 625 2829 695 Ἀντιγόνου
2874 624 2970 681 καὶ
3017 624 3281 680 Σελεύκου
3338 626 3405 695 τῇ
3462 622 3807 693 παρακλήσει

2238 717 2596 789 Ἀντιπάτρου
2629 718 3253 789 ἀντιδημηγορησάντων
3295 718 3357 771 ὲν
3390 715 3470 787 τῷ
3502 714 3729 786 πλήθει·
3761 714 3809 768 οἳ

2224 809 2324 863 καὶ
2371 809 2529 863 αὐτοὶ
2580 809 2669 864 διὰ
2715 809 2875 863 τοῦτο
2929 810 3098 879 ἐγγὺς
3140 808 3393 878 ὲγένοντο
3415 807 3511 861 τοῦ
3542 806 3810 861 κινδύνου.

2239 902 2483 968 Ῥυσθεὶς
2509 903 2567 958 δὲ
2591 903 2951 976 Ἀντίπατρος
2976 903 3071 958 τοῦ
3100 903 3333 958 θανάτου
3366 902 3504 972 πρὸς
3530 901 3593 954 τὺ
3611 900 3816 953 οἰκεῖον

2226 995 2553 1068 ὑπεχώρησε
2595 996 2979 1069 στρατόπεδον.
3017 996 3127 1051 Καὶ
3168 996 3219 1048 oi
3263 996 3528 1065 ἵππαρχοι
3562 991 3815 1047 Ἀντιπά-

2224 1108 2356 1161 τρου
2387 1089 2681 1154 καλοῦντος
2708 1089 2847 1162 πρὸς
2867 1090 3030 1143 αὐτὸν
3054 1084 3213 1162 ἧκον,
3246 1088 3343 1144 καί¹
3373 1086 3525 1159 μόλις
3557 1086 3659 1151 τῆς
3688 1084 3817 1138 στά-

2228 1200 2369 1246 σεως
2407 1183 2765 1253 πεπαυμένης
2817 1181 2947 1254 [224
2980 1179 3072 1254 8.]
3103 1182 3466 1253 Ἀντίπατρον
3523 1176 3707 1244 πάλιν,
3739 1176 3816 1241 ὡς

2226 1275 2323 1330 καὶ⁵
2353 1274 2610 1347 πρόσθεν,
2632 1276 2824 1347 ἄρχειν
2847 1274 3072 1329 εἴλοντο.

2296 1545 2409 1601 Καὶ
2436 1546 2674 1600 ποιεῖται
2697 1543 2931 1616 νέμησιν
2955 1543 3051 1599 καὶ
3077 1541 3243 1607 αὐτὸς
3262 1542 3363 1613 τῆς
3386 1540 3595 1606 Ἀσίας,
3621 1540 3693 1595 τὰ
3717 1541 3818 1612 μὲν

2223 1640 2325 1708 τῆς
2360 1634 2636 1707 προτέρας
2663 1633 2948 1704 νεμήσεως
2979 1630 3260 1701 ὲπικυρῶν
3282 1672 3298 1697 ,
3326 1632 3396 1683 τὰ
3418 1628 3476 1683 δὲ
3500 1627 3592 1682 τοῦ
3621 1626 3817 1699 καιροῦ

2228 1729 2554 1800 βιαζομένου
2604 1726 2966 1798 νεωτερίζων.
2998 1725 3274 1795 Αἴγυπτον
3326 1723 3425 1795 μὲν
3456 1723 3565 1793 γὰρ
3595 1722 3689 1775 καὶ
3722 1721 3821 1774 Λι-

534 1827 685 1886 ptum
713 1820 930 1889 quidem
961 1832 1017 1878 et
1050 1822 1299 1895 Libyam,
1325 1836 1649 1898 vastamque
1680 1830 1819 1882 ultra
1851 1828 2117 1893 Africam,

2225 1821 2360 1892 δύην
2392 1820 2486 1875 καὶ
2526 1820 2625 1893 τὴν
2672 1818 2933 1872 ἐπέκεινα
2964 1816 3173 1887 ταύτης
3200 1816 3299 1885 τὴν
3328 1814 3550 1885 πολλὴν,
3579 1814 3676 1867 καὶ
3701 1813 3819 1866 δτι-

531 1920 586 1962 et
619 1910 882 1981 quidquid
925 1923 1190 1983 praeterea
1228 1918 1372 1973 bello
1410 1929 1625 1988 partum
1667 1921 1735 1974 ad
1781 1922 2117 1976 occidentem

531 2002 701 2057 solem
736 2003 907 2073 jacet,
937 2006 1213 2064 Ptolemaxi
1242 2022 1368 2065 esse
1397 2012 1733 2081 pronuntiat.
1767 2012 2118 2069 Laomedonti

532 2110 663 2150 vero
702 2096 1009 2170 Mitylentro
1059 2100 1275 2171 Syriam
1323 2104 1584 2171 assignat.
1634 2102 1964 2161 Philoxenus
2005 2105 2119 2176 (52)

531 2182 813 2250 Ciliciam,
870 2202 1032 2256 quam
1083 2197 1244 2245 antea
1293 2193 1628 2260 provinciam
1684 2194 1910 2248 sortitus
1962 2204 2117 2260 erat,

538 2277 787 2333 retinuit.
834 2279 955 2335 Jam
1003 2281 1145 2336 inter
1186 2284 1499 2353 superiores
1530 2287 1833 2355 :satrapias.
1880 2286 2121 2356 Mempo-

535 2370 760 2425 tamiam
833 2383 886 2427 et
958 2374 1215 2430 Arbelum
1287 2376 1686 2445 Amphimacho
1748 2381 1894 2450 regis
1960 2379 2117 2435 fratri

532 2461 782 2517 attribuit
832 2481 847 2518 :
896 2463 1157 2520 Seleucus
1220 2481 1350 2521 vero
1420 2467 1731 2539 Babylonia:
1799 2472 2115 2540 praeficitur.

530 2553 811 2623 Antigeui,
842 2552 934 2621 qni
969 2553 1179 2624 primus
1217 2554 1530 2611 Perdiccam
1572 2558 1870 2622 invaserat,
1907 2572 1961 2615 et
2003 2560 2117 2614 Ma-

531 2644 799 2699 cedonum
846 2644 1336 2712 Argyraspidarum
1387 2646 1502 2719 (55)
1558 2648 1747 2703 ductor
1799 2661 1938 2713 erat,
1983 2666 2119 2719 prte-

532 2738 742 2793 fectura
774 2736 942 2791 totius
991 2735 1236 2793 Susianae
1282 2740 1428 2795 data.
1466 2740 1519 2794 In
1557 2739 1785 2798 Perside
1818 2742 2112 2800 Peucestes

533 2829 909 2884 confirmatur.
982 2828 1290 2888 Carmania:
1346 2832 1693 2903 Tlepolemus
1762 2839 2115 2907 prmponitur,

532 2929 594 2974 ut
617 2919 808 2975 Mediae
836 2937 1007 2991 usque
1038 2923 1104 2976 ad
1133 2923 1361 2994 Caspias
1388 2934 1571 2993 portas
1593 2925 1809 2982 Pithon.
1836 2927 2117 2999 Philippus

532 3011 753 3068 Parthis
787 3030 802 3068 :
839 3014 984 3069 Ariis
1027 3029 1156 3069 vero
1190 3024 1245 3070 ct
1278 3016 1690 3086 Drangenorum
1731 3022 1960 3090 regioni,
1994 3022 2119 3077 Sta-

2222 1929 2331 1983 περ
2358 1912 2426 1966 ἂν
2459 1910 2597 1982 πρὸς
2629 1910 2839 1972 τούτοις
2869 1908 3106 1979 δὸριον¹⁶
3135 1906 3501 1976 ὲπικτήσηται
3532 1907 3670 1976 πρὸς
3698 1902 3822 1956 δυοο

2226 2005 2389 2076 μένου
2442 2002 2595 2075 ἡλίου
2621 2042 2637 2067 ,
2684 1999 3024 2071 Πτολεμαίου
3072 1993 3250 2063 εἶναι,
3286 1996 3618 2067 Λαομέδοντι
3654 1995 3709 2049 δὲ
3740 1994 3823 2066 τῷ

2221 2093 2574 2165 Μιτυληναίῳ
2606 2090 2808 2164 Συρίαν
2841 2088 3258 2161 ἐπιτετράφθαι.
3294 2086 3573 2152 Φιλόξενον
3617 2086 3674 2140 δὲ
3724 2086 3823 2138 ἐπὶ

2222 2187 2479 2251 Κιλικίας
2506 2185 2716 2251 ἔταξεν,
2762 2185 2829 2256 ήν
2878 2182 2970 2236 καὶ
3001 2183 3218 2252 πρῶτον
3272 2176 3442 2251 εἶχεν.
3468 2178 3592 2232 Τῶν
3621 2177 3677 2232 δὲ
3706 2178 3823 2233 ἅνω

2223 2277 2576 2351 σατραπειῶν
2600 2278 2642 2308 ⁸⁷
2670 2276 2769 2347 τὴν
2801 2275 2899 2347 μὲν
2932 2274 3106 2345 μέσην
3139 2272 3247 2326 τῶν
3291 2270 3557 2339 ποταμῶν
3590 2269 3693 2340 γῆν
3721 2269 3823 2321 καὶ

2219 2370 2321 2442 τὴν
2346 2370 2665 2442 Ἀρϐηλῖτιν
2691 2368 3027 2439 Ἀμφιμάχῳ
3054 2364 3134 2435 τῷ
3173 2362 3268 2417 τοῦ
3298 2362 3567 2433 βασιλέως
3599 2358 3822 2430 ἀδελφῷ

2221 2464 2429 2533 ἔνειμε,
2457 2461 2704 2531 Σελεύκῳ
2733 2460 2786 2514 δὲ
2812 2459 2909 2533 τὴν
2936 2457 3286 2512 Βαϐυλωνίαν
3313 2453 3675 2526 προσέθηκεν.
3692 2452 3819 2504 Ἀν-

2221 2558 2428 2626 τιγένει
2455 2556 2513 2610 δὲ
2539 2555 2617 2627 τῷ
2659 2555 2862 2627 πρώτῳ
2899 2554 3000 2624 μὲν
3028 2551 3337 2622 ὲπιθεμένῳ
3369 2547 3672 2619 Περδίκκᾳ,
3704 2544 3821 2598 τῶν

2219 2654 2276 2706 δὲ
2310 2652 2733 2730 ἀργυρασπίδων
2759 2650 3088 2705 Μακεδόνων
3119 2647 3430 2720 ἡγουμένῳ,
3460 2645 3557 2715 τῆς
3592 2644 3822 2696 Σουσια-

2220 2745 2319 2814 νῆς
2344 2744 2638 2816 συμπάσης
2659 2744 2875 2813 ἄρχεινο
2898 2742 3183 2812 Πευκέστᾳ
3203 2740 3260 2793 δὲ
3282 2737 3534 2793 ἐϐεϐαίου
3555 2736 3654 2805 τὴν
3676 2735 3751 2787 Πε
3764 2750 3823 2804 ρο

2223 2839 2376 2892 σίδα·
2408 2837 2738 2907 Καρμανίαν
2764 2836 2822 2889 δὲ
2857 2834 3197 2905 Τληπολέμῳ
3221 2831 3432 2902 ἔνειμε,
3469 2829 3564 2883 καὶ
3602 2827 3823 2897 Μηδίαν

2222 2933 2421 2986 Πίθωνι
2453 2930 2563 2983 ἔστ’
2593 2930 2685 2982 ἐπὶ
2726 2926 2904 2991 πύλας
2935 2926 3035 2989 τὰς
3072 2924 3354 2986 Κασπίους
3374 2919 3441 2986 ’⁸,
3475 2920 3730 2991 Φιλίππῳ
3763 2918 3823 2973 δὲ

2220 3025 2321 3093 τὴν
2349 3022 2675 3094 Παρθυαίων
2702 3021 2809 3091 γῆν
2831 3036 2845 3051 ·
2888 3020 2944 3072 ’Δ
2956 3017 3113 3091 ρείων
3142 3016 3198 3069 δὲ
3230 3016 3324 3069 καὶ
3353 3014 3453 3084 τῆς
3480 3009 3823 3085 Δραγγηνῶν

532 3105 733 3160 sander
791 3104 1079 3175 praefectus
1143 3110 1307 3162 venit.
1362 3108 1667 3165 Bactriana:
1723 3121 1777 3167 et
1832 3115 2117 3184 Sogdianae

2225 3120 2403 3190 χώρας
2430 3115 2771 3185 Στάσανδρον
2792 3112 3027 3184 καθίστη
3048 3111 3317 3181 ἡγεμόνα,
3341 3108 3441 3178 τῆς
3459 3107 3516 3161 δὲ
3542 3106 3822 3211 Βακτριαο

532 3193 819 3251 Stasamor
866 3195 1152 3261 Soliensis,
1206 3197 1604 3254 Arachotarum
1665 3217 1795 3259 vero
1843 3205 2116 3277 Sihyrtius

2225 3214 2317 3283 νῆς
2350 3211 2445 3265 κοιλ¹
2478 3208 2768 3279 Σογδιανῆς
2799 3205 3116 3276 Στασάνορα
3144 3204 3235 3256 τὸν
3265 3202 3470 3267 Σόλιον,
3489 3197 3822 3271 Ἀραχώτων

531 3288 736 3345 evenit.
796 3287 1081 3361 Oxyartze,
1136 3289 1392 3347 Roxanes
1448 3295 1625 3362 patri,
1680 3294 2117 3367 Parapamisadaz

532 3381 732 3436 dantur
765 3395 781 3435 :
812 3380 1066 3437 Indorum
1099 3394 1280 3438 autem
1315 3400 1379 3440 ea
1420 3401 1539 3454 ora,
1572 3402 1693 3457 quae
1731 3387 2116 3457 Parapamisa-

531 3472 618 3528 dis
648 3472 881 3543 adjacct,
911 3474 1125 3530 Pithoni
1160 3478 1427 3548 Agenoris
1467 3478 1529 3533 F.
1565 3481 1792 3536 tributa.
1826 3481 1903 3537 De
1940 3485 2120 3552 proxi-

530 3566 638 3619 mis
665 3565 862 3621 deinde
895 3568 1149 3636 satrapiis
1188 3584 1252 3623 ea
1294 3586 1416 3640 qua:
1446 3573 1511 3626 ad
1543 3569 1732 3627 Indum
1770 3573 1969 3631 ﬂutnen
2010 3587 2115 3643 est,

531 3666 588 3711 et
613 3653 800 3711 Patala
832 3658 982 3721 urbs,
1035 3672 1156 3728 quae
1184 3660 1239 3715 in
1270 3660 1360 3716 illa
1390 3662 1537 3718 India
1568 3676 1655 3720 est
1686 3667 1943 3729 maxima,
1976 3670 2119 3740 72a

534 3748 705 3802 Porro
751 3749 865 3819 regi
918 3752 1084 3804 cessit
1123 3769 1136 3805 :
1178 3762 1235 3807 at
1277 3769 1400 3823 qua:
1451 3758 1518 3809 ad
1574 3756 1861 3830 Hydaspen
1918 3762 2115 3818 ﬂuuium

529 3840 793 3911 pertinet,
823 3838 1023 3899 Taxilae
1051 3843 1178 3901 item
1207 3844 1363 3913 ludo,
1402 3850 1743 3917 attribuitur,
1769 3856 1986 3923 quando
2012 3871 2116 3909 non

530 3928 693 3985 facile
729 3941 875 3987 esset
913 3934 1059 4005 ipsos
1091 3935 1390 4004 dimovere,
1426 3940 1518 4008 qui
1556 3941 1625 3995 ab
1660 3942 1974 4000 Alexandro
2003 3946 2120 4017 ipso

530 4019 589 4076 in
646 4019 877 4091 imperio
945 4024 1267 4091 constituti,
1322 4044 1573 4100 magnam
1627 4034 1761 4088 satis
1818 4038 2116 4104 potentiam

530 4110 679 4179 nacti
715 4124 919 4171 essent.
953 4115 1156 4173 Adhaac
1185 4116 1275 4188 qui
1305 4135 1335 4172 a
1365 4120 1547 4175 Tauro
1576 4134 1759 4178 monte
1789 4124 1856 4178 ad
1887 4125 2116 4183 Boream

526 4207 850 4279 vergebant,
882 4207 1236 4280 Cappadocas
1263 4209 1518 4268 Nicanori
1557 4216 1839 4271 attribuit:
1868 4220 2117 4291 Magnam

530 4309 664 4349 vero
712 4293 1029 4367 Phrygiam,
1079 4296 1436 4369 Lycaoniam,
1487 4302 1885 4375 Pamphyliam,
1919 4320 1974 4362 et
2014 4308 2119 4382 Ly-

531 4386 697 4454 ciam,
727 4396 789 4443 ut
839 4398 1022 4455 antea,
1058 4391 1361 4463 Antigonus
1401 4394 1645 4449 retinuit.
1687 4396 1903 4453 Cariam
1937 4402 2115 4457 Asan-

2218 3305 2275 3358 δὲ
2331 3300 2648 3373 Σιϐύρτιονο
2698 3298 2792 3350 καὶ
2843 3290 3377 3367 Παραπαμισάδας¹⁹
3419 3289 3689 3361 Ὀξυάρτῃ
3741 3288 3825 3359 τῷ

2236 3394 2509 3465 Ῥωξάνης
2554 3390 2744 3462 πατρὶ,
2771 3389 2871 3459 τῆς
2901 3388 2959 3442 δὲ
2997 3387 3172 3441 Ἰνδῶν
3221 3386 3324 3455 γῆς
3374 3384 3443 3439 τὰ
3487 3383 3585 3454 μὲν
3614 3382 3822 3454 σύνορα

2220 3486 2725 3559 Παραπαμισάδαις
2754 3482 2958 3537 Πίθωνι
2983 3479 3061 3550 τῷ
3096 3479 3391 3549 Ἀγήνορος
3410 3518 3423 3541 ,
3468 3476 3568 3539 τὰς
3602 3475 3659 3528 δὲ
3690 3478 3819 3546 ὲχοο

2222 3584 2389 3655 μένας
2426 3578 2788 3650 σατραπείας,
2824 3581 2923 3646 τὴν
2958 3574 3057 3646 μὲν
3092 3572 3243 3642 παρὰ
3262 3573 3307 3602 ²⁰
3333 3571 3426 3624 τὸν
3468 3570 3688 3623 Ἰνδὸν⁹¹
3719 3585 3825 3621 πο-

2218 3672 2391 3743 ταμὸν
2424 3670 2517 3724 καὶ
2547 3668 2769 3722 Πάταλα
2800 3665 2910 3719 τῶν
2954 3663 3140 3736 ἐκείνῃ
3155 3665 3199 3694 ¹²
3230 3660 3415 3715 Ἰνδῶν
3459 3659 3668 3713 πόλεων
3717 3658 3827 3728 τὴν

2223 3764 2487 3836 μεγίστην
2508 3760 2683 3829 Πώρῳ
2698 3758 2776 3829 τῷ
2801 3756 3011 3829 βασιλεῖ
3036 3752 3356 3825 ὲπεχώρησε
3375 3752 3441 3819 ³³,
3465 3752 3564 3823 τὴν
3584 3751 3641 3804 δὲ
3664 3751 3829 3821 παρὰ

2220 3855 2309 3909 τὸν
2342 3854 2621 3921 Ὑδάσπην
2654 3848 2898 3919 ποταμὸν
2919 3846 3146 3919 Ταξίλῃ.
3178 3846 3272 3899 καὶ
3299 3844 3474 3915 τούτῳ
3498 3842 3667 3913 Ἰνδῷ,
3692 3843 3830 3895 ἐπεὶ

2223 3944 2358 4016 μηδὲ
2405 3942 2586 4015 ῥᾴδιον
2622 3940 2982 4011 μετακινῆσαι
3024 3938 3223 3997 αὐτοὺς
3266 3934 3325 3999 ἐξ
3347 3933 3699 4003 Ἀλεξάνδρου
3761 3949 3826 3984 τε

2220 4034 2733 4107 ὲπιτετραμμένους
2790 4032 2891 4103 τὴν
2941 4030 3118 4101 ἀρχὴν
3176 4030 3271 4081 καὶ
3333 4026 3565 4095 δύναμιν
3624 4022 3827 4095 ἱκανὴν

2220 4134 2463 4204 ἔχοντας.
2495 4129 2617 4183 Τῶν
2660 4126 2719 4180 δὲ
2761 4124 2867 4178 ἀπὸ
2897 4123 2991 4177 τοῦ
3024 4121 3241 4191 Ταύρου
3274 4120 3434 4191 ὅρους
3462 4119 3536 4181 ὡς
3581 4118 3674 4171 ἐπὶ
3721 4116 3827 4189 τὴν

2220 4227 2421 4294 ἄρκτον
2453 4221 2729 4295 φερόντων
2759 4216 3133 4278 Καππαδόκας
3165 4214 3263 4285 μὲν
3294 4213 3561 4282 Νικάνορι
3590 4210 3829 4283 ἐπέτρεο

2220 4317 2341 4388 ψεν,
2373 4317 2466 4368 ἐπὶ
2492 4315 2551 4367 δὲ
2583 4310 2825 4383 Φρυγίας
2857 4307 2959 4379 τῆς
2990 4306 3233 4377 μεγάλης
3263 4305 3354 4359 καὶ
3379 4305 3472 4357 ἐπὶ
3493 4301 3740 4357 Λυκάοσί
3762 4320 3825 4355 τε

2228 4415 2321 4468 καὶ
2352 4405 2730 4481 Παμφύλοις²⁶
2775 4403 2871 4459 καὶ
2912 4401 3155 4464 Λυκίοις,
3182 4398 3257 4464 ὡς
3288 4400 3384 4452 καὶ
3418 4397 3676 4468 πρόσθεν,
3694 4396 3829 4451 Ἀν-

530 4480 631 4535 der
668 4480 782 4551 (54)
814 4484 1043 4553 accepit.
1089 4482 1261 4556 Lydia
1298 4484 1441 4542 Clito
1475 4487 1625 4555 data,
1658 4499 1716 4545 ut
1747 4492 1989 4551 Arridwo
2031 4513 2115 4566 ea,

2225 4480 2467 4575 τίγονονέ
2500 4500 2717 4570 Καρίαν
2741 4496 2869 4550 δὲἊ
2881 4493 3091 4565 σάνδρῳ
3116 4492 3319 4561 ἔνειμε,
3335 4490 3504 4544 Λυδία
3521 4490 3576 4543 δὲ
3600 4488 3828 4559 Κλείτῳ

529 4587 651 4642 quae
674 4574 742 4630 ad
770 4573 1177 4647 Hellespontum
1200 4577 1370 4646 jacet,
1400 4578 1657 4653 Phrygia.
1686 4581 1939 4643 Pecuniae
1962 4590 2117 4647 Susis

528 4665 852 4737 colligenda:
889 4670 1185 4739 Antigenes
1220 4673 1546 4742 prodicitur;
1588 4676 1675 4731 cui
1709 4688 1763 4734 ct
1795 4695 1826 4736 e
1860 4681 2111 4739 Macedo-

528 4760 715 4828 nibus,
743 4763 835 4833 qui
867 4764 1104 4819 maxime
1143 4767 1449 4823 tumultuati
1490 4769 1731 4841 fuerant,
1763 4778 1829 4829 ad
1867 4776 1967 4832 tria
2001 4778 2117 4834 mil~

528 4853 601 4910 lia
661 4856 866 4912 traditi.
914 4858 1176 4929 Corporis
1226 4872 1484 4930 praeterea
1544 4868 1674 4937 regii
1730 4872 1984 4927 custodes
2043 4889 2107 4929 ac

2224 4597 2404 4667 ἐδόθη.
2439 4596 2534 4649 καὶ
2562 4588 2858 4661 Ἀρριδαίῳ
2886 4586 3099 4657 Φρυγία
3127 4586 3160 4656 ἡ
3187 4583 3324 4655 πρὸς
3342 4581 3729 4653 Ἑλλησπόντῳ
3750 4583 3822 4636 ³⁵,

2224 4691 2305 4761 Τῇ
2329 4689 2385 4742 δὲ
2409 4683 2748 4755 κατακομιδῇ
2778 4680 2967 4748 τῶνζὲν
2993 4677 3216 4740 Σούσοις
3244 4676 3542 4748 χρημάτων
3573 4674 3827 4745 ’Λντιγέ-

2223 4799 2321 4853 νην
2361 4778 2539 4843 ἔταξε,
2569 4775 2664 4830 καὶ
2705 4773 2882 4845 τούτῳ
2910 4773 3017 4825 τῶν
3049 4768 3459 4824 στασιασάντων
3488 4767 3827 4821 Μακεδόνων

2222 4874 2348 4936 τοὺς
2379 4868 2613 4939 μάλιστα
2638 4861 2972 4936 τρισχιλίους
2999 4857 3308 4931 παρέδωκε.
3330 4853 3825 4927 Σωματοφύλακας

1814 4987 2053 5045 VARl/E
2096 4983 2506 5047 LECTIONES.

608 5114 652 5195 ξ’
676 5115 855 5187 δόριον
878 5114 1300 5195 ιὲᾗρρρειον-ς-
1335 5118 1514 5171 malim
1548 5120 1665 5195 οορί
1691 5140 1703 5176 :
1737 5122 1809 5195 cf.
1832 5122 1978 5180 Bast.
2007 5136 2299 5181 comment.
2332 5119 2927 5195 palatograpli._p_._7j_l.
3008 5119 3051 5151 ¹⁷
3075 5112 3423 5195 ξατραπειῶν
3444 5112 3627 5195 A._.’j
3664 5111 3826 5195 Κασς

529 5186 693 5248 πείας
738 5183 842 5258 ξη-
906 5185 949 5217 ¹⁹
980 5183 1179 5258 ξύνορα
1213 5183 1741 5258 Παραπαμεισάδαις
1783 5193 1849 5246 Α.

534 5272 655 5329 ρισε
681 5273 743 5323 ς.
804 5255 853 5287 ³⁸
887 5255 1234 5326 Παμφυλίοις
1273 5255 1334 5323 ς.
1411 5255 1470 5290 ’⁸⁷
1500 5260 1891 5333 Ἑλλήσποντον
1917 5283 1978 5331 ς.

1953 5197 1997 5229 ²⁰
2040 5197 2194 5271 παρὰ
2219 5198 2262 5251 A
2291 5215 2304 5251 :
2343 5195 2473 5267 περὶ
2507 5211 2569 5258 ς.

2672 5182 2929 5246 “nvem
2962 5208 3023 5255 ς.
3087 5182 3308 5239 ’πὲκεῖ
3354 5203 3414 5250 ς.
3520 5184 3566 5215 ’³
3599 5182 3827 5252 ἐπεχώ-

2018 5354 2253 5414 NOTAE.

602 5446 720 5515 (52)
779 5444 1026 5503 Philotas
1075 5463 1194 5504 eam
1250 5448 1466 5517 quidem
1521 5463 1685 5518 supra
1716 5458 2009 5518 acceperat
2058 5451 2114 5503 in

527 5530 613 5585 pr.
646 5519 699 5570 h.
737 5519 857 5588 cod.
887 5519 1096 5588 etapud
1131 5519 1429 5588 Dexippum
1460 5533 1584 5587 sup.
1621 5519 1868 5588 cod.785,
1914 5528 1970 5572 at
1995 5531 2117 5576 orto

531 5588 701 5659 {luces
742 5586 886 5643 inter
927 5586 1177 5659 dissidio,
1210 5586 1439 5643 Phitotae
1480 5592 1730 5659 adempta
1758 5587 2058 5644 Philoxono
2085 5605 2115 5644 a

530 5654 792 5712 Perdicca
818 5662 999 5714 datur.
1028 5656 1312 5714 Justin.ad
1330 5654 1767 5714 extremum'lib.
1786 5674 1887 5713 xu.
1916 5659 2114 5715 Eadem

529 5740 664 5802 ergo
692 5729 997 5802 provincia,
1032 5729 1245 5802 sublato
1271 5727 1557 5797 Perdicca,
1588 5730 1751 5785 etiam
1791 5731 1861 5787 ah
1890 5729 2111 5802 Antipa-

532 5810 617 5854 tro
648 5795 740 5856 hic
772 5798 1072 5858 Philoxeno
1104 5800 1480 5858 confirmatur.

2295 5450 2412 5521 (55)
2452 5448 2535 5523 Ab
2577 5443 2859 5523 argenteis
2911 5443 2987 5500 ita
3036 5444 3241 5523 clypels
3282 5441 3822 5523 appellati__qnidam

2220 5513 2520 5576 Alexandri
2576 5513 2675 5571 Mf
2698 5515 2923 5583 milites,
2970 5525 3027 5570 ut
3063 5513 3232 5571 refert
3273 5513 3522 5570 Justinus
3558 5513 3657 5569 lib.
3710 5528 3820 5578 xu,

2219 5601 2274 5647 et
2307 5591 2606 5644 Athenaeus
2642 5587 2734 5640 lib.
2771 5603 2871 5643 ιιι.

2291 5661 2405 5740 (ξι)
2439 5658 2720 5740 casander
2761 5656 3048 5740 legendum
3097 5656 3330 5739 suadent
3353 5652 3570 5740 Latini,
3602 5651 3819 5740 {ustim

2218 5741 2273 5787 ct
2298 5724 2459 5789 'Cu'rt.
2496 5730 2721 5801 ipseque
2748 5724 2965 5785 Arrian.
2997 5744 3121 5800 sup.
3156 5728 3208 5784 in
3237 5741 3323 5799 pr.
3352 5726 3515 5800 huius
3538 5724 3667 5783 cod.
