4092 6400
244 336 341 402 313

1352 338 1885 401 BIBLIOTHECA.
1920 366 1991 374 —
2027 339 2195 401 COD.
2219 340 2405 403 XCII.

3400 345 3506 410 314

243 451 293 504 δὲ
316 446 405 501 τοῦ
429 444 693 517 βασιλέως
720 445 1024 502 Αὐτόλυκόν
1053 466 1112 502 τε
1143 449 1235 505 τὸν
1259 450 1656 520 Ἀγαθοκλέους
1691 454 1819 527 [128

1926 457 2219 526 stipatores
2271 455 2571 510 nominavit
2618 455 2968 526 Autolycum,
3009 454 3323 527 Agathociis
3363 456 3424 510 F.
3455 469 3512 514 et

242 538 327 613 [1.]
355 539 509 593 παῖδα
537 540 632 592 καὶ
653 539 928 611 Ἀμύνταν
963 540 1055 596 τὸν
1078 541 1432 616 Ἀλεξάνδρου
1465 548 1651 613 παῖδα,
1676 548 1815 600 Πευ-

242 634 418 689 κέστου
452 630 506 685 δέ
530 630 758 702 ἀδελφὸν
774 632 842 698 ⁸⁸,
871 632 965 686 καὶ
994 634 1332 706 Πτολεμαῖον
1361 639 1455 692 τὸν
1474 638 1814 711 Πτολεμαίου

244 725 325 779 καὶ
353 723 696 795 Ἀλέξανδρον
728 725 821 779 τὸν
857 726 1367 800 Πολυσπέρχοντος,
1397 731 1717 805 Κάσανδρον
1757 734 1816 789 δὲ

242 814 323 869 τὸν
348 815 536 870 ἑαυτοῦ
558 817 723 871 παῖδα
749 819 1040 891 χιλιάρχην
1061 820 1161 891 τῆς
1192 822 1382 887 ἵππου,
1403 824 1504 896 τῆς
1531 825 1817 897 δυνάμεως

243 905 292 960 δὲ
320 905 414 975 τῆς
444 905 679 977 πρόσθεν
710 908 815 962 ὑπὸ
842 910 1119 983 Περδίκκᾳ
1144 913 1484 985 τεταγμένης
1507 915 1816 985 Ἀντίγονον

246 998 467 1066 ἡγεμόνα
497 999 766 1070 ἀπέφηνε,
795 1004 888 1057 καὶ
916 1004 1089 1074 τούτῳ
1120 1004 1247 1069 τοὺς
1276 1005 1531 1076 βασιλέας
1559 1011 1817 1079 φρουρεῖν

244 1105 295 1141 τε
323 1090 410 1143 καὶ
439 1089 762 1160 θεραπεύειν
788 1095 1132 1165 προστάξας,
1162 1096 1255 1150 τὸν
1287 1098 1523 1169 πόλεμον
1562 1098 1678 1171 ἅμα
1724 1100 1817 1155 τὸν

247 1181 370 1253 πρὸς
388 1183 602 1254 Εὐμένη
630 1184 1038 1257 διαπολεμῆσαι
1068 1188 1217 1261 αὐτῷ
1239 1190 1556 1264 αἱρουμένῳ
1586 1194 1818 1265 ἐπέτρε-

247 1292 355 1328 πεν.
371 1276 723 1348 Ἀντίπατρος
755 1280 809 1334 δέ
836 1281 996 1346 αὐτὸς
1026 1282 1199 1337 πολλά
1225 1283 1352 1355 ξύπὸ
1397 1285 1618 1341 πάντων
1652 1286 1819 1342 ἕνεκα

248 1367 449 1421 πάντων
474 1370 868 1442 ἐπαινούμενος
903 1374 990 1427 ἐπ’
1010 1377 1162 1430 οῖκου
1188 1376 1476 1449 ἀνεχώρει.
1496 1378 1583 1431 Ἐν
1612 1375 1694 1443 οἷς
1722 1380 1819 1435 καὶ

246 1462 272 1512 ὁ
300 1460 341 1511 θ’
366 1459 540 1528 λόγος.

319 1552 373 1607 '0
415 1554 471 1607 δὲ
518 1555 747 1621 δέκατος
792 1557 1151 1630 διαλαμϐάνει
1188 1560 1265 1626 ὡς
1306 1562 1558 1637 Εὐμένης
1588 1565 1659 1619 τὰ
1691 1567 1819 1637 περὶ

248 1649 537 1717 Περδίκκαν
572 1650 780 1720 μαθὼν,
809 1653 891 1707 ὅτι
917 1654 1072 1708 xui"
1101 1654 1361 1726 πολέμιος
1388 1657 1667 1731 ἐψηφίσθη
1695 1660 1817 1714 Μα-

249 1740 464 1803 κεδόσιν,
494 1743 591 1795 ἐπὶ
621 1742 859 1814 πόλεμον
889 1746 1350 1813 παρεσκευάζετο.
1384 1750 1493 1803 Καὶ
1526 1751 1602 1814 ὼς
1625 1750 1817 1805 Ἀλκέ-

249 1849 335 1897 τας
362 1835 391 1886 ὁ
420 1834 724 1904 Περδίκκου
754 1836 983 1906 ἀδελφὸς
1013 1837 1099 1891 διὰ
1127 1838 1301 1893 ταῦτα
1330 1840 1520 1911 ἔφυγε.
1552 1843 1662 1898 Καὶ
1691 1845 1825 1898 ’Ἀτ-

248 1923 392 1986 ταλος
412 1925 440 1977 ὁ
460 1925 563 1996 τῆς
585 1928 728 1980 κατά
746 1928 1107 2000 Ἀντιπάτρου
1130 1931 1372 1997 στάσεως
1398 1933 1615 1997 οὐδενὸς
1639 1935 1824 2007 φέρων

248 2014 307 2066 τὰ
330 2015 577 2088 δεύτερα,
608 2019 704 2072 καὶ
736 2019 896 2083 αὐτὸς
931 2021 1120 2091 φυγὼν
1154 2024 1411 2095 συνέμιξε
1438 2028 1549 2090 τοῖς
1570 2028 1615 2058 ’⁸
1645 2027 1826 2091 ἀλλοις

249 2110 455 2178 φυγάσι.
491 2112 605 2163 Καὶ
653 2112 890 2183 συνήχθη
912 2114 1154 2188 Ἀττάλῳ
1207 2118 1437 2189 στρατδς
1459 2160 1474 2185 ,
1511 2119 1669 2183 πεζοὶ
1726 2119 1826 2189 μὲν

251 2201 438 2272 μύριοι,
472 2203 663 2267 ἱππεῖς
700 2204 758 2257 δέ
792 2204 1125 2263 ὀκτακόσιοι.
1153 2207 1282 2280 [225
1314 2208 1405 2281 3.]
1442 2211 1554 2265 Καὶ
1594 2212 1670 2275 ὡς
1695 2214 1827 2265 Ἀτ-

247 2294 390 2358 ταλος
420 2296 513 2348 καὶ
545 2296 596 2349 οἱ
629 2296 725 2349 σὺν
757 2297 936 2368 αὐτῷ,
975 2298 1259 2353 ἐπιθέσθαι
1290 2301 1470 2372 Κνίδῳ
1503 2303 1597 2356 καὶ
1627 2303 1827 2376 Καύνῳ

249 2383 332 2435 καὶ
346 2382 566 2446 Ῥοδίοις
589 2385 1060 2457 ἐπιχειρήσαντες,
1095 2388 1199 2442 ὑπὸ
1229 2389 1451 2444 Ῥοδίων
1478 2393 1764 2463 καρτερῶς
1780 2397 1825 2426 ¹⁹

248 2473 726 2548 ἀπεκρούσθησαν,,
772 2466 1108 2549 Δημαράτου
1163 2481 1570 2553 ναυαρχοῦντος
1618 2485 1824 2549 αὐτοῖς.

248 2564 599 2636 Διαλαμσάνει
645 2566 703 2619 δὲ
749 2568 844 2621 καὶ
888 2566 966 2632 ὡς
1010 2570 1263 2640 Εὐμένης
1294 2572 1659 2646 Ἀντιπάτρου
1705 2577 1762 2640 ἐς
1781 2577 1827 2609 ³ο

250 2656 454 2726 Σάρδεις
482 2657 659 2721 εόντος
686 2660 745 2723 ἐς
771 2662 963 2732 χεῖρας
982 2661 1161 2717 ἐλθεῖν
1179 2666 1349 2733 ἐγγὺς
1373 2661 1465 2737 ἦν,
1495 2668 1829 2739 Κλεοπάτρα

248 2747 296 2801 δὲ
328 2750 359 2818 ἡ
391 2748 486 2804 τοῦ
508 2750 863 2824 Ἀλεξάνδρου
896 2754 1121 2826 ἀδελφὴ,
1153 2756 1240 2812 ἵνα
1276 2759 1350 2828 μὴ
1380 2760 1439 2822 ἐς
1470 2759 1534 2812 τὸ
1568 2760 1680 2813 τῶν
1706 2762 1828 2814 Μα-

246 2842 463 2898 κεδόνων
514 2844 724 2914 πλῆθος
770 2847 828 2899 ἐν
875 2847 1095 2920 διαϐολῇ
1116 2850 1160 2881 ³³
1205 2850 1433 2921 γένηται
1463 2850 1538 2916 ὡς
1566 2853 1703 2922 αὐτὴ
1732 2855 1826 2907 τὸν

248 2936 467 3004 πόλεμον
498 2938 689 3001 αὐτοῖς
722 2940 1020 3009 ἐπάγουσα.
1056 2945 1316 3013 παραινεῖ
1364 2945 1460 2997 κοιλ⁹
1509 2944 1688 2998 πείθει
1721 2947 1827 2999 Εὐ.

250 3024 369 3095 μένη
395 3028 759 3098 ἀποχωρῆσαι
785 3029 893 3083 τῶν
916 3031 1187 3102 Σάρδεων.
1205 3032 1346 3085 Ἀλλ’
1368 3035 1518 3102 ὅμως
1546 3034 1700 3088 οὐδὲν
1727 3031 1826 3107 ἦτ-

246 3132 326 3170 τον
347 3118 375 3171 ὁ
396 3118 758 3189 Ἀντίπατρος
781 3122 1230 3194 παραγενόμενος
1250 3124 1421 3196 αὐτὴν
1439 3126 1757 3192 ἐπωνείδιζε
1777 3130 1824 3162 ⁸¹

245 3206 333 3276 τῆς
359 3208 416 3271 ἐς
446 3208 671 3279 Εὐμένη
696 3209 793 3263 καὶ
824 3211 1131 3282 Περδίκκαν
1161 3213 1365 3283 φιλίας.
1416 3215 1480 3268 Ἣ
1510 3216 1566 3269 δὲ
1596 3218 1736 3289 πρός
1764 3237 1825 3273 τε

245 3296 400 3351 ταῦτα
455 3301 717 3371 κρεῖσσον
765 3302 798 3373 ἢ
849 3304 993 3356 κατά
1037 3307 1274 3372 γυναῖκα
1322 3306 1642 3376 ἀπελογεῖτο
1664 3349 1681 3375 ,
1730 3310 1828 3365 καὶ

246 3390 401 3444 πολλά
430 3391 574 3446 ἀλλα
603 3393 962 3449 ἀντεπεκάλει
978 3397 1023 3428 ³³
1041 3412 1056 3427 ³
1087 3396 1238 3462 τέλος
1260 3398 1317 3452 δέ
1342 3400 1634 3472 εἰρηνικῶς
1660 3402 1829 3475 ἀλλή-

246 3480 338 3535 λων
364 3484 921 3556 άπηλλάγησαν.”οτι
944 3489 1195 3561 Εὐμένης
1214 3491 1457 3545 ἐπελθὼν
1480 3495 1827 3569 ἀπροσδόκηο

245 3589 327 3638 τος
340 3574 385 3607 ³⁸
415 3579 531 3641 τοῖς
561 3577 662 3649 οὐχ
693 3580 786 3633 ὐπ’
816 3581 966 3652 αὐτῷ
988 3582 1355 3656 προσχώροις,
1388 3587 1484 3639 καὶ
1515 3587 1667 3643 λείαν
1690 3589 1823 3643 πολ-

246 3662 332 3734 λὴν
355 3670 447 3721 καὶ
477 3668 744 3740 χρήματα
767 3670 1068 3737 συλλαϐὼν,
1095 3674 1187 3729 τὸν
1206 3676 1405 3730 οἰκεῖον
1435 3680 1665 3749 στρατὸν
1688 3695 1825 3733 κατ-

248 3758 984 3833 επλούτει.Διαπρεσ6εύεται
1014 3767 1072 3820 δέ
1103 3769 1199 3822 καὶ
1227 3770 1421 3838 πρδς³⁸
1446 3770 1706 3826 Ἀλκέταν
1737 3774 1830 3827 καὶ

247 3850 356 3915 τοὺς
386 3853 481 3907 σὺν
502 3855 681 3926 αὐτῷ,
712 3857 769 3920 ἐς
795 3856 996 3911 ταυτὸν
1025 3859 1123 3923 τὰς
1143 3860 1410 3932 δυνάμεις
1436 3868 1767 3933 συναγαγεῖν
1785 3866 1829 3898 ³⁸

248 3939 421 4005 ἀξιῶν,
440 3946 544 3999 καὶ
575 3945 721 4000 οὕτω
746 3950 863 4012 τοῖς
891 3953 1090 4015 κοινοῖς
1111 3952 1329 4023 ἐχθροῖς
1362 3955 1654 4026 μάχεσθαι’
1683 3958 1829 4024 οἶδὲ,

248 4032 403 4087 ἄλλων
422 4036 566 4090 ἀλλα
593 4037 1157 4113 συμϐουλευσαμένων
1175 4044 1241 4109 ³⁷,
1265 4045 1416 4110 τέλος
1438 4048 1501 4100 οὐ
1530 4048 1829 4106 πείθονται.

249 4121 356 4177 Ὅτι
368 4125 727 4198 Ἀντίπατρος
739 4130 976 4200 Εὐμένει
994 4132 1094 4203 μδν
1118 4135 1378 4205 πολεμεῖν
1399 4137 1539 4201 τέως
1556 4140 1655 4193 οὐκ
1668 4140 1831 4212 aed?-

250 4217 341 4286 ρει,
357 4221 495 4273 κατά
508 4221 571 4275 δὲ
582 4223 839 4278 Ἀττάλου
855 4227 953 4279 καὶ
974 4227 1207 4282 Ἀλκέτα
1224 4230 1434 4298 πέμπει
1452 4232 1833 4304 πολεμήσοντα

252 4310 633 4386 Ἄσανδρονπ*
667 4318 763 4372 καὶ
813 4319 1145 4391 ἀγχωμάλου
1176 4323 1278 4393 τῆς
1313 4323 1494 4396 μάχης
1521 4327 1829 4398 γεγενημέ-

249 4422 333 4477 νης
347 4411 390 4443 ³’
421 4415 658 4481 ἡττᾶται
678 4417 1131 4488 Ἀσανδρος.”οτι
1164 4420 1484 4493 διαφέρεται
1511 4422 1832 4495 Κάσανδρος

1922 551 2209 622 Amyntam
2257 547 2553 603 Alexandri
2595 547 2656 603 F.
2699 547 2977 605 Peucestaa
3017 548 3241 605 fratrem
3279 569 3293 605 :
3328 549 3510 607 Ptole-

1922 657 2115 696 maeum
2154 641 2281 695 item
2318 638 2593 695 Ptolemaei
2633 638 2694 695 F.
2727 649 2781 694 et
2817 638 3187 695 Alexandrum
3221 641 3511 713 Polysper-

1923 730 2235 788 chontisF.
2271 729 2607 786 Casandrum
2653 744 2785 786 vero
2832 744 2990 785 suum
3041 731 3231 799 filium,
3267 734 3510 802 equitum

1921 822 2323 890 chiliarchum;
2371 823 2676 891 iisdemque
2718 822 2911 892 copiis,
2944 822 3141 893 quibus
3185 833 3343 878 antea
3382 823 3513 879 Per-

1923 918 2106 974 diccas
2139 918 2453 989 praefuerat,
2502 916 2833 988 Antigonum
2864 916 3180 985 praefectum
3208 915 3513 984 constituit,

1923 1011 2009 1067 cui
2063 1011 2229 1066 etiam
2285 1026 2474 1080 regum
2529 1023 2717 1063 curam
2769 1008 3180 1077 custodiamque
3226 1009 3513 1074 mandans,

1924 1103 2128 1158 bellum
2178 1118 2302 1157 cum
2358 1102 2601 1158 Eumene
2652 1102 2948 1171 gerendum
3000 1111 3165 1171 atque
3215 1100 3515 1156 conticien-

1925 1195 2051 1248 dum
2094 1191 2295 1247 volenti
2348 1192 2646 1247 commisit.
2702 1191 2990 1260 Antipater
3037 1188 3187 1258 ipse,
3239 1188 3396 1242 valde
3449 1186 3516 1240 ab

1925 1285 2175 1339 omnibus
2226 1284 2297 1339 ob
2345 1299 2434 1339 res
2476 1283 2611 1339 bene
2662 1294 2842 1355 gestas
2880 1282 3153 1345 laudatus,
3187 1281 3405 1337 domum
3436 1294 3519 1333 re-

1926 1378 2106 1431 vertit.
2142 1376 2320 1445 Atque
2351 1376 2405 1430 in
2438 1374 2523 1431 his
2557 1389 2734 1430 nonus
2767 1374 3039 1429 clauditur
3068 1373 3229 1428 liber.

1998 1552 2252 1608 Decimus
2300 1568 2463 1622 porro
2511 1561 2699 1606 narrat
2746 1550 3081 1617 Eumenem,
3133 1550 3353 1618 cognito
3396 1564 3518 1619 qua:

1925 1647 2205 1705 Perdicca:
2236 1646 2593 1710 accidissent,
2626 1660 2794 1715 seque
2825 1646 3034 1701 hostem
3068 1660 3097 1697 a
3132 1643 3517 1699 Macedonibus

1920 1741 2246 1813 iudicatum,
2279 1755 2398 1810 qua:
2439 1740 2506 1792 ad
2550 1738 2751 1793 bellum
2786 1747 2972 1793 essent
3005 1738 3333 1801 necessaria,
3366 1750 3519 1790 com—

1856 1826 1899 1882 Β
1936 1848 2179 1906 parasse,
2213 1843 2269 1887 et
2293 1832 2535 1887 Alcetam
2581 1830 2856 1886 Perdiccae
2905 1829 3154 1897 fratrem,
3197 1830 3322 1900 fuga
3372 1830 3519 1885 salu-

1932 1938 2037 1982 tem
2068 1929 2138 1982 ob
2168 1927 2283 1981 haec
2314 1926 2428 1995 ipsa
2463 1926 2768 1995 quaesiisse.
2804 1924 3041 1979 Attalum
3075 1940 3311 1995 quoque,
3341 1925 3431 1994 qui
3464 1923 3515 1977 in

1930 2018 2073 2074 civili
2133 2016 2202 2071 ab
2255 2017 2550 2088 Antipatro
2617 2014 2924 2071 defectione
2984 2016 3188 2070 nemini
3247 2016 3518 2070 secundus

1931 2111 2138 2173 fuerat,
2196 2109 2491 2180 fugientem
2542 2108 2751 2179 pariter
2801 2108 3014 2164 caeteris
3059 2123 3182 2163 sese
3232 2106 3515 2162 exsulibus

1930 2205 2235 2269 miscuisse,
2288 2204 2700 2275 exercitumque
2753 2201 2969 2256 tandem
3021 2199 3307 2262 conﬂasse,
3364 2198 3516 2268 pedi-

1932 2307 2043 2351 tum
2095 2296 2280 2350 decem
2335 2295 2589 2359 millium,
2635 2294 2879 2365 equitum
2926 2293 3399 2361 octingentorum;
3451 2303 3516 2343 ac

1928 2405 2052 2446 cum
2111 2389 2197 2443 his
2246 2387 2496 2453 Cnidum,
2536 2388 2806 2451 Caunum,
2846 2394 2901 2441 et
2952 2384 3204 2438 Rhodum
3258 2384 3518 2437 invadere

1929 2488 2241 2542 conantem,
2271 2493 2298 2531 a
2353 2477 2581 2533 Rhodiis
2630 2480 2869 2545 fortiter,
2910 2477 3201 2531 Demarato
3241 2476 3381 2545 apud
3425 2488 3519 2528 eos

1929 2572 2125 2629 classis
2178 2572 2477 2641 praelecto,
2532 2570 2809 2640 repulsum
2866 2570 3053 2625 fuisse.
3109 2566 3297 2621 Refert
3350 2566 3515 2621 etiam

1930 2680 2121 2734 parum
2174 2662 2448 2727 abfuisse,
2504 2677 2626 2717 cum
2678 2662 2900 2717 Sardeis
2955 2669 3166 2728 peteret
3208 2658 3515 2725 Antipater,

1928 2757 2057 2827 quin
2089 2755 2157 2809 ad
2194 2770 2388 2810 manus
2417 2769 2543 2809 cum
2574 2768 2640 2809 eo
2672 2752 2945 2808 Eumenes
2978 2752 3212 2805 venerit.
3258 2752 3323 2803 At
3357 2749 3515 2805 Cleo-

1928 2859 2139 2920 patram
2169 2848 2466 2902 Alexandri
2496 2862 2743 2903 sororem
2782 2845 2880 2917 (ne
2918 2845 3059 2899 forte
3093 2845 3234 2912 apud
3263 2842 3517 2897 Macedo-

1930 2959 2059 2998 num
2087 2943 2297 3011 vulgus,
2330 2940 2485 3012 quasi
2536 2940 2658 2996 belli
2696 2939 2831 3007 ipsis
2882 2952 3047 2993 causa
3091 2937 3249 3002 foret,
3301 2936 3352 2989 in
3391 2935 3514 2989 cri-

1930 3050 2054 3089 men
2110 3033 2199 3087 illa
2255 3030 2565 3101 vocaretur)
2613 3031 2850 3087 suasisse
2904 3044 2970 3085 ac
3018 3027 3360 3098 persuasisse
3409 3028 3517 3080 Eu-

1932 3126 2100 3191 meni,
2134 3125 2400 3180 Sardibus
2447 3134 2509 3179 ut
2558 3123 2899 3179 abscederet.
2947 3122 3291 3190 Antipatrum
3336 3128 3517 3173 tamen

1928 3234 2049 3273 eam
2092 3216 2232 3289 72b
2276 3198 2632 3271 nihilominus
2664 3228 2788 3270 cum
2850 3210 3181 3275 advenisset,
3219 3209 3288 3264 ob
3327 3209 3519 3263 amici-

1929 3313 2082 3378 tiam,
2126 3311 2560 3378 societatemque
2596 3321 2721 3362 cum
2763 3306 3007 3361 Eumene
3040 3313 3206 3372 atque
3235 3301 3515 3364 Perdicca,

1927 3422 2034 3461 non
2063 3404 2181 3459 sine
2210 3402 2424 3475 probris
2452 3411 2616 3471 atque
2640 3400 2907 3456 conviciis
2933 3397 3268 3466 increpuisse
3296 3415 3311 3449 :
3338 3394 3513 3448 illam-

1930 3514 2058 3569 que,
2102 3511 2264 3567 supra
2313 3511 2475 3565 quam
2533 3495 2603 3550 ab
2650 3508 2716 3549 eo
2753 3507 2886 3548 sexu
2924 3490 3229 3561 exspectari
3282 3497 3517 3559 poterat,

1927 3604 2050 3643 sese
2078 3587 2387 3643 defendisse
2426 3585 2640 3655 aliaque
2682 3583 2916 3654 plurima
2952 3581 3196 3636 vicissim
3226 3578 3511 3648 obiecisse,

1930 3696 1994 3736 ac
2023 3684 2239 3735 tandem
2273 3688 2498 3749 pacatos
2547 3691 2643 3733 eos
2681 3678 3029 3731 discessisse.
3076 3674 3373 3727 Eumenem
3414 3682 3515 3724 nec

1928 3777 2153 3844 cpiuato
2204 3773 2260 3826 in
2309 3771 2612 3824 vicinorum
2664 3782 2855 3825 eorum
2910 3780 3124 3835 agrum,
3157 3763 3251 3833 qui
3298 3761 3347 3817 ei
3402 3777 3511 3817 non

1932 3872 2219 3933 parerent,
2283 3862 2675 3931 irrumpentem
2741 3872 2863 3913 cum
2942 3856 3177 3927 praedam
3260 3868 3511 3922 magnam

1931 3957 2144 4025 egisse,
2208 3965 2319 4008 tum
2381 3951 2627 4022 pecunia:
2687 3964 2938 4016 magnam
3016 3948 3121 4002 vim
3185 3945 3513 4016 diripuisse,

1930 4048 2131 4117 quibus
2190 4046 2280 4101 ille
2342 4059 2501 4100 suum
2555 4041 2861 4098 exercitum
2929 4053 3258 4108 magnopere
3307 4035 3513 4091 ditarit.

1932 4141 2166 4194 Nuntios
2221 4138 2442 4205 insuper
2499 4136 2567 4189 ad
2619 4133 2866 4188 Alcetam
2914 4131 3142 4201 ejusque
3191 4130 3370 4184 socios
3415 4128 3516 4181 mi-

1933 4233 2095 4296 sisse,
2125 4230 2219 4299 qui
2260 4228 2447 4297 e0pias
2486 4240 2678 4280 omnes
2708 4225 2759 4279 in
2812 4238 2977 4277 unum
3013 4223 3308 4287 adducere,
3351 4229 3515 4289 atque

1936 4325 2009 4379 ita
2044 4322 2251 4391 junctis
2300 4321 2507 4375 viribus
2544 4330 2889 4373 communem
2939 4314 3152 4370 hostem
3200 4326 3515 4383 oppugnare

1936 4420 2209 4484 rogarent.
2261 4411 2385 4467 lllos
2430 4424 2562 4464 vero
2606 4405 2730 4461 aliis
2778 4404 2924 4460 aliud
2979 4404 3355 4469 suadentibus,
3395 4412 3515 4455 tan-

250 4500 370 4567 πρὸς
392 4504 725 4576 Ἀντίγονον,
774 4510 871 4563 καὶ
912 4510 1148 4566 παύεται
1194 4514 1526 4586 Κάσανδρος,
1546 4516 1647 4587 τῆς
1680 4493 1824 4570 κατά

1930 4506 2050 4559 dem
2084 4503 2309 4557 minime
2338 4515 2462 4555 esse
2500 4511 2777 4553 assensos.
2818 4495 3167 4565 Antipatrum
3201 4493 3349 4546 addit
3386 4506 3509 4545 cum

261 4590 554 4666 Ἀντιγόνου
599 4600 829 4666 ἀταξίας
863 4602 1224 4675 Ἀντιπάτρου
1253 4604 1350 4659 τοῦ
1389 4607 1598 4677 πατρὸς
1625 4607 1825 4661 διακω·

251 4681 711 4762 λύσαντος.”ομως
735 4692 829 4746 οὖν
857 4696 885 4748 ὁ
907 4696 1242 4767 Κάσανδρος,
1267 4698 1398 4770 περὶ
1419 4700 1660 4771 Φρυγίαν
1686 4716 1826 4770 συμ-

253 4774 411 4832 Salii»:
460 4780 538 4852 τῷ
586 4784 777 4853 πατρὶ,
807 4786 1092 4841 ἀναπείθει
1124 4790 1262 4858 μήτε
1292 4789 1483 4860 πόρρω
1527 4790 1637 4844 τῶν
1671 4791 1825 4861 βασι-

250 4863 369 4920 λέων
392 4870 703 4943 ἀποχωρεῖν
732 4876 829 4929 καὶ
858 4876 1164 4947 Ἀντίγονον
1198 4879 1265 4933 δι’
1292 4881 1549 4945 ὑπονοίας
1579 4882 1746 4952 ἐχειν.
1762 4883 1822 4938 '0

252 4956 300 5060 δὲ
319 4964 476 5060 τῇῌτεᾼ
501 4970 943 5060 μετριοφροσύνῃ
990 4973 1084 5026 καὶ
1125 4976 1192 5044 τῇ
1240 4972 1377 5046 ἄλλῃ
1423 4974 1693 5047 θεραπείᾳ
1726 4977 1823 5029 καὶ⁹

252 5056 402 5124 ἁρετῇ
430 5057 524 5110 τδν
567 5058 795 5114 δυνατὸν
823 5063 1025 5135 τρόπον
1058 5065 1235 5118 διέλυε
1265 5065 1366 5135 τὴν
1398 5066 1676 5120 ὑπόνοιαν.
1710 5068 1823 5121 Kal.

262 5138 597 5220 Ἀντίπατρος
637 5151 989 5219 ἐπικλασθεὶς
1020 5157 1118 5227 τῆς
1170 5173 1231 5211 τε
1280 5156 1637 5227 ξυνδιαὸάσης
1667 5158 1818 5229 αὖτῷ

1926 4599 2173 4653 Eumene
2232 4606 2472 4663 pugnare
2519 4591 2699 4645 adhuc
2752 4603 2858 4642 non
2909 4602 3126 4653 ausum,
3167 4583 3386 4639 misisse
3428 4593 3511 4638 ta-

1925 4705 2047 4744 men
2098 4687 2409 4743 Asaudrum
2452 4684 2607 4752 (55),
2674 4683 2784 4751 qui]
2829 4696 2950 4736 cum
2996 4678 3180 4732 Attalo
3218 4686 3383 4746 atque
3417 4677 3512 4729 Al-

1925 4790 2042 4839 ceta
2074 4780 2381 4836 dimicaret.
2415 4777 2695 4832 Certatum
2729 4788 2852 4829 esse
2895 4772 2983 4827 hic
3014 4786 3168 4840 aequo
3215 4783 3506 4838 propemo-

1925 4876 2051 4930 dum
2083 4872 2257 4927 Marte
2289 4889 2303 4924 :
2336 4870 2416 4924 sic
2450 4877 2654 4932 tamen,
2682 4874 2741 4919 ut
2768 4862 3001 4919 inferior
3028 4863 3277 4917 Asander
3308 4862 3511 4916 disces-

1924 4967 2074 5023 serit.
2123 4964 2461 5018 Casandrum
2507 4958 2695 5013 adhaac
2734 4956 2802 5010 ab
2836 4956 3110 5024 Antigono
3153 4952 3504 5014 dissensisse,

1923 5075 2112 5116 verum
2143 5055 2308 5109 animi
2341 5051 2829 5123 perturbationem,
2862 5048 3152 5119 Antipatro
3183 5055 3334 5114 patre
3367 5044 3505 5098 inhi-

1927 5154 2093 5210 bente
2132 5145 2473 5217 deposuisse.
2520 5143 2675 5212 Apud
2716 5140 3008 5212 Phrygiam
3056 5138 3254 5196 deinde
3298 5136 3507 5191 Casan-

1511 5294 1751 5352 VARIAE
1775 5287 2183 5350 LECTIONES.

256 5368 440 5455 2-2δέ
465 5373 567 5455 ξᾷν-
612 5377 841 5455 ἀδελφὺν
1009 5383 1054 5415 ’⁷
1080 5387 1189 5455 καὶ
1222 5388 1305 5442 ὅτι
1332 5390 1379 5444 A
1412 5407 1427 5445 :
1455 5390 1537 5443 ὅτι
1573 5391 1667 5443 καὶ
1690 5408 1751 5455 ς.
1829 5388 1877 5421 ’⁸
1934 5381 2070 5455 τοῖς]
2100 5381 2195 5455 καὶ
2238 5380 2437 5455 τοῖςς.
2514 5377 2560 5410 ²⁹
2594 5374 2882 5455 κρατερῶς
2904 5390 2966 5455 ς.

256 5435 403 5527 infra.
463 5442 608 5527 ⁸³ξ-ἐν
649 5435 891 5527 ΔδιαϐολῇΔ
929 5451 975 5506 Α
1000 5435 1304 5527 εβρἆϐυλῆ
1332 5435 1426 5524 ’ἐξ
1458 5435 1537 5493 τί
1565 5435 1809 5525 ὧῖέίέἱξε
1838 5477 1899 5524 ς.

3067 5372 3112 5405 ³ο
3148 5370 3228 5435 εἰς
3259 5387 3321 5434 ς.
3346 5369 3425 5423 sic
3447 5373 3504 5421 et

1999 5439 2070 5487 ⁸⁵³
2096 5439 2446 5506 ἀντενεκάλει
2493 5466 2553 5512 ς.
2636 5439 2707 5479 ’³⁴
2732 5439 3156 5514 ἀπροσδοκήτως
3190 5470 3263 5481 --
3284 5441 3378 5514 titt’
3402 5439 3504 5493 αὐ·

460 5511 541 5601 -³³
569 5522 705 5588 πρὸς
727 5504 941 5577 υώίλξ
965 5504 974 5506 ἡ
1000 5504 1053 5557 3‘
1557 5504 1606 5561 ἦ
1625 5504 2079 5601 βουλέυξαμένων
2268 5521 2311 5552 ³⁸
2336 5504 2669 5590 Ἀσσαίνδρον
2699 5525 2756 5574 et
2789 5504 3214 5585 ’Ἀσσανδροςᾳ
3281 5510 3328 5544 ⁸⁹
3349 5526 3505 5581 γενο-

261 5574 409 5645 μένης
448 5599 513 5646 ς.

1862 5681 1997 5736 TE.

1862 5682 1905 5736 Τ
1982 5723 1997 5736 .

325 5765 429 5841 (55)
454 5769 556 5827 Cui
602 5769 762 5830 Caria
813 5772 1091 5843 provincia
1143 5774 1467 5845 obvenerat,
1500 5788 1558 5835 ut
1604 5780 1693 5837 hic
1738 5682 1975 5852 amni:
1996 5779 2122 5847 127,
2160 5787 2214 5835 et
2245 5777 2521 5849 Dexippus
2554 5790 2678 5847 938-
2715 5773 2819 5829 “6
