4058 6412
616 379 725 443 315

1780 380 2044 441 PIIOTII
2069 376 2575 441 PATRIARCH/E
2609 378 2717 437 CP.

3792 372 3893 439 3l6

613 501 769 552 drum
815 512 937 552 cum
982 506 1211 566 parente
1256 512 1635 567 congressum,
1668 514 1737 553 ne
1770 514 1799 553 a
1835 500 2053 570 regibus
2086 499 2188 552 lon-

2308 497 2365 559 ἐς
2392 494 2493 565 τὴν
2520 493 2707 547 Ἀσίαν
2734 492 3016 562 δυνάμεως
3046 488 3248 556 πεζοὺς
3290 487 3389 560 μὲν
3422 486 3711 559 ἐπιτρέπει
3753 486 3893 560 αὐτῷ

613 592 734 661 gius
762 591 1087 655 discederet,
1119 591 1213 645 sed
1241 592 1572 661 Antigonum
1606 602 1915 661 suspectum
1952 592 2200 656 haberet,

616 686 890 737 hortatum
922 698 1064 738 esse.
1100 684 1249 737 lllmn
1284 700 1415 737 vero
1445 699 1568 738 cum
1614 693 1911 753 temperata
1949 700 2044 738 sua
2076 700 2202 753 pru-

612 775 821 839 dentia,
851 785 963 829 tum
995 776 1161 828 variis
1188 775 1464 844 obsequiis
1492 786 1657 846 alque
1703 776 1996 829 virtutibus
2022 777 2204 844 suspi-

611 869 827 921 cionem
867 885 963 938 pro
990 868 1130 923 virili
1163 868 1470 924 sustulisse.
1503 868 1803 937 Mitigatum
1839 869 2018 938 itaque
2047 869 2202 922 Anti-

612 972 849 1030 patrum,
884 962 949 1016 de
978 962 1081 1016 illis
1112 964 1305 1031 copiis,
1342 978 1476 1032 quas
1507 962 1560 1015 in
1595 961 1779 1016 Asiam
1811 978 1993 1016 secum
2025 972 2203 1017 trans-

611 1060 857 1118 vexerat,
910 1052 1150 1120 peditum
1194 1054 1272 1105 illi
1315 1052 1635 1124 [Antigono]
1672 1051 2005 1107 Macedonici
2037 1068 2203 1123 gene-

614 1148 692 1198 ris
736 1156 860 1199 octo
902 1145 1070 1198 millia
1120 1154 1174 1199 et
1219 1146 1548 1215 quingentos
1601 1144 1914 1207 tradidisse,
1957 1146 2201 1214 equitum

613 1251 744 1291 vero
778 1247 1128 1291 externorum
1177 1252 1363 1305 parem
1418 1251 1700 1289 numerum
1735 1254 1748 1289 :
1782 1234 2200 1303 elephantorum

612 1344 830 1398 quoque
864 1329 1140 1382 dimidiam
1188 1339 1421 1398 partem,
1465 1328 1517 1382 id
1556 1337 1639 1381 est
1676 1328 2056 1397 septuaginta;
2093 1343 2201 1397 quo

613 1419 828 1474 facilius
864 1420 1060 1475 bellum
1100 1435 1222 1473 cum
1256 1418 1495 1473 Eumene
1528 1418 1840 1475 conﬁceret.
1870 1416 1945 1473 Ita
1974 1419 2203 1487 Antigo-

611 1526 741 1564 num
788 1510 986 1565 bellum
1024 1512 1125 1565 hoc
1159 1510 1550 1565 administrare
1602 1525 1855 1565 exorsum
1892 1527 2057 1567 esse:
2090 1512 2200 1565 An-

613 1604 875 1669 tipatrmn
921 1618 1073 1667 vero,
1104 1603 1344 1669 acceptis
1375 1602 1616 1671 regibus,
1648 1602 1974 1671 caeterisque
2004 1603 2197 1671 copiis,

614 1700 869 1759 tanquam
939 1692 992 1746 in
1054 1691 1432 1746 Macedoniam
1507 1690 1864 1756 traiecturum
1939 1690 2199 1746 abivisse.

610 1781 777 1835 Addit
834 1782 1030 1836 iterum
1091 1784 1161 1835 ibi
1218 1783 1611 1839 tumultuantes
1667 1783 1867 1839 milites
1915 1784 2196 1853 pecuniam

2308 587 2629 649 Μακεδόνας
2677 584 3116 655 ὀκτακισχιλίους
3170 582 3266 636 καὶ
3324 581 3756 645 πεντακοσίους,
3809 586 3895 636 καὶ

2306 679 2511 742 ίππέας
2546 678 2655 731 τῶν
2690 676 2956 749 ἐτέρων⁶⁰
2996 676 3164 739 ίσους,
3207 674 3510 743 ἐλέφαντας
3541 673 3597 726 δὲ
3620 672 3730 727 τῶν
3764 674 3893 726 πᾶν-

2303 789 2411 824 των
2461 771 2588 834 τοὺς
2632 770 2871 842 ἡμίσεας
2898 776 2963 834 o',
2996 768 3071 831 ὡς
3120 769 3250 839 ῥᾷον
3291 766 3748 835 διαπολεμήσειεν
3779 764 3895 837 [199

2304 861 2395 934 Η.]
2445 862 2537 916 τὸν
2594 861 2732 933 πρὸς
2765 860 2986 932 Εὐμένη
3033 861 3291 929 πόλεμον.
3324 858 3434 911 Καὶ
3461 856 3770 924 Ἀντίγονος
3808 857 3895 925 μὲν

2302 950 2398 1006 τοῦ
2434 951 2674 1023 πολέμου
2708 951 2935 1022 ἥπτετο,
2952 948 3311 1018 Ἀντίπατρος
3351 946 3410 999 δὲ
3443 944 3731 999 ἀναλαϐὼν
3777 943 3897 1007 τοὺς

2308 1043 2548 1115 βασιλεῖς
2573 1044 2669 1097 καὶ
2699 1043 2798 1109 τὴν
2827 1043 2995 1113 ἄλλην
3023 1041 3253 1111 δύναμιν
3279 1038 3366 1110 ᾔει
3396 1040 3473 1102 ὡς
3518 1038 3897 1109 περαιωσόμε-

2303 1154 2392 1199 νος
2416 1136 2567 1189 sui“
2602 1135 2961 1190 Μακεδονίαν.
3007 1135 3118 1186 Καὶ
3163 1132 3446 1196 στασιάζει
3478 1132 3639 1186 πάλιν
3667 1132 3696 1184 ὀ
3731 1149 3895 1201 στρα-

2302 1228 2415 1293 τὸς,
2447 1226 2615 1281 αίτῶν
2642 1226 2713 1280 τὰ
2740 1226 3019 1296 χρήματα.
3038 1223 3398 1294 Ἀντίπατρος
3418 1223 3495 1289 δὲ,
3522 1222 3745 1276 ἐπειδὰν
3771 1221 3895 1295 ἔλθῃ

2302 1321 2383 1383 είς
2412 1318 2642 1373 Ἄϐυδον
2662 1355 2678 1381 ,
2707 1316 3029 1388 ὡμολόγησε
3046 1315 3092 1346 ⁸⁸
3134 1318 3346 1386 ποριεῖν
3374 1316 3515 1370 αὐτὰ
3536 1354 3551 1379 ,
3585 1316 3679 1369 καὶ
3707 1315 3895 1368 δώσειν

2300 1411 2465 1481 τυχὸν
2497 1410 2595 1485 μὲν
2614 1408 2825 1474 πάντα,
2852 1408 2949 1479 ὅση
3000 1409 3034 1478 ἠ
3082 1406 3284 1478 δωρεὰ,
3313 1407 3362 1460 εί
3408 1407 3465 1461 δὲ
3511 1408 3609 1479 μὴ,
3646 1408 3747 1477 τήν
3774 1422 3835 1474 γε
3854 1405 3894 1437 ⁸⁸

2301 1504 2585 1576 πλείστην.
2621 1502 2730 1557 Καὶ
2759 1500 2987 1564 ταύταις
3012 1498 3213 1562 αὐτοὺς
3248 1502 3369 1563 ταῖς
3397 1498 3612 1552 ἐλπίσιν
3654 1498 3893 1568 ἀναρτή-

2302 1614 2424 1661 σας,
2477 1592 2926 1657 ἀστασιάστως⁶⁴
2978 1592 3040 1646 τὸ
3089 1592 3277 1646 λοιπὸν
3330 1590 3744 1661 καταλαμϐάνει
3802 1590 3893 1659 τὴν

2304 1688 2557 1742 Ἄϐυδον.
2576 1686 2724 1740 Ἐκεῖ
2756 1685 2813 1738 δέ
2840 1684 3003 1757 τέχνῃ
3036 1684 3261 1750 τούτους
3277 1684 3323 1717 ⁸⁸
3346 1683 3891 1756 παρακρουσάμενος,

2300 1779 2495 1842 νυκτὸς
2529 1778 2644 1849 ἅμα
2690 1780 2805 1841 τοῖς
2835 1776 3120 1847 βασιλεῦσι
3176 1774 3505 1847 περαιοῦται
3535 1777 3629 1829 τὸν
3665 1774 3891 1844 Ἑλλήσ-

609 1873 934 1943 posmlasse,
963 1876 1424 1944 Antipatrumque
1451 1874 1788 1943 promisisse.
1817 1846 2188 1945 ubi'Abydutn

2301 1888 2498 1925 ποντον
2532 1846 2686 1942 παρὰ
2730 1846 3069 1941 Λυσίμαχον.
3107 1869 3186 1941 Τῇ
3222 1846 3278 1923 δέ
3309 1869 3574 1940 ὑστεραίᾳ
3621 1868 3715 1921 καὶ
3741 1868 3891 1921 αὐτοὶ

608 1966 967 2033 pervenisset,
999 1965 1147 2018 illam
1196 1980 1317 2019 sese
1355 1974 1675 2020 curaturum
1729 1965 2188 2034 preliitttrumque

2299 1962 2739 2034 ἐπεραιώθησαν,
2767 1962 2907 2032 ὑπὲρ
2934 1962 3033 2033 τῆς
3065 1962 3418 2032 ἀπαιτήσεως
3447 1960 3554 2013 τῶν
3592 1959 3891 2031 χρημάτων

608 2053 840 2108 fortasse
868 2055 1184 2109 donativum
1219 2055 1533 2109 universum
1575 2073 1588 2109 ι
1627 2054 1711 2109 sin
1753 2069 1902 2118 vero,
1932 2052 2188 2122 majorem

2299 2054 2618 2126 παραυτίκα
2648 2055 3049 2126 ήσυχάσαντες.
3068 2052 3158 2107 Ἑν
3193 2046 3273 2117 οἷς
3302 2055 3392 2106 καὶ
3419 2051 3514 2105 τοῦ
3541 2052 3775 2105 δεκάτου
3806 2050 3890 2104 λόε-

604 2156 757 2198 rerte
809 2157 1020 2214 partem
1071 2156 1414 2215 accepturos.
1464 2145 1577 2199 llac
1620 2160 1751 2216 ergo
1793 2160 1889 2215 spe
1937 2144 2188 2213 laetatos,

2298 2163 2397 2217 γου
2428 2146 2490 2200 τὺ
2518 2146 2693 2209 τέλος.

605 2239 811 2308 absque
876 2240 1145 2295 seditione
1207 2241 1462 2309 deinceps
1513 2240 1763 2311 Abydum
1830 2254 2000 2310 usque
2060 2239 2414 2309 perduxisse;
2452 2240 2594 2295 unde
2634 2240 2785 2309 .ipse
2836 2248 2999 2295 noctu
3076 2238 3339 2310 (deceptis
3400 2248 3526 2294 astu
3607 2236 3890 2306 militibus)

605 2351 711 2390 una
760 2352 883 2391 cmn
932 2339 1151 2409 regibus
1204 2337 1632 2408 Hellespontum,
1680 2338 1747 2391 ad
1798 2335 2202 2408 Lysymacbnm
2245 2337 2524 2407 trajeccrit
2573 2357 2586 2394 :
2626 2338 2891 2408 postridie
2961 2351 3091 2406 ergo
3180 2336 3297 2405 ejus
3346 2336 3475 2401 diei,
3524 2336 3686 2390 etiam
3746 2335 3891 2407 ipsos

604 2429 909 2497 transiisse,
945 2431 1012 2485 de
1048 2431 1277 2499 pecunia
1324 2432 1595 2499 poscenda
1648 2430 1702 2485 in
1753 2445 1993 2499 praesens
2037 2430 2406 2500 quiescentes.
2442 2434 2619 2502 Atque
2656 2431 2761 2485 hoc
2794 2429 2917 2485 libri
2950 2429 3148 2485 decimi
3181 2438 3490 2484 extremum
3523 2438 3629 2485 est.

673 2562 768 2619 Est
796 2579 927 2620 sane
952 2566 1185 2635 scriptor
1203 2565 1291 2620 hic
1320 2565 1524 2621 nemini
1556 2580 1745 2621 eorum
1786 2567 1878 2636 qui
1909 2567 2188 2622 historiam

2378 2567 2533 2620 Ἔστι
2568 2564 2669 2636 μὲν
2711 2559 2805 2619 οὖν
2850 2563 2938 2618 6“
2965 2566 3105 2636 ἀνὴρ
3131 2565 3347 2628 οὐδενὸς
3388 2565 3500 2618 τῶν
3536 2565 3739 2636 ἄριστα
3770 2583 3885 2620 συν-

600 2657 807 2727 0ptime
862 2667 1257 2713 contexuerunt
1310 2662 1736 2729 postponendus.
1768 2660 1910 2729 73a
1966 2660 2103 2714 Nam
2140 2669 2188 2715 et

2299 2660 2619 2730 ταξαμένων
2649 2662 2891 2731 ἱστορίας
2912 2659 3166 2730 δεύτερος
3182 2678 3198 2692 ·
3227 2660 3559 2729 ἀπαγγεῖλαί
3583 2678 3643 2714 τε
3666 2663 3776 2733 γὰρ
3801 2664 3891 2716 καὶ

602 2750 975 2803 narrationum
1036 2751 1305 2806 brevitate
1362 2759 1602 2820 praestat,
1643 2760 1698 2806 et
1747 2752 2074 2820 importunis
2109 2752 2188 2806 di-

2302 2752 2441 2823 μετὰ
2474 2752 2769 2822 συντομίας
2799 2752 3092 2823 κράτιστος
3111 2794 3125 2817 ,
3155 2752 3253 2805 καὶ
3280 2754 3699 2824 παρεκτροπαῖς
3729 2752 3891 2805 ἀκαίο

601 2841 995 2910 greSsionibus,
1051 2852 1144 2895 aut
1178 2842 1369 2897 crebra
1415 2842 1753 2911 parenthesi,
1811 2844 2185 2898 continentem

2298 2862 2413 2916 ροις
2459 2844 2581 2899 οὐδὲ
2627 2844 3006 2916 παρενθήκαις
3038 2843 3099 2897 τὸ
3131 2842 3355 2914 συνεχὲς
3382 2846 3484 2915 τῆς
3527 2843 3773 2913 ἱστορίας
3804 2843 3892 2895 ούο

602 2930 845 2987 Ιιίειοι-ἱαι
876 2942 1117 2987 tenorem
1162 2934 1385 2989 minime
1421 2935 1586 2989 laedit.
1607 2936 1799 2991 Decori
1847 2936 2068 3006 insuper
2091 2936 2188 2990 oh-

2293 2935 2467 3007 δαμοῦ
2491 2936 2910 3007 λυμαινόμενος,
2944 2935 3325 3006 καινοπρεπὴς
3354 2936 3413 2989 δέ
3439 2934 3686 3007 συνθήκῃ
3732 2935 3889 3002 λόγου

602 3038 852 3089 servans,
893 3040 1033 3079 nova
1085 3026 1355 3081 orationis
1386 3027 1781 3096 compositione
1824 3030 2001 3097 magis
2031 3042 2188 3097 quam

2295 3029 2494 3099 μᾶλλον
2542 3028 2574 3097 ἢ
2611 3028 2776 3095 λέξει,
2806 3028 2897 3081 καὶ
2924 3026 3101 3091 οὕτως
3129 3027 3270 3080 ὥστε
3323 3026 3396 3098 μὴ
3438 3028 3506 3081 ἂν
3553 3026 3735 3090 ἄλλως
3766 3027 3890 3099 [228

600 3118 883 3172 vocabulis
908 3133 1081 3188 usque
1110 3136 1176 3173 eo
1207 3130 1290 3173 est
1309 3120 1469 3187 plane
1497 3130 1553 3173 ut
1582 3121 1691 3190 alio
1727 3119 1875 3174 nullo
1916 3120 2076 3176 modo
2101 3135 2188 3174 ne-

2292 3117 2388 3191 R.]
2410 3120 2547 3190 μήτε
2583 3118 2919 3189 σαφέστερον
2952 3118 3093 3189 μήτε
3124 3116 3521 3189 ἐναργέστερον
3552 3116 3616 3169 τὸ
3642 3117 3891 3187 διήγημα

600 3226 709 3279 que
741 3211 964 3277 clarior,
998 3227 1173 3282 neque
1218 3212 1512 3266 dilucidior
1555 3212 1671 3266 ﬁeri
1714 3212 1954 3267 narratio
1998 3212 2188 3281 possit.

2291 3209 2617 3280 δηλωθῆναι.
2646 3209 2792 3278 Εύσή
2803 3226 2888 3280 μῳ
2918 3208 2974 3261 δὲ
3000 3208 3097 3261 καὶ
3126 3208 3312 3279 εὺήχῳ
3336 3208 3429 3261 καὶ
3450 3208 3531 3277 τῷ
3552 3207 3663 3261 τῶν
3686 3206 3888 3272 λέξεων

602 3303 738 3357 Dum
777 3318 908 3357 vero
941 3304 1316 3373 signiﬁcantes
1362 3311 1732 3373 sonantesque
1771 3319 1837 3359 ac
1866 3313 2067 3358 teretes
2095 3303 2188 3357 ad-

2291 3304 2572 3373 ἀποκεχρη
2582 3303 2745 3372 μένος
2772 3301 3122 3373 στρογγύλῳ,
3148 3300 3243 3356 καὶ
3276 3300 3339 3354 τὺ
3363 3300 3503 3354 λεῖον
3532 3301 3649 3370 ἔχει
3677 3300 3760 3369 τῷ
3788 3318 3887 3370 με·

601 3395 752 3449 hibet
778 3395 1069 3461 dictiones,
1114 3397 1427 3465 aequalitate
1461 3412 1564 3451 non
1594 3396 1797 3461 minus,
1823 3410 1985 3466 quam
2021 3411 2187 3465 gran-

2291 3394 2444 3464 γέθει
2494 3394 2948 3465 συγκιρνάμενον.
2989 3395 3100 3447 Καὶ
3149 3395 3184 3465 ἡ
3232 3394 3491 3465 καινότης
3534 3393 3643 3446 τῶν
3687 3391 3889 3456 λέξεων

600 3485 771 3541 ditate
790 3487 1094 3541 orationem
1111 3497 1395 3557 temperat.
1418 3486 1718 3542 Verborum
1753 3487 1879 3541 item
1903 3486 2182 3542 innovatio

2292 3488 2414 3559 οὐχὶ
2438 3490 2519 3551 είς
2546 3488 2608 3541 τὸ
2636 3489 2829 3559 πόρῤω
2859 3486 3268 3559 νεωτερίζεται,
3291 3486 3408 3541 ἀλλ’
3437 3484 3675 3554 ἔγγιστά
3704 3502 3765 3538 τε
3797 3485 3891 3537 καὶ

601 3593 709 3632 ιιοιι
737 3587 821 3633 est
856 3578 929 3632 illi
965 3579 1193 3651 longius,
1241 3581 1335 3636 sed
1368 3595 1400 3636 e
1431 3580 1737 3651 pr0pinquo
1767 3579 1955 3650 petita.
1984 3589 2039 3635 et
2063 3595 2185 3649 qua:

2291 3580 2373 3643 είς
2406 3579 2470 3632 τὸ
2503 3578 2962 3649 ἐμφατικώτατον
2976 3579 3044 3645 ⁸⁷,
3076 3580 3151 3643 ὡς
3183 3578 3568 3650 σχηματισμὸν
3612 3571 3760 3631 εἶναι
3806 3576 3891 3629 λέ-

602 3670 781 3724 lumen
810 3672 1043 3726 orationi
1088 3672 1172 3726 vel
1204 3673 1499 3727 maximum
1530 3673 1715 3735 addat,
1754 3683 1810 3725 ut
1835 3673 1906 3727 sit
1937 3672 2184 3727 vocabuli

2291 3668 2449 3737 ξεως,
2471 3669 2588 3724 ἀλλ’
2611 3670 2733 3740 οὐχὶ
2754 3669 3055 3741 ἐναλλαγὴν
3074 3670 3341 3741 συνήθους
3365 3670 3652 3741 ὀνόματος.
3675 3670 3771 3722 Διὸ
3797 3672 3891 3723 καὶ

601 3762 760 3833 quasi
796 3762 1011 3818 habitus
1033 3764 1250 3831 quidam
1272 3779 1335 3818 ac
1368 3775 1553 3835 gestus
1578 3764 1759 3834 potius
1806 3778 1970 3833 quam
2002 3774 2183 3818 muta-

602 3855 680 3910 tio
725 3866 1110 3911 consuetorum
1156 3859 1466 3911 verborum.
1510 3857 1629 3924 Quo
1673 3858 1755 3925 ﬁt,
1788 3866 1930 3912 utet
1977 3858 2187 3928 perspi-

600 3948 774 4003 cuitas
798 3947 1100 4011 exoriatur,
1132 3964 1238 4003 non
1267 3950 1320 4004 in
1348 3950 1454 4005 hac
1484 3948 1659 4005 solum
1690 3958 1865 4021 parte,
1902 3950 1995 4004 sed
2016 3949 2182 4005 etiam

602 4040 655 4094 in
685 4049 973 4109 apparatu,
1009 4041 1221 4107 ordine,
1254 4052 1308 4097 et
1340 4043 1674 4099 narrationis
1700 4044 1936 4097 maxime
1957 4058 2182 4113 compo-

598 4128 800 4184 sitione
836 4146 850 4183 :
887 4129 1029 4198 quod
1062 4130 1237 4199 ipsum
1270 4141 1355 4185 est
1396 4142 1568 4186 totum
1609 4132 2018 4201 perspicuitatis
2052 4132 2185 4187 arti-

601 4219 807 4274 ﬁcium.
867 4218 986 4274 lam
1036 4234 1166 4275 usus
1207 4222 1571 4292 tractatioqne
1605 4222 1932 4291 simplicium
1975 4237 2041 4277 ac
2101 4238 2185 4278 re-

598 4320 815 4366 ctarum
876 4311 1246 4382 periodorum,
1284 4313 1367 4368 vel
1400 4314 1541 4383 apud
1591 4314 1837 4369 indoctos
1867 4313 2184 4385 plerumque

596 4401 906 4468 reperiatur
935 4420 949 4456 :
988 4412 1043 4455 et
1072 4418 1204 4456 vero
1235 4406 1301 4458 ad
1333 4405 1589 4474 supinum
1663 4414 1825 4471 atque
1867 4404 2069 4459 humile
2102 4406 2185 4459 di—

595 4492 754 4548 cendi
804 4509 980 4563 genus
1005 4494 1308 4549 orationem
1366 4497 1592 4549 nimium
1643 4497 1913 4563 demittit;
1952 4512 2182 4565 pramer-

596 4588 693 4639 tim
758 4587 804 4642 si
854 4602 1034 4641 merus
1101 4588 1190 4643 ille
1254 4598 1420 4658 atque
1474 4588 1846 4658 impermistus
1900 4590 1974 4644 sit
2029 4605 2178 4645 usus.

594 4671 747 4738 Quod
807 4673 896 4727 hic
950 4684 1133 4729 noster
1198 4675 1337 4748 (etsi
1401 4676 1470 4731 ad
1535 4678 1975 4745 perSpicuitatcm
2052 4680 2179 4734 illud

594 4767 777 4821 facere
851 4767 1136 4838 videatur)
1209 4784 1315 4824 non
1404 4769 1621 4825 admisit
1696 4785 1956 4839 unquam.
2041 4770 2179 4826 Tro-

592 4861 678 4931 pis
732 4860 861 4915 item
890 4860 1162 4931 ellipseos,
1211 4877 1319 4917 non
1360 4863 1625 4918 ambitum
1680 4864 1853 4935 ipsum
1886 4866 2173 4921 verborum

591 4952 949 5019 concidendo,
998 4954 1093 5008 sed
1153 4968 1312 5009 voces
1362 4956 1604 5026 singulas
1661 4958 2052 5027 supprimendo
2098 4961 2175 5015 ita

591 5044 783 5108 utitur,
814 5054 871 5097 ut
900 5060 966 5099 ne
992 5046 1324 5116 percipiendi
1361 5049 1581 5118 quidem
1612 5049 1853 5106 delectus
1881 5053 2171 5122 vestigium

590 5135 758 5190 ullmn
791 5137 1063 5207 relinquat
1094 5154 1110 5191 :
1157 5138 1322 5208 idque
1350 5140 1505 5205 adeo,
1535 5151 1592 5195 ut
1623 5144 1666 5196 si
1695 5144 1818 5213 quis
1845 5146 1990 5215 quod
2022 5145 2185 5201 deest

590 5225 795 5280 addere
856 5235 1065 5291 tentet,
1117 5245 1578 5299 supervacaneum
1631 5234 1810 5303 potius
1878 5235 2172 5301 addidisse,

588 5333 753 5383 quam
842 5319 1112 5376 defectum
1172 5325 1547 5394 supplevisse,
1614 5328 1809 5382 merito
1862 5340 2171 5383 censeatur.

589 5408 943 5466 Schematum
998 5413 1163 5469 etiam
1216 5419 1372 5487 copia
1419 5417 1625 5488 optime
1676 5419 1978 5475 orationem
2016 5435 2170 5476 suam

2285 3762 2344 3815 τὸ
2375 3762 2547 3831 σαφὲς
2578 3762 2968 3831 συνεφέλκεται
3005 3764 3107 3817 οὐκ
3158 3764 3217 3816 ἐν
3262 3761 3439 3833 τούτῳ
3469 3762 3653 3832 μόνον,
3682 3760 3827 3815 ἀλλὰ
3845 3760 3889 3791 δ’

2286 3856 2389 3908 κάν
2415 3842 2481 3925 τῇ
2517 3855 2779 3926 διασκευῇ
2807 3856 2903 3909 καὶ
2931 3854 3081 3921 τάξει
3125 3854 3222 3910 καὶ
3267 3856 3605 3911 καταστάσει
3652 3855 3890 3924 μάλιστα

2285 3943 2379 3996 τοῦ
2410 3943 2751 4015 διηγήματος
2770 3961 2784 3975 ο
2820 3945 2959 4015 ὅπερ
2986 3945 3105 3998 ἐστὶ
3132 3946 3224 3999 καὶ
3256 3945 3357 4015 τῆς
3385 3946 3687 4016 σαφηνείας
3711 3946 3775 3999 τὸ
3804 3946 3889 3998 ἐν·

2284 4051 2506 4104 τεχνον·
2537 4037 2570 4106 ἡ
2606 4036 2715 4106 γάρ
2745 4052 2829 4088 τοι
2869 4036 3068 4107 χρῆσις
3118 4037 3152 4107 ή
3195 4036 3339 4091 κατὰ
3382 4036 3482 4101 τὰς
3526 4037 3748 4101 εὐθείας
3778 4037 3888 4090 τῶν

2285 4128 2554 4198 περιόδων
2585 4129 2815 4192 καὶτοῖς
2849 4128 3090 4193 ἰδιώταις
3120 4129 3383 4200 πρόσεστι
3413 4129 3788 4199 μάλιστα,καὶ
3808 4131 3889 4193 εἰς

2285 4220 2585 4289 ύπτιότητα
2618 4219 2711 4273 καὶ
2744 4220 3113 4292 ταπεινότητα
3139 4220 3260 4276 λίαν
3295 4220 3656 4285 καταϐιϐάζει
3680 4221 3775 4275 τὸν
3802 4221 3889 4274 λό-

2283 4328 2401 4379 γον,
2430 4311 2668 4381 ἄκρατος
2705 4312 2940 4381 μάλιστα
2972 4314 3232 4385 γινομένη
3254 4330 3268 4347 ι
3295 4314 3435 4386 ὅπερ
3464 4307 3622 4378 οὗτος
3638 4312 3684 4345 ⁸⁸
3718 4314 3768 4367 εί
3791 4313 3885 4366 καὶ

2283 4402 2380 4457 τοῦ
2408 4403 2614 4473 σαφοῦς
2640 4400 2783 4459 εἶναι
2812 4404 2979 4471 δοκεῖ,
3017 4406 3079 4459 οὐ
3107 4407 3449 4477 προσήκατο.
3465 4406 3578 4460 Καὶ
3605 4406 3685 4477 τῷ
3711 4406 3885 4460 ἐλλεί-

2284 4513 2442 4549 ποντι
2485 4496 2544 4549 δὲ
2588 4495 2699 4550 τῶν
2731 4496 2952 4565 τρόπων
2985 4494 3130 4551 οὕτω
3163 4497 3450 4569 κέχρηται,
3480 4498 3544 4551 οὐ
3592 4498 3739 4551 κατὰ
3785 4498 3888 4559 τὰς

2284 4589 2601 4660 περιοδικὰς
2637 4588 2906 4660 ἐλλείψεις
2935 4589 3094 4643 τοῦτο
3121 4572 3313 4657 ποιῶν,
3342 4590 3481 4644 ἀλλὰ
3508 4591 3653 4645 κατά
3689 4608 3753 4659 γε
3786 4590 3888 4651 τὰς

2284 4681 2394 4735 τῶν
2426 4680 2647 4745 λέξεων,
2680 4680 2823 4735 ὥστε
2876 4681 2999 4752 μηδ’
3024 4681 3298 4736 ἐλλείπειν
3340 4681 3542 4735 διδόναι
3592 4681 3888 4752 συναίσθη-

2286 4788 2405 4826 σιν·
2453 4772 2549 4825 καὶ
2582 4772 2638 4824 εί
2671 4791 2756 4837 τις
2782 4773 2844 4826 τὸ
2868 4773 3051 4829 λεῖπον
3079 4772 3387 4844 ἐπιχειροίη
3427 4773 3773 4844 προσθεῖναι,
3804 4775 3887 4838 είς

2282 4866 2345 4919 τὸ
2377 4866 2651 4936 παρέλκον
2693 4866 2759 4919 ἂν
2789 4867 3059 4922 ἐπιτεῖναι
3105 4868 3279 4934 δόξαι,
3312 4867 3449 4921 ἀλλὰ
3478 4868 3554 4938 μὴ
3598 4868 3695 4921 τοῦ
3740 4867 3883 4921 sm.

2283 4958 2419 5022 ποῦς
2444 4958 2685 5029 ἐξευρεῖν
2708 4958 2807 5031 τὴν
2830 4961 3487 5033 ἁναπλήρωσιν.Ἀριστα
3513 4961 3570 5015 δὲ
3592 4960 3760 5015 αὑτοῦ
3788 4960 3891 5015 καὶ

2280 5050 2342 5103 τὸ
2372 5050 2884 5120 πολυσχημάτιστον
2913 5052 3026 5124 ἔχει
3052 5091 3067 5118 ,
3096 5054 3200 5106 οὐκ
3232 5052 3430 5124 ἀθρόον
3468 5053 3886 5123 μεταϐαλλόμε-

2281 5160 2371 5196 νον
2402 5144 2511 5195 ἀπὸ
2543 5144 2642 5212 τῆς
2680 5144 3190 5215 αύτοσχηματίστου
3226 5147 3513 5217 χρήσεως,
3545 5146 3662 5199 ἀλλ’
3691 5147 3885 5219 ἡρέμα

2284 5234 2375 5288 καὶ
2407 5234 2465 5298 ἐξ
2497 5234 2673 5305 ἀρχῆς
2700 5236 3183 5307 συμπλεκόμενον,
3219 5238 3294 5302 ὡς
3323 5240 3458 5309 μήτε
3481 5238 3560 5308 τῷ
3580 5243 3888 5311 προσκυρεῖ

2283 5327 2438 5395 ἁνιᾷν
2473 5327 2614 5397 μήτε
2666 5325 2746 5398 τῷ
2791 5327 2974 5399 ἀθρόῳ
3008 5333 3184 5384 ποιεῖν
3216 5330 3742 5402 ἐκταράσσεσθαιδθ.
3773 5334 3892 5386 Καὶ

2283 5418 2491 5486 ἁπλῶς,
2518 5417 2574 5471 εί
2595 5436 2681 5485 τις
2700 5421 2821 5475 κατ’
2840 5422 3003 5477 αὐτὸν
3028 5424 3122 5477 ἐπὶ
3138 5423 3265 5488 τοὺς
3285 5423 3596 5495 ἱστορικοὺς
3616 5424 3887 5494 ἀναχθείη

1856 5599 2094 5656 YARUE
2123 5600 2420 5658 LECTION
2428 5602 2530 5658 ES.

662 5781 713 5814 “
771 5782 890 5837 ἐταί

894 5787 1100 5864 ρωγᾉ-
1165 5785 1220 5864 .‘f
1270 5787 1364 5864 ἐπὶ
1418 5790 1510 5864 Ας
1551 5791 1738 5864 τὴνςι

595 5862 761 5926 τέχνη
802 5872 863 5921 ς.

1833 5795 1879 5826 ⁸³
1920 5794 2187 5869 ὡμολόγει
2251 5818 2310 5865 ς.

971 5857 1071 5912 ⁸⁸ό
1114 5858 1236 5917 add.
1268 5860 1333 5918 A.
1413 5857 2055 5935 ⁸⁷ἐιιφαντικὼτατον’ς.
2114 5857 2193 5904 ’³⁵⁸
2249 5857 2366 5926 ἀλλ’
2418 5857 2565 5938 ἐν

2420 5801 2467 5833 ⁸³
2497 5818 2563 5872 γε
2599 5804 2642 5856 Δ
2670 5818 2765 5856 ετε
2800 5820 2862 5867 ς.
2967 5804 3011 5835 ⁵⁸
3031 5802 3394 5857 ἀστασίαστον
3429 5802 3494 5856 Λ.
3574 5801 3618 5831 ⁸⁵
3646 5799 3882 5865 τούτους

2673 5873 2718 5905 ’δ’
2741 5873 2916 5939 οὕτως
2938 5872 3001 5930 Α.
3081 5876 3126 5907 ⁸⁰
3158 5872 3588 5943 ἐκταράττεσθαι
3616 5888 3677 5936 ς.
