4092 6432
217 428 303 499 321

1064 542 1467 611 Parapomenus

1063 613 1365 669 Axiarclies

1064 683 1157 737 Sta
1167 692 1215 736 ta
1225 697 1323 736 nor

1060 756 1324 825 Amyntas

1061 823 1339 896 Scythaeus

1058 894 1297 950 Nicanor

1059 964 1341 1036 Philippus

1059 1034 1446 1092 Phratal‘ernes

1058 1105 1445 1177 Neoptolemus

1060 1176 1341 1235 PeuCestes

1057 1248 1255 1303 Artous

625 1357 655 1390 δ
1003 1316 1032 1390 1
1056 1316 1408 1377 Archesilaus

277 935 559 1006 Accipiunt
586 950 617 991 a
647 929 909 989 Perdicca

1296 426 1823 488 BIBLIOTHECA.
1864 450 1933 460 -
1961 427 2127 490 COD.
2167 426 2387 487 XCIII.

1894 540 2056 596 Fines
2083 541 2311 595 Caucasi
2335 537 2556 592 montis.

1897 613 2123 668 Dracas.

1894 683 2139 751 Argaeos.

1894 751 2234 806 Bactrianos.

1896 821 2217 892 Sogdianos.

1895 893 2150 947 Parthos.

1895 962 2198 1034 Hyrcanos.

1894 1033 2200 1091 Armenios.

1892 1102 2109 1159 Persas.

1893 1173 2239 1245 Babylonios.

1894 1245 2167 1315 Pelasgas.

1893 1315 2363 1386 Mesopotamiam.

1039 1478 1280 1524 DIVISIO
1307 1481 1555 1526 IMPERII
1591 1478 1982 1525 MACEDONICI
2014 1480 2049 1522 Δ
2079 1477 2395 1521 PERDICCA
2428 1474 2658 1519 FACTA.

1435 1587 1589 1661 Apud
1612 1587 1679 1655 ρ.
1710 1586 1959 1643 Curtium
1989 1586 2082 1642 lib.
2114 1601 2171 1641 ι.

217 1700 319 1755 Rex

213 1770 524 1826 Ptolemaeus

215 1838 509 1896 Laomedon

215 1909 441 1966 Philotas

213 1980 504 2051 antigonus

212 2048 506 2109 Cassander

216 2118 493 2179 Menander

214 2187 509 2252 Leonnatus

215 2259 465 2321 Eumenes

1280 2137 1551 2197 obtineret

214 2407 389 2464 Pithon

215 2478 555 2548 Lysimachus

218 2549 488 2606 Perdiccas

879 2729 997 2798 tJ".

412 2824 530 2881 Τοῦ
563 2821 1101 2890 αὐτοῦωιθυνιακὰ
1123 2819 1194 2875 ἐν
1214 2820 1477 2887 βιϐλίοις
1507 2825 1583 2890 η’.

275 2917 394 2991 [235
418 2917 514 2990 IL]
560 2914 909 2985 ’Δνεγνώσθη
936 2913 1031 2968 τοῦ
1065 2912 1233 2969 αὐτοῦ
1282 2913 1351 2967 τὰ
1386 2912 1718 2970 Βίθυνιακὰ
1750 2914 1794 2945 ⁸³

217 3015 265 3066 ἓν
292 3014 513 3083 βιϐλίοις
540 3009 712 3075 ὀκτὼ,
741 3011 799 3063 ὲν
820 3006 902 3073 οἷς
931 3009 1001 3063 τά
1022 3026 1084 3062 τε
1122 3008 1334 3080 μυθικὰ
1358 3009 1427 3062 τὰ
1472 3011 1603 3080 περὶ
1631 3007 1797 3061 Βιθυ-

216 3103 316 3167 νίας
341 3104 433 3157 xui.
446 3098 651 3166 τᾶλλα,
677 3102 780 3155 ὅσα
798 3100 1034 3170 συνέστη
1058 3100 1185 3171 περὶ
1213 3100 1406 3171 αὐτὴν,
1431 3101 1511 3163 εἰς
1531 3099 1724 3154 λεπτὸν
1748 3099 1793 3134 ⁸⁸

217 3197 523 3267 ἀναγράφει,
552 3197 624 3266 τῇ
661 3193 881 3265 πατρίδι
905 3192 1078 3265 δῶρον
1108 3191 1403 3263 ἀναφέρων
1442 3190 1513 3245 τά
1542 3191 1752 3265 πάτρια
1775 3209 1790 3224 ο

218 3287 564 3359 Νικομήδειαν
590 3287 701 3357 γάρ
729 3305 781 3341 τι
803 3285 866 3340 τὸ
885 3285 1043 3355 γένος
1064 3285 1232 3340 αὑτοῦ
1270 3287 1328 3339 έν
1368 3286 1542 3359 ταύτῃ
1568 3290 1633 3358 τῇ
1658 3305 1791 3357 συγ-

218 3383 383 3452 γραφῇ
412 3379 669 3451 διορίζει,
703 3380 762 3432 έν
791 3378 929 3450 αὐτῇ
962 3394 1024 3431 τε
1056 3377 1385 3450 γεννηθῆναι
1416 3376 1542 3451 [150
1572 3378 1666 3452 Η.]
1697 3380 1794 3434 καὶ

217 3473 469 3543 τραφῆναι
495 3470 599 3526 καὶ
645 3469 1011 3539 παιδευθῆναι
1049 3470 1145 3524 καὶ
1175 3471 1327 3541 ἱερέα
1351 3472 1450 3542 τῆς
1498 3471 1791 3543 Δήμητρος

219 3566 417 3637 καὶτῆς
442 3565 641 3630 παιδὸς
669 3564 866 3635 αὐτῆς,
888 3557 979 3628 αῖς
1004 3564 1102 3619 καὶ
1124 3564 1226 3636 τὴν
1252 3565 1410 3619 πόλιν
1466 3565 1791 3620 ἀνακεῖσθαί

220 3673 354 3727 φησι,
388 3658 764 3730 χρηματίσαι.
788 3657 1083 3728 Μέμνηται
1114 3657 1172 3711 δὲ
1195 3658 1255 3712 ὲν
1279 3658 1460 3731 ταύτῃ
1480 3658 1530 3690 ⁵³
1556 3661 1623 3731 τῇ
1655 3673 1790 3726 συγ-

219 3753 381 3822 γραφῇ
408 3752 505 3804 καὶ
532 3749 743 3821 ἐτέρων
774 3750 1197 3822 πραγματειῶν,
1229 3745 1304 3805 ὧν
1335 3754 1370 3822 ἡ
1404 3752 1504 3823 μὲν
1535 3754 1635 3807 ὅσα
1685 3752 1789 3804 Τι-

222 3841 444 3910 μολέοντι
465 3843 549 3914 τῷ
578 3842 854 3915 Κορινθίῳ
879 3843 1023 3898 κατὰ
1060 3843 1314 3899 Σικελίαν
1365 3846 1614 3919 ἐπράχθη
1673 3851 1790 3904 διαο

219 3931 480 4003 λαμϐάνει,
517 3934 652 4008 [256
682 3933 774 4008 8.]
825 3937 859 4007 ἡ
888 3936 947 3989 δὲ
990 3935 1062 3990 τὰ
1112 3937 1273 3990 Δίωνι
1303 3937 1383 4007 τῷ
1435 3940 1788 4016 Συρακουσίῳ

218 4022 302 4075 ὅσα
327 4025 680 4099 ἀξιαφήγητα
722 4027 862 4098 ἔργα
896 4027 1251 4099 ἐπετελέσθη,
1289 4021 1575 4101 ήνίκαίτάς
1605 4033 1784 4104 Συρα-

219 4116 399 4182 κούσας
428 4121 525 4173 καὶ
562 4121 746 4173 πᾶσαν
778 4119 1032 4173 Σικελίαν
1056 4120 1165 4174 ἀπὸ
1195 4120 1290 4175 τοῦ
1320 4121 1574 4194 δευτέρου
1604 4126 1787 4179 Διονυ-

222 4205 339 4269 σίου,
367 4208 425 4273 ὃς
455 4205 528 4281 ἦν
562 4211 697 4273 παῖς
724 4209 820 4263 τοῦ
852 4211 1145 4283 προτέρου,
1181 4211 1502 4285 ἠλευθέρου,
1553 4215 1648 4268 καὶ
1677 4216 1789 4270 τῶν

220 4295 509 4371 βαρϐάρων,
540 4299 639 4365 οὓς
685 4300 829 4372 ὑπὲρ
857 4301 951 4356 τοῦ
1010 4301 1248 4373 βεϐαίως
1282 4307 1572 4376 τυραννεῖν
1600 4308 1786 4362 Διονύ-

221 4403 315 4451 σιος
359 4392 698 4463 ἐπηγάγετο.
734 4392 991 4447 Φαίνεται
1019 4394 1078 4448 δὲ
1127 4394 1401 4467 τετάρτην
1427 4396 1659 4468 γράφων
1687 4398 1787 4470 τὴν

220 4479 300 4548 τῆς
320 4484 582 4554 πατρίδος
608 4486 891 4556 ἀφήγησιν
910 4499 924 4513 ·
955 4483 1096 4554 μετὰ
1115 4486 1162 4518 ⁸⁵
1182 4485 1293 4556 γὰρ
1319 4486 1369 4518 δ’
1396 4486 1465 4540 τὰ
1484 4489 1611 4558 περὶ
1646 4489 1788 4542 Ἀλέ-

220 4569 416 4645 ξανδρον
442 4577 542 4629 καὶ
570 4575 909 4646 Τιμολέοντα
940 4576 1037 4629 καὶ
1078 4576 1255 4631 Δίωνα
1287 4576 1456 4649 [μετὰ
1501 4579 1602 4643 τὰς
1656 4582 1786 4653 περὶ

220 4667 390 4733 αὐτοὺς
423 4669 695 4744 ἱστορίας]
723 4670 818 4742 ῆδε
854 4671 1004 4743 αὑτῷ
1028 4673 1063 4744 ἡ
1112 4673 1409 4745 συγγραφὴ
1453 4673 1775 4749 έξεπονήθη,

220 4757 321 4821 te“
350 4762 525 4833 ἀρχῆς
555 4762 679 4833 μὲν.
701 4762 795 4833 ἀφ’
830 4758 892 4819 οὗ
922 4766 1160 4835 γράφειν
1211 4766 1421 4837 ίσχυσε,
1454 4767 1661 4838 ταύτην
1689 4769 1778 4822 έν-

220 4855 497 4923 στήσασθαι
533 4855 634 4911 καὶ
686 4855 947 4923 συντάξαι
994 4857 1094 4928 τὴν
1140 4857 1399 4912 ὑπόθεσιν
1438 4858 1774 4929 βουληθέντι,

218 4945 299 5013 τῆς
322 4946 377 4999 δὲ
408 4949 769 5020 παρασκευῆς
810 4948 889 5020 τῷ
919 4949 1119 5014 ἐνδεῶς
1162 4950 1324 5005 αὑτὸν
1352 4952 1498 5022 ἔχειν
1522 4951 1568 4984 δ’
1596 4968 1777 5023 παρα-

220 5036 441 5107 τεινάσης
483 5038 575 5092 τὸν
609 5040 802 5111 χρόνον
834 5056 850 5070 ⁸
902 5040 1109 5111 ταύτην
1152 5042 1263 5113 γὰρ
1319 5042 1483 5106 αὐτὸς
1528 5044 1630 5114 τῆς
1679 5043 1774 5096 ἐπὶ

219 5126 417 5200 τούτῳ⁵⁸
446 5130 786 5204 βραδυτῆτος
807 5132 1132 5187 ἀποδίδωσιν
1165 5134 1366 5191 αἰτίαν.

279 5216 529 5290 Ἀρχεται
560 5221 664 5292 μὲν
689 5220 805 5289 οὖν,
832 5222 1023 5294 ὥσπερ
1049 5225 1094 5257 ⁵9
1125 5224 1364 5296 εἴρηται,
1396 5223 1505 5280 ἀπὸ
1533 5224 1644 5279 τῶν
1668 5242 1774 5296 μυ·

221 5302 362 5363 θικῶν
388 5310 491 5381 τῆς
526 5312 796 5385 ἱστορίας,
823 5315 1041 5370 κάτεισι
1060 5316 1119 5370 δὲ
1167 5317 1333 5389 μέχρι
1361 5317 1623 5390 τελευτῆς
1674 5315 1770 5371 τοῦ

1897 1698 2173 1756 Summam
2203 1699 2437 1768 imperii.

1898 1769 2189 1843 @gypium
2224 1780 2278 1824 et
2302 1771 2510 1843 Africae
2550 1778 2759 1840 gentes,
2794 1786 2915 1842 quae
2948 1770 3001 1826 in
3037 1768 3248 1826 ditione
3300 1777 3481 1824 erant.

1899 1838 2111 1911 Syriam
2142 1855 2265 1895 cum
2301 1838 2577 1897 Phoenice:

1896 1912 2163 1969 Ciliciam.

1900 1982 2116 2065 Eyciam
2149 2000 2270 2040 cum
2300 1982 2638 2056 Pamphylia,
2674 1991 2730 2040 et
2767 1978 2972 2049 majore
3012 1979 3269 2050 Phrygia.

1896 2193 2188 2266 Phrygiam
2234 2196 2498 2252 minorem
2530 2195 2877 2266 Hellesponto
2896 2194 3235 2266 adiunctam.

1895 2262 2292 2335 Cappadociam
2344 2282 2468 2322 cum
2515 2262 2879 2338 Paphlagonia
2931 2262 3101 2336 usque
3160 2263 3226 2319 ad
3279 2262 3486 2333 Trape-

1964 2347 2150 2392 zunta.

1895 2406 2147 2462 Mediam.

1895 2477 2203 2548 Thraciam,
2245 2477 2632 2548 appositasque
2657 2476 2906 2533 Thracia:
2944 2478 3198 2533 Ponticas
3239 2482 3446 2545 gentes.

1896 2546 2287 2603 Praefecturani
2313 2546 2622 2620 copiarum,
2645 2564 2768 2619 quae
2811 2564 2993 2619 regem
3025 2550 3406 2614 sequebantur.

2608 2730 2790 2787 XCIII.

2258 2827 2523 2906 Ejusdem
2537 2827 2755 2882 Arriani
2787 2825 3092 2897 Bithynica.
3384 2902 3393 2906 -

1968 2916 2098 2987 Legi
2130 2918 2414 2988 Bithynica
2447 2904 2689 2988 ejusdem
2744 2918 2896 2973 libris
2947 2929 3073 2975 octo
3117 2935 3132 2970 :
3175 2904 3484 2990 quibusde

1898 3008 2146 3079 Bithynia
2198 3011 2474 3067 t'abulosas
2533 3011 2897 3078 narrationes,
2959 3020 3267 3083 caeteraqne
3309 3014 3376 3069 ad
3416 3030 3481 3069 ea

1896 3103 2247 3173 pertinentia.
2294 3113 2548 3160 accurate
2599 3102 2935 3173 perscribit:
2969 3104 3474 3179 patriaemimirnm

1896 3196 2125 3266 patriam
2169 3197 2446 3251 historiam
2492 3195 2754 3252 oderens.
2779 3194 3099 3252 Nicomedia
3130 3196 3275 3251 enim
3307 3212 3479 3266 genus

1894 3302 1953 3345 se
1990 3287 2189 3343 ducere
2218 3288 2321 3342 hoc
2346 3302 2511 3357 opere
2542 3288 2785 3343 ostendit
2813 3305 2828 3354 ;
2880 3286 3020 3358 73b
3066 3301 3246 3357 eaque
3268 3286 3320 3341 in
3345 3289 3480 3342 urbe

1895 3392 2103 3447 natum,
2125 3381 2290 3435 altum
2320 3380 2629 3451 litterisque
2666 3381 2958 3448 imbutum,
2985 3383 3350 3437 sacerdotium
3377 3382 3481 3436 Ce-

1895 3474 2056 3537 reris,
2085 3472 2307 3542 ejusque
2337 3472 2455 3527 tilia:
2478 3472 2823 3542 Proserpinae
2862 3472 3090 3543 (quibus
3118 3487 3333 3528 sacram
3355 3488 3480 3528 esse

1894 3565 2081 3619 urbem
2120 3564 2332 3633 scribit)
2372 3564 2626 3634 gessisse.
2667 3563 2917 3619 Meminit
2963 3579 3092 3619 vero
3130 3564 3233 3620 hoc
3267 3566 3383 3635 ipso
3423 3567 3475 3621 in

1892 3655 2030 3710 libro
2059 3663 2114 3710 et
2154 3655 2380 3709 aliorum
2416 3670 2640 3724 operum
2679 3675 2693 3711 ι
2731 3671 2959 3726 quorum
2999 3654 3231 3711 alterum
3255 3658 3474 3726 quidem

1892 3747 2005 3819 (56)
2036 3746 2390 3802 Timoleontis
2416 3747 2691 3802 Corinthii
2726 3763 2813 3803 res
2841 3748 2893 3802 in
2926 3747 3110 3804 Sicilia
3143 3760 3325 3819 gestas
3346 3764 3477 3804 con-

1893 3844 2057 3909 tinet;
2089 3842 2317 3896 alterum
2352 3855 2481 3896 vero
2520 3857 2609 3897 res
2646 3842 2832 3896 Dionis
2882 3839 3243 3911 Syracusani,
3273 3858 3477 3898 memo—
3536 3840 3543 3846 ’

1892 3943 2012 3988 ratu
2050 3933 2241 4004 dignas
2296 3931 2484 3999 refert,
2511 3948 2633 3987 cum
2670 3931 2973 4003 Syracusas
3029 3934 3117 3988 hic
3149 3950 3479 4004 omnemque

1889 4025 2025 4080 adeo
2066 4025 2309 4080 Siciliam
2346 4040 2375 4077 a
2411 4024 2656 4095 Dionysii
2717 4026 2939 4079 secundi
2976 4024 3088 4094 (qui
3139 4024 3299 4093 primi
3332 4025 3478 4081 ﬁlius

1886 4118 2009 4188 fuit)
2046 4117 2334 4189 tyrannide
2372 4116 2625 4171 liberavit
2665 4135 2680 4171 :
2714 4116 3043 4185 insuperque
3069 4126 3123 4171 et
3146 4132 3174 4171 a
3207 4117 3478 4180 barbaris,

1886 4224 2021 4280 quos
2046 4221 2103 4263 ut
2136 4208 2477 4281 tyrannidem
2504 4209 2792 4276 ﬁrmaret,
2825 4208 3115 4281 Dionysius
3146 4223 3212 4264 eo
3237 4209 3479 4264 adduxe-

1886 4311 1991 4355 rat.
2018 4300 2255 4370 Apparet
2284 4314 2416 4355 vero
2452 4299 2555 4354 hoc
2584 4313 2753 4368 opus,
2794 4314 2900 4369 quo
2923 4299 3156 4370 patriam
3188 4300 3475 4369 descripsit

1881 4403 2003 4463 post
2030 4392 2326 4447 Alexandri
2353 4392 2554 4462 magni,
2583 4391 2964 4456 Timoleontis,
2998 4404 3053 4447 et
3084 4391 3268 4447 Dionis
3292 4409 3472 4447 rerum

1880 4495 2152 4556 gestarum
2207 4484 2488 4552 hiStorias,
2543 4494 2747 4554 quarto
2790 4484 2911 4540 loco
2963 4484 3275 4540 confectura
3298 4499 3419 4539 esse
3452 4503 3470 4539 :

1879 4587 1933 4634 et
1970 4577 2124 4632 initio
2156 4577 2378 4646 quidem
2407 4586 2577 4643 certe,
2606 4593 2675 4631 ex
2718 4592 2825 4644 quo
2858 4576 3100 4631 animum
3125 4578 3196 4630 ad
3226 4575 3471 4630 scriben-

1880 4666 2007 4722 dum
2046 4666 2337 4738 appulerit,
2378 4667 2483 4721 hoc
2508 4666 2613 4721 sibi
2645 4666 2896 4723 consulto
2930 4675 3310 4738 argumentum
3343 4682 3473 4736 pro-

1884 4760 2130 4830 posuisse
2184 4767 2242 4814 et
2303 4760 2643 4829 pra-tuisse;
2703 4774 2887 4813 verum
2941 4759 3087 4829 quod
3142 4758 3306 4815 rebus
3360 4759 3473 4815 illis

1885 4851 2048 4921 hujus
2078 4860 2375 4921 apparatus
2405 4850 2696 4921 indigeret,
2728 4851 2935 4905 tardius
2964 4850 3285 4907 absolvisse.
3321 4851 3472 4908 lianc

1882 4942 2026 4996 enim
2076 4942 2305 5012 ipsemet
2333 4941 2663 4999 cessationis
2709 4941 2987 5012 tardaeque
3035 4942 3293 5000 editionis
3336 4958 3469 5000 cau-

1882 5051 1999 5092 sam
2038 5035 2218 5091 aﬂert.

1950 5221 1991 5275 Α
2028 5218 2290 5277 fabulosis
2321 5234 2474 5291 ergo,
2513 5230 2574 5276 ut
2605 5221 2719 5292 jam
2765 5221 3024 5290 diximus,
3057 5223 3471 5279 narrationibus

1878 5313 2185 5370 ducendum
2215 5315 2426 5386 putavit
2459 5314 2703 5383 initium,
2733 5318 3023 5387 pergitque
3065 5331 3233 5388 porro
3273 5317 3343 5373 ad
3375 5331 3470 5371 ex-

1496 5451 1730 5508 VARIAE
1763 5451 2172 5510 LECTIONES.

274 5538 310 5568 “
340 5538 633 5615 Βιθυνιακὰ
656 5544 724 5602 Α,
746 5543 1009 5599 Βιθυνικὰ
1032 5563 1095 5610 ς.
1117 5544 1187 5599 cf.
1216 5548 1355 5615 p.17
1394 5564 1426 5602 a
1455 5548 1549 5602 27.

1655 5546 1815 5620 "fk
1836 5548 2033 5620 λεπτὸν
2054 5550 2097 5601 Α
2120 5566 2134 5600 :
2154 5547 2515 5620 λεπτομερῶς
2555 5566 2619 5614 ς’-

2724 5547 2989 5632 ¹³ται3τγη
3028 5548 3205 5632 ταύτῃ
3231 5546 3368 5629 αρτῇ
3396 5545 3464 5603 Δ.

221 5599 258 5693 ii
284 5608 586 5693 ιὲετά1μετέι
618 5630 678 5665 τε
704 5599 762 5678 ἐς.
821 5616 888 5649 ’⁸³
917 5599 1124 5693 γὰρ’-ς
1157 5599 1434 5693 itit—aiam.
1458 5599 1545 5673 Ᾰξ
1602 5617 1648 5650 σο
1672 5616 1755 5689 ἐξ]
1778 5599 2035 5688 satis.
2054 5599 2141 5652 '1'
2157 5599 2513 5692 martia;
2532 5599 2585 5675 ,ἱ
2600 5599 2618 5676 Ξ
2640 5599 2998 5693 ἐχεινόἶὸτόὗ
3015 5599 3370 5685 ςέζ”ίέ’τ’ὸῢὲὲ
3399 5599 3464 5683 ig.

223 5670 257 5703 ⁸³
285 5670 463 5752 ὥσπέρ
510 5670 732 5755 εἴρηταί
779 5694 903 5756 post
928 5670 1199 5758 ’ἱστορίας
1248 5670 1432 5759 ponit-

1720 5781 1955 5838 ΝΟΤΑΕ.

1720 5781 1765 5837 Ν
1817 5782 1860 5837 Τ
1935 5820 1955 5838 .

284 5859 380 5930 (36)
414 5863 618 5935 Dionis,
665 5868 759 5939 qui
787 5869 1197 5943 _Timoleontem
1246 5876 1549 5945 praecessit,
1602 5781 2076 5948 ipsiusgufiztiam
2103 5876 2463 5936 Timoleontis
2496 5877 2661 5934 iitam
2696 5876 2863 5936 habes
2896 5877 3036 5950 apud
3065 5876 3209 5934 Plut.
