4092 6404
210 398 298 462 325
1272 389 1774 451 BIBLIOTHECA

1887 413 1919 427 -
1948 385 2116 448 COD.
2150 386 2371 447 XCIII.
3346 381 3451 442 3‘25

209 510 293 582 τὴν
310 506 505 562 τούτων
559 503 984 559 ἀποστέλλονται
1014 502 1269 574 ζήτησιν,
1313 501 1408 555 καὶ
1436 501 1560 573 δίχα
1606 516 1763 571 μεριε-

1891 504 2193 567 nsequente
2239 494 2409 547 Dama
2460 490 2524 544 ad
2575 499 2791 562 pratum
2843 490 3112 561 quoddam
3159 490 3450 546 Rhodanes

213 600 405 662 σθέντες
433 596 550 671 [151
588 594 682 666 ιι.]
714 597 808 650 ἐπὶ
824 597 922 667 τὴν
953 595 1183 665 ἔρευναν
1210 593 1530 665 τρέπονται.
1579 594 1765 646 Κατα-

1887 596 2179 657 :aperetur.
2219 582 2476 637 Piscator
2514 583 2660 636 enim
2703 582 2920 651 quidam
2965 592 3212 651 pastores
3248 583 3451 636 indica-

211 693 551 762 λαμϐάνονται
579 692 624 723 ⁸⁸
662 688 851 760 σχεδόν
879 706 933 741 τι
973 688 1126 759 παρά
1157 704 1278 741 τινα
1306 685 1549 755 λειμῶνα
1568 684 1767 757 οἱπερὶ

1887 680 1969 743 iit,
2000 676 2094 747 qui
2144 672 2539 745 quastionibus
2592 672 2742 736 torti,
2789 682 3001 742 pratum
3043 671 3175 726 illud
3221 671 3311 725 vix
3345 681 3453 724 tan-

224 785 452 854 Ῥοδάνην
481 784 584 837 ὑπὸ
613 781 708 836 τοῦ
744 781 1037 844 διώκοντος
1066 780 1225 851 Δάμα
1247 797 1262 811 ο
1314 780 1500 843 ἁλιεὺς
1533 779 1580 833 δ’
1608 774 1677 849 ἦν
1706 777 1765 840 ὃς

1887 773 1990 826 lem
2030 771 2428 823 demonstrant.
2463 765 2582 834 Quo
2639 766 2690 819 in
2750 775 2905 835 prato
2956 774 3010 820 et
3062 780 3255 819 aurum
3310 762 3455 817 Rho-

211 880 319 941 τοὺς
349 877 605 947 ποιμένας
642 876 939 946 ἐμήνυσεν,
976 875 1025 929 οἳ
1056 872 1477 944 στρεϐλούμενοι
1500 871 1593 925 τὸν
1649 871 1761 923 λει-

1869 861 2039 915 danes
2075 868 2377 929 repererat,
2409 857 2477 911 ab
2513 857 2865 929 inscriptione
2901 856 3014 929 (60)
3047 857 3334 922 columnze,
3368 854 3455 909 cui

215 972 350 1043 μῶνα
366 971 513 1042 μόλις
544 968 901 1022 δεικνύουσιν.
949 968 1037 1020 Ἐν
1063 959 1107 1035 ᾧ
1135 967 1230 1019 καὶ
1265 964 1468 1037 χρυσὸν
1506 963 1765 1034 Ῥοδάνης

1888 967 1954 1008 eo
1988 952 2281 1017 insidebat,
2314 958 2615 1006 ostensum.

214 1066 428 1135 εὖρισκε.
457 1063 556 1133 τῆς
578 1061 781 1133 στήλης
806 1060 901 1114 τού
935 1060 1154 1124 λέοντος
1198 1057 1642 1130 ύποδηλούμενον
1689 1055 1767 1127 τῷ

214 1156 591 1227 ἐπιγράμματι.

272 1249 400 1321 [257
455 1245 569 1318 R.]
629 1246 1013 1316 Καὶιτράγου
1069 1262 1121 1299 τι
1183 1242 1378 1316 φάσμα
1441 1243 1543 1315 ἐρᾷ
1598 1244 1768 1297 Σινω-

214 1341 334 1403 νίδος
373 1356 389 1371 ⁶

215 1432 448 1501 λειμῶνος
477 1431 800 1501 ἀπαίρουσι.
824 1429 1015 1500 Δάμας
1044 1429 1099 1483 δὲ
1138 1429 1229 1483 τὸν
1248 1428 1357 1482 ἀπὸ
1385 1427 1480 1481 τοῦ
1507 1426 1772 1498 λειμῶνος

216 1526 296 1595 τῆς
315 1522 590 1586 Σινωνίδος
621 1522 885 1591 στέφανον
914 1520 1090 1592 εὑρὼν
1118 1521 1329 1590 πέμπει
1362 1519 1569 1590 Γάρμῳ
1599 1535 1773 1590 παρα-

218 1614 403 1683 μύθιον.
433 1611 734 1681 Φεύγοντες
757 1612 813 1667 δὲ
839 1612 889 1665 οἱ
921 1613 1054 1683 περὶ
1095 1612 1356 1682 Ῥοδάνην
1409 1610 1774 1681 ἐντυγχάνου-

218 1707 286 1752 σιν
308 1701 392 1752 ἐπὶ
409 1700 654 1770 καλύϐης
688 1700 819 1771 γραῒ
864 1718 971 1754 τινι
997 1702 1241 1769 γυναικὶ,
1295 1701 1390 1754 καὶ
1435 1701 1774 1769 κρύπτονται

216 1795 292 1846 ὑπ’
319 1793 489 1864 ἄντρῳ
512 1792 583 1858 ⁸⁸,
627 1791 657 1845 ὃ
686 1790 992 1864 διαμπερὲς
1015 1793 1057 1829 ⁸³
1114 1788 1184 1863 ἦν
1241 1791 1628 1863 ὀρωρυγμένον
1678 1791 1772 1845 ἐπὶ

218 1860 433 1947 σταδίους
459 1860 801 1954 τριάκονταλ
832 1860 1012 1956 λόχμῃ
1054 1884 1111 1936 δὲ
1140 1860 1224 1936 *τὸ
1266 1860 1441 1954 στόμα
1472 1860 1770 1937 ἐϐέϐυστο.
1808 1860 1848 1911 Β

216 1975 309 2029 Καὶ
335 1976 530 2045 οἱπερὶ
560 1974 654 2027 τὸν
689 1973 879 2044 Δάμαν
900 1973 1243 2041 ἐφίστανται,
1291 1972 1390 2026 καί⁸
1422 1971 1775 2044 ἀνακρίνεται

217 2069 444 2139 ἠγραῦς,
470 2070 570 2122 καὶ
596 2066 751 2138 ξίφος
777 2067 987 2137 γυμνὸν
1041 2065 1226 2120 ἰδοῦσα
1275 2064 1554 2135 ἐξέψυξεν.
1610 2065 1671 2117 Οἱ
1718 2064 1776 2118 δὲ

216 2162 294 2216 τοῦ
317 2163 590 2235 Ῥοδάνους
610 2162 768 2215 ἵπποι
790 2162 883 2214 καὶ
900 2163 998 2231 τῆς
1016 2159 1319 2225 Σινωνίδος,
1336 2152 1417 2222 οἷς
1439 2158 1773 2228 ἐπωχοῦντο,

219 2255 686 2326 συλλαμϐάνονται.
716 2254 825 2307 Καὶ
855 2252 1312 2325 περικαθίσταται
1340 2252 1384 2283 ⁸⁸
1434 2252 1664 2323 στρατὸς
1714 2251 1777 2305 τὸ

218 2350 389 2420 χωρίον
438 2349 496 2403 ἐν
526 2342 575 2418 ᾧ
608 2347 835 2411 Σινωνὶς
888 2349 980 2400 καὶ
1047 2346 1304 2415 Ῥοδάνης
1359 2344 1775 2416 ἀπεκρύπτετο,

221 2444 299 2494 καὶ
322 2439 774 2513 καταρρήγνυται
800 2456 947 2501 τινος
976 2438 1085 2492 τῶν
1133 2438 1448 2510 περιπόλων
1494 2439 1663 2503 ἀσπὶς
1712 2441 1779 2492 ἐκ

220 2529 391 2599 χαλκοῦ
419 2529 510 2583 τοῦ
535 2529 857 2600 ὀρύγματος
885 2526 1148 2598 ὕπερθεν,
1180 2526 1274 2579 καὶ
1314 2526 1392 2598 τῷ
1419 2527 1654 2599 διακένῳ
1682 2526 1776 2580 τοῦ

221 2622 329 2691 ima
356 2622 457 2675 τῶν
484 2620 892 2691 κεκρυμμένων
937 2621 1169 2691 μήνυσις
1208 2619 1441 2688 γίνεται,
1477 2621 1573 2673 καὶ
1617 2637 1778 2693 περι-

222 2714 481 2784 ορύσσεται
502 2714 571 2767 τὸ
599 2712 840 2784 δρυγμα,
872 2714 969 2765 καὶ
998 2710 1178 2766 πάντα
1193 2709 1383 2781 Δάμας
1400 2711 1518 2783 βοᾷ.
1557 2713 1667 2766 Καὶ
1698 2712 1782 2780 γί-

224 2823 348 2859 νεται
371 2809 479 2868 τοῖς
501 2806 656 2859 ένδον
676 2804 1050 2875 συναίσθησις,
1079 2805 1175 2857 καὶ
1207 2802 1505 2873 φεύγουσιν
1532 2804 1635 2858 ὑπὸ
1665 2807 1781 2868 τοῖς

222 2898 299 2952 τοῦ
325 2899 513 2971 ἄντρου
577 2900 773 2968 μυχοῖς
801 2898 872 2963 ⁸⁸,
905 2898 1000 2949 καὶ
1046 2895 1435 2950 διεκπίπτουσι
1493 2895 1631 2968 πρὸς
1684 2896 1783 2968 τὴν

225 2991 393 3063 ἑτέραν
418 2989 589 3043 αὐτοῦ
613 2989 775 3061 ὀπήν.
821 2989 933 3042 Καὶ
970 2987 1240 3059 μελιττῶν
1270 2987 1318 3019 ⁷⁰
1358 2986 1569 3056 ἀγρίων
1601 2989 1783 3060 σμήνη

225 3082 407 3135 ἐκεῖθεν
443 3081 539 3134 ἐπὶ
569 3080 698 3144 τοὺς
749 3077 1083 3150 ὀρύσσοντας
1110 3078 1397 3149 τρέπεται,
1432 3080 1704 3150 καταρρεῖ
1726 3079 1783 3131 δὲ

1924 1250 2094 1306 ’1ἰὶνοὶ
2126 1265 2343 1320 quoque
2393 1260 2671 1321 spectrum
2721 1251 2995 1319 quoddam
3052 1248 3308 1303 Sinonica
3346 1248 3459 1301 illic

446 1338 504 1403 ἐξ
558 1333 626 1409 ἧς
680 1338 861 1401 αἰτίας
903 1337 1000 1391 καὶ
1055 1337 1105 1390 οἱ
1159 1338 1291 1407 περὶ
1348 1336 1602 1407 Ῥοδάνην
1674 1334 1769 1388 τοῦ

1887 1357 2056 1397 tmare
2086 1342 2253 1411 ccepit
2290 1361 2304 1396 :
2342 1357 2462 1411 qua:
2486 1356 2648 1397 causa
2693 1341 2819 1407 fuit,
2873 1349 2927 1394 ut
2964 1341 3255 1395 Ithodanes
3294 1356 3358 1394 ex
3391 1355 3457 1393 eo

1875 1443 2028 1504 prato
2063 1433 2375 1487 excederet.
2415 1431 2613 1487 Damas
2636 1447 2788 1495 vero,
2839 1440 3107 1498 repertam
3168 1432 3238 1485 ihi
3297 1431 3458 1485 Sino-

1876 1525 2017 1579 nidis
2048 1539 2303 1579 coronam
2332 1523 2533 1578 solatio
2569 1524 2773 1580 Garmo
2822 1525 3096 1580 submisit.
3164 1522 3270 1594 Ipsi
3328 1523 3455 1591 fuga

1875 1616 2096 1688 dilapsi,
2150 1619 2457 1674 inciderunt.
2496 1618 2547 1671 in
2584 1617 2821 1671 vetulam
2881 1617 3173 1685 quamdam
3205 1617 3257 1668 in
3290 1624 3454 1685 tugu-

1878 1707 1959 1764 rio
1993 1711 2353 1775 habitantem,
2403 1718 2731 1779 antrumque
2758 1708 3057 1763 subeuntes
3090 1708 3282 1769 latent,
3310 1707 3454 1775 quod

1878 1813 2095 1857 antrum
2116 1818 2213 1873 per
2239 1804 2416 1858 stadia
2446 1804 2671 1857 omnino
2696 1802 2913 1871 triginta
2941 1801 3220 1865 effossum,
3277 1801 3461 1853 fauces

1880 1893 2116 1948 habebat
2179 1895 2366 1950 densis
2424 1894 2664 1949 arbustis
2726 1895 3059 1949 obstructas.
3124 1892 3322 1945 Damas
3372 1891 3462 1945 hic

1880 1982 2063 2047 instat,
2096 1999 2344 2054 anusque
2374 1968 2699 2048 altercator,
2745 1983 2840 2037 sed
2895 1983 3148 2037 strictum
3207 1991 3266 2035 ut
3321 1982 3461 2036 vidit

1879 2075 2139 2144 gladium,
2166 2078 2478 2131 exanimata
2511 2085 2614 2131 est.
2676 2074 2818 2143 Equi
2861 2074 3061 2142 quibus
3121 2074 3463 2128 vehebantur

1882 2170 2174 2225 Ilbodanes
2196 2180 2361 2239 atque
2389 2169 2611 2225 Sinonis
2637 2168 2948 2237 capiuntur,
2994 2166 3281 2235 locumque
3312 2181 3465 2221 exer-

1880 2263 2021 2317 citus
2051 2263 2245 2327 cinxit,
2273 2263 2324 2317 in
2351 2278 2457 2332 quo
2503 2278 2563 2318 se
2617 2262 2697 2316 illi
2725 2261 3151 2315 absconderant.
3202 2260 3458 2329 Disrupto

1880 2363 1995 2410 tum
2020 2355 2159 2410 forte
2189 2357 2372 2422 unius,
2395 2355 2486 2425 qui
2519 2355 2698 2410 locum
2727 2355 2934 2421 obibat,
2968 2369 3113 2408 aereo
3151 2353 3361 2423 clypeo,
3409 2351 3461 2405 in

1888 2446 2162 2516 superiori
2194 2445 2393 2501 defessi
2423 2446 2565 2500 antri
2592 2455 2768 2517 parte,
2816 2454 2870 2500 et
2913 2459 3008 2515 per
3055 2459 3281 2499 vacuum
3315 2456 3468 2498 reso-

1882 2540 2227 2603 nanteceho,
2286 2539 2543 2593 indicium
2603 2540 2663 2592 fit
2704 2542 2875 2593 latere
2919 2537 3225 2593 nonnullos.
3280 2534 3469 2604 Itaque

1883 2630 2030 2685 fossa
2051 2629 2468 2686 circumfoditur
2492 2648 2506 2685 :
2538 2640 2591 2684 et
2620 2630 2819 2687 Damas
2839 2646 2934 2698 per
2966 2645 3158 2685 omnes
3181 2637 3367 2700 partes
3386 2630 3470 2682 in-

1883 2722 2111 2789 clamat,
2135 2732 2197 2776 ut
2220 2722 2311 2791 qni
2344 2722 2490 2777 intus
2517 2732 2698 2791 erant,
2729 2723 3025 2789 audierint,
3080 2733 3245 2792 atque
3274 2720 3343 2775 ad
3367 2720 3469 2775 ab-

1885 2818 2031 2872 ditos
2041 2816 2310 2887 speluncae
2329 2829 2575 2870 recessus
2590 2814 2925 2886 dilIugerint,
2945 2824 3000 2870 et
3017 2814 3084 2868 ad
3100 2816 3326 2869 alterum
3348 2826 3475 2870 tan-.

1883 2911 2006 2966 dem
2028 2910 2145 2980 ejus
2164 2907 2410 2963 foramen
2431 2906 2835 2961 delaberentur.
2859 2906 2955 2960 llic
2972 2922 3134 2976 apum
3172 2908 3469 2975 agrestium

1885 3016 2111 3056 examen
2139 2998 2409 3056 fodientes
2448 2998 2695 3069 (milites)
2722 2998 2945 3060 invadit,
2998 2997 3157 3053 tnelle
3180 2998 3385 3052 interea
3416 2998 3471 3053 in

1890 3092 2146 3161 fugitivos
2162 3088 2451 3146 defluente.
2468 3092 2610 3160 Apes
2637 3090 2763 3159 ipsae
2779 3086 2917 3160 7ήὸ
2932 3103 2996 3143 ac
3018 3088 3145 3155 tnel,
3160 3098 3474 3157 serpentum

226 3174 305 3228 τοῦ
334 3175 539 3246 μέλιτος
580 3173 675 3227 καὶ
703 3173 797 3225 ἐπὶ
822 3173 947 3236 τοὺς
974 3170 1275 3242 φεύγοντας
1308 3188 1324 3203 ·
1358 3172 1413 3225 αί
1440 3171 1496 3224 δὲ
1529 3171 1782 3241 μέλισσαι

1889 3198 2006 3250 esu,
2031 3199 2238 3239 veneno
2265 3184 2463 3239 infecta
2492 3193 2685 3250 erant;
2715 3183 2844 3238 inde
2868 3198 3006 3252 quos
3043 3183 3145 3239 illa:
3179 3183 3245 3236 ad
3270 3182 3473 3237 fossam

229 3267 385 3321 καὶτὸ
416 3267 539 3338 μέλι
570 3265 631 3333 ἐξ
665 3265 910 3337 ἑρπετῶν
957 3264 1495 3335 πεφαρμακευμέναι
1550 3267 1781 3335 τροφῆς,

228 3358 274 3409 αἱ
303 3358 391 3427 μὲν
419 3358 725 3430 κρούσασαι
751 3357 792 3386 ⁷¹
817 3356 943 3419 τοὺς
973 3357 1068 3408 ἐπὶ
1095 3356 1157 3409 τὸ
1183 3355 1405 3426 ὄρυγμα
1432 3356 1785 3427 ἠκρωτηρία-

229 3448 323 3514 ζον,
354 3449 441 3513 οὒς
467 3449 529 3502 δὲ
558 3448 657 3502 καὶ
685 3448 1039 3503 ἀπέκτειναν.
1056 3447 1146 3518 Τῷ
1173 3448 1228 3501 δὲ
1250 3446 1395 3519 λιμῷ
1420 3449 1786 3520 κρατούμενοι

228 3540 271 3592 oi
291 3541 409 3611 περὶ
444 3539 705 3608 Ῥοδάνην
725 3537 1222 3609 διαλιχμησάμενοι
1245 3537 1311 3605 ⁷²,
1343 3537 1553 3601 καὶτὰς
1586 3537 1786 3606 γαστέ-

234 3648 314 3701 ρας
343 3631 747 3705 καταρρυέντες
775 3630 845 3698 ⁷⁸,
868 3628 1137 3683 πίπτουσι
1167 3628 1322 3701 παρὰ
1364 3627 1462 3700 τὴν
1513 3628 1630 3682 ὁδὸν
1653 3628 1787 3683 ὡσεί⁹

230 3723 407 3794 νεκροί.
436 3722 743 3790 Φεύγουσιν
777 3722 806 3773 ὁ
852 3719 1081 3791 στρατὸς
1126 3718 1205 3790 τῷ
1234 3719 1344 3772 τῶν
1374 3719 1643 3790 μελισσῶν
1698 3736 1789 3773 που

230 3812 358 3885 λέμῳ
416 3813 771 3883 πονούμενοι,
812 3813 908 3866 καὶ
965 3812 1093 3876 τοὺς
1141 3813 1271 3884 περὶ
1339 3811 1595 3883 Ῥοδάνην
1639 3812 1789 3882 ὅμως

230 3902 474 3968 διιὶικουσι,
524 3906 627 3959 καὶ
677 3903 771 3968 οὓς
826 3904 1052 3959 ἐδίωκον
1115 3905 1354 3975 ὁρῶντες
1421 3906 1790 3979 ἐρριμμένους

232 3995 563 4065 παρέτρεχον,
595 3993 823 4064 νεκρούς
851 4011 1003 4059 τινας
1067 3994 1144 4058 ὡς
1170 3995 1389 4067 άληθῶς
1466 3995 1789 4065 ὑπολαμϐά-

230 4101 406 4151 νοντες.
446 4089 536 4141 Ἐν
564 4086 741 4158 τούτῳ
765 4085 843 4158 τῷ
878 4087 1062 4158 ἄντρῳ
1112 4089 1360 4159 κείρεται
1406 4089 1533 4152 τοὺς
1586 4087 1792 4141 πλοκά-

235 4194 344 4245 μους
377 4181 685 4250 ήΣινωνὶς,
722 4181 791 4233 δι’
836 4175 898 4236 οὗ
948 4181 1096 4252 ὕδωρ
1138 4181 1326 4245 αὐτοῖς
1383 4181 1745 4252 ἁνιμήσονται
1770 4196 1786 4211 ο

233 4268 474 4323 καὶτοῦτο
517 4269 702 4341 εὑρὼν
753 4272 936 4325 ἐκεῖσε
988 4273 1175 4342 Δάμας
1214 4272 1426 4343 πέμπει
1455 4272 1534 4341 τῷ
1566 4272 1789 4344 Γάρμῳ,

237 4354 472 4427 σύμϐολον
494 4358 593 4412 τοῦ
619 4359 788 4428 ἐγγὺς
824 4354 965 4413 εῖναι
998 4361 1288 4426 κάκείνους
1320 4360 1625 4417 συλλαϐεῖν.
1676 4361 1794 4432 Ἐρ-

237 4449 486 4518 ῥιμμένων
511 4451 574 4503 δὲ
610 4449 766 4522 παρὰ
789 4451 836 4482 ’⁷⁸
860 4452 961 4523 τὴν
980 4452 1099 4506 ὁδὸν
1133 4452 1225 4506 τοῦ
1257 4470 1317 4505 τε
1380 4452 1666 4516 Ῥοδάνους
1697 4451 1792 4505 καὶ

1888 3283 2252 3344 pupugerunt,
2278 3272 2474 3345 partim
2500 3273 2919 3340 labefactarunt,
2958 3274 3155 3343 partim
3190 3274 3353 3327 etiam
3383 3289 3475 3327 οι-

1888 3366 2156 3421 ciderunt.
2183 3364 2349 3419 Fame
2372 3366 2440 3421 ad
2462 3367 2576 3420 haec
2597 3364 2894 3421 Rhodanes
2917 3376 3079 3435 atque
3109 3366 3253 3420 socia
3274 3369 3475 3432 coacti,

1889 3471 2014 3511 cum
2057 3456 2242 3527 (hujus
2274 3472 2489 3527 quoque
2510 3458 2735 3528 aliquid)
2797 3457 3117 3521 linxissent,
3177 3467 3465 3526 postquam

1888 3548 1942 3604 id
1973 3549 2026 3604 in
2068 3558 2312 3605 ventrem
2355 3548 2599 3616 defluxit,
2662 3551 2729 3603 ad
2766 3550 2908 3603 viam
2948 3550 3114 3603 veluti
3147 3552 3349 3603 mortui
3385 3550 3475 3603 af-

1887 3636 2021 3693 ﬂicti
2077 3648 2226 3693 sunt.
2268 3636 2448 3708 Copia:
2476 3652 2659 3692 autem
2703 3639 2805 3693 ilhe
2833 3638 3175 3703 obsidentes,
3236 3655 3361 3693 cum
3402 3640 3475 3694 ab

1889 3732 2083 3801 apibus
2106 3730 2314 3785 illatum
2347 3730 2543 3785 bellum
2575 3731 2849 3785 sustinere
2877 3747 2985 3785 non
3027 3740 3277 3800 possent,
3328 3741 3476 3801 terga

1890 3833 2133 3888 vertunt,
2173 3822 2603 3893 Rhodanemque
2627 3824 2984 3879 nihilominus
3027 3838 3466 3894 persequuntur:

1890 3930 1944 3972 at
1995 3920 2122 3971 dum
2174 3927 2481 3987 prostratos
2559 3932 2696 3987 quos
2761 3918 3198 3988 insequebantur
3271 3919 3476 3983 vident,

1890 4025 2052 4065 cursu
2089 4018 2495 4078 pertransennt,
2531 4011 2798 4064 cadavera
2829 4025 3018 4065 revera
3047 4026 3167 4065 esse
3191 4020 3467 4080 putantes.

1890 4094 1948 4149 In
1968 4096 2070 4149 hoc
2096 4107 2255 4151 antro
2292 4097 2470 4152 crines
2498 4108 2709 4153 attonsa
2739 4108 2822 4154 est
2844 4098 3094 4167 Sinonis,
3124 4110 3182 4155 ut
3228 4100 3298 4156 iis
3339 4116 3480 4171 aqua

1893 4187 2022 4257 ipsis
2049 4188 2383 4253 hauriretur,
2412 4204 2548 4258 quos
2570 4200 2817 4259 repertos
2863 4191 2993 4246 inibi
3041 4191 3240 4248 Damas
3274 4192 3479 4248 Garmo

1893 4279 2065 4345 misit,
2091 4280 2326 4348 signum,
2353 4295 2461 4349 quo
2497 4281 2852 4351 intelligeret,
2887 4283 2942 4337 in
2988 4285 3214 4353 proclivi
3259 4300 3381 4339 esse
3421 4292 3480 4337 ut

1894 4372 2150 4444 (fugitivi)
2178 4374 2482 4443 capiantur.
2537 4374 2738 4430 Stratis
2765 4374 2955 4445 utique
2976 4376 3129 4447 juxta
3149 4378 3291 4432 viam
3326 4376 3476 4431 Rho-

1893 4463 2031 4519 dane
2064 4474 2115 4519 et
2156 4464 2438 4546 Sinonid'e,
2499 4474 2761 4536 tanquam
2815 4468 2882 4521 ad
2942 4478 3186 4523 mortuos
3240 4469 3479 4523 accessit

236 4538 315 4607 τῆς
339 4542 638 4609 Σινωνίδος,
669 4546 699 4599 ό
731 4544 961 4615 στρατὸς
1008 4545 1420 4616 παρερχόμενος
1453 4544 1527 4609 ὡς
1559 4546 1652 4598 ἐπὶ
1702 4561 1783 4598 νε-

1896 4558 2174 4611 exercitus
2200 4574 2213 4611 :
2246 4572 2309 4612 ac
2355 4538 2532 4628 patrio
2558 4574 2710 4614 more
2736 4559 2829 4613 alii
2855 4561 3074 4630 quidem
3105 4573 3286 4616 vestes
3311 4561 3479 4631 proji-

237 4635 364 4701 κροίς
390 4636 533 4691 κατά
584 4637 647 4690 τὸ
677 4636 908 4707 πάτριον
947 4635 1069 4699 ἔθος
1094 4637 1146 4688 οί
1180 4636 1282 4707 μὲν
1320 4636 1675 4708 χιτωνίσκους
1704 4637 1789 4708 ρί-

238 4737 431 4788 πτοντες
452 4727 785 4793 ἐκάλυπτον,
812 4726 962 4780 ἄλλοι
998 4727 1056 4780 δέ
1084 4727 1212 4782 ἄλλο
1239 4745 1293 4780 τι
1318 4728 1427 4780 τῶν
1453 4729 1787 4800 προσόντων,

238 4815 314 4866 καὶ
344 4819 516 4889 κρεῶν
562 4820 620 4872 δὲ
667 4820 812 4891 μέρη
868 4821 964 4874 καὶ
1007 4819 1195 4890 ἄρτου,
1279 4819 1650 4892 ἐπέρριπτονο
1694 4819 1790 4873 καὶ

237 4905 355 4961 οὔτω
379 4911 661 4982 παρῆλθεν
692 4913 720 4964 ό
759 4911 1008 4984 στρατός.
1041 4908 1105 4964 Οἱ
1154 4911 1211 4964 δὲ
1243 4911 1322 4981 τῷ
1358 4911 1536 4982 μέλιτι
1599 4928 1785 4982 καρω-

238 4990 393 5060 θέντες
423 4999 575 5069 μόλις
615 5000 955 5065 ἀνίστανται,
997 5000 1253 5071 κοράκων
1288 5001 1389 5071 μὲν
1421 5002 1530 5054 τῶν
1556 5004 1683 5073 περὶ
1717 5001 1786 5056 τὰ

240 5088 351 5154 κρέα
385 5091 730 5163 διεριζόντων
764 5092 1038 5165 Ῥοδάνην,
1071 5093 1280 5146 ἐκείνου
1305 5093 1360 5146 δὲ
1390 5095 1650 5148 Σινωνίδα
1672 5097 1789 5150 δια-

239 5182 597 5252 ναστήσαντος.
636 5185 994 5249 Ἀναστάντες
1028 5183 1123 5239 οὖν
1153 5185 1480 5257 πορεύονται
1500 5188 1599 5259 τὴν
1634 5189 1789 5243 ἐναν-

240 5456 275 5488 n
295 5391 334 5421 ⁸⁸
355 5394 645 5476 ,τρέπονται
675 5397 768 5482 καὶ
815 5395 1129 5488 κατῇλαμξ.
1176 5399 1246 5481 Α..

299 5477 505 5536 τουςᾲσ-
536 5477 742 5536 μυχοὺς
764 5484 825 5531 ς’.

239 5525 277 5559 ⁷⁸
306 5525 445 5614 παρὰ
472 5525 568 5591 Δ’;
607 5525 739 5609 περῖ

1339 5398 1386 5430 ⁸⁸
1417 5400 1613 5465 ἄντρον
1665 5419 1725 5465 ς.

921 5466 968 5498 ⁷⁸
1015 5466 1289 5537 μελισσῶν
1342 5485 1404 5534 ς.

1898 4648 2104 4703 cientes
2120 4649 2463 4717 operiebant,
2492 4650 2580 4705 alii
2608 4667 2736 4706 vero
2761 4652 2905 4706 aliud
2936 4653 3066 4721 quid
3110 4668 3320 4717 eorum,
3359 4669 3481 4723 qua:

1898 4740 1964 4793 ad
1996 4756 2213 4793 manum
2246 4754 2424 4808 erant,
2456 4744 2705 4797 carnium
2737 4758 2802 4797 ac
2831 4745 2986 4813 panis
3021 4752 3229 4813 partem
3265 4746 3481 4816 objece-

1897 4840 2043 4897 runt,
2077 4833 2263 4900 sicque
2293 4833 2701 4890 abscesserunt.
2728 4833 2917 4904 Neque
2955 4850 3083 4890 vero
3116 4837 3169 4891 hi
3211 4843 3281 4892 ob
3306 4838 3482 4896 mellis

1896 4931 2051 4973 esum
2078 4928 2301 4976 veterno
2331 4925 2470 4991 capti
2502 4924 2641 4994 (61),
2689 4924 2793 4977 nisi
2842 4939 2985 4994 aegre
3015 4927 3478 4996 expergisceban-

1899 5020 2006 5076 tur,
2026 5013 2154 5066 dum
2188 5015 2336 5069 corvi
2364 5032 2462 5083 pro
2479 5031 2645 5070 carne
2673 5017 2817 5071 inter
2844 5033 2904 5074 se
2934 5030 3267 5090 pugnantes,
3331 5020 3480 5077 Rho-

1896 5103 2117 5168 danem,
2138 5115 2193 5159 et
2217 5106 2304 5161 hic
2330 5106 2590 5161 Sinonida
2619 5124 2907 5180 assurgere
2945 5121 3166 5183 cogunt.
3206 5111 3327 5169 Jam
3376 5114 3481 5169 ita-

1895 5210 2001 5266 que
2032 5199 2272 5267 excitati,
2305 5201 2463 5255 aliam
2499 5217 2663 5272 quam
2693 5205 2971 5260 exercitus
2990 5207 3132 5260 viam
3163 5207 3480 5278 ingrediun-

1522 5302 1761 5362 VARIAE
1801 5309 2213 5369 LECTIONES.

1698 5419 1725 5485 ζ.
1816 5405 1859 5436 ⁸⁷
1893 5404 2220 5485 διαμπερὲς]
2253 5407 2348 5485 ‘cf.
2414 5409 2608 5485 Suidas
2660 5410 2714 5464 h.
2767 5425 2818 5465 ν.

1502 5472 1542 5502 '“
1578 5472 1872 5543 κρούουσαι
1912 5495 1973 5542 ς.

2920 5410 2967 5443 ⁸⁸
3003 5427 3070 5463 πε
3079 5410 3368 5480 ρικάθηται
3416 5427 3475 5473 ς.

2032 5546 2037 5549 Α
2070 5478 2126 5549 ⁷⁵,
2160 5478 2657 5551 δῐαλικμησάμενοι
2701 5499 2761 5545 ς’.
2869 5481 2916 5514 ⁷³
2956 5478 3370 5552 παραρρυέντες
3415 5497 3477 5543 ς.

1749 5634 1985 5693 NOTAE.

302 5695 686 5793 ικῧολρε-ιιεοηε
713 5717 947 5793 incipr
972 5719 1216 5793 lege_i_nl‘.
1245 5721 1478 5780 Ptolem.
1506 5722 1782 5793 Hephaast.

244 5770 349 5867 ...ι
376 5770 492 5867 ι’νο.
518 5770 692 5867 ".1...
716 5770 771 5843 ει
799 5770 1226 5864 amissae...
1247 5770 1791 5866 ῑέῇεέίῐιιῑξςιῖῑιῑίιι

256 5860 578 5927 ωδεηριίοιιε
610 5860 940 5918 thesaurum.

1970 5728 2082 5800 (6i)
2106 5728 2280 5800 Negat
2307 5738 2488 5785 tamen
2520 5747 2642 5786 eam
2681 5731 2858 5790 mellis
2908 5744 3033 5789 esse
3087 5730 3194 5787 vim
3249 5729 3479 5786 Adrian.

1904 5798 2146 5860 Ttii'tteb.
2170 5798 2266 5860 lib.
2298 5818 2486 5871 xxvni,
2519 5817 2641 5874 cap.
2665 5802 2759 5859 45.
