4092 6414
592 415 696 482 3Ξ7

1751 416 2016 477 ΡΗΟΤΙῙ
2054 416 2561 477 PATllIARCII/E
2596 418 2707 479 ΟΡ.

3766 430 3868 495 3‘28

590 543 699 597 tur,
720 529 1030 603 quominus
1059 529 1096 585 ii
1133 544 1275 595 esse,
1310 529 1405 600 qui
1437 530 1849 598 quzerehantur,
1913 546 2171 601 agnosce-

2282 530 2403 585 τίαν
2426 532 2759 604 τραπόμενοι
2789 533 2868 604 τῷ
2903 536 3137 606 στρατῷ,
3166 536 3252 591 ἵνα
3297 540 3501 609 μᾶλλον
3533 540 3749 598 λάθοιεν
3797 551 3869 619 μὴ

589 634 801 680 rentur.
830 623 1072 679 Inventis
1097 623 1302 679 deinde
1321 623 1508 678 asellis
1523 625 1762 689 duobus,
1798 628 2173 678 conscendunt

588 715 714 785 ipsi,
748 729 1029 783 oneraque
1058 715 1363 782 impon‘unt.
1400 728 1522 782 qua:
1556 729 1741 769 secum
1776 714 2089 779 attulerant,
2109 728 2174 767 ex

588 807 659 862 iis
690 808 857 863 rebus
912 821 1049 876 quas
1094 807 1240 861 velut
1272 807 1501 861 mortuis
1557 806 1833 861 exercitus
1877 805 2173 876 adiecerat.

590 898 731 952 llinc
761 898 813 951 in
839 897 1197 952 diversorium
1223 912 1282 952 se
1306 898 1600 967 recipiunt,
1671 896 1815 951 unde
1862 906 2043 951 tamen
2084 893 2175 949 fu-

591 994 822 1060 gientes,
873 990 1026 1058 juxta
1088 991 1304 1059 plenum
1337 989 1515 1045 forum
1547 991 1600 1044 in
1628 989 1770 1043 aliud
1807 989 2170 1044 diversorium

591 1082 915 1135 concedunt.
947 1079 1157 1135 Accidit
1185 1080 1391 1135 interea
1430 1079 1662 1134 fratrum
1690 1080 1761 1133 ibi
1793 1079 1989 1143 caedes,
2020 1078 2175 1148 cujus

591 1174 857 1235 accusati.
882 1182 1004 1241 post
1048 1173 1212 1226 etiam
1240 1173 1566 1227 liberantur.
1591 1172 1846 1225 Fratrum
1871 1172 2017 1226 enim
2045 1180 2173 1223 natu

592 1266 786 1333 major,
823 1266 912 1333 qui
939 1265 1202 1319 minorem
1230 1279 1439 1318 veneno
1471 1263 1792 1329 sustulerat,
1817 1263 1919 1317 hos
1952 1262 2170 1331 quidem

589 1366 897 1421 accusarat,
939 1357 1031 1411 sed
1056 1356 1157 1412 sibi
1182 1356 1282 1424 ipsi
1312 1371 1502 1409 manus
1532 1353 1838 1418 inferendo,
1880 1354 2026 1408 omni
2052 1368 2176 1406 rur-

590 1463 684 1503 sus
714 1450 941 1504 crimine
976 1449 1255 1503 liberarat.
1308 1446 1601 1501 Rhodanes
1649 1446 1855 1501 inscius
1903 1461 2174 1500 venenum

590 1542 717 1597 hinc
750 1558 933 1596 secum
973 1540 1181 1608 aufert;
1229 1540 1572 1609 subeuntque
1623 1548 1748 1609 post
1782 1539 1899 1594 hmc
1946 1537 2176 1595 latronis

591 1635 834 1698 domum,
869 1635 959 1704 qui
997 1635 1048 1688 in
1076 1635 1315 1689 viatores
1342 1633 1718 1703 grassabatur,
1788 1646 1924 1701 quos
1951 1640 2005 1686 et
2066 1632 2172 1686 sibi

590 1724 885 1791 epulandos
960 1725 1283 1793 apponebat.
1334 1722 1483 1777 Missi
1542 1733 1723 1777 autem
1787 1723 1891 1776 huc
1927 1738 1956 1776 a
2010 1721 2173 1775 Dama

590 1818 813 1882 milites,
848 1826 1134 1886 postquam
1173 1815 1440 1869 latronem
1483 1813 2035 1884 comprehenderunt,
2090 1814 2169 1882 ig-

2282 624 2435 688 ὄντες
2485 626 2536 677 οἰ
2569 624 2912 693 διωκόμενοι.
2949 626 3061 679 Kal
3115 628 3370 700 εὑρόντες
3424 631 3580 697 ὅνους
3614 633 3710 688 δύο
3775 638 3870 689 ἐπε

2278 717 2483 788 έϐησάν
2514 735 2573 770 τε
2602 718 2700 771 καὶ
2732 719 2800 771 τὰ
2830 718 3030 789 φορτία
3063 720 3344 790 ἐπέθεντο,
3372 722 3409 778 ἃ
3444 726 3871 799 συνεκεκόμιστο

2277 811 2459 874 αὐτοῖς
2501 813 2596 880 ἀφ’
2648 807 2723 866 ὧν
2767 812 2903 866 ὡσεὶ
2959 816 3180 886 νεκροῖς
3215 817 3516 890 ἐπέρριψεν
3558 821 3587 874 ὁ
3619 822 3868 892 στρατός.

2278 898 2411 955 Εἶτα
2467 902 2825 975 καταίρουσιν
2884 907 2966 969 εἰς
3020 907 3364 978 πανδοχεῖον,
3418 910 3515 966 καὶ
3574 913 3870 982 φεύγουσιν

2277 994 2512 1059 ἐκεῖθεν,
2544 996 2641 1050 καὶ
2707 996 2837 1071 περὶ
2867 998 3184 1070 πλήθουσαν
3213 1001 3424 1073 ἀγοράν
3452 1004 3532 1068 εἰς
3561 1005 3723 1059 ἄλλον
3749 1025 3871 1060 στα-

2277 1086 2415 1158 θμὸν
2434 1088 2786 1144 καταλύουσι.
2813 1091 3151 1159 Καὶγίνεται
3168 1092 3228 1146 τὸ
3258 1093 3429 1158 πάθος
3451 1096 3559 1149 τῶν
3588 1097 3866 1166 ἀδελφῶν,

2276 1180 2374 1233 καὶ
2403 1181 2837 1251 κατηγοροῦνται
2866 1183 3051 1252 φόνου,
3075 1185 3171 1238 καὶ
3197 1186 3325 1257 [152
3361 1185 3452 1259 IL]
3477 1188 3729 1257 ἀφίενται
3754 1191 3868 1253 ,τοῦ

2276 1274 2649 1345 πρεσϐυτέρου
2681 1275 2789 1328 τῶν
2840 1277 3109 1347 ἀδελφῶν,
3161 1280 3220 1344 ὃς
3255 1280 3523 1352 ἀνῃρήκει
3584 1286 3869 1354 φαρμάκῳ

2274 1365 2365 1419 τὸν
2393 1365 2639 1436 ὕστερον,
2672 1372 3157 1441 κατηγορήσαντος
3186 1372 3307 1443 μὲν,
3331 1377 3396 1445 τῇ
3428 1376 3483 1428 δέ
3516 1376 3696 1447 οἰκείᾳ
3714 1378 3869 1430 ἀναι-

2279 1458 2423 1528 ρέσει
2456 1459 2812 1525 ἀθωώσαντος
2842 1478 2856 1495 ο
2883 1463 2979 1516 καὶ
3012 1462 3266 1517 λανθάνει
3306 1464 3565 1536 Ῥοδάνης
3588 1468 3859 1541 ἀνελόμε-

2275 1568 2365 1615 νος
2393 1553 2454 1604 τὺ
2510 1553 2826 1623 φάρμακον.
2886 1556 3258 1628 Καταίρουσιν
3292 1560 3374 1621 εἰς
3409 1561 3621 1630 οἴκημα
3663 1562 3869 1633 λῃστοῦ

2274 1643 2401 1705 τοὺς
2426 1645 2724 1716 παροδίτας
2745 1646 3104 1719 λῃστεύοντος
3134 1651 3228 1703 καὶ
3244 1651 3469 1715 τούτους
3487 1654 3663 1723 ἐαυτῷ
3683 1672 3870 1708 ποιου-

2278 1731 2443 1799 μένου
2467 1732 2771 1803 τράπεζαν.
2834 1738 2945 1790 Kal
2982 1740 3337 1808 στρατιωτῶν
3403 1743 3509 1796 ὑπὸ
3558 1742 3654 1796 τοῦ
3707 1745 3870 1817 Δάμα

2277 1821 2602 1888 σταλέντων,
2638 1827 2763 1879 ἐπεὶ
2797 1827 2826 1880 ό
2854 1828 3058 1899 λῃστὴς
3104 1832 3455 1901 συνείληπτο,
3489 1833 3603 1906 πῦρ
3656 1835 3869 1903 ἐμϐάλ·

589 1925 711 1963 nem
742 1910 793 1962 in
817 1910 932 1978 ejus
950 1909 1172 1961 dommn
1200 1906 1500 1976 injecerunt
1524 1922 1539 1971 ;
1569 1920 1675 1974 quo
1705 1904 1829 1972 igne
1853 1904 1996 1958 etilli
2024 1918 2169 1957 com-

2277 1912 2423 1964 λεται
2457 1914 2536 1975 εἰς
2561 1913 2660 1984 τὴν
2689 1916 2866 1969 οἰκίαν
2900 1922 3026 1971 ’καὶ
3063 1900 3670 1998 περιλαμϐάνονται-τῷ
3692 1900 3865 2000 -πυρὶ,

586 2002 871 2072 prehensi,
901 2016 1043 2071 mgre
1063 1998 1353 2053 admodum
1386 2008 1614 2052 mortem
1638 2005 1952 2058 evaserunt,
1977 1995 2175 2065 perju-

588 2091 802 2160 gulatos
847 2100 901 2143 et
930 2091 1195 2157 in'ignem
1252 2088 1536 2156 conjectos
1582 2088 1769 2142 asinos
1807 2087 2039 2140 transitu
2068 2087 2170 2140 sibi

588 2197 796 2255 parato.
845 2185 954 2239 Visi
990 2185 1151 2255 igitur
1193 2198 1221 2237 a
1264 2182 1524 2237 militibus
1572 2188 1769 2245 noctu,
1813 2181 1904 2250 qui
1955 2181 2172 2234 domum

590 2276 993 2338 accenderant,
1035 2284 1089 2330 et
1118 2273 1434 2344 interrogati
1468 2271 1691 2342 quinam
1717 2282 1923 2336 essent,
1954 2270 2175 2325 umbras

590 2382 652 2423 sc
668 2382 789 2422 esse
818 2381 1027 2430 eorum,
1086 2380 1224 2436 quos
1262 2365 1404 2419 latro
1437 2364 1530 2419 ille
1569 2363 1897 2434 jugulasset,
1947 2377 2177 2432 respon-

589 2461 719 2515 dent.
759 2485 772 2515 ;
807 2459 879 2514 ita
914 2459 1119 2528 pallore
1146 2458 1432 2526 macieque
1473 2457 1678 2521 vultus,
1714 2471 1777 2510 ac
1805 2456 1951 2509 vocis
1978 2454 2174 2509 remis-

609 2553 765 2608 sione
795 2550 1057 2605 militibus
1085 2548 1492 2617 satisfecerunt,
1533 2559 1909 2617 terroremque
1934 2549 2177 2601 incusse-

590 2652 738 2699 runt.
792 2641 1000 2711 Fugam
1059 2655 1275 2695 rursum
1323 2641 1447 2695 inde
1519 2640 1894 2709 capessentes,
1940 2636 2081 2709 75a
2120 2640 2174 2692 in

589 2735 822 2805 puellam
859 2734 998 2788 forte
1022 2734 1087 2787 ad
1112 2732 1423 2803 sepulcrum
1467 2732 1667 2786 elatam
1697 2731 2028 2795 inciderunt,
2090 2742 2177 2785 at-

589 2841 695 2898 que
723 2826 790 2881 ad
820 2824 1179 2896 speetandum
1242 2822 1480 2879 aillueuti
1513 2839 1571 2879 se
1605 2826 1780 2879 turba:
1838 2824 2171 2878 imtniseent.

595 2920 696 2975 llic
726 2935 890 2976 senex
933 2917 1221 2974 Chaldaeus
1256 2926 1479 2987 propter
1502 2925 1707 2983 astans,
1766 2915 1982 2986 sepeliri
2021 2914 2173 2986 puel-

594 3012 703 3068 lam
733 3021 916 3077 vetat;
986 3011 1198 3079 spirare
1222 3010 1367 3063 enim
1409 3023 1473 3063 ac
1505 3009 1690 3064 vivere
1741 3010 2040 3063 etiamnum
2090 3007 2174 3062 af-

586 3106 834 3170 firmans,
865 3114 926 3159 ut
960 3117 1047 3158 res
1087 3102 1202 3171 ipsa
1239 3101 1559 3157 declaravit.
1590 3099 1841 3155 Rhodani
1885 3102 2051 3155 etiam
2080 3115 2176 3154 va-

587 3200 847 3262 ticinans,
880 3194 1133 3265 praedixit
1160 3191 1456 3260 aliquando
1488 3198 1867 3261 regnaturum.
1911 3191 2173 3247 Tumulus

585 3306 716 3360 ergo
746 3288 938 3359 puellae
966 3285 1145 3340 inanis
1171 3284 1464 3348 deseritur,
1510 3283 1677 3338 multa
1722 3284 1794 3339 ibi
1831 3294 1998 3349 veste,
2051 3301 2172 3355 qua:

587 3386 641 3440 in
676 3383 926 3454 sepulcro
958 3379 1239 3435 exurenda
1279 3378 1475 3443 fuerat,
1516 3379 1729 3446 relicta,
1759 3393 1881 3434 cum
1916 3378 2169 3435 esculen-

589 3481 656 3534 tis
681 3492 745 3532 ac
779 3476 1009 3547 poculis,
1063 3473 1259 3542 quibus
1295 3471 1586 3527 Rhodanes
1624 3487 1747 3528 cum
1795 3473 1942 3528 socia
1974 3472 2171 3529 lautius

586 3572 816 3642 epulati,
852 3568 1023 3638 raptis
1051 3567 1248 3622 deinde
1279 3566 1613 3621 indumentis
1644 3566 1991 3636 quihusdam,
2051 3583 2172 3624 sese

588 3664 643 3719 in
669 3664 859 3719 eodem
912 3660 1160 3728 sepulcro
1203 3659 1487 3713 dormituri
1522 3659 1809 3714 collocant.
1857 3660 1929 3715 At
1970 3662 2061 3730 qui
2094 3661 2171 3715 la-

588 3753 764 3807 tronis
792 3751 953 3804 domo
989 3749 1166 3817 ignem
1220 3747 1540 3817 injecerant,
1604 3762 1728 3801 eum
1788 3748 2045 3818 deceptos
2075 3765 2168 3805 ex-

586 3856 711 3899 orto
757 3843 869 3911 jam
916 3841 1029 3896 sole
1081 3854 1141 3896 se
1174 3856 1296 3895 esse
1343 3840 1883 3906 animadvertissent,
1938 3843 2167 3914 vestigia

589 3934 875 3991 Rhodanis
905 3949 968 3987 ac
993 3932 1275 3986 Sinonidis
1291 3940 1418 3985 sunt
1446 3932 1706 3995 insecuti,
1724 3933 1824 3987 rati
1849 3933 2024 3988 socios
2047 3949 2169 3989 esse

586 4027 842 4083 latronis.
909 4026 1080 4096 igitur
1115 4024 1181 4078 ad
1214 4022 1517 4092 sepulcrum
1573 4038 1673 4092 per
1720 4025 1945 4095 vestigia
1978 4026 2166 4091 delati,

589 4134 714 4173 cum
758 4134 852 4172 eos
879 4117 1068 4187 jacere
1091 4115 1164 4169 ibi
1194 4115 1461 4179 viderent,
1490 4114 1739 4184 nihilque
1767 4116 1968 4171 moveri
2004 4117 2169 4187 (quod

590 4227 784 4265 somno
815 4211 1051 4279 vinoque
1088 4208 1280 4278 sepulti
1312 4206 1516 4279 essent)
1549 4208 1815 4264 cadavera
1872 4224 1933 4263 se
1985 4210 2169 4265 videre

590 4303 928 4357 credebant:
963 4315 1140 4370 neque
1174 4300 1497 4370 attigerunt,
1553 4300 1743 4355 incerti
1774 4315 1841 4355 an
1872 4315 1936 4355 eo
1964 4300 2170 4357 ferrent

588 4393 841 4464 vestigia.
866 4392 1128 4448 Discessit
1150 4393 1275 4446 inde
1304 4390 1623 4457 Rhodanes,
1693 4390 2023 4461 fluviumque
2058 4406 2171 4447 tra-

583 4485 740 4556 jecit,
772 4488 926 4553 cujus
961 4500 1100 4555 aqua
1137 4484 1312 4540 dulcis
1346 4500 1412 4539 ac
1436 4484 1808 4555 limpidmregi
1867 4484 1980 4558 (6‘2)
2034 4502 2170 4556 quo-

2277 2000 2405 2073 [240
2439 2001 2531 2074 IL]
2563 2005 2659 2058 καὶ
2709 2005 3068 2076 διαφεύγουσι
3137 2011 3292 2081 μόλις
3336 2012 3428 2066 τὸν
3484 2014 3708 2087 ὄλεθρον
3758 2019 3869 2070 τῶν

2274 2094 2412 2147 όνων
2443 2096 2764 2165 σφαγέντων
2800 2099 2895 2152 καὶ
2947 2101 3025 2171 τῷ
3069 2102 3206 2171 πυρὶ
3257 2105 3338 2168 εἰς
3383 2105 3556 2160 δίοδον
3586 2109 3868 2164 ἐπιτεθέν-

2274 2199 2404 2237 των.
2440 2184 2803 2257 Καθορῶνται
2827 2188 3047 2261 νύκτωρ
3075 2192 3181 2245 ὑπὸ
3202 2193 3314 2247 τῶν
3357 2195 3418 2249 τὸ
3445 2197 3559 2269 πῦρ
3593 2199 3867 2269 ἐμϐαλόν-

2274 2290 2405 2339 των,
2447 2276 2544 2329 καὶ
2584 2277 3031 2349 ἐπερωτηθέντες
3057 2282 3205 2348 τίνες
3234 2280 3365 2352 εἷεν,
3388 2288 3600 2344 Εἰδωλα
3627 2292 3736 2346 τῶν
3761 2294 3871 2346 ὑπ’)

2274 2367 2370 2420 τοῦ
2398 2367 2597 2439 λῃστοῦ
2615 2370 3036 2443 ἀναιρεθέντων,
3057 2376 3466 2447 ἀποκρίνονται,
3490 2382 3583 2434 καὶ
3598 2386 3662 2454 τῇ
3690 2383 3874 2456 ὠχρό-

2275 2474 2397 2526 τητι
2432 2462 2526 2514 καὶ
2557 2460 2848 2534 λεπτότητι
2882 2465 2981 2535 τῆς
3032 2466 3211 2537 ὄψεως
3257 2470 3353 2523 καὶ
3402 2474 3469 2544 τῇ
3505 2473 3701 2547 ἀτονία
3762 2476 3870 2547 τῆς

2277 2552 2462 2622 φωνῆς
2488 2553 2715 2608 ἔπεισάν
2743 2573 2803 2609 τε
2826 2558 2955 2621 τοὺς
2985 2560 3326 2631 στρατιώτας
3352 2565 3448 2618 καὶ
3466 2564 3867 2637 ἐδειμάτωσαν.

2276 2643 2385 2697 Kal
2417 2645 2680 2714 φεύγουσι
2702 2649 2865 2703 πάλιν
2893 2651 3103 2705 ἐκεῖθεν
3123 2654 3194 2720 ⁷⁵,
3228 2655 3323 2708 καὶ
3377 2658 3871 2730 καταλαμϐάνουσι

2278 2734 2451 2806 κόρην
2488 2737 2582 2790 ἐπὶ
2609 2738 2787 2809 ταφὴν
2815 2741 3112 2812 ἀγομένην,
3143 2745 3239 2798 καὶ
3270 2746 3596 2819 συρρέουσιν
3640 2750 3734 2804 ἐπὶ
3766 2750 3871 2823 τὴν

2278 2825 2408 2879 θέαν
2441 2843 2454 2857 ·
2486 2829 2584 2881 καὶ
2612 2829 2879 2894 Χαλδαῖος
2904 2832 3084 2903 γέρων
3139 2835 3368 2901 ἐπιστάς
3417 2838 3619 2893 κωλύει
3648 2840 3746 2912 τὴν
3767 2858 3870 2896 ται

2278 2914 2406 2985 φὴν,
2436 2914 2679 2987 ἔμπνουν
2708 2914 2846 2973 εἶναι
2892 2920 2996 2993 τὴν
3046 2922 3215 2994 κόρην
3244 2924 3326 2978 ἔτι
3355 2925 3533 2994 λέγων
3552 2944 3568 2961 ·
3599 2931 3695 2983 καὶ
3724 2930 3870 2985 ἐδεί-

2277 3005 2380 3076 χθη
2412 3006 2607 3071 οὕτως.
2640 3010 2979 3083 Χρησμῳδεῖ
2998 3013 3057 3066 δέ
3071 3016 3168 3069 καὶ
3200 3016 3279 3087 τῷ
3319 3016 3559 3074 Ῥοδάνει
3589 3022 3635 3053 ⁷⁸
3655 3022 3730 3086 ὡς
3761 3022 3871 3093 βα-

2278 3097 2536 3154 σιλεύσοι.
2571 3102 3064 3173 Καταλιμπάνεται
3090 3106 3247 3171 κενὸς
3278 3109 3309 3161 ό
3344 3110 3443 3179 τῆς
3469 3112 3642 3183 κόρης
3666 3114 3867 3185 τάφος,

2278 3190 2373 3243 καὶ
2403 3191 2575 3245 πολλὰ
2595 3198 2705 3246 τῶν
2740 3194 2983 3260 πέπλων,
3033 3198 3069 3252 ἃ
3114 3197 3342 3269 ἔμελλεν
3391 3201 3737 3258 ἐπικαίεσθαι
3784 3206 3871 3278 τῷ

2278 3282 2457 3353 τάφῳ,
2499 3284 2581 3337 ἔτι
2608 3302 2668 3337 τε
2696 3284 2842 3339 σιτία
2870 3288 2965 3340 καὶ
2992 3288 3135 3343 ποτά
3163 3306 3177 3320 ο
3203 3290 3300 3345 καὶ
3336 3291 3386 3344 οί
3416 3293 3549 3364 περὶ
3603 3294 3870 3369 Ῥοδάνην

2279 3372 2491 3438 τούτοις
2514 3375 2870 3446 εὐωχοῦνται,
2903 3377 3000 3432 καὶ
3054 3379 3401 3451 λαμϐάνουσί
3462 3400 3585 3438 τινα
3621 3385 3717 3439 καὶ
3751 3387 3869 3442 τῶν

2278 3466 2523 3535 ἁμφίων,
2557 3467 2655 3521 καλ⁵
2679 3468 3037 3524 καθεύδουσιν
3074 3473 3133 3525 ἐν
3166 3471 3244 3543 τῷ
3263 3475 3363 3545 τῆς
3387 3474 3559 3547 κόρης
3586 3478 3765 3548 τάφῳ.
3796 3482 3866 3534 Oi

2278 3556 2335 3610 δὲ
2372 3556 2434 3609 τὸ
2453 3557 2565 3631 πῦρ
2592 3562 2660 3631 τῇ
2689 3560 2785 3614 τοῦ
2810 3560 3009 3635 λῃστοῦ
3036 3562 3186 3636 οἰκίᾳ
3239 3564 3591 3636 ἐμϐαλόντες,
3644 3568 3869 3641 ἡμέρας

2278 3648 2646 3722 ἐπιλαϐούσης
2707 3655 3098 3723 ἠπατημένους
3174 3657 3403 3721 ἑαυτοὺς
3469 3659 3774 3726 ἐγνωκότες
3791 3664 3865 3729 ",

2280 3741 2506 3794 ἐδίωκον
2531 3744 2653 3797 κατ’
2680 3746 2804 3815 ἴχνη
2846 3746 3137 3811 Ῥοδάνους
3176 3750 3274 3802 καὶ
3325 3751 3630 3818 Σινωνίδος,
3670 3771 3867 3829 συνερ-

2280 3835 2412 3902 γοὺς
2444 3836 2645 3901 αὐτοὺς
2699 3839 3013 3904 εἰκάζοντες
3042 3835 3181 3896 εἶναι
3216 3841 3311 3896 τοῦ
3341 3841 3538 3915 λῃστοῦ
3571 3860 3585 3874 ·
3638 3847 3867 3918 ἰχνηλα-

2282 3928 2549 3999 τήσαντες
2577 3930 2634 3984 δὲ
2686 3933 2848 4003 μέχρι
2868 3932 2965 3986 τοῦ
2996 3935 3188 4003 τάφου,
3220 3935 3318 3990 καὶ
3374 3938 3637 4003 ἐνιδόντες
3661 3942 3868 4007 αὐτοὺς

2283 4021 2643 4091 ἐγκειμένους
2696 4023 2794 4092 μὲν
2842 4025 2922 4094 τῷ
2960 4027 3140 4097 τάφῳ,
3191 4029 3608 4100 άκινητίζοντας
3653 4034 3711 4087 δὲ
3764 4037 3864 4091 ἆτε

2279 4112 2433 4184 ὕπνῳ
2460 4114 2557 4167 καί¹
2577 4114 2708 4185 οῐνῳ
2733 4117 3167 4187 πεπεδημένους,
3224 4118 3412 4185 ἔδοξαν
3457 4126 3687 4195 νεκροὺς
3730 4128 3866 4199 όρᾷν

2277 4208 2373 4262 καὶ
2401 4209 2719 4275 κατέλιπον,
2749 4210 3119 4281 ἀπορούμενοι
3145 4214 3228 4267 ὃτι
3253 4216 3371 4268 ἐκεῖ
3401 4216 3470 4270 τὰ
3501 4218 3624 4289 ἴχνη
3640 4220 3862 4292 ἔφερεν.

2291 4300 2648 4373 ’Λπαίρουσιν
2670 4304 2882 4357 ἐκεῖθεν
2910 4306 2959 4357 οἱ
2991 4306 3123 4377 περὶ
3192 4305 3471 4377 Ῥοδάνην,
3523 4310 3619 4363 καὶ
3648 4313 3865 4383 περῶσι

2276 4391 2371 4444 τὸν
2398 4392 2666 4463 ποταμὸν,
2707 4393 2916 4461 γλυκύν
2939 4412 2998 4447 τε
3023 4396 3153 4450 ὄντα
3187 4398 3280 4451 καὶ
3302 4397 3503 4470 διαυγῆ
3524 4401 3618 4453 καὶ
3650 4401 3867 4472 βασιλεῖ

2279 4481 2641 4537 Βαϐυλωνίων
2677 4485 2757 4546 εἰς
2806 4484 2964 4538 πόσιν
2988 4486 3373 4557 ἀνακείμενον.
3413 4490 3525 4542 Kal
3555 4492 3864 4562 πιπράσκει

586 4598 695 4655 que
716 4581 1025 4651 Babyloniae
1061 4592 1247 4646 petum
1282 4575 1560 4647 prmbebat
1604 4590 1619 4629 :
1660 4591 1722 4631 ac
1771 4578 1898 4631 dum
1950 4579 2169 4636 Sinonis

2279 4574 2505 4639 Σινωνὶς
2536 4574 2604 4628 τὰ
2636 4575 2851 4645 ἱμάτια,
2881 4575 2976 4631 καὶ
3005 4575 3445 4646 συλλαμϐάνεται
3476 4578 3553 4643 ὡς
3571 4579 3745 4649 τάφον
3766 4598 3864 4633 συ-

589 4678 662 4733 ibi
699 4676 1026 4731 vestimenta
1065 4672 1270 4735 vendit,
1308 4669 1463 4740 quasi
1504 4669 1813 4738 sepulcrum
1855 4671 2161 4739 expilasset,

588 4766 1091 4837 comprehenditur,
1112 4764 1247 4817 etad
1267 4759 1584 4816 Soraachum
1615 4761 1856 4816 Soraachi
1890 4762 2167 4832 publicani

590 4856 787 4921 ﬁlium,
812 4853 949 4910 Justi
983 4862 1359 4924 cognomento,
1393 4854 1749 4923 pertrahitur,
1785 4854 1877 4924 qui
1900 4855 2011 4925 regi
2033 4853 2169 4910 Gar-

595 4960 684 4999 mo
723 4945 941 4997 mittere
965 4961 1087 4998 eam
1122 4944 1191 4996 ob
1227 4942 1685 5013 pulchritudinem
1712 4944 2015 4999 constituit.
2052 4944 2168 5012 Qua

590 5041 656 5091 de
685 5052 847 5091 causa
879 5036 1107 5089 fratrum
1142 5036 1270 5089 illud
1294 5049 1559 5105 venenum
1579 5035 1872 5091 Rhodanes
1894 5047 2056 5108 atque
2087 5036 2173 5093 Si-

590 5127 749 5181 nonis
777 5126 1026 5180 miscent.
1057 5125 1281 5179 Mortem
1315 5108 1459 5178 enim
1487 5125 1970 5193 Optabautpotius,
2008 5142 2170 5196 quam

587 5216 849 5275 Garnmm
882 5215 1089 5271 videre.
1116 5214 1376 5271 Sorzecho
1399 5215 1617 5295 interim
1651 5216 1847 5271 ancilla
1875 5218 2171 5289 significat,

2275 4667 2510 4737 λήσασα,
2539 4666 2639 4721 καὶ
2665 4668 2999 4737 ἀναφέρεται
3048 4671 3129 4731 εἰς
3174 4669 3438 4739 Σόραιχον
3456 4670 3525 4736 ⁷⁸,
3575 4671 3634 4735 ὃς
3665 4667 3736 4743 ἦν
3764 4673 3861 4727 τὼ.

2279 4758 2472 4829 ραίχου
2512 4757 2607 4812 τοῦ
2641 4758 2877 4811 τελώνου
2909 4759 3044 4827 υίὸς,
3076 4759 3311 4832 ἐπίκλην
3352 4760 3410 4814 δὲ
3442 4761 3594 4833 αὐτῷ
3619 4763 3853 4828 δίκαιος.

2278 4851 2391 4904 Kal
2427 4850 2745 4921 βουλεύεται
2776 4850 3020 4921 πέμπειν
3052 4852 3224 4924 αὐτὴν
3256 4852 3351 4906 ἐπὶ
3390 4853 3615 4924 βασιλέα
3640 4855 3864 4928 Γάρμον

2280 4941 2371 4995 διὰ
2400 4942 2460 4995 τὸ
2479 4941 2694 5007 κάλλος,
2736 4940 2829 4995 xal
2862 4945 3121 5014 κιρνᾶται
3153 4944 3243 4999 διὰ
3271 4945 3430 4998 τοῦτο
3457 4946 3521 4998 τὸ
3563 4946 3673 5000 τῶν
3702 4948 3864 5001 ἀδελ-

2275 5034 2391 5103 φῶν
2418 5034 2712 5104 φάρμακον
2765 5034 3003 5088 Ῥοδάνει
3033 5037 3129 5089 καὶ
3184 5036 3429 5088 Σινωνίδι
3449 5055 3462 5068 ·
3496 5037 3867 5109 αἱρετώτερον

2277 5126 2389 5199 γὰρ
2416 5125 2600 5189 αὐτοῖς
2622 5126 2649 5177 ὁ
2682 5126 2912 5190 θάνατος
2943 5127 2977 5197 ἢ
3010 5127 3229 5199 Γάρμον
3264 5128 3419 5183 ἰδεῖν.
3452 5128 3738 5200 Μηνύεται
3768 5131 3867 5184 Σο-

2280 5220 2454 5292 ραίχῳ
2470 5220 2562 5274 διὰ
2591 5220 2691 5290 τῆς
2734 5221 3117 5293 θεραπαινίδος
3148 5221 3356 5293 amp”
3379 5223 3460 5284 εἰς
3484 5222 3644 5293 ἔργον
3668 5223 3866 5295 ἔμελλε

589 5311 718 5381 quid
742 5310 1036 5367 Rhodanes
1072 5318 1126 5364 et
1147 5308 1374 5364 Sinonis
1427 5308 1774 5364 molirentur.
1824 5309 1976 5365 Clam
2008 5311 2171 5380 igitur

2288 5314 2487 5383 χωρεῖν
2527 5311 2767 5367 Ῥοδάνει
2799 5315 2895 5370 καὶ
2919 5315 3165 5371 Σινωνίδι
3198 5333 3212 5349 ο
3268 5315 3366 5370 καὶ
3394 5313 3573 5371 λαθὼν
3606 5318 3635 5371 ό
3665 5318 3863 5390 Σόραι-

1914 5404 2147 5461 νΑιιιιΕ
2186 5405 2597 5462 LECTIONES.

661 5494 707 5580 ’ξε
743 5490 954 5580 ἐκεῖθεν
982 5493 1147 5549 πάλιν
1183 5511 1244 5559 ς.
1318 5494 1366 5527 ⁷⁸
1403 5494 1627 5566 Ῥοδάνῃ
1656 5496 1724 5551 Α.
1748 5494 1829 5551 sic
1849 5506 1904 5551 et
1928 5494 2093 5551 infra.
2171 5497 2214 5528 ’τ
2246 5497 2603 5567 διεγνωκότες
2630 5514 2691 5562 ς.
2786 5498 2830 5532 ⁷⁸
2852 5500 3088 5575 Σηραὶχ.
3118 5503 3271 5560 Suid.
3303 5520 3355 5561 v.
3385 5507 3609 5565 Ζίννων.
3675 5508 3722 5541 τ’
3756 5524 3870 5580 περ

2129 5630 2364 5689 ΝΟΤΛΕ.

586 5565 709 5620 add.
737 5568 803 5619 A.

659 5731 772 5802 (62)
801 5728 845 5783 E
873 5727 991 5783 solo
1011 5728 1261 5802 Choaspe
1302 5724 1467 5802 fluvio
1515 5726 2175 5802 aquam‘hiberehsolitum

587 5797 877 5860 Persarum
909 5813 1089 5867 regem
1113 5815 1177 5852 ex
1202 5797 1403 5853 Herod.
1439 5798 1484 5863 Ι,
1517 5807 1571 5852 et
1591 5798 1772 5853 Ctesia
1800 5798 1994 5853 Cnidio
2017 5808 2172 5854 nota-

590 5873 667 5928 vit
692 5870 985 5928 Athenazus
1016 5867 1250 5940 Dipnoso
1277 5867 1342 5923 ll.
1372 5867 1451 5923 Ex
1498 5869 1753 5926 maximis
1770 5879 1949 5926 autem
1972 5882 2027 5926 et
2049 5869 2166 5926 lon-

2288 5732 2507 5807 ginqnis
2534 5730 2853 5807 fluminibus
2867 5739 3094 5807 petitam
3118 5754 3240 5796 cum
3262 5742 3534 5800 thesauris
3567 5746 3868 5807 recondere

2279 5803 2591 5875 observate
2623 5803 2792 5863 Dione
2826 5803 2969 5865 Plut.
3026 5810 3081 5865 in
3119 5812 3385 5871 Alexand.
3450 5815 3585 5872 Vide
3613 5804 3859 5875 Brlsson.

2274 5872 2484 5929 Persic.
2511 5873 2609 5930 lib.
2636 5888 2674 5927 ι.
3449 5876 3456 5884 ’
