4058 6416
584 393 685 459 331

1751 390 2012 452 ΡΗΟΤΙΙ
2051 390 2562 453 PATRIARCHIE
2605 391 2715 452 CP.

3773 385 3875 448 332

585 514 768 583 guisse
820 508 1077 572 allirmat.
1166 524 1289 563 cum
1346 508 1533 564 Romae
1596 507 1889 575 imperium
1943 506 2176 561 Antoni-

2289 525 2398 562 νον.
2432 508 2544 561 Καὶ
2574 508 2663 561 ὅτε
2706 508 3022 569 Ἀντωνῖνος
3046 547 3061 571 ,
3098 507 3286 577 φησὶν,
3340 506 3552 577 Οὐῆρον
3569 504 3616 537 ⁸⁷
3649 504 3757 558 τὸν
3780 505 3873 557 αὐ-

589 603 826 674 ιιυε(64)
874 602 1125 658 haberet.
1184 602 1287 668 Qui
1344 618 1467 658 cum
1528 599 1725 656 Verum
1787 602 2179 670 imperatorem

588 700 816 755 fratrem
839 697 1002 751 simul
1034 707 1091 750 et
1117 712 1378 764 generum
1413 695 1618 765 (suum)
1642 696 1891 749 mitteret
1915 709 2039 748 cum
2077 694 2184 750 Vo-

590 791 788 861 logaeso
814 786 1139 842 Parthorum
1173 802 1298 858 rege
1332 786 1534 841 bellum
1590 796 1891 855 gesturum,
1920 794 2031 838 tum
2056 802 2185 853 prm-

588 882 795 937 dixisse
810 890 863 937 et
887 880 1081 935 bellum
1106 880 1207 934 hoc
1229 893 1351 933 esse
1369 881 1661 943 oriturum,
1682 888 1738 931 et
1761 878 1980 948 quando
2003 878 2186 932 debel—

589 976 814 1029 landum
840 981 1011 1028 esset.
1045 971 1217 1025 Addit
1238 969 1583 1041 Vologzesum
1614 970 1836 1039 quidem
1892 970 2033 1024 ultra
2086 970 2188 1023 Eu-

589 1065 838 1133 phratem
856 1078 918 1141 ac
933 1060 1138 1130 Tigrim
1156 1060 1374 1117 ﬂumina
1394 1061 1592 1114 vit-tum
1610 1058 1832 1127 fugisse,
1858 1058 2183 1114 Parthorum

588 1171 719 1212 vero
737 1156 1015 1226 regionem
1038 1154 1090 1208 in
1116 1154 1487 1209 Romanorum
1511 1153 1776 1205 ditionem
1820 1153 2188 1207 concessisse.

659 1245 843 1318 Tigris
870 1256 926 1301 et
948 1244 1257 1317 Euphrates
1286 1242 1633 1316 [sacerdotis
1664 1243 1809 1296 illius
1838 1242 1857 1313 ]
1886 1243 2001 1305 lilii,
2029 1243 2187 1314 76a

587 1340 895 1411 persimiles
952 1339 1186 1392 invicem
1243 1348 1422 1397 erant,
1479 1346 1529 1388 et
1592 1335 1882 1388 Rbodanes
1928 1346 2189 1403 utrosque

588 1432 765 1486 forma
821 1431 1111 1486 referebat.
1153 1428 1283 1483 Post
1339 1429 1571 1482 alterum
1622 1429 1785 1496 igitur
1816 1428 1963 1481 illum
1994 1428 2187 1509 lilium,

590 1540 687 1596 per
718 1540 921 1587 rosam,
978 1522 1051 1574 uti
1084 1520 1347 1582 diximus,
1386 1529 1662 1583 enectum,
1696 1517 1992 1574 Rhodanes
2021 1521 2073 1574 in
2107 1521 2189 1574 itt-

589 1620 764 1675 sulam
812 1635 914 1673 una
949 1631 1072 1671 cum
1097 1614 1359 1668 Sinonide
1395 1613 1648 1682 trajecit:
1678 1625 1733 1667 et
1774 1625 1949 1668 mater
1969 1611 2185 1667 Rhoda-

592 1729 717 1769 nem
763 1709 1062 1780 aspiciens,
1123 1706 1382 1761 inclamat
1439 1715 1621 1760 natum
1665 1722 1825 1760 suum
1854 1709 2184 1760 exstinctum

590 1804 877 1863 revixisse,
908 1802 1187 1869 tiliatnque
1214 1814 1353 1868 pone
1384 1798 1643 1866 subsequi
1678 1814 1802 1853 eum
1833 1798 2010 1869 jubet.
2064 1800 2186 1854 Dis-

2292 601 2620 670 τοκράτωρα
2652 602 2749 654 καὶ
2791 600 3019 671 ἀδελφὸν
3047 602 3141 654 καὶ
3174 600 3300 670 κηδε
3312 599 3442 671 στῆν
3471 598 3684 669 ἔπεμψε
3712 599 3876 651 Βολι-

2294 693 2472 761 γαίσῳ
2536 692 2614 761 τῷ
2676 691 2974 761 Παρθυαίῳ
3023 692 3421 761 πολεμήσοντα,
3471 693 3545 754 ὡς
3608 692 3770 753 αὐτός
3819 708 3877 743 τε

2298 784 2553 853 προείποι
2585 784 2681 835 καὶ
2710 783 2801 834 τὸν
2836 782 3101 851 πόλεμον,
3127 782 3210 834 ὅτι
3244 781 3669 851 γενήσεται,καὶ
3694 782 3817 833 ὅποι
3836 781 3879 812 ⁸⁸

2294 878 2696 946 τελευτήσοι⁸⁹.
2737 877 2846 931 Kal
2874 877 2955 930 ὅτι
2990 876 3313 944 Βολόγαισος
3346 877 3445 946 μὲν
3487 877 3623 941 ὑπὲρ
3650 875 3743 928 τὸν
3780 876 3881 928 E5-

2296 971 2513 1041 φράτην
2567 970 2663 1021 καὶ
2720 969 2913 1039 Τίγριν
2967 968 3192 1038 ἔφυγεν,
3250 970 3282 1037 ή
3332 968 3389 1021 δὲ
3431 966 3757 1037 Παρθυαίων
3806 967 3878 1035 γῆ

2310 1061 2601 1131 Ῥωμαίοις
2634 1060 2873 1130 ὑπήκοος
2906 1063 3166 1131 κατέστη.

2381 1238 2526 1291 Ἀλλ’
2550 1238 2577 1291 ὃ
2612 1254 2676 1306 γε
2714 1237 2907 1308 Τίγρις
2936 1237 3033 1291 καὶ
3060 1238 3355 1307 Εὐφράτης
3384 1240 3433 1290 οἱ
3472 1237 3663 1300 παῖδες
3707 1239 3881 1306 ἐμφε-

2301 1335 2413 1402 ρεῖς
2445 1332 2698 1403 ἀλλήλοις
2725 1327 2889 1401 ἦσαν,
2941 1330 3037 1383 καὶ
3078 1330 3334 1400 Ῥοδάνης
3366 1330 3721 1400 ἀμφοτέροις.
3772 1331 3881 1384 Τοῦ

2296 1428 2354 1480 δὲ
2387 1427 2597 1491 παιδὸς,
2641 1427 2832 1497 ὥσπερ
2877 1425 3112 1496 ἔφημεν,
3167 1425 3246 1495 τῷ
3296 1425 3433 1497 ῥόδῳ
3472 1424 3881 1487 τελειωθέντος,

2306 1520 2565 1590 Ῥοδάνης
2587 1520 2725 1590 πρὸς
2755 1518 2853 1589 τὴν
2882 1519 3075 1589 νησῖδα
3106 1519 3223 1588 ἄμα
3252 1519 3497 1572 Σινωνίδι
3526 1516 3879 1588 περαιοῦται,

2297 1613 2391 1664 καὶ
2417 1611 2513 1683 βοᾷ
2543 1614 2575 1681 ή
2619 1614 2804 1682 μήτηρ
2833 1610 2925 1665 τὸν
2964 1610 3268 1679 τεθνηκότα
3295 1611 3463 1680 αὐτῆς
3496 1611 3610 1663 υἱὸν
3637 1610 3881 1663 ἀναϐιῶ-

2297 1727 2405 1770 ναι,
2444 1711 2525 1772 είς
2558 1708 2650 1761 τὸν
2698 1707 2956 1777 Ῥοδάνην
2984 1706 3198 1778 ὁρῶσα,
3230 1706 3325 1759 καλ⁵
3353 1706 3525 1776 κόρην
3558 1705 3707 1775 αὐτῷ
3735 1707 3884 1758 ὲκεῑ-

2298 1801 2446 1854 θενθο
2474 1800 2733 1853 ἕπεσθαι·
2773 1798 3228 1868 συνυποκρίνεται
3276 1797 3534 1867 Ῥοδάνης
3559 1797 3753 1860 ταῦτα,
3777 1797 3883 1863 τῆς

590 1896 812 1953 simulat
843 1896 959 1948 lucc
982 1890 1296 1953 Rbodanes,
1350 1888 1727 1944 insulauorum
1776 1890 2181 1958 simplicitatem

2290 1894 2400 1945 τῶν
2472 1891 2756 1963 νησιωτῶν
2813 1890 3201 1961 κατεντρυφῶν
3260 1890 3537 1960 εὐηθείας.
3592 1890 3880 1960 Μηνύεται

589 1988 900 2043 ludificans.
949 1986 1146 2039 Dantas
1200 1982 1431 2046 interea,
1480 1997 1601 2050 quae
1633 1981 1881 2035 Rhodani
1949 1982 2183 2035 accidis-

590 2092 734 2147 sent,
780 2092 1010 2149 qumque
1041 2074 1331 2131 Sortechus
1357 2090 1479 2129 cum
1524 2073 1617 2128 illo
1653 2074 1933 2145 gessisset,
1972 2074 2176 2129 indicio

592 2173 869 2244 cognovit.
895 2170 1063 2226 Index
1104 2184 1232 2224 vero
1273 2184 1338 2223 ac
1388 2168 1597 2223 delator
1643 2168 1889 2222 medicus
1930 2168 2019 2221 ille
2058 2167 2181 2233 fuit,

591 2284 753 2336 quem
779 2264 1091 2328 Soraecbus,
1126 2259 1483 2317 utSinonidis
1519 2260 1715 2315 vulnus
1740 2271 1983 2323 curaret,
2043 2261 2181 2315 clam

592 2357 943 2411 submiserat.
978 2354 1209 2422 Capitur
1276 2354 1378 2406 hoc
1432 2352 1651 2406 nomine
1681 2350 1991 2417 Sora-clins,
2039 2363 2093 2407 et
2116 2354 2182 2406 ad

593 2448 855 2503 Garmutn
885 2446 1197 2500 adducitur.
1250 2443 1489 2498 Mittitur
1522 2454 1577 2499 et
1608 2444 1817 2499 delator
1849 2460 1971 2499 cum
2001 2445 2184 2499 Damae

595 2543 816 2603 litteris,
874 2541 941 2594 ad
972 2536 1200 2595 Veneris
1254 2539 1621 2603 sacerdotem,
1675 2539 1877 2607 quibus
1919 2537 2181 2592 Sinonida

597 2630 1035 2701 comprehendre
1056 2629 1299 2700 jubetur.
1350 2628 1593 2683 Medicus
1625 2644 1756 2697 ergo
1781 2644 1953 2683 sacrae
1990 2630 2184 2685 insulae

594 2724 797 2779 ﬂumen
834 2736 1144 2793 permeans,
1188 2723 1428 2791 seipsum
1457 2722 1525 2775 de
1573 2736 1724 2775 more
1751 2721 1961 2777 camelo
1980 2736 2183 2790 appen-

597 2816 696 2881 dit,
757 2816 1077 2883 litterasque
1126 2812 1441 2886 [intuenti]
1508 2814 1712 2869 dextra:
1761 2814 1879 2868 auri
1932 2814 2180 2884 imponit.

599 2909 799 2967 Verum
825 2908 1070 2963 delatore
1092 2907 1183 2960 illo
1220 2904 1461 2960 fluminis
1496 2907 1654 2959 undis
1706 2920 1906 2971 merso,
1939 2906 2184 2961 camelus

595 3005 664 3059 ad
695 3002 927 3059 insulam
959 3001 1265 3066 adnatavit,
1319 3000 1408 3053 ubi
1435 2996 1728 3053 Rhodanes
1761 3013 1873 3054 rem
1908 3009 2074 3053 t0tam
2105 2999 2185 3053 dio

595 3095 749 3162 dicit,
778 3094 986 3150 sublata
1007 3108 1038 3147 e
1063 3091 1295 3161 jumenti
1324 3106 1456 3145 aure
1484 3090 1666 3143 Damae
1697 3089 1947 3160 epistola.
2001 3090 2183 3156 Quare

597 3188 725 3260 fuga
751 3187 879 3243 inde
905 3200 966 3242 se
1009 3185 1337 3255 proripiunt,
1386 3194 1796 3251 occurruntque
1828 3182 2084 3237 Sora-eho
2112 3183 2179 3236 ad

597 3279 858 3336 Garmum
912 3294 1095 3347 regem
1139 3277 1325 3341 ducto,
1378 3285 1433 3330 et
1459 3291 1563 3328 una
1598 3275 1650 3329 in
1692 3275 2181 3345 ltospitiumdiver-

598 3381 741 3428 tunt.
777 3372 852 3427 lbi
913 3382 1074 3426 noctu
1101 3368 1394 3423 thodanes
1434 3368 1552 3423 auri
1610 3367 1908 3435 cupiditate
1962 3367 2180 3436 injecta,

597 3462 760 3518 facile
812 3461 1124 3531 persuadet,
1160 3458 1403 3513 Sor-acciti
1447 3468 1507 3511 ut
1548 3458 1806 3513 custodes
1843 3456 2179 3527 iugulentur.

599 3552 760 3628 [Quo
795 3552 1034 3606 facinore
1063 3560 1394 3621 perpetrato,
1414 3548 1435 3621 ]
1456 3550 1728 3620 fugitcutn
1758 3550 1842 3605 his
1871 3548 2180 3617 Soraecbus,

601 3656 843 3701 mutuam
883 3645 1025 3697 hanc
1072 3643 1270 3711 prioris
1317 3658 1428 3698 sua:
1463 3643 1830 3698 beneficentiae
1879 3644 2181 3698 mercedem

601 3746 816 3789 nactus.
873 3733 1045 3787 Porro
1077 3732 1276 3786 Damas
1299 3732 1715 3801 comprehendit
1748 3730 1976 3787 Veneris
2000 3747 2183 3786 sacer-

600 3830 804 3895 dmem,
840 3838 894 3882 et
916 3828 980 3882 de
1001 3826 1269 3881 Sinonide
1289 3826 1645 3895 quaestionem
1674 3825 1911 3880 instituit
1960 3842 1973 3879 :
2019 3836 2184 3893 atque

604 3922 695 3977 ubi
724 3921 937 3975 tandem
963 3919 1234 3995 septentia
1266 3919 1662 3972 condemnatus
1695 3928 1779 3971 est
1819 3932 2007 3980 senex,
2060 3926 2118 3970 ut
2154 3932 2185 3971 e

600 4009 884 4066 sacerdote
913 4007 1155 4064 carnifex
1186 4006 1472 4075 efﬁciatur,
1517 4024 1695 4063 mores
1730 4023 1944 4078 quoque
1964 4008 2183 4063 carnifi-

599 4103 678 4157 cis
711 4116 776 4155 ac
803 4100 1227 4156 consuetudines
1259 4099 1570 4170 Euphrates
1586 4102 1769 4155 discit.
1805 4099 1986 4165 Pater,
2013 4100 2185 4155 idem-

600 4210 705 4264 que
734 4190 1339 4263 sacerdosEuphratem
1369 4208 1468 4264 pro
1498 4191 1759 4247 Rhodane
1777 4192 1938 4247 habet
1988 4191 2182 4260 appel-

602 4289 807 4359 latque.
837 4286 995 4357 Fugit
1027 4296 1082 4341 et
1104 4301 1260 4342 soror
1293 4284 1590 4355 Euphratis
1618 4284 2028 4354 Mesopotamia.
2051 4284 2182 4339 Dein

600 4382 669 4436 ad
690 4384 864 4436 Sacan
896 4381 1199 4449 Euphrates
1224 4381 1339 4449 ipse
1364 4379 1676 4444 adducitur,
1709 4380 2184 4449 interrogaturque

601 4477 667 4528 de
688 4473 955 4529 Sinonide
984 4490 999 4527 :
1034 4487 1131 4542 pro
1166 4470 1430 4526 Rhodane
1463 4470 1609 4524 enim
1649 4470 1976 4536 habebatur,
2018 4480 2184 4541 atque

2286 1986 2473 2055 Δάμας
2514 1986 2584 2039 τά
2622 1986 2754 2055 περὶ
2796 1984 3084 2054 Ῥοδάνην,
3137 1984 3233 2039 καὶ
3288 1984 3389 2036 ὃσα
3438 1985 3703 2055 Σύραιχος
3746 1987 3879 2052 περὶ

2285 2079 2486 2139 αὐτοὺς
2520 2076 2757 2146 ἐπραξεο
2792 2076 2919 2148 [244
2952 2076 3043 2147 IL]
3080 2076 3325 2148 μηνυτὴς
3351 2076 3397 2131 δ’
3437 2073 3506 2149 ἦν
3531 2078 3697 2140 αὐτὸς
3724 2079 3753 2128 6
3795 2079 3880 2130 i1-

2284 2173 2441 2242 τρὸς,
2486 2171 2544 2224 ὃν
2585 2174 2613 2223 6
2647 2171 2909 2241 Σόραιχος
2936 2170 3121 2242 κρύφα
3157 2170 3382 2241 πέμψας
3412 2169 3473 2223 τὸ
3507 2172 3606 2241 τῆς
3648 2170 3879 2223 Σινωνίο

2284 2265 2372 2327 δος
2405 2265 2532 2336 [154
2562 2264 2659 2336 IL]
2690 2264 3027 2334 ἐθεράπευσε
3052 2266 3098 2297 ⁹¹
3142 2264 3386 2335 τραῦμα.
3424 2263 3877 2333 Συλλαμϐάνεται

2283 2358 2374 2411 διὰ
2392 2360 2436 2391 ⁹²
2461 2358 2623 2412 τοῦτο
2652 2358 2934 2428 Σόραιχος,
2963 2358 3057 2410 καὶ
3086 2357 3278 2425 ἄγεται
3314 2356 3409 2409 ἐπὶ
3440 2356 3679 2426 Γάρμον.
3712 2356 3872 2408 Ἀπο-

2287 2451 2564 2506 στέλλεται
2594 2450 2689 2505 καὶ
2727 2452 2891 2514 αὐτὸς
2917 2452 2945 2503 ὁ
2982 2451 3229 2521 μηνυτὴς
3279 2452 3517 2521 γράμμα
3562 2450 3721 2519 Δάμα
3757 2451 3879 2501 ἐπτ-

2286 2544 2586 2614 φερόμενος
2649 2543 2786 2613 πρὸς
2827 2543 2920 2595 τὸν
2970 2542 3071 2612 τῆς
3106 2541 3427 2610 Ἀφροδίτης
3479 2540 3670 2610 ἱερέα,
3713 2539 3801 2606 ἐφ’
3832 2532 3878 2604 ᾧ

2287 2636 2575 2691 συλλαϐεῖν
2616 2638 2740 2697 τοὺς
2772 2635 2903 2706 περὶ
2957 2635 3241 2689 Σινωνίδα.
3278 2633 3558 2688 Διαϐαίνει
3586 2633 3742 2686 τὸν⁹³
3770 2648 3875 2684 πο-

2285 2729 2501 2799 ταμὸνδ
2526 2728 2707 2799 ἰατρὸς
2722 2733 2821 2801 τῆς
2854 2730 3006 2799 ἱερᾶς
3039 2728 3249 2791 ἑαυτὸν,
3276 2728 3353 2790 ὡς
3382 2727 3524 2791 ἔθος,
3556 2726 3877 2796 ἐξαρτήσας

2285 2820 2557 2891 καμήλου,
2598 2821 2657 2872 τὸ
2716 2820 2773 2872 δὲ
2826 2821 3064 2890 γράμμα
3112 2819 3189 2891 τῷ
3223 2819 3382 2889 δεξιῷ
3423 2818 3722 2889 παρενθεὶς
3765 2817 3879 2870 τῶν

2284 2910 2470 2964 ὢτων·
2509 2912 2603 2963 καὶ
2632 2910 2785 2974 τέλος
2832 2912 2859 2963 ὁ
2910 2912 3155 2981 μηνυτὴς
3188 2910 3613 2977 ὲναποπνίγεται
3658 2908 3738 2979 τῷ
3770 2926 3877 2961 πο-

2283 3003 2464 3075 ταμῷ,
2497 3002 2766 3058 διαϐαίνει
2800 3003 2857 3056 δὲ
2889 3004 3026 3075 πρὸς
3054 3004 3154 3072 τὴν
3187 3004 3382 3073 νησῖδα
3417 3004 3449 3074 ή
3477 3002 3745 3070 κάμηλος,
3778 3004 3882 3055 καὶ

2286 3098 2465 3151 πάντα
2513 3096 2880 3168 μανθάνουσιν
2908 3096 2957 3149 οἱ
2991 3096 3124 3165 περὶ
3162 3095 3445 3165 Ῥοδάνην,
3496 3095 3556 3146 τὸ
3584 3094 3678 3148 τοῦ
3713 3095 3881 3161 Δάμα

2286 3188 2522 3259 γράμμα
2568 3188 2678 3241 τῶν
2719 3186 2875 3240 ὢτων
2907 3186 3227 3257 ἀνελόμενοι
3270 3187 3367 3257 τῆς
3410 3186 3685 3257 καμήλου.
3731 3186 3880 3239 Φεύ-

2286 3298 2476 3349 γουσιν
2502 3280 2716 3334 ἐκεῖθεν
2747 3280 2836 3334 διά
2865 3280 3046 3343 τοῦτο,
3100 3280 3200 3333 καὶ
3236 3278 3573 3333 συναντῶσιν
3602 3280 3881 3350 ἀγόμενον

2287 3371 2549 3442 Σόραιχον
2579 3371 2673 3425 ἐπὶ
2697 3370 2941 3442 Γάρμον,
2984 3369 3082 3423 καὶ
3111 3370 3478 3425 καταλύουσιν
3511 3372 3629 3441 ἅμα
3653 3376 3710 3425 ὲν
3737 3390 3883 3425 πανο

2285 3464 2499 3536 δοχείῳ.
2538 3465 2647 3517 Kal
2678 3466 2743 3535 τῇ
2779 3464 2874 3517 τοῦ
2916 3463 3145 3536 χρυσίου
3184 3463 3457 3535 ἐπιθυμίᾳ
3489 3464 3708 3535 νύκτωρ
3741 3464 3884 3517 ἁνα-

2289 3557 2467 3611 πείθει
2509 3557 2790 3627 Ῥοδάνης,
2847 3558 2942 3611 καὶ
2988 3555 3343 3627 ἀναιροῦνται
3388 3558 3439 3610 οἱ
3472 3558 3740 3628 Σοραίχου
3772 3557 3885 3625 φύ-

2286 3650 2472 3713 λακες,
2512 3651 2608 3704 καὶ
2630 3649 2824 3719 φεύγει
2868 3650 2964 3703 σὺν
2989 3651 3173 3714 αὐτοῖς
3201 3649 3484 3721 Σόραιχος,
3515 3650 3755 3719 ἀμοιϐὴν
3788 3652 3886 3703 εὐ-

2288 3743 2399 3815 ρὼν
2446 3744 2545 3813 τῆς
2600 3743 3038 3814 προῦπαρξάσης
3088 3743 3439 3813 εὐεργεσίας.
3489 3741 3883 3812 Συλλαμϐάνει

2286 3836 2476 3907 Δάμας
2517 3836 2610 3889 τὸν
2649 3836 2746 3907 τῆς
2780 3835 3101 3907 Ἀφροδίτης
3146 3836 3299 3907 ἱερέα
3322 3875 3338 3900 ,
3382 3836 3481 3890 καὶ
3519 3835 3883 3907 ἀνακρίνεται

2287 3930 2418 3999 περὶ
2460 3929 2766 3993 Σινωνίδος,
2797 3929 2891 3982 καὶ
2914 3928 3070 3991 τέλος
3100 3928 3495 3999 κατακρίνεται
3546 3928 3743 3999 δήμιος
3780 3944 3882 3995 γε-

2287 4019 2477 4072 νέσθαι
2511 4018 2631 4071 ἀντὶ
2661 4018 2851 4089 ἱερέως
2896 4019 2925 4070 6
2974 4017 3324 4089 πρεσϐύτης’
3366 4018 3460 4071 xal
3501 4017 3570 4070 τά
3615 4018 3749 4086 περὶ
3783 4018 3882 4069 τὸν

2287 4108 2483 4179 δήμιον
2517 4108 2612 4179 ἔθη
2660 4113 2753 4162 καὶ
2788 4110 3017 4180 νόμιμα.
3078 4110 3525 4179 Συλλαμϐἀνεται
3554 4109 3880 4180 Εὐφράτης,

2288 4206 2373 4258 ὅτι
2406 4206 2434 4256 ὁ
2468 4203 2652 4274 πατὴρ
2680 4203 2773 4255 καὶ
2807 4204 3007 4273 ίερεύς,
3055 4204 3131 4266 ὡς
3163 4204 3419 4272 Ῥοδάνην
3463 4201 3629 4255 αὐτὸν
3665 4201 3883 4254 ὑπολα-

2289 4295 2423 4362 ϐὼν,
2468 4295 2645 4359 οὕτως
2691 4294 2981 4349 ἐπεκάλει·
3033 4296 3128 4348 καὶ
3172 4294 3363 4364 φεύγει
3397 4292 3802 4363 Μεσοποταμία
3842 4296 3878 4363 ἡ

2287 4386 2516 4457 ἀδελφή.
2552 4386 2661 4439 Kal
2702 4386 2839 4458 πρὸς
2876 4385 2968 4439 τὸν
3015 4387 3196 4439 Σάκαν
3229 4387 3505 4452 ἀπάγεται
3554 4385 3880 4454 Εὐφράτης,

2287 4478 2644 4549 ἀνακρίνεται
2671 4478 2802 4549 περὶ
2846 4479 3131 4542 Σινωνίδος
3150 4494 3164 4509 ο
3200 4479 3274 4541 ὼς
3304 4478 3413 4549 γάρ
3458 4477 3717 4547 Ῥοδάνης
3740 4478 3883 4544 ἠτά-

599 4566 1035 4620 examinabatnr.
1078 4564 1286 4618 Iudicat
1317 4578 1447 4633 ergo
1479 4561 1649 4617 Sacas
1678 4561 1883 4618 Garmo
1917 4563 2031 4631 regi
2084 4578 2180 4616 ca-

2290 4570 2430 4636 ζετο.
2476 4571 2587 4625 Καὶ
2618 4572 2945 4625 ἀποστέλλει
2996 4572 3174 4635 Σάκας
3206 4572 3343 4641 πρὸς
3377 4570 3597 4642 Γάρμον
3635 4572 3719 4623 ὅτι
3759 4572 3885 4623 Ῥο·

602 4668 752 4727 ptum
771 4673 891 4712 esse
910 4657 1248 4721 llltodanetn,
1277 4655 1603 4724 captandam
1631 4668 1848 4723 quoque
1872 4656 2182 4724 propediem

603 4748 884 4804 Sinonide.
922 4748 1228 4819 Euphrates
1252 4747 1399 4802 enim
1427 4747 1582 4817 quasi
1608 4746 1898 4803 Rhodancs
1924 4758 2088 4813 esset,
2132 4749 2184 4804 in

598 4841 804 4908 judicio
849 4840 1161 4909 respondet,
1219 4838 1507 4903 Sinonide,
1556 4839 1681 4892 dum
1735 4839 1849 4909 ipse
1874 4851 2181 4909 caperetur,

603 4932 826 5004 fugisse.
863 4930 1097 4988 Coactus
1128 4932 1383 4986 nimirum
1407 4940 1462 4987 et
1488 4932 1603 5001 ipse
1626 4932 1889 4987 Sinonida
1910 4933 2186 5003 appellare

600 5042 847 5082 sororem
875 5040 1028 5081 suam
1060 5024 1533 5094 Mes0potamiam.

675 5120 964 5176 ltltodanes
991 5120 1205 5174 interim
1225 5129 1280 5174 et
1310 5118 1531 5175 Sinonis
1555 5134 1659 5173 una
1692 5134 1812 5173 cum
1842 5120 2097 5175 Sortecho
2127 5120 2179 5173 in

602 5214 783 5284 fugam
828 5214 974 5269 versi
1008 5214 1264 5283 agricola:
1297 5214 1575 5281 tugurium
1624 5212 1883 5278 subeunt,
1927 5214 2013 5267 cui
2068 5210 2178 5266 lilia

600 5306 966 5376 crateleganti
996 5305 1196 5370 forma,
1252 5319 1427 5374 nuper
1460 5304 1749 5359 admodum
1790 5306 2012 5359 viduata
2042 5305 2178 5369 viro,

2289 4663 2455 4733 δάνης
2500 4664 2856 4733 συνείληπται
2896 4664 2994 4718 καὶ
3045 4665 3269 4726 Σινωνὶς
3316 4664 3795 4735 συλληφθήσεται·
3853 4666 3883 4716 ὁ

2290 4757 2397 4827 γάρ
2424 4758 2739 4828 Εὐφράτης,
2768 4757 2843 4819 ὡς
2868 4757 3125 4827 Ῥοδάνης
3158 4756 3505 4827 κρινόμενος,
3523 4756 3630 4826 ἔφη
3654 4755 3757 4825 τὴν
3786 4756 3885 4807 Σι-

2291 4850 2485 4903 νωνίδα
2511 4848 3025 4919 συλλαμϐανομένου
3060 4848 3227 4901 αὐτοῦ
3252 4848 3591 4916 πεφευγέναι
3609 4848 3680 4911 ’⁸,
3714 4847 3886 4898 Σινω·

2290 4942 2408 4995 νίδα
2460 4941 2649 4994 καλεῖν
2704 4942 2957 5004 κάκεῖνος
3017 4940 3408 5010 ἐκϐιαζόμενος
3473 4941 3572 5011 τὴν
3634 4939 3885 5009 ἀδελφὴν

2292 5034 2737 5103 Μεσοποταμίαν.

2365 5124 2490 5177 ’Ότι
2545 5128 2593 5178 οί
2651 5125 2780 5196 περὶ
2821 5123 3078 5194 Ῥοδάνην
3122 5125 3218 5178 καὶ
3270 5122 3530 5176 Σινωνίδα
3580 5121 3885 5189 φεύγοντες

2290 5217 2409 5287 ἅμα
2450 5217 2697 5288 Σοραίχῳ
2746 5218 3101 5290 καταίρουσιν
3145 5218 3224 5279 είς
3260 5215 3546 5285 γεωργοῖν
3590 5213 3668 5283 τῷ
3710 5213 3757 5265 δ’
3808 5209 3885 5283 ἦν

2290 5310 2450 5379 κόρη,
2477 5308 2723 5381 θυγάτηρ
2748 5310 2887 5381 καλὴ
2912 5310 3010 5381 τὴν
3032 5308 3312 5380 ὄψιν,άρτι
3343 5306 3654 5379 χηρωθείσα
3680 5306 3779 5359 καὶ
3809 5308 3885 5376 τῇ

1918 5462 2153 5517 ΥΑΒΙΑΞ
2195 5463 2598 5522 LECTIONES.

673 5585 719 5617 ⁸⁷
757 5585 969 5655 Οὐῆρον
1000 5581 1356 5655 Casaubonus
1395 5598 1407 5633 :
1445 5579 1641 5655 οὐκρον
1781 5576 1858 5655 ἐξ
1881 5575 2068 5655 ϐποιιΑ
2100 5591 2116 5627 :
2149 5577 2360 5655 61:“on
2390 5596 2450 5643 ς.
2527 5582 2572 5613 ⁸⁸
2607 5582 2921 5653 τελευτήσει
2959 5600 3019 5646 ς.

3114 5582 3160 5617 9°
3191 5581 3403 5636 ἐκεῖθεν
3459 5580 3507 5635 Α
3534 5598 3549 5636 :
3583 5579 3785 5650 ἔθηκεν
3812 5597 3883 5647 ς.

600 5659 644 5689 οι
672 5646 973 5725 ἐθεράτξέυε
1006 5671 1067 5717 ς,
1143 5653 1187 5683 ⁹¹
1222 5652 1309 5705 διὰ
1335 5654 1378 5703 Λ
1414 5670 1427 5705 :
1461 5652 1517 5703 δὲ
1538 5646 1598 5713 ἐς.
1674 5648 1721 5679 ³³
1746 5646 1860 5718 τὸν]
1883 5646 1943 5700 δὲ
1964 5648 2055 5700 τὸν
2089 5665 2149 5711 ς.
2226 5648 2273 5679 ⁸⁵
2310 5650 2743 5723 διαπεφευγέναι
2776 5646 2835 5718 ς’.

2129 5744 2363 5824 nom.

668 5865 782 5939 (οι)
815 5864 886 5920 Μ.
924 5865 1112 5919 Aurel.
1143 5862 1455 5918 Antoninus
1479 5858 1859 5927 Philosophus.
