4092 6474
248 434 347 497 313

1346 429 1872 491 BIBLIOTHECA.
1905 456 1972 469 ’-
2008 429 2177 494 COD.
2215 430 2417 493 XCIV.

3419 436 3526 502 33!

248 553 380 621 πρὸς
425 548 520 601 τὸν
551 547 721 619 ἄνδρα
770 546 955 619 εὐνοίᾳ
998 546 1097 612 τὰς
1142 546 1338 618 τρίχας
1369 548 1829 618 περικειραμένη.

1946 547 2045 618 76
2060 551 2089 599 b
2106 548 2333 616 ejusque
2361 547 2635 603 desiderio
2661 549 2846 605 crines
2863 559 3097 607 attonsa.
3131 551 3257 610 Haec
3273 562 3523 625 torquem

248 644 536 713 Πέμπεται
564 640 704 710 αὕτη
726 641 826 709 τῆς
857 639 1109 703 ἁλύσεως
1134 642 1235 711 τῆς
1270 638 1478 710 χρυσῆς
1507 639 1835 710 ἀπεμπολῆ-

247 752 356 796 σαι,
385 737 454 805 ἢν
476 735 527 787 οἱ
560 733 964 803 περὶῬοδάνην
990 734 1054 786 ἐκ
1082 730 1193 785 τῶν
1222 731 1443 801 δεσμῶν
1469 731 1832 802 ἐπεφέροντο·

248 827 337 877 καὶ
365 827 554 878 ἄπεισι
582 826 722 895 πρὸς
757 824 848 877 τὸν
874 824 1170 894 χρυσοχόον
1193 825 1227 894 ἡ
1262 822 1354 876 τοῦ
1383 823 1635 894 γεωργοῦ
1664 824 1837 893 θυγά-

245 933 370 986 τηρ.
402 916 517 968 Καὶ
551 914 676 968 ἰδὼν
704 916 912 978 ἐκεῖνος
941 915 1044 984 τήν
1074 932 1134 967 τε
1172 913 1298 982 ὄψιν
1331 916 1433 980 τῆς
1463 912 1635 985 κόρης
1664 914 1838 985 καλὴν

247 1009 464 1077 καὶτῆς
495 1007 741 1070 ἁλύσεως
783 1007 844 1059 τὸ
888 1006 1075 1077 μέρος.
1107 1002 1178 1077 ἧς
1209 1005 1373 1069 αὐτὸς
1403 1006 1647 1077 ἐργάτης
1673 1005 1838 1076 ἐτύγ-

244 1116 399 1170 χανε,
438 1102 535 1152 καὶ
568 1100 667 1170 τὴν
700 1099 882 1170 κόμην
934 1103 1375 1173 περιῃρημένην,
1412 1101 1631 1154 ὑπονοεί
1672 1102 1840 1155 Σινω-

242 1191 361 1243 νίδα
408 1186 574 1255 εἶναι,
632 1192 720 1244 «ti
770 1191 993 1261 πέμψας
1049 1192 1185 1262 πρὸς
1230 1192 1421 1262 Δάμαν
1460 1193 1556 1247 καὶ
1589 1192 1771 1247 λαϐὼν
1789 1194 1837 1227 ⁵⁸

244 1284 495 1351 φύλακας
525 1285 915 1355 ἁπερχομένην
945 1283 1213 1353 ἐφύλαττε
1252 1285 1460 1355 κρύφα.
1505 1286 1570 1340 Ἦ
1596 1286 1677 1353 δε,
1700 1286 1836 1340 ὑπο-

245 1378 492 1446 νοὴσασα
535 1379 596 1430 τὸ
651 1378 1051 1448 πραττόμενον,
1084 1376 1381 1446 φεύγειεὶς
1426 1379 1634 1451 ἔρημον
1664 1381 1837 1435 κατά-

244 1466 394 1535 λυμα
419 1484 433 1497 ·
468 1470 527 1520 ἐν
558 1462 601 1536 ᾧ
632 1469 728 1523 καὶ
758 1468 825 1522 τά
854 1470 982 1538 περὶ
1012 1471 1114 1539 τῆς
1143 1470 1315 1541 κόρης
1347 1470 1447 1540 τῆς
1476 1472 1842 1544 ἐπικαλουμέ-

245 1562 405 1630 νηςθ⁶
438 1562 731 1633 Τροφέμης
762 1563 856 1615 καὶ
880 1563 974 1616 τοῦ
998 1563 1189 1617 δούλου
1240 1563 1335 1617 τοῦ
1363 1564 1594 1634 ἐραστοῦ
1620 1568 1712 1620 καὶ
1742 1585 1840 1636 φο-

246 1658 404 1720 νέως,
438 1657 536 1710 καὶ
568 1657 665 1709 τοῦ
697 1657 905 1729 κόσμου
934 1660 1029 1713 τοῦ
1059 1659 1285 1730 χρυσοῦ,
1307 1660 1400 1713 καὶ
1433 1663 1488 1714 αἱ
1516 1661 1837 1733 ἕκθεσμοι⁹⁷

243 1748 340 1802 τοῦ
373 1750 567 1803 δούλου
601 1751 853 1823 πράξεις,
877 1752 972 1806 καὶ
1005 1753 1067 1805 τὸ
1095 1753 1291 1807 ἑαυτὸν
1311 1753 1633 1823 ἐπισφάξαι,
1654 1758 1749 1809 καὶ
1778 1756 1839 1809 τὸ

245 1842 633 1911 αἱματωθῆναι
677 1844 778 1915 τὴν
826 1843 921 1898 τοῦ
963 1843 1216 1914 γεωργοῦ
1263 1844 1543 1916 θυγατέρα
1587 1850 1702 1910 τοῖς
1744 1846 1838 1899 τοῦ

246 1934 499 1987 tau-cev”
517 1937 971 2007 διαχρησαμένου
1004 1937 1223 2008 αἵμασι,
1247 1938 1343 1991 καὶ
1372 1941 1400 1991 ὁ
1430 1937 1530 2008 τῆς
1561 1938 1731 2010 κόρης
1751 1939 1842 1995 διὰ

247 2026 423 2080 ταῦτα
454 2028 624 2097 φόϐος
651 2029 747 2083 καὶ
778 2031 809 2099 ή
839 2030 1008 2100 φυγὴ,
1046 2031 1139 2083 καὶ
1167 2032 1199 2100 ἡ
1238 2030 1497 2094 ἔκστασις
1531 2031 1640 2085 τῶν
1666 2031 1840 2100 φυλά-

248 2135 359 2171 κων
390 2120 490 2172 καὶ
531 2118 724 2189 φυγὴ,
760 2121 856 2172 καὶ
889 2121 923 2191 ή
976 2120 1113 2192 πρὸς
1154 2120 1246 2172 τὸν
1290 2122 1505 2191 πατέρα
1538 2121 1639 2190 τῆς
1670 2120 1843 2192 κόρης

247 2206 432 2275 ἄφιξις
466 2208 564 2260 καὶ
595 2208 850 2279 διήγησις
882 2208 991 2261 τῶν
1027 2210 1527 2280 συγκυρησάντων,
1562 2209 1658 2263 καὶ
1692 2211 1841 2281 φυγὴ

246 2299 461 2351 ἐκεῖθεν
486 2300 596 2352 τῶν
618 2301 749 2370 περὶ
764 2300 1045 2371 Ῥοδάνην,
1072 2303 1165 2355 καὶ
1190 2303 1296 2372 πρὸ
1320 2302 1526 2355 τούτων
1541 2303 1587 2334 ⁹⁹
1605 2304 1841 2374 γράμμα

251 2393 385 2462 πρὸς
434 2394 475 2444 Γ
481 2393 658 2463 άρμον
692 2394 788 2447 τοῦ
825 2395 1124 2464 χρυσοχόου
1179 2396 1261 2447 ὅτι
1304 2395 1528 2458 Σινωνὶς
1576 2396 1839 2471 εὓρηταιο

252 2486 342 2538 καὶ
370 2481 440 2556 ἦν
480 2486 725 2557 πίστιςή
771 2485 1105 2557 ἐξωνηθεῖσα
1152 2486 1342 2552 ἅλυσις
1373 2489 1708 2561 πεμπομένη
1746 2490 1843 2543 καὶ

251 2578 317 2630 τὰ
363 2578 528 2641 ἄλλα,
568 2579 605 2632 ἃ
646 2580 776 2649 περ)⁸
820 2580 918 2649 τὴν
967 2578 1062 2632 τοῦ
1104 2580 1354 2651 γεωργοῦ
1405 2579 1683 2651 θυγατέρα
1738 2582 1843 2636 ὑπ·-

248 2672 552 2727 ωπτεύετο.
603 2673 860 2742 Ῥοδάνης
909 2672 1037 2744 [155
1062 2672 1155 2745 HJ
1211 2672 1392 2726 ἀπιὼν
1425 2674 1509 2742 ἐφ’
1540 2667 1585 2742 ᾧ
1615 2673 1842 2742 φεύγειν

255 2763 397 2831 φιλεῖ
416 2766 521 2833 τὴν
547 2763 717 2835 κόρην
743 2764 838 2817 τοῦ
871 2764 1144 2836 γεωργοῦ,
1180 2766 1276 2818 καὶ
1304 2766 1610 2818 άνὰπτεται
1638 2768 1719 2828 είς
1747 2766 1841 2836 όρ-

254 2856 352 2925 γὴν
399 2856 631 2921 Σινωνὶς
676 2856 763 2910 διὰ
816 2857 996 2921 τοῦτο,
1041 2860 1122 2920 είς
1172 2859 1430 2913 ὑπόνοιαν
1474 2861 1573 2930 μὲν
1625 2861 1844 2931 πρῶτον

251 2949 538 3020 ἀφιγμένη
572 2947 668 3002 τοῦ
699 2950 1029 3019 φιλήματος,
1075 2948 1208 3022 [245
1234 2950 1322 3023 IL]
1376 2951 1568 3005 ἔπειτα
1601 2953 1699 3005 καὶ
1736 2952 1845 3005 ἀπὸ

255 3040 359 3095 τῶν
394 3040 494 3094 τοῦ
538 3041 823 3105 Ῥοδάνους
873 3043 1097 3112 χειλέων
1143 3043 1458 3113 ἀφελομένη
1499 3044 1561 3096 τὺ
1604 3040 1766 3112 αἷμα,
1817 3042 1846 3096 ὃ

255 3135 493 3205 φιλήσας
542 3134 715 3205 αὑτὴν
751 3136 1203 3207 περιεκέχριστο,
1256 3138 1337 3199 εἰς
1375 3137 1605 3208 ἰσχυρὰν
1658 3138 1847 3190 πίστιν

254 3229 641 3283 καταστᾶσαί.
698 3229 862 3300 Ζητεῖ
910 3229 999 3284 διὰ
1038 3229 1201 3283 τοῦτο
1244 3231 1472 3294 Σινωνὶς
1522 3230 1622 3301 τὴν
1668 3231 1846 3302 κόρην

254 3324 494 3385 ἀνελεῖν,
520 3324 618 3376 καὶ
638 3323 1004 3395 ὑποστρέφειν
1027 3324 1165 3394 πρὸς
1196 3324 1368 3394 eam
1390 3324 1658 3393 ἠπείγετο
1682 3324 1848 3379 καθά-

260 3434 362 3487 περ
391 3435 479 3480 τις
510 3418 797 3489 ἐμμανήςο
831 3418 927 3471 καὶ
973 3417 1268 3471 συνέπεται
1300 3418 1583 3489 Σόραιχος,
1616 3418 1740 3471 ἐπεὶ
1771 3418 1846 3490 μὴ

257 3511 556 3580 κατασχεῖν
599 3509 701 3578 τῆς
745 3507 1049 3579 μανιώδους
1091 3510 1273 3580 ὁρμῆς
1324 3509 1500 3580 ίσχυε.
1539 3511 1651 3563 Καὶ
1703 3527 1843 3565 κατ-

258 3601 507 3673 αίρουσιν
546 3602 626 3663 εἰς
670 3600 928 3655 πλουσίου
960 3600 1128 3667 τινὸς,
1159 3601 1221 3654 τὸ
1254 3597 1388 3672 ἦθος
1426 3600 1484 3653 δὲ
1516 3601 1845 3666 ἀκολάστου,

260 3695 512 3766 Σήταπος
564 3694 717 3766 αὑτῴ
761 3694 934 3765 ὄνομα
959 3736 975 3761 ,
1035 3694 1094 3758 ὃς
1143 3695 1246 3766 ἐρᾷ
1278 3696 1378 3766 τῆς
1424 3695 1711 3758 Σινωνίδος
1750 3694 1847 3748 καὶ

261 3788 456 3858 πειρᾷ·
512 3786 632 3858 ἡδὲ
665 3788 902 3859 ἀντερᾷν
937 3785 1315 3860 ὑποκρίνεται,
1360 3787 1454 3840 καὶ
1504 3785 1849 3857 μεθυσθέντα

259 3879 348 3931 τὸν
378 3880 636 3949 Σήταπον
687 3879 808 3932 κατ’
843 3880 1016 3950 αὑτὴν
1044 3881 1145 3949 τὴν
1175 3878 1349 3933 νύκτα
1399 3880 1495 3933 καὶ
1536 3878 1637 3951 τὴν
1669 3880 1848 3951 ἀρχὴν

261 3970 349 4023 τοῦ
376 3972 587 4042 ἔρωτος
619 3972 832 4042 ἀναιρεῖ
854 3971 1018 4041 ξίφει.
1052 3973 1162 4025 Καὶ
1181 3972 1392 4037 ἀνοῖξαι
1419 3971 1728 4026 κελεύσασα
1749 3972 1848 4044 τὴν

259 4064 467 4130 αὔλιον,
509 4065 607 4117 καὶ
639 4064 732 4116 τὸν
759 4065 1022 4135 Σόραιχον
1048 4064 1347 4133 ἀγνοοῦντα
1375 4063 1438 4117 τὸ
1478 4062 1726 4134 πραχθὲν
1754 4080 1851 4117 κα-

257 4157 589 4222 ταλιποῦσα,
640 4158 737 4210 ἐπὶ
784 4157 882 4229 τὴν
925 4158 1019 4212 τοῦ
1053 4157 1302 4230 γεωργοῦ
1337 4157 1510 4228 κόρην
1558 4157 1845 4229 ἠλαύνετο.

261 4249 523 4320 Σόραιχος
552 4248 629 4315 δὲ,
651 4248 752 4319 τὴν
775 4248 952 4314 ἔξοδον
974 4250 1145 4319 αὑτῆς
1167 4249 1372 4320 μαθὼν,
1399 4249 1624 4303 ἐδίωκεν
1643 4248 1845 4315 ὀπίσω,

261 4344 355 4395 mi.
384 4340 809 4412 καταλαμϐάνει
846 4343 986 4412 ἔχων
1017 4343 1137 4413 μεθ’
1171 4342 1368 4396 ἑαυτοῦ
1399 4342 1491 4395 καλ⁸
1537 4342 1647 4395 τῶν
1676 4342 1848 4413 Σητά-

266 4453 363 4488 που
394 4435 628 4500 δούλων,
663 4435 759 4499 οὓς
807 4430 876 4507 ἦν
906 4434 1343 4506 μισθωσάμενος,
1376 4434 1462 4487 ἴνα
1489 4434 1710 4506 κωλύσῃ
1748 4433 1847 4505 τὴν

262 4531 481 4598 σφαγὴν
516 4530 618 4598 τῆς
644 4527 741 4580 τοῦ
774 4527 1020 4600 γεωργοῦ
1053 4528 1253 4597 κόρηςο
1284 4526 1608 4581 καταλαϐὼν
1635 4526 1691 4580 δὲ
1715 4528 1847 4580 ἀνα-

1940 641 2085 693 illam
2122 651 2346 695 auream
2385 641 2625 696 vendere
2687 642 2944 707 mittitur.
3009 660 3172 715 quam
3212 661 3244 701 e
3288 648 3525 704 vinculis

1939 730 2234 787 Rhodanes
2272 739 2434 801 atque
2458 730 2681 787 Sinonis
2710 734 3030 789 attulerant.
3085 735 3286 792 Verum
3328 742 3396 794 ad
3426 755 3527 794 au:-

1940 824 2205 880 rifabrum
2236 824 2496 895 agricolae
2541 824 2649 880 filia
2697 835 2754 881 ut
2794 828 2963 892 venit,
3014 829 3205 899 puella:
3236 830 3325 886 hic
3354 847 3530 887 venu-

1939 922 2106 978 state,
2164 923 2219 967 et
2250 912 2462 983 torquis
2490 924 2667 984 parte,
2705 929 2867 982 quam
2897 915 3015 985 ipse
3050 916 3398 985 fabricasset,
3428 920 3527 976 de-

1943 1014 2209 1075 tensaque
2263 1018 2419 1060 coma
2478 1015 2794 1073 conSpecta,
2852 1006 3022 1075 ipsam
3082 1008 3207 1065 esSe
3260 1007 3526 1067 Sinonidn

1940 1101 2274 1169 suspicatur.
2315 1098 2482 1155 Mittit
2511 1099 2684 1170 igitur
2731 1102 2800 1156 ad
2827 1099 3077 1168 Damam,
3120 1102 3528 1176 assumptisque

1941 1191 2286 1256 custodibus,
2329 1192 2717 1247 abscedentem
2786 1192 3022 1262 puellam
3054 1194 3194 1250 clam
3238 1197 3522 1253 observat.

1940 1281 2058 1349 Illa,
2088 1282 2215 1353 quid
2237 1293 2490 1356 ageretur
2519 1286 2818 1355 suSpicata,
2837 1287 2895 1341 in
2939 1286 3210 1343 desertum
3234 1304 3293 1345 se
3335 1290 3533 1361 recipit

1941 1374 2277 1429 domicilium
2312 1392 2327 1428 :
2358 1377 2446 1430 ubi
2492 1387 2543 1431 et
2604 1376 2717 1443 illa,
2764 1392 2887 1447 quae
2937 1378 3007 1435 de
3048 1380 3229 1450 puella
3286 1384 3525 1452 quadam

1943 1469 2239 1540 Trophima
2275 1475 2513 1538 nomine,
2549 1484 2602 1527 et
2630 1474 2695 1527 de
2717 1489 2878 1528 servo
2906 1487 3147 1540 amante,
3173 1485 3335 1547 atque
3356 1477 3535 1533 homi-

1941 1565 2087 1627 cida,
2119 1564 2360 1634 itemque
2391 1566 2457 1621 de
2481 1565 2682 1620 mundo
2717 1566 2970 1622 muliebri
3003 1583 3170 1624 aureo
3206 1581 3556 1637 narranturH

1942 1658 2336 1727 contigerunt:
2369 1659 2603 1713 nefanda
2660 1660 2883 1728 insuper
2934 1660 3026 1715 illa
3072 1663 3213 1717 servi
3265 1644 3557 1731 facinora,l

1943 1752 2161 1817 quando
2194 1759 2249 1804 et
2271 1764 2462 1804 manus
2486 1748 2574 1805 ille
2604 1749 2704 1805 sibi
2732 1752 2931 1818 intulit,
2955 1762 3013 1806 ut
3054 1755 3241 1809 ru51ici
3266 1755 3372 1810 tilia
3400 1771 3530 1811 san—

1944 1841 2110 1910 guine
2136 1856 2357 1910 aspersa
2405 1852 2664 1911 metuque
2703 1859 2983 1913 percussa,
3040 1844 3263 1916 fugerit,
3325 1849 3533 1904 territis

1945 1948 2121 2003 aeque,
2156 1944 2210 1988 et
2248 1934 2299 1988 in
2358 1934 2539 2003 fugam
2579 1936 2755 1991 versis
2790 1935 3127 1993 custodibus.
3183 1939 3266 1993 Ad
3318 1950 3534 2009 patrem

1942 2025 2129 2096 itaque
2182 2027 2288 2080 lilia
2350 2030 2595 2091 reversa,
2655 2036 2844 2082 narrat
2898 2044 2960 2085 ea
3018 2045 3139 2101 quae
3192 2032 3531 2089 acciderant.

1943 2116 2121 2183 Quare
2154 2117 2332 2188 fugant
2359 2118 2486 2173 inde
2513 2121 2749 2187 capessit
2774 2120 3083 2178 Rhodanes.
3108 2122 3329 2179 Littera
3353 2134 3532 2179 autem

1945 2219 2069 2263 ante
2094 2210 2208 2265 haec
2253 2212 2318 2264 ad
2359 2208 2618 2265 Garmutn
2653 2212 2723 2266 ab
2761 2212 3041 2268 aurifabro
3089 2216 3269 2269 missae
3315 2213 3534 2271 fuerant

1945 2304 2014 2356 de
2057 2313 2271 2372 reperta
2323 2303 2588 2359 Siuonide
2617 2321 2632 2359 :
2662 2304 2930 2374 iidemque
2972 2305 3199 2373 fecerat,
3247 2322 3369 2363 cum
3423 2317 3536 2363 tor-

1944 2407 2079 2461 ques
2101 2403 2302 2463 empta,
2335 2405 2500 2464 atque
2534 2393 2603 2448 ad
2643 2409 2764 2449 eum
2807 2398 2995 2464 missa,
3042 2408 3155 2453 tum
3188 2409 3381 2453 caetera
3415 2416 3537 2470 qua:

1945 2488 2013 2541 de
2046 2486 2235 2541 rustici
2272 2486 2362 2541 ille
2396 2488 2505 2541 lilia
2538 2489 2865 2558 suspicando
2904 2490 3196 2561 cogitarat.
3238 2490 3535 2549 Rbodancs

1946 2579 2056 2641 hic,
2112 2579 2239 2632 dum
2290 2578 2414 2647 fuga
2459 2580 2563 2634 sibi
2608 2582 2960 2638 consulturus
2994 2584 3251 2651 discedit,
3287 2586 3533 2641 osculum

1945 2669 2134 2724 rustici
2161 2668 2283 2723 filiae
2298 2667 2478 2723 otl'ert.
2500 2668 2867 2736 Quamobrem
2895 2672 2975 2726 ira
2992 2672 3214 2727 Sinonis
3232 2673 3536 2743 incanduit,

1947 2762 2074 2816 dum
2098 2764 2153 2816 in
2180 2764 2541 2831 suspicionem
2565 2766 2801 2834 primum
2830 2767 2977 2821 venit
3005 2767 3165 2832 basii,
3197 2783 3316 2836 quae
3344 2769 3538 2823 deinde

1947 2857 2192 2923 suspicio
2245 2856 2489 2927 (quando
2537 2872 2600 2912 ex
2630 2855 2912 2913 Rhodanis
2966 2858 3122 2914 labiis
3153 2860 3381 2915 detersit
3405 2876 3537 2916 san-

1948 2947 2189 3015 guinem,
2213 2949 2302 3015 qui
2334 2947 2565 3018 puellam
2603 2949 2898 3005 osculando
2919 2950 2966 3005 ei
2999 2951 3329 3022 adhaaserat)
3362 2954 3538 3022 magis

1949 3039 2117 3094 etiam
2151 3048 2237 3093 est
2282 3039 2624 3094 confirmata.
2692 3040 2828 3096 Hinc
2878 3042 3193 3097 interimere
3236 3043 3350 3097 vult
3372 3048 3538 3098 rusti-

1949 3146 2068 3185 cam
2118 3130 2350 3200 puellam
2390 3131 2636 3197 Sinonis,
2692 3143 2946 3202 retroque
2969 3133 3036 3187 ad
3074 3133 3221 3188 illaut
3246 3148 3367 3190 sese
3401 3150 3536 3190 con-

1953 3221 2095 3287 tulit,
2130 3222 2328 3276 l'urenti
2359 3222 2574 3279 similis.
2629 3221 2943 3289 Soraechus,
3004 3225 3130 3294 quia
3178 3224 3532 3281 furibundum

1952 3313 2071 3383 ejus
2129 3314 2385 3383 impetum
2436 3313 2713 3370 refrenare
2765 3330 2871 3369 non
2930 3327 3135 3387 posset,
3192 3317 3532 3387 insequitur;

1952 3403 2363 3476 succeduntque
2425 3406 2481 3461 in
2530 3408 2749 3461 domum
2803 3408 2984 3464 divitis
3022 3409 3238 3479 quidem
3274 3409 3532 3473 hominis.

1951 3498 2046 3554 sed
2078 3499 2302 3567 perditis
2330 3501 2592 3568 moribus,
2624 3502 2709 3554 cui
2746 3501 2947 3569 Setapo
2980 3518 3199 3559 nomen.
3244 3502 3345 3559 Hic
3369 3503 3536 3559 Sino-

1952 3591 2095 3647 nidis
2129 3606 2318 3646 amore
2344 3603 2554 3663 captus,
2608 3594 2783 3662 pergit
2821 3608 2940 3649 eam
2974 3594 3295 3661 sollicitare,
3333 3605 3387 3650 et
3419 3595 3533 3662 illa,

1953 3688 2238 3743 redamare
2267 3703 2327 3742 se
2355 3688 2585 3755 fingens,
2619 3689 2830 3743 ebrium
2851 3688 3114 3759 Setaputn
3161 3700 3351 3754 noctu,
3400 3699 3455 3744 et
3481 3690 3533 3742 in

1952 3782 2155 3835 amoris
2199 3782 2376 3845 initio,
2420 3780 2566 3836 ferro
2609 3780 2861 3849 conﬁcit;
2912 3782 3134 3836 domum
3186 3780 3382 3837 deinde
3430 3782 3533 3836 sibi

1952 3875 2153 3944 aperiri
2178 3875 2266 3929 illa
2278 3875 2457 3944 jubet,
2505 3886 2559 3929 et
2600 3877 2675 3930 rei
2726 3885 2892 3946 gestae
2932 3876 3180 3947 ignarum
3216 3873 3533 3930 SOl‘il‘Cilttttt

1952 3968 2025 4022 ibi
2066 3969 2400 4037 relinquens,
2458 3967 2524 4022 ad
2562 3967 2745 4024 rustici
2794 3969 2959 4025 filiam
3021 3977 3296 4038 properat.
3334 3966 3536 4022 Verum

1951 4065 2173 4131 cognito
2201 4059 2493 4116 Soraachus
2526 4060 2644 4129 eius
2664 4062 2933 4128 discessu,
2962 4075 3101 4131 pone
3128 4062 3399 4130 sequitur.
3451 4074 3539 4113 co-

1952 4154 2222 4221 mitesque
2252 4168 2435 4207 secum
2467 4153 2619 4208 ducit
2647 4153 2713 4208 de
2738 4152 2928 4223 Setapi
2960 4152 3132 4208 servis
3152 4152 3381 4223 aliquot,
3402 4167 3538 4220 quos

1952 4256 2011 4302 ut
2046 4247 2299 4317 agricolae
2333 4247 2455 4300 filize
2485 4248 2686 4300 cuidem
2743 4244 3080 4315 prohiberet,
3133 4244 3385 4301 mercede
3410 4260 3540 4300 con-

1954 4345 2209 4399 duxerat.
2270 4345 2569 4396 Assecutus
2612 4341 2778 4409 igitur
2823 4355 2944 4394 eam
2996 4349 3257 4408 carpento
3310 4340 3541 4408 imponit

1951 4437 2097 4508 (nam
2131 4445 2183 4489 et
2215 4435 2317 4490 hoc
2351 4434 2454 4489 sibi
2482 4432 2792 4504 paraverat)
2824 4431 2993 4501 77a,
3039 4446 3103 4485 ac
3137 4441 3286 4485 retro
3309 4431 3553 4507 reverti-l

1953 4541 2060 4583 tur.
2119 4527 2495 4582 Redeuntibus
2523 4538 2702 4580 autem
2744 4524 2873 4590 illis,
2923 4523 3106 4579 caeteri
3155 4524 3297 4578 servi
3327 4522 3537 4591 Sctapi,

262 4623 535 4692 λαμϐάνει
559 4623 643 4684 είς
664 4621 767 4691 τὴν
787 4618 1123 4692 ἁρμάμαξαν
1142 4619 1581 4690 (παρεσκεύαστο
1605 4621 1716 4689 γὰρ
1753 4621 1842 4672 καὶ

1955 4624 2044 4692 qui
2089 4621 2202 4691 jam
2252 4618 2595 4674 interfectum
2644 4618 2837 4671 herum
2868 4613 3362 4685 deprehenderent,
3405 4611 3540 4667 furi-

261 4715 435 4786 τοῦτο)
466 4716 568 4767 καὶ
608 4713 907 4768 ἀπελαύνει
935 4713 1135 4767 ὀπίσω.
1170 4712 1653 4784 ’Υποστρεφόντων
1678 4711 1735 4764 δὲ
1754 4712 1842 4764 αύ-

1954 4715 2123 4768 huudi
2153 4722 2468 4775 accurrunt,
2515 4719 2839 4780 captamque
2870 4707 3157 4773 Sinonida,
3217 4716 3272 4761 ct
3304 4705 3539 4759 vinculis

260 4810 365 4862 τῶν
394 4812 444 4864 οἱ
476 4808 578 4862 τοῦ
609 4810 864 4879 Σητάπου
901 4806 1256 4877 θεράποντες,
1288 4807 1413 4859 ἐπεὶ
1443 4807 1534 4859 τὸν
1579 4806 1842 4876 δεσπότην

1951 4806 2296 4874 colligatum,
2364 4803 2432 4857 ad
2483 4801 2746 4857 Garmutn
2806 4800 3001 4855 veluti'
3041 4798 3317 4853 homicidii
3362 4813 3536 4860 ream,

260 4903 614 4975 ἀνῃρημένον
650 4902 969 4965 ἐθεάσαντο,
1004 4901 1327 4973 ἀπήντησαν
1354 4899 1712 4970 ὠργισμένοι,
1755 4900 1842 4952 καὶ

1950 4910 2248 4968 poenasque
2276 4894 2524 4948 daturam
2555 4893 2781 4946 ducunt.
2824 4889 3113 4944 Soraechus
3128 4904 3279 4959 ergo,
3318 4889 3543 4958 pulvere

262 4995 626 5057 συλλαϐόντες
654 4995 915 5049 Σινωνίδα
948 4996 1045 5048 καὶ
1068 4995 1356 5064 δήσαντες,
1404 4989 1540 5064 ἦγον
1583 4992 1681 5046 ἐπὶ
1706 4993 1842 5063 Γάρ-

1952 5002 2208 5058 aspersus
2237 4994 2490 5055 caput,et
2513 4983 2627 5055 (65)
2650 4982 2883 5037 Persica:
2914 4982 3188 5037 involutus
3221 4981 3439 5047 tunicae,
3470 4981 3537 5033 ad

263 5106 360 5157 μον
404 5090 485 5153 ὼς
537 5089 867 5159 ἀνδροφόνον
892 5087 1400 5159 κολασθησομένην.
1445 5087 1559 5140 Καὶ
1587 5086 1842 5157 Σόραιχος

1956 5079 2275 5135 Rhodanem
2302 5075 2661 5130 infortunium
2694 5073 2883 5129 refert.
2917 5072 2998 5128 Ad
3044 5087 3165 5142 quae
3191 5083 3344 5128 certe
3378 5073 3543 5125 Rho-

257 5177 325 5251 ἦν
348 5182 592 5250 ἄγγελος
635 5181 877 5235 Ῥοδάνει
916 5182 1026 5233 τῶν
1057 5181 1265 5244 κακῶν,
1297 5179 1446 5232 κόνιν
1476 5197 1536 5231 τε
1566 5179 1710 5232 κατὰ
1747 5178 1842 5248 τῆς

1957 5174 2127 5226 danes
2161 5182 2350 5223 necem
2381 5167 2483 5222 sibi
2521 5167 2903 5232 conscivisset,
2955 5166 3009 5221 ni
3043 5166 3333 5221 Soraachus
3370 5166 3543 5219 obstio

259 5274 509 5344 κεφαλῆς
554 5272 874 5341 πασάμενος
918 5273 1013 5325 καὶ
1057 5272 1149 5325 τὸν
1180 5272 1382 5325 κάνδυν
1425 5270 1842 5341 περιερρηγμέ-

1959 5262 2394 5328 tisset,Garmus
2439 5263 2681 5324 interim,
2743 5260 2980 5331 acceptis
3020 5260 3176 5315 Sacae
3225 5260 3419 5314 litteris
3475 5259 3544 5311 de

259 5369 400 5430 νος¹.
452 5366 572 5420 Καὶ
608 5366 869 5436 Ῥοδάνης
917 5367 1163 5437 ἀναιρεῖν
1218 5365 1414 5418 ἑαυτὸν
1460 5365 1676 5435 ὀρμᾷ³·
1728 5363 1842 5417 ἀλλ’

1956 5365 2115 5427 capto
2138 5354 2421 5417 Rhodane,
2467 5362 2521 5407 et
2542 5354 2609 5408 ab
2631 5351 2912 5409 aurifabro
2932 5352 3001 5408 de
3018 5350 3281 5406 Sinonide
3305 5359 3539 5411 retenta,

1572 5500 1807 5556 VARIIE
1843 5495 2249 5555 LECTIONES.

325 5624 375 5655 "
406 5623 594 5675 λαϐὼν
642 5623 677 5673 Α
717 5620 967 5695 ιάνελὼν
1009 5640 1069 5686 ς.
1146 5622 1194 5655 ’⁸
1241 5622 1589 5695 καλουμένης
1622 5641 1683 5687 ς.
1762 5622 1805 5654 ⁸³⁷
1836 5622 1891 5674 αἱ
1953 5615 2238 5695 ἔκθεσμοι]
2268 5613 2373 5695 τᾲς.
2421 5612 2725 5695 ὲκθέσμους
2915 5609 3179 5695 “factm?
3202 5610 3542 5695 διαχειρισά-

256 5694 427 5764 μένου
463 5711 528 5758 ς’.
604 5695 651 5726 ⁸³
703 5694 839 5764 πρὸς
872 5683 1081 5758 τούτοις
1136 5695 1202 5747 Α.
1281 5694 1298 5724 ¹
1334 5683 1519 5747 πίστιν
1544 5683 1660 5747 ’καὶ
1689 5708 1919 5748 καταστ.
1957 5708 2019 5755 ς.
2094 5683 2613 5759 ²’περιερριμμένος
2642 5700 2703 5746 ς.
2780 5684 2801 5713 ³
2837 5683 2987 5753 ὁρμᾷ
3011 5683 3057 5735 Α
3091 5700 3104 5735 :
3139 5683 3314 5750 τολμᾷ
3372 5696 3432 5742 ς.

1816 5799 2054 5855 NOTAE.

330 5932 445 6002 (65)
474 5931 568 5985 τὸν
604 5926 802 5984 κάνδυν
831 5928 1293 6002 περιερριμμὲνος
1322 5926 1458 5985 Vide
1492 5925 1725 5992 Polluc.,
1756 5920 1911 5995 Bayf.
1954 5929 2010 5977 et
2031 5930 2158 5978 ante
2181 5920 2315 5977 alios
2344 5919 2574 5977 doetiss.
2599 5914 2844 5972 Brissou.
2884 5911 3218 5968 Persicorum
3246 5921 3260 5962 ι
3301 5912 3356 5960 et
3386 5917 3469 5957 ιιι.
