4058 6412
573 400 685 468 335
1739 396 2003 458 PHOTlI
2026 398 2174 458 PAT.

2278 396 2531 457 \RCH/E
2559 396 2673 464 (ΖΡ,
3767 398 3874 463 336

577 510 778 588 gaudio
834 508 1085 581 perfusus
1160 507 1228 563 ad
1285 505 1707 564 sacriﬁcandum
1772 509 1879 564 diis
1935 510 2165 576 accedit,

2278 508 2523 563 ἐκώλυεδ
2566 511 2849 582 Σόραιχος.
2888 509 2947 563 '0
2990 509 3085 563 όὲδ
3129 507 3352 583 Γάρμος
3383 510 3538 565 Σάκα
3578 509 3877 581 δεξάμενος

577 604 906 675 nuptiasque
930 609 1107 673 parat.
1146 600 1424 656 Praeconis
1476 600 1608 656 item
1654 615 1791 657 voce
1844 602 2045 671 ubique
2089 602 2174 657 tle-

2283 603 2523 674 γράμμα
2551 602 3019 676 ὅτιπερῬοδάνης
3045 603 3425 676 συνείληπται,
3453 607 3549 660 καὶ
3570 607 3726 678 παρὰ
3741 607 3763 638 ⁸
3781 606 3876 659 τοῦ

578 696 822 753 nuntiari
846 694 1023 765 jubet,
1066 703 1124 747 ut
1156 693 1322 747 vincti
1352 708 1547 748 omnes
1577 693 1866 748 solvantur
1891 705 2060 764 atque
2088 695 2176 749 di-

578 788 887 843 mittantur.
931 785 1008 841 ita
1045 785 1291 853 Sinonis,
1321 801 1442 856 quae
1468 801 1497 839 a
1532 786 1717 857 Setapi
1742 802 1938 843 servus
1970 790 2022 841 iu
2062 788 2179 841 vin-

580 879 703 935 cnla
732 880 1056 945 ducebatur,
1115 879 1335 950 publico
1381 879 1605 936 decreto
1645 879 1846 944 soluta,
1892 894 1957 934 ac
2015 883 2178 934 missa

583 970 728 1027 facta
771 980 878 1028 est.
929 970 1153 1025 Damam
1201 980 1467 1041 praeterea
1521 971 1696 1025 occidi
1725 968 1963 1025 Gal-mus
1994 970 2174 1041 jubet,

584 1064 929 1133 traditurque
958 1064 1032 1118 illi
1064 1064 1167 1132 ipsi
1203 1063 1470 1129 carniﬁci,
1515 1077 1678 1133 quem
1718 1064 1948 1132 ipsemet
1996 1079 2063 1118 ex
2089 1079 2180 1118 sa-

582 1156 809 1213 cerdote
856 1156 1169 1212 carniﬁcem
1214 1157 1439 1213 fecerat.
1490 1154 1887 1226 indignabatur
1945 1158 2175 1221 etenim,

582 1247 728 1318 quod
760 1249 906 1315 apud
946 1248 1083 1301 alios
1120 1245 1435 1308 thodanes,
1492 1256 1547 1299 ut
1582 1244 1835 1313 putabat,
1858 1258 1922 1298 ac
1953 1242 2178 1298 Sinonis

583 1340 868 1395 constricti
935 1348 1269 1394 tenerentur.
1330 1336 1513 1392 Dama:
1558 1336 1804 1393 succedit
1847 1335 2017 1391 frater
2059 1334 2177 1404 ejus

587 1432 864 1488 Munasus.

645 1686 1395 1751 Narratiodeindeinstituitu
1414 1710 1440 1750 r
1462 1694 1529 1749 de
1563 1694 1825 1749 Berenice
1852 1694 1966 1766 (66)
2001 1693 2175 1765 Egy-

586 1792 820 1859 ptiorum
876 1788 1018 1859 regis
1079 1788 1208 1853 ﬁlia,
1267 1789 1443 1859 deque
1478 1788 1702 1843 immani
1735 1788 1852 1858 ejus
1877 1801 1931 1843 et
1957 1788 2177 1844 infando

2282 696 2584 767 χρυσοχόου
2610 696 2696 750 δτι
2725 696 2949 760 Σινωνὶς
2982 694 3188 767 ἔχεται,
3205 697 3397 769 ἔχαιρέ
3417 713 3478 751 τε
3508 697 3605 751 καὶ
3631 696 3758 751 ἐθυε
3785 697 3880 751 καὶ

2279 791 2408 853 τοὺς
2443 790 2656 859 γάμους
2684 787 2975 860 ἡτοίμαζε,
3009 788 3105 842 καὶ
3134 790 3407 860 κήρυγμα
3458 788 3685 861 ἥπλωτο
3737 807 3879 844 παν-

2280 882 2445 953 ταχοῦ
2478 883 2687 947 πάντας
2723 881 3008 953 δεσμώτας
3057 881 3287 937 λύεσθαι
3319 885 3414 937 καὶ
3444 882 3737 952 ἀφίεσθαιο
3782 882 3880 935 καὶ

2281 975 2509 1040 Σινωνὶς
2540 976 2646 1029 ὑπὸ
2675 974 2786 1029 τῶν
2816 975 3073 1045 Σητάπου
3106 975 3460 1049 θεραπόντων
3483 975 3706 1046 δέσμιος
3744 975 3879 1041 ἁγο-

2284 1068 2423 1139 μένη
2458 1066 2536 1139 τῷ
2570 1067 2738 1138 κοινῷ
2760 1066 2857 1121 τοῦ
2889 1066 3254 1139 κηρύγματος
3290 1066 3481 1119 λύεται
3509 1067 3604 1120 καὶ
3628 1066 3875 1133 ἀφίεται.

2283 1163 2476 1232 Δάμαν
2497 1158 2554 1215 δὲ
2584 1160 2804 1215 κελεύει
2838 1160 3059 1233 Γάρμος
3092 1160 3470 1232 παραδοθῆναι
3502 1158 3743 1231 θανάτῳ,
3780 1159 3879 1211 καὶ

2280 1251 2637 1326 παραδίδοται
2667 1252 2850 1323 δημίῳ
2881 1252 2942 1307 6v
2966 1252 3134 1315 αὐτὸς
3165 1251 3276 1306 ἀπὸ
3304 1253 3515 1323 ςίερέως
3546 1253 3627 1316 είς
3655 1251 3750 1304 τὸν
3788 1250 3881 1322 δή·

2298 1365 2424 1418 μιον
2456 1346 2828 1418 μετέστησενσ
2879 1346 3233 1418 ἐδυσχέραινε
3272 1346 3331 1400 δέ
3368 1345 3448 1416 τῷ
3478 1345 3639 1418 Δάμᾳ
3674 1346 3703 1398 6
3730 1345 3877 1415 Γάρ-

2289 1459 2411 1513 μος,
2462 1441 2545 1495 δτι
2572 1440 2704 1513 παρ’
2733 1439 2917 1503 ἄλλοις
2964 1438 3244 1510 Ῥοδάνης,
3273 1439 3349 1501 ὡς
3379 1437 3622 1508 ἐνόμιζε,
3657 1438 3753 1491 καὶ
3782 1437 3878 1489 Σι-

2282 1532 2445 1596 νωνὶς
2497 1531 2925 1601 συνεσχέθησαν.
2960 1531 3218 1602 Διάδοχος
3252 1530 3312 1585 δὲ
3362 1530 3522 1602 Δάμα
3572 1530 3602 1583 ό
3642 1528 3880 1599 ἀδελφὸς

2279 1625 2611 1679 καθίσταται
2640 1624 2913 1687 Μόνασος.

2350 1716 2616 1787 Διάληψις
2648 1716 2778 1787 περὶ
2810 1714 3138 1787 Βερενίκης,
3191 1715 3317 1787 ἥτις
3361 1707 3431 1787 ἦν
3473 1712 3727 1784 θυγάτηρ
3778 1712 3881 1767 τοῦ

2282 1807 2547 1879 βασιλέως
2578 1808 2916 1877 Αίγυπτίων,
2939 1808 3035 1861 καὶ
3063 1806 3177 1861 τῶν
3201 1807 3419 1879 ἀγρίων
3448 1806 3619 1877 αὐτῆς
3659 1804 3757 1859 καὶ
3786 1808 3883 1857 ἐκ·

586 1898 794 1946 amore,
829 1892 998 1951 utque
1023 1882 1092 1937 ad
1126 1881 1286 1952 hujus
1312 1879 1708 1950 Mesopotamia
1747 1881 2077 1951 colloquium
2111 1896 2174 1936 ac

2278 1900 2499 1972 θέσμων
2538 1900 2791 1973 ἐρώτων·
2847 1902 2941 1954 καὶ
2966 1901 3115 1963 ὅπως
3166 1900 3608 1971 Μεσοποταμίᾳ⁷
3646 1900 3880 1967 συνεγὲ-

587 1969 1018 2028 familiaritatem
1069 1973 1402 2044 pervenerit.
1447 1971 1620 2040 Capta
1668 1971 1853 2040 itaque
1894 1981 2019 2040 post
2060 1972 2175 2026 haec

585 2064 975 2136 Mesopotamia
1018 2081 1047 2118 a
1079 2064 1241 2130 Saca,
1274 2081 1401 2119 cum
1439 2064 1610 2118 fratre
1647 2078 1748 2118 suo
1792 2064 2074 2134 Euphrate
2104 2064 2172 2119 ad

585 2157 846 2213 Garmum
894 2158 1222 2223 adducitur,
1257 2156 1373 2227 qui,
1420 2155 1621 2210 litteris
1660 2155 1928 2209 anrifabri
1971 2157 2176 2210 certior

584 2252 763 2308 factus
814 2250 1091 2322 aufugisse
1137 2252 1439 2317 Sinonida,
1486 2263 1543 2305 et
1590 2251 1741 2304 illum
1794 2248 2067 2314 interfici,
2120 2261 2175 2305 et

583 2361 776 2401 omnes
804 2346 871 2399 ad
916 2344 1059 2401 hanc
1109 2347 1561 2409 custodiendam,
1607 2354 1771 2414 atque
1799 2344 2173 2398 adducendam

585 2437 807 2492 lictores
835 2437 1060 2499 missos,
1087 2452 1191 2489 una
1218 2450 1339 2489 cum
1366 2436 1626 2489 uxoribus
1650 2449 1715 2488 ac
1755 2433 1962 2498 liberis,
1993 2432 2174 2488 defodi

586 2527 936 2597 vivosjubet.
970 2525 1138 2582 Canis
1167 2527 1385 2581 interim
1418 2523 1719 2589 Rhodauis,
1748 2522 2039 2595 Hyrcanus
2073 2539 2174 2593 ap-

586 2616 843 2688 pellatus,
875 2617 1107 2687 repertis
1132 2617 1184 2670 in
1216 2616 1585 2671 abominaudo
1621 2616 1714 2672 illo
1744 2618 2049 2672 diversorio
2074 2618 2175 2669 mi—

585 2694 726 2766 serae
753 2708 944 2779 puella:
963 2750 978 2777 ,
1003 2724 1071 2765 ac
1112 2710 1323 2779 perdite
1351 2710 1587 2764 amantis
1631 2709 1772 2765 illius
1798 2717 1962 2779 atque
1990 2709 2172 2764 sicarii

584 2802 1092 2874 servicorporibus,
1130 2803 1276 2858 hunc
1315 2803 1549 2874 primum
1575 2803 1822 2869 devorat,
1859 2817 1982 2858 mox
2009 2804 2172 2856 etiam

586 2896 846 2968 paulatim
880 2896 1073 2967 puella:
1114 2896 1324 2953 viscera
1362 2898 1654 2953 mandebat
1681 2937 1697 2964 ,
1724 2912 1847 2953 cum
1878 2908 2031 2968 pater
2062 2897 2175 2966 ipse

584 2988 864 3045 Siuouidis
916 2990 985 3043 ad
1031 3006 1155 3045 eum
1189 3004 1408 3059 quoque
1448 2990 1624 3043 locum
1665 2990 1919 3059 accessit.
1974 2991 2174 3059 Aguito

584 3082 751 3153 igitur
780 3080 1059 3136 Rhodanis
1085 3058 1259 3146 cane,
1301 3092 1360 3136 et
1400 3083 1635 3152 puellam
1685 3058 1961 3137 semesam
1993 3058 2175 3137 anim-

584 3176 900 3241 advertens,
936 3189 1131 3230 canem
1163 3176 1321 3245 quasi
1356 3173 1618 3230 Sinonida
1641 3175 1855 3231 ulturus
1883 3176 2169 3240 maCtavit,

581 3281 750 3337 seque
777 3266 894 3336 ipse
926 3267 1119 3336 laqueo
1146 3236 1462 3336 suspendit,
1502 3266 1767 3320 tumulato
1789 3274 1969 3320 tamen
1998 3267 2172 3336 prius,
2203 3236 2247 3295 ο

581 3358 999 3429 compositoque
1042 3357 1254 3428 reliquo
1303 3358 1497 3427 puellae
1528 3372 1795 3426 corpore,
1834 3358 2098 3426 inscripto
2144 3372 2176 3413 ο

582 3452 737 3508 canis
760 3450 1032 3521 sanguine
1093 3450 1269 3516 titulo,
1298 3448 1403 3504 Hic
1440 3452 1543 3505 sita
1572 3460 1647 3505 est
1675 3449 1901 3519 pulchra
1932 3448 2171 3506 Sinonis.

582 3546 951 3599 Accesserunt
980 3540 1089 3597 huc
1109 3542 1253 3598 forte
1279 3542 1569 3598 Sormcbus
1600 3554 1655 3597 et
1678 3543 1990 3605 Rhodanes,
2029 3544 2177 3599 viso-

582 3648 691 3704 que
722 3633 790 3688 ad
832 3636 1101 3688 tumulum
1150 3632 1499 3689 interfectum
1535 3650 1763 3701 canem,
1805 3647 1858 3690 et
1889 3636 2173 3691 Siuonidis

583 3735 868 3796 parentem
916 3724 1110 3794 laqueo
1149 3740 1514 3796 suspensum;
1564 3728 1707 3782 lecto
1759 3729 1950 3782 adltzec
1988 3726 2173 3796 sepul-

583 3819 664 3874 eri
707 3818 864 3872 titulo
894 3856 910 3883 ,
943 3816 1239 3873 Rbodanes
1272 3819 1496 3890 quidem
1532 3820 1771 3889 primum
1836 3820 2034 3875 vulnus
2068 3821 2172 3875 sibi

584 3910 814 3975 inflixit,
869 3926 1077 3980 suoque
1151 3911 1292 3983 77b
1355 3914 1623 3982 sanguine
1672 3914 1955 3969 Sinonidis
2012 3914 2175 3968 titulo

457 3998 467 4011 ’
584 4005 839 4074 ascripsit
875 4023 889 4059 :
953 4005 1022 4059 Et
1056 4003 1339 4059 thodanes
1370 4006 1625 4073 pulcher;
1661 4004 1953 4061 Sorazchus
1980 4007 2173 4077 laqueo

583 4107 747 4167 caput
776 4097 1028 4153 inseruit.
1067 4098 1203 4153 Dum
1230 4112 1415 4153 autem
1453 4098 1702 4154 ultimum
1731 4100 2023 4155 libodanes
2055 4099 2174 4154 vul-

585 4204 687 4244 nus
739 4190 942 4245 inferre
976 4192 1081 4246 sibi
1130 4204 1324 4260 parat,
1370 4206 1500 4246 ecce
1545 4192 1620 4246 ibi
1662 4192 1921 4263 agricola:
1949 4192 2055 4247 ﬁlia
2090 4193 2173 4246 in-

584 4282 731 4350 genti
760 4283 1001 4338 clamore
1038 4286 1280 4339 accurrit
1308 4303 1321 4339 :
1358 4282 1477 4339 Non
1497 4294 1604 4350 est,
1660 4286 1935 4357 inquiens,
1964 4304 1996 4341 ο
2019 4286 2170 4341 Rho-

584 4375 766 4440 dane,
807 4374 1032 4429 Sinonis
1061 4389 1181 4444 quae
1223 4375 1315 4430 hic
1354 4375 1523 4444 jacet.
1570 4374 1682 4431 Nec
1724 4391 1874 4432 mora
1912 4376 2168 4446 laqueum

584 4471 829 4528 Soracbi
890 4472 1205 4540 discindit,
1277 4471 1640 4543 Rhodanique
1693 4472 1931 4543 gladium
1980 4472 2166 4542 eripit.

2277 2012 2421 2048 νετο.
2455 1994 2567 2049 Καὶ
2595 1994 2672 2058 ὡς
2708 1994 2935 2063 ὕστερον
2958 1994 3065 2047 ὑπὸ
3098 1992 3251 2046 Σάκα
3281 1992 3593 2062 συνελήφθη
3621 1993 3882 2046 Μεσοπο-

2274 2084 2475 2156 ταμία,
2514 2085 2612 2138 καὶ
2646 2084 2784 2155 πρὸς
2831 2084 3053 2153 Γάρμον
3098 2083 3219 2153 ἅμα
3259 2081 3337 2153 τῷ
3366 2081 3582 2153 ἀδελφῷ
3614 2081 3881 2153 Εὐφράτῃ

2276 2178 2572 2245 ἀπάγεται.
2610 2176 2851 2248 Γράμμα
2874 2175 3172 2247 δεξάμενος
3201 2175 3420 2245 Γάρμος
3442 2173 3597 2245 παρὰ
3622 2173 3717 2227 τοῦ
3742 2190 3883 2244 χρυ-

2278 2269 2470 2340 σοχόου
2493 2268 2569 2332 ὡς
2593 2268 2821 2331 Σινωνὶς
2841 2267 3200 2336 διαπέφευγε,
3223 2266 3560 2335 προστάσσει
3583 2265 3794 2319 ἐκεῖνόν
3813 2282 3879 2317 τε

2277 2358 2638 2431 ἀναιρεθῆναι
2667 2360 2765 2411 καὶ
2796 2359 2925 2421 τοὺς
2953 2357 3047 2411 ἐπὶ
3079 2356 3296 2426 φυλακῇ
3322 2356 3529 2427 ταύτης
3560 2357 3657 2410 καὶ
3680 2358 3878 2425 ἀγωγῇ

2278 2451 2576 2514 σταλέντας
2639 2452 2836 2513 αὑταῖς
2872 2449 3091 2517 γυναιξὶ
3126 2449 3224 2503 καὶ
3250 2448 3467 2511 τέκνοις
3504 2447 3713 2513 ζῶντας
3742 2463 3881 2501 κατ-

2276 2543 2597 2617 ορυχθῆναι.
2638 2543 2906 2614 Ὑρκανὸς
2937 2541 3085 2595 κύων
3110 2543 3138 2595 ό
3168 2540 3261 2593 τοῦ
3281 2540 3585 2605 Ῥοδάνους,
3611 2538 3792 2609 εὑρὼν
3816 2543 3880 2593 ἐν

2276 2635 2472 2707 ἐκείνῳ
2518 2635 2598 2706 τῷ
2642 2635 3002 2705 ἀποτροπαίῳ
3029 2633 3366 2703 καταγωγίῳ
3394 2633 3463 2686 τά
3511 2632 3743 2704 σώματα
3773 2634 3881 2703 τῆς

2276 2746 2336 2782 τε
2389 2728 2694 2798 δυστυχοῦς
2730 2728 2905 2798 κόρης
2954 2728 3049 2780 καὶ
3083 2725 3178 2779 τοῦ
3219 2725 3567 2795 παλαμναίου
3616 2728 3711 2778 καὶ
3742 2726 3880 2778 δυσ-

2277 2821 2481 2893 ἐρωτος
2494 2820 2705 2887 δούλου,
2733 2818 3011 2889 κατέφαγε
3024 2818 3241 2890 πρῶτον
3257 2819 3318 2871 τὸ
3345 2817 3439 2871 τοῦ
3452 2816 3663 2883 δούλου,
3678 2818 3779 2870 ἕπε
3788 2834 3880 2871 ιτα

2276 2912 2421 2969 κατὰ
2449 2913 2647 2985 μικρὸν
2680 2913 2776 2966 καὶ
2803 2912 2904 2983 τῆς
2930 2911 3101 2983 κόρης
3123 2926 3138 2942 ο
3166 2911 3263 2965 καὶ
3298 2912 3590 2980 ἐφίσταται
3616 2909 3697 2982 τῷ
3721 2910 3881 2982 τόπῳ

2275 3008 2303 3061 6
2339 3007 2439 3076 τῆς
2474 3006 2759 3068 Σινωνίδος
2793 3004 2999 3074 πατὴρ,
3045 3005 3144 3057 καὶ
3174 3002 3301 3075 [156
3334 3001 3439 3074 Η.]
3469 3003 3562 3055 τὸν
3608 3002 3748 3056 κύνα
3797 3003 3880 3066 ὡς

2280 3099 2366 3170 εἴη
2414 3098 2698 3161 Ῥοδάνους
2730 3096 2886 3160 εἰδὼς
2912 3097 3009 3151 καί
3033 3096 3137 3168 τὴν
3166 3095 3336 3168 κόρην
3362 3095 3683 3167 ήμίὸρωτον
3719 3093 3877 3161 tas»,

2280 3194 2474 3262 σφάζει
2512 3192 2610 3263 μὲν
2634 3191 2710 3255 ὡς
2738 3190 2833 3244 ἐπὶ
2861 3189 3106 3244 Σινωνίδι
3133 3189 3225 3244 τὸν
3254 3188 3415 3255 κύνα,
3446 3190 3660 3262 ἀναρτᾷ
3686 3189 3747 3244 δέ
3775 3193 3881 3245 καὶ

2278 3286 2474 3343 ἑαυτὸν
2503 3285 2706 3357 βρόχῳ,
2760 3281 3093 3353 καταχώσας
3127 3282 3191 3336 τὸ
3239 3282 3534 3337 ὑπόλοιπον
3566 3284 3667 3355 τῆς
3699 3283 3880 3357 κόρης

2278 3378 2441 3446 σῶμα
2472 3378 2568 3431 καὶ
2595 3375 2909 3446 ἐπιγράψας
2931 3376 3129 3446 αἵματι
3152 3374 3247 3429 τοῦ
3273 3376 3455 3439 κυνός.
3500 3375 3741 3431 Ἐνθάδε
3766 3393 3882 3431 κα-

2276 3472 2543 3527 τάκειται
2583 3470 2837 3537 Σινωνίς
2880 3471 2918 3538 ἡ
2945 3469 3129 3539 καλή.
3162 3470 3567 3541 Παραγίνονται
3600 3470 3681 3542 τῷ
3718 3471 3884 3542 τόπῳ

2276 3563 2540 3634 Σόραιχος
2572 3562 2669 3615 καὶ
2705 3560 2984 3631 Ῥοδάνης,
3022 3561 3115 3614 καὶ
3140 3560 3234 3615 τόν
3259 3577 3319 3613 τε
3350 3560 3490 3614 κύνα
3514 3562 3880 3632 ἐσφαγμένον

2274 3654 2353 3727 τῷ
2370 3655 2528 3725 τάφῳ
2556 3653 2759 3717 ἰδόντες
2776 3652 2908 3726 [248
2924 3651 3020 3723 IL]
3042 3653 3133 3706 τόν
3154 3670 3212 3707 τε
3231 3653 3446 3725 πατέρα
3465 3654 3564 3726 τῆς
3582 3654 3884 3719 Σινωνίὸος

2274 3747 2659 3820 ἀνηρτημένον
2682 3747 2741 3800 τό
2766 3763 2827 3799 τε
2851 3745 2949 3799 τοῦ
2970 3745 3144 3815 τάφου
3165 3746 3521 3818 ἐπίγραμμα,
3552 3749 3581 3800 ό
3606 3747 3709 3818 μὲν
3749 3745 3880 3800 'Po-

2273 3842 2439 3913 δάνης
2456 3838 2681 3912 πρώτην
2707 3838 2923 3911 πληγὴν
2940 3838 3124 3910 ἑαυτῷ
3144 3839 3461 3908 ἐπενεγκὼν
3476 3840 3838 3910 προσέγραφε
3856 3842 3880 3873 ⁸

2273 3933 2353 4007 τῷ
2391 3934 2505 4004 ίδίῳ
2528 3933 2725 4003 αἵματι
2759 3933 2854 3987 ἐπὶ
2877 3932 2955 4002 τῷ
2996 3931 3097 4003 τῆς
3118 3932 3403 3998 Σινωνίδος
3445 3934 3876 4004 ἐπιγράμματι.

2277 4027 2389 4083 Καὶ
2433 4025 2719 4094 Ῥοδάνης
2749 4029 2781 4080 ό
2812 4026 3021 4091 καλόςο
3044 4020 3146 4077 όδὲ
3168 4026 3433 4095 Σόραιχος
3455 4024 3635 4096 βρόχῳ
3668 4026 3884 4079 ἑαυτὸν

2275 4121 2530 4191 ἐξῆπτεν.
2592 4120 2682 4172 Ἐν
2707 4110 2753 4185 ᾧ
2800 4118 2857 4172 δέ
2901 4118 3000 4171 καὶ
3048 4116 3148 4189 τὴν
3188 4118 3513 4172 τελευταίαν
3566 4117 3792 4189 πληγὴν
3851 4121 3883 4173 6

2284 4210 2541 4280 Ῥοδάνης
2582 4209 2811 4279 ἐπάγειν
2853 4210 3083 4280 ἤρχετο,
3126 4210 3160 4280 ἡ
3191 4209 3288 4263 τοῦ
3320 4207 3574 4281 γεωργοῦ
3616 4211 3885 4282 θυγάτηρ

2272 4304 2547 4359 ἐπιστᾶσα
2578 4303 2725 4375 μέγα
2755 4301 2908 4355 ἐϐόα·
2938 4302 3057 4355 Οὐκ
3102 4301 3221 4355 ἐστι
3254 4303 3503 4368 Σινωνὶς,
3534 4296 3580 4358 ὧ
3616 4304 3880 4375 Ῥοδάνη,

2272 4399 2308 4469 ἡ
2358 4396 2613 4468 κειμένη.
2665 4394 2779 4450 Καὶ
2823 4394 3109 4466 δραμοῦσα
3158 4396 3350 4450 κόπτει
3421 4413 3480 4450 τε
3528 4397 3619 4450 τὸν
3672 4397 3884 4469 βρόχον

2272 4490 2538 4561 Σοραίχου
2590 4488 2781 4543 καὶτὸ
2818 4487 2975 4557 ξίφος
3014 4488 3334 4558 ἀφαιρεῖται
3399 4487 3716 4554 Ῥοδάνους,
3776 4492 3884 4546 καὶ

584 4563 723 4621 Hinc
766 4565 1066 4635 narrando,
1093 4582 1214 4637 quae
1236 4565 1445 4622 infelici
1474 4564 1674 4637 puella;
1696 4566 2062 4631 accidissent,
2112 4574 2168 4620 et

2278 4582 2453 4635 πείθει
2484 4580 2661 4652 μόλις,
2701 4580 3083 4651 διηγησαμένη
3114 4581 3184 4634 τά
3211 4597 3271 4634 τε
3302 4580 3436 4651 περὶ
3480 4580 3581 4652 τὴν
3624 4582 3883 4654 δυστυχῆ

583 4657 650 4712 de
675 4672 813 4715 auro
832 4657 1073 4724 defosso,
1100 4659 1169 4714 ad
1199 4660 1343 4727 quod
1363 4659 1478 4728 ipsa
1496 4659 1873 4728 recipiendum
1902 4661 2165 4724 venisset,

582 4753 674 4806 vix
708 4752 927 4807 tandem
956 4752 1265 4821 persuadet.
1304 4752 1531 4808 Sinonis
1558 4756 1789 4816 interea,
1817 4754 2048 4808 vinculis
2070 4768 2171 4809 ex-

2267 4674 2437 4746 κόρην
2481 4674 2580 4729 καὶ⁵
2612 4674 2747 4747 περὶ
2779 4674 2876 4727 τοῦ
2907 4673 3139 4743 χρυσίου
3179 4672 3278 4726 τοῦ
3312 4674 3836 4745 κατορωρυγμένου
3858 4713 3877 4737 ,

2268 4767 2366 4820 καὶ⁵
2394 4768 2472 4831 ὠς
2500 4767 2594 4820 ἐπὶ
2634 4766 2719 4837 τῷ
2751 4766 3046 4820 ἀναλαὸεῖν
3073 4764 3234 4819 τοῦτο
3272 4766 3419 4837 ἥκοι.
3460 4766 3525 4820 Ἦ
3552 4765 3609 4819 δέ
3641 4766 3884 4830 Σινωνὶς

584 4843 798 4914 pedita,
836 4844 1056 4899 domum
1084 4842 1221 4915 fugit
1258 4843 1531 4914 agricolae,
1566 4843 1751 4901 furore
1781 4848 2080 4901 etiamnum
2114 4848 2167 4901 iu

2278 4858 2609 4911 ἀπολυθεῖσα
2652 4856 2761 4910 τῶν
2807 4855 3024 4926 δεσμῶν
3072 4856 3167 4909 ἐπὶ
3195 4857 3297 4926 τὴν
3339 4855 3521 4910 οίκίαν
3556 4856 3743 4927 ἐφθηο
3773 4858 3883 4912 τοῦ

581 4934 701 5004 ejus
734 4934 898 4988 ﬁliam
927 4935 1128 5007 agitata
1157 4952 1174 5001 ;
1215 4950 1324 5005 qua
1356 4951 1461 4991 non
1501 4949 1717 5005 reperta
1746 4976 1760 5001 ,
1792 4948 2072 5007 parentem
2104 4942 2171 4994 de

2278 4949 2544 5020 γεωργοῦ,
2569 4948 2651 5002 ἔτι
2675 4947 2819 5002 κατὰ
2845 4952 2946 5020 τῆς
2982 4947 3155 5019 κόρης
3189 4949 3611 5021 ἐπιμαινομένη.
3647 4951 3743 5018 Μὴ
3772 4953 3881 5004 εύ-

580 5044 644 5083 ca
691 5038 1097 5099 percunctatur.
1138 5030 1233 5085 llle
1263 5032 1409 5085 viam
1448 5042 1717 5087 monstrat
1755 5033 1893 5103 (67),
1925 5044 1982 5087 et
2019 5034 2166 5088 inse-

580 5121 766 5191 quitur
800 5122 914 5192 ipsa
959 5122 1155 5178 stricto
1204 5124 1407 5191 gladio.
1450 5123 1522 5180 Ut
1565 5140 1696 5179 vero
1730 5126 1798 5178 ad
1842 5125 2164 5180 Rhodanem

581 5224 918 5282 prostratum
948 5217 1217 5284 pervenit,
1252 5216 1510 5287 illamque
1533 5214 1745 5289 [rustici
1775 5215 1959 5271 ﬁliam'
1991 5218 2163 5272 solam

580 5308 946 5373 assidentem,
976 5318 1033 5363 et
1064 5310 1306 5379 pectoris
1348 5311 1543 5367 vulnus
1569 5309 2008 5382 refrigerantem,
2035 5310 2164 5382 (So-

2274 5042 2445 5115 ροῦσα
2478 5043 2534 5096 δὲ
2564 5042 2737 5113 αὐτὴν
2776 5040 3041 5113 ἐπηρώτα
3067 5040 3161 5094 τὸν
3196 5041 3447 5113 πατέρα’
3475 5045 3504 5096 ό
3528 5042 3585 5096 δὲ
3608 5043 3707 5115 τὴν
3745 5045 3885 5099 ὁδὸν

2272 5133 2500 5203 ἔφραζε,
2535 5136 2630 5188 καὶ
2666 5134 2807 5206 αὐτὴ
2840 5135 3067 5189 ἐδίωκεν
3099 5134 3299 5199 ὀπίσω,
3324 5134 3665 5206 γυμνώσασα
3699 5137 3763 5189 τὸ
3795 5138 3884 5203 ξί-

2273 5245 2394 5296 φος.
2428 5228 2519 5292 Ὠς
2548 5228 2605 5282 δὲ
2636 5228 2939 5283 κατέλαϐεν
2971 5228 3306 5299 ἐρριμμένον
3330 5228 3431 5299 μὲν
3447 5228 3540 5282 τὸν
3582 5229 3884 5301 Ῥοδάνην,

2272 5320 2489 5390 ἐκείνην
2527 5320 2585 5373 δὲ
2622 5322 2791 5392 μόνην
2839 5319 3314 5393 παρακαθημένην
3335 5321 3382 5354 ¹⁰
3412 5320 3511 5375 καὶ
3538 5322 3603 5375 τὸ
3637 5320 3886 5394 τραῦμα

1857 5449 2101 5507 VARIE
2139 5452 2552 5510 LECTIONES.

656 5547 675 5575 ⁸
702 5545 960 5633 ἐκώλυσε.
976 5563 1037 5610 ς.
1116 5546 1137 5577 ⁸
1161 5548 1188 5599 ό
1213 5546 1269 5601 δὲ
1290 5562 1416 5633 ειη.
1486 5550 1552 5601 Α.
1617 5549 1652 5633 ,ξ
1684 5548 1837 5633 παρὰ
1866 5549 1929 5633 ΑΔ
1967 5568 1981 5604 :

2043 5553 2171 5621 περὶ
2235 5569 2296 5616 ς’.

2378 5556 2639 5629 τμμεσοπ.
2703 5572 2763 5609 τε
2817 5558 3127 5626 συνεγίνετο
3169 5556 3233 5612 Δ.
3350 5557 3372 5588 ⁸
3413 5556 3775 5629 προσέγραψε
3799 5576 3875 5627 ς.

576 5620 597 5647 θ
632 5618 791 5686 ἔφθη.
824 5624 863 5669 Α
895 5636 905 5670 :
937 5617 1105 5684 ἔφυγε
1148 5635 1207 5681 ς.
1290 5619 1333 5649 ¹⁰
1386 5618 1859 5690 παρακαθημένην
1900 5622 1944 5673 A
1978 5638 1994 5675 :
2028 5617 2533 5696 παραμυθουμένην
2572 5644 2630 5689 ς.

2130 5710 2345 5772 NOTAE

654 5803 760 5875 ιϋὸ)
808 5802 887 5878 O_h
915 5803 1209 5878 Berenicen
1240 5805 1409 5878 illam,
1435 5808 1793 5878 commgratia
1826 5818 2099 5863 cantatam
2133 5826 2160 5863 a

575 5873 918 5931 Callimacho
957 5886 1120 5947 atque
1154 5876 1386 5944 Catullo,
1425 5873 1753 5935 vidctufltic
1789 5896 1984 5937 nomen
2022 5882 2153 5937 illud

2276 5822 2635 5880 assumptum.

2336 5879 2586 5954 (οηΡω
2617 5882 2857 5955 ἒφρειξε,
2890 5899 3094 5954 repono
3126 5879 3352 5955 ἔφραζε.
