  <div class='ocr_page' id='page_1' title='image "/cluster/home/n/w/nwhite01/storage/ocr_20150623/103/hvd.32044018872861/176.png"; bbox 0 0 4092 6484; ppageno 0'>
   <div class='ocr_carea' id='block_1_1' title="bbox 253 501 354 566">
    <p class='ocr_par' dir='ltr' id='par_1_1' title="bbox 253 501 354 566">
     <span class='ocr_line' id='line_1_1' title="bbox 253 501 354 566; baseline 0 0"><span class='ocrx_word' id='word_1_1' title='bbox 253 501 354 566; x_wconf 81' lang='lat'><strong>337</strong></span> 
     </span>
    </p>
   </div>
   <div class='ocr_carea' id='block_1_2' title="bbox 1350 498 2431 563">
    <p class='ocr_par' dir='ltr' id='par_1_2' title="bbox 1350 498 2431 563">
     <span class='ocr_line' id='line_1_2' title="bbox 1350 498 2431 563; baseline 0.001 -4"><span class='ocrx_word' id='word_1_2' title='bbox 1350 499 1883 561; x_wconf 84' lang='lat' dir='ltr'><strong>BIBLIOTHECA.</strong></span> <span class='ocrx_word' id='word_1_3' title='bbox 1920 520 1993 534; x_wconf 80' lang='grc'><strong><em>-</em></strong></span> <span class='ocrx_word' id='word_1_4' title='bbox 2022 498 2189 563; x_wconf 90' lang='lat' dir='ltr'><strong>COD.</strong></span> <span class='ocrx_word' id='word_1_5' title='bbox 2230 500 2431 562; x_wconf 83' lang='lat' dir='ltr'>XCIV.</span> 
     </span>
    </p>
   </div>
   <div class='ocr_carea' id='block_1_3' title="bbox 3423 498 3529 562">
    <p class='ocr_par' dir='ltr' id='par_1_3' title="bbox 3423 498 3529 562">
     <span class='ocr_line' id='line_1_3' title="bbox 3423 498 3529 562; baseline 0 0"><span class='ocrx_word' id='word_1_6' title='bbox 3423 498 3529 562; x_wconf 80' lang='lat'><strong>338</strong></span> 
     </span>
    </p>
   </div>
   <div class='ocr_carea' id='block_1_4' title="bbox 249 580 1858 681">
    <p class='ocr_par' dir='ltr' id='par_1_4' title="bbox 249 580 1842 681">
     <span class='ocr_line' id='line_1_4' title="bbox 249 580 1842 681; baseline -0.002 -18"><span class='ocrx_word' id='word_1_7' title='bbox 249 610 343 663; x_wconf 80' lang='grc' dir='ltr'>τοῦ</span> <span class='ocrx_word' id='word_1_8' title='bbox 381 607 620 676; x_wconf 78' lang='grc' dir='ltr'><strong>στήθους</strong></span> <span class='ocrx_word' id='word_1_9' title='bbox 662 580 1096 681; x_wconf 79' lang='grc' dir='ltr'>παραψήχουσαν</span> <span class='ocrx_word' id='word_1_10' title='bbox 1121 608 1164 640; x_wconf 71' lang='grc'><strong>’⁸</strong></span> <span class='ocrx_word' id='word_1_11' title='bbox 1207 605 1257 677; x_wconf 86' lang='grc' dir='ltr'><strong>(ὁ</strong></span> <span class='ocrx_word' id='word_1_12' title='bbox 1304 607 1567 679; x_wconf 75' lang='grc' dir='ltr'>Σόραιχος</span> <span class='ocrx_word' id='word_1_13' title='bbox 1596 608 1708 680; x_wconf 81' lang='grc' dir='ltr'>γὰρ</span> <span class='ocrx_word' id='word_1_14' title='bbox 1748 609 1842 661; x_wconf 79' lang='grc' dir='ltr'><strong>ἐπὶ</strong></span> 
     </span>
    </p>
   </div>
   <div class='ocr_carea' id='block_1_5' title="bbox 1961 580 3527 681">
    <p class='ocr_par' dir='ltr' id='par_1_5' title="bbox 1961 606 3527 681">
     <span class='ocr_line' id='line_1_5' title="bbox 1961 606 3527 681; baseline 0.001 -17"><span class='ocrx_word' id='word_1_15' title='bbox 1961 610 2162 665; x_wconf 80' lang='lat' dir='ltr'><strong>raechus</strong></span> <span class='ocrx_word' id='word_1_16' title='bbox 2193 609 2339 665; x_wconf 89' lang='lat' dir='ltr'><strong>enim</strong></span> <span class='ocrx_word' id='word_1_17' title='bbox 2382 608 2653 664; x_wconf 75' lang='lat' dir='ltr'><strong>medicum</strong></span> <span class='ocrx_word' id='word_1_18' title='bbox 2697 607 3029 666; x_wconf 87' lang='lat' dir='ltr'><strong>accersitum</strong></span> <span class='ocrx_word' id='word_1_19' title='bbox 3064 606 3226 681; x_wconf 83' lang='lat' dir='ltr'><strong>ierat)</strong></span> <span class='ocrx_word' id='word_1_20' title='bbox 3259 609 3445 669; x_wconf 81' lang='lat' dir='ltr'><strong>furore</strong></span> <span class='ocrx_word' id='word_1_21' title='bbox 3470 621 3527 666; x_wconf 87' lang='lat' dir='ltr'><strong>et</strong></span> 
     </span>
    </p>
   </div>
   <div class='ocr_carea' id='block_1_6' title="bbox 251 700 1842 775">
    <p class='ocr_par' dir='ltr' id='par_1_6' title="bbox 251 700 1842 775">
     <span class='ocr_line' id='line_1_6' title="bbox 251 700 1842 775; baseline 0 -20"><span class='ocrx_word' id='word_1_22' title='bbox 251 702 485 775; x_wconf 84' lang='grc' dir='ltr'>ζήτησιν</span> <span class='ocrx_word' id='word_1_23' title='bbox 534 700 724 772; x_wconf 75' lang='grc' dir='ltr'>ἰατροῦ</span> <span class='ocrx_word' id='word_1_24' title='bbox 773 700 985 773; x_wconf 75' lang='grc' dir='ltr'>ἐξῄει),</span> <span class='ocrx_word' id='word_1_25' title='bbox 1038 701 1209 771; x_wconf 78' lang='grc' dir='ltr'>ὀργῆς</span> <span class='ocrx_word' id='word_1_26' title='bbox 1242 718 1301 755; x_wconf 85' lang='grc' dir='ltr'><strong>τε</strong></span> <span class='ocrx_word' id='word_1_27' title='bbox 1362 701 1457 756; x_wconf 75' lang='grc' dir='ltr'><strong>καὶ</strong></span> <span class='ocrx_word' id='word_1_28' title='bbox 1510 701 1842 771; x_wconf 76' lang='grc' dir='ltr'><strong>ζηλοτυπίας</strong></span> 
     </span>
    </p>
   </div>
   <div class='ocr_carea' id='block_1_7' title="bbox 252 793 1841 867">
    <p class='ocr_par' dir='ltr' id='par_1_7' title="bbox 252 793 1841 867">
     <span class='ocr_line' id='line_1_7' title="bbox 252 793 1841 867; baseline 0.001 -20"><span class='ocrx_word' id='word_1_29' title='bbox 252 795 455 864; x_wconf 72' lang='grc' dir='ltr'>μᾶλλον</span> <span class='ocrx_word' id='word_1_30' title='bbox 486 793 831 865; x_wconf 75' lang='grc' dir='ltr'>ἐμπίπλαται</span> <span class='ocrx_word' id='word_1_31' title='bbox 864 793 961 849; x_wconf 72' lang='grc' dir='ltr'>καὶ</span> <span class='ocrx_word' id='word_1_32' title='bbox 989 795 1137 867; x_wconf 79' lang='grc' dir='ltr'>ὁρμᾷ</span> <span class='ocrx_word' id='word_1_33' title='bbox 1166 793 1308 848; x_wconf 84' lang='grc' dir='ltr'>κατὰ</span> <span class='ocrx_word' id='word_1_34' title='bbox 1333 795 1432 864; x_wconf 82' lang='grc' dir='ltr'>τῆς</span> <span class='ocrx_word' id='word_1_35' title='bbox 1462 795 1650 865; x_wconf 82' lang='grc' dir='ltr'><strong>κόρης.</strong></span> <span class='ocrx_word' id='word_1_36' title='bbox 1699 796 1758 849; x_wconf 88' lang='lat'><strong>&#39;0</strong></span> <span class='ocrx_word' id='word_1_37' title='bbox 1783 796 1841 850; x_wconf 83' lang='grc' dir='ltr'><strong>δὲ</strong></span> 
     </span>
    </p>
   </div>
   <div class='ocr_carea' id='block_1_8' title="bbox 260 885 1843 960">
    <p class='ocr_par' dir='ltr' id='par_1_8' title="bbox 260 885 1843 960">
     <span class='ocr_line' id='line_1_8' title="bbox 260 885 1843 960; baseline 0 -18"><span class='ocrx_word' id='word_1_38' title='bbox 260 888 525 960; x_wconf 74' lang='grc' dir='ltr'>Ῥοδάνης</span> <span class='ocrx_word' id='word_1_39' title='bbox 554 887 661 943; x_wconf 74' lang='grc' dir='ltr'><strong>ὐπὸ</strong></span> <span class='ocrx_word' id='word_1_40' title='bbox 688 890 787 959; x_wconf 82' lang='grc' dir='ltr'>τῆς</span> <span class='ocrx_word' id='word_1_41' title='bbox 812 888 933 959; x_wconf 81' lang='grc' dir='ltr'>βίας</span> <span class='ocrx_word' id='word_1_42' title='bbox 962 887 1232 959; x_wconf 81' lang='grc' dir='ltr'><strong>κρείττων</strong></span> <span class='ocrx_word' id='word_1_43' title='bbox 1259 885 1358 941; x_wconf 82' lang='grc' dir='ltr'><strong>τοῦ</strong></span> <span class='ocrx_word' id='word_1_44' title='bbox 1388 887 1708 959; x_wconf 78' lang='grc' dir='ltr'><strong>τραύματος</strong></span> <span class='ocrx_word' id='word_1_45' title='bbox 1750 906 1843 957; x_wconf 82' lang='grc' dir='ltr'>γε-</span> 
     </span>
    </p>
   </div>
   <div class='ocr_carea' id='block_1_9' title="bbox 248 978 1844 1049">
    <p class='ocr_par' dir='ltr' id='par_1_9' title="bbox 248 978 1844 1049">
     <span class='ocr_line' id='line_1_9' title="bbox 248 978 1844 1049; baseline -0.003 -16"><span class='ocrx_word' id='word_1_46' title='bbox 248 979 426 1049; x_wconf 84' lang='grc' dir='ltr'>γονὼς</span> <span class='ocrx_word' id='word_1_47' title='bbox 478 981 695 1048; x_wconf 79' lang='grc' dir='ltr'>ὑπήντα</span> <span class='ocrx_word' id='word_1_48' title='bbox 746 980 843 1034; x_wconf 60' lang='grc' dir='ltr'><strong>καὶ⁴</strong></span> <span class='ocrx_word' id='word_1_49' title='bbox 888 978 1096 1033; x_wconf 72' lang='grc' dir='ltr'>ἐκώλυε</span> <span class='ocrx_word' id='word_1_50' title='bbox 1132 978 1234 1049; x_wconf 83' lang='grc' dir='ltr'>τὴν</span> <span class='ocrx_word' id='word_1_51' title='bbox 1262 978 1556 1044; x_wconf 89' lang='grc' dir='ltr'>Σινωνίδα,</span> <span class='ocrx_word' id='word_1_52' title='bbox 1596 978 1658 1033; x_wconf 83' lang='grc' dir='ltr'><strong>τὸ</strong></span> <span class='ocrx_word' id='word_1_53' title='bbox 1690 978 1844 1045; x_wconf 81' lang='grc' dir='ltr'>ξίφος</span> 
     </span>
    </p>
   </div>
   <div class='ocr_carea' id='block_1_10' title="bbox 248 1070 1843 1142">
    <p class='ocr_par' dir='ltr' id='par_1_10' title="bbox 248 1070 1843 1142">
     <span class='ocr_line' id='line_1_10' title="bbox 248 1070 1843 1142; baseline -0.003 -15"><span class='ocrx_word' id='word_1_54' title='bbox 248 1073 512 1142; x_wconf 82' lang='grc' dir='ltr'>ἁρπάσας</span> <span class='ocrx_word' id='word_1_55' title='bbox 558 1073 654 1126; x_wconf 79' lang='grc' dir='ltr'><strong>ἀπ’</strong></span> <span class='ocrx_word' id='word_1_56' title='bbox 685 1072 875 1139; x_wconf 82' lang='grc' dir='ltr'>αὐτῆς.</span> <span class='ocrx_word' id='word_1_57' title='bbox 930 1072 996 1125; x_wconf 87' lang='grc' dir='ltr'>Ἡ</span> <span class='ocrx_word' id='word_1_58' title='bbox 1043 1071 1099 1125; x_wconf 86' lang='grc' dir='ltr'><strong>δὲ</strong></span> <span class='ocrx_word' id='word_1_59' title='bbox 1148 1071 1241 1124; x_wconf 83' lang='grc' dir='ltr'>ὑπ’</span> <span class='ocrx_word' id='word_1_60' title='bbox 1268 1071 1437 1142; x_wconf 81' lang='grc' dir='ltr'>ὀργῆς</span> <span class='ocrx_word' id='word_1_61' title='bbox 1485 1070 1843 1141; x_wconf 70' lang='grc' dir='ltr'><strong>ἐκπηδήσασα</strong></span> 
     </span>
    </p>
   </div>
   <div class='ocr_carea' id='block_1_11' title="bbox 248 1163 1841 1235">
    <p class='ocr_par' dir='ltr' id='par_1_11' title="bbox 248 1163 1841 1235">
     <span class='ocr_line' id='line_1_11' title="bbox 248 1163 1841 1235; baseline 0.001 -19"><span class='ocrx_word' id='word_1_62' title='bbox 248 1163 344 1217; x_wconf 79' lang='grc' dir='ltr'><strong>τοῦ</strong></span> <span class='ocrx_word' id='word_1_63' title='bbox 399 1163 776 1233; x_wconf 86' lang='grc' dir='ltr'>καταγωγίου,</span> <span class='ocrx_word' id='word_1_64' title='bbox 837 1164 929 1217; x_wconf 81' lang='grc' dir='ltr'><strong>καὶ</strong></span> <span class='ocrx_word' id='word_1_65' title='bbox 981 1163 1169 1235; x_wconf 82' lang='grc' dir='ltr'><strong>δρόμῳ</strong></span> <span class='ocrx_word' id='word_1_66' title='bbox 1222 1164 1482 1234; x_wconf 80' lang='grc' dir='ltr'><strong>χρωμένη</strong></span> <span class='ocrx_word' id='word_1_67' title='bbox 1558 1163 1841 1233; x_wconf 84' lang='grc' dir='ltr'>μανιώδει,</span> 
     </span>
    </p>
   </div>
   <div class='ocr_carea' id='block_1_12' title="bbox 248 1254 1843 1328">
    <p class='ocr_par' dir='ltr' id='par_1_12' title="bbox 248 1254 1843 1328">
     <span class='ocr_line' id='line_1_12' title="bbox 248 1254 1843 1328; baseline 0.001 -20"><span class='ocrx_word' id='word_1_68' title='bbox 248 1254 411 1308; x_wconf 77' lang='grc' dir='ltr'>τοῦτο</span> <span class='ocrx_word' id='word_1_69' title='bbox 433 1255 568 1327; x_wconf 72' lang='grc' dir='ltr'>πρὸς</span> <span class='ocrx_word' id='word_1_70' title='bbox 585 1255 839 1327; x_wconf 82' lang='grc' dir='ltr'>Ῥοδάνην</span> <span class='ocrx_word' id='word_1_71' title='bbox 860 1254 1089 1309; x_wconf 77' lang='grc' dir='ltr'>εἰποῦσα</span> <span class='ocrx_word' id='word_1_72' title='bbox 1114 1255 1391 1328; x_wconf 66' lang='grc' dir='ltr'>ἀπέρριψε</span> <span class='ocrx_word' id='word_1_73' title='bbox 1418 1255 1599 1326; x_wconf 86' lang='grc' dir='ltr'>μόνον·</span> <span class='ocrx_word' id='word_1_74' title='bbox 1630 1274 1649 1309; x_wconf 80' lang='lat' dir='ltr'><strong>t</strong></span> <span class='ocrx_word' id='word_1_75' title='bbox 1678 1255 1843 1309; x_wconf 86' lang='grc' dir='ltr'>Καλώ</span> 
     </span>
    </p>
   </div>
   <div class='ocr_carea' id='block_1_13' title="bbox 253 1346 1841 1418">
    <p class='ocr_par' dir='ltr' id='par_1_13' title="bbox 253 1346 1841 1418">
     <span class='ocr_line' id='line_1_13' title="bbox 253 1346 1841 1418; baseline 0.001 -21"><span class='ocrx_word' id='word_1_76' title='bbox 253 1363 313 1398; x_wconf 90' lang='grc' dir='ltr'><strong>σε</strong></span> <span class='ocrx_word' id='word_1_77' title='bbox 347 1346 593 1417; x_wconf 82' lang='grc' dir='ltr'>σήμερον</span> <span class='ocrx_word' id='word_1_78' title='bbox 628 1348 709 1410; x_wconf 87' lang='grc' dir='ltr'><strong>είς</strong></span> <span class='ocrx_word' id='word_1_79' title='bbox 736 1348 864 1410; x_wconf 86' lang='grc' dir='ltr'><strong>τούς</strong></span> <span class='ocrx_word' id='word_1_80' title='bbox 898 1346 1121 1418; x_wconf 88' lang='grc' dir='ltr'>Γάρμου</span> <span class='ocrx_word' id='word_1_81' title='bbox 1159 1346 1394 1417; x_wconf 80' lang='grc' dir='ltr'><strong>γάμους.</strong></span> <span class='ocrx_word' id='word_1_82' title='bbox 1441 1366 1458 1398; x_wconf 82' lang='grc' dir='ltr'><strong>ι</strong></span> <span class='ocrx_word' id='word_1_83' title='bbox 1492 1347 1753 1418; x_wconf 87' lang='grc' dir='ltr'>Σόραιχος</span> <span class='ocrx_word' id='word_1_84' title='bbox 1783 1346 1841 1400; x_wconf 84' lang='grc' dir='ltr'>δὲ</span> 
     </span>
    </p>
   </div>
   <div class='ocr_carea' id='block_1_14' title="bbox 252 1436 1844 1509">
    <p class='ocr_par' dir='ltr' id='par_1_14' title="bbox 252 1436 1844 1509">
     <span class='ocr_line' id='line_1_14' title="bbox 252 1436 1844 1509; baseline 0.001 -20"><span class='ocrx_word' id='word_1_85' title='bbox 252 1438 730 1507; x_wconf 85' lang='grc' dir='ltr'>παραγενόμενος,</span> <span class='ocrx_word' id='word_1_86' title='bbox 783 1438 878 1489; x_wconf 79' lang='grc' dir='ltr'>καὶ</span> <span class='ocrx_word' id='word_1_87' title='bbox 914 1436 1103 1506; x_wconf 83' lang='grc' dir='ltr'>μαθὼν</span> <span class='ocrx_word' id='word_1_88' title='bbox 1139 1436 1376 1501; x_wconf 77' lang='grc' dir='ltr'>ἅπαντα,</span> <span class='ocrx_word' id='word_1_89' title='bbox 1402 1438 1711 1509; x_wconf 90' lang='grc' dir='ltr'>παρηγορεῖ</span> <span class='ocrx_word' id='word_1_90' title='bbox 1746 1436 1844 1506; x_wconf 75' lang='grc' dir='ltr'>μὲν</span> 
     </span>
    </p>
   </div>
   <div class='ocr_carea' id='block_1_15' title="bbox 260 1528 1843 1601">
    <p class='ocr_par' dir='ltr' id='par_1_15' title="bbox 260 1528 1843 1601">
     <span class='ocr_line' id='line_1_15' title="bbox 260 1528 1843 1601; baseline -0.001 -17"><span class='ocrx_word' id='word_1_91' title='bbox 260 1531 550 1601; x_wconf 85' lang='grc' dir='ltr'>Ῥοδάνην,</span> <span class='ocrx_word' id='word_1_92' title='bbox 592 1531 690 1587; x_wconf 75' lang='grc' dir='ltr'>καὶ</span> <span class='ocrx_word' id='word_1_93' title='bbox 742 1529 1124 1601; x_wconf 82' lang='grc' dir='ltr'>ἰατρεύσαντες</span> <span class='ocrx_word' id='word_1_94' title='bbox 1172 1529 1232 1583; x_wconf 82' lang='grc' dir='ltr'><strong>τὸ</strong></span> <span class='ocrx_word' id='word_1_95' title='bbox 1270 1528 1496 1600; x_wconf 80' lang='grc' dir='ltr'>τραῦμα</span> <span class='ocrx_word' id='word_1_96' title='bbox 1548 1528 1843 1585; x_wconf 82' lang='grc' dir='ltr'>ἀπολύουσι</span> 
     </span>
    </p>
   </div>
   <div class='ocr_carea' id='block_1_16' title="bbox 254 1621 1758 1694">
    <p class='ocr_par' dir='ltr' id='par_1_16' title="bbox 254 1621 1758 1694">
     <span class='ocr_line' id='line_1_16' title="bbox 254 1621 1758 1694; baseline 0 -18"><span class='ocrx_word' id='word_1_97' title='bbox 254 1624 398 1693; x_wconf 81' lang='grc' dir='ltr'>μετὰ</span> <span class='ocrx_word' id='word_1_98' title='bbox 435 1622 550 1676; x_wconf 83' lang='grc' dir='ltr'><strong>τῶν</strong></span> <span class='ocrx_word' id='word_1_99' title='bbox 578 1623 878 1694; x_wconf 81' lang='grc' dir='ltr'>χρημάτων</span> <span class='ocrx_word' id='word_1_100' title='bbox 907 1621 1004 1693; x_wconf 86' lang='grc' dir='ltr'>τὴν</span> <span class='ocrx_word' id='word_1_101' title='bbox 1031 1621 1201 1693; x_wconf 85' lang='grc' dir='ltr'>κόρην</span> <span class='ocrx_word' id='word_1_102' title='bbox 1237 1622 1375 1692; x_wconf 78' lang='grc' dir='ltr'>πρὸς</span> <span class='ocrx_word' id='word_1_103' title='bbox 1398 1621 1492 1674; x_wconf 83' lang='grc' dir='ltr'><strong>τὸν</strong></span> <span class='ocrx_word' id='word_1_104' title='bbox 1524 1622 1758 1694; x_wconf 80' lang='grc' dir='ltr'>πατέρα.</span> 
     </span>
    </p>
   </div>
   <div class='ocr_carea' id='block_1_17' title="bbox 323 1710 1846 1785">
    <p class='ocr_par' dir='ltr' id='par_1_17' title="bbox 323 1710 1846 1785">
     <span class='ocr_line' id='line_1_17' title="bbox 323 1710 1846 1785; baseline -0.001 -17"><span class='ocrx_word' id='word_1_105' title='bbox 323 1717 565 1784; x_wconf 83' lang='grc' dir='ltr'>Ἀγεται</span> <span class='ocrx_word' id='word_1_106' title='bbox 593 1713 732 1785; x_wconf 77' lang='grc' dir='ltr'>πρὸς</span> <span class='ocrx_word' id='word_1_107' title='bbox 762 1713 985 1785; x_wconf 83' lang='grc' dir='ltr'>Γάρμον</span> <span class='ocrx_word' id='word_1_108' title='bbox 1006 1711 1302 1784; x_wconf 79' lang='grc' dir='ltr'>Εὐφράτης</span> <span class='ocrx_word' id='word_1_109' title='bbox 1327 1711 1402 1774; x_wconf 87' lang='grc' dir='ltr'>ὡς</span> <span class='ocrx_word' id='word_1_110' title='bbox 1438 1710 1718 1782; x_wconf 81' lang='grc' dir='ltr'>Ῥοδάνης,</span> <span class='ocrx_word' id='word_1_111' title='bbox 1749 1713 1846 1766; x_wconf 75' lang='grc' dir='ltr'><strong>καὶ</strong></span> 
     </span>
    </p>
   </div>
   <div class='ocr_carea' id='block_1_18' title="bbox 252 1802 1846 1875">
    <p class='ocr_par' dir='ltr' id='par_1_18' title="bbox 252 1802 1846 1875">
     <span class='ocr_line' id='line_1_18' title="bbox 252 1802 1846 1875; baseline -0.003 -14"><span class='ocrx_word' id='word_1_112' title='bbox 252 1808 326 1872; x_wconf 81' lang='grc' dir='ltr'>ὡς</span> <span class='ocrx_word' id='word_1_113' title='bbox 349 1808 581 1870; x_wconf 72' lang='grc' dir='ltr'>Σινωνὶς</span> <span class='ocrx_word' id='word_1_114' title='bbox 613 1804 1044 1875; x_wconf 82' lang='grc' dir='ltr'>Μεσοποταμία·</span> <span class='ocrx_word' id='word_1_115' title='bbox 1084 1803 1280 1872; x_wconf 80' lang='grc' dir='ltr'>ἄγεται</span> <span class='ocrx_word' id='word_1_116' title='bbox 1310 1804 1407 1858; x_wconf 80' lang='grc' dir='ltr'>καὶ</span> <span class='ocrx_word' id='word_1_117' title='bbox 1448 1803 1711 1874; x_wconf 83' lang='grc' dir='ltr'>Σόραιχος</span> <span class='ocrx_word' id='word_1_118' title='bbox 1749 1802 1846 1857; x_wconf 78' lang='grc' dir='ltr'>καὶ</span> 
     </span>
    </p>
   </div>
   <div class='ocr_carea' id='block_1_19' title="bbox 252 1890 1844 1969">
    <p class='ocr_par' dir='ltr' id='par_1_19' title="bbox 252 1890 1844 1969">
     <span class='ocr_line' id='line_1_19' title="bbox 252 1890 1844 1969; baseline -0.003 -17"><span class='ocrx_word' id='word_1_119' title='bbox 252 1902 279 1952; x_wconf 84' lang='lat'><strong>6</strong></span> <span class='ocrx_word' id='word_1_120' title='bbox 310 1899 523 1969; x_wconf 76' lang='grc' dir='ltr'>ἀληθὴς</span> <span class='ocrx_word' id='word_1_121' title='bbox 562 1897 840 1967; x_wconf 86' lang='grc' dir='ltr'>Ῥοδὰνης.</span> <span class='ocrx_word' id='word_1_122' title='bbox 886 1899 995 1950; x_wconf 78' lang='grc' dir='ltr'><strong>Καὶ</strong></span> <span class='ocrx_word' id='word_1_123' title='bbox 1032 1895 1284 1964; x_wconf 81' lang='grc' dir='ltr'>διαγνοὺς</span> <span class='ocrx_word' id='word_1_124' title='bbox 1308 1896 1336 1949; x_wconf 88' lang='lat'><strong>6</strong></span> <span class='ocrx_word' id='word_1_125' title='bbox 1359 1895 1398 1948; x_wconf 88' lang='grc' dir='ltr'><strong>Γ</strong></span> <span class='ocrx_word' id='word_1_126' title='bbox 1402 1894 1578 1965; x_wconf 89' lang='grc' dir='ltr'>άρμος</span> <span class='ocrx_word' id='word_1_127' title='bbox 1608 1895 1683 1966; x_wconf 82' lang='grc' dir='ltr'>μὴ</span> <span class='ocrx_word' id='word_1_128' title='bbox 1705 1890 1844 1951; x_wconf 79' lang='grc' dir='ltr'>εἶναι</span> 
     </span>
    </p>
   </div>
   <div class='ocr_carea' id='block_1_20' title="bbox 1945 699 3525 772">
    <p class='ocr_par' dir='ltr' id='par_1_20' title="bbox 1945 699 3525 772">
     <span class='ocr_line' id='line_1_20' title="bbox 1945 699 3525 772; baseline 0.001 -16"><span class='ocrx_word' id='word_1_129' title='bbox 1945 699 2215 772; x_wconf 85' lang='lat' dir='ltr'><strong>zelotypia</strong></span> <span class='ocrx_word' id='word_1_130' title='bbox 2260 700 2437 770; x_wconf 81' lang='lat' dir='ltr'><strong>magis</strong></span> <span class='ocrx_word' id='word_1_131' title='bbox 2489 699 2712 755; x_wconf 85' lang='lat' dir='ltr'><strong>incensa</strong></span> <span class='ocrx_word' id='word_1_132' title='bbox 2734 740 2750 764; x_wconf 94' lang='lat'><strong>,</strong></span> <span class='ocrx_word' id='word_1_133' title='bbox 2797 699 2852 755; x_wconf 83' lang='lat' dir='ltr'><strong>in</strong></span> <span class='ocrx_word' id='word_1_134' title='bbox 2881 700 3138 769; x_wconf 76' lang='lat' dir='ltr'><strong>&#39;puellam</strong></span> <span class='ocrx_word' id='word_1_135' title='bbox 3167 715 3291 758; x_wconf 89' lang='lat' dir='ltr'><strong>cum</strong></span> <span class='ocrx_word' id='word_1_136' title='bbox 3319 702 3525 772; x_wconf 91' lang='lat' dir='ltr'><strong>impetn</strong></span> 
     </span>
    </p>
   </div>
   <div class='ocr_carea' id='block_1_21' title="bbox 1943 794 3526 873">
    <p class='ocr_par' dir='ltr' id='par_1_21' title="bbox 1943 794 3526 873">
     <span class='ocr_line' id='line_1_21' title="bbox 1943 794 3526 873; baseline 0 -22"><span class='ocrx_word' id='word_1_137' title='bbox 1943 796 2072 851; x_wconf 88' lang='lat' dir='ltr'><strong>ruit.</strong></span> <span class='ocrx_word' id='word_1_138' title='bbox 2126 795 2197 850; x_wconf 86' lang='lat' dir='ltr'><strong>At</strong></span> <span class='ocrx_word' id='word_1_139' title='bbox 2246 794 2579 859; x_wconf 81' lang='lat' dir='ltr'><strong>Rhodanes,</strong></span> <span class='ocrx_word' id='word_1_140' title='bbox 2622 794 2871 873; x_wconf 89' lang='lat' dir='ltr'><strong>collectis</strong></span> <span class='ocrx_word' id='word_1_141' title='bbox 2927 794 2990 849; x_wconf 88' lang='lat' dir='ltr'><strong>ad</strong></span> <span class='ocrx_word' id='word_1_142' title='bbox 3033 809 3154 851; x_wconf 90' lang='lat' dir='ltr'><strong>eam</strong></span> <span class='ocrx_word' id='word_1_143' title='bbox 3208 794 3526 851; x_wconf 72' lang='lat' dir='ltr'><strong>violentiam</strong></span> 
     </span>
    </p>
   </div>
   <div class='ocr_carea' id='block_1_22' title="bbox 1944 887 3528 959">
    <p class='ocr_par' dir='ltr' id='par_1_22' title="bbox 1944 887 3528 959">
     <span class='ocr_line' id='line_1_22' title="bbox 1944 887 3528 959; baseline 0.001 -17"><span class='ocrx_word' id='word_1_144' title='bbox 1944 888 2191 944; x_wconf 83' lang='lat' dir='ltr'><strong>nonnihil</strong></span> <span class='ocrx_word' id='word_1_145' title='bbox 2225 904 2256 944; x_wconf 89' lang='lat' dir='ltr'><strong>a</strong></span> <span class='ocrx_word' id='word_1_146' title='bbox 2288 888 2517 945; x_wconf 87' lang='lat' dir='ltr'><strong>vulnere</strong></span> <span class='ocrx_word' id='word_1_147' title='bbox 2536 887 2779 951; x_wconf 88' lang='lat' dir='ltr'><strong>viribus,</strong></span> <span class='ocrx_word' id='word_1_148' title='bbox 2810 889 3093 955; x_wconf 88' lang='lat' dir='ltr'><strong>accurrit,</strong></span> <span class='ocrx_word' id='word_1_149' title='bbox 3125 889 3430 959; x_wconf 88' lang='lat' dir='ltr'><strong>avertitque</strong></span> <span class='ocrx_word' id='word_1_150' title='bbox 3458 888 3528 944; x_wconf 87' lang='lat' dir='ltr'><strong>ab</strong></span> 
     </span>
    </p>
   </div>
   <div class='ocr_carea' id='block_1_23' title="bbox 1943 979 3526 1051">
    <p class='ocr_par' dir='ltr' id='par_1_23' title="bbox 1943 979 3526 1051">
     <span class='ocr_line' id='line_1_23' title="bbox 1943 979 3526 1051; baseline -0.001 -15"><span class='ocrx_word' id='word_1_151' title='bbox 1943 981 2033 1036; x_wconf 91' lang='lat' dir='ltr'><strong>illa</strong></span> <span class='ocrx_word' id='word_1_152' title='bbox 2069 980 2331 1036; x_wconf 91' lang='lat' dir='ltr'><strong>Sinonida</strong></span> <span class='ocrx_word' id='word_1_153' title='bbox 2352 1022 2368 1047; x_wconf 91' lang='lat'><strong>,</strong></span> <span class='ocrx_word' id='word_1_154' title='bbox 2400 989 2459 1037; x_wconf 87' lang='lat' dir='ltr'><strong>et</strong></span> <span class='ocrx_word' id='word_1_155' title='bbox 2484 980 2693 1036; x_wconf 89' lang='lat' dir='ltr'><strong>ferrum</strong></span> <span class='ocrx_word' id='word_1_156' title='bbox 2730 980 2953 1050; x_wconf 83' lang='lat' dir='ltr'><strong>eripuit.</strong></span> <span class='ocrx_word' id='word_1_157' title='bbox 2983 979 3077 1035; x_wconf 90' lang='lat' dir='ltr'><strong>llla</strong></span> <span class='ocrx_word' id='word_1_158' title='bbox 3112 980 3278 1050; x_wconf 82' lang='lat' dir='ltr'><strong>igitur</strong></span> <span class='ocrx_word' id='word_1_159' title='bbox 3303 997 3414 1051; x_wconf 64' lang='lat' dir='ltr'><strong>pra:</strong></span> <span class='ocrx_word' id='word_1_160' title='bbox 3442 980 3526 1037; x_wconf 85' lang='lat' dir='ltr'><strong>ira</strong></span> 
     </span>
    </p>
   </div>
   <div class='ocr_carea' id='block_1_24' title="bbox 1943 1071 3526 1143">
    <p class='ocr_par' dir='ltr' id='par_1_24' title="bbox 1943 1071 3526 1143">
     <span class='ocr_line' id='line_1_24' title="bbox 1943 1071 3526 1143; baseline 0.002 -17"><span class='ocrx_word' id='word_1_161' title='bbox 1943 1072 2219 1128; x_wconf 90' lang='lat' dir='ltr'><strong>domicilio</strong></span> <span class='ocrx_word' id='word_1_162' title='bbox 2238 1072 2521 1139; x_wconf 67' lang='lat' dir='ltr'><strong>assiliens,</strong></span> <span class='ocrx_word' id='word_1_163' title='bbox 2547 1081 2602 1128; x_wconf 91' lang='lat' dir='ltr'><strong>et</strong></span> <span class='ocrx_word' id='word_1_164' title='bbox 2644 1071 2934 1128; x_wconf 90' lang='lat' dir='ltr'><strong>furibunda</strong></span> <span class='ocrx_word' id='word_1_165' title='bbox 2984 1088 3346 1143; x_wconf 83' lang='lat' dir='ltr'><strong>procurrens,</strong></span> <span class='ocrx_word' id='word_1_166' title='bbox 3379 1073 3526 1129; x_wconf 82' lang='lat' dir='ltr'><strong>Rho-</strong></span> 
     </span>
    </p>
   </div>
   <div class='ocr_carea' id='block_1_25' title="bbox 1947 1164 3526 1237">
    <p class='ocr_par' dir='ltr' id='par_1_25' title="bbox 1947 1164 3526 1237">
     <span class='ocr_line' id='line_1_25' title="bbox 1947 1164 3526 1237; baseline 0.002 -18"><span class='ocrx_word' id='word_1_167' title='bbox 1947 1166 2070 1220; x_wconf 83' lang='lat' dir='ltr'><strong>dani</strong></span> <span class='ocrx_word' id='word_1_168' title='bbox 2121 1175 2328 1221; x_wconf 89' lang='lat' dir='ltr'><strong>tantum</strong></span> <span class='ocrx_word' id='word_1_169' title='bbox 2392 1166 2496 1222; x_wconf 92' lang='lat' dir='ltr'><strong>hoc</strong></span> <span class='ocrx_word' id='word_1_170' title='bbox 2538 1164 2804 1237; x_wconf 83' lang='lat' dir='ltr'><strong>objiciens</strong></span> <span class='ocrx_word' id='word_1_171' title='bbox 2849 1167 2989 1221; x_wconf 82' lang='lat' dir='ltr'><strong>dixit</strong></span> <span class='ocrx_word' id='word_1_172' title='bbox 3035 1182 3049 1220; x_wconf 88' lang='lat'>:</span> <span class='ocrx_word' id='word_1_173' title='bbox 3108 1165 3328 1222; x_wconf 71' lang='lat' dir='ltr'><strong>«Hodie</strong></span> <span class='ocrx_word' id='word_1_174' title='bbox 3367 1176 3418 1223; x_wconf 91' lang='lat' dir='ltr'><strong>te</strong></span> <span class='ocrx_word' id='word_1_175' title='bbox 3459 1168 3526 1222; x_wconf 91' lang='lat' dir='ltr'><strong>ad</strong></span> 
     </span>
    </p>
   </div>
   <div class='ocr_carea' id='block_1_26' title="bbox 1943 1258 3523 1329">
    <p class='ocr_par' dir='ltr' id='par_1_26' title="bbox 1943 1258 3523 1329">
     <span class='ocr_line' id='line_1_26' title="bbox 1943 1258 3523 1329; baseline -0.001 -15"><span class='ocrx_word' id='word_1_176' title='bbox 1943 1258 2131 1314; x_wconf 84' lang='lat' dir='ltr'><strong>Garml</strong></span> <span class='ocrx_word' id='word_1_177' title='bbox 2180 1259 2397 1329; x_wconf 84' lang='lat' dir='ltr'><strong>nuptias</strong></span> <span class='ocrx_word' id='word_1_178' title='bbox 2435 1259 2627 1313; x_wconf 86' lang='lat' dir='ltr'><strong>invito.</strong></span> <span class='ocrx_word' id='word_1_179' title='bbox 2670 1277 2688 1311; x_wconf 86' lang='grc'>›</span> <span class='ocrx_word' id='word_1_180' title='bbox 2742 1258 3036 1315; x_wconf 71' lang='lat' dir='ltr'><strong>Sorzechns</strong></span> <span class='ocrx_word' id='word_1_181' title='bbox 3080 1259 3202 1314; x_wconf 89' lang='lat' dir='ltr'><strong>dein</strong></span> <span class='ocrx_word' id='word_1_182' title='bbox 3248 1275 3523 1322; x_wconf 83' lang='lat' dir='ltr'><strong>reversus,</strong></span> 
     </span>
    </p>
   </div>
   <div class='ocr_carea' id='block_1_27' title="bbox 1944 1349 3529 1417">
    <p class='ocr_par' dir='ltr' id='par_1_27' title="bbox 1944 1349 3529 1417">
     <span class='ocr_line' id='line_1_27' title="bbox 1944 1349 3529 1417; baseline -0.002 -10"><span class='ocrx_word' id='word_1_183' title='bbox 1944 1361 1999 1407; x_wconf 87' lang='lat' dir='ltr'><strong>et</strong></span> <span class='ocrx_word' id='word_1_184' title='bbox 2037 1367 2095 1405; x_wconf 86' lang='lat' dir='ltr'><strong>re</strong></span> <span class='ocrx_word' id='word_1_185' title='bbox 2126 1351 2274 1406; x_wconf 91' lang='lat' dir='ltr'><strong>omni</strong></span> <span class='ocrx_word' id='word_1_186' title='bbox 2304 1351 2544 1417; x_wconf 75' lang='lat' dir='ltr'><strong>cognita,</strong></span> <span class='ocrx_word' id='word_1_187' title='bbox 2575 1349 2896 1405; x_wconf 78' lang='lat' dir='ltr'><strong>Rhodanem</strong></span> <span class='ocrx_word' id='word_1_188' title='bbox 2929 1349 3279 1417; x_wconf 79' lang='lat' dir='ltr'><strong>consolatur;</strong></span> <span class='ocrx_word' id='word_1_189' title='bbox 3311 1360 3529 1404; x_wconf 82' lang='lat' dir='ltr'><strong>curata-</strong></span> 
     </span>
    </p>
   </div>
   <div class='ocr_carea' id='block_1_28' title="bbox 1946 1441 3530 1512">
    <p class='ocr_par' dir='ltr' id='par_1_28' title="bbox 1946 1441 3530 1512">
     <span class='ocr_line' id='line_1_28' title="bbox 1946 1441 3530 1512; baseline -0.001 -14"><span class='ocrx_word' id='word_1_190' title='bbox 1946 1445 2065 1510; x_wconf 84' lang='lat' dir='ltr'><strong>quel</strong></span> <span class='ocrx_word' id='word_1_191' title='bbox 2092 1442 2275 1512; x_wconf 76' lang='lat' dir='ltr'><strong>plaga,</strong></span> <span class='ocrx_word' id='word_1_192' title='bbox 2314 1457 2438 1496; x_wconf 92' lang='lat' dir='ltr'><strong>cum</strong></span> <span class='ocrx_word' id='word_1_193' title='bbox 2484 1442 2716 1511; x_wconf 88' lang='lat' dir='ltr'><strong>pecunia</strong></span> <span class='ocrx_word' id='word_1_194' title='bbox 2751 1441 2982 1511; x_wconf 90' lang='lat' dir='ltr'><strong>puellam</strong></span> <span class='ocrx_word' id='word_1_195' title='bbox 3026 1441 3092 1495; x_wconf 87' lang='lat' dir='ltr'><strong>ad</strong></span> <span class='ocrx_word' id='word_1_196' title='bbox 3143 1451 3420 1511; x_wconf 86' lang='lat' dir='ltr'><strong>parentem</strong></span> <span class='ocrx_word' id='word_1_197' title='bbox 3453 1456 3530 1496; x_wconf 83' lang='lat' dir='ltr'><strong>re-</strong></span> 
     </span>
    </p>
   </div>
   <div class='ocr_carea' id='block_1_29' title="bbox 1949 1535 2193 1589">
    <p class='ocr_par' dir='ltr' id='par_1_29' title="bbox 1949 1535 2193 1589">
     <span class='ocr_line' id='line_1_29' title="bbox 1949 1535 2193 1589; baseline 0 -1"><span class='ocrx_word' id='word_1_198' title='bbox 1949 1535 2193 1589; x_wconf 87' lang='lat' dir='ltr'><strong>mittunt.</strong></span> 
     </span>
    </p>
   </div>
   <div class='ocr_carea' id='block_1_30' title="bbox 2016 1716 3532 1788">
    <p class='ocr_par' dir='ltr' id='par_1_30' title="bbox 2016 1716 3532 1788">
     <span class='ocr_line' id='line_1_30' title="bbox 2016 1716 3532 1788; baseline -0.001 -13"><span class='ocrx_word' id='word_1_199' title='bbox 2016 1720 2229 1775; x_wconf 79' lang='lat' dir='ltr'><strong>interea</strong></span> <span class='ocrx_word' id='word_1_200' title='bbox 2246 1718 2551 1788; x_wconf 79' lang='lat' dir='ltr'><strong>Euphrates</strong></span> <span class='ocrx_word' id='word_1_201' title='bbox 2570 1718 2634 1774; x_wconf 88' lang='lat' dir='ltr'><strong>ad</strong></span> <span class='ocrx_word' id='word_1_202' title='bbox 2657 1716 2917 1774; x_wconf 84' lang='lat' dir='ltr'><strong>Garmnm</strong></span> <span class='ocrx_word' id='word_1_203' title='bbox 2937 1718 3175 1782; x_wconf 85' lang='lat' dir='ltr'><strong>ducitur,</strong></span> <span class='ocrx_word' id='word_1_204' title='bbox 3194 1718 3348 1787; x_wconf 87' lang='lat' dir='ltr'><strong>quasi</strong></span> <span class='ocrx_word' id='word_1_205' title='bbox 3384 1718 3532 1774; x_wconf 73' lang='lat' dir='ltr'><strong>Rho-</strong></span> 
     </span>
    </p>
   </div>
   <div class='ocr_carea' id='block_1_31' title="bbox 1946 1808 3535 1877">
    <p class='ocr_par' dir='ltr' id='par_1_31' title="bbox 1946 1808 3535 1877">
     <span class='ocr_line' id='line_1_31' title="bbox 1946 1808 3535 1877; baseline -0.003 -9"><span class='ocrx_word' id='word_1_206' title='bbox 1946 1812 2120 1868; x_wconf 85' lang='lat' dir='ltr'><strong>danes</strong></span> <span class='ocrx_word' id='word_1_207' title='bbox 2147 1818 2313 1873; x_wconf 82' lang='lat' dir='ltr'><strong>esset,</strong></span> <span class='ocrx_word' id='word_1_208' title='bbox 2344 1818 2400 1864; x_wconf 87' lang='lat' dir='ltr'><strong>et</strong></span> <span class='ocrx_word' id='word_1_209' title='bbox 2428 1824 2527 1877; x_wconf 90' lang='lat' dir='ltr'><strong>pro</strong></span> <span class='ocrx_word' id='word_1_210' title='bbox 2572 1808 2834 1865; x_wconf 88' lang='lat' dir='ltr'><strong>Sinonide</strong></span> <span class='ocrx_word' id='word_1_211' title='bbox 2867 1810 3276 1877; x_wconf 79' lang='lat' dir='ltr'><strong>MesOpotamia.</strong></span> <span class='ocrx_word' id='word_1_212' title='bbox 3311 1809 3535 1865; x_wconf 88' lang='lat' dir='ltr'><strong>Ducitur</strong></span> 
     </span>
    </p>
   </div>
   <div class='ocr_carea' id='block_1_32' title="bbox 1946 1899 3536 1973">
    <p class='ocr_par' dir='ltr' id='par_1_32' title="bbox 1946 1899 3536 1973">
     <span class='ocr_line' id='line_1_32' title="bbox 1946 1899 3536 1973; baseline -0.001 -15"><span class='ocrx_word' id='word_1_213' title='bbox 1946 1912 2006 1958; x_wconf 87' lang='lat' dir='ltr'><strong>et</strong></span> <span class='ocrx_word' id='word_1_214' title='bbox 2058 1902 2368 1966; x_wconf 64' lang='lat' dir='ltr'><strong>Sorachus,</strong></span> <span class='ocrx_word' id='word_1_215' title='bbox 2414 1916 2687 1971; x_wconf 89' lang='lat' dir='ltr'><strong>verusque</strong></span> <span class='ocrx_word' id='word_1_216' title='bbox 2725 1900 3035 1957; x_wconf 80' lang='lat' dir='ltr'><strong>Rhodanes.</strong></span> <span class='ocrx_word' id='word_1_217' title='bbox 3080 1899 3282 1956; x_wconf 76' lang='lat' dir='ltr'><strong>Verum</strong></span> <span class='ocrx_word' id='word_1_218' title='bbox 3318 1904 3536 1973; x_wconf 84' lang='lat' dir='ltr'><strong>cognito</strong></span> 
     </span>
    </p>
   </div>
   <div class='ocr_carea' id='block_1_33' title="bbox 252 1965 1858 2062">
    <p class='ocr_par' dir='ltr' id='par_1_33' title="bbox 252 1965 1842 2061">
     <span class='ocr_line' id='line_1_33' title="bbox 252 1965 1842 2061; baseline -0.001 -17"><span class='ocrx_word' id='word_1_219' title='bbox 252 1965 523 2046; x_wconf 75' lang='grc' dir='ltr'>Σινωνίδα</span> <span class='ocrx_word' id='word_1_220' title='bbox 570 1990 668 2061; x_wconf 81' lang='grc' dir='ltr'><strong>τὴν</strong></span> <span class='ocrx_word' id='word_1_221' title='bbox 712 1965 1144 2059; x_wconf 79' lang='grc' dir='ltr'>Μεσοποταμίαν</span> <span class='ocrx_word' id='word_1_222' title='bbox 1171 2028 1185 2052; x_wconf 91' lang='grc'><strong>,</strong></span> <span class='ocrx_word' id='word_1_223' title='bbox 1218 1988 1402 2042; x_wconf 85' lang='grc' dir='ltr'>δίδωσι</span> <span class='ocrx_word' id='word_1_224' title='bbox 1432 1989 1652 2061; x_wconf 77' lang='grc' dir='ltr'>Ζοὸάρᾳ</span> <span class='ocrx_word' id='word_1_225' title='bbox 1675 1965 1842 2059; x_wconf 83' lang='grc' dir='ltr'><strong>παρὰ</strong></span> 
     </span>
    </p>
   </div>
   <div class='ocr_carea' id='block_1_34' title="bbox 1961 1965 3533 2062">
    <p class='ocr_par' dir='ltr' id='par_1_34' title="bbox 1961 1992 3533 2062">
     <span class='ocr_line' id='line_1_34' title="bbox 1961 1992 3533 2062; baseline -0.001 -13"><span class='ocrx_word' id='word_1_226' title='bbox 1961 1993 2177 2049; x_wconf 67' lang='grc' dir='ltr'>ἓδτηιιιε</span> <span class='ocrx_word' id='word_1_227' title='bbox 2224 1992 2665 2062; x_wconf 84' lang='lat' dir='ltr'><strong>Mesopotamiam</strong></span> <span class='ocrx_word' id='word_1_228' title='bbox 2721 2008 2826 2046; x_wconf 90' lang='lat' dir='ltr'><strong>non</strong></span> <span class='ocrx_word' id='word_1_229' title='bbox 2869 2007 2992 2048; x_wconf 87' lang='lat' dir='ltr'><strong>esse</strong></span> <span class='ocrx_word' id='word_1_230' title='bbox 3020 2009 3203 2048; x_wconf 85' lang='lat' dir='ltr'><strong>veram</strong></span> <span class='ocrx_word' id='word_1_231' title='bbox 3247 1992 3533 2057; x_wconf 89' lang='lat' dir='ltr'><strong>Sinonida,</strong></span> 
     </span>
    </p>
   </div>
   <div class='ocr_carea' id='block_1_35' title="bbox 252 2081 1840 2155">
    <p class='ocr_par' dir='ltr' id='par_1_35' title="bbox 252 2081 1840 2155">
     <span class='ocr_line' id='line_1_35' title="bbox 252 2081 1840 2155; baseline -0.001 -17"><span class='ocrx_word' id='word_1_232' title='bbox 252 2086 503 2155; x_wconf 82' lang='grc' dir='ltr'>ποταμὸν</span> <span class='ocrx_word' id='word_1_233' title='bbox 554 2083 848 2155; x_wconf 80' lang='grc' dir='ltr'>Εὐφράτην</span> <span class='ocrx_word' id='word_1_234' title='bbox 892 2083 1280 2155; x_wconf 83' lang='grc' dir='ltr'>καρατομῆσαι</span> <span class='ocrx_word' id='word_1_235' title='bbox 1305 2083 1370 2146; x_wconf 83' lang='grc'><strong>¹¹,</strong></span> <span class='ocrx_word' id='word_1_236' title='bbox 1405 2081 1492 2135; x_wconf 80' lang='grc' dir='ltr'><strong>ἵνα</strong></span> <span class='ocrx_word' id='word_1_237' title='bbox 1533 2083 1639 2153; x_wconf 86' lang='grc' dir='ltr'>μὴ,</span> <span class='ocrx_word' id='word_1_238' title='bbox 1673 2087 1840 2153; x_wconf 72' lang='grc' dir='ltr'>φησὶ,</span> 
     </span>
    </p>
   </div>
   <div class='ocr_carea' id='block_1_36' title="bbox 253 2172 1846 2248">
    <p class='ocr_par' dir='ltr' id='par_1_36' title="bbox 253 2172 1846 2248">
     <span class='ocr_line' id='line_1_36' title="bbox 253 2172 1846 2248; baseline -0.003 -15"><span class='ocrx_word' id='word_1_239' title='bbox 253 2178 349 2233; x_wconf 67' lang='grc' dir='ltr'><strong>καὶ</strong></span> <span class='ocrx_word' id='word_1_240' title='bbox 380 2178 551 2248; x_wconf 76' lang='grc' dir='ltr'>ἑτέρα</span> <span class='ocrx_word' id='word_1_241' title='bbox 583 2193 668 2239; x_wconf 88' lang='grc' dir='ltr'><strong>τις</strong></span> <span class='ocrx_word' id='word_1_242' title='bbox 696 2174 791 2228; x_wconf 82' lang='grc' dir='ltr'><strong>τοῦ</strong></span> <span class='ocrx_word' id='word_1_243' title='bbox 820 2174 922 2245; x_wconf 86' lang='grc' dir='ltr'>τῆς</span> <span class='ocrx_word' id='word_1_244' title='bbox 959 2173 1243 2237; x_wconf 91' lang='grc' dir='ltr'>Σινωνίδος</span> <span class='ocrx_word' id='word_1_245' title='bbox 1278 2172 1614 2246; x_wconf 75' lang='grc' dir='ltr'>ἐπιϐατεύσῃ</span> <span class='ocrx_word' id='word_1_246' title='bbox 1648 2174 1846 2245; x_wconf 83' lang='grc' dir='ltr'>ὀνόμα-</span> 
     </span>
    </p>
   </div>
   <div class='ocr_carea' id='block_1_37' title="bbox 252 2265 1848 2337">
    <p class='ocr_par' dir='ltr' id='par_1_37' title="bbox 252 2265 1848 2337">
     <span class='ocr_line' id='line_1_37' title="bbox 252 2265 1848 2337; baseline -0.003 -13"><span class='ocrx_word' id='word_1_247' title='bbox 252 2288 365 2332; x_wconf 80' lang='grc' dir='ltr'>τος.</span> <span class='ocrx_word' id='word_1_248' title='bbox 414 2268 477 2321; x_wconf 87' lang='lat'><strong>&#39;0</strong></span> <span class='ocrx_word' id='word_1_249' title='bbox 522 2266 583 2321; x_wconf 78' lang='grc' dir='ltr'>δὲ</span> <span class='ocrx_word' id='word_1_250' title='bbox 617 2265 865 2337; x_wconf 80' lang='grc' dir='ltr'>Ζοδάρας</span> <span class='ocrx_word' id='word_1_251' title='bbox 915 2265 1023 2320; x_wconf 79' lang='grc' dir='ltr'>ἀπὸ</span> <span class='ocrx_word' id='word_1_252' title='bbox 1053 2268 1236 2336; x_wconf 81' lang='grc' dir='ltr'>πηγῆς</span> <span class='ocrx_word' id='word_1_253' title='bbox 1267 2266 1537 2336; x_wconf 73' lang='grc' dir='ltr'>ἐρωτικῆς</span> <span class='ocrx_word' id='word_1_254' title='bbox 1581 2265 1722 2321; x_wconf 86' lang='grc' dir='ltr'>πιὼν</span> <span class='ocrx_word' id='word_1_255' title='bbox 1754 2268 1848 2320; x_wconf 73' lang='grc' dir='ltr'><strong>καὶ</strong></span> 
     </span>
    </p>
   </div>
   <div class='ocr_carea' id='block_1_38' title="bbox 253 2355 1848 2433">
    <p class='ocr_par' dir='ltr' id='par_1_38' title="bbox 253 2355 1848 2433">
     <span class='ocr_line' id='line_1_38' title="bbox 253 2355 1848 2433; baseline -0.003 -16"><span class='ocrx_word' id='word_1_256' title='bbox 253 2363 329 2433; x_wconf 79' lang='grc' dir='ltr'>τῷ</span> <span class='ocrx_word' id='word_1_257' title='bbox 370 2357 807 2429; x_wconf 80' lang='grc' dir='ltr'>Μεσοποταμίας</span> <span class='ocrx_word' id='word_1_258' title='bbox 843 2356 1008 2429; x_wconf 80' lang='grc' dir='ltr'>ἔρωτι</span> <span class='ocrx_word' id='word_1_259' title='bbox 1060 2356 1273 2428; x_wconf 78' lang='grc' dir='ltr'>σχεθεὶς</span> <span class='ocrx_word' id='word_1_260' title='bbox 1299 2357 1366 2422; x_wconf 81' lang='grc'><strong>¹³,</strong></span> <span class='ocrx_word' id='word_1_261' title='bbox 1403 2355 1569 2422; x_wconf 76' lang='grc' dir='ltr'>σώζει</span> <span class='ocrx_word' id='word_1_262' title='bbox 1617 2375 1677 2411; x_wconf 87' lang='grc' dir='ltr'><strong>τε</strong></span> <span class='ocrx_word' id='word_1_263' title='bbox 1712 2359 1848 2412; x_wconf 88' lang='grc' dir='ltr'>ταύ-</span> 
     </span>
    </p>
   </div>
   <div class='ocr_carea' id='block_1_39' title="bbox 253 2447 1846 2525">
    <p class='ocr_par' dir='ltr' id='par_1_39' title="bbox 253 2447 1846 2525">
     <span class='ocr_line' id='line_1_39' title="bbox 253 2447 1846 2525; baseline -0.003 -17"><span class='ocrx_word' id='word_1_264' title='bbox 253 2473 354 2525; x_wconf 88' lang='grc' dir='ltr'><strong>την</strong></span> <span class='ocrx_word' id='word_1_265' title='bbox 377 2453 447 2520; x_wconf 68' lang='grc'>⁸⁸,</span> <span class='ocrx_word' id='word_1_266' title='bbox 482 2450 743 2523; x_wconf 77' lang='grc' dir='ltr'>καὶπρὸς</span> <span class='ocrx_word' id='word_1_267' title='bbox 782 2447 1081 2520; x_wconf 79' lang='grc' dir='ltr'>Βερενίκην</span> <span class='ocrx_word' id='word_1_268' title='bbox 1113 2447 1429 2517; x_wconf 76' lang='grc' dir='ltr'>Αἰγυπτίων</span> <span class='ocrx_word' id='word_1_269' title='bbox 1460 2449 1585 2521; x_wconf 73' lang='grc' dir='ltr'>ήδη,</span> <span class='ocrx_word' id='word_1_270' title='bbox 1618 2449 1714 2505; x_wconf 73' lang='grc' dir='ltr'><strong>ἅτε</strong></span> <span class='ocrx_word' id='word_1_271' title='bbox 1750 2449 1846 2503; x_wconf 82' lang='grc' dir='ltr'><strong>τοῦ</strong></span> 
     </span>
    </p>
   </div>
   <div class='ocr_carea' id='block_1_40' title="bbox 256 2537 1850 2617">
    <p class='ocr_par' dir='ltr' id='par_1_40' title="bbox 256 2537 1850 2617">
     <span class='ocr_line' id='line_1_40' title="bbox 256 2537 1850 2617; baseline -0.002 -18"><span class='ocrx_word' id='word_1_272' title='bbox 256 2546 469 2617; x_wconf 79' lang='grc' dir='ltr'>πατρὸς</span> <span class='ocrx_word' id='word_1_273' title='bbox 510 2543 957 2615; x_wconf 81' lang='grc' dir='ltr'>τελευτήσαντος.</span> <span class='ocrx_word' id='word_1_274' title='bbox 1006 2540 1418 2612; x_wconf 84' lang='grc' dir='ltr'>βασιλεύουσαν,</span> <span class='ocrx_word' id='word_1_275' title='bbox 1452 2541 1510 2608; x_wconf 80' lang='grc' dir='ltr'><strong>ἐξ</strong></span> <span class='ocrx_word' id='word_1_276' title='bbox 1546 2537 1613 2613; x_wconf 79' lang='grc' dir='ltr'>ἧς</span> <span class='ocrx_word' id='word_1_277' title='bbox 1642 2538 1711 2613; x_wconf 79' lang='grc' dir='ltr'>ἦν</span> <span class='ocrx_word' id='word_1_278' title='bbox 1753 2543 1850 2597; x_wconf 80' lang='grc' dir='ltr'>καὶ</span> 
     </span>
    </p>
   </div>
   <div class='ocr_carea' id='block_1_41' title="bbox 256 2632 1847 2709">
    <p class='ocr_par' dir='ltr' id='par_1_41' title="bbox 256 2632 1847 2709">
     <span class='ocr_line' id='line_1_41' title="bbox 256 2632 1847 2709; baseline -0.007 -17"><span class='ocrx_word' id='word_1_279' title='bbox 256 2637 624 2709; x_wconf 80' lang='grc' dir='ltr'>ἀφελόμενος,</span> <span class='ocrx_word' id='word_1_280' title='bbox 684 2634 842 2703; x_wconf 78' lang='grc' dir='ltr'>ἄγει·</span> <span class='ocrx_word' id='word_1_281' title='bbox 904 2632 1002 2687; x_wconf 76' lang='grc' dir='ltr'>καὶ</span> <span class='ocrx_word' id='word_1_282' title='bbox 1066 2633 1279 2704; x_wconf 79' lang='grc' dir='ltr'>γάμους</span> <span class='ocrx_word' id='word_1_283' title='bbox 1335 2634 1767 2703; x_wconf 78' lang='grc' dir='ltr'>Μεσοποταμίας</span> <span class='ocrx_word' id='word_1_284' title='bbox 1814 2636 1847 2702; x_wconf 74' lang='grc' dir='ltr'><strong>ἡ</strong></span> 
     </span>
    </p>
   </div>
   <div class='ocr_carea' id='block_1_42' title="bbox 259 2716 1853 2804">
    <p class='ocr_par' dir='ltr' id='par_1_42' title="bbox 259 2716 1853 2804">
     <span class='ocr_line' id='line_1_42' title="bbox 259 2716 1853 2804; baseline -0.003 -20"><span class='ocrx_word' id='word_1_285' title='bbox 259 2731 533 2804; x_wconf 80' lang='grc' dir='ltr'>Βερενίκη</span> <span class='ocrx_word' id='word_1_286' title='bbox 561 2730 821 2792; x_wconf 85' lang='grc' dir='ltr'>ποιεῖται,</span> <span class='ocrx_word' id='word_1_287' title='bbox 846 2726 942 2780; x_wconf 77' lang='grc' dir='ltr'>καὶ</span> <span class='ocrx_word' id='word_1_288' title='bbox 965 2725 1199 2795; x_wconf 90' lang='grc' dir='ltr'>πόλεμος</span> <span class='ocrx_word' id='word_1_289' title='bbox 1231 2725 1300 2780; x_wconf 80' lang='grc' dir='ltr'>δι’</span> <span class='ocrx_word' id='word_1_290' title='bbox 1330 2716 1499 2798; x_wconf 84' lang='grc' dir='ltr'>αὐτὴν</span> <span class='ocrx_word' id='word_1_291' title='bbox 1529 2727 1737 2798; x_wconf 85' lang='grc' dir='ltr'>Γάρμῳ</span> <span class='ocrx_word' id='word_1_292' title='bbox 1758 2728 1853 2782; x_wconf 78' lang='grc' dir='ltr'>καὶ</span> 
     </span>
    </p>
   </div>
   <div class='ocr_carea' id='block_1_43' title="bbox 262 2818 1854 2895">
    <p class='ocr_par' dir='ltr' id='par_1_43' title="bbox 262 2818 1854 2895">
     <span class='ocr_line' id='line_1_43' title="bbox 262 2818 1854 2895; baseline -0.002 -19"><span class='ocrx_word' id='word_1_293' title='bbox 262 2821 533 2895; x_wconf 79' lang='grc' dir='ltr'>Βερενίκῃ</span> <span class='ocrx_word' id='word_1_294' title='bbox 560 2819 940 2875; x_wconf 84' lang='grc' dir='ltr'>διαπειλείται.</span> <span class='ocrx_word' id='word_1_295' title='bbox 970 2818 1263 2889; x_wconf 80' lang='grc' dir='ltr'>Εὐφράτης</span> <span class='ocrx_word' id='word_1_296' title='bbox 1308 2818 1366 2872; x_wconf 84' lang='grc' dir='ltr'>δὲ</span> <span class='ocrx_word' id='word_1_297' title='bbox 1395 2820 1746 2891; x_wconf 86' lang='grc' dir='ltr'>παραδίδοται</span> <span class='ocrx_word' id='word_1_298' title='bbox 1776 2821 1854 2892; x_wconf 82' lang='grc' dir='ltr'>τῷ</span> 
     </span>
    </p>
   </div>
   <div class='ocr_carea' id='block_1_44' title="bbox 265 2907 1857 2985">
    <p class='ocr_par' dir='ltr' id='par_1_44' title="bbox 265 2907 1857 2985">
     <span class='ocr_line' id='line_1_44' title="bbox 265 2907 1857 2985; baseline -0.003 -18"><span class='ocrx_word' id='word_1_299' title='bbox 265 2915 439 2985; x_wconf 71' lang='grc' dir='ltr'>πατρὶ</span> <span class='ocrx_word' id='word_1_300' title='bbox 466 2913 545 2977; x_wconf 89' lang='grc' dir='ltr'><strong>ώς</strong></span> <span class='ocrx_word' id='word_1_301' title='bbox 572 2911 773 2983; x_wconf 86' lang='grc' dir='ltr'>δημίῳ,</span> <span class='ocrx_word' id='word_1_302' title='bbox 804 2910 901 2965; x_wconf 71' lang='grc' dir='ltr'>καὶ</span> <span class='ocrx_word' id='word_1_303' title='bbox 926 2908 1295 2978; x_wconf 77' lang='grc' dir='ltr'>ἀναγνωσθεὶς</span> <span class='ocrx_word' id='word_1_304' title='bbox 1320 2907 1570 2975; x_wconf 77' lang='grc' dir='ltr'>σώζεται,</span> <span class='ocrx_word' id='word_1_305' title='bbox 1601 2910 1693 2963; x_wconf 78' lang='grc' dir='ltr'><strong>καὶ</strong></span> <span class='ocrx_word' id='word_1_306' title='bbox 1718 2910 1857 2981; x_wconf 84' lang='grc' dir='ltr'>πλη-</span> 
     </span>
    </p>
   </div>
   <div class='ocr_carea' id='block_1_45' title="bbox 270 3002 1858 3078">
    <p class='ocr_par' dir='ltr' id='par_1_45' title="bbox 270 3002 1858 3078">
     <span class='ocr_line' id='line_1_45' title="bbox 270 3002 1858 3078; baseline -0.004 -17"><span class='ocrx_word' id='word_1_307' title='bbox 270 3009 353 3078; x_wconf 83' lang='grc' dir='ltr'><strong>ροῖ</strong></span> <span class='ocrx_word' id='word_1_308' title='bbox 382 3006 489 3078; x_wconf 73' lang='grc' dir='ltr'><strong>μὲν</strong></span> <span class='ocrx_word' id='word_1_309' title='bbox 518 3005 682 3067; x_wconf 79' lang='grc' dir='ltr'>αὐτὸς</span> <span class='ocrx_word' id='word_1_310' title='bbox 732 3003 801 3057; x_wconf 76' lang='grc' dir='ltr'>τὰ</span> <span class='ocrx_word' id='word_1_311' title='bbox 844 3002 939 3056; x_wconf 82' lang='grc' dir='ltr'><strong>τοῦ</strong></span> <span class='ocrx_word' id='word_1_312' title='bbox 983 3002 1191 3072; x_wconf 82' lang='grc' dir='ltr'>πατρὸς</span> <span class='ocrx_word' id='word_1_313' title='bbox 1218 3003 1391 3073; x_wconf 74' lang='grc' dir='ltr'>ἔργα,</span> <span class='ocrx_word' id='word_1_314' title='bbox 1426 3004 1454 3055; x_wconf 90' lang='lat'><strong>6</strong></span> <span class='ocrx_word' id='word_1_315' title='bbox 1494 3003 1551 3056; x_wconf 82' lang='grc' dir='ltr'>δὲ</span> <span class='ocrx_word' id='word_1_316' title='bbox 1580 3003 1765 3075; x_wconf 78' lang='grc' dir='ltr'>πατὴρ</span> <span class='ocrx_word' id='word_1_317' title='bbox 1796 3004 1858 3057; x_wconf 79' lang='grc' dir='ltr'><strong>οὐ</strong></span> 
     </span>
    </p>
   </div>
   <div class='ocr_carea' id='block_1_46' title="bbox 271 3094 1862 3171">
    <p class='ocr_par' dir='ltr' id='par_1_46' title="bbox 271 3094 1862 3171">
     <span class='ocr_line' id='line_1_46' title="bbox 271 3094 1862 3171; baseline -0.002 -18"><span class='ocrx_word' id='word_1_318' title='bbox 271 3100 554 3171; x_wconf 77' lang='grc' dir='ltr'>μιαίνεται</span> <span class='ocrx_word' id='word_1_319' title='bbox 598 3099 711 3161; x_wconf 83' lang='grc' dir='ltr'>τοῖς</span> <span class='ocrx_word' id='word_1_320' title='bbox 742 3094 1045 3167; x_wconf 82' lang='grc' dir='ltr'>ἀνθρώπων</span> <span class='ocrx_word' id='word_1_321' title='bbox 1084 3096 1347 3166; x_wconf 82' lang='grc' dir='ltr'>αῖμασιν·</span> <span class='ocrx_word' id='word_1_322' title='bbox 1392 3094 1619 3168; x_wconf 77' lang='grc' dir='ltr'>ὕστερον</span> <span class='ocrx_word' id='word_1_323' title='bbox 1647 3096 1736 3161; x_wconf 85' lang='grc' dir='ltr'>δὲ,</span> <span class='ocrx_word' id='word_1_324' title='bbox 1786 3097 1862 3163; x_wconf 87' lang='grc' dir='ltr'><strong>ώς</strong></span> 
     </span>
    </p>
   </div>
   <div class='ocr_carea' id='block_1_47' title="bbox 269 3189 1861 3263">
    <p class='ocr_par' dir='ltr' id='par_1_47' title="bbox 269 3189 1861 3263">
     <span class='ocr_line' id='line_1_47' title="bbox 269 3189 1861 3263; baseline -0.003 -15"><span class='ocrx_word' id='word_1_325' title='bbox 269 3193 361 3248; x_wconf 79' lang='grc' dir='ltr'><strong>τοῦ</strong></span> <span class='ocrx_word' id='word_1_326' title='bbox 397 3191 603 3263; x_wconf 85' lang='grc' dir='ltr'>δημίου</span> <span class='ocrx_word' id='word_1_327' title='bbox 645 3190 815 3262; x_wconf 79' lang='grc' dir='ltr'>κόρη,</span> <span class='ocrx_word' id='word_1_328' title='bbox 849 3189 1130 3260; x_wconf 77' lang='grc' dir='ltr'>ἐξέρχεται</span> <span class='ocrx_word' id='word_1_329' title='bbox 1152 3189 1246 3242; x_wconf 80' lang='grc' dir='ltr'><strong>τοῦ</strong></span> <span class='ocrx_word' id='word_1_330' title='bbox 1274 3190 1573 3259; x_wconf 79' lang='grc' dir='ltr'>οἰκήματος</span> <span class='ocrx_word' id='word_1_331' title='bbox 1602 3192 1696 3244; x_wconf 76' lang='grc' dir='ltr'><strong>καὶ</strong></span> <span class='ocrx_word' id='word_1_332' title='bbox 1740 3191 1861 3244; x_wconf 89' lang='grc' dir='ltr'>δια-</span> 
     </span>
    </p>
   </div>
   <div class='ocr_carea' id='block_1_48' title="bbox 1947 2084 3536 2158">
    <p class='ocr_par' dir='ltr' id='par_1_48' title="bbox 1947 2084 3536 2158">
     <span class='ocr_line' id='line_1_48' title="bbox 1947 2084 3536 2158; baseline -0.001 -16"><span class='ocrx_word' id='word_1_333' title='bbox 1947 2086 2171 2143; x_wconf 70' lang='lat' dir='ltr'><strong>Zobarae</strong></span> <span class='ocrx_word' id='word_1_334' title='bbox 2198 2101 2317 2141; x_wconf 91' lang='lat' dir='ltr'><strong>eam</strong></span> <span class='ocrx_word' id='word_1_335' title='bbox 2351 2086 2595 2148; x_wconf 83' lang='lat' dir='ltr'><strong>tradidit,</strong></span> <span class='ocrx_word' id='word_1_336' title='bbox 2636 2087 2702 2138; x_wconf 85' lang='lat' dir='ltr'><strong>ad</strong></span> <span class='ocrx_word' id='word_1_337' title='bbox 2740 2084 3066 2155; x_wconf 83' lang='lat' dir='ltr'><strong>Euphratem</strong></span> <span class='ocrx_word' id='word_1_338' title='bbox 3103 2086 3325 2141; x_wconf 86' lang='lat' dir='ltr'><strong>fluvium</strong></span> <span class='ocrx_word' id='word_1_339' title='bbox 3355 2087 3536 2158; x_wconf 83' lang='lat' dir='ltr'><strong>capite</strong></span> 
     </span>
    </p>
   </div>
   <div class='ocr_carea' id='block_1_49' title="bbox 1947 2177 3535 2247">
    <p class='ocr_par' dir='ltr' id='par_1_49' title="bbox 1947 2177 3535 2247">
     <span class='ocr_line' id='line_1_49' title="bbox 1947 2177 3535 2247; baseline 0.001 -14"><span class='ocrx_word' id='word_1_340' title='bbox 1947 2179 2323 2241; x_wconf 85' lang='lat' dir='ltr'><strong>truncandam,</strong></span> <span class='ocrx_word' id='word_1_341' title='bbox 2356 2192 2572 2247; x_wconf 90' lang='lat' dir='ltr'><strong>nequa,</strong></span> <span class='ocrx_word' id='word_1_342' title='bbox 2615 2178 2811 2246; x_wconf 87' lang='lat' dir='ltr'><strong>inquit,</strong></span> <span class='ocrx_word' id='word_1_343' title='bbox 2853 2177 2954 2230; x_wconf 91' lang='lat' dir='ltr'><strong>alia</strong></span> <span class='ocrx_word' id='word_1_344' title='bbox 3000 2177 3281 2233; x_wconf 88' lang='lat' dir='ltr'><strong>Sinonidis</strong></span> <span class='ocrx_word' id='word_1_345' title='bbox 3316 2194 3535 2241; x_wconf 87' lang='lat' dir='ltr'><strong>nomen,</strong></span> 
     </span>
    </p>
   </div>
   <div class='ocr_carea' id='block_1_50' title="bbox 1947 2265 3536 2339">
    <p class='ocr_par' dir='ltr' id='par_1_50' title="bbox 1947 2265 3536 2339">
     <span class='ocr_line' id='line_1_50' title="bbox 1947 2265 3536 2339; baseline -0.001 -14"><span class='ocrx_word' id='word_1_346' title='bbox 1947 2266 2064 2336; x_wconf 85' lang='lat' dir='ltr'><strong>ejus</strong></span> <span class='ocrx_word' id='word_1_347' title='bbox 2080 2267 2347 2337; x_wconf 77' lang='lat' dir='ltr'><strong>exemplo.</strong></span> <span class='ocrx_word' id='word_1_348' title='bbox 2364 2265 2502 2321; x_wconf 82' lang='lat' dir='ltr'><strong>falso</strong></span> <span class='ocrx_word' id='word_1_349' title='bbox 2519 2278 2761 2335; x_wconf 86' lang='lat' dir='ltr'><strong>usurpet.</strong></span> <span class='ocrx_word' id='word_1_350' title='bbox 2779 2266 3021 2321; x_wconf 85' lang='lat' dir='ltr'><strong>Zobaras</strong></span> <span class='ocrx_word' id='word_1_351' title='bbox 3038 2276 3213 2323; x_wconf 84' lang='lat' dir='ltr'><strong>tamen</strong></span> <span class='ocrx_word' id='word_1_352' title='bbox 3233 2268 3536 2339; x_wconf 82' lang='lat' dir='ltr'><strong>Mesopota-</strong></span> 
     </span>
    </p>
   </div>
   <div class='ocr_carea' id='block_1_51' title="bbox 1950 2359 3535 2430">
    <p class='ocr_par' dir='ltr' id='par_1_51' title="bbox 1950 2359 3535 2430">
     <span class='ocr_line' id='line_1_51' title="bbox 1950 2359 3535 2430; baseline 0 -15"><span class='ocrx_word' id='word_1_353' title='bbox 1950 2360 2071 2415; x_wconf 72' lang='lat' dir='ltr'><strong>mia:</strong></span> <span class='ocrx_word' id='word_1_354' title='bbox 2134 2359 2248 2430; x_wconf 84' lang='lat'><strong>(68)</strong></span> <span class='ocrx_word' id='word_1_355' title='bbox 2296 2374 2587 2430; x_wconf 88' lang='lat' dir='ltr'><strong>possessus</strong></span> <span class='ocrx_word' id='word_1_356' title='bbox 2643 2375 2848 2425; x_wconf 83' lang='lat' dir='ltr'><strong>amore,</strong></span> <span class='ocrx_word' id='word_1_357' title='bbox 2901 2362 3143 2416; x_wconf 82' lang='lat' dir='ltr'><strong>servavit</strong></span> <span class='ocrx_word' id='word_1_358' title='bbox 3196 2376 3338 2429; x_wconf 81' lang='lat' dir='ltr'><strong>eam,</strong></span> <span class='ocrx_word' id='word_1_359' title='bbox 3371 2370 3425 2415; x_wconf 90' lang='lat' dir='ltr'><strong>et</strong></span> <span class='ocrx_word' id='word_1_360' title='bbox 3470 2361 3535 2415; x_wconf 85' lang='lat' dir='ltr'><strong>ad</strong></span> 
     </span>
    </p>
   </div>
   <div class='ocr_carea' id='block_1_52' title="bbox 1947 2449 3536 2521">
    <p class='ocr_par' dir='ltr' id='par_1_52' title="bbox 1947 2449 3536 2521">
     <span class='ocr_line' id='line_1_52' title="bbox 1947 2449 3536 2521; baseline -0.001 -15"><span class='ocrx_word' id='word_1_361' title='bbox 1947 2450 2245 2507; x_wconf 85' lang='lat' dir='ltr'><strong>Berenicen</strong></span> <span class='ocrx_word' id='word_1_362' title='bbox 2301 2449 2544 2521; x_wconf 67' lang='lat' dir='ltr'><strong>Egypti,</strong></span> <span class='ocrx_word' id='word_1_363' title='bbox 2586 2450 2695 2519; x_wconf 85' lang='lat' dir='ltr'><strong>jam</strong></span> <span class='ocrx_word' id='word_1_364' title='bbox 2743 2460 2898 2518; x_wconf 84' lang='lat' dir='ltr'><strong>patre</strong></span> <span class='ocrx_word' id='word_1_365' title='bbox 2946 2452 3237 2516; x_wconf 85' lang='lat' dir='ltr'><strong>exstincto,</strong></span> <span class='ocrx_word' id='word_1_366' title='bbox 3293 2451 3536 2519; x_wconf 79' lang='lat' dir='ltr'><strong>reginam</strong></span> 
     </span>
    </p>
   </div>
   <div class='ocr_carea' id='block_1_53' title="bbox 1950 2542 3542 2613">
    <p class='ocr_par' dir='ltr' id='par_1_53' title="bbox 1950 2542 3542 2613">
     <span class='ocr_line' id='line_1_53' title="bbox 1950 2542 3542 2613; baseline 0 -15"><span class='ocrx_word' id='word_1_367' title='bbox 1950 2546 2091 2598; x_wconf 86' lang='lat' dir='ltr'><strong>unde</strong></span> <span class='ocrx_word' id='word_1_368' title='bbox 2128 2543 2243 2613; x_wconf 89' lang='lat' dir='ltr'><strong>ipse</strong></span> <span class='ocrx_word' id='word_1_369' title='bbox 2272 2543 2402 2598; x_wconf 90' lang='lat' dir='ltr'><strong>olim</strong></span> <span class='ocrx_word' id='word_1_370' title='bbox 2449 2544 2719 2597; x_wconf 83' lang='lat' dir='ltr'><strong>abductus</strong></span> <span class='ocrx_word' id='word_1_371' title='bbox 2755 2543 2954 2607; x_wconf 84' lang='lat' dir='ltr'><strong>fuerat,</strong></span> <span class='ocrx_word' id='word_1_372' title='bbox 2988 2545 3226 2611; x_wconf 82' lang='lat' dir='ltr'><strong>adducit,</strong></span> <span class='ocrx_word' id='word_1_373' title='bbox 3263 2553 3320 2599; x_wconf 91' lang='lat' dir='ltr'><strong>et</strong></span> <span class='ocrx_word' id='word_1_374' title='bbox 3367 2542 3542 2598; x_wconf 81' lang='lat' dir='ltr'><strong>Meso-</strong></span> 
     </span>
    </p>
   </div>
   <div class='ocr_carea' id='block_1_54' title="bbox 1953 2635 3538 2708">
    <p class='ocr_par' dir='ltr' id='par_1_54' title="bbox 1953 2635 3538 2708">
     <span class='ocr_line' id='line_1_54' title="bbox 1953 2635 3538 2708; baseline 0 -18"><span class='ocrx_word' id='word_1_375' title='bbox 1953 2636 2205 2708; x_wconf 68' lang='lat' dir='ltr'><strong>potantia:</strong></span> <span class='ocrx_word' id='word_1_376' title='bbox 2234 2637 2450 2704; x_wconf 89' lang='lat' dir='ltr'><strong>nuptias</strong></span> <span class='ocrx_word' id='word_1_377' title='bbox 2475 2635 2733 2690; x_wconf 85' lang='lat' dir='ltr'><strong>Beremce</strong></span> <span class='ocrx_word' id='word_1_378' title='bbox 2763 2635 2915 2691; x_wconf 83' lang='lat' dir='ltr'><strong>facit.</strong></span> <span class='ocrx_word' id='word_1_379' title='bbox 2950 2639 3064 2702; x_wconf 84' lang='lat' dir='ltr'><strong>Qua</strong></span> <span class='ocrx_word' id='word_1_380' title='bbox 3089 2637 3255 2693; x_wconf 89' lang='lat' dir='ltr'><strong>etiam</strong></span> <span class='ocrx_word' id='word_1_381' title='bbox 3284 2638 3352 2693; x_wconf 89' lang='lat' dir='ltr'><strong>de</strong></span> <span class='ocrx_word' id='word_1_382' title='bbox 3378 2651 3538 2694; x_wconf 88' lang='lat' dir='ltr'><strong>causa</strong></span> 
     </span>
    </p>
   </div>
   <div class='ocr_carea' id='block_1_55' title="bbox 1954 2727 3559 2785">
    <p class='ocr_par' dir='ltr' id='par_1_55' title="bbox 1954 2727 3559 2785">
     <span class='ocr_line' id='line_1_55' title="bbox 1954 2727 3559 2785; baseline 0.001 -2"><span class='ocrx_word' id='word_1_383' title='bbox 1954 2730 2151 2784; x_wconf 77' lang='lat' dir='ltr'><strong>bellum</strong></span> <span class='ocrx_word' id='word_1_384' title='bbox 2208 2729 2441 2785; x_wconf 74' lang='lat' dir='ltr'><strong>invirem</strong></span> <span class='ocrx_word' id='word_1_385' title='bbox 2500 2727 2739 2783; x_wconf 88' lang='lat' dir='ltr'><strong>Garmus</strong></span> <span class='ocrx_word' id='word_1_386' title='bbox 2812 2736 2867 2783; x_wconf 92' lang='lat' dir='ltr'><strong>et</strong></span> <span class='ocrx_word' id='word_1_387' title='bbox 2944 2727 3207 2785; x_wconf 88' lang='lat' dir='ltr'><strong>Berenice</strong></span> <span class='ocrx_word' id='word_1_388' title='bbox 3268 2730 3559 2785; x_wconf 90' lang='lat' dir='ltr'><strong>minantur.</strong></span> 
     </span>
    </p>
   </div>
   <div class='ocr_carea' id='block_1_56' title="bbox 1959 2822 3543 2892">
    <p class='ocr_par' dir='ltr' id='par_1_56' title="bbox 1959 2822 3543 2892">
     <span class='ocr_line' id='line_1_56' title="bbox 1959 2822 3543 2892; baseline 0 -15"><span class='ocrx_word' id='word_1_389' title='bbox 1959 2823 2261 2892; x_wconf 85' lang='lat' dir='ltr'><strong>Euphrates</strong></span> <span class='ocrx_word' id='word_1_390' title='bbox 2313 2823 2444 2877; x_wconf 92' lang='lat' dir='ltr'><strong>item</strong></span> <span class='ocrx_word' id='word_1_391' title='bbox 2485 2822 2695 2891; x_wconf 81' lang='lat' dir='ltr'><strong>parenti</strong></span> <span class='ocrx_word' id='word_1_392' title='bbox 2730 2836 2850 2886; x_wconf 91' lang='lat' dir='ltr'><strong>suo,</strong></span> <span class='ocrx_word' id='word_1_393' title='bbox 2900 2834 2961 2875; x_wconf 90' lang='lat' dir='ltr'><strong>ut</strong></span> <span class='ocrx_word' id='word_1_394' title='bbox 3000 2823 3262 2886; x_wconf 81' lang='lat' dir='ltr'><strong>carniﬁci,</strong></span> <span class='ocrx_word' id='word_1_395' title='bbox 3315 2824 3543 2877; x_wconf 85' lang='lat' dir='ltr'><strong>traditus</strong></span> 
     </span>
    </p>
   </div>
   <div class='ocr_carea' id='block_1_57' title="bbox 1958 2914 3543 2986">
    <p class='ocr_par' dir='ltr' id='par_1_57' title="bbox 1958 2914 3543 2986">
     <span class='ocr_line' id='line_1_57' title="bbox 1958 2914 3543 2986; baseline -0.002 -15"><span class='ocrx_word' id='word_1_396' title='bbox 1958 2927 2120 2986; x_wconf 88' lang='lat' dir='ltr'><strong>atque</strong></span> <span class='ocrx_word' id='word_1_397' title='bbox 2158 2915 2393 2984; x_wconf 83' lang='lat' dir='ltr'><strong>agnitus,</strong></span> <span class='ocrx_word' id='word_1_398' title='bbox 2429 2922 2681 2969; x_wconf 81' lang='lat' dir='ltr'><strong>servatur</strong></span> <span class='ocrx_word' id='word_1_399' title='bbox 2714 2930 2728 2966; x_wconf 89' lang='lat'><strong>:</strong></span> <span class='ocrx_word' id='word_1_400' title='bbox 2770 2924 2823 2969; x_wconf 90' lang='lat' dir='ltr'><strong>et</strong></span> <span class='ocrx_word' id='word_1_401' title='bbox 2875 2915 3117 2983; x_wconf 88' lang='lat' dir='ltr'><strong>parentis</strong></span> <span class='ocrx_word' id='word_1_402' title='bbox 3151 2914 3326 2970; x_wconf 85' lang='lat' dir='ltr'><strong>ofﬁcio</strong></span> <span class='ocrx_word' id='word_1_403' title='bbox 3370 2916 3543 2985; x_wconf 78' lang='lat' dir='ltr'><strong>fungi-</strong></span> 
     </span>
    </p>
   </div>
   <div class='ocr_carea' id='block_1_58' title="bbox 1964 3006 3540 3077">
    <p class='ocr_par' dir='ltr' id='par_1_58' title="bbox 1964 3006 3540 3077">
     <span class='ocr_line' id='line_1_58' title="bbox 1964 3006 3540 3077; baseline 0 -15"><span class='ocrx_word' id='word_1_404' title='bbox 1964 3019 2073 3072; x_wconf 88' lang='lat' dir='ltr'><strong>tur,</strong></span> <span class='ocrx_word' id='word_1_405' title='bbox 2110 3008 2182 3062; x_wconf 85' lang='lat' dir='ltr'><strong>ita</strong></span> <span class='ocrx_word' id='word_1_406' title='bbox 2210 3022 2269 3062; x_wconf 89' lang='lat' dir='ltr'><strong>se</strong></span> <span class='ocrx_word' id='word_1_407' title='bbox 2288 3007 2526 3062; x_wconf 88' lang='lat' dir='ltr'><strong>humano</strong></span> <span class='ocrx_word' id='word_1_408' title='bbox 2548 3006 2692 3061; x_wconf 87' lang='lat' dir='ltr'><strong>nullo</strong></span> <span class='ocrx_word' id='word_1_409' title='bbox 2719 3007 2985 3076; x_wconf 79' lang='lat' dir='ltr'><strong>sanguine</strong></span> <span class='ocrx_word' id='word_1_410' title='bbox 3015 3017 3169 3077; x_wconf 90' lang='lat' dir='ltr'><strong>pater</strong></span> <span class='ocrx_word' id='word_1_411' title='bbox 3186 3007 3540 3062; x_wconf 81' lang='lat' dir='ltr'><strong>contaminat.</strong></span> 
     </span>
    </p>
   </div>
   <div class='ocr_carea' id='block_1_59' title="bbox 1966 3099 3546 3170">
    <p class='ocr_par' dir='ltr' id='par_1_59' title="bbox 1966 3099 3546 3170">
     <span class='ocr_line' id='line_1_59' title="bbox 1966 3099 3546 3170; baseline -0.003 -13"><span class='ocrx_word' id='word_1_412' title='bbox 1966 3102 2095 3157; x_wconf 87' lang='lat' dir='ltr'><strong>Post</strong></span> <span class='ocrx_word' id='word_1_413' title='bbox 2146 3112 2351 3164; x_wconf 90' lang='lat' dir='ltr'><strong>tamen,</strong></span> <span class='ocrx_word' id='word_1_414' title='bbox 2384 3110 2441 3155; x_wconf 93' lang='lat' dir='ltr'><strong>nt</strong></span> <span class='ocrx_word' id='word_1_415' title='bbox 2469 3100 2742 3155; x_wconf 84' lang='lat' dir='ltr'><strong>carnificis</strong></span> <span class='ocrx_word' id='word_1_416' title='bbox 2772 3099 2862 3155; x_wconf 81' lang='lat' dir='ltr'><strong>ille</strong></span> <span class='ocrx_word' id='word_1_417' title='bbox 2900 3100 3007 3155; x_wconf 91' lang='lat' dir='ltr'><strong>ﬁlia</strong></span> <span class='ocrx_word' id='word_1_418' title='bbox 3030 3115 3061 3154; x_wconf 92' lang='lat' dir='ltr'><strong>e</strong></span> <span class='ocrx_word' id='word_1_419' title='bbox 3091 3115 3313 3156; x_wconf 87' lang='lat' dir='ltr'><strong>carcere</strong></span> <span class='ocrx_word' id='word_1_420' title='bbox 3360 3115 3546 3170; x_wconf 80' lang='lat' dir='ltr'><strong>egres-</strong></span> 
     </span>
    </p>
   </div>
   <div class='ocr_carea' id='block_1_60' title="bbox 1966 3192 3546 3264">
    <p class='ocr_par' dir='ltr' id='par_1_60' title="bbox 1966 3192 3546 3264">
     <span class='ocr_line' id='line_1_60' title="bbox 1966 3192 3546 3264; baseline -0.002 -14"><span class='ocrx_word' id='word_1_421' title='bbox 1966 3211 2082 3260; x_wconf 75' lang='lat' dir='ltr'><strong>sus,</strong></span> <span class='ocrx_word' id='word_1_422' title='bbox 2139 3195 2277 3248; x_wconf 85' lang='lat' dir='ltr'><strong>liher</strong></span> <span class='ocrx_word' id='word_1_423' title='bbox 2327 3194 2521 3248; x_wconf 86' lang='lat' dir='ltr'><strong>evasit.</strong></span> <span class='ocrx_word' id='word_1_424' title='bbox 2570 3194 2727 3264; x_wconf 77' lang='lat' dir='ltr'><strong>78a</strong></span> <span class='ocrx_word' id='word_1_425' title='bbox 2773 3192 2971 3247; x_wconf 79' lang='lat' dir='ltr'><strong>Ibidem</strong></span> <span class='ocrx_word' id='word_1_426' title='bbox 3022 3202 3078 3248; x_wconf 91' lang='lat' dir='ltr'><strong>et</strong></span> <span class='ocrx_word' id='word_1_427' title='bbox 3153 3193 3220 3248; x_wconf 82' lang='lat' dir='ltr'><strong>de</strong></span> <span class='ocrx_word' id='word_1_428' title='bbox 3271 3192 3546 3248; x_wconf 86' lang='lat' dir='ltr'><strong>carniﬁcis</strong></span> 
     </span>
    </p>
   </div>
   <div class='ocr_carea' id='block_1_61' title="bbox 274 3274 1858 3377">
    <p class='ocr_par' dir='ltr' id='par_1_61' title="bbox 274 3274 1858 3352">
     <span class='ocr_line' id='line_1_61' title="bbox 274 3274 1858 3352; baseline -0.002 -16"><span class='ocrx_word' id='word_1_429' title='bbox 274 3283 536 3347; x_wconf 83' lang='grc' dir='ltr'>σώζεται.</span> <span class='ocrx_word' id='word_1_430' title='bbox 598 3282 689 3335; x_wconf 79' lang='grc' dir='ltr'>Ἐν</span> <span class='ocrx_word' id='word_1_431' title='bbox 727 3274 771 3349; x_wconf 84' lang='grc' dir='ltr'>ᾧ</span> <span class='ocrx_word' id='word_1_432' title='bbox 801 3280 897 3335; x_wconf 78' lang='grc' dir='ltr'><strong>καὶ</strong></span> <span class='ocrx_word' id='word_1_433' title='bbox 939 3280 1067 3351; x_wconf 77' lang='grc' dir='ltr'>περὶ</span> <span class='ocrx_word' id='word_1_434' title='bbox 1114 3280 1214 3349; x_wconf 86' lang='grc' dir='ltr'>τῆς</span> <span class='ocrx_word' id='word_1_435' title='bbox 1266 3280 1739 3351; x_wconf 82' lang='grc' dir='ltr'>συγκαθευδούσης</span> <span class='ocrx_word' id='word_1_436' title='bbox 1782 3281 1858 3352; x_wconf 76' lang='grc' dir='ltr'>τῷ</span> 
     </span>
    </p>
   </div>
   <div class='ocr_carea' id='block_1_62' title="bbox 1961 3274 3549 3377">
    <p class='ocr_par' dir='ltr' id='par_1_62' title="bbox 1965 3284 3549 3354">
     <span class='ocr_line' id='line_1_62' title="bbox 1965 3284 3549 3354; baseline -0.005 -10"><span class='ocrx_word' id='word_1_437' title='bbox 1965 3287 2291 3353; x_wconf 87' lang='lat' dir='ltr'><strong>concubina,</strong></span> <span class='ocrx_word' id='word_1_438' title='bbox 2365 3285 2589 3354; x_wconf 87' lang='lat' dir='ltr'><strong>ejusque</strong></span> <span class='ocrx_word' id='word_1_439' title='bbox 2656 3285 2859 3354; x_wconf 79' lang='lat' dir='ltr'><strong>legibus</strong></span> <span class='ocrx_word' id='word_1_440' title='bbox 2907 3300 2972 3341; x_wconf 89' lang='lat' dir='ltr'><strong>ac</strong></span> <span class='ocrx_word' id='word_1_441' title='bbox 3032 3284 3295 3352; x_wconf 88' lang='lat' dir='ltr'><strong>moribus,</strong></span> <span class='ocrx_word' id='word_1_442' title='bbox 3367 3293 3423 3338; x_wconf 91' lang='lat' dir='ltr'><strong>et</strong></span> <span class='ocrx_word' id='word_1_443' title='bbox 3485 3292 3549 3337; x_wconf 90' lang='lat' dir='ltr'><strong>ut</strong></span> 
     </span>
    </p>
   </div>
   <div class='ocr_carea' id='block_1_63' title="bbox 271 3370 1865 3447">
    <p class='ocr_par' dir='ltr' id='par_1_63' title="bbox 271 3370 1865 3447">
     <span class='ocr_line' id='line_1_63' title="bbox 271 3370 1865 3447; baseline -0.002 -18"><span class='ocrx_word' id='word_1_444' title='bbox 271 3376 478 3447; x_wconf 79' lang='grc' dir='ltr'>δημίῳ,</span> <span class='ocrx_word' id='word_1_445' title='bbox 506 3372 580 3428; x_wconf 83' lang='grc' dir='ltr'><strong>τά</strong></span> <span class='ocrx_word' id='word_1_446' title='bbox 609 3389 670 3427; x_wconf 82' lang='grc' dir='ltr'><strong>τε</strong></span> <span class='ocrx_word' id='word_1_447' title='bbox 717 3372 848 3439; x_wconf 77' lang='grc' dir='ltr'>περὶ</span> <span class='ocrx_word' id='word_1_448' title='bbox 885 3370 1057 3443; x_wconf 83' lang='grc' dir='ltr'>αὐτὴν</span> <span class='ocrx_word' id='word_1_449' title='bbox 1097 3370 1264 3441; x_wconf 83' lang='grc' dir='ltr'>ἕθιμά</span> <span class='ocrx_word' id='word_1_450' title='bbox 1291 3388 1348 3424; x_wconf 86' lang='grc' dir='ltr'><strong>τε</strong></span> <span class='ocrx_word' id='word_1_451' title='bbox 1382 3373 1475 3424; x_wconf 74' lang='grc' dir='ltr'><strong>καὶ</strong></span> <span class='ocrx_word' id='word_1_452' title='bbox 1504 3371 1733 3443; x_wconf 82' lang='grc' dir='ltr'>νόμιμα,</span> <span class='ocrx_word' id='word_1_453' title='bbox 1769 3375 1865 3426; x_wconf 76' lang='grc' dir='ltr'>καὶ</span> 
     </span>
    </p>
   </div>
   <div class='ocr_carea' id='block_1_64' title="bbox 274 3462 1865 3539">
    <p class='ocr_par' dir='ltr' id='par_1_64' title="bbox 274 3462 1865 3539">
     <span class='ocr_line' id='line_1_64' title="bbox 274 3462 1865 3539; baseline -0.004 -16"><span class='ocrx_word' id='word_1_454' title='bbox 274 3469 403 3539; x_wconf 77' lang='grc' dir='ltr'>περὶ</span> <span class='ocrx_word' id='word_1_455' title='bbox 451 3466 557 3534; x_wconf 81' lang='grc' dir='ltr'>τῆς</span> <span class='ocrx_word' id='word_1_456' title='bbox 601 3463 699 3517; x_wconf 82' lang='grc' dir='ltr'><strong>τοῦ</strong></span> <span class='ocrx_word' id='word_1_457' title='bbox 751 3462 1000 3535; x_wconf 78' lang='grc' dir='ltr'>γεωργοῦ</span> <span class='ocrx_word' id='word_1_458' title='bbox 1051 3463 1350 3534; x_wconf 81' lang='grc' dir='ltr'>θυγατρὸς,</span> <span class='ocrx_word' id='word_1_459' title='bbox 1401 3462 1527 3536; x_wconf 77' lang='grc'><strong>[157</strong></span> <span class='ocrx_word' id='word_1_460' title='bbox 1571 3463 1664 3536; x_wconf 77' lang='grc' dir='ltr'><strong>Η.]</strong></span> <span class='ocrx_word' id='word_1_461' title='bbox 1717 3465 1865 3529; x_wconf 81' lang='grc' dir='ltr'>ὅπως</span> 
     </span>
    </p>
   </div>
   <div class='ocr_carea' id='block_1_65' title="bbox 275 3554 1869 3628">
    <p class='ocr_par' dir='ltr' id='par_1_65' title="bbox 275 3554 1869 3628">
     <span class='ocr_line' id='line_1_65' title="bbox 275 3554 1869 3628; baseline -0.004 -13"><span class='ocrx_word' id='word_1_462' title='bbox 275 3564 630 3623; x_wconf 76' lang='grc' dir='ltr'>ἀνάσπαστος</span> <span class='ocrx_word' id='word_1_463' title='bbox 654 3559 883 3628; x_wconf 73' lang='grc' dir='ltr'>γίνεται,</span> <span class='ocrx_word' id='word_1_464' title='bbox 906 3557 1027 3610; x_wconf 75' lang='grc' dir='ltr'>ἐπεὶ</span> <span class='ocrx_word' id='word_1_465' title='bbox 1054 3556 1278 3619; x_wconf 72' lang='grc' dir='ltr'>Σινωνὶς</span> <span class='ocrx_word' id='word_1_466' title='bbox 1300 3554 1377 3625; x_wconf 82' lang='grc' dir='ltr'>τῷ</span> <span class='ocrx_word' id='word_1_467' title='bbox 1425 3555 1627 3626; x_wconf 86' lang='grc' dir='ltr'>Συρίας</span> <span class='ocrx_word' id='word_1_468' title='bbox 1659 3556 1869 3625; x_wconf 80' lang='grc' dir='ltr'>βασιλεῖ</span> 
     </span>
    </p>
   </div>
   <div class='ocr_carea' id='block_1_66' title="bbox 277 3648 1870 3725">
    <p class='ocr_par' dir='ltr' id='par_1_66' title="bbox 277 3648 1870 3725">
     <span class='ocr_line' id='line_1_66' title="bbox 277 3648 1870 3725; baseline -0.004 -17"><span class='ocrx_word' id='word_1_469' title='bbox 277 3654 601 3725; x_wconf 73' lang='grc' dir='ltr'>γαμηθεῖσα</span> <span class='ocrx_word' id='word_1_470' title='bbox 630 3653 790 3724; x_wconf 77' lang='grc' dir='ltr'>ἔσχεν</span> <span class='ocrx_word' id='word_1_471' title='bbox 836 3650 990 3722; x_wconf 79' lang='grc' dir='ltr'>ίσχύν</span> <span class='ocrx_word' id='word_1_472' title='bbox 1017 3649 1118 3721; x_wconf 76' lang='grc' dir='ltr'><strong>τὴν</strong></span> <span class='ocrx_word' id='word_1_473' title='bbox 1146 3649 1319 3720; x_wconf 76' lang='grc' dir='ltr'>ὀργὴν</span> <span class='ocrx_word' id='word_1_474' title='bbox 1345 3650 1432 3703; x_wconf 70' lang='grc' dir='ltr'><strong>ἐπ’</strong></span> <span class='ocrx_word' id='word_1_475' title='bbox 1470 3650 1609 3720; x_wconf 85' lang='grc' dir='ltr'>αὐτῇ</span> <span class='ocrx_word' id='word_1_476' title='bbox 1646 3648 1870 3721; x_wconf 84' lang='grc' dir='ltr'>πληρῶ-</span> 
     </span>
    </p>
   </div>
   <div class='ocr_carea' id='block_1_67' title="bbox 280 3741 1869 3816">
    <p class='ocr_par' dir='ltr' id='par_1_67' title="bbox 280 3741 1869 3816">
     <span class='ocr_line' id='line_1_67' title="bbox 280 3741 1869 3816; baseline -0.004 -15"><span class='ocrx_word' id='word_1_477' title='bbox 280 3767 368 3802; x_wconf 87' lang='grc' dir='ltr'><strong>σαι</strong></span> <span class='ocrx_word' id='word_1_478' title='bbox 391 3748 472 3780; x_wconf 81' lang='grc'>²⁸·</span> <span class='ocrx_word' id='word_1_479' title='bbox 523 3745 622 3800; x_wconf 75' lang='grc' dir='ltr'><strong>καὶ</strong></span> <span class='ocrx_word' id='word_1_480' title='bbox 658 3746 736 3808; x_wconf 84' lang='grc' dir='ltr'><strong>ώς</strong></span> <span class='ocrx_word' id='word_1_481' title='bbox 773 3743 953 3814; x_wconf 86' lang='grc' dir='ltr'>δημίῳ</span> <span class='ocrx_word' id='word_1_482' title='bbox 985 3743 1190 3816; x_wconf 87' lang='grc' dir='ltr'>ταύτην</span> <span class='ocrx_word' id='word_1_483' title='bbox 1224 3741 1614 3812; x_wconf 79' lang='grc' dir='ltr'>συγκαθεύδειν</span> <span class='ocrx_word' id='word_1_484' title='bbox 1645 3742 1869 3797; x_wconf 85' lang='grc' dir='ltr'>καταδι-</span> 
     </span>
    </p>
   </div>
   <div class='ocr_carea' id='block_1_68' title="bbox 282 3833 1872 3907">
    <p class='ocr_par' dir='ltr' id='par_1_68' title="bbox 282 3833 1872 3907">
     <span class='ocr_line' id='line_1_68' title="bbox 282 3833 1872 3907; baseline -0.004 -13"><span class='ocrx_word' id='word_1_485' title='bbox 282 3839 437 3902; x_wconf 76' lang='grc' dir='ltr'>κάζει</span> <span class='ocrx_word' id='word_1_486' title='bbox 461 3857 479 3873; x_wconf 94' lang='grc'><strong>·</strong></span> <span class='ocrx_word' id='word_1_487' title='bbox 512 3841 613 3894; x_wconf 74' lang='grc' dir='ltr'><strong>καὶ</strong></span> <span class='ocrx_word' id='word_1_488' title='bbox 650 3839 735 3891; x_wconf 78' lang='grc' dir='ltr'>ὅτι</span> <span class='ocrx_word' id='word_1_489' title='bbox 777 3835 1242 3907; x_wconf 84' lang='grc' dir='ltr'>συνεκαθεύδησεν</span> <span class='ocrx_word' id='word_1_490' title='bbox 1291 3837 1349 3889; x_wconf 73' lang='grc' dir='ltr'>ἐν</span> <span class='ocrx_word' id='word_1_491' title='bbox 1378 3833 1457 3907; x_wconf 81' lang='grc' dir='ltr'>τῷ</span> <span class='ocrx_word' id='word_1_492' title='bbox 1509 3835 1618 3890; x_wconf 84' lang='grc' dir='ltr'><strong>τῶν</strong></span> <span class='ocrx_word' id='word_1_493' title='bbox 1660 3835 1872 3907; x_wconf 89' lang='grc' dir='ltr'>δημίων</span> 
     </span>
    </p>
   </div>
   <div class='ocr_carea' id='block_1_69' title="bbox 280 3926 1871 4004">
    <p class='ocr_par' dir='ltr' id='par_1_69' title="bbox 280 3926 1871 4004">
     <span class='ocr_line' id='line_1_69' title="bbox 280 3926 1871 4004; baseline -0.001 -20"><span class='ocrx_word' id='word_1_494' title='bbox 280 3932 630 4004; x_wconf 76' lang='grc' dir='ltr'>περιϐόλῳ¹⁶</span> <span class='ocrx_word' id='word_1_495' title='bbox 667 3929 987 3984; x_wconf 76' lang='grc' dir='ltr'>εἰσελθοῦσα</span> <span class='ocrx_word' id='word_1_496' title='bbox 1045 3927 1122 3997; x_wconf 78' lang='grc' dir='ltr'><strong>τῷ</strong></span> <span class='ocrx_word' id='word_1_497' title='bbox 1165 3927 1450 3999; x_wconf 80' lang='grc' dir='ltr'>Εὐφράτῃ,</span> <span class='ocrx_word' id='word_1_498' title='bbox 1506 3926 1565 3991; x_wconf 77' lang='grc' dir='ltr'>ὃς</span> <span class='ocrx_word' id='word_1_499' title='bbox 1611 3932 1707 3981; x_wconf 81' lang='grc' dir='ltr'>καὶ</span> <span class='ocrx_word' id='word_1_500' title='bbox 1756 3928 1871 3982; x_wconf 74' lang='grc' dir='ltr'>ἀντ’</span> 
     </span>
    </p>
   </div>
   <div class='ocr_carea' id='block_1_70' title="bbox 281 4016 1873 4094">
    <p class='ocr_par' dir='ltr' id='par_1_70' title="bbox 281 4016 1873 4094">
     <span class='ocr_line' id='line_1_70' title="bbox 281 4016 1873 4094; baseline -0.002 -18"><span class='ocrx_word' id='word_1_501' title='bbox 281 4023 453 4094; x_wconf 77' lang='grc' dir='ltr'>αὐτῆς</span> <span class='ocrx_word' id='word_1_502' title='bbox 504 4024 590 4085; x_wconf 84' lang='grc' dir='ltr'><strong>είς</strong></span> <span class='ocrx_word' id='word_1_503' title='bbox 635 4021 695 4073; x_wconf 84' lang='grc' dir='ltr'><strong>τὸ</strong></span> <span class='ocrx_word' id='word_1_504' title='bbox 724 4020 943 4090; x_wconf 74' lang='grc' dir='ltr'>ἐκείνης</span> <span class='ocrx_word' id='word_1_505' title='bbox 989 4017 1282 4091; x_wconf 88' lang='grc' dir='ltr'>πρόσωπον</span> <span class='ocrx_word' id='word_1_506' title='bbox 1327 4018 1648 4089; x_wconf 78' lang='grc' dir='ltr'>ὐποκριθεὶς</span> <span class='ocrx_word' id='word_1_507' title='bbox 1683 4016 1873 4089; x_wconf 80' lang='grc' dir='ltr'>ἐξῆλθε</span> 
     </span>
    </p>
   </div>
   <div class='ocr_carea' id='block_1_71' title="bbox 284 4108 1873 4185">
    <p class='ocr_par' dir='ltr' id='par_1_71' title="bbox 284 4108 1873 4185">
     <span class='ocr_line' id='line_1_71' title="bbox 284 4108 1873 4185; baseline -0.003 -18"><span class='ocrx_word' id='word_1_508' title='bbox 284 4114 373 4168; x_wconf 80' lang='grc' dir='ltr'>τοῦ</span> <span class='ocrx_word' id='word_1_509' title='bbox 406 4113 702 4185; x_wconf 78' lang='grc' dir='ltr'>περιϐόλου</span> <span class='ocrx_word' id='word_1_510' title='bbox 722 4152 736 4177; x_wconf 91' lang='grc'><strong>,</strong></span> <span class='ocrx_word' id='word_1_511' title='bbox 764 4111 859 4165; x_wconf 75' lang='grc' dir='ltr'>καὶ</span> <span class='ocrx_word' id='word_1_512' title='bbox 882 4110 1066 4179; x_wconf 76' lang='grc' dir='ltr'>ἐκείνη</span> <span class='ocrx_word' id='word_1_513' title='bbox 1100 4110 1218 4162; x_wconf 74' lang='grc' dir='ltr'>ἀντὶ</span> <span class='ocrx_word' id='word_1_514' title='bbox 1247 4108 1342 4163; x_wconf 78' lang='grc' dir='ltr'>τοῦ</span> <span class='ocrx_word' id='word_1_515' title='bbox 1377 4109 1663 4181; x_wconf 69' lang='grc' dir='ltr'>Εὐφράτου</span> <span class='ocrx_word' id='word_1_516' title='bbox 1689 4111 1752 4164; x_wconf 76' lang='grc' dir='ltr'><strong>τὸ</strong></span> <span class='ocrx_word' id='word_1_517' title='bbox 1780 4110 1873 4181; x_wconf 75' lang='grc' dir='ltr'><strong>ἐρ-</strong></span> 
     </span>
    </p>
   </div>
   <div class='ocr_carea' id='block_1_72' title="bbox 284 4196 1877 4278">
    <p class='ocr_par' dir='ltr' id='par_1_72' title="bbox 284 4196 1877 4278">
     <span class='ocr_line' id='line_1_72' title="bbox 284 4196 1877 4278; baseline -0.003 -18"><span class='ocrx_word' id='word_1_518' title='bbox 284 4226 379 4276; x_wconf 83' lang='grc' dir='ltr'><strong>γον</strong></span> <span class='ocrx_word' id='word_1_519' title='bbox 408 4206 658 4278; x_wconf 78' lang='grc' dir='ltr'>ἔπραττε</span> <span class='ocrx_word' id='word_1_520' title='bbox 700 4204 795 4258; x_wconf 79' lang='grc' dir='ltr'>τοῦ</span> <span class='ocrx_word' id='word_1_521' title='bbox 834 4203 1052 4275; x_wconf 85' lang='grc' dir='ltr'>δημίου.</span> <span class='ocrx_word' id='word_1_522' title='bbox 1099 4202 1211 4254; x_wconf 72' lang='grc' dir='ltr'>Καὶ</span> <span class='ocrx_word' id='word_1_523' title='bbox 1232 4202 1405 4255; x_wconf 83' lang='grc' dir='ltr'>ταῦτα</span> <span class='ocrx_word' id='word_1_524' title='bbox 1449 4203 1548 4272; x_wconf 83' lang='grc' dir='ltr'>μὲν</span> <span class='ocrx_word' id='word_1_525' title='bbox 1575 4196 1676 4256; x_wconf 84' lang='grc' dir='ltr'>ὧδε</span> <span class='ocrx_word' id='word_1_526' title='bbox 1708 4202 1877 4273; x_wconf 80' lang='grc' dir='ltr'>προῠο</span> 
     </span>
    </p>
   </div>
   <div class='ocr_carea' id='block_1_73' title="bbox 284 4292 1877 4367">
    <p class='ocr_par' dir='ltr' id='par_1_73' title="bbox 284 4292 1877 4367">
     <span class='ocr_line' id='line_1_73' title="bbox 284 4292 1877 4367; baseline -0.003 -15"><span class='ocrx_word' id='word_1_527' title='bbox 284 4300 464 4362; x_wconf 78' lang='grc' dir='ltr'>δαινε,</span> <span class='ocrx_word' id='word_1_528' title='bbox 500 4297 865 4367; x_wconf 85' lang='grc' dir='ltr'>παραδίδοται</span> <span class='ocrx_word' id='word_1_529' title='bbox 907 4297 965 4351; x_wconf 79' lang='grc' dir='ltr'>δὲ</span> <span class='ocrx_word' id='word_1_530' title='bbox 997 4296 1093 4351; x_wconf 79' lang='grc' dir='ltr'><strong>καὶ</strong></span> <span class='ocrx_word' id='word_1_531' title='bbox 1116 4295 1161 4327; x_wconf 83' lang='grc'><strong>¹⁷</strong></span> <span class='ocrx_word' id='word_1_532' title='bbox 1207 4295 1469 4364; x_wconf 86' lang='grc' dir='ltr'>Σόραιχος</span> <span class='ocrx_word' id='word_1_533' title='bbox 1499 4295 1594 4346; x_wconf 74' lang='grc' dir='ltr'>ἐπὶ</span> <span class='ocrx_word' id='word_1_534' title='bbox 1636 4292 1715 4363; x_wconf 85' lang='grc' dir='ltr'><strong>τῷ</strong></span> <span class='ocrx_word' id='word_1_535' title='bbox 1744 4294 1877 4347; x_wconf 81' lang='grc' dir='ltr'>ἀνα-</span> 
     </span>
    </p>
   </div>
   <div class='ocr_carea' id='block_1_74' title="bbox 285 4384 1878 4462">
    <p class='ocr_par' dir='ltr' id='par_1_74' title="bbox 285 4384 1878 4462">
     <span class='ocr_line' id='line_1_74' title="bbox 285 4384 1878 4462; baseline -0.003 -17"><span class='ocrx_word' id='word_1_536' title='bbox 285 4390 708 4462; x_wconf 77' lang='grc' dir='ltr'>σταυρωθῆναι·</span> <span class='ocrx_word' id='word_1_537' title='bbox 736 4390 765 4442; x_wconf 94' lang='lat'><strong>6</strong></span> <span class='ocrx_word' id='word_1_538' title='bbox 794 4389 849 4443; x_wconf 81' lang='grc' dir='ltr'>δὲ</span> <span class='ocrx_word' id='word_1_539' title='bbox 884 4390 1046 4453; x_wconf 87' lang='grc' dir='ltr'>τόπος</span> <span class='ocrx_word' id='word_1_540' title='bbox 1074 4387 1302 4459; x_wconf 84' lang='grc' dir='ltr'>ὥριστο.</span> <span class='ocrx_word' id='word_1_541' title='bbox 1328 4387 1458 4439; x_wconf 78' lang='grc' dir='ltr'>ἔνθα</span> <span class='ocrx_word' id='word_1_542' title='bbox 1499 4384 1758 4456; x_wconf 83' lang='grc' dir='ltr'>Ῥοδάνης</span> <span class='ocrx_word' id='word_1_543' title='bbox 1783 4385 1878 4440; x_wconf 77' lang='grc' dir='ltr'>καὶ</span> 
     </span>
    </p>
   </div>
   <div class='ocr_carea' id='block_1_75' title="bbox 284 4475 1876 4553">
    <p class='ocr_par' dir='ltr' id='par_1_75' title="bbox 284 4475 1876 4553">
     <span class='ocr_line' id='line_1_75' title="bbox 284 4475 1876 4553; baseline -0.004 -15"><span class='ocrx_word' id='word_1_544' title='bbox 284 4486 515 4546; x_wconf 73' lang='grc' dir='ltr'>Σινωνὶς</span> <span class='ocrx_word' id='word_1_545' title='bbox 541 4482 615 4535; x_wconf 79' lang='grc' dir='ltr'>τὰ</span> <span class='ocrx_word' id='word_1_546' title='bbox 640 4483 833 4552; x_wconf 75' lang='grc' dir='ltr'>πρώτα</span> <span class='ocrx_word' id='word_1_547' title='bbox 859 4481 1169 4553; x_wconf 82' lang='grc' dir='ltr'>ηὐλίσαντο,</span> <span class='ocrx_word' id='word_1_548' title='bbox 1201 4481 1258 4532; x_wconf 78' lang='grc' dir='ltr'>ἐν</span> <span class='ocrx_word' id='word_1_549' title='bbox 1278 4477 1355 4549; x_wconf 82' lang='grc' dir='ltr'><strong>τῷ</strong></span> <span class='ocrx_word' id='word_1_550' title='bbox 1382 4477 1606 4549; x_wconf 83' lang='grc' dir='ltr'>λειμῶνι</span> <span class='ocrx_word' id='word_1_551' title='bbox 1632 4476 1761 4549; x_wconf 72' lang='grc'><strong>[249</strong></span> <span class='ocrx_word' id='word_1_552' title='bbox 1786 4475 1876 4548; x_wconf 61' lang='grc'><strong>3.]</strong></span> 
     </span>
    </p>
   </div>
   <div class='ocr_carea' id='block_1_76' title="bbox 286 4567 1879 4645">
    <p class='ocr_par' dir='ltr' id='par_1_76' title="bbox 286 4567 1879 4645">
     <span class='ocr_line' id='line_1_76' title="bbox 286 4567 1879 4645; baseline -0.006 -16"><span class='ocrx_word' id='word_1_553' title='bbox 286 4577 381 4629; x_wconf 78' lang='grc' dir='ltr'><strong>καὶ</strong></span> <span class='ocrx_word' id='word_1_554' title='bbox 406 4577 471 4629; x_wconf 86' lang='grc' dir='ltr'>ὲν</span> <span class='ocrx_word' id='word_1_555' title='bbox 513 4576 583 4645; x_wconf 78' lang='grc' dir='ltr'>τῇ</span> <span class='ocrx_word' id='word_1_556' title='bbox 614 4576 788 4644; x_wconf 83' lang='grc' dir='ltr'>πηγῇ,</span> <span class='ocrx_word' id='word_1_557' title='bbox 815 4573 875 4624; x_wconf 85' lang='grc' dir='ltr'>ὲν</span> <span class='ocrx_word' id='word_1_558' title='bbox 902 4567 981 4635; x_wconf 76' lang='grc' dir='ltr'>οἷς</span> <span class='ocrx_word' id='word_1_559' title='bbox 1022 4571 1119 4624; x_wconf 79' lang='grc' dir='ltr'>καὶ</span> <span class='ocrx_word' id='word_1_560' title='bbox 1143 4570 1223 4639; x_wconf 85' lang='grc' dir='ltr'>τῷ</span> <span class='ocrx_word' id='word_1_561' title='bbox 1275 4568 1517 4621; x_wconf 83' lang='grc' dir='ltr'>Ῥοδὰνει</span> <span class='ocrx_word' id='word_1_562' title='bbox 1543 4567 1603 4621; x_wconf 80' lang='grc' dir='ltr'>τὸ</span> <span class='ocrx_word' id='word_1_563' title='bbox 1630 4584 1879 4639; x_wconf 84' lang='grc' dir='ltr'>κεκρυμ-</span> 
     </span>
    </p>
   </div>
   <div class='ocr_carea' id='block_1_77' title="bbox 1968 3374 3545 3447">
    <p class='ocr_par' dir='ltr' id='par_1_77' title="bbox 1968 3374 3545 3447">
     <span class='ocr_line' id='line_1_77' title="bbox 1968 3374 3545 3447; baseline -0.006 -14"><span class='ocrx_word' id='word_1_564' title='bbox 1968 3378 2155 3433; x_wconf 84' lang='lat' dir='ltr'><strong>rustici</strong></span> <span class='ocrx_word' id='word_1_565' title='bbox 2192 3375 2321 3439; x_wconf 87' lang='lat' dir='ltr'><strong>ﬁlia,</strong></span> <span class='ocrx_word' id='word_1_566' title='bbox 2354 3384 2703 3445; x_wconf 88' lang='lat' dir='ltr'><strong>posteaquam</strong></span> <span class='ocrx_word' id='word_1_567' title='bbox 2737 3374 2980 3443; x_wconf 86' lang='lat' dir='ltr'><strong>Sinonis,</strong></span> <span class='ocrx_word' id='word_1_568' title='bbox 3012 3375 3122 3446; x_wconf 83' lang='lat' dir='ltr'><strong>regi</strong></span> <span class='ocrx_word' id='word_1_569' title='bbox 3147 3374 3319 3447; x_wconf 69' lang='lat' dir='ltr'><strong>Syriae</strong></span> <span class='ocrx_word' id='word_1_570' title='bbox 3356 3382 3545 3443; x_wconf 82' lang='lat' dir='ltr'><strong>nupta,</strong></span> 
     </span>
    </p>
   </div>
   <div class='ocr_carea' id='block_1_78' title="bbox 1968 3466 3549 3537">
    <p class='ocr_par' dir='ltr' id='par_1_78' title="bbox 1968 3466 3549 3537">
     <span class='ocr_line' id='line_1_78' title="bbox 1968 3466 3549 3537; baseline -0.002 -11"><span class='ocrx_word' id='word_1_571' title='bbox 1968 3471 2065 3526; x_wconf 82' lang='lat' dir='ltr'><strong>irae</strong></span> <span class='ocrx_word' id='word_1_572' title='bbox 2104 3468 2441 3524; x_wconf 78' lang='lat' dir='ltr'><strong>vindicandae</strong></span> <span class='ocrx_word' id='word_1_573' title='bbox 2485 3476 2808 3537; x_wconf 87' lang='lat' dir='ltr'><strong>potestatem</strong></span> <span class='ocrx_word' id='word_1_574' title='bbox 2865 3478 3024 3524; x_wconf 89' lang='lat' dir='ltr'><strong>nacta</strong></span> <span class='ocrx_word' id='word_1_575' title='bbox 3066 3476 3171 3534; x_wconf 89' lang='lat' dir='ltr'><strong>est,</strong></span> <span class='ocrx_word' id='word_1_576' title='bbox 3212 3466 3266 3523; x_wconf 86' lang='lat' dir='ltr'><strong>vi</strong></span> <span class='ocrx_word' id='word_1_577' title='bbox 3326 3467 3549 3535; x_wconf 80' lang='lat' dir='ltr'><strong>abrepta</strong></span> 
     </span>
    </p>
   </div>
   <div class='ocr_carea' id='block_1_79' title="bbox 1970 3557 3553 3627">
    <p class='ocr_par' dir='ltr' id='par_1_79' title="bbox 1970 3557 3553 3627">
     <span class='ocr_line' id='line_1_79' title="bbox 1970 3557 3553 3627; baseline -0.001 -13"><span class='ocrx_word' id='word_1_578' title='bbox 1970 3560 2159 3622; x_wconf 86' lang='lat' dir='ltr'><strong>fuerit,</strong></span> <span class='ocrx_word' id='word_1_579' title='bbox 2189 3568 2353 3627; x_wconf 89' lang='lat' dir='ltr'><strong>atque</strong></span> <span class='ocrx_word' id='word_1_580' title='bbox 2391 3558 2645 3613; x_wconf 87' lang='lat' dir='ltr'><strong>damnata</strong></span> <span class='ocrx_word' id='word_1_581' title='bbox 2677 3559 2744 3613; x_wconf 87' lang='lat' dir='ltr'><strong>ad</strong></span> <span class='ocrx_word' id='word_1_582' title='bbox 2767 3557 3235 3615; x_wconf 87' lang='lat' dir='ltr'><strong>concumbendum</strong></span> <span class='ocrx_word' id='word_1_583' title='bbox 3274 3574 3396 3614; x_wconf 89' lang='lat' dir='ltr'><strong>cum</strong></span> <span class='ocrx_word' id='word_1_584' title='bbox 3430 3573 3553 3613; x_wconf 88' lang='lat' dir='ltr'><strong>car-</strong></span> 
     </span>
    </p>
   </div>
   <div class='ocr_carea' id='block_1_80' title="bbox 1971 3649 3550 3720">
    <p class='ocr_par' dir='ltr' id='par_1_80' title="bbox 1971 3649 3550 3720">
     <span class='ocr_line' id='line_1_80' title="bbox 1971 3649 3550 3720; baseline -0.001 -14"><span class='ocrx_word' id='word_1_585' title='bbox 1971 3651 2149 3706; x_wconf 89' lang='lat' dir='ltr'><strong>nilice.</strong></span> <span class='ocrx_word' id='word_1_586' title='bbox 2203 3652 2429 3720; x_wconf 86' lang='lat' dir='ltr'><strong>Septum</strong></span> <span class='ocrx_word' id='word_1_587' title='bbox 2489 3649 2675 3720; x_wconf 90' lang='lat' dir='ltr'><strong>itaque</strong></span> <span class='ocrx_word' id='word_1_588' title='bbox 2732 3650 3049 3705; x_wconf 84' lang='lat' dir='ltr'><strong>carniﬁcum</strong></span> <span class='ocrx_word' id='word_1_589' title='bbox 3096 3651 3380 3713; x_wconf 84' lang='lat' dir='ltr'><strong>introiens,</strong></span> <span class='ocrx_word' id='word_1_590' title='bbox 3426 3665 3550 3706; x_wconf 89' lang='lat' dir='ltr'><strong>cum</strong></span> 
     </span>
    </p>
   </div>
   <div class='ocr_carea' id='block_1_81' title="bbox 1974 3742 3550 3813">
    <p class='ocr_par' dir='ltr' id='par_1_81' title="bbox 1974 3742 3550 3813">
     <span class='ocr_line' id='line_1_81' title="bbox 1974 3742 3550 3813; baseline 0.002 -15"><span class='ocrx_word' id='word_1_591' title='bbox 1974 3744 2245 3813; x_wconf 82' lang='lat' dir='ltr'><strong>Euphrate</strong></span> <span class='ocrx_word' id='word_1_592' title='bbox 2267 3758 2558 3812; x_wconf 62' lang='lat' dir='ltr'><strong>congressa</strong></span> <span class='ocrx_word' id='word_1_593' title='bbox 2580 3751 2668 3797; x_wconf 90' lang='lat' dir='ltr'><strong>est</strong></span> <span class='ocrx_word' id='word_1_594' title='bbox 2697 3758 2712 3796; x_wconf 90' lang='lat'><strong>:</strong></span> <span class='ocrx_word' id='word_1_595' title='bbox 2743 3743 2836 3812; x_wconf 88' lang='lat' dir='ltr'><strong>qui</strong></span> <span class='ocrx_word' id='word_1_596' title='bbox 2868 3742 2984 3810; x_wconf 83' lang='lat' dir='ltr'><strong>ejus</strong></span> <span class='ocrx_word' id='word_1_597' title='bbox 3007 3756 3297 3812; x_wconf 85' lang='lat' dir='ltr'><strong>personam</strong></span> <span class='ocrx_word' id='word_1_598' title='bbox 3339 3743 3550 3813; x_wconf 75' lang='lat' dir='ltr'><strong>ﬁngens</strong></span> 
     </span>
    </p>
   </div>
   <div class='ocr_carea' id='block_1_82' title="bbox 1974 3822 3552 3905">
    <p class='ocr_par' dir='ltr' id='par_1_82' title="bbox 1974 3822 3552 3905">
     <span class='ocr_line' id='line_1_82' title="bbox 1974 3822 3552 3905; baseline -0.001 -17"><span class='ocrx_word' id='word_1_599' title='bbox 1974 3852 2070 3905; x_wconf 89' lang='lat' dir='ltr'><strong>pro</strong></span> <span class='ocrx_word' id='word_1_600' title='bbox 2120 3836 2233 3905; x_wconf 88' lang='lat' dir='ltr'><strong>ipsa</strong></span> <span class='ocrx_word' id='word_1_601' title='bbox 2268 3848 2299 3889; x_wconf 89' lang='lat' dir='ltr'><strong>e</strong></span> <span class='ocrx_word' id='word_1_602' title='bbox 2327 3846 2481 3902; x_wconf 85' lang='lat' dir='ltr'><strong>septo</strong></span> <span class='ocrx_word' id='word_1_603' title='bbox 2503 3833 2805 3904; x_wconf 82' lang='lat' dir='ltr'><strong>egreditur,</strong></span> <span class='ocrx_word' id='word_1_604' title='bbox 2840 3841 2895 3887; x_wconf 85' lang='lat' dir='ltr'><strong>ct</strong></span> <span class='ocrx_word' id='word_1_605' title='bbox 2918 3822 3018 3887; x_wconf 55' lang='lat' dir='ltr'><strong>&#39;illa</strong></span> <span class='ocrx_word' id='word_1_606' title='bbox 3052 3833 3288 3889; x_wconf 79' lang='lat' dir='ltr'><strong>vicissim</strong></span> <span class='ocrx_word' id='word_1_607' title='bbox 3322 3848 3418 3898; x_wconf 83' lang='lat' dir='ltr'><strong>pro</strong></span> <span class='ocrx_word' id='word_1_608' title='bbox 3444 3833 3552 3889; x_wconf 81' lang='lat' dir='ltr'><strong>Eu-</strong></span> 
     </span>
    </p>
   </div>
   <div class='ocr_carea' id='block_1_83' title="bbox 1973 3922 3553 3996">
    <p class='ocr_par' dir='ltr' id='par_1_83' title="bbox 1973 3922 3553 3996">
     <span class='ocr_line' id='line_1_83' title="bbox 1973 3922 3553 3996; baseline -0.004 -16"><span class='ocrx_word' id='word_1_609' title='bbox 1973 3927 2168 3996; x_wconf 87' lang='lat' dir='ltr'><strong>phrate</strong></span> <span class='ocrx_word' id='word_1_610' title='bbox 2216 3926 2423 3980; x_wconf 91' lang='lat' dir='ltr'><strong>lictoris</strong></span> <span class='ocrx_word' id='word_1_611' title='bbox 2456 3939 2679 3980; x_wconf 90' lang='lat' dir='ltr'><strong>munere</strong></span> <span class='ocrx_word' id='word_1_612' title='bbox 2729 3924 2911 3980; x_wconf 88' lang='lat' dir='ltr'><strong>functa</strong></span> <span class='ocrx_word' id='word_1_613' title='bbox 2941 3932 3045 3980; x_wconf 91' lang='lat' dir='ltr'><strong>est.</strong></span> <span class='ocrx_word' id='word_1_614' title='bbox 3086 3924 3151 3978; x_wconf 86' lang='lat' dir='ltr'><strong>Et</strong></span> <span class='ocrx_word' id='word_1_615' title='bbox 3173 3925 3289 3979; x_wconf 78' lang='lat' dir='ltr'><strong>hzee</strong></span> <span class='ocrx_word' id='word_1_616' title='bbox 3334 3922 3553 3995; x_wconf 82' lang='lat' dir='ltr'><strong>quidem</strong></span> 
     </span>
    </p>
   </div>
   <div class='ocr_carea' id='block_1_84' title="bbox 1976 4015 3556 4088">
    <p class='ocr_par' dir='ltr' id='par_1_84' title="bbox 1976 4015 3556 4088">
     <span class='ocr_line' id='line_1_84' title="bbox 1976 4015 3556 4088; baseline -0.004 -15"><span class='ocrx_word' id='word_1_617' title='bbox 1976 4021 2050 4074; x_wconf 88' lang='lat' dir='ltr'><strong>ita</strong></span> <span class='ocrx_word' id='word_1_618' title='bbox 2083 4028 2252 4088; x_wconf 85' lang='lat' dir='ltr'><strong>gesta.</strong></span> <span class='ocrx_word' id='word_1_619' title='bbox 2301 4019 2585 4072; x_wconf 58' lang='lat' dir='ltr'><strong>Sorxchns</strong></span> <span class='ocrx_word' id='word_1_620' title='bbox 2625 4028 2804 4072; x_wconf 88' lang='lat' dir='ltr'><strong>autem</strong></span> <span class='ocrx_word' id='word_1_621' title='bbox 2825 4017 2972 4071; x_wconf 89' lang='lat' dir='ltr'><strong>cruci</strong></span> <span class='ocrx_word' id='word_1_622' title='bbox 3014 4015 3306 4085; x_wconf 83' lang='lat' dir='ltr'><strong>alligendus</strong></span> <span class='ocrx_word' id='word_1_623' title='bbox 3334 4015 3556 4069; x_wconf 81' lang='lat' dir='ltr'><strong>damna—</strong></span> 
     </span>
    </p>
   </div>
   <div class='ocr_carea' id='block_1_85' title="bbox 1978 4104 3556 4176">
    <p class='ocr_par' dir='ltr' id='par_1_85' title="bbox 1978 4104 3556 4176">
     <span class='ocr_line' id='line_1_85' title="bbox 1978 4104 3556 4176; baseline -0.004 -11"><span class='ocrx_word' id='word_1_624' title='bbox 1978 4120 2087 4176; x_wconf 87' lang='lat' dir='ltr'><strong>tur,</strong></span> <span class='ocrx_word' id='word_1_625' title='bbox 2131 4109 2384 4175; x_wconf 89' lang='lat' dir='ltr'><strong>locusque</strong></span> <span class='ocrx_word' id='word_1_626' title='bbox 2424 4109 2680 4163; x_wconf 84' lang='lat' dir='ltr'><strong>deﬁnitur</strong></span> <span class='ocrx_word' id='word_1_627' title='bbox 2736 4108 2828 4163; x_wconf 89' lang='lat' dir='ltr'><strong>ubi</strong></span> <span class='ocrx_word' id='word_1_628' title='bbox 2888 4107 3182 4163; x_wconf 81' lang='lat' dir='ltr'><strong>Rhodanes</strong></span> <span class='ocrx_word' id='word_1_629' title='bbox 3238 4114 3295 4161; x_wconf 86' lang='lat' dir='ltr'><strong>et</strong></span> <span class='ocrx_word' id='word_1_630' title='bbox 3337 4104 3556 4163; x_wconf 86' lang='lat' dir='ltr'><strong>Sinonis</strong></span> 
     </span>
    </p>
   </div>
   <div class='ocr_carea' id='block_1_86' title="bbox 1977 4195 3557 4269">
    <p class='ocr_par' dir='ltr' id='par_1_86' title="bbox 1977 4195 3557 4269">
     <span class='ocr_line' id='line_1_86' title="bbox 1977 4195 3557 4269; baseline -0.004 -15"><span class='ocrx_word' id='word_1_631' title='bbox 1977 4200 2236 4268; x_wconf 84' lang='lat' dir='ltr'><strong>hospitali</strong></span> <span class='ocrx_word' id='word_1_632' title='bbox 2303 4199 2538 4268; x_wconf 87' lang='lat' dir='ltr'><strong>primum</strong></span> <span class='ocrx_word' id='word_1_633' title='bbox 2592 4199 2856 4266; x_wconf 87' lang='lat' dir='ltr'><strong>fuerant,</strong></span> <span class='ocrx_word' id='word_1_634' title='bbox 2910 4200 2963 4253; x_wconf 92' lang='lat' dir='ltr'><strong>in</strong></span> <span class='ocrx_word' id='word_1_635' title='bbox 3004 4205 3159 4269; x_wconf 87' lang='lat' dir='ltr'><strong>prato</strong></span> <span class='ocrx_word' id='word_1_636' title='bbox 3198 4195 3291 4251; x_wconf 89' lang='lat' dir='ltr'><strong>illo</strong></span> <span class='ocrx_word' id='word_1_637' title='bbox 3320 4236 3337 4265; x_wconf 84' lang='lat'><strong>,</strong></span> <span class='ocrx_word' id='word_1_638' title='bbox 3395 4206 3557 4265; x_wconf 82' lang='lat' dir='ltr'><strong>atque</strong></span> 
     </span>
    </p>
   </div>
   <div class='ocr_carea' id='block_1_87' title="bbox 1978 4287 3559 4362">
    <p class='ocr_par' dir='ltr' id='par_1_87' title="bbox 1978 4287 3559 4362">
     <span class='ocr_line' id='line_1_87' title="bbox 1978 4287 3559 4362; baseline 0.001 -16"><span class='ocrx_word' id='word_1_639' title='bbox 1978 4295 2045 4347; x_wconf 87' lang='lat' dir='ltr'><strong>ad</strong></span> <span class='ocrx_word' id='word_1_640' title='bbox 2101 4294 2303 4348; x_wconf 85' lang='lat' dir='ltr'><strong>fontem</strong></span> <span class='ocrx_word' id='word_1_641' title='bbox 2342 4332 2358 4357; x_wconf 93' lang='lat'><strong>,</strong></span> <span class='ocrx_word' id='word_1_642' title='bbox 2423 4291 2624 4362; x_wconf 85' lang='lat' dir='ltr'><strong>quibus</strong></span> <span class='ocrx_word' id='word_1_643' title='bbox 2671 4293 2839 4347; x_wconf 90' lang='lat' dir='ltr'><strong>etiam</strong></span> <span class='ocrx_word' id='word_1_644' title='bbox 2901 4290 2954 4346; x_wconf 92' lang='lat' dir='ltr'><strong>in</strong></span> <span class='ocrx_word' id='word_1_645' title='bbox 3008 4290 3146 4347; x_wconf 91' lang='lat' dir='ltr'><strong>locis</strong></span> <span class='ocrx_word' id='word_1_646' title='bbox 3198 4298 3358 4345; x_wconf 88' lang='lat' dir='ltr'><strong>antea</strong></span> <span class='ocrx_word' id='word_1_647' title='bbox 3413 4287 3559 4347; x_wconf 81' lang='lat' dir='ltr'><strong>Rho-</strong></span> 
     </span>
    </p>
   </div>
   <div class='ocr_carea' id='block_1_88' title="bbox 1979 4382 3558 4451">
    <p class='ocr_par' dir='ltr' id='par_1_88' title="bbox 1979 4382 3558 4451">
     <span class='ocr_line' id='line_1_88' title="bbox 1979 4382 3558 4451; baseline -0.003 -13"><span class='ocrx_word' id='word_1_648' title='bbox 1979 4384 2149 4438; x_wconf 86' lang='lat' dir='ltr'><strong>danes</strong></span> <span class='ocrx_word' id='word_1_649' title='bbox 2189 4385 2304 4438; x_wconf 88' lang='lat' dir='ltr'><strong>auri</strong></span> <span class='ocrx_word' id='word_1_650' title='bbox 2354 4384 2673 4439; x_wconf 90' lang='lat' dir='ltr'><strong>thesaurum</strong></span> <span class='ocrx_word' id='word_1_651' title='bbox 2719 4382 3175 4451; x_wconf 87' lang='lat' dir='ltr'><strong>deprehenderat,</strong></span> <span class='ocrx_word' id='word_1_652' title='bbox 3221 4395 3381 4451; x_wconf 86' lang='lat' dir='ltr'><strong>quem</strong></span> <span class='ocrx_word' id='word_1_653' title='bbox 3413 4392 3558 4433; x_wconf 86' lang='lat' dir='ltr'><strong>nunc</strong></span> 
     </span>
    </p>
   </div>
   <div class='ocr_carea' id='block_1_89' title="bbox 1979 4470 3557 4547">
    <p class='ocr_par' dir='ltr' id='par_1_89' title="bbox 1979 4470 3557 4547">
     <span class='ocr_line' id='line_1_89' title="bbox 1979 4470 3557 4547; baseline -0.003 -20"><span class='ocrx_word' id='word_1_654' title='bbox 1979 4492 2194 4547; x_wconf 87' lang='lat' dir='ltr'><strong>quoque</strong></span> <span class='ocrx_word' id='word_1_655' title='bbox 2240 4473 2529 4541; x_wconf 74' lang='lat' dir='ltr'><strong>Sortecho,</strong></span> <span class='ocrx_word' id='word_1_656' title='bbox 2579 4474 2647 4529; x_wconf 87' lang='lat' dir='ltr'><strong>ad</strong></span> <span class='ocrx_word' id='word_1_657' title='bbox 2691 4474 2992 4543; x_wconf 87' lang='lat' dir='ltr'><strong>patibulum</strong></span> <span class='ocrx_word' id='word_1_658' title='bbox 3031 4473 3226 4539; x_wconf 90' lang='lat' dir='ltr'><strong>ducto,</strong></span> <span class='ocrx_word' id='word_1_659' title='bbox 3277 4470 3557 4531; x_wconf 84' lang='lat' dir='ltr'><strong>indicavit.</strong></span> 
     </span>
    </p>
   </div>
   <div class='ocr_carea' id='block_1_90' title="bbox 1982 4562 3564 4631">
    <p class='ocr_par' dir='ltr' id='par_1_90' title="bbox 1982 4562 3564 4631">
     <span class='ocr_line' id='line_1_90' title="bbox 1982 4562 3564 4631; baseline -0.004 -8"><span class='ocrx_word' id='word_1_660' title='bbox 1982 4570 2276 4623; x_wconf 87' lang='lat' dir='ltr'><strong>Alanorum</strong></span> <span class='ocrx_word' id='word_1_661' title='bbox 2320 4577 2434 4622; x_wconf 93' lang='lat' dir='ltr'><strong>tum</strong></span> <span class='ocrx_word' id='word_1_662' title='bbox 2476 4566 2617 4621; x_wconf 84' lang='lat' dir='ltr'><strong>forte</strong></span> <span class='ocrx_word' id='word_1_663' title='bbox 2655 4567 2952 4631; x_wconf 82' lang='lat' dir='ltr'><strong>exercitus,</strong></span> <span class='ocrx_word' id='word_1_664' title='bbox 2981 4564 3237 4621; x_wconf 85' lang='lat' dir='ltr'><strong>mercede</strong></span> <span class='ocrx_word' id='word_1_665' title='bbox 3288 4579 3319 4617; x_wconf 89' lang='lat' dir='ltr'><strong>a</strong></span> <span class='ocrx_word' id='word_1_666' title='bbox 3361 4562 3564 4623; x_wconf 82' lang='lat' dir='ltr'><strong>Carmo</strong></span> 
     </span>
    </p>
   </div>
   <div class='ocr_carea' id='block_1_91' title="bbox 292 4654 1858 4734">
    <p class='ocr_par' dir='ltr' id='par_1_91' title="bbox 292 4659 1858 4734">
     <span class='ocr_line' id='line_1_91' title="bbox 292 4659 1858 4734; baseline -0.005 -15"><span class='ocrx_word' id='word_1_667' title='bbox 292 4667 455 4734; x_wconf 83' lang='grc' dir='ltr'>μένον</span> <span class='ocrx_word' id='word_1_668' title='bbox 483 4664 819 4734; x_wconf 80' lang='grc' dir='ltr'>ἐπεφώρατο</span> <span class='ocrx_word' id='word_1_669' title='bbox 855 4661 1101 4734; x_wconf 83' lang='grc' dir='ltr'>χρυσίον,</span> <span class='ocrx_word' id='word_1_670' title='bbox 1131 4660 1160 4714; x_wconf 85' lang='lat'><strong>6</strong></span> <span class='ocrx_word' id='word_1_671' title='bbox 1189 4662 1281 4713; x_wconf 80' lang='grc' dir='ltr'>καὶ</span> <span class='ocrx_word' id='word_1_672' title='bbox 1308 4659 1642 4731; x_wconf 77' lang='grc' dir='ltr'>ἀπαγομένῳ</span> <span class='ocrx_word' id='word_1_673' title='bbox 1672 4659 1762 4712; x_wconf 71' lang='grc' dir='ltr'><strong>ἐπὶ</strong></span> <span class='ocrx_word' id='word_1_674' title='bbox 1788 4659 1858 4712; x_wconf 65' lang='grc' dir='ltr'><strong>τὸ·</strong></span> 
     </span>
    </p>
   </div>
   <div class='ocr_carea' id='block_1_92' title="bbox 1961 4654 3562 4734">
    <p class='ocr_par' dir='ltr' id='par_1_92' title="bbox 1987 4654 3562 4723">
     <span class='ocr_line' id='line_1_92' title="bbox 1987 4654 3562 4723; baseline -0.004 -10"><span class='ocrx_word' id='word_1_675' title='bbox 1987 4658 2289 4723; x_wconf 80' lang='lat' dir='ltr'><strong>fraudatus,</strong></span> <span class='ocrx_word' id='word_1_676' title='bbox 2330 4666 2383 4713; x_wconf 91' lang='lat' dir='ltr'><strong>et</strong></span> <span class='ocrx_word' id='word_1_677' title='bbox 2415 4655 2687 4713; x_wconf 89' lang='lat' dir='ltr'><strong>hostiliter</strong></span> <span class='ocrx_word' id='word_1_678' title='bbox 2713 4656 2768 4711; x_wconf 91' lang='lat' dir='ltr'><strong>in</strong></span> <span class='ocrx_word' id='word_1_679' title='bbox 2800 4672 2924 4713; x_wconf 89' lang='lat' dir='ltr'><strong>eum</strong></span> <span class='ocrx_word' id='word_1_680' title='bbox 2959 4655 3255 4722; x_wconf 85' lang='lat' dir='ltr'><strong>animatus,</strong></span> <span class='ocrx_word' id='word_1_681' title='bbox 3278 4655 3469 4710; x_wconf 88' lang='lat' dir='ltr'><strong>eodem</strong></span> <span class='ocrx_word' id='word_1_682' title='bbox 3507 4654 3562 4708; x_wconf 91' lang='lat' dir='ltr'><strong>in</strong></span> 
     </span>
    </p>
   </div>
   <div class='ocr_carea' id='block_1_93' title="bbox 293 4747 1858 4828">
    <p class='ocr_par' dir='ltr' id='par_1_93' title="bbox 293 4750 1858 4828">
     <span class='ocr_line' id='line_1_93' title="bbox 293 4750 1858 4828; baseline -0.005 -18"><span class='ocrx_word' id='word_1_683' title='bbox 293 4756 534 4828; x_wconf 82' lang='grc' dir='ltr'>σταυρὸν</span> <span class='ocrx_word' id='word_1_684' title='bbox 594 4754 842 4825; x_wconf 86' lang='grc' dir='ltr'>Σοραίχῳ</span> <span class='ocrx_word' id='word_1_685' title='bbox 896 4753 1113 4824; x_wconf 89' lang='grc' dir='ltr'>μηνύει.</span> <span class='ocrx_word' id='word_1_686' title='bbox 1179 4751 1294 4805; x_wconf 76' lang='lat' dir='ltr'><strong>Kal.</strong></span> <span class='ocrx_word' id='word_1_687' title='bbox 1358 4750 1595 4804; x_wconf 78' lang='grc' dir='ltr'>Ἀλανῶν</span> <span class='ocrx_word' id='word_1_688' title='bbox 1654 4750 1858 4822; x_wconf 76' lang='grc' dir='ltr'>στρατὺι</span> 
     </span>
    </p>
   </div>
   <div class='ocr_carea' id='block_1_94' title="bbox 1961 4747 3559 4828">
    <p class='ocr_par' dir='ltr' id='par_1_94' title="bbox 1981 4747 3559 4817">
     <span class='ocr_line' id='line_1_94' title="bbox 1981 4747 3559 4817; baseline -0.004 -13"><span class='ocrx_word' id='word_1_689' title='bbox 1981 4751 2131 4815; x_wconf 91' lang='lat' dir='ltr'><strong>loco,</strong></span> <span class='ocrx_word' id='word_1_690' title='bbox 2164 4750 2255 4804; x_wconf 90' lang='lat' dir='ltr'><strong>ubi</strong></span> <span class='ocrx_word' id='word_1_691' title='bbox 2294 4753 2444 4805; x_wconf 88' lang='lat' dir='ltr'><strong>cruci</strong></span> <span class='ocrx_word' id='word_1_692' title='bbox 2474 4749 2773 4817; x_wconf 78' lang='lat' dir='ltr'><strong>afﬁgendus</strong></span> <span class='ocrx_word' id='word_1_693' title='bbox 2812 4758 2933 4804; x_wconf 86' lang='lat' dir='ltr'><strong>erat</strong></span> <span class='ocrx_word' id='word_1_694' title='bbox 2971 4747 3300 4813; x_wconf 74' lang='lat' dir='ltr'><strong>Sonechns,</strong></span> <span class='ocrx_word' id='word_1_695' title='bbox 3369 4760 3559 4800; x_wconf 85' lang='lat' dir='ltr'><strong>conse-</strong></span> 
     </span>
    </p>
   </div>
   <div class='ocr_carea' id='block_1_95' title="bbox 291 4838 1858 4918">
    <p class='ocr_par' dir='ltr' id='par_1_95' title="bbox 291 4842 1858 4918">
     <span class='ocr_line' id='line_1_95' title="bbox 291 4842 1858 4918; baseline -0.005 -17"><span class='ocrx_word' id='word_1_696' title='bbox 291 4847 607 4918; x_wconf 72' lang='grc' dir='ltr'>ἀπὸμισθος</span> <span class='ocrx_word' id='word_1_697' title='bbox 651 4846 858 4917; x_wconf 85' lang='grc' dir='ltr'>Γάρμῳ</span> <span class='ocrx_word' id='word_1_698' title='bbox 893 4842 1133 4913; x_wconf 85' lang='grc' dir='ltr'>γεγονὼς</span> <span class='ocrx_word' id='word_1_699' title='bbox 1160 4843 1256 4896; x_wconf 74' lang='grc' dir='ltr'>καὶ</span> <span class='ocrx_word' id='word_1_700' title='bbox 1283 4842 1721 4912; x_wconf 85' lang='grc' dir='ltr'>ἀπεχθανόμενοι</span> <span class='ocrx_word' id='word_1_701' title='bbox 1756 4858 1858 4912; x_wconf 87' lang='grc' dir='ltr'><strong>περ</strong></span> 
     </span>
    </p>
   </div>
   <div class='ocr_carea' id='block_1_96' title="bbox 1961 4838 3565 4918">
    <p class='ocr_par' dir='ltr' id='par_1_96' title="bbox 1983 4838 3565 4909">
     <span class='ocr_line' id='line_1_96' title="bbox 1983 4838 3565 4909; baseline -0.005 -12"><span class='ocrx_word' id='word_1_702' title='bbox 1983 4844 2161 4897; x_wconf 79' lang='lat' dir='ltr'><strong>derat.</strong></span> <span class='ocrx_word' id='word_1_703' title='bbox 2184 4840 2285 4897; x_wconf 84' lang='lat' dir='ltr'><strong>Hic</strong></span> <span class='ocrx_word' id='word_1_704' title='bbox 2300 4840 2640 4905; x_wconf 67' lang='lat' dir='ltr'><strong>Sormchum,</strong></span> <span class='ocrx_word' id='word_1_705' title='bbox 2671 4841 2844 4909; x_wconf 80' lang='lat' dir='ltr'><strong>pulsis</strong></span> <span class='ocrx_word' id='word_1_706' title='bbox 2882 4840 2948 4894; x_wconf 88' lang='lat' dir='ltr'><strong>iis</strong></span> <span class='ocrx_word' id='word_1_707' title='bbox 2977 4841 3069 4909; x_wconf 88' lang='lat' dir='ltr'><strong>qui</strong></span> <span class='ocrx_word' id='word_1_708' title='bbox 3093 4854 3219 4894; x_wconf 89' lang='lat' dir='ltr'><strong>eum</strong></span> <span class='ocrx_word' id='word_1_709' title='bbox 3240 4838 3308 4892; x_wconf 88' lang='lat' dir='ltr'><strong>ad</strong></span> <span class='ocrx_word' id='word_1_710' title='bbox 3334 4847 3565 4892; x_wconf 89' lang='lat' dir='ltr'><strong>mortem</strong></span> 
     </span>
    </p>
   </div>
   <div class='ocr_carea' id='block_1_97' title="bbox 294 4930 1883 5009">
    <p class='ocr_par' dir='ltr' id='par_1_97' title="bbox 294 4930 1883 5009">
     <span class='ocr_line' id='line_1_97' title="bbox 294 4930 1883 5009; baseline -0.004 -19"><span class='ocrx_word' id='word_1_711' title='bbox 294 4941 384 4991; x_wconf 76' lang='grc' dir='ltr'><strong>τὸν</strong></span> <span class='ocrx_word' id='word_1_712' title='bbox 415 4938 625 5009; x_wconf 82' lang='grc' dir='ltr'>χῶρον,</span> <span class='ocrx_word' id='word_1_713' title='bbox 653 4937 712 4989; x_wconf 80' lang='grc' dir='ltr'>ὲν</span> <span class='ocrx_word' id='word_1_714' title='bbox 745 4930 790 5005; x_wconf 84' lang='grc' dir='ltr'>ᾦ</span> <span class='ocrx_word' id='word_1_715' title='bbox 836 4936 1096 5008; x_wconf 86' lang='grc' dir='ltr'>Σόραιχος</span> <span class='ocrx_word' id='word_1_716' title='bbox 1123 4933 1347 5003; x_wconf 76' lang='grc' dir='ltr'>ἔμελλεν</span> <span class='ocrx_word' id='word_1_717' title='bbox 1386 4930 1883 5004; x_wconf 82' lang='grc' dir='ltr'>ἀνασταυροῦσθαι,</span> 
     </span>
    </p>
   </div>
   <div class='ocr_carea' id='block_1_98' title="bbox 295 5024 1882 5100">
    <p class='ocr_par' dir='ltr' id='par_1_98' title="bbox 295 5024 1882 5100">
     <span class='ocr_line' id='line_1_98' title="bbox 295 5024 1882 5100; baseline -0.004 -17"><span class='ocrx_word' id='word_1_718' title='bbox 295 5027 705 5100; x_wconf 72' lang='grc' dir='ltr'>διατρίϐουσιν·</span> <span class='ocrx_word' id='word_1_719' title='bbox 766 5026 816 5081; x_wconf 83' lang='grc' dir='ltr'>οἳ</span> <span class='ocrx_word' id='word_1_720' title='bbox 861 5028 957 5080; x_wconf 78' lang='grc' dir='ltr'>καὶ</span> <span class='ocrx_word' id='word_1_721' title='bbox 1007 5025 1377 5089; x_wconf 81' lang='grc' dir='ltr'>ἀπελάσαντες</span> <span class='ocrx_word' id='word_1_722' title='bbox 1432 5025 1560 5087; x_wconf 84' lang='grc' dir='ltr'>τοὺς</span> <span class='ocrx_word' id='word_1_723' title='bbox 1620 5024 1882 5095; x_wconf 84' lang='grc' dir='ltr'>Σόραιχον</span> 
     </span>
    </p>
   </div>
   <div class='ocr_carea' id='block_1_99' title="bbox 300 5116 1880 5188">
    <p class='ocr_par' dir='ltr' id='par_1_99' title="bbox 300 5116 1880 5188">
     <span class='ocr_line' id='line_1_99' title="bbox 300 5116 1880 5188; baseline -0.004 -13"><span class='ocrx_word' id='word_1_724' title='bbox 300 5122 537 5187; x_wconf 80' lang='grc' dir='ltr'>ἄγοντας</span> <span class='ocrx_word' id='word_1_725' title='bbox 580 5119 799 5173; x_wconf 76' lang='grc' dir='ltr'>ἔλυσαν.</span> <span class='ocrx_word' id='word_1_726' title='bbox 840 5117 902 5173; x_wconf 85' lang='grc' dir='ltr'>Ὀ</span> <span class='ocrx_word' id='word_1_727' title='bbox 931 5118 988 5171; x_wconf 86' lang='grc' dir='ltr'>δὲ</span> <span class='ocrx_word' id='word_1_728' title='bbox 1034 5118 1097 5171; x_wconf 80' lang='grc' dir='ltr'><strong>τὸ</strong></span> <span class='ocrx_word' id='word_1_729' title='bbox 1134 5117 1369 5188; x_wconf 77' lang='grc' dir='ltr'>μηνυθὲν</span> <span class='ocrx_word' id='word_1_730' title='bbox 1409 5116 1629 5187; x_wconf 83' lang='grc' dir='ltr'>χρυσίον</span> <span class='ocrx_word' id='word_1_731' title='bbox 1681 5116 1880 5188; x_wconf 79' lang='grc' dir='ltr'>εὑρὼν,</span> 
     </span>
    </p>
   </div>
   <div class='ocr_carea' id='block_1_100' title="bbox 1989 4926 3567 4998">
    <p class='ocr_par' dir='ltr' id='par_1_100' title="bbox 1989 4926 3567 4998">
     <span class='ocr_line' id='line_1_100' title="bbox 1989 4926 3567 4998; baseline -0.004 -16"><span class='ocrx_word' id='word_1_732' title='bbox 1989 4932 2296 4996; x_wconf 81' lang='lat' dir='ltr'><strong>ducebant,</strong></span> <span class='ocrx_word' id='word_1_733' title='bbox 2339 4930 2609 4984; x_wconf 84' lang='lat' dir='ltr'><strong>liberavit.</strong></span> <span class='ocrx_word' id='word_1_734' title='bbox 2648 4928 2737 4983; x_wconf 92' lang='lat' dir='ltr'><strong>llle</strong></span> <span class='ocrx_word' id='word_1_735' title='bbox 2778 4944 2934 4994; x_wconf 90' lang='lat' dir='ltr'><strong>vero,</strong></span> <span class='ocrx_word' id='word_1_736' title='bbox 2963 4937 3184 4998; x_wconf 83' lang='lat' dir='ltr'><strong>reperto</strong></span> <span class='ocrx_word' id='word_1_737' title='bbox 3224 4926 3367 4998; x_wconf 89' lang='lat' dir='ltr'><strong>quod</strong></span> <span class='ocrx_word' id='word_1_738' title='bbox 3420 4940 3567 4979; x_wconf 91' lang='lat' dir='ltr'><strong>mon-</strong></span> 
     </span>
    </p>
   </div>
   <div class='ocr_carea' id='block_1_101' title="bbox 1989 5021 3570 5090">
    <p class='ocr_par' dir='ltr' id='par_1_101' title="bbox 1989 5021 3570 5090">
     <span class='ocr_line' id='line_1_101' title="bbox 1989 5021 3570 5090; baseline -0.006 -10"><span class='ocrx_word' id='word_1_739' title='bbox 1989 5034 2222 5080; x_wconf 80' lang='lat' dir='ltr'><strong>Stratum</strong></span> <span class='ocrx_word' id='word_1_740' title='bbox 2259 5032 2378 5077; x_wconf 90' lang='lat' dir='ltr'><strong>erat</strong></span> <span class='ocrx_word' id='word_1_741' title='bbox 2401 5063 2416 5084; x_wconf 90' lang='lat'><strong>,</strong></span> <span class='ocrx_word' id='word_1_742' title='bbox 2454 5036 2623 5087; x_wconf 86' lang='lat' dir='ltr'><strong>auro,</strong></span> <span class='ocrx_word' id='word_1_743' title='bbox 2666 5029 2827 5089; x_wconf 77' lang='lat' dir='ltr'><strong>atque</strong></span> <span class='ocrx_word' id='word_1_744' title='bbox 2871 5032 2988 5075; x_wconf 88' lang='lat' dir='ltr'><strong>arte</strong></span> <span class='ocrx_word' id='word_1_745' title='bbox 3024 5021 3255 5090; x_wconf 78' lang='lat' dir='ltr'><strong>quadam</strong></span> <span class='ocrx_word' id='word_1_746' title='bbox 3296 5026 3354 5074; x_wconf 92' lang='lat' dir='ltr'><strong>et</strong></span> <span class='ocrx_word' id='word_1_747' title='bbox 3381 5027 3503 5072; x_wconf 89' lang='lat' dir='ltr'><strong>astu</strong></span> <span class='ocrx_word' id='word_1_748' title='bbox 3539 5034 3570 5071; x_wconf 89' lang='lat' dir='ltr'><strong>e</strong></span> 
     </span>
    </p>
   </div>
   <div class='ocr_carea' id='block_1_102' title="bbox 1990 5113 3569 5183">
    <p class='ocr_par' dir='ltr' id='par_1_102' title="bbox 1990 5113 3569 5183">
     <span class='ocr_line' id='line_1_102' title="bbox 1990 5113 3569 5183; baseline -0.005 -15"><span class='ocrx_word' id='word_1_749' title='bbox 1990 5116 2131 5169; x_wconf 87' lang='lat' dir='ltr'><strong>fossa</strong></span> <span class='ocrx_word' id='word_1_750' title='bbox 2164 5114 2416 5180; x_wconf 89' lang='lat' dir='ltr'><strong>deducto,</strong></span> <span class='ocrx_word' id='word_1_751' title='bbox 2450 5113 2635 5167; x_wconf 85' lang='lat' dir='ltr'><strong>Alanis</strong></span> <span class='ocrx_word' id='word_1_752' title='bbox 2657 5114 2951 5183; x_wconf 83' lang='lat' dir='ltr'><strong>persuasit,</strong></span> <span class='ocrx_word' id='word_1_753' title='bbox 2986 5128 3046 5167; x_wconf 90' lang='lat' dir='ltr'><strong>se</strong></span> <span class='ocrx_word' id='word_1_754' title='bbox 3074 5129 3103 5167; x_wconf 88' lang='lat' dir='ltr'><strong>a</strong></span> <span class='ocrx_word' id='word_1_755' title='bbox 3138 5113 3240 5168; x_wconf 88' lang='lat' dir='ltr'><strong>diis</strong></span> <span class='ocrx_word' id='word_1_756' title='bbox 3268 5114 3389 5168; x_wconf 67' lang='lat' dir='ltr'><strong>bare</strong></span> <span class='ocrx_word' id='word_1_757' title='bbox 3405 5118 3569 5178; x_wconf 80' lang='lat' dir='ltr'><strong>atque</strong></span> 
     </span>
    </p>
   </div>
   <div class='ocr_carea' id='block_1_103' title="bbox 304 5201 1858 5284">
    <p class='ocr_par' dir='ltr' id='par_1_103' title="bbox 304 5206 1858 5284">
     <span class='ocr_line' id='line_1_103' title="bbox 304 5206 1858 5284; baseline -0.005 -19"><span class='ocrx_word' id='word_1_758' title='bbox 304 5214 393 5265; x_wconf 77' lang='grc' dir='ltr'><strong>καὶ</strong></span> <span class='ocrx_word' id='word_1_759' title='bbox 413 5213 591 5284; x_wconf 79' lang='grc' dir='ltr'>τέχνῃ</span> <span class='ocrx_word' id='word_1_760' title='bbox 622 5211 731 5263; x_wconf 75' lang='grc' dir='ltr'>τινὶ</span> <span class='ocrx_word' id='word_1_761' title='bbox 761 5209 857 5264; x_wconf 73' lang='grc' dir='ltr'>καὶ</span> <span class='ocrx_word' id='word_1_762' title='bbox 903 5208 1067 5280; x_wconf 80' lang='grc' dir='ltr'>σοφίᾳ</span> <span class='ocrx_word' id='word_1_763' title='bbox 1096 5209 1161 5262; x_wconf 82' lang='grc' dir='ltr'>ὲκ</span> <span class='ocrx_word' id='word_1_764' title='bbox 1203 5207 1297 5261; x_wconf 80' lang='grc' dir='ltr'><strong>τοῦ</strong></span> <span class='ocrx_word' id='word_1_765' title='bbox 1329 5207 1640 5277; x_wconf 79' lang='grc' dir='ltr'>ὀρύγματος</span> <span class='ocrx_word' id='word_1_766' title='bbox 1673 5206 1858 5276; x_wconf 80' lang='grc' dir='ltr'>ἁνιμώ·</span> 
     </span>
    </p>
   </div>
   <div class='ocr_carea' id='block_1_104' title="bbox 1961 5201 3572 5284">
    <p class='ocr_par' dir='ltr' id='par_1_104' title="bbox 1990 5201 3572 5262">
     <span class='ocr_line' id='line_1_104' title="bbox 1990 5201 3572 5262; baseline -0.005 0"><span class='ocrx_word' id='word_1_767' title='bbox 1990 5207 2097 5262; x_wconf 90' lang='lat' dir='ltr'><strong>alia</strong></span> <span class='ocrx_word' id='word_1_768' title='bbox 2128 5208 2381 5262; x_wconf 84' lang='lat' dir='ltr'><strong>edoctum</strong></span> <span class='ocrx_word' id='word_1_769' title='bbox 2422 5206 2583 5261; x_wconf 90' lang='lat' dir='ltr'><strong>scire.</strong></span> <span class='ocrx_word' id='word_1_770' title='bbox 2622 5205 2892 5261; x_wconf 80' lang='lat' dir='ltr'><strong>Paulatim</strong></span> <span class='ocrx_word' id='word_1_771' title='bbox 2925 5215 3103 5260; x_wconf 88' lang='lat' dir='ltr'><strong>autem</strong></span> <span class='ocrx_word' id='word_1_772' title='bbox 3129 5219 3225 5260; x_wconf 89' lang='lat' dir='ltr'><strong>eos</strong></span> <span class='ocrx_word' id='word_1_773' title='bbox 3259 5201 3572 5260; x_wconf 88' lang='lat' dir='ltr'><strong>deliniendo</strong></span> 
     </span>
    </p>
   </div>
   <div class='ocr_carea' id='block_1_105' title="bbox 305 5297 1858 5375">
    <p class='ocr_par' dir='ltr' id='par_1_105' title="bbox 305 5300 1858 5375">
     <span class='ocr_line' id='line_1_105' title="bbox 305 5300 1858 5375; baseline -0.005 -17"><span class='ocrx_word' id='word_1_774' title='bbox 305 5322 489 5375; x_wconf 75' lang='grc' dir='ltr'>μενος,</span> <span class='ocrx_word' id='word_1_775' title='bbox 530 5302 659 5368; x_wconf 79' lang='grc' dir='ltr'>τοὺς</span> <span class='ocrx_word' id='word_1_776' title='bbox 683 5303 727 5335; x_wconf 78' lang='grc'>³⁸</span> <span class='ocrx_word' id='word_1_777' title='bbox 764 5302 1017 5365; x_wconf 80' lang='grc' dir='ltr'>Ἀλανοὺς</span> <span class='ocrx_word' id='word_1_778' title='bbox 1048 5300 1263 5356; x_wconf 78' lang='grc' dir='ltr'>ἔπειθεν</span> <span class='ocrx_word' id='word_1_779' title='bbox 1296 5300 1371 5363; x_wconf 88' lang='grc' dir='ltr'><strong>ώς</strong></span> <span class='ocrx_word' id='word_1_780' title='bbox 1401 5300 1505 5353; x_wconf 78' lang='grc' dir='ltr'>ὑπὸ</span> <span class='ocrx_word' id='word_1_781' title='bbox 1535 5300 1674 5353; x_wconf 87' lang='grc' dir='ltr'>θεῶν</span> <span class='ocrx_word' id='word_1_782' title='bbox 1712 5300 1858 5352; x_wconf 55' lang='grc' dir='ltr'><strong>ταῦτη</strong></span> 
     </span>
    </p>
   </div>
   <div class='ocr_carea' id='block_1_106' title="bbox 1961 5297 3569 5375">
    <p class='ocr_par' dir='ltr' id='par_1_106' title="bbox 1987 5297 3569 5371">
     <span class='ocr_line' id='line_1_106' title="bbox 1987 5297 3569 5371; baseline -0.006 -15"><span class='ocrx_word' id='word_1_783' title='bbox 1987 5302 2061 5356; x_wconf 88' lang='lat' dir='ltr'><strong>ita</strong></span> <span class='ocrx_word' id='word_1_784' title='bbox 2101 5297 2427 5365; x_wconf 86' lang='lat' dir='ltr'><strong>assuefecit,</strong></span> <span class='ocrx_word' id='word_1_785' title='bbox 2474 5310 2533 5353; x_wconf 89' lang='lat' dir='ltr'><strong>ut</strong></span> <span class='ocrx_word' id='word_1_786' title='bbox 2576 5299 2725 5354; x_wconf 90' lang='lat' dir='ltr'><strong>illum</strong></span> <span class='ocrx_word' id='word_1_787' title='bbox 2756 5314 2857 5368; x_wconf 90' lang='lat' dir='ltr'><strong>pro</strong></span> <span class='ocrx_word' id='word_1_788' title='bbox 2902 5314 3028 5371; x_wconf 80' lang='lat' dir='ltr'><strong>rege</strong></span> <span class='ocrx_word' id='word_1_789' title='bbox 3058 5312 3157 5354; x_wconf 87' lang='lat' dir='ltr'><strong>suo</strong></span> <span class='ocrx_word' id='word_1_790' title='bbox 3185 5302 3569 5369; x_wconf 75' lang='lat' dir='ltr'><strong>agnoscerent,</strong></span> 
     </span>
    </p>
   </div>
   <div class='ocr_carea' id='block_1_107' title="bbox 1600 5431 2275 5490">
    <p class='ocr_par' dir='ltr' id='par_1_107' title="bbox 1600 5431 2275 5490">
     <span class='ocr_line' id='line_1_107' title="bbox 1600 5431 2275 5490; baseline -0.001 -2"><span class='ocrx_word' id='word_1_791' title='bbox 1600 5434 1832 5490; x_wconf 80' lang='lat' dir='ltr'><strong>VARle</strong></span> <span class='ocrx_word' id='word_1_792' title='bbox 1870 5431 2275 5490; x_wconf 78' lang='lat' dir='ltr'><strong>LECTIONES.</strong></span> 
     </span>
    </p>
   </div>
   <div class='ocr_carea' id='block_1_108' title="bbox 377 5563 3311 5646">
    <p class='ocr_par' dir='ltr' id='par_1_108' title="bbox 377 5563 3311 5646">
     <span class='ocr_line' id='line_1_108' title="bbox 377 5563 3311 5646; baseline -0.004 -18"><span class='ocrx_word' id='word_1_793' title='bbox 377 5576 419 5607; x_wconf 80' lang='lat'>“</span> <span class='ocrx_word' id='word_1_794' title='bbox 464 5573 898 5645; x_wconf 70' lang='grc' dir='ltr'>παραψύχουσαν</span> <span class='ocrx_word' id='word_1_795' title='bbox 919 5571 985 5627; x_wconf 81' lang='grc' dir='ltr'><strong>Α.</strong></span> <span class='ocrx_word' id='word_1_796' title='bbox 1064 5571 1107 5604; x_wconf 78' lang='grc'><em>³³</em></span> <span class='ocrx_word' id='word_1_797' title='bbox 1134 5569 1358 5641; x_wconf 73' lang='grc' dir='ltr'>καρατ.]</span> <span class='ocrx_word' id='word_1_798' title='bbox 1387 5587 1584 5639; x_wconf 87' lang='grc' dir='ltr'>καρατ.</span> <span class='ocrx_word' id='word_1_799' title='bbox 1612 5569 1779 5646; x_wconf 54' lang='lat' dir='ltr'><strong>afaer</strong></span> <span class='ocrx_word' id='word_1_800' title='bbox 1797 5586 1859 5632; x_wconf 78' lang='grc' dir='ltr'>ς.</span> <span class='ocrx_word' id='word_1_801' title='bbox 1937 5567 1980 5599; x_wconf 84' lang='grc'><strong>¹³</strong></span> <span class='ocrx_word' id='word_1_802' title='bbox 2012 5565 2412 5646; x_wconf 46' lang='grc' dir='ltr'>σχεθεὶέηέρωτι</span> <span class='ocrx_word' id='word_1_803' title='bbox 2436 5582 2503 5646; x_wconf 59' lang='grc' dir='ltr'><strong>ς·ἶ</strong></span> <span class='ocrx_word' id='word_1_804' title='bbox 2558 5564 2623 5646; x_wconf 48' lang='grc'><strong>,⁸⁸</strong></span> <span class='ocrx_word' id='word_1_805' title='bbox 2645 5563 2817 5646; x_wconf 73' lang='grc' dir='ltr'>αὐτὴν</span> <span class='ocrx_word' id='word_1_806' title='bbox 2852 5581 2943 5646; x_wconf 44' lang='grc' dir='ltr'>ς...</span> <span class='ocrx_word' id='word_1_807' title='bbox 2996 5564 3159 5646; x_wconf 51' lang='grc' dir='ltr'>⁸⁸ηέπ’</span> <span class='ocrx_word' id='word_1_808' title='bbox 3187 5563 3311 5646; x_wconf 58' lang='grc' dir='ltr'>αὐτῇ</span> 
     </span>
    </p>
   </div>
   <div class='ocr_carea' id='block_1_109' title="bbox 1167 5632 3573 5712">
    <p class='ocr_par' dir='ltr' id='par_1_109' title="bbox 1167 5632 3573 5712">
     <span class='ocr_line' id='line_1_109' title="bbox 1167 5632 3573 5712; baseline -0.002 -19"><span class='ocrx_word' id='word_1_809' title='bbox 1167 5632 1221 5671; x_wconf 69' lang='grc' dir='ltr'><strong>’θ’</strong></span> <span class='ocrx_word' id='word_1_810' title='bbox 1240 5643 1318 5705; x_wconf 78' lang='grc' dir='ltr'>εἰς</span> <span class='ocrx_word' id='word_1_811' title='bbox 1341 5632 1433 5694; x_wconf 81' lang='grc' dir='ltr'><strong>τὸν</strong></span> <span class='ocrx_word' id='word_1_812' title='bbox 1464 5632 1531 5681; x_wconf 64' lang='grc' dir='ltr'><strong>ἷ-</strong></span> <span class='ocrx_word' id='word_1_813' title='bbox 1566 5632 1851 5712; x_wconf 78' lang='grc' dir='ltr'>περίϐολον</span> <span class='ocrx_word' id='word_1_814' title='bbox 1884 5657 1947 5703; x_wconf 81' lang='grc' dir='ltr'>ς.</span> <span class='ocrx_word' id='word_1_815' title='bbox 2000 5632 2079 5694; x_wconf 55' lang='lat' dir='ltr'><strong>cf:</strong></span> <span class='ocrx_word' id='word_1_816' title='bbox 2110 5656 2163 5708; x_wconf 86' lang='lat' dir='ltr'><strong>p.</strong></span> <span class='ocrx_word' id='word_1_817' title='bbox 2194 5632 2290 5702; x_wconf 68' lang='lat'><strong>79,</strong></span> <span class='ocrx_word' id='word_1_818' title='bbox 2317 5636 2383 5692; x_wconf 77' lang='lat'><strong>59</strong></span> <span class='ocrx_word' id='word_1_819' title='bbox 2413 5654 2427 5690; x_wconf 86' lang='lat'><strong>:</strong></span> <span class='ocrx_word' id='word_1_820' title='bbox 2459 5632 2855 5707; x_wconf 60' lang='grc' dir='ltr'>είσέρχεταέέν</span> <span class='ocrx_word' id='word_1_821' title='bbox 2881 5636 2948 5706; x_wconf 77' lang='grc' dir='ltr'>τῇ</span> <span class='ocrx_word' id='word_1_822' title='bbox 2980 5634 3158 5689; x_wconf 90' lang='grc' dir='ltr'>πόλει.</span> <span class='ocrx_word' id='word_1_823' title='bbox 3241 5635 3279 5667; x_wconf 84' lang='grc'><strong>³⁷</strong></span> <span class='ocrx_word' id='word_1_824' title='bbox 3300 5632 3423 5689; x_wconf 69' lang='grc' dir='ltr'>’καὶ</span> <span class='ocrx_word' id='word_1_825' title='bbox 3441 5632 3573 5689; x_wconf 55' lang='grc' dir='ltr'>σιω.</span> 
     </span>
    </p>
   </div>
   <div class='ocr_carea' id='block_1_110' title="bbox 306 5643 1072 5713">
    <p class='ocr_par' dir='ltr' id='par_1_110' title="bbox 306 5643 1072 5713">
     <span class='ocr_line' id='line_1_110' title="bbox 306 5643 1072 5713; baseline -0.003 -14"><span class='ocrx_word' id='word_1_826' title='bbox 306 5662 403 5700; x_wconf 86' lang='grc' dir='ltr'><strong>σαι</strong></span> <span class='ocrx_word' id='word_1_827' title='bbox 427 5648 471 5698; x_wconf 79' lang='grc' dir='ltr'><strong>Δ</strong></span> <span class='ocrx_word' id='word_1_828' title='bbox 509 5662 523 5698; x_wconf 91' lang='lat'>:</span> <span class='ocrx_word' id='word_1_829' title='bbox 552 5643 973 5713; x_wconf 69' lang='grc' dir='ltr'>’ἀντιπληρώσαι</span> <span class='ocrx_word' id='word_1_830' title='bbox 1013 5660 1072 5706; x_wconf 81' lang='grc' dir='ltr'><strong>ς.</strong></span> 
     </span>
    </p>
   </div>
   <div class='ocr_carea' id='block_1_111' title="bbox 306 5715 1155 5779">
    <p class='ocr_par' dir='ltr' id='par_1_111' title="bbox 306 5715 1155 5779">
     <span class='ocr_line' id='line_1_111' title="bbox 306 5715 1155 5779; baseline -0.007 -8"><span class='ocrx_word' id='word_1_831' title='bbox 306 5721 374 5771; x_wconf 75' lang='grc' dir='ltr'><strong>Α.</strong></span> <span class='ocrx_word' id='word_1_832' title='bbox 454 5715 500 5747; x_wconf 72' lang='grc'><strong>⁸⁸</strong></span> <span class='ocrx_word' id='word_1_833' title='bbox 526 5717 654 5779; x_wconf 77' lang='grc' dir='ltr'><strong>τούς</strong></span> <span class='ocrx_word' id='word_1_834' title='bbox 706 5716 750 5768; x_wconf 78' lang='grc' dir='ltr'>Α</span> <span class='ocrx_word' id='word_1_835' title='bbox 776 5731 791 5768; x_wconf 93' lang='lat'>:</span> <span class='ocrx_word' id='word_1_836' title='bbox 817 5715 911 5767; x_wconf 75' lang='grc' dir='ltr'><strong>καὶ</strong></span> <span class='ocrx_word' id='word_1_837' title='bbox 949 5715 1073 5777; x_wconf 80' lang='grc' dir='ltr'>τοὺς</span> <span class='ocrx_word' id='word_1_838' title='bbox 1096 5730 1155 5777; x_wconf 82' lang='grc' dir='ltr'>ς.</span> 
     </span>
    </p>
   </div>
   <div class='ocr_carea' id='block_1_112' title="bbox 2996 5561 3573 5636">
    <p class='ocr_par' dir='ltr' id='par_1_112' title="bbox 2996 5561 3573 5636">
     <span class='ocr_line' id='line_1_112' title="bbox 2996 5561 3573 5636; baseline 0 0"><span class='ocrx_word' id='word_1_839' title='bbox 2996 5564 3159 5636; x_wconf 25' lang='grc' dir='ltr'><strong>¹³.ίέπ’</strong></span> <span class='ocrx_word' id='word_1_840' title='bbox 3187 5563 3326 5636; x_wconf 61' lang='grc' dir='ltr'>αὐτῇ</span> <span class='ocrx_word' id='word_1_841' title='bbox 3354 5561 3573 5636; x_wconf 65' lang='grc' dir='ltr'>πληρῶ-</span> 
     </span>
    </p>
   </div>
   <div class='ocr_carea' id='block_1_113' title="bbox 1860 5828 2090 5888">
    <p class='ocr_par' dir='ltr' id='par_1_113' title="bbox 1860 5828 2090 5888">
     <span class='ocr_line' id='line_1_113' title="bbox 1860 5828 2090 5888; baseline -0.004 -4"><span class='ocrx_word' id='word_1_842' title='bbox 1860 5828 2090 5888; x_wconf 66' lang='grc' dir='ltr'><strong>ΝΟΤίΕ,</strong></span> 
     </span>
    </p>
   </div>
   <div class='ocr_carea' id='block_1_114' title="bbox 383 5946 1916 6019">
    <p class='ocr_par' dir='ltr' id='par_1_114' title="bbox 383 5946 1916 6019">
     <span class='ocr_line' id='line_1_114' title="bbox 383 5946 1916 6019; baseline -0.004 -14"><span class='ocrx_word' id='word_1_843' title='bbox 383 5949 499 6019; x_wconf 81' lang='lat'><strong>(68)</strong></span> <span class='ocrx_word' id='word_1_844' title='bbox 532 5947 667 6005; x_wconf 85' lang='lat' dir='ltr'><strong>llinc</strong></span> <span class='ocrx_word' id='word_1_845' title='bbox 692 5949 913 6005; x_wconf 83' lang='lat' dir='ltr'><strong>Suidatn</strong></span> <span class='ocrx_word' id='word_1_846' title='bbox 946 5948 1209 6016; x_wconf 75' lang='lat' dir='ltr'><strong>corrigas,</strong></span> <span class='ocrx_word' id='word_1_847' title='bbox 1242 5946 1381 6016; x_wconf 80' lang='lat' dir='ltr'><strong>apud</strong></span> <span class='ocrx_word' id='word_1_848' title='bbox 1403 5961 1559 6016; x_wconf 86' lang='lat' dir='ltr'><strong>quem</strong></span> <span class='ocrx_word' id='word_1_849' title='bbox 1600 5946 1916 6016; x_wconf 76' lang='grc' dir='ltr'>Μεσόπτης,</span> 
     </span>
    </p>
   </div>
   <div class='ocr_carea' id='block_1_115' title="bbox 1956 5939 3085 6011">
    <p class='ocr_par' dir='ltr' id='par_1_115' title="bbox 1956 5939 3085 6011">
     <span class='ocr_line' id='line_1_115' title="bbox 1956 5939 3085 6011; baseline -0.007 -11"><span class='ocrx_word' id='word_1_850' title='bbox 1956 5954 2107 6011; x_wconf 83' lang='lat' dir='ltr'><strong>nato,</strong></span> <span class='ocrx_word' id='word_1_851' title='bbox 2139 5953 2195 6000; x_wconf 91' lang='lat' dir='ltr'><strong>ut</strong></span> <span class='ocrx_word' id='word_1_852' title='bbox 2228 5942 2387 6010; x_wconf 78' lang='lat' dir='ltr'><strong>solet,</strong></span> <span class='ocrx_word' id='word_1_853' title='bbox 2418 5955 2485 5997; x_wconf 77' lang='lat' dir='ltr'><strong>ex</strong></span> <span class='ocrx_word' id='word_1_854' title='bbox 2513 5939 2833 6009; x_wconf 66' lang='lat' dir='ltr'><strong>compendia</strong></span> <span class='ocrx_word' id='word_1_855' title='bbox 2861 5950 3085 5994; x_wconf 60' lang='lat' dir='ltr'><strong>errore.</strong></span> 
     </span>
    </p>
   </div>
  </div>
