4058 6418
547 457 655 521 339

1706 463 1972 524 PHOTII
2011 461 2517 525 PATRIARCII/E
2548 467 2654 526 (ΖΡ.

3714 456 3820 522 340

547 571 860 643 bellumque
893 588 1016 629 cum
1044 573 1224 630 Carmi
1258 576 1502 634 exercitu
1540 581 1768 646 gesserit
1810 595 1873 634 ac
1905 579 2124 643 vicerit;

2264 597 2288 630 ε
2321 581 2413 632 καὶ
2443 581 2511 632 τὰ
2551 582 2685 634 ἄλλα
2719 580 3110 633 ἐκδιδάσκοιτο.
3159 579 3270 634 Καὶ
3305 578 3449 632 κατὰ
3503 575 3700 648 μικρδν
3732 577 3823 630 ἐλ-

547 664 643 716 sed
683 663 801 719 haec
836 664 970 734 {post
1015 678 1340 722 evenerunt.
1376 667 1572 721 Verum
1619 684 1742 735 quo.
1769 677 2010 736 tempore
2064 668 2130 721 ad

551 754 847 822 patibulum
869 756 1158 812 Sormchus
1194 759 1518 824 ducebatur,
1549 761 1739 814 eodem
1766 771 1820 812 et
1843 759 2132 814 Rbodanes

501 917 504 920 t
550 846 619 901 ab
654 848 772 915 ipso
805 848 1008 904 Garmo
1035 859 1297 905 coronato
1325 861 1489 920 atque
1522 851 1772 914 saltante,
1799 852 1865 904 ad
1894 853 2130 918 priorem

553 939 700 994 illam
729 957 946 995 crucem
975 942 1171 996 iterutn
1198 942 1395 998 ductus
1422 952 1528 1008 est,
1566 953 1734 1014 atque
1757 942 1976 997 affixus.
1997 944 2132 997 Dum

554 1042 734 1088 autem
763 1033 836 1086 ibi
865 1033 1100 1088 Garmus
1125 1034 1328 1102 largius
1356 1051 1415 1090 se
1447 1037 1759 1106 ingurgitat,
1799 1044 1854 1090 et
1877 1036 2134 1090 choream

554 1125 700 1179 circa
723 1141 941 1181 crucem
971 1142 1078 1182 una
1115 1143 1236 1183 cum
1281 1127 1516 1183 tibicinis
1558 1128 1874 1183 tnulieribus
1905 1128 2133 1194 ducens,

555 1218 709 1273 lrctus
750 1233 871 1274 sese
926 1220 1199 1286 oblectat,
1245 1222 1438 1276 litterae
1483 1239 1511 1275 a
1547 1223 1683 1277 Saea
1721 1225 1902 1279 missa:
1935 1223 2138 1280 Garmo

555 1313 878 1374 redduntur,
909 1313 974 1366 de
1002 1312 1268 1368 Sinouide
1307 1313 1481 1386 Syrize
1530 1317 1642 1386 regi
1675 1318 1973 1372 etiamnum
2001 1319 2138 1374 ado-

557 1404 783 1460 lescenti
833 1408 1025 1476 nuptui
1085 1409 1229 1460 data.
1273 1405 1391 1473 Quo
1435 1411 1623 1462 nuntio
1675 1410 1964 1466 Rhodanes
2009 1427 2140 1480 pen-

559 1497 692 1550 dens
719 1496 1054 1551 exhilaratus
1079 1506 1164 1550 est
1193 1513 1207 1549 :
1235 1507 1292 1551 at
1317 1496 1550 1551 Garmus
1575 1499 1639 1551 ad
1665 1499 2005 1554 inferendum
2037 1501 2138 1555 sibi

560 1605 748 1645 necem
782 1591 974 1646 ruebat
1006 1591 1307 1646 :sustinuit
1336 1601 1539 1658 tamen,
1573 1610 1636 1648 ac
1669 1610 1792 1649 mox
1824 1595 2141 1651 Rhodauem

563 1683 788 1738 invitum
825 1701 853 1738 a
903 1699 1084 1750 cruce,
1119 1684 1171 1740 in
1216 1701 1324 1755 qua
1353 1688 1490 1741 mori
1545 1688 1858 1753 maluisset,
1913 1689 2140 1744 liberum

562 1775 817 1841 dimisit,
878 1777 1309 1849 militaribusque
1346 1793 1598 1835 ornatum
1639 1781 1940 1850 insignibus
1967 1819 1984 1844 ,
2027 1781 2145 1850 ejus

560 1864 688 1921 belli
718 1867 860 1937 quod
887 1871 1148 1925 adversus
1173 1870 1344 1943 Syria
1392 1885 1570 1942 regem
1603 1873 1872 1937 movebat,
1913 1874 2146 1942 impera-

2237 672 2412 735 κύσας
2446 673 2650 726 εἴθισεν
2678 675 2719 704 ¹⁹
2755 671 2895 725 ὥστε
2941 671 3090 740 σφῶν
3141 671 3390 742 ἡγεῖσθαι
3424 668 3676 740 βασιλέα,
3729 667 3825 721 καὶ

2239 769 2469 836 πολεμεί
2510 766 2739 834 στρατὸν
2761 766 2805 797 ⁸ο
2839 765 3084 834 Γάρμου,
3135 765 3228 818 καὶ
3257 765 3414 835 νικᾷ,
3449 762 3564 815 ἀλλ’
3598 762 3826 830 ὕστερον

2239 859 2440 912 ταῦτα·
2473 858 2560 910 ὂτε
2594 857 2649 909 δὲ
2685 857 2942 928 Σόραιχος
2985 855 3076 907 ἐπὶ
3109 854 3200 907 τὸν
3237 852 3472 923 σταυρὸν
3507 850 3826 918 ἐπέμπετο,

2239 953 2362 1004 τότε
2396 951 2489 1004 καὶ
2529 949 2788 1019 Ῥοδάνης
2810 950 2901 1001 ὑπ’
2929 945 3093 1000 αὑτοῦ
3125 947 3346 1016 Γάρμου
3375 942 3826 1011 ἐστεφανωμένου

2242 1045 2338 1096 καὶ
2385 1041 2703 1113 χορεύοντος
2758 1039 2852 1092 ἐπὶ
2905 1039 2997 1092 τὸν
3050 1038 3312 1108 πρότερον
3370 1034 3604 1105 σταυρὸν
3669 1033 3828 1085 πάλιν

2243 1138 2408 1208 ἤγετο
2441 1137 2537 1189 καὶ
2581 1132 2982 1203 ἀνεσταυροῦτο
3002 1171 3018 1196 ,
3068 1130 3164 1183 καὶ
3195 1131 3414 1202 Γὰρμος
3463 1128 3679 1199 μεθύων
3710 1126 3828 1194 ἅμα

2244 1230 2340 1281 καὶ
2367 1228 2606 1300 χορεύων
2645 1227 2775 1298 περὶ
2801 1225 2892 1279 τὸν
2933 1222 3166 1290 σταυρὸν
3209 1223 3305 1275 σὺν
3339 1225 3459 1283 ταῖς
3507 1217 3826 1288 αὐλητρίσιν

2245 1319 2431 1389 ἔχαιρέ
2472 1335 2534 1370 τε
2581 1319 2676 1370 καὶ
2720 1315 3064 1384 εὐφραίνετο.
3119 1310 3208 1365 Ἐν
3240 1304 3284 1378 ᾧ
3318 1311 3375 1363 δὲ
3405 1307 3584 1362 ταῦτα
3617 1306 3825 1376 ἐπράτ-

2245 1428 2401 1476 τετο,
2453 1410 2634 1470 Σάκας
2672 1407 2809 1478 πρὸς
2839 1406 3053 1476 Γάρμον
3103 1403 3339 1474 γράμμα
3360 1402 3427 1466 ’⁸,
3465 1399 3701 1469 πέμπει,
3753 1398 3828 1458 ὡς

2248 1501 2472 1562 Σινωνὶς
2496 1499 2574 1570 τῷ
2599 1499 2786 1569 Σύρων
2811 1497 3040 1566 βασιλεῖ,
3071 1493 3342 1566 μειρακίῳ
3364 1492 3498 1557 om,
3531 1491 3791 1558 γαμεῖται
3811 1504 3826 1516 ⁸

2249 1594 2342 1646 καὶ
2387 1591 2642 1661 Ῥοδάνης
2690 1588 2894 1642 ἄνωθεν
2947 1587 3160 1656 ἔχαιρε,
3209 1583 3428 1654 Γάρμος
3479 1582 3604 1635 δὲη
3636 1579 3829 1633 ἑαυτὸν

2250 1683 2460 1739 ἀνελεῖν
2516 1683 2797 1750 ὥρμησεν.
2843 1677 3120 1747 Ἐπισχὼν
3179 1677 3235 1730 δὲ
3283 1676 3513 1742 κατάγει
3570 1672 3830 1739 Ῥοδάνην

2251 1778 2452 1832 ἄκοντα
2489 1774 2581 1828 τοῦ
2614 1772 2848 1842 σταυροῦ
2883 1770 3098 1841 (θανεῖν
3127 1769 3234 1838 γὰρ
3270 1766 3469 1838 μᾶλλον
3492 1762 3710 1835 ᾑρεῖτο)
3738 1762 3832 1814 καί

2253 1874 2449 1941 κοσμεῖ
2497 1866 2911 1938 στρατηγικῶς,
2959 1866 3052 1918 καὶ
3081 1864 3289 1931 πέμπει
3321 1860 3413 1914 τοῦ
3465 1859 3739 1927 πολέμου,
3773 1855 3833 1907 ὃν

563 1950 733 2009 toi-em
767 1967 942 2023 creat,
977 1969 1231 2030 tanquam
1281 1974 1552 2017 amantem
1587 1964 1848 2019 adversus
1895 1964 2140 2018 rivalem.

2261 1939 2388 2033 πρὸς
2433 1963 2524 2014 τὸν
2571 1961 2679 2013 τῶν
2723 1959 2910 2026 Σύρων
2949 1956 3188 2009 ἀνεκίνει
3226 1951 3485 2022 βασιλέα,
3525 1945 3834 2020 στρατηγὸν

563 2047 658 2101 Sic
719 2048 937 2116 blande,
995 2055 1089 2108 sed
1135 2054 1406 2120 simulate,
1429 2067 1684 2126 acceptus
1720 2071 1749 2110 a
1783 2055 1985 2111 Garmo
2040 2067 2145 2114 est.

561 2137 698 2192 Nam
740 2143 952 2198 caeteris
1001 2143 1093 2199 ille
1147 2144 1497 2200 inferioribus
1539 2148 1764 2202 ducibus
1794 2161 1890 2215 per
1938 2147 2148 2202 litteras

562 2228 701 2285 clam
743 2232 1049 2302 imperavit,
1093 2237 1139 2292 si
1182 2238 1320 2292 forte
1368 2239 1594 2292 victoria
1641 2239 1820 2310 potiti,
1879 2239 2148 2294 Sinonida

562 2321 742 2376 vivam
780 2326 1076 2394 cepissent,
1120 2326 1436 2383 Rbodanem
1468 2338 1526 2382 ut
1571 2329 1961 2384 interﬁcerent.
2016 2328 2152 2383 Vicit

565 2427 695 2468 vero
755 2414 1068 2483 nliodanes,
1102 2427 1157 2474 et
1187 2434 1342 2475 suam
1389 2418 1649 2474 Sinonida
1694 2421 2054 2490 recuperavit,
2087 2435 2152 2475 ac

565 2506 881 2579 Babyloniis
907 2509 1214 2578 imperavit.
1253 2510 1406 2578 Quod
1436 2521 1492 2565 et
1523 2511 1830 2566 hirundinis
1866 2516 2150 2581 augurium

566 2608 726 2654 antea
758 2600 1125 2658 denuntiarat.
1166 2603 1285 2674 Ipso
1313 2604 1456 2660 enim
1484 2613 1753 2674 praesente
1779 2602 1998 2664 Garmo,
2029 2617 2150 2657 cum

567 2687 616 2742 is
647 2688 787 2761 73b
833 2689 1152 2762 Rhodanem
1190 2694 1458 2762 mitteret,
1509 2705 1563 2749 et
1596 2695 1775 2764 aquila
1826 2696 1967 2749 hanc
2010 2694 2156 2749 inse-

568 2791 767 2849 ctatur,
809 2793 866 2838 et
909 2784 1124 2850 milvus,
1157 2795 1213 2840 at
1260 2787 1388 2841 licet
1427 2788 1609 2857 aquila
1637 2803 1846 2858 ungues
1886 2786 1974 2840 illa
2019 2786 2155 2840 εσυ-

568 2875 732 2942 gerit,
779 2890 809 2928 a
851 2875 1014 2932 milvo
1059 2885 1241 2932 tamen
1302 2891 1456 2949 rapta
1486 2891 1590 2937 est.
1642 2881 1822 2952 Atque
1865 2880 1954 2935 hic
1997 2879 2150 2934 sede-

570 2968 678 3020 cim
713 2967 825 3040 (69)
859 2968 1123 3025 librorum
1158 2970 1283 3026 ﬁnis
1313 2982 1416 3027 est.

1276 3061 1448 3118 XCV.
2093 3106 2099 3111 .

569 3148 801 3206 Joannis
852 3150 1233 3224 Scythopolin
1257 3154 1460 3210 Contra
1490 3155 1857 3227 Eutychianos
1895 3157 2016 3210 libri
2057 3172 2156 3212 nl.

645 3309 841 3364 Lectus
887 3320 971 3365 est
1003 3311 1166 3367 Joan.
1198 3312 1570 3384 Scythopolita
1603 3315 1716 3382 (70)
1775 3315 2156 3384 scholasticus,
2187 3285 2231 3344 ο

573 3403 835 3460 Adversus
873 3405 1123 3459 Ecclesia:
1151 3405 1464 3470 desertores,
1484 3407 1618 3474 sive,
1643 3405 1841 3462 Contra
1869 3408 2157 3480 Eutychen,

575 3505 625 3549 et
694 3496 1043 3562 Dioscorum,
1101 3497 1446 3567 ejusdemque
1483 3509 1640 3554 secta:
1680 3501 1932 3567 asseclus,
1965 3504 2053 3571 qui
2107 3503 2159 3557 in

579 3591 792 3643 duabus
841 3590 1051 3644 naturis
1110 3592 1408 3659 praedicare
1455 3593 1738 3647 Christum
1793 3594 2158 3652 recusabant.

581 3678 894 3749 Rogaverat
923 3697 1057 3750 opus
1101 3682 1203 3735 hoc
1228 3683 1497 3737 conscribi
1552 3685 1861 3753 patriarcha
1915 3686 2161 3756 quidam,

579 3770 666 3824 eui
715 3768 931 3824 Juliano
972 3787 1163 3826 nomen
1198 3772 1311 3841 (7i)
1346 3790 1359 3827 :
1391 3775 1534 3842 quod
1578 3787 1632 3827 et
1675 3774 1830 3829 libris
1877 3775 2162 3830 duodecim

581 3862 886 3918 absolutum
922 3874 1024 3917 est.
1053 3862 1351 3934 Scriptoris
1376 3874 1557 3918 autem
1593 3865 1769 3920 oratio
1791 3865 1936 3919 clara
1969 3876 2055 3921 est
2101 3882 2166 3921 ac

579 3971 738 4025 pura,
768 3957 1056 4026 verbisque
1077 3956 1247 4010 utitur
1268 3956 1525 4011 historico
1551 3957 1688 4028 stylo
1721 3959 2164 4014 accommodatis.

579 4047 782 4102 Contra
808 4048 1054 4102 haeresim
1107 4057 1364 4118 praeterea
1415 4064 1593 4119 neque
1641 4050 1895 4121 languide
1944 4063 2167 4122 pugnat,

584 4155 761 4209 neque
788 4155 959 4195 saeue
989 4139 1285 4210 Scriptura:
1317 4140 1914 4196 abutiturtestimoniis
1947 4163 1961 4198 :
1994 4160 2059 4196 ac
2105 4161 2173 4200 ne

581 4233 786 4300 logicas
801 4232 1041 4302 quidem,
1056 4233 1143 4288 ubi
1168 4233 1272 4288 illae
1283 4233 1348 4285 ad
1369 4249 1479 4288 rem
1497 4234 1664 4303 ipsam
1688 4235 1978 4303 pertinent,
1997 4237 2175 4308 dispu-

588 4327 822 4382 taliones
854 4326 1240 4397 przetermittit.
1273 4325 1394 4395 Ipse
1419 4340 1548 4381 vero
1580 4336 1770 4380 auctor
1807 4329 1967 4398 hujus
1996 4341 2174 4386 secta-

586 4419 791 4473 riorum
813 4418 1025 4487 scripti,
1053 4421 1105 4473 in
1132 4433 1289 4488 quem
1317 4417 1694 4490 Scythopolita
1727 4419 1939 4485 scribit,
1979 4439 2172 4479 nomen

586 4528 742 4566 suum
770 4513 920 4581 tegit,
937 4513 1091 4568 titulo
1108 4513 1370 4568 duntaxat
1391 4512 1490 4565 hoc
1506 4511 1658 4578 Operi
1678 4512 1872 4566 callide
1893 4513 2008 4586 (72)
2041 4532 2174 4585 pra:-

2247 2057 2323 2118 ὡς
2371 2051 2607 2125 ἐραστὴν
2653 2049 2796 2103 κατὰ
2825 2048 2919 2100 τοῦ
2963 2043 3316 2116 ἀντεραστοῦ,
3358 2044 3452 2095 καὶ
3487 2039 3833 2108 φιλοφρονεῖ-

2247 2167 2338 2202 ται
2389 2145 2668 2205 ὑπούλως,
2705 2143 2800 2196 καὶ
2847 2142 3082 2211 γράμμα
3113 2136 3342 2209 κρύφιον
3365 2135 3409 2164 ³³
3461 2132 3664 2203 γράφει
3721 2131 3837 2193 τοῖς

2249 2239 2712 2308 ὑποστρατήγοις,
2731 2236 2779 2287 εί
2796 2234 2921 2303 νίκη
2936 2233 3164 2300 γένηται
3181 2229 3274 2282 καὶ
3289 2225 3568 2297 συλληφθῇ
3587 2221 3837 2283 Σινωνὶς,

2250 2329 2606 2401 ἀναιρεθῆναι
2648 2326 2928 2395 Ῥοδάνην’
2967 2323 3227 2388 Ῥοδάνης
3251 2320 3309 2372 δέ
3339 2318 3432 2370 καὶ
3460 2317 3586 2386 νικᾷ
3612 2313 3704 2366 καὶ
3737 2313 3842 2380 τὴν

2251 2422 2512 2478 Σινωνίδα
2539 2417 2938 2486 ἀπολαμϐάνει,
2965 2415 3057 2467 καὶ
3091 2411 3362 2482 βασιλεύει
3385 2404 3743 2460 Βαϐυλωνίων
3770 2402 3840 2455 ’⁸.

2253 2518 2362 2571 Καὶ
2377 2513 2532 2568 τοῦτο
2563 2509 2786 2582 χελιδὼν
2809 2504 3115 2579 προμηνύει
3135 2522 3149 2536 ο
3177 2501 3379 2571 ταύτην
3407 2499 3537 2568 γὰρ,
3568 2497 3656 2550 ὅτε
3687 2511 3841 2566 παρ-

2249 2611 2316 2679 ῆν
2356 2609 2576 2677 Γάρμος
2603 2605 2698 2658 καὶ
2741 2599 3124 2668 συνεξέπεμπε
3151 2595 3440 2662 Ῥοδάνην,
3465 2590 3620 2649 ἀετὸς
3642 2587 3846 2642 ἐδίωκε

2255 2703 2350 2756 καὶ
2383 2703 2580 2762 ἰκτῖνος
2601 2716 2615 2729 ·
2646 2697 2785 2750 ἀλλά
2813 2696 2906 2748 τὸν
2931 2693 3030 2762 μὲν
3055 2690 3213 2745 ἀετὸν
3244 2687 3526 2756 ἐξέφυγεν,
3553 2684 3582 2735 ὁ
3612 2681 3671 2735 δὲ
3707 2681 3850 2733 ίκτί-

2254 2809 2344 2856 νος
2374 2792 2576 2861 ταύτην
2605 2789 2876 2860 ἥρπασεν.
2921 2786 3010 2839 Ἐν
3047 2777 3127 2847 οἷς
3158 2782 3187 2835 ό
3217 2781 3263 2812 ’⁸
3300 2786 3375 2844 ις’
3406 2777 3564 2845 λόγος
3581 2775 3651 2829 ³⁸.

2937 3055 3053 3123 ιε’.

2270 3160 2543 3216 Ἰωάννου
2569 3156 2615 3207 Σ
2619 3153 3020 3207 κυθοπολίτου
3037 3146 3450 3228 σχρ,2αστικοῦ
3479 3142 3627 3198 κατὰ
3656 3141 3856 3195 Εὐτυ-

2873 3237 3220 3292 χιανιστων.

2348 3319 2688 3390 Ἀνεγνώσθη
2730 3315 2976 3371 Ἰωάννου
3038 3309 3436 3365 Σκυθοπολίτου
3488 3305 3860 3377 σχολαστικοῦ

2264 3418 2426 3475 Κατὰ
2452 3414 2568 3470 τῶν
2585 3409 2983 3480 ἀποσχιστῶν
2999 3407 3109 3474 τῆς
3138 3405 3522 3468 Ἐκκλησίας,
3541 3402 3661 3472 ἤτοι
3684 3397 3863 3456 Κατὰ

2262 3509 2580 3579 Εὑτυχοῦς
2610 3505 2708 3559 καὶ
2743 3502 3072 3568 Δίου-κόρου
3107 3498 3208 3551 καὶ
3253 3495 3375 3548 τῶν
3400 3496 3470 3549 τὰ
3505 3493 3680 3563 ὅμοια
3710 3509 3867 3560 φρο-

2263 3603 2536 3657 νούντων
2566 3597 2662 3650 καὶ
2693 3591 3030 3648 ἁθετούντων
3061 3589 3119 3640 ἐν
3144 3585 3238 3641 δύο
3269 3585 3464 3654 φύσεσι
3496 3583 3585 3635 τὸν
3613 3579 3866 3650 Χριστὸν

2267 3693 2591 3765 κηρύσσειν.
2645 3688 2814 3752 Ἀξιοῖ
2837 3686 2893 3738 δὲ
2921 3685 3021 3754 τὴν
3072 3681 3399 3749 συγγραφὴν
3451 3672 3747 3745 ἀρχιερεύς
3776 3689 3869 3734 τις

2266 3786 2438 3855 ὄνομα
2481 3781 2764 3842 Ἰουλιανὸς
2814 3774 3240 3846 συνταγῆναιίτ·
3269 3772 3329 3823 ὲν
3361 3769 3548 3839 τόμοις
3576 3765 3632 3819 δὲ
3673 3767 3870 3836 ἁπαρο

2268 3879 2476 3940 τίζεται
2505 3873 2846 3928 δυοκαίδεκα.
2877 3870 3037 3922 Ἔστι
3066 3867 3121 3920 δὲ
3144 3865 3233 3918 τὸν
3261 3863 3418 3931 λόγον
3449 3862 3476 3914 ὁ
3499 3856 3873 3929 συγγραφεὺς

2272 3971 2449 4041 σαφής
2483 3985 2541 4021 τε
2580 3967 2674 4020 καὶ
2701 3963 2961 4035 καθαρὸς,
2990 3962 3084 4014 καὶ
3111 3957 3288 4023 λέξεσι
3316 3957 3459 4026 λόγῳ
3488 3949 3873 4019 συγγραφικῷ

2272 4062 2614 4134 πρεπούσαις
2660 4057 2977 4129 χρώμενος,
3011 4054 3105 4106 καὶ⁸
3135 4050 3274 4105 κατὰ
3308 4047 3408 4117 τῆς
3445 4047 3714 4115 αἱρέσεως
3762 4043 3876 4094 οὐκ

2273 4153 2514 4213 ἀσθενῶς
2559 4147 3065 4215 ἐπαγωνιζόμενος,
3109 4142 3203 4194 καὶ
3233 4142 3353 4202 ταῖς
3387 4135 3688 4208 γραφικαῖς
3722 4135 3876 4185 cino-

2274 4243 2556 4315 χρώμενος
2609 4238 2938 4310 μαρτυρίαις
2986 4235 3126 4304 μετὰ
3157 4231 3251 4285 τοῦ
3287 4230 3423 4300 μηδὲ
3463 4227 3560 4288 τὰς
3606 4224 3875 4292 λογικὰς,

2276 4338 2288 4410 |
2319 4337 2420 4390 158
2454 4332 2560 4404 H.]
2599 4332 2722 4385 ὅσαι
2769 4329 3006 4382 τείνουσι
3058 4325 3196 4396 πρὸς
3227 4323 3326 4391 τὴν
3364 4319 3651 4414 ὑπόθεσιν,
3679 4331 3882 4384 παρα·

2274 4428 2491 4500 τρέχειν
2523 4423 2764 4491 ἐφόδους.
2815 4420 2873 4471 Ὀ
2901 4417 2957 4470 δέ
2987 4432 3051 4484 γε
3079 4412 3172 4466 τοῦ
3202 4412 3310 4464 τῶν
3343 4410 3880 4500 άποσχιστῶνλσυγ-

2276 4496 2606 4591 γράμματος
2627 4515 2672 4547 ³⁸
2723 4513 2928 4582 πατὴρ,
2989 4510 3111 4562 καθ’
3145 4500 3204 4559 οὗ
3234 4505 3329 4558 καὶ
3383 4504 3412 4555 ὁ
3454 4496 3884 4591 Σκυθοπολίτης

589 4603 750 4658 lixa:
795 4604 1058 4659 Adversus
1105 4603 1436 4666 Nestorium,
1486 4611 1544 4655 ut
1579 4602 1693 4670 ipsa
1745 4603 2000 4659 nimirum
2051 4607 2154 4661 libr

2279 4589 2434 4674 οὗτος
2458 4610 2557 4678 τὴν
2587 4606 2808 4676 γραφὴν
2840 4602 3198 4670 ἐνεστήσατο,
3228 4596 3288 4648 τὸ
3317 4595 3515 4647 οἰκεῖον
3543 4589 3888 4660 ἀπέκρυψεν

589 4695 942 4766 inscriptione
961 4694 1318 4765 simpliciores
1335 4693 1518 4747 furtim
1552 4694 1618 4747 ad
1636 4693 1916 4764 legendum
1947 4697 2168 4754 alliciat.

589 4787 845 4844 Fortasse
861 4788 1092 4845 Basilius
1112 4788 1251 4844 Cilix
1271 4798 1580 4849 estauctor,
1603 4789 1693 4854 qui
1715 4801 1837 4857 post
1853 4794 2017 4846 etiam
2041 4795 2166 4847 dra-

592 4883 876 4948 uiaticum,
906 4893 960 4938 et
992 4885 1213 4954 dignum
1249 4897 1345 4939 sua
1381 4881 1638 4952 religione
1667 4883 1944 4952 Dialogum
1979 4895 2170 4954 contra

591 4973 855 5032 Joannem
889 4974 1214 5049 composuit.

2278 4705 2478 4773 ὄνομα,
2505 4700 2820 4770 ἐπιγραφὴν
2853 4693 3163 4764 κακοῦργον
3210 4687 3422 4748 ἐπιθεὶς
3460 4683 3538 4753 τῷ
3569 4681 3886 4773 γράμματι

2280 4772 2441 4850 Κατὰ
2482 4794 2836 4858 Νεστορίου,
2869 4787 2958 4839 ἵνα
3019 4786 3084 4853 τῇ
3146 4779 3428 4850 ἐπιγραφῇ
3453 4773 3546 4827 τοῦ
3577 4772 3892 4843 συγγράμ-

2283 4903 2451 4959 ματος
2473 4885 2727 4938 κλέπτειν
2751 4881 2862 4952 ἐχοι
2890 4879 3018 4941 τοὺς
3044 4871 3453 4942 ἁπλουστέρους
3469 4869 3550 4931 είς
3573 4866 3888 4959 άκῌρόασιν.

2283 4955 2446 5042 ίΊσως
2501 4977 2556 5030 δὲ
2607 4973 2888 5035 Βασίλειός
2947 4973 3095 5023 ἐστιν
3138 4966 3168 5019 ό
3204 4963 3386 5026 Κίλιξ,
3425 4962 3454 5015 ὁ
3487 4959 3583 5012 καὶ
3637 4955 3898 5028 ὕστερον

2278 5068 2616 5141 δραματικὸν
2645 5066 2741 5120 καὶ
2780 5065 2880 5134 τῆς
2919 5060 3085 5116 αὑτοῦ
3116 5054 3416 5130 θρησκείας
3464 5049 3697 5118 ἐπάξιον
3733 5051 3896 5104 κατὰ

2279 5163 2374 5216 τοῦ
2413 5163 2660 5217 Ἰωάννου
2687 5159 2946 5226 Διάλογον
2981 5152 3331 5223 συμπλάσας.

1919 5243 2155 5306 VARle
2189 5253 2480 5311 LECTIUN
2490 5255 2588 5309 ES.

670 5338 715 5370 "
740 5334 928 5402 ἐθίσας
957 5338 1207 5393 εἵλκυσεν
1243 5339 1309 5392 Α.
1409 5335 1464 5367 ’⁸
1487 5331 1703 5404 στρατῷ
1756 5351 1818 5398 ς’.

1925 5342 1967 5372 ²¹
1993 5349 2299 5417 γράμματα
2330 5350 2395 5403 Α.

2493 5348 2539 5380 ³⁸
2554 5348 2609 5401 δὲ
2634 5363 2744 5400 om.
2770 5347 2834 5400 A.
2913 5343 2960 5375 ’³
2988 5339 3160 5413 κρυφὶ
3345 5333 3393 5367 ’⁸⁵
3419 5327 3792 5413 Βαβυλωνίαν
3828 5346 3901 5394 ς.

595 5411 640 5442 η
663 5411 690 5461 ὁ
716 5411 796 5482 Α,ζ
824 5399 992 5474 καίς..
1033 5411 1083 5482 ac
1117 5421 1233 5482 post
1257 5410 1416 5477 λόγος
1439 5409 1491 5460 ill
1597 5399 1782 5458 lac-una
1815 5419 1898 5464 εει
1920 5399 2152 5471 νθὲδδιιιῖιι

2261 5399 2485 5474 ludebam
2512 5399 2574 5472 (δι’
2590 5399 2876 5480 columnae,
2909 5399 3070 5482 quam
3108 5399 3589 5472 dicitnus,~totius.
3667 5399 3715 5430 ¹⁷
3755 5417 3906 5468 συγ-

2139 5551 2373 5610 NOTAE.
2417 5569 2432 5583 ·

595 5481 873 5552 γραφῆναι
895 5497 954 5546 ς.
1029 5481 1075 5511 ’⁸
1103 5481 1448 5553 γράμματος.

670 5645 788 5716 (69)
849 5644 1071 5711 Suidas,
1115 5645 1178 5700 λθ
1213 5647 1656 5718 Babylonicorum
1683 5689 1698 5716 ,
1735 5649 1896 5718 hujus
1938 5650 2179 5703 auctoris

599 5715 770 5771 libros
794 5726 1064 5772 numerat.

673 5785 787 5856 (70)
815 5785 955 5841 Idem
985 5788 1072 5842 ille
1096 5789 1186 5844 hic
1220 5789 1453 5853 videtur,
1487 5807 1646 5857 quem
1673 5791 2023 5845 Antiochenae
2052 5807 2176 5855 par-

602 5859 756 5931 tecia-
804 5872 866 5910 ex
926 5857 1299 5931 Grammatice
1349 5862 1726 5931 presbyterum
1765 5863 2006 5915 nominat
2038 5861 2181 5922 Mar--

603 5927 851 5987 cellinus.
891 5939 946 5984 et
975 5928 1224 5986 Gennad.
1259 5932 1331 5986 De
1351 5927 1546 6001 script.
1575 5932 1760 5988 coclea.
1792 5949 1914 6002 cap.
1940 5931 2032 5988 93.

2355 5648 2467 5718 (7i)
2518 5647 3117 5718 Autiocbenum,putq.
3158 5639 3310 5718 illum
3328 5637 3663 5718 vulg-“quem
3711 5633 3912 5718 impio

2283 5705 2494 5791 Ifullutii
2524 5719 2736 5791 _(_Petr_n,
2772 5705 3020 5791 inquatit,
3062 5707 3345 5791 Gnaphgo)
3379 5705 3911 5791 stltii‘ectutttmtratlit

2285 5789 2499 5859 Onupb.
2522 5775 2755 5859 Panviti.
2771 5787 2821 5839 iu
2844 5775 3026 5838 Fastis
3049 5788 3116 5837 ad
3140 5775 3228 5835 an.
3255 5775 3388 5836 Chr.
3409 5776 3540 5841 460,
3560 5791 3627 5830 ex
3666 5775 3911 5836 Themi.

2285 5857 2436 5914 Lect.
2467 5859 2561 5911 lih.
2599 5874 2610 5910 l
2645 5857 2871 5911 Collect.

2358 5930 2473 6002 (72)
2503 5929 2670 6000 Cujus
2691 5936 3010 6002 excerptum
3048 5939 3173 5980 mox
3205 5921 3348 5994 leges
3377 5918 3500 5975 cod.
3529 5915 3647 5972 107.
