4092 6404
251 398 349 465 341
1254 399 1858 461 BIBLIOTllECA.—-
1885 397 2103 458 CODD.
2140 397 2304 470 XCV,
2338 396 2531 456 XCVI.
3424 390 3528 453 342

1060 517 1092 572 ’.
1873 526 1917 572 Λ
2638 507 2820 565 XCVI.

248 615 549 684 Γεωργίου
569 614 908 684 ἐπισκόπου
947 521 1395 680 ’ξῖεξιινδρεὶας
1428 613 1532 678 Εἰς
1556 612 1666 666 τὸν
1696 610 1841 674 ,βίον

2638 521 2820 565 λυνι.

1916 570 2202 677 }Georgius
2248 606 2411 675 episc.
2461 603 2876 684 Alexandrinas,
2911 601 2988 655 De
3037 601 3145 655 vita
3194 599 3258 652 Β.
3300 595 3532 668 Chryso-

742 683 849 738 τοῦ
890 670 1346 753 Χρυσοο-τόρου.
1381 670 1395 679 ’
1510 670 1524 678 ’
1697 670 1711 674 ⁷
2085 670 2106 677 ’
2279 670 2289 675 ”

1218 670 1346 752 ἇου·
1381 670 1395 679 ’
1510 670 1524 678 ’
1697 670 1711 674 ν
2085 670 2106 677 ⁷
2279 670 2289 675 ”
2658 670 2834 730 domi.

319 777 452 849 [9.52
477 776 569 848 8.]
598 776 944 847 Ἀνεγνώσθη
971 775 1193 847 βιϐλίον,
1220 775 1300 830 Τὰ
1321 776 1455 844 περὶ
1481 775 1590 829 τὸν
1610 774 1843 844 Χρυσό-

2016 773 2217 828 Lectus
2270 772 2408 826 liber
2449 770 2669 839 Georgii
2713 771 2886 839 episc.
2920 763 3261 819 Alexandria:
3298 763 3404 817 hac
3442 762 3528 816 in-

249 883 484 937 στομον
503 867 846 939 ἐπιγραφὴν
863 866 1009 938 ἔχον,
1028 866 1305 938 Γεωργίου
1329 867 1633 921 ἐπισκόπου
1669 866 1846 932 Ἀλεξ-

1947 868 2246 937 scriptione
2279 883 2296 922 :
2349 864 2451 919 Res
2485 862 2551 917 Β.
2591 860 2952 932 Chrysostomi
2984 858 3118 930 (75).
3142 855 3247 923 Qui
3279 870 3409 911 vero
3440 853 3532 909 hic

248 958 539 1029 ανδρείας’
590 961 746 1023 ὅστις
782 960 829 1012 δ’
858 958 1008 1012 ἐστὶν
1043 953 1221 1023 οὗτος,
1283 961 1383 1013 οὐκ
1432 959 1541 1030 ἔχω
1580 960 1749 1030 σαφές
1790 977 1845 1014 τι

1949 959 2212 1030 Georgius
2258 958 2328 1014 sit
2353 956 2487 1029 (74),
2526 971 2632 1011 non
2664 956 2838 1009 habeo
2864 962 3012 1008 certo
3040 950 3326 1004 aﬂirmare.
3356 946 3532 1002 Dictio

250 1051 633 1122 παραστῆσαι.
665 1052 823 1105 Ἐστι
852 1051 1038 1123 μέντοι
1057 1050 1155 1122 τὴν
1189 1051 1389 1122 φράσιν
1417 1051 1619 1115 ἁπλοῦς
1642 1051 1737 1105 καὶ
1765 1054 1846 1114 εἰς

1949 1059 2100 1108 certo
2144 1050 2375 1120 simplex
2409 1049 2461 1104 in
2505 1047 2763 1121 humilem
2795 1044 3085 1101 admodum
3135 1040 3335 1113 stylem
3378 1038 3531 1093 dela-

250 1144 460 1215 πολλὴν
495 1145 823 1216 χυδαιότητα
871 1145 1364 1215 κατενηνεγμένος,
1403 1145 1561 1215 μηδὲ,
1590 1145 1749 1198 τοῦτο
1781 1145 1844 1217 δὴ

1948 1144 2147 1200 bitur:
2205 1157 2383 1213 neque
2413 1141 2632 1209 saltem,
2683 1140 2827 1211 quod
2885 1138 2969 1192 vel
3017 1133 3419 1192 litteratoribus
3477 1133 3531 1188 in

248 1238 308 1289 τὸ
358 1238 519 1308 παρὰ
553 1240 667 1300 τοῖς
709 1241 1124 1309 γραμματικοῖς
1167 1238 1311 1291 κατὰ
1345 1240 1535 1309 χεῖρας
1556 1278 1571 1303 ,
1606 1238 1707 1309 τὴν
1739 1237 1846 1292 τῶν

1950 1246 2226 1306 promptu,
2277 1234 2554 1290 nominum
2608 1234 3011 1300 verborumque
3064 1236 3375 1285 accuratam
3435 1224 3533 1280 ad-

249 1331 540 1400 ὀνομάτων
562 1333 657 1385 καὶ
685 1333 946 1403 ῥημάτων
974 1330 1227 1396 σύνταξιν
1253 1330 1659 1401 ἡκριϐωμένος.
1682 1331 1847 1400 Λέγει

1951 1330 2103 1386 hibet
2148 1327 2637 1383 constructionem.
2690 1324 2881 1380 Refert
2934 1333 3117 1378 autem
3167 1337 3234 1377 ex
3289 1320 3533 1376 Palladio

249 1423 304 1473 δὲ
338 1424 403 1476 ἐκ
432 1441 495 1475 τε
524 1424 827 1478 Παλλαδίου
864 1425 1203 1494 (ἐπίσκοπος
1235 1424 1294 1477 δέ
1322 1427 1351 1477 ὁ
1384 1424 1681 1486 Παλλάδιος
1701 1463 1713 1487 ,
1753 1424 1848 1476 καὶ

1949 1422 2202 1491 episcopo
2222 1419 2359 1490 (75),
2384 1419 2473 1489 qui
2500 1417 2696 1488 dialogi
2734 1416 2908 1471 forma
2939 1414 3165 1485 pulchre
3196 1429 3259 1469 ac
3291 1411 3534 1468 studiose

249 1514 551 1585 διαλογικῷ
596 1515 754 1585 τύπῳ
798 1515 979 1579 καλῶς
1029 1532 1088 1569 τε
1121 1516 1217 1569 καὶ
1266 1514 1723 1584 ἐσπουδασμένως
1778 1513 1848 1568 τὰ

1949 1511 2325 1584 Chrysostomi
2347 1526 2437 1566 res
2453 1508 2770 1578 conscripsit
2782 1509 3042 1578 ,itemque
3058 1523 3123 1562 ex
3148 1508 3375 1561 Socrate
3392 1503 3529 1577 (76).

254 1609 379 1676 περὶ
407 1606 505 1660 τὸν
542 1608 931 1678 Χρυσόστομον
961 1607 1374 1679 ἀνεγράψατο),
1404 1607 1467 1659 ἐκ
1505 1623 1565 1659 τε
1598 1601 1690 1660 οὖν
1719 1606 1849 1659 τού-

1664 1624 1690 1659 ν
1719 1606 1849 1659 τού·
1951 1608 2179 1677 aliisque
2200 1604 2493 1670 nonnullis,
2516 1603 2793 1659 historiam
2830 1619 2859 1659 a
2889 1618 2949 1659 se
2974 1602 3280 1657 collectam.

252 1717 344 1751 του
392 1701 535 1769 φησὶ
581 1701 677 1754 καὶ
719 1701 1046 1771 Σωκράτους
1082 1702 1177 1753 καὶ
1229 1700 1504 1771 διαφόρων
1536 1699 1711 1753 ἄλλων
1748 1700 1847 1770 τὴν

255 1793 505 1862 ἱστορίαν
529 1794 933 1863 ἀναλεξάμενον
955 1796 1000 1827 ³³
1036 1796 1113 1857 είς
1145 1793 1203 1846 ἒν
1231 1792 1715 1865 συναθροίσασθαι.

318 1888 499 1955 Φησὶν
539 1883 635 1940 οὖν
684 1888 777 1940 τὸν
830 1888 1006 1958 μέγαν
1069 1888 1322 1957 Ἰωάννην
1373 1887 1540 1940 παῖδα
1591 1886 1846 1954 γενέσθαι
1879 1881 1923 1939 Β

1917 1888 1923 1932 ι
2019 1881 2250 1950 Magnus
2306 1878 2473 1950 igitur
2526 1875 2762 1932 Joannes
2808 1874 2976 1946 (77),
3036 1873 3336 1939 nobilibus,
3389 1871 3533 1943 apud

252 1978 556 2032 Σεκούνδου
588 1979 685 2032 καὶ⁵
725 1979 1041 2049 Ἀνθούσης·
1075 1981 1360 2049 ἐπιφανεῖς
1383 1978 1441 2032 δὲ
1470 1970 1617 2033 οὗτοι
1643 1977 1756 2031 τῶν
1785 1981 1843 2032 ἐν

1945 1977 2309 2040 Antiochiam,
2334 1973 2672 2045 parentibus,
2690 1970 2943 2025 Secundo
2974 1979 3136 2040 atque
3164 1968 3408 2021 Anthusa
3440 1980 3532 2020 na-

264 2072 599 2143 Ἀντιοχείᾳ.
626 2072 899 2142 Ἕλληνας
923 2072 979 2124 δέ
1004 2071 1202 2135 αὐτοὺς
1229 2070 1329 2142 τὴν
1364 2070 1662 2142 θρησκείαν
1687 2070 1847 2135 ὂντας

1948 2076 2033 2121 tus
2082 2077 2188 2123 est.
2231 2064 2481 2120 Meletius
2520 2077 2653 2118 vero
2704 2062 2975 2116 Armenus
2999 2100 3014 2126 ,
3053 2061 3142 2128 qui
3180 2057 3531 2112 Antiochense

246 2165 289 2215 ὁ»
318 2164 383 2229 ἐξ
426 2163 727 2234 Ἀρμενίας
774 2164 1066 2227 Μελέτιος,
1106 2165 1173 2233 τῇ
1236 2161 1554 2231 Ἀντιοχέων
1608 2162 1846 2229 ὲγκατα·

1948 2168 2076 2213 tunc
2118 2155 2376 2212 Ecclesiae
2406 2162 2658 2224 praeerat,
2706 2151 2911 2206 salubri
2947 2152 3049 2205 hos
3074 2150 3321 2204 doctrina
3355 2147 3373 2208 ί
3403 2163 3530 2203 cum

250 2256 382 2317 στὰς
400 2254 449 2285 ³⁸
499 2253 819 2324 Ἐκκλησία,
855 2252 1067 2323 ἐμύησέ
1099 2270 1159 2305 τε
1200 2250 1296 2304 καὶ
1335 2250 1431 2303 τοῦ
1464 2248 1847 2322 σωτηριώδους

1947 2251 2189 2321 gentium
2231 2257 2386 2303 antea
2423 2247 2629 2301 cultum
2655 2242 3044 2313 sectarentur)
3093 2241 3431 2308 informavit,
3478 2247 3535 2296 et

253 2347 557 2415 μετασχεῖν
588 2345 965 2416 βαπτίσματος
1010 2342 1341 2415 κατηξίωσε,
1377 2343 1467 2396 τὸν
1497 2342 1612 2395 υἱὸν
1643 2341 1845 2413 πρότε-

1946 2339 2231 2396 salutifero
2260 2338 2403 2408 79a
2435 2335 2773 2407 baptismatis
2810 2335 3030 2389 lavacro
3073 2341 3226 2400 aptos
3258 2331 3530 2397 reddidit;

252 2455 340 2506 ρον
369 2437 819 2508 μυσταγωγήσας
847 2437 939 2489 καὶ
963 2435 1367 2507 βαπτισάμενος
1384 2436 1448 2488 ³⁸.
1482 2433 1844 2505 Παραδίδοται

1946 2447 2132 2488 eorum
2183 2439 2364 2484 tamen
2395 2428 2504 2482 tilio
2547 2426 2698 2496 prius
2735 2425 2984 2481 instituto
3038 2434 3203 2492 atque
3228 2423 3527 2492 baptizata.

245 2530 433 2583 τοίνυν
462 2533 493 2584 ὁ
530 2531 705 2600 μέγας
746 2530 1001 2601 Ἰωάννης
1036 2531 1228 2601 φοιτᾷν
1268 2531 1348 2593 εἰς
1374 2526 1720 2582 διδασκάλου.
1752 2527 1847 2590 Εἰς

1946 2524 2187 2579 Joannes
2228 2522 2413 2590 itaque
2443 2520 2627 2574 ludum
2663 2519 3013 2589 frequentare
3059 2516 3387 2571 litterarium
3418 2517 3535 2587 jus-

249 2625 422 2691 ἄκρον
451 2623 512 2675 δὲ
553 2622 1057 2694 ταπεινοφροσύνην
1079 2623 1123 2653 ’³
1154 2624 1221 2676 ἐκ
1276 2620 1468 2684 παιδὸς
1514 2620 1705 2691 ἤσκειο
1765 2618 1846 2672 διὸ

1945 2631 2059 2672 Stis.
2096 2615 2214 2670 Jam
2241 2616 2365 2670 inde
2398 2629 2428 2668 a
2460 2629 2627 2684 puero
2650 2626 2922 2667 summam
2952 2611 3303 2675 modestiam,
3338 2612 3534 2666 animi-

247 2714 369 2766 οὐδὲ
403 2714 628 2780 παῖδας,
659 2708 750 2768 οἷα
771 2715 917 2777 εἰκὸς
946 2715 1073 2776 τοὺς
1103 2712 1320 2784 πλούτῳ
1350 2713 1446 2766 καὶ
1477 2710 1603 2781 δόξῃ
1650 2714 1846 2783 περιρ-

1947 2724 2053 2779 que
2091 2707 2478 2763 demissionem
2528 2706 2873 2777 pracferebat.
2904 2706 3268 2775 Quamobrem
3292 2743 3309 2767 ,
3359 2718 3534 2773 neque

249 2808 580 2876 ῥεομένους,
611 2806 1032 2876 μαλακίζεσθαι,
1056 2808 1116 2859 οὐ
1152 2806 1253 2877 μὲν
1283 2801 1377 2860 οὖν
1407 2805 1530 2859 οὔτε
1554 2808 1596 2837 ³³
1622 2807 1847 2868 τούτους

1948 2815 2169 2872 pueros,
2202 2809 2261 2854 ut
2311 2799 2469 2865 solet,
2506 2798 2712 2855 divitiis
2737 2809 2793 2853 et
2821 2800 2991 2869 gloria
3016 2798 3326 2861 atlluentes,
3363 2795 3536 2851 emol-

248 2900 403 2971 αὑτῷ
438 2899 817 2971 παρέπεσθαι,
871 2900 987 2955 ἀλλ’
1032 2901 1153 2953 οὐδέ
1195 2900 1531 2964 ίππάζεσθαι
1579 2899 1844 2971 ἠνείχετο.

1950 2895 2058 2957 liri,
2121 2908 2298 2963 neque
2335 2894 2435 2947 hos
2480 2907 2539 2947 se
2583 2893 2890 2947 consectari
2943 2891 3179 2954 sinebat,
3232 2890 3327 2944 sed
3362 2903 3538 2959 neque

252 2988 392 3046 Εἶτα
418 2993 480 3044 ἐν
521 2993 825 3064 Ἀντιοχείᾳ
849 2993 917 3044 τὰ
940 2993 1041 3062 μὲν
1071 2992 1435 3063 γραμματικά
1457 2992 1550 3045 καὶ
1579 2988 1848 3062 ῥητορικὰ

1949 3002 2087 3057 equo
2128 2987 2251 3042 vehi
2292 2986 2615 3041 sustinebat.
2666 2983 2872 3039 Deinde
2916 2984 3217 3038 Antiochia:
3248 2982 3302 3036 in
3351 2997 3536 3052 gram-

250 3084 406 3152 παρὰ
440 3083 700 3136 Λιϐάνιον
734 3084 936 3151 φοιτῶν
977 3083 1313 3149 ἐπαιδεύετο,
1343 3083 1497 3153 παρὰ
1554 3081 1850 3153 Ἀνδραγά-

1949 3080 2164 3135 maticis
2195 3079 2414 3149 quidem
2447 3086 2501 3133 et
2533 3077 2823 3132 rhetoricis
2874 3075 3123 3141 Libanio,
3160 3074 3537 3146 Audragathio

250 3176 366 3229 θιον
400 3176 461 3229 δὲ
505 3177 573 3229 τὰ
603 3177 889 3248 φιλόσοφα.
925 3175 1364 3248 Τελευτήσαντος
1410 3177 1468 3230 δὲ
1512 3175 1608 3230 τοῦ
1643 3175 1849 3247 πατρὸς

1953 3185 2084 3226 vero
2132 3170 2183 3225 in
2238 3170 2631 3239 pbilosophicis
2680 3183 2905 3240 operam
2938 3168 3107 3223 dedit.
3148 3167 3362 3223 Mortuo
3404 3181 3538 3221 vero

248 3269 344 3323 ὀὗ
373 3269 612 3343 πένθους
638 3266 707 3341 ἦν
751 3273 817 3341 τῇ
854 3271 1023 3343 μητρὶ
1064 3271 1435 3342 παραμύθιον,
1467 3270 1688 3325 πάντων
1740 3270 1849 3323 ἀπ-

1953 3274 2199 3334 parente,
2243 3263 2407 3317 matri
2449 3263 2503 3318 in
2548 3262 2700 3317 luctu
2742 3260 2999 3317 solatium
3035 3260 3290 3330 alloquiis
3328 3260 3535 3325 attulit,

251 3363 526 3431 εχόμενος
543 3363 815 3431 παιγνίων
833 3380 893 3416 τε
923 3364 1016 3418 καὶ
1035 3363 1261 3434 ⁴ἡδονῶν,
1287 3364 1469 3436 μόνοις
1493 3363 1551 3416 δὲ
1572 3380 1851 3430 προσανα·

1953 3364 2008 3411 et
2032 3373 2061 3409 a
2089 3356 2316 3410 ludicris
2337 3355 2594 3410 omnibus
2630 3355 2934 3421 abstinens,
2972 3370 3039 3410 ac
3078 3355 3355 3423 voluptate
3383 3368 3538 3424 pror-

252 3456 517 3524 κείμενος
548 3457 663 3519 τοῖς
698 3454 1043 3527 μαθήμασιν.

1952 3464 2048 3506 sus
2099 3449 2201 3504 sibi
2236 3448 2596 3514 interdicens,
2629 3448 3042 3521 disciplinarum
3099 3449 3369 3504 duntaxat
3418 3455 3538 3503 stu-

1952 3543 2042 3597 dio
2070 3543 2310 3596 animum
2344 3540 2691 3610 adiungebat.

332 3630 599 3700 Ἀπαίρει
648 3630 782 3700 γοῦν
831 3632 971 3703 πρὸς
1018 3633 1118 3696 τὰς
1160 3633 1389 3705 Ἀθήνας
1416 3675 1433 3699 ,
1482 3637 1549 3690 τὰ
1594 3635 1852 3688 λείποντα

2024 3635 2207 3703 Quare
2276 3637 2520 3693 Athenas
2580 3637 2647 3691 ad
2705 3637 3012 3692 uberiorem
3071 3636 3272 3706 ingenii
3334 3633 3539 3693 cultum

252 3722 624 3793 προσλαϐεῖν·
655 3724 749 3775 καὶ
782 3725 840 3776 ἐν
871 3724 1038 3795 ὀλίγῳ
1085 3727 1262 3797 χρόνῳ
1303 3728 1513 3790 πάντας
1547 3729 1851 3798 ὑπερϐαλό-

1953 3730 2252 3799 profectus,
2281 3731 2431 3785 brevi
2479 3733 2691 3785 caneris
2734 3731 2807 3785 ita
2837 3732 3150 3787 antecelluit
3179 3731 3458 3795 omnibus,
3484 3740 3542 3786 ut

254 3834 423 3885 μενος
460 3815 508 3848 ³⁸
543 3816 873 3889 διεφθονήθη
930 3818 1220 3889 Ἀνθεμίῳ,
1270 3819 1330 3879 ὃς
1381 3820 1635 3891 τηνικάδε
1670 3823 1853 3893 ἱερεὺς

1953 3832 2007 3876 et
2043 3824 2385 3890 Anthemius,
2418 3825 2508 3894 qui
2559 3835 2670 3878 tum
2707 3824 2778 3880 ibi
2815 3825 3078 3879 Minervae
3109 3824 3368 3881 sacerdos
3399 3834 3538 3888 erat,

263 3907 508 3976 Ἀθηνᾶς
570 3909 907 3978 ἐχρημάτιζε
941 3911 1037 3964 καὶ
1086 3911 1301 3981 πρῶτος
1353 3912 1461 3964 τῶν
1508 3914 1628 3965 ἐκεῖ
1669 3914 1852 3983 σοφῶν

1954 3914 2028 3971 illi
2062 3915 2345 3980 invideret,
2377 3925 2434 3970 et
2458 3915 2736 3986 sapientes
2762 3917 2904 3970 inter
2934 3916 3190 3985 princeps
3223 3915 3339 3985 ipse
3370 3916 3537 3970 habe-

253 4001 567 4072 ἐνομίζετο.
607 4001 663 4054 Ὀ
689 4002 746 4054 δὲ
775 4002 874 4072 τῆς
904 4002 1115 4066 πόλεως
1137 4003 1375 4075 ἔπαρχος
1406 4005 1451 4036 ⁸⁸
1480 4004 1853 4077 (Δημοσθένης

1953 4016 2124 4063 retur.
2176 4006 2314 4078 Ergo
2346 4008 2497 4063 urbis
2542 4024 2756 4078 quoque
2784 4008 3099 4077 praefectus,
3145 4008 3540 4063 Demosthenes

252 4094 425 4165 δνομα
489 4093 663 4164 αὐτῷ)
722 4095 1110 4163 μετακαλεῖται
1162 4096 1473 4158 πολυτελῶς
1539 4098 1630 4150 τὸν
1689 4101 1852 4167 σοφὸν

1954 4098 2194 4163 nomine,
2228 4100 2528 4169 sapientem
2574 4102 2717 4154 hunc
2759 4099 3024 4155 Joannem
3062 4101 3230 4157 multo
3265 4116 3388 4156 cum
3444 4101 3543 4154 ho-

266 4184 563 4254 Ἰωάννην’
596 4188 625 4239 ὁ
653 4186 709 4239 δὲ
739 4186 860 4239 λίαν
893 4188 1125 4252 εὐτελῶς
1177 4190 1560 4260 παραγίνεται.
1608 4192 1719 4245 Καὶ
1765 4192 1854 4245 λό-

1956 4207 2087 4247 nore
2145 4194 2211 4245 ad
2238 4208 2298 4248 se
2350 4195 2623 4247 vocabat:
2677 4198 2744 4247 ad
2789 4209 2949 4264 quem
3003 4193 3094 4249 ille
3138 4209 3331 4265 magna
3360 4202 3539 4248 tamen

252 4298 365 4347 γων
388 4282 681 4353 ῥαγέντων
719 4281 924 4354 μεταξὺ
960 4281 1126 4336 αὑτοῦ
1159 4299 1219 4335 τε
1250 4285 1347 4337 καὶ
1376 4283 1682 4354 Ἀνθεμίου,
1713 4302 1853 4355 κρα-

1955 4299 2078 4337 cum
2121 4283 2288 4337 animi
2335 4282 2667 4339 demissione
2710 4294 2875 4353 atque
2923 4284 3199 4340 modeStia
3222 4285 3539 4339 accedebat.

255 4377 334 4424 ςεί
353 4375 383 4425 ὁ
426 4373 689 4442 Ἰωάννης
710 4376 774 4444 τῇ
816 4389 875 4426 τε
903 4375 1067 4446 σοφίᾳ
1100 4374 1196 4428 καὶ
1231 4376 1442 4430 συνέσει
1471 4380 1567 4431 καὶ
1596 4380 1662 4449 τῇ
1694 4379 1853 4432 εὐσε-

1955 4374 2031 4430 lbi
2059 4377 2426 4447 disputatioiie
2463 4376 2605 4434 forte
2627 4393 2747 4432 eum
2768 4379 3061 4434 Anthemio
3081 4378 3354 4441 instituta,
3382 4392 3542 4445 supe-

256 4465 397 4534 6είᾳ.
437 4463 555 4515 Καὶ
595 4461 814 4531 πρῶτον
845 4463 995 4534 αὐτῷ
1029 4465 1074 4496 ³⁶
1105 4465 1434 4519 ἐπιτελεῖται
1473 4468 1594 4520 τότε
1639 4467 1853 4539 θαῦμα,

1959 4469 2070 4523 rior
2099 4468 2340 4526 Joannes
2377 4472 2570 4537 evasit,
2607 4488 2713 4526 non
2746 4472 2992 4528 doctrina
3051 4473 3223 4526 modo
3248 4480 3304 4525 et
3335 4469 3541 4525 intelli-

256 4560 311 4607 τὸ
337 4558 381 4587 ³’
405 4556 507 4609 τὸν
544 4555 829 4626 ’Δνθέμιον
857 4556 1119 4629 δαιμονίῳ
1150 4575 1210 4611 τε
1243 4546 1449 4613 ἁλῶναι
1480 4561 1574 4615 καὶ
1603 4561 1851 4616 ἀπαλλα-

1926 4600 1930 4627 ,
1959 4562 2165 4630 gentia,
2194 4563 2288 4618 sed
2342 4563 2543 4632 pietate
2582 4580 2819 4634 quoque.
2863 4567 3040 4633 Atque
3076 4565 3179 4619 hoc
3211 4574 3324 4617 tum
3352 4563 3421 4617 ab
3449 4562 3542 4616 illo

256 4650 420 4716 γῆναι
446 4646 677 4721 γλώσσῃ
696 4650 792 4702 καὶ
819 4651 951 4721 εὐχῇ
970 4650 1218 4705 Ἰωάννου
1244 4670 1259 4683 ν
1285 4652 1345 4717 ὃς
1374 4654 1469 4706 καὶ
1499 4655 1604 4707 ὑπὸ
1628 4653 1724 4708 τοῦ
1754 4658 1853 4726 τῆς

1962 4654 2192 4719 primum
2224 4664 2308 4710 est
2342 4655 2414 4709 ibi
2461 4666 2732 4726 patratum
2775 4657 3129 4723 miraculum,
3158 4655 3304 4726 quod
3336 4654 3543 4709 Anthe-

256 4744 472 4808 πόλεως
519 4743 821 4798 ἐπισκόπου
854 4747 951 4799 σὺν
982 4746 1145 4799 παντὶ
1190 4746 1269 4817 τῷ
1309 4747 1445 4818 οἴκῳ
1494 4747 1847 4803 ἐϐαπτίσατο.

1960 4748 2100 4801 mius
2131 4748 2311 4801 divina
2339 4745 2564 4804 Joannis
2598 4748 2802 4819 lingua,
2827 4758 2879 4803 et
2903 4749 3216 4819 precatione
3256 4747 3543 4804 convictus

1573 4864 1809 4920 VARIAE
1852 4863 2261 4920 LECTIONES.

322 4992 368 5066 ξ’
405 4989 1068 5066 ηοιιηθμάναλεξάμενοςῖ
1115 4992 1186 5066 *³ο
1221 4989 1601 5066 συγκαταστάς
1632 5009 1693 5054 ς.
1758 4992 1813 5066 1‘
1835 4994 2033 5066 __malim
2067 4992 2361 5066 βαπτίσας.
2396 5063 2406 5066 _
2462 4992 2511 5066 ξ’
2552 4990 3168 5066 ταπεινοφροσρνηςᾼςι.
3259 4990 3305 5023 ³³
3333 4988 3459 5045 οὐδὲ
3478 5004 3545 5056 ς.

255 5060 772 5133 ’δὺπερόαλόμενος
806 5060 953 5117 corr.
984 5062 1029 5116 A
1068 5060 1583 5131 εὐπερϐαλλόμενος
1616 5080 1679 5126 ς.
1755 5062 1800 5093 ⁸⁸
1833 5060 2083 5137 ὕπαρχος
2132 5083 2192 5130 ς.
2271 5065 2314 5095 ³⁸
2350 5061 2497 5133 αὐτῷ
2531 5078 2641 5117 om.
2680 5066 2744 5117 Α.
2824 5060 2865 5094 ³⁷
2892 5061 2955 5115 τὸ
2982 5060 3107 5117 add.
3142 5065 3207 5117 Α.

1802 5184 2032 5241 ΝΟΤᾸΞ.

321 5278 444 5349 (7'5)
466 5276 715 5347 lntegras
741 5274 1148 5349 nobisiPal-isiis
1177 5275 1370 5332 Latine
1390 5275 1535 5328 dedit
1563 5275 1844 5349 Godefritl.
1956 5279 2025 5332 de
2057 5278 2294 5349 imagine
2325 5276 2384 5331 S.
2412 5276 2564 5334 Pauli
2589 5285 2763 5346 apost.
2796 5286 2939 5332 orat.
2973 5278 3029 5343 l,
3057 5276 3135 5331 De
3159 5278 3410 5347 imagiu.,
3439 5279 3543 5333 sub

257 5346 611 5410 Tilmannus,
644 5363 735 5402 an.
785 5347 943 5403 1557.
984 5346 1213 5401 Easdem
1267 5350 1475 5416 integro
1507 5361 1655 5413 paene
1713 5347 1848 5401 libro
1958 5349 2084 5403 ﬁne.

258 5434 353 5473 suo
383 5434 465 5473 xu
507 5418 800 5489 diligenter
845 5428 1160 5489 persecutus
1202 5418 1365 5471 etiam
1397 5426 1481 5471 est
1512 5417 1848 5489 ljicephorus
2030 5420 2141 5489 (75)
2194 5418 2658 5489 llelenepnlitano,
2701 5432 2860 5487 quem
2906 5416 3101 5489 Latine
3128 5433 3345 5473 versum
3378 5419 3546 5474 habes

257 5488 537 5560 Qallistus.
570 5486 702 5560 Vide
737 5502 950 5558 quoque
974 5486 1401 5560 Metaphrasten,
1434 5498 1490 5560 et
1519 5486 1844 5560 Theodoreti
1957 5486 2088 5544 tom.
2128 5491 2145 5545 I
2180 5486 2413 5560 operum
2444 5491 2504 5545 Β.
2545 5486 2826 5560 ChrysOst.
2863 5489 2997 5543 edit.
3030 5488 3203 5543 Paris.
3247 5504 3372 5546 cum
3416 5489 3541 5545 aliis

259 5557 353 5631 lib.
389 5574 453 5623 ν,
483 5574 607 5628 cap.
630 5559 724 5626 27,
758 5557 1075 5631 rumseqq.
1109 5557 1275 5630 atque
1314 5557 1565 5627 inprimis
1597 5557 1845 5613 lllustris.
1955 5561 2044 5630 qui
2086 5562 2190 5616 hoc
2219 5557 2594 5631 argumentum
2629 5557 2955 5631 tractarunt.

262 5626 677 5702 BarotiiLcard.
725 5629 922 5684 Annal.
958 5626 1048 5702 tv.’
1098 5699 1120 5702 _
1185 5626 1223 5702 '_
1380 5626 1465 5702 ’__
1798 5700 1807 5702 _
1961 5626 1986 5702 ξ
2030 5632 2144 5702 (76)
2178 5626 2307 5685 Lib:
2326 5646 2400 5698 vr,
2432 5646 2506 5685 ex.
2530 5645 2638 5702 quo
2655 5629 2881 5699 Niceph.
2923 5643 3137 5698 quoque
3175 5644 3295 5695 sua,
3327 5643 3450 5701 qua:
3479 5629 3545 5685 de

330 5699 446 5770 (γε)
482 5699 761 5773 Egoilltnn
785 5700 1043 5773 pnto,qui
1091 5699 1148 5773 S.
1192 5698 1353 5755 Joan.
1408 5698 1850 5773 Eleemosynario
1959 5698 2333 5773 Bftlh'rysost.
2358 5698 2599 5771 scripsit,
2631 5698 2879 5755 hausiSse
2911 5709 3147 5773 constat.

262 5767 550 5825 successit'
568 5772 710 5845 circa
738 5767 830 5824 an.
862 5767 994 5827 Chr.
1026 5771 1151 5825 6‘20.
1183 5772 1250 5826 Et
1281 5786 1426 5845 ver0_
1450 5770 1508 5822 Β.
1539 5767 1695 5845 Joan.
1736 5768 1842 5845 [)_a-
2026 5767 2423 5845 (77)'Niceph.
2471 5767 2566 5828 lib.
2612 5787 2731 5835 xm,
2760 5786 2879 5841 cap.
2935 5770 3014 5838 2;
3057 5770 3269 5826 Socrat.
3312 5768 3408 5825 lib.
3470 5785 3560 5835 Vt,

264 5856 518 5894 nmsceno
547 5843 780 5911 priorem
811 5846 1209 5916 satisconstat,
1254 5840 1461 5916 cuntis
1512 5856 1578 5916 εις
1607 5841 1707 5916 hac
1735 5842 1846 5916 vita
1955 5840 2076 5916 cap.
2110 5840 2163 5900 5.

265 5916 395 5977 (ιιυο
429 5925 687 5984 expresso
720 5912 1000 5985 scriptoris
1040 5912 1277 5982 nomine)
1306 5911 1538 5967 adducat
1568 5912 1847 5968 historiam
