4058 6418
588 406 694 469 3-i-7

583 612 841 665 continuo
862 624 1064 663 morem
1091 612 1327 676 sustztlit,
1352 626 1460 683 quo
1485 612 1796 666 caelibatum
1824 610 2073 679 professi,
2098 611 2181 663 di-

582 704 726 757 versi
760 701 1079 771 sexus(87)
1114 705 1531 763 contubernales
1574 705 1711 775 apud
1750 719 1807 758 se
1842 704 2075 758 alebant.
2119 704 2179 756 In

586 797 814 863 iniustos
839 796 964 849 item
988 835 1003 860 ,
1034 796 1315 868 ventriqtv;
1340 796 1406 853 ac
1443 794 1653 849 libidini
1686 797 1898 851 deditos
1949 834 1964 858 ,
2004 795 2182 863 longis

586 892 832 943 invectus
878 898 960 943 est
987 889 1354 943 orationibus:
1386 889 1516 942 Erat
1549 889 1734 944 adbaac
1775 902 2070 956 pauperum
2104 887 2179 942 ita

582 984 858 1039 attulimus
875 1022 891 1045 ,
912 992 969 1037 ut
991 982 1118 1035 hinc
1146 998 1171 1032 a
1192 981 1458 1050 plerisque
1484 980 1950 1051 Eleemosynarius
1973 994 2179 1051 cogno-

584 1075 824 1128 minatus
864 1074 955 1128 sit.
986 1074 1109 1129 Uno
1136 1074 1311 1127 dicam
1345 1073 1545 1136 verbo,
1576 1082 1627 1126 et
1665 1073 1917 1127 virtutem
1959 1088 2175 1127 onmem

584 1167 849 1230 docebat,
877 1175 927 1219 et
951 1165 1020 1219 ab
1047 1166 1193 1219 omni
1222 1166 1356 1219 vitio
1386 1164 1716 1219 dcterrebat.
1743 1162 1885 1218 Misit
1913 1173 2094 1218 autem
2128 1175 2182 1219 et

585 1260 639 1311 in
680 1258 1017 1313 thuiciam
1046 1258 1361 1322 monachos,
1399 1257 1489 1325 qui
1529 1257 1851 1311 idololatriae
1876 1256 1983 1312 illic
2018 1258 2181 1312 etiam

582 1365 717 1402 num
746 1348 956 1402 deditos
981 1347 1049 1400 ab
1078 1361 1265 1400 errore
1296 1346 1348 1399 in
1379 1349 1519 1399 viam
1558 1347 1841 1401 reduceret
1870 1363 1885 1401 :
1915 1347 2056 1417 80b
2089 1361 2184 1415 per

580 1454 719 1507 quos
751 1441 880 1495 item
908 1438 1251 1509 imperatoris
1278 1437 1487 1505 legibus
1517 1449 1787 1500 armatos,
1822 1438 2087 1492 idolorum
2106 1437 2184 1491 fa-

583 1549 653 1585 na
688 1530 974 1591 subvertit,
1003 1530 1375 1584 subversionis
1401 1530 1713 1597 sumptibus
1740 1532 1842 1598 piis
1869 1530 2076 1601 aliquot
2100 1530 2182 1584 fe-

586 1622 749 1675 minis
781 1620 1266 1690 suppeditantibus.
1285 1619 1543 1675 Celticam
1568 1621 1680 1693 (88)
1697 1622 1880 1677 adhzec
1902 1619 2179 1693 [militum]

587 1715 797 1767 turbam
825 1713 1137 1766 Arianismo
1158 1711 1413 1767 infectam
1432 1753 1447 1776 ,
1469 1713 1737 1767 ordinatis
1752 1716 1841 1782 qui
1862 1713 1977 1781 ejus
2004 1715 2181 1783 gentis

588 1806 821 1875 linguam
851 1802 1112 1858 callerent
1145 1804 1520 1858 sacerdotibus
1544 1844 1560 1868 ,
1591 1790 2025 1863 crthodoxorum
2050 1821 2178 1873 gre-

583 1874 692 1950 mio
710 1895 966 1949 restituit.
993 1895 1071 1947 Ad
1104 1895 1297 1950 Istrum
1319 1896 1541 1963 insuper
1569 1896 1756 1959 misit,
1791 1898 1880 1966 qui
1910 1894 2181 1951 Noniadas
2212 1874 2254 1929 Β

582 1988 654 2042 ibi
693 1986 922 2058 Scythas
954 1990 1019 2040 ad
1059 1986 1387 2044 CliriSIianm
1431 1988 1551 2042 fidei
1604 1990 1887 2043 veritatem
1933 1989 2182 2043 volentes

582 2078 945 2132 adduxerunt.
989 2078 1276 2134 Marcionis
1318 2088 1579 2148 praeterea
1636 2080 1886 2134 barresim
1925 2080 2045 2151 (89)
2078 2120 2092 2141 ,
2129 2080 2181 2133 in

580 2168 809 2224 Oriente
830 2178 941 2220 tttm
968 2167 1378 2235 repullulantem
1397 2207 1411 2231 ,
1443 2166 1685 2221 funditus
1707 2168 2048 2237 exstirpavit.
2074 2165 2185 2221 No-

582 2271 806 2316 cturnos
828 2259 1155 2327 psalmorum
1192 2260 1422 2329 hymnos
1446 2260 1619 2314 auxit.
1640 2259 1799 2314 Solus
1831 2275 1965 2313 vero
2001 2261 2182 2314 cibum

581 2369 781 2423 capere
803 2352 1043 2418 solebat,
1082 2351 1190 2421 (90
1225 2354 1243 2422 )
1287 2362 1397 2405 tum
1454 2354 1594 2420 quod
1627 2354 1752 2405 vino
1768 2354 1838 2407 ob
1867 2352 2063 2421 capitis
2092 2366 2187 2406 ca-

584 2444 756 2499 lorem
779 2458 1002 2512 prorsus
1032 2443 1331 2497 abstineret
1358 2444 1483 2512 (nisi
1512 2443 1564 2497 id
1598 2443 1737 2497 forte
1754 2454 1943 2497 testate
1975 2452 2184 2496 tantum

583 2552 705 2591 cum
722 2551 999 2590 rosaceum
1020 2534 1134 2608 [9|]
1155 2536 1407 2605 biberet),
1430 2549 1540 2589 tum
1557 2538 1719 2591 etiam
1743 2539 1887 2606 quod
1912 2552 2055 2609 αδετο
2076 2547 2187 2591 sto-

1767 408 2032 469 ΡΙΙΟΤΙΙ
2074 408 2577 471 ΡΑΤΠΙΛΠΕΗᾸΞ
2616 412 2723 471 CP.

660 518 887 589 Magnus
918 517 1098 587 itaque
1121 517 1231 587 jam
1256 519 1535 575 ordinatus
1573 519 1993 591 Cbrysostomus
2023 519 2172 573 illum
2205 530 2255 579 Α

2359 522 2482 575 Ὅτι
2526 523 2554 576 ό
2592 522 2763 592 μέγας
2788 520 3173 593 Χρυσόστομος
3208 522 3523 594 παραυτίκα
3553 524 3681 588 τοὺς
3710 524 3860 596 ἔχον-

2285 630 2385 675 τας
2415 614 2801 678 πνεισὰκτους
2830 613 2925 667 τοῦ
2968 614 3125 677 ἔθους
3154 614 3401 685 ἐξέκοψε,
3443 618 3539 670 καὶ
3577 617 3717 670 κατὰ
3754 619 3862 671 τῶν

2286 707 2490 761 ἀδίκων
2529 710 2624 762 ναὶ
2680 709 3112 779 γαστριμάργων
3161 708 3256 762 καὶ
3313 709 3612 780 φιληδόνων
3669 709 3863 777 λόγους

2288 800 2534 867 μακροὺς
2566 801 2897 854 κατέτεινεν.
2922 797 3032 854 Ἦν
3064 801 3122 854 δὲ
3151 802 3246 854 καὶ
3271 801 3521 871 ἐλεήμων
3545 800 3772 871 σφόδρα,
3805 799 3863 867 ἐξ

2284 879 2346 938 οὗ
2403 888 2555 957 παρὰ
2629 887 2843 950 πολλοῖς
2900 891 2927 941 ὁ
2989 889 3090 957 τῆς
3151 888 3522 959 ἐλεημοσύνης
3585 888 3862 961 ἐπεκλήθη

2299 977 2575 1045 Ἰωάννης.
2609 981 2719 1033 Καὶ
2759 980 2946 1043 ἁπλῶς
2993 982 3173 1033 πᾶσαν
3224 981 3323 1049 μὲν
3353 980 3555 1049 ἀρετὴν
3594 979 3863 1044 ἐδίδασκε,

2286 1073 2469 1142 πάσης
2504 1073 2561 1125 δὲ
2597 1075 2796 1136 κακίας
2827 1074 3157 1143 ἀπέτρεπεν.
3205 1072 3515 1126 ’Δπέστειλε
3556 1072 3615 1125 δὲ
3651 1073 3748 1125 καὶ
3785 1074 3866 1135 εἱς

2284 1164 2538 1234 Φοινίκην
2571 1166 2839 1235 μοναχοὺς
2874 1166 2958 1233 ἐφ’
2983 1159 3027 1233 ᾧ
3066 1167 3193 1227 τοὺς
3223 1164 3302 1217 ἔτι
3346 1167 3411 1235 τῇ
3449 1165 3869 1235 εἰδωλολατρετα

2285 1256 2686 1326 κατεχομένους
2731 1257 3038 1321 ἀπαλλάξαι
3080 1257 3180 1327 τῆς
3214 1256 3423 1326 πλάνης
3446 1272 3460 1287 ο
3498 1255 3592 1319 οὒς
3631 1256 3732 1308 καὶ
3778 1258 3867 1307 νό-

2289 1363 2411 1415 μοις
2452 1346 2681 1410 ὁπλίσας
2733 1346 3032 1417 βασιλικοῖς
3084 1346 3211 1408 τοὺς
3258 1348 3421 1407 ναοὺς
3470 1345 3580 1396 τῶν
3633 1342 3870 1396 εἰδώλων

2286 1438 2647 1506 κατέστρεφε,
2684 1440 2793 1491 τῶν
2827 1437 3204 1505 ἀναλωμάτων
3242 1436 3349 1489 τῶν
3377 1438 3469 1489 ἐπὶ
3507 1436 3869 1505 καταστροφῇ

2284 1530 2349 1581 ἐκ
2374 1529 2483 1581 τῶν
2524 1530 2771 1584 εὐλαὸὦν
2812 1530 3091 1597 γυναικῶν
3151 1528 3565 1597 παρεχομένων.
3617 1528 3731 1580 Καὶ
3774 1525 3870 1577 τὸν

2284 1622 2553 1675 Κελτικὸν
2581 1622 2636 1675 δὲ
2682 1622 2868 1690 ὅμιλον
2901 1621 3299 1695 ἀρειανίζοντα,
3341 1616 3727 1689 ὁμογλώσσους
3754 1633 3873 1685 χει-

2289 1716 2602 1784 ροτονήσας,
2656 1713 3021 1784 μετέστρεψεν
3055 1713 3101 1745 ⁸⁸
3130 1713 3210 1775 είς
3252 1712 3350 1783 τὴν
3392 1709 3724 1783 όρθοδοξίαν.
3756 1708 3872 1761 Καὶ

2286 1805 2379 1857 ἐπὶ
2419 1804 2513 1857 τὸν
2559 1806 2773 1876 Ἴστρον
2804 1804 3028 1876 πέμψας
3076 1805 3205 1866 τοὺς
3235 1803 3474 1873 νομάδας
3504 1802 3723 1865 Σκύθας
3775 1801 3874 1852 ἐπὶ

2283 1896 2376 1950 τὸν
2407 1896 2528 1967 [Nl
2567 1895 2659 1968 IL]
2687 1897 3121 1969 Χριστιανισμδν
3154 1897 3379 1957 ἑκόντας
3408 1893 3717 1947 είλκύσατο.
3758 1892 3874 1945 Καὶ

2282 1988 2381 2059 τὴν
2399 1989 2727 2060 Μαρκίωνος
2742 1990 2953 2061 αἵρεσιν
2979 1989 3117 2042 κατά
3142 1990 3239 2059 τὴν
3263 1988 3559 2057 Ἀνατολὴν
3585 1989 3873 2056 φυομένην

2285 2078 2530 2147 ἐξένεμε.
2571 2080 2679 2131 Καὶ
2712 2079 2812 2143 τὰς
2835 2078 3159 2150 νυκτερινὰς
3196 2076 3515 2147 ψαλμῳδίας
3563 2072 3873 2148 ἐπηύξησε.

2285 2172 2463 2233 Μόνος
2492 2171 2547 2223 δὲ
2581 2170 2791 2241 ἤσθιεν,
2826 2172 2911 2223 ὅτι
2952 2188 3012 2223 τε
3055 2168 3199 2223 οἶνον
3226 2168 3316 2223 διὰ
3348 2168 3447 2239 τὴν
3494 2168 3593 2237 τῆς
3622 2166 3878 2233 κεφαλῆς

2288 2261 2498 2331 θέρμην
2524 2262 2624 2314 οὐκ
2652 2261 2853 2325 ἔπινεν,
2880 2264 2927 2314 εί
2972 2262 3045 2332 μή
3088 2278 3191 2314 που
3223 2262 3281 2313 ἐν
3308 2259 3385 2329 τῷ
3420 2260 3567 2329 θέρει
3595 2258 3686 2310 τὸν
3708 2257 3755 2289 ⁸⁸
3780 2256 3878 2309 διὰ

2291 2356 2445 2427 ῥόδου
2466 2355 2534 2417 ⁸ο,
2561 2356 2656 2408 καὶ
2678 2355 2758 2408 ὅτι
2791 2355 3080 2417 κακόσιτος
3102 2352 3176 2406 ὢν
3205 2354 3304 2408 οὐκ
3328 2352 3528 2423 ἐχρῆτο
3549 2354 3663 2413 τοῖς
3694 2367 3878 2418 παρα-

2289 2447 2566 2517 κειμένοις
2627 2447 2776 2516 αὐτῷ
2828 2446 3123 2508 πολλάκις,
3182 2443 3296 2497 ἀλλ’
3330 2443 3447 2498 ἀντ’
3495 2441 3675 2496 αὐτῶν
3734 2440 3877 2495 ἄλλα

2288 2539 2569 2607 ἐπεζήτει,
2610 2539 2705 2592 καὶ
2746 2538 2926 2606 τρίτον
2950 2539 3030 2590 ὅτι
3068 2537 3330 2600 πολλάκις
3373 2537 3652 2607 σχολάζων
3683 2537 3880 2599 ἄσιτος

583 2629 779 2683 ntacho
801 2638 965 2694 esset,
994 2639 1050 2681 ut
1081 2645 1142 2684 ea
1167 2627 1282 2681 fere
1313 2644 1434 2697 qua:
1465 2630 1567 2695 ipsi
1600 2630 2039 2699 apponebantur,
2069 2643 2176 2684 non

2288 2632 2356 2685 δι’
2393 2632 2610 2702 ἡμέρας
2663 2632 2876 2702 ἔμενεν.
2910 2632 3117 2685 Ἐδόκει
3162 2631 3217 2684 δέ
3272 2630 3350 2699 τῷ
3404 2631 3594 2701 κλήρῳ
3637 2630 3883 2700 μάλιστα.

582 2720 807 2785 ederet,
842 2720 934 2773 sed
970 2720 1076 2773 alia
1111 2735 1207 2789 pro
1237 2718 1322 2773 his
1361 2730 1637 2789 appeteret
1672 2738 1686 2775 :
1720 2722 1879 2775 tertio
1932 2720 2185 2788 denique:

2293 2724 2528 2795 σκληρὸς
2572 2720 2712 2776 εἶναι
2757 2724 2851 2777 καὶ
2877 2724 3104 2794 τραχύς.
3138 2724 3249 2777 Καὶ
3280 2723 3565 2791 Σεραπίων
3593 2721 3651 2775 δὲ
3692 2723 3721 2774 ό
3752 2721 3882 2775 διά-

583 2812 727 2880 quod
759 2812 1079 2881 frequenter
1110 2812 1342 2882 negotiis
1372 2827 1595 2877 vacans,
1643 2813 1847 2883 absque
1875 2814 1998 2869 cibo
2044 2815 2185 2868 diem

2291 2833 2446 2877 κονος
2493 2815 2660 2869 αὑτοῦ
2717 2816 2915 2868 πολλοῦ
2968 2817 3160 2885 μίσους
3208 2815 3360 2883 αὐτῷ
3411 2815 3638 2881 γέγονεν
3676 2813 3883 2876 αἴτιος.

584 2902 930 2972 transigeret.
960 2902 1119 2957 Clero
1163 2913 1344 2957 autem
1399 2903 1604 2974 rigidus
1639 2905 1802 2961 nimis
1832 2916 1993 2975 atque
2031 2914 2185 2976 asper

2294 2908 2533 2970 Πολλοὺς
2561 2907 2618 2961 δὲ
2652 2910 2748 2960 καὶ
2775 2909 2803 2960 ὀ
2829 2909 2870 2938 ⁶¹
2901 2908 3157 2973 Ἰωάννης
3180 2906 3373 2967 ἄλλους
3403 2905 3469 2958 δι’
3500 2905 3667 2967 ἄλλας
3693 2904 3885 2966 αίτίας

582 2996 885 3051 videbatur.
921 2995 986 3050 Et
1011 2996 1277 3064 Serapion
1311 2995 1450 3066 (92)
1475 2995 1592 3064 ejus
1631 2997 1892 3053 diaconus
1917 3000 2185 3070 ingentem

2294 3000 2393 3070 τῆς
2416 2999 2751 3069 Ἐκκλησίας
2792 2998 3039 3063 ἐξέϐαλε.
3069 2996 3407 3068 Προσκρούει
3436 2996 3492 3048 δὲ
3523 2994 3814 3065 Σεραπίων
3836 2994 3884 3025 ⁸³

585 3087 658 3142 illi
675 3088 928 3141 invidiam
945 3088 1335 3142 conflavit.Etsi
1354 3089 1549 3144 multos
1565 3091 1728 3144 etiam
1748 3090 1881 3145 alias
1895 3091 1965 3145 ob
1985 3107 2181 3147 causas

582 3189 819 3245 Joannes
837 3179 905 3234 ab
922 3180 1163 3235 Ecclesia
1190 3182 1466 3251 relegavit.
1492 3181 1840 3238 Conﬂictatus
1872 3184 2065 3239 deinde
2082 3184 2178 3239 Se-

582 3274 771 3342 rapion
794 3275 954 3327 etiam
982 3288 1103 3327 cum
1141 3272 1437 3329 Severiano
1454 3275 1778 3330 Gabalorum
1797 3278 2072 3345 episcopo,
2104 3278 2187 3331 in-

582 3380 715 3433 gens
728 3365 887 3431 hujus
899 3366 1157 3419 excitavit
1178 3365 1231 3419 in
1248 3364 1507 3420 Joannem
1530 3367 1735 3432 odium,
1753 3370 1895 3437 quod
1915 3370 1981 3423 ad
2006 3378 2187 3424 extre'

585 3473 730 3511 mutu
750 3473 921 3527 usque
934 3458 1181 3527 spiritum
1199 3459 1742 3514 retinuit.Amabatur
1760 3471 1935 3516 tamen
1952 3460 2190 3516 Joannes

582 3547 841 3617 singulari
877 3549 1099 3603 studioa
1122 3548 1317 3617 populo
1345 3592 1361 3616 ,
1385 3550 1452 3604 ob
1471 3552 1689 3605 crebras
1746 3551 1799 3605 in
1830 3552 2031 3621 templo
2060 3567 2189 3607 con-

581 3635 806 3691 riones:
842 3646 897 3689 ιιι
928 3638 1041 3705 ipse
1082 3637 1321 3691 vicissim
1357 3639 1530 3692 sancti
1558 3638 1709 3692 Pauli
1754 3640 2013 3709 epistolas
2038 3641 2189 3693 valde

581 3729 906 3793 adamabat,
940 3744 1076 3798 quas
1098 3741 1153 3783 et
1175 3730 1507 3800 explanavit;
1541 3732 1797 3798 visusque
1826 3744 1907 3785 est
1934 3748 1961 3784 a
1994 3731 2187 3787 Proclo

586 3817 743 3888 (95)
774 3819 945 3873 tribus
1004 3823 1262 3876 continuo
1316 3823 1565 3877 noctibus
1637 3821 1837 3878 Paulus
1886 3824 2182 3892 apostolus,

591 3927 809 3965 suarum
854 3912 927 3966 illi
958 3929 1252 3984 suggerens
1275 3915 1626 3982 epistolarqu
1661 3918 2181 3985 interpretationem.

648 3999 882 4057 Oll‘eudit
928 4005 1145 4074 insuper
1162 4007 1459 4075 Augustam
1480 4005 1717 4062 Joannes
1744 4020 1966 4075 prapter
1993 4008 2179 4063 Theu-

578 4093 859 4147 dericbum
880 4096 993 4166 (94)
1011 4098 1317 4165 patricium.
1353 4096 1435 4151 Ab
1470 4099 1650 4167 iniqua
1695 4100 1837 4153 enim
1874 4100 2178 4163 exactione,

582 4183 1003 4255 quamAugusta
1035 4188 1310 4254 exigebat,
1332 4204 1452 4241 cum
1480 4204 1623 4258 δέει-ε
1651 4188 2168 4245 hominemliberas-

578 4282 700 4339 set,
743 4274 936 4345 illeque
985 4288 1105 4345 post
1166 4279 1481 4334 facultatum
1511 4282 1801 4334 maximam
1831 4292 2065 4351 partem,
2122 4294 2180 4338 ut

583 4365 879 4433 gratuitum
911 4367 1019 4422 Deo
1049 4375 1274 4436 donum,
1328 4370 1588 4425 Ecclesia:
1648 4374 1971 4441 pauperibus
2024 4377 2180 4429 attri-

589 4456 817 4524 buisset,
868 4458 923 4513 in
952 4460 1087 4514 iram
1112 4462 1239 4517 hinc
1269 4460 1511 4517 Eudoxia
1549 4464 1918 4543 invidiamque
1953 4468 2174 4522 incensa

2296 3095 2389 3147 καὶ
2436 3091 2757 3163 Σεϐηριανῷ
2804 3090 2883 3162 τῷ
2915 3091 3195 3155 Γαδάλων,
3237 3091 3333 3144 καὶ
3371 3091 3614 3143 τίκτεται
3658 3088 3887 3157 μεγάλη

2248 3234 2260 3252 ,
2298 3181 2459 3234 αὐτοῦ
2485 3181 2623 3253 πρὸς
2643 3181 2738 3234 τὸν
2770 3182 3030 3250 Ἰωάννην
3057 3180 3247 3251 ἔχθρα,
3279 3180 3346 3250 ἣν
3376 3179 3471 3233 καὶ
3503 3178 3663 3248 μέχρι
3690 3176 3888 3241 τέλους

2298 3274 2606 3343 συνετήρει.
2648 3272 2708 3326 Ὀ
2736 3273 2793 3325 δὲ
2826 3272 2955 3335 λαὸς
3001 3272 3091 3325 διὰ
3116 3273 3241 3331 τοὺς
3270 3274 3328 3324 ἐν
3370 3274 3436 3340 τῇ
3485 3269 3754 3340 ἐκκλησίᾳ
3785 3268 3886 3321 λό-

2292 3382 2424 3435 γους
2454 3364 2661 3435 σφόδρα
2705 3364 2899 3434 ἠγάπα
2928 3365 3019 3418 τὸν
3056 3364 3335 3432 Ἰωάννην.
3380 3362 3602 3428 Ἥγάπα
3635 3361 3695 3415 δὲ
3722 3353 3890 3423 οὗτος

2290 3459 2390 3520 τὰς
2422 3457 2519 3510 τοῦ
2566 3458 2728 3524 ἁγίου
2781 3456 2997 3510 Παύλου
3026 3456 3317 3517 ἐπιστολάς
3366 3455 3511 3518 λίαν,
3551 3454 3646 3507 καὶ
3687 3453 3890 3523 ἠρμήο

2291 3568 2445 3602 νευεν
2508 3549 2715 3610 αὑτάς·
2772 3547 3135 3617 ἐμφανίζεται
3186 3548 3244 3600 δὲ
3291 3546 3520 3617 Πρόκλῳ
3580 3546 3673 3597 ἐπὶ
3724 3546 3889 3614 τρεῖς

2292 3641 2421 3713 [257
2458 3639 2552 3713 R.]
2587 3639 2788 3699 νύκτας
2828 3640 3199 3709 ἑμπνεόμενος
3220 3640 3248 3691 ὁ
3279 3638 3455 3708 μέγας
3487 3637 3741 3705 Ἰωάννης
3770 3635 3889 3688 ὑπὸ

2287 3734 2382 3787 τοῦ
2425 3732 2752 3787 Ἀποστόλου
2787 3733 2833 3764 ⁸³
2869 3733 2950 3795 είς
2984 3732 3082 3802 τὴν
3120 3731 3229 3785 τῶν
3276 3730 3581 3784 ἐπιστολῶν
3637 3726 3816 3782 αὑτοῦ
3836 3728 3888 3760 ⁸⁵

2289 3826 2609 3897 ἑρμηνείαν.

2360 3918 2481 3969 Ὅτι
2508 3916 2842 3986 προσκρούει
2874 3916 2940 3986 τῇ
2971 3914 3215 3968 Βασιλίδι
3243 3914 3333 3969 διὰ
3362 3915 3697 3987 Θεοδὼριχον
3710 3918 3757 3950 ⁸⁸
3785 3918 3886 3971 τὸν

2286 4008 2600 4078 πατρίκιον.
2633 4007 2747 4075 Τῆς
2780 4008 2880 4075 μὲν
2910 4006 3020 4077 γὰρ
3061 4007 3376 4076 παραλόγου
3411 4008 3779 4079 εἰσπράξεως,
3813 4011 3885 4080 ἣν

2285 4100 2464 4153 ἐποίει
2502 4101 2534 4169 ὴ
2565 4100 2801 4169 βασιλὶς,
2836 4098 2989 4169 μόλις
3030 4098 3373 4151 ἀπαλλάσσει
3403 4098 3496 4152 τὸν
3526 4100 3727 4170 ἄνδρα·
3762 4103 3795 4153 ὁ
3823 4102 3883 4155 δὲ

2281 4191 2461 4246 δίδωσι
2492 4191 2569 4261 τῷ
2595 4192 2694 4262 τῆς
2719 4190 3047 4261 Ἐκκλησίας
3068 4191 3319 4261 πτωχείῳ
3344 4191 3770 4264 εὐχαριστήριον
3800 4194 3882 4265 τῷ

2281 4284 2400 4355 Θεῷ
2420 4285 2481 4337 τὸ
2508 4284 2643 4338 πολὺ
2678 4284 2845 4354 μέρος
2867 4284 3031 4337 αὐτοῦ
3064 4285 3161 4352 τῆς
3192 4284 3501 4355 ὑπάρξεως,
3534 4284 3625 4352 ὑφ’
3644 4280 3709 4339 οὗ
3734 4286 3882 4355 πρὸς

2280 4378 2478 4430 κακίαν
2520 4378 2615 4431 καὶ
2661 4377 2915 4448 διαϐολὴν
2952 4376 3325 4446 ἀναφλέγεται
3369 4379 3402 4447 ἡ
3448 4377 3700 4443 Εὐδοξία.
3746 4379 3881 4433 ’Ότι

2281 4470 2583 4541 Εὐτρόπιος
2604 4468 2767 4538 νόμον
2800 4469 3010 4536 εἰσάγει
3040 4470 3167 4532 τοὺς
3194 4468 3518 4539 πρόσφυγας
3549 4471 3647 4539 τῆς
3672 4470 3885 4541 ἐκκλη..

586 4558 692 4605 cst.
736 4549 1025 4623 Eutropius
1055 4554 1170 4626 (95)
1199 4556 1371 4627 legem
1404 4554 1687 4612 ferendam
1720 4569 1956 4622 curarat,
1999 4576 2067 4614 ne
2106 4563 2171 4615 ad

2287 4566 2403 4625 σίας
2443 4562 2519 4633 μὴ
2557 4562 2848 4631 τυγχάνειν
2888 4560 2985 4614 τοῦ
3010 4561 3113 4633 τῆς
3154 4561 3381 4626 ἀσυλίας
3413 4565 3737 4635 προνομίου,
3777 4566 3881 4619 καὶ

1878 4668 2113 4724 VARIAB
2153 4670 2563 4727 LECTIONES.

648 4775 695 4807 "
736 4778 1195 4860 ξατέςτρὲίεγ.ςο
1295 4779 1340 4860 2?
1366 4779 1461 4860 τὴν
1497 4795 1577 4859 πιτ-
1609 4779 1704 4860 ᾼ-τ
1733 4780 1792 4860 τὸ
1821 4799 1880 4860 ςέ

582 4860 702 4900 cum
729 4849 774 4900 Α
796 4849 953 4903 omisi
983 4850 1219 4903 Παύλου.
1295 4850 1340 4881 ⁸⁸
1374 4849 1540 4902 αὑτοῦ
1569 4853 1693 4907 add.
1728 4854 1793 4904 Α.

1987 4783 2031 4814 ⁶⁰
2061 4784 2226 4853 ῥόδων
2245 4802 2305 4848 ς.
2387 4786 2426 4815 ⁶¹
2461 4786 2488 4837 ό
2516 4800 2623 4837 oni.
2656 4783 2720 4837 A.

1876 4855 1919 4885 “5
1953 4854 2277 4925 Θευδέριχον
2302 4872 2443 4908 corr.
2477 4856 2537 4909 Λ.

2801 4786 2845 4815 ⁸⁸
2869 4785 3159 4854 Σαραπιων
3186 4783 3257 4837 Α.
3333 4782 3376 4814 ⁸³
3399 4793 3519 4851 post
3558 4784 3876 4839 ἀποστόλου

2096 4965 2328 5022 NOTAE.

655 5071 799 5147 (87)
829 5073 1239 5147 συνεισάκτους,
1264 5074 1388 5147 sive
1421 5077 1891 5143 subintroductas,
1949 5089 2004 5133 et
2041 5081 2181 5147 ἀγά-

578 5142 758 5211 πητὰς
787 5145 1069 5207 vocabant,
1100 5144 1165 5197 de
1185 5145 1383 5224 quibus
1414 5147 1474 5200 D.
1511 5147 1705 5201 Baron.
1727 5162 1763 5228 ι.
1781 5147 1822 5200 ν
1841 5187 1854 5210 ,
1880 5142 2018 5203 ann.
2044 5142 2175 5204 Chr.

575 5213 702 5275 398,
720 5222 774 5267 et
799 5212 858 5266 Β.
888 5212 1049 5275 Greg.
1070 5213 1351 5275 Nazianz.,
1371 5214 1548 5271 Carm.
1574 5218 1643 5271 ad
1679 5217 1881 5275 νηπίη.
1908 5236 2051 5275 vers.
2077 5222 2175 5275 96:

576 5213 702 5276 398,
720 5222 774 5267 et
799 5213 858 5266 Β.
888 5213 1049 5279 Greg.
1070 5213 1351 5278 Nazianz.,
1371 5214 1548 5271 Carm.
1574 5218 1643 5271 ad
1679 5217 1881 5289 Virgin.
1908 5236 2051 5275 vers.
2077 5222 2175 5288 96;

576 5284 893 5356 Cnomisque
945 5282 1297 5356 αἰκίᾳ-νοτε.
1331 5286 1417 5342 15.
1447 5287 1632 5356 Ejusd.
1683 5288 1812 5344 item
1866 5290 2174 5345 Comment.

576 5352 792 5406 Ncetas
816 5353 867 5406 in
900 5362 1039 5409 orat.
1079 5352 1169 5406 45.

650 5421 755 5491 (88
777 5434 797 5493 )
827 5420 1100 5493 Scythiam
1118 5422 1447 5483 Tlteodoret.
1478 5436 1531 5483 et
1554 5427 1776 5501 Nicepb.
1796 5430 1991 5503 cap.2,
2015 5431 2175 5487 item-

617 5506 681 5543 ue
703 5491 949 5547 Cassiod.
2084 5528 2085 5533 ‘

577 5509 681 5560 que
703 5509 949 5548 uasstou.

647 5562 668 5637 (
685 5563 755 5637 ξιξ
781 5561 804 5637 )
836 5562 989 5637 ῥρυιι
1027 5561 1308 5619 Osrocenos
1336 5566 1563 5637 Nicepb.

615 5702 625 5711 .
651 5630 763 5714 (9Q
781 5630 799 5702 )
828 5630 1352 5714 Quo-vero_co_n_silio
1386 5638 1434 5690 id
1472 5630 1561 5714 ille
1581 5639 1801 5705 fecerit,
1833 5656 1989 5714 nemo
2017 5641 2167 5714 clare

574 5701 735 5764 dixit,
751 5701 927 5773 inquit
946 5702 1164 5775 Nicepb.
1186 5705 1373 5764 Plures
1400 5711 1638 5766 rationes
1656 5714 1774 5767 vide
1787 5701 1938 5782 apud
1959 5711 2161 5766 l’allad.

574 5781 630 5828 ct
659 5772 927 5842 bletaphr.

650 5843 882 5915 (91)διὰ
918 5844 1112 5916 ῥόδων,
1141 5848 1282 5918 quod
1305 5849 1520 5922 ροδέτην
1552 5852 1760 5907 vocavit
1783 5851 1966 5909 Diosc.
1996 5853 2158 5921 lib.v,

2354 5083 2467 5154 (9:2)
2496 5083 2569 5138 De
2592 5098 2699 5150 quo
2713 5082 2935 5154 Nicepb.
2954 5082 3471 5154 cap.9,etCassiod.
3492 5086 3612 5140 init.
3645 5086 3788 5145 Vita:
3811 5092 3877 5148 Β.

2284 5152 2567 5227 Clujysost.
2586 5155 2755 5219 Quem
2771 5152 3201 5227 etiamacerbius
3219 5153 3428 5227 incusat
3444 5155 3552 5227 Leo
3572 5158 3700 5227 imp.
3721 5174 3879 5220 orat.

2282 5224 2335 5297 in
2363 5220 2421 5277 li.
2454 5224 2739 5297 Cltrysost.
2759 5238 2919 5291 quam
2945 5220 3104 5289 hujus
3120 5222 3333 5297 Georgii
3366 5226 3589 5296 vestigia
3620 5220 3884 5297 proxime

2280 5293 2656 5362 iusectandbs,
2710 5301 2912 5346 tantum
2951 5308 3053 5345 uou
3106 5293 3174 5347 ad
3208 5293 3432 5348 verbum
3488 5293 3884 5357 hinc'vmemr

2278 5365 2706 5433 transcripsisse.

2346 5435 2463 5506 (95)
2503 5432 2781 5508 Chrysost.
2807 5433 2895 5485 bic
2928 5432 3159 5508 prirnum
3190 5432 3388 5499 scriba,
3432 5438 3701 5508 acitnulto
3749 5451 3885 5508 post

2273 5503 2517 5574 tempore
2548 5503 2944 5630 i‘t‘tS'episcopatu
2985 5503 3148 5557 etiam
3183 5518 3487 5561 successor.
3509 5503 3882 5577 Niceprlib.

2273 5592 2385 5630 xtv.
2418 5593 2536 5630 can.
2634 5612 2650 5630 .

2272 5592 2385 5634 XIV.
2418 5593 2536 5634 θυι).
2558 5592 2650 5630 46.

2344 5593 2890 5721 (8:)Jp1zl:e$i.ile_ricttm
2918 5645 3017 5721 “al.
3071 5649 3196 5704 vide
3234 5645 3533 5717 Mctapltor.
3600 5649 3687 5705 hic
3743 5659 3887 5721 post

2276 5733 2492 5774 causam
2522 5717 2805 5778 Antonini,
2841 5716 3070 5783 l’aliad.,
3099 5732 3207 5775 etc.

2346 5786 2458 5859 (95)
2499 5783 2721 5857 Nicepb.
2759 5789 2869 5841 base
2903 5789 3085 5855 refert,
3112 5806 3231 5856 cap.
3259 5790 3309 5843 4.
