4090 6470
201 432 337 506 .349

1343 457 1877 525 BIBLIOTHECA.
1916 491 1987 500 --
2026 465 2188 526 COD.
2224 466 2426 529 XCVI.

3405 458 3518 525 350

231 551 354 646 μετ’
408 553 470 606 οὒ
505 557 644 610 πολὺ
693 560 1028 630 καταφυγὼν
1074 563 1236 630 αὐτὸς
1276 567 1377 639 τῆς
1417 573 1626 636 οἰκείας
1674 575 1815 629 ἀπο-

1939 580 2207 633 ecclesiam
2254 579 2688 646 conhtgientibus
2739 580 2880 632 sacri
2928 578 3242 632 immunitas
3285 573 3388 630 loci
3417 589 3514 627 va-

230 639 389 736 ).ztist
441 646 789 736 νομοθεσίας.
835 644 909 702 Οἶ)
943 653 1046 705 ὑπὸ
1085 655 1147 708 τὸ
1191 655 1581 734 θυσιαστήριον
1626 665 1822 736 smnp-

233 734 402 835 μένου
431 735 604 835 λόγον
633 738 952 835 ἐλεγκτικὸν
981 745 1261 816 διεξῆλθεν
1287 751 1317 802 6
1345 751 1516 821 μέγας
1541 734 1819 835 Ἰωάννης,

229 826 333 916 καὶ,
357 826 592 893 πολλοὺς
622 832 704 896 εἰς
739 836 893 903 μῖσος
923 836 1181 909 ἐκίνησεν
1202 857 1216 871 ο
1250 841 1426 896 ἐδόκει
1448 847 1557 916 γὰρ
1589 826 1821 914 ἀφιλάν-

232 915 474 986 θρὼπως
503 921 627 975 λίαν
652 925 1010 998 ἐπιπλήττειν
1033 929 1124 984 τὸν
1150 915 1540 1005 δυστυχοῦντα.
1562 939 1688 992 Ὅτι
1715 940 1823 994 τῶν

243 1009 547 1080 Ἀρειανῶν
578 1015 680 1079 τὰς
710 1018 1007 1090 ἐκκλησίας
1037 1024 1316 1091 ἀφείλετο,
1349 1030 1440 1081 καὶ
1481 1029 1571 1082 τὸν
1600 1030 1824 1101 βασιλέα

229 1108 611 1180 αἰτησάμενος
672 1115 771 1183 τῆς
824 1118 1032 1181 πόλεως
1091 1121 1337 1186 ἐξέϐαλε.
1384 1125 1492 1178 Καὶ
1543 1126 1824 1195 ἀντίφωνα

231 1201 468 1255 ἐκείνων
507 1207 984 1278 ἐπιτηδευσάντων
1023 1214 1100 1276 είς
1149 1215 1430 1286 ὲξαπάτην
1473 1218 1582 1271 τῶν
1624 1221 1822 1274 ἁπλου-

232 1293 448 1365 στέρων
499 1298 665 1363 αὐτὸς
696 1301 1024 1374 ὑπερέὀαλε,
1077 1310 1465 1380 συναραμένης
1519 1311 1621 1379 τῆς
1672 1313 1826 1384 βασις

230 1385 402 1456 ὶίδος,
453 1390 530 1454 ὡς
568 1395 662 1446 καὶ
709 1399 976 1468 σταυροὺς
1029 1401 1305 1474 ἀργυροῦς
1357 1409 1469 1469 τοῖς
1501 1406 1826 1474 ἀντιφώνοις

234 1484 730 1555 παραπήγνυσθαι.
777 1489 980 1563 Ἀρχὴν
1038 1493 1094 1546 δέ
1152 1512 1285 1564 φασι
1344 1497 1452 1550 τῶν
1507 1499 1826 1569 ἀντιφώνων

246 1576 518 1644 ’ῐγνὰτιον
555 1584 812 1650 γενέσθαι
841 1587 931 1640 τὸν
962 1587 1248 1660 θεοφόρον,
1292 1593 1560 1662 ἀγγέλους
1595 1596 1656 1649 τὸ
1686 1597 1826 1651 θεῖον

234 1668 553 1738 ὑμνοῦντας
586 1675 778 1730 τοῦτον
819 1679 908 1732 τὸν
945 1681 1150 1751 τρόπον
1190 1685 1669 1758 ὲκμιμησὰμενον.
1702 1689 1827 1743 Ὅτι

232 1761 440 1828 Γαῖνᾶς
486 1767 515 1820 6
546 1767 828 1840 Ἀρειανὸς
880 1772 1107 1840 δυνατὸς
1157 1774 1233 1829 ὢν
1266 1777 1438 1848 ᾔτησε
1492 1780 1572 1849 τῷ
1619 1779 1831 1848 βασιλεῖ

1927 669 2079 724 leret.
2123 670 2226 724 Sed
2280 679 2401 738 post
2433 685 2536 722 non
2579 668 2665 723 ditt
2699 684 2820 724 cum
2851 667 3141 736 Eutmpius
3173 667 3287 735 ipse
3329 666 3394 718 ad
3427 680 3516 720 ec-

1925 762 2147 816 clesiam
2204 763 2552 832 perfugisset,
2605 762 2735 832 legis
2787 778 2898 818 sua:
2943 760 3177 816 fructum
3231 758 3374 813 tttlit.
3436 758 3512 812 Eo

1927 853 2092 922 igitur
2138 853 2202 906 ad
2243 870 2390 909 aram
2433 857 2739 924 'prostrato,
2806 851 3250 922 reprehensionis
3298 850 3511 916 plenam

1925 947 2229 1000 oralionem
2272 945 2798 1009 adhibuitJoannes,
2835 963 2937 1015 qua
2969 943 3323 1013 plurimorum
3363 941 3415 994 in
3455 954 3516 994 se

1927 1041 2109 1094 odium
2136 1040 2448 1094 concitavit.
2515 1037 2688 1093 Nimis
2741 1039 2885 1092 enim
2929 1037 3223 1090 inhumane
3256 1031 3514 1087 amictum

1929 1131 2202 1186 hominem
2233 1131 2482 1200 accipere
2515 1131 2662 1184 visus
2693 1139 2794 1185 est.
2853 1129 3073 1185 Arianis
3106 1143 3292 1182 sacras
3330 1125 3512 1181 eccle-

1929 1223 2040 1277 sias
2064 1224 2382 1289 ademit,et,
2411 1223 2755 1290 imperatoris
2774 1223 3062 1290 implorata
3091 1236 3216 1288 Ope,
3245 1214 3513 1273 Constan-

1930 1316 2150 1384 tiimpoli
2208 1318 2406 1386 exegit.
2480 1314 2806 1382 Antiphonis
2876 1313 2990 1384 (96)
3056 1313 3184 1366 item
3239 1309 3518 1384 [alternis

1927 1410 2232 1476 cantamlis,
2261 1409 2282 1481 ]
2332 1409 2529 1478 quibus
2577 1410 2650 1462 illi
2680 1409 2995 1475 compositis
3030 1406 3240 1476 plebem
3275 1405 3514 1458 circum-

1932 1504 2238 1562 veniebant,
2289 1502 2434 1572 81a
2487 1502 2703 1556 eosdem
2755 1504 3080 1570 superavit:
3117 1499 3189 1552 ita
3225 1495 3515 1562 adjuvaute

1927 1595 2190 1660 Angusta,
2245 1605 2295 1646 ut
2360 1603 2415 1645 et
2458 1603 2727 1661 argentea
2769 1607 2959 1644 cruces
2983 1590 3049 1642 ad
3085 1587 3515 1657 antiphonorttm

1927 1697 2146 1740 cantum
2195 1687 2559 1741 decorandum
2603 1684 3016 1738 adhiberentur.
3071 1681 3336 1736 Caeterum
3377 1678 3520 1732 anti-

1928 1782 2230 1848 phouorum
2298 1778 2565 1848 originem
2621 1777 2689 1830 ad
2738 1776 3006 1844 lgnatium
3062 1775 3211 1828 illum
3274 1771 3517 1836 divinum

234 1853 580 1928 ἐκκλησίαν,
639 1861 735 1915 καὶ
787 1863 816 1916 6
869 1862 1123 1937 Ἰωάννης
1176 1867 1370 1937 παρὼν
1431 1869 1573 1939 μετὰ
1624 1870 1827 1940 πολλῆς

1939 1870 2201 1925 hominem
2255 1869 2518 1932 referunt,
2581 1868 2765 1923 laudes
2794 1867 2886 1921 Dei
2917 1867 3267 1922 mucinentes
3297 1862 3521 1934 angelos

231 1947 547 2020 ἐπετίμησε
579 1952 680 2022 τῆς
714 1955 1028 2026 παρρησίας
1053 1957 1146 2011 καὶ
1173 1959 1271 2030 τὴν
1297 1961 1514 2031 αἴτησιν
1547 1961 1824 2033 ἀπεκρού-

1939 1963 2032 2016 hac
2059 1964 2108 2014 in
2137 1977 2192 2015 re
2215 1961 2536 2016 imitantem.
2557 1957 2882 2030 Gainas(97)
2903 1959 3155 2023 Arianus,
3181 1973 3301 2012 cum
3324 1965 3519 2024 poten-

233 2055 394 2093 σατο.
443 2042 636 2114 Χρόνῳ
667 2044 722 2097 δὲ
770 2045 998 2118 ὕστερον
1029 2053 1218 2120 χεῖρας
1248 2051 1582 2122 ἅντάραντος
1616 2051 1828 2123 βασιλεῖ

1939 2055 2003 2107 tia
2041 2052 2240 2106 valeret
2281 2052 2596 2121 plurimum,
2629 2050 2883 2118 templum
2911 2049 3129 2102 Arianis
3159 2048 3272 2102 suis
3304 2046 3356 2099 in
3391 2046 3524 2097 urbe

233 2132 409 2202 μηδὲν
436 2135 713 2205 μελλήσας
738 2139 784 2169 ⁸⁸
812 2141 840 2192 6
861 2141 1136 2211 Ἰωάννης,
1171 2141 1468 2208 ἀξιούντων
1492 2144 1653 2198 τοῦτο
1683 2148 1827 2200 πάν-

227 2241 383 2292 των,
440 2227 579 2298 πρὸς
630 2230 795 2284 αὐτὸν
853 2234 1216 2304 παραγίνεται
1251 2234 1823 2306 διαπρεσϐεύσασθαι,

228 2323 328 2402 sui.
353 2322 521 2376 παύει
549 2324 669 2378 τότε
696 2327 793 2396 τὴν
823 2329 1211 2385 ἐπανάστασιν.

1931 2145 2003 2200 ab
2026 2145 2350 2213 imperatore
2379 2143 2712 2212 postulabat.
2741 2139 2846 2196 Sed
2875 2139 3111 2196 Joannes
3134 2141 3204 2193 ibi
3238 2150 3347 2193 tmn
3377 2152 3521 2206 pra:-

1933 2251 2083 2301 sens,
2116 2237 2319 2308 ingenti
2349 2251 2469 2291 cum
2504 2235 2754 2288 libertate
2779 2250 2888 2288 rem
2923 2233 3140 2302 penitus
3169 2227 3521 2300 improbavit,

1927 2331 2246 2400 obstititque
2293 2344 2360 2382 ne
2425 2327 2692 2398 posmlata
2759 2327 2845 2381 ille
2914 2325 3185 2381 obtineret
3231 2337 3348 2377 sua.
3397 2319 3530 2373 Post

232 2407 405 2496 igitur
449 2430 574 2469 cum
623 2420 804 2488 capias
833 2420 995 2486 idem,
1039 2435 1226 2478 contra
1258 2424 1643 2494 imperatorem
1671 2427 1981 2496 insurgens.
2017 2425 2348 2492 collegisset,
2377 2421 2639 2488 Joannes,
2671 2421 2800 2474 nihil
2829 2421 3057 2488 veritus,
3089 2416 3311 2486 reliquis
3347 2414 3530 2470 omni-

227 2489 332 2561 bus
366 2503 420 2560 id
453 2508 873 2578 postulantibus,
923 2514 990 2567 ad
1051 2515 1341 2571 barbarum
1401 2517 1726 2588 legationem
1770 2520 2028 2584 instituit,
2074 2533 2138 2573 ac
2163 2517 2515 2572 rebellionem
2550 2517 2895 2586 compressit.

301 2603 432 2656 Ὅτι
482 2604 742 2670 Εὐσέϐιος
784 2608 894 2661 ἀπὸ
938 2609 1033 2662 τοῦ
1087 2611 1392 2666 Κελϐιανοῦ
1428 2615 1472 2646 ⁵⁷
1525 2615 1832 2680 ἐπίσκοπος

231 2695 811 2763 Οὒαλεντινουπόλεως
845 2699 890 2731 ⁸⁸
930 2702 1073 2756 κατὰ
1113 2703 1432 2760 Ἀντωνίνου
1461 2707 1506 2740 θ’
1537 2706 1634 2762 τοῦ
1679 2708 1836 2776 Ἐφε-

233 2790 374 2842 σίων
426 2789 707 2856 λιϐέλλους
755 2793 1054 2850 ἐπιδίδωσι.
1103 2797 1420 2870 Περιείχετο
1485 2800 1541 2854 δὲ
1591 2803 1702 2866 τοῖς
1755 2801 1836 2872 βι-

233 2883 411 2945 θὶίόις
447 2881 580 2954 [142
621 2881 718 2955 H.]
761 2885 1088 2958 ἐγκλήματα
1131 2889 1294 2956 ἑπτὰ,
1343 2892 1651 2964 ἱεροσυλίας
1678 2893 1827 2964 τρία·

232 2975 332 3026 καὶ
379 2974 466 3027 ὃτι
511 2975 682 3029 παῖδα
741 2977 907 3046 φονέα
948 2981 1213 3048 γεγονότα
1272 2983 1669 3053 ἀνεπιτίμητον
1718 2984 1833 3056 ἔχει

235 3068 362 3137 μεθ’
403 3067 605 3121 ἑαυτοῦ
630 3085 645 3099 ο
680 3072 774 3122 καὶ
809 3071 891 3125 ὅτι
935 3073 996 3126 τὸ
1021 3073 1276 3146 διαφέρον
1307 3079 1375 3148 τῇ
1410 3076 1712 3150 Ἐκκλησία
1738 3080 1830 3133 τό·

234 3177 368 3212 πιον
392 3159 441 3190 ⁷⁸
467 3199 484 3224 ,
510 3160 649 3231 ὅπερ
675 3161 934 3214 Βασιλίνα
965 3165 998 3234 ἡ
1026 3163 1121 3217 τοῦ
1173 3165 1462 3220 Ἰουλιανοῢ
1489 3169 1675 3240 μήτηρ
1703 3186 1837 3222 κατα

235 3253 421 3317 ἐλιπε,
470 3253 735 3324 πωλήσας
783 3255 1211 3327 ἐσφετερίσατοο
1260 3260 1355 3312 καὶ
1397 3261 1577 3333 ὅτιτῇ
1611 3263 1837 3331 γυναικὶ

236 3344 665 3415 ἀποταξάμενος
707 3348 1016 3418 συνήπτετο
1045 3351 1144 3402 καὶ
1177 3351 1595 3426 ὲπαιδοποίησεν
1643 3355 1704 3420 ἐξ
1738 3356 1837 3408 αύ-

2010 2613 2273 2671 Eusebius
2303 2612 2766 2682 Valentianopolis
2804 2619 2924 2680 post
2950 2607 3272 2663 Celbianum
3319 2601 3531 2672 episco-

1933 2724 2072 2779 pus,
2131 2717 2321 2762 contra
2364 2708 2701 2760 Antoninum
2736 2704 2848 2776 (98)
2911 2702 3270 2772 Ephesiorum
3309 2699 3530 2753 antisti-

1938 2811 2045 2856 tem
2081 2799 2292 2855 libellos
2320 2800 2538 2864 obtulit,
2589 2796 2786 2868 quibus
2810 2796 2901 2850 ille
2930 2806 3138 2864 septem
3163 2792 3532 2848 accusationis

1935 2893 2114 2964 capita
2147 2891 2262 2962 (99)
2295 2891 2609 2960 complexus
2629 2897 2750 2958 est;
2799 2888 3088 2958 sacrilegia
3138 2887 3288 2953 tria;
3337 2885 3535 2939 deinde

1939 2987 2084 3056 quod
2111 2999 2334 3054 puerum
2366 2983 2716 3049 boiuicidam,
2757 2996 2920 3050 quem
2971 2979 3174 3034 ideirco
3231 2991 3300 3030 ne
3339 2989 3528 3044 repre-

1943 3072 2220 3128 hendisset
2247 3071 2488 3140 quidem,
2519 3070 2660 3140 apud
2684 3085 2742 3126 se
2765 3071 3024 3125 haberet:
3057 3078 3168 3122 tum
3195 3067 3338 3132 quod
3377 3065 3535 3134 quid-

1943 3165 2069 3233 quid
2121 3165 2186 3216 ad
2221 3163 2476 3218 Ecclesiae
2503 3164 2796 3217 utilitatem
2818 3177 2846 3216 a
2869 3160 3104 3216 Basilina
3128 3157 3328 3214 Juliani
3357 3167 3533 3212 matre

1946 3256 2197 3311 relictum
2229 3266 2399 3322 esset,
2433 3256 2546 3325 ipse
2570 3254 2924 3321 vendidisset,
2943 3251 3491 3324 sibiqueviudicasset
3517 3267 3532 3304 :

1947 3347 2089 3414 quiut
2126 3360 2294 3398 uxore
2347 3353 2632 3413 prteterea,
2698 3359 2859 3412 quam
2895 3344 3113 3412 pietatis
3161 3351 3319 3396 antea
3358 3340 3541 3394 studio

237 3437 367 3504 τῆςο
437 3435 670 3506 ἕϐδομον
723 3435 780 3490 δὲ
840 3437 921 3490 ὅτι
980 3437 1073 3491 ἐπὶ
1123 3439 1373 3511 χρήμασι
1413 3441 1456 3472 ⁷¹
1522 3445 1834 3512 χειροτονεῖ.

1945 3441 2285 3500 desnruerat,
2319 3454 2505 3492 rursus
2538 3436 2880 3491 familiariter
2909 3445 3173 3498 uteretur,
3204 3450 3267 3488 ac
3290 3431 3535 3488 sobolem

251 3527 614 3592 Ἐξετάζεται
666 3529 740 3593 ὡς
778 3530 824 3560 ⁷³
865 3529 1167 3601 βαρύτερον
1210 3532 1272 3584 τὸ
1311 3531 1562 3600 ἕϐδομον,
1606 3536 1700 3588 καὶ
1739 3534 1840 3604 τῆς

242 3618 411 3689 δίκης
442 3619 542 3671 ἐπὶ
591 3618 726 3673 πολὺ
770 3621 1243 3693 παρατεινομένης
1286 3623 1710 3694 (ἐχρηματίζετο
1733 3626 1841 3697 γὰρ

244 3712 602 3765 ἐθελοκακεῖν
630 3713 723 3765 κα)⁸
749 3713 777 3764 6
811 3715 1164 3785 κατήγορος),
1188 3717 1216 3768 6
1253 3715 1351 3785 μὲν
1397 3716 1715 3781 Ἀντωνῖνος
1752 3734 1842 3770 τε-

243 3803 440 3874 λευτᾷ,
469 3805 499 3856 6
535 3803 592 3856 δὲ
628 3803 801 3873 μέγας
835 3802 1086 3874 Ἰωάννης
1108 3804 1241 3875 πρὸς
1268 3805 1368 3875 τὴν
1400 3806 1632 3875 Ἔφεσον
1665 3823 1844 3878 παρα-

245 3896 490 3964 γίνεται,
522 3893 768 3956 καὶτοὺς
804 3894 893 3946 ἐπὶ
925 3895 1169 3963 χρήμασι
1200 3895 1677 3963 χειροτονηθέντας
1713 3912 1844 3964 συγ-

248 3985 691 4055 καταθεμένους,
719 3984 780 4049 ἒξ
806 3984 967 4049 ὄντας
988 3985 1080 4039 τὸν
1107 3985 1362 4057 ἀριθμὸν,
1385 3986 1658 4057 καθαιρεῖ.
1697 3987 1846 4041 Καθ-

252 4080 411 4149 αιρεῖ
439 4077 500 4130 δὲ
558 4078 656 4131 καὶ
690 4077 776 4131 ἑτέ
788 4093 913 4149 ρους
952 4077 1010 4144 ἓξ
1037 4079 1095 4131 ὲν
1131 4081 1198 4150 τῇ
1247 4079 1404 4150 Ἀσίᾳ
1432 4078 1520 4131 διὰ
1545 4081 1647 4148 τὴν
1673 4079 1847 4151 αὐτὴν

249 4169 431 4221 νόσον.
470 4167 586 4221 Καὶ
608 4170 907 4238 χειροτονεῖ
927 4168 1049 4222 ἀντὶ
1075 4166 1175 4238 μὲν
1218 4168 1539 4222 Ἀντωνίνου
1561 4169 1850 4242 Ἡρακλεί-

250 4257 352 4327 δην
383 4255 477 4308 τὸν
510 4258 708 4309 οἰκεῖον
765 4257 1035 4321 διάκονον,
1069 4259 1153 4328 ἐφ’
1185 4252 1230 4328 ᾧ
1265 4259 1360 4312 καὶ
1391 4261 1591 4324 στάσις
1609 4261 1849 4331 συμϐαί-

253 4368 358 4417 νει,
403 4351 503 4403 καὶ
537 4349 660 4402 ἀντὶ
707 4350 816 4403 τῶν
844 4352 1046 4404 λοιπῶν
1080 4353 1302 4424 ἐτέρους
1348 4354 1606 4427 εύλαὸείᾳ
1659 4357 1754 4410 καὶ
1779 4359 1846 4428 τῇ

255 4442 396 4514 ἄλλῃ
433 4441 608 4514 ἀρετῇ
647 4441 782 4496 πολὺ
836 4443 1216 4514 διαφέροντας.
1269 4445 1412 4499 Ἀλλ’
1445 4440 1594 4500 οὗτοι
1647 4451 1853 4512 πάντες

256 4534 640 4606 ὲξορισθέντος
665 4534 758 4588 τοῦ
804 4535 1195 4607 Χρυσοστόμου
1220 4537 1328 4592 τῶν
1358 4539 1677 4594 ἐπισκοπῶν
1740 4541 1849 4595 ἀπο

1944 3531 2109 3584 etiam
2165 3547 2230 3584 ex
2279 3546 2339 3584 ea
2380 3529 2688 3584 sustulisset
2721 3546 2735 3583 :
2774 3529 3064 3598 septimum
3104 3528 3358 3593 denique,
3391 3523 3536 3593 qttnd

1947 3621 2173 3691 pecunia
2226 3632 2518 3688 corruptus
2566 3621 2864 3675 ordinaret.
2912 3621 2984 3674 ¹Ιιι
3023 3620 3314 3687 septimum
3356 3628 3536 3669 autem

1947 3716 2176 3778 crimen,
2238 3730 2360 3770 cum
2410 3715 2460 3767 id
2508 3714 2749 3767 omnium
2799 3712 3177 3782 gravissimum
3243 3711 3543 3772 videretur,

1948 3809 2264 3878 inquisitum
2294 3817 2397 3862 est.
2425 3808 2491 3861 At
2520 3808 2646 3860 dum
2666 3807 2929 3875 judicium
2956 3806 3060 3860 hoc
3089 3804 3140 3857 itt
3169 3806 3385 3873 longum
3417 3818 3545 3872 pro-

1951 3898 2264 3950 tenderetur
2317 3896 2407 3966 (de
2437 3896 2700 3951 industria
2729 3896 2875 3949 enim
2919 3895 3164 3963 improbe
3194 3908 3352 3961 agere
3377 3893 3542 3946 etiam

1950 3986 2066 4055 ipse
2108 3997 2389 4040 accusator
2417 3987 2750 4056 dicebatur),
2787 3986 3095 4039 Antoninus
3149 3983 3366 4036 interim
3401 3983 3545 4037 diem

1950 4079 2145 4134 clausit
2177 4089 2505 4134 extremum.
2543 4078 2722 4147 Quare
2752 4094 2977 4148 magnus
3007 4075 3246 4131 Joannes
3273 4074 3544 4144 Ephesum

1952 4171 2064 4239 ipse
2098 4172 2486 4239 proﬁciscitur,
2515 4173 2858 4242 pecuniaque
2903 4171 3203 4235 ordinatos,
3243 4177 3299 4223 et
3339 4166 3549 4221 crimen

1953 4265 2147 4329 lassos,
2209 4280 2305 4319 sex
2357 4281 2608 4329 ntunero,
2659 4265 2878 4319 sedibus
2931 4263 3230 4319 submovit.
3293 4258 3549 4314 Totidem

1953 4359 2086 4412 alios
2126 4359 2176 4412 in
2219 4375 2281 4413 ea
2344 4360 2455 4427 ipsa
2495 4361 2623 4412 Asia
2673 4360 2743 4414 ob
2793 4358 2936 4412 idem
2972 4358 3179 4410 crimen
3231 4354 3548 4422 epise0patu

1954 4451 2183 4520 expulit.
2221 4452 2278 4506 ltt
2305 4453 2560 4506 AntOniui
2606 4468 2734 4505 vero
2777 4450 2955 4506 locum
2993 4446 3333 4504 Heraclidem
3375 4445 3554 4498 diaco-

1957 4560 2086 4598 num
2121 4561 2276 4598 suum
2311 4543 2546 4610 suffecit,
2583 4545 2727 4598 unde
2753 4553 2809 4597 et
2851 4542 3048 4596 seditio
3077 4549 3264 4594 exorta
3303 4545 3406 4590 est.
3446 4532 3558 4586 Pro

255 4627 436 4696 ηλάθη
445 4644 570 4693 σαν,
586 4627 694 4682 τῶν
711 4629 1178 4699 κατεγνωσμένων
1199 4631 1295 4683 καὶ
1315 4630 1734 4703 ἐκϐεϐλημένων
1752 4633 1834 4688 πάι

1956 4636 2224 4692 submotis
2252 4637 2381 4691 item
2418 4637 2525 4690 illis
2551 4637 2698 4702 aliis,
2728 4637 2950 4704 pietate,
2973 4631 3298 4699 ceterisque
3330 4625 3552 4680 virtuti-

257 4717 344 4772 λιν
365 4722 481 4783 τοῖς
509 4719 724 4789 θρόνοις
747 4720 1226 4786 ὲγκαταστάντων.

1958 4728 2060 4784 bus
2087 4729 2244 4801 longe
2275 4732 2531 4784 meliores
2578 4729 2864 4797 episcopos
2923 4723 3156 4778 creavit.
3223 4719 3325 4786 Qui
3376 4727 3562 4774 tamen

263 4828 481 4876 omnes,
514 4812 670 4880 pulso
702 4823 822 4882 post
867 4814 919 4867 in
963 4815 1214 4868 exsilium
1242 4814 1660 4883 Chrysostomo,
1707 4819 2023 4891 episcopatu
2048 4825 2244 4893 privati
2278 4835 2426 4890 sunt,
2495 4821 2809 4891 receptique
2874 4819 2993 4873 suis
3051 4828 3266 4871 rursum
3308 4811 3560 4866 sedibus»

263 4907 358 4974 qui
384 4907 607 4975 judicio
637 4907 794 4976 ejecti
822 4919 997 4962 erant.

340 4996 468 5053 Ὅτι
502 5001 841 5071 Σεῦηριανὸς
892 5002 921 5054 6
953 5003 992 5055 Γ
995 5001 1212 5056 αϐἀλων
1245 5001 1435 5073 μαθὼν
1483 5004 1757 5074 ’Δντίοχον
1795 5021 1834 5058 ετ

2034 5004 2364 5060 Severianus
2417 5003 2495 5074 (1}
2555 4997 2776 5069 quidam
2837 4991 3169 5049 Gabalorutn
3245 4987 3558 5078 episc0ptts,

268 5093 848 5149 Κωνσταντινουπόλει
885 5098 1298 5167 παραγεγονότα
1326 5098 1420 5151 καὶ
1447 5096 1573 5171 [260
1607 5097 1698 5170 IL]
1725 5100 1859 5170 χρήο

1967 5095 2185 5165 (εοᾳηὶιο
2237 5070 2568 5146 Antiochum
2608 5079 3144 5150 Constantinopolim
3191 5075 3405 5130 venisse
3435 5070 3516 5142 (-2)
3547 5107 3566 5133 ,

1599 5231 1834 5290 VARIAB
1866 5229 2276 5292 LECTIONES.

345 5323 395 5356 “
425 5325 550 5378 libri
585 5326 849 5393 μελήσας.
955 5327 1000 5358 ⁸⁷
1026 5327 1086 5380 τὸ
1119 5327 1401 5382 κελϐιανὸν
1431 5331 1495 5384 Α.

1602 5330 1648 5361 ⁸⁸
1673 5330 2288 5391 Οὐαλεντιανουπόλεως
2321 5344 2383 5392 ς.

270 5399 385 5450 πᾶν
414 5398 482 5449 Α.
559 5399 602 5428 ⁷⁸
631 5399 894 5468 χρήματα
921 5415 980 5464 ς.
1059 5399 1104 5429 ⁷¹
1131 5411 1254 5454 ante
1278 5400 1352 5464 ὼς
1374 5417 1496 5454 eum
1526 5402 1572 5456 A
1593 5402 1750 5456 omisi
1791 5400 1871 5453 δέ.

2478 5323 2526 5356 ιο
2573 5317 2871 5374 Ἀντωνῖου
2900 5332 2965 5379 ς,
3054 5313 3102 5344 τ’
3127 5307 3314 5361 τόπιον
3341 5302 3383 5358 C
3416 5318 3484 5366 ς,
3512 5297 3584 5351 τδ

1821 5487 2057 5545 ΝΟΤΑΞ.

348 5581 464 5652 (96)
518 5580 831 5650 ’Δντίφωνα
857 5583 1115 5655 describit
1150 5582 1378 5655 Niceph.
1403 5600 1423 5636 ι
1445 5583 1721 5655 Carmina,
1746 5599 1867 5652 quae

279 5655 508 5707 alternis
547 5668 644 5722 per
692 5652 1101 5722 responsionem
1137 5652 1520 5710 conci—nuntur.
1557 5674 1576 5708 ι
1619 5652 1754 5709 Vide
1781 5665 1865 5707 to-

284 5736 391 5779 tum
417 5739 540 5792 cap.
573 5721 628 5775 8.

354 5794 470 5861 (97)
490 5791 497 5792 “
517 5791 813 5865 Decaina,
842 5791 956 5865 lege
989 5793 1214 5865 Niceph.
1242 5809 1362 5863 cap.
1397 5794 1431 5849 5
1462 5804 1516 5849 et
1551 5794 1603 5848 6.

355 5866 481 5943 (98)-
509 5864 611 5930 Qui
640 5865 788 5943 apud
815 5864 1102 5943 Nicephor.
1126 5864 1254 5938 cap.
1271 5866 1326 5934 9,
1356 5875 1410 5922 et
1440 5865 1607 5922 semel
1635 5865 1720 5920 hic
1749 5877 1857 5920 non

289 5947 432 5993 recte
455 5936 724 5992 Antonius
741 5936 1056 6007 appellatur.

2047 5581 2330 5652 (99).th
2360 5579 2511 5652 lese?
2542 5571 2684 5652 arm!
2716 5555 3327 5652 Pulte'!:_e‘.i!€'.‘1t:l"-

2145 5628 2472 5722 Ι
2481 5628 2529 5698 is
2552 5628 2628 5711 έν
2638 5639 2732 5692 riae
2742 5637 3010 5722 ςρίξεριχ

2047 5707 2126 5790 (Ξῖ
2164 5720 2390 5789 Niceph.
2420 5718 2540 5770 lucc
2575 5707 2794 5789 capas.
2835 5707 2944 5784 sub
2978 5707 3042 5753 tir

2047 5811 2072 5840 ιε
2117 5795 2233 5840 inso
2277 5789 2541 5840 nroducta
2597 5788 2916 5832 testimonia
2967 5785 3042 5840 ap

1969 5788 2233 5860 ltoc'ipso
2277 5788 2541 5857 producta
2597 5788 2781 5832 testim

1971 5862 2247 5926 Eranista,
2290 5854 2660 5922 meminitque
2709 5845 2781 5900 Ge

2835 5695 3076 5757 sub—ﬁn.
3110 5695 3299 5749 Hath
3330 5697 3517 5744 autem
3549 5705 3626 5747 ex

3047 5771 3114 5822 nd
3143 5762 3501 5816 'l‘tteodoret.
3566 5762 3634 5814 in

2709 5826 2973 5900 denu-ad.
3004 5826 3079 5892 ἰιι
3113 5831 3308 5890 Catal.
3362 5840 3492 5892 cap.
3529 5826 3642 5884 at,
