  <div class='ocr_page' id='page_1' title='image "/cluster/home/n/w/nwhite01/storage/ocr_20150623/103/hvd.32044018872861/183.png"; bbox 0 0 4090 6418; ppageno 0'>
   <div class='ocr_carea' id='block_1_1' title="bbox 522 420 625 489">
    <p class='ocr_par' dir='ltr' id='par_1_1' title="bbox 522 420 625 489">
     <span class='ocr_line' id='line_1_1' title="bbox 522 420 625 489; baseline 0 -1"><span class='ocrx_word' id='word_1_1' title='bbox 522 420 625 489; x_wconf 80' lang='lat'><strong>351</strong></span> 
     </span>
    </p>
   </div>
   <div class='ocr_carea' id='block_1_2' title="bbox 1692 429 2644 498">
    <p class='ocr_par' dir='ltr' id='par_1_2' title="bbox 1692 429 2644 498">
     <span class='ocr_line' id='line_1_2' title="bbox 1692 429 2644 498; baseline 0.003 -4"><span class='ocrx_word' id='word_1_2' title='bbox 1692 429 1959 494; x_wconf 85' lang='lat' dir='ltr'><strong>PHOTII</strong></span> <span class='ocrx_word' id='word_1_3' title='bbox 1987 430 2493 494; x_wconf 71' lang='grc' dir='ltr'><strong>ΡΑΤΒΙΑΠΟΗᾸΞ</strong></span> <span class='ocrx_word' id='word_1_4' title='bbox 2532 435 2644 498; x_wconf 88' lang='lat' dir='ltr'><strong>CP.</strong></span> 
     </span>
    </p>
   </div>
   <div class='ocr_carea' id='block_1_3' title="bbox 3698 430 3809 496">
    <p class='ocr_par' dir='ltr' id='par_1_3' title="bbox 3698 430 3809 496">
     <span class='ocr_line' id='line_1_3' title="bbox 3698 430 3809 496; baseline -0.027 0"><span class='ocrx_word' id='word_1_5' title='bbox 3698 430 3809 496; x_wconf 79' lang='lat'><strong>352</strong></span> 
     </span>
    </p>
   </div>
   <div class='ocr_carea' id='block_1_4' title="bbox 525 542 2137 620">
    <p class='ocr_par' dir='ltr' id='par_1_4' title="bbox 525 542 2116 617">
     <span class='ocr_line' id='line_1_4' title="bbox 525 542 2116 617; baseline 0 -19"><span class='ocrx_word' id='word_1_6' title='bbox 525 553 690 614; x_wconf 80' lang='lat' dir='ltr'><strong>atque</strong></span> <span class='ocrx_word' id='word_1_7' title='bbox 714 556 812 615; x_wconf 88' lang='lat' dir='ltr'><strong>per</strong></span> <span class='ocrx_word' id='word_1_8' title='bbox 838 542 1051 601; x_wconf 82' lang='lat' dir='ltr'><strong>dicendi</strong></span> <span class='ocrx_word' id='word_1_9' title='bbox 1097 544 1327 617; x_wconf 77' lang='lat' dir='ltr'><strong>gratiam</strong></span> <span class='ocrx_word' id='word_1_10' title='bbox 1362 560 1474 601; x_wconf 86' lang='lat' dir='ltr'><strong>rem</strong></span> <span class='ocrx_word' id='word_1_11' title='bbox 1507 546 1727 602; x_wconf 75' lang='lat' dir='ltr'><strong>auxisse</strong></span> <span class='ocrx_word' id='word_1_12' title='bbox 1762 547 2116 611; x_wconf 81' lang='lat' dir='ltr'><strong>familiarem,</strong></span> 
     </span>
    </p>
   </div>
   <div class='ocr_carea' id='block_1_5' title="bbox 2240 542 3807 620">
    <p class='ocr_par' dir='ltr' id='par_1_5' title="bbox 2240 546 3807 620">
     <span class='ocr_line' id='line_1_5' title="bbox 2240 546 3807 620; baseline 0.002 -21"><span class='ocrx_word' id='word_1_13' title='bbox 2240 565 2371 602; x_wconf 77' lang='grc' dir='ltr'><strong>ιατα</strong></span> <span class='ocrx_word' id='word_1_14' title='bbox 2392 547 2481 602; x_wconf 85' lang='grc' dir='ltr'><strong>διὰ</strong></span> <span class='ocrx_word' id='word_1_15' title='bbox 2513 549 2612 619; x_wconf 82' lang='grc' dir='ltr'><strong>τὴν</strong></span> <span class='ocrx_word' id='word_1_16' title='bbox 2638 548 2930 620; x_wconf 78' lang='grc' dir='ltr'><strong>ῥητορείαν</strong></span> <span class='ocrx_word' id='word_1_17' title='bbox 2959 546 3125 602; x_wconf 77' lang='grc' dir='ltr'><strong>αὐτοῦ</strong></span> <span class='ocrx_word' id='word_1_18' title='bbox 3157 547 3554 619; x_wconf 79' lang='grc' dir='ltr'><strong>συλλεξάμενον</strong></span> <span class='ocrx_word' id='word_1_19' title='bbox 3584 549 3682 602; x_wconf 79' lang='grc' dir='ltr'><strong>καὶ</strong></span> <span class='ocrx_word' id='word_1_20' title='bbox 3701 551 3807 603; x_wconf 82' lang='grc' dir='ltr'><strong>αύ-</strong></span> 
     </span>
    </p>
   </div>
   <div class='ocr_carea' id='block_1_6' title="bbox 526 634 2114 708">
    <p class='ocr_par' dir='ltr' id='par_1_6' title="bbox 526 634 2114 708">
     <span class='ocr_line' id='line_1_6' title="bbox 526 634 2114 708; baseline 0.003 -19"><span class='ocrx_word' id='word_1_21' title='bbox 526 634 716 691; x_wconf 86' lang='lat' dir='ltr'><strong>eodem</strong></span> <span class='ocrx_word' id='word_1_22' title='bbox 764 644 819 690; x_wconf 88' lang='lat' dir='ltr'><strong>et</strong></span> <span class='ocrx_word' id='word_1_23' title='bbox 870 636 982 707; x_wconf 90' lang='lat' dir='ltr'><strong>ipse</strong></span> <span class='ocrx_word' id='word_1_24' title='bbox 1009 638 1261 694; x_wconf 85' lang='lat' dir='ltr'><strong>accessit.</strong></span> <span class='ocrx_word' id='word_1_25' title='bbox 1307 638 1442 692; x_wconf 88' lang='lat' dir='ltr'><strong>lluic</strong></span> <span class='ocrx_word' id='word_1_26' title='bbox 1487 638 1908 707; x_wconf 85' lang='lat' dir='ltr'><strong>igiturJoanues</strong></span> <span class='ocrx_word' id='word_1_27' title='bbox 1935 638 2114 708; x_wconf 88' lang='lat' dir='ltr'><strong>Ephe-</strong></span> 
     </span>
    </p>
   </div>
   <div class='ocr_carea' id='block_1_7' title="bbox 526 730 2113 799">
    <p class='ocr_par' dir='ltr' id='par_1_7' title="bbox 526 730 2113 799">
     <span class='ocr_line' id='line_1_7' title="bbox 526 730 2113 799; baseline 0.002 -18"><span class='ocrx_word' id='word_1_28' title='bbox 526 744 648 783; x_wconf 89' lang='lat' dir='ltr'><strong>sum</strong></span> <span class='ocrx_word' id='word_1_29' title='bbox 693 730 1068 799; x_wconf 85' lang='lat' dir='ltr'><strong>proficiscens,</strong></span> <span class='ocrx_word' id='word_1_30' title='bbox 1121 745 1272 793; x_wconf 87' lang='lat' dir='ltr'><strong>suas,</strong></span> <span class='ocrx_word' id='word_1_31' title='bbox 1310 733 1436 786; x_wconf 90' lang='lat' dir='ltr'><strong>dum</strong></span> <span class='ocrx_word' id='word_1_32' title='bbox 1476 732 1711 797; x_wconf 78' lang='lat' dir='ltr'><strong>abesset,</strong></span> <span class='ocrx_word' id='word_1_33' title='bbox 1769 732 1995 787; x_wconf 89' lang='lat' dir='ltr'><strong>docendi</strong></span> <span class='ocrx_word' id='word_1_34' title='bbox 2061 730 2113 787; x_wconf 88' lang='lat' dir='ltr'><strong>itt</strong></span> 
     </span>
    </p>
   </div>
   <div class='ocr_carea' id='block_1_8' title="bbox 528 818 2114 896">
    <p class='ocr_par' dir='ltr' id='par_1_8' title="bbox 528 818 2114 896">
     <span class='ocr_line' id='line_1_8' title="bbox 528 818 2114 896; baseline 0.003 -22"><span class='ocrx_word' id='word_1_35' title='bbox 528 818 773 876; x_wconf 83' lang='lat' dir='ltr'><strong>Ecclesia</strong></span> <span class='ocrx_word' id='word_1_36' title='bbox 811 822 961 878; x_wconf 81' lang='lat' dir='ltr'><strong>vices</strong></span> <span class='ocrx_word' id='word_1_37' title='bbox 989 824 1411 879; x_wconf 82' lang='lat' dir='ltr'><strong>commendavit.</strong></span> <span class='ocrx_word' id='word_1_38' title='bbox 1462 825 1599 882; x_wconf 83' lang='lat' dir='ltr'><strong>llinc</strong></span> <span class='ocrx_word' id='word_1_39' title='bbox 1630 840 1763 896; x_wconf 83' lang='lat' dir='ltr'><strong>ergo</strong></span> <span class='ocrx_word' id='word_1_40' title='bbox 1795 825 2114 894; x_wconf 76' lang='lat' dir='ltr'><strong>imperatori</strong></span> 
     </span>
    </p>
   </div>
   <div class='ocr_carea' id='block_1_9' title="bbox 530 914 1718 985">
    <p class='ocr_par' dir='ltr' id='par_1_9' title="bbox 530 914 1718 985">
     <span class='ocr_line' id='line_1_9' title="bbox 530 914 1718 985; baseline 0.004 -16"><span class='ocrx_word' id='word_1_41' title='bbox 530 914 864 969; x_wconf 85' lang='lat' dir='ltr'><strong>Severianus</strong></span> <span class='ocrx_word' id='word_1_42' title='bbox 898 915 1266 985; x_wconf 86' lang='lat' dir='ltr'><strong>omnibusque</strong></span> <span class='ocrx_word' id='word_1_43' title='bbox 1295 917 1431 972; x_wconf 88' lang='lat' dir='ltr'><strong>adeo</strong></span> <span class='ocrx_word' id='word_1_44' title='bbox 1461 918 1718 974; x_wconf 88' lang='lat' dir='ltr'><strong>innotuit.</strong></span> 
     </span>
    </p>
   </div>
   <div class='ocr_carea' id='block_1_10' title="bbox 598 1004 2117 1081">
    <p class='ocr_par' dir='ltr' id='par_1_10' title="bbox 598 1004 2117 1081">
     <span class='ocr_line' id='line_1_10' title="bbox 598 1004 2117 1081; baseline 0.009 -22"><span class='ocrx_word' id='word_1_45' title='bbox 598 1007 644 1060; x_wconf 87' lang='lat' dir='ltr'><strong>A</strong></span> <span class='ocrx_word' id='word_1_46' title='bbox 665 1004 963 1079; x_wconf 81' lang='lat' dir='ltr'><strong>Callitropa</strong></span> <span class='ocrx_word' id='word_1_47' title='bbox 984 1008 1083 1081; x_wconf 81' lang='grc'><strong>(5),</strong></span> <span class='ocrx_word' id='word_1_48' title='bbox 1104 1010 1449 1079; x_wconf 86' lang='lat' dir='ltr'><strong>pronauclcri</strong></span> <span class='ocrx_word' id='word_1_49' title='bbox 1481 1012 1762 1080; x_wconf 79' lang='lat' dir='ltr'><strong>cujusdam</strong></span> <span class='ocrx_word' id='word_1_50' title='bbox 1794 1015 1981 1079; x_wconf 87' lang='lat' dir='ltr'><strong>vidua,</strong></span> <span class='ocrx_word' id='word_1_51' title='bbox 2007 1016 2117 1072; x_wconf 81' lang='lat' dir='ltr'><strong>ini-</strong></span> 
     </span>
    </p>
   </div>
   <div class='ocr_carea' id='block_1_11' title="bbox 529 1100 2115 1176">
    <p class='ocr_par' dir='ltr' id='par_1_11' title="bbox 529 1100 2115 1176">
     <span class='ocr_line' id='line_1_11' title="bbox 529 1100 2115 1176; baseline 0.008 -24"><span class='ocrx_word' id='word_1_52' title='bbox 529 1114 651 1169; x_wconf 71' lang='lat' dir='ltr'><strong>quae</strong></span> <span class='ocrx_word' id='word_1_53' title='bbox 704 1100 1063 1170; x_wconf 73' lang='lat' dir='ltr'><strong>exigebantur</strong></span> <span class='ocrx_word' id='word_1_54' title='bbox 1084 1100 1285 1157; x_wconf 66' lang='lat' dir='ltr'><strong>multae.</strong></span> <span class='ocrx_word' id='word_1_55' title='bbox 1306 1101 1593 1158; x_wconf 77' lang='lat' dir='ltr'><strong>Paulacius</strong></span> <span class='ocrx_word' id='word_1_56' title='bbox 1623 1119 1750 1157; x_wconf 84' lang='lat' dir='ltr'><strong>vero</strong></span> <span class='ocrx_word' id='word_1_57' title='bbox 1772 1105 1917 1176; x_wconf 76' lang='lat' dir='ltr'><strong>81b</strong></span> <span class='ocrx_word' id='word_1_58' title='bbox 1947 1107 2115 1164; x_wconf 80' lang='lat' dir='ltr'><strong>Alex-</strong></span> 
     </span>
    </p>
   </div>
   <div class='ocr_carea' id='block_1_12' title="bbox 531 1190 2119 1268">
    <p class='ocr_par' dir='ltr' id='par_1_12' title="bbox 531 1190 2119 1268">
     <span class='ocr_line' id='line_1_12' title="bbox 531 1190 2119 1268; baseline 0.008 -25"><span class='ocrx_word' id='word_1_59' title='bbox 531 1190 737 1245; x_wconf 66' lang='lat' dir='ltr'><strong>andriae</strong></span> <span class='ocrx_word' id='word_1_60' title='bbox 764 1191 1080 1258; x_wconf 77' lang='lat' dir='ltr'><strong>Augustalis</strong></span> <span class='ocrx_word' id='word_1_61' title='bbox 1128 1192 1214 1248; x_wconf 89' lang='lat' dir='ltr'><strong>his</strong></span> <span class='ocrx_word' id='word_1_62' title='bbox 1278 1194 1671 1265; x_wconf 80' lang='lat' dir='ltr'><strong>exprimendis,</strong></span> <span class='ocrx_word' id='word_1_63' title='bbox 1714 1212 1834 1268; x_wconf 73' lang='lat' dir='ltr'><strong>qua:</strong></span> <span class='ocrx_word' id='word_1_64' title='bbox 1867 1215 2119 1256; x_wconf 79' lang='lat' dir='ltr'><strong>nummo-</strong></span> 
     </span>
    </p>
   </div>
   <div class='ocr_carea' id='block_1_13' title="bbox 532 1284 2118 1355">
    <p class='ocr_par' dir='ltr' id='par_1_13' title="bbox 532 1284 2118 1355">
     <span class='ocr_line' id='line_1_13' title="bbox 532 1284 2118 1355; baseline 0.003 -16"><span class='ocrx_word' id='word_1_65' title='bbox 532 1299 654 1339; x_wconf 90' lang='lat' dir='ltr'><strong>rum</strong></span> <span class='ocrx_word' id='word_1_66' title='bbox 684 1284 1104 1355; x_wconf 89' lang='lat' dir='ltr'><strong>quingentorum</strong></span> <span class='ocrx_word' id='word_1_67' title='bbox 1141 1301 1407 1339; x_wconf 87' lang='lat' dir='ltr'><strong>summam</strong></span> <span class='ocrx_word' id='word_1_68' title='bbox 1431 1286 1819 1355; x_wconf 83' lang='lat' dir='ltr'><strong>conficiebant,</strong></span> <span class='ocrx_word' id='word_1_69' title='bbox 1862 1290 2118 1345; x_wconf 86' lang='lat' dir='ltr'><strong>miseram</strong></span> 
     </span>
    </p>
   </div>
   <div class='ocr_carea' id='block_1_14' title="bbox 533 1377 2125 1452">
    <p class='ocr_par' dir='ltr' id='par_1_14' title="bbox 533 1377 2125 1452">
     <span class='ocr_line' id='line_1_14' title="bbox 533 1377 2125 1452; baseline 0.005 -21"><span class='ocrx_word' id='word_1_70' title='bbox 533 1380 849 1434; x_wconf 85' lang='lat' dir='ltr'><strong>exercebat.</strong></span> <span class='ocrx_word' id='word_1_71' title='bbox 877 1377 1133 1449; x_wconf 77' lang='lat' dir='ltr'><strong>Confugit</strong></span> <span class='ocrx_word' id='word_1_72' title='bbox 1156 1378 1271 1435; x_wconf 78' lang='lat' dir='ltr'><strong>haec</strong></span> <span class='ocrx_word' id='word_1_73' title='bbox 1300 1380 1364 1432; x_wconf 89' lang='lat' dir='ltr'><strong>ad</strong></span> <span class='ocrx_word' id='word_1_74' title='bbox 1392 1380 1714 1452; x_wconf 79' lang='lat' dir='ltr'><strong>Augustam,</strong></span> <span class='ocrx_word' id='word_1_75' title='bbox 1738 1396 1859 1451; x_wconf 58' lang='lat' dir='ltr'><strong>qua</strong></span> <span class='ocrx_word' id='word_1_76' title='bbox 1883 1398 1913 1438; x_wconf 93' lang='lat' dir='ltr'><strong>a</strong></span> <span class='ocrx_word' id='word_1_77' title='bbox 1932 1382 2125 1439; x_wconf 84' lang='lat' dir='ltr'><strong>Paula-</strong></span> 
     </span>
    </p>
   </div>
   <div class='ocr_carea' id='block_1_15' title="bbox 532 1472 2122 1548">
    <p class='ocr_par' dir='ltr' id='par_1_15' title="bbox 532 1472 2122 1548">
     <span class='ocr_line' id='line_1_15' title="bbox 532 1472 2122 1548; baseline 0.003 -21"><span class='ocrx_word' id='word_1_78' title='bbox 532 1475 619 1527; x_wconf 85' lang='lat' dir='ltr'><strong>cio</strong></span> <span class='ocrx_word' id='word_1_79' title='bbox 650 1473 771 1528; x_wconf 83' lang='lat' dir='ltr'><strong>auri</strong></span> <span class='ocrx_word' id='word_1_80' title='bbox 805 1473 970 1528; x_wconf 88' lang='lat' dir='ltr'><strong>libras</strong></span> <span class='ocrx_word' id='word_1_81' title='bbox 991 1483 1207 1529; x_wconf 89' lang='lat' dir='ltr'><strong>centum</strong></span> <span class='ocrx_word' id='word_1_82' title='bbox 1237 1472 1417 1528; x_wconf 67' lang='lat' dir='ltr'><strong>multae</strong></span> <span class='ocrx_word' id='word_1_83' title='bbox 1447 1474 1667 1529; x_wconf 87' lang='lat' dir='ltr'><strong>nomine</strong></span> <span class='ocrx_word' id='word_1_84' title='bbox 1689 1476 1909 1546; x_wconf 79' lang='lat' dir='ltr'><strong>exegit:</strong></span> <span class='ocrx_word' id='word_1_85' title='bbox 1938 1492 1970 1533; x_wconf 89' lang='lat' dir='ltr'><strong>e</strong></span> <span class='ocrx_word' id='word_1_86' title='bbox 2000 1478 2122 1548; x_wconf 89' lang='lat' dir='ltr'><strong>qui-</strong></span> 
     </span>
    </p>
   </div>
   <div class='ocr_carea' id='block_1_16' title="bbox 535 1565 2124 1626">
    <p class='ocr_par' dir='ltr' id='par_1_16' title="bbox 535 1565 2124 1626">
     <span class='ocr_line' id='line_1_16' title="bbox 535 1565 2124 1626; baseline 0.004 -7"><span class='ocrx_word' id='word_1_87' title='bbox 535 1566 637 1621; x_wconf 84' lang='lat' dir='ltr'><strong>bus</strong></span> <span class='ocrx_word' id='word_1_88' title='bbox 702 1575 883 1621; x_wconf 90' lang='lat' dir='ltr'><strong>tamen</strong></span> <span class='ocrx_word' id='word_1_89' title='bbox 932 1566 1133 1621; x_wconf 87' lang='lat' dir='ltr'><strong>misere</strong></span> <span class='ocrx_word' id='word_1_90' title='bbox 1185 1566 1312 1621; x_wconf 87' lang='lat' dir='ltr'><strong>huic</strong></span> <span class='ocrx_word' id='word_1_91' title='bbox 1360 1565 1575 1623; x_wconf 74' lang='lat' dir='ltr'><strong>aﬂlictzn</strong></span> <span class='ocrx_word' id='word_1_92' title='bbox 1637 1568 1975 1625; x_wconf 62' lang='lat' dir='ltr'><strong>muliercula:</strong></span> <span class='ocrx_word' id='word_1_93' title='bbox 2029 1586 2124 1626; x_wconf 86' lang='lat' dir='ltr'><strong>sex</strong></span> 
     </span>
    </p>
   </div>
   <div class='ocr_carea' id='block_1_17' title="bbox 538 1656 2127 1733">
    <p class='ocr_par' dir='ltr' id='par_1_17' title="bbox 538 1656 2127 1733">
     <span class='ocr_line' id='line_1_17' title="bbox 538 1656 2127 1733; baseline 0.006 -24"><span class='ocrx_word' id='word_1_94' title='bbox 538 1665 745 1710; x_wconf 81' lang='lat' dir='ltr'><strong>tantum</strong></span> <span class='ocrx_word' id='word_1_95' title='bbox 802 1667 857 1710; x_wconf 85' lang='lat' dir='ltr'><strong>et</strong></span> <span class='ocrx_word' id='word_1_96' title='bbox 910 1656 1131 1726; x_wconf 90' lang='lat' dir='ltr'><strong>triginta</strong></span> <span class='ocrx_word' id='word_1_97' title='bbox 1178 1657 1382 1712; x_wconf 91' lang='lat' dir='ltr'><strong>nummi</strong></span> <span class='ocrx_word' id='word_1_98' title='bbox 1424 1669 1730 1715; x_wconf 90' lang='lat' dir='ltr'><strong>cesserunt.</strong></span> <span class='ocrx_word' id='word_1_99' title='bbox 1802 1660 1897 1717; x_wconf 85' lang='lat' dir='ltr'><strong>Illa</strong></span> <span class='ocrx_word' id='word_1_100' title='bbox 1958 1662 2127 1733; x_wconf 89' lang='lat' dir='ltr'><strong>igitur</strong></span> 
     </span>
    </p>
   </div>
   <div class='ocr_carea' id='block_1_18' title="bbox 535 1747 2123 1822">
    <p class='ocr_par' dir='ltr' id='par_1_18' title="bbox 535 1747 2123 1822">
     <span class='ocr_line' id='line_1_18' title="bbox 535 1747 2123 1822; baseline 0.004 -21"><span class='ocrx_word' id='word_1_101' title='bbox 535 1747 686 1803; x_wconf 80' lang='lat' dir='ltr'><strong>velut</strong></span> <span class='ocrx_word' id='word_1_102' title='bbox 707 1749 758 1804; x_wconf 95' lang='lat' dir='ltr'><strong>in</strong></span> <span class='ocrx_word' id='word_1_103' title='bbox 795 1764 1138 1804; x_wconf 83' lang='lat' dir='ltr'><strong>communem</strong></span> <span class='ocrx_word' id='word_1_104' title='bbox 1170 1758 1495 1815; x_wconf 87' lang='lat' dir='ltr'><strong>tempestate</strong></span> <span class='ocrx_word' id='word_1_105' title='bbox 1519 1749 1851 1822; x_wconf 86' lang='lat' dir='ltr'><strong>jactatorum</strong></span> <span class='ocrx_word' id='word_1_106' title='bbox 1884 1764 2123 1822; x_wconf 89' lang='lat' dir='ltr'><strong>portum,</strong></span> 
     </span>
    </p>
   </div>
   <div class='ocr_carea' id='block_1_19' title="bbox 536 1839 2124 1915">
    <p class='ocr_par' dir='ltr' id='par_1_19' title="bbox 536 1839 2124 1915">
     <span class='ocr_line' id='line_1_19' title="bbox 536 1839 2124 1915; baseline 0.006 -24"><span class='ocrx_word' id='word_1_107' title='bbox 536 1839 603 1893; x_wconf 90' lang='lat' dir='ltr'><strong>ad</strong></span> <span class='ocrx_word' id='word_1_108' title='bbox 651 1855 906 1908; x_wconf 84' lang='lat' dir='ltr'><strong>magnum</strong></span> <span class='ocrx_word' id='word_1_109' title='bbox 954 1855 1014 1896; x_wconf 90' lang='lat' dir='ltr'><strong>se</strong></span> <span class='ocrx_word' id='word_1_110' title='bbox 1045 1842 1249 1911; x_wconf 85' lang='lat' dir='ltr'><strong>recepit</strong></span> <span class='ocrx_word' id='word_1_111' title='bbox 1275 1839 1541 1898; x_wconf 79' lang='lat' dir='ltr'><strong>Joannem</strong></span> <span class='ocrx_word' id='word_1_112' title='bbox 1578 1859 1593 1899; x_wconf 87' lang='lat'><strong>:</strong></span> <span class='ocrx_word' id='word_1_113' title='bbox 1633 1844 1727 1915; x_wconf 89' lang='lat' dir='ltr'><strong>qui</strong></span> <span class='ocrx_word' id='word_1_114' title='bbox 1764 1860 1889 1902; x_wconf 87' lang='lat' dir='ltr'><strong>mox</strong></span> <span class='ocrx_word' id='word_1_115' title='bbox 1946 1846 2124 1902; x_wconf 88' lang='lat' dir='ltr'><strong>dicam</strong></span> 
     </span>
    </p>
   </div>
   <div class='ocr_carea' id='block_1_20' title="bbox 535 1928 2127 2007">
    <p class='ocr_par' dir='ltr' id='par_1_20' title="bbox 535 1928 2127 2007">
     <span class='ocr_line' id='line_1_20' title="bbox 535 1928 2127 2007; baseline 0.006 -23"><span class='ocrx_word' id='word_1_116' title='bbox 535 1928 791 1987; x_wconf 85' lang='lat' dir='ltr'><strong>Paulacio</strong></span> <span class='ocrx_word' id='word_1_117' title='bbox 825 1932 1049 2003; x_wconf 85' lang='lat' dir='ltr'><strong>scripsit</strong></span> <span class='ocrx_word' id='word_1_118' title='bbox 1089 1935 1156 1988; x_wconf 86' lang='lat' dir='ltr'><strong>de</strong></span> <span class='ocrx_word' id='word_1_119' title='bbox 1190 1934 1502 2004; x_wconf 87' lang='lat' dir='ltr'><strong>quingentis</strong></span> <span class='ocrx_word' id='word_1_120' title='bbox 1542 1935 1720 1992; x_wconf 73' lang='lat' dir='ltr'><strong>vidua:</strong></span> <span class='ocrx_word' id='word_1_121' title='bbox 1773 1936 1957 1996; x_wconf 89' lang='lat' dir='ltr'><strong>aureis</strong></span> <span class='ocrx_word' id='word_1_122' title='bbox 2003 1951 2127 2007; x_wconf 90' lang='lat' dir='ltr'><strong>per-</strong></span> 
     </span>
    </p>
   </div>
   <div class='ocr_carea' id='block_1_21' title="bbox 535 2023 2131 2091">
    <p class='ocr_par' dir='ltr' id='par_1_21' title="bbox 535 2023 2131 2091">
     <span class='ocr_line' id='line_1_21' title="bbox 535 2023 2131 2091; baseline 0.004 -11"><span class='ocrx_word' id='word_1_123' title='bbox 535 2023 835 2080; x_wconf 84' lang='lat' dir='ltr'><strong>solvendis.</strong></span> <span class='ocrx_word' id='word_1_124' title='bbox 912 2024 1159 2079; x_wconf 82' lang='lat' dir='ltr'><strong>Eudoxia</strong></span> <span class='ocrx_word' id='word_1_125' title='bbox 1203 2026 1329 2081; x_wconf 93' lang='lat' dir='ltr'><strong>hinc</strong></span> <span class='ocrx_word' id='word_1_126' title='bbox 1361 2026 1701 2091; x_wconf 68' lang='lat' dir='ltr'><strong>lsimultatem</strong></span> <span class='ocrx_word' id='word_1_127' title='bbox 1751 2044 1875 2085; x_wconf 92' lang='lat' dir='ltr'><strong>cum</strong></span> <span class='ocrx_word' id='word_1_128' title='bbox 1919 2027 2131 2086; x_wconf 79' lang='lat' dir='ltr'><strong>Joanne</strong></span> 
     </span>
    </p>
   </div>
   <div class='ocr_carea' id='block_1_22' title="bbox 537 2117 2131 2191">
    <p class='ocr_par' dir='ltr' id='par_1_22' title="bbox 537 2117 2131 2191">
     <span class='ocr_line' id='line_1_22' title="bbox 537 2117 2131 2191; baseline 0.008 -22"><span class='ocrx_word' id='word_1_129' title='bbox 537 2118 800 2185; x_wconf 85' lang='lat' dir='ltr'><strong>suscepit,</strong></span> <span class='ocrx_word' id='word_1_130' title='bbox 850 2117 1081 2171; x_wconf 90' lang='lat' dir='ltr'><strong>liberum</strong></span> <span class='ocrx_word' id='word_1_131' title='bbox 1124 2117 1321 2172; x_wconf 88' lang='lat' dir='ltr'><strong>dimitti</strong></span> <span class='ocrx_word' id='word_1_132' title='bbox 1357 2118 1670 2175; x_wconf 86' lang='lat' dir='ltr'><strong>Paulacium</strong></span> <span class='ocrx_word' id='word_1_133' title='bbox 1696 2131 1988 2191; x_wconf 80' lang='lat' dir='ltr'><strong>satagens;</strong></span> <span class='ocrx_word' id='word_1_134' title='bbox 2032 2138 2131 2181; x_wconf 87' lang='lat' dir='ltr'><strong>ne-</strong></span> 
     </span>
    </p>
   </div>
   <div class='ocr_carea' id='block_1_23' title="bbox 538 2208 2131 2283">
    <p class='ocr_par' dir='ltr' id='par_1_23' title="bbox 538 2208 2131 2283">
     <span class='ocr_line' id='line_1_23' title="bbox 538 2208 2131 2283; baseline 0.007 -22"><span class='ocrx_word' id='word_1_135' title='bbox 538 2223 645 2277; x_wconf 89' lang='lat' dir='ltr'><strong>que</strong></span> <span class='ocrx_word' id='word_1_136' title='bbox 676 2218 856 2263; x_wconf 89' lang='lat' dir='ltr'><strong>tamen</strong></span> <span class='ocrx_word' id='word_1_137' title='bbox 907 2208 957 2263; x_wconf 87' lang='lat' dir='ltr'><strong>ei</strong></span> <span class='ocrx_word' id='word_1_138' title='bbox 1014 2224 1134 2263; x_wconf 90' lang='lat' dir='ltr'><strong>mos</strong></span> <span class='ocrx_word' id='word_1_139' title='bbox 1183 2210 1411 2279; x_wconf 88' lang='lat' dir='ltr'><strong>geritur,</strong></span> <span class='ocrx_word' id='word_1_140' title='bbox 1463 2211 1556 2267; x_wconf 89' lang='lat' dir='ltr'><strong>sed</strong></span> <span class='ocrx_word' id='word_1_141' title='bbox 1592 2211 1737 2283; x_wconf 85' lang='lat' dir='ltr'><strong>jnsta</strong></span> <span class='ocrx_word' id='word_1_142' title='bbox 1773 2214 2131 2273; x_wconf 83' lang='lat' dir='ltr'><strong>nihilominus</strong></span> 
     </span>
    </p>
   </div>
   <div class='ocr_carea' id='block_1_24' title="bbox 540 2298 2131 2373">
    <p class='ocr_par' dir='ltr' id='par_1_24' title="bbox 540 2298 2131 2373">
     <span class='ocr_line' id='line_1_24' title="bbox 540 2298 2131 2373; baseline 0.009 -22"><span class='ocrx_word' id='word_1_143' title='bbox 540 2299 824 2368; x_wconf 87' lang='lat' dir='ltr'><strong>postulans</strong></span> <span class='ocrx_word' id='word_1_144' title='bbox 847 2298 1031 2369; x_wconf 84' lang='lat' dir='ltr'><strong>justus</strong></span> <span class='ocrx_word' id='word_1_145' title='bbox 1051 2301 1269 2371; x_wconf 69' lang='lat' dir='ltr'><strong>prtesul,</strong></span> <span class='ocrx_word' id='word_1_146' title='bbox 1303 2304 1446 2372; x_wconf 89' lang='lat' dir='ltr'><strong>quod</strong></span> <span class='ocrx_word' id='word_1_147' title='bbox 1475 2318 1572 2373; x_wconf 90' lang='lat' dir='ltr'><strong>per</strong></span> <span class='ocrx_word' id='word_1_148' title='bbox 1595 2303 1747 2361; x_wconf 86' lang='lat' dir='ltr'><strong>nefas</strong></span> <span class='ocrx_word' id='word_1_149' title='bbox 1771 2304 1862 2361; x_wconf 91' lang='lat' dir='ltr'><strong>ille</strong></span> <span class='ocrx_word' id='word_1_150' title='bbox 1891 2308 2131 2367; x_wconf 65' lang='lat' dir='ltr'><strong>retinueo</strong></span> 
     </span>
    </p>
   </div>
   <div class='ocr_carea' id='block_1_25' title="bbox 540 2391 2133 2465">
    <p class='ocr_par' dir='ltr' id='par_1_25' title="bbox 540 2391 2133 2465">
     <span class='ocr_line' id='line_1_25' title="bbox 540 2391 2133 2465; baseline 0.006 -19"><span class='ocrx_word' id='word_1_151' title='bbox 540 2400 645 2458; x_wconf 85' lang='lat' dir='ltr'><strong>rat,</strong></span> <span class='ocrx_word' id='word_1_152' title='bbox 680 2391 875 2461; x_wconf 82' lang='lat' dir='ltr'><strong>injuria</strong></span> <span class='ocrx_word' id='word_1_153' title='bbox 924 2392 1131 2449; x_wconf 65' lang='lat' dir='ltr'><strong>affectae</strong></span> <span class='ocrx_word' id='word_1_154' title='bbox 1164 2394 1375 2451; x_wconf 89' lang='lat' dir='ltr'><strong>mulieri</strong></span> <span class='ocrx_word' id='word_1_155' title='bbox 1426 2399 1684 2453; x_wconf 87' lang='lat' dir='ltr'><strong>restituit.</strong></span> <span class='ocrx_word' id='word_1_156' title='bbox 1738 2397 1856 2465; x_wconf 88' lang='lat' dir='ltr'><strong>Qua</strong></span> <span class='ocrx_word' id='word_1_157' title='bbox 1895 2400 1949 2455; x_wconf 91' lang='lat' dir='ltr'><strong>in</strong></span> <span class='ocrx_word' id='word_1_158' title='bbox 1992 2416 2051 2457; x_wconf 89' lang='lat' dir='ltr'><strong>re</strong></span> <span class='ocrx_word' id='word_1_159' title='bbox 2075 2410 2133 2458; x_wconf 90' lang='lat' dir='ltr'><strong>et</strong></span> 
     </span>
    </p>
   </div>
   <div class='ocr_carea' id='block_1_26' title="bbox 541 2479 2130 2544">
    <p class='ocr_par' dir='ltr' id='par_1_26' title="bbox 541 2479 2130 2544">
     <span class='ocr_line' id='line_1_26' title="bbox 541 2479 2130 2544; baseline 0.007 -11"><span class='ocrx_word' id='word_1_160' title='bbox 541 2479 861 2534; x_wconf 88' lang='lat' dir='ltr'><strong>miraculum</strong></span> <span class='ocrx_word' id='word_1_161' title='bbox 888 2481 1108 2536; x_wconf 89' lang='lat' dir='ltr'><strong>accidit.</strong></span> <span class='ocrx_word' id='word_1_162' title='bbox 1151 2481 1452 2540; x_wconf 80' lang='lat' dir='ltr'><strong>Extrahere</strong></span> <span class='ocrx_word' id='word_1_163' title='bbox 1479 2487 1623 2540; x_wconf 90' lang='lat' dir='ltr'><strong>enim</strong></span> <span class='ocrx_word' id='word_1_164' title='bbox 1654 2487 1970 2543; x_wconf 88' lang='lat' dir='ltr'><strong>Paulacium</strong></span> <span class='ocrx_word' id='word_1_165' title='bbox 1999 2489 2130 2544; x_wconf 90' lang='lat' dir='ltr'><strong>dum</strong></span> 
     </span>
    </p>
   </div>
   <div class='ocr_carea' id='block_1_27' title="bbox 542 2568 2130 2639">
    <p class='ocr_par' dir='ltr' id='par_1_27' title="bbox 542 2568 2130 2639">
     <span class='ocr_line' id='line_1_27' title="bbox 542 2568 2130 2639; baseline 0.006 -16"><span class='ocrx_word' id='word_1_166' title='bbox 542 2570 721 2624; x_wconf 86' lang='lat' dir='ltr'><strong>studet</strong></span> <span class='ocrx_word' id='word_1_167' title='bbox 752 2568 1017 2635; x_wconf 82' lang='lat' dir='ltr'><strong>Eudoxia,</strong></span> <span class='ocrx_word' id='word_1_168' title='bbox 1054 2570 1137 2625; x_wconf 91' lang='lat' dir='ltr'><strong>vel</strong></span> <span class='ocrx_word' id='word_1_169' title='bbox 1168 2570 1338 2627; x_wconf 91' lang='lat' dir='ltr'><strong>invito</strong></span> <span class='ocrx_word' id='word_1_170' title='bbox 1358 2571 1589 2639; x_wconf 81' lang='lat' dir='ltr'><strong>Joanne,</strong></span> <span class='ocrx_word' id='word_1_171' title='bbox 1635 2590 1763 2632; x_wconf 91' lang='lat' dir='ltr'><strong>ecce</strong></span> <span class='ocrx_word' id='word_1_172' title='bbox 1792 2578 1885 2633; x_wconf 85' lang='lat' dir='ltr'><strong>tibi</strong></span> <span class='ocrx_word' id='word_1_173' title='bbox 1920 2578 2130 2633; x_wconf 87' lang='lat' dir='ltr'><strong>hastam</strong></span> 
     </span>
    </p>
   </div>
   <div class='ocr_carea' id='block_1_28' title="bbox 541 2658 2130 2739">
    <p class='ocr_par' dir='ltr' id='par_1_28' title="bbox 541 2658 2130 2739">
     <span class='ocr_line' id='line_1_28' title="bbox 541 2658 2130 2739; baseline 0.008 -27"><span class='ocrx_word' id='word_1_174' title='bbox 541 2658 729 2714; x_wconf 86' lang='lat' dir='ltr'><strong>ferens</strong></span> <span class='ocrx_word' id='word_1_175' title='bbox 773 2660 1002 2729; x_wconf 90' lang='lat' dir='ltr'><strong>angelus</strong></span> <span class='ocrx_word' id='word_1_176' title='bbox 1062 2664 1334 2734; x_wconf 85' lang='lat' dir='ltr'><strong>apparuit,</strong></span> <span class='ocrx_word' id='word_1_177' title='bbox 1386 2667 1475 2733; x_wconf 88' lang='lat' dir='ltr'><strong>qui</strong></span> <span class='ocrx_word' id='word_1_178' title='bbox 1532 2667 1726 2722; x_wconf 91' lang='lat' dir='ltr'><strong>missos</strong></span> <span class='ocrx_word' id='word_1_179' title='bbox 1777 2670 1846 2723; x_wconf 93' lang='lat' dir='ltr'><strong>ab</strong></span> <span class='ocrx_word' id='word_1_180' title='bbox 1886 2670 2130 2739; x_wconf 69' lang='lat' dir='ltr'><strong>Augusta</strong></span> 
     </span>
    </p>
   </div>
   <div class='ocr_carea' id='block_1_29' title="bbox 544 2746 2133 2823">
    <p class='ocr_par' dir='ltr' id='par_1_29' title="bbox 544 2746 2133 2823">
     <span class='ocr_line' id='line_1_29' title="bbox 544 2746 2133 2823; baseline 0.008 -22"><span class='ocrx_word' id='word_1_181' title='bbox 544 2746 813 2802; x_wconf 82' lang='lat' dir='ltr'><strong>satellites</strong></span> <span class='ocrx_word' id='word_1_182' title='bbox 860 2756 1075 2805; x_wconf 90' lang='lat' dir='ltr'><strong>terrore</strong></span> <span class='ocrx_word' id='word_1_183' title='bbox 1124 2751 1429 2820; x_wconf 90' lang='lat' dir='ltr'><strong>percellens</strong></span> <span class='ocrx_word' id='word_1_184' title='bbox 1474 2754 1576 2823; x_wconf 74' lang='grc'><strong>(4),</strong></span> <span class='ocrx_word' id='word_1_185' title='bbox 1644 2770 1711 2810; x_wconf 89' lang='lat' dir='ltr'><strong>ne</strong></span> <span class='ocrx_word' id='word_1_186' title='bbox 1751 2756 2005 2811; x_wconf 87' lang='lat' dir='ltr'><strong>mandata</strong></span> <span class='ocrx_word' id='word_1_187' title='bbox 2056 2756 2133 2813; x_wconf 87' lang='lat' dir='ltr'><strong>illi</strong></span> 
     </span>
    </p>
   </div>
   <div class='ocr_carea' id='block_1_30' title="bbox 544 2843 2137 2918">
    <p class='ocr_par' dir='ltr' id='par_1_30' title="bbox 544 2843 2137 2918">
     <span class='ocr_line' id='line_1_30' title="bbox 544 2843 2137 2918; baseline 0.005 -22"><span class='ocrx_word' id='word_1_188' title='bbox 544 2852 1027 2913; x_wconf 82' lang='lat' dir='ltr'><strong>persequerentur,</strong></span> <span class='ocrx_word' id='word_1_189' title='bbox 1086 2843 1285 2899; x_wconf 72' lang='lat' dir='ltr'><strong>effecit.</strong></span> <span class='ocrx_word' id='word_1_190' title='bbox 1323 2843 1403 2899; x_wconf 87' lang='lat' dir='ltr'><strong>Ex</strong></span> <span class='ocrx_word' id='word_1_191' title='bbox 1448 2846 1534 2901; x_wconf 90' lang='lat' dir='ltr'><strong>his</strong></span> <span class='ocrx_word' id='word_1_192' title='bbox 1577 2863 1708 2917; x_wconf 85' lang='lat' dir='ltr'><strong>ergo</strong></span> <span class='ocrx_word' id='word_1_193' title='bbox 1744 2858 1905 2918; x_wconf 89' lang='lat' dir='ltr'><strong>atque</strong></span> <span class='ocrx_word' id='word_1_194' title='bbox 1940 2851 2137 2904; x_wconf 89' lang='lat' dir='ltr'><strong>simili-</strong></span> 
     </span>
    </p>
   </div>
   <div class='ocr_carea' id='block_1_31' title="bbox 543 2935 2136 3013">
    <p class='ocr_par' dir='ltr' id='par_1_31' title="bbox 543 2935 2136 3013">
     <span class='ocr_line' id='line_1_31' title="bbox 543 2935 2136 3013; baseline 0.006 -24"><span class='ocrx_word' id='word_1_195' title='bbox 543 2936 647 2992; x_wconf 85' lang='lat' dir='ltr'><strong>bus</strong></span> <span class='ocrx_word' id='word_1_196' title='bbox 677 2935 696 3009; x_wconf 94' lang='lat'><strong>[</strong></span> <span class='ocrx_word' id='word_1_197' title='bbox 722 2937 998 3006; x_wconf 66' lang='lat' dir='ltr'><strong>praaclaris</strong></span> <span class='ocrx_word' id='word_1_198' title='bbox 1025 2937 1167 2992; x_wconf 85' lang='lat' dir='ltr'><strong>beati</strong></span> <span class='ocrx_word' id='word_1_199' title='bbox 1202 2936 1430 2993; x_wconf 88' lang='lat' dir='ltr'><strong>Joannis</strong></span> <span class='ocrx_word' id='word_1_200' title='bbox 1463 2938 1850 3013; x_wconf 81' lang='lat' dir='ltr'><strong>facinoribus]</strong></span> <span class='ocrx_word' id='word_1_201' title='bbox 1900 2942 2136 2998; x_wconf 83' lang='lat' dir='ltr'><strong>Aeacius</strong></span> 
     </span>
    </p>
   </div>
   <div class='ocr_carea' id='block_1_32' title="bbox 547 3026 2134 3104">
    <p class='ocr_par' dir='ltr' id='par_1_32' title="bbox 547 3026 2134 3104">
     <span class='ocr_line' id='line_1_32' title="bbox 547 3026 2134 3104; baseline 0.005 -23"><span class='ocrx_word' id='word_1_202' title='bbox 547 3026 841 3094; x_wconf 67' lang='lat' dir='ltr'><strong>Berrhmae,</strong></span> <span class='ocrx_word' id='word_1_203' title='bbox 889 3027 1253 3099; x_wconf 86' lang='lat' dir='ltr'><strong>Theophilus,</strong></span> <span class='ocrx_word' id='word_1_204' title='bbox 1310 3029 1634 3096; x_wconf 84' lang='lat' dir='ltr'><strong>Antiochus,</strong></span> <span class='ocrx_word' id='word_1_205' title='bbox 1694 3042 1750 3084; x_wconf 89' lang='lat' dir='ltr'><strong>et</strong></span> <span class='ocrx_word' id='word_1_206' title='bbox 1781 3029 2134 3104; x_wconf 72' lang='lat' dir='ltr'><strong>Severianus,</strong></span> 
     </span>
    </p>
   </div>
   <div class='ocr_carea' id='block_1_33' title="bbox 2218 640 3813 713">
    <p class='ocr_par' dir='ltr' id='par_1_33' title="bbox 2218 640 3813 713">
     <span class='ocr_line' id='line_1_33' title="bbox 2218 640 3813 713; baseline 0 -20"><span class='ocrx_word' id='word_1_207' title='bbox 2218 640 2310 704; x_wconf 76' lang='grc' dir='ltr'><strong>τὸς</strong></span> <span class='ocrx_word' id='word_1_208' title='bbox 2364 641 2750 713; x_wconf 84' lang='grc' dir='ltr'><strong>παραγίνεται,</strong></span> <span class='ocrx_word' id='word_1_209' title='bbox 2802 641 3079 696; x_wconf 81' lang='grc' dir='ltr'><strong>διδάσκειν</strong></span> <span class='ocrx_word' id='word_1_210' title='bbox 3127 640 3184 695; x_wconf 84' lang='grc' dir='ltr'><strong>δὲ</strong></span> <span class='ocrx_word' id='word_1_211' title='bbox 3230 640 3397 695; x_wconf 80' lang='grc' dir='ltr'><strong>αὑτὸν</strong></span> <span class='ocrx_word' id='word_1_212' title='bbox 3427 641 3682 711; x_wconf 78' lang='grc' dir='ltr'><strong>ἀπαίρων</strong></span> <span class='ocrx_word' id='word_1_213' title='bbox 3725 644 3813 706; x_wconf 83' lang='grc' dir='ltr'><strong>εὶς</strong></span> 
     </span>
    </p>
   </div>
   <div class='ocr_carea' id='block_1_34' title="bbox 2223 732 3815 806">
    <p class='ocr_par' dir='ltr' id='par_1_34' title="bbox 2223 732 3815 806">
     <span class='ocr_line' id='line_1_34' title="bbox 2223 732 3815 806; baseline 0.002 -22"><span class='ocrx_word' id='word_1_214' title='bbox 2223 732 2456 806; x_wconf 79' lang='grc' dir='ltr'><strong>Ἔφεσον</strong></span> <span class='ocrx_word' id='word_1_215' title='bbox 2492 733 2521 785; x_wconf 91' lang='lat'><strong>6</strong></span> <span class='ocrx_word' id='word_1_216' title='bbox 2567 733 2741 805; x_wconf 83' lang='grc' dir='ltr'><strong>μέγας</strong></span> <span class='ocrx_word' id='word_1_217' title='bbox 2784 733 3038 805; x_wconf 82' lang='grc' dir='ltr'><strong>Ἰωάννης</strong></span> <span class='ocrx_word' id='word_1_218' title='bbox 3090 733 3206 788; x_wconf 84' lang='grc' dir='ltr'><strong>ἀντ’</strong></span> <span class='ocrx_word' id='word_1_219' title='bbox 3248 733 3418 788; x_wconf 80' lang='grc' dir='ltr'><strong>αὐτοῦ</strong></span> <span class='ocrx_word' id='word_1_220' title='bbox 3448 733 3535 787; x_wconf 75' lang='grc' dir='ltr'><strong>ἐπ’</strong></span> <span class='ocrx_word' id='word_1_221' title='bbox 3573 734 3815 806; x_wconf 84' lang='grc' dir='ltr'><strong>Ἐκκλη-</strong></span> 
     </span>
    </p>
   </div>
   <div class='ocr_carea' id='block_1_35' title="bbox 2220 804 3815 901">
    <p class='ocr_par' dir='ltr' id='par_1_35' title="bbox 2220 804 3815 901">
     <span class='ocr_line' id='line_1_35' title="bbox 2220 804 3815 901; baseline 0.002 -24"><span class='ocrx_word' id='word_1_222' title='bbox 2220 804 2415 888; x_wconf 69' lang='grc' dir='ltr'><strong>σίας⁷³</strong></span> <span class='ocrx_word' id='word_1_223' title='bbox 2472 804 2783 898; x_wconf 73' lang='grc' dir='ltr'><strong>ἐπιτρέπει,</strong></span> <span class='ocrx_word' id='word_1_224' title='bbox 2830 826 2891 892; x_wconf 75' lang='grc' dir='ltr'><strong>ἐξ</strong></span> <span class='ocrx_word' id='word_1_225' title='bbox 2933 804 3001 881; x_wconf 14' lang='grc' dir='ltr'><strong>οὖν</strong></span> <span class='ocrx_word' id='word_1_226' title='bbox 3036 826 3133 881; x_wconf 80' lang='grc' dir='ltr'><strong>καὶ</strong></span> <span class='ocrx_word' id='word_1_227' title='bbox 3175 826 3254 899; x_wconf 81' lang='grc' dir='ltr'><strong>τῷ</strong></span> <span class='ocrx_word' id='word_1_228' title='bbox 3294 824 3510 901; x_wconf 83' lang='grc' dir='ltr'><strong>βασιλεῖ</strong></span> <span class='ocrx_word' id='word_1_229' title='bbox 3545 828 3639 881; x_wconf 72' lang='grc' dir='ltr'><strong>καὶ</strong></span> <span class='ocrx_word' id='word_1_230' title='bbox 3675 804 3815 880; x_wconf 71' lang='grc' dir='ltr'><strong>πᾶσι</strong></span> 
     </span>
    </p>
   </div>
   <div class='ocr_carea' id='block_1_36' title="bbox 2221 913 3037 986">
    <p class='ocr_par' dir='ltr' id='par_1_36' title="bbox 2221 913 3037 986">
     <span class='ocr_line' id='line_1_36' title="bbox 2221 913 3037 986; baseline 0.012 -20"><span class='ocrx_word' id='word_1_231' title='bbox 2221 913 2502 986; x_wconf 84' lang='grc' dir='ltr'><strong>γνώριμος</strong></span> <span class='ocrx_word' id='word_1_232' title='bbox 2532 918 2763 985; x_wconf 84' lang='grc' dir='ltr'><strong>γίνεται.</strong></span> <span class='ocrx_word' id='word_1_233' title='bbox 3034 924 3037 927; x_wconf 70' lang='grc'><em>’</em></span> 
     </span>
    </p>
   </div>
   <div class='ocr_carea' id='block_1_37' title="bbox 2296 1009 3821 1083">
    <p class='ocr_par' dir='ltr' id='par_1_37' title="bbox 2296 1009 3821 1083">
     <span class='ocr_line' id='line_1_37' title="bbox 2296 1009 3821 1083; baseline 0.001 -21"><span class='ocrx_word' id='word_1_234' title='bbox 2296 1009 2422 1062; x_wconf 75' lang='grc' dir='ltr'><strong>Ὀτι</strong></span> <span class='ocrx_word' id='word_1_235' title='bbox 2461 1009 2816 1083; x_wconf 84' lang='grc' dir='ltr'><strong>Καλλιτρόπη</strong></span> <span class='ocrx_word' id='word_1_236' title='bbox 2859 1011 2896 1081; x_wconf 73' lang='grc' dir='ltr'>ἡ</span> <span class='ocrx_word' id='word_1_237' title='bbox 2930 1011 3077 1082; x_wconf 80' lang='grc' dir='ltr'><strong>χήρα</strong></span> <span class='ocrx_word' id='word_1_238' title='bbox 3119 1011 3256 1081; x_wconf 79' lang='grc' dir='ltr'><strong>γυνή</strong></span> <span class='ocrx_word' id='word_1_239' title='bbox 3295 1027 3441 1075; x_wconf 89' lang='grc' dir='ltr'><strong>τινος</strong></span> <span class='ocrx_word' id='word_1_240' title='bbox 3466 1010 3821 1083; x_wconf 80' lang='grc' dir='ltr'><strong>προναυκλή-</strong></span> 
     </span>
    </p>
   </div>
   <div class='ocr_carea' id='block_1_38' title="bbox 2228 1101 3822 1176">
    <p class='ocr_par' dir='ltr' id='par_1_38' title="bbox 2228 1101 3822 1176">
     <span class='ocr_line' id='line_1_38' title="bbox 2228 1101 3822 1176; baseline 0.002 -22"><span class='ocrx_word' id='word_1_241' title='bbox 2228 1117 2321 1171; x_wconf 86' lang='grc' dir='ltr'><strong>ρου</strong></span> <span class='ocrx_word' id='word_1_242' title='bbox 2369 1101 2575 1172; x_wconf 81' lang='grc' dir='ltr'><strong>ζημίας</strong></span> <span class='ocrx_word' id='word_1_243' title='bbox 2644 1101 3035 1174; x_wconf 78' lang='grc' dir='ltr'><strong>εἰσπράττεται</strong></span> <span class='ocrx_word' id='word_1_244' title='bbox 3084 1104 3455 1176; x_wconf 85' lang='grc' dir='ltr'><strong>παραλόγους.</strong></span> <span class='ocrx_word' id='word_1_245' title='bbox 3503 1102 3822 1166; x_wconf 78' lang='grc' dir='ltr'><strong>Παυλάκιος</strong></span> 
     </span>
    </p>
   </div>
   <div class='ocr_carea' id='block_1_39' title="bbox 2224 1187 3822 1267">
    <p class='ocr_par' dir='ltr' id='par_1_39' title="bbox 2224 1187 3822 1267">
     <span class='ocr_line' id='line_1_39' title="bbox 2224 1187 3822 1267; baseline -0.011 -3"><span class='ocrx_word' id='word_1_246' title='bbox 2224 1190 2271 1245; x_wconf 69' lang='grc' dir='ltr'><strong>δ’</strong></span> <span class='ocrx_word' id='word_1_247' title='bbox 2296 1187 2367 1263; x_wconf 78' lang='grc' dir='ltr'><strong>ἦν</strong></span> <span class='ocrx_word' id='word_1_248' title='bbox 2410 1193 2440 1245; x_wconf 70' lang='grc' dir='ltr'><strong>ὁ</strong></span> <span class='ocrx_word' id='word_1_249' title='bbox 2467 1194 2569 1262; x_wconf 76' lang='grc' dir='ltr'><strong>τῆς</strong></span> <span class='ocrx_word' id='word_1_250' title='bbox 2622 1194 3033 1267; x_wconf 72' lang='grc' dir='ltr'><strong>Ἄλεξανδρείας</strong></span> <span class='ocrx_word' id='word_1_251' title='bbox 3071 1196 3462 1265; x_wconf 83' lang='grc' dir='ltr'><strong>αύγουστάλιος</strong></span> <span class='ocrx_word' id='word_1_252' title='bbox 3495 1196 3525 1249; x_wconf 95' lang='lat'><strong>6</strong></span> <span class='ocrx_word' id='word_1_253' title='bbox 3561 1198 3685 1262; x_wconf 85' lang='grc' dir='ltr'><strong>ταῖς</strong></span> <span class='ocrx_word' id='word_1_254' title='bbox 3716 1196 3822 1267; x_wconf 74' lang='grc' dir='ltr'><strong>ζη-</strong></span> 
     </span>
    </p>
   </div>
   <div class='ocr_carea' id='block_1_40' title="bbox 2229 1282 3822 1357">
    <p class='ocr_par' dir='ltr' id='par_1_40' title="bbox 2229 1282 3822 1357">
     <span class='ocr_line' id='line_1_40' title="bbox 2229 1282 3822 1357; baseline 0.003 -20"><span class='ocrx_word' id='word_1_255' title='bbox 2229 1282 2383 1353; x_wconf 87' lang='grc' dir='ltr'><strong>μίαις</strong></span> <span class='ocrx_word' id='word_1_256' title='bbox 2412 1284 2682 1357; x_wconf 70' lang='grc' dir='ltr'><strong>ἔκτρίδων</strong></span> <span class='ocrx_word' id='word_1_257' title='bbox 2718 1286 2781 1339; x_wconf 81' lang='grc' dir='ltr'><strong>τὸ</strong></span> <span class='ocrx_word' id='word_1_258' title='bbox 2803 1286 3047 1356; x_wconf 87' lang='grc' dir='ltr'><strong>γύναιον,</strong></span> <span class='ocrx_word' id='word_1_259' title='bbox 3082 1288 3164 1351; x_wconf 86' lang='grc' dir='ltr'><strong>είς</strong></span> <span class='ocrx_word' id='word_1_260' title='bbox 3209 1289 3542 1343; x_wconf 83' lang='grc' dir='ltr'><strong>πεντακόσια</strong></span> <span class='ocrx_word' id='word_1_261' title='bbox 3570 1286 3629 1341; x_wconf 85' lang='grc' dir='ltr'><strong>δὲ</strong></span> <span class='ocrx_word' id='word_1_262' title='bbox 3661 1288 3822 1357; x_wconf 86' lang='grc' dir='ltr'><strong>νομί-</strong></span> 
     </span>
    </p>
   </div>
   <div class='ocr_carea' id='block_1_41' title="bbox 2226 1376 3820 1451">
    <p class='ocr_par' dir='ltr' id='par_1_41' title="bbox 2226 1376 3820 1451">
     <span class='ocr_line' id='line_1_41' title="bbox 2226 1376 3820 1451; baseline 0.004 -24"><span class='ocrx_word' id='word_1_263' title='bbox 2226 1391 2409 1445; x_wconf 89' lang='grc' dir='ltr'><strong>σματα</strong></span> <span class='ocrx_word' id='word_1_264' title='bbox 2444 1376 2893 1451; x_wconf 78' lang='grc' dir='ltr'><strong>ὲκεφαλαιοῦτοή</strong></span> <span class='ocrx_word' id='word_1_265' title='bbox 2928 1378 3121 1450; x_wconf 79' lang='grc' dir='ltr'><strong>ζημία.</strong></span> <span class='ocrx_word' id='word_1_266' title='bbox 3160 1380 3273 1434; x_wconf 71' lang='grc' dir='ltr'><strong>Καὶ</strong></span> <span class='ocrx_word' id='word_1_267' title='bbox 3302 1379 3643 1451; x_wconf 77' lang='grc' dir='ltr'><strong>καταφεύγει</strong></span> <span class='ocrx_word' id='word_1_268' title='bbox 3669 1378 3820 1451; x_wconf 82' lang='grc' dir='ltr'><strong>αὕτη</strong></span> 
     </span>
    </p>
   </div>
   <div class='ocr_carea' id='block_1_42' title="bbox 2228 1466 3826 1542">
    <p class='ocr_par' dir='ltr' id='par_1_42' title="bbox 2228 1466 3826 1542">
     <span class='ocr_line' id='line_1_42' title="bbox 2228 1466 3826 1542; baseline 0.003 -21"><span class='ocrx_word' id='word_1_269' title='bbox 2228 1466 2367 1538; x_wconf 85' lang='grc' dir='ltr'><strong>πρὸς</strong></span> <span class='ocrx_word' id='word_1_270' title='bbox 2398 1467 2501 1542; x_wconf 77' lang='grc' dir='ltr'><strong>τὴν</strong></span> <span class='ocrx_word' id='word_1_271' title='bbox 2550 1468 2899 1541; x_wconf 80' lang='grc' dir='ltr'><strong>βασίλισσαν,</strong></span> <span class='ocrx_word' id='word_1_272' title='bbox 2956 1472 3053 1527; x_wconf 75' lang='grc' dir='ltr'><strong>καὶ</strong></span> <span class='ocrx_word' id='word_1_273' title='bbox 3081 1474 3399 1527; x_wconf 78' lang='grc' dir='ltr'><strong>ἀπαιτεῖται</strong></span> <span class='ocrx_word' id='word_1_274' title='bbox 3437 1475 3465 1528; x_wconf 89' lang='lat'><strong>6</strong></span> <span class='ocrx_word' id='word_1_275' title='bbox 3507 1472 3826 1536; x_wconf 78' lang='grc' dir='ltr'><strong>Παυλάκιος</strong></span> 
     </span>
    </p>
   </div>
   <div class='ocr_carea' id='block_1_43' title="bbox 2227 1559 3828 1635">
    <p class='ocr_par' dir='ltr' id='par_1_43' title="bbox 2227 1559 3828 1635">
     <span class='ocr_line' id='line_1_43' title="bbox 2227 1559 3828 1635; baseline 0.004 -23"><span class='ocrx_word' id='word_1_276' title='bbox 2227 1559 2456 1631; x_wconf 77' lang='grc' dir='ltr'><strong>χρυσίου</strong></span> <span class='ocrx_word' id='word_1_277' title='bbox 2482 1559 2675 1634; x_wconf 85' lang='grc' dir='ltr'><strong>λίτρας</strong></span> <span class='ocrx_word' id='word_1_278' title='bbox 2711 1562 2905 1617; x_wconf 79' lang='grc' dir='ltr'><strong>ἑκατόν</strong></span> <span class='ocrx_word' id='word_1_279' title='bbox 2927 1577 2943 1594; x_wconf 81' lang='lat'><strong>&#39;</strong></span> <span class='ocrx_word' id='word_1_280' title='bbox 2994 1563 3056 1617; x_wconf 81' lang='grc' dir='ltr'><strong>τὸ</strong></span> <span class='ocrx_word' id='word_1_281' title='bbox 3078 1563 3136 1617; x_wconf 75' lang='grc' dir='ltr'><strong>δὶ</strong></span> <span class='ocrx_word' id='word_1_282' title='bbox 3194 1565 3685 1635; x_wconf 68' lang='grc' dir='ltr'><strong>ἐκτετρυχωμένον</strong></span> <span class='ocrx_word' id='word_1_283' title='bbox 3724 1564 3828 1634; x_wconf 87' lang='grc' dir='ltr'><strong>γύ-</strong></span> 
     </span>
    </p>
   </div>
   <div class='ocr_carea' id='block_1_44' title="bbox 2228 1652 3826 1729">
    <p class='ocr_par' dir='ltr' id='par_1_44' title="bbox 2228 1652 3826 1729">
     <span class='ocr_line' id='line_1_44' title="bbox 2228 1652 3826 1729; baseline 0.004 -24"><span class='ocrx_word' id='word_1_284' title='bbox 2228 1652 2695 1725; x_wconf 79' lang='grc' dir='ltr'><strong>ναιον,λαμϐάνει</strong></span> <span class='ocrx_word' id='word_1_285' title='bbox 2747 1654 2885 1725; x_wconf 88' lang='grc' dir='ltr'><strong>μόνα</strong></span> <span class='ocrx_word' id='word_1_286' title='bbox 2954 1654 3045 1721; x_wconf 84' lang='grc' dir='ltr'><strong>λς’</strong></span> <span class='ocrx_word' id='word_1_287' title='bbox 3083 1656 3424 1728; x_wconf 80' lang='grc' dir='ltr'><strong>νομίσματα.</strong></span> <span class='ocrx_word' id='word_1_288' title='bbox 3482 1657 3826 1729; x_wconf 87' lang='grc' dir='ltr'><strong>Προστρέχει</strong></span> 
     </span>
    </p>
   </div>
   <div class='ocr_carea' id='block_1_45' title="bbox 2227 1744 3830 1824">
    <p class='ocr_par' dir='ltr' id='par_1_45' title="bbox 2227 1744 3830 1824">
     <span class='ocr_line' id='line_1_45' title="bbox 2227 1744 3830 1824; baseline 0.005 -27"><span class='ocrx_word' id='word_1_289' title='bbox 2227 1744 2411 1798; x_wconf 78' lang='grc' dir='ltr'><strong>τοίνυν</strong></span> <span class='ocrx_word' id='word_1_290' title='bbox 2444 1744 2523 1816; x_wconf 85' lang='grc' dir='ltr'><strong>τῷ</strong></span> <span class='ocrx_word' id='word_1_291' title='bbox 2568 1745 2736 1818; x_wconf 88' lang='grc' dir='ltr'><strong>κοινῷ</strong></span> <span class='ocrx_word' id='word_1_292' title='bbox 2768 1746 2879 1800; x_wconf 86' lang='grc' dir='ltr'><strong>τῶν</strong></span> <span class='ocrx_word' id='word_1_293' title='bbox 2923 1748 3339 1820; x_wconf 69' lang='grc' dir='ltr'><strong>χειμαζομένων</strong></span> <span class='ocrx_word' id='word_1_294' title='bbox 3375 1750 3578 1822; x_wconf 81' lang='grc' dir='ltr'><strong>λιμένι,</strong></span> <span class='ocrx_word' id='word_1_295' title='bbox 3608 1751 3690 1823; x_wconf 82' lang='grc' dir='ltr'><strong>τῷ</strong></span> <span class='ocrx_word' id='word_1_296' title='bbox 3724 1769 3830 1824; x_wconf 80' lang='grc' dir='ltr'><strong>με·</strong></span> 
     </span>
    </p>
   </div>
   <div class='ocr_carea' id='block_1_46' title="bbox 2231 1837 3830 1912">
    <p class='ocr_par' dir='ltr' id='par_1_46' title="bbox 2231 1837 3830 1912">
     <span class='ocr_line' id='line_1_46' title="bbox 2231 1837 3830 1912; baseline 0.004 -21"><span class='ocrx_word' id='word_1_297' title='bbox 2231 1837 2384 1909; x_wconf 85' lang='grc' dir='ltr'><strong>γάλῳ</strong></span> <span class='ocrx_word' id='word_1_298' title='bbox 2437 1838 2684 1912; x_wconf 82' lang='grc' dir='ltr'><strong>Ἰωάννῃ.</strong></span> <span class='ocrx_word' id='word_1_299' title='bbox 2736 1841 2966 1909; x_wconf 79' lang='grc' dir='ltr'><strong>Ἀγεται</strong></span> <span class='ocrx_word' id='word_1_300' title='bbox 3016 1843 3148 1909; x_wconf 82' lang='grc' dir='ltr'><strong>παρ’</strong></span> <span class='ocrx_word' id='word_1_301' title='bbox 3204 1842 3371 1897; x_wconf 80' lang='grc' dir='ltr'><strong>αὑτοῦ</strong></span> <span class='ocrx_word' id='word_1_302' title='bbox 3432 1846 3461 1898; x_wconf 92' lang='lat'><strong>6</strong></span> <span class='ocrx_word' id='word_1_303' title='bbox 3510 1844 3830 1909; x_wconf 81' lang='grc' dir='ltr'><strong>Παυλάκιος</strong></span> 
     </span>
    </p>
   </div>
   <div class='ocr_carea' id='block_1_47' title="bbox 2230 1932 3828 2008">
    <p class='ocr_par' dir='ltr' id='par_1_47' title="bbox 2230 1932 3828 2008">
     <span class='ocr_line' id='line_1_47' title="bbox 2230 1932 3828 2008; baseline 0.004 -23"><span class='ocrx_word' id='word_1_304' title='bbox 2230 1932 2634 2005; x_wconf 85' lang='grc' dir='ltr'><strong>ἀπαιτούμενος</strong></span> <span class='ocrx_word' id='word_1_305' title='bbox 2666 1934 2734 1989; x_wconf 85' lang='grc' dir='ltr'><strong>τὰ</strong></span> <span class='ocrx_word' id='word_1_306' title='bbox 2775 1936 3106 1990; x_wconf 82' lang='grc' dir='ltr'><strong>πεντακόσια</strong></span> <span class='ocrx_word' id='word_1_307' title='bbox 3147 1937 3246 2007; x_wconf 84' lang='grc' dir='ltr'><strong>τῆς</strong></span> <span class='ocrx_word' id='word_1_308' title='bbox 3287 1939 3462 2008; x_wconf 83' lang='grc' dir='ltr'><strong>χήρας</strong></span> <span class='ocrx_word' id='word_1_309' title='bbox 3485 1937 3828 2008; x_wconf 79' lang='grc' dir='ltr'><strong>νομίσματα.</strong></span> 
     </span>
    </p>
   </div>
   <div class='ocr_carea' id='block_1_48' title="bbox 2232 2025 3831 2099">
    <p class='ocr_par' dir='ltr' id='par_1_48' title="bbox 2232 2025 3831 2099">
     <span class='ocr_line' id='line_1_48' title="bbox 2232 2025 3831 2099; baseline 0.001 -20"><span class='ocrx_word' id='word_1_310' title='bbox 2232 2025 2447 2080; x_wconf 83' lang='grc' dir='ltr'><strong>Γίνεται</strong></span> <span class='ocrx_word' id='word_1_311' title='bbox 2478 2026 2617 2097; x_wconf 78' lang='grc' dir='ltr'><strong>πρὸς</strong></span> <span class='ocrx_word' id='word_1_312' title='bbox 2644 2027 2807 2080; x_wconf 78' lang='grc' dir='ltr'><strong>αὐτὸν</strong></span> <span class='ocrx_word' id='word_1_313' title='bbox 2849 2028 2883 2097; x_wconf 77' lang='grc' dir='ltr'><strong>η</strong></span> <span class='ocrx_word' id='word_1_314' title='bbox 2920 2027 3146 2094; x_wconf 82' lang='grc' dir='ltr'><strong>Εὑδοξία</strong></span> <span class='ocrx_word' id='word_1_315' title='bbox 3180 2027 3249 2082; x_wconf 83' lang='grc' dir='ltr'><strong>δι’</strong></span> <span class='ocrx_word' id='word_1_316' title='bbox 3286 2027 3520 2099; x_wconf 75' lang='grc' dir='ltr'><strong>ἔχθρας,</strong></span> <span class='ocrx_word' id='word_1_317' title='bbox 3564 2027 3831 2099; x_wconf 79' lang='grc' dir='ltr'><strong>ἀνεθῆναι</strong></span> 
     </span>
    </p>
   </div>
   <div class='ocr_carea' id='block_1_49' title="bbox 2230 2117 3830 2192">
    <p class='ocr_par' dir='ltr' id='par_1_49' title="bbox 2230 2117 3830 2192">
     <span class='ocr_line' id='line_1_49' title="bbox 2230 2117 3830 2192; baseline 0.003 -21"><span class='ocrx_word' id='word_1_318' title='bbox 2230 2117 2325 2173; x_wconf 80' lang='grc' dir='ltr'><strong>τὸν</strong></span> <span class='ocrx_word' id='word_1_319' title='bbox 2388 2118 2695 2174; x_wconf 86' lang='grc' dir='ltr'><strong>Παυλάκιον</strong></span> <span class='ocrx_word' id='word_1_320' title='bbox 2752 2118 3058 2174; x_wconf 84' lang='grc' dir='ltr'><strong>σπεύδουσα</strong></span> <span class='ocrx_word' id='word_1_321' title='bbox 3101 2121 3199 2174; x_wconf 65' lang='grc' dir='ltr'><strong>καὶ⁵</strong></span> <span class='ocrx_word' id='word_1_322' title='bbox 3260 2122 3363 2192; x_wconf 83' lang='grc' dir='ltr'><strong>οὐχ</strong></span> <span class='ocrx_word' id='word_1_323' title='bbox 3412 2121 3830 2192; x_wconf 80' lang='grc' dir='ltr'><strong>ύπακουομένη.</strong></span> 
     </span>
    </p>
   </div>
   <div class='ocr_carea' id='block_1_50' title="bbox 2234 2209 3830 2281">
    <p class='ocr_par' dir='ltr' id='par_1_50' title="bbox 2234 2209 3830 2281">
     <span class='ocr_line' id='line_1_50' title="bbox 2234 2209 3830 2281; baseline 0 -19"><span class='ocrx_word' id='word_1_324' title='bbox 2234 2209 2427 2280; x_wconf 87' lang='grc' dir='ltr'><strong>Ὅμως</strong></span> <span class='ocrx_word' id='word_1_325' title='bbox 2468 2209 2785 2279; x_wconf 81' lang='grc' dir='ltr'><strong>ἀπαιτήσας</strong></span> <span class='ocrx_word' id='word_1_326' title='bbox 2829 2210 2859 2262; x_wconf 90' lang='lat'><strong>6</strong></span> <span class='ocrx_word' id='word_1_327' title='bbox 2898 2210 3107 2273; x_wconf 83' lang='grc' dir='ltr'><strong>δίκαιος</strong></span> <span class='ocrx_word' id='word_1_328' title='bbox 3149 2210 3331 2264; x_wconf 89' lang='grc' dir='ltr'><strong>δίδωσι</strong></span> <span class='ocrx_word' id='word_1_329' title='bbox 3368 2212 3428 2263; x_wconf 85' lang='grc' dir='ltr'><strong>τὸ</strong></span> <span class='ocrx_word' id='word_1_330' title='bbox 3472 2209 3722 2280; x_wconf 88' lang='grc' dir='ltr'><strong>ἀδίκημα</strong></span> <span class='ocrx_word' id='word_1_331' title='bbox 3759 2210 3830 2281; x_wconf 77' lang='grc' dir='ltr'><strong>τῇ</strong></span> 
     </span>
    </p>
   </div>
   <div class='ocr_carea' id='block_1_51' title="bbox 2232 2294 3833 2372">
    <p class='ocr_par' dir='ltr' id='par_1_51' title="bbox 2232 2294 3833 2372">
     <span class='ocr_line' id='line_1_51' title="bbox 2232 2294 3833 2372; baseline 0.001 -18"><span class='ocrx_word' id='word_1_332' title='bbox 2232 2300 2562 2372; x_wconf 75' lang='grc' dir='ltr'><strong>ἠδικημένη.</strong></span> <span class='ocrx_word' id='word_1_333' title='bbox 2619 2301 2706 2354; x_wconf 85' lang='grc' dir='ltr'><strong>Ἐν</strong></span> <span class='ocrx_word' id='word_1_334' title='bbox 2745 2294 2791 2370; x_wconf 84' lang='grc' dir='ltr'><strong>ᾧ</strong></span> <span class='ocrx_word' id='word_1_335' title='bbox 2837 2301 2933 2355; x_wconf 83' lang='grc' dir='ltr'><strong>καὶ</strong></span> <span class='ocrx_word' id='word_1_336' title='bbox 2972 2301 3160 2372; x_wconf 82' lang='grc' dir='ltr'><strong>θαῦμα</strong></span> <span class='ocrx_word' id='word_1_337' title='bbox 3204 2302 3411 2371; x_wconf 85' lang='grc' dir='ltr'><strong>γίνεται</strong></span> <span class='ocrx_word' id='word_1_338' title='bbox 3448 2317 3463 2332; x_wconf 88' lang='grc'><strong>·</strong></span> <span class='ocrx_word' id='word_1_339' title='bbox 3504 2301 3833 2356; x_wconf 78' lang='grc' dir='ltr'><strong>ἀποσπάσαι</strong></span> 
     </span>
    </p>
   </div>
   <div class='ocr_carea' id='block_1_52' title="bbox 2232 2381 3835 2467">
    <p class='ocr_par' dir='ltr' id='par_1_52' title="bbox 2232 2381 3835 2467">
     <span class='ocr_line' id='line_1_52' title="bbox 2232 2381 3835 2467; baseline -0.001 -18"><span class='ocrx_word' id='word_1_340' title='bbox 2232 2395 2345 2467; x_wconf 83' lang='grc' dir='ltr'><strong>γὰρ</strong></span> <span class='ocrx_word' id='word_1_341' title='bbox 2374 2396 2587 2467; x_wconf 79' lang='grc' dir='ltr'><strong>πέμπει</strong></span> <span class='ocrx_word' id='word_1_342' title='bbox 2615 2395 2664 2427; x_wconf 67' lang='grc'>⁷⁸</span> <span class='ocrx_word' id='word_1_343' title='bbox 2692 2395 2727 2465; x_wconf 75' lang='grc' dir='ltr'>ἡ</span> <span class='ocrx_word' id='word_1_344' title='bbox 2758 2394 2988 2460; x_wconf 79' lang='grc' dir='ltr'><strong>Εύδοξία</strong></span> <span class='ocrx_word' id='word_1_345' title='bbox 3010 2395 3106 2448; x_wconf 74' lang='grc' dir='ltr'><strong>τὸν</strong></span> <span class='ocrx_word' id='word_1_346' title='bbox 3138 2394 3450 2448; x_wconf 88' lang='grc' dir='ltr'><strong>Παυλάκιον</strong></span> <span class='ocrx_word' id='word_1_347' title='bbox 3475 2394 3571 2448; x_wconf 76' lang='grc' dir='ltr'><strong>καὶ</strong></span> <span class='ocrx_word' id='word_1_348' title='bbox 3598 2381 3835 2459; x_wconf 75' lang='grc' dir='ltr'><strong>ἄκοντος</strong></span> 
     </span>
    </p>
   </div>
   <div class='ocr_carea' id='block_1_53' title="bbox 2234 2484 3832 2557">
    <p class='ocr_par' dir='ltr' id='par_1_53' title="bbox 2234 2484 3832 2557">
     <span class='ocr_line' id='line_1_53' title="bbox 2234 2484 3832 2557; baseline -0.002 -16"><span class='ocrx_word' id='word_1_349' title='bbox 2234 2486 2509 2553; x_wconf 79' lang='grc' dir='ltr'><strong>Ἰωάννου,</strong></span> <span class='ocrx_word' id='word_1_350' title='bbox 2542 2486 2774 2556; x_wconf 84' lang='grc' dir='ltr'><strong>ἄγγελος</strong></span> <span class='ocrx_word' id='word_1_351' title='bbox 2794 2485 2853 2539; x_wconf 77' lang='grc' dir='ltr'><strong>δὲ</strong></span> <span class='ocrx_word' id='word_1_352' title='bbox 2884 2484 3215 2557; x_wconf 81' lang='grc' dir='ltr'><strong>λογχοφόρος</strong></span> <span class='ocrx_word' id='word_1_353' title='bbox 3242 2486 3437 2556; x_wconf 81' lang='grc' dir='ltr'><strong>φανεὶς</strong></span> <span class='ocrx_word' id='word_1_354' title='bbox 3460 2485 3555 2539; x_wconf 71' lang='grc' dir='ltr'><strong>καὶ¹</strong></span> <span class='ocrx_word' id='word_1_355' title='bbox 3580 2484 3832 2556; x_wconf 77' lang='grc' dir='ltr'><strong>φοϐήσας</strong></span> 
     </span>
    </p>
   </div>
   <div class='ocr_carea' id='block_1_54' title="bbox 2235 2578 3834 2653">
    <p class='ocr_par' dir='ltr' id='par_1_54' title="bbox 2235 2578 3834 2653">
     <span class='ocr_line' id='line_1_54' title="bbox 2235 2578 3834 2653; baseline -0.001 -18"><span class='ocrx_word' id='word_1_356' title='bbox 2235 2583 2363 2646; x_wconf 78' lang='grc' dir='ltr'><strong>τοὺς</strong></span> <span class='ocrx_word' id='word_1_357' title='bbox 2405 2583 2815 2648; x_wconf 76' lang='grc' dir='ltr'><strong>ἀποσταλέντας</strong></span> <span class='ocrx_word' id='word_1_358' title='bbox 2859 2582 3184 2653; x_wconf 80' lang='grc' dir='ltr'><strong>ἀπράκτους</strong></span> <span class='ocrx_word' id='word_1_359' title='bbox 3222 2582 3481 2650; x_wconf 76' lang='grc' dir='ltr'><strong>ἐποίησεν</strong></span> <span class='ocrx_word' id='word_1_360' title='bbox 3514 2581 3583 2635; x_wconf 78' lang='grc'><strong>’⁸.</strong></span> <span class='ocrx_word' id='word_1_361' title='bbox 3644 2578 3744 2634; x_wconf 81' lang='grc' dir='ltr'><strong>Ἐκ</strong></span> <span class='ocrx_word' id='word_1_362' title='bbox 3771 2579 3834 2633; x_wconf 79' lang='grc' dir='ltr'><strong>δὲ</strong></span> 
     </span>
    </p>
   </div>
   <div class='ocr_carea' id='block_1_55' title="bbox 2236 2671 3829 2745">
    <p class='ocr_par' dir='ltr' id='par_1_55' title="bbox 2236 2671 3829 2745">
     <span class='ocr_line' id='line_1_55' title="bbox 2236 2671 3829 2745; baseline -0.003 -18"><span class='ocrx_word' id='word_1_363' title='bbox 2236 2673 2445 2727; x_wconf 83' lang='grc' dir='ltr'><strong>τούτων</strong></span> <span class='ocrx_word' id='word_1_364' title='bbox 2472 2674 2563 2728; x_wconf 82' lang='grc' dir='ltr'><strong>καὶ</strong></span> <span class='ocrx_word' id='word_1_365' title='bbox 2594 2672 2853 2728; x_wconf 81' lang='grc' dir='ltr'><strong>τοιούτων</strong></span> <span class='ocrx_word' id='word_1_366' title='bbox 2897 2672 3155 2735; x_wconf 81' lang='grc' dir='ltr'><strong>Ἀκάκιος</strong></span> <span class='ocrx_word' id='word_1_367' title='bbox 3182 2672 3211 2726; x_wconf 97' lang='lat'><strong>6</strong></span> <span class='ocrx_word' id='word_1_368' title='bbox 3236 2672 3465 2745; x_wconf 87' lang='grc' dir='ltr'><strong>Βεροίας</strong></span> <span class='ocrx_word' id='word_1_369' title='bbox 3497 2671 3547 2703; x_wconf 75' lang='grc'><strong>’⁸</strong></span> <span class='ocrx_word' id='word_1_370' title='bbox 3569 2671 3663 2725; x_wconf 71' lang='grc' dir='ltr'><strong>καὶ</strong></span> <span class='ocrx_word' id='word_1_371' title='bbox 3691 2671 3829 2723; x_wconf 84' lang='grc' dir='ltr'><strong>Θεό-</strong></span> 
     </span>
    </p>
   </div>
   <div class='ocr_carea' id='block_1_56' title="bbox 2238 2762 3829 2836">
    <p class='ocr_par' dir='ltr' id='par_1_56' title="bbox 2238 2762 3829 2836">
     <span class='ocr_line' id='line_1_56' title="bbox 2238 2762 3829 2836; baseline -0.001 -18"><span class='ocrx_word' id='word_1_372' title='bbox 2238 2766 2393 2836; x_wconf 82' lang='grc' dir='ltr'><strong>φιλος</strong></span> <span class='ocrx_word' id='word_1_373' title='bbox 2422 2764 2517 2818; x_wconf 76' lang='grc' dir='ltr'><strong>καὶ</strong></span> <span class='ocrx_word' id='word_1_374' title='bbox 2538 2764 2816 2836; x_wconf 84' lang='grc' dir='ltr'><strong>Ἀντίοχος</strong></span> <span class='ocrx_word' id='word_1_375' title='bbox 2854 2765 2951 2818; x_wconf 72' lang='grc' dir='ltr'><strong>καὶ</strong></span> <span class='ocrx_word' id='word_1_376' title='bbox 2994 2764 3328 2836; x_wconf 81' lang='grc' dir='ltr'><strong>Σεδηριανδς</strong></span> <span class='ocrx_word' id='word_1_377' title='bbox 3370 2762 3829 2834; x_wconf 80' lang='grc' dir='ltr'><strong>συλλαμϐανομέ-</strong></span> 
     </span>
    </p>
   </div>
   <div class='ocr_carea' id='block_1_57' title="bbox 2238 2852 3835 2929">
    <p class='ocr_par' dir='ltr' id='par_1_57' title="bbox 2238 2852 3835 2929">
     <span class='ocr_line' id='line_1_57' title="bbox 2238 2852 3835 2929; baseline -0.002 -19"><span class='ocrx_word' id='word_1_378' title='bbox 2238 2875 2336 2926; x_wconf 85' lang='grc' dir='ltr'><strong>νης</strong></span> <span class='ocrx_word' id='word_1_379' title='bbox 2370 2856 2626 2921; x_wconf 81' lang='grc' dir='ltr'><strong>Εὑδοξίας</strong></span> <span class='ocrx_word' id='word_1_380' title='bbox 2654 2856 2749 2910; x_wconf 75' lang='grc' dir='ltr'><strong>καὶ</strong></span> <span class='ocrx_word' id='word_1_381' title='bbox 2774 2854 3304 2929; x_wconf 69' lang='grc' dir='ltr'><strong>προκαταρχομίνης</strong></span> <span class='ocrx_word' id='word_1_382' title='bbox 3328 2853 3667 2925; x_wconf 80' lang='grc' dir='ltr'><strong>σκευωροῦσι</strong></span> <span class='ocrx_word' id='word_1_383' title='bbox 3685 2854 3728 2885; x_wconf 85' lang='lat'>&quot;</span> <span class='ocrx_word' id='word_1_384' title='bbox 3760 2852 3835 2907; x_wconf 86' lang='grc' dir='ltr'><strong>τά</strong></span> 
     </span>
    </p>
   </div>
   <div class='ocr_carea' id='block_1_58' title="bbox 2240 2947 3832 3019">
    <p class='ocr_par' dir='ltr' id='par_1_58' title="bbox 2240 2947 3832 3019">
     <span class='ocr_line' id='line_1_58' title="bbox 2240 2947 3832 3019; baseline -0.001 -18"><span class='ocrx_word' id='word_1_385' title='bbox 2240 2947 2383 3001; x_wconf 86' lang='grc' dir='ltr'><strong>κατά</strong></span> <span class='ocrx_word' id='word_1_386' title='bbox 2407 2948 2499 3000; x_wconf 71' lang='grc' dir='ltr'><strong>τὸν</strong></span> <span class='ocrx_word' id='word_1_387' title='bbox 2546 2947 2824 3019; x_wconf 84' lang='grc' dir='ltr'><strong>Ἰωάννην,</strong></span> <span class='ocrx_word' id='word_1_388' title='bbox 2860 2947 3073 3003; x_wconf 83' lang='grc' dir='ltr'><strong>πολλῶν</strong></span> <span class='ocrx_word' id='word_1_389' title='bbox 3098 2951 3193 3004; x_wconf 80' lang='grc' dir='ltr'><strong>καὶ</strong></span> <span class='ocrx_word' id='word_1_390' title='bbox 3218 2948 3394 3005; x_wconf 82' lang='grc' dir='ltr'><strong>ἀλλων</strong></span> <span class='ocrx_word' id='word_1_391' title='bbox 3416 2948 3832 3018; x_wconf 78' lang='grc' dir='ltr'><strong>συνεπομένων,</strong></span> 
     </span>
    </p>
   </div>
   <div class='ocr_carea' id='block_1_59' title="bbox 2242 3037 2870 3109">
    <p class='ocr_par' dir='ltr' id='par_1_59' title="bbox 2242 3037 2870 3109">
     <span class='ocr_line' id='line_1_59' title="bbox 2242 3037 2870 3109; baseline 0.003 -16"><span class='ocrx_word' id='word_1_392' title='bbox 2242 3037 2336 3102; x_wconf 88' lang='grc' dir='ltr'><strong>οὒς</strong></span> <span class='ocrx_word' id='word_1_393' title='bbox 2368 3039 2610 3109; x_wconf 68' lang='grc' dir='ltr'><strong>ἐλέγχων</strong></span> <span class='ocrx_word' id='word_1_394' title='bbox 2653 3039 2870 3095; x_wconf 78' lang='grc' dir='ltr'><strong>ἐλύπει.</strong></span> 
     </span>
    </p>
   </div>
   <div class='ocr_carea' id='block_1_60' title="bbox 545 3123 3833 3206">
    <p class='ocr_par' dir='ltr' id='par_1_60' title="bbox 545 3123 3833 3206">
     <span class='ocr_line' id='line_1_60' title="bbox 545 3123 3833 3206; baseline 0.004 -27"><span class='ocrx_word' id='word_1_395' title='bbox 545 3123 837 3194; x_wconf 89' lang='lat' dir='ltr'><strong>adjuvante</strong></span> <span class='ocrx_word' id='word_1_396' title='bbox 873 3125 1108 3180; x_wconf 81' lang='lat' dir='ltr'><strong>maxime</strong></span> <span class='ocrx_word' id='word_1_397' title='bbox 1152 3134 1316 3194; x_wconf 86' lang='lat' dir='ltr'><strong>atque</strong></span> <span class='ocrx_word' id='word_1_398' title='bbox 1369 3134 1645 3192; x_wconf 62' lang='lat' dir='ltr'><strong>praeeunte</strong></span> <span class='ocrx_word' id='word_1_399' title='bbox 1701 3126 1990 3197; x_wconf 84' lang='lat' dir='ltr'><strong>Eudoxia,</strong></span> <span class='ocrx_word' id='word_1_400' title='bbox 2056 3132 2305 3206; x_wconf 86' lang='lat' dir='ltr'><strong>improba</strong></span> <span class='ocrx_word' id='word_1_401' title='bbox 2364 3136 2453 3189; x_wconf 86' lang='lat' dir='ltr'><strong>illa</strong></span> <span class='ocrx_word' id='word_1_402' title='bbox 2514 3134 2569 3190; x_wconf 94' lang='lat' dir='ltr'><strong>in</strong></span> <span class='ocrx_word' id='word_1_403' title='bbox 2629 3133 2895 3191; x_wconf 90' lang='lat' dir='ltr'><strong>Joannem</strong></span> <span class='ocrx_word' id='word_1_404' title='bbox 2958 3133 3186 3191; x_wconf 91' lang='lat' dir='ltr'><strong>consilia</strong></span> <span class='ocrx_word' id='word_1_405' title='bbox 3237 3133 3416 3191; x_wconf 93' lang='lat' dir='ltr'><strong>moliri</strong></span> <span class='ocrx_word' id='word_1_406' title='bbox 3474 3143 3762 3206; x_wconf 75' lang='lat' dir='ltr'><strong>cmperttnt</strong></span> <span class='ocrx_word' id='word_1_407' title='bbox 3816 3153 3833 3191; x_wconf 90' lang='lat'><strong>:</strong></span> 
     </span>
    </p>
   </div>
   <div class='ocr_carea' id='block_1_61' title="bbox 548 3218 3289 3299">
    <p class='ocr_par' dir='ltr' id='par_1_61' title="bbox 548 3218 3289 3299">
     <span class='ocr_line' id='line_1_61' title="bbox 548 3218 3289 3299; baseline 0.002 -24"><span class='ocrx_word' id='word_1_408' title='bbox 548 3219 859 3275; x_wconf 71' lang='lat' dir='ltr'><strong>subsecutis</strong></span> <span class='ocrx_word' id='word_1_409' title='bbox 910 3218 1199 3274; x_wconf 82' lang='lat' dir='ltr'><strong>confestim</strong></span> <span class='ocrx_word' id='word_1_410' title='bbox 1246 3228 1301 3275; x_wconf 90' lang='lat' dir='ltr'><strong>ct</strong></span> <span class='ocrx_word' id='word_1_411' title='bbox 1360 3218 1482 3273; x_wconf 88' lang='lat' dir='ltr'><strong>aliis</strong></span> <span class='ocrx_word' id='word_1_412' title='bbox 1546 3219 1751 3286; x_wconf 89' lang='lat' dir='ltr'><strong>multis,</strong></span> <span class='ocrx_word' id='word_1_413' title='bbox 1794 3224 1992 3290; x_wconf 89' lang='lat' dir='ltr'><strong>quibus</strong></span> <span class='ocrx_word' id='word_1_414' title='bbox 2048 3227 2138 3284; x_wconf 89' lang='lat' dir='ltr'><strong>ille</strong></span> <span class='ocrx_word' id='word_1_415' title='bbox 2177 3231 2291 3287; x_wconf 89' lang='lat' dir='ltr'><strong>suis</strong></span> <span class='ocrx_word' id='word_1_416' title='bbox 2315 3229 2781 3299; x_wconf 80' lang='lat' dir='ltr'><strong>increpationibus</strong></span> <span class='ocrx_word' id='word_1_417' title='bbox 2805 3228 3065 3285; x_wconf 87' lang='lat' dir='ltr'><strong>molestus</strong></span> <span class='ocrx_word' id='word_1_418' title='bbox 3091 3226 3289 3283; x_wconf 87' lang='lat' dir='ltr'><strong>fuerat.</strong></span> 
     </span>
    </p>
   </div>
   <div class='ocr_carea' id='block_1_62' title="bbox 616 3314 2205 3396">
    <p class='ocr_par' dir='ltr' id='par_1_62' title="bbox 616 3314 2205 3396">
     <span class='ocr_line' id='line_1_62' title="bbox 616 3314 2205 3396; baseline 0.006 -28"><span class='ocrx_word' id='word_1_419' title='bbox 616 3314 956 3385; x_wconf 88' lang='lat' dir='ltr'><strong>Theophilus</strong></span> <span class='ocrx_word' id='word_1_420' title='bbox 978 3316 1055 3386; x_wconf 85' lang='lat'><strong>(5)</strong></span> <span class='ocrx_word' id='word_1_421' title='bbox 1096 3319 1311 3370; x_wconf 87' lang='lat' dir='ltr'><strong>Petrum</strong></span> <span class='ocrx_word' id='word_1_422' title='bbox 1356 3316 1701 3371; x_wconf 68' lang='lat' dir='ltr'><strong>Alexandria:</strong></span> <span class='ocrx_word' id='word_1_423' title='bbox 1746 3321 2133 3396; x_wconf 82' lang='lat' dir='ltr'><strong>arcliipresby-</strong></span> <span class='ocrx_word' id='word_1_424' title='bbox 2160 3327 2205 3390; x_wconf 86' lang='lat' dir='ltr'>C</span> 
     </span>
    </p>
   </div>
   <div class='ocr_carea' id='block_1_63' title="bbox 552 3410 2140 3479">
    <p class='ocr_par' dir='ltr' id='par_1_63' title="bbox 552 3410 2140 3479">
     <span class='ocr_line' id='line_1_63' title="bbox 552 3410 2140 3479; baseline 0.008 -18"><span class='ocrx_word' id='word_1_425' title='bbox 552 3418 726 3462; x_wconf 72' lang='lat' dir='ltr'><strong>ti-rum</strong></span> <span class='ocrx_word' id='word_1_426' title='bbox 795 3410 896 3463; x_wconf 77' lang='lat' dir='ltr'><strong>hoc</strong></span> <span class='ocrx_word' id='word_1_427' title='bbox 956 3410 1175 3463; x_wconf 90' lang='lat' dir='ltr'><strong>nomine</strong></span> <span class='ocrx_word' id='word_1_428' title='bbox 1242 3410 1551 3475; x_wconf 85' lang='lat' dir='ltr'><strong>accusavit,</strong></span> <span class='ocrx_word' id='word_1_429' title='bbox 1619 3412 1762 3479; x_wconf 90' lang='lat' dir='ltr'><strong>quod</strong></span> <span class='ocrx_word' id='word_1_430' title='bbox 1824 3411 2140 3474; x_wconf 66' lang='lat' dir='ltr'><strong>Manichara:</strong></span> 
     </span>
    </p>
   </div>
   <div class='ocr_carea' id='block_1_64' title="bbox 552 3499 2141 3577">
    <p class='ocr_par' dir='ltr' id='par_1_64' title="bbox 552 3499 2141 3577">
     <span class='ocr_line' id='line_1_64' title="bbox 552 3499 2141 3577; baseline 0.008 -24"><span class='ocrx_word' id='word_1_431' title='bbox 552 3499 766 3555; x_wconf 88' lang='lat' dir='ltr'><strong>mulieri</strong></span> <span class='ocrx_word' id='word_1_432' title='bbox 803 3500 1191 3556; x_wconf 84' lang='lat' dir='ltr'><strong>eucharistiam</strong></span> <span class='ocrx_word' id='word_1_433' title='bbox 1239 3502 1575 3557; x_wconf 86' lang='lat' dir='ltr'><strong>tradidisset.</strong></span> <span class='ocrx_word' id='word_1_434' title='bbox 1618 3503 1716 3560; x_wconf 86' lang='lat' dir='ltr'><strong>Hic</strong></span> <span class='ocrx_word' id='word_1_435' title='bbox 1759 3520 1887 3562; x_wconf 67' lang='lat' dir='ltr'><strong>vero</strong></span> <span class='ocrx_word' id='word_1_436' title='bbox 1931 3524 2029 3577; x_wconf 91' lang='lat' dir='ltr'><strong>pro</strong></span> <span class='ocrx_word' id='word_1_437' title='bbox 2056 3510 2141 3565; x_wconf 89' lang='lat' dir='ltr'><strong>sui</strong></span> 
     </span>
    </p>
   </div>
   <div class='ocr_carea' id='block_1_65' title="bbox 552 3590 2145 3661">
    <p class='ocr_par' dir='ltr' id='par_1_65' title="bbox 552 3590 2145 3661">
     <span class='ocr_line' id='line_1_65' title="bbox 552 3590 2145 3661; baseline 0.008 -16"><span class='ocrx_word' id='word_1_438' title='bbox 552 3590 873 3646; x_wconf 85' lang='lat' dir='ltr'><strong>defensione</strong></span> <span class='ocrx_word' id='word_1_439' title='bbox 898 3590 1179 3660; x_wconf 86' lang='lat' dir='ltr'><strong>afferebat,</strong></span> <span class='ocrx_word' id='word_1_440' title='bbox 1233 3604 1286 3649; x_wconf 89' lang='lat' dir='ltr'><strong>et</strong></span> <span class='ocrx_word' id='word_1_441' title='bbox 1316 3609 1635 3649; x_wconf 86' lang='lat' dir='ltr'><strong>conversam</strong></span> <span class='ocrx_word' id='word_1_442' title='bbox 1696 3596 1842 3651; x_wconf 90' lang='lat' dir='ltr'><strong>illam</strong></span> <span class='ocrx_word' id='word_1_443' title='bbox 1898 3615 2040 3661; x_wconf 80' lang='lat' dir='ltr'><strong>esse,</strong></span> <span class='ocrx_word' id='word_1_444' title='bbox 2090 3612 2145 3657; x_wconf 92' lang='lat' dir='ltr'><strong>et</strong></span> 
     </span>
    </p>
   </div>
   <div class='ocr_carea' id='block_1_66' title="bbox 554 3685 2141 3760">
    <p class='ocr_par' dir='ltr' id='par_1_66' title="bbox 554 3685 2141 3760">
     <span class='ocr_line' id='line_1_66' title="bbox 554 3685 2141 3760; baseline 0.008 -23"><span class='ocrx_word' id='word_1_445' title='bbox 554 3685 768 3739; x_wconf 92' lang='lat' dir='ltr'><strong>nonnisi</strong></span> <span class='ocrx_word' id='word_1_446' title='bbox 822 3685 1114 3757; x_wconf 82' lang='lat' dir='ltr'><strong>ejusjussu</strong></span> <span class='ocrx_word' id='word_1_447' title='bbox 1140 3687 1527 3757; x_wconf 87' lang='lat' dir='ltr'><strong>mysteriorum</strong></span> <span class='ocrx_word' id='word_1_448' title='bbox 1567 3690 1889 3760; x_wconf 89' lang='lat' dir='ltr'><strong>participem</strong></span> <span class='ocrx_word' id='word_1_449' title='bbox 1918 3692 2141 3749; x_wconf 88' lang='lat' dir='ltr'><strong>factam.</strong></span> 
     </span>
    </p>
   </div>
   <div class='ocr_carea' id='block_1_67' title="bbox 553 3777 2148 3855">
    <p class='ocr_par' dir='ltr' id='par_1_67' title="bbox 553 3777 2148 3855">
     <span class='ocr_line' id='line_1_67' title="bbox 553 3777 2148 3855; baseline 0.01 -28"><span class='ocrx_word' id='word_1_450' title='bbox 553 3777 672 3842; x_wconf 83' lang='lat' dir='ltr'><strong>Qua</strong></span> <span class='ocrx_word' id='word_1_451' title='bbox 705 3778 756 3832; x_wconf 91' lang='lat' dir='ltr'><strong>in</strong></span> <span class='ocrx_word' id='word_1_452' title='bbox 804 3793 861 3832; x_wconf 94' lang='lat' dir='ltr'><strong>re</strong></span> <span class='ocrx_word' id='word_1_453' title='bbox 897 3779 1019 3833; x_wconf 83' lang='lat' dir='ltr'><strong>fidei</strong></span> <span class='ocrx_word' id='word_1_454' title='bbox 1068 3788 1262 3833; x_wconf 90' lang='lat' dir='ltr'><strong>testem</strong></span> <span class='ocrx_word' id='word_1_455' title='bbox 1296 3781 1533 3838; x_wconf 89' lang='lat' dir='ltr'><strong>laudavit</strong></span> <span class='ocrx_word' id='word_1_456' title='bbox 1564 3778 1828 3835; x_wconf 89' lang='lat' dir='ltr'><strong>lsidorum</strong></span> <span class='ocrx_word' id='word_1_457' title='bbox 1868 3784 2148 3855; x_wconf 67' lang='lat' dir='ltr'><strong>presbyteé</strong></span> 
     </span>
    </p>
   </div>
   <div class='ocr_carea' id='block_1_68' title="bbox 557 3872 2145 3945">
    <p class='ocr_par' dir='ltr' id='par_1_68' title="bbox 557 3872 2145 3945">
     <span class='ocr_line' id='line_1_68' title="bbox 557 3872 2145 3945; baseline 0.006 -23"><span class='ocrx_word' id='word_1_458' title='bbox 557 3885 699 3937; x_wconf 90' lang='lat' dir='ltr'><strong>rum,</strong></span> <span class='ocrx_word' id='word_1_459' title='bbox 754 3872 979 3928; x_wconf 88' lang='lat' dir='ltr'><strong>advenis</strong></span> <span class='ocrx_word' id='word_1_460' title='bbox 1036 3872 1386 3928; x_wconf 71' lang='lat' dir='ltr'><strong>Alexandria:</strong></span> <span class='ocrx_word' id='word_1_461' title='bbox 1431 3876 1760 3941; x_wconf 85' lang='lat' dir='ltr'><strong>recipiendis</strong></span> <span class='ocrx_word' id='word_1_462' title='bbox 1807 3874 2145 3945; x_wconf 63' lang='lat' dir='ltr'><strong>praefectum.</strong></span> 
     </span>
    </p>
   </div>
   <div class='ocr_carea' id='block_1_69' title="bbox 557 3963 2147 4034">
    <p class='ocr_par' dir='ltr' id='par_1_69' title="bbox 557 3963 2147 4034">
     <span class='ocr_line' id='line_1_69' title="bbox 557 3963 2147 4034; baseline 0.003 -16"><span class='ocrx_word' id='word_1_463' title='bbox 557 3964 658 4019; x_wconf 85' lang='lat' dir='ltr'><strong>llic</strong></span> <span class='ocrx_word' id='word_1_464' title='bbox 682 3964 771 4019; x_wconf 88' lang='lat' dir='ltr'><strong>ille</strong></span> <span class='ocrx_word' id='word_1_465' title='bbox 799 3974 904 4029; x_wconf 89' lang='lat' dir='ltr'><strong>est,</strong></span> <span class='ocrx_word' id='word_1_466' title='bbox 942 3977 1104 4033; x_wconf 85' lang='lat' dir='ltr'><strong>quem</strong></span> <span class='ocrx_word' id='word_1_467' title='bbox 1141 3963 1211 4019; x_wconf 89' lang='lat' dir='ltr'><strong>0b</strong></span> <span class='ocrx_word' id='word_1_468' title='bbox 1238 3965 1497 4019; x_wconf 87' lang='lat' dir='ltr'><strong>virtutem</strong></span> <span class='ocrx_word' id='word_1_469' title='bbox 1530 3964 1867 4034; x_wconf 85' lang='lat' dir='ltr'><strong>Theophilus</strong></span> <span class='ocrx_word' id='word_1_470' title='bbox 1897 3977 2052 4021; x_wconf 83' lang='lat' dir='ltr'><strong>antea</strong></span> <span class='ocrx_word' id='word_1_471' title='bbox 2078 3968 2147 4022; x_wconf 85' lang='lat' dir='ltr'><strong>ad</strong></span> 
     </span>
    </p>
   </div>
   <div class='ocr_carea' id='block_1_70' title="bbox 559 4055 2148 4126">
    <p class='ocr_par' dir='ltr' id='par_1_70' title="bbox 559 4055 2148 4126">
     <span class='ocr_line' id='line_1_70' title="bbox 559 4055 2148 4126; baseline 0.001 -15"><span class='ocrx_word' id='word_1_472' title='bbox 559 4056 852 4112; x_wconf 86' lang='lat' dir='ltr'><strong>Damasum</strong></span> <span class='ocrx_word' id='word_1_473' title='bbox 905 4057 1153 4119; x_wconf 89' lang='lat' dir='ltr'><strong>miserat,</strong></span> <span class='ocrx_word' id='word_1_474' title='bbox 1211 4057 1412 4126; x_wconf 89' lang='lat' dir='ltr'><strong>quique</strong></span> <span class='ocrx_word' id='word_1_475' title='bbox 1451 4057 1712 4113; x_wconf 88' lang='lat' dir='ltr'><strong>Flaviano</strong></span> <span class='ocrx_word' id='word_1_476' title='bbox 1739 4055 1814 4126; x_wconf 85' lang='grc'><strong>(6)</strong></span> <span class='ocrx_word' id='word_1_477' title='bbox 1849 4058 2148 4113; x_wconf 85' lang='lat' dir='ltr'><strong>amicitiam</strong></span> 
     </span>
    </p>
   </div>
   <div class='ocr_carea' id='block_1_71' title="bbox 556 4138 2152 4223">
    <p class='ocr_par' dir='ltr' id='par_1_71' title="bbox 556 4138 2152 4223">
     <span class='ocr_line' id='line_1_71' title="bbox 556 4138 2152 4223; baseline 0.003 -20"><span class='ocrx_word' id='word_1_478' title='bbox 556 4148 727 4204; x_wconf 83' lang='lat' dir='ltr'><strong>Roma</strong></span> <span class='ocrx_word' id='word_1_479' title='bbox 780 4138 1215 4221; x_wconf 74' lang='lat' dir='ltr'><strong>societatemque</strong></span> <span class='ocrx_word' id='word_1_480' title='bbox 1265 4150 1551 4217; x_wconf 89' lang='lat' dir='ltr'><strong>attulerat,</strong></span> <span class='ocrx_word' id='word_1_481' title='bbox 1602 4168 1725 4205; x_wconf 90' lang='lat' dir='ltr'><strong>cum</strong></span> <span class='ocrx_word' id='word_1_482' title='bbox 1770 4153 1883 4223; x_wconf 88' lang='lat' dir='ltr'><strong>jam</strong></span> <span class='ocrx_word' id='word_1_483' title='bbox 1952 4152 2152 4208; x_wconf 80' lang='lat' dir='ltr'><strong>vicesi-</strong></span> 
     </span>
    </p>
   </div>
   <div class='ocr_carea' id='block_1_72' title="bbox 560 4240 2148 4311">
    <p class='ocr_par' dir='ltr' id='par_1_72' title="bbox 560 4240 2148 4311">
     <span class='ocr_line' id='line_1_72' title="bbox 560 4240 2148 4311; baseline 0.004 -18"><span class='ocrx_word' id='word_1_484' title='bbox 560 4258 705 4295; x_wconf 82' lang='lat' dir='ltr'><strong>muni</strong></span> <span class='ocrx_word' id='word_1_485' title='bbox 742 4257 944 4298; x_wconf 90' lang='lat' dir='ltr'><strong>annum</strong></span> <span class='ocrx_word' id='word_1_486' title='bbox 977 4251 1208 4311; x_wconf 87' lang='lat' dir='ltr'><strong>utraque</strong></span> <span class='ocrx_word' id='word_1_487' title='bbox 1238 4240 1479 4296; x_wconf 87' lang='lat' dir='ltr'><strong>Ecclesia</strong></span> <span class='ocrx_word' id='word_1_488' title='bbox 1514 4243 1582 4297; x_wconf 90' lang='lat' dir='ltr'><strong>ab</strong></span> <span class='ocrx_word' id='word_1_489' title='bbox 1623 4242 1792 4298; x_wconf 88' lang='lat' dir='ltr'><strong>altera</strong></span> <span class='ocrx_word' id='word_1_490' title='bbox 1833 4243 2148 4300; x_wconf 87' lang='lat' dir='ltr'><strong>dissideret.</strong></span> 
     </span>
    </p>
   </div>
   <div class='ocr_carea' id='block_1_73' title="bbox 559 4332 2150 4405">
    <p class='ocr_par' dir='ltr' id='par_1_73' title="bbox 559 4332 2150 4405">
     <span class='ocr_line' id='line_1_73' title="bbox 559 4332 2150 4405; baseline -0.002 -16"><span class='ocrx_word' id='word_1_491' title='bbox 559 4334 684 4401; x_wconf 80' lang='lat' dir='ltr'><strong>llic,</strong></span> <span class='ocrx_word' id='word_1_492' title='bbox 708 4334 953 4405; x_wconf 90' lang='lat' dir='ltr'><strong>inquam,</strong></span> <span class='ocrx_word' id='word_1_493' title='bbox 974 4334 1214 4388; x_wconf 86' lang='lat' dir='ltr'><strong>lsidorus</strong></span> <span class='ocrx_word' id='word_1_494' title='bbox 1228 4333 1524 4389; x_wconf 90' lang='lat' dir='ltr'><strong>secundum</strong></span> <span class='ocrx_word' id='word_1_495' title='bbox 1546 4332 1762 4388; x_wconf 83' lang='lat' dir='ltr'><strong>Petrum</strong></span> <span class='ocrx_word' id='word_1_496' title='bbox 1778 4333 2150 4388; x_wconf 89' lang='lat' dir='ltr'><strong>testimonium</strong></span> 
     </span>
    </p>
   </div>
   <div class='ocr_carea' id='block_1_74' title="bbox 559 4423 2153 4493">
    <p class='ocr_par' dir='ltr' id='par_1_74' title="bbox 559 4423 2153 4493">
     <span class='ocr_line' id='line_1_74' title="bbox 559 4423 2153 4493; baseline -0.001 -13"><span class='ocrx_word' id='word_1_497' title='bbox 559 4427 719 4483; x_wconf 84' lang='lat' dir='ltr'><strong>dixit.</strong></span> <span class='ocrx_word' id='word_1_498' title='bbox 773 4426 959 4493; x_wconf 88' lang='lat' dir='ltr'><strong>Quare</strong></span> <span class='ocrx_word' id='word_1_499' title='bbox 986 4424 1326 4491; x_wconf 86' lang='lat' dir='ltr'><strong>Theophilus</strong></span> <span class='ocrx_word' id='word_1_500' title='bbox 1378 4424 1456 4477; x_wconf 91' lang='lat' dir='ltr'><strong>ira</strong></span> <span class='ocrx_word' id='word_1_501' title='bbox 1494 4424 1777 4489; x_wconf 89' lang='lat' dir='ltr'><strong>incensus,</strong></span> <span class='ocrx_word' id='word_1_502' title='bbox 1812 4423 2153 4478; x_wconf 83' lang='lat' dir='ltr'><strong>Petrnmex-</strong></span> 
     </span>
    </p>
   </div>
   <div class='ocr_carea' id='block_1_75' title="bbox 562 4515 2151 4589">
    <p class='ocr_par' dir='ltr' id='par_1_75' title="bbox 562 4515 2151 4589">
     <span class='ocr_line' id='line_1_75' title="bbox 562 4515 2151 4589; baseline -0.003 -14"><span class='ocrx_word' id='word_1_503' title='bbox 562 4519 762 4589; x_wconf 86' lang='lat' dir='ltr'><strong>templo</strong></span> <span class='ocrx_word' id='word_1_504' title='bbox 788 4518 1027 4574; x_wconf 87' lang='lat' dir='ltr'><strong>Ecclesia</strong></span> <span class='ocrx_word' id='word_1_505' title='bbox 1057 4517 1353 4579; x_wconf 91' lang='lat' dir='ltr'><strong>submovit,</strong></span> <span class='ocrx_word' id='word_1_506' title='bbox 1415 4517 1468 4570; x_wconf 91' lang='lat' dir='ltr'><strong>in</strong></span> <span class='ocrx_word' id='word_1_507' title='bbox 1522 4516 1785 4571; x_wconf 87' lang='lat' dir='ltr'><strong>lsidorum</strong></span> <span class='ocrx_word' id='word_1_508' title='bbox 1835 4530 1966 4569; x_wconf 84' lang='lat' dir='ltr'><strong>vero</strong></span> <span class='ocrx_word' id='word_1_509' title='bbox 2000 4515 2151 4571; x_wconf 89' lang='lat' dir='ltr'><strong>illum</strong></span> 
     </span>
    </p>
   </div>
   <div class='ocr_carea' id='block_1_76' title="bbox 560 4607 2153 4679">
    <p class='ocr_par' dir='ltr' id='par_1_76' title="bbox 560 4607 2153 4679">
     <span class='ocr_line' id='line_1_76' title="bbox 560 4607 2153 4679; baseline -0.003 -11"><span class='ocrx_word' id='word_1_510' title='bbox 560 4613 939 4668; x_wconf 88' lang='lat' dir='ltr'><strong>admirandum</strong></span> <span class='ocrx_word' id='word_1_511' title='bbox 968 4612 1169 4675; x_wconf 90' lang='lat' dir='ltr'><strong>virum,</strong></span> <span class='ocrx_word' id='word_1_512' title='bbox 1215 4624 1352 4679; x_wconf 90' lang='lat' dir='ltr'><strong>quas</strong></span> <span class='ocrx_word' id='word_1_513' title='bbox 1389 4609 1736 4678; x_wconf 77' lang='lat' dir='ltr'><strong>impudicitite</strong></span> <span class='ocrx_word' id='word_1_514' title='bbox 1759 4608 1947 4677; x_wconf 87' lang='lat' dir='ltr'><strong>plenas</strong></span> <span class='ocrx_word' id='word_1_515' title='bbox 1980 4607 2153 4663; x_wconf 83' lang='lat' dir='ltr'><strong>finxe-</strong></span> 
     </span>
    </p>
   </div>
   <div class='ocr_carea' id='block_1_77' title="bbox 563 4702 2155 4773">
    <p class='ocr_par' dir='ltr' id='par_1_77' title="bbox 563 4702 2155 4773">
     <span class='ocr_line' id='line_1_77' title="bbox 563 4702 2155 4773; baseline -0.003 -13"><span class='ocrx_word' id='word_1_516' title='bbox 563 4715 649 4760; x_wconf 86' lang='lat' dir='ltr'><strong>rat</strong></span> <span class='ocrx_word' id='word_1_517' title='bbox 682 4704 917 4771; x_wconf 89' lang='lat' dir='ltr'><strong>tabulas,</strong></span> <span class='ocrx_word' id='word_1_518' title='bbox 949 4702 1196 4773; x_wconf 89' lang='lat' dir='ltr'><strong>protulit,</strong></span> <span class='ocrx_word' id='word_1_519' title='bbox 1235 4711 1291 4755; x_wconf 93' lang='lat' dir='ltr'><strong>et</strong></span> <span class='ocrx_word' id='word_1_520' title='bbox 1320 4715 1547 4767; x_wconf 91' lang='lat' dir='ltr'><strong>puerum</strong></span> <span class='ocrx_word' id='word_1_521' title='bbox 1580 4712 1952 4755; x_wconf 84' lang='lat' dir='ltr'><strong>accusatorem</strong></span> <span class='ocrx_word' id='word_1_522' title='bbox 1979 4702 2155 4770; x_wconf 89' lang='lat' dir='ltr'><strong>pretio</strong></span> 
     </span>
    </p>
   </div>
   <div class='ocr_carea' id='block_1_78' title="bbox 562 4792 2151 4861">
    <p class='ocr_par' dir='ltr' id='par_1_78' title="bbox 562 4792 2151 4861">
     <span class='ocr_line' id='line_1_78' title="bbox 562 4792 2151 4861; baseline -0.003 -7"><span class='ocrx_word' id='word_1_523' title='bbox 562 4799 905 4854; x_wconf 82' lang='lat' dir='ltr'><strong>subornavit.</strong></span> <span class='ocrx_word' id='word_1_524' title='bbox 967 4795 1121 4861; x_wconf 86' lang='lat' dir='ltr'><strong>Quod</strong></span> <span class='ocrx_word' id='word_1_525' title='bbox 1182 4794 1273 4848; x_wconf 83' lang='lat' dir='ltr'><strong>tibi</strong></span> <span class='ocrx_word' id='word_1_526' title='bbox 1335 4793 1545 4847; x_wconf 80' lang='lat' dir='ltr'><strong>facinus</strong></span> <span class='ocrx_word' id='word_1_527' title='bbox 1599 4792 1998 4861; x_wconf 85' lang='lat' dir='ltr'><strong>deprehensum</strong></span> <span class='ocrx_word' id='word_1_528' title='bbox 2044 4805 2151 4859; x_wconf 87' lang='lat' dir='ltr'><strong>est,</strong></span> 
     </span>
    </p>
   </div>
   <div class='ocr_carea' id='block_1_79' title="bbox 564 4883 2152 4961">
    <p class='ocr_par' dir='ltr' id='par_1_79' title="bbox 564 4883 2152 4961">
     <span class='ocr_line' id='line_1_79' title="bbox 564 4883 2152 4961; baseline -0.003 -15"><span class='ocrx_word' id='word_1_529' title='bbox 564 4891 739 4961; x_wconf 84' lang='lat' dir='ltr'><strong>magis</strong></span> <span class='ocrx_word' id='word_1_530' title='bbox 768 4889 933 4945; x_wconf 86' lang='lat' dir='ltr'><strong>etiam</strong></span> <span class='ocrx_word' id='word_1_531' title='bbox 987 4886 1271 4941; x_wconf 79' lang='lat' dir='ltr'><strong>iracundia</strong></span> <span class='ocrx_word' id='word_1_532' title='bbox 1306 4883 1641 4954; x_wconf 87' lang='lat' dir='ltr'><strong>Theophilus</strong></span> <span class='ocrx_word' id='word_1_533' title='bbox 1677 4886 1971 4941; x_wconf 80' lang='lat' dir='ltr'><strong>excanduit</strong></span> <span class='ocrx_word' id='word_1_534' title='bbox 2000 4902 2015 4939; x_wconf 86' lang='lat'><strong>:</strong></span> <span class='ocrx_word' id='word_1_535' title='bbox 2048 4886 2152 4942; x_wconf 89' lang='lat' dir='ltr'><strong>etsi</strong></span> 
     </span>
    </p>
   </div>
   <div class='ocr_carea' id='block_1_80' title="bbox 566 4977 2152 5055">
    <p class='ocr_par' dir='ltr' id='par_1_80' title="bbox 566 4977 2152 5055">
     <span class='ocr_line' id='line_1_80' title="bbox 566 4977 2152 5055; baseline -0.003 -17"><span class='ocrx_word' id='word_1_536' title='bbox 566 4984 653 5038; x_wconf 89' lang='lat' dir='ltr'><strong>illa</strong></span> <span class='ocrx_word' id='word_1_537' title='bbox 688 4996 905 5055; x_wconf 90' lang='lat' dir='ltr'><strong>quoque</strong></span> <span class='ocrx_word' id='word_1_538' title='bbox 934 4981 1039 5035; x_wconf 90' lang='lat' dir='ltr'><strong>alia</strong></span> <span class='ocrx_word' id='word_1_539' title='bbox 1089 4993 1158 5035; x_wconf 80' lang='lat' dir='ltr'><strong>ex</strong></span> <span class='ocrx_word' id='word_1_540' title='bbox 1190 4993 1351 5033; x_wconf 87' lang='lat' dir='ltr'><strong>causa</strong></span> <span class='ocrx_word' id='word_1_541' title='bbox 1400 4992 1625 5033; x_wconf 86' lang='lat' dir='ltr'><strong>accensa</strong></span> <span class='ocrx_word' id='word_1_542' title='bbox 1668 4986 1773 5031; x_wconf 88' lang='lat' dir='ltr'><strong>est.</strong></span> <span class='ocrx_word' id='word_1_543' title='bbox 1831 4977 1974 5033; x_wconf 81' lang='lat' dir='ltr'><strong>Mille</strong></span> <span class='ocrx_word' id='word_1_544' title='bbox 2003 4979 2152 5034; x_wconf 88' lang='lat' dir='ltr'><strong>enim</strong></span> 
     </span>
    </p>
   </div>
   <div class='ocr_carea' id='block_1_81' title="bbox 567 5068 2154 5145">
    <p class='ocr_par' dir='ltr' id='par_1_81' title="bbox 567 5068 2154 5145">
     <span class='ocr_line' id='line_1_81' title="bbox 567 5068 2154 5145; baseline -0.004 -14"><span class='ocrx_word' id='word_1_545' title='bbox 567 5091 838 5142; x_wconf 88' lang='lat' dir='ltr'><strong>nummos,</strong></span> <span class='ocrx_word' id='word_1_546' title='bbox 897 5089 1038 5145; x_wconf 92' lang='lat' dir='ltr'><strong>quos</strong></span> <span class='ocrx_word' id='word_1_547' title='bbox 1102 5070 1356 5139; x_wconf 86' lang='lat' dir='ltr'><strong>inopibus</strong></span> <span class='ocrx_word' id='word_1_548' title='bbox 1413 5069 1816 5124; x_wconf 86' lang='lat' dir='ltr'><strong>distribuendos</strong></span> <span class='ocrx_word' id='word_1_549' title='bbox 1873 5068 2154 5126; x_wconf 86' lang='lat' dir='ltr'><strong>Theodota</strong></span> 
     </span>
    </p>
   </div>
   <div class='ocr_carea' id='block_1_82' title="bbox 568 5162 2154 5238">
    <p class='ocr_par' dir='ltr' id='par_1_82' title="bbox 568 5162 2154 5238">
     <span class='ocr_line' id='line_1_82' title="bbox 568 5162 2154 5238; baseline -0.008 -8"><span class='ocrx_word' id='word_1_550' title='bbox 568 5171 858 5238; x_wconf 86' lang='lat' dir='ltr'><strong>tribuerat,</strong></span> <span class='ocrx_word' id='word_1_551' title='bbox 895 5169 1137 5226; x_wconf 85' lang='lat' dir='ltr'><strong>Isidorus</strong></span> <span class='ocrx_word' id='word_1_552' title='bbox 1170 5175 1457 5234; x_wconf 87' lang='lat' dir='ltr'><strong>acceperat</strong></span> <span class='ocrx_word' id='word_1_553' title='bbox 1486 5172 1542 5218; x_wconf 90' lang='lat' dir='ltr'><strong>et</strong></span> <span class='ocrx_word' id='word_1_554' title='bbox 1576 5162 1955 5229; x_wconf 84' lang='lat' dir='ltr'><strong>distribuerat,</strong></span> <span class='ocrx_word' id='word_1_555' title='bbox 2015 5162 2154 5217; x_wconf 88' lang='lat' dir='ltr'><strong>nihil</strong></span> 
     </span>
    </p>
   </div>
   <div class='ocr_carea' id='block_1_83' title="bbox 2311 3319 3835 3396">
    <p class='ocr_par' dir='ltr' id='par_1_83' title="bbox 2311 3319 3835 3396">
     <span class='ocr_line' id='line_1_83' title="bbox 2311 3319 3835 3396; baseline -0.003 -17"><span class='ocrx_word' id='word_1_556' title='bbox 2311 3326 2435 3382; x_wconf 83' lang='grc' dir='ltr'><strong>Ὀτι</strong></span> <span class='ocrx_word' id='word_1_557' title='bbox 2457 3324 2717 3396; x_wconf 81' lang='grc' dir='ltr'><strong>Θεόφιλος</strong></span> <span class='ocrx_word' id='word_1_558' title='bbox 2734 3324 2941 3395; x_wconf 81' lang='grc' dir='ltr'><strong>Πέτρον</strong></span> <span class='ocrx_word' id='word_1_559' title='bbox 2958 3323 3050 3377; x_wconf 80' lang='grc' dir='ltr'><strong>τὸν</strong></span> <span class='ocrx_word' id='word_1_560' title='bbox 3069 3319 3637 3394; x_wconf 81' lang='grc' dir='ltr'><strong>πρωτοπρεσδύτερον</strong></span> <span class='ocrx_word' id='word_1_561' title='bbox 3651 3321 3835 3389; x_wconf 78' lang='grc' dir='ltr'><strong>’Δλεξ’</strong></span> 
     </span>
    </p>
   </div>
   <div class='ocr_carea' id='block_1_84' title="bbox 2244 3413 3839 3489">
    <p class='ocr_par' dir='ltr' id='par_1_84' title="bbox 2244 3413 3839 3489">
     <span class='ocr_line' id='line_1_84' title="bbox 2244 3413 3839 3489; baseline -0.004 -16"><span class='ocrx_word' id='word_1_562' title='bbox 2244 3418 2497 3489; x_wconf 89' lang='grc' dir='ltr'><strong>ανδρείας</strong></span> <span class='ocrx_word' id='word_1_563' title='bbox 2531 3419 2591 3472; x_wconf 81' lang='grc' dir='ltr'><strong>ὲν</strong></span> <span class='ocrx_word' id='word_1_564' title='bbox 2654 3416 2807 3487; x_wconf 76' lang='grc' dir='ltr'><strong>αἰτίᾳ</strong></span> <span class='ocrx_word' id='word_1_565' title='bbox 2852 3416 3094 3471; x_wconf 80' lang='grc' dir='ltr'><strong>ἐποιεῖτο</strong></span> <span class='ocrx_word' id='word_1_566' title='bbox 3127 3414 3204 3478; x_wconf 80' lang='grc' dir='ltr'><strong>ὡς</strong></span> <span class='ocrx_word' id='word_1_567' title='bbox 3229 3413 3452 3484; x_wconf 80' lang='grc' dir='ltr'><strong>γυναικὶ</strong></span> <span class='ocrx_word' id='word_1_568' title='bbox 3480 3414 3763 3487; x_wconf 74' lang='grc' dir='ltr'><strong>Μανιχαίᾳ</strong></span> <span class='ocrx_word' id='word_1_569' title='bbox 3792 3415 3839 3449; x_wconf 69' lang='grc'>’³</span> 
     </span>
    </p>
   </div>
   <div class='ocr_carea' id='block_1_85' title="bbox 2244 3505 3841 3581">
    <p class='ocr_par' dir='ltr' id='par_1_85' title="bbox 2244 3505 3841 3581">
     <span class='ocr_line' id='line_1_85' title="bbox 2244 3505 3841 3581; baseline -0.001 -17"><span class='ocrx_word' id='word_1_570' title='bbox 2244 3511 2352 3565; x_wconf 81' lang='grc' dir='ltr'><strong>τῶν</strong></span> <span class='ocrx_word' id='word_1_571' title='bbox 2385 3508 2703 3581; x_wconf 87' lang='grc' dir='ltr'><strong>μυστηρίων</strong></span> <span class='ocrx_word' id='word_1_572' title='bbox 2740 3509 3039 3580; x_wconf 75' lang='grc' dir='ltr'><strong>μεταδόντα</strong></span> <span class='ocrx_word' id='word_1_573' title='bbox 3060 3521 3078 3540; x_wconf 80' lang='grc'><strong><em>⁸</em></strong></span> <span class='ocrx_word' id='word_1_574' title='bbox 3103 3509 3132 3561; x_wconf 93' lang='lat'><strong>6</strong></span> <span class='ocrx_word' id='word_1_575' title='bbox 3160 3507 3217 3562; x_wconf 78' lang='grc' dir='ltr'><strong>δὲ</strong></span> <span class='ocrx_word' id='word_1_576' title='bbox 3242 3507 3567 3576; x_wconf 82' lang='grc' dir='ltr'><strong>ἀπελογεῖτο</strong></span> <span class='ocrx_word' id='word_1_577' title='bbox 3588 3507 3718 3581; x_wconf 66' lang='lat' dir='ltr'><strong>[MS</strong></span> <span class='ocrx_word' id='word_1_578' title='bbox 3743 3505 3841 3580; x_wconf 69' lang='lat' dir='ltr'><strong>IL]</strong></span> 
     </span>
    </p>
   </div>
   <div class='ocr_carea' id='block_1_86' title="bbox 2246 3600 3842 3672">
    <p class='ocr_par' dir='ltr' id='par_1_86' title="bbox 2246 3600 3842 3672">
     <span class='ocr_line' id='line_1_86' title="bbox 2246 3600 3842 3672; baseline -0.002 -16"><span class='ocrx_word' id='word_1_579' title='bbox 2246 3602 2343 3657; x_wconf 77' lang='grc' dir='ltr'><strong>καὶ</strong></span> <span class='ocrx_word' id='word_1_580' title='bbox 2378 3600 2793 3672; x_wconf 81' lang='grc' dir='ltr'><strong>μετατεθεῖσθαι</strong></span> <span class='ocrx_word' id='word_1_581' title='bbox 2831 3600 3002 3671; x_wconf 79' lang='grc' dir='ltr'><strong>αὐτὴν</strong></span> <span class='ocrx_word' id='word_1_582' title='bbox 3049 3600 3147 3654; x_wconf 75' lang='grc' dir='ltr'><strong>καὶ</strong></span> <span class='ocrx_word' id='word_1_583' title='bbox 3185 3602 3253 3672; x_wconf 75' lang='grc' dir='ltr'><strong>τῇ</strong></span> <span class='ocrx_word' id='word_1_584' title='bbox 3304 3600 3519 3653; x_wconf 70' lang='grc' dir='ltr'><strong>ἐκείνου</strong></span> <span class='ocrx_word' id='word_1_585' title='bbox 3562 3601 3842 3671; x_wconf 66' lang='grc' dir='ltr'><strong>ἐπιτροπῇ</strong></span> 
     </span>
    </p>
   </div>
   <div class='ocr_carea' id='block_1_87' title="bbox 2244 3690 3844 3764">
    <p class='ocr_par' dir='ltr' id='par_1_87' title="bbox 2244 3690 3844 3764">
     <span class='ocr_line' id='line_1_87' title="bbox 2244 3690 3844 3764; baseline -0.003 -16"><span class='ocrx_word' id='word_1_586' title='bbox 2244 3694 2355 3749; x_wconf 84' lang='grc' dir='ltr'><strong>τῶν</strong></span> <span class='ocrx_word' id='word_1_587' title='bbox 2381 3692 2699 3764; x_wconf 83' lang='grc' dir='ltr'><strong>μυστηρίων</strong></span> <span class='ocrx_word' id='word_1_588' title='bbox 2740 3692 2910 3762; x_wconf 77' lang='grc' dir='ltr'><strong>αὐτὴν</strong></span> <span class='ocrx_word' id='word_1_589' title='bbox 2942 3691 3196 3757; x_wconf 80' lang='grc' dir='ltr'><strong>ἀξιῶσαι,</strong></span> <span class='ocrx_word' id='word_1_590' title='bbox 3224 3692 3323 3747; x_wconf 74' lang='grc' dir='ltr'><strong>καὶ</strong></span> <span class='ocrx_word' id='word_1_591' title='bbox 3359 3691 3581 3762; x_wconf 78' lang='grc' dir='ltr'><strong>παρῆγε</strong></span> <span class='ocrx_word' id='word_1_592' title='bbox 3613 3690 3710 3745; x_wconf 83' lang='grc' dir='ltr'><strong>τοῦ</strong></span> <span class='ocrx_word' id='word_1_593' title='bbox 3740 3690 3844 3752; x_wconf 68' lang='lat'><strong>9.6-</strong></span> 
     </span>
    </p>
   </div>
   <div class='ocr_carea' id='block_1_88' title="bbox 2249 3780 3845 3856">
    <p class='ocr_par' dir='ltr' id='par_1_88' title="bbox 2249 3780 3845 3856">
     <span class='ocr_line' id='line_1_88' title="bbox 2249 3780 3845 3856; baseline -0.003 -17"><span class='ocrx_word' id='word_1_594' title='bbox 2249 3802 2347 3855; x_wconf 90' lang='grc' dir='ltr'><strong>γου</strong></span> <span class='ocrx_word' id='word_1_595' title='bbox 2394 3784 2652 3856; x_wconf 88' lang='grc' dir='ltr'><strong>μάρτυρα</strong></span> <span class='ocrx_word' id='word_1_596' title='bbox 2698 3784 2970 3855; x_wconf 86' lang='grc' dir='ltr'><strong>Ἰσίδωρον</strong></span> <span class='ocrx_word' id='word_1_597' title='bbox 2989 3782 3081 3836; x_wconf 76' lang='grc' dir='ltr'><strong>τὸν</strong></span> <span class='ocrx_word' id='word_1_598' title='bbox 3106 3781 3477 3852; x_wconf 78' lang='grc' dir='ltr'><strong>πρεσϐύτερον</strong></span> <span class='ocrx_word' id='word_1_599' title='bbox 3502 3781 3599 3835; x_wconf 79' lang='grc' dir='ltr'><strong>καὶ</strong></span> <span class='ocrx_word' id='word_1_600' title='bbox 3629 3780 3845 3846; x_wconf 78' lang='grc' dir='ltr'><strong>ξενοδό-</strong></span> 
     </span>
    </p>
   </div>
   <div class='ocr_carea' id='block_1_89' title="bbox 2247 3867 3844 3948">
    <p class='ocr_par' dir='ltr' id='par_1_89' title="bbox 2247 3867 3844 3948">
     <span class='ocr_line' id='line_1_89' title="bbox 2247 3867 3844 3948; baseline -0.003 -17"><span class='ocrx_word' id='word_1_601' title='bbox 2247 3895 2341 3948; x_wconf 87' lang='grc' dir='ltr'><strong>χον</strong></span> <span class='ocrx_word' id='word_1_602' title='bbox 2362 3878 2462 3946; x_wconf 86' lang='grc' dir='ltr'><strong>τῆς</strong></span> <span class='ocrx_word' id='word_1_603' title='bbox 2491 3875 2925 3947; x_wconf 74' lang='grc' dir='ltr'><strong>Ἀλεξανδρείας.</strong></span> <span class='ocrx_word' id='word_1_604' title='bbox 2976 3867 3145 3938; x_wconf 77' lang='grc' dir='ltr'><strong>Οὗτός</strong></span> <span class='ocrx_word' id='word_1_605' title='bbox 3174 3876 3321 3927; x_wconf 73' lang='grc' dir='ltr'><strong>ἐστιν</strong></span> <span class='ocrx_word' id='word_1_606' title='bbox 3345 3873 3374 3926; x_wconf 92' lang='lat'><strong>6</strong></span> <span class='ocrx_word' id='word_1_607' title='bbox 3400 3873 3493 3927; x_wconf 75' lang='grc' dir='ltr'><strong>διὰ</strong></span> <span class='ocrx_word' id='word_1_608' title='bbox 3531 3873 3634 3945; x_wconf 79' lang='grc' dir='ltr'><strong>τὴν</strong></span> <span class='ocrx_word' id='word_1_609' title='bbox 3668 3873 3844 3927; x_wconf 80' lang='grc' dir='ltr'><strong>αὐτοῦ</strong></span> 
     </span>
    </p>
   </div>
   <div class='ocr_carea' id='block_1_90' title="bbox 2248 3964 3847 4040">
    <p class='ocr_par' dir='ltr' id='par_1_90' title="bbox 2248 3964 3847 4040">
     <span class='ocr_line' id='line_1_90' title="bbox 2248 3964 3847 4040; baseline -0.002 -18"><span class='ocrx_word' id='word_1_610' title='bbox 2248 3970 2452 4039; x_wconf 83' lang='grc' dir='ltr'><strong>ἀρετὴν</strong></span> <span class='ocrx_word' id='word_1_611' title='bbox 2507 3967 2661 4040; x_wconf 86' lang='grc' dir='ltr'><strong>παρὰ</strong></span> <span class='ocrx_word' id='word_1_612' title='bbox 2713 3967 2976 4036; x_wconf 84' lang='grc' dir='ltr'><strong>Θεοφίλου</strong></span> <span class='ocrx_word' id='word_1_613' title='bbox 3040 3964 3232 4040; x_wconf 88' lang='grc' dir='ltr'><strong>[πάλαι</strong></span> <span class='ocrx_word' id='word_1_614' title='bbox 3275 3964 3349 4039; x_wconf 63' lang='grc' dir='ltr'><strong>τε]</strong></span> <span class='ocrx_word' id='word_1_615' title='bbox 3406 3966 3545 4037; x_wconf 82' lang='grc' dir='ltr'><strong>πρὸς</strong></span> <span class='ocrx_word' id='word_1_616' title='bbox 3585 3966 3847 4037; x_wconf 82' lang='grc' dir='ltr'><strong>Δαμασὺν</strong></span> 
     </span>
    </p>
   </div>
   <div class='ocr_carea' id='block_1_91' title="bbox 2253 4058 3849 4130">
    <p class='ocr_par' dir='ltr' id='par_1_91' title="bbox 2253 4058 3849 4130">
     <span class='ocr_line' id='line_1_91' title="bbox 2253 4058 3849 4130; baseline -0.003 -15"><span class='ocrx_word' id='word_1_617' title='bbox 2253 4062 2492 4126; x_wconf 77' lang='grc' dir='ltr'><strong>σταλεὶς,</strong></span> <span class='ocrx_word' id='word_1_618' title='bbox 2550 4060 2645 4114; x_wconf 77' lang='grc' dir='ltr'><strong>καὶ</strong></span> <span class='ocrx_word' id='word_1_619' title='bbox 2698 4060 2938 4130; x_wconf 85' lang='grc' dir='ltr'><strong>κομίσας</strong></span> <span class='ocrx_word' id='word_1_620' title='bbox 2971 4059 3080 4113; x_wconf 75' lang='grc' dir='ltr'><strong>ἀπὸ</strong></span> <span class='ocrx_word' id='word_1_621' title='bbox 3141 4058 3365 4129; x_wconf 84' lang='grc' dir='ltr'><strong>Ῥώμης</strong></span> <span class='ocrx_word' id='word_1_622' title='bbox 3409 4058 3696 4128; x_wconf 78' lang='grc' dir='ltr'><strong>Φλαδιανῷ</strong></span> <span class='ocrx_word' id='word_1_623' title='bbox 3741 4058 3849 4130; x_wconf 75' lang='grc' dir='ltr'><strong>τὴν</strong></span> 
     </span>
    </p>
   </div>
   <div class='ocr_carea' id='block_1_92' title="bbox 2252 4150 3850 4224">
    <p class='ocr_par' dir='ltr' id='par_1_92' title="bbox 2252 4150 3850 4224">
     <span class='ocr_line' id='line_1_92' title="bbox 2252 4150 3850 4224; baseline -0.003 -16"><span class='ocrx_word' id='word_1_624' title='bbox 2252 4154 2526 4224; x_wconf 81' lang='grc' dir='ltr'><strong>ἀποδοχὴν</strong></span> <span class='ocrx_word' id='word_1_625' title='bbox 2558 4154 2652 4206; x_wconf 78' lang='grc' dir='ltr'><strong>καὶ</strong></span> <span class='ocrx_word' id='word_1_626' title='bbox 2681 4151 2783 4222; x_wconf 79' lang='grc' dir='ltr'><strong>τὴν</strong></span> <span class='ocrx_word' id='word_1_627' title='bbox 2818 4152 2956 4223; x_wconf 86' lang='grc' dir='ltr'><strong>πρὸς</strong></span> <span class='ocrx_word' id='word_1_628' title='bbox 2986 4150 3150 4204; x_wconf 80' lang='grc' dir='ltr'><strong>αὐτὸν</strong></span> <span class='ocrx_word' id='word_1_629' title='bbox 3182 4152 3472 4204; x_wconf 90' lang='grc' dir='ltr'><strong>κοινωνίαν</strong></span> <span class='ocrx_word' id='word_1_630' title='bbox 3498 4190 3513 4214; x_wconf 98' lang='grc'><strong>,</strong></span> <span class='ocrx_word' id='word_1_631' title='bbox 3544 4150 3639 4203; x_wconf 75' lang='grc' dir='ltr'><strong>ἐπὶ</strong></span> <span class='ocrx_word' id='word_1_632' title='bbox 3664 4150 3850 4205; x_wconf 76' lang='grc' dir='ltr'><strong>ἔτεσιν</strong></span> 
     </span>
    </p>
   </div>
   <div class='ocr_carea' id='block_1_93' title="bbox 2252 4241 3851 4317">
    <p class='ocr_par' dir='ltr' id='par_1_93' title="bbox 2252 4241 3851 4317">
     <span class='ocr_line' id='line_1_93' title="bbox 2252 4241 3851 4317; baseline -0.003 -18"><span class='ocrx_word' id='word_1_633' title='bbox 2252 4246 2427 4300; x_wconf 82' lang='grc' dir='ltr'><strong>εἴκοσι</strong></span> <span class='ocrx_word' id='word_1_634' title='bbox 2445 4246 2858 4317; x_wconf 86' lang='grc' dir='ltr'><strong>διαφερομένων</strong></span> <span class='ocrx_word' id='word_1_635' title='bbox 2874 4244 2983 4297; x_wconf 83' lang='grc' dir='ltr'><strong>τῶν</strong></span> <span class='ocrx_word' id='word_1_636' title='bbox 3009 4242 3102 4297; x_wconf 86' lang='grc' dir='ltr'><strong>δύο</strong></span> <span class='ocrx_word' id='word_1_637' title='bbox 3136 4241 3480 4311; x_wconf 83' lang='grc' dir='ltr'><strong>Ἐκκλησιῶν</strong></span> <span class='ocrx_word' id='word_1_638' title='bbox 3517 4242 3654 4313; x_wconf 82' lang='grc' dir='ltr'><strong>πρὸς</strong></span> <span class='ocrx_word' id='word_1_639' title='bbox 3681 4241 3851 4314; x_wconf 82' lang='grc' dir='ltr'><strong>ἀλλή-</strong></span> 
     </span>
    </p>
   </div>
   <div class='ocr_carea' id='block_1_94' title="bbox 2253 4334 3852 4409">
    <p class='ocr_par' dir='ltr' id='par_1_94' title="bbox 2253 4334 3852 4409">
     <span class='ocr_line' id='line_1_94' title="bbox 2253 4334 3852 4409; baseline -0.003 -18"><span class='ocrx_word' id='word_1_640' title='bbox 2253 4338 2374 4399; x_wconf 80' lang='grc' dir='ltr'><strong>λας.</strong></span> <span class='ocrx_word' id='word_1_641' title='bbox 2421 4339 2478 4391; x_wconf 91' lang='lat'><strong>&#39;0</strong></span> <span class='ocrx_word' id='word_1_642' title='bbox 2513 4338 2570 4391; x_wconf 82' lang='grc' dir='ltr'><strong>δὲ</strong></span> <span class='ocrx_word' id='word_1_643' title='bbox 2627 4338 2897 4409; x_wconf 84' lang='grc' dir='ltr'><strong>Ἰσίδωρος</strong></span> <span class='ocrx_word' id='word_1_644' title='bbox 2927 4336 3231 4408; x_wconf 78' lang='grc' dir='ltr'><strong>ἐμαρτύρει</strong></span> <span class='ocrx_word' id='word_1_645' title='bbox 3284 4337 3507 4405; x_wconf 80' lang='grc' dir='ltr'><strong>Πέτρῳ,</strong></span> <span class='ocrx_word' id='word_1_646' title='bbox 3548 4334 3644 4388; x_wconf 77' lang='grc' dir='ltr'><strong>καὶ</strong></span> <span class='ocrx_word' id='word_1_647' title='bbox 3675 4334 3852 4409; x_wconf 83' lang='grc' dir='ltr'><strong>ὠργί-</strong></span> 
     </span>
    </p>
   </div>
   <div class='ocr_carea' id='block_1_95' title="bbox 2255 4424 3853 4498">
    <p class='ocr_par' dir='ltr' id='par_1_95' title="bbox 2255 4424 3853 4498">
     <span class='ocr_line' id='line_1_95' title="bbox 2255 4424 3853 4498; baseline -0.003 -15"><span class='ocrx_word' id='word_1_648' title='bbox 2255 4431 2379 4493; x_wconf 81' lang='grc' dir='ltr'><strong>ζετο</strong></span> <span class='ocrx_word' id='word_1_649' title='bbox 2422 4433 2451 4483; x_wconf 87' lang='lat'><strong>6</strong></span> <span class='ocrx_word' id='word_1_650' title='bbox 2478 4429 2758 4498; x_wconf 71' lang='grc' dir='ltr'><strong>Θεόφιλος.</strong></span> <span class='ocrx_word' id='word_1_651' title='bbox 2814 4429 2927 4483; x_wconf 70' lang='grc' dir='ltr'><strong>Καὶ</strong></span> <span class='ocrx_word' id='word_1_652' title='bbox 2956 4427 3049 4481; x_wconf 83' lang='grc' dir='ltr'><strong>τὸν</strong></span> <span class='ocrx_word' id='word_1_653' title='bbox 3097 4428 3198 4497; x_wconf 83' lang='grc' dir='ltr'><strong>μὲν</strong></span> <span class='ocrx_word' id='word_1_654' title='bbox 3244 4427 3451 4495; x_wconf 84' lang='grc' dir='ltr'><strong>Πέτρον</strong></span> <span class='ocrx_word' id='word_1_655' title='bbox 3493 4424 3700 4479; x_wconf 77' lang='grc' dir='ltr'><strong>αὐτίκα</strong></span> <span class='ocrx_word' id='word_1_656' title='bbox 3744 4425 3853 4495; x_wconf 82' lang='grc' dir='ltr'><strong>τῆς</strong></span> 
     </span>
    </p>
   </div>
   <div class='ocr_carea' id='block_1_96' title="bbox 2267 4515 3851 4592">
    <p class='ocr_par' dir='ltr' id='par_1_96' title="bbox 2267 4515 3851 4592">
     <span class='ocr_line' id='line_1_96' title="bbox 2267 4515 3851 4592; baseline -0.004 -17"><span class='ocrx_word' id='word_1_657' title='bbox 2267 4521 2595 4592; x_wconf 84' lang='grc' dir='ltr'><strong>Ἐκκλησίας</strong></span> <span class='ocrx_word' id='word_1_658' title='bbox 2617 4519 2826 4585; x_wconf 83' lang='grc' dir='ltr'><strong>διώκει,</strong></span> <span class='ocrx_word' id='word_1_659' title='bbox 2854 4519 2997 4572; x_wconf 89' lang='grc' dir='ltr'><strong>κατά</strong></span> <span class='ocrx_word' id='word_1_660' title='bbox 3025 4517 3299 4588; x_wconf 78' lang='grc' dir='ltr'><strong>Ἰσιδώρου</strong></span> <span class='ocrx_word' id='word_1_661' title='bbox 3325 4516 3379 4570; x_wconf 82' lang='grc' dir='ltr'><strong>δὲ</strong></span> <span class='ocrx_word' id='word_1_662' title='bbox 3409 4515 3505 4569; x_wconf 81' lang='grc' dir='ltr'><strong>τοῦ</strong></span> <span class='ocrx_word' id='word_1_663' title='bbox 3536 4515 3851 4589; x_wconf 87' lang='grc' dir='ltr'><strong>θαυμασίου</strong></span> 
     </span>
    </p>
   </div>
   <div class='ocr_carea' id='block_1_97' title="bbox 2257 4608 3854 4685">
    <p class='ocr_par' dir='ltr' id='par_1_97' title="bbox 2257 4608 3854 4685">
     <span class='ocr_line' id='line_1_97' title="bbox 2257 4608 3854 4685; baseline -0.001 -18"><span class='ocrx_word' id='word_1_664' title='bbox 2257 4614 2465 4685; x_wconf 85' lang='grc' dir='ltr'><strong>χάρτην</strong></span> <span class='ocrx_word' id='word_1_665' title='bbox 2497 4612 2789 4681; x_wconf 81' lang='grc' dir='ltr'><strong>ἀσελγείας</strong></span> <span class='ocrx_word' id='word_1_666' title='bbox 2822 4611 3143 4682; x_wconf 87' lang='grc' dir='ltr'><strong>συμπλάσας</strong></span> <span class='ocrx_word' id='word_1_667' title='bbox 3182 4609 3512 4681; x_wconf 76' lang='grc' dir='ltr'><strong>προκομίζει</strong></span> <span class='ocrx_word' id='word_1_668' title='bbox 3550 4612 3649 4664; x_wconf 73' lang='grc' dir='ltr'><strong>καὶ</strong></span> <span class='ocrx_word' id='word_1_669' title='bbox 3682 4608 3854 4665; x_wconf 77' lang='grc' dir='ltr'><strong>παῖδα</strong></span> 
     </span>
    </p>
   </div>
   <div class='ocr_carea' id='block_1_98' title="bbox 2260 4701 3850 4778">
    <p class='ocr_par' dir='ltr' id='par_1_98' title="bbox 2260 4701 3850 4778">
     <span class='ocr_line' id='line_1_98' title="bbox 2260 4701 3850 4778; baseline -0.004 -18"><span class='ocrx_word' id='word_1_670' title='bbox 2260 4709 2567 4778; x_wconf 87' lang='grc' dir='ltr'><strong>κατήγορον</strong></span> <span class='ocrx_word' id='word_1_671' title='bbox 2619 4704 2928 4777; x_wconf 82' lang='grc' dir='ltr'><strong>μισθοῦται.</strong></span> <span class='ocrx_word' id='word_1_672' title='bbox 2962 4703 3071 4756; x_wconf 81' lang='grc' dir='ltr'><strong>Καὶ</strong></span> <span class='ocrx_word' id='word_1_673' title='bbox 3108 4701 3205 4756; x_wconf 81' lang='grc' dir='ltr'><strong>τοῦ</strong></span> <span class='ocrx_word' id='word_1_674' title='bbox 3245 4701 3527 4771; x_wconf 87' lang='grc' dir='ltr'><strong>δράματος</strong></span> <span class='ocrx_word' id='word_1_675' title='bbox 3555 4701 3850 4771; x_wconf 70' lang='grc' dir='ltr'><strong>ἐλεγχθέν-</strong></span> 
     </span>
    </p>
   </div>
   <div class='ocr_carea' id='block_1_99' title="bbox 2259 4792 3856 4862">
    <p class='ocr_par' dir='ltr' id='par_1_99' title="bbox 2259 4792 3856 4862">
     <span class='ocr_line' id='line_1_99' title="bbox 2259 4792 3856 4862; baseline -0.004 -10"><span class='ocrx_word' id='word_1_676' title='bbox 2259 4816 2352 4861; x_wconf 83' lang='grc' dir='ltr'><strong>τος</strong></span> <span class='ocrx_word' id='word_1_677' title='bbox 2386 4799 2465 4862; x_wconf 85' lang='grc' dir='ltr'><strong>είς</strong></span> <span class='ocrx_word' id='word_1_678' title='bbox 2508 4798 2731 4850; x_wconf 86' lang='grc' dir='ltr'><strong>πλείονα</strong></span> <span class='ocrx_word' id='word_1_679' title='bbox 2761 4796 2960 4851; x_wconf 89' lang='grc' dir='ltr'><strong>κακίαν</strong></span> <span class='ocrx_word' id='word_1_680' title='bbox 3017 4794 3300 4847; x_wconf 81' lang='grc' dir='ltr'><strong>ὲκκαίεται</strong></span> <span class='ocrx_word' id='word_1_681' title='bbox 3327 4796 3355 4847; x_wconf 94' lang='lat'><strong>6</strong></span> <span class='ocrx_word' id='word_1_682' title='bbox 3385 4792 3670 4862; x_wconf 78' lang='grc' dir='ltr'><strong>Θεόφιλος.</strong></span> <span class='ocrx_word' id='word_1_683' title='bbox 3716 4794 3856 4845; x_wconf 90' lang='grc' dir='ltr'><strong>Συν-</strong></span> 
     </span>
    </p>
   </div>
   <div class='ocr_carea' id='block_1_100' title="bbox 2260 4883 3854 4963">
    <p class='ocr_par' dir='ltr' id='par_1_100' title="bbox 2260 4883 3854 4963">
     <span class='ocr_line' id='line_1_100' title="bbox 2260 4883 3854 4963; baseline -0.007 -18"><span class='ocrx_word' id='word_1_684' title='bbox 2260 4892 2403 4963; x_wconf 86' lang='grc' dir='ltr'><strong>ῆπτε</strong></span> <span class='ocrx_word' id='word_1_685' title='bbox 2418 4892 2464 4922; x_wconf 80' lang='grc' dir='ltr'><strong>⁸ο</strong></span> <span class='ocrx_word' id='word_1_686' title='bbox 2491 4890 2547 4943; x_wconf 86' lang='grc' dir='ltr'><strong>δὲ</strong></span> <span class='ocrx_word' id='word_1_687' title='bbox 2576 4888 2743 4943; x_wconf 83' lang='grc' dir='ltr'><strong>αὐτοῦ</strong></span> <span class='ocrx_word' id='word_1_688' title='bbox 2767 4888 2827 4941; x_wconf 85' lang='grc' dir='ltr'><strong>τὸ</strong></span> <span class='ocrx_word' id='word_1_689' title='bbox 2862 4886 3056 4951; x_wconf 84' lang='grc' dir='ltr'><strong>πάθος,</strong></span> <span class='ocrx_word' id='word_1_690' title='bbox 3083 4887 3166 4939; x_wconf 85' lang='grc' dir='ltr'><strong>ὃτι</strong></span> <span class='ocrx_word' id='word_1_691' title='bbox 3185 4885 3507 4955; x_wconf 84' lang='grc' dir='ltr'><strong>χρήματα⁸¹</strong></span> <span class='ocrx_word' id='word_1_692' title='bbox 3536 4883 3720 4937; x_wconf 74' lang='grc' dir='ltr'><strong>λαϐὼν</strong></span> <span class='ocrx_word' id='word_1_693' title='bbox 3752 4884 3854 4954; x_wconf 85' lang='grc' dir='ltr'><strong>μέ-</strong></span> 
     </span>
    </p>
   </div>
   <div class='ocr_carea' id='block_1_101' title="bbox 2262 4973 3856 5055">
    <p class='ocr_par' dir='ltr' id='par_1_101' title="bbox 2262 4973 3856 5055">
     <span class='ocr_line' id='line_1_101' title="bbox 2262 4973 3856 5055; baseline -0.008 -19"><span class='ocrx_word' id='word_1_694' title='bbox 2262 5000 2351 5055; x_wconf 88' lang='grc' dir='ltr'><strong>χρι</strong></span> <span class='ocrx_word' id='word_1_695' title='bbox 2401 4982 2591 5053; x_wconf 86' lang='grc' dir='ltr'><strong>χιλίων</strong></span> <span class='ocrx_word' id='word_1_696' title='bbox 2626 4979 2981 5051; x_wconf 85' lang='grc' dir='ltr'><strong>νομισμάτων</strong></span> <span class='ocrx_word' id='word_1_697' title='bbox 3025 4977 3262 5047; x_wconf 86' lang='grc' dir='ltr'><strong>πτωχοῖς</strong></span> <span class='ocrx_word' id='word_1_698' title='bbox 3283 4974 3566 5044; x_wconf 87' lang='grc' dir='ltr'><strong>διανεῖμαι</strong></span> <span class='ocrx_word' id='word_1_699' title='bbox 3602 4973 3856 5044; x_wconf 78' lang='grc' dir='ltr'><strong>(Θεοδότη</strong></span> 
     </span>
    </p>
   </div>
   <div class='ocr_carea' id='block_1_102' title="bbox 2262 5065 3851 5145">
    <p class='ocr_par' dir='ltr' id='par_1_102' title="bbox 2262 5065 3851 5145">
     <span class='ocr_line' id='line_1_102' title="bbox 2262 5065 3851 5145; baseline -0.006 -19"><span class='ocrx_word' id='word_1_700' title='bbox 2262 5074 2307 5126; x_wconf 78' lang='grc' dir='ltr'><strong>δ’</strong></span> <span class='ocrx_word' id='word_1_701' title='bbox 2334 5070 2401 5145; x_wconf 83' lang='grc' dir='ltr'><strong>ἦν</strong></span> <span class='ocrx_word' id='word_1_702' title='bbox 2426 5075 2460 5145; x_wconf 78' lang='grc' dir='ltr'>ἡ</span> <span class='ocrx_word' id='word_1_703' title='bbox 2491 5070 2911 5142; x_wconf 81' lang='grc' dir='ltr'><strong>παρασχομένη)</strong></span> <span class='ocrx_word' id='word_1_704' title='bbox 2939 5068 3084 5123; x_wconf 76' lang='grc' dir='ltr'><strong>οὕτω</strong></span> <span class='ocrx_word' id='word_1_705' title='bbox 3115 5069 3208 5121; x_wconf 72' lang='grc' dir='ltr'><strong>καὶ</strong></span> <span class='ocrx_word' id='word_1_706' title='bbox 3241 5068 3491 5138; x_wconf 77' lang='grc' dir='ltr'><strong>εποίησε,</strong></span> <span class='ocrx_word' id='word_1_707' title='bbox 3521 5066 3689 5138; x_wconf 83' lang='grc' dir='ltr'><strong>μηδὲν</strong></span> <span class='ocrx_word' id='word_1_708' title='bbox 3718 5065 3851 5117; x_wconf 87' lang='grc' dir='ltr'><strong>τού-</strong></span> 
     </span>
    </p>
   </div>
   <div class='ocr_carea' id='block_1_103' title="bbox 2262 5154 3860 5235">
    <p class='ocr_par' dir='ltr' id='par_1_103' title="bbox 2262 5154 3860 5235">
     <span class='ocr_line' id='line_1_103' title="bbox 2262 5154 3860 5235; baseline -0.006 -17"><span class='ocrx_word' id='word_1_709' title='bbox 2262 5183 2370 5219; x_wconf 88' lang='grc' dir='ltr'><strong>των</strong></span> <span class='ocrx_word' id='word_1_710' title='bbox 2413 5164 2657 5235; x_wconf 85' lang='grc' dir='ltr'><strong>Θεοφίλῳ</strong></span> <span class='ocrx_word' id='word_1_711' title='bbox 2704 5161 3200 5234; x_wconf 81' lang='grc' dir='ltr'><strong>προσαναθέμενος.</strong></span> <span class='ocrx_word' id='word_1_712' title='bbox 3256 5160 3453 5229; x_wconf 79' lang='grc' dir='ltr'><strong>Φεύγει</strong></span> <span class='ocrx_word' id='word_1_713' title='bbox 3496 5154 3591 5213; x_wconf 81' lang='grc' dir='ltr'><strong>οὖν</strong></span> <span class='ocrx_word' id='word_1_714' title='bbox 3617 5156 3709 5212; x_wconf 81' lang='grc' dir='ltr'><strong>διὰ</strong></span> <span class='ocrx_word' id='word_1_715' title='bbox 3756 5156 3860 5227; x_wconf 73' lang='grc' dir='ltr'><strong>τὴν</strong></span> 
     </span>
    </p>
   </div>
   <div class='ocr_carea' id='block_1_104' title="bbox 1882 5271 2561 5332">
    <p class='ocr_par' dir='ltr' id='par_1_104' title="bbox 1882 5271 2561 5332">
     <span class='ocr_line' id='line_1_104' title="bbox 1882 5271 2561 5332; baseline -0.001 0"><span class='ocrx_word' id='word_1_716' title='bbox 1882 5273 2118 5332; x_wconf 80' lang='lat' dir='ltr'><strong>VARle</strong></span> <span class='ocrx_word' id='word_1_717' title='bbox 2152 5271 2446 5331; x_wconf 81' lang='lat' dir='ltr'><strong>LECTION</strong></span> <span class='ocrx_word' id='word_1_718' title='bbox 2456 5276 2561 5331; x_wconf 86' lang='lat' dir='ltr'><strong>ES.</strong></span> 
     </span>
    </p>
   </div>
   <div class='ocr_carea' id='block_1_105' title="bbox 641 5398 1139 5458">
    <p class='ocr_par' dir='ltr' id='par_1_105' title="bbox 641 5398 1139 5458">
     <span class='ocr_line' id='line_1_105' title="bbox 641 5398 1139 5458; baseline -0.004 -3"><span class='ocrx_word' id='word_1_719' title='bbox 641 5404 688 5436; x_wconf 88' lang='grc'>⁷³</span> <span class='ocrx_word' id='word_1_720' title='bbox 726 5398 1060 5458; x_wconf 83' lang='grc' dir='ltr'><strong>Ἐκκλησίαν</strong></span> <span class='ocrx_word' id='word_1_721' title='bbox 1080 5413 1139 5458; x_wconf 79' lang='grc' dir='ltr'><strong>ς.</strong></span> 
     </span>
    </p>
   </div>
   <div class='ocr_carea' id='block_1_106' title="bbox 1218 5390 2367 5462">
    <p class='ocr_par' dir='ltr' id='par_1_106' title="bbox 1218 5390 2367 5462">
     <span class='ocr_line' id='line_1_106' title="bbox 1218 5390 2367 5462; baseline 0.002 -18"><span class='ocrx_word' id='word_1_722' title='bbox 1218 5392 1262 5423; x_wconf 73' lang='grc'><strong>⁷⁸</strong></span> <span class='ocrx_word' id='word_1_723' title='bbox 1287 5392 1497 5462; x_wconf 84' lang='grc' dir='ltr'><strong>πέμπει</strong></span> <span class='ocrx_word' id='word_1_724' title='bbox 1529 5394 1602 5447; x_wconf 82' lang='grc' dir='ltr'><strong>Α;</strong></span> <span class='ocrx_word' id='word_1_725' title='bbox 1651 5391 1882 5462; x_wconf 15' lang='grc' dir='ltr'><strong>σπεύδειν</strong></span> <span class='ocrx_word' id='word_1_726' title='bbox 1904 5409 1963 5455; x_wconf 72' lang='grc' dir='ltr'><strong>ς’.</strong></span> <span class='ocrx_word' id='word_1_727' title='bbox 2024 5391 2070 5422; x_wconf 80' lang='grc'><strong>⁷⁵</strong></span> <span class='ocrx_word' id='word_1_728' title='bbox 2098 5390 2271 5444; x_wconf 85' lang='grc' dir='ltr'><strong>ἐποίει</strong></span> <span class='ocrx_word' id='word_1_729' title='bbox 2305 5410 2367 5457; x_wconf 80' lang='grc' dir='ltr'><strong>ς’.</strong></span> 
     </span>
    </p>
   </div>
   <div class='ocr_carea' id='block_1_107' title="bbox 2440 5384 3863 5463">
    <p class='ocr_par' dir='ltr' id='par_1_107' title="bbox 2440 5384 3863 5463">
     <span class='ocr_line' id='line_1_107' title="bbox 2440 5384 3863 5463; baseline -0.001 -20"><span class='ocrx_word' id='word_1_730' title='bbox 2440 5392 2487 5424; x_wconf 77' lang='grc'><strong>’⁵</strong></span> <span class='ocrx_word' id='word_1_731' title='bbox 2514 5390 2777 5463; x_wconf 67' lang='grc' dir='ltr'><strong>Βερροίας</strong></span> <span class='ocrx_word' id='word_1_732' title='bbox 2810 5409 2871 5456; x_wconf 82' lang='grc' dir='ltr'><strong>ς.</strong></span> <span class='ocrx_word' id='word_1_733' title='bbox 2970 5390 3017 5422; x_wconf 89' lang='lat'><strong>&quot;&quot;</strong></span> <span class='ocrx_word' id='word_1_734' title='bbox 3042 5384 3377 5461; x_wconf 76' lang='grc' dir='ltr'><strong>σκαιωροῦσι</strong></span> <span class='ocrx_word' id='word_1_735' title='bbox 3401 5404 3437 5452; x_wconf 86' lang='grc' dir='ltr'><strong>ς</strong></span> <span class='ocrx_word' id='word_1_736' title='bbox 3541 5386 3588 5417; x_wconf 79' lang='grc'><strong>⁷⁸</strong></span> <span class='ocrx_word' id='word_1_737' title='bbox 3618 5388 3863 5455; x_wconf 68' lang='grc' dir='ltr'><strong>γυναῖκα</strong></span> 
     </span>
    </p>
   </div>
   <div class='ocr_carea' id='block_1_108' title="bbox 575 5453 3121 5547">
    <p class='ocr_par' dir='ltr' id='par_1_108' title="bbox 575 5453 3121 5547">
     <span class='ocr_line' id='line_1_108' title="bbox 575 5453 3121 5547; baseline -0.007 -18"><span class='ocrx_word' id='word_1_738' title='bbox 575 5453 874 5547; x_wconf 61' lang='grc' dir='ltr'><strong>μανιχαίαν</strong></span> <span class='ocrx_word' id='word_1_739' title='bbox 904 5453 969 5522; x_wconf 79' lang='grc' dir='ltr'><strong>Ᾰ.</strong></span> <span class='ocrx_word' id='word_1_740' title='bbox 1047 5453 1103 5498; x_wconf 65' lang='grc' dir='ltr'><strong>τί</strong></span> <span class='ocrx_word' id='word_1_741' title='bbox 1126 5466 1293 5520; x_wconf 80' lang='grc' dir='ltr'><strong>πάλαι</strong></span> <span class='ocrx_word' id='word_1_742' title='bbox 1321 5453 1429 5517; x_wconf 76' lang='lat' dir='ltr'><strong>oin.</strong></span> <span class='ocrx_word' id='word_1_743' title='bbox 1456 5465 1525 5527; x_wconf 86' lang='lat' dir='ltr'><strong>A,</strong></span> <span class='ocrx_word' id='word_1_744' title='bbox 1545 5465 1706 5518; x_wconf 88' lang='lat' dir='ltr'><strong>habet</strong></span> <span class='ocrx_word' id='word_1_745' title='bbox 1730 5463 1794 5517; x_wconf 85' lang='lat' dir='ltr'><strong>C.</strong></span> <span class='ocrx_word' id='word_1_746' title='bbox 1869 5453 1928 5493; x_wconf 20' lang='lat'><strong>“7</strong></span> <span class='ocrx_word' id='word_1_747' title='bbox 1950 5464 2292 5532; x_wconf 76' lang='grc' dir='ltr'><strong>συνανῇπται</strong></span> <span class='ocrx_word' id='word_1_748' title='bbox 2462 5462 2506 5494; x_wconf 77' lang='grc'><strong>⁸³</strong></span> <span class='ocrx_word' id='word_1_749' title='bbox 2539 5453 2751 5516; x_wconf 43' lang='lat' dir='ltr'><strong>fitﬁt-xui.</strong></span> <span class='ocrx_word' id='word_1_750' title='bbox 2777 5453 3038 5533; x_wconf 82' lang='grc' dir='ltr'><strong>χρήματα</strong></span> <span class='ocrx_word' id='word_1_751' title='bbox 3062 5478 3121 5525; x_wconf 84' lang='grc' dir='ltr'><strong>ς,</strong></span> 
     </span>
    </p>
   </div>
   <div class='ocr_carea' id='block_1_109' title="bbox 2132 5581 2368 5639">
    <p class='ocr_par' dir='ltr' id='par_1_109' title="bbox 2132 5581 2368 5639">
     <span class='ocr_line' id='line_1_109' title="bbox 2132 5581 2368 5639; baseline 0.008 -2"><span class='ocrx_word' id='word_1_752' title='bbox 2132 5581 2368 5639; x_wconf 66' lang='lat' dir='ltr'><strong>NOTAE.</strong></span> 
     </span>
    </p>
   </div>
   <div class='ocr_carea' id='block_1_110' title="bbox 649 5676 2162 5757">
    <p class='ocr_par' dir='ltr' id='par_1_110' title="bbox 649 5676 2162 5757">
     <span class='ocr_line' id='line_1_110' title="bbox 649 5676 2162 5757; baseline -0.007 -15"><span class='ocrx_word' id='word_1_753' title='bbox 649 5688 725 5757; x_wconf 78' lang='lat'><strong>(&#39;5)</strong></span> <span class='ocrx_word' id='word_1_754' title='bbox 751 5676 1670 5757; x_wconf 67' lang='lat' dir='ltr'><strong>llocnomine_Theogttosti_vitltta,</strong></span> <span class='ocrx_word' id='word_1_755' title='bbox 1690 5679 1755 5732; x_wconf 88' lang='lat' dir='ltr'><strong>de</strong></span> <span class='ocrx_word' id='word_1_756' title='bbox 1784 5692 1889 5757; x_wconf 80' lang='lat' dir='ltr'><strong>qua</strong></span> <span class='ocrx_word' id='word_1_757' title='bbox 1908 5678 1999 5731; x_wconf 90' lang='lat' dir='ltr'><strong>hic</strong></span> <span class='ocrx_word' id='word_1_758' title='bbox 2035 5676 2162 5744; x_wconf 84' lang='lat' dir='ltr'><strong>inf.,</strong></span> 
     </span>
    </p>
   </div>
   <div class='ocr_carea' id='block_1_111' title="bbox 579 5691 2165 5819">
    <p class='ocr_par' dir='ltr' id='par_1_111' title="bbox 579 5691 2165 5819">
     <span class='ocr_line' id='line_1_111' title="bbox 649 5691 2162 5801; baseline -0.005 -63"><span class='ocrx_word' id='word_1_759' title='bbox 649 5691 725 5757; x_wconf 77' lang='lat'><strong>(&#39;5)</strong></span> <span class='ocrx_word' id='word_1_760' title='bbox 751 5691 1099 5738; x_wconf 88' lang='lat' dir='ltr'><strong>llocnomtne</strong></span> <span class='ocrx_word' id='word_1_761' title='bbox 1131 5691 1463 5801; x_wconf 52' lang='lat' dir='ltr'><strong>&#39;I‘neognosu</strong></span> <span class='ocrx_word' id='word_1_762' title='bbox 1483 5691 1670 5743; x_wconf 81' lang='lat' dir='ltr'><strong>vulua,</strong></span> <span class='ocrx_word' id='word_1_763' title='bbox 1690 5691 1755 5732; x_wconf 85' lang='lat' dir='ltr'><strong>de</strong></span> <span class='ocrx_word' id='word_1_764' title='bbox 1784 5692 1889 5748; x_wconf 86' lang='lat' dir='ltr'><strong>qua</strong></span> <span class='ocrx_word' id='word_1_765' title='bbox 1910 5691 1999 5731; x_wconf 88' lang='lat' dir='ltr'><strong>mc</strong></span> <span class='ocrx_word' id='word_1_766' title='bbox 2035 5691 2162 5744; x_wconf 92' lang='lat' dir='ltr'><strong>tnt.,</strong></span> 
     </span>
     <span class='ocr_line' id='line_1_112' title="bbox 579 5747 2165 5819; baseline -0.005 -9"><span class='ocrx_word' id='word_1_767' title='bbox 579 5760 672 5813; x_wconf 78' lang='lat' dir='ltr'><strong>sed</strong></span> <span class='ocrx_word' id='word_1_768' title='bbox 699 5762 889 5813; x_wconf 85' lang='lat' dir='ltr'><strong>contra</strong></span> <span class='ocrx_word' id='word_1_769' title='bbox 940 5749 1160 5803; x_wconf 81' lang='lat' dir='ltr'><strong>Palladii</strong></span> <span class='ocrx_word' id='word_1_770' title='bbox 1201 5757 1255 5801; x_wconf 87' lang='lat' dir='ltr'><strong>et</strong></span> <span class='ocrx_word' id='word_1_771' title='bbox 1316 5747 1555 5819; x_wconf 81' lang='lat' dir='ltr'><strong>letaphr.</strong></span> <span class='ocrx_word' id='word_1_772' title='bbox 1596 5752 1998 5812; x_wconf 84' lang='lat' dir='ltr'><strong>auctoritatem,</strong></span> <span class='ocrx_word' id='word_1_773' title='bbox 2042 5764 2165 5802; x_wconf 85' lang='lat' dir='ltr'><strong>cum</strong></span> 
     </span>
    </p>
   </div>
   <div class='ocr_carea' id='block_1_112' title="bbox 583 5821 1449 5899">
    <p class='ocr_par' dir='ltr' id='par_1_112' title="bbox 583 5821 1449 5899">
     <span class='ocr_line' id='line_1_113' title="bbox 583 5821 1449 5899; baseline -0.007 -17"><span class='ocrx_word' id='word_1_774' title='bbox 583 5822 1003 5899; x_wconf 31' lang='lat' dir='ltr'><strong>quibns‘Noster</strong></span> <span class='ocrx_word' id='word_1_775' title='bbox 1027 5833 1241 5888; x_wconf 81' lang='lat' dir='ltr'><strong>quoque</strong></span> <span class='ocrx_word' id='word_1_776' title='bbox 1264 5821 1449 5876; x_wconf 83' lang='lat' dir='ltr'><strong>sentit.</strong></span> 
     </span>
    </p>
   </div>
   <div class='ocr_carea' id='block_1_113' title="bbox 659 5891 2167 5969">
    <p class='ocr_par' dir='ltr' id='par_1_113' title="bbox 659 5891 2167 5969">
     <span class='ocr_line' id='line_1_114' title="bbox 659 5891 2167 5969; baseline -0.007 -13"><span class='ocrx_word' id='word_1_777' title='bbox 659 5899 740 5969; x_wconf 70' lang='grc'><strong>(4)</strong></span> <span class='ocrx_word' id='word_1_778' title='bbox 778 5894 924 5949; x_wconf 82' lang='lat' dir='ltr'><strong>Duos</strong></span> <span class='ocrx_word' id='word_1_779' title='bbox 968 5901 1315 5948; x_wconf 80' lang='lat' dir='ltr'><strong>centuriones</strong></span> <span class='ocrx_word' id='word_1_780' title='bbox 1335 5910 1455 5949; x_wconf 88' lang='lat' dir='ltr'><strong>cum</strong></span> <span class='ocrx_word' id='word_1_781' title='bbox 1506 5892 1618 5948; x_wconf 87' lang='lat' dir='ltr'><strong>suis</strong></span> <span class='ocrx_word' id='word_1_782' title='bbox 1657 5891 1972 5948; x_wconf 85' lang='lat' dir='ltr'><strong>cohortibus</strong></span> <span class='ocrx_word' id='word_1_783' title='bbox 2019 5891 2167 5947; x_wconf 89' lang='lat' dir='ltr'><strong>addit</strong></span> 
     </span>
    </p>
   </div>
   <div class='ocr_carea' id='block_1_114' title="bbox 2279 5672 3286 5750">
    <p class='ocr_par' dir='ltr' id='par_1_114' title="bbox 2279 5672 3286 5750">
     <span class='ocr_line' id='line_1_115' title="bbox 2279 5672 3286 5750; baseline -0.008 -17"><span class='ocrx_word' id='word_1_784' title='bbox 2279 5678 2388 5733; x_wconf 68' lang='lat' dir='ltr'><strong>Lvo</strong></span> <span class='ocrx_word' id='word_1_785' title='bbox 2416 5680 2645 5750; x_wconf 82' lang='lat' dir='ltr'><strong>August.</strong></span> <span class='ocrx_word' id='word_1_786' title='bbox 2685 5678 2740 5731; x_wconf 91' lang='lat' dir='ltr'><strong>in</strong></span> <span class='ocrx_word' id='word_1_787' title='bbox 2786 5675 2910 5750; x_wconf 71' lang='lat' dir='ltr'><strong>Vita</strong></span> <span class='ocrx_word' id='word_1_788' title='bbox 2941 5674 3004 5750; x_wconf 57' lang='grc' dir='ltr'><strong>Β.</strong></span> <span class='ocrx_word' id='word_1_789' title='bbox 3030 5672 3286 5742; x_wconf 75' lang='lat' dir='ltr'><strong>Chrysost</strong></span> 
     </span>
    </p>
   </div>
   <div class='ocr_carea' id='block_1_115' title="bbox 2348 5740 3532 5821">
    <p class='ocr_par' dir='ltr' id='par_1_115' title="bbox 2348 5740 3532 5821">
     <span class='ocr_line' id='line_1_116' title="bbox 2348 5740 3532 5821; baseline -0.005 -16"><span class='ocrx_word' id='word_1_790' title='bbox 2348 5752 2425 5821; x_wconf 84' lang='lat'><strong>(5)</strong></span> <span class='ocrx_word' id='word_1_791' title='bbox 2465 5740 2660 5805; x_wconf 68' lang='lat' dir='ltr'><strong>Narrat</strong></span> <span class='ocrx_word' id='word_1_792' title='bbox 2682 5749 2797 5803; x_wconf 68' lang='lat' dir='ltr'><strong>haec</strong></span> <span class='ocrx_word' id='word_1_793' title='bbox 2821 5745 3108 5821; x_wconf 77' lang='lat' dir='ltr'><strong>Nicephor.</strong></span> <span class='ocrx_word' id='word_1_794' title='bbox 3137 5740 3261 5814; x_wconf 79' lang='lat' dir='ltr'><strong>cap.</strong></span> <span class='ocrx_word' id='word_1_795' title='bbox 3294 5743 3327 5800; x_wconf 82' lang='lat'><strong>9</strong></span> <span class='ocrx_word' id='word_1_796' title='bbox 3362 5752 3417 5798; x_wconf 86' lang='lat' dir='ltr'><strong>et</strong></span> <span class='ocrx_word' id='word_1_797' title='bbox 3441 5740 3532 5799; x_wconf 77' lang='grc'><strong>10.</strong></span> 
     </span>
    </p>
   </div>
   <div class='ocr_carea' id='block_1_116' title="bbox 2353 5815 3180 5892">
    <p class='ocr_par' dir='ltr' id='par_1_116' title="bbox 2353 5815 3180 5892">
     <span class='ocr_line' id='line_1_117' title="bbox 2353 5815 3180 5892; baseline -0.013 -14"><span class='ocrx_word' id='word_1_798' title='bbox 2353 5815 2431 5892; x_wconf 73' lang='grc' dir='ltr'><strong>(θ’)</strong></span> <span class='ocrx_word' id='word_1_799' title='bbox 2467 5821 2815 5878; x_wconf 83' lang='lat' dir='ltr'><strong>Antiocheno</strong></span> <span class='ocrx_word' id='word_1_800' title='bbox 2836 5815 3180 5887; x_wconf 50' lang='lat' dir='ltr'><strong>patriarcha</strong></span> 
     </span>
    </p>
   </div>
  </div>
