4090 6414
211 394 316 460 353
1342 385 1871 451 BIBLIOTHECA.
1901 413 1971 421 —
2006 386 2172 449 COD.
2210 387 2411 449 XCVI.
3404 382 3511 445 334

213 511 577 583 ἐπικειμένην
626 510 796 581 ὀργὴν
852 510 946 564 ἐπὶ
996 508 1056 563 τδ
1102 510 1201 581 τῆς
1229 509 1460 582 Νιτρίας
1484 508 1629 578 ὅρος,
1674 507 1732 559 ἐν
1762 496 1847 572 ᾧλ

1953 520 2105 559 orum
2122 503 2426 573 Theophila
2449 501 2689 556 conscio.
2733 500 2976 557 Secessi!
3007 511 3174 573 tg.tur
3198 500 3513 557 devitanda!

214 606 306 661 καὶ
332 604 466 675 πρὶν
504 601 701 674 κε’λλίῳ
735 600 995 672 ἡσύχαζε.
1029 598 1149 653 Τῶν
1191 599 1250 653 δὲ
1275 598 1376 669 τῆς
1400 597 1678 667 Αἰγύπτου
1711 612 1807 666 μο-

1953 596 2206 650 ἰιοιιιιάἰω
2257 596 2309 648 in
2342 603 2579 648 montem
2610 592 2817 658 Nitriae,
2876 592 3229 662 quietemque
3282 593 3417 649 inibi
3453 594 3508 648 in

212 699 526 769 ναστηρίων
578 698 871 770 Διόσκορος
915 695 1147 769 ἡγοῦντο
1191 696 1287 750 καὶ
1339 693 1649 766 Ἀμμώνιος
1712 692 1809 745 καὶ

1953 688 2074 744 Jlita
2106 687 2241 743 cella
2273 685 2524 755 quaesivit
2556 703 2570 739 :
2608 700 2733 740 cum
2775 700 2840 739 eo
2870 693 3121 755 tempore
3154 686 3515 740 monasterio-

217 786 495 858 Εύθύμιος
546 790 644 841 καὶ
706 788 963 849 Εὐσέϐιος
1008 785 1250 855 ἀδελφοὶ,
1295 784 1390 849 οὓς
1433 785 1541 838 ἀπὸ
1574 784 1675 854 τῆς
1714 781 1807 835 τοῦ

1953 798 2027 836 ιηι
2059 796 2154 852 per
2183 778 2480 850 )Egyptutn
2524 779 2762 848 praefecti
2793 787 2979 833 essent
3006 777 3323 844 Dioscorus,
3363 779 3513 849 82a

216 878 477 948 σώματος
497 879 811 950 ἀναδρομῆς
832 877 1114 947 Μακροὺς
1133 878 1383 932 ἐκάλουν.
1399 876 1605 948 Συνέϐη
1622 876 1810 929 δέτότε

1953 874 2254 941 .mmonius,
2272 872 2618 943 Euthymius,
2649 880 2704 927 et
2724 872 2995 927 Eusebius
3022 873 3267 943 germani
3294 873 3514 935 fratres,

216 971 279 1022 τὺ
307 970 458 1022 κατά
488 969 597 1022 τῶν
641 969 1223 1042 Ἀνθρωπομορφιτῶν
1244 970 1547 1043 ἐκραγῆναι
1579 968 1810 1039 φιλονεί-

1953 983 2052 1022 uos
2104 983 2133 1022 a
2180 980 2467 1036 corporum
2518 966 2849 1036 proceritate
2878 963 3086 1033 Longos
3143 964 3510 1035 appellabant,

219 1072 380 1128 κημα
398 1057 471 1114 θ’.
501 1059 613 1111 Καὶ
650 1060 1051 1125 στασιαζόντων
1076 1060 1186 1114 τῶν
1229 1061 1372 1113 κατά
1395 1060 1494 1131 τὴν
1537 1060 1813 1128 Αἴγυπτον

1953 1058 2192 1114 discebat
2241 1072 2304 1113 ea
2354 1067 2678 1126 tempestate
2728 1055 3005 1109 contentio
3029 1071 3150 1110 cum
3197 1056 3515 1125 Anthropo-

223 1148 348 1223 [261
387 1148 485 1223 8.]
521 1150 797 1221 μοναχῶν,
850 1152 1234 1223 ἀγραμμάτων
1266 1152 1436 1205 όντων
1467 1153 1561 1205 καὶ
1621 1151 1817 1223 ἀγροί-

1953 1152 2204 1223 torphitis
2229 1151 2521 1207 haereticis.
2558 1147 2750 1203 Versis
2781 1159 2963 1203 autem
3004 1163 3072 1202 ex
3118 1164 3183 1203 eo
3213 1150 3263 1201 in
3292 1147 3514 1203 seditio-

224 1259 336 1297 κων
370 1242 485 1296 τῶν
520 1243 754 1309 πολλῶν,
784 1245 813 1297 ό
845 1244 1124 1313 Θεόφιλος.
1150 1245 1273 1298 ἐπεὶ
1300 1246 1611 1313 ἐπέστησαν
1645 1242 1815 1313 αὐτῷ,

1958 1261 2065 1312 θιιι,
2128 1245 2425 1312 turbasque
2462 1257 2555 1313 per
2584 1240 2883 1313 [Egyptian
2912 1241 3316 1296 concitantibus
3340 1255 3521 1294 mona-

225 1332 506 1396 δεδοικὼς,
548 1333 623 1397 ὡς
662 1334 858 1398 ἐδόκει,
906 1334 1356 1404 κατασοφίζεται,
1397 1333 1490 1387 καί
1520 1350 1653 1403 φησι
1682 1334 1819 1404 πρὸς

1953 1338 2036 1392 his
2068 1336 2270 1405 aliquot
2310 1335 2544 1391 indoctis
2594 1346 2647 1389 et
2672 1335 2997 1404 agrestibus,
3045 1332 3401 1402 Theophilus,
3449 1334 3518 1385 ah

227 1425 430 1489 αὐτούς
457 1442 473 1457 ⁸
500 1421 684 1479 Εἶδον
732 1426 805 1480 τὰ
835 1428 1129 1494 πρόσωπα
1168 1424 1336 1495 ὑμῶν
1381 1426 1462 1491 ὡς
1497 1424 1823 1495 πρόσωπον

1953 1432 2008 1485 iis
2026 1431 2441 1495 circumsessus,
2480 1444 2590 1499 pra:
2616 1437 2788 1491 metu,
2837 1437 2895 1481 ut
2923 1437 3171 1495 apparet,
3211 1425 3515 1494 huiusmodi

230 1519 407 1575 Θεοῦ.
470 1519 595 1572 Τῶν
628 1518 683 1572 δέ
726 1519 824 1572 καὶ
874 1518 1178 1590 Ὠριγένην,
1221 1518 1296 1582 ὡς
1319 1520 1729 1590 ἀσχημάτιστον
1760 1518 1821 1571 τὸ

1956 1539 2017 1577 os
2051 1522 2384 1591 sophismate
2453 1520 2651 1575 delusit
2681 1537 2695 1575 :
2755 1518 2844 1573 Sic
2877 1531 3092 1583 vestras,
3126 1519 3320 1584 inquit,
3354 1516 3518 1586 [acies

228 1612 373 1664 θετον
403 1611 637 1680 λέγοντα
664 1652 679 1676 ,
717 1610 1220 1683 ἀναθεματισθῆναι
1270 1611 1824 1683 προσεπιζητούντων

1958 1616 2057 1681 illi,
2114 1623 2171 1669 ut
2234 1614 2425 1683 {aciem
2482 1613 2599 1668 Dei.
2658 1613 2726 1667 At
2767 1628 2889 1668 cum
2922 1612 2974 1665 hi
3010 1621 3269 1679 praeterea
3302 1611 3370 1663 ab
3403 1613 3519 1678 ipso

229 1704 507 1775 ὒπέσχετο
536 1703 786 1775 ποιήσειν
810 1703 858 1735 ⁸³
898 1702 1196 1769 καὶτοῦτο,
1228 1704 1325 1757 καὶ
1365 1703 1586 1773 διέφυγε
1616 1703 1708 1756 τὸν
1737 1702 1827 1756 θά-

1953 1708 2287 1769 ιοδιυιεινειιι,
2346 1716 2403 1760 ut
2424 1703 2687 1776 Origenes
2729 1719 2969 1774 quoque,
3019 1703 3165 1772 quod
3215 1702 3260 1757 is
3284 1702 3519 1756 humana

230 1815 416 1855 νατον.
469 1797 688 1867 Ταύτης
730 1797 1071 1869 δραξάμενος
1119 1798 1264 1853 κατὰ
1320 1799 1431 1851 τῶν
1458 1798 1688 1869 μακρῶν
1727 1798 1826 1869 τῆς

1953 1805 2099 1855 )eum
2129 1800 2299 1853 forma
2328 1812 2519 1853 carere
2552 1806 2844 1861 assereret,
2906 1795 3256 1848 anathemate
3293 1796 3522 1847 damna-

229 1891 571 1962 προφάσεως
617 1863 700 1963 (οὒ
727 1863 1147 1960 γάρήέόούλοντο
1181 1890 1283 1956 ἐτι,
1316 1863 1506 1962 ὥσπερ
1536 1863 1824 1963 πρότερον,

1953 1903 2111 1959 'etur;
2165 1891 2436 1947 facturum
2479 1906 2539 1945 se
2567 1891 2789 1958 recepit,
2837 1889 3024 1956 sicque
3054 1898 3281 1941 mortem
3314 1886 3523 1941 devita-

228 1981 383 2052 αὐτῷ
406 1980 845 2036 συνδιαιτᾶσθαγ
877 1974 1028 2036 οὗτοι
1055 1981 1113 2035 δέ
1150 1982 1211 2037 τὸ
1236 1982 1377 2036 θετον
1402 1982 1830 2053 ἀσχημάτιστον,

230 2074 307 2138 ὡς
356 2076 388 2129 δ
435 2074 599 2143 όρθδς
644 2073 840 2143 λόγος,
892 2073 1248 2145 ἐπρέσϐευον)
1287 2071 1565 2127 διαϐάλλει
1608 2073 1831 2137 τούτους

233 2167 374 2237 πρὸς
410 2167 544 2230 τοὺς
593 2166 652 2220 ἐν
679 2166 944 2237 Αἰγύπτῳ
970 2165 1258 2237 μοναχοὺς,
1293 2166 1390 2221 καὶ
1415 2167 1558 2219 κινεῖ
1582 2166 1704 2219 κατ’
1730 2166 1828 2219 αὑ·-

233 2259 342 2311 τῶν
370 2258 439 2311 τὸ
468 2257 723 2328 ἀγελαῖον
744 2259 921 2311 ἐκεῖνο
939 2255 988 2289 ⁸⁸
1012 2255 1235 2328 πλῆθος,
1264 2256 1347 2310 ἔτι
1375 2256 1433 2309 δὲ
1458 2256 1554 2310 καὶ
1578 2257 1719 2310 κατὰ
1737 2255 1831 2309 τοῦ

237 2351 655 2422 προειρημένου
706 2350 1004 2423 Ἰσιδὼρου,
1063 2349 1131 2402 δι’
1184 2348 1245 2401 ὃν
1300 2348 1504 2420 μᾶλλον
1551 2350 1647 2402 καὶ
1698 2350 1835 2420 πρὸς

236 2442 492 2506 ἐκείνους
518 2440 997 2514 ἐξυπεπολέμωτο.
1039 2440 1206 2505 Τέλος
1238 2440 1377 2512 μετά
1422 2440 1625 2505 πολλὰς
1654 2440 1839 2495 κακὼι

242 2553 360 2601 σεις
404 2537 509 2590 καὶ
546 2534 863 2599 ἐπιϐουλάς,
912 2535 1008 2588 καὶ
1055 2534 1193 2605 μετὰ
1237 2535 1331 2588 τὸν
1370 2533 1701 2605 ἐμπρησμὸν
1747 2533 1839 2587 τὸν

242 2626 523 2682 ἐκκαέντα
566 2626 709 2682 κατὰ
749 2626 860 2681 τῶν
888 2624 1117 2680 κελλίων
1142 2625 1347 2691 αὐτῶν,
1378 2626 1673 2696 φεύγουσιν
1704 2627 1841 2681 ἐκεῖ·

241 2717 335 2771 θεν
375 2718 466 2782 είς
521 2714 1120 2770 Κυνσταντινούπολιν.
1177 2714 1238 2770 '0
1279 2715 1338 2769 δὲ
1386 2716 1842 2787 συμπαθέστατος

240 2808 511 2883 Ἰωάννης
536 2809 859 2880 ὑποδέχεται
904 2808 1006 2880 μὲν
1028 2809 1227 2874 αὐτοὺς
1254 2810 1351 2864 καὶ
1379 2809 1557 2875 ἄλλως
1585 2809 1843 2883 φιλοφρο-

241 2906 449 2971 νεῖται,
486 2905 550 2957 οὐ
596 2902 925 2975 μεταδίδωσι
966 2901 1025 2956 δὲ
1070 2902 1162 2958 διά
1212 2902 1476 2974 Θεόφιλον
1528 2904 1838 2969 κοινωνίας.

246 2997 465 3070 Γράφει
508 2996 571 3050 δέ
596 2994 744 3067 αὑτῷ
788 2993 885 3050 καὶ
918 2993 1230 3067 ἐπιστολὴν,
1277 2995 1417 3069 πρὸς
1455 2997 1679 3068 εἰρήνην
1709 3014 1846 3068 συμ-

240 3089 534 3154 διδάξων*
565 3089 595 3143 ό
626 3088 683 3142 δέ
714 3087 1149 3159 παρακρούεται.
1207 3087 1571 3143 Ἐπιδιδοῦσιν
1585 3090 1636 3142 οἱ
1669 3090 1716 3122 ⁸⁸
1743 3107 1847 3161 μα·

242 3183 375 3256 κροὶ
402 3180 559 3236 κατά
580 3179 843 3250 Θεοφίλου
866 3178 1166 3245 λιόέλλους.
1189 3180 1372 3236 Πείθει
1400 3183 1495 3235 καὶ
1527 3182 1738 3246 ἐκεῖνός
1763 3200 1840 3236 τι-

1877 3225 1923 3286 C

1937 1988 2037 2041 vit.
2086 1985 2203 2040 Hac
2230 1986 2398 2055 igitur
2423 1984 2511 2038 ille
2536 1992 2751 2052 arrepta
2781 1982 3067 2037 occasione
3101 1982 3362 2036 adversus
3383 1978 3525 2033 Leu-

1940 2094 2037 2152 gos
2082 2080 2282 2134 fratres
2338 2078 2453 2149 (qui
2498 2076 2611 2145 jam
2672 2076 3000 2131 recusabant
3038 2075 3239 2129 diutius
3286 2072 3401 2140 ejus
3444 2074 3522 2128 uti

1940 2172 2318 2235 contubernio,
2376 2170 2519 2239 quod
2550 2169 2681 2233 Deo,
2729 2179 2788 2221 ut
2845 2182 2932 2221 res
2980 2175 3082 2230 est,
3144 2165 3372 2221 fortnam
3404 2179 3527 2220 esse

1942 2268 2233 2324 humanam
2261 2264 2601 2320 tribuendam
2644 2260 2962 2332 negarent),
2990 2261 3129 2329 apud
3160 2258 3377 2331 Egypti
3413 2275 3529 2312 mo-

1944 2361 2169 2424 nachos,
2223 2371 2319 2427 per
2346 2355 2676 2409 calumniam
2708 2368 2803 2407 eos
2832 2352 3093 2416 traduxit,
3132 2358 3187 2406 et
3222 2348 3527 2419 imperitam

1942 2452 2090 2506 illam
2122 2451 2522 2505 multitudinem
2565 2462 2687 2502 cum
2746 2446 2799 2500 in
2833 2445 2952 2501 illos
2982 2443 3299 2508 concitavit,
3332 2452 3442 2495 tum
3476 2442 3528 2495 in

1944 2547 2232 2609 lsidorum,
2288 2558 2447 2614 quem
2481 2542 2756 2595 diximus:
2787 2540 2940 2608 cujus
2959 2539 3124 2594 etiam
3158 2537 3374 2592 nomine
3404 2549 3528 2591 cum

1944 2637 2054 2691 illis
2110 2634 2364 2689 libentius
2393 2642 2606 2687 certare
2646 2640 2909 2701 coeperat.
2975 2630 3105 2684 Post
3158 2628 3353 2684 multas
3400 2641 3531 2698 ergo

1947 2727 2126 2783 illatas
2188 2724 2414 2791 injurias
2476 2731 2824 2790 structasque
2872 2720 3119 2781 insidias,
3174 2729 3297 2789 post
3351 2718 3528 2789 ignem

1946 2831 2165 2888 quoque
2205 2816 2461 2885 injectum
2501 2814 2743 2882 ipsorum
2786 2810 2962 2874 cellis,
3011 2809 3133 2879 luga
3165 2809 3267 2863 sibi
3298 2808 3533 2878 denique

1949 2909 2317 2974 consulentes,
2349 2901 2874 2970 Constantinopolim
2910 2903 3154 2954 veniunt.
3198 2897 3534 2954 lbiJoannes

1950 3003 2040 3058 ille
2100 2997 2521 3067 benignissimus
2580 2994 2793 3063 excepit
2850 2992 3068 3062 quidem
3128 2990 3245 3046 illos
3310 2992 3532 3053 fratres,

1951 3092 2367 3160 humauiterque
2400 3085 2716 3155 complexus
2744 3093 2860 3147 est;
2919 3093 3141 3152 propter
3170 3079 3532 3152 TlteOphilutn

1957 3195 2136 3240 tamen
2166 3183 2220 3236 in
2244 3179 2679 3236 communionem
2711 3176 2937 3230 minime
2972 3175 3216 3240 admisit,
3261 3174 3356 3228 sed
3411 3188 3536 3229 eum

248 3290 345 3340 νας
372 3272 511 3329 κατ’
560 3272 743 3328 αὐτῶν
788 3271 1106 3327 ἐπιδιδόναι·
1139 3271 1256 3326 ἀλλ’
1283 3271 1510 3343 ὕστερον
1557 3274 1656 3345 μέν
1706 3269 1847 3329 οὗτοι

1958 3293 2055 3350 per
2075 3274 2360 3346 epistolam
2412 3272 2479 3325 ad
2530 3268 2876 3325 concordiam
2935 3268 3202 3324 invitavit.
3259 3267 3351 3322 Ille
3400 3266 3537 3321 nihil

254 3369 429 3441 μηδὲν
457 3365 878 3430 ἀπεὰικνύντες
902 3365 1366 3437 ἐφυλακίσθησαν,
1394 3367 1494 3420 καὶ
1530 3366 1855 3437 μαστιχθένο

251 3478 344 3527 τες
367 3463 423 3494 ⁸⁸
464 3460 667 3525 ἱκανῶς
707 3460 758 3513 οἱ
810 3459 910 3531 μὲν
950 3462 1016 3530 τῇ
1051 3458 1267 3531 φυλακῇ
1311 3456 1667 3525 ἐναπέθανον,
1707 3461 1757 3512 oi
1797 3457 1856 3512 δὲ

253 3556 357 3625 τὴν
395 3552 783 3625 Προκόννησον
829 3550 873 3583 ⁸⁸
918 3552 1090 3605 οίκείν
1128 3549 1314 3623 ἐξορίᾳ
1355 3550 1852 3621 κατεδικάσθησαν.

268 3647 327 3701 Ὀ
356 3646 422 3700 δὲ
460 3645 722 3715 Ἰωάννης
750 3642 900 3716 δηλοῖ
932 3645 1186 3714 Θεοφίλῳ
1216 3643 1344 3714 περὶ
1375 3642 1486 3696 τῶν
1516 3641 1640 3697 κατ’
1688 3641 1853 3696 αὑτοῦ

255 3738 531 3792 λιδέλλων
554 3754 567 3768 ·
595 3738 690 3791 καὶ
719 3737 921 3808 γράφει
953 3735 1214 3807 Θεόφιλος
1244 3734 1616 3807 ὀργιζόμενος·
1644 3754 1664 3786 ι
1687 3732 1855 3805 Οἶμαι

261 3832 337 3902 μὴ
368 3831 598 3899 ἀγνοεῖν
627 3846 687 3881 σε
714 3829 774 3882 τὸ
810 3827 1088 3898 διάταγμα
1123 3827 1233 3881 τῶν
1270 3828 1328 3880 ἐν
1356 3825 1565 3898 Νικαία
1593 3828 1853 3892 κανόνων,

260 3924 415 3987 ὅπως
442 3920 797 3985 θεσπίζουσιν
826 3919 1126 3974 ἐπίσκοπον
1156 3917 1289 3991 [144
1318 3916 1415 3990 8.]
1448 3919 1745 3989 ὑπερόριον
1778 3917 1856 3989 μὴ

260 4016 485 4087 κρίνειν
536 4012 716 4083 δίκην.
757 4011 819 4065 Ei
852 4012 909 4066 δέ
953 4013 1191 4081 ἀγνοεῖς,
1240 4009 1425 4082 μαθὼν
1466 4010 1709 4081 ἀπόσχου
1745 4010 1856 4064 τῶν

263 4106 389 4162 καθ’
457 4105 622 4177 ἡμῶν
674 4104 950 4159 λιόέλλων.
1007 4123 1026 4157 ι
1080 4103 1242 4158 Ἀλλά
1285 4103 1409 4157 τότε
1447 4102 1622 4156 ταῦτα
1651 4102 1698 4134 ⁸⁸
1721 4103 1859 4173 γρά-

262 4217 379 4268 φων
408 4197 679 4266 Θεόφιλος
707 4196 756 4228 ⁸⁸
794 4195 1019 4269 ὕστερον
1060 4196 1224 4261 αὐτὸς
1266 4195 1561 4268 ὑπερόριον
1596 4194 1696 4264 τὴν
1735 4194 1857 4248 κατ’

263 4292 485 4345 ἐκείνου
515 4288 700 4361 ἔκρινε
732 4288 910 4359 δίκην.
948 4287 1014 4342 Οί
1053 4287 1110 4341 δὲ
1141 4286 1372 4358 μοναχοὶ
1403 4286 1515 4340 τῶν
1544 4286 1691 4340 κατά
1730 4286 1858 4339 Θεο-

264 4384 427 4454 φίλου
470 4380 738 4435 meum
781 4381 882 4433 οὐκ
921 4379 1245 4449 ἀφίσταντο,
1288 4379 1384 4433 καὶ
1422 4378 1665 4450 ὁρίζεται
1703 4378 1860 4450 παρὰ

265 4478 541 4552 βασιλέως
572 4474 831 4546 Θεόφιλος
870 4474 966 4529 ἐπὶ
988 4473 1085 4546 τὴν
1118 4474 1277 4545 δίκην
1315 4473 1513 4529 ἐλθεῖν.
1552 4473 1614 4528 '0
1649 4474 1707 4528 δὲ
1729 4473 1860 4544 φθό-

1956 3369 2127 3426 audit.
2176 3366 2345 3436 Longi
2398 3364 2617 3419 interim
2667 3361 2866 3416 fratres
2918 3358 3280 3429 Theophilum
3332 3359 3536 3413 oblatis

1954 3461 2152 3517 libellis
2193 3460 2527 3513 accusabant
2558 3474 2573 3511 :
2608 3465 2664 3511 et
2707 3454 2879 3510 suasit
2919 3456 3007 3508 hic
3037 3454 3274 3508 vicissim
3304 3454 3540 3524 quibus-

1956 3569 2080 3624 dam
2118 3566 2222 3639 (7),
2258 3575 2317 3620 ut
2360 3566 2479 3620 illos
2509 3574 2819 3619 acusarent.
2860 3564 3102 3618 Tandem
3130 3577 3252 3619 cum
3309 3563 3445 3618 nihil
3486 3565 3540 3620 hi

1958 3662 2189 3733 probare
2236 3660 2497 3714 adversus
2556 3656 2770 3727 Longos
2826 3669 3066 3726 possent,
3127 3657 3180 3712 in
3236 3657 3539 3713 custodiam

1958 3754 2131 3820 missi,
2165 3752 2499 3823 ﬂagellisque
2529 3752 2770 3821 graviter
2800 3752 2947 3817 (τεεί,
2981 3753 3181 3822 partim
3216 3755 3271 3809 ln
3308 3752 3542 3809 vinculis

1958 3847 2154 3901 mortui
2181 3855 2327 3911 sunt,
2364 3846 2560 3914 partim
2598 3846 2648 3899 in
2678 3845 2909 3899 insulam
2940 3845 3314 3903 Prteconesum
3344 3847 3545 3917 depor-

1959 3939 2061 3992 tari
2091 3939 2371 4008 jubentur.
2401 3936 2642 3993 Joannes
2687 3938 2812 3993 hinc
2842 3936 3198 4009 'l‘henphilum
3231 3941 3297 3997 de
3344 3941 3550 3998 oblatis

1958 4030 2217 4085 adversus
2259 4046 2383 4084 eum
2429 4031 2794 4086 accusationis
2827 4031 3023 4086 libellis
3054 4034 3341 4087 certiorem
3388 4032 3547 4089 facit.

1957 4123 2038 4177 Ad
2064 4136 2181 4193 qua?
2203 4123 2311 4177 bile
2345 4138 2607 4179 accensus
2636 4124 2723 4179 ille
2760 4146 2771 4180 :
2813 4143 2832 4177 ι
2860 4125 3133 4189 Arbitror,
3190 4126 3386 4196 inquit,
3439 4144 3553 4182 non

1959 4214 2213 4283 ignorare
2251 4224 2304 4269 te
2334 4212 2534 4269 Nicmni
2585 4215 2800 4269 concilii
2840 4231 3099 4279 canones,
3153 4217 3328 4286 iisque
3358 4219 3556 4283 probi-

1958 4306 2101 4373 beri,
2139 4320 2209 4362 ne
2232 4306 2522 4377 episcopus
2553 4308 2620 4362 de
2647 4309 2953 4379 peregrino,
2986 4309 3317 4379 alteriusque
3347 4311 3549 4367 diceet:-

1959 4396 2034 4450 sis
2057 4394 2323 4464 judicium
2357 4409 2634 4453 exerceat.
2666 4398 2721 4452 Si
2755 4400 2993 4468 ignoras,
3042 4401 3214 4466 disce,
3260 4414 3445 4474 atque.
3480 4404 3551 4459 ab

1960 4489 2322 4544 accusationis
2372 4505 2505 4545 mea:
2553 4489 2752 4546 libellis
2798 4493 3094 4552 abstineto.
3135 4514 3156 4548 ι
3214 4494 3409 4551 Verum
3457 4500 3549 4568 qui

264 4590 351 4635 νος
383 4568 683 4644 κρατήσας
710 4568 806 4621 ἐπὶ⁵
837 4568 937 4638 τὴν
963 4567 1122 4639 δίκην
1140 4566 1315 4638 αὐτὴν
1354 4564 1605 4621 Ἰωάννου
1637 4565 1847 4632 καθίζει

1958 4580 2075 4635 haec
2105 4591 2233 4637 tunc
2272 4581 2610 4653 Theophilus
2658 4586 2899 4655 scripsit,
2948 4598 3069 4657 post
3102 4588 3332 4658 ipsemet
3362 4564 3551 4645 aliena:

264 4660 712 4736 παραγεγονότα.

1964 4672 2218 4729 ᾶίωοοείε
2272 4677 2417 4731 hunc
2471 4678 2645 4746 ipsum
2692 4675 2977 4743 Joannem,
3026 4696 3125 4735 suo
3167 4680 3373 4747 judicio
3420 4700 3554 4738 con-

263 4757 571 4812 demnavit.
632 4751 911 4808 Monachis
971 4751 1166 4807 deinde
1220 4751 1288 4806 ab
1336 4751 1645 4808 accusando
1706 4752 2009 4828 Tlteopbilo
2082 4764 2307 4820 minime
2372 4768 2737 4835 cessantibus,
2795 4769 3030 4824 decrevit
3118 4770 3434 4840 imperator,
3489 4773 3549 4828 ut

263 4851 612 4923 Theophilus
650 4846 857 4916 judicio
902 4847 1209 4901 sisteretur.
1264 4846 1336 4900 At
1383 4845 1585 4901 invidia
1634 4846 1853 4905 interim
1893 4853 2118 4911 nimium
2156 4859 2518 4925 invalesceus,
2552 4860 2699 4915 illum
2737 4861 2935 4932 ipsum,
3007 4863 3095 4918 ubi
3161 4865 3399 4933 advenit,
3454 4869 3546 4938 qui

264 4953 327 5007 de
357 4949 581 5006 Joanne
606 4944 929 5000 sententiam
959 4941 1146 5007 ferret,
1169 4941 1406 5012 judicem
1441 4942 1746 4999 constituit.

332 5046 469 5099 Ὅτι
528 5036 879 5108 Θεογνώστου
937 5036 1301 5107 συγκλητικοῦ
1344 5037 1713 5107 δημευθέντος
1758 5040 1857 5094 καὶ

264 5135 409 5187 κατά
433 5132 537 5202 τὴν
575 5129 791 5201 ἐξορίαν
838 5127 1262 5195 τελευτήσαντος
1289 5128 1323 5196 ἡ
1354 5128 1489 5197 γυνὴ
1520 5129 1612 5181 τὸν
1638 5128 1857 5183 ὑπολει-

264 5225 475 5293 φθέντα
509 5224 557 5256 ⁸⁸
604 5222 745 5292 αὐτῇ
778 5220 947 5291 ἀγρὸν
988 5220 1094 5273 ὑπὸ
1142 5220 1243 5289 τῆς
1289 5217 1559 5287 βασιλίδος
1591 5220 1855 5292 ἀφαιρεῖ-

264 5338 377 5375 ται.
428 5320 495 5373 'H
528 5318 587 5373 δέ
645 5318 741 5371 ἐπὶ
784 5317 877 5370 τὸν
915 5316 1024 5370 τῶν
1046 5314 1233 5386 χηρῶν
1267 5314 1605 5385 καταφεύγει
1644 5318 1863 5389 πρόμα-

2033 5039 2362 5112 Theognosti
2433 5040 2706 5097 senatoris
2767 5043 3058 5111 proscripti
3107 5054 3163 5099 et
3200 5043 3253 5099 in
3293 5044 3549 5102 exsilium

1967 5134 2168 5188 mortui
2198 5148 2333 5188 uxor
2364 5132 2464 5204 (8),
2510 5149 2697 5204 agrum
2733 5135 2837 5189 sibi
2889 5135 3043 5205 82b
3098 5138 3341 5191 relictum
3383 5139 3553 5194 habe-

1969 5229 2082 5294 hat,
2110 5243 2269 5296 quem
2306 5226 2549 5284 Eudoxia
2584 5229 2771 5283 invitm
2807 5229 3024 5299 eripuit.
3062 5231 3154 5284 Illa
3186 5232 3351 5302 igitur
3380 5234 3447 5287 ad
3475 5233 3555 5288 vi-

1969 5320 2196 5374 duarum
2215 5330 2673 5391 propugnatorem
2703 5319 2967 5376 Joannem
2985 5339 3044 5378 se
3075 5325 3274 5393 recepit
3302 5324 3426 5396 :qui
3455 5341 3556 5396 pro

1566 5431 1801 5487 VARUE
1832 5432 2235 5494 LECTIONES.

334 5529 384 5558 "
413 5529 750 5611 φιλονίκημα
785 5546 846 5610 ς..
919 5530 965 5563 ⁸³
996 5530 1219 5611 ποιῇσὲι
1244 5549 1312 5611 ,ς-.
1361 5532 1446 5611 βξ
1469 5534 1673 5611 ἐκεῖνος
1698 5549 1799 5611 ς’.-Δ
1840 5534 1885 5611 ξδ
1914 5534 1986 5611 oi]
2020 5534 2081 5611 δέ
2106 5537 2160 5611 οἱ
2194 5553 2255 5599 ς.
2330 5534 2379 5566 ⁸³
2407 5537 2844 5606 μαστιγωθέντες
2878 5554 2939 5601 ς.
3014 5536 3060 5568 ⁸⁷
3092 5535 3458 5610 Προικόνησον
3490 5552 3557 5600 ς.

269 5598 315 5632 ⁸⁵
345 5599 547 5674 ταῦτα]
577 5598 718 5672 μετὰ
741 5601 909 5655 ταῦτα
943 5619 1007 5667 ς.
1080 5598 1126 5634 ⁸⁸
1156 5603 1316 5672 Θεόφ.
1351 5604 1380 5657 ό
1409 5603 1573 5671 Θέόφ.
1603 5620 1664 5667 ς’.
1755 5606 1803 5637 ⁹⁰
1836 5598 2223 5675 cucumam
2251 5625 2311 5673 ς.

1816 5694 2050 5752 ΝΟΤἎΕ.

346 5786 427 5854 (7)
469 5785 746 5840 Monachis
774 5802 839 5841 ex
873 5787 1076 5842 Pallad.

346 5856 427 5926 t8)
457 5857 807 5927 CallitrOpam
842 5869 996 5915 vocat
1028 5857 1251 5929 Niceph.
1296 5876 1413 5930 cap.
1444 5860 1530 5927 14,
1570 5878 1673 5915 non
1700 5873 1868 5929 recte,

1984 5810 2036 5850 ut
2072 5796 2372 5852 indicatum
2404 5814 2554 5869 supr.
2587 5813 2712 5868 pag.
2731 5798 2962 5867 ιιι-ποσά.
