4058 6418
569 357 681 421 355

1734 350 2000 412 PHOTII
2036 348 2549 410 PATRIARCH/E
2587 349 2694 410 CP.

3752 353 3857 421 356

570 472 734 529 vidua
785 471 959 528 libere
1012 470 1181 528 multa
1234 480 1523 540 perorans,
1554 464 1689 519 adeo
1729 464 1863 518 nihil
1922 462 2161 532 profecit,

2277 477 2397 531 χον.
2444 460 2502 513 '0
2530 460 2586 513 δὲ
2621 457 2793 513 πολλὰ
2832 460 3357 532 παρρησιασάμενος
3406 460 3550 533 ὑπὲρ
3599 461 3702 533 τῆς
3758 466 3859 537 χὴ·

570 576 633 618 ut
674 566 841 619 etiam
865 566 1167 634 Augustam
1196 563 1252 616 in
1297 560 1380 613 sui
1432 558 1614 612 odium
1643 555 1952 611 concitarit.
1991 553 2169 620 Quare

573 659 888 711 mandatum
921 658 1089 722 dedit,
1112 668 1169 711 ut
1199 671 1320 711 cum
1360 652 1498 707 festo
1524 651 1608 705 die
1632 649 1989 704 Exaltationis
2016 646 2170 719 [sau-

568 759 672 804 ciae
701 750 927 822 crucis},
968 751 1139 820 quiin
1201 749 1468 803 decimum
1527 752 1779 814 quartum
1832 740 2170 808 Septembris

575 843 786 907 incidit,
825 842 876 896 in
903 843 1163 913 templum
1194 841 1378 908 iniqua
1403 836 1715 908 itnperatrix
1742 843 1968 887 ventura
2002 841 2167 899 esset,

575 944 748 1003 porta:
804 935 878 989 illi
934 934 1338 990 clauderentur.
1395 929 1695 984 Conlicitur
1730 924 1977 996 prtesulis
2012 939 2168 978 man-

571 1026 859 1091 datum,et
888 1028 1093 1095 pudore
1127 1024 1359 1090 sull‘usa,
1395 1024 1583 1092 iraque
1626 1022 1845 1075 incensa
1903 1022 2166 1090 Augusta,

573 1118 795 1171 domum
839 1119 1060 1173 revertit
1097 1134 1113 1183 ;
1148 1118 1456 1185 exindeque
1491 1116 1603 1168 haec
1640 1113 1814 1168 sancti
1846 1113 1948 1166 viri
1980 1128 2011 1168 e
2039 1113 2169 1168 sede

570 1208 977 1278 depulsionem,
1020 1211 1299 1275 exsilium,
1325 1208 1539 1276 aliaque
1568 1206 1820 1271 adversa,
1853 1220 1972 1273 quae
2021 1204 2166 1259 indi-

570 1303 757 1372 gnatio
789 1304 1129 1373 suggerebat,
1160 1301 1458 1356 machinari
1516 1299 1702 1369 εωρίῑ.
1750 1298 1823 1353 At
1867 1313 1995 1353 vero
2036 1299 2165 1352 dum

572 1396 642 1449 ad
707 1397 965 1461 templum
1028 1394 1116 1450 illa
1173 1407 1461 1464 progressa
1521 1390 1669 1445 fores
1736 1391 1836 1445 sibi
1887 1391 2167 1445 obseratas

573 1487 829 1551 oﬂ‘endit,
859 1490 928 1543 de
964 1489 1225 1542 comitatu
1257 1486 1375 1553 ejus
1408 1484 1626 1554 quidam
1658 1482 1896 1553 gladium
1930 1486 1983 1535 in
2016 1482 2168 1537 clau-

573 1581 766 1635 dentes
788 1583 1090 1649 stringens,
1119 1594 1335 1632 manum
1364 1578 1464 1632 sibi
1508 1577 1689 1632 subito
1728 1578 2014 1630 exaruisse
2037 1589 2166 1628 sen-

572 1673 664 1733 sit.
715 1672 808 1741 qui
860 1682 1036 1725 tamen
1076 1680 1196 1741 post
1237 1671 1412 1725 sancti
1459 1671 1558 1725 viri
1610 1669 1837 1739 genibus
1888 1668 2161 1735 accidens,

574 1765 865 1820 sanitatem
902 1767 1264 1834 recuperavit.

646 1942 873 2013 Magnus
898 1959 1116 2012 quoque
1154 1943 1494 2014 Epiphanius
1548 1941 1649 2014 (9),
1682 1958 1841 2012 quem
1885 1940 2161 2012 Theophi-

578 2037 663 2091 lus
713 2036 911 2090 callide
964 2040 1246 2105 deccptum
1285 2035 1338 2089 in
1395 2033 1654 2089 Joannem
1699 2036 1978 2098 incitarat,
2016 2035 2160 2089 Cou-

573 2129 987 2198 stantiuopolim
1054 2129 1300 2192 veniens,
1357 2127 1789 2185 ecclesiasticum
1837 2128 2161 2198 quibusdam

573 2225 689 2279 suis
724 2224 881 2277 l'atlis
909 2224 1157 2276 ordinem
1206 2222 1466 2275 turbavit.
1497 2220 1793 2275 Diaconum
1831 2236 2065 2290 namque
2106 2222 2160 2275 in

575 2317 818 2386 Septimo
845 2316 945 2385 (sic
969 2316 1111 2369 enim
1131 2314 1282 2368 locus
1316 2313 1500 2383 templi
1532 2312 1718 2367 Sancti
1740 2312 1965 2367 Joannis
1979 2314 2162 2383 appel-

574 2407 683 2462 latu
694 2407 737 2475 r)
755 2416 942 2459 contra
958 2420 1221 2459 canonetn
1246 2405 1547 2468 ordinarat,
1564 2406 1868 2474 deindeque
1884 2406 2001 2460 sine
2018 2406 2161 2459 bona

575 2501 954 2572 Chrysostomi
1000 2503 1156 2555 venia
1194 2516 1305 2554 rem
1347 2500 1584 2553 divinam
1623 2499 1842 2564 fecerat,
1873 2511 1925 2555 et
1968 2501 2161 2571 Orige-

576 2595 663 2647 nis
694 2593 895 2662 scripta
926 2592 992 2646 ab
1047 2607 1113 2646 eo
1148 2592 1394 2646 damnari
1439 2591 1759 2662 postularat.
1818 2591 1999 2647 llefert
2032 2608 2160 2647 vero

577 2688 724 2742 hunc
757 2687 989 2756 scriptor
1013 2695 1199 2740 noster
1227 2685 1393 2753 (quod
1421 2693 1475 2739 et
1518 2685 1569 2737 in
1602 2684 1891 2753 Epiphanii
1928 2686 2043 2742 Vita
2082 2687 2159 2741 le-

573 2777 768 2847 gitur),
798 2777 1020 2829 minime
1055 2775 1427 2841 consensisse,
1463 2786 1522 2828 ut
1558 2777 1881 2846 quibusdam
1935 2778 2156 2846 placuit,

576 2866 631 2919 in
656 2863 1032 2935 Cbrysostomi
1062 2864 1467 2932 expulsiortem,
1524 2864 1653 2920 licet
1682 2868 1749 2921 ab
1780 2867 1891 2936 ipsa
1919 2869 2158 2936 Augusta

573 2972 642 3012 eo
685 2958 1018 3026 adigeretur.
1046 2955 1292 3010 Meminit
1345 2957 1486 3011 idem
1517 2958 1584 3011 de
1622 2961 1986 3028 pronuntiatis
2019 2960 2158 3014 invi-

572 3066 692 3106 cem
729 3050 1006 3105 vaticiniis
1028 3050 1140 3121 (lU)
1174 3068 1187 3103 :
1220 3050 1420 3119 quibus
1464 3051 1876 3121 signiﬁcabatur
1906 3064 2155 3107 neutrum

575 3144 819 3212 ipsorum
874 3142 1117 3196 visurum
1170 3142 1462 3212 aliquando
1498 3146 1751 3199 thronum
1788 3160 1967 3200 suum.
1998 3146 2157 3202 Acci-
2184 3180 2233 3244 ϐ

571 3238 652 3291 dit
686 3245 972 3305 praeterea,
1026 3236 1340 3305 priusquam
1392 3237 1850 3293 condemnaretur
1897 3237 2156 3306 Joannes,

573 3338 634 3383 ut
679 3330 897 3397 cognitu
950 3329 1219 3397 indignari
1264 3331 1364 3386 sibi
1415 3331 1736 3394 Eudoxiam.
1773 3330 1909 3386 bene
1942 3333 2157 3403 longam

571 3420 801 3476 haberet
830 3423 883 3475 in
945 3422 1117 3475 malas
1155 3420 1391 3479 feminas
1425 3425 1754 3479 orationem.
1811 3424 1967 3481 Hanc
2004 3427 2158 3496 plebs

575 3515 815 3580 rapiens,
834 3514 887 3566 in
914 3513 1214 3582 Augustam
1239 3517 1647 3584 pronuntiatam
1674 3517 2157 3586 interpretabatur.

570 3604 695 3661 Mox
722 3608 887 3677 igitur
922 3620 977 3661 ut
1009 3607 1341 3677 Theophilus
1363 3609 1884 3681 Constantinopolim
1917 3613 2154 3673 advenit.

570 3710 843 3769 apparata:
872 3700 924 3754 in
986 3716 1235 3770 magnam
1269 3701 1530 3756 athletam
1562 3702 1826 3758 Joannem
1874 3706 2156 3761 machina-

572 3792 750 3845 tiones
782 3792 1104 3861 prncedunt.
1152 3792 1398 3862 Cumque
1428 3798 1634 3860 synodo
1679 3810 1953 3864 nunquam
1985 3798 2156 3852 inter-

570 3884 785 3948 fuisset,
815 3885 1149 3955 Theophilus
1186 3896 1364 3940 tamen
1425 3902 1547 3941 cum
1600 3888 1713 3943 suis
1765 3891 2041 3945 decretum
2102 3894 2152 3946 iu

566 3993 691 4032 eum
734 3980 875 4043 tulit,
932 3980 1134 4033 frustra
1181 3981 1507 4035 inclamante
1537 3983 1673 4051 ipso,
1706 3998 1771 4038 ac
1826 3983 2041 4051 publice
2073 3994 2154 4041 te-

570 4070 867 4131 stiﬁcante.
890 4082 1137 4139 paratum
1171 4087 1313 4139 esse,
1348 4086 1399 4128 et
1434 4075 1501 4127 ad
1536 4075 1798 4143 synodum
1846 4077 2061 4140 venire,
2101 4087 2155 4133 et

568 4162 636 4214 ad
670 4161 881 4231 objecta
918 4164 1268 4232 respondere,
1298 4166 1459 4219 modo
1510 4167 1823 4219 manifestos
1857 4168 2027 4236 ipsius
2057 4169 2155 4222 ho-

566 4262 681 4307 stes
712 4255 942 4308 concilio
972 4255 1357 4310 subducerent.
1398 4257 1761 4311 Aderanttnm
1791 4257 1985 4313 Joanni
2016 4276 2151 4328 qua-

568 4344 813 4414 draginta
875 4345 1051 4398 adhuc
1081 4345 1347 4415 episcopi,
1380 4348 1641 4402 adversus
1677 4346 2038 4418 TheOphilum
2054 4366 2151 4420 pa-

567 4436 669 4488 rati
706 4450 802 4504 pro
836 4436 953 4505 ipso
1016 4451 1257 4506 pugnare
1288 4455 1301 4492 :
1335 4452 1471 4504 quos
1529 4438 1616 4491 ille
1643 4439 1990 4507 quiritantes,
2025 4456 2149 4493 cum

566 4527 819 4598 lacrymis
847 4527 1169 4581 obtestando
1197 4528 1444 4590 sedabat,
1479 4538 1640 4594 atque
1685 4528 2007 4582 hortabatur
2038 4530 2142 4584 Ec-
2178 4523 2224 4579 D

563 4619 761 4674 clesias
803 4634 869 4673 ne
923 4619 1317 4674 discinderent.
1352 4619 1492 4673 Sede
1532 4621 1605 4673 ita
1672 4621 1878 4689 pulsus.
1916 4622 1968 4675 in
2013 4622 2143 4677 Bos-

562 4714 677 4782 pori
719 4711 915 4764 Hieron
976 4710 1090 4781 (ll)
1144 4712 1447 4780 ablegatur.
1489 4712 1557 4765 At
1594 4728 1716 4766 cum
1762 4715 1955 4768 deinde
2000 4726 2142 4769 terra

562 4804 822 4857 divinitus
860 4813 1248 4857 concuteretur
1273 4802 1419 4873 83a
1470 4803 1583 4873 (12)
1615 4804 2141 4876 ConstantinOpolim

564 4896 757 4950 iterum
792 4895 1087 4961 reducitur,
1108 4895 1334 4964 sedique
1360 4898 1661 4950 restituitur
1700 4898 1919 4952 invitus.
1951 4898 2144 4955 Pasto»

2277 570 2375 624 ρας
2414 552 2568 607 οὐδὲν
2627 553 2849 623 ἤνυσεν,
2909 553 3048 608 ἀλλὰ
3104 555 3198 608 καὶ
3228 555 3365 626 πρὸς
3389 555 3590 626 ἔχθραν
3640 557 3861 629 ἐκίνησε

2274 647 2374 717 τὴν
2445 645 2714 716 βασιλίδα.
2772 648 3113 718 Προστάσσει
3139 648 3194 701 δὲ
3224 651 3289 719 τῇ
3345 649 3530 720 ἡμέρᾳ
3579 650 3679 721 τῆς
3712 650 3863 719 ὑψώ-

2276 756 2415 802 σεως
2457 739 3052 810 (τεσσαρεσκαιδεκάτη
3096 741 3245 794 ἐστὶν
3295 740 3433 810 αὕτη
3506 743 3551 774 θί
3614 741 3707 794 τοῦ
3764 743 3863 795 Σε-

2275 830 2583 901 Μεμόρίου
2624 830 2840 901 μηνὸς),
2897 830 3116 883 ἐπειδὰν
3152 833 3185 901 ἡ
3214 832 3400 896 ἄδικος
3455 832 3667 902 βασιλὶς
3696 851 3865 907 προσ-

2271 922 2529 995 έρχεσθαι
2581 922 2754 997 μέλλῃ
2811 926 2879 995 τῇ
2921 922 3208 994 ἐκκλησίᾳ,
3264 925 3689 995 ἀποκλεισθῆναι
3736 925 3860 980 κατ’

2269 1014 2444 1082 αὐτῆς
2496 1013 2597 1074 τὰς
2658 1013 2850 1075 πύλας.
2902 1013 3015 1066 Καὶ
3072 1012 3379 1085 πληροῦται
3409 1014 3469 1067 τὸ
3504 1016 3859 1086 πρόσταγμα,

2269 1104 2367 1156 καὶ
2405 1107 2844 1175 κατῃσχυμμένη
2868 1104 2962 1156 καὶ
2984 1105 3433 1175 περιωργισμένη
3464 1106 3861 1176 ἀποπέμπεται

2268 1197 2301 1267 ἡ
2339 1195 2549 1265 βασιλὶς
2587 1211 2601 1224 θ
2644 1198 2739 1249 καὶ
2769 1196 2870 1266 ήδη
2903 1196 2935 1266 ἡ
2968 1196 3106 1248 κατὰ
3163 1195 3257 1249 τοῦ
3316 1197 3471 1265 ἁγίου
3533 1197 3860 1268 καθαίρεσις

2270 1291 2650 1360 συνεκροτεῖτο
2704 1290 2837 1358 παρ’
2894 1288 3067 1358 αὐτῆς
3117 1291 3212 1342 καὶ
3250 1292 3281 1360 η
3318 1289 3524 1360 ἐξορία,
3577 1293 3674 1344 καὶ
3718 1291 3773 1344 εί
3807 1309 3861 1345 τι

2267 1382 2399 1435 ἄλλο
2426 1380 2599 1433 δεινὸν
2620 1381 2648 1431 ὁ
2681 1379 2852 1450 θυμὸς
2885 1380 3208 1451 ἐπέτρεπεν.
3235 1380 3364 1433 Ὅτε
3401 1381 3458 1434 δὲ
3496 1385 3561 1451 τῇ
3593 1382 3864 1454 ἐκκλησίᾳ

2268 1473 2569 1545 προσιοῦσα
2621 1474 2721 1536 τὰς
2761 1473 2935 1538 πύλας
2966 1476 3089 1528 κατ’
3136 1476 3305 1544 αὐτῆς
3332 1476 3790 1540 ἀποκλεισθείσας
3812 1479 3859 1510 ⁹²

2270 1566 2507 1631 ἐδέξατο,
2538 1566 2660 1619 τότε
2694 1583 2777 1628 τις
2802 1566 2911 1619 τῶν
2939 1567 3037 1619 σὺν
3067 1567 3204 1637 αὐτῇ
3235 1566 3387 1635 ξίφος
3409 1568 3551 1621 κατὰ
3579 1568 3687 1621 τῶν
3717 1570 3859 1623 ἁπο-

2265 1658 2562 1713 κλειόντων
2643 1658 2911 1724 ἐνέτεινε,
2999 1660 3091 1712 καὶ
3159 1658 3431 1729 ἐξηράνθη
3501 1660 3600 1726 τὴν
3670 1662 3854 1730 χεῖρα·

2268 1753 2495 1824 ὕστερον
2530 1752 2588 1806 δὲ
2632 1751 2959 1825 προσπεσὼν
2993 1750 3071 1823 τῷ
3111 1751 3400 1823 θαυμασίῳ
3438 1752 3663 1824 Ἰωάννῃ
3694 1752 3857 1824 ὑγιὴς

2264 1848 2508 1916 γέγονεν.

2334 1939 2463 2011 [264
2496 1936 2593 2009 Η.]
2614 1940 2736 1992 ’Ότι
2766 1937 3129 2007 ὁῈπιφάνιος
3157 1939 3185 1991 ὁ
3214 1937 3409 2007 μέγας,
3444 1937 3502 1991 ὃν
3536 1941 3564 1992 ὁ
3597 1938 3862 2008 Θεόφιλος

2262 2034 2403 2088 κατὰ
2435 2032 2682 2088 Ἰωάννου
2743 2033 3076 2103 ἐξηπάτησε,
3120 2032 3567 2103 παραγενόμενος
3599 2036 3658 2085 ἐν
3692 2035 3855 2087 Κων-

2264 2128 2703 2183 σταντινουπόλει
2732 2127 2959 2192 ἀταξίας
2988 2126 3211 2198 ἐποίησε
3232 2142 3245 2156 ’
3283 2126 3534 2180 διάκονον
3557 2128 3664 2198 γάρ
3695 2130 3753 2180 ὲν
3779 2128 3861 2199 τῷ

2261 2221 2474 2292 ἑϐδόμῳ
2490 2222 2535 2253 ³³
2594 2220 2759 2291 (οὕτω
2806 2221 3052 2274 καλεῖται
3082 2222 3109 2272 ὁ
3138 2221 3322 2287 τόπος)
3366 2223 3431 2291 τῇ
3458 2221 3503 2253 ⁸⁵
3534 2220 3629 2274 τοῦ
3698 2222 3858 2290 ἁγίου

2273 2317 2521 2370 Ἰωάννου
2552 2315 2819 2387 ἐκκλησίᾳ
2867 2314 3015 2385 παρὰ
3042 2314 3132 2367 τὸν
3181 2315 3381 2368 κανόνα
3447 2315 3857 2386 ἐχειροτόνησε,

2265 2410 2362 2464 καὶ
2390 2411 2561 2481 χωρὶς
2590 2412 2688 2479 τῆς
2706 2409 2752 2440 ⁹⁸
2784 2406 2878 2461 τοῦ
2904 2407 3297 2478 Χρυσοστόμου
3324 2405 3552 2478 γνώμης
3583 2407 3861 2479 ἐλειτούρ-

2261 2520 2368 2571 γει,
2400 2504 2496 2555 καὶ
2525 2501 2784 2573 ἁπῄτειθθ
2807 2500 2971 2553 αύτδν
2986 2498 3055 2552 τὰ
3084 2500 3393 2570 Ὠριγένους
3424 2501 3855 2571 ὰναθεματίσαι.

2259 2593 2397 2664 Φησὶ
2426 2592 2483 2645 δὲ
2500 2591 2665 2645 αὑτὸν
2698 2592 2726 2643 ὁ
2752 2590 3103 2660 συγγραφεὺς
3133 2586 3344 2658 (ὥσπερ
3367 2588 3507 2640 καὶὸ
3536 2588 3650 2656 βίος
3682 2586 3853 2641 αὑτοῦ

2261 2685 2457 2755 λέγει),
2483 2684 2557 2756 μὴ
2596 2680 3205 2753 συνευδοκῆσαι,καθὼ;
3227 2680 3437 2751 ἑτέροις
3471 2680 3618 2745 εδοξε
3648 2680 3851 2748 λέγειν,

2262 2779 2453 2848 ἐπἰτῇ
2488 2776 2580 2830 τοῦ
2647 2774 3042 2846 Χρυσοστόμου
3102 2772 3451 2844 καθαιρέσει,
3516 2773 3695 2828 καίτοι
3752 2774 3855 2842 τῆς

2262 2868 2531 2941 βασιλίδος
2560 2866 2982 2937 ἐκϐιαζομένης.
3017 2865 3368 2937 Μνημονεύει
3387 2865 3432 2919 δ’
3459 2861 3550 2919 οὖν
3578 2867 3729 2936 ὅμως
3757 2866 3856 2920 καὶ

2260 2956 2413 3025 οὗτος
2454 2962 2561 3015 τῶν
2614 2960 2921 3031 ἀμοιϐαίων
2982 2959 3235 3031 ἀλλήλοις
3278 2959 3650 3031 προφητειῶν,
3679 2961 3739 3013 ἐν
3766 2953 3854 3022 αἷς

2262 3052 2518 3125 ἐδηλοῦτο
2549 3053 2844 3124 μηδέτερον
2865 3051 2946 3105 ἔτι
2968 3053 3010 3083 ⁸⁷
3043 3051 3134 3104 τὸν
3153 3052 3357 3105 οἰκεῖον
3380 3050 3608 3121 ὂψεσθαι
3639 3051 3853 3122 Θρόνον.

2264 3146 2377 3217 Πρὸ
2411 3145 2474 3217 δὴ
2502 3146 2602 3213 τῆς
2652 3144 2820 3199 αὐτοῦ
2865 3144 3164 3215 καταδίκης
3218 3144 3626 3215 πυνθανόμενος
3674 3144 3856 3217 ὸργᾷν

2261 3238 2359 3308 τὴν
2414 3237 2694 3304 Εύδοξίαν,
2746 3237 2904 3305 λόγον
2948 3235 3287 3308 διεξέρχεται
3315 3237 3529 3307 μακρὸν
3580 3237 3726 3292 κατὰ
3754 3255 3857 3305 γυ-

2261 3328 2483 3394 ναικῶν,
2536 3329 2630 3380 καὶ
2658 3326 2721 3379 τὸ
2746 3326 2951 3396 πλῆθος
2977 3326 3196 3397 ἥρπασε
3231 3327 3294 3379 τὸ
3345 3326 3511 3400 ῥηθὲν
3572 3327 3856 3399 ἐκλαμϐά-

2259 3436 2443 3482 νοντες
2475 3420 2551 3482 είς
2580 3417 2679 3489 τὴν
2719 3416 2987 3488 βασιλίδα.
3053 3417 3162 3470 Καὶ
3194 3417 3291 3472 τοῦ
3349 3418 3612 3488 Θεοφίλου
3670 3436 3855 3491 παρα-

2260 3513 2544 3582 γεγονότος
2587 3511 2846 3582 ἀρτύεται
2874 3511 2945 3566 τὰ
2974 3514 3117 3566 κατὰ
3144 3512 3240 3565 τοῦ
3299 3513 3538 3584 μεγάλου
3590 3513 3853 3583 ἀθλητοῦ.

2259 3606 2372 3659 Καὶ
2409 3604 2483 3676 μὴ
2514 3605 2985 3675 παρουσιάσαντος
3001 3604 3169 3659 αὑτοῦ
3194 3608 3261 3677 τῇ
3293 3606 3496 3676 συνόδῳ
3535 3606 3637 3676 τὴν
3668 3607 3855 3676 ψῆφον

2258 3701 2307 3754 οί
2342 3699 2755 3770 περὶ.Θεόφιλον
2775 3699 3038 3770 ἤνεγκαν,
3074 3700 3252 3753 καίτοι
3290 3699 3524 3771 βοῶντος
3552 3700 3722 3755 αὐτοῦ
3755 3700 3855 3755 καὶ

2257 3794 2762 3865 διαμαρτυρομένου
2795 3795 3012 3864 ἕτοιμον
3032 3793 3077 3826 ⁸⁸
3110 3790 3251 3847 εἶναι
3306 3796 3401 3848 καὶ
3432 3795 3853 3864 παραγενέσθαι

2257 3887 2355 3941 καὶ
2398 3887 2806 3955 ἀπολογεῖσθαι,
2839 3888 2887 3940 εἰ
2913 3888 3040 3949 τοὺς
3100 3890 3397 3958 προφανεῖς
3453 3888 3690 3959 ἐχθροὺς
3753 3888 3851 3941 τοῦ

2258 3978 2535 4049 συνεδρίου
2570 3980 2965 4049 ﬁxos-ﬁmum”.
3008 3978 3256 4048 Συνῆσαν
3283 3979 3340 4032 δὲ
3375 3977 3524 4049 αύτῷ
3567 3979 3851 4051 τεσσαρά-

2255 4088 2421 4125 κοντα
2466 4073 2756 4125 ἐπίσκοποι
2785 4073 2835 4124 οἳ
2858 4072 2872 4101 ¹
2909 4072 3139 4133 καὶτοῖς
3164 4073 3292 4143 περὶ
3314 4071 3574 4142 Θεόφιλον
3627 4073 3852 4141 ἀπεμά-

2255 4180 2414 4233 χοντο
2434 4180 2446 4193 ·
2479 4164 2507 4214 ὁ
2527 4163 2584 4217 δὲ
2609 4162 2833 4225 τούτους
2860 4165 3269 4233 ποτνιωμένους
3318 4164 3717 4234 παρεμυθεῖτο,
3753 4165 3853 4217 καὶ

2255 4254 2487 4326 παρῄνει
2535 4257 2635 4325 τῆς
2695 4254 2822 4326 [145
2866 4254 2956 4327 Η.]
3005 4254 3336 4325 Ἐκκλησίας
3399 4256 3473 4325 μὴ
3539 4253 3847 4324 σχίζεσθαι.

2253 4348 2615 4421 Καθαιρεθεὶς
2662 4347 2720 4399 δὲ
2766 4347 3112 4416 ἐκπέμπεται
3162 4349 3244 4411 είς
3304 4347 3367 4400 τὸ
3408 4348 3502 4400 τοῦ
3557 4347 3845 4417 Βοσπόρου

2259 4442 2420 4513 ἱερόν.
2459 4441 2569 4493 Καὶ
2630 4439 2854 4510 σεισμοῦ
2908 4439 3171 4508 θεηλάτου
3205 4440 3503 4510 γενομένου
3558 4439 3723 4491 πάλιν
3749 4440 3846 4490 ἐπὶ

2251 4532 2349 4605 τὴν
2410 4532 2566 4585 πόλιν
2615 4534 2957 4599 κατάγεται,
3015 4533 3110 4584 καὶ
3161 4531 3310 4584 ἄκων
3358 4533 3438 4594 είς
3506 4531 3599 4583 τὸν
3648 4529 3844 4602 θρόνον

2250 4626 2547 4694 ἀνάγεται·
2595 4625 2656 4679 ού
2686 4624 2795 4694 γάρ
2830 4624 3068 4692 ἔφασκεν
3103 4622 3306 4676 ἐθέλειν
3332 4624 3432 4693 τῆς
3467 4622 3846 4692 ποιμαντικῆς

2249 4717 2427 4788 ἀρχῆς
2483 4715 2828 4786 ἀπάρχεσθαι
2888 4715 3018 4784 πρὶν
3044 4714 3109 4767 ἂν
3135 4715 3215 4777 είς
3269 4714 3519 4780 ἐξέτασιν
3551 4711 3717 4766 αὑτοῦ
3744 4711 3847 4781 τὴν

2250 4812 2434 4865 ἄδικοι
2463 4808 2795 4882 προτεθῆναι
2845 4808 3048 4877 κρίσιν.
3098 4807 3210 4876 Τῆς
3243 4807 3299 4860 δὲ
3332 4806 3591 4873 Εὑδοξίας
3632 4805 3753 4877 μετ’
3780 4806 3843 4858 ού

2261 4907 2426 4959 πολὺν
2458 4904 2650 4976 χρόνον
2676 4900 3131 4973 ἁναφλεχθείσης,
3161 4902 3242 4956 ὅτι
3263 4901 3500 4972 ἐπετίμα
3526 4901 3665 4971 αὐτῇ
3702 4898 3846 4970 μετὰ

1832 5038 2070 5094 VARle
2117 5038 2525 5097 LECTIONES.

646 5159 690 5190 ⁹¹
726 5159 863 5227 αῦτη
900 5174 1009 5214 om.
1034 5158 1096 5212 A.
1172 5159 1218 5193 ⁹¹
1249 5158 1647 5222 ἁποκλειούσας
1672 5161 1737 5214 Α.

556 5247 677 5355 silui;
844 5230 890 5261 9‘
919 5233 1019 5299 τῆς
1056 5229 1179 5284 add.
1211 5230 1277 5285 A.
1352 5232 1398 5261 “
1431 5231 1665 5302 κάπῄτει
1698 5249 1759 5296 ς.

556 5319 586 5353 a
630 5324 682 5355 ι.
766 5339 781 5354 .

1842 5161 1889 5231 9?
1919 5160 2221 5231 ἐκδάμως.
2259 5172 2381 5229 post
2437 5158 2578 5231 οῦτω
2626 5175 2746 5211 eum
2803 5160 2846 5212 A
2893 5159 3051 5213 omisi
3117 5157 3249 5231 γάρ.

1833 5230 1880 5263 ⁸⁷
1901 5230 1980 5284 ἔτι
2006 5231 2077 5285 A:
2104 5232 2285 5287 αὐτῶν
2320 5249 2381 5296 ς.

3344 5158 3388 5188 ⁸⁵
3418 5158 3515 5219 τῆς
3542 5185 3611 5195 ——
3639 5156 3842 5225 ἐκκλη-

2461 5230 2507 5263 ¹⁸
2534 5230 2753 5301 ἑτοίμου
2779 5246 2922 5285 corr.
2958 5232 3025 5286 Α.
3130 5230 3175 5261 ⁸⁸
3206 5230 3532 5298 ἐκστήσουσι
3596 5244 3659 5292 ς.
3740 5229 3757 5259 ³
3790 5229 3841 5282 οἶ

2111 5415 2348 5473 NOT/E.

642 5507 701 5580 9]
732 5507 957 5577 Niceph.
1001 5509 1077 5580 De
1107 5508 1424 5577 Epiphanio,
1455 5526 1575 5580 cap.
1602 5511 1689 5566 15.

654 5580 914 5704 ω’)μρυω
952 5590 1007 5634 et
1058 5579 1397 5636 Sozomcnus
1437 5579 1832 5638 continemorat
1859 5584 1955 5639 lib.
2010 5599 2132 5651 VIII,

658 5690 671 5703 .
741 5671 792 5704 ε).

548 5666 610 5706 ca
638 5672 671 5703 ι.
706 5666 792 5704 Ia.

620 5669 668 5789 ξι
688 5720 733 5792 l)
766 5722 934 5793 Ἱερὸν
954 5721 1154 5792 στόμα,
1187 5722 1339 5791 quasi
1376 5740 1584 5776 sacrum
1614 5742 1668 5777 os
1700 5726 1813 5779 sive
1838 5728 2046 5787 ostium,
2076 5735 2137 5779 ttt

542 5792 791 5849 Cassiod.
823 5792 1006 5850 vertit.
1055 5795 1325 5865 Oppidum
1356 5795 1428 5860 ei,
1459 5795 1624 5851 statio
1656 5798 1873 5851 navium
1910 5798 1962 5851 in
1995 5798 2133 5853 ostio

2240 5512 2397 5567 Ponti
2416 5511 2787 5578 Theodoreto,
2807 5511 2904 5567 lib.
2931 5527 2983 5572 v.
3008 5527 3130 5581 cap.
3153 5511 3222 5565 5i
3245 5519 3332 5577 ;et
3353 5507 3576 5581 Niceph.
3596 5526 3720 5579 cap.
3745 5514 3833 5567 l6.

2245 5583 2397 5639 Unde
2427 5584 2728 5650 profectus,
2788 5591 2845 5635 ut
2878 5584 3083 5637 Pallad.
3114 5584 3211 5649 ait,
3250 5598 3269 5631 ι
3294 5580 3497 5648 agellos
3522 5586 3587 5634 ad
3642 5582 3835 5653 Bithy-

2243 5655 2347 5709 nia)
2375 5654 2685 5709 Pt‘muetttm
2721 5664 2975 5723 occupat.
3017 5672 3034 5697 ι

2313 5725 2424 5795 (12)
2462 5726 2527 5779 Ει
2562 5725 2759 5797 cubilis
2790 5741 2853 5778 ex
2886 5726 3306 5797 euituperatorii
3336 5742 3475 5797 pars
3509 5725 3833 5791 corruisset,

2243 5804 2302 5852 ut
2325 5792 2426 5852 est
2462 5806 2656 5850 auctor
2694 5794 2802 5851 Leo
2829 5797 3020 5865 imper.
3056 5795 3108 5849 in
3153 5792 3275 5851 Vita
3306 5792 3580 5866 Chrysou.
