  <div class='ocr_page' id='page_1' title='image "/cluster/home/n/w/nwhite01/storage/ocr_20150623/103/hvd.32044018872861/186.png"; bbox 0 0 4090 6408; ppageno 0'>
   <div class='ocr_carea' id='block_1_1' title="bbox 225 406 317 471">
    <p class='ocr_par' dir='ltr' id='par_1_1' title="bbox 225 406 317 471">
     <span class='ocr_line' id='line_1_1' title="bbox 225 406 317 471; baseline 0.011 -1"><span class='ocrx_word' id='word_1_1' title='bbox 225 406 317 471; x_wconf 75' lang='grc'><strong>357</strong></span> 
     </span>
    </p>
   </div>
   <div class='ocr_carea' id='block_1_2' title="bbox 224 522 408 589">
    <p class='ocr_par' dir='ltr' id='par_1_2' title="bbox 224 522 408 589">
     <span class='ocr_line' id='line_1_2' title="bbox 224 522 408 589; baseline -0.049 -9"><span class='ocrx_word' id='word_1_2' title='bbox 224 522 408 589; x_wconf 79' lang='grc' dir='ltr'>πολλῆς</span> 
     </span>
    </p>
   </div>
   <div class='ocr_carea' id='block_1_3' title="bbox 220 587 1798 685">
    <p class='ocr_par' dir='ltr' id='par_1_3' title="bbox 220 587 1798 685">
     <span class='ocr_line' id='line_1_3' title="bbox 220 587 1798 685; baseline -0.02 -16"><span class='ocrx_word' id='word_1_3' title='bbox 220 617 309 685; x_wconf 79' lang='grc' dir='ltr'>τῆς</span> <span class='ocrx_word' id='word_1_4' title='bbox 333 587 623 681; x_wconf 84' lang='grc' dir='ltr'>ἐκκλησίας</span> <span class='ocrx_word' id='word_1_5' title='bbox 652 607 790 676; x_wconf 75' lang='grc' dir='ltr'>αὐτῇ</span> <span class='ocrx_word' id='word_1_6' title='bbox 813 602 1156 672; x_wconf 82' lang='grc' dir='ltr'>ἀνεγήγερτο</span> <span class='ocrx_word' id='word_1_7' title='bbox 1188 595 1441 667; x_wconf 77' lang='grc' dir='ltr'>(θόρυὸος</span> <span class='ocrx_word' id='word_1_8' title='bbox 1456 592 1565 661; x_wconf 86' lang='grc' dir='ltr'>γὰρ</span> <span class='ocrx_word' id='word_1_9' title='bbox 1589 587 1798 641; x_wconf 84' lang='grc' dir='ltr'>ἐκεῖθεν</span> 
     </span>
    </p>
   </div>
   <div class='ocr_carea' id='block_1_4' title="bbox 223 685 1799 778">
    <p class='ocr_par' dir='ltr' id='par_1_4' title="bbox 223 685 1799 778">
     <span class='ocr_line' id='line_1_4' title="bbox 223 685 1799 778; baseline -0.018 -12"><span class='ocrx_word' id='word_1_10' title='bbox 223 712 375 772; x_wconf 75' lang='grc' dir='ltr'>πολὺς</span> <span class='ocrx_word' id='word_1_11' title='bbox 434 710 502 778; x_wconf 81' lang='grc' dir='ltr'>τῇ</span> <span class='ocrx_word' id='word_1_12' title='bbox 549 702 817 774; x_wconf 75' lang='grc' dir='ltr'><strong>ἐκκλησίᾳ</strong></span> <span class='ocrx_word' id='word_1_13' title='bbox 877 694 1168 761; x_wconf 84' lang='grc' dir='ltr'>ἐτίκτετο),</span> <span class='ocrx_word' id='word_1_14' title='bbox 1227 694 1391 747; x_wconf 88' lang='grc' dir='ltr'>πάλιν</span> <span class='ocrx_word' id='word_1_15' title='bbox 1424 690 1492 743; x_wconf 86' lang='grc' dir='ltr'>τὰ</span> <span class='ocrx_word' id='word_1_16' title='bbox 1529 687 1674 741; x_wconf 84' lang='grc' dir='ltr'>κατὰ</span> <span class='ocrx_word' id='word_1_17' title='bbox 1705 685 1799 738; x_wconf 83' lang='grc' dir='ltr'><strong>τὸν</strong></span> 
     </span>
    </p>
   </div>
   <div class='ocr_carea' id='block_1_5' title="bbox 225 774 1797 875">
    <p class='ocr_par' dir='ltr' id='par_1_5' title="bbox 225 774 1797 875">
     <span class='ocr_line' id='line_1_5' title="bbox 225 774 1797 875; baseline -0.019 -20"><span class='ocrx_word' id='word_1_18' title='bbox 225 804 380 875; x_wconf 84' lang='grc' dir='ltr'>μέγαν</span> <span class='ocrx_word' id='word_1_19' title='bbox 405 774 664 865; x_wconf 76' lang='grc' dir='ltr'>Ἰωάννην</span> <span class='ocrx_word' id='word_1_20' title='bbox 698 789 1119 852; x_wconf 79' lang='grc' dir='ltr'>συσκευάζεται.</span> <span class='ocrx_word' id='word_1_21' title='bbox 1165 785 1223 836; x_wconf 86' lang='grc' dir='ltr'>Ὀ</span> <span class='ocrx_word' id='word_1_22' title='bbox 1256 783 1314 837; x_wconf 84' lang='grc' dir='ltr'><strong>δέ</strong></span> <span class='ocrx_word' id='word_1_23' title='bbox 1343 778 1603 848; x_wconf 80' lang='grc' dir='ltr'><strong>Θεόφιλος</strong></span> <span class='ocrx_word' id='word_1_24' title='bbox 1627 774 1797 842; x_wconf 82' lang='grc' dir='ltr'>ταύτῃ</span> 
     </span>
    </p>
   </div>
   <div class='ocr_carea' id='block_1_6' title="bbox 222 867 1798 965">
    <p class='ocr_par' dir='ltr' id='par_1_6' title="bbox 222 867 1798 965">
     <span class='ocr_line' id='line_1_6' title="bbox 222 867 1798 965; baseline -0.016 -21"><span class='ocrx_word' id='word_1_25' title='bbox 222 867 458 965; x_wconf 54' lang='grc' dir='ltr'>ἑρμαίῳ³</span> <span class='ocrx_word' id='word_1_26' title='bbox 491 891 556 959; x_wconf 81' lang='grc' dir='ltr'>τῇ</span> <span class='ocrx_word' id='word_1_27' title='bbox 606 884 805 957; x_wconf 78' lang='grc' dir='ltr'>πράξει</span> <span class='ocrx_word' id='word_1_28' title='bbox 867 877 1203 951; x_wconf 87' lang='grc' dir='ltr'>περιτυχὼν,</span> <span class='ocrx_word' id='word_1_29' title='bbox 1254 874 1417 931; x_wconf 69' lang='grc' dir='ltr'>αὐτὸς</span> <span class='ocrx_word' id='word_1_30' title='bbox 1475 872 1572 943; x_wconf 83' lang='grc' dir='ltr'><strong>μὲν</strong></span> <span class='ocrx_word' id='word_1_31' title='bbox 1604 868 1666 921; x_wconf 86' lang='grc' dir='ltr'>τὸ</span> <span class='ocrx_word' id='word_1_32' title='bbox 1695 867 1798 936; x_wconf 83' lang='grc' dir='ltr'><strong>τῆς</strong></span> 
     </span>
    </p>
   </div>
   <div class='ocr_carea' id='block_1_7' title="bbox 222 960 1795 1052">
    <p class='ocr_par' dir='ltr' id='par_1_7' title="bbox 222 960 1795 1052">
     <span class='ocr_line' id='line_1_7' title="bbox 222 960 1795 1052; baseline -0.018 -11"><span class='ocrx_word' id='word_1_33' title='bbox 222 960 412 1047; x_wconf 66' lang='grc' dir='ltr'>πόλεως</span> <span class='ocrx_word' id='word_1_34' title='bbox 479 985 634 1052; x_wconf 84' lang='grc' dir='ltr'>μῖσος</span> <span class='ocrx_word' id='word_1_35' title='bbox 695 975 931 1039; x_wconf 67' lang='grc' dir='ltr'>δεδιὼςδ</span> <span class='ocrx_word' id='word_1_36' title='bbox 968 974 1029 1027; x_wconf 83' lang='grc' dir='ltr'><strong>ού</strong></span> <span class='ocrx_word' id='word_1_37' title='bbox 1085 969 1491 1041; x_wconf 78' lang='grc' dir='ltr'>παραγίνεταιο</span> <span class='ocrx_word' id='word_1_38' title='bbox 1552 960 1795 1034; x_wconf 82' lang='grc' dir='ltr'>ἐμισήθη</span> 
     </span>
    </p>
   </div>
   <div class='ocr_carea' id='block_1_8' title="bbox 221 1056 1799 1150">
    <p class='ocr_par' dir='ltr' id='par_1_8' title="bbox 221 1056 1799 1150">
     <span class='ocr_line' id='line_1_8' title="bbox 221 1056 1799 1150; baseline -0.016 -18"><span class='ocrx_word' id='word_1_39' title='bbox 221 1080 315 1150; x_wconf 77' lang='grc' dir='ltr'>γὰρ</span> <span class='ocrx_word' id='word_1_40' title='bbox 347 1078 489 1141; x_wconf 92' lang='grc' dir='ltr'>λίαν,</span> <span class='ocrx_word' id='word_1_41' title='bbox 516 1076 598 1128; x_wconf 76' lang='grc' dir='ltr'>ὅτι</span> <span class='ocrx_word' id='word_1_42' title='bbox 629 1071 769 1143; x_wconf 74' lang='grc' dir='ltr'>μετὰ</span> <span class='ocrx_word' id='word_1_43' title='bbox 792 1070 892 1139; x_wconf 84' lang='grc' dir='ltr'><strong>τὴν</strong></span> <span class='ocrx_word' id='word_1_44' title='bbox 913 1067 1168 1121; x_wconf 76' lang='grc' dir='ltr'><strong>Ἰωάννου</strong></span> <span class='ocrx_word' id='word_1_45' title='bbox 1204 1060 1527 1132; x_wconf 78' lang='grc' dir='ltr'>καθαίρεσιν</span> <span class='ocrx_word' id='word_1_46' title='bbox 1566 1056 1661 1110; x_wconf 71' lang='grc' dir='ltr'><strong>καὶ</strong></span> <span class='ocrx_word' id='word_1_47' title='bbox 1686 1059 1799 1117; x_wconf 82' lang='grc' dir='ltr'>τοῖς</span> 
     </span>
    </p>
   </div>
   <div class='ocr_carea' id='block_1_9' title="bbox 226 1149 1795 1245">
    <p class='ocr_par' dir='ltr' id='par_1_9' title="bbox 226 1149 1795 1245">
     <span class='ocr_line' id='line_1_9' title="bbox 226 1149 1795 1245; baseline -0.017 -20"><span class='ocrx_word' id='word_1_48' title='bbox 226 1172 461 1245; x_wconf 78' lang='grc' dir='ltr'><strong>μακροῖς,</strong></span> <span class='ocrx_word' id='word_1_49' title='bbox 490 1168 558 1220; x_wconf 82' lang='grc' dir='ltr'><strong>δι’</strong></span> <span class='ocrx_word' id='word_1_50' title='bbox 608 1165 704 1228; x_wconf 80' lang='grc' dir='ltr'><strong>οὒς</strong></span> <span class='ocrx_word' id='word_1_51' title='bbox 761 1162 956 1230; x_wconf 85' lang='grc' dir='ltr'>ἐκείνῳ</span> <span class='ocrx_word' id='word_1_52' title='bbox 1012 1154 1400 1218; x_wconf 78' lang='grc' dir='ltr'>ἐπεϐούλευεν,</span> <span class='ocrx_word' id='word_1_53' title='bbox 1442 1149 1795 1218; x_wconf 83' lang='grc' dir='ltr'>ἐκοινώνησε,</span> 
     </span>
    </p>
   </div>
   <div class='ocr_carea' id='block_1_10' title="bbox 223 1240 1799 1329">
    <p class='ocr_par' dir='ltr' id='par_1_10' title="bbox 223 1240 1799 1329">
     <span class='ocr_line' id='line_1_10' title="bbox 223 1240 1799 1329; baseline -0.017 -12"><span class='ocrx_word' id='word_1_54' title='bbox 223 1266 305 1318; x_wconf 68' lang='grc' dir='ltr'><strong>καὶ</strong></span> <span class='ocrx_word' id='word_1_55' title='bbox 351 1263 457 1315; x_wconf 83' lang='grc' dir='ltr'><strong>τῶν</strong></span> <span class='ocrx_word' id='word_1_56' title='bbox 487 1257 835 1329; x_wconf 86' lang='grc' dir='ltr'>Ὦριγενείων</span> <span class='ocrx_word' id='word_1_57' title='bbox 892 1248 1362 1319; x_wconf 62' lang='grc' dir='ltr'>ἀναγνωσμάτων,</span> <span class='ocrx_word' id='word_1_58' title='bbox 1396 1247 1452 1296; x_wconf 89' lang='grc' dir='ltr'><strong>ἐν</strong></span> <span class='ocrx_word' id='word_1_59' title='bbox 1477 1240 1559 1305; x_wconf 79' lang='grc' dir='ltr'>οἷς</span> <span class='ocrx_word' id='word_1_60' title='bbox 1593 1243 1799 1294; x_wconf 84' lang='grc' dir='ltr'>ἐκεῖνον</span> 
     </span>
    </p>
   </div>
   <div class='ocr_carea' id='block_1_11' title="bbox 225 1328 1803 1415">
    <p class='ocr_par' dir='ltr' id='par_1_11' title="bbox 225 1328 1803 1415">
     <span class='ocr_line' id='line_1_11' title="bbox 225 1328 1803 1415; baseline -0.017 -6"><span class='ocrx_word' id='word_1_61' title='bbox 225 1353 507 1413; x_wconf 79' lang='grc' dir='ltr'>διέὁαλλεν,</span> <span class='ocrx_word' id='word_1_62' title='bbox 557 1351 658 1403; x_wconf 81' lang='grc' dir='ltr'><strong>οὐκ</strong></span> <span class='ocrx_word' id='word_1_63' title='bbox 689 1346 971 1415; x_wconf 82' lang='grc' dir='ltr'>ἀπείχετο.</span> <span class='ocrx_word' id='word_1_64' title='bbox 1036 1342 1111 1394; x_wconf 81' lang='grc' dir='ltr'><strong>Οὐ</strong></span> <span class='ocrx_word' id='word_1_65' title='bbox 1160 1336 1522 1408; x_wconf 87' lang='grc' dir='ltr'>παραγίνεται</span> <span class='ocrx_word' id='word_1_66' title='bbox 1568 1328 1660 1386; x_wconf 80' lang='grc' dir='ltr'><strong>οὖν</strong></span> <span class='ocrx_word' id='word_1_67' title='bbox 1713 1330 1803 1383; x_wconf 76' lang='grc' dir='ltr'><strong>διὰ</strong></span> 
     </span>
    </p>
   </div>
   <div class='ocr_carea' id='block_1_12' title="bbox 225 1422 1801 1515">
    <p class='ocr_par' dir='ltr' id='par_1_12' title="bbox 225 1422 1801 1515">
     <span class='ocr_line' id='line_1_12' title="bbox 225 1422 1801 1515; baseline -0.018 -15"><span class='ocrx_word' id='word_1_68' title='bbox 225 1448 276 1500; x_wconf 75' lang='grc' dir='ltr'>τὸ</span> <span class='ocrx_word' id='word_1_69' title='bbox 312 1448 485 1515; x_wconf 85' lang='grc' dir='ltr'>μῖσος,</span> <span class='ocrx_word' id='word_1_70' title='bbox 536 1443 752 1511; x_wconf 80' lang='grc' dir='ltr'>πέμπει</span> <span class='ocrx_word' id='word_1_71' title='bbox 782 1437 827 1492; x_wconf 85' lang='grc' dir='ltr'><strong>δ’</strong></span> <span class='ocrx_word' id='word_1_72' title='bbox 858 1436 972 1489; x_wconf 81' lang='grc' dir='ltr'>ἀντ’</span> <span class='ocrx_word' id='word_1_73' title='bbox 1016 1431 1205 1495; x_wconf 78' lang='grc' dir='ltr'>αὐτοῦ,</span> <span class='ocrx_word' id='word_1_74' title='bbox 1256 1426 1379 1499; x_wconf 73' lang='grc' dir='ltr'>μηδ’</span> <span class='ocrx_word' id='word_1_75' title='bbox 1402 1428 1482 1490; x_wconf 87' lang='grc' dir='ltr'><strong>είς</strong></span> <span class='ocrx_word' id='word_1_76' title='bbox 1506 1424 1688 1493; x_wconf 89' lang='grc' dir='ltr'>κρίσιν</span> <span class='ocrx_word' id='word_1_77' title='bbox 1721 1422 1801 1474; x_wconf 78' lang='grc' dir='ltr'><strong>ἔτι</strong></span> 
     </span>
    </p>
   </div>
   <div class='ocr_carea' id='block_1_13' title="bbox 225 1515 1801 1597">
    <p class='ocr_par' dir='ltr' id='par_1_13' title="bbox 225 1515 1801 1597">
     <span class='ocr_line' id='line_1_13' title="bbox 225 1515 1801 1597; baseline -0.018 -2"><span class='ocrx_word' id='word_1_78' title='bbox 225 1542 390 1596; x_wconf 79' lang='grc' dir='ltr'>καλεῖν</span> <span class='ocrx_word' id='word_1_79' title='bbox 440 1532 833 1597; x_wconf 77' lang='grc' dir='ltr'>ἀποθεσπίζων</span> <span class='ocrx_word' id='word_1_80' title='bbox 886 1528 1165 1596; x_wconf 84' lang='grc' dir='ltr'>Ἰωάννην,</span> <span class='ocrx_word' id='word_1_81' title='bbox 1197 1523 1271 1586; x_wconf 87' lang='grc' dir='ltr'>ὡς</span> <span class='ocrx_word' id='word_1_82' title='bbox 1305 1520 1445 1591; x_wconf 63' lang='grc' dir='ltr'>μετὰ</span> <span class='ocrx_word' id='word_1_83' title='bbox 1474 1518 1572 1587; x_wconf 81' lang='grc' dir='ltr'>τὴν</span> <span class='ocrx_word' id='word_1_84' title='bbox 1607 1515 1801 1569; x_wconf 80' lang='grc' dir='ltr'>καθαί-</span> 
     </span>
    </p>
   </div>
   <div class='ocr_carea' id='block_1_14' title="bbox 229 1609 1804 1706">
    <p class='ocr_par' dir='ltr' id='par_1_14' title="bbox 229 1609 1804 1706">
     <span class='ocr_line' id='line_1_14' title="bbox 229 1609 1804 1706; baseline -0.018 -18"><span class='ocrx_word' id='word_1_85' title='bbox 229 1653 359 1706; x_wconf 78' lang='grc' dir='ltr'>ρεσιν</span> <span class='ocrx_word' id='word_1_86' title='bbox 416 1631 772 1699; x_wconf 79' lang='grc' dir='ltr'>τολμήσαντα</span> <span class='ocrx_word' id='word_1_87' title='bbox 828 1620 1172 1694; x_wconf 86' lang='grc' dir='ltr'>ίεράσασθαι,</span> <span class='ocrx_word' id='word_1_88' title='bbox 1231 1616 1331 1686; x_wconf 78' lang='grc' dir='ltr'>τῆς</span> <span class='ocrx_word' id='word_1_89' title='bbox 1394 1614 1453 1666; x_wconf 81' lang='grc' dir='ltr'><strong>ἐν</strong></span> <span class='ocrx_word' id='word_1_90' title='bbox 1497 1609 1804 1678; x_wconf 73' lang='grc' dir='ltr'>Ἀντιοχείᾳ</span> 
     </span>
    </p>
   </div>
   <div class='ocr_carea' id='block_1_15' title="bbox 228 1701 1802 1793">
    <p class='ocr_par' dir='ltr' id='par_1_15' title="bbox 228 1701 1802 1793">
     <span class='ocr_line' id='line_1_15' title="bbox 228 1701 1802 1793; baseline -0.019 -11"><span class='ocrx_word' id='word_1_91' title='bbox 228 1728 423 1782; x_wconf 74' lang='grc' dir='ltr'>συνόδου</span> <span class='ocrx_word' id='word_1_92' title='bbox 448 1722 529 1793; x_wconf 80' lang='grc' dir='ltr'>τῷ</span> <span class='ocrx_word' id='word_1_93' title='bbox 558 1721 696 1792; x_wconf 77' lang='grc' dir='ltr'>μετὰ</span> <span class='ocrx_word' id='word_1_94' title='bbox 738 1716 1062 1787; x_wconf 74' lang='grc' dir='ltr'>καθαίρεσιν</span> <span class='ocrx_word' id='word_1_95' title='bbox 1111 1708 1289 1778; x_wconf 82' lang='grc' dir='ltr'>ἐαυτῷ</span> <span class='ocrx_word' id='word_1_96' title='bbox 1335 1707 1437 1777; x_wconf 82' lang='grc' dir='ltr'>τὴν</span> <span class='ocrx_word' id='word_1_97' title='bbox 1497 1701 1802 1772; x_wconf 77' lang='grc' dir='ltr'>ἱερωσύνην</span> 
     </span>
    </p>
   </div>
   <div class='ocr_carea' id='block_1_16' title="bbox 228 1794 1800 1889">
    <p class='ocr_par' dir='ltr' id='par_1_16' title="bbox 228 1794 1800 1889">
     <span class='ocr_line' id='line_1_16' title="bbox 228 1794 1800 1889; baseline -0.02 -14"><span class='ocrx_word' id='word_1_98' title='bbox 228 1822 562 1889; x_wconf 76' lang='grc' dir='ltr'>ἐκδικήσαντι</span> <span class='ocrx_word' id='word_1_99' title='bbox 587 1817 608 1848; x_wconf 80' lang='grc'>⁸</span> <span class='ocrx_word' id='word_1_100' title='bbox 642 1812 764 1867; x_wconf 72' lang='grc' dir='ltr'>οὐδὲ</span> <span class='ocrx_word' id='word_1_101' title='bbox 795 1810 958 1863; x_wconf 86' lang='grc' dir='ltr'>τόπον</span> <span class='ocrx_word' id='word_1_102' title='bbox 982 1803 1353 1872; x_wconf 82' lang='grc' dir='ltr'>ὑπολιπούσης</span> <span class='ocrx_word' id='word_1_103' title='bbox 1383 1796 1702 1867; x_wconf 82' lang='grc' dir='ltr'>ἀπολογίας.</span> <span class='ocrx_word' id='word_1_104' title='bbox 1737 1794 1800 1845; x_wconf 89' lang='grc' dir='ltr'><strong>Οἱ</strong></span> 
     </span>
    </p>
   </div>
   <div class='ocr_carea' id='block_1_17' title="bbox 227 1886 1803 1980">
    <p class='ocr_par' dir='ltr' id='par_1_17' title="bbox 227 1886 1803 1980">
     <span class='ocr_line' id='line_1_17' title="bbox 227 1886 1803 1980; baseline -0.019 -13"><span class='ocrx_word' id='word_1_105' title='bbox 227 1915 275 1968; x_wconf 81' lang='grc' dir='ltr'><strong>δέ</strong></span> <span class='ocrx_word' id='word_1_106' title='bbox 306 1929 364 1979; x_wconf 85' lang='grc' dir='ltr'><strong>γε</strong></span> <span class='ocrx_word' id='word_1_107' title='bbox 387 1886 537 1980; x_wconf 34' lang='grc' dir='ltr'>’περὶ</span> <span class='ocrx_word' id='word_1_108' title='bbox 573 1905 834 1974; x_wconf 83' lang='grc' dir='ltr'>Ἰωάννην</span> <span class='ocrx_word' id='word_1_109' title='bbox 866 1898 1162 1971; x_wconf 83' lang='grc' dir='ltr'>Ἀρειανῶν</span> <span class='ocrx_word' id='word_1_110' title='bbox 1203 1896 1388 1963; x_wconf 84' lang='grc' dir='ltr'>ἐλεγον</span> <span class='ocrx_word' id='word_1_111' title='bbox 1417 1891 1559 1945; x_wconf 82' lang='grc' dir='ltr'>εἶναι</span> <span class='ocrx_word' id='word_1_112' title='bbox 1591 1888 1685 1942; x_wconf 69' lang='grc' dir='ltr'>καὶ</span> <span class='ocrx_word' id='word_1_113' title='bbox 1711 1886 1803 1938; x_wconf 76' lang='grc' dir='ltr'><strong>τὸν</strong></span> 
     </span>
    </p>
   </div>
   <div class='ocr_carea' id='block_1_18' title="bbox 228 1979 1815 2071">
    <p class='ocr_par' dir='ltr' id='par_1_18' title="bbox 228 1979 1815 2071">
     <span class='ocr_line' id='line_1_18' title="bbox 228 1979 1815 2071; baseline -0.018 -12"><span class='ocrx_word' id='word_1_114' title='bbox 228 2006 409 2059; x_wconf 81' lang='grc' dir='ltr'>κανόνα</span> <span class='ocrx_word' id='word_1_115' title='bbox 453 2002 553 2056; x_wconf 74' lang='grc' dir='ltr'><strong>καὶ</strong></span> <span class='ocrx_word' id='word_1_116' title='bbox 598 2000 698 2071; x_wconf 79' lang='grc' dir='ltr'><strong>τὴν</strong></span> <span class='ocrx_word' id='word_1_117' title='bbox 764 1994 1004 2057; x_wconf 86' lang='grc' dir='ltr'>σύνοδον,</span> <span class='ocrx_word' id='word_1_118' title='bbox 1065 1990 1160 2043; x_wconf 72' lang='grc' dir='ltr'>ἐπὶ</span> <span class='ocrx_word' id='word_1_119' title='bbox 1208 1990 1446 2056; x_wconf 81' lang='grc' dir='ltr'>συσκευῇ</span> <span class='ocrx_word' id='word_1_120' title='bbox 1490 1979 1815 2036; x_wconf 86' lang='grc' dir='ltr'>Ἀθανασίου</span> 
     </span>
    </p>
   </div>
   <div class='ocr_carea' id='block_1_19' title="bbox 231 2076 1814 2165">
    <p class='ocr_par' dir='ltr' id='par_1_19' title="bbox 231 2076 1814 2165">
     <span class='ocr_line' id='line_1_19' title="bbox 231 2076 1814 2165; baseline -0.018 -13"><span class='ocrx_word' id='word_1_121' title='bbox 231 2095 623 2165; x_wconf 75' lang='grc' dir='ltr'>ὲκτεθειμένου,</span> <span class='ocrx_word' id='word_1_122' title='bbox 660 2093 729 2163; x_wconf 80' lang='grc' dir='ltr'>ἢν</span> <span class='ocrx_word' id='word_1_123' title='bbox 753 2091 801 2143; x_wconf 84' lang='grc' dir='ltr'>οἱ</span> <span class='ocrx_word' id='word_1_124' title='bbox 833 2089 889 2140; x_wconf 86' lang='grc' dir='ltr'><strong>ἐν</strong></span> <span class='ocrx_word' id='word_1_125' title='bbox 918 2085 1159 2155; x_wconf 85' lang='grc' dir='ltr'>Σαρδικῇ</span> <span class='ocrx_word' id='word_1_126' title='bbox 1194 2080 1550 2150; x_wconf 81' lang='grc' dir='ltr'>ἀπεφήναντο</span> <span class='ocrx_word' id='word_1_127' title='bbox 1583 2076 1814 2144; x_wconf 85' lang='grc' dir='ltr'>ἄκυρον,</span> 
     </span>
    </p>
   </div>
   <div class='ocr_carea' id='block_1_20' title="bbox 240 2164 1815 2246">
    <p class='ocr_par' dir='ltr' id='par_1_20' title="bbox 240 2164 1815 2246">
     <span class='ocr_line' id='line_1_20' title="bbox 240 2164 1815 2246; baseline -0.02 0"><span class='ocrx_word' id='word_1_128' title='bbox 240 2191 546 2246; x_wconf 76' lang='grc' dir='ltr'>Ἀθανάσιον</span> <span class='ocrx_word' id='word_1_129' title='bbox 598 2186 696 2239; x_wconf 82' lang='grc' dir='ltr'><strong>οὐκ</strong></span> <span class='ocrx_word' id='word_1_130' title='bbox 744 2184 825 2244; x_wconf 82' lang='grc' dir='ltr'><strong>είς</strong></span> <span class='ocrx_word' id='word_1_131' title='bbox 876 2175 1174 2243; x_wconf 84' lang='grc' dir='ltr'>ἀπολογίαν</span> <span class='ocrx_word' id='word_1_132' title='bbox 1222 2171 1406 2243; x_wconf 86' lang='grc' dir='ltr'>μόνον,</span> <span class='ocrx_word' id='word_1_133' title='bbox 1431 2166 1571 2222; x_wconf 77' lang='grc' dir='ltr'>ἀλλὰ</span> <span class='ocrx_word' id='word_1_134' title='bbox 1605 2166 1701 2217; x_wconf 79' lang='grc' dir='ltr'><strong>καὶ</strong></span> <span class='ocrx_word' id='word_1_135' title='bbox 1736 2164 1815 2224; x_wconf 83' lang='grc' dir='ltr'><strong>είς</strong></span> 
     </span>
    </p>
   </div>
   <div class='ocr_carea' id='block_1_21' title="bbox 233 2267 1348 2355">
    <p class='ocr_par' dir='ltr' id='par_1_21' title="bbox 233 2267 1348 2355">
     <span class='ocr_line' id='line_1_21' title="bbox 233 2267 1348 2355; baseline -0.019 -18"><span class='ocrx_word' id='word_1_136' title='bbox 233 2282 514 2355; x_wconf 82' lang='grc' dir='ltr'>ἱερωσύνην</span> <span class='ocrx_word' id='word_1_137' title='bbox 554 2279 673 2349; x_wconf 76' lang='grc' dir='ltr'>ἅμα</span> <span class='ocrx_word' id='word_1_138' title='bbox 701 2271 1009 2344; x_wconf 75' lang='grc' dir='ltr'>Μαρκέλλῳ</span> <span class='ocrx_word' id='word_1_139' title='bbox 1039 2267 1348 2336; x_wconf 84' lang='grc' dir='ltr'>δεξάμενοι.</span> 
     </span>
    </p>
   </div>
   <div class='ocr_carea' id='block_1_22' title="bbox 233 2366 863 2447">
    <p class='ocr_par' dir='ltr' id='par_1_22' title="bbox 233 2366 863 2447">
     <span class='ocr_line' id='line_1_22' title="bbox 233 2366 863 2447; baseline -0.021 -14"><span class='ocrx_word' id='word_1_140' title='bbox 233 2378 509 2447; x_wconf 77' lang='lat' dir='ltr'><strong>reliquerit.</strong></span> <span class='ocrx_word' id='word_1_141' title='bbox 556 2375 635 2427; x_wconf 80' lang='lat' dir='ltr'><strong>Ad</strong></span> <span class='ocrx_word' id='word_1_142' title='bbox 668 2386 786 2440; x_wconf 70' lang='lat' dir='ltr'><strong>qua:</strong></span> <span class='ocrx_word' id='word_1_143' title='bbox 819 2366 863 2421; x_wconf 78' lang='lat' dir='ltr'><strong>Jt</strong></span> 
     </span>
    </p>
   </div>
   <div class='ocr_carea' id='block_1_23' title="bbox 241 2452 1812 2527">
    <p class='ocr_par' dir='ltr' id='par_1_23' title="bbox 241 2452 1812 2527">
     <span class='ocr_line' id='line_1_23' title="bbox 241 2452 1812 2527; baseline -0.021 -1"><span class='ocrx_word' id='word_1_144' title='bbox 241 2473 449 2527; x_wconf 77' lang='lat' dir='ltr'><strong>insidias</strong></span> <span class='ocrx_word' id='word_1_145' title='bbox 478 2470 752 2522; x_wconf 77' lang='lat' dir='ltr'><strong>dumtaxat</strong></span> <span class='ocrx_word' id='word_1_146' title='bbox 770 2457 1070 2514; x_wconf 73' lang='lat' dir='ltr'><strong>Athanasio</strong></span> <span class='ocrx_word' id='word_1_147' title='bbox 1097 2452 1388 2507; x_wconf 87' lang='lat' dir='ltr'><strong>struendas</strong></span> <span class='ocrx_word' id='word_1_148' title='bbox 1412 2455 1812 2513; x_wconf 81' lang='lat' dir='ltr'><strong>comparatum.</strong></span> 
     </span>
    </p>
   </div>
   <div class='ocr_carea' id='block_1_24' title="bbox 1308 368 2369 447">
    <p class='ocr_par' dir='ltr' id='par_1_24' title="bbox 1308 368 2369 447">
     <span class='ocr_line' id='line_1_24' title="bbox 1308 368 2369 447; baseline -0.018 0"><span class='ocrx_word' id='word_1_149' title='bbox 1308 375 1843 447; x_wconf 79' lang='lat' dir='ltr'><strong>BIBLIOTHECA.</strong></span> <span class='ocrx_word' id='word_1_150' title='bbox 1884 397 1953 408; x_wconf 86' lang='grc'><strong><em>-</em></strong></span> <span class='ocrx_word' id='word_1_151' title='bbox 1980 371 2149 433; x_wconf 90' lang='lat' dir='ltr'><strong>COD.</strong></span> <span class='ocrx_word' id='word_1_152' title='bbox 2192 368 2369 430; x_wconf 82' lang='lat' dir='ltr'><strong>XCVI</strong></span> 
     </span>
    </p>
   </div>
   <div class='ocr_carea' id='block_1_25' title="bbox 426 474 1815 587">
    <p class='ocr_par' dir='ltr' id='par_1_25' title="bbox 426 491 1793 587">
     <span class='ocr_line' id='line_1_25' title="bbox 426 491 1793 587; baseline -0.022 -17"><span class='ocrx_word' id='word_1_153' title='bbox 426 521 445 550; x_wconf 80' lang='grc'><strong>’</strong></span> <span class='ocrx_word' id='word_1_154' title='bbox 484 512 795 587; x_wconf 66' lang='grc' dir='ltr'>παρρησίας</span> <span class='ocrx_word' id='word_1_155' title='bbox 844 509 932 565; x_wconf 77' lang='grc' dir='ltr'><strong>διὰ</strong></span> <span class='ocrx_word' id='word_1_156' title='bbox 985 507 1076 561; x_wconf 82' lang='grc' dir='ltr'><strong>τὸν</strong></span> <span class='ocrx_word' id='word_1_157' title='bbox 1134 499 1536 575; x_wconf 80' lang='grc' dir='ltr'>ἁνδριάντα,ὃς</span> <span class='ocrx_word' id='word_1_158' title='bbox 1562 491 1793 562; x_wconf 84' lang='grc' dir='ltr'>πλησίον</span> 
     </span>
    </p>
   </div>
   <div class='ocr_carea' id='block_1_26' title="bbox 1915 474 3491 587">
    <p class='ocr_par' dir='ltr' id='par_1_26' title="bbox 1915 474 3491 551">
     <span class='ocr_line' id='line_1_26' title="bbox 1915 474 3491 551; baseline -0.004 -12"><span class='ocrx_word' id='word_1_159' title='bbox 1915 488 2029 540; x_wconf 81' lang='lat' dir='ltr'><strong>~alis</strong></span> <span class='ocrx_word' id='word_1_160' title='bbox 2060 487 2204 540; x_wconf 87' lang='lat' dir='ltr'><strong>enim</strong></span> <span class='ocrx_word' id='word_1_161' title='bbox 2225 484 2565 551; x_wconf 71' lang='lat' dir='ltr'><strong>praefectum</strong></span> <span class='ocrx_word' id='word_1_162' title='bbox 2596 494 2783 536; x_wconf 86' lang='lat' dir='ltr'><strong>curam</strong></span> <span class='ocrx_word' id='word_1_163' title='bbox 2811 478 3058 549; x_wconf 75' lang='lat' dir='ltr'><strong>recipere</strong></span> <span class='ocrx_word' id='word_1_164' title='bbox 3102 490 3161 531; x_wconf 89' lang='lat' dir='ltr'><strong>se</strong></span> <span class='ocrx_word' id='word_1_165' title='bbox 3207 474 3346 531; x_wconf 89' lang='lat' dir='ltr'><strong>velle</strong></span> <span class='ocrx_word' id='word_1_166' title='bbox 3393 492 3491 533; x_wconf 75' lang='lat' dir='ltr'><strong>ne-</strong></span> 
     </span>
    </p>
   </div>
   <div class='ocr_carea' id='block_1_27' title="bbox 3379 357 3487 422">
    <p class='ocr_par' dir='ltr' id='par_1_27' title="bbox 3379 357 3487 422">
     <span class='ocr_line' id='line_1_27' title="bbox 3379 357 3487 422; baseline -0.037 1"><span class='ocrx_word' id='word_1_167' title='bbox 3379 357 3487 422; x_wconf 82' lang='lat'><strong>358</strong></span> 
     </span>
    </p>
   </div>
   <div class='ocr_carea' id='block_1_28' title="bbox 1904 570 3492 651">
    <p class='ocr_par' dir='ltr' id='par_1_28' title="bbox 1904 570 3492 651">
     <span class='ocr_line' id='line_1_28' title="bbox 1904 570 3492 651; baseline -0.009 -17"><span class='ocrx_word' id='word_1_168' title='bbox 1904 582 2091 651; x_wconf 81' lang='lat' dir='ltr'><strong>gabat,</strong></span> <span class='ocrx_word' id='word_1_169' title='bbox 2115 580 2432 648; x_wconf 85' lang='lat' dir='ltr'><strong>priusquam</strong></span> <span class='ocrx_word' id='word_1_170' title='bbox 2474 576 2722 645; x_wconf 91' lang='lat' dir='ltr'><strong>iniquum</strong></span> <span class='ocrx_word' id='word_1_171' title='bbox 2762 573 2890 627; x_wconf 88' lang='lat' dir='ltr'><strong>illud</strong></span> <span class='ocrx_word' id='word_1_172' title='bbox 2916 571 3205 641; x_wconf 85' lang='lat' dir='ltr'><strong>judicium,</strong></span> <span class='ocrx_word' id='word_1_173' title='bbox 3244 570 3492 640; x_wconf 68' lang='grc' dir='ltr'>[δι-θροιιί-</span> 
     </span>
    </p>
   </div>
   <div class='ocr_carea' id='block_1_29' title="bbox 1918 660 3493 735">
    <p class='ocr_par' dir='ltr' id='par_1_29' title="bbox 1918 660 3493 735">
     <span class='ocr_line' id='line_1_29' title="bbox 1918 660 3493 735; baseline -0.008 -12"><span class='ocrx_word' id='word_1_174' title='bbox 1918 685 2030 725; x_wconf 84' lang='lat' dir='ltr'><strong>tum</strong></span> <span class='ocrx_word' id='word_1_175' title='bbox 2100 681 2503 735; x_wconf 76' lang='lat' dir='ltr'><strong>excussumque</strong></span> <span class='ocrx_word' id='word_1_176' title='bbox 2568 665 2731 719; x_wconf 89' lang='lat' dir='ltr'><strong>foret.</strong></span> <span class='ocrx_word' id='word_1_177' title='bbox 2766 662 3010 717; x_wconf 80' lang='lat' dir='ltr'><strong>Eudoxia</strong></span> <span class='ocrx_word' id='word_1_178' title='bbox 3072 669 3193 729; x_wconf 90' lang='lat' dir='ltr'><strong>post</strong></span> <span class='ocrx_word' id='word_1_179' title='bbox 3250 676 3356 714; x_wconf 88' lang='lat' dir='ltr'><strong>non</strong></span> <span class='ocrx_word' id='word_1_180' title='bbox 3402 660 3493 711; x_wconf 87' lang='lat' dir='ltr'><strong>diu</strong></span> 
     </span>
    </p>
   </div>
   <div class='ocr_carea' id='block_1_30' title="bbox 1904 751 3498 827">
    <p class='ocr_par' dir='ltr' id='par_1_30' title="bbox 1904 751 3498 827">
     <span class='ocr_line' id='line_1_30' title="bbox 1904 751 3498 827; baseline -0.008 -10"><span class='ocrx_word' id='word_1_181' title='bbox 1904 764 2090 818; x_wconf 83' lang='lat' dir='ltr'><strong>furore</strong></span> <span class='ocrx_word' id='word_1_182' title='bbox 2123 776 2338 817; x_wconf 86' lang='lat' dir='ltr'><strong>rursum</strong></span> <span class='ocrx_word' id='word_1_183' title='bbox 2361 757 2765 827; x_wconf 89' lang='lat' dir='ltr'><strong>incensa,quod</strong></span> <span class='ocrx_word' id='word_1_184' title='bbox 2791 756 3013 809; x_wconf 85' lang='lat' dir='ltr'><strong>liberius</strong></span> <span class='ocrx_word' id='word_1_185' title='bbox 3038 754 3325 821; x_wconf 89' lang='lat' dir='ltr'><strong>perstricta</strong></span> <span class='ocrx_word' id='word_1_186' title='bbox 3362 751 3498 805; x_wconf 87' lang='lat' dir='ltr'><strong>luis-</strong></span> 
     </span>
    </p>
   </div>
   <div class='ocr_carea' id='block_1_31' title="bbox 1903 844 3494 928">
    <p class='ocr_par' dir='ltr' id='par_1_31' title="bbox 1903 844 3494 928">
     <span class='ocr_line' id='line_1_31' title="bbox 1903 844 3494 928; baseline -0.011 -15"><span class='ocrx_word' id='word_1_187' title='bbox 1903 870 2007 920; x_wconf 83' lang='lat' dir='ltr'><strong>set.</strong></span> <span class='ocrx_word' id='word_1_188' title='bbox 2031 865 2257 928; x_wconf 83' lang='lat' dir='ltr'><strong>propter</strong></span> <span class='ocrx_word' id='word_1_189' title='bbox 2286 863 2544 916; x_wconf 83' lang='lat' dir='ltr'><strong>statuam,</strong></span> <span class='ocrx_word' id='word_1_190' title='bbox 2570 865 2691 921; x_wconf 66' lang='lat' dir='ltr'><strong>qua:</strong></span> <span class='ocrx_word' id='word_1_191' title='bbox 2720 848 2881 918; x_wconf 82' lang='lat' dir='ltr'><strong>juxta</strong></span> <span class='ocrx_word' id='word_1_192' title='bbox 2920 847 3181 916; x_wconf 88' lang='lat' dir='ltr'><strong>templum</strong></span> <span class='ocrx_word' id='word_1_193' title='bbox 3208 847 3384 914; x_wconf 88' lang='lat' dir='ltr'><strong>posita</strong></span> <span class='ocrx_word' id='word_1_194' title='bbox 3419 844 3494 897; x_wconf 82' lang='lat' dir='ltr'><strong>illi</strong></span> 
     </span>
    </p>
   </div>
   <div class='ocr_carea' id='block_1_32' title="bbox 1907 931 3501 1018">
    <p class='ocr_par' dir='ltr' id='par_1_32' title="bbox 1907 931 3501 1018">
     <span class='ocr_line' id='line_1_32' title="bbox 1907 931 3501 1018; baseline -0.013 -14"><span class='ocrx_word' id='word_1_195' title='bbox 1907 952 2083 1004; x_wconf 87' lang='lat' dir='ltr'><strong>fuerat</strong></span> <span class='ocrx_word' id='word_1_196' title='bbox 2113 950 2368 1018; x_wconf 83' lang='lat' dir='ltr'><strong>(magnus</strong></span> <span class='ocrx_word' id='word_1_197' title='bbox 2385 944 2533 998; x_wconf 90' lang='lat' dir='ltr'><strong>enim</strong></span> <span class='ocrx_word' id='word_1_198' title='bbox 2575 941 2704 996; x_wconf 90' lang='lat' dir='ltr'><strong>inde</strong></span> <span class='ocrx_word' id='word_1_199' title='bbox 2733 938 2994 1007; x_wconf 86' lang='lat' dir='ltr'><strong>strepitus</strong></span> <span class='ocrx_word' id='word_1_200' title='bbox 3021 936 3074 990; x_wconf 93' lang='lat' dir='ltr'><strong>in</strong></span> <span class='ocrx_word' id='word_1_201' title='bbox 3107 932 3313 1003; x_wconf 89' lang='lat' dir='ltr'><strong>templo</strong></span> <span class='ocrx_word' id='word_1_202' title='bbox 3356 931 3501 987; x_wconf 81' lang='lat' dir='ltr'><strong>exci-</strong></span> 
     </span>
    </p>
   </div>
   <div class='ocr_carea' id='block_1_33' title="bbox 1905 1023 3499 1110">
    <p class='ocr_par' dir='ltr' id='par_1_33' title="bbox 1905 1023 3499 1110">
     <span class='ocr_line' id='line_1_33' title="bbox 1905 1023 3499 1110; baseline -0.016 -13"><span class='ocrx_word' id='word_1_203' title='bbox 1905 1040 2148 1110; x_wconf 80' lang='lat' dir='ltr'><strong>tabatur)</strong></span> <span class='ocrx_word' id='word_1_204' title='bbox 2162 1080 2177 1103; x_wconf 86' lang='lat'><strong>,</strong></span> <span class='ocrx_word' id='word_1_205' title='bbox 2201 1039 2397 1093; x_wconf 84' lang='lat' dir='ltr'><strong>iterum</strong></span> <span class='ocrx_word' id='word_1_206' title='bbox 2431 1035 2484 1089; x_wconf 92' lang='lat' dir='ltr'><strong>iu</strong></span> <span class='ocrx_word' id='word_1_207' title='bbox 2507 1035 2726 1087; x_wconf 87' lang='lat' dir='ltr'><strong>beatum</strong></span> <span class='ocrx_word' id='word_1_208' title='bbox 2745 1028 3022 1085; x_wconf 86' lang='lat' dir='ltr'><strong>hominem</strong></span> <span class='ocrx_word' id='word_1_209' title='bbox 3040 1025 3327 1079; x_wconf 85' lang='lat' dir='ltr'><strong>calumniae</strong></span> <span class='ocrx_word' id='word_1_210' title='bbox 3340 1023 3499 1076; x_wconf 85' lang='lat' dir='ltr'><strong>ador-</strong></span> 
     </span>
    </p>
   </div>
   <div class='ocr_carea' id='block_1_34' title="bbox 1906 1115 3480 1204">
    <p class='ocr_par' dir='ltr' id='par_1_34' title="bbox 1906 1115 3480 1204">
     <span class='ocr_line' id='line_1_34' title="bbox 1906 1115 3480 1204; baseline -0.015 -13"><span class='ocrx_word' id='word_1_211' title='bbox 1906 1145 2106 1191; x_wconf 80' lang='lat' dir='ltr'><strong>nantur</strong></span> <span class='ocrx_word' id='word_1_212' title='bbox 2135 1132 2270 1204; x_wconf 72' lang='grc'>(15).</span> <span class='ocrx_word' id='word_1_213' title='bbox 2319 1128 2449 1197; x_wconf 77' lang='lat' dir='ltr'><strong>Quze</strong></span> <span class='ocrx_word' id='word_1_214' title='bbox 2488 1139 2621 1181; x_wconf 84' lang='lat' dir='ltr'><strong>sane</strong></span> <span class='ocrx_word' id='word_1_215' title='bbox 2642 1138 2749 1188; x_wconf 89' lang='lat' dir='ltr'><strong>res,</strong></span> <span class='ocrx_word' id='word_1_216' title='bbox 2771 1122 2876 1177; x_wconf 91' lang='lat' dir='ltr'><strong>etsi</strong></span> <span class='ocrx_word' id='word_1_217' title='bbox 2903 1133 3101 1188; x_wconf 85' lang='lat' dir='ltr'><strong>praeter</strong></span> <span class='ocrx_word' id='word_1_218' title='bbox 3135 1132 3286 1189; x_wconf 90' lang='lat' dir='ltr'><strong>spem</strong></span> <span class='ocrx_word' id='word_1_219' title='bbox 3325 1115 3480 1170; x_wconf 78' lang='lat' dir='ltr'><strong>Theo</strong></span> 
     </span>
    </p>
   </div>
   <div class='ocr_carea' id='block_1_35' title="bbox 1905 1209 3498 1298">
    <p class='ocr_par' dir='ltr' id='par_1_35' title="bbox 1905 1209 3498 1298">
     <span class='ocr_line' id='line_1_35' title="bbox 1905 1209 3498 1298; baseline -0.014 -16"><span class='ocrx_word' id='word_1_220' title='bbox 1905 1228 2054 1298; x_wconf 84' lang='lat' dir='ltr'><strong>philo</strong></span> <span class='ocrx_word' id='word_1_221' title='bbox 2086 1226 2288 1281; x_wconf 89' lang='lat' dir='ltr'><strong>accidit</strong></span> <span class='ocrx_word' id='word_1_222' title='bbox 2310 1220 2679 1291; x_wconf 86' lang='lat' dir='ltr'><strong>optatissima,</strong></span> <span class='ocrx_word' id='word_1_223' title='bbox 2713 1214 2924 1271; x_wconf 87' lang='lat' dir='ltr'><strong>veritus</strong></span> <span class='ocrx_word' id='word_1_224' title='bbox 2968 1224 3147 1268; x_wconf 85' lang='lat' dir='ltr'><strong>tamen</strong></span> <span class='ocrx_word' id='word_1_225' title='bbox 3179 1210 3270 1266; x_wconf 90' lang='lat' dir='ltr'><strong>ille</strong></span> <span class='ocrx_word' id='word_1_226' title='bbox 3296 1209 3498 1263; x_wconf 80' lang='lat' dir='ltr'><strong>civium</strong></span> 
     </span>
    </p>
   </div>
   <div class='ocr_carea' id='block_1_36' title="bbox 1904 1300 3499 1386">
    <p class='ocr_par' dir='ltr' id='par_1_36' title="bbox 1904 1300 3499 1386">
     <span class='ocr_line' id='line_1_36' title="bbox 1904 1300 3499 1386; baseline -0.014 -12"><span class='ocrx_word' id='word_1_227' title='bbox 1904 1321 2112 1381; x_wconf 87' lang='lat' dir='ltr'><strong>odium,</strong></span> <span class='ocrx_word' id='word_1_228' title='bbox 2137 1317 2253 1386; x_wconf 85' lang='lat' dir='ltr'><strong>ipse</strong></span> <span class='ocrx_word' id='word_1_229' title='bbox 2303 1314 2523 1383; x_wconf 83' lang='lat' dir='ltr'><strong>quidem</strong></span> <span class='ocrx_word' id='word_1_230' title='bbox 2561 1324 2670 1364; x_wconf 92' lang='lat' dir='ltr'><strong>non</strong></span> <span class='ocrx_word' id='word_1_231' title='bbox 2733 1304 2968 1361; x_wconf 89' lang='lat' dir='ltr'><strong>accessit</strong></span> <span class='ocrx_word' id='word_1_232' title='bbox 3003 1302 3181 1374; x_wconf 90' lang='lat' dir='ltr'><strong>(valde</strong></span> <span class='ocrx_word' id='word_1_233' title='bbox 3210 1301 3355 1356; x_wconf 89' lang='lat' dir='ltr'><strong>enim</strong></span> <span class='ocrx_word' id='word_1_234' title='bbox 3384 1300 3499 1366; x_wconf 82' lang='lat' dir='ltr'><strong>jam</strong></span> 
     </span>
    </p>
   </div>
   <div class='ocr_carea' id='block_1_37' title="bbox 1907 1393 3499 1474">
    <p class='ocr_par' dir='ltr' id='par_1_37' title="bbox 1907 1393 3499 1474">
     <span class='ocr_line' id='line_1_37' title="bbox 1907 1393 3499 1474; baseline -0.018 -7"><span class='ocrx_word' id='word_1_235' title='bbox 1907 1413 2115 1467; x_wconf 79' lang='lat' dir='ltr'><strong>invisus</strong></span> <span class='ocrx_word' id='word_1_236' title='bbox 2142 1423 2262 1464; x_wconf 89' lang='lat' dir='ltr'><strong>esse</strong></span> <span class='ocrx_word' id='word_1_237' title='bbox 2291 1415 2552 1474; x_wconf 65' lang='lat' dir='ltr'><strong>coeperat,</strong></span> <span class='ocrx_word' id='word_1_238' title='bbox 2589 1414 2701 1457; x_wconf 90' lang='lat' dir='ltr'><strong>tum</strong></span> <span class='ocrx_word' id='word_1_239' title='bbox 2732 1400 2880 1469; x_wconf 91' lang='lat' dir='ltr'><strong>quod</strong></span> <span class='ocrx_word' id='word_1_240' title='bbox 2914 1396 3072 1467; x_wconf 91' lang='lat' dir='ltr'><strong>pulso</strong></span> <span class='ocrx_word' id='word_1_241' title='bbox 3124 1393 3356 1456; x_wconf 89' lang='lat' dir='ltr'><strong>Joanne,</strong></span> <span class='ocrx_word' id='word_1_242' title='bbox 3376 1408 3499 1445; x_wconf 83' lang='lat' dir='ltr'><strong>cum</strong></span> 
     </span>
    </p>
   </div>
   <div class='ocr_carea' id='block_1_38' title="bbox 1906 1487 3503 1575">
    <p class='ocr_par' dir='ltr' id='par_1_38' title="bbox 1906 1487 3503 1575">
     <span class='ocr_line' id='line_1_38' title="bbox 1906 1487 3503 1575; baseline -0.015 -14"><span class='ocrx_word' id='word_1_243' title='bbox 1906 1506 2106 1575; x_wconf 85' lang='lat' dir='ltr'><strong>Longis</strong></span> <span class='ocrx_word' id='word_1_244' title='bbox 2128 1516 2311 1558; x_wconf 90' lang='lat' dir='ltr'><strong>tamen</strong></span> <span class='ocrx_word' id='word_1_245' title='bbox 2354 1498 2761 1564; x_wconf 86' lang='lat' dir='ltr'><strong>fratribus,per</strong></span> <span class='ocrx_word' id='word_1_246' title='bbox 2807 1507 2946 1563; x_wconf 85' lang='lat' dir='ltr'><strong>quos</strong></span> <span class='ocrx_word' id='word_1_247' title='bbox 2974 1490 3049 1545; x_wconf 93' lang='lat' dir='ltr'><strong>illi</strong></span> <span class='ocrx_word' id='word_1_248' title='bbox 3082 1500 3241 1542; x_wconf 89' lang='lat' dir='ltr'><strong>antea</strong></span> <span class='ocrx_word' id='word_1_249' title='bbox 3275 1487 3503 1540; x_wconf 78' lang='lat' dir='ltr'><strong>insidia-</strong></span> 
     </span>
    </p>
   </div>
   <div class='ocr_carea' id='block_1_39' title="bbox 1906 1578 3504 1663">
    <p class='ocr_par' dir='ltr' id='par_1_39' title="bbox 1906 1578 3504 1663">
     <span class='ocr_line' id='line_1_39' title="bbox 1906 1578 3504 1663; baseline -0.016 -9"><span class='ocrx_word' id='word_1_250' title='bbox 1906 1601 2091 1663; x_wconf 71' lang='lat' dir='ltr'><strong>batur,</strong></span> <span class='ocrx_word' id='word_1_251' title='bbox 2124 1593 2612 1652; x_wconf 78' lang='lat' dir='ltr'><strong>communicasset,</strong></span> <span class='ocrx_word' id='word_1_252' title='bbox 2650 1598 2762 1641; x_wconf 91' lang='lat' dir='ltr'><strong>tum</strong></span> <span class='ocrx_word' id='word_1_253' title='bbox 2787 1586 2933 1656; x_wconf 91' lang='lat' dir='ltr'><strong>quod</strong></span> <span class='ocrx_word' id='word_1_254' title='bbox 2955 1583 3137 1652; x_wconf 79' lang='lat' dir='ltr'><strong>legere</strong></span> <span class='ocrx_word' id='word_1_255' title='bbox 3166 1581 3283 1650; x_wconf 89' lang='lat' dir='ltr'><strong>ipse</strong></span> <span class='ocrx_word' id='word_1_256' title='bbox 3317 1578 3504 1645; x_wconf 79' lang='lat' dir='ltr'><strong>Orige-</strong></span> 
     </span>
    </p>
   </div>
   <div class='ocr_carea' id='block_1_40' title="bbox 1904 1672 3499 1758">
    <p class='ocr_par' dir='ltr' id='par_1_40' title="bbox 1904 1672 3499 1758">
     <span class='ocr_line' id='line_1_40' title="bbox 1904 1672 3499 1758; baseline -0.016 -13"><span class='ocrx_word' id='word_1_257' title='bbox 1904 1691 1992 1746; x_wconf 86' lang='lat' dir='ltr'><strong>nis</strong></span> <span class='ocrx_word' id='word_1_258' title='bbox 2021 1688 2247 1758; x_wconf 85' lang='lat' dir='ltr'><strong>scripta.</strong></span> <span class='ocrx_word' id='word_1_259' title='bbox 2283 1700 2390 1755; x_wconf 92' lang='lat' dir='ltr'><strong>quo</strong></span> <span class='ocrx_word' id='word_1_260' title='bbox 2417 1682 2637 1737; x_wconf 88' lang='lat' dir='ltr'><strong>nomine</strong></span> <span class='ocrx_word' id='word_1_261' title='bbox 2656 1677 2921 1734; x_wconf 84' lang='lat' dir='ltr'><strong>Joannem</strong></span> <span class='ocrx_word' id='word_1_262' title='bbox 2953 1672 3368 1735; x_wconf 84' lang='lat' dir='ltr'><strong>criminabatur,</strong></span> <span class='ocrx_word' id='word_1_263' title='bbox 3394 1687 3499 1722; x_wconf 86' lang='lat' dir='ltr'><strong>non</strong></span> 
     </span>
    </p>
   </div>
   <div class='ocr_carea' id='block_1_41' title="bbox 1907 1762 3501 1850">
    <p class='ocr_par' dir='ltr' id='par_1_41' title="bbox 1907 1762 3501 1850">
     <span class='ocr_line' id='line_1_41' title="bbox 1907 1762 3501 1850; baseline -0.014 -13"><span class='ocrx_word' id='word_1_264' title='bbox 1907 1778 2204 1850; x_wconf 88' lang='lat' dir='ltr'><strong>desineret)</strong></span> <span class='ocrx_word' id='word_1_265' title='bbox 2248 1793 2355 1832; x_wconf 91' lang='lat' dir='ltr'><strong>non</strong></span> <span class='ocrx_word' id='word_1_266' title='bbox 2422 1776 2679 1837; x_wconf 89' lang='lat' dir='ltr'><strong>accessit,</strong></span> <span class='ocrx_word' id='word_1_267' title='bbox 2722 1771 2967 1840; x_wconf 87' lang='lat' dir='ltr'><strong>inquam,</strong></span> <span class='ocrx_word' id='word_1_268' title='bbox 3011 1766 3122 1822; x_wconf 92' lang='lat' dir='ltr'><strong>odii</strong></span> <span class='ocrx_word' id='word_1_269' title='bbox 3172 1772 3361 1829; x_wconf 87' lang='lat' dir='ltr'><strong>metu;</strong></span> <span class='ocrx_word' id='word_1_270' title='bbox 3407 1762 3501 1816; x_wconf 86' lang='lat' dir='ltr'><strong>sed</strong></span> 
     </span>
    </p>
   </div>
   <div class='ocr_carea' id='block_1_42' title="bbox 1832 1855 3503 1947">
    <p class='ocr_par' dir='ltr' id='par_1_42' title="bbox 1832 1855 3503 1947">
     <span class='ocr_line' id='line_1_42' title="bbox 1832 1855 3503 1947; baseline -0.013 -16"><span class='ocrx_word' id='word_1_271' title='bbox 1832 1856 1878 1911; x_wconf 77' lang='grc' dir='ltr'><strong>Β</strong></span> <span class='ocrx_word' id='word_1_272' title='bbox 1914 1892 2014 1947; x_wconf 86' lang='lat' dir='ltr'><strong>pro</strong></span> <span class='ocrx_word' id='word_1_273' title='bbox 2035 1889 2093 1928; x_wconf 89' lang='lat' dir='ltr'><strong>se</strong></span> <span class='ocrx_word' id='word_1_274' title='bbox 2129 1872 2294 1925; x_wconf 90' lang='lat' dir='ltr'><strong>alium</strong></span> <span class='ocrx_word' id='word_1_275' title='bbox 2331 1866 2607 1929; x_wconf 88' lang='lat' dir='ltr'><strong>submisit,</strong></span> <span class='ocrx_word' id='word_1_276' title='bbox 2652 1862 3089 1935; x_wconf 89' lang='lat' dir='ltr'><strong>prommtiatum,</strong></span> <span class='ocrx_word' id='word_1_277' title='bbox 3129 1872 3197 1913; x_wconf 93' lang='lat' dir='ltr'><strong>ne</strong></span> <span class='ocrx_word' id='word_1_278' title='bbox 3255 1858 3308 1911; x_wconf 91' lang='lat' dir='ltr'><strong>in</strong></span> <span class='ocrx_word' id='word_1_279' title='bbox 3353 1855 3503 1925; x_wconf 86' lang='lat' dir='ltr'><strong>judi-</strong></span> 
     </span>
    </p>
   </div>
   <div class='ocr_carea' id='block_1_43' title="bbox 1914 1948 3506 2036">
    <p class='ocr_par' dir='ltr' id='par_1_43' title="bbox 1914 1948 3506 2036">
     <span class='ocr_line' id='line_1_43' title="bbox 1914 1948 3506 2036; baseline -0.014 -13"><span class='ocrx_word' id='word_1_280' title='bbox 1914 1970 2059 2024; x_wconf 89' lang='lat' dir='ltr'><strong>cium</strong></span> <span class='ocrx_word' id='word_1_281' title='bbox 2096 1965 2314 2036; x_wconf 88' lang='lat' dir='ltr'><strong>quidem</strong></span> <span class='ocrx_word' id='word_1_282' title='bbox 2361 1961 2665 2016; x_wconf 87' lang='lat' dir='ltr'><strong>vocandum</strong></span> <span class='ocrx_word' id='word_1_283' title='bbox 2703 1956 2996 2017; x_wconf 87' lang='lat' dir='ltr'><strong>Joannem,</strong></span> <span class='ocrx_word' id='word_1_284' title='bbox 3021 1963 3078 2005; x_wconf 91' lang='lat' dir='ltr'><strong>ut</strong></span> <span class='ocrx_word' id='word_1_285' title='bbox 3104 1951 3196 2019; x_wconf 91' lang='lat' dir='ltr'><strong>qui</strong></span> <span class='ocrx_word' id='word_1_286' title='bbox 3236 1959 3359 2018; x_wconf 90' lang='lat' dir='ltr'><strong>post</strong></span> <span class='ocrx_word' id='word_1_287' title='bbox 3393 1948 3506 2018; x_wconf 86' lang='lat' dir='ltr'><strong>eje-</strong></span> 
     </span>
    </p>
   </div>
   <div class='ocr_carea' id='block_1_44' title="bbox 1914 2044 3502 2116">
    <p class='ocr_par' dir='ltr' id='par_1_44' title="bbox 1914 2044 3502 2116">
     <span class='ocr_line' id='line_1_44' title="bbox 1914 2044 3502 2116; baseline -0.016 0"><span class='ocrx_word' id='word_1_288' title='bbox 1914 2063 2154 2116; x_wconf 89' lang='lat' dir='ltr'><strong>ctionem</strong></span> <span class='ocrx_word' id='word_1_289' title='bbox 2186 2071 2341 2112; x_wconf 89' lang='lat' dir='ltr'><strong>sacra</strong></span> <span class='ocrx_word' id='word_1_290' title='bbox 2395 2054 2547 2108; x_wconf 77' lang='lat' dir='ltr'><strong>obire</strong></span> <span class='ocrx_word' id='word_1_291' title='bbox 2597 2050 2781 2105; x_wconf 89' lang='lat' dir='ltr'><strong>munia</strong></span> <span class='ocrx_word' id='word_1_292' title='bbox 2845 2061 2952 2101; x_wconf 93' lang='lat' dir='ltr'><strong>non</strong></span> <span class='ocrx_word' id='word_1_293' title='bbox 3000 2044 3328 2105; x_wconf 89' lang='lat' dir='ltr'><strong>dubitasset,</strong></span> <span class='ocrx_word' id='word_1_294' title='bbox 3379 2056 3502 2094; x_wconf 89' lang='lat' dir='ltr'><strong>cum</strong></span> 
     </span>
    </p>
   </div>
   <div class='ocr_carea' id='block_1_45' title="bbox 1912 2133 3504 2219">
    <p class='ocr_par' dir='ltr' id='par_1_45' title="bbox 1912 2133 3504 2219">
     <span class='ocr_line' id='line_1_45' title="bbox 1912 2133 3504 2219; baseline -0.014 -11"><span class='ocrx_word' id='word_1_295' title='bbox 1912 2151 2253 2208; x_wconf 83' lang='lat' dir='ltr'><strong>Antiochena</strong></span> <span class='ocrx_word' id='word_1_296' title='bbox 2305 2148 2547 2219; x_wconf 82' lang='lat' dir='ltr'><strong>synodus</strong></span> <span class='ocrx_word' id='word_1_297' title='bbox 2607 2152 2733 2213; x_wconf 91' lang='lat' dir='ltr'><strong>post</strong></span> <span class='ocrx_word' id='word_1_298' title='bbox 2786 2138 3157 2207; x_wconf 81' lang='lat' dir='ltr'><strong>expulsionem</strong></span> <span class='ocrx_word' id='word_1_299' title='bbox 3215 2133 3504 2189; x_wconf 88' lang='lat' dir='ltr'><strong>sacerdotii</strong></span> 
     </span>
    </p>
   </div>
   <div class='ocr_carea' id='block_1_46' title="bbox 1916 2226 3504 2303">
    <p class='ocr_par' dir='ltr' id='par_1_46' title="bbox 1916 2226 3504 2303">
     <span class='ocr_line' id='line_1_46' title="bbox 1916 2226 3504 2303; baseline -0.018 0"><span class='ocrx_word' id='word_1_300' title='bbox 1916 2262 2112 2303; x_wconf 83' lang='lat' dir='ltr'><strong>tntinus</strong></span> <span class='ocrx_word' id='word_1_301' title='bbox 2143 2245 2210 2298; x_wconf 89' lang='lat' dir='ltr'><strong>ad</strong></span> <span class='ocrx_word' id='word_1_302' title='bbox 2246 2244 2389 2297; x_wconf 88' lang='lat' dir='ltr'><strong>hunc</strong></span> <span class='ocrx_word' id='word_1_303' title='bbox 2416 2236 2660 2300; x_wconf 87' lang='lat' dir='ltr'><strong>obeunti,</strong></span> <span class='ocrx_word' id='word_1_304' title='bbox 2698 2232 2903 2288; x_wconf 92' lang='lat' dir='ltr'><strong>nullum</strong></span> <span class='ocrx_word' id='word_1_305' title='bbox 2936 2228 3273 2285; x_wconf 89' lang='lat' dir='ltr'><strong>defensionis</strong></span> <span class='ocrx_word' id='word_1_306' title='bbox 3326 2226 3504 2280; x_wconf 90' lang='lat' dir='ltr'><strong>locum</strong></span> 
     </span>
    </p>
   </div>
   <div class='ocr_carea' id='block_1_47' title="bbox 866 2304 3508 2421">
    <p class='ocr_par' dir='ltr' id='par_1_47' title="bbox 866 2304 3508 2421">
     <span class='ocr_line' id='line_1_47' title="bbox 866 2304 1348 2340; baseline -0.019 -15"><span class='ocrx_word' id='word_1_307' title='bbox 866 2304 1009 2340; x_wconf 67' lang='grc' dir='ltr'><strong>,εηηψ</strong></span> <span class='ocrx_word' id='word_1_308' title='bbox 1039 2304 1348 2336; x_wconf 41' lang='lat' dir='ltr'><strong>aeger&quot;...</strong></span> 
     </span>
     <span class='ocr_line' id='line_1_48' title="bbox 866 2304 3508 2421; baseline -0.019 -2"><span class='ocrx_word' id='word_1_309' title='bbox 866 2365 1043 2420; x_wconf 77' lang='lat' dir='ltr'><strong>)illtlllS</strong></span> <span class='ocrx_word' id='word_1_310' title='bbox 1074 2355 1695 2421; x_wconf 86' lang='lat' dir='ltr'><strong>studiosi,Arianornm</strong></span> <span class='ocrx_word' id='word_1_311' title='bbox 1778 2348 1927 2401; x_wconf 91' lang='lat' dir='ltr'><strong>illum</strong></span> <span class='ocrx_word' id='word_1_312' title='bbox 1982 2355 2108 2397; x_wconf 88' lang='lat' dir='ltr'><strong>esse</strong></span> <span class='ocrx_word' id='word_1_313' title='bbox 2169 2350 2433 2393; x_wconf 90' lang='lat' dir='ltr'><strong>canonem</strong></span> <span class='ocrx_word' id='word_1_314' title='bbox 2494 2340 2927 2396; x_wconf 87' lang='lat' dir='ltr'><strong>consessumque</strong></span> <span class='ocrx_word' id='word_1_315' title='bbox 3004 2322 3370 2394; x_wconf 76' lang='lat' dir='ltr'><strong>excipiebant,</strong></span> <span class='ocrx_word' id='word_1_316' title='bbox 3439 2304 3508 2371; x_wconf 75' lang='lat' dir='ltr'><strong>ad</strong></span> 
     </span>
    </p>
   </div>
   <div class='ocr_carea' id='block_1_48' title="bbox 1856 2414 3511 2497">
    <p class='ocr_par' dir='ltr' id='par_1_48' title="bbox 1856 2414 3511 2497">
     <span class='ocr_line' id='line_1_49' title="bbox 1856 2414 3511 2497; baseline -0.018 -6"><span class='ocrx_word' id='word_1_317' title='bbox 1856 2437 1996 2491; x_wconf 80' lang='lat' dir='ltr'><strong>Hinc</strong></span> <span class='ocrx_word' id='word_1_318' title='bbox 2032 2447 2151 2487; x_wconf 78' lang='lat' dir='ltr'><strong>eam</strong></span> <span class='ocrx_word' id='word_1_319' title='bbox 2186 2430 2361 2497; x_wconf 86' lang='lat' dir='ltr'><strong>ipsam</strong></span> <span class='ocrx_word' id='word_1_320' title='bbox 2393 2425 2660 2497; x_wconf 82' lang='lat' dir='ltr'><strong>synodum</strong></span> <span class='ocrx_word' id='word_1_321' title='bbox 2709 2419 2899 2472; x_wconf 87' lang='lat' dir='ltr'><strong>Patres</strong></span> <span class='ocrx_word' id='word_1_322' title='bbox 2962 2414 3311 2470; x_wconf 86' lang='lat' dir='ltr'><strong>Sardicensis</strong></span> <span class='ocrx_word' id='word_1_323' title='bbox 3377 2427 3511 2466; x_wconf 91' lang='lat' dir='ltr'><strong>con-</strong></span> 
     </span>
    </p>
   </div>
   <div class='ocr_carea' id='block_1_49' title="bbox 243 2507 3509 2618">
    <p class='ocr_par' dir='ltr' id='par_1_49' title="bbox 243 2507 3509 2618">
     <span class='ocr_line' id='line_1_50' title="bbox 243 2507 1553 2527; baseline -0.021 -1"><span class='ocrx_word' id='word_1_324' title='bbox 243 2507 449 2527; x_wconf 64' lang='grc' dir='ltr'>...ειηηω</span> <span class='ocrx_word' id='word_1_325' title='bbox 479 2507 999 2522; x_wconf 55' lang='grc' dir='ltr'><strong>υ.........ν----------η</strong></span> <span class='ocrx_word' id='word_1_326' title='bbox 1022 2507 1062 2510; x_wconf 59' lang='grc' dir='ltr'>η</span> <span class='ocrx_word' id='word_1_327' title='bbox 1542 2507 1553 2513; x_wconf 93' lang='lat'>_</span> 
     </span>
     <span class='ocr_line' id='line_1_51' title="bbox 243 2507 3509 2618; baseline -0.019 0"><span class='ocrx_word' id='word_1_328' title='bbox 243 2564 337 2618; x_wconf 88' lang='lat' dir='ltr'><strong>cilii</strong></span> <span class='ocrx_word' id='word_1_329' title='bbox 365 2561 572 2617; x_wconf 84' lang='lat' dir='ltr'><strong>nullam</strong></span> <span class='ocrx_word' id='word_1_330' title='bbox 606 2570 729 2611; x_wconf 85' lang='lat' dir='ltr'><strong>esse</strong></span> <span class='ocrx_word' id='word_1_331' title='bbox 762 2551 1067 2612; x_wconf 87' lang='lat' dir='ltr'><strong>censuisse,</strong></span> <span class='ocrx_word' id='word_1_332' title='bbox 1091 2556 1145 2599; x_wconf 89' lang='lat' dir='ltr'><strong>et</strong></span> <span class='ocrx_word' id='word_1_333' title='bbox 1179 2539 1477 2599; x_wconf 80' lang='lat' dir='ltr'><strong>Athanasio</strong></span> <span class='ocrx_word' id='word_1_334' title='bbox 1512 2553 1619 2590; x_wconf 90' lang='lat' dir='ltr'><strong>non</strong></span> <span class='ocrx_word' id='word_1_335' title='bbox 1650 2537 1822 2589; x_wconf 87' lang='lat' dir='ltr'><strong>solum</strong></span> <span class='ocrx_word' id='word_1_336' title='bbox 1864 2522 2189 2583; x_wconf 84' lang='lat' dir='ltr'><strong>defendendi</strong></span> <span class='ocrx_word' id='word_1_337' title='bbox 2216 2520 2299 2577; x_wconf 93' lang='lat' dir='ltr'><strong>sui</strong></span> <span class='ocrx_word' id='word_1_338' title='bbox 2332 2524 2656 2591; x_wconf 86' lang='lat' dir='ltr'><strong>potestatem</strong></span> <span class='ocrx_word' id='word_1_339' title='bbox 2696 2511 2912 2575; x_wconf 80' lang='lat' dir='ltr'><strong>fecisse,</strong></span> <span class='ocrx_word' id='word_1_340' title='bbox 2949 2523 3138 2573; x_wconf 83' lang='lat' dir='ltr'><strong>verum</strong></span> <span class='ocrx_word' id='word_1_341' title='bbox 3190 2507 3356 2561; x_wconf 85' lang='lat' dir='ltr'><strong>etiam</strong></span> <span class='ocrx_word' id='word_1_342' title='bbox 3417 2519 3509 2561; x_wconf 85' lang='lat' dir='ltr'><strong>sa-</strong></span> 
     </span>
    </p>
   </div>
   <div class='ocr_carea' id='block_1_50' title="bbox 240 2626 1942 2726">
    <p class='ocr_par' dir='ltr' id='par_1_50' title="bbox 240 2626 1942 2726">
     <span class='ocr_line' id='line_1_52' title="bbox 240 2626 1942 2726; baseline -0.024 -10"><span class='ocrx_word' id='word_1_343' title='bbox 240 2659 521 2726; x_wconf 83' lang='lat' dir='ltr'><strong>cerdotium</strong></span> <span class='ocrx_word' id='word_1_344' title='bbox 556 2670 665 2708; x_wconf 89' lang='lat' dir='ltr'><strong>una</strong></span> <span class='ocrx_word' id='word_1_345' title='bbox 701 2666 823 2705; x_wconf 89' lang='lat' dir='ltr'><strong>cum</strong></span> <span class='ocrx_word' id='word_1_346' title='bbox 864 2643 1122 2700; x_wconf 74' lang='lat' dir='ltr'><strong>Marcello</strong></span> <span class='ocrx_word' id='word_1_347' title='bbox 1178 2637 1564 2692; x_wconf 78' lang='lat' dir='ltr'><strong>administrare</strong></span> <span class='ocrx_word' id='word_1_348' title='bbox 1607 2626 1942 2699; x_wconf 89' lang='lat' dir='ltr'><strong>permisisse.</strong></span> 
     </span>
    </p>
   </div>
   <div class='ocr_carea' id='block_1_51' title="bbox 297 2722 1814 2817">
    <p class='ocr_par' dir='ltr' id='par_1_51' title="bbox 297 2722 1814 2817">
     <span class='ocr_line' id='line_1_53' title="bbox 297 2722 1814 2817; baseline -0.022 -8"><span class='ocrx_word' id='word_1_349' title='bbox 297 2724 579 2808; x_wconf 76' lang='grc' dir='ltr'>Κωλύεται</span> <span class='ocrx_word' id='word_1_350' title='bbox 627 2747 726 2817; x_wconf 70' lang='grc' dir='ltr'><strong>μὲν</strong></span> <span class='ocrx_word' id='word_1_351' title='bbox 770 2739 865 2796; x_wconf 69' lang='grc' dir='ltr'><strong>οὖν</strong></span> <span class='ocrx_word' id='word_1_352' title='bbox 918 2740 1040 2792; x_wconf 85' lang='grc' dir='ltr'>τότε</span> <span class='ocrx_word' id='word_1_353' title='bbox 1075 2732 1517 2804; x_wconf 86' lang='grc' dir='ltr'>ὁΧρυσόστομος</span> <span class='ocrx_word' id='word_1_354' title='bbox 1560 2722 1814 2797; x_wconf 82' lang='grc' dir='ltr'>ἱερᾶσθαι</span> 
     </span>
    </p>
   </div>
   <div class='ocr_carea' id='block_1_52' title="bbox 242 2816 1815 2913">
    <p class='ocr_par' dir='ltr' id='par_1_52' title="bbox 242 2816 1815 2913">
     <span class='ocr_line' id='line_1_54' title="bbox 242 2816 1815 2913; baseline -0.023 -10"><span class='ocrx_word' id='word_1_355' title='bbox 242 2850 321 2903; x_wconf 73' lang='grc' dir='ltr'><strong>καὶ</strong></span> <span class='ocrx_word' id='word_1_356' title='bbox 340 2849 470 2910; x_wconf 83' lang='grc' dir='ltr'>ὅλως</span> <span class='ocrx_word' id='word_1_357' title='bbox 497 2844 644 2913; x_wconf 80' lang='grc' dir='ltr'>πρὸς</span> <span class='ocrx_word' id='word_1_358' title='bbox 666 2840 766 2912; x_wconf 81' lang='grc' dir='ltr'>τὴν</span> <span class='ocrx_word' id='word_1_359' title='bbox 793 2833 1091 2904; x_wconf 80' lang='grc' dir='ltr'>ἐκκλησίαν</span> <span class='ocrx_word' id='word_1_360' title='bbox 1121 2823 1488 2897; x_wconf 80' lang='grc' dir='ltr'>κατέρχεσθαι</span> <span class='ocrx_word' id='word_1_361' title='bbox 1509 2838 1521 2850; x_wconf 90' lang='grc'><strong>·</strong></span> <span class='ocrx_word' id='word_1_362' title='bbox 1560 2821 1593 2890; x_wconf 83' lang='grc' dir='ltr'><strong>ὴ</strong></span> <span class='ocrx_word' id='word_1_363' title='bbox 1623 2818 1680 2872; x_wconf 86' lang='grc' dir='ltr'><strong>δέ</strong></span> <span class='ocrx_word' id='word_1_364' title='bbox 1704 2816 1815 2870; x_wconf 86' lang='grc' dir='ltr'>τῶν</span> 
     </span>
    </p>
   </div>
   <div class='ocr_carea' id='block_1_53' title="bbox 242 2908 1819 3011">
    <p class='ocr_par' dir='ltr' id='par_1_53' title="bbox 242 2908 1819 3011">
     <span class='ocr_line' id='line_1_55' title="bbox 242 2908 1819 3011; baseline -0.022 -16"><span class='ocrx_word' id='word_1_365' title='bbox 242 2908 463 3011; x_wconf 68' lang='grc' dir='ltr'>Χριστού</span> <span class='ocrx_word' id='word_1_366' title='bbox 514 2908 824 2988; x_wconf 45' lang='grc' dir='ltr'>Ιζενεθλίων</span> <span class='ocrx_word' id='word_1_367' title='bbox 855 2925 1019 2997; x_wconf 79' lang='grc' dir='ltr'>ἑορτὴ</span> <span class='ocrx_word' id='word_1_368' title='bbox 1046 2921 1386 2990; x_wconf 81' lang='grc' dir='ltr'>ἐνειστήκει,</span> <span class='ocrx_word' id='word_1_369' title='bbox 1431 2912 1564 2987; x_wconf 63' lang='grc'><strong>[265</strong></span> <span class='ocrx_word' id='word_1_370' title='bbox 1596 2909 1688 2982; x_wconf 65' lang='lat' dir='ltr'><strong>IL]</strong></span> <span class='ocrx_word' id='word_1_371' title='bbox 1722 2908 1819 2962; x_wconf 78' lang='grc' dir='ltr'><strong>καὶ</strong></span> 
     </span>
    </p>
   </div>
   <div class='ocr_carea' id='block_1_54' title="bbox 244 3004 1815 3105">
    <p class='ocr_par' dir='ltr' id='par_1_54' title="bbox 244 3004 1815 3105">
     <span class='ocr_line' id='line_1_56' title="bbox 244 3004 1815 3105; baseline -0.02 -18"><span class='ocrx_word' id='word_1_372' title='bbox 244 3004 403 3105; x_wconf 68' lang='grc' dir='ltr'>ἔμεινε</span> <span class='ocrx_word' id='word_1_373' title='bbox 439 3030 611 3099; x_wconf 81' lang='grc' dir='ltr'>μέχρι</span> <span class='ocrx_word' id='word_1_374' title='bbox 638 3024 739 3092; x_wconf 83' lang='grc' dir='ltr'>τῆς</span> <span class='ocrx_word' id='word_1_375' title='bbox 796 3019 958 3088; x_wconf 84' lang='grc' dir='ltr'>ἁγίας</span> <span class='ocrx_word' id='word_1_376' title='bbox 1006 3013 1410 3085; x_wconf 86' lang='grc' dir='ltr'>Πεντηκοστῆς,</span> <span class='ocrx_word' id='word_1_377' title='bbox 1446 3009 1541 3062; x_wconf 73' lang='grc' dir='ltr'><strong>καὶ</strong></span> <span class='ocrx_word' id='word_1_378' title='bbox 1564 3006 1644 3059; x_wconf 75' lang='grc' dir='ltr'>ἔτι</span> <span class='ocrx_word' id='word_1_379' title='bbox 1676 3004 1815 3075; x_wconf 71' lang='grc' dir='ltr'>πρὸς</span> 
     </span>
    </p>
   </div>
   <div class='ocr_carea' id='block_1_55' title="bbox 246 3127 273 3177">
    <p class='ocr_par' dir='ltr' id='par_1_55' title="bbox 246 3127 273 3177">
     <span class='ocr_line' id='line_1_57' title="bbox 246 3127 273 3177; baseline 0 0"><span class='ocrx_word' id='word_1_380' title='bbox 246 3127 273 3177; x_wconf 71' lang='lat' dir='ltr'><strong>&#39;l‘.</strong></span> 
     </span>
    </p>
   </div>
   <div class='ocr_carea' id='block_1_56' title="bbox 247 3168 1818 3281">
    <p class='ocr_par' dir='ltr' id='par_1_56' title="bbox 247 3168 1818 3281">
     <span class='ocr_line' id='line_1_58' title="bbox 247 3168 1818 3281; baseline -0.019 -10"><span class='ocrx_word' id='word_1_381' title='bbox 247 3168 931 3281; x_wconf 50' lang='grc' dir='ltr'>άτίκῐνέιαπραττόμενος.</span> <span class='ocrx_word' id='word_1_382' title='bbox 964 3202 1098 3254; x_wconf 85' lang='grc' dir='ltr'>Τότε</span> <span class='ocrx_word' id='word_1_383' title='bbox 1133 3168 1438 3258; x_wconf 40' lang='grc' dir='ltr'>ἐμὲ-τελείως</span> <span class='ocrx_word' id='word_1_384' title='bbox 1467 3193 1561 3246; x_wconf 84' lang='grc' dir='ltr'><strong>καὶ</strong></span> <span class='ocrx_word' id='word_1_385' title='bbox 1590 3191 1687 3260; x_wconf 75' lang='grc' dir='ltr'>τῆς</span> <span class='ocrx_word' id='word_1_386' title='bbox 1720 3191 1818 3243; x_wconf 78' lang='grc' dir='ltr'>ἐκ-</span> 
     </span>
    </p>
   </div>
   <div class='ocr_carea' id='block_1_57' title="bbox 245 3282 1818 3379">
    <p class='ocr_par' dir='ltr' id='par_1_57' title="bbox 245 3282 1818 3379">
     <span class='ocr_line' id='line_1_59' title="bbox 245 3282 1818 3379; baseline -0.019 -16"><span class='ocrx_word' id='word_1_387' title='bbox 245 3307 453 3379; x_wconf 83' lang='grc' dir='ltr'>κλησίας</span> <span class='ocrx_word' id='word_1_388' title='bbox 479 3304 587 3359; x_wconf 78' lang='grc' dir='ltr'>κα),</span> <span class='ocrx_word' id='word_1_389' title='bbox 606 3304 706 3371; x_wconf 80' lang='grc' dir='ltr'><strong>τῆς</strong></span> <span class='ocrx_word' id='word_1_390' title='bbox 754 3296 965 3357; x_wconf 82' lang='grc' dir='ltr'>πόλεως</span> <span class='ocrx_word' id='word_1_391' title='bbox 999 3289 1284 3361; x_wconf 79' lang='grc' dir='ltr'>ἐξεϐλήθη,</span> <span class='ocrx_word' id='word_1_392' title='bbox 1319 3288 1416 3340; x_wconf 71' lang='grc' dir='ltr'><strong>καὶ</strong></span> <span class='ocrx_word' id='word_1_393' title='bbox 1437 3283 1706 3355; x_wconf 89' lang='grc' dir='ltr'>ἐξωρίσθη</span> <span class='ocrx_word' id='word_1_394' title='bbox 1738 3282 1818 3345; x_wconf 90' lang='grc' dir='ltr'><strong>είς</strong></span> 
     </span>
    </p>
   </div>
   <div class='ocr_carea' id='block_1_58' title="bbox 247 3375 1819 3462">
    <p class='ocr_par' dir='ltr' id='par_1_58' title="bbox 247 3375 1819 3462">
     <span class='ocr_line' id='line_1_60' title="bbox 247 3375 1819 3462; baseline -0.019 -6"><span class='ocrx_word' id='word_1_395' title='bbox 247 3375 572 3462; x_wconf 80' lang='grc' dir='ltr'>Κουκουσδν,</span> <span class='ocrx_word' id='word_1_396' title='bbox 606 3395 696 3448; x_wconf 83' lang='grc' dir='ltr'>ὅτε</span> <span class='ocrx_word' id='word_1_397' title='bbox 737 3390 832 3445; x_wconf 73' lang='grc' dir='ltr'>καὶ</span> <span class='ocrx_word' id='word_1_398' title='bbox 861 3390 922 3442; x_wconf 85' lang='grc' dir='ltr'><strong>τὸ</strong></span> <span class='ocrx_word' id='word_1_399' title='bbox 980 3386 1093 3457; x_wconf 83' lang='grc' dir='ltr'><strong>πῦρ</strong></span> <span class='ocrx_word' id='word_1_400' title='bbox 1120 3381 1361 3451; x_wconf 82' lang='grc' dir='ltr'>ἀναφθὲν</span> <span class='ocrx_word' id='word_1_401' title='bbox 1389 3378 1492 3448; x_wconf 79' lang='grc' dir='ltr'>τῆς</span> <span class='ocrx_word' id='word_1_402' title='bbox 1521 3375 1819 3446; x_wconf 74' lang='grc' dir='ltr'>ἐκκλησίας</span> 
     </span>
    </p>
   </div>
   <div class='ocr_carea' id='block_1_59' title="bbox 244 3467 1821 3561">
    <p class='ocr_par' dir='ltr' id='par_1_59' title="bbox 244 3467 1821 3561">
     <span class='ocr_line' id='line_1_61' title="bbox 244 3467 1821 3561; baseline -0.017 -15"><span class='ocrx_word' id='word_1_403' title='bbox 244 3492 326 3547; x_wconf 77' lang='grc' dir='ltr'>τοῦ</span> <span class='ocrx_word' id='word_1_404' title='bbox 349 3491 608 3561; x_wconf 78' lang='grc' dir='ltr'>ἄμϐωνος</span> <span class='ocrx_word' id='word_1_405' title='bbox 644 3483 820 3540; x_wconf 77' lang='grc' dir='ltr'>πολλὰ</span> <span class='ocrx_word' id='word_1_406' title='bbox 880 3479 992 3534; x_wconf 82' lang='grc' dir='ltr'><strong>τῶν</strong></span> <span class='ocrx_word' id='word_1_407' title='bbox 1042 3475 1203 3548; x_wconf 80' lang='grc' dir='ltr'>πέριξ</span> <span class='ocrx_word' id='word_1_408' title='bbox 1252 3471 1685 3541; x_wconf 81' lang='grc' dir='ltr'>κατενεμήσατο.</span> <span class='ocrx_word' id='word_1_409' title='bbox 1712 3467 1821 3521; x_wconf 72' lang='grc' dir='ltr'><strong>Καὶ</strong></span> 
     </span>
    </p>
   </div>
   <div class='ocr_carea' id='block_1_60' title="bbox 248 3556 1820 3637">
    <p class='ocr_par' dir='ltr' id='par_1_60' title="bbox 248 3556 1820 3637">
     <span class='ocr_line' id='line_1_62' title="bbox 248 3556 1820 3637; baseline -0.021 1"><span class='ocrx_word' id='word_1_410' title='bbox 248 3556 413 3637; x_wconf 59' lang='grc' dir='ltr'><strong>πολλο)⁹</strong></span> <span class='ocrx_word' id='word_1_411' title='bbox 440 3582 498 3634; x_wconf 82' lang='grc' dir='ltr'><strong>δέ</strong></span> <span class='ocrx_word' id='word_1_412' title='bbox 525 3578 643 3633; x_wconf 83' lang='grc' dir='ltr'>τῶν</span> <span class='ocrx_word' id='word_1_413' title='bbox 668 3574 812 3629; x_wconf 84' lang='grc' dir='ltr'>κατὰ</span> <span class='ocrx_word' id='word_1_414' title='bbox 848 3569 946 3625; x_wconf 81' lang='grc' dir='ltr'>τοῦ</span> <span class='ocrx_word' id='word_1_415' title='bbox 993 3568 1147 3637; x_wconf 83' lang='grc' dir='ltr'>ἁγίου</span> <span class='ocrx_word' id='word_1_416' title='bbox 1177 3556 1820 3634; x_wconf 83' lang='grc' dir='ltr'>παραδειγματίσθησαν,</span> 
     </span>
    </p>
   </div>
   <div class='ocr_carea' id='block_1_61' title="bbox 247 3646 1823 3746">
    <p class='ocr_par' dir='ltr' id='par_1_61' title="bbox 247 3646 1823 3746">
     <span class='ocr_line' id='line_1_63' title="bbox 247 3646 1823 3746; baseline -0.022 -15"><span class='ocrx_word' id='word_1_417' title='bbox 247 3676 476 3746; x_wconf 80' lang='grc' dir='ltr'>ἥνόσοις</span> <span class='ocrx_word' id='word_1_418' title='bbox 515 3668 784 3736; x_wconf 73' lang='grc' dir='ltr'>ἐξαισίοις</span> <span class='ocrx_word' id='word_1_419' title='bbox 836 3664 870 3735; x_wconf 82' lang='grc' dir='ltr'>ἢ</span> <span class='ocrx_word' id='word_1_420' title='bbox 928 3659 1236 3732; x_wconf 83' lang='grc' dir='ltr'>συμφοραῖς</span> <span class='ocrx_word' id='word_1_421' title='bbox 1277 3651 1560 3723; x_wconf 87' lang='grc' dir='ltr'>θεηλάτοις</span> <span class='ocrx_word' id='word_1_422' title='bbox 1580 3648 1673 3701; x_wconf 82' lang='grc' dir='ltr'><strong>τὸν</strong></span> <span class='ocrx_word' id='word_1_423' title='bbox 1710 3646 1823 3717; x_wconf 87' lang='grc' dir='ltr'>βίον</span> 
     </span>
    </p>
   </div>
   <div class='ocr_carea' id='block_1_62' title="bbox 250 3740 1824 3837">
    <p class='ocr_par' dir='ltr' id='par_1_62' title="bbox 250 3740 1824 3837">
     <span class='ocr_line' id='line_1_64' title="bbox 250 3740 1824 3837; baseline -0.019 -17"><span class='ocrx_word' id='word_1_424' title='bbox 250 3740 676 3837; x_wconf 63' lang='grc' dir='ltr'>ἀπορρήξαντες.</span> <span class='ocrx_word' id='word_1_425' title='bbox 748 3754 1078 3827; x_wconf 70' lang='grc' dir='ltr'>Ἐξορισθείς</span> <span class='ocrx_word' id='word_1_426' title='bbox 1125 3750 1181 3803; x_wconf 84' lang='grc' dir='ltr'><strong>δὲ</strong></span> <span class='ocrx_word' id='word_1_427' title='bbox 1231 3748 1313 3810; x_wconf 89' lang='grc' dir='ltr'><strong>είς</strong></span> <span class='ocrx_word' id='word_1_428' title='bbox 1369 3742 1705 3802; x_wconf 84' lang='grc' dir='ltr'>Κουκουσδν,</span> <span class='ocrx_word' id='word_1_429' title='bbox 1749 3740 1824 3801; x_wconf 84' lang='grc' dir='ltr'><strong>ὡς</strong></span> 
     </span>
    </p>
   </div>
   <div class='ocr_carea' id='block_1_63' title="bbox 248 3831 1827 3927">
    <p class='ocr_par' dir='ltr' id='par_1_63' title="bbox 248 3831 1827 3927">
     <span class='ocr_line' id='line_1_65' title="bbox 248 3831 1827 3927; baseline -0.016 -18"><span class='ocrx_word' id='word_1_430' title='bbox 248 3831 583 3927; x_wconf 38' lang='grc' dir='ltr'>οὗτός-φησι,</span> <span class='ocrx_word' id='word_1_431' title='bbox 650 3848 748 3903; x_wconf 67' lang='grc' dir='ltr'><strong>καὶ</strong></span> <span class='ocrx_word' id='word_1_432' title='bbox 798 3846 1047 3900; x_wconf 88' lang='grc' dir='ltr'>ἐδίδασκε</span> <span class='ocrx_word' id='word_1_433' title='bbox 1091 3840 1187 3895; x_wconf 78' lang='grc' dir='ltr'><strong>καὶ</strong></span> <span class='ocrx_word' id='word_1_434' title='bbox 1235 3834 1566 3908; x_wconf 76' lang='grc' dir='ltr'>ἐχειροτόνει</span> <span class='ocrx_word' id='word_1_435' title='bbox 1596 3831 1827 3892; x_wconf 79' lang='grc' dir='ltr'>πολλοὺς</span> 
     </span>
    </p>
   </div>
   <div class='ocr_carea' id='block_1_64' title="bbox 254 3922 1826 4018">
    <p class='ocr_par' dir='ltr' id='par_1_64' title="bbox 254 3922 1826 4018">
     <span class='ocr_line' id='line_1_66' title="bbox 254 3922 1826 4018; baseline -0.018 -16"><span class='ocrx_word' id='word_1_436' title='bbox 254 3950 341 4018; x_wconf 79' lang='grc' dir='ltr'><strong>μὲν</strong></span> <span class='ocrx_word' id='word_1_437' title='bbox 365 3922 731 4006; x_wconf 75' lang='grc' dir='ltr'>ἐπισκόπους,</span> <span class='ocrx_word' id='word_1_438' title='bbox 769 3938 994 4000; x_wconf 87' lang='grc' dir='ltr'>πλείους</span> <span class='ocrx_word' id='word_1_439' title='bbox 1032 3934 1091 3988; x_wconf 85' lang='grc' dir='ltr'><strong>δέ</strong></span> <span class='ocrx_word' id='word_1_440' title='bbox 1137 3927 1547 4001; x_wconf 79' lang='grc' dir='ltr'>πρεσϐυτέρους</span> <span class='ocrx_word' id='word_1_441' title='bbox 1578 3923 1674 3977; x_wconf 76' lang='grc' dir='ltr'><strong>καὶ</strong></span> <span class='ocrx_word' id='word_1_442' title='bbox 1707 3922 1826 3975; x_wconf 84' lang='grc' dir='ltr'>δια-</span> 
     </span>
    </p>
   </div>
   <div class='ocr_carea' id='block_1_65' title="bbox 252 4013 1825 4105">
    <p class='ocr_par' dir='ltr' id='par_1_65' title="bbox 252 4013 1825 4105">
     <span class='ocr_line' id='line_1_67' title="bbox 252 4013 1825 4105; baseline -0.019 -9"><span class='ocrx_word' id='word_1_443' title='bbox 252 4013 446 4105; x_wconf 67' lang='grc' dir='ltr'>κόνους.</span> <span class='ocrx_word' id='word_1_444' title='bbox 483 4040 546 4092; x_wconf 84' lang='grc' dir='ltr'><strong><em>Ἐ</em></strong></span> <span class='ocrx_word' id='word_1_445' title='bbox 558 4035 767 4091; x_wconf 83' lang='grc' dir='ltr'>πετέλει</span> <span class='ocrx_word' id='word_1_446' title='bbox 796 4032 852 4085; x_wconf 83' lang='grc' dir='ltr'>δὲ</span> <span class='ocrx_word' id='word_1_447' title='bbox 880 4030 976 4085; x_wconf 67' lang='grc' dir='ltr'><strong>καὶ</strong></span> <span class='ocrx_word' id='word_1_448' title='bbox 1006 4024 1182 4080; x_wconf 82' lang='grc' dir='ltr'>πολλὰ</span> <span class='ocrx_word' id='word_1_449' title='bbox 1217 4024 1421 4094; x_wconf 86' lang='grc' dir='ltr'>σημεῖα</span> <span class='ocrx_word' id='word_1_450' title='bbox 1448 4021 1507 4073; x_wconf 83' lang='grc' dir='ltr'><strong>ἐν</strong></span> <span class='ocrx_word' id='word_1_451' title='bbox 1528 4020 1593 4087; x_wconf 83' lang='grc' dir='ltr'>τῇ</span> <span class='ocrx_word' id='word_1_452' title='bbox 1617 4013 1825 4087; x_wconf 74' lang='grc' dir='ltr'>ἐξορία,</span> 
     </span>
    </p>
   </div>
   <div class='ocr_carea' id='block_1_66' title="bbox 255 4106 1829 4197">
    <p class='ocr_par' dir='ltr' id='par_1_66' title="bbox 255 4106 1829 4197">
     <span class='ocr_line' id='line_1_68' title="bbox 255 4106 1829 4197; baseline -0.018 -13"><span class='ocrx_word' id='word_1_453' title='bbox 255 4133 349 4196; x_wconf 81' lang='grc' dir='ltr'>ζῶν</span> <span class='ocrx_word' id='word_1_454' title='bbox 376 4149 433 4185; x_wconf 89' lang='grc' dir='ltr'><strong>τε</strong></span> <span class='ocrx_word' id='word_1_455' title='bbox 463 4129 566 4183; x_wconf 62' lang='grc' dir='ltr'><strong>κα)¹</strong></span> <span class='ocrx_word' id='word_1_456' title='bbox 589 4125 728 4197; x_wconf 78' lang='grc' dir='ltr'>μετὰ</span> <span class='ocrx_word' id='word_1_457' title='bbox 758 4123 1011 4177; x_wconf 86' lang='grc' dir='ltr'>θάνατον.</span> <span class='ocrx_word' id='word_1_458' title='bbox 1039 4115 1279 4185; x_wconf 80' lang='grc' dir='ltr'>Τελευτᾷ</span> <span class='ocrx_word' id='word_1_459' title='bbox 1307 4112 1364 4165; x_wconf 80' lang='grc' dir='ltr'>δὲ</span> <span class='ocrx_word' id='word_1_460' title='bbox 1388 4111 1449 4164; x_wconf 85' lang='grc' dir='ltr'><strong>οὐ</strong></span> <span class='ocrx_word' id='word_1_461' title='bbox 1489 4108 1630 4180; x_wconf 84' lang='grc' dir='ltr'>μετὰ</span> <span class='ocrx_word' id='word_1_462' title='bbox 1663 4106 1829 4159; x_wconf 81' lang='grc' dir='ltr'>πολὺν</span> 
     </span>
    </p>
   </div>
   <div class='ocr_carea' id='block_1_67' title="bbox 254 4197 1832 4298">
    <p class='ocr_par' dir='ltr' id='par_1_67' title="bbox 254 4197 1832 4298">
     <span class='ocr_line' id='line_1_69' title="bbox 254 4197 1832 4298; baseline -0.022 -17"><span class='ocrx_word' id='word_1_463' title='bbox 254 4227 450 4298; x_wconf 79' lang='grc' dir='ltr'>χρόνον,</span> <span class='ocrx_word' id='word_1_464' title='bbox 485 4221 587 4277; x_wconf 84' lang='grc' dir='ltr'>τοῦ</span> <span class='ocrx_word' id='word_1_465' title='bbox 620 4216 923 4272; x_wconf 87' lang='grc' dir='ltr'>ἐπισκόπου</span> <span class='ocrx_word' id='word_1_466' title='bbox 956 4211 1229 4281; x_wconf 84' lang='grc' dir='ltr'>Κομάνων</span> <span class='ocrx_word' id='word_1_467' title='bbox 1267 4207 1361 4260; x_wconf 76' lang='grc' dir='ltr'><strong>καὶ</strong></span> <span class='ocrx_word' id='word_1_468' title='bbox 1417 4202 1694 4274; x_wconf 86' lang='grc' dir='ltr'>μάρτυρος</span> <span class='ocrx_word' id='word_1_469' title='bbox 1728 4197 1832 4248; x_wconf 87' lang='grc' dir='ltr'><strong>Βα-</strong></span> 
     </span>
    </p>
   </div>
   <div class='ocr_carea' id='block_1_68' title="bbox 258 4290 1832 4382">
    <p class='ocr_par' dir='ltr' id='par_1_68' title="bbox 258 4290 1832 4382">
     <span class='ocr_line' id='line_1_70' title="bbox 258 4290 1832 4382; baseline -0.02 -11"><span class='ocrx_word' id='word_1_470' title='bbox 258 4319 483 4371; x_wconf 82' lang='grc' dir='ltr'>σιλίσκου</span> <span class='ocrx_word' id='word_1_471' title='bbox 548 4313 651 4382; x_wconf 79' lang='grc' dir='ltr'>τὴν</span> <span class='ocrx_word' id='word_1_472' title='bbox 711 4305 969 4377; x_wconf 84' lang='grc' dir='ltr'>τελευτὴν</span> <span class='ocrx_word' id='word_1_473' title='bbox 1020 4300 1170 4373; x_wconf 83' lang='grc' dir='ltr'>αύτῷ</span> <span class='ocrx_word' id='word_1_474' title='bbox 1217 4294 1693 4368; x_wconf 83' lang='grc' dir='ltr'>προμηνύσαντος,</span> <span class='ocrx_word' id='word_1_475' title='bbox 1738 4290 1832 4342; x_wconf 71' lang='grc' dir='ltr'>καὶ</span> 
     </span>
    </p>
   </div>
   <div class='ocr_carea' id='block_1_69' title="bbox 258 4390 1595 4477">
    <p class='ocr_par' dir='ltr' id='par_1_69' title="bbox 258 4390 1595 4477">
     <span class='ocr_line' id='line_1_71' title="bbox 258 4390 1595 4477; baseline -0.019 -11"><span class='ocrx_word' id='word_1_476' title='bbox 258 4410 507 4466; x_wconf 79' lang='grc' dir='ltr'>θάπτεται</span> <span class='ocrx_word' id='word_1_477' title='bbox 538 4408 600 4460; x_wconf 80' lang='grc' dir='ltr'><strong>ἐν</strong></span> <span class='ocrx_word' id='word_1_478' title='bbox 629 4407 697 4477; x_wconf 80' lang='grc' dir='ltr'>τῇ</span> <span class='ocrx_word' id='word_1_479' title='bbox 726 4404 863 4475; x_wconf 81' lang='grc' dir='ltr'>αὐτῇ</span> <span class='ocrx_word' id='word_1_480' title='bbox 891 4398 982 4454; x_wconf 78' lang='grc' dir='ltr'>τοῦ</span> <span class='ocrx_word' id='word_1_481' title='bbox 1020 4396 1295 4469; x_wconf 85' lang='grc' dir='ltr'>μάρτυρος</span> <span class='ocrx_word' id='word_1_482' title='bbox 1325 4390 1595 4461; x_wconf 75' lang='grc' dir='ltr'>λάρνακι.</span> 
     </span>
    </p>
   </div>
   <div class='ocr_carea' id='block_1_70' title="bbox 319 4561 1832 4662">
    <p class='ocr_par' dir='ltr' id='par_1_70' title="bbox 319 4561 1832 4662">
     <span class='ocr_line' id='line_1_72' title="bbox 319 4561 1832 4662; baseline -0.024 -14"><span class='ocrx_word' id='word_1_483' title='bbox 319 4590 667 4662; x_wconf 75' lang='grc' dir='ltr'>Κατέκριναν</span> <span class='ocrx_word' id='word_1_484' title='bbox 697 4586 751 4638; x_wconf 76' lang='grc' dir='ltr'><strong>δὲ</strong></span> <span class='ocrx_word' id='word_1_485' title='bbox 783 4586 834 4636; x_wconf 79' lang='grc' dir='ltr'>οἱ</span> <span class='ocrx_word' id='word_1_486' title='bbox 886 4579 1014 4651; x_wconf 75' lang='grc' dir='ltr'>περ).</span> <span class='ocrx_word' id='word_1_487' title='bbox 1042 4573 1303 4643; x_wconf 76' lang='grc' dir='ltr'>Θεόφιλον</span> <span class='ocrx_word' id='word_1_488' title='bbox 1334 4569 1428 4622; x_wconf 72' lang='grc' dir='ltr'><strong>καὶ</strong></span> <span class='ocrx_word' id='word_1_489' title='bbox 1470 4561 1832 4637; x_wconf 81' lang='grc' dir='ltr'>Ἡρακλείδην</span> 
     </span>
    </p>
   </div>
   <div class='ocr_carea' id='block_1_71' title="bbox 258 4653 1830 4755">
    <p class='ocr_par' dir='ltr' id='par_1_71' title="bbox 258 4653 1830 4755">
     <span class='ocr_line' id='line_1_73' title="bbox 258 4653 1830 4755; baseline -0.024 -13"><span class='ocrx_word' id='word_1_490' title='bbox 258 4687 340 4740; x_wconf 70' lang='grc' dir='ltr'><strong>τὸν</strong></span> <span class='ocrx_word' id='word_1_491' title='bbox 373 4653 635 4755; x_wconf 70' lang='grc' dir='ltr'>Ἐφέσου,</span> <span class='ocrx_word' id='word_1_492' title='bbox 667 4677 897 4743; x_wconf 82' lang='grc' dir='ltr'>ἀπόντα.</span> <span class='ocrx_word' id='word_1_493' title='bbox 927 4672 1039 4726; x_wconf 77' lang='grc' dir='ltr'><strong>Καὶ</strong></span> <span class='ocrx_word' id='word_1_494' title='bbox 1068 4665 1395 4740; x_wconf 87' lang='grc' dir='ltr'>Σεραπίωνα</span> <span class='ocrx_word' id='word_1_495' title='bbox 1416 4661 1473 4714; x_wconf 82' lang='grc' dir='ltr'><strong>δὲ</strong></span> <span class='ocrx_word' id='word_1_496' title='bbox 1507 4656 1780 4717; x_wconf 87' lang='grc' dir='ltr'>ποικίλαις</span> <span class='ocrx_word' id='word_1_497' title='bbox 1810 4653 1830 4684; x_wconf 78' lang='grc'><strong><em>⁸</em></strong></span> 
     </span>
    </p>
   </div>
   <div class='ocr_carea' id='block_1_72' title="bbox 264 4746 1831 4841">
    <p class='ocr_par' dir='ltr' id='par_1_72' title="bbox 264 4746 1831 4841">
     <span class='ocr_line' id='line_1_74' title="bbox 264 4746 1831 4841; baseline -0.024 -8"><span class='ocrx_word' id='word_1_498' title='bbox 264 4746 615 4838; x_wconf 70' lang='grc' dir='ltr'>ὑποϐαλόντες</span> <span class='ocrx_word' id='word_1_499' title='bbox 662 4767 957 4841; x_wconf 84' lang='grc' dir='ltr'>τιμωρίαις</span> <span class='ocrx_word' id='word_1_500' title='bbox 1015 4763 1111 4816; x_wconf 69' lang='grc' dir='ltr'><strong>καὶ</strong></span> <span class='ocrx_word' id='word_1_501' title='bbox 1159 4757 1261 4826; x_wconf 74' lang='grc' dir='ltr'>τῆς</span> <span class='ocrx_word' id='word_1_502' title='bbox 1308 4752 1616 4818; x_wconf 85' lang='grc' dir='ltr'>ἐπισκοπῆς</span> <span class='ocrx_word' id='word_1_503' title='bbox 1659 4746 1831 4814; x_wconf 84' lang='grc' dir='ltr'>Ἦρα-</span> 
     </span>
    </p>
   </div>
   <div class='ocr_carea' id='block_1_73' title="bbox 265 4839 1833 4940">
    <p class='ocr_par' dir='ltr' id='par_1_73' title="bbox 265 4839 1833 4940">
     <span class='ocr_line' id='line_1_75' title="bbox 265 4839 1833 4940; baseline -0.024 -12"><span class='ocrx_word' id='word_1_504' title='bbox 265 4872 455 4936; x_wconf 84' lang='grc' dir='ltr'>κλείας,</span> <span class='ocrx_word' id='word_1_505' title='bbox 518 4872 576 4923; x_wconf 82' lang='grc' dir='ltr'><strong>ἐν</strong></span> <span class='ocrx_word' id='word_1_506' title='bbox 710 4839 874 4917; x_wconf 74' lang='grc' dir='ltr'>αὑτὸν</span> <span class='ocrx_word' id='word_1_507' title='bbox 900 4856 1040 4930; x_wconf 83' lang='grc' dir='ltr'>μετὰ</span> <span class='ocrx_word' id='word_1_508' title='bbox 1092 4853 1193 4923; x_wconf 84' lang='grc' dir='ltr'>τὴν</span> <span class='ocrx_word' id='word_1_509' title='bbox 1234 4846 1458 4919; x_wconf 80' lang='grc' dir='ltr'>πρώτην</span> <span class='ocrx_word' id='word_1_510' title='bbox 1489 4843 1587 4911; x_wconf 78' lang='grc' dir='ltr'><strong>τῆς</strong></span> <span class='ocrx_word' id='word_1_511' title='bbox 1619 4839 1833 4908; x_wconf 82' lang='grc' dir='ltr'>ἐξορίας</span> 
     </span>
    </p>
   </div>
   <div class='ocr_carea' id='block_1_74' title="bbox 265 4932 1834 5028">
    <p class='ocr_par' dir='ltr' id='par_1_74' title="bbox 265 4932 1834 5028">
     <span class='ocr_line' id='line_1_76' title="bbox 265 4932 1834 5028; baseline -0.027 -7"><span class='ocrx_word' id='word_1_512' title='bbox 265 4932 507 5020; x_wconf 69' lang='grc' dir='ltr'>ἐπάνοόον</span> <span class='ocrx_word' id='word_1_513' title='bbox 541 4932 837 5028; x_wconf 63' lang='grc' dir='ltr'>ἐτύγχανεν</span> <span class='ocrx_word' id='word_1_514' title='bbox 869 4954 897 5005; x_wconf 89' lang='grc' dir='ltr'>ὁ</span> <span class='ocrx_word' id='word_1_515' title='bbox 930 4948 1102 5020; x_wconf 77' lang='grc' dir='ltr'>μέγας</span> <span class='ocrx_word' id='word_1_516' title='bbox 1144 4941 1401 5008; x_wconf 86' lang='grc' dir='ltr'>Ἰωάννης</span> <span class='ocrx_word' id='word_1_517' title='bbox 1426 4932 1834 5006; x_wconf 84' lang='grc' dir='ltr'>χειροτονήσας,</span> 
     </span>
    </p>
   </div>
   <div class='ocr_carea' id='block_1_75' title="bbox 1886 2897 2193 2961">
    <p class='ocr_par' dir='ltr' id='par_1_75' title="bbox 1886 2897 2193 2961">
     <span class='ocr_line' id='line_1_77' title="bbox 1886 2897 2193 2961; baseline -0.029 -7"><span class='ocrx_word' id='word_1_518' title='bbox 1886 2958 1889 2961; x_wconf 50' lang='grc'><strong>,</strong></span> <span class='ocrx_word' id='word_1_519' title='bbox 1920 2897 2193 2952; x_wconf 83' lang='lat' dir='ltr'><strong>Natalitttn</strong></span> 
     </span>
    </p>
   </div>
   <div class='ocr_carea' id='block_1_76' title="bbox 282 3100 1890 3195">
    <p class='ocr_par' dir='ltr' id='par_1_76' title="bbox 282 3100 1890 3195">
     <span class='ocr_line' id='line_1_78' title="bbox 282 3100 1890 3195; baseline -0.02 -16"><span class='ocrx_word' id='word_1_520' title='bbox 282 3124 443 3195; x_wconf 86' lang='grc' dir='ltr'>μὲρας</span> <span class='ocrx_word' id='word_1_521' title='bbox 472 3120 648 3174; x_wconf 77' lang='grc' dir='ltr'>πέντε</span> <span class='ocrx_word' id='word_1_522' title='bbox 682 3112 957 3185; x_wconf 79' lang='grc' dir='ltr'>σχολάζων</span> <span class='ocrx_word' id='word_1_523' title='bbox 986 3110 1081 3161; x_wconf 72' lang='grc' dir='ltr'>καὶ</span> <span class='ocrx_word' id='word_1_524' title='bbox 1138 3105 1303 3176; x_wconf 80' lang='grc' dir='ltr'>μηδὲν</span> <span class='ocrx_word' id='word_1_525' title='bbox 1344 3104 1480 3164; x_wconf 85' lang='grc' dir='ltr'>ὅλως</span> <span class='ocrx_word' id='word_1_526' title='bbox 1528 3100 1822 3169; x_wconf 87' lang='grc' dir='ltr'>ἐκκλησια-</span> <span class='ocrx_word' id='word_1_527' title='bbox 1848 3129 1890 3186; x_wconf 77' lang='lat' dir='ltr'>C</span> 
     </span>
    </p>
   </div>
   <div class='ocr_carea' id='block_1_77' title="bbox 1993 2696 3513 2784">
    <p class='ocr_par' dir='ltr' id='par_1_77' title="bbox 1993 2696 3513 2784">
     <span class='ocr_line' id='line_1_79' title="bbox 1993 2696 3513 2784; baseline -0.011 -18"><span class='ocrx_word' id='word_1_528' title='bbox 1993 2712 2164 2784; x_wconf 87' lang='lat' dir='ltr'><strong>Igitur</strong></span> <span class='ocrx_word' id='word_1_529' title='bbox 2196 2705 2508 2780; x_wconf 84' lang='lat' dir='ltr'><strong>prohibent,</strong></span> <span class='ocrx_word' id='word_1_530' title='bbox 2542 2702 2966 2771; x_wconf 83' lang='lat' dir='ltr'><strong>Chrysostomus</strong></span> <span class='ocrx_word' id='word_1_531' title='bbox 2994 2696 3170 2752; x_wconf 91' lang='lat' dir='ltr'><strong>sacris</strong></span> <span class='ocrx_word' id='word_1_532' title='bbox 3206 2709 3274 2749; x_wconf 91' lang='lat' dir='ltr'><strong>ne</strong></span> <span class='ocrx_word' id='word_1_533' title='bbox 3326 2708 3513 2762; x_wconf 86' lang='lat' dir='ltr'><strong>opere-</strong></span> 
     </span>
    </p>
   </div>
   <div class='ocr_carea' id='block_1_78' title="bbox 1927 2787 3511 2870">
    <p class='ocr_par' dir='ltr' id='par_1_78' title="bbox 1927 2787 3511 2870">
     <span class='ocr_line' id='line_1_80' title="bbox 1927 2787 3511 2870; baseline -0.015 -7"><span class='ocrx_word' id='word_1_534' title='bbox 1927 2818 2035 2870; x_wconf 89' lang='lat' dir='ltr'><strong>tur,</strong></span> <span class='ocrx_word' id='word_1_535' title='bbox 2073 2818 2212 2859; x_wconf 88' lang='lat' dir='ltr'><strong>neve</strong></span> <span class='ocrx_word' id='word_1_536' title='bbox 2247 2798 2470 2854; x_wconf 90' lang='lat' dir='ltr'><strong>omnino</strong></span> <span class='ocrx_word' id='word_1_537' title='bbox 2497 2795 2565 2848; x_wconf 91' lang='lat' dir='ltr'><strong>ad</strong></span> <span class='ocrx_word' id='word_1_538' title='bbox 2609 2793 2899 2848; x_wconf 87' lang='lat' dir='ltr'><strong>ecclesiam</strong></span> <span class='ocrx_word' id='word_1_539' title='bbox 2932 2790 3134 2844; x_wconf 85' lang='lat' dir='ltr'><strong>veniat.</strong></span> <span class='ocrx_word' id='word_1_540' title='bbox 3170 2787 3371 2843; x_wconf 90' lang='lat' dir='ltr'><strong>Christi</strong></span> <span class='ocrx_word' id='word_1_541' title='bbox 3401 2796 3511 2840; x_wconf 81' lang='lat' dir='ltr'><strong>tum</strong></span> 
     </span>
    </p>
   </div>
   <div class='ocr_carea' id='block_1_79' title="bbox 2254 2874 3513 2949">
    <p class='ocr_par' dir='ltr' id='par_1_79' title="bbox 2254 2874 3513 2949">
     <span class='ocr_line' id='line_1_81' title="bbox 2254 2874 3513 2949; baseline -0.014 -5"><span class='ocrx_word' id='word_1_542' title='bbox 2254 2890 2424 2944; x_wconf 90' lang='lat' dir='ltr'><strong>festus</strong></span> <span class='ocrx_word' id='word_1_543' title='bbox 2476 2884 2592 2938; x_wconf 87' lang='lat' dir='ltr'><strong>dies</strong></span> <span class='ocrx_word' id='word_1_544' title='bbox 2656 2881 2894 2934; x_wconf 84' lang='lat' dir='ltr'><strong>instabat</strong></span> <span class='ocrx_word' id='word_1_545' title='bbox 2931 2877 3066 2949; x_wconf 62' lang='lat'><strong>(14),</strong></span> <span class='ocrx_word' id='word_1_546' title='bbox 3113 2875 3421 2945; x_wconf 88' lang='lat' dir='ltr'><strong>mansitque</strong></span> <span class='ocrx_word' id='word_1_547' title='bbox 3447 2874 3513 2926; x_wconf 90' lang='lat' dir='ltr'><strong>ad</strong></span> 
     </span>
    </p>
   </div>
   <div class='ocr_carea' id='block_1_80' title="bbox 1928 2969 3512 3045">
    <p class='ocr_par' dir='ltr' id='par_1_80' title="bbox 1928 2969 3512 3045">
     <span class='ocr_line' id='line_1_82' title="bbox 1928 2969 3512 3045; baseline -0.016 -1"><span class='ocrx_word' id='word_1_548' title='bbox 1928 2989 2128 3045; x_wconf 86' lang='lat' dir='ltr'><strong>festqu</strong></span> <span class='ocrx_word' id='word_1_549' title='bbox 2160 2984 2519 3038; x_wconf 89' lang='lat' dir='ltr'><strong>Pentecostes</strong></span> <span class='ocrx_word' id='word_1_550' title='bbox 2547 2985 2601 3030; x_wconf 88' lang='lat' dir='ltr'><strong>et</strong></span> <span class='ocrx_word' id='word_1_551' title='bbox 2620 2974 2736 3028; x_wconf 90' lang='lat' dir='ltr'><strong>dies</strong></span> <span class='ocrx_word' id='word_1_552' title='bbox 2758 2974 2981 3040; x_wconf 89' lang='lat' dir='ltr'><strong>insuper</strong></span> <span class='ocrx_word' id='word_1_553' title='bbox 2998 2969 3238 3038; x_wconf 89' lang='lat' dir='ltr'><strong>quinque</strong></span> <span class='ocrx_word' id='word_1_554' title='bbox 3264 2980 3512 3027; x_wconf 88' lang='lat' dir='ltr'><strong>cessans,</strong></span> 
     </span>
    </p>
   </div>
   <div class='ocr_carea' id='block_1_81' title="bbox 1929 3060 3511 3138">
    <p class='ocr_par' dir='ltr' id='par_1_81' title="bbox 1929 3060 3511 3138">
     <span class='ocr_line' id='line_1_83' title="bbox 1929 3060 3511 3138; baseline -0.017 0"><span class='ocrx_word' id='word_1_555' title='bbox 1929 3095 1983 3138; x_wconf 89' lang='lat' dir='ltr'><strong>ct</strong></span> <span class='ocrx_word' id='word_1_556' title='bbox 2015 3082 2083 3137; x_wconf 88' lang='lat' dir='ltr'><strong>ab</strong></span> <span class='ocrx_word' id='word_1_557' title='bbox 2111 3078 2257 3134; x_wconf 90' lang='lat' dir='ltr'><strong>omni</strong></span> <span class='ocrx_word' id='word_1_558' title='bbox 2283 3071 2665 3130; x_wconf 90' lang='lat' dir='ltr'><strong>ecclesiastico</strong></span> <span class='ocrx_word' id='word_1_559' title='bbox 2693 3066 2978 3122; x_wconf 88' lang='lat' dir='ltr'><strong>abstinens</strong></span> <span class='ocrx_word' id='word_1_560' title='bbox 2992 3061 3189 3118; x_wconf 81' lang='lat' dir='ltr'><strong>oﬂicio.</strong></span> <span class='ocrx_word' id='word_1_561' title='bbox 3208 3060 3345 3115; x_wconf 88' lang='lat' dir='ltr'><strong>Tum</strong></span> <span class='ocrx_word' id='word_1_562' title='bbox 3369 3061 3511 3113; x_wconf 89' lang='lat' dir='ltr'><strong>enim</strong></span> 
     </span>
    </p>
   </div>
   <div class='ocr_carea' id='block_1_82' title="bbox 1924 3156 3516 3235">
    <p class='ocr_par' dir='ltr' id='par_1_82' title="bbox 1924 3156 3516 3235">
     <span class='ocr_line' id='line_1_84' title="bbox 1924 3156 3516 3235; baseline -0.014 -6"><span class='ocrx_word' id='word_1_563' title='bbox 1924 3175 2147 3229; x_wconf 88' lang='lat' dir='ltr'><strong>omnino</strong></span> <span class='ocrx_word' id='word_1_564' title='bbox 2178 3180 2232 3226; x_wconf 87' lang='lat' dir='ltr'><strong>et</strong></span> <span class='ocrx_word' id='word_1_565' title='bbox 2259 3167 2496 3224; x_wconf 80' lang='lat' dir='ltr'><strong>ecclesia</strong></span> <span class='ocrx_word' id='word_1_566' title='bbox 2520 3163 2712 3235; x_wconf 91' lang='lat' dir='ltr'><strong>pulsus</strong></span> <span class='ocrx_word' id='word_1_567' title='bbox 2753 3169 2809 3216; x_wconf 89' lang='lat' dir='ltr'><strong>et</strong></span> <span class='ocrx_word' id='word_1_568' title='bbox 2857 3157 3012 3222; x_wconf 91' lang='lat' dir='ltr'><strong>urbe,</strong></span> <span class='ocrx_word' id='word_1_569' title='bbox 3053 3156 3325 3211; x_wconf 89' lang='lat' dir='ltr'><strong>Cucusum</strong></span> <span class='ocrx_word' id='word_1_570' title='bbox 3356 3170 3516 3208; x_wconf 80' lang='lat' dir='ltr'><strong>exsu-</strong></span> 
     </span>
    </p>
   </div>
   <div class='ocr_carea' id='block_1_83' title="bbox 1920 3246 3517 3323">
    <p class='ocr_par' dir='ltr' id='par_1_83' title="bbox 1920 3246 3517 3323">
     <span class='ocr_line' id='line_1_85' title="bbox 1920 3246 3517 3323; baseline -0.013 -3"><span class='ocrx_word' id='word_1_571' title='bbox 1920 3267 2090 3321; x_wconf 90' lang='lat' dir='ltr'><strong>latum</strong></span> <span class='ocrx_word' id='word_1_572' title='bbox 2138 3265 2338 3317; x_wconf 83' lang='lat' dir='ltr'><strong>missus</strong></span> <span class='ocrx_word' id='word_1_573' title='bbox 2393 3268 2497 3315; x_wconf 88' lang='lat' dir='ltr'><strong>est.</strong></span> <span class='ocrx_word' id='word_1_574' title='bbox 2574 3255 2691 3323; x_wconf 88' lang='lat' dir='ltr'><strong>Quo</strong></span> <span class='ocrx_word' id='word_1_575' title='bbox 2775 3251 2905 3306; x_wconf 88' lang='lat' dir='ltr'><strong>item</strong></span> <span class='ocrx_word' id='word_1_576' title='bbox 2983 3260 3228 3317; x_wconf 89' lang='lat' dir='ltr'><strong>tempore</strong></span> <span class='ocrx_word' id='word_1_577' title='bbox 3275 3257 3329 3301; x_wconf 92' lang='lat' dir='ltr'><strong>et</strong></span> <span class='ocrx_word' id='word_1_578' title='bbox 3378 3246 3517 3315; x_wconf 86' lang='lat' dir='ltr'><strong>ignis</strong></span> 
     </span>
    </p>
   </div>
   <div class='ocr_carea' id='block_1_84' title="bbox 1926 3337 3516 3425">
    <p class='ocr_par' dir='ltr' id='par_1_84' title="bbox 1926 3337 3516 3425">
     <span class='ocr_line' id='line_1_86' title="bbox 1926 3337 3516 3425; baseline -0.014 -14"><span class='ocrx_word' id='word_1_579' title='bbox 1926 3356 2107 3425; x_wconf 86' lang='lat' dir='ltr'><strong>templi</strong></span> <span class='ocrx_word' id='word_1_580' title='bbox 2144 3355 2376 3424; x_wconf 88' lang='lat' dir='ltr'><strong>primum</strong></span> <span class='ocrx_word' id='word_1_581' title='bbox 2432 3357 2749 3419; x_wconf 76' lang='lat' dir='ltr'><strong>suggestum</strong></span> <span class='ocrx_word' id='word_1_582' title='bbox 2810 3342 3110 3411; x_wconf 84' lang='lat' dir='ltr'><strong>corripiens</strong></span> <span class='ocrx_word' id='word_1_583' title='bbox 3152 3338 3289 3409; x_wconf 77' lang='lat' dir='ltr'><strong>(l5),</strong></span> <span class='ocrx_word' id='word_1_584' title='bbox 3348 3337 3516 3391; x_wconf 89' lang='lat' dir='ltr'><strong>multa</strong></span> 
     </span>
    </p>
   </div>
   <div class='ocr_carea' id='block_1_85' title="bbox 1924 3430 3520 3518">
    <p class='ocr_par' dir='ltr' id='par_1_85' title="bbox 1924 3430 3520 3518">
     <span class='ocr_line' id='line_1_87' title="bbox 1924 3430 3520 3518; baseline -0.011 -16"><span class='ocrx_word' id='word_1_585' title='bbox 1924 3463 2143 3518; x_wconf 82' lang='lat' dir='ltr'><strong>quoque</strong></span> <span class='ocrx_word' id='word_1_586' title='bbox 2210 3442 2568 3500; x_wconf 87' lang='lat' dir='ltr'><strong>circumcirca</strong></span> <span class='ocrx_word' id='word_1_587' title='bbox 2610 3438 2850 3493; x_wconf 79' lang='lat' dir='ltr'><strong>flammis</strong></span> <span class='ocrx_word' id='word_1_588' title='bbox 2896 3435 3217 3502; x_wconf 89' lang='lat' dir='ltr'><strong>absumpsit.</strong></span> <span class='ocrx_word' id='word_1_589' title='bbox 3264 3430 3520 3499; x_wconf 82' lang='lat' dir='ltr'><strong>Plerique</strong></span> 
     </span>
    </p>
   </div>
   <div class='ocr_carea' id='block_1_86' title="bbox 1929 3523 3516 3594">
    <p class='ocr_par' dir='ltr' id='par_1_86' title="bbox 1929 3523 3516 3594">
     <span class='ocr_line' id='line_1_88' title="bbox 1929 3523 3516 3594; baseline -0.013 -3"><span class='ocrx_word' id='word_1_590' title='bbox 1929 3539 2100 3592; x_wconf 86' lang='lat' dir='ltr'><strong>etiam</strong></span> <span class='ocrx_word' id='word_1_591' title='bbox 2130 3535 2476 3588; x_wconf 88' lang='lat' dir='ltr'><strong>inimicorum</strong></span> <span class='ocrx_word' id='word_1_592' title='bbox 2507 3528 2733 3584; x_wconf 79' lang='lat' dir='ltr'><strong>Joannis</strong></span> <span class='ocrx_word' id='word_1_593' title='bbox 2770 3524 3016 3594; x_wconf 80' lang='lat' dir='ltr'><strong>exempla</strong></span> <span class='ocrx_word' id='word_1_594' title='bbox 3060 3523 3354 3585; x_wconf 85' lang='lat' dir='ltr'><strong>dederunt,</strong></span> <span class='ocrx_word' id='word_1_595' title='bbox 3390 3535 3516 3591; x_wconf 89' lang='lat' dir='ltr'><strong>par-</strong></span> 
     </span>
    </p>
   </div>
   <div class='ocr_carea' id='block_1_87' title="bbox 1906 3613 3518 3693">
    <p class='ocr_par' dir='ltr' id='par_1_87' title="bbox 1906 3613 3518 3693">
     <span class='ocr_line' id='line_1_89' title="bbox 1906 3613 3518 3693; baseline -0.009 -11"><span class='ocrx_word' id='word_1_596' title='bbox 1906 3629 2022 3693; x_wconf 82' lang='lat' dir='ltr'><strong>tim</strong></span> <span class='ocrx_word' id='word_1_597' title='bbox 2048 3626 2205 3682; x_wconf 66' lang='lat' dir='ltr'><strong>foedis</strong></span> <span class='ocrx_word' id='word_1_598' title='bbox 2228 3624 2449 3686; x_wconf 89' lang='lat' dir='ltr'><strong>morbis,</strong></span> <span class='ocrx_word' id='word_1_599' title='bbox 2468 3622 2666 3691; x_wconf 88' lang='lat' dir='ltr'><strong>partim</strong></span> <span class='ocrx_word' id='word_1_600' title='bbox 2691 3619 2952 3673; x_wconf 88' lang='lat' dir='ltr'><strong>divinitus</strong></span> <span class='ocrx_word' id='word_1_601' title='bbox 2971 3616 3211 3670; x_wconf 88' lang='lat' dir='ltr'><strong>immissa</strong></span> <span class='ocrx_word' id='word_1_602' title='bbox 3234 3613 3387 3667; x_wconf 87' lang='lat' dir='ltr'><strong>clade</strong></span> <span class='ocrx_word' id='word_1_603' title='bbox 3408 3615 3518 3667; x_wconf 88' lang='lat' dir='ltr'><strong>vita</strong></span> 
     </span>
    </p>
   </div>
   <div class='ocr_carea' id='block_1_88' title="bbox 1926 3704 3520 3789">
    <p class='ocr_par' dir='ltr' id='par_1_88' title="bbox 1926 3704 3520 3789">
     <span class='ocr_line' id='line_1_90' title="bbox 1926 3704 3520 3789; baseline -0.01 -14"><span class='ocrx_word' id='word_1_604' title='bbox 1926 3720 2072 3775; x_wconf 84' lang='lat' dir='ltr'><strong>exuti</strong></span> <span class='ocrx_word' id='word_1_605' title='bbox 2103 3718 2237 3789; x_wconf 82' lang='grc'>(16).</span> <span class='ocrx_word' id='word_1_606' title='bbox 2272 3717 2548 3771; x_wconf 86' lang='lat' dir='ltr'><strong>Cucusum</strong></span> <span class='ocrx_word' id='word_1_607' title='bbox 2606 3713 2716 3784; x_wconf 86' lang='lat' dir='ltr'><strong>(l7)</strong></span> <span class='ocrx_word' id='word_1_608' title='bbox 2774 3726 2903 3780; x_wconf 81' lang='lat' dir='ltr'><strong>ergo</strong></span> <span class='ocrx_word' id='word_1_609' title='bbox 2932 3711 3250 3778; x_wconf 89' lang='lat' dir='ltr'><strong>deportatus</strong></span> <span class='ocrx_word' id='word_1_610' title='bbox 3282 3704 3520 3759; x_wconf 85' lang='lat' dir='ltr'><strong>Joannes</strong></span> 
     </span>
    </p>
   </div>
   <div class='ocr_carea' id='block_1_89' title="bbox 1930 3799 3519 3884">
    <p class='ocr_par' dir='ltr' id='par_1_89' title="bbox 1930 3799 3519 3884">
     <span class='ocr_line' id='line_1_91' title="bbox 1930 3799 3519 3884; baseline -0.009 -17"><span class='ocrx_word' id='word_1_611' title='bbox 1930 3814 2010 3884; x_wconf 86' lang='lat' dir='ltr'><strong>(ut</strong></span> <span class='ocrx_word' id='word_1_612' title='bbox 2034 3814 2123 3868; x_wconf 91' lang='lat' dir='ltr'><strong>hic</strong></span> <span class='ocrx_word' id='word_1_613' title='bbox 2170 3811 2391 3882; x_wconf 90' lang='lat' dir='ltr'><strong>quidem</strong></span> <span class='ocrx_word' id='word_1_614' title='bbox 2430 3806 2676 3878; x_wconf 89' lang='lat' dir='ltr'><strong>perhibet</strong></span> <span class='ocrx_word' id='word_1_615' title='bbox 2711 3805 2965 3873; x_wconf 85' lang='lat' dir='ltr'><strong>scriptor)</strong></span> <span class='ocrx_word' id='word_1_616' title='bbox 3008 3813 3062 3856; x_wconf 90' lang='lat' dir='ltr'><strong>et</strong></span> <span class='ocrx_word' id='word_1_617' title='bbox 3096 3801 3277 3855; x_wconf 91' lang='lat' dir='ltr'><strong>docuit</strong></span> <span class='ocrx_word' id='word_1_618' title='bbox 3307 3799 3377 3853; x_wconf 91' lang='lat' dir='ltr'><strong>ibi</strong></span> <span class='ocrx_word' id='word_1_619' title='bbox 3420 3813 3519 3867; x_wconf 91' lang='lat' dir='ltr'><strong>pro</strong></span> 
     </span>
    </p>
   </div>
   <div class='ocr_carea' id='block_1_90' title="bbox 1930 3891 3521 3971">
    <p class='ocr_par' dir='ltr' id='par_1_90' title="bbox 1930 3891 3521 3971">
     <span class='ocr_line' id='line_1_92' title="bbox 1930 3891 3521 3971; baseline -0.012 -8"><span class='ocrx_word' id='word_1_620' title='bbox 1930 3908 2217 3971; x_wconf 89' lang='lat' dir='ltr'><strong>concione,</strong></span> <span class='ocrx_word' id='word_1_621' title='bbox 2246 3914 2301 3958; x_wconf 89' lang='lat' dir='ltr'><strong>et</strong></span> <span class='ocrx_word' id='word_1_622' title='bbox 2330 3901 2607 3956; x_wconf 89' lang='lat' dir='ltr'><strong>ordinavit</strong></span> <span class='ocrx_word' id='word_1_623' title='bbox 2652 3897 2854 3951; x_wconf 87' lang='lat' dir='ltr'><strong>multos</strong></span> <span class='ocrx_word' id='word_1_624' title='bbox 2902 3895 3210 3965; x_wconf 87' lang='lat' dir='ltr'><strong>episcopos,</strong></span> <span class='ocrx_word' id='word_1_625' title='bbox 3241 3907 3302 3946; x_wconf 91' lang='lat' dir='ltr'><strong>ac</strong></span> <span class='ocrx_word' id='word_1_626' title='bbox 3336 3891 3521 3961; x_wconf 68' lang='lat' dir='ltr'><strong>plures</strong></span> 
     </span>
    </p>
   </div>
   <div class='ocr_carea' id='block_1_91' title="bbox 1929 3985 3522 4062">
    <p class='ocr_par' dir='ltr' id='par_1_91' title="bbox 1929 3985 3522 4062">
     <span class='ocr_line' id='line_1_93' title="bbox 1929 3985 3522 4062; baseline -0.014 -5"><span class='ocrx_word' id='word_1_627' title='bbox 1929 4004 2093 4057; x_wconf 88' lang='lat' dir='ltr'><strong>etiam</strong></span> <span class='ocrx_word' id='word_1_628' title='bbox 2125 3998 2464 4061; x_wconf 87' lang='lat' dir='ltr'><strong>sacerdotes,</strong></span> <span class='ocrx_word' id='word_1_629' title='bbox 2495 4004 2656 4062; x_wconf 90' lang='lat' dir='ltr'><strong>atque</strong></span> <span class='ocrx_word' id='word_1_630' title='bbox 2682 3992 2960 4045; x_wconf 88' lang='lat' dir='ltr'><strong>diaconos.</strong></span> <span class='ocrx_word' id='word_1_631' title='bbox 2998 3986 3159 4041; x_wconf 82' lang='lat' dir='ltr'><strong>Multa</strong></span> <span class='ocrx_word' id='word_1_632' title='bbox 3191 3987 3319 4040; x_wconf 90' lang='lat' dir='ltr'><strong>item</strong></span> <span class='ocrx_word' id='word_1_633' title='bbox 3352 3985 3522 4039; x_wconf 85' lang='lat' dir='ltr'><strong>mira-</strong></span> 
     </span>
    </p>
   </div>
   <div class='ocr_carea' id='block_1_92' title="bbox 1931 4079 3516 4149">
    <p class='ocr_par' dir='ltr' id='par_1_92' title="bbox 1931 4079 3516 4149">
     <span class='ocr_line' id='line_1_94' title="bbox 1931 4079 3516 4149; baseline -0.011 -1"><span class='ocrx_word' id='word_1_634' title='bbox 1931 4094 2049 4149; x_wconf 86' lang='lat' dir='ltr'><strong>cula</strong></span> <span class='ocrx_word' id='word_1_635' title='bbox 2084 4093 2134 4146; x_wconf 93' lang='lat' dir='ltr'><strong>in</strong></span> <span class='ocrx_word' id='word_1_636' title='bbox 2164 4106 2228 4146; x_wconf 90' lang='lat' dir='ltr'><strong>eo</strong></span> <span class='ocrx_word' id='word_1_637' title='bbox 2262 4089 2459 4144; x_wconf 75' lang='lat' dir='ltr'><strong>exsilio</strong></span> <span class='ocrx_word' id='word_1_638' title='bbox 2492 4102 2614 4140; x_wconf 87' lang='lat' dir='ltr'><strong>cum</strong></span> <span class='ocrx_word' id='word_1_639' title='bbox 2665 4084 2843 4147; x_wconf 88' lang='lat' dir='ltr'><strong>vivus,</strong></span> <span class='ocrx_word' id='word_1_640' title='bbox 2874 4094 2985 4135; x_wconf 89' lang='lat' dir='ltr'><strong>tum</strong></span> <span class='ocrx_word' id='word_1_641' title='bbox 3043 4090 3292 4134; x_wconf 90' lang='lat' dir='ltr'><strong>mortuus</strong></span> <span class='ocrx_word' id='word_1_642' title='bbox 3325 4079 3516 4133; x_wconf 89' lang='lat' dir='ltr'><strong>edidit.</strong></span> 
     </span>
    </p>
   </div>
   <div class='ocr_carea' id='block_1_93' title="bbox 1932 4172 3524 4246">
    <p class='ocr_par' dir='ltr' id='par_1_93' title="bbox 1932 4172 3524 4246">
     <span class='ocr_line' id='line_1_95' title="bbox 1932 4172 3524 4246; baseline -0.015 -1"><span class='ocrx_word' id='word_1_643' title='bbox 1932 4188 2227 4244; x_wconf 83' lang='lat' dir='ltr'><strong>Obiitvero</strong></span> <span class='ocrx_word' id='word_1_644' title='bbox 2267 4197 2374 4236; x_wconf 92' lang='lat' dir='ltr'><strong>non</strong></span> <span class='ocrx_word' id='word_1_645' title='bbox 2412 4179 2581 4234; x_wconf 92' lang='lat' dir='ltr'><strong>multo</strong></span> <span class='ocrx_word' id='word_1_646' title='bbox 2615 4186 2736 4246; x_wconf 86' lang='lat' dir='ltr'><strong>post</strong></span> <span class='ocrx_word' id='word_1_647' title='bbox 2779 4173 2915 4245; x_wconf 80' lang='grc'>(18),</span> <span class='ocrx_word' id='word_1_648' title='bbox 2953 4188 3073 4228; x_wconf 91' lang='lat' dir='ltr'><strong>cum</strong></span> <span class='ocrx_word' id='word_1_649' title='bbox 3105 4172 3391 4242; x_wconf 88' lang='lat' dir='ltr'><strong>episcopus</strong></span> <span class='ocrx_word' id='word_1_650' title='bbox 3427 4172 3524 4225; x_wconf 90' lang='lat' dir='ltr'><strong>Co-</strong></span> 
     </span>
    </p>
   </div>
   <div class='ocr_carea' id='block_1_94' title="bbox 1933 4261 3519 4344">
    <p class='ocr_par' dir='ltr' id='par_1_94' title="bbox 1933 4261 3519 4344">
     <span class='ocr_line' id='line_1_96' title="bbox 1933 4261 3519 4344; baseline -0.013 -10"><span class='ocrx_word' id='word_1_651' title='bbox 1933 4290 2218 4333; x_wconf 87' lang='lat' dir='ltr'><strong>manorum</strong></span> <span class='ocrx_word' id='word_1_652' title='bbox 2244 4272 2355 4344; x_wconf 79' lang='grc'>(19)</span> <span class='ocrx_word' id='word_1_653' title='bbox 2386 4270 2708 4330; x_wconf 87' lang='lat' dir='ltr'><strong>Basiliscus,</strong></span> <span class='ocrx_word' id='word_1_654' title='bbox 2741 4267 2993 4333; x_wconf 84' lang='lat' dir='ltr'><strong>idemque</strong></span> <span class='ocrx_word' id='word_1_655' title='bbox 3032 4273 3263 4333; x_wconf 85' lang='lat' dir='ltr'><strong>martyr,</strong></span> <span class='ocrx_word' id='word_1_656' title='bbox 3291 4262 3449 4314; x_wconf 83' lang='lat' dir='ltr'><strong>linem</strong></span> <span class='ocrx_word' id='word_1_657' title='bbox 3471 4261 3519 4313; x_wconf 83' lang='lat' dir='ltr'><strong>ei</strong></span> 
     </span>
    </p>
   </div>
   <div class='ocr_carea' id='block_1_95' title="bbox 1935 4356 3523 4435">
    <p class='ocr_par' dir='ltr' id='par_1_95' title="bbox 1935 4356 3523 4435">
     <span class='ocr_line' id='line_1_97' title="bbox 1935 4356 3523 4435; baseline -0.014 -7"><span class='ocrx_word' id='word_1_658' title='bbox 1935 4372 2231 4428; x_wconf 87' lang='lat' dir='ltr'><strong>secundum</strong></span> <span class='ocrx_word' id='word_1_659' title='bbox 2298 4365 2539 4435; x_wconf 88' lang='lat' dir='ltr'><strong>quietem</strong></span> <span class='ocrx_word' id='word_1_660' title='bbox 2599 4359 2977 4429; x_wconf 72' lang='lat' dir='ltr'><strong>pra&#39;dixisset:</strong></span> <span class='ocrx_word' id='word_1_661' title='bbox 3022 4356 3388 4424; x_wconf 85' lang='lat' dir='ltr'><strong>conditusque</strong></span> <span class='ocrx_word' id='word_1_662' title='bbox 3440 4361 3523 4407; x_wconf 86' lang='lat' dir='ltr'><strong>est</strong></span> 
     </span>
    </p>
   </div>
   <div class='ocr_carea' id='block_1_96' title="bbox 1862 4455 2817 4532">
    <p class='ocr_par' dir='ltr' id='par_1_96' title="bbox 1862 4455 2817 4532">
     <span class='ocr_line' id='line_1_98' title="bbox 1862 4455 2817 4532; baseline -0.016 -8"><span class='ocrx_word' id='word_1_663' title='bbox 1862 4470 1908 4528; x_wconf 88' lang='lat' dir='ltr'><strong>D</strong></span> <span class='ocrx_word' id='word_1_664' title='bbox 1939 4468 1991 4523; x_wconf 89' lang='lat' dir='ltr'><strong>in</strong></span> <span class='ocrx_word' id='word_1_665' title='bbox 2027 4464 2269 4532; x_wconf 73' lang='lat' dir='ltr'><strong>ejusdem</strong></span> <span class='ocrx_word' id='word_1_666' title='bbox 2298 4458 2559 4528; x_wconf 82' lang='lat' dir='ltr'><strong>martyris</strong></span> <span class='ocrx_word' id='word_1_667' title='bbox 2588 4455 2817 4509; x_wconf 86' lang='lat' dir='ltr'><strong>tumulo.</strong></span> 
     </span>
    </p>
   </div>
   <div class='ocr_carea' id='block_1_97' title="bbox 2010 4538 3523 4624">
    <p class='ocr_par' dir='ltr' id='par_1_97' title="bbox 2010 4538 3523 4624">
     <span class='ocr_line' id='line_1_99' title="bbox 2010 4538 3523 4624; baseline -0.014 -13"><span class='ocrx_word' id='word_1_668' title='bbox 2010 4553 2343 4624; x_wconf 83' lang='lat' dir='ltr'><strong>TheOphilus</strong></span> <span class='ocrx_word' id='word_1_669' title='bbox 2367 4562 2543 4605; x_wconf 87' lang='lat' dir='ltr'><strong>autem</strong></span> <span class='ocrx_word' id='word_1_670' title='bbox 2579 4565 2700 4604; x_wconf 89' lang='lat' dir='ltr'><strong>cum</strong></span> <span class='ocrx_word' id='word_1_671' title='bbox 2732 4546 2847 4600; x_wconf 91' lang='lat' dir='ltr'><strong>suis</strong></span> <span class='ocrx_word' id='word_1_672' title='bbox 2877 4543 3316 4599; x_wconf 90' lang='lat' dir='ltr'><strong>condemnarunt</strong></span> <span class='ocrx_word' id='word_1_673' title='bbox 3352 4538 3523 4593; x_wconf 82' lang='lat' dir='ltr'><strong>Hera-</strong></span> 
     </span>
    </p>
   </div>
   <div class='ocr_carea' id='block_1_98' title="bbox 1937 4631 3523 4719">
    <p class='ocr_par' dir='ltr' id='par_1_98' title="bbox 1937 4631 3523 4719">
     <span class='ocr_line' id='line_1_100' title="bbox 1937 4631 3523 4719; baseline -0.015 -12"><span class='ocrx_word' id='word_1_674' title='bbox 1937 4653 2132 4708; x_wconf 88' lang='lat' dir='ltr'><strong>clidem</strong></span> <span class='ocrx_word' id='word_1_675' title='bbox 2175 4647 2323 4719; x_wconf 80' lang='lat' dir='ltr'><strong>83b</strong></span> <span class='ocrx_word' id='word_1_676' title='bbox 2363 4644 2562 4715; x_wconf 83' lang='lat' dir='ltr'><strong>Ephesi</strong></span> <span class='ocrx_word' id='word_1_677' title='bbox 2610 4644 2921 4712; x_wconf 87' lang='lat' dir='ltr'><strong>episcopum</strong></span> <span class='ocrx_word' id='word_1_678' title='bbox 2956 4638 3258 4697; x_wconf 86' lang='lat' dir='ltr'><strong>absentem,</strong></span> <span class='ocrx_word' id='word_1_679' title='bbox 3322 4631 3523 4703; x_wconf 36' lang='lat' dir='ltr'><strong>et/Se-</strong></span> 
     </span>
    </p>
   </div>
   <div class='ocr_carea' id='block_1_99' title="bbox 1939 4725 3522 4812">
    <p class='ocr_par' dir='ltr' id='par_1_99' title="bbox 1939 4725 3522 4812">
     <span class='ocr_line' id='line_1_101' title="bbox 1939 4725 3522 4812; baseline -0.013 -15"><span class='ocrx_word' id='word_1_680' title='bbox 1939 4744 2242 4812; x_wconf 89' lang='lat' dir='ltr'><strong>rapiouem,</strong></span> <span class='ocrx_word' id='word_1_681' title='bbox 2266 4736 2431 4790; x_wconf 86' lang='lat' dir='ltr'><strong>multa</strong></span> <span class='ocrx_word' id='word_1_682' title='bbox 2461 4734 2713 4789; x_wconf 81' lang='lat' dir='ltr'><strong>affectum</strong></span> <span class='ocrx_word' id='word_1_683' title='bbox 2752 4732 2977 4799; x_wconf 88' lang='lat' dir='ltr'><strong>injuria,</strong></span> <span class='ocrx_word' id='word_1_684' title='bbox 3004 4727 3278 4782; x_wconf 73' lang='lat' dir='ltr'><strong>Heracleae</strong></span> <span class='ocrx_word' id='word_1_685' title='bbox 3309 4725 3522 4795; x_wconf 83' lang='lat' dir='ltr'><strong>episco-</strong></span> 
     </span>
    </p>
   </div>
   <div class='ocr_carea' id='block_1_100' title="bbox 1942 4818 3525 4907">
    <p class='ocr_par' dir='ltr' id='par_1_100' title="bbox 1942 4818 3525 4907">
     <span class='ocr_line' id='line_1_102' title="bbox 1942 4818 3525 4907; baseline -0.013 -18"><span class='ocrx_word' id='word_1_686' title='bbox 1942 4847 2090 4907; x_wconf 87' lang='lat' dir='ltr'><strong>patu,</strong></span> <span class='ocrx_word' id='word_1_687' title='bbox 2149 4835 2199 4884; x_wconf 91' lang='lat' dir='ltr'><strong>in</strong></span> <span class='ocrx_word' id='word_1_688' title='bbox 2259 4846 2367 4900; x_wconf 87' lang='lat' dir='ltr'><strong>quo</strong></span> <span class='ocrx_word' id='word_1_689' title='bbox 2404 4830 2576 4896; x_wconf 88' lang='lat' dir='ltr'><strong>ipsum</strong></span> <span class='ocrx_word' id='word_1_690' title='bbox 2631 4841 2857 4895; x_wconf 85' lang='lat' dir='ltr'><strong>magnus</strong></span> <span class='ocrx_word' id='word_1_691' title='bbox 2895 4821 3135 4877; x_wconf 88' lang='lat' dir='ltr'><strong>Joannes</strong></span> <span class='ocrx_word' id='word_1_692' title='bbox 3199 4827 3318 4887; x_wconf 88' lang='lat' dir='ltr'><strong>post</strong></span> <span class='ocrx_word' id='word_1_693' title='bbox 3371 4818 3525 4889; x_wconf 88' lang='lat' dir='ltr'><strong>prius</strong></span> 
     </span>
    </p>
   </div>
   <div class='ocr_carea' id='block_1_101' title="bbox 1946 4909 3526 4986">
    <p class='ocr_par' dir='ltr' id='par_1_101' title="bbox 1946 4909 3526 4986">
     <span class='ocr_line' id='line_1_103' title="bbox 1946 4909 3526 4986; baseline -0.014 -2"><span class='ocrx_word' id='word_1_694' title='bbox 1946 4928 2197 4985; x_wconf 82' lang='lat' dir='ltr'><strong>exsilium</strong></span> <span class='ocrx_word' id='word_1_695' title='bbox 2226 4936 2475 4978; x_wconf 88' lang='lat' dir='ltr'><strong>reversus</strong></span> <span class='ocrx_word' id='word_1_696' title='bbox 2492 4919 2786 4983; x_wconf 89' lang='lat' dir='ltr'><strong>ordinarat,</strong></span> <span class='ocrx_word' id='word_1_697' title='bbox 2818 4915 3064 4986; x_wconf 75' lang='lat' dir='ltr'><strong>ejiciunt.</strong></span> <span class='ocrx_word' id='word_1_698' title='bbox 3104 4910 3406 4968; x_wconf 67' lang='lat' dir='ltr'><strong>Heraclida:</strong></span> <span class='ocrx_word' id='word_1_699' title='bbox 3430 4909 3526 4964; x_wconf 84' lang='lat' dir='ltr'><strong>de-</strong></span> 
     </span>
    </p>
   </div>
   <div class='ocr_carea' id='block_1_102' title="bbox 1519 5064 2197 5126">
    <p class='ocr_par' dir='ltr' id='par_1_102' title="bbox 1519 5064 2197 5126">
     <span class='ocr_line' id='line_1_104' title="bbox 1519 5064 2197 5126; baseline -0.013 0"><span class='ocrx_word' id='word_1_700' title='bbox 1519 5069 1758 5126; x_wconf 74' lang='lat' dir='ltr'><strong>VARle</strong></span> <span class='ocrx_word' id='word_1_701' title='bbox 1788 5064 2197 5124; x_wconf 77' lang='lat' dir='ltr'><strong>LECTIONES.</strong></span> 
     </span>
    </p>
   </div>
   <div class='ocr_carea' id='block_1_103' title="bbox 327 5171 3422 5285">
    <p class='ocr_par' dir='ltr' id='par_1_103' title="bbox 327 5171 3422 5285">
     <span class='ocr_line' id='line_1_105' title="bbox 327 5171 3422 5285; baseline -0.004 -36"><span class='ocrx_word' id='word_1_702' title='bbox 327 5218 349 5249; x_wconf 75' lang='grc' dir='ltr'><strong>ι</strong></span> <span class='ocrx_word' id='word_1_703' title='bbox 378 5216 584 5285; x_wconf 72' lang='grc' dir='ltr'>πολλῆς</span> <span class='ocrx_word' id='word_1_704' title='bbox 611 5213 736 5267; x_wconf 64' lang='lat' dir='ltr'><strong>add,</strong></span> <span class='ocrx_word' id='word_1_705' title='bbox 778 5210 845 5264; x_wconf 82' lang='lat' dir='ltr'><strong>A,</strong></span> <span class='ocrx_word' id='word_1_706' title='bbox 924 5208 945 5240; x_wconf 80' lang='grc'><strong><em>⁸</em></strong></span> <span class='ocrx_word' id='word_1_707' title='bbox 970 5204 1180 5276; x_wconf 76' lang='grc' dir='ltr'>ἐρμαίᾳ</span> <span class='ocrx_word' id='word_1_708' title='bbox 1211 5216 1270 5264; x_wconf 78' lang='grc' dir='ltr'><strong>ς.</strong></span> <span class='ocrx_word' id='word_1_709' title='bbox 1322 5187 1368 5227; x_wconf 58' lang='grc'><strong>’⁸</strong></span> <span class='ocrx_word' id='word_1_710' title='bbox 1390 5191 1643 5254; x_wconf 79' lang='grc' dir='ltr'>δεδοικὼς</span> <span class='ocrx_word' id='word_1_711' title='bbox 1674 5209 1735 5255; x_wconf 82' lang='grc' dir='ltr'><strong>ς.</strong></span> <span class='ocrx_word' id='word_1_712' title='bbox 1811 5190 1831 5221; x_wconf 78' lang='grc'>³</span> <span class='ocrx_word' id='word_1_713' title='bbox 1866 5188 1958 5241; x_wconf 72' lang='grc' dir='ltr'>τὸν</span> <span class='ocrx_word' id='word_1_714' title='bbox 1983 5218 2052 5227; x_wconf 90' lang='lat'><strong>——-</strong></span> <span class='ocrx_word' id='word_1_715' title='bbox 2082 5185 2446 5252; x_wconf 74' lang='grc' dir='ltr'>ἐκδικήσαντα</span> <span class='ocrx_word' id='word_1_716' title='bbox 2482 5180 2542 5233; x_wconf 78' lang='grc' dir='ltr'>Α.</span> <span class='ocrx_word' id='word_1_717' title='bbox 2622 5177 2643 5208; x_wconf 74' lang='grc'>⁸</span> <span class='ocrx_word' id='word_1_718' title='bbox 2675 5173 2953 5237; x_wconf 76' lang='grc' dir='ltr'>ποικίλαις</span> <span class='ocrx_word' id='word_1_719' title='bbox 2979 5174 3017 5225; x_wconf 79' lang='grc' dir='ltr'><strong>Α</strong></span> <span class='ocrx_word' id='word_1_720' title='bbox 3049 5189 3065 5228; x_wconf 73' lang='grc' dir='ltr'><strong><em>τ</em></strong></span> <span class='ocrx_word' id='word_1_721' title='bbox 3104 5171 3330 5234; x_wconf 77' lang='grc' dir='ltr'>πολλαῖς</span> <span class='ocrx_word' id='word_1_722' title='bbox 3358 5187 3422 5237; x_wconf 65' lang='grc' dir='ltr'><strong>ς’</strong></span> 
     </span>
    </p>
   </div>
   <div class='ocr_carea' id='block_1_104' title="bbox 1812 5305 2043 5362">
    <p class='ocr_par' dir='ltr' id='par_1_104' title="bbox 1812 5305 2043 5362">
     <span class='ocr_line' id='line_1_106' title="bbox 1812 5305 2043 5362; baseline 0.009 -2"><span class='ocrx_word' id='word_1_723' title='bbox 1812 5305 2043 5362; x_wconf 65' lang='lat' dir='ltr'><strong>NOTAE.</strong></span> 
     </span>
    </p>
   </div>
   <div class='ocr_carea' id='block_1_105' title="bbox 336 5436 1839 5529">
    <p class='ocr_par' dir='ltr' id='par_1_105' title="bbox 336 5436 1839 5529">
     <span class='ocr_line' id='line_1_107' title="bbox 336 5436 1839 5529; baseline -0.017 -15"><span class='ocrx_word' id='word_1_724' title='bbox 336 5460 445 5529; x_wconf 74' lang='lat' dir='ltr'><strong>(l3)</strong></span> <span class='ocrx_word' id='word_1_725' title='bbox 471 5456 701 5529; x_wconf 82' lang='lat' dir='ltr'><strong>Nicepb.</strong></span> <span class='ocrx_word' id='word_1_726' title='bbox 750 5468 870 5523; x_wconf 90' lang='lat' dir='ltr'><strong>cap.</strong></span> <span class='ocrx_word' id='word_1_727' title='bbox 1073 5448 1285 5501; x_wconf 87' lang='lat' dir='ltr'><strong>Socrat.</strong></span> <span class='ocrx_word' id='word_1_728' title='bbox 1325 5442 1417 5495; x_wconf 89' lang='lat' dir='ltr'><strong>lib.</strong></span> <span class='ocrx_word' id='word_1_729' title='bbox 1467 5455 1542 5501; x_wconf 80' lang='lat' dir='ltr'><strong>vr,</strong></span> <span class='ocrx_word' id='word_1_730' title='bbox 1569 5453 1689 5506; x_wconf 89' lang='lat' dir='ltr'><strong>cap.</strong></span> <span class='ocrx_word' id='word_1_731' title='bbox 1732 5436 1839 5499; x_wconf 82' lang='lat'><strong>18;</strong></span> 
     </span>
    </p>
   </div>
   <div class='ocr_carea' id='block_1_106' title="bbox 274 5521 1012 5592">
    <p class='ocr_par' dir='ltr' id='par_1_106' title="bbox 274 5521 1012 5592">
     <span class='ocr_line' id='line_1_108' title="bbox 274 5521 1012 5592; baseline -0.024 -4"><span class='ocrx_word' id='word_1_732' title='bbox 274 5521 483 5588; x_wconf 55' lang='lat' dir='ltr'><strong>Scinio.</strong></span> <span class='ocrx_word' id='word_1_733' title='bbox 516 5521 620 5580; x_wconf 34' lang='lat' dir='ltr'><strong>lib.’</strong></span> <span class='ocrx_word' id='word_1_734' title='bbox 640 5539 759 5585; x_wconf 86' lang='lat' dir='ltr'><strong>vttt,</strong></span> <span class='ocrx_word' id='word_1_735' title='bbox 782 5521 899 5592; x_wconf 83' lang='lat' dir='ltr'><strong>cap.</strong></span> <span class='ocrx_word' id='word_1_736' title='bbox 921 5521 1012 5592; x_wconf 70' lang='lat'><strong>20.</strong></span> 
     </span>
    </p>
   </div>
   <div class='ocr_carea' id='block_1_107' title="bbox 347 5578 1846 5671">
    <p class='ocr_par' dir='ltr' id='par_1_107' title="bbox 347 5578 1846 5671">
     <span class='ocr_line' id='line_1_109' title="bbox 347 5578 1846 5671; baseline -0.019 -15"><span class='ocrx_word' id='word_1_737' title='bbox 347 5578 659 5671; x_wconf 31' lang='lat' dir='ltr'><strong>{lJiPri—die</strong></span> <span class='ocrx_word' id='word_1_738' title='bbox 726 5578 949 5671; x_wconf 52' lang='lat' dir='ltr'><strong>Pascha?</strong></span> <span class='ocrx_word' id='word_1_739' title='bbox 998 5590 1114 5658; x_wconf 86' lang='lat' dir='ltr'><strong>ipso</strong></span> <span class='ocrx_word' id='word_1_740' title='bbox 1173 5598 1370 5671; x_wconf 71' lang='lat' dir='ltr'><strong>magno</strong></span> <span class='ocrx_word' id='word_1_741' title='bbox 1415 5580 1688 5671; x_wconf 39' lang='lat' dir='ltr'><strong>Salwato,‘</strong></span> <span class='ocrx_word' id='word_1_742' title='bbox 1732 5578 1846 5671; x_wconf 66' lang='lat' dir='ltr'><strong>haec</strong></span> 
     </span>
    </p>
   </div>
   <div class='ocr_carea' id='block_1_108' title="bbox 274 5650 1849 5727">
    <p class='ocr_par' dir='ltr' id='par_1_108' title="bbox 274 5650 1849 5727">
     <span class='ocr_line' id='line_1_110' title="bbox 274 5650 1849 5727; baseline -0.017 -2"><span class='ocrx_word' id='word_1_743' title='bbox 274 5650 387 5725; x_wconf 63' lang='lat' dir='ltr'><strong>cum</strong></span> <span class='ocrx_word' id='word_1_744' title='bbox 408 5650 621 5727; x_wconf 70' lang='lat' dir='ltr'><strong>summa</strong></span> <span class='ocrx_word' id='word_1_745' title='bbox 640 5650 1056 5727; x_wconf 75' lang='lat' dir='ltr'><strong>perturbatione</strong></span> <span class='ocrx_word' id='word_1_746' title='bbox 1083 5650 1329 5711; x_wconf 76' lang='lat' dir='ltr'><strong>confecta</strong></span> <span class='ocrx_word' id='word_1_747' title='bbox 1351 5667 1475 5707; x_wconf 89' lang='lat' dir='ltr'><strong>esse</strong></span> <span class='ocrx_word' id='word_1_748' title='bbox 1504 5650 1712 5704; x_wconf 87' lang='lat' dir='ltr'><strong>Pallad.</strong></span> <span class='ocrx_word' id='word_1_749' title='bbox 1746 5659 1849 5700; x_wconf 88' lang='lat' dir='ltr'><strong>tra-</strong></span> 
     </span>
    </p>
   </div>
   <div class='ocr_carea' id='block_1_109' title="bbox 278 5728 1415 5809">
    <p class='ocr_par' dir='ltr' id='par_1_109' title="bbox 278 5728 1415 5809">
     <span class='ocr_line' id='line_1_111' title="bbox 278 5728 1415 5809; baseline -0.018 -14"><span class='ocrx_word' id='word_1_750' title='bbox 278 5743 365 5802; x_wconf 79' lang='lat' dir='ltr'><strong>dit,</strong></span> <span class='ocrx_word' id='word_1_751' title='bbox 394 5752 447 5793; x_wconf 86' lang='lat' dir='ltr'><strong>et</strong></span> <span class='ocrx_word' id='word_1_752' title='bbox 479 5742 592 5809; x_wconf 87' lang='lat' dir='ltr'><strong>ipse</strong></span> <span class='ocrx_word' id='word_1_753' title='bbox 622 5728 819 5809; x_wconf 78' lang='lat' dir='ltr'><strong>Georg.</strong></span> <span class='ocrx_word' id='word_1_754' title='bbox 857 5734 1077 5809; x_wconf 83' lang='lat' dir='ltr'><strong>editusa</strong></span> <span class='ocrx_word' id='word_1_755' title='bbox 1104 5728 1415 5809; x_wconf 34' lang='lat' dir='ltr'><strong>&#39;liiltuanno.</strong></span> 
     </span>
    </p>
   </div>
   <div class='ocr_carea' id='block_1_110' title="bbox 342 5789 1846 5880">
    <p class='ocr_par' dir='ltr' id='par_1_110' title="bbox 342 5789 1846 5880">
     <span class='ocr_line' id='line_1_112' title="bbox 342 5789 1846 5880; baseline -0.02 -12"><span class='ocrx_word' id='word_1_756' title='bbox 342 5789 450 5880; x_wconf 70' lang='grc'>(15)</span> <span class='ocrx_word' id='word_1_757' title='bbox 491 5789 957 5880; x_wconf 32' lang='lat' dir='ltr'><strong>Cassioilv.‘lnanis</strong></span> <span class='ocrx_word' id='word_1_758' title='bbox 1007 5792 1628 5880; x_wconf 44' lang='lat' dir='ltr'><strong>studiosps&#39;ecgl&#39;esiam,</strong></span> <span class='ocrx_word' id='word_1_759' title='bbox 1664 5789 1846 5880; x_wconf 50' lang='lat' dir='ltr'><strong>irrtcn-</strong></span> 
     </span>
    </p>
   </div>
   <div class='ocr_carea' id='block_1_111' title="bbox 282 5858 1849 5949">
    <p class='ocr_par' dir='ltr' id='par_1_111' title="bbox 282 5858 1849 5949">
     <span class='ocr_line' id='line_1_113' title="bbox 282 5858 1849 5949; baseline -0.014 -15"><span class='ocrx_word' id='word_1_760' title='bbox 282 5858 426 5938; x_wconf 54' lang='lat' dir='ltr'><strong>nisi;</strong></span> <span class='ocrx_word' id='word_1_761' title='bbox 436 5858 736 5947; x_wconf 65' lang='lat' dir='ltr'><strong>’reiéii,&quot;ei&#39;</strong></span> <span class='ocrx_word' id='word_1_762' title='bbox 754 5858 956 5949; x_wconf 86' lang='lat' dir='ltr'><strong>plures,</strong></span> <span class='ocrx_word' id='word_1_763' title='bbox 980 5886 1117 5945; x_wconf 89' lang='lat' dir='ltr'><strong>quos</strong></span> <span class='ocrx_word' id='word_1_764' title='bbox 1154 5866 1353 5925; x_wconf 88' lang='lat' dir='ltr'><strong>refellit</strong></span> <span class='ocrx_word' id='word_1_765' title='bbox 1378 5862 1655 5919; x_wconf 86' lang='lat' dir='ltr'><strong>lllustriss.</strong></span> <span class='ocrx_word' id='word_1_766' title='bbox 1688 5858 1849 5913; x_wconf 78' lang='lat' dir='ltr'><strong>Baro.</strong></span> 
     </span>
    </p>
   </div>
   <div class='ocr_carea' id='block_1_112' title="bbox 1949 5420 2797 5486">
    <p class='ocr_par' dir='ltr' id='par_1_112' title="bbox 1949 5420 2797 5486">
     <span class='ocr_line' id='line_1_114' title="bbox 1949 5420 2797 5486; baseline -0.015 0"><span class='ocrx_word' id='word_1_767' title='bbox 1949 5431 2146 5486; x_wconf 82' lang='lat' dir='ltr'><strong>Annal.</strong></span> <span class='ocrx_word' id='word_1_768' title='bbox 2179 5429 2244 5484; x_wconf 85' lang='lat' dir='ltr'><strong>V.</strong></span> <span class='ocrx_word' id='word_1_769' title='bbox 2288 5431 2354 5480; x_wconf 88' lang='lat' dir='ltr'><strong>ad</strong></span> <span class='ocrx_word' id='word_1_770' title='bbox 2378 5442 2467 5479; x_wconf 86' lang='lat' dir='ltr'><strong>an.</strong></span> <span class='ocrx_word' id='word_1_771' title='bbox 2501 5425 2629 5480; x_wconf 87' lang='lat' dir='ltr'><strong>Chr.</strong></span> <span class='ocrx_word' id='word_1_772' title='bbox 2667 5420 2797 5476; x_wconf 67' lang='grc'>404.</span> 
     </span>
    </p>
   </div>
   <div class='ocr_carea' id='block_1_113' title="bbox 2022 5489 2996 5570">
    <p class='ocr_par' dir='ltr' id='par_1_113' title="bbox 2022 5489 2996 5570">
     <span class='ocr_line' id='line_1_115' title="bbox 2022 5489 2996 5570; baseline -0.011 -15"><span class='ocrx_word' id='word_1_773' title='bbox 2022 5502 2132 5570; x_wconf 83' lang='lat' dir='ltr'><strong>(l6)</strong></span> <span class='ocrx_word' id='word_1_774' title='bbox 2160 5501 2386 5567; x_wconf 84' lang='lat' dir='ltr'><strong>Niceplt.</strong></span> <span class='ocrx_word' id='word_1_775' title='bbox 2422 5512 2544 5564; x_wconf 85' lang='lat' dir='ltr'><strong>cap.</strong></span> <span class='ocrx_word' id='word_1_776' title='bbox 2569 5495 2669 5570; x_wconf 54' lang='grc' dir='ltr'><strong>⁸(ἐᾷ,</strong></span> <span class='ocrx_word' id='word_1_777' title='bbox 2706 5504 2757 5546; x_wconf 90' lang='lat' dir='ltr'><strong>et</strong></span> <span class='ocrx_word' id='word_1_778' title='bbox 2782 5489 2996 5544; x_wconf 80' lang='lat' dir='ltr'><strong>Pallad.</strong></span> 
     </span>
    </p>
   </div>
   <div class='ocr_carea' id='block_1_114' title="bbox 2020 5566 2653 5644">
    <p class='ocr_par' dir='ltr' id='par_1_114' title="bbox 2020 5566 2653 5644">
     <span class='ocr_line' id='line_1_116' title="bbox 2020 5566 2653 5644; baseline -0.009 -20"><span class='ocrx_word' id='word_1_779' title='bbox 2020 5566 2135 5644; x_wconf 76' lang='grc'>(17)</span> <span class='ocrx_word' id='word_1_780' title='bbox 2167 5566 2536 5644; x_wconf 43' lang='lat' dir='ltr'><strong>weeping-ap.</strong></span> <span class='ocrx_word' id='word_1_781' title='bbox 2562 5566 2653 5619; x_wconf 71' lang='grc'><strong>26.</strong></span> 
     </span>
    </p>
   </div>
   <div class='ocr_carea' id='block_1_115' title="bbox 2046 5622 3530 5709">
    <p class='ocr_par' dir='ltr' id='par_1_115' title="bbox 2046 5622 3530 5709">
     <span class='ocr_line' id='line_1_117' title="bbox 2046 5622 3530 5709; baseline -0.013 -13"><span class='ocrx_word' id='word_1_782' title='bbox 2046 5622 2133 5709; x_wconf 53' lang='lat' dir='ltr'><strong>liii</strong></span> <span class='ocrx_word' id='word_1_783' title='bbox 2165 5622 2611 5709; x_wconf 71' lang='lat' dir='ltr'><strong>Niceph.57post</strong></span> <span class='ocrx_word' id='word_1_784' title='bbox 2632 5632 2771 5709; x_wconf 73' lang='lat' dir='ltr'><strong>med.</strong></span> <span class='ocrx_word' id='word_1_785' title='bbox 2800 5630 3019 5709; x_wconf 64' lang='lat' dir='ltr'><strong>Sozam.</strong></span> <span class='ocrx_word' id='word_1_786' title='bbox 3041 5627 3133 5682; x_wconf 91' lang='lat' dir='ltr'><strong>lib.</strong></span> <span class='ocrx_word' id='word_1_787' title='bbox 3157 5641 3271 5709; x_wconf 82' lang='lat' dir='ltr'><strong>vui,</strong></span> <span class='ocrx_word' id='word_1_788' title='bbox 3295 5622 3530 5709; x_wconf 76' lang='lat' dir='ltr'><strong>cap.u_lt.</strong></span> 
     </span>
    </p>
   </div>
   <div class='ocr_carea' id='block_1_116' title="bbox 2049 5694 3533 5784">
    <p class='ocr_par' dir='ltr' id='par_1_116' title="bbox 2049 5694 3533 5784">
     <span class='ocr_line' id='line_1_118' title="bbox 2049 5694 3533 5784; baseline -0.013 -16"><span class='ocrx_word' id='word_1_789' title='bbox 2049 5694 2138 5784; x_wconf 58' lang='lat' dir='ltr'><strong>l9)</strong></span> <span class='ocrx_word' id='word_1_790' title='bbox 2172 5694 2683 5784; x_wconf 56' lang='lat' dir='ltr'><strong>Leo.&#39;itnper:e_tiam</strong></span> <span class='ocrx_word' id='word_1_791' title='bbox 2711 5705 2770 5758; x_wconf 92' lang='lat' dir='ltr'><strong>S.</strong></span> <span class='ocrx_word' id='word_1_792' title='bbox 2810 5701 3109 5782; x_wconf 64' lang='lat' dir='ltr'><strong>Ltteianttm</strong></span> <span class='ocrx_word' id='word_1_793' title='bbox 3132 5696 3372 5784; x_wconf 48' lang='grc' dir='ltr'>ωενιγείὶ</span> <span class='ocrx_word' id='word_1_794' title='bbox 3401 5694 3533 5749; x_wconf 85' lang='lat' dir='ltr'><strong>olim</strong></span> 
     </span>
    </p>
   </div>
   <div class='ocr_carea' id='block_1_117' title="bbox 1956 5766 3387 5845">
    <p class='ocr_par' dir='ltr' id='par_1_117' title="bbox 1956 5766 3387 5845">
     <span class='ocr_line' id='line_1_119' title="bbox 1956 5766 3387 5845; baseline -0.017 -2"><span class='ocrx_word' id='word_1_795' title='bbox 1956 5766 2412 5844; x_wconf 35' lang='lat' dir='ltr'><strong>ibi‘BJBasilisco</strong></span> <span class='ocrx_word' id='word_1_796' title='bbox 2441 5778 2674 5843; x_wconf 88' lang='lat' dir='ltr'><strong>socium,</strong></span> <span class='ocrx_word' id='word_1_797' title='bbox 2700 5773 3020 5845; x_wconf 83' lang='lat' dir='ltr'><strong>apparuisse</strong></span> <span class='ocrx_word' id='word_1_798' title='bbox 3053 5783 3159 5823; x_wconf 88' lang='lat' dir='ltr'><strong>una</strong></span> <span class='ocrx_word' id='word_1_799' title='bbox 3202 5766 3387 5822; x_wconf 81' lang='lat' dir='ltr'><strong>tradit.</strong></span> 
     </span>
    </p>
   </div>
  </div>
