4058 6410
586 352 700 417 359

1788 352 2053 414 PIIOTII
2096 354 2610 417 PATRIARCH/E
2649 358 2753 422 (ΞΡ.

3789 356 3894 422 360

588 461 717 519 inde
762 459 1043 519 suﬁlciunt
1070 462 1313 519 Victoris
1339 461 1459 534 (20)
1485 462 1692 518 tribuni
1726 464 2059 528 eunuchum,
2103 462 2180 517 ho

2298 465 2571 523 καθεῖλον.
2601 467 2983 539 Χειροτονοῦσι
3016 468 3074 523 δὲ
3120 466 3243 522 ἁντλ⁵
3276 466 3637 539 Ἡρακλείδου
3669 468 3764 521 τδν
3799 472 3893 525 τοῦ

586 556 791 611 minem
851 554 1245 611 foedissimum.
1291 555 1439 610 Alios
1461 556 1590 610 item
1620 556 1911 625 episcopos
1964 569 2192 610 numero

586 647 702 699 fere
734 646 928 716 viginti
964 655 1190 700 vexatos
1208 647 1435 701 sedibus
1463 647 1860 702 submoverunt
1890 648 2041 712 suis;
2070 660 2193 714 pre-

583 738 838 809 sbyteros
868 752 1090 809 quoque
1146 755 1210 795 ac
1274 740 1538 796 diaconos
1584 740 1873 812 plurimos,
1917 749 1973 794 et
2009 737 2192 809 plures

583 831 963 897 etiamlaicos,
996 842 1264 902 quotquot
1312 830 1511 888 Joanni
1572 832 1774 887 addicti
1832 846 1954 887 esse
1982 830 2193 885 defere-

584 923 789 977 bantur
825 939 843 990 ;
879 926 994 979 into
1020 925 1143 994 pias
1170 926 1336 979 etiam
1365 935 1667 987 matronas,
1686 939 1917 994 quarum
1940 922 2081 977 fama
2100 937 2191 977 ce-

586 1015 768 1070 lebres
825 1015 981 1071 fuere
1032 1016 1310 1088 Olympias
1358 1016 1475 1088 (2|)
1539 1017 1823 1083 Pentadia,
1884 1014 2077 1070 Procla
2136 1020 2193 1070 et

586 1106 850 1177 Sylvana.
1880 1148 1889 1157 ι

661 1196 1018 1255 Innocentius
1050 1200 1270 1255 interim
1291 1200 1447 1256 urbis
1486 1199 1672 1254 Romae
1706 1215 1997 1270 episcopus
2022 1199 2189 1254 valde

581 1303 686 1359 pro
738 1293 902 1347 beato
950 1288 1163 1348 Joanne
1194 1292 1308 1362 (22)
1336 1291 1622 1356 laboravit,
1656 1293 2001 1347 etsil’rustra
2051 1306 2191 1347 con—

588 1395 843 1453 sumptus
869 1384 1021 1438 labor
1056 1395 1161 1440 est.
1192 1384 1338 1440 Misit
1358 1385 1505 1439 enim
1543 1383 1646 1438 hoc
1685 1382 1904 1437 nomine
1963 1383 2186 1453 apocri-

580 1472 800 1538 siarios,
831 1489 971 1543 quos
1011 1473 1064 1528 lii
1097 1475 1491 1530 contumeliose
1549 1474 1902 1529 remiserunt.
1955 1474 2191 1529 Litteras

592 1565 726 1619 item
767 1568 1007 1637 scripsit,
1040 1569 1243 1636 quibus
1277 1576 1457 1622 tamen
1500 1566 1637 1622 nihil
1677 1582 1867 1623 eorum
1901 1581 2021 1636 quae
2072 1575 2191 1620 stu-

583 1655 747 1712 diose
807 1659 1111 1713 conabatur
1154 1659 1416 1729 perfecit;
1483 1659 1577 1714 vix
1646 1668 1705 1714 ut
1763 1656 1983 1712 tandem
2023 1656 2193 1711 Arsa-

2298 557 2587 627 τριϐούνου
2620 560 2883 632 Βίκτορος
2940 560 3226 632 εὐγοῦχον,
3278 560 3449 632 ἄνδρα
3500 561 3897 632 ὑπέραισχρον.

2298 649 2410 703 Καὶ
2433 649 2628 716 ἄλλους
2659 652 2715 705 δὲ
2752 652 3110 717 ἐπισκόπους,
3171 652 3341 723 ἐγγὺς
3373 653 3483 707 τῶν
3507 656 3529 688 ⁷
3565 654 3764 717 εἰκοσι,
3794 670 3894 705 κα-

2298 741 2579 809 κώσαντες
2607 745 2898 817 ἀπήλασαν
2931 746 3160 801 καὶτῶν
3223 747 3539 801 ἐπισκοπῶν
3570 748 3612 811 ⁸,
3647 746 3898 817 πρεσῦυ-

2297 837 2355 891 τέ
2365 855 2490 915 ρους
2506 839 2564 893 δὲ
2580 841 2675 894 καὶ
2692 841 2973 904 διακόνους
2987 841 3237 904 πολλοὺς,
3264 841 3358 894 καὶ
3383 840 3607 904 λαῖκοὺς
3644 839 3891 905 πλείους,

2299 931 2414 984 ὅσοι
2448 932 2808 1003 προσκεῖσθαι
2841 932 2969 1005 [146
3005 931 3096 1005 Η.]
3143 933 3367 1003 Ἰωάννῃ
3396 931 3769 986 διεϐάλλοντο·
3798 933 3894 983 καὶ

2299 1026 2566 1093 γυναῖκας
2621 1026 2679 1079 δὲ
2733 1027 2842 1079 τῶν
2869 1027 3137 1089 εὐλαὸὧν,
3173 1019 3249 1080 ὧν
3302 1027 3360 1078 αί
3392 1025 3653 1095 ἐπίσημοι
3693 1023 3896 1094 Ὀλυμ-

2300 1115 2433 1178 πιὰς
2468 1116 2561 1168 καὶ
2586 1116 2853 1170 Πενταδία
2880 1117 2974 1170 καὶ
3004 1116 3224 1187 Πρόκλη
3254 1116 3348 1170 καὶ
3378 1116 3636 1186 Σιλὸατή.

2387 1210 2445 1260 '0
2477 1210 2537 1263 δὲ
2577 1208 2798 1281 Ῥώμης
2836 1211 3150 1275 Ἰνοκέντιος
3179 1212 3199 1243 ⁹
3232 1210 3405 1263 πολλὰ
3430 1210 3575 1283 ὑπὲρ
3605 1211 3700 1264 τοῦ
3728 1210 3891 1280 ἁγίου

2299 1303 2627 1373 ἠγωνίσατο,
2659 1305 2707 1356 εἰ
2733 1304 2829 1356 καὶ
2858 1303 3137 1374 ἄπρακτος
3160 1304 3325 1356 αὐτοῦ
3353 1304 3629 1375 γέγονενή
3656 1305 3890 1377 σπουδήο

2298 1395 2393 1448 καὶ
2423 1395 2532 1464 γὰρ
2555 1396 2650 1449 καὶ
2680 1394 3131 1465 ἀποκρισιαρίους
3163 1395 3431 1465 ἔπεμψεν,
3457 1396 3590 1449 ἀλλὰ
3622 1398 3717 1450 καὶ
3732 1397 3893 1450 αὐτοὶ

2297 1486 2485 1548 κακῶς
2514 1485 2979 1556 ἀπεπέμφθησαν,
3004 1486 3099 1539 καὶ
3125 1486 3434 1558 γράμματα
3472 1487 3738 1560 ἔγραφεν,
3769 1488 3893 1542 ἀλλ’

2297 1578 2452 1631 οὐδὲν
2473 1572 2548 1630 ὧν
2597 1578 2858 1632 ἔσπευδεν
2891 1579 3075 1648 ἤνυεν.
3114 1580 3381 1651 ’Υστερον
3410 1581 3467 1634 δὲ
3499 1581 3808 1655 Νεκτὰριος
3848 1584 3892 1615 ⁸⁸

2302 1670 2455 1740 μόλις
2490 1670 2742 1724 ἐντάσσει
2793 1669 2960 1723 αὑτοῦ
3011 1673 3121 1733 τοῖς
3150 1672 3434 1743 διπτύχοις
3455 1673 3515 1727 τὸ
3537 1674 3734 1745 ὄνομα.
3773 1676 3893 1729 Καὶ

576 1751 698 1804 eius
721 1749 836 1821 (25)
858 1749 1088 1805 Joannis
1113 1766 1310 1806 nomen
1346 1752 1399 1807 in
1431 1751 1682 1823 diptycha
1717 1750 1987 1806 retulerit.
2013 1747 2180 1803 Donet

2300 1762 2545 1834 Πρόκλος
2601 1763 2661 1817 δὲ
2717 1764 2895 1836 χρόνῳ
2928 1763 3156 1835 ὕστερον
3185 1765 3396 1835 εἰσάγει
3428 1767 3593 1822 αὐτοῦ
3623 1772 3691 1840 τῇ
3728 1769 3889 1824 πόλει

578 1840 801 1895 Proclns
831 1841 1003 1895 multo
1039 1848 1172 1910 post
1200 1841 1320 1910 ejus
1380 1841 1434 1896 in
1483 1841 1673 1895 urbem
1715 1854 1915 1907 corpus
1970 1837 2180 1892 attulit.

2289 1831 2364 1909 ἐι-δ⁷
2378 1857 2651 1926 λείψανον.
2678 1831 2791 1911 ιζᾶι
2815 1831 2990 1911 ταῦτα
3028 1831 3129 1927 μὲν
3157 1851 3283 1913 ὧδε.

577 1930 703 1983 Haec
738 1930 1027 1986 hactenus.

659 2021 917 2091 Scriptor
950 2023 1067 2092 ipse
1102 2023 1323 2093 quidem
1358 2032 1557 2091 prater
1592 2023 1834 2076 historiae
1866 2020 2028 2076 ﬁdem
2057 2032 2187 2074 nar-

577 2116 997 2184 rassequaidam
1025 2114 1173 2169 visus
1200 2125 1307 2171 est.
1334 2113 1533 2170 Verum
1562 2116 1692 2185 quid
1723 2113 1978 2183 prohibet
2027 2112 2185 2169 utilia

573 2184 841 2261 lectorem
882 2205 1142 2275 seligere,
1166 2215 1372 2261 caetera
1403 2184 1732 2277 praeterire?

1278 2338 1489 2397 XCVII.

577 2453 892 2526 Pltlegontis
962 2453 1230 2510 Trautani
1275 2454 1670 2578 Olllyrnpicorum
1698 2464 1747 2509 et
1799 2452 2184 2512 Chronicorum

1234 2541 1293 2578 co
1342 2542 1397 2578 et:
1426 2542 1497 2578 ιο.

1234 2541 1497 2580 εοιιεοιιο.

646 2637 807 2695 Lecta
844 2639 973 2693 mihi
1000 2636 1355 2707 Philegontis
1385 2635 1809 2707 Tralliani,cjus
1836 2638 1928 2707 qui
1954 2633 2182 2693 Adriani

572 2729 800 2798 Augusti
814 2727 1040 2782 libertus
1055 2724 1581 2795 fuit,01ympicorum
1594 2733 1643 2777 et
1660 2721 2042 2779 Chronicarum
2059 2722 2184 2781 σοι-

572 2819 750 2874 lectio.
794 2816 944 2888 Opus
994 2816 1312 2873 inscribitur
1336 2815 1601 2871 Alcibiadi
1628 2816 1975 2884 cuidam,qui
1993 2830 2183 2871 unuse

573 2912 830 2983 corporis
859 2911 1183 2967 custodibus
1206 2909 1429 2964 Adriani
1454 2907 1802 2978 imperatoris
1833 2907 1958 2962 fuit.
1980 2906 2181 2977 Auspi-

573 3016 730 3062 catur
750 3020 880 3061 vero
911 3021 940 3058 a
993 3004 1167 3076 prima
1204 3002 1523 3073 Olympiade
1542 2999 1657 3075 (24)
1693 3018 1708 3054 :
1768 3000 1917 3071 quod
1970 3000 2175 3071 priora,

2374 2033 2430 2081 Ὀ
2461 2034 2522 2087 δὲ
2558 2034 2911 2106 συγγραφεὺς
2942 2027 3097 2099 οὗτος
3123 2035 3225 2089 οὑκ
3264 2035 3423 2104 ὀλίγα
3448 2032 3702 2107 φαίνεται
3728 2056 3884 2111 παρ-

2289 2126 2557 2195 ιστορῶν·
2593 2127 2709 2180 ἀλλ’
2772 2127 2927 2181 οὐδὲν
2953 2127 3183 2181 κωλύει
3235 2128 3359 2192 τοὺς
3400 2127 3885 2197 ἀναγινώσκοντας

2286 2216 2681 2289 ἐκλεγομένους
2711 2217 2782 2273 τὰ
2805 2220 3078 2292 χρήσιμα,
3115 2219 3185 2274 τὰ
3214 2219 3378 2274 λοιπὰ
3414 2224 3685 2294 παρορᾷν.

2968 2354 3090 2424 ιε’.

2286 2458 2625 2533 ΦλέγοντΟς
2659 2462 3035 2532 Τραλλιανοῦ
3070 2461 3493 2533 Ὀλυμπιακῶν
3538 2463 3637 2517 καὶ
3663 2464 3880 2532 Χρονιο

2816 2532 2941 2587 κῶν
2963 2532 3312 2604 συναγωγή.

2366 2643 2704 2713 ’Λνεγνώσθη
2739 2645 3030 2714 Φλέγοντος
3084 2647 3418 2718 Τραλλιανοῦ
3440 2691 3457 2718 ,
3496 2648 3874 2721 ἀπελευθέρου

2280 2734 2377 2789 τοῦ
2426 2736 2830 2808 αὐτοκράτορος
2876 2739 3180 2810 Ἀδριανοῦ,
3232 2740 3720 2810 Ὀλυμπιανικῶν
3773 2742 3876 2795 καὶ

2279 2826 2590 2895 Χρονικῶν
2609 2830 2963 2900 Συναγωγή.
2989 2834 3311 2903 Προσφωνεϊ
3332 2834 3391 2887 τὸ
3420 2836 3713 2905 σύνταγμα
3731 2837 3878 2906 πρὺς

2293 2919 2640 2991 Ἀλκιϐιάδην
2668 2922 2814 2987 τινὰ,
2867 2922 2926 2986 ὃς
2957 2918 3037 2988 εἷς
3094 2921 3164 2997 ἦν
3200 2926 3312 2979 τῶν
3351 2927 3432 2990 είς
3480 2926 3581 2999 τὴν
3612 2927 3874 2999 φυλακὴν

2277 3014 2633 3083 τεταγμένων
2677 3015 2771 3069 τοῦ
2835 3016 3138 3086 Ἀδριανοῦ.
3181 3019 3445 3091 Ἀρχεται
3497 3020 3555 3074 δὲ
3598 3022 3701 3091 τῆς
3743 3038 3875 3074 συν-

572 3107 705 3154 utet
732 3097 821 3153 alii
853 3093 975 3153 fere
1009 3112 1206 3152 omnes
1227 3094 1524 3160 aﬂirmant,
1550 3093 1756 3149 nullum
1780 3094 2049 3149 hactenus
2086 3107 2180 3148 ac-

2283 3106 2503 3176 αγωγῆς
2528 3106 2636 3160 ἀπὸ
2654 3109 2755 3179 τῆς
2788 3108 3015 3181 πρώτης
3060 3110 3445 3180 Ὀλυμπιάδος,
3469 3111 3606 3166 διότι
3640 3113 3710 3166 τὰ
3734 3113 3876 3184 πρό-

572 3198 827 3244 curatutn
856 3201 1158 3255 verumque
1205 3185 1528 3254 scriptorem
1561 3183 1672 3238 sint
1698 3194 1880 3248 uacui,
1939 3184 2032 3237 sed
2071 3181 2173 3236 ali-

2283 3213 2432 3267 τερα,
2461 3196 2643 3263 καθὼς
2702 3200 2801 3254 καὶ
2854 3202 2905 3254 οἰ
2954 3180 3106 3255 ἄλλοι
3132 3204 3321 3273 σχεδόν
3354 3221 3409 3257 τι
3442 3204 3647 3268 πάντες
3674 3180 3867 3275 φασιν,

573 3289 659 3334 ter
693 3278 808 3351 (25)
842 3287 1009 3347 atque
1030 3276 1190 3332 aliter
1222 3292 1309 3341 ea,
1342 3277 1395 3330 in
1433 3290 1556 3346 qua:
1614 3272 1752 3329 forte
1824 3272 2175 3329 inciderunt?

579 3370 773 3443 Neque
795 3371 937 3425 inter
962 3384 1021 3423 se
1046 3369 1425 3423 convenientia
1478 3366 1821 3435 scripserint,
1839 3365 2002 3420 etiatn
2028 3362 2060 3419 ii
2078 3367 2172 3435 qui

572 3477 637 3518 ex
676 3462 774 3517 hac
797 3460 1099 3530 scriptione
1135 3460 1361 3529 gloriam
1417 3456 1786 3527 quaesiissent.
1817 3452 2032 3511 Initium
2072 3454 2174 3526 igi-

575 3567 664 3609 tur
685 3558 872 3623 operls
900 3568 930 3606 a
977 3551 1176 3622 prima,
1208 3551 1282 3605 uti
1336 3550 1597 3616 diximus,
1643 3549 1792 3604 ducit
1831 3547 2170 3620 Olympiade,

577 3645 955 3717 pet'rexitqne,
991 3653 1050 3698 ut
1090 3645 1203 3715 ipse
1259 3642 1358 3709 ait,
1415 3643 1484 3699 ad
1532 3641 1756 3698 Adriani
1795 3653 1967 3712 usque
2030 3649 2173 3696 tem-

572 3758 705 3814 pora
740 3741 879 3811 (26).

646 3935 907 4003 Equidem
947 3935 1050 4006 legi
1107 3949 1282 4007 usque
1307 3935 1373 3989 ad
1414 3949 1633 3991 curm
1667 3929 2010 4005 Olympiada,
2063 3944 2171 4001 qua

573 4028 749 4083 victor
800 4028 900 4083 fuit
931 4027 1304 4085 Hecatomnus
1326 4026 1595 4094 Milesius,
1628 4026 1792 4080 stadii
1817 4040 1979 4081 cursu
2012 4034 2067 4080 et
2094 4039 2173 4080 re-

570 4136 733 4175 cursu
767 4118 906 4189 (27),
926 4132 1139 4174 armato
1167 4134 1297 4174 vero
1325 4134 1487 4175 cursu
1519 4127 1599 4173 ter
1636 4116 1769 4172 vicit
1789 4114 2072 4189 Hypsicles
2088 4114 2173 4171 Si-

573 4210 801 4280 cyonius
817 4208 1228 4277 doliclio,Caius
1246 4208 1542 4273 Romanus,
1559 4206 1994 4277 etAritonymias
2006 4206 2169 4275 Cous,

573 4301 852 4372 pentathlo
868 4301 1106 4357 Isidorus
1120 4300 1551 4363 Alexandrinus,
1573 4299 1712 4352 lucta
1735 4296 1984 4367 Aptotus,
2001 4299 2174 4367 perio-

572 4395 643 4450 d0
662 4394 903 4466 Atyanas
933 4392 1286 4465 Hippocratis
1308 4391 1620 4446 Atramittei
1637 4388 1699 4445 F.
1717 4389 1976 4461 pugillatu
1996 4389 2170 4459 Spho—

570 4487 723 4541 drias
759 4484 1067 4557 Sicyonius,
1115 4485 1401 4556 pancratio
1434 4483 1722 4554 Sosigenes
1758 4478 2014 4536 Asianus.
2047 4480 2168 4536 Jam

569 4591 861 4647 puerorum
880 4575 1061 4630 stadio
1078 4574 1209 4629 vicit
1229 4573 1630 4644 Apollophanes
1642 4570 2005 4643 Cyparissius,
2022 4568 2162 4625 lucta

562 4669 889 4726 Sotericbus
908 4668 1068 4725 Eleus
1087 4665 1233 4740 84a
1269 4665 1529 4739 pugillatu
1548 4663 1705 4721 Calas
1718 4663 1901 4731 Eleus,
1925 4664 2000 4719 uti
2024 4678 2161 4734 pan-

2273 3287 2373 3341 οὒκ
2397 3287 2586 3359 ἔτυχεν
2620 3289 2659 3322 “
2701 3289 2808 3345 ὑπό
2863 3309 3007 3356 τινος
3038 3293 3301 3363 ἀκριϐοῦς
3340 3296 3435 3349 καὶ
3471 3294 3710 3366 ἀληθοῦς
3730 3299 3868 3351 ἀνα-

2271 3382 2512 3453 γραφῆς,
2536 3381 2673 3438 ἀλλὰ
2695 3384 2824 3439 ἄλλο
2848 3402 2902 3440 τι
2920 3386 3078 3450 ἄλλος
3098 3389 3140 3419 ¹²
3160 3387 3269 3440 τῶν
3288 3389 3653 3459 ἐπιτυχόντων
3683 3389 3781 3442 καὶ
3800 3389 3869 3442 οὐ

2274 3472 2583 3543 συμφώνως
2600 3475 2873 3547 ἔγραψαν,
2895 3478 3041 3542 ὅσοις
3067 3480 3160 3532 καὶ
3182 3480 3394 3551 γράψαι
3414 3481 3866 3552 πεφιλοτίμηται.

2269 3564 2384 3638 Τὴν
2420 3567 2521 3637 μὲν
2550 3563 2644 3621 οῦν
2678 3569 2855 3639 ἀρχὴν
2889 3568 2986 3622 τοῦ
3012 3572 3472 3642 συγγράμματος,
3501 3571 3694 3643 ὥσπερ
3731 3571 3871 3642 ἔφη·

2274 3673 2375 3730 μεν
2401 3697 2415 3721 ,
2490 3659 2599 3712 ἀπὸ
2674 3662 2775 3730 τῆς
2837 3660 3066 3732 πρώτης
3136 3661 3503 3734 Ὀλυμπιάδος
3571 3664 3814 3719 ποιεῖται
3848 3682 3865 3697 ο

2272 3750 2489 3804 κάτεισι
2513 3748 2595 3819 δὲ,
2647 3751 2723 3815 ώς
2780 3753 2943 3818 αὐτὸς
3003 3770 3158 3825 φησι,
3210 3756 3374 3827 μέχρι
3414 3755 3524 3809 τῶν
3577 3753 3866 3827 Ἀδριανοῦ

2270 3844 2502 3915 χρόνων.

2351 3930 2508 4004 Ἐμοὶ
2537 3930 2595 3988 δὲ
2621 3934 2939 4007 ἀνεγνώσθη
2989 3936 3154 4007 μέχρι
3185 3936 3286 4007 τῆς
3320 3937 3427 4008 ροζ⁹
3468 3936 3863 4007 Ὀλυμπιάδος,

2270 4023 2330 4076 ὲν
2386 4018 2423 4098 ᾗ
2480 4024 2637 4079 ἐνίκα
2688 4024 3038 4097 Ἑκατόμνως
3088 4029 3134 4058 ³⁸
3190 4028 3456 4097 Μιλήσιος
3495 4029 3712 4082 στάδιον
3763 4030 3865 4085 καὶ

2270 4112 2487 4187 δίαυλον
2515 4115 2611 4167 καὶ
2641 4115 2890 4187 ὁπλίτην,
2942 4117 3082 4187 τρὶς,
3118 4114 3386 4187 ’Υφικλῆς
3421 4118 3717 4181 Σικυώνιος
3768 4121 3861 4175 δό-

2271 4205 2441 4276 λιχον,
2478 4204 2640 4270 Γάϊος
2684 4206 2954 4278 Ῥωμαῖος
3002 4209 3133 4281 [268
3178 4208 3270 4281 8.]
3320 4210 3552 4281 δόλιχον,
3595 4212 3863 4281 Ἀριστω-

2271 4295 2498 4366 νυμίδας
2522 4296 2566 4328 ¹⁸
2595 4296 2751 4364 Κῷος
2787 4297 3105 4364 πένταθλον,
3161 4300 3431 4371 Ἰσίδωρος
3468 4301 3860 4373 Ἀλεξανδρεὺς

2274 4388 2473 4457 πάλην,
2504 4389 2788 4453 Ἀπτωτος
2821 4391 3089 4461 περίοδον,
3144 4392 3407 4457 ’Λτυάνας
3456 4394 3862 4465 Ἱπποκράτους

2286 4480 2648 4552 Ἀδραμυτίου
2676 4482 2718 4512 ³⁵
2755 4484 2885 4543 παῖς
2914 4482 3040 4549 πὺξ,
3073 4485 3340 4556 Σφοδρίας
3395 4486 3694 4551 Σικυώνιος
3719 4506 3864 4558 παγ-

2273 4574 2515 4645 κράτιον,
2546 4574 2859 4647 Σωσιγένης
2887 4574 3132 4639 Ἀσιανὸς
3152 4577 3359 4631 παίδων
3380 4580 3613 4646 στάδιον,
3660 4582 3863 4636 Ἀπολ·-

2268 4662 2508 4734 λοφάνης
2561 4665 2979 4736 Κυπαρισσιεὺς
3030 4666 3239 4722 παίδων
3288 4669 3487 4740 πάλην,
3542 4673 3862 4745 Σωτήριχος

1859 4800 2100 4858 VARUS
2133 4800 2311 4857 LECT
2326 4800 2547 4858 IONES.

1081 4922 1142 4985 ὺς
1161 4937 1272 4977 om.
1306 4923 1369 4978 A.
1467 4922 1489 4954 ⁸
1517 4922 1856 4975 ὲπισκοπιῶν
1886 4939 1947 4986 ς.
1972 4922 2046 4975 cf.
2083 4936 2131 4988 v1

1124 4996 1164 5026 ¹¹
1195 4995 1383 5063 ἔτυχεν
1412 4992 1539 5063 ὑπὸ]
1568 4992 1723 5063 ἔτυχέ
1753 4992 1840 5045 πώ
1867 4993 2131 5061 Scaliger.

1081 5066 1278 5116 νυυιίας
1309 5082 1369 5116 c.
1454 5065 1498 5095 “’
1539 5062 1939 5116 Ἀτοαμυτείου
1967 5081 2028 5116 ς.

1602 5079 1939 5134 τραμυτειου
1967 5081 2028 5127 ς.

620 4923 652 4956 ⁷
681 4923 789 4978 τῶν
826 4935 947 4993 post
974 4925 1075 4993 ὲγγ

578 4994 642 5048 Ἀ
684 4997 872 5052 edicto:
906 4993 948 5049 C
986 5013 1045 5060 ς.
1124 4996 1207 5045 “l

578 5013 731 5119 ιιίδρας
760 5068 808 5119 Α
831 5083 847 5119 :
874 5066 1207 5119 Ἀοιτωνυιιί

571 5066 731 5130 ιιίδας
760 5068 808 5121 Α
831 5083 847 5121 :
874 5066 1278 5135 Ἀριτωνυμίας
1309 5082 1369 5129 ς’.

1467 4920 1489 4954 ⁸
1517 4921 1856 4975 ὲπισκοπιῶν
1886 4939 1947 4986 ς.
1972 4919 2046 4975 cf.
2083 4936 2139 4988 v,
2170 4920 2230 4986 2,
2262 4928 2317 4974 et
2345 4935 2398 4985 p.
2428 4921 2490 4975 8i
2520 4938 2573 4979 ο.
2610 4920 2699 4976 32.
2776 4923 2799 4954 ⁹
2842 4923 3174 4987 Ἰνωκέντιος
3204 4941 3264 4988 ς’.

1467 4992 1539 5058 τὸ]
1568 4992 1723 5058 ἔτυχέ
1753 4992 1840 5045 πώ
1867 4993 2131 5058 Scaliger.
2233 4992 2277 5021 "
2310 4991 2500 5046 ἄλλοτε
2538 4991 2715 5057 ἄλλως
2744 5010 2806 5058 ς.
2885 4995 2928 5025 ¹³
2973 4994 3264 5058 Ἑκατόμνι

3343 4923 3388 4955 ¹⁰
3420 4924 3728 4995 Νεκτάριος
3755 4924 3802 4979 Α
3839 4944 3853 4980 :

2885 4995 2928 5025 "
2973 4994 3306 5065 Ἑκατόμνος
3331 5013 3395 5051 σ.
3478 4994 3523 5025 ι*
3548 4994 3859 5066 Ἀριτωνυ-

2116 5152 2327 5210 NOTAE
2338 5193 2353 5209 .

639 5272 754 5343 (‘20.)
788 5270 1017 5343 Niceph.
1042 5269 1277 5343 cap.29,
1311 5281 1453 5324 extr.
1501 5267 1730 5324 Monstri
1772 5279 1952 5324 autem
1999 5268 2147 5325 illius

566 5341 767 5412 ﬂagitia
789 5341 1278 5412 indicabitiPallad.

638 5407 750 5483 (2i)
795 5414 871 5483 De
893 5427 1001 5480 quo
1052 5410 1279 5483 ψεδνὴ.
1322 5424 1444 5483 cap.
1475 5410 1567 5465 ει.
1599 5407 2144 5483 Nebridiiquondam

565 5479 807 5554 praefecti
839 5479 1033 5551 sponsa
1056 5481 1287 5545 Pallad.,
1308 5482 1448 5551 apud
1474 5496 1633 5551 quem
1658 5481 1725 5535 de
1752 5479 1943 5535 eadem
1969 5482 2147 5548 plura.

632 5553 747 5607 {22)
769 5551 1061 5607 Niceohnr.
1090 5569 1211 5607 can.
1253 5552 1323 5607 55
1347 5552 1507 5607 et54.

632 5562 747 5607 (22‘)
769 5562 1061 5607 Ncenhnr.
1090 5569 1211 5607 can.
1253 5562 1323 5607 55
1347 5562 1507 5607 etM.

635 5555 747 5624 (22)
769 5555 1061 5623 Nicephnr.
1090 5569 1211 5623 cap.
1253 5555 1323 5607 55
1347 5555 1507 5607 etM.

635 5624 748 5708 (23)
779 5622 1005 5708 lti‘iceph'.
1045 5626 1137 5708 liii.
1170 5638 1444 5708 x'tv,.cap.
1480 5632 1625 5708 extr.
1656 5619 2149 5708 Zonaratomalll,

556 5692 763 5776 tet-ipsa
793 5693 1007 5762 Georgii
1032 5696 1170 5776 edit:
1191 5694 1403 5776 Latina,
1437 5710 1541 5776 non
1574 5692 1930 5776 πεσσομεεά
1952 5692 2140 5776 θεείου

565 5762 793 5819 relatum
826 5781 1021 5820 nomen
1056 5767 1116 5817 D.
1145 5765 1304 5820 Jnan.
1331 5766 1382 5818 in
1407 5762 1672 5835 vdiptycba
1704 5762 2140 5835 tribuunt.1(3as~

565 5836 701 5893 siod.
719 5837 850 5893 item
886 5847 940 5891 et
977 5837 1188 5893 relinni.

561 5850 701 5893 sica.
719 5850 850 5893 item
886 5850 940 5891 et
977 5850 1188 5907 reltqnt.

2323 5268 2435 5338 (24)
2473 5265 2627 5342 Suid.
2670 5267 2861 5342 Ἐτὲθη
2889 5268 2946 5321 δὲ
2980 5269 3174 5340 πρώτη
3199 5340 3208 5342 Α
3229 5271 3535 5342 Ὀλυμπιὰς
3563 5272 3657 5325 ἐπὶ
3688 5274 3856 5331 Σολοο

2258 5339 2800 5411 μῶντος-εἱςέορτὴν
2835 5339 3106 5411 κοσμικὴν
3128 5339 3222 5394 τοῦ
3255 5339 3399 5407 Διός.

2331 5409 2444 5481 (25)
2481 5407 2635 5483 Unde
2667 5407 2881 5483 merito
2909 5407 3122 5481 tempus
3180 5413 3308 5483 illud
3354 5412 3585 5483 μυθικὸν
3642 5412 3847 5483 Varro,

2257 5479 2545 5552 Censorin.
2591 5480 2788 5552 Euseb.
2820 5479 3052 5552 August:
3081 5493 3138 5537 et
3170 5482 3260 5536 alii
3301 5479 3661 5552 appellarunt.

2331 5550 2442 5621 (26)
2475 5550 2817 5631 Et‘Olytnp.
2839 5551 2964 5605 229.
3017 5549 3173 5608 Suid.
3201 5549 3386 5620 anim,
3409 5554 3565 5624 cujus
3596 5570 3743 5609 anno
3788 5558 3851 5625 2,

2262 5632 2507 5691 mortuus
2546 5622 2771 5674 Adrian.
2806 5623 2936 5691 imp.

2321 5690 2434 5761 (27)
2463 5690 2740 5759 Olympica
2760 5693 3119 5762 ἀγωνίσματα
3145 5709 3174 5747 e
3193 5693 3429 5749 Pansan.
3456 5692 3625 5749 Eliac.
3657 5694 3850 5762 priore

2249 5761 2399 5836 l_ihro_
2422 5763 2680 5836 colligere
2712 5762 2859 5827 liort,
2890 5771 2947 5819 et
2976 5761 3269 5835 descripsit
3311 5764 3452 5821 Bud.
3486 5761 3767 5836 prioribus
3786 5770 3844 5825 in

2250 5829 2509 5888 Pandect.
2543 5832 2851 5888 Comment.
