4090 6412
231 415 333 481 361

1330 432 1853 496 BIBLIOTHECA.
1898 462 1968 473 —
2006 438 2169 502 COD.
2212 443 2411 507 XCVI.

3389 455 3498 520 362

244 534 453 596 Ἠλεῖος
521 534 729 588 παίδων
780 536 911 603 πὺξ,
968 538 1158 605 Κάλας
1202 542 1411 608 Ἠλεῖος
1443 547 1649 600 παίδων
1674 564 1802 617 παγ-

1919 551 2092 606 cratio
2114 564 2171 608 et
2200 566 2413 610 armato
2459 573 2621 613 cursu
2682 558 3048 619 llecatomnus
3090 562 3351 623 Milesius.
3396 569 3506 626 'l‘er

242 625 480 697 ιράτιον,
522 625 872 698 Ἐκατόμνως
894 630 1162 702 Μιλήσιος
1192 635 1287 688 καὶ
1319 636 1610 708 ὁπλίτην¹⁶
1643 633 1802 708 (οὗτος

1920 642 2010 696 hic
2036 646 2227 699 eodem
2258 646 2374 714 ipso
2408 648 2495 702 die
2539 662 2834 706 coronatus
2886 661 2989 716 est,
3044 656 3222 710 stadio
3279 658 3507 728 ejusque

228 722 290 770 έν
316 722 381 789 τῇ
415 721 552 790 αὐτῇ
592 720 662 773 τὰ
712 722 842 791 τρία
896 725 1273 798 ἐστεφανώθη,
1309 729 1545 795 στάδιον,
1577 733 1816 801 δίαυλον,

224 812 499 883 ὁπλίτην),
542 814 919 887 Ἀριστόλοχος
972 820 1001 871 ὁ
1044 820 1252 886 Ἠλεῖος
1297 823 1619 896 τέθριππον,
1649 827 1815 899 Ἀγή-

229 922 392 975 μονος
427 906 640 960 Ἠλείου
681 908 871 981 κέλης,
916 911 1231 967 Ἑλλανίκου
1296 916 1508 971 Ἠλείου
1554 922 1810 992 συνωρὶς,

225 997 320 1049 τοῦ
350 999 521 1053 αὐτοῦ
557 1001 798 1055 πωλικὸν
830 1003 1151 1075 τέθριππον,
1198 1008 1412 1081 Κλητία
1449 1012 1490 1044 ¹⁷
1532 1014 1743 1068 Ἠλείου
1772 1016 1815 1047 ¹⁸

222 1090 440 1162 πωλικὴ
469 1095 727 1165 συνωρὶς,
780 1097 1101 1153 Καλλίππου
1125 1101 1326 1170 Πηλίου
1360 1106 1596 1171 πωλικὸς
1625 1108 1811 1179 κέλης.

291 1184 602 1251 Λεύκολλος
634 1188 690 1240 δὲ
734 1189 957 1260 Ἀμισὸν
1009 1194 1052 1225 ¹⁹
1083 1194 1414 1266 ἐπολιόρκει,
1448 1201 1543 1252 καὶ
1586 1201 1813 1271 Μουρή-

222 1290 316 1326 ναν
352 1275 449 1327 ἐπὶ
469 1276 575 1345 τῆς
597 1278 916 1349 πολιορκίας
945 1283 1262 1339 καταλιπὼν
1285 1289 1424 1356 μετὰ
1436 1288 1580 1341 δυοῖν
1599 1292 1814 1361 ταγμά-

222 1383 332 1419 τοιν
364 1367 530 1432 αὐτὸς
553 1369 692 1439 μετά
722 1372 890 1443 τριῶν
913 1374 1090 1430 ἄλλων
1113 1379 1356 1449 προῆγεν
1381 1383 1474 1434 ἐπὶ
1497 1383 1810 1454 Καϐείρων,

217 1457 351 1512 ὅπου
382 1459 724 1532 διεχείμαζε.
763 1464 872 1517 Καὶ
914 1466 1193 1537 Ἀδριανὸν
1227 1472 1466 1538 ἐπέταξε
1502 1476 1812 1549 πολεμῆσαι

218 1553 566 1625 Μιθριδάτῃ’
600 1556 695 1609 καὶ
750 1557 1070 1629 πολεμήσας
1133 1562 1373 1633 ἐνίκησε.
1415 1567 1528 1619 Καὶ
1585 1569 1810 1640 σεισμοῦ

1921 743 2165 797 recursu,
2193 743 2250 786 et
2293 746 2501 790 armato
2532 751 2717 801 cursu,
2745 740 3121 797 Aristolochus
3173 743 3338 801 Eleus
3370 762 3504 816 qua-

1919 821 2069 894 driga
2094 826 2290 889 victor,
2310 842 2449 896 equo
2476 844 2604 883 vero
2633 831 2890 901 singulari
2912 834 3154 903 Agemon
3178 826 3364 892 Eleus.
3381 837 3504 893 Hel-

1915 913 2095 969 lanico
2122 906 2250 973 Eleo
2269 920 2385 989 biga
2408 922 2592 982 cessit,
2620 932 2675 979 et
2697 925 3045 992 equuleorum
3072 928 3356 999 quadriga.
3383 928 3506 984 Cle-

1918 1006 2005 1061 tia:
2038 1008 2149 1063 Elei
2186 1013 2538 1081 equulcorum
2567 1014 2687 1087 biga
2719 1016 2836 1082 fuit,
2865 1028 2918 1073 et
2948 1018 3173 1090 Callippi
3204 1017 3348 1081 Peld
3385 1022 3503 1077 siu-

1915 1100 2036 1171 gula
2046 1102 2119 1157 ris
2154 1106 2443 1174 equuleus.

1986 1193 2244 1251 Lucullus
2301 1213 2369 1252 eo
2424 1207 2663 1267 tempore
2725 1201 2969 1256 Amisum
3028 1202 3348 1271 obsidebat;
3406 1208 3502 1262 sed

1917 1283 2142 1339 Murena
2179 1286 2231 1341 in
2263 1289 2549 1345 obsidione
2572 1304 2694 1344 cum
2713 1290 2923 1345 duabus
2950 1290 3253 1360 legionibus
3287 1292 3497 1362 relicto,

1916 1376 2032 1446 ipse
2064 1394 2185 1433 cum
2218 1381 2389 1435 tribus
2418 1381 2541 1436 aliis
2570 1382 2833 1437 adversus
2870 1381 3128 1439 Cabeiros
3156 1385 3325 1452 duxit,
3368 1386 3500 1441 etin

1916 1471 2160 1528 hibernis
2191 1474 2390 1528 ibidem
2410 1484 2589 1530 castra
2613 1475 2832 1531 locavit.
2864 1475 3008 1531 ldem
3041 1477 3339 1532 Adriauum
3370 1493 3497 1535 cum

1918 1563 2237 1620 Mithridate
2270 1565 2562 1637 conﬂigere
2587 1567 2761 1638 jubet,
2806 1583 2912 1637 quo
2930 1569 3091 1623 etiam
3121 1569 3310 1639 praelii)
3331 1584 3498 1640 supe-

218 1650 276 1702 ἐν
326 1647 522 1720 Ῥώμῃ
552 1649 853 1719 γενομένου
921 1652 1091 1707 πολλὰ
1137 1654 1347 1728 ταύτης
1374 1660 1668 1717 συνέπεσε.
1700 1664 1802 1717 Καὶ

1913 1657 2026 1711 rior
2050 1657 2176 1714 fuit.
2211 1660 2398 1715 Romae
2425 1676 2641 1730 quoque
2669 1670 2811 1715 terra
2835 1662 3023 1726 movit,
3046 1661 3320 1731 multaque
3355 1663 3496 1717 ami-

217 1738 351 1792 ἄλλα
381 1741 439 1791 δὲ
474 1737 706 1792 πλεῖστα
735 1739 794 1792 ὲν
821 1740 994 1813 ταύτῃ
1030 1743 1327 1818 ξυνηνέχθη
1358 1752 1424 1821 τῇ
1463 1751 1802 1821 Ὀλυμπιάδι.

1912 1752 2012 1817 xit,
2035 1762 2089 1806 et
2121 1752 2224 1807 alia
2274 1764 2538 1823 praeterea
2573 1755 2797 1824 plurima
2846 1756 2947 1810 hac
3008 1757 3120 1825 ipsa
3177 1753 3497 1827 Olympiade

216 1832 327 1885 Kal.
374 1832 670 1901 Ῥωμαίων
694 1832 773 1901 τῷ
810 1834 978 1907 τρίτῳ
1030 1837 1204 1910 αὐτῆς
1235 1841 1345 1894 ἔτει
1388 1843 1802 1915 ἀπετιμήθησαν

1910 1844 2270 1914 contigerunt.
2325 1844 2460 1919 Nam
2512 1861 2659 1900 anno
2687 1849 2850 1902 tertio
2900 1864 3079 1904 censa:
3131 1862 3257 1906 sunt
3305 1851 3493 1906 Roma:

221 1925 493 1996 μυριάδες
539 1929 867 2000 ἐνενήκοντα
909 1931 1004 1985 καὶ
1037 1907 1297 2003 μίαίΚαὶ
1330 1907 1702 2006 Σινατρούκην
1716 1937 1802 1990 τὸν

1913 1907 2179 2008 myriades
2196 1939 2306 2009 (29)
2322 1916 2617 2010 nunaginta
2638 1951 2694 1993 et
2711 1956 2836 1996 una.
2861 1940 3145 1998 Sinatruce
3167 1944 3491 2000 Parthorum

218 2017 455 2087 Πάρθων
487 2018 716 2088 βασιλέα
744 2021 1147 2092 τελευτήσαντα
1181 2024 1451 2090 διεδέξατο
1474 2026 1731 2097 Φραάτης
1760 2028 1802 2059 ’θ

1910 2041 2036 2097 rege
2057 2029 2326 2082 exstincto
2356 2028 2494 2099 (50),
2527 2031 2793 2085 successit
2817 2030 3082 2086 Phraates
3128 2045 3492 2103 cognomento

214 2112 242 2162 ὁ
273 2111 597 2181 ἐπικληθεὶς
626 2114 782 2178 Θεός.
812 2116 925 2170 Καὶ
994 2117 1224 2187 Φαῖδρον
1280 2118 1372 2172 τὸν
1427 2120 1802 2193 Ἐπικούρειον

1909 2116 2094 2186 Deus;
2152 2129 2207 2174 et
2249 2118 2533 2176 Phaedrum
2585 2121 2907 2190 Epicureum
2964 2133 3256 2191 mortuum,
3288 2125 3489 2180 Patron

216 2201 488 2267 διεδέξατο
545 2205 794 2275 Πάτρων.
874 2208 989 2261 Καὶ
1044 2209 1365 2281 Οὐεργίλιος
1434 2212 1480 2243 ’⁸
1536 2203 1743 2286 Μάρων
1777 2219 1805 2271 ὁ

219 2296 451 2366 ποιητὴς
480 2298 751 2369 ἐγεννήθη
808 2298 1001 2354 τούτου
1027 2300 1122 2354 τοῦ
1162 2302 1349 2369 ἔτους,
1406 2304 1567 2369 εἰδοῖς
1604 2307 1805 2361 Ὀκτω-

220 2388 427 2458 ϐρίαις.
460 2389 593 2461 [147
626 2389 722 2463 Η.]
787 2390 876 2462 Τῷ
903 2393 960 2446 δὲ
982 2393 1229 2465 τετάρτῳ
1270 2395 1379 2449 ἔτει
1407 2397 1684 2470 Τιγράνης
1710 2403 1804 2454 καὶ

218 2480 561 2551 Μιθριδάτης
581 2482 935 2553 ἀθροίσαντες
961 2484 1164 2551 πεζοὺς
1192 2486 1292 2557 μὲν
1310 2490 1585 2561 τέσσαρας
1604 2493 1803 2564 μυριά-

216 2569 329 2635 δας,
376 2573 585 2638 ἱππέας
610 2575 655 2605 ’⁸
688 2576 744 2628 δὲ
790 2579 964 2647 τρεῖς,
1023 2578 1118 2631 καὶ
1165 2579 1255 2632 τὸν
1294 2580 1555 2636 Ἰταλικὸν
1604 2586 1804 2650 αὐτοὺς

218 2664 482 2730 τάξαντες
513 2667 735 2739 τρόπον,
766 2668 1116 2740 ἐπολέμησαν
1141 2672 1427 2745 Λευκόλλῳ
1444 2675 1489 2705 ’³
1511 2690 1525 2704 ο
1554 2677 1648 2730 καὶ
1676 2680 1803 2749 νικᾷ

216 2757 546 2822 Λεύκολλος,
597 2760 693 2813 καὶ
745 2762 1171 2832 πεντακισχίλιοι
1226 2764 1325 2834 μὲν
1373 2765 1482 2819 τῶν
1522 2769 1661 2837 μετά
1708 2770 1802 2823 Tt-

217 2851 455 2919 γράνους
478 2850 696 2916 ἔπεσον,
728 2852 946 2917 πλείους
973 2854 1030 2907 δὲ
1058 2854 1261 2911 τούτων
1286 2858 1799 2930 ᾐχμαλωτίσθησαν,

214 2941 391 3013 χωρὶς
412 2940 510 2994 τοῦ
538 2941 700 2995 ἄλλου
759 2940 1057 3011 σύγκλυδος
1106 2945 1150 2976 ’⁸
1177 2947 1356 3017 ὄχλου.
1393 2950 1502 3002 Καὶ
1532 2950 1591 3002 τὸ
1618 2952 1800 3005 Καπι-

212 3030 409 3083 τώλιον
434 3033 493 3084 ὲν
544 3030 732 3104 Ῥώμῃ
771 3035 982 3098 Κάτλος
1022 3037 1353 3108 καθιέρωσε.
1389 3041 1499 3093 Καὶ
1531 3042 1800 3108 Μέτελλος

210 3120 299 3173 ἐπὶ
324 3122 426 3174 τὸν
477 3121 757 3192 Κρητικὸν
813 3122 1050 3193 πόλεμον
1083 3126 1357 3197 ὁρμήσας,
1388 3127 1515 3197 τρία
1541 3129 1798 3200 τάγματα

211 3215 371 3283 ἔχων,
405 3210 569 3286 ἦλθεν
612 3218 690 3281 είς
733 3218 831 3289 τὴν
890 3219 1072 3290 νῆσον,
1128 3222 1221 3274 καὶ
1268 3222 1417 3296 μάχῃ
1442 3226 1685 3297 ἰνικήσας
1707 3230 1798 3282 τὸν
1825 3261 1869 3324 C

207 3307 463 3377 Λασθένη
496 3308 542 3339 ³⁸
569 3309 929 3380 αὐτοκράτωρ
981 3312 1350 3384 ἀνηγορεύθη,
1394 3318 1487 3370 καὶ
1515 3321 1792 3392 τειχήρεις

209 3401 519 3470 κατέστησε
541 3402 666 3466 τοὺς
690 3403 935 3474 Κρῆτας.
987 3406 1101 3459 Καὶ
1133 3407 1501 3481 Ἀθηνόδωρος
1528 3413 1795 3483 πειρατὴς

209 3493 813 3564 ἐξανδραποδισάμενος
849 3496 1077 3568 Δηλίους
1099 3499 1167 3552 τά
1181 3500 1291 3553 τῶν
1318 3501 1627 3573 λεγομένων
1653 3504 1793 3560 θεῶν

210 3582 374 3647 ξόανα
406 3586 771 3658 διελυμήνατο
792 3606 806 3620 ν
860 3589 1020 3655 Γάϊος
1072 3591 1130 3644 δὲ
1162 3593 1421 3664 Τριάριος
1463 3598 1535 3650 τὰ
1556 3598 1795 3667 λελωϐη-

207 3678 346 3747 μένα
376 3680 481 3749 τῆς
512 3680 721 3745 πόλεως
763 3684 1135 3750 ἐπισκευάσας
1196 3689 1430 3759 ἐτείχισε
1469 3693 1569 3764 τήν
1599 3696 1788 3764 Δῆλον.

268 3772 458 3843 Μέχρι
522 3773 621 3842 μὲν
670 3774 764 3829 οὖν
805 3774 1010 3847 ταύτης
1049 3796 1139 3848 μοι
1196 3782 1297 3851 τῆς
1342 3783 1704 3853 Ὀλυμπιάδος
1735 3791 1794 3840 ὲν

204 3864 381 3933 λόγοις
412 3865 577 3919 πέντε
604 3869 636 3939 ή
666 3869 969 3939 ἀνάγνωσις
998 3874 1247 3942 γέγονεν.
1278 3876 1436 3930 Ἐστι
1457 3877 1514 3930 δὲ
1532 3877 1631 3950 τὴν
1657 3880 1794 3951 φρά-

208 3974 284 4009 σιν
339 3957 475 4011 οὖτε
531 3959 654 4012 λίαν
699 3965 1049 4036 χαμαιπετὴς
1082 3966 1206 4021 οὔτε
1239 3969 1331 4021 τὸν
1377 3971 1622 4025 Ἀττικὸν
1652 3974 1707 4036 ὲς
1732 3973 1793 4026 τὸ

206 4047 438 4118 ἀκριόὲς
492 4048 771 4115 διασὼζων
816 4057 1164 4127 χαρακτῆρα.
1198 4058 1408 4123 ’Ἄλλως
1452 4078 1511 4114 τε
1553 4061 1609 4115 δὲ
1636 4063 1731 4116 καὶ
1756 4064 1791 4135 ἡ

206 4140 333 4208 περὶ
364 4138 467 4202 τὰς
511 4140 881 4222 Ὀλυμπιάδας
910 4146 1004 4199 καὶ
1029 4148 1099 4201 τὰ
1132 4150 1189 4201 ὲν
1223 4150 1415 4213 αὐταῖς
1446 4151 1555 4205 τῶν
1592 4154 1792 4222 ἀγωνι-

205 4232 428 4300 σμάτων
472 4220 717 4302 ὀνόματα
768 4237 861 4289 καὶ
911 4238 1139 4308 πράξεις
1182 4241 1227 4271 ²⁶
1276 4244 1436 4313 καὶὴ
1486 4220 1790 4315 περὶ-τοὺς

208 4325 496 4393 χρησμοὺς
526 4326 755 4395 ἄκαιρος
817 4329 1098 4397 φιλοπονία
1147 4349 1209 4385 τε
1260 4334 1354 4387 καὶ
1384 4334 1683 4402 φιλοτιμία,
1710 4339 1789 4400 είς

208 4415 365 4486 κόρον
393 4416 691 4483 ἀπάγουσα
747 4418 839 4472 τὸν
879 4422 1154 4493 ἀκροατὴν
1197 4426 1291 4478 καὶ
1328 4427 1494 4496 μηδὲν
1522 4428 1651 4481 ἀλλο
1679 4429 1788 4481 τῶν

207 4506 258 4556 ὲν
287 4505 368 4575 τῷ
400 4506 548 4578 λόγῳ
583 4508 922 4577 προκύπτειν
951 4516 1329 4587 συγχωροῦσα,
1354 4519 1495 4589 ἀηδῆ
1527 4537 1585 4573 τε
1626 4523 1669 4553 ’⁷
1696 4520 1786 4574 τὸν

1909 2211 2143 2276 excepit.
2176 2209 2433 2280 Virgilius
2468 2212 2594 2267 item
2626 2212 2775 2267 Maro
2798 2214 2910 2286 (51)
2939 2215 3040 2269 hoc
3084 2216 3201 2285 ipso
3217 2232 3360 2270 anno
3382 2217 3489 2271 ldi-

1906 2297 2008 2353 bus
2036 2297 2288 2356 Octobris
2346 2313 2506 2358 natus
2550 2310 2654 2358 est.
2694 2303 2901 2369 Quarto
2943 2320 3071 2359 vero
3109 2305 3268 2375 hujus
3298 2305 3488 2380 Olym-

1906 2392 2083 2459 piadis
2136 2408 2278 2449 anno
2320 2394 2587 2464 Tigranes
2614 2404 2667 2451 et
2689 2395 3051 2460 Mithridates,
3095 2400 3340 2455 collectis
3371 2400 3486 2471 (52)

1905 2486 2144 2554 peditum
2176 2487 2538 2557 quadraginta
2571 2490 2814 2558 milibus,
2848 2495 3088 2562 equitum
3109 2494 3353 2563 triginta,
3401 2494 3487 2547 in-

1904 2585 2221 2646 structaque
2255 2578 2625 2635 Romanorum
2657 2596 2805 2636 more
2824 2584 2961 2649 acie,
2982 2599 3106 2638 cum
3148 2583 3373 2639 Lucullo
3406 2586 3488 2638 di-

1904 2667 2171 2723 micantes
2232 2669 2358 2724 victi
2420 2681 2547 2726 sunt
2581 2693 2595 2728 :
2622 2674 2776 2730 caesis
2800 2691 2831 2731 e
2858 2675 3107 2744 Tigranis
3131 2677 3304 2745 copiis
3324 2678 3485 2748 quin-

1904 2771 2009 2826 que
2030 2759 2289 2824 millibus,
2314 2772 2368 2816 et
2395 2764 2479 2818 liis
2507 2765 2752 2834 pluribus
2778 2768 2974 2836 captis,
3008 2778 3205 2838 praeter
3231 2778 3483 2825 casteram

1903 2852 2184 2908 hominum
2215 2854 2501 2911 colluviem
2540 2858 2677 2929 (55),
2736 2858 3060 2929 Capitolium
3101 2862 3288 2917 Romae
3319 2864 3486 2919 Catu-

1903 2944 1989 3001 lus
2016 2948 2283 3002 dedicavit
2310 2966 2322 3003 :
2351 2959 2405 3004 et
2441 2951 2506 3003 ad
2532 2951 2801 3006 Creticum
2828 2953 2939 3023 (54)
2987 2952 3183 3008 bellum
3210 2955 3487 3024 profectus

1902 3053 2022 3092 cum
2060 3040 2276 3111 triginta
2329 3042 2629 3112 legionibus
2663 3043 2933 3109 Metellus,
2980 3046 3205 3100 insulam
3235 3061 3356 3102 eam
3410 3056 3484 3103 te-

1902 3130 2019 3183 nuit
2049 3148 2063 3185 :
2088 3134 2173 3186 ubi
2195 3142 2251 3187 et
2290 3149 2453 3187 manu
2500 3150 2623 3190 cum
2659 3135 2963 3193 Laosthene
3010 3146 3279 3205 conserta,
3310 3138 3485 3194 victor

1903 3219 2201 3289 imperator
2229 3234 2313 3279 est
2339 3227 2663 3295 appellatus,
2695 3229 3050 3285 Cretensibus
3102 3229 3245 3283 intra
3285 3230 3484 3301 oppida

1905 3329 2202 3384 murosque
2232 3318 2551 3387 compulsis.
2576 3320 2962 3376 Athenodorus
2985 3321 3163 3391 pirata
3189 3321 3301 3377 Deli
3324 3322 3481 3378 inco-

1900 3407 1980 3461 las
2010 3411 2255 3477 captivos
2285 3412 2584 3473 abducens,
2620 3412 2866 3477 deorum,
2899 3413 2990 3484 qui
3018 3424 3302 3481 vocantur,
3325 3415 3481 3486 signa

1898 3499 2168 3555 destruxit
2197 3518 2212 3564 ;
2241 3511 2297 3555 at
2316 3502 2478 3572 Cujus
2494 3504 2713 3572 quidam
2746 3504 2994 3561 Triarius
3023 3506 3173 3562 urbis
3198 3516 3319 3562 ruta
3339 3521 3483 3563 caesa

1898 3590 2230 3660 instaurans,
2265 3594 2453 3649 Delum
2486 3612 2643 3653 muro
2676 3597 2871 3654 cinxit.

1965 3778 2045 3830 Ad
2089 3777 2230 3833 hanc
2264 3778 2446 3848 itaque
2487 3776 2857 3850 Olympiadem
2884 3796 3056 3852 usque
3102 3780 3270 3838 libros
3317 3783 3482 3853 quin-

1896 3884 2002 3938 que
2029 3870 2376 3939 perlegimus.
2402 3871 2659 3928 Auctoris
2688 3873 2861 3943 stylus
2880 3888 3057 3943 neque
3085 3876 3308 3931 omnino
3328 3875 3481 3930 humi

1894 3963 2085 4031 serpit,
2121 3980 2295 4033 neque
2350 3964 2593 4019 Atticum
2652 3980 3043 4037 usquequaque
3096 3968 3474 4023 characterem

1893 4063 2097 4110 servat.
2123 4055 2375 4126 Alioquin
2414 4057 2501 4110 illa
2534 4056 2699 4112 nimis
2761 4058 2946 4128 putida
2974 4060 3145 4128 ipsius
3196 4060 3476 4113 accuratio

1893 4156 2058 4216 atque
2092 4148 2370 4219 diligentia
2395 4149 2448 4204 in
2496 4147 2908 4222 Olympiadibus
2932 4151 3339 4222 percensendis,
3361 4152 3479 4206 siu-

1894 4239 2260 4309 gulorumque
2276 4243 2637 4297 certaminum
2666 4245 2997 4307 nominibus,
3017 4254 3075 4299 et
3098 4246 3259 4300 rebus
3286 4245 3475 4313 gestis,

1890 4341 2054 4400 atque
2106 4334 2237 4402 ipsis
2269 4334 2433 4388 etiam
2460 4336 2700 4392 oraculis
2756 4338 3077 4402 referendis,
3116 4353 3223 4391 non
3257 4338 3474 4392 tmdium

1889 4425 2051 4480 modo
2081 4424 2269 4481 lectori
2304 4426 2483 4488 all'ert,
2513 4429 2638 4481 dum
2681 4443 2775 4499 per
2796 4445 2916 4484 eam
2953 4430 3157 4499 reliqua
3187 4429 3365 4483 omnia
3416 4428 3473 4481 in

1888 4514 1993 4571 hoc
2045 4516 2186 4572 libro
2224 4519 2572 4589 obteguutur,
2627 4538 2803 4591 neque
2855 4538 3122 4593 apparere
3168 4522 3466 4577 sinuntur:

206 4594 355 4663 λόγον
382 4597 625 4651 δεικνύει
656 4601 749 4653 καὶ
803 4602 1024 4674 χάριτος
1070 4607 1223 4659 οὐδὲν
1251 4607 1395 4678 ἔχειν
1426 4613 1777 4684 παρατίθησι.

1903 4622 2076 4662 verum
2101 4610 2265 4663 etiam
2299 4612 2646 4678 iniucundum
2704 4614 3089 4683 propemodum
3134 4614 3311 4669 reddit
3350 4627 3468 4665 ser-

208 4686 494 4757 Χρησμοίς
544 4688 603 4742 δὲ
658 4692 934 4757 παντοίοις
959 4695 1037 4759 είς
1063 4696 1370 4770 ὑπερϐολήν
1423 4702 1539 4755 ἐστι
1582 4720 1781 4775 κεχρη-

206 4776 380 4844 μένος.

1895 4715 2133 4766 nionem,
2166 4703 2370 4772 quique
2393 4704 2537 4776 84b
2588 4708 2777 4775 gratia;
2802 4708 2934 4761 niliil
2960 4708 3158 4761 habere
3198 4705 3477 4761 indicetur

1893 4803 1950 4849 et
1979 4808 2109 4849 vero
2144 4797 2323 4851 omnis
2356 4800 2576 4866 generis
2604 4800 2827 4853 deorum
2884 4814 3142 4871 responsa
3168 4801 3288 4855 sine
3313 4803 3474 4855 modo

1892 4887 2145 4943 inculcat.

1494 5036 1732 5095 unus
1775 5031 2181 5101 LECTIONES.

370 5175 498 5249 Μιλ.
528 5176 624 5229 καὶ
659 5176 884 5249 ὁπλίτην
920 5195 999 5249 ς,
1081 5177 1124 5209 ¹⁷
1160 5178 1399 5249 Κλητεία
1432 5198 1493 5245 ς’·

269 5245 585 5315 Ούῖργίλιος
623 5263 684 5310 ς’.
783 5241 1102 5300 ²²’ἱππέων.
1141 5266 1201 5312 ς.

205 5313 242 5342 ’⁸
272 5313 484 5380 καὶτὰς
520 5318 752 5387 πράξεις
779 5317 819 5372 C
851 5336 910 5382 ς.
988 5319 1032 5349 "
1060 5336 1119 5371 τε
1152 5319 1337 5389 σχεδὸν
1372 5322 1462 5375 τόν
1492 5340 1552 5385 ς’.

1592 5181 1634 5211 ’⁸
1670 5183 1902 5253 Πηλείου
1952 5204 2012 5251 ς.

1295 5249 1341 5279 ’³
1369 5251 1692 5339 Λευκούλλῳ
1740 5249 1817 5295 ⁷-
1847 5249 2187 5323 Λεύκουλλος
2221 5277 2280 5325 ς.
2368 5260 2414 5293 ⁸⁸
2448 5249 2780 5331 συγκλυδοῦς
2828 5283 2887 5330 ς.
2913 5249 2934 5261 ⁸
2978 5267 3024 5298 ’³
3071 5249 3355 5339 Λαοόθέόᾗ

2132 5189 2173 5226 ⁸⁸
2205 5187 2474 5267 Λεύκολος
2533 5191 2603 5267 δὲ⁸
2635 5193 2861 5267 άμινσον
2906 5214 2967 5261 ς.
3045 5196 3091 5227 ⁴¹⁰
3139 5196 3353 5267 Φράτης
3411 5216 3471 5262 ς.

1744 5414 1979 5473 NOTAE.

274 5545 488 5629 Gil-29')
518 5547 575 5601 ld
606 5557 709 5613 est,
739 5548 923 5629 decem
940 5549 1105 5606 millia
1122 5568 1283 5629 supra
1306 5565 1574 5629 nongcnla
1603 5557 1786 5629 millia.

263 5618 375 5687 (50)
416 5616 973 5695 _S‘anatrucen,-huic,
1024 5634 1081 5676 ut
1132 5616 1787 5695 videtur,'cogttOIiiiitetit.

207 5686 593 5762 Armeniorum
619 5691 917 5762 quemdam
942 5708 1123 5762 regem
1161 5697 1295 5749 citat
1328 5686 1482 5752 Suidv.

296 5758 402 5834 (5t)
434 5758 539 5834 Cu.
564 5758 819 5834 Rompeio
843 5772 898 5815 et
924 5758 1208 5834 M_.Crasso
1230 5782 1402 5834 coss.,
1428 5778 1485 5824 ut
1510 5770 1584 5825 ait
1607 5771 1788 5828 Dona-

211 5835 297 5879 tus
331 5831 378 5879 in
411 5829 529 5892 ejus
570 5828 714 5894 Vita,
767 5846 910 5885 anno
944 5832 1008 5888 U.
1046 5834 1107 5889 C.
1140 5836 1264 5891 684.

266 5898 376 5967 liii)
408 5899 670 5953 Errorem
696 5900 785 5954 hic
818 5903 1181 5971 irrepsissein
1205 5908 1472 5969 calculum
1508 5927 1575 5969 ex
1622 5925 1807 5993 caetej
1856 5973 1876 5991 τ

512 6012 785 6074 ΡΑΤιιοι..
830 6016 943 6077 Gn.
990 6019 1150 6083 Clll.

1898 5562 1978 5644 ris
2032 5562 2330 5630 historicis,
2378 5569 2701 5655 negantibus
2768 5585 2955 5650 parem
3007 5588 3309 5655 unquania
3358 5576 3475 5655 sole

1895 5640 2068 5687 Visam
2123 5651 2377 5705 pugnam,
2429 5640 2873 5699 manifestissime
2918 5640 3153 5699 constat.
3198 5644 3331 5701 V'ide
3393 5650 3475 5700 vel

1895 5701 2041 5757 Plut.
2070 5704 2377 5762 Lucullum.
3522 5758 3525 5763 ,

1959 5774 2073 5844 (35)
2091 5776 2375 5857 ξρχκλυδῇ
2393 5778 2548 5857 ὄχλον
2583 5783 2652 5857 ad
2672 5784 2979 5857 ministeria
2996 5787 3294 5841 destinatos
3315 5786 3473 5857 (quo-

1890 5859 2014 5928 rum
2034 5847 2196 5928 ξιτεδ
2217 5847 2381 5928 millia
2416 5847 2583 5928 ﬁxisse
2612 5852 2783 5928 refert
2808 5855 2974 5927 Plut.)
2998 5858 3215 5928 calones
3235 5847 3470 5928 acc‘i'pm.

1961 5914 2076 5986 (54)
2109 5915 2184 5974 De
2200 5933 2307 5988 quo
2333 5918 2396 5975 L.
2418 5919 2627 5989 Florus,
2652 5925 2744 5983 lib.
2774 5941 2860 5992 tu,
2887 5914 3006 5997 cap.
3028 5924 3080 5980 7.

3033 6040 3108 6101 12
