4090 6436
288 441 391 502 365

1226 438 1747 501 BIBLIOTHECA.
1778 466 1847 476 -
1868 441 2082 503 CODD.
2122 440 2594 503 XCVIII-XCIX.

3417 432 3524 497 366

286 560 385 629 ϐὴς
419 555 516 610 καὶ
546 552 807 617 πολλάκις
838 555 897 606 ὲν
926 553 1143 618 πολλοῖς
1184 554 1433 607 ὑλακτῶν
1460 556 1601 608 κατὰ
1630 556 1740 608 τῶν
1762 556 1854 609 εύ-

1968 568 2170 612 secutus
2194 555 2530 625 religionem,
2560 554 2612 607 in
2632 550 2874 622 pluribus
2899 549 3160 604 adversus
3186 548 3306 619 pios
3327 562 3527 617 saeptus

288 649 484 712 σεϐῶν,
512 648 776 718 σύντομος
829 645 885 699 δὲ
911 646 1012 717 τὴν
1050 645 1272 717 φράσιν,
1310 644 1436 719 [272
1464 645 1557 718 IL]
1599 647 1856 719 εύκρινής

283 757 345 793 τε
378 739 476 792 καὶ
506 738 765 809 καθαρὸς,
813 737 935 792 οὐδὲ
963 736 1057 790 τοῦ
1086 737 1243 807 ἡδέος
1280 736 1686 807 ἀπῳκισμένος.
1724 739 1857 805 Ἀρ-

285 849 438 903 χεται
471 830 571 901 μὲν
596 830 698 900 τῆς
726 831 770 862 ²⁹
805 829 1068 899 ἱστορίας,
1116 827 1192 890 ὡς
1213 827 1279 881 ἄν
1308 843 1391 890 τις
1415 825 1583 891 εῖποι,
1609 825 1716 879 ἀπὸ
1752 827 1857 877 Αύ-

286 922 551 991 γούστου,
582 920 860 992 ἐπιτρέχει
910 918 965 971 δὲ
1008 917 1217 979 πάντας
1257 918 1384 980 τοὺς
1436 916 1598 987 μέχρι
1630 916 1856 985 Διοκλη-

285 1014 495 1077 τιανοῦ,
526 1013 687 1083 ψιλὴν
723 1012 915 1081 ῶσπερ
946 1010 1046 1081 τὴν
1077 1010 1384 1081 ἀνάρρησιν
1421 1010 1517 1062 καὶ
1542 1008 1641 1078 τὴν
1677 1008 1856 1061 διαδο-

287 1107 385 1176 χὴν
405 1102 587 1157 αὐτῶν
616 1100 1022 1171 ἀφηγούμενος.
1066 1098 1201 1152 Ἀπὸ
1222 1097 1279 1151 δὲ
1300 1095 1688 1164 Διοκλητιανοῦ
1721 1094 1857 1148 πλα-

285 1198 512 1268 τύτερον
571 1194 703 1266 περ)⁵
757 1194 866 1246 τῶν
906 1191 1369 1262 βεϐασιλευκότων
1406 1188 1762 1258 διαλαμϐάνει
1799 1188 1858 1240 ἐν

288 1288 521 1359 βιϐλίοις
542 1286 706 1340 πέντε
727 1302 741 1315 ·
765 1286 827 1337 τὸ
870 1286 979 1355 γὰρ
1038 1284 1255 1354 πρῶτον
1276 1283 1399 1344 τοὺς
1440 1282 1600 1351 μέχρι
1635 1277 1857 1348 Διοκλη-

285 1377 470 1432 τιανοῦ
494 1375 601 1429 ἀπὸ
658 1375 971 1444 Αὐγούστου
1030 1373 1363 1444 ἀριθμεῖται.
1391 1371 1503 1424 Καὶ
1539 1370 1741 1441 πληροῖ
1760 1369 1857 1440 τὴν

283 1471 453 1540 ἕκτην
486 1468 669 1539 βίϐλον
690 1470 747 1521 ἐν
778 1468 1005 1530 ἐκείνοις
1021 1463 1464 1538 ἁπαρτιζομένην
1485 1466 1596 1526 τοῖς
1625 1463 1857 1533 χρόνοις,

285 1566 344 1616 ὲν
366 1559 451 1625 οἷς
491 1562 775 1633 Ἀλάριχος
812 1560 912 1629 τὴν
939 1558 1156 1629 Ῥώμην
1183 1558 1243 1611 τὸ
1259 1558 1509 1629 δεύτερον
1530 1554 1856 1626 πολιορκῶν,

285 1658 381 1710 καὶ
446 1654 557 1708 τῶν
602 1652 953 1707 ἐνοικούντων
1013 1651 1427 1724 ἀπορουμένων,
1477 1649 1592 1702 λύει
1630 1649 1728 1720 τὴν
1760 1666 1859 1701 πον-

285 1747 558 1817 λιορκίαν,
621 1743 847 1815 βασιλέα
896 1744 1105 1807 τούτοις
1138 1742 1402 1796 Ἄτταλον
1437 1739 1695 1794 ἀνειπὼν.
1728 1735 1862 1792 Εἶτα

284 1835 342 1888 δὲ
374 1835 471 1888 καὶ
526 1834 627 1903 τῆς
679 1831 956 1903 βασιλείας
996 1832 1184 1885 τοῦτον
1230 1830 1549 1902 παραλύσας
1580 1829 1666 1883 διὰ
1698 1829 1758 1881 τὸ
1788 1829 1861 1899 μή

286 1927 465 1979 δοκεῖν
486 1922 549 1980 εὖ
582 1924 918 1979 διατίθεσθαι
954 1925 1025 1978 τὰ
1075 1926 1175 1995 τῆς
1204 1922 1688 1994 ἐγκεχειρισμένης
1714 1920 1862 1991 αὖτῷ
1895 1903 1936 1958 Β

288 2016 589 2091 βαςιλείας,
617 2016 753 2085 πρὸς
789 2014 1043 2086 Ὀνὼριον
1072 2014 1162 2068 τὸν
1188 2014 1411 2085 βασιλέα
1437 2014 1577 2068 κατά
1596 2014 1695 2081 τὴν
1734 2013 1860 2067 Ῥά-

288 2110 484 2163 ϐενναν
505 2108 854 2179 διατρίϐοντα
905 2108 988 2173 ἐφ’
1011 2100 1055 2174 ᾧ
1103 2106 1431 2160 σπείσασθαι
1457 2106 1501 2138 ³ο
1532 2106 1664 2159 ἵετο.
1702 2103 1862 2159 Ἀλλὰ

287 2200 483 2271 Σάρος,
517 2198 713 2262 Γότθος
763 2198 859 2250 καὶ
903 2197 1086 2261 αὐτὸς,
1128 2196 1384 2267 διάφορος
1435 2196 1510 2249 ὢν
1569 2198 1859 2268 Ἀλαρίχῳ,

290 2293 433 2364 ἔχων
471 2309 533 2345 τε
556 2292 648 2344 ὑπ’
708 2290 869 2344 αὑτὸν
919 2290 1048 2360 ἄχρι
1072 2289 1399 2360 τριακοσίων
1428 2291 1523 2343 καὶ
1550 2290 1865 2361 προστεθεὶς

302 2385 553 2455 Ὀνωρίῳ
613 2384 709 2437 καὶ
754 2381 1123 2454 συμπολεμεῖν
1177 2381 1325 2452 αὐτῷ
1383 2382 1527 2436 κατὰ
1580 2381 1863 2453 Ἀλαρίχου

289 2476 719 2546 διατεινόμενος,
741 2473 991 2545 ἐμποδὼν
1044 2473 1196 2546 ἔστη.
1224 2474 1335 2529 Καὶ
1361 2476 1395 2545 ἡ
1422 2475 1519 2545 μὲν
1549 2474 1683 2546 ἕκτη
1718 2472 1865 2545 αύτῷ

292 2570 509 2641 ἱστορία
532 2563 633 2622 ὧδε
655 2568 899 2635 τελευτᾷ.

362 2662 523 2712 Εἴποι
550 2658 594 2710 δ’
626 2657 690 2712 ἄν
715 2674 798 2721 τις
859 2658 918 2709 ού
978 2656 1186 2729 γράψαι
1230 2656 1391 2709 αὐτὸν
1431 2656 1692 2726 ἱστορίαν,
1730 2656 1867 2709 ἀλλὰ

294 2748 647 2821 μεταγράψαι
694 2748 793 2818 τὴν
842 2748 1140 2814 Εύναπίου,
1173 2748 1252 2820 τῷ
1281 2748 1533 2819 συντόμῳ
1561 2748 1723 2819 μόνον
1748 2749 1866 2801 δια-

292 2844 592 2912 φέρουσαν,
655 2840 753 2894 καὶ
811 2840 893 2893 ὃτι
941 2840 1060 2911 οὐχ,
1094 2839 1283 2910 ὥσπερ
1327 2840 1555 2906 ἐκεῖνος,
1603 2839 1746 2894 οὕτω
1772 2840 1867 2894 καὶ

290 2930 450 2997 οὗτος
500 2932 809 3002 Στελίχωνα
855 2932 1100 3003 διασύρει
1130 2948 1145 2963 °
1194 2932 1264 2986 τὰ
1305 2932 1362 2986 δὲ
1420 2932 1555 2987 ἄλλα
1598 2931 1739 2985 κατὰ
1771 2932 1867 3003 τὴν

293 3027 548 3097 ἱστορίαν
571 3026 699 3098 Ῐ148
730 3023 823 3097 IL]
859 3023 1047 3094 σχεδόν
1065 3042 1119 3076 τι
1150 3025 1178 3077 ὁ
1209 3024 1393 3089 αὐτὸς,
1420 3024 1514 3076 καὶ
1547 3023 1781 3093 μάλιστα
1810 3024 1867 3075 ὲν

283 3124 417 3183 ταῖς
450 3121 560 3173 τῶν
581 3118 821 3172 εὐσεϐῶν
880 3117 1142 3188 βασιλέων
1173 3117 1466 3182 διαϐολαῖς.
1507 3119 1665 3171 Δοκεῖ
1695 3117 1751 3170 δέ
1777 3134 1869 3187 μοι

290 3216 393 3268 καὶ
427 3207 588 3274 οὗτος
613 3212 704 3265 δύο
728 3209 992 3274 ἐκδόσεις,
1027 3208 1216 3281 ὥσπερ
1264 3211 1536 3273 κάκεῖνος,
1575 3209 1870 3280 πεποιηκέο

290 3326 405 3361 ναι.
453 3304 616 3358 Ἀλλὰ
635 3304 825 3357 τούτου
854 3302 953 3374 μὲν
1009 3302 1108 3372 τὴν
1148 3304 1422 3374 προτέραν
1476 3304 1576 3354 οὐκ
1601 3298 1774 3355 είδον·
1810 3302 1868 3368 ἐξ

291 3394 371 3453 ὧν
393 3398 545 3469 δὲ,ῆν
567 3397 879 3468 ἀνέγνωμεν
900 3436 916 3461 ,
942 3394 1225 3465 ἐπέγραψε
1247 3394 1401 3460 Νέας
1417 3394 1716 3459 ἐκδόσεως
1735 3411 1873 3463 συμ-

293 3490 485 3544 ϐαλεῖν
509 3486 580 3560 ἦν
609 3489 703 3541 καὶ
731 3486 925 3559 ἑτέραν
952 3486 1121 3557 αὐτῷ,
1161 3486 1348 3557 ὥσπερ
1378 3488 1471 3539 καὶ
1494 3486 1571 3557 τῷ
1592 3486 1870 3556 Εύναπίῳ,

293 3580 639 3636 ἐκδεδόσθαι.
670 3580 853 3648 Σαφὴς
883 3579 1173 3652 δὲμᾶλλον
1206 3573 1358 3644 οὗτος
1395 3579 1490 3632 καὶ
1535 3578 1872 3648 συντομώτε-

297 3692 415 3746 ρος,
444 3673 637 3741 ῶσπερ
660 3670 889 3742 ἔφημεν,
949 3673 1244 3737 Εύναπίου,
1282 3673 1375 3726 καὶ
1402 3674 1523 3737 ταῖς
1546 3674 1794 3744 τροπαῖς,
1823 3671 1874 3725 εί

297 3769 376 3841 μὴ
406 3766 660 3830 σπάν;ον,
691 3764 751 3817 ού
784 3764 1147 3837 κεχρημένος.

1012 3852 1132 3923 ιιΘἏ

595 3943 959 4013 Ἡρωδιανοῦ
999 3942 1286 4013 ἱστορικοὶ
1319 3944 1489 4013 λόγοι
1517 3939 1593 4011 η’.

376 4031 838 4102 Ἀνεγνὼσθησαν
870 4029 1201 4099 Ἦρωδιανοῢ
1252 4030 1516 4103 ἱστορικοὶ
1541 4030 1869 4099 λόγοιόκτώ.

300 4127 574 4198 Ἀρχεται
606 4123 665 4189 ἐξ
692 4117 756 4178 οὗ
808 4123 1036 4193 Μάρκος
1083 4122 1112 4175 ὁ
1145 4122 1429 4194 Ῥωμαίων
1463 4122 1715 4193 βασιλεὺς
1756 4126 1874 4177 ἑτε-

295 4218 557 4288 λεύτησε,
586 4216 682 4269 καὶ
709 4213 962 4281 διέξεισιν
1007 4214 1154 4277 ὅπως
1206 4231 1265 4266 τε
1308 4214 1552 4284 Κόμοδος
1583 4216 1611 4269 ὁ
1644 4214 1872 4286 Μάρκου

296 4312 416 4372 υἱὸς
482 4306 853 4372 ἐϐασίλευσεν,
885 4306 1033 4369 ὅπως
1058 4322 1119 4358 τε
1146 4303 1254 4359 τῶν
1296 4303 1566 4375 πατρῴων
1598 4305 1744 4375 ἠθῶν
1769 4305 1874 4358 ὑπὸ

296 4400 407 4452 τῶν
438 4397 689 4451 κολάκων
720 4396 1078 4467 ὲκδιαιτηθεὶς
1109 4394 1335 4467 ὕστερον
1361 4396 1466 4450 ὑπὸ
1496 4398 1751 4469 Μαρκίας
1775 4398 1874 4466 τῆς

296 4489 473 4544 αὑτοῦ
503 4487 789 4557 παλλακῆς
817 4487 913 4540 καὶ
934 4484 1135 4539 Λαίτου
1157 4485 1252 4538 κα)⁸
1289 4486 1576 4539 Ἐκλέκτου
1603 4503 1874 4539 συσκευα-

1956 650 2143 704 latrat.
2192 647 2413 718 Alioqui
2453 648 2636 702 brevis
2693 654 2798 712 est,
2834 643 3075 699 dictione
3102 640 3427 711 perspicuus
3457 656 3525 698 ac

1957 757 2145 811 purus,
2170 756 2270 796 nec
2302 740 2589 795 suavitatis
2629 722 2848 809 expers.
2878 735 3147 805 Incipiens
3192 741 3376 789 autem
3412 732 3526 789 bis-

1958 832 2153 887 toriam
2195 831 2305 902 jam
2359 832 2508 896 inde,
2562 830 2736 885 ferme
2770 829 3024 891 dixerim,
3060 826 3129 881 ab
3166 826 3431 896 Augusto,
3471 833 3529 879 et

1962 923 2323 991 imperatores
2351 936 2545 976 omnes
2576 921 2642 975 ad
2672 920 3065 976 Diocletianum
3097 930 3267 986 usque
3300 929 3528 987 percur-

1959 1027 2105 1076 rens,
2134 1012 2334 1065 nudam
2368 1011 2521 1081 quasi
2550 1010 2976 1080 designationem
3017 1006 3530 1076 successionemqne

1959 1119 2146 1158 eorum
2181 1112 2572 1158 commemorat
2600 1116 2616 1157 :
2650 1104 2778 1156 dum
2807 1101 2970 1155 latius
3003 1100 3218 1154 tandem
3246 1114 3276 1153 a
3304 1097 3522 1154 Diocle-

1962 1199 2133 1258 tiano,
2159 1195 2227 1250 de
2260 1196 2326 1249 iis
2364 1194 2453 1263 qui
2492 1195 2719 1262 imperio
2753 1194 2911 1262 potiti
2938 1193 3066 1258 sint,
3094 1191 3250 1245 libris
3277 1190 3522 1261 quinque

1962 1295 2202 1344 tractare
2246 1290 2443 1358 pergit.
2477 1286 2694 1341 Primus
2729 1286 2875 1342 enim
2911 1285 3052 1340 liber
3081 1284 3436 1353 imperatores
3460 1282 3529 1335 ab

1960 1382 2204 1449 Augusto
2238 1380 2304 1433 ad
2345 1379 2740 1433 Diocletianum
2769 1391 2939 1446 usque
2970 1383 3237 1439 recenset,
3280 1372 3531 1442 sextiquc

1961 1476 2083 1528 linis
2109 1474 2161 1526 in
2181 1473 2248 1526 iis
2277 1471 2477 1525 desinit
2500 1470 2860 1541 temporibus,
2888 1468 3086 1537 quibus
3105 1465 3393 1521 Alariclms
3414 1462 3529 1534 ('56)

1962 1564 2189 1619 Romam
2216 1564 2411 1618 iterum
2447 1562 2727 1628 obsidens,
2767 1561 2978 1615 civibus
3001 1561 3068 1614 ad
3100 1558 3335 1625 inopiam
3375 1556 3532 1611 reda-

1962 1660 2065 1714 ctis
2101 1657 2440 1713 obsidionem
2485 1654 2679 1716 solvit,
2724 1655 2907 1721 eisque
2948 1653 3328 1721 imperatorem
3377 1649 3530 1703 dedit

1961 1748 2220 1812 Attalum,
2253 1761 2414 1817 quem
2459 1754 2636 1800 tamen
2665 1745 2859 1799 deinde
2894 1758 3084 1798 rursus
3129 1739 3399 1797 abdicavit
3424 1740 3528 1795 im-

1964 1840 2136 1911 perio,
2165 1839 2307 1908 quod
2342 1852 2568 1908 regnum
2601 1836 2701 1891 sibi
2752 1835 3008 1891 traditum
3048 1835 3228 1889 minus
3259 1839 3409 1887 recte
3444 1831 3528 1884 vi-

1962 1934 2182 1989 deretur
2220 1931 2607 1986 administrare
2639 1946 2653 1983 :
2688 1937 2851 1998 atque
2890 1928 2957 1980 ad
2994 1926 3291 1981 Honorium
3319 1925 3533 1994 Augus-

1964 2034 2073 2079 tum
2110 2022 2383 2078 Ravennae
2417 2031 2527 2076 ttnn
2555 2031 2805 2088 agentem
2834 2018 3011 2074 foedus
3032 2032 3152 2073 cum
3175 2031 3240 2071 eo
3271 2015 3530 2069 initurum

1964 2116 2132 2170 misit.
2160 2114 2366 2170 Asarus
2402 2113 2515 2185 (57)
2550 2129 2699 2178 vero,
2741 2111 2948 2167 Gothus
2977 2120 3031 2166 et
3054 2112 3189 2180 ipse,
3226 2108 3532 2164 simultates

1963 2210 2224 2263 adversus
2251 2206 2559 2261 Alariclium
2584 2219 2866 2269 exercens,
2899 2218 3019 2259 cum
3056 2200 3314 2256 trecentis
3335 2200 3533 2270 quibus

1966 2310 2218 2370 praeerat,
2285 2298 2613 2353 llonorianis
2658 2298 2901 2366 partibus
2942 2294 3251 2364 adjunctus,
3302 2292 3534 2361 bellique

1966 2392 2283 2446 societatem
2304 2389 2600 2460 pollicitus,
2637 2388 2872 2443 Alariclii
2906 2386 3066 2441 rebus
3087 2385 3541 2455 impedimentum

1965 2480 2182 2551 objecit.
2224 2480 2402 2550 Atque
2450 2479 2593 2535 hunc
2638 2479 2778 2535 sexti
2816 2477 3174 2533 Historiarum
3211 2474 3333 2530 libri
3369 2475 3534 2530 linem

1966 2576 2118 2631 facit.

2038 2664 2243 2720 Dixerit
2268 2672 2447 2718 autem
2478 2663 2673 2733 aliquis
2703 2663 2845 2719 hunc
2886 2678 2993 2716 non
3033 2677 3187 2716 suam
3227 2660 3524 2740 Historiam

1966 2757 2272 2826 scripsisse,
2309 2756 2402 2810 sed
2437 2754 3212 2825 Eunapianam'descripsisse,
3241 2762 3296 2807 et
3327 2753 3525 2825 partim

1969 2848 2239 2903 brevitate
2280 2847 2549 2901 duntaxat
2586 2847 2655 2900 ab
2700 2845 2789 2899 illa
2837 2844 3077 2908 diﬂerre,
3124 2844 3318 2914 partim
3368 2846 3534 2900 etiam

1968 2941 2109 3011 quod
2153 2938 2404 2993 Zosimus
2448 2954 2576 3001 non,
2632 2945 2692 2992 ut
2740 2936 2847 3002 ille,
2899 2936 3225 2993 Steliconem
3272 2937 3534 2993 conviciis

1969 3032 2302 3103 proscindat.
2333 3030 2541 3086 Caetera
2571 3031 2958 3099 propemodum
2992 3030 3132 3084 idem
3166 3039 3249 3085 est
3279 3032 3331 3084 in
3358 3031 3534 3085 histo-

1970 3125 2070 3187 ria,
2103 3125 2225 3193 pios
2254 3125 2558 3193 praesertim
2592 3123 2952 3192 imperatores
2982 3122 3343 3177 criminando.
3378 3122 3537 3179 Arbi-

1972 3224 2085 3268 tror
2133 3223 2311 3267 autem
2348 3215 2482 3269 duas
2514 3214 2660 3269 hunc
2691 3227 2927 3283 quoque,
2958 3213 3101 3267 sicut
3131 3222 3185 3267 et
3211 3213 3388 3278 illum,
3420 3212 3537 3268 edi-

1973 3306 2148 3361 tiones
2176 3307 2495 3370 instituisse,
2519 3306 2619 3360 etsi
2649 3305 2881 3375 priorem
2913 3305 3072 3375 hujus
3100 3305 3393 3360 editionem
3425 3322 3533 3361 nou

1973 3400 2100 3464 vidi,
2131 3397 2399 3466 conjicere
2431 3407 2610 3452 tamen
2643 3412 2710 3452 ex
2741 3397 3000 3453 editionis
3029 3411 3180 3451 nova:
3211 3397 3349 3469 (38),
3374 3413 3534 3467 quam

1972 3507 2070 3545 nos
2098 3490 2344 3560 legimus,
2380 3490 2731 3559 inscriptione
2754 3490 2899 3554 licet,
2924 3489 3091 3544 etiam
3119 3489 3344 3545 alteram
3368 3490 3535 3557 hunc,

1972 3583 2111 3636 sicut
2160 3591 2214 3635 et
2248 3581 2582 3650 Eunapium,
2616 3580 2942 3651 publicasse.
3004 3581 3201 3637 Verum
3235 3583 3407 3654 magis
3449 3582 3539 3638 hic

1972 3674 2163 3743 planus
2192 3682 2295 3737 est,
2322 3682 2377 3726 et
2398 3674 2635 3738 brevior,
2665 3674 2738 3729 uti
2765 3675 3020 3742 diximus,
3046 3691 3208 3747 quam
3237 3675 3537 3747 Eunapius.

1972 3765 2266 3836 ﬁgurisque
2304 3767 2519 3821 nonnisi
2551 3782 2677 3821 raro
2704 3768 2892 3823 utitur.

2662 3856 2847 3913 XCIX.

2269 3947 2564 4002 Herodiani
2595 3952 2946 4004 historiarum
2975 3951 3105 4006 libri
3135 3967 3257 4007 νιιι.

2041 4034 2297 4106 Legimus
2338 4036 2626 4092 Herodiani
2665 4038 3011 4093 historiarum
3060 4041 3231 4097 libros
3273 4050 3419 4097 octo.
3454 4040 3543 4097 ln-

1972 4129 2104 4199 cipit
2132 4144 2162 4182 a
2205 4128 2367 4183 Marci
2400 4128 2640 4199 [Aurelii
2684 4130 2942 4186 Antonini
2984 4132 3336 4207 philosophi]
3374 4134 3538 4191 Rom.

1972 4220 2316 4290 imperatoris
2365 4236 2617 4286 excessu,
2664 4224 2948 4293 pergitque
2991 4240 3153 4294 porro
3195 4243 3447 4299 narrare,
3483 4238 3543 4283 ut

1973 4311 2302 4369 Commodus
2334 4314 2499 4369 Marci
2552 4314 2695 4370 lilius
2724 4314 2870 4385 85a
2914 4316 3202 4387 imperium
3242 4320 3487 4390 adeptus,
3511 4340 3542 4375 a

1973 4405 2216 4474 paternis
2246 4406 2505 4475 moribus,
2546 4410 2940 4465 assentantium
2961 4425 3148 4479 opera,
3178 4413 3539 4483 degenerarit;

1976 4498 2303 4567 tandemque
2345 4514 2375 4552 a
2406 4498 2610 4555 Marcia
2639 4500 2850 4569 pellice,
2883 4511 2937 4556 et
2962 4501 3112 4556 Laeto
3140 4513 3303 4572 atque
3333 4502 3540 4569 Electa,

300 4580 454 4642 σθεὶς
481 4577 743 4648 ἀνῃρέθη.
783 4576 895 4629 Καὶ
948 4574 1223 4646 βασιλεύει
1269 4575 1536 4645 Περτίναξ
1564 4575 1867 4647 πρεσϐύτης

1980 4589 2182 4657 paratis
2200 4590 2411 4646 insidiis
2434 4593 2733 4648 exstinctus
2749 4593 2835 4648 sit.
2853 4592 2997 4666 [Liln
3020 4589 3105 4667 n.]
3139 4595 3393 4650 Pertinax
3418 4597 3545 4654 hinc

297 4671 397 4723 καὶ
426 4668 596 4729 καλὸς
624 4666 692 4720 τὰ
712 4665 850 4736 ἧθίἰ⁹
880 4664 941 4719 ὃν
969 4666 1023 4718 οί
1052 4665 1406 4737 στρατιῶται,
1437 4666 1872 4737 ἀπεχθανόμενοι

296 4762 359 4813 τὸ
389 4760 635 4828 σῶφρον,
654 4756 1039 4828 εἰσδραμόντες
1083 4758 1140 4810 ὲν
1184 4759 1251 4828 τῇ
1285 4756 1537 4830 βασιλικῇ
1573 4757 1875 4812 κτείνουσιν

296 4852 455 4922 οἰκίᾳ
486 4850 555 4903 ⁸¹.
601 4849 709 4901 Καὶ
757 4849 907 4912 ὅπως
949 4847 1239 4911 Ἰουλιανὸς
1270 4849 1375 4902 ὑπὸ
1398 4848 1505 4902 τῶν
1530 4850 1873 4920 στρατιωτῶν

297 4945 560 5015 χρήμασι
592 4940 771 4996 λαϐὼν
798 4940 896 5011 τὴν
917 4941 1114 5012 ἀρχὴν,
1151 4940 1269 5011 μετ’
1295 4943 1356 4995 οὐ
1383 4942 1515 4996 πολὺ
1543 4946 1663 5006 ταῖς
1696 4944 1875 4999 αύτῶν

296 5031 549 5107 ἀνῃρέθη
582 5031 789 5102 χερσίν.
831 5030 1019 5096 Ὅπως
1060 5047 1120 5084 τε
1174 5031 1399 5103 Νίγρος,
1447 5033 1585 5104 ἀνὴρ
1630 5033 1879 5105 ἐπιεικὴς

298 5123 448 5178 εἶναι
495 5124 690 5188 δοκῶν,
750 5121 951 5189 ζῶντος
997 5121 1079 5176 ἐτι
1120 5123 1409 5178 ’ἰουλιανοῢ
1459 5127 1540 5189 είς
1578 5128 1878 5198 μοναρχίαν

299 5217 479 5290 ῆρθη.
510 5216 619 5269 Καὶ
647 5214 889 5287 Σεϐῆρος
923 5215 970 5247 ³⁸
997 5214 1076 5281 δὲ,
1108 5214 1247 5288 ἀνὴρ
1271 5217 1525 5287 ἀγχίνους
1548 5236 1608 5272 τε
1659 5222 1751 5274 καὶ
1780 5222 1879 5277 πὸο

1981 4679 2265 4749 imperium
2301 4683 2493 4748 tenuit,
2536 4685 2857 4752 grandaevus
2884 4686 3019 4755 jam,
3057 4686 3410 4757 honestisque
3428 4704 3543 4744 rno-

1982 4768 2154 4823 ribus.
2181 4769 2350 4836 Quem
2384 4772 2605 4839 milites,
2632 4774 2908 4830 modestia:
2949 4776 3166 4831 nomine
3197 4792 3446 4849 exosum,
3487 4780 3545 4837 in

1982 4861 2190 4915 curiam
2217 4861 2333 4929 ejus
2362 4862 2731 4935 irrumpentes
2757 4869 3107 4926 obtruncant.
3142 4869 3278 4925 Hinc
3299 4871 3547 4929 Julianus

1982 4967 2013 5005 a
2045 4953 2309 5009 militibus
2325 4970 2429 5009 non
2458 4956 2545 5010 diu
2570 4966 2691 5027 post
2717 4969 2957 5029 emptum
2976 4963 3201 5030 pecunia
3235 4964 3543 5032 imperium.

1981 5042 2221 5112 ipsorum
2241 5044 2518 5117 jugulatns
2544 5049 2815 5114 manibus,
2849 5052 3052 5107 amisit.
3078 5052 3222 5125 [Lib.
3259 5053 3339 5126 5.]
3384 5055 3548 5127 Niger

1983 5144 2201 5200 autem,
2256 5135 2407 5190 mitis
2450 5148 2712 5206 quantum
2755 5142 3052 5213 apparebat
3099 5144 3215 5211 vir,
3254 5149 3549 5217 superstite

1978 5227 2274 5283 etiamnum
2307 5226 2523 5286 Juliauo
2575 5233 2641 5288 ad
2674 5234 2959 5305 imperium
3002 5248 3220 5296 evectus
3255 5248 3360 5296 est.
3392 5238 3547 5297 Huttc

1612 5338 1700 5393 VA
1710 5339 1850 5397 BHE
1888 5341 2183 5402 LECTION
2189 5348 2294 5405 ES.

373 5432 427 5464 ”
464 5429 563 5501 τῆς
586 5431 632 5485 A
657 5448 673 5485 :
700 5430 797 5495 τὲς
826 5449 887 5495 ς.
962 5432 1008 5465 ³⁸
1049 5432 1342 5486 πείσασθαι
1373 5432 1534 5488 εῐετο.
1572 5434 1714 5488 Ἀλλ’
1753 5438 1995 5509 "Ae-apo;
2030 5459 2093 5506 ς.
2170 5445 2214 5476 ³¹
2241 5445 2420 5517 οἰκείᾳ
2444 5466 2506 5513 ς.
2597 5450 2641 5481 ³²
2674 5450 2912 5523 Σευῆρος
2936 5470 2998 5518 ς.

302 5704 363 5759 in
382 5632 612 5773 (gazae
650 5635 735 5690 his
766 5634 884 5707 lege
923 5637 1384 5712 Olympiodorum.
1432 5659 1594 5717 supra
1626 5647 1749 5704 cod.
1782 5649 1872 5718 80,

382 5772 499 5859 (5η
526 5772 836 5859 Olympiod.
862 5794 1027 5854 supra
1077 5784 1200 5841 cod.
1241 5784 1335 5853 80,
1378 5783 1433 5843 in
1466 5786 1640 5859 princ.
1688 5787 1879 5846 Sarum

306 5852 577 5916 perpetuo
604 5852 865 5905 nominat.

1811 5553 2046 5614 NOTAE.

2061 5654 2176 5735 (.58)
2214 5656 2392 5735 Aliam
2436 5654 2597 5735 hujus
2630 5658 3123 5735 epigrapheshanc
3147 5663 3420 5735 rationem;
3445 5678 3545 5718 no-

1984 5726 2115 5798 t_a_vit
2137 5726 2364 5798 quidam
2388 5727 2456 5781 ad
2478 5726 2749 5798 Zosimum
2778 5744 2793 5781 :
2818 5726 2974 5798 quasi
3003 5739 3245 5787 veterum
3268 5729 3455 5790 Dionis
3492 5745 3549 5792 et

1994 5792 2289 5852 Herodiani
2315 5797 2540 5854 historia
2567 5792 2909 5856 attexuissét.
