4090 6414
503 458 606 525 367

1669 450 1935 514 PHOTII
1974 446 2477 508 PATRIARCHE
2516 449 2625 508 (ΣΡ.

3666 442 3773 506 368

504 573 764 640 Severus,
805 572 893 627 vir
930 569 1105 626 solers
1146 567 1557 638 tolerandisque
1582 565 1861 621 laboribus
1890 561 2098 618 exerci-

2214 578 2312 624 von;
2371 559 2543 623 δεινὸς
2609 558 2965 629 ἐγκαρτερεῖν
3023 553 3117 608 καὶ
3162 553 3535 625 βαθυγνώμων
3577 552 3773 619 ἄλλως,

506 670 617 729 tn‘s,
650 673 705 718 et
746 664 983 731 alioquin
1027 671 1263 725 astutus,
1308 659 1522 729 imperii
1569 668 1768 712 nactus
1818 656 2083 718 habenas,

501 772 681 831 pugna
709 755 916 810 victum
952 754 1200 817 sustulit,
1238 759 1297 808 et.
1324 752 1601 807 obstantia
1636 764 1867 819 qumque
1892 748 2085 816 partim

504 849 698 903 validis
740 847 969 918 praliis,
1023 845 1225 914 partim
1272 843 1489 899 callidis
1520 841 1732 895 artibus
1785 838 2084 908 superavit.

508 939 710 994 Verum
759 940 813 994 in
876 937 1127 993 subditos
1185 935 1511 990 insolentior
1569 933 1816 987 redditus
1864 939 1984 995 est,
2038 936 2092 982 et

508 1030 702 1085 morbo
731 1029 1062 1094 exstinctus,
1105 1026 1229 1081 dum
1255 1025 1547 1079 Britannos
1580 1021 1720 1077 bello
1754 1019 2088 1089 aggreditur.

511 1122 671 1194 [Lib.
713 1118 830 1192 tv.]
892 1119 1199 1173 Antoninus
1274 1116 1400 1171 inde
1473 1114 1708 1168 ﬁliorum
1771 1112 1888 1181 ejus
1966 1119 2091 1163 natu

516 1213 707 1283 major,
739 1214 941 1269 foedere
986 1227 1113 1266 cum
1160 1209 1248 1266 his
1298 1210 1431 1263 inito
1472 1206 1729 1270 revertit,
1778 1205 2096 1270 sociumque

518 1309 775 1373 imperii,
846 1308 929 1361 vel
990 1305 1193 1360 invitus
1271 1301 1504 1371 sumpsit
1572 1298 1761 1355 Getam
1810 1296 2093 1351 fratrem:

516 1418 676 1473 quem
736 1411 855 1471 post
896 1398 1053 1468 paulo
1099 1397 1153 1452 in
1190 1394 1345 1452 Julire
1386 1393 1672 1464 utriusque
1734 1390 1929 1445 matris
1978 1388 2097 1442 sinu

518 1498 816 1552 interemit.
884 1494 982 1548 Hic
1040 1491 1387 1552 crudelitate,
1452 1490 1710 1555 omnique
1766 1482 2101 1554 turpitudine

518 1592 737 1645 vincere
767 1603 954 1645 omnes
984 1585 1338 1648 contendens,
1371 1585 1499 1635 dum
1538 1582 1683 1636 circa
1721 1578 1937 1651 Syriam
1974 1590 2101 1629 ver-

2187 651 2387 722 ἀνῆλθὲ
2420 668 2481 704 τε
2520 652 2599 713 είς
2632 651 2732 720 τὴν
2761 648 3035 720 βασίλειον
3057 648 3251 719 ἀρχὴν,
3274 647 3369 700 καὶ
3392 647 3599 717 Νίγρον
3629 646 3777 719 μάχῃ

2188 744 2316 815 νικᾷ
2354 744 2450 797 καὶ
2479 744 2712 813 ἀναιρεῖ,
2738 741 2837 795 καὶ
2869 742 2980 793 πᾶν
3008 740 3068 794 τὸ
3116 738 3476 793 ἀντιστατοῦν
3506 739 3541 809 ἢ
3577 738 3780 809 μάχαις

2192 835 2387 906 βιαίοις
2414 835 2448 906 ἢ
2485 833 2704 904 τέχναις
2720 832 3143 902 δυσδιαφύκτοις
3166 829 3510 901 ὑπηγάγετο,
3538 829 3635 883 καὶ
3671 829 3780 882 τῶν

2191 928 2449 999 ὑπηκόων
2497 926 2591 978 ἐπὶ
2649 926 2710 978 τὸ
2755 923 3134 995 σοϐαρώτερον
3185 917 3323 993 ἦρξε
3383 920 3629 992 προῖὼν,
3685 921 3783 974 καὶ

2192 1021 2418 1092 τελευτᾷ
2448 1019 2587 1091 νόσῳ
2618 1019 2705 1072 τὸν
2764 1018 2904 1089 πρὸς
2962 1015 3301 1088 Βρεττανοὺς
3345 1014 3389 1047 ³⁸
3434 1012 3782 1085 διαχειρίζων

2196 1113 2454 1183 πόλεμον.
2487 1113 2598 1165 Καὶ
2640 1112 2955 1173 Ἀντωνῖνος
3002 1109 3030 1161 6
3062 1108 3170 1161 τῶν
3206 1105 3373 1161 αὐτοῦ
3408 1106 3618 1160 παίδων
3642 1121 3780 1175 πρε-

2199 1203 2459 1275 σϐύτερος
2523 1202 2755 1266 σπονδὰς
2808 1201 2948 1272 πρὸς
2990 1199 3190 1262 αὐτοὺς
3218 1198 3449 1269 θέμενος
3480 1198 3775 1267 ἀναχωρεῖ,

2198 1296 2292 1349 καὶ⁵
2324 1295 2792 1366 συμϐασιλεύοντα
2822 1295 2918 1347 καὶ
2962 1293 3111 1348 ἄκων
3142 1290 3411 1363 λαμϐάνει
3443 1290 3537 1343 τὸν
3553 1289 3786 1357 ἀδελφὸν

2198 1388 2388 1453 Γέταν,
2420 1386 2551 1459 [275
2573 1385 2669 1460 8.]
2703 1388 2799 1441 καὶ
2859 1388 2978 1459 μετ’
3023 1386 3085 1439 οὐ
3115 1385 3251 1439 πολὺ
3298 1384 3530 1448 Ἰουλίας
3557 1383 3659 1453 τῆς
3690 1384 3787 1437 αύ-

2200 1480 2309 1532 τῶν
2339 1480 2547 1550 μητρὸς
2574 1481 2713 1552 πρὸς
2762 1482 2875 1543 τοῖς
2925 1478 3147 1543 κόλποις
3201 1476 3391 1529 τοῦτον
3433 1475 3670 1547 ἀναιρεῖ,
3691 1475 3787 1526 καὶ

2203 1578 2281 1637 είς
2307 1576 2567 1646 ὠμότητα
2598 1576 2693 1628 καὶ
2728 1574 3067 1645 αἰσχρότητα
3110 1568 3517 1642 ὑπερϐαλέσθαι
3578 1567 3788 1630 πάντας

520 1692 698 1747 satur,
747 1680 959 1735 insidiis
1010 1678 1229 1749 petitur,
1284 1688 1420 1743 quas
1473 1672 1547 1726 illi
1579 1671 1856 1725 Macrinus
1900 1668 2102 1722 caulem

2214 1670 2587 1740 φιλονεικήσας
2636 1670 2766 1739 περὶ
2825 1667 3025 1739 Συρίαν
3079 1664 3285 1733 διάγων
3330 1659 3784 1715 ἐπιϐουλεύεται⁶

519 1774 751 1837 veritus,
768 1782 824 1826 et
847 1780 1174 1841 praevertere
1194 1775 1445 1831 conatus,
1465 1761 1825 1832 comparavit.
1873 1754 2102 1830 [Lib.v.]

2214 1762 2483 1830 Μακρῖνος
2499 1760 2542 1812 δ’
2575 1755 2643 1829 ἦν
2661 1762 2689 1813 ὁ
2710 1760 2809 1830 τὴν
2824 1756 3116 1829 ἐπιϐουλὴν
3138 1753 3489 1817 συσκευάζων
3509 1752 3576 1818 ⁸⁸,
3602 1749 3790 1815 δεδιὼς

523 1860 748 1920 Sublato
806 1864 977 1934 igitur
1030 1860 1332 1921 Antonino,
1402 1862 1597 1926 regnat
1669 1851 1962 1917 Macrinus,
2022 1849 2105 1901 vir

2214 1855 2301 1907 καὶ
2340 1854 2503 1916 αὐτὸς
2537 1852 2765 1906 θάνατον
2790 1852 2885 1905 καὶ
2911 1848 3321 1920 προλαμϐάνειν
3351 1844 3789 1914 ἀγωνισάμενος.

522 1964 682 2010 aetate
740 1966 957 2024 quoque
1055 1948 1405 2019 grandaevus,
1478 1946 1706 2015 ignavus
1770 1943 2099 2008 minimeque

2221 1946 2458 2000 Ἐπε“ιδὲ
2488 1945 2729 2017 ἀνῄρητο
2769 1944 3106 2006 Ἀντωνῖνος,
3158 1938 3433 2012 βασιλεύει
3488 1937 3789 2007 Μακρῖνος,

527 2048 820 2105 continens
847 2084 862 2110 ,
904 2054 1098 2097 caetera
1140 2056 1269 2095 vero
1299 2040 1438 2094 lenis
1484 2053 1549 2093 ac
1584 2036 1753 2092 mitis.
1786 2034 1904 2090 Jam
1940 2033 2106 2097 Mesa,

525 2155 646 2212 qua:
702 2137 859 2193 Julia:
911 2150 1066 2189 soror
1100 2141 1237 2197 erat,
1285 2134 1417 2185 duas
1461 2129 1700 2184 habebat
1732 2127 1893 2189 ﬁlias,
1950 2124 2108 2179 Som-

527 2231 695 2297 mida,
722 2242 775 2285 et
806 2229 1140 2283 Mannumam
1176 2243 1191 2279 :
1233 2238 1462 2294 quarum
1495 2219 1690 2292 majori
1719 2220 1936 2289 quidem
1969 2217 2110 2271 lilius

528 2334 649 2380 erat
677 2320 921 2377 Bassiani
962 2319 1183 2373 nomine
1215 2335 1231 2372 :
1282 2315 1440 2371 alteri
1491 2329 1623 2369 vero
1652 2311 1916 2368 Alexinus
1945 2328 1959 2365 :
1994 2309 2110 2365 fur-

529 2416 643 2470 tivo
688 2422 915 2481 uterque
952 2408 1243 2464 concubitu
1275 2422 1341 2463 ex
1382 2404 1681 2470 Antonino,
1716 2413 1776 2458 ut
1816 2401 2109 2465 ferebatur,

531 2506 719 2578 geniti.
764 2503 1050 2559 Exercitus
1087 2510 1289 2565 autem,
1332 2497 1558 2552 minima
1615 2504 1771 2566 capta
1801 2494 2108 2559 occasione,

532 2599 854 2653 Bassianum
884 2596 936 2649 in
966 2594 1160 2648 castris
1190 2592 1575 2661 imperatorem
1609 2587 1903 2651 renuntiat,
1927 2585 2112 2639 addito

532 2686 791 2749 Antom'ni
844 2685 959 2757 ('59)
1005 2691 1394 2757 cognomento,
1436 2680 1721 2749 victusque
1769 2679 1891 2731 dein
1926 2676 2113 2746 praelio
2157 2721 2163 2727 .

535 2781 830 2845 Macrinus,
856 2755 921 2834 ac
954 2777 1165 2846 fugiens
1195 2792 1225 2831 e
1254 2755 1555 2829 Bbmnicia‘.
1600 2782 1760 2842 atque
1787 2772 1958 2842 Syria:
1986 2769 2113 2825 ﬁtti-

541 2875 714 2936 timls,
745 2870 1138 2927 Cltalcedonem
1168 2882 1227 2923 se
1255 2867 1477 2936 recepit,
1513 2865 1740 2920 Romam
1766 2864 1891 2917 inde
1923 2875 2116 2933 petere

536 2964 808 3036 cOgitans.
834 2962 940 3018 Sed
958 2961 1048 3031 qui
1068 2975 1136 3015 ex
1158 2960 1415 3014 Antonini
1456 2957 1717 3013 studiosis
1743 2955 1810 3009 ad
1832 2955 1933 3010 hoc
1961 2953 2116 3008 missi

538 3058 776 3123 fuerant,
810 3061 1181 3117 antevertunt,
1222 3061 1494 3120 caputque
1524 3058 1796 3103 resectum
1830 3056 2115 3101 reverten-

539 3161 623 3206 tes
660 3153 1031 3217 asportarunt.
1078 3143 1221 3216 [Liln
1274 3141 1377 3214 vt.]
1409 3146 1585 3211 Atque
1620 3141 1737 3209 ipse
1757 3138 1973 3208 quidem
2004 3140 2117 3191 An-

2211 2038 2350 2109 ἀνὴρ
2388 2035 2704 2107 πρεσϐύτης
2752 2034 2848 2088 καὶ
2899 2032 3177 2104 μελλητὴς
3198 2031 3293 2084 καὶ
3320 2028 3430 2082 οὐδ’
3464 2026 3796 2099 ἐγκράτειαν

2210 2129 2419 2194 ἀσκῶν,
2451 2130 2519 2181 τὰ
2544 2128 2600 2181 δὲ
2621 2127 2757 2181 ἄλλα
2788 2124 2960 2178 δοκῶν
3014 2122 3285 2191 ἐπιεικής.
3332 2119 3446 2190 Τῆς
3488 2117 3545 2170 δὲ
3577 2116 3793 2186 Μέσης,

2210 2226 2333 2297 ἥτις
2385 2220 2453 2293 ἦν
2497 2221 2725 2283 Ἰουλίας
2781 2216 3009 2287 ἀδελφὴ,
3062 2212 3157 2268 δύο
3201 2210 3511 2282 θυγατέρας
3540 2207 3793 2280 ἐχούσης,

2213 2314 2475 2385 Σοαιμίδα
2515 2312 2610 2367 καὶ
2638 2309 2922 2381 Μαμαίαν,
2954 2307 3051 2361 καὶ
3077 2306 3176 2377 τῆς
3204 2306 3302 2376 μὲν
3332 2303 3566 2374 ἐχούσης
3628 2300 3796 2352 παῖδα

2212 2409 2385 2477 δνομα
2411 2404 2711 2461 Βασσιανδν
2745 2403 2817 2470 ³⁸,
2846 2402 2951 2470 τῆς
2999 2399 3057 2453 δέ
3096 2396 3386 2463 Ἀλεξῖνον,
3411 2395 3461 2449 οἳ
3492 2394 3551 2462 ἐξ
3586 2394 3794 2448 Ἀντω-

2214 2499 2359 2552 νίνου
2389 2495 2679 2567 λαθραίαις
2720 2493 2932 2565 μίξεσιν
2993 2491 3245 2559 ἐλέγοντο
3299 2484 3686 2557 γεγεννῆσθαι,
3736 2483 3797 2536 τὸ

2216 2589 2633 2662 στρατιωτικὸν,
2682 2587 2885 2659 μικρᾶς
2911 2584 3203 2653 λαϐόμενοι
3240 2580 3590 2649 προφάσεως,
3615 2580 3677 2631 ἐν
3719 2576 3796 2647 τῷ

2218 2684 2368 2754 σφῶν
2421 2679 2814 2751 ἀναγορεύουσι
2884 2675 3236 2747 στρατοπέδῳ
3315 2673 3407 2726 τὸν
3453 2670 3793 2734 Βασσιανδν,

2220 2774 2690 2847 μετονομάσαντες
2716 2772 2760 2804 ³⁸
2801 2771 3116 2824 ’Δντωνῖνον
3139 2784 3154 2800 ο
3180 2767 3276 2821 καὶ
3311 2766 3512 2837 μάχαις
3541 2762 3797 2833 ἡττηθεὶς

2216 2871 2494 2939 Μακρῖνος
2530 2866 2625 2919 καὶ
2658 2863 2879 2933 φεύγων
2927 2863 2993 2915 ἐκ
3018 2861 3130 2914 τῶν
3164 2859 3433 2931 μεθορίων
3456 2856 3710 2927 Φοινίκης
3735 2870 3795 2906 τε

2217 2961 2314 3016 καὶ
2365 2958 2565 3030 Συρίας
2614 2957 2714 3029 τὴν
2772 2954 3096 3025 Χαλκηδόνα
3152 2951 3445 3015 κατέλαϐε,
3506 2948 3643 3019 πρὸς
3698 2947 3797 3018 τὴν

2227 3052 2450 3122 Ῥώμην
2481 3051 2691 3103 ἐκεῖθεν
2740 3045 3040 3116 ἀφικέσθαι
3088 3043 3469 3113 διανοούμενος
3495 3056 3509 3071 ⁸
3540 3039 3657 3093 ἀλλ’
3681 3041 3798 3091 ἐπι-

2218 3143 2621 3207 καταλαϐόντες
2650 3141 2813 3195 αὑτὸν
2845 3139 2887 3171 ³⁷
2914 3138 2965 3191 οἱ
2993 3138 3089 3190 τοῦ
3115 3134 3433 3188 Ἀντωνίνου
3450 3125 3728 3184 ἐπὶτοῦτο
3753 3127 3798 3161 ⁸⁸

540 3242 758 3295 toninns
790 3242 915 3293 dum
954 3236 1115 3292 matri
1163 3246 1338 3304 paret,
1374 3236 1615 3289 modeste
1640 3232 1776 3287 satis
1803 3231 2113 3303 imperavit,

2220 3235 2623 3307 ἀπεσταλμένοι
2676 3232 2936 3305 τέμνουσι
2967 3248 3028 3285 τε
3077 3228 3177 3301 τὴν
3210 3227 3452 3299 κεφαλὴν
3495 3225 3591 3279 καὶ
3620 3223 3799 3277 ὀπίσω

539 3343 595 3391 et
656 3332 946 3387 Alexinum
1000 3327 1113 3402 (40)
1158 3329 1211 3381 in
1250 3326 1417 3380 ﬁlium
1472 3325 1783 3396 adoptatum
1841 3323 2114 3379 Cmsarem

2219 3328 2670 3400 ἀποκομίζουσιν.
2709 3325 3030 3386 Ἀντωνῖνος
3055 3321 3135 3384 δὲ,
3176 3318 3283 3382 ἕως
3328 3318 3428 3388 μὲν
3458 3314 3709 3369 ἐπείθετο
3730 3316 3797 3383 τῇ

539 3426 768 3491 creavit,
816 3422 1072 3492 imposito
1130 3420 1180 3475 ei
1238 3420 1531 3475 Alexandri
1608 3418 1849 3473 nomine.
1918 3417 2116 3471 Verum

540 3530 826 3590 postquam
865 3515 1237 3570 adulatoribus
1274 3528 1333 3569 se
1382 3511 1676 3578 commisit,
1708 3508 1851 3580 85b
1914 3508 2117 3562 nullum

543 3611 889 3682 turpitudinis
923 3618 1084 3677 atque
1121 3608 1552 3677 intemperantia:
1600 3620 1774 3675 genus
1824 3601 2121 3673 przetermi-

543 3706 633 3760 sit.
684 3701 823 3769 Quin
877 3710 932 3755 et
973 3701 1281 3755 Alexandro
1314 3698 1563 3753 insidiari
1612 3712 1735 3750 cum
1781 3699 2058 3763 cmpisset,
2088 3708 2119 3747 a

543 3795 765 3851 militari
811 3780 971 3847 manu
1018 3792 1373 3862 prohibetur,
1416 3804 1554 3860 quos
1607 3788 1722 3856 ipse
1772 3788 1964 3851 punire
1991 3801 2118 3855 pro-

544 3897 727 3955 pterea
754 3882 1069 3943 meditatus,
1101 3882 1168 3935 ab
1196 3879 1387 3934 iisdem
1426 3878 1772 3933 interﬁcitur.
1808 3876 2119 3931 Alexander

542 3991 695 4044 ergo,
741 3973 1031 4028 ﬂammatae
1065 3972 1236 4036 ﬁlius,
1270 3984 1443 4025 annos
1480 3967 1764 4037 imperavit
1796 3969 2123 4036 quatuorde—

544 4068 680 4135 cim;
714 4074 861 4121 recte
890 4079 1023 4121 sane
1061 4076 1222 4134 atque
1265 4062 1580 4128 clementer,
1612 4071 1869 4131 quantum
1902 4060 2119 4129 quidem

545 4162 598 4215 iu
628 4164 744 4230 ipso
777 4160 900 4224 fuit,
930 4168 986 4215 et
1013 4158 1131 4214 sine
1162 4156 1270 4211 ullo
1295 4156 1517 4211 omnino
1547 4156 1828 4224 sanguine.
1863 4152 1968 4208 Sed
2002 4170 2122 4208 ma-

545 4256 645 4313 tris
680 4252 993 4316 Mammaea,
1040 4260 1098 4306 ut
1141 4251 1231 4305 hic
1274 4249 1466 4316 refert,
1521 4250 1871 4319 pecuniarum
1921 4247 2124 4316 cupidi-

545 4356 679 4414 tate,
728 4360 793 4401 ac
833 4344 1084 4401 sordibus
1136 4343 1336 4397 factum
1368 4350 1474 4405 est,
1516 4348 1577 4395 ut
1608 4336 2123 4409 uterque,_Maximo

544 4438 738 4505 electo,
778 4435 999 4491 militari
1031 4434 1298 4490 seditione
1332 4441 1559 4487 necatus
1585 4430 1674 4484 sit.

589 4621 761 4696 ‘[Lib.
788 4618 911 4693 vu.]
945 4617 1273 4674 Maximinus
1332 4624 1455 4685 post
1488 4614 1632 4668 hunc
1673 4626 1843 4667 annos
1867 4611 1980 4667 fere
2014 4621 2122 4668 tres
2153 4616 2200 4674 Ι)

545 4717 804 4771 ferociter
843 4728 905 4768 ac
949 4711 1231 4783 tyrannii-e
1282 4706 1592 4777 imperavit,
1631 4707 1790 4760 homo
1820 4704 2122 4769 fastuosus,

548 4809 899 4876 moribusque
928 4818 1127 4860 saevus.
1170 4801 1535 4869 Quamobrem
1571 4799 1767 4854 Africa
1804 4797 2120 4870 praefectum

547 4919 576 4956 a
608 4916 667 4957 se
709 4900 1088 4961 constitutum,
1125 4896 1369 4950 moribus
1398 4892 1653 4957 similem,
1686 4891 1886 4946 milites
1926 4891 1997 4945 ibi
2044 4901 2127 4944 tu-

548 4993 902 5055 multuantes,
966 4998 1128 5059 atque
1196 4986 1249 5041 in
1325 4985 1705 5053 imperatorem
1758 4976 2125 5051 insurgentes,

548 5086 881 5142 Gordianum
920 5081 1049 5138 olim
1102 5078 1507 5150 proconsulem,
1556 5077 1664 5146 jam
1694 5076 2125 5146 octogenarium,

550 5180 930 5250 imperatorem
973 5181 1184 5238 creant,
1222 5171 1306 5225 vel
1349 5169 1617 5234 invitum;
1667 5164 1822 5235 cujus
1865 5181 1987 5222 mox
2018 5166 2125 5222 Ro-

549 5288 635 5326 ma
668 5269 965 5326 libentibus
1002 5265 1327 5323 electionem
1379 5260 1576 5317 animis
1612 5260 1844 5327 accepit,
1871 5260 2129 5315 honores-

2224 3423 2446 3494 μάμμη,
2503 3419 2827 3491 ἐσωφρόνει,
2880 3416 2977 3469 καὶ
3020 3416 3254 3468 ποιεῖται
3283 3410 3377 3465 καὶ
3414 3410 3504 3463 τὸν
3551 3402 3800 3481 [14911]

2233 3512 2498 3579 Ἀλεξῖνον
2525 3510 2571 3543 ⁸⁸
2594 3510 2710 3562 υἱόν
2737 3525 2797 3561 τε
2828 3506 2947 3577 ἅμα
2980 3504 3076 3557 καὶ
3114 3502 3388 3573 Καίσαρα,
3424 3501 3503 3563 είς
3548 3498 3802 3562 Ἀλέξαν-

2220 3608 2344 3679 δρον
2378 3603 2794 3677 μετακληθέντα
2818 3616 2831 3629 ·
2862 3599 2989 3652 ἐπεὶ
3011 3598 3068 3651 δὲ
3102 3599 3215 3659 τοῖς
3245 3593 3463 3658 κόλαξιν
3489 3591 3683 3646 ἐαυτὸν
3710 3588 3800 3655 ἐξ·

2224 3698 2447 3764 έδωκεν,
2473 3693 2729 3765 οὐδεμίαν
2744 3694 2845 3746 ὐπε
2856 3691 3049 3761 ρϐολὴν
3071 3688 3116 3720 ⁸ο
3142 3687 3499 3758 αἱσχρότητος
3517 3684 3609 3737 καὶ
3627 3685 3803 3753 ἀκρα-

2226 3792 2343 3853 σίας
2358 3784 3050 3845 ἁπέλιπεν.Ἐπιϐουλεύειν
3062 3781 3117 3835 δὲ
3136 3780 3230 3833 καὶ
3244 3777 3578 3846 Ἀλεξάνδρῳ
3593 3778 3802 3844 ἐπιχει-

2226 3886 2399 3956 ρήσας
2422 3882 2528 3936 ὑπὸ
2549 3881 2656 3934 τῶν
2688 3875 3039 3950 στρατιωτῶν
3065 3872 3329 3939 ἀνεκόπη·
3353 3872 3381 3922 6
3410 3870 3466 3923 δὲ
3483 3868 3707 3929 τούτους
3720 3883 3798 3918 τιο

2229 3974 2585 4046 μωρήσασθαι
2611 3968 2912 4037 διανοηθεὶς
2945 3966 3037 4019 ὑπ’
3074 3964 3254 4018 αὐτῶν
3292 3959 3555 4034 ἀνῃρέθη.
3575 3956 3797 4011 Ἐϐασί-

2224 4068 2381 4119 λευσέ
2411 4082 2469 4117 τε
2528 4060 2876 4131 Ἀλέξανδρος
2922 4060 2949 4112 6
2980 4055 3251 4126 Μαμαίας
3283 4053 3325 4085 ⁸⁸
3361 4054 3455 4120 ἐτη
3504 4051 3586 4115 ιδ’,
3616 4052 3713 4102 καὶ
3742 4047 3801 4100 τό

2224 4174 2289 4225 γε
2320 4156 2406 4208 ἐπ’
2426 4155 2576 4223 αύτῷ
2604 4153 2786 4215 καλῶς
2808 4168 2869 4203 τε
2892 4150 2986 4203 καὶ
3009 4147 3269 4209 ἐπιεικῶς
3302 4145 3495 4217 ἄρξας,
3523 4144 3617 4196 καὶ
3634 4141 3802 4214 χωρὶς

2226 4252 2474 4323 αἱμάτων
2502 4249 2639 4312 ὅλως
2660 4264 2672 4275 ·
2698 4247 2799 4317 τῆς
2826 4245 2883 4297 δὲ
2917 4240 3123 4314 μητρὸς
3146 4240 3432 4310 Μαμαίας,
3457 4237 3533 4301 ὥς
3562 4232 3801 4307 φησιν,ἦ

2224 4362 2285 4399 τε
2316 4339 2725 4414 φιλοχρηματία
2771 4336 2865 4391 καὶ
2882 4335 2943 4388 τὸ
2965 4331 3289 4406 μικρολόγον
3308 4332 3388 4394 είς
3406 4327 3619 4401 σφαγὴν
3641 4328 3801 4381 αὑτὸν

2224 4436 2323 4505 τὴν
2341 4434 2444 4487 ὑπὸ
2472 4432 2581 4487 τῶν
2604 4426 2954 4503 στρατιωτῶν
2976 4426 3074 4479 σὺν
3101 4424 3264 4496 αὐτῇ,
3296 4420 3609 4493 Μαξιμίνου
3634 4420 3802 4490 ἀνοιρο

2227 4524 2505 4597 ῥηθέντος,
2536 4522 2868 4592 ἀπήνεγκεν.

2298 4613 2478 4688 Ἦρχε
2495 4615 2551 4669 δέ
2567 4609 2713 4678 Μαξι
2722 4613 2873 4682 μῖνος
2892 4598 2984 4662 ἐπὶ
3011 4606 3107 4678 ἐτη
3121 4605 3249 4678 τρία
3263 4606 3287 4659 ἐ
3296 4603 3540 4678 μϐριθῶς
3566 4619 3628 4655 τε
3650 4600 3696 4633 δ’
3714 4598 3804 4653 καὶ

2217 4703 2577 4778 τυραννικῶς,
2632 4701 2771 4771 ἀνὴρ
2821 4697 3206 4769 ὑπερμεγέθης
3257 4697 3349 4750 καὶ
3375 4694 3438 4748 τὸ
3458 4690 3589 4767 ἦθος
3632 4691 3799 4762 ώμός.

2221 4801 2420 4870 Διόπερ
2444 4797 2535 4851 τὸν
2558 4794 2771 4865 Λιϐύης
2800 4794 3119 4865 ὑπάρχοντα
3147 4789 3237 4843 ὑπ’
3268 4788 3433 4844 αὑτοῦ
3459 4788 3803 4842 καταστάντα

2222 4895 2316 4947 καὶ
2344 4894 2529 4964 ὅμοιον
2554 4890 2685 4942 ὄντα
2722 4889 2833 4949 τοῖς
2867 4886 3090 4957 τρόποις
3122 4883 3171 4936 οἱ
3193 4884 3371 4935 ἐκεῖσε
3414 4880 3802 4942 στασιάσαντες

2223 4989 2319 5043 καὶ
2355 4984 2634 5046 ἀνελόντες
2654 4980 2720 5046 ⁸³,
2748 4978 3035 5051 Γορδιανδν
3066 4974 3376 5051 ἀνθύπατον
3418 4972 3680 5043 γεγονότα
3710 4970 3804 5023 καὶ

2222 5077 2580 5150 ὀγδοηκοστὸν
2633 5076 2838 5142 ἄγοντα
2891 5071 3011 5135 ἔτος
3042 5050 3408 5141 χειροτονοῦσι
3460 5066 3556 5118 καὶ
3603 5064 3803 5118 ἄκοντα

2212 5170 2482 5244 βασιλέα.
2514 5167 2625 5221 Καὶ
2662 5167 2697 5236 ἡ
2741 5164 2933 5234 Ῥώμη
2966 5159 3277 5232 περιχαρῶς
3308 5153 3475 5211 αὑτοῦ
3504 5155 3604 5227 τὴν
3638 5154 3804 5225 ἀνάρ-

2239 5267 2398 5335 ρησιν
2441 5259 2743 5331 δεξαμένη,
2778 5258 2958 5321 πάσας
2987 5253 3081 5309 τοῦ
3112 5251 3419 5324 Μαξιμίνου
3449 5250 3615 5319 τιμὰς
3665 5247 3799 5300 καθ-

1841 5398 2077 5454 νΑΒΙᾹΞ
2099 5398 2511 5457 LECTIONES.

624 5504 670 5535 ⁸³
701 5498 1021 5573 Βρετανούς-
1046 5515 1107 5561 ς’.
1187 5496 1231 5527 ³⁵
1267 5493 1804 5573 παρασκευάζωνς.
1854 5493 1926 5573 ’ξδ
1962 5494 2187 5573 όνόματι
2217 5494 2485 5548 Βασιανόν
2517 5509 2576 5555 ς.

1142 5585 1203 5631 ς.
1279 5567 1322 5598 ³³
1352 5558 1673 5630 ’Ἄλεξιανόν
1709 5566 1773 5617 Α.
1851 5563 1896 5594 ¹³⁰
1955 5558 2264 5635 ὑπερϐολὴν
2304 5576 2424 5634 post
2480 5560 2751 5634 ἀκρασίας
2791 5558 2940 5628 νυιιῖι
2972 5571 3033 5617 ςο

551 5576 677 5630 add.
712 5569 778 5626 A'.
855 5569 899 5601 ³⁸
932 5569 1108 5638 τούτῳ

552 5645 676 5702 add.
712 5643 779 5695 A.
857 5638 1242 5701 δ³ἀνελθόντες
1267 5655 1330 5701 ς.

2654 5490 2698 5521 ³⁸
2732 5501 2989 5555 μετονομ.
3020 5482 3183 5555 αὐτὸν
3224 5480 3370 5555 ᾋντ.
3410 5495 3469 5540 ς’.
3569 5476 3611 5506 ³⁷
3643 5470 3801 5555 αύτὸν

3125 5552 3170 5583 δ’
3202 5551 3509 5622 Μαμμαίας
3535 5563 3598 5610 ς’.
3670 5543 3717 5575 δ’
3744 5556 3801 5593 τε

2053 5742 2290 5804 NOTAE.

2053 5748 2290 5806 NOTAE.
2842 5766 2843 5769 η

619 5851 734 5922 (39)
780 5850 949 5916 Quem
988 5846 1360 5922 Elagabalum,
1403 5863 1433 5903 a
1477 5860 1618 5903 novo
1646 5859 1805 5916 quem
1833 5843 2116 5899 colendum
2158 5843 2395 5913 suscepit
2429 5844 2550 5910 dco,
2583 5840 3026 5913 agnomiuarunt.

616 5920 733 5995 (40)
758 5922 946 5980 Melius
975 5920 1314 5976 Alexianum.
