4090 6414
301 378 408 443 369

1387 378 1912 440 BIBLIOTHECA.
1947 405 2018 414 —
2056 381 2270 444 CODD.
2305 384 2499 447 C'CII.

3458 379 3566 449 370

300 494 430 549 εἷλε.
483 493 813 559 Συνανεῖπον
848 494 907 550 δὲ
948 493 1099 566 αὐτῷ
1142 494 1236 550 καὶ
1273 494 1389 547 υἱὸν
1426 492 1717 563 Γορδιανοῦ
1750 494 1789 546 Γ
1791 511 1876 564 ορ-

1988 511 2092 563 que
2137 512 2327 551 Olnltt‘s
2379 498 2677 553 Maximino
2742 498 2984 555 ademit:
3032 498 3309 556 Gordiano
3342 499 3567 566 insuper

298 586 480 640 διανὸν
543 587 789 658 βασιλέα.
847 589 1157 660 Μαξιμίνου
1211 589 1268 642 δὲ
1327 588 1883 658 παρασκευαζομένου

298 682 437 750 πρὸς
469 682 731 754 πόλεμον,
761 687 859 738 καὶ
888 683 1173 754 Γορδιανὺς
1206 682 1323 754 ἅμα
1359 682 1437 753 τῷ
1463 681 1563 753 υἱῷ
1592 682 1692 751 τὴν
1729 683 1885 750 Καρ-

298 772 503 842 χηδόνα
520 773 569 806 ⁸⁸
600 774 920 830 καταλαϐὼν
942 776 1041 830 καὶ
1061 778 1121 830 ἐν
1153 773 1462 843 ἀπογνώσει
1490 774 1601 827 τῶν
1627 774 1763 827 ὅλων
1789 790 1885 842 γε·

296 862 475 929 γονὼς
531 863 714 936 βρόχῳ
753 867 1100 921 ἀνεπαύσατο
1132 865 1228 919 τοῦ
1268 864 1420 936 βίου·
1446 866 1474 918 ὀ
1513 864 1571 919 δὲ
1610 866 1743 927 παῖς
1784 864 1885 933 τῆς

297 952 438 1023 πρὸς
516 956 826 1027 Μαξιμῖνον
888 958 1068 1028 μάχης
1138 956 1520 1030 κρατουμένης
1574 952 1884 1026 ἀναιρεθεὶς

294 1045 602 1119 ἠφανίσθη.
634 1049 699 1102 Oi
724 1048 782 1101 δὲ
818 1048 1079 1119 Ῥωμαῖοι
1104 1047 1183 1118 τῷ
1196 1047 1374 1102 ’πάθει
1406 1046 1612 1100 τούτων
1643 1046 1884 1117 ὑπεραλ-

294 1139 593 1207 γήσαντες.
643 1140 741 1194 καὶ
788 1140 1021 1206 δεδιότες
1056 1142 1149 1195 καὶ
1207 1139 1494 1210 μισοῦντες
1552 1139 1880 1209 Μαξιμῖνον,

294 1232 730 1302 ἀναγορεύουσιν
753 1232 814 1287 ἐν
853 1232 1045 1307 ’Βώμῃ
1078 1233 1338 1287 Βαλϐῖνόν
1374 1250 1435 1285 τε
1467 1232 1563 1287 καὶ
1591 1230 1879 1302 Μάξιμον·

294 1322 419 1376 καθ’
438 1317 516 1378 ὧν
540 1324 786 1389 στάσεως
805 1325 911 1379 ὑπὸ
938 1325 1049 1379 τῶν
1078 1324 1429 1395 στρατιωτῶν
1452 1325 1882 1396 ἀνεγειρομένης

296 1415 694 1485 συμϐασιλεύει
724 1415 937 1481 τούτοις
967 1416 1065 1471 καὶ¹
1105 1417 1414 1487 Γορδιανδς,
1448 1416 1712 1485 ἀπόγονος
1744 1415 1881 1485 Γορ-

292 1502 481 1557 διανοῦ
511 1505 608 1560 τοῦ
638 1505 879 1577 πρώτου,
908 1507 1107 1579 κομιδῇ
1134 1510 1287 1573 παῖς,
1321 1506 1589 1577 Θυγατρὺς
1612 1505 1746 1569 υίός.
1772 1504 1883 1558 Καὶ

294 1597 549 1669 Μαξίμου
577 1598 814 1665 ἐξιόντος
841 1598 988 1654 κατὰ
1020 1599 1331 1670 Μαξιμίνου
1365 1600 1670 1669 ἀναιρεῖται
1699 1597 1878 1662 Μαξι-

296 1693 452 1760 μῖνος
495 1692 603 1747 ὑπὸ
649 1692 760 1747 τῶν
807 1693 1027 1749 οἰκείων
1052 1693 1423 1766 στρατιωτῶν,
1456 1694 1551 1747 καὶ
1592 1692 1881 1763 κομίζεται

295 1782 435 1853 πρὸς
462 1784 718 1856 Μάξιμον
743 1787 777 1856 ἡ
813 1786 1051 1858 κεφαλὴ,
1081 1781 1205 1841 εἶτα
1241 1785 1335 1840 καὶ
1362 1785 1498 1857 πρὸς
1529 1784 1701 1853 αὐτὴν
1742 1783 1878 1838 Ῥώο

1986 586 2244 642 Gordiani
2288 590 2396 644 lilio
2424 592 2474 643 in
2494 590 2765 645 Caesarem
2792 590 2868 645 illi
2898 590 3116 646 allecto.
3135 594 3204 647 At
3234 594 3359 646 dum
3391 593 3562 648 Maxi-

1990 680 2169 734 minus
2196 680 2397 735 bellum
2429 681 2681 746 adornat,
2718 682 2912 737 videns
2941 681 3272 747 Gordianus,
3303 685 3416 754 (qui
3450 685 3563 752 jam

1985 786 2090 825 una
2123 787 2245 825 cum
2276 771 2386 827 ﬁlio
2412 771 2792 844 Carthaginem
2825 774 2939 844 (ιι)
2966 779 3279 844 occuparat)
3310 777 3362 830 in
3415 791 3565 831 sum-

1989 878 2133 915 mam
2171 878 2351 919 rerum
2397 863 2639 919 omnium
2684 864 3120 933 desperationem
3148 878 3211 920 se
3245 864 3563 931 adductum,

1984 952 2177 1023 laqueo
2224 955 2391 1011 vitam
2434 956 2671 1026 abrupit.
2703 955 2875 1012 Filius
2907 972 3059 1021 vero,
3110 958 3403 1013 commissa
3434 957 3561 1012 dein

1983 1060 2105 1101 cum
2132 1045 2366 1102 Maximo
2397 1063 2597 1117 pugna,
2644 1048 2965 1105 interfectus
3009 1051 3187 1121 periit.
3215 1050 3446 1107 Romani
3473 1052 3565 1107 hic

1983 1139 2288 1195 incredibili
2330 1140 2516 1197 dolore
2550 1155 2619 1196 ex
2657 1141 2853 1197 horum
2900 1142 3123 1197 interitu
3174 1146 3442 1215 percussi,
3486 1145 3565 1200 si-o

1982 1230 2093 1285 mul
2124 1240 2451 1296 metuentes,
2489 1240 2654 1302 atque
2692 1233 2818 1289 odio
2848 1233 3201 1289 Maximinum
3231 1250 3564 1305 prosequen-

1982 1332 2085 1391 tes,
2131 1326 2488 1396 imperatores
2540 1325 2728 1383 Roma:
2776 1329 3094 1383 renuntiant
3141 1329 3451 1393 Balbinum,
3506 1339 3565 1383 et

1982 1414 2298 1473 Maximum.
2336 1418 2397 1474 In
2448 1432 2586 1488 quos
2636 1427 2697 1472 ut
2743 1434 2960 1474 rursum
3020 1419 3276 1474 militaris
3322 1420 3560 1475 excitata

1980 1506 2177 1561 seditio
2223 1516 2331 1572 est,
2383 1508 2669 1577 imperavit
2717 1524 2821 1561 una
2873 1524 2994 1563 cum
3038 1508 3119 1565 eis
3145 1518 3199 1562 et
3227 1508 3561 1576 Gordianus,

1980 1597 2241 1654 Gordiani
2290 1598 2516 1667 majoris
2562 1616 2630 1655 ex
2672 1600 2780 1655 ﬁlia
2830 1615 3020 1670 nepos,
3060 1601 3349 1655 admodum
3382 1602 3563 1657 adhuc

1979 1706 2135 1761 puer.
2165 1689 2310 1763 [Lib.
2340 1691 2485 1765 ηιμ]
2504 1691 2738 1748 Maximo
2762 1704 2879 1763 post
2909 1694 3173 1749 adversus
3203 1692 3563 1749 Maximinum

1979 1782 2247 1856 profecto,
2300 1782 2623 1841 interfectus
2663 1798 2695 1839 a
2746 1784 2861 1841 suis
2914 1783 3175 1840 militibus
3230 1784 3561 1841 Maximinus

296 1894 426 1946 μην.
462 1877 539 1929 Οὐ
586 1878 722 1933 πολὺ
770 1879 832 1933 τδ
860 1882 919 1935 ἐν
952 1880 1137 1952 μέσῳ,
1168 1881 1264 1934 καὶ
1289 1880 1339 1933 οἱ
1366 1878 1697 1951 στρατιῶται
1750 1894 1876 1931 στα-

1982 1886 2088 1942 est,
2138 1876 2467 1946 allatumque
2522 1886 2687 1947 caput
2733 1875 2851 1945 ejus
2882 1875 2950 1931 ad
2992 1874 3308 1942 Maximum,
3348 1884 3405 1932 et
3434 1876 3564 1933 inde

294 1971 588 2034 σιάσαντες
638 1971 895 2040 ἐξάγουσι
954 1973 1064 2026 τῶν
1118 1972 1403 2045 βασιλείων
1466 1972 1722 2026 Βαλϐῖνον
1781 1973 1877 2027 καὶ

292 2058 573 2129 Μάξιμον,
599 2058 726 2133 [276
757 2061 849 2134 IL]
876 2064 974 2116 καὶ
1003 2064 1185 2117 πᾶσαν
1214 2064 1411 2128 αὐτοὺς
1439 2064 1626 2120 αίκίαν
1654 2065 1877 2118 αἰκισά-

296 2170 450 2221 μενοι
490 2153 812 2226 άναιροῦσι,
848 2157 1010 2227 μόνον
1046 2157 1360 2220 ἀνειπόντες
1397 2156 1621 2227 βασιλέα
1648 2156 1876 2227 Γορδιαο

290 2244 404 2308 νὺν,
451 2244 585 2312 περὶ
626 2244 725 2315 ἐτη
766 2246 1125 2317 τρισκαίδεκα
1174 2247 1471 2315 γεγονότα·
1505 2248 1565 2301 ἐν
1613 2241 1696 2310 οἷς
1724 2246 1821 2301 καὶ
1847 2248 1876 2301 ὁ

290 2335 479 2403 δγδοος
513 2337 821 2392 τελειοῦται
847 2337 1024 2407 λόγος.

362 2514 526 2567 Ἔστι
545 2514 604 2568 δὲ
626 2515 728 2587 τὴν
750 2517 951 2588 φράσιν
984 2518 1162 2590 σαφὴς
1184 2519 1278 2573 καὶ
1311 2520 1561 2591 λαμπρὸς
1588 2522 1682 2575 καὶ
1711 2522 1837 2594 ἡδὺς
1855 2562 1872 2591 ,

289 2608 387 2661 καὶ
414 2608 565 2673 λέξει
603 2609 887 2680 χρώμενος
918 2608 1177 2682 σώφρονι,
1208 2613 1345 2683 μήτε
1376 2614 1875 2687 ύπεραττικιζούσῃ

288 2702 380 2751 καὶ
420 2700 523 2770 τὴν
556 2699 797 2771 ἔμφυτον
828 2700 1189 2777 ἐξυδριζούσῃ
1218 2703 1380 2776 χάριν
1422 2704 1518 2759 τοῦ
1576 2705 1871 2776 συνήθους,

292 2791 433 2859 μήτε
466 2790 606 2861 πρὸς
630 2791 689 2844 τὸ
717 2792 972 2846 ταπεινὸν
1003 2794 1341 2867 ἐκλελυμένῃ
1370 2796 1466 2849 καὶ¹
1503 2795 1601 2868 τὴν
1625 2796 1873 2868 ἔντεχνον

288 2882 622 2957 ὐπερορώσῃ
680 2884 904 2954 γνῶσιν.
955 2883 1095 2939 Οὔτε
1151 2885 1209 2941 δέ
1267 2888 1702 2959 περιττολογίαις
1755 2890 1874 2943 ἐστὶ

289 2978 710 3049 σεμνυνόμενος,
742 2979 867 3033 οὔτε
916 2998 969 3033 τι
997 2979 1108 3033 τῶν
1150 2982 1468 3050 ἀναγκαίων
1508 2983 1871 3055 παραλιμπά-

286 3088 415 3133 νων,
450 3070 546 3123 καὶ
573 3072 760 3135 ἁπλῶς
783 3072 828 3104 ⁸⁸
863 3058 1155 3138 ἐν’πάσαις
1183 3080 1304 3139 ταῖς
1333 3075 1477 3130 κατὰ
1500 3076 1601 3147 τὴν
1628 3078 1870 3147 ίστορίαν

284 3162 511 3232 ἀρεταῖς
546 3164 608 3218 ού
636 3163 849 3219 πολλῶν
868 3167 987 3220 ἐστι
1015 3165 1286 3238 δεύτερος.

1009 3351 1094 3405 Ρ’.

405 3438 717 3508 Ἀδριανοῦ
734 3441 841 3495 τοῦ
854 3442 1165 3510 βασιλέως
1192 3446 1442 3513 μελέται
1470 3447 1761 3518 διάφοροι.

371 3530 1012 3606 ’ΔνεγνώσθηἋδριανοῦ
1037 3537 1131 3590 τοῦ
1159 3539 1427 3608 βασιλέως
1458 3542 1873 3613 μελέταιδιάφο-

282 3640 391 3693 ροι,
424 3625 508 3688 είς
552 3624 616 3677 τὸ
663 3624 886 3697 μέτριον
936 3626 1033 3680 τοῦ
1085 3627 1246 3698 λόγου
1287 3631 1595 3702 ἀνηγμέναι
1626 3636 1721 3687 καὶ
1770 3638 1871 3688 οὐκ

279 3717 490 3785 ἀηδεῖς.

997 3812 1125 3866 PA'.

391 3900 723 3969 Βικτωρίου
744 3903 851 3958 τοῦ
880 3904 1232 3974 Λαμπαδίου
1253 3909 1536 3962 ὑπατικοὶ
1564 3910 1763 3980 Λόγοι.

365 3996 822 4068 Ἀνεγνώσθησαν
854 3998 1187 4070 Βικτωρίνου
1223 4000 1317 4054 τοῦ
1348 4004 1671 4073 Λαμπαδίου
1702 4007 1720 4078 (
1752 4008 1872 4061 Ἀν-

278 4094 499 4163 τιοχεὺς
533 4092 590 4145 δὲ
620 4087 807 4163 οὗτος)
840 4094 1096 4148 ὑπατικοὶ¹
1118 4094 1266 4165 λόγοι
1295 4095 1563 4167 διάφοροι,
1592 4098 1686 4152 καὶ
1721 4098 1873 4169 βασι-

278 4186 423 4239 λικοὶ
456 4185 515 4239 δὲ
546 4187 626 4249 είς
655 4187 882 4257 Ζήνωνα
901 4188 993 4241 τὸν
1020 4188 1266 4257 βασιλέα,
1299 4191 1386 4261 ἐφ’
1413 4185 1475 4245 οὗ
1500 4194 1594 4243 καὶ
1620 4193 1701 4256 είς
1733 4192 1871 4263 βαθὺ

280 4279 467 4349 γῆρας
512 4274 582 4348 ἧν
612 4276 739 4350 [150
766 4279 872 4349 Η,]
904 4280 1201 4351 ἐληλακὼς.
1238 4282 1352 4354 Τὴν
1374 4284 1430 4336 δὲ
1464 4286 1666 4354 φράσιν
1708 4286 1769 4339 τό
1812 4302 1873 4339 τε

281 4372 458 4442 σαφὲς
490 4372 587 4425 καὶ
614 4372 675 4427 τὸ
696 4373 988 4443 ἀπέριττον
1018 4374 1113 4429 καλ⁸
1136 4376 1196 4429 τὸ
1232 4376 1463 4448 σύνηθες
1490 4380 1799 4449 ἐπικοσμεῖ.

1002 4563 1123 4617 PB’.

278 4654 597 4707 Γελασίου
630 4653 971 4726 ἐπίσκοπον
1005 4658 1365 4722 Καισαρείας
1400 4657 1513 4726 τῆς
1542 4658 1866 4711 Παλαιστί-

346 4742 466 4791 νης
518 4723 672 4777 κατὰ
716 4726 1055 4795 Ἀνομοίων.
1102 4727 1213 4780 Καὶ
1281 4723 1573 4795 Διοδώρου
1634 4729 1865 4795 Ταρσοῦ

344 4795 486 4863 περὶ
518 4795 629 4850 τοῦ
655 4795 829 4865 ἁγίου
876 4796 1221 4865 Πνεύματος
1258 4797 1515 4868 διάφορα
1563 4798 1863 4868 ἐπιχειρήο

432 4882 525 4919 τα.

432 4884 525 4919 τα.

336 4884 711 5029 ἵνεγνώσθη
762 4959 820 5012 ἐν
876 4961 1176 5045 μονοὸίᾷλῳ
1236 4961 1497 5014 Γελασίου
1558 4961 1867 5014 ἐπισκόπου

277 5050 627 5121 Καισαρείας
642 5052 739 5122 τῆς
763 5052 1147 5124 Παλαιστίνης,
1170 5054 1330 5109 Κατὰ
1343 5054 1685 5123 Ἀνομοίων.
1708 5056 1863 5108 Ἐστι

1980 1969 2233 2025 Romam.
2262 1969 2373 2025 Nec
2404 1970 2567 2040 longo
2598 1968 2886 2040 interjecto
2926 1977 3193 2040 tempore,
3230 1968 3561 2023 tumultuan—
3634 2024 3651 2043 α

1980 2076 2064 2121 tes
2099 2066 2278 2119 denuo
2326 2065 2546 2129 milites,
2586 2063 2785 2134 palatio
2832 2065 3127 2118 educentes
3168 2062 3479 2127 Balbinmn,
3504 2070 3560 2115 et

1977 2156 2295 2224 Maximum,
2364 2158 2620 2211 omnibus
2691 2153 3039 2209 contumeliis
3118 2153 3561 2221 cruciatibusque

1976 2253 2202 2309 affectos
2242 2255 2584 2318 interimunt,
2619 2262 2674 2307 et
2717 2251 2808 2307 uni
2853 2250 3129 2306 Gordiano
3159 2248 3418 2303 tredecim
3450 2246 3560 2301 cir-

1977 2348 2114 2404 citer
2163 2364 2336 2403 annos
2389 2357 2517 2403 nato
2576 2345 2860 2417 imperium
2929 2343 3210 2399 mandant.
3263 2340 3376 2397 Hoc
3432 2339 3557 2396 libri

1976 2442 2152 2500 octavi
2181 2451 2485 2496 extremum
2517 2448 2621 2495 est.

2047 2532 2342 2603 Scriptoris
2370 2533 2527 2601 hujus
2558 2529 2726 2585 dictio
2755 2528 2899 2585 clara
2926 2537 3031 2593 est,
3061 2537 3222 2597 atque
3242 2526 3552 2597 perspicua,

1974 2627 2105 2698 quin
2137 2636 2192 2680 et
2219 2625 2459 2694 jucunda
2497 2642 2509 2675 :
2544 2624 2765 2677 vocibus
2796 2631 2976 2676 autem
3009 2620 3182 2675 utitur
3208 2618 3553 2691 temperatis,

1977 2734 2153 2789 neque
2213 2733 2376 2787 supra
2438 2717 2654 2770 modum
2712 2714 2928 2773 Atticis.
2980 2713 3177 2782 quibus
3227 2711 3412 2766 nativa
3462 2710 3555 2767 illa

1976 2813 2280 2868 communis
2315 2809 2583 2865 sermonis
2614 2808 2789 2877 gratia
2840 2806 3240 2877 quodammodo
3284 2804 3553 2858 violetur:

1975 2921 2075 2961 nec
2106 2920 2299 2959 rursus
2345 2904 2398 2956 in
2438 2900 2795 2955 humilitatem
2830 2898 3123 2969 quamdam
3169 2896 3244 2951 ita
3278 2896 3556 2962 demissis,

1973 3008 2034 3054 ut
2067 3008 2238 3053 artem
2263 3012 2479 3051 omnem
2507 2994 2608 3048 illae
2634 2993 2833 3062 fugisse
2862 2991 3169 3045 videantur.
3203 2988 3283 3044 Ad
3312 2989 3428 3043 inec
3458 3003 3557 3042 nec

1972 3088 2387 3157 supervacaneis
2438 3092 2633 3148 tumet,
2678 3099 2778 3140 nec
2816 3082 3180 3139 necessarium
3218 3078 3348 3149 quid
3393 3078 3558 3132 omit-

1898 3211 1941 3267 ο
1978 3184 2087 3237 tit:
2137 3180 2251 3246 sed,
2304 3190 2362 3233 ut
2396 3194 2503 3233 uno
2564 3176 2732 3231 verbo
2777 3174 3072 3238 absolvam,
3103 3171 3261 3244 86a
3304 3170 3558 3226 omnibus

1974 3276 2215 3331 historia:
2245 3273 2536 3329 virtutibus
2568 3271 2758 3342 paucis
2791 3284 2922 3323 sane
2955 3267 3118 3321 cedit.

2746 3364 2808 3419 Ο.

2412 3459 2637 3514 Adriani
2670 3456 3110 3510 Declamationes.

2045 3551 2225 3606 Lecta:
2282 3562 2407 3605 sunt
2458 3550 2681 3605 Adriani
2745 3547 2858 3617 (42)
2907 3547 3131 3617 Augusti
3165 3547 3330 3600 varia:
3367 3544 3555 3599 Decla-

1972 3647 2249 3710 mationes,
2298 3644 2507 3699 dicendi
2547 3641 2919 3696 moderatione
2965 3649 3300 3710 temperatae,
3349 3637 3557 3693 necin-

1967 3738 2238 3808 jucunda.

2723 3825 2811 3881 CI.

2091 3920 2342 3975 Victorini
2372 3919 2652 3989 Lampadii
2677 3919 2775 3982 ﬁlii
2808 3918 3089 3973 Orationes
3118 3914 3442 3970 consulares.

2046 4013 2223 4069 Lecta:
2270 4026 2394 4068 sunt
2447 4011 2711 4067 Victorini
2760 4009 3041 4079 Lampadil
3094 4007 3184 4061 ﬁlii
3230 4004 3553 4060 Antiocheni

1976 4106 2251 4162 Orationes
2312 4105 2614 4160 consulares
2661 4105 2847 4167 varice,
2895 4100 3056 4157 simul
3102 4109 3152 4154 et
3199 4098 3554 4167 imperatoria:

1972 4202 2027 4257 iu
2075 4200 2311 4255 Zenonis
2361 4200 2588 4270 Augusti
2648 4197 2911 4252 laudem:
2957 4208 3065 4264 quo
3111 4192 3431 4262 imperante,
3486 4191 3551 4244 ad

1972 4306 2271 4348 extremam
2336 4294 2425 4349 hic
2476 4298 2795 4361 pervenerat
2839 4295 3194 4344 senectutem.
3251 4283 3549 4336 Dictionem

1972 4386 2113 4454 ejus,
2166 4384 2219 4439 in
2264 4398 2369 4452 qua
2404 4382 2542 4437 nihil
2586 4379 2914 4444 redundans,
2957 4374 3337 4448 perspicuitas,
3382 4372 3554 4427 usita-

1978 4487 2171 4547 tusque
2201 4476 2455 4547 loquendi
2490 4475 2680 4529 modus
2709 4480 2994 4527 exornant.

2710 4562 2820 4617 Cll.

1971 4659 2172 4715 Gelasii
2193 4658 2449 4715 Cazsarea
2472 4656 2779 4778 Palmitime
2799 4653 3049 4726 episcopi,
3077 4651 3208 4705 liber
3226 4649 3341 4711 (43)
3365 4659 3551 4702 contra

2666 4743 2915 4778 nummos.

2666 4743 2915 4790 nomwos,

2075 4801 2145 4855 Et
2172 4800 2392 4854 Diodori
2426 4798 2700 4852 Tarsensis
2736 4798 2799 4848 de
2837 4794 3039 4863 Spiritu
3067 4802 3252 4848 sancto
3278 4808 3442 4861 argn-

2658 4878 2851 4920 menta.

2043 4966 2243 5021 Lectus
2277 4975 2360 5017 est
2407 4963 2542 5017 liber
2582 4959 2875 5030 singularis
2918 4956 3120 5014 Gelasii
3162 4956 3425 5012 Casareaa
3449 4946 3553 5009 Pa-

1971 5058 2194 5111 lmstinzn
2246 5054 2485 5126 episcopi
2536 5052 2785 5107 adversus
2843 5049 3121 5105 Anomaaos
3178 5049 3313 5118 (44).
3382 5045 3557 5116 Hujus

1586 5166 1826 5221 VARle
1854 5166 2259 5225 LECTIONES.

342 5257 390 5285 “
432 5254 754 5327 Χαλκηδόνα
795 5273 856 5320 ς.
932 5257 978 5289 ⁸⁸
1013 5256 1221 5329 ἁπλῶς]
1256 5258 1445 5323 ἁπλῶς
1474 5258 1761 5331 ἱστορικῶν
1789 5261 1855 5314 Α.

1804 5351 2013 5408 NOTAE
2025 5391 2040 5406 .

341 5447 461 5518 (Η)
481 5446 621 5519 Male
631 5447 949 5518 Χαλκηδόνα
966 5447 1244 5519 legebatur
1262 5448 1315 5503 in
1332 5460 1477 5503 textu
1491 5449 1867 5504 Grreco.Eot'r.

344 5518 466 5589 (£2)
496 5518 642 5587 Lege
696 5520 847 5588 plura
894 5518 1035 5588 apud
1072 5519 1230 5573 Suid.
1266 5530 1322 5574 et
1369 5520 1727 5590 Xiphilinum.
1757 5520 1869 5574 Ex-

2043 5446 2157 5519 (44)
2192 5445 2309 5501 Non
2347 5444 2464 5519 illos
2502 5444 2870 5499 Eunomianos
2898 5442 3039 5519 apud
3085 5442 3317 5519 Niceph.
3352 5443 3484 5498 ibid.
3514 5461 3553 5510 ι,

1966 5514 2089 5585 cap.
2124 5514 2211 5581 ll,
2239 5519 2331 5571 sed
2366 5516 2579 5584 integro
2624 5530 2758 5583 pene
2793 5516 2992 5570 saeculo
3026 5514 3298 5585 posterius
3337 5525 3558 5567 exortus

272 5584 418 5644 stant
448 5584 599 5655 'ejus
638 5584 709 5643 et-
744 5584 1026 5645 sententiae
1094 5595 1362 5657 quaedam,
1414 5584 1529 5645 sive
1579 5590 1871 5645 δικαστικά
1972 5589 2360 5658 Eutychianos,
2403 5588 2481 5640 sic
2510 5586 2734 5658 forsitan
2771 5586 2840 5639 ab
2890 5586 3164 5658 aliquibus
3192 5584 3388 5658 dictos,
3412 5586 3557 5658 quod

275 5676 546 5728 responsa
569 5661 623 5711 in
678 5657 790 5714 Vct.
828 5659 1063 5714 Glossar.

1972 5654 2235 5729 negarent
2258 5658 2533 5712 Christum
2566 5657 2820 5729 habuisse
2842 5670 3042 5729 corpus
3063 5654 3354 5725 ὁμοούσιον
3378 5656 3554 5729 nobis.

348 5723 463 5799 αὖ)
511 5727 703 5783 Exstat
771 5732 1039 5798 hodieque
1080 5730 1237 5786 titulo
1276 5731 1353 5785 De
1397 5730 1605 5784 duabus
1665 5733 1870 5784 naturis
1969 5723 2076 5800 qua
2099 5731 2262 5783 etiam
2303 5729 2511 5800 ratione
2561 5728 2700 5797 apud
2728 5726 2843 5800 DD.
2878 5723 3337 5800 Athanas._atque
3375 5723 3554 5800 Chr):-

279 5800 335 5851 in
370 5801 735 5871 Christo,sed
759 5801 895 5855 falso
915 5800 1137 5857 Gelasio
1167 5804 1363 5871 pontii.
1387 5800 1546 5854 liutn.
1576 5806 1874 5870 ascriptus,

284 5879 342 5940 nt
387 5872 548 5926 docet
594 5870 872 5929 illustriss.
912 5872 1110 5929 Barou.
1142 5870 1292 5929 card.
1333 5884 1462 5928 tom.
1516 5871 1607 5940 ιν,
1635 5873 1700 5928 ad
1736 5892 1865 5927 ann.

286 5938 419 5997 Chr.
443 5941 549 5999 496
577 5940 696 5998 ittit.

1972 5792 2108 5855 sust.
2161 5800 2290 5852 dicti
2348 5792 2611 5852 Anomaei'
2645 5798 2857 5862 Ariani,
2907 5799 3000 5866 qui
3046 5792 3323 5866 Christum
3374 5792 3553 5866 Patris

1971 5872 2315 5995 i‘nanIBnIem,
2349 5878 2404 5925 et
2431 5868 2598 5939 aliqui
2636 5864 2940 5922 dissimilis
2964 5882 3181 5937 quoque
3208 5864 3549 5934 substatniz‘e,

2000 5956 2113 5996 acte
2153 5949 2265 5995 aut.
