4090 6410
279 359 383 423 373

1291 336 1920 418 B1BI.IOTHECA.-
1952 355 2171 417 CODD.
2201 353 2511 417 CIII-CVI.

3441 342 3550 412 374

281 474 560 547 ἐπιγραφὴ
613 492 637 529 ι
684 473 846 540 Γάϊος
878 472 1181 546 ψεγόμενος
1236 489 1256 524 ι
1299 474 1394 528 καὶ
1440 490 1461 526 ι
1518 472 1766 536 Φλάκκος
1825 471 1859 543 ἦ

1984 489 2189 539 tensus,
2244 470 2492 541 aliusque
2543 469 2770 526 Flaccus
2820 469 3185 542 reprehensus.
3239 454 3446 536 Quibus
3490 466 3543 521 in

280 567 529 621 Φλάκκον
548 566 853 638 ψεγόμενος
871 583 887 598 '
912 585 933 620 ι
964 569 1023 620 ὲν
1052 561 1135 629 οἷς
1159 564 1339 635 λόγοις
1382 564 1586 634 μᾶλλον
1621 565 1732 619 τῶν
1760 564 1858 619 άλ-

278 658 387 712 λων
407 660 445 730 ἦ
490 676 551 713 τε
592 659 735 714 κατὰ
762 658 863 730 τὴν
897 657 1187 730 ῥητορείαν
1231 656 1392 728 ῥώμη
1427 658 1524 711 καὶ
1555 657 1617 710 τὸ
1670 655 1867 719 κάλλος

281 750 695 820 ὲπιφαίνεται⁸¹
742 750 910 805 αὐτοῦ
938 751 1049 805 τῶν
1099 750 1295 820 λόγων.
1366 749 1699 821 Ἀμαρτάνει
1723 749 1780 802 δὲ
1809 750 1868 802 ἐν

284 840 540 906 πολλοῖς,
591 842 736 907 ἰδέας
787 860 848 897 τε
906 842 1294 913 ὑποτιθέμενος
1315 843 1385 907 δι’,
1440 844 1535 897 καὶ
1586 842 1701 897 ἄλλ’
1733 841 1871 897 ἄττα

282 933 388 1002 τῆς
428 934 730 1005 Ἰουδαϊκῆς
757 934 1077 1003 φιλοσοφίας
1104 934 1363 1005 ἀλλότρια
1394 934 1867 1006 συγγραφόμενος.

297 1023 391 1076 Ἕν
434 1021 497 1077 δὲ
543 1024 656 1087 τοῖς
693 1021 909 1093 χρόνοις
952 1023 1172 1092 ἤκμασε
1216 1023 1378 1077 Γαΐου
1409 1022 1504 1077 τοῦ
1553 1023 1868 1095 Καίσαρος,

282 1113 423 1184 πρὸς
438 1113 501 1167 ὃν
529 1113 623 1167 καὶ
648 1113 791 1186 ὑπὲρ
814 1112 913 1166 τοῦ
938 1113 1071 1167 ἰδίου
1090 1112 1278 1177 ἔθνους
1301 1114 1507 1185 γράφει
1532 1114 1872 1185 πρεσϐεῦσαι

295 1206 583 1276 ’Δγρίππα
624 1205 728 1276 τῆς
797 1205 1059 1270 Ἰουδαίας
1102 1204 1503 1277 βασιλεύοντος.
1542 1206 1772 1278 Φέρεται
1816 1206 1875 1261 δὲ

284 1295 455 1351 αὐτοῦ
486 1296 657 1353 πολλὰ
698 1296 796 1351 καὶ
840 1296 1061 1351 ποικίλα
1092 1298 1478 1371 συντάγματα,
1518 1299 1745 1370 ἠθικοὺς
1772 1299 1865 1355 λό-

286 1406 421 1458 γους
452 1388 781 1462 περιέχοντα
809 1390 901 1444 καὶ
940 1392 1041 1461 τῆς
1072 1392 1318 1456 Παλαιᾶς
1369 1394 1768 1465 ὑπομνήματα,
1796 1394 1868 1450 τὰ

285 1482 520 1535 πλεῖστα
573 1481 711 1552 πρὸς
744 1482 1077 1553 άλληγορίαν
1107 1483 1204 1537 τοῦ
1246 1484 1574 1557 γράμματος
1626 1485 1879 1550 ἐκϐιαζό-

289 1592 449 1646 μενα·
472 1570 629 1639 ἔξοῦ,
657 1571 835 1647 οἶμαι,
867 1577 961 1630 καὶ
976 1578 1085 1640 πᾶς
1106 1577 1135 1630 ὁ
1154 1578 1200 1610 ⁵³
1221 1578 1585 1649 ἀλληγορικδς
1610 1582 1709 1650 τῆς
1734 1581 1879 1653 Γρα-

292 1668 404 1737 φῆς
438 1668 501 1722 έν
527 1670 597 1740 τῇ
626 1668 925 1742 Ἐκκλησία
942 1669 1102 1738 λόγος
1126 1670 1300 1743 ἀρχὴν
1317 1671 1474 1743 ἔσχεν
1494 1673 1543 1705 ⁸⁸
1567 1673 1875 1745 εἰσρυῆναι.

286 1760 526 1829 Λέγεται
550 1761 609 1814 δὲ
633 1761 798 1817 αὐτὸν
826 1762 922 1818 καὶ
939 1762 1009 1817 τὰ
1036 1764 1380 1835 Χριστιανῶν
1410 1764 1690 1837 μυηθέντα
1716 1765 1877 1821 ὔστε-

292 1870 388 1925 ρον
439 1852 646 1909 τούτων
676 1854 770 1909 διά
821 1873 942 1910 τινα
995 1856 1175 1929 λύπην
1234 1858 1328 1911 καὶ
1372 1858 1545 1929 όργὴν
1598 1860 1875 1916 ἐκπεσεῖν.

299 1943 472 1998 Ἀλλά
521 1946 789 2018 πρότερόν
818 1962 883 2015 γε
912 1947 1074 2003 αὐτόν
1104 1965 1293 2017 φασιν,
1342 1950 1438 2003 ἐπὶ
1476 1950 1748 2005 Κλαυδίου
1781 1953 1882 2020 τὴν

300 2036 527 2108 Ῥώμην
578 2038 977 2105 καταλαδόντα,
1041 2040 1233 2111 Πέτρῳ
1284 2041 1363 2112 τῷ
1426 2042 1711 2113 κορυφαίῳ
1771 2043 1884 2096 τῶν

288 2129 608 2184 ἀποστόλων
631 2131 872 2201 ἐντυχεῖν
900 2132 996 2185 καὶ
1027 2131 1220 2201 φιλίως
1247 2132 1581 2204 διατεθῆναι,
1612 2134 1672 2201 ἐξ
1698 2127 1759 2188 οὗ
1788 2136 1884 2189 καὶ

288 2223 421 2286 τοὺς
451 2221 701 2294 μαθητὰς
717 2223 764 2254 ⁸⁸
804 2223 1034 2294 Μάρκου
1070 2224 1166 2279 τοῦ
1213 2224 1605 2294 εὐαγγελιστοῦ
1639 2227 1883 2297 (ἀκροα-

291 2316 391 2381 τὴς
436 2314 487 2367 δ’
542 2315 575 2368 ό
620 2315 847 2386 Μάρκος
897 2315 1148 2385 Πέτρου)
1188 2319 1411 2388 μνήμης
1452 2317 1550 2371 καὶ
1603 2318 1885 2390 εὐφημίας

294 2401 529 2467 ἀξιῶσαι
548 2419 565 2435 ο
600 2403 845 2469 ἐκείνους
872 2405 981 2475 γὰρ
1024 2406 1208 2474 λέγειν
1244 2407 1409 2460 αὐτόν
1431 2406 1479 2439 ⁸⁸
1507 2424 1639 2476 φασι
1661 2407 1707 2440 ³⁷
1736 2408 1887 2479 παρὰ

308 2492 589 2557 Ἰουδαίοις
635 2496 1161 2566 πεφιλοσοφηκέναι.
1193 2490 1297 2551 Ὧν
1337 2500 1434 2553 καὶ
1463 2499 1565 2563 τὰς
1597 2499 1885 2569 διατριϐὰς

297 2587 646 2659 μοναστήριά
688 2605 749 2640 τε
796 2590 972 2656 καλεῖ,
1026 2591 1122 2645 καὶ
1169 2590 1264 2644 τὸν
1304 2590 1603 2663 ἀσκητικὸν
1647 2590 1885 2646 διανύειν

295 2678 499 2741 αὐτοὺς
530 2679 901 2749 άνακηρύττει
930 2681 1066 2752 βίον.
1095 2680 1324 2756 νηστείᾳ
1358 2685 1454 2738 καὶ
1484 2685 1766 2755 προσευχῇ
1793 2682 1888 2736 καὶ

294 2770 542 2841 ἀπιτησίᾳ⁵
568 2770 1033 2843 προσανέχοντας.

373 2882 494 2955 [151
533 2882 646 2956 Η.]
680 2885 836 2938 Ἔστι
877 2885 937 2939 δὲ
977 2886 1039 2940 τὸ
1061 2885 1219 2955 γένος
1240 2885 1304 2954 εξ
1344 2886 1539 2959 ἱερέων
1574 2887 1891 2958 καταγόμε-

298 2991 412 3038 νος,
449 2974 840 3047 Ἀλεξανδρεὺς
862 2976 920 3030 δὲ
946 2976 1046 3048 τὴν
1068 2977 1329 3051 πατρίδα.
1356 2979 1625 3034 Τοσοῦτον
1650 2980 1695 3033 δ’
1726 2980 1892 3034 αὐτὸν

295 3066 416 3128 τοῖς
446 3062 823 3136 Ἑλληνισταῖς
844 3070 1148 3139 παρασχεῖν
1165 3067 1353 3139 θαῦμα
1375 3069 1473 3140 τῆς
1491 3072 1550 3122 ὲν
1573 3074 1687 3135 τοῖς
1709 3070 1890 3139 λόγοις

1969 565 2126 620 libris
2181 564 2388 634 magis,
2450 578 2611 633 quam
2673 562 2730 619 in
2800 561 2959 628 aliis,
3006 561 3150 634 86b
3199 559 3413 618 dicendi
3464 558 3548 612 vis

1967 658 2087 728 ejus
2129 671 2195 712 ac
2229 665 2488 712 venustas
2539 663 2782 727 apparet.
2836 654 3034 711 Peccat
3062 663 3243 709 tamen
3283 666 3390 707 non
3424 662 3549 705 raro

1971 750 2105 805 ideis
2162 748 2632 813 transmutandis,
2685 747 3006 816 ceterisque
3051 760 3081 799 a
3127 743 3355 799 Iudaica
3398 750 3548 797 secta

1971 842 2165 898 alienis
2195 840 2591 896 describendis.
2634 839 2848 896 Floruit
2887 838 3006 895 Caii
3041 837 3271 893 Cazsaris
3296 833 3555 903 tempori-

1973 934 2103 997 bus,
2133 932 2201 988 ad
2228 947 2387 1001 quem
2418 941 2472 987 et
2503 946 2601 1001 pro
2656 947 2753 987 sua
2795 939 2957 1000 gente
3001 928 3274 1000 (Hebraea)
3328 926 3556 997 legatio-

1974 1039 2096 1079 nem
2121 1038 2180 1079 se
2209 1024 2511 1093 suscepisse
2531 1022 2743 1088 scribit,
2774 1031 3035 1092 regnante
3063 1022 3117 1076 in
3147 1019 3330 1076 Jtnlzea
3357 1018 3556 1089 Agrip-

1976 1130 2066 1186 pa.
2122 1114 2595 1171 Circumferuntur
2650 1113 2891 1183 ejusdem
2959 1113 3067 1168 alia
3123 1125 3339 1182 quoque
3403 1110 3557 1165 varia

1974 1204 2231 1276 opuscula
2256 1203 2436 1277 (47),
2465 1205 2666 1275 quibus
2694 1203 3088 1274 disputationes
3136 1200 3251 1256 fere
3290 1200 3357 1255 de
3386 1198 3559 1253 mori-

1976 1299 2078 1354 bus
2119 1297 2508 1365 continentur,
2561 1294 2882 1366 Veterisque
2915 1293 3249 1350 Testamenti
3295 1293 3560 1361 explana-

1978 1390 2156 1447 tiones
2184 1428 2201 1455 ,
2251 1389 2319 1445 ad
2376 1389 2689 1458 allegoriam
2738 1396 2802 1443 ut
2843 1385 3155 1457 iplutitnum
3212 1384 3328 1454 ipsa
3377 1381 3560 1437 littera

1978 1490 2182 1553 aptata.
2213 1480 2281 1536 Et
2310 1495 2440 1536 vero
2474 1482 2543 1536 ab
2570 1481 2676 1537 hoc
2706 1479 2943 1534 arbitror
2978 1476 3117 1549 (48)
3168 1488 3386 1531 omnem
3428 1472 3561 1529 alle-

1979 1577 2222 1648 goricum
2277 1588 2449 1631 sacrae
2479 1571 2776 1641 Scripturae
2808 1584 3113 1626 sermonem
3160 1568 3217 1622 in
3264 1565 3560 1621 Ecclesiam

1980 1680 2350 1737 promauasse.
2406 1664 2615 1718 Ferunt
2642 1661 2893 1717 eumdem
2925 1659 3250 1715 Christianis
3275 1657 3439 1713 etiam
3476 1670 3563 1710 sa-

1982 1760 2090 1815 cris
2114 1756 2383 1813 initiatum
2402 1794 2419 1820 ,
2456 1754 2525 1809 ab
2559 1754 2646 1809 bis
2676 1752 2894 1807 tandem
2917 1751 3106 1806 dolore
3135 1750 3370 1820 quodam
3399 1757 3565 1819 atque

1984 1848 2264 1906 iracundia
2311 1845 2629 1902 descivisse.
2654 1842 2852 1899 Verum
2884 1852 3043 1897 antea
3071 1841 3297 1897 Claudio
3322 1841 3564 1911 Augusto

1982 1942 2284 2012 imperante
2308 1938 2458 1994 adita
2498 1938 2670 1992 Roma
2694 1976 2709 2001 ,
2745 1936 2801 1990 in
2838 1935 3057 1990 beatum
3089 1933 3313 1989 Petrum
3342 1939 3565 2002 aposto-

1980 2033 2155 2090 lorum
2204 2031 2504 2102 principem
2533 2027 2829 2091 incidisse,
2882 2041 3055 2094 eoque
3094 2040 3250 2080 usum
3281 2023 3567 2079 familiari-

1983 2135 2107 2192 ter;
2144 2133 2310 2194 atque
2337 2122 2466 2176 hinc
2492 2121 2657 2175 etiam
2692 2118 2900 2174 factum
2933 2132 3076 2182 esse,
3114 2124 3176 2171 ut
3219 2124 3277 2171 et
3328 2114 3566 2184 discipu-

1983 2215 2155 2271 lorum
2176 2212 2319 2269 beati
2339 2212 2503 2267 Marci
2522 2210 2891 2283 evangelista,
2906 2207 3078 2264 sancti
3112 2205 3258 2265 Petri
3274 2205 3564 2268 auditoris,

1984 2308 2315 2364 mentionem
2368 2304 2852 2372 laudationemque
2904 2300 3169 2372 posuerit.
3250 2298 3361 2354 Hos
3418 2297 3565 2353 enim

1984 2399 2195 2473 (aiunt)
2223 2399 2363 2470 apud
2397 2396 2617 2452 Judzeos
2645 2395 3082 2466 pltilosoplticam
3112 2393 3334 2450 duxisse
3357 2391 3525 2452 vitam
3547 2428 3566 2455 ,

1985 2492 2091 2549 iste
2126 2498 2520 2547 commemorat
2561 2506 2575 2544 :
2620 2488 2815 2542 horum
2864 2485 3181 2551 domicilia,
3229 2482 3567 2539 monasteria

1988 2586 2249 2657 appellat,
2276 2585 2606 2651 eosdemque
2642 2579 2982 2637 meditationi
3013 2577 3251 2635 deditam
3299 2578 3467 2631 vitam
3493 2576 3571 2646 je-

1980 2678 2136 2749 junio
2156 2717 2172 2743 ,
2200 2686 2362 2746 atque
2388 2675 2703 2745 precatione
2733 2674 2934 2745 degere
2951 2710 2968 2738 ,
2992 2670 3134 2727 nihil
3156 2670 3382 2726 interim
3407 2684 3568 2739 cpuut

1987 2769 2315 2842 possidendo
2329 2807 2346 2835 ,
2382 2767 2667 2838 praedicat.

2063 2882 2227 2939 Duxit
2259 2890 2441 2937 autem
2483 2879 2637 2935 Philo
2670 2891 2840 2950 genus
2878 2892 2911 2933 a
2943 2875 3317 2933 sacerdotibus
3338 2915 3355 2943 ,
3393 2872 3571 2946 patria

1988 2976 2428 3044 Alexandrinus,
2478 2983 2795 3045 tantamque
2840 2973 2943 3029 sibi
2986 2969 3126 3040 apud
3170 2968 3390 3024 Graecos
3431 2967 3571 3020 artis

1991 3070 2204 3127 dicendi
2230 3070 2422 3139 peritia
2456 3067 2830 3124 celebritatem
2858 3064 3097 3134 peperit,
3133 3070 3189 3114 ιιι
3222 3059 3382 3128 vulgo
3407 3058 3571 3112 etiam

297 3156 619 3226 δυνάμεως,
647 3155 724 3220 ὡς
751 3158 848 3211 καὶ
873 3158 1051 3228 λέγειν
1083 3157 1303 3224 αὐτούς’
1331 3179 1350 3212 ι
1372 3163 1445 3216 Ἦ
1476 3166 1698 3221 Πλάτων
1721 3168 1768 3201 ⁸⁸
1791 3187 1882 3236 φι-

1994 3176 2249 3217 sermone
2278 3161 2414 3216 illud
2452 3167 2812 3228 usurparetur
2847 3174 2862 3213 :
2892 3158 2998 3210 Aut
3042 3152 3196 3208 Plato
3243 3150 3572 3220 philonizat,

300 3247 544 3312 λωνίξει,
570 3246 606 3320 ἢ
633 3248 811 3303 Φίλων
829 3249 1180 3315 πλατωνίζει.
1217 3269 1237 3305 ι

1019 3366 1158 3435 PG".

528 3482 912 3553 Θεογνώστου
943 3481 1380 3551 Ἀλεξανδρέως
1413 3483 1586 3555 λόγοι
1608 3480 1681 3544 ζ’.

385 3596 514 3670 [280
567 3596 672 3671 Κ]
735 3596 1178 3668 Ἀνεγνώσθησαν
1225 3595 1573 3666 Θεογνώστου
1649 3596 1899 3664 Ἀλεξαν-

307 3690 486 3761 δρέως
524 3689 673 3759 λόγοι
716 3689 857 3742 ἑπτά
882 3705 896 3722 ο
932 3682 995 3744 οὗ
1024 3691 1059 3760 ἡ
1091 3690 1397 3761 ἐπιγραφὴ,
1436 3708 1455 3742 ι
1484 3688 1593 3743 Τοῦ
1621 3690 1894 3761 μακαρίου

309 3782 663 3851 Θεογνώστου
705 3780 1101 3855 Ἀλεξανδρέως
1148 3782 1246 3835 καὶ
1296 3780 1567 3851 ἐξηγητοῦ
1606 3780 1897 3835 ὑποτυπώ-

312 3888 514 3935 tunc»)
564 3872 653 3924 Ἐν
707 3870 808 3942 μὲν
851 3866 945 3925 οῦν
982 3871 1060 3943 τῷ
1100 3870 1305 3943 πρώτῳ
1352 3870 1495 3942 λόγῳ
1540 3872 1897 3941 διαλαμϐάνει

314 3964 451 4035 περὶ
475 3962 572 4016 τοῦ
600 3963 833 4036 Πατρδς,
858 3965 956 4018 καὶ
981 3964 1064 4017 ὃτι
1089 3964 1208 4017 ἔστι
1234 3964 1565 4035 δημιουργὸς
1599 3963 1896 4034 ἐπιχειρῶν

313 4052 616 4114 δεικνύναι.
644 4053 739 4105 καὶ
771 4052 915 4105 κατὰ
936 4053 1044 4107 τῶν
1074 4052 1438 4106 ὑποτιθέντων
1471 4053 1738 4107 συναῖδιον
1762 4052 1897 4125 ὕλην

314 4143 398 4215 τῷ
425 4143 567 4215 Θεῷ.
608 4144 696 4197 Ἐν
719 4144 777 4197 δὲ
800 4142 877 4214 τῷ
901 4144 1138 4215 δευτέρῳ
1158 4144 1341 4214 τίθησι
1371 4145 1469 4214 μὲν
1491 4147 1899 4216 ἐπιχειρήματα

312 4232 385 4284 δι’
412 4226 491 4286 ὧν
518 4232 627 4284 δεῖν
654 4249 787 4303 φησι
812 4233 904 4285 τὸν
936 4233 1154 4303 Πατέρα
1185 4232 1330 4304 ἔχειν
1358 4234 1512 4298 Υίὸν,
1556 4234 1684 4288 Υίδν
1716 4235 1775 4289 δὲ
1811 4234 1900 4288 λέ-

314 4341 433 4391 γων
456 4324 663 4392 κτίσμα
687 4324 849 4378 αὐτὸν
873 4326 1185 4394 ἀποφαίνει,
1216 4328 1313 4379 καὶ
1337 4326 1445 4380 τῶν
1468 4326 1700 4396 λογικῶν
1736 4326 1900 4397 μόνον

1995 3263 2089 3310 aut
2117 3252 2276 3310 Philo
2302 3250 2602 3323 platonizat
2630 3248 2737 3320 (49
2757 3249 2801 3320 ).

2716 3361 2852 3422 (Νι.

2049 3481 2365 3552 Theognosti
2400 3479 2757 3536 Alexandrini
2805 3454 3218 3549 llypotyposeon
3249 3475 3372 3530 libri
3396 3491 3499 3530 vn.

2078 3590 2229 3645 Lecti
2261 3598 2389 3645 sunt
2414 3587 2743 3659 Theognosti
2779 3586 3129 3643 Alexandrini
3162 3585 3289 3641 libri
3325 3595 3531 3657 septem
3557 3622 3575 3647 ,

1997 3680 2477 3748 ltac'inscriptione
2504 3695 2519 3732 :
2543 3694 2562 3728 ι
2592 3675 2740 3731 Beati
2771 3673 3104 3747 Theognosti
3124 3673 3501 3738 Alexandrini,
3520 3684 3578 3728 et

1994 3786 2272 3827 sacrorum
2296 3769 2582 3825 Librorum
2614 3769 2926 3837 interpretis
2945 3766 3327 3838 Hypotyposes.
3354 3785 3374 3820 υ
3392 3764 3577 3821 Primo

1996 3862 2136 3917 libro
2165 3863 2232 3916 de
2266 3860 2428 3914 Patre
2464 3860 2613 3929 agit,
2649 3874 2885 3930 eumque
2940 3873 3060 3913 esse
3103 3872 3282 3912 rerum
3326 3858 3577 3928 cpilicem

1996 3954 2286 4010 ostendere
2339 3952 2529 4007 nititur
2574 3970 2587 4006 :
2632 3954 2798 4008 etiam
2846 3962 3033 4009 contra
3073 3966 3198 4014 cos,
3257 3952 3347 4022 qui
3401 3958 3580 4005 mate-

2005 4047 2141 4103 riam
2165 4044 2310 4117 (50)
2340 4046 2450 4100 Deo
2479 4055 2809 4100 comternam
2841 4044 3069 4101 faciunt.
3120 4043 3286 4101 Libro
3316 4058 3444 4099 vero
3490 4058 3580 4098 se-

2004 4140 2182 4196 cundo
2225 4147 2543 4206 argumenta
2590 4137 2807 4205 quidem
2859 4137 3047 4207 ponit,
3100 4137 3297 4207 quibus
3336 4135 3472 4191 eﬂici
3504 4135 3583 4191 ait

2006 4230 2315 4286 necessario
2360 4226 2577 4282 Patrem
2629 4226 2833 4283 habere
2859 4226 3080 4283 Filium.
3119 4227 3188 4281 At
3226 4242 3347 4282 cum
3382 4225 3579 4281 Filiutn

2006 4322 2167 4389 dicit,
2228 4329 2535 4376 creaturam
2581 4332 2702 4373 esse
2740 4318 2916 4388 ipsum
2960 4318 3352 4383 demonstrat,
3387 4326 3443 4373 et
3491 4332 3583 4370 ra-

314 4416 657 4482 ἐπιστατεῖν,
701 4416 795 4471 καὶ
836 4416 952 4472 ἀλλ’
1001 4419 1171 4484 ἄττα,
1201 4418 1390 4491 ὥσπερ
1436 4418 1739 4491 Ὦριγένης,
1770 4420 1882 4473 ἑπι-

2005 4415 2153 4470 tione
2180 4412 2420 4484 praeditis
2467 4419 2677 4467 tantum
2729 4426 2982 4483 praeesse.
3033 4410 3111 4466 Ac
3138 4410 3291 4480 plura
3329 4410 3381 4465 id
3412 4424 3582 4480 genus

1589 4577 1827 4634 VARIIE
1876 4576 2286 4634 LECTIONES.

390 4693 435 4725 ⁸⁸
470 4693 721 4759 φαίνεται
757 4713 816 4759 ς.

320 4763 503 4835 θητῶν
525 4781 588 4828 ς’.
665 4765 712 4796 ⁸⁸
736 4765 898 4819 αὐτόν
926 4769 1050 4822 add.
1078 4763 1145 4823 Ᾱ.
1235 4763 1279 4801 ‘7
1316 4788 1447 4838 φασι
1485 4787 1623 4841 ntg.:
1657 4788 1790 4841 φησι
1823 4788 1882 4835 ς.

913 4697 959 4728 ⁸³
991 4697 1435 4767 ὑπερτιθέμενος,
1509 4702 1556 4733 ⁵³
1586 4702 1615 4754 ό
1641 4718 1749 4754 om.
1776 4704 1842 4755 Δ.
1919 4699 1968 4733 ⁵⁵
1994 4700 2020 4752 ἐ

2026 4718 2171 4772 σχενῄ
2190 4700 2367 4771 ἀρχήν
2397 4717 2478 4772 ςη
2533 4699 2579 4731 ⁸⁸
2604 4699 2730 4772 τοῦς
2759 4698 3035 4772 Δμαθτιτοὶς
3058 4714 3201 4755 corr.
3233 4698 3301 4765 A,
3322 4700 3433 4753 τῶν
3469 4719 3574 4772 μα-

1960 4771 2007 4803 "
2040 4767 2110 4825 cl.
2138 4767 2299 4825 Suid.
2323 4767 2431 4824 vol.
2459 4770 2510 4834 i,
2541 4786 2593 4839 p.
2625 4769 2711 4833 il,
2751 4767 2837 4823 10.

1835 4903 2074 4963 NOTAE.

322 5017 556 5144 ἆ
603 5018 926 5087 innumera,
970 5022 1145 5093 inquit
1188 5024 1250 5080 Β.
1284 5025 1595 5098 Hieronym.
1654 5025 1891 5094 Suidas,

393 5106 987 5246 :PerOri‘genem
1004 5172 1062 5217 et
1088 5163 1349 5246 erillum
1378 5168 1792 5246 Alexandr.ﬁut_
1814 5169 1901 5221 in-

328 5240 414 5284 ter
461 5228 687 5284 Latinos
754 5228 817 5286 B'.
869 5228 1191 5291 Ambrosius
1267 5238 1528 5309 pleraque
1587 5256 1619 5293 a
1674 5236 1904 5294 Philone

327 5310 614 5354 mutuatus
638 5310 743 5355 est.

549 5369 1056 5452 Beatum-“Petrum
1084 5376 1387 5452 apostolum
1420 5377 1718 5452 innotuisse
1771 5375 1902 5452 Plii-

326 5440 441 5494 loni
475 5440 739 5495 Eusebius
772 5442 866 5497 lib.
902 5457 941 5497 tt
985 5440 1135 5501 Ηὶειξ
1169 5449 1294 5503 eccl.
1323 5459 1509 5502 narrat
1534 5464 1549 5501 :
1571 5448 1780 5502 Φίλωνα
1807 5447 1899 5500 λό⁴

325 5527 425 5589 γος
456 5511 737 5589 ἔχεικατὰ
764 5511 1031 5589 Ιςλαύδιον
1058 5516 1151 5589 ἐπὶ
1181 5519 1281 5589 τῆς
1309 5517 1528 5589 Ῥώμης
1562 5522 1642 5582 εἰς
1683 5517 1900 5583 ὁμιλίαν

328 5579 717 5659 emersus?”
733 5584 847 5647 τοῖς
868 5585 1045 5659 ἐκεῖσε
1058 5586 1180 5659 τότε
1196 5579 1539 5659 κηρύττοντι.
1557 5579 1693 5643 Tum
1714 5579 1900 5643 beatus

329 5665 553 5725 quoque
582 5649 944 5725 Hieronymus
974 5656 1026 5709 in
1055 5649 1348 5725 (lambin:
1378 5660 1546 5713 Aiunt
1571 5660 1734 5724 hunc,
1774 5674 1896 5712 cum

334 5722 572 5775 secunda
610 5720 727 5776 vice
758 5720 996 5779 venisset
1019 5728 1088 5779 ad
1115 5720 1396 5782 Claudium
1425 5728 1478 5783 in
1525 5720 1729 5783 eadem
1767 5729 1898 5782 urbe
1946 5734 1949 5735 ⁷

336 5788 575 5863 [Κοίοιο]
601 5791 840 5848 locutum
871 5809 993 5851 esse
1016 5812 1137 5851 cum
1178 5799 1419 5869 apostolo
1449 5798 1610 5856 Petro
1628 5842 1644 5865 ,
1673 5798 1899 5870 ejusque

2005 5028 2257 5100 habuisse
2282 5026 2577 5100 amicitiam
2607 5036 2695 5083 :et
2711 5027 2781 5100 ob
2812 5027 2955 5100 banc
2977 5041 3198 5100 causam
3229 5028 3394 5082 etiam
3428 5024 3576 5081 Mar-

2006 5100 2079 5163 ci,
2117 5097 2361 5166 discipuli
2398 5096 2564 5163 Petri,
2619 5099 2758 5167 apud
2814 5096 3198 5152 Alexandriam
3258 5104 3580 5167 sectatores

2000 5183 2229 5221 ornasse
2258 5165 2551 5222 laudibus.
2601 5165 2730 5235 Quae
2778 5168 2999 5224 t0tidem
3036 5167 3214 5222 verbis
3249 5165 3481 5230 Suidas,
3510 5183 3575 5221 ex

2000 5237 2315 5308 Hieronymi
2352 5243 2717 5306 tuetapltraste
2744 5238 3051 5308 Sophronia
3080 5237 3577 5308 fortasseidescri-

2038 5309 2150 5361 sit:
2196 5302 2429 5377 Ᾱέγουσι
2474 5302 2681 5373 τοῦτον,
2734 5302 2836 5378 ὅτε
2865 5307 2936 5378 τὸ,
2964 5307 3213 5378 δειξτερον
3267 5302 3399 5378 ἦλθε
3441 5305 3579 5378 πρὸς

2052 5377 2265 5450 λαύδιον
2297 5381 2355 5432 έν
2380 5381 2446 5450 τῇ
2477 5379 2612 5450 αὐτῇ
2636 5378 2788 5433 πόλει
2812 5376 3078 5450 [Ῥὡμῃ],
3104 5376 3448 5450 διαλεχθῆναι
3488 5376 3578 5443 τῷ

1999 5449 2140 5519 ἁγίῳ
2177 5446 2479 5519 ’ἀποστόλων
2504 5446 2715 5518 Πέτρῳ,
2755 5446 2850 5502 καὶ
2886 5446 3087 5519 τοῦτου
3152 5446 3443 5519 ἐσχηκέναι
3472 5464 3579 5519 ,φι-

2005 5516 2146 5583 λίαν,
2169 5520 2266 5573 καὶ
2295 5518 2383 5573 διὰ
2402 5516 2561 5572 τοῦτο
2584 5516 2711 5579 τοῦς
2738 5518 3071 5578 σπουδαστὰς
3095 5516 3346 5587 Μάρκου,
3385 5516 3578 5587 μαθη-

2002 5588 2098 5643 τοῦ
2134 5590 2363 5660 Πέτρου,
2385 5591 2445 5643 ὲν
2476 5588 2854 5660 Ἀλεξανδρείᾳ
2877 5589 3029 5642 έπεσι
3059 5588 3485 5659 κεκοσμηκέναι.

2068 5660 2202 5732 (50)
2241 5655 2648 5732 Utpltilgsophi
2686 5655 2907 5732 quidam
2944 5670 3187 5732 veteres,
3223 5655 3441 5732 etpost

2007 5726 2233 5786 leuciani
2285 5726 2399 5785 sive
2454 5726 2768 5795 Her'tniau'i,
2827 5730 2894 5785 de
2951 5730 3147 5800 quibus
3206 5731 3433 5801 August.
3495 5726 3579 5784 De

2003 5800 2236 5856 Iucresib.
2278 5815 2394 5872 cap.
2423 5801 2513 5857 59.
