4058 6406
583 330 691 401 375

1740 341 2007 401 ΡΗΟΤΙΙ
2046 342 2555 403 ΡΑΤΒἸΑΒΟΗΕ
2584 343 2692 401 CP.

3720 346 3811 410 3Ἱύ

584 455 727 519 alia,
768 469 874 509 una
928 470 1050 511 cum
1103 456 1340 527 Origene
1387 457 1527 513 Filio
1565 460 1998 531 ascribit(51),
2056 460 2170 516 sive

2280 462 2428 531 φέρει
2447 464 2491 495 ⁸³
2523 462 2599 531 τῷ
2628 459 2761 531 Υἱῷ,
2796 458 2906 513 εἴτε
2936 458 3137 529 ὁμοίως
3162 457 3356 529 ἐκείνῳ
3371 457 3650 529 δυσσεϐείᾳ
3670 462 3814 519 ἑαλω-

582 551 773 603 eadetn
803 549 1086 621 impietate
1116 553 1345 617 ductus;
1398 555 1544 619 sive,
1597 565 1654 608 ut
1680 556 1805 623 quis
1829 556 2061 617 dixerit,
2098 556 2166 608 il-

583 642 691 697 lius
724 642 1045 699 defendendi
1081 647 1290 708 studio,
1320 648 1729 702 exercitationis
1756 649 1944 703 istlttec
1968 648 2164 717 gratia,

584 742 639 787 et
670 748 774 786 non
806 749 872 788 ex
904 749 1001 789 sua
1027 736 1296 790 sententia
1326 750 1638 806 proponens
1659 777 1673 801 ,
1729 740 1845 791 sive
1879 753 1909 791 a
1936 738 2169 792 veritate

587 824 836 879 nonnihil
906 825 1100 879 abduci
1158 826 1348 880 sinens
1391 866 1407 893 ,
1462 826 1531 881 ob
1581 826 2006 881 imbecillitatem
2072 840 2168 881 ca-

587 929 847 990 ptumque
869 921 1156 985 auditoris,
1174 922 1263 990 qui
1284 922 1427 975 nulla
1442 921 1672 977 fortasse
1698 922 1819 975 lidei
1845 921 2169 976 Christianae

588 1012 897 1083 cognitione
940 1013 1212 1081 imbutus,
1260 1015 1411 1085 87a
1443 1014 1620 1068 minus
1680 1022 1892 1083 poterat
1936 1028 2169 1067 accura-

592 1105 785 1159 tiorem
836 1106 904 1162 de
944 1108 1210 1178 religione
1240 1109 1605 1178 cognitionem
1638 1106 1951 1170 admittere,
1992 1115 2051 1160 ttt
2080 1104 2171 1160 Fi-

590 1200 650 1255 lii
697 1211 984 1271 propterea
1024 1202 1463 1272 qualemcunque
1514 1200 1880 1269 cognitionem
1934 1198 2169 1252 auditori

590 1292 864 1347 utiliorem
927 1292 1258 1350 existimarit
1312 1307 1463 1357 esse,
1513 1306 1674 1361 quam
1702 1292 1749 1345 si
1788 1291 2014 1345 omnino
2070 1303 2171 1343 nec

590 1384 808 1453 agnitus
834 1386 922 1442 ille
947 1387 1055 1452 sit,
1086 1402 1186 1442 nec
1228 1386 1468 1441 auditus.
1504 1382 1704 1441 Verum
1751 1395 1811 1438 ut
1842 1384 2079 1439 maxime
2118 1385 2171 1437 in

590 1480 957 1550 disputatione
984 1482 1090 1538 hoc
1109 1492 1267 1553 pacto
1304 1491 1505 1537 rectam
1524 1482 1848 1537 sententiam
1874 1483 2170 1547 declinare,

592 1572 661 1628 ab
694 1588 867 1643 eaque
905 1576 1158 1630 recedere
1188 1592 1294 1630 non
1325 1576 1550 1629 omnino
1570 1574 1865 1630 absurdum
1886 1612 1902 1638 ,
1941 1583 2036 1629 aut
2082 1591 2172 1629 re-

590 1666 961 1734 prehensione
1008 1666 1232 1735 dignum
1281 1667 1530 1720 videatur
1565 1684 1581 1721 :
1610 1664 1774 1736 (nam
1812 1665 1885 1719 ibi
1917 1665 2174 1734 pleraque

590 1758 708 1825 ejus
735 1799 750 1825 ,
774 1760 867 1829 qui
908 1768 1119 1814 contra
1146 1760 1383 1830 disputat
1411 1800 1426 1825 ,
1472 1759 1740 1815 sententia
1791 1769 1846 1811 et
1878 1758 2136 1828 opinione
2157 1799 2172 1823 ,

590 1863 655 1903 ac
688 1849 845 1920 quasi
874 1850 923 1903 vi
958 1849 1149 1921 (lunt).
1196 1850 1252 1904 In
1288 1853 1491 1920 scripta
1526 1860 1706 1905 tamen
1738 1849 2021 1913 oratione,
2056 1864 2178 1919 qua:

592 1940 726 2010 legis
754 1941 925 1995 instar
954 1942 1207 1998 omnibus
1239 1943 1291 1996 in
1330 1943 1602 1997 communi
1635 1943 1982 2011 preponenda
2014 1941 2105 2008 sit,
2132 1942 2177 1996 si
2207 1968 2230 1995 τ

590 2032 717 2101 quis
768 2031 909 2087 hanc
940 2033 1024 2086 sui
1087 2032 1352 2102 purgandi
1395 2047 1593 2098 causa,
1653 2032 2001 2103 blasphemia:
2042 2046 2178 2086 con-

588 2124 808 2192 scripta:
839 2121 1211 2178 defensionem
1240 2122 1460 2189 afferat,
1495 2124 1540 2178 is
1574 2138 1704 2179 sane
1740 2123 1806 2177 ad
1845 2122 2176 2178 imbecillum

590 2213 865 2283 confugiet
895 2216 1282 2284 patrocinium.
1314 2214 1433 2270 .lam
1464 2226 1524 2271 ut
1552 2217 1790 2272 secundo
1819 2217 1981 2282 libro,
2017 2208 2179 2271 itaet

589 2308 789 2371 tertio,
848 2309 915 2364 de
939 2308 1145 2379 Spiritu
1190 2320 1383 2365 sancto
1415 2318 1685 2364 tractans.
1718 2320 2035 2381 argumenta
2060 2310 2179 2379 qui-

506 2452 515 2460 ,
590 2402 712 2455 dem
749 2401 1000 2467 adhibet,
1043 2402 1238 2472 quibus
1269 2401 1533 2472 Spiritum
1578 2410 1824 2457 sanctum
1858 2415 1981 2456 esse
2018 2416 2179 2456 cona-

594 2503 685 2548 tur
716 2496 1040 2561 ostendere;
1069 2511 1256 2549 verum
1287 2505 1483 2549 caetera
1506 2537 1521 2560 ,
1568 2494 1637 2550 ad
1669 2495 1883 2548 modum
1925 2493 2179 2563 Origenis

592 2582 732 2641 libro
770 2584 847 2641 De
897 2585 1209 2654 principiis,
1264 2588 1425 2640 etiam
1502 2586 1589 2641 hic
1648 2588 1901 2657 nugaudo
1960 2587 2177 2642 delirat.

591 2679 799 2743 Quarto
838 2678 959 2732 dein
1005 2678 1142 2733 libro
1173 2678 1237 2732 de
1282 2678 1483 2749 angelis
1531 2689 1578 2732 et
1634 2680 1961 2733 dwntonibus
1994 2680 2178 2734 inania

592 2783 783 2838 a'qtte,
823 2778 881 2821 ttt
912 2768 1041 2833 ille,
1095 2767 1394 2839 iactitans,
1442 2770 1609 2823 exilia
1651 2768 1783 2840 ipsis
1815 2784 2043 2840 corpora
2092 2777 2179 2825 in-

593 2861 762 2914 ducit.
797 2861 997 2926 Quinto
1054 2874 1188 2915 vero
1240 2869 1295 2914 et
1340 2870 1501 2915 sexto
1557 2871 1863 2930 pertractat
1922 2871 1981 2917 ut
2038 2862 2181 2918 Deus

592 2950 870 3007 hominem
930 2951 1190 3016 induerit,
1236 2962 1522 3023 tentatque
1576 2968 1677 3009 suo
1751 2969 1901 3009 more
1956 2958 2180 3009 demou-

592 3052 770 3098 strare
814 3044 1244 3100 incarnationem
1292 3044 1414 3100 Filii
1469 3046 1582 3099 lieri
1617 3046 1879 3116 potuisse.
1921 3046 2089 3101 Multa
2128 3056 2183 3103 et

2270 553 2419 617 κὼς,
2474 555 2583 607 εἴτε
2628 553 2739 623 (ὡς
2777 554 2842 606 ἅν
2861 553 2911 583 ⁶⁰
2964 568 3052 614 τις
3106 549 3282 619 εῐποι)
3318 549 3699 620 ἐκϐιασάμενος
3733 556 3818 626 τὴν

2272 648 2413 718 ὑπὲρ
2461 646 2627 701 αὑτοῦ
2681 644 3003 712 ἀπολογίαν,
3033 645 3093 696 ὲν
3139 640 3449 712 γυμνασίας
3490 642 3628 713 λόγῳ
3658 646 3743 698 καὶ
3766 649 3817 700 ού

2268 739 2429 809 δόξης
2449 739 2622 793 ταῦτα
2659 738 2957 810 προτιθεὶς,
2984 735 3017 806 ἢ
3044 736 3140 790 καὶ
3168 735 3305 803 πρὸς
3332 734 3433 805 τὴν
3464 734 3555 787 τοῦ
3576 736 3821 808 ἀκροατοῦ

2269 832 2384 897 ἕξιν
2429 832 2523 885 καὶ
2578 830 2883 891 ἀσθένειαν,
2934 828 3183 899 ἀμυήτου
3231 825 3539 889 παντελῶς,
3570 828 3617 879 εί
3658 828 3821 899 τύχοι,

2271 924 2426 987 ὄντος
2481 922 2578 977 τοῦ
2628 923 2739 977 τῶν
2788 920 3132 991 Χριστιανῶν
3182 916 3443 988 Θειασμοῦ
3492 920 3585 971 καὶ
3630 920 3699 991 μὴ
3748 922 3825 975 δυ-

2270 1020 2507 1089 ναμένου
2534 1018 2792 1083 δέξασθαι
2822 1018 2923 1086 τὴν
2938 1017 3037 1086 τῆς
3066 1014 3365 1085 θρησκείας
3388 1012 3687 1085 ἀκρίϐειαν,
3711 1015 3825 1070 ὑπσ-

2274 1113 2715 1183 κατασπώμενος
2766 1113 2865 1181 τῆς
2897 1111 3178 1182 ἀληθείας,
3236 1109 3332 1163 καὶ
3374 1106 3473 1177 τὴν
3500 1107 3827 1179 ὁπωσδήποτε

2273 1208 2475 1277 γνῶσιν
2510 1207 2643 1261 Υἱοῦ
2679 1209 2779 1277 τῆς
2809 1204 3111 1267 παντελοῦς
3146 1202 3406 1273 ἀνηκοΐας
3450 1201 3546 1253 καὶ
3581 1201 3829 1267 ἀγνωσίας

2274 1298 2727 1369 λυσιτελεστέραν
2785 1295 3026 1366 νομίζων
3074 1288 3216 1346 εἶναι
3253 1291 3298 1323 ⁶¹
3348 1287 3427 1359 τῷ
3477 1289 3522 1320 ⁵⁸
3587 1289 3827 1360 ἀκροατῇ.

2288 1391 2448 1445 Ἀλλά
2477 1389 2713 1456 διαλέξει
2739 1389 2837 1460 μὲν
2863 1392 2896 1459 ἠ
2929 1386 3154 1457 τοιαύτη
3182 1382 3434 1453 καταφυή
3454 1380 3548 1433 τοῦ
3583 1380 3653 1451 μὴ
3672 1380 3831 1449 λέγειν

2275 1484 2453 1555 ὀρθῶς
2491 1485 2585 1537 καὶ
2623 1482 2975 1553 ἀναχώρησις
3010 1481 3111 1533 ούκ
3132 1480 3198 1533 ἂν
3227 1478 3488 1536 ἀπίθανος
3517 1472 3637 1526 οὐδὲ
3681 1472 3832 1541 ψόγου

2276 1578 2510 1649 ἐχομένη
2539 1576 2667 1647 δόξῃ
2698 1576 2743 1608 ⁸³
2765 1590 2779 1605 °
2812 1575 2882 1629 τὰ
2910 1572 3083 1627 πολλὰ
3115 1573 3224 1642 γὰρ
3255 1573 3323 1641 τῇ
3350 1566 3444 1621 τοῦ
3472 1565 3834 1637 προσδιαλεγο-

2280 1671 2442 1740 μένου
2472 1668 2670 1741 γνώμῃ
2700 1668 2799 1723 καὶ
2825 1666 2953 1737 δόξῃ
2986 1666 3083 1718 καὶ
3116 1663 3261 1733 ίσχύῖ
3293 1659 3683 1728 διαπράττεται
3712 1674 3725 1688 ο
3752 1659 3832 1725 ἐγ-

2278 1764 2493 1835 γράφου
2534 1762 2592 1815 δὲ
2648 1762 2811 1829 λόγου
2860 1764 2955 1813 καὶ
2987 1758 3169 1812 κοινοῦ
3215 1753 3541 1827 προκεῖσθαι
3578 1748 3835 1820 μέλλοντος

2281 1856 2452 1912 ἅπασι
2486 1858 2651 1926 νόμου
2690 1854 2756 1915 ⁸⁵,
2790 1853 2948 1916 εἴτις
2973 1854 3070 1922 τῆς
3104 1854 3161 1906 ὲν
3203 1849 3352 1919 αὐτῷ
3387 1844 3725 1917 βλασφημίας
3752 1843 3837 1911 τὴν

2279 1949 2691 2021 προειρημένην
2720 1948 2799 2010 είς
2829 1944 3082 1999 ἀθώωσιν
3114 1944 3368 2012 ἐπιφέρει
3407 1937 3721 2005 ἀπολογίαν,
3770 1936 3838 1996 είς

2280 2042 2481 2111 ἀσθενῆ
2505 2040 2820 2110 κατέδραμε
2843 2037 3196 2109 συνηγορίαν.
3232 2036 3447 2104 Ὥσπερ
3477 2031 3535 2084 δὲ
3563 2032 3619 2081 ὲν
3636 2029 3710 2100 τῷ
3735 2028 3838 2080 δευ-

2278 2134 2445 2205 τέρῳ,
2476 2130 2619 2186 οὕτω
2650 2131 2748 2185 καὶ
2802 2132 2861 2184 ὲν
2914 2130 2992 2201 τῷ
3027 2129 3194 2200 τρίτῳ
3220 2128 3365 2196 λόγῳ
3415 2123 3548 2194 περὶ
3583 2120 3674 2175 τοῦ
3704 2120 3841 2189 ἁγίου

2280 2226 2599 2297 ΙΙνεύματος
2630 2223 3014 2295 διαλαμϐάνων
3059 2221 3243 2291 τίθησι
3281 2220 3380 2290 μὲν
3420 2217 3832 2286 ἐπιχειρήματα,

2278 2321 2378 2389 τὴν
2436 2319 2530 2373 τοῦ
2575 2316 2842 2385 παναγίου
2895 2313 3215 2384 Πνεύματος
3242 2310 3482 2381 ὓπαρξιν
3520 2307 3778 2360 δεικνύειν
3805 2306 3843 2338 ⁸⁵

2279 2412 2756 2484 ἀποπειρώμενος,
2786 2410 2856 2464 τὰ
2884 2410 2931 2463 δ’
2960 2408 3116 2472 ἄλλα,
3166 2407 3355 2473 ὥσπερ
3389 2403 3671 2472 Ὠριγένης
3698 2402 3752 2452 ὲν
3777 2400 3845 2466 τῷ

2281 2508 2420 2577 Περὶ
2453 2505 2676 2575 ἀρχῶν,
2694 2504 2839 2558 οὕτω
2858 2504 2951 2557 καὶ
2981 2502 3144 2564 αὐτὸς
3167 2498 3402 2554 ἐνταῦθα
3429 2495 3754 2566 παραληρεῖ.
3770 2493 3847 2545 Ἑν

2280 2600 2337 2655 δὲ
2364 2599 2440 2670 τῷ
2480 2598 2727 2669 τετάρτῳ
2786 2595 2916 2666 περὶ
2956 2593 3205 2661 ἀγγέλων
3239 2589 3334 2643 καὶ
3370 2588 3645 2655 δαιμόνων
3667 2585 3847 2653 ὁμοίως

2281 2694 2476 2763 ἐκείνῳ
2506 2691 2784 2759 κενολογεῖ
2821 2689 2889 2754 ⁸⁸,
2930 2689 3025 2740 καὶ
3083 2684 3317 2754 σώματα
3349 2682 3535 2742 αὐτοῖς
3559 2677 3734 2731 λεπτά
3754 2678 3849 2743 ἁμ-

2282 2790 2584 2857 φιέννυσιν.
2648 2782 2738 2835 Ἐν
2769 2780 2825 2832 δὲ
2886 2777 2965 2847 τῷ
3010 2776 3246 2845 πέμπτῳ
3285 2772 3381 2825 καὶ
3428 2770 3580 2839 ἕκτῳ
3619 2764 3847 2834 περὶτῆς

2283 2876 2754 2947 ὲνινθρωπήσεως
2785 2871 2879 2925 τοῦ
2938 2869 3194 2938 Σωτῆρος
3243 2862 3636 2933 διαλαμϐάνων
3664 2860 3705 2891 δ’
3742 2860 3849 2908 ἑπι-

2281 2970 2458 3041 χειρεῖ
2494 2966 2614 3037 μὲν,
2639 2964 2713 3026 ὡς
2740 2964 2863 3025 ἔθος
2899 2960 3071 3029 αὐτῷ,
3109 2957 3345 3026 δυνατὴν
3364 2950 3511 3008 εἶναι
3532 2949 3851 3005 δεικνύναιίλει

2283 3062 2382 3132 τὴν
2408 3056 2825 3128 ὲνανθρώπησιν
2850 3052 2945 3106 τοῦ
2975 3050 3131 3115 Υίοῦ,
3157 3048 3329 3105 πολλά
3347 3047 3404 3101 δὲ
3428 3049 3491 3101 ὲν
3522 3047 3702 3106 αὐτοῖς
3730 3059 3857 3097 κενο-

592 3135 683 3191 hic
711 3148 971 3205 nugatur,
1004 3138 1349 3206 maximeque
1372 3138 1500 3192 dum
1536 3138 1666 3191 illud
1698 3154 1947 3193 asserere
1974 3140 2176 3204 audet,

2285 3154 2597 3225 ιρωνεῖ.καλ⁵
2647 3152 2885 3223 μάλιστα
2944 3150 3073 3203 ὅταν
3120 3145 3406 3217 ἀποτολμᾷ
3461 3144 3647 3213 λέγειν
3672 3139 3856 3193 ὃτιτὺν

595 3230 986 3298 imaginatione
1020 3230 1242 3300 quidem
1268 3241 1456 3284 nostra
1482 3228 1678 3284 Filium
1712 3232 1836 3287 aliis
1863 3242 2030 3301 atque
2059 3232 2182 3288 aliis

595 3322 728 3377 locis
755 3323 1163 3390 circumscribi,
1214 3336 1273 3378 re
1306 3331 1483 3377 tamen
1535 3333 1700 3393 atque
1738 3332 1862 3377 actu
1913 3325 2031 3394 ipso
2077 3341 2182 3380 non

597 3430 719 3470 esse
749 3416 1243 3484 circumscriptum.
1276 3414 1524 3484 Septimo
1557 3414 1795 3484 denique
1829 3416 1989 3480 libro,
2019 3433 2181 3486 quem

596 3505 676 3559 De
711 3506 805 3559 Dei
855 3504 1120 3559 creatione
1175 3505 1483 3573 inscripsit,
1538 3504 1820 3574 aliquanto
1866 3508 1953 3575 pie
2012 3509 2184 3579 magis

596 3615 721 3653 cum
751 3599 816 3652 de
840 3598 961 3651 aliis
986 3607 1218 3665 tractat,
1257 3608 1368 3651 tum
1402 3599 1706 3666 praesertim
1737 3598 1802 3654 de
1823 3598 1964 3654 Filio
1996 3601 2050 3654 in
2088 3617 2187 3655 ex-

601 3703 774 3744 trema
804 3690 986 3759 operis
1018 3705 1083 3760 pa
1095 3700 1193 3744 rte.

674 3784 847 3838 Dictio
871 3784 989 3854 ejus
1019 3784 1176 3854 plena
1230 3793 1349 3848 est,
1378 3792 1435 3838 et
1465 3784 1597 3837 nihil
1635 3784 1802 3840 habet
1846 3786 2181 3843 redundans.

602 3876 839 3931 Vocibus
862 3878 988 3930 item
1018 3886 1079 3930 ut
1108 3877 1159 3929 in
1180 3873 1378 3939 Attica,
1406 3876 1738 3947 minimeque
1774 3878 2024 3933 allectata
2056 3896 2187 3934 ora-

602 3970 781 4034 tione,
820 3968 895 4022 ita
941 3969 1110 4021 utitur
1139 3977 1397 4029 venuste,
1454 3978 1511 4021 ut
1547 3985 1645 4022 nec
1698 3970 1751 4023 in
1791 3972 2186 4038 compositione

601 4061 820 4131 quidem
861 4074 894 4114 a
944 4068 1206 4113 consueto
1236 4058 1492 4129 loquendi
1547 4062 1707 4115 modo
1760 4062 1985 4117 recedat
2020 4082 2033 4118 :
2075 4064 2184 4120 imo

601 4168 702 4208 nec
726 4151 1131 4223 perspicuitatis
1152 4191 1167 4216 ,
1199 4159 1255 4206 et
1277 4153 1646 4207 accuratiouis
1694 4168 1829 4208 caua
1851 4168 1882 4209 a
1914 4157 2184 4225 magnitu-

600 4246 728 4300 dine
752 4242 1030 4300 deﬂectat.
1068 4242 1278 4301 Floruit
1300 4259 1431 4299 vero
1452 4245 1548 4281 *ν*

1348 4338 1507 4393 CVII.

2286 3248 2416 3300 Υίὸν
2442 3242 2830 3315 φανταζόμεθα
2854 3242 3041 3296 ἄλλοτε
3080 3240 3138 3292 ἐν
3163 3238 3343 3301 ἄλλοις
3375 3236 3571 3297 τόποις
3608 3249 3857 3303 περιγρα-

2287 3340 2547 3410 φόμενον,
2584 3338 2721 3409 μόνῃ
2754 3336 2810 3389 δὲ
2844 3338 2910 3405 τῇ
2962 3331 3212 3404 ἐνεργείᾳ
3254 3331 3328 3401 μὴ
3363 3327 3857 3401 περιγραφόμενον.

2299 3429 2387 3481 Ἐν
2413 3428 2470 3481 δὲ
2503 3428 2581 3497 τῷ
2604 3427 2838 3497 ἑϐδόμῳ,
2868 3426 2896 3479 ὅ
2928 3425 3023 3478 καὶ
3054 3425 3181 3494 περὶ
3208 3421 3342 3475 Θεοῦ
3363 3418 3733 3493 δημιουργίας
3758 3418 3863 3469 ὲπι-

2286 3524 2508 3592 γράφει,
2531 3519 2918 3589 εύσεϐέστερόν
2954 3536 3072 3579 πως
3119 3516 3247 3586 περί
3292 3532 3353 3568 τε
3393 3514 3512 3567 τῶν
3562 3512 3735 3565 ἄλλων
3760 3508 3863 3559 δια-

2286 3615 2576 3685 λαμϐάνει,
2608 3614 2702 3667 καὶ
2734 3613 2971 3684 μάλιστα
2994 3610 3132 3681 πρὸς
3155 3608 3234 3680 τῷ
3258 3608 3402 3661 τέλει
3421 3605 3523 3659 τοῦ
3549 3605 3709 3672 λόγου
3747 3601 3865 3669 περὶ

2286 3704 2381 3758 τοῦ
2408 3704 2559 3756 Υίοῦ.

2362 3798 2519 3848 Ἐστι
2547 3795 2603 3846 δὲ
2632 3794 2730 3864 τὴν
2761 3792 2963 3863 φράσιν
2993 3792 3289 3861 ἀπέριττός
3319 3788 3416 3841 καὶ
3457 3786 3663 3857 βαθὺς,
3697 3780 3868 3837 καλλι-

2286 3888 2440 3958 λεξία
2468 3905 2528 3939 τε
2565 3887 2640 3947 ὡς
2670 3888 2729 3939 ὲν
2766 3885 2999 3954 Ἀττικῷ
3028 3884 3124 3936 καὶ
3152 3880 3375 3951 συνήθει
3417 3878 3712 3949 χρώμενος
3741 3874 3871 3941 λόγῳ

2287 3984 2383 4033 καὶ
2404 3980 2497 4032 τοῦ
2524 3977 2784 4047 συνήθους
2806 3976 2918 4030 οὐδ’
2948 3978 3006 4029 ὲν
3027 3977 3149 4037 ταῖς
3172 3972 3499 4037 συντάξεσιν
3530 3972 3872 4038 ἁνακεχιυρηυ

2289 4074 2421 4136 κώς.
2444 4071 2550 4124 Τοῦ
2585 4070 2769 4140 μέντοι
2804 4068 3069 4140 μεγέθους
3096 4066 3163 4121 δι’
3187 4066 3486 4135 ἐνάργειαν
3514 4064 3612 4118 καὶ
3641 4059 3872 4130 ἀκρίϐει-

2288 4185 2354 4221 αν
2372 4166 2481 4220 τῶν
2512 4163 2771 4235 ῥημάτων
2802 4164 2863 4216 ού
2897 4158 3612 4232 καταφέρεται.”Ηκμασε⁸⁹
3630 4157 3686 4210 δὲ
3705 4153 3872 4221 (52)...

3016 4335 3139 4391 PZ'.

599 4432 790 4488 Basilii
852 4433 1031 4490 Cilicis
1081 4441 1269 4505 contra
1301 4431 1563 4505 Joannem
1610 4429 2027 4501 Scythopolilam
2073 4432 2178 4505 (53]

2290 4438 2619 4493 Βασιλείου
2665 4427 3391 4505 πρεσϐυτέρουᾲΚιλικίας
3434 4423 3596 4478 κατὰ
3612 4420 3875 4477 Ἰωάννου

1254 4504 1376 4555 libri
1410 4517 1518 4555 XVI.

671 4595 868 4651 Luctus
890 4605 974 4650 est
1002 4595 1139 4650 liber
1166 4594 1352 4648 Basilii
1382 4593 1687 4662 presbyteri
1718 4591 1905 4648 Cilicis
1929 4636 1945 4659 ,
1983 4597 2180 4651 adver-

598 4705 693 4745 sus
714 4690 977 4744 Joannem
998 4685 1451 4759 Scythopolitam,
1470 4686 1555 4739 cui
1587 4696 1641 4738 et
1668 4685 1939 4741 Causidici
1962 4704 2181 4759 nomen,

2787 4501 3238 4556 Σκυθοπολίτου
3282 4504 3380 4562 ις’.

2360 4600 2492 4672 [281
2519 4600 2610 4662 IL,
2639 4597 2743 4651 152
2770 4594 2864 4666 ιι]
2906 4589 3249 4660 ’Δνεγνώσθη
3275 4588 3572 4641 Βασιλείου
3599 4628 3614 4650 ,
3648 4580 3877 4655 πρεσϐυο

2294 4694 2453 4764 τέρου
2478 4691 2703 4753 Κίλικος
2724 4732 2739 4755 ,
2771 4688 2915 4741 κατὰ
2949 4685 3199 4738 Ἰωάννου
3228 4679 3323 4733 τοῦ
3352 4677 3769 4733 Σκυθοπολίτου
3790 4715 3804 4740 ,
3824 4672 3879 4724 ὃν

1882 4825 2121 4883 ΥΛΒΙᾸΞ
2146 4828 2553 4885 LECTIONES.

670 4925 716 4957 ”
748 4926 1001 4999 ἐπιφορεῖ
1029 4925 1094 4979 Α.
1172 4926 1217 4999 ⁶Α⁰
1248 4924 1312 4978 ἀν
1343 4939 1451 4999 om.
1623 4923 1667 4955 ⁶¹
1698 4919 2113 4999 εἶναιάνομίζων
2144 4927 2594 4999 λυσιτελεστέραν
2625 4944 2701 4999 ς,
2755 4925 2799 4955 θ’
2829 4921 2909 4993 τῷ
2937 4920 3062 4999 add.
3092 4921 3157 4971 Α.
3203 4917 3279 4999 ,⁸³
3304 4914 3435 4999 δέξῃ
3491 4914 3626 4999 οὖξξ
3656 4909 3878 4999 ἐχομένη

596 4995 790 5064 ψόγου.
866 4994 1116 5050 “ﬁndat
1145 4996 1311 5064 νόμου
1412 5013 1425 5049 :
1453 4994 1620 5066 νόμου
1651 4996 1764 5066 τοῖς
1787 4997 1952 5048 πᾶσιν
1983 5013 2043 5059 ς.
2123 4999 2167 5028 ⁸⁵
2198 4999 2467 5053 δεικνύειν
2496 4994 2760 5066 ῦπαρξιν
2806 5010 2865 5057 ς’.

2968 4992 3013 5021 ⁸⁸
3046 4987 3355 5055 καινολογεῖ
3384 4981 3453 5050 ξ.
3578 4986 3626 5017 ⁸⁷
3659 4981 3883 5049 διαλαμ·

598 5058 788 5122 ϐάνειν
827 5071 893 5121 Α.
957 5066 1003 5099 ⁵⁸
1049 5058 1285 5137 δυνατὴν
1318 5061 1462 5117 εἶναι
1499 5058 1776 5118 δεικνύναι
1810 5076 1935 5135 post
1984 5058 2101 5120 υἱοῦ
2133 5071 2285 5136 ponit
2322 5088 2385 5135 ς.
2462 5069 2506 5101 δ’
2540 5058 2760 5138 ἤκμασε
2789 5066 2847 5118 δέ
2873 5078 2983 5116 οιιι.
3025 5064 3093 5127 A,
3131 5060 3293 5114 habet
3325 5058 3389 5112 C.

2118 5177 2351 5236 NOTAE.

671 5269 785 5341 (51)
823 5268 983 5339 Sttpr.
1016 5270 1135 5324 cod.
1177 5269 1232 5323 8.

669 5337 785 5414 (52)
812 5337 937 5395 Post
970 5340 1285 5414 Urigenetn,
1312 5340 1483 5414 uthic
1512 5340 1716 5414 iudicat
1748 5337 1999 5414 Photitts,
2028 5349 2086 5395 et
2112 5357 2180 5397 ex

598 5409 1087 5472 beato'Atltanasio
1107 5411 1357 5478 colligas,
1376 5409 1470 5479 qui
1494 5412 1777 5477 utriusque
1805 5409 2070 5465 adhibens
2103 5422 2183 5464 te-

599 5487 937 5549 stimonium,
963 5484 1098 5537 liber
1128 5484 1179 5535 in
1205 5481 1334 5535 illud
1350 5480 1593 5549 Evaug.:
1626 5480 1933 5545 Quicunque
1983 5482 2181 5535 dixerit

600 5564 815 5611 verbum
840 5566 1022 5608 contra
1051 5551 1255 5605 Filium
1283 5552 1528 5614 hominis,
1588 5562 1693 5606 etc.
1755 5552 1977 5617 Origeni
2039 5554 2183 5607 hunc

600 5630 946 5682 continenter
1000 5621 1297 5692 subjungit,
1361 5633 1417 5676 et
1470 5621 1732 5690 priscum,
1779 5620 2180 5689 admirandum,

600 5711 863 5764 perquam
901 5694 1202 5749 studiosum
1263 5692 1521 5763 appellat,
1557 5692 1738 5764 allatis
1773 5692 1981 5746 duobus
2005 5708 2181 5764 exeo

600 5762 938 5832 fragmentis.
977 5764 1117 5818 Alibi
1148 5762 1311 5817 etiam
1338 5764 1601 5817 disertum
1631 5762 2052 5829 virutn,quando
2074 5763 2191 5831 ejus

600 5836 803 5892 librum
854 5852 893 5896 tt
942 5836 1363 5909 Hypotyposedu
1396 5836 1453 5892 in
1503 5835 1735 5891 Arianos
1762 5836 2010 5890 advocat.
2065 5836 2172 5889 lta-

2292 5289 2399 5343 que
2455 5291 2559 5328 non
2603 5270 2852 5343 absimile
2888 5285 3015 5321 vero
3056 5266 3217 5343 fuerit
3243 5264 3497 5343 his_ipsis
3538 5262 3722 5326 libris,
3755 5260 3889 5343 quod

2290 5336 2584 5400 Clementis
2615 5347 2740 5396 item
2766 5339 3207 5412 llypotyposibus
3235 5336 3513 5412 accidisse
3572 5345 3771 5412 auctor
3814 5340 3894 5411 est

2290 5416 2345 5470 in
2382 5416 2631 5484 Origenis
2658 5405 2917 5481 Apologia
2939 5405 3209 5484 ili—ullinus,
3231 5416 3320 5484 ttt_
3347 5405 3422 5459 ab
3488 5405 3771 5484 hmreticis
3814 5405 3892 5453 itt-

2291 5478 2561 5555 terpola'ti,
2592 5478 2947 5539 etmtatuinati
2986 5480 3205 5555 fuerint.
3229 5478 3359 5555 polo
3398 5488 3560 5555 certe
3586 5478 3733 5555 tuan
3766 5489 3894 5542 [meo

2288 5547 2504 5611 teritam
2537 5557 2604 5609 ab
2636 5554 2869 5607 Eusebio
2897 5551 3119 5605 maximi
3153 5548 3310 5615 hujus
3361 5547 3470 5599 viri
3537 5547 3893 5615 mentionem,

2290 5624 2447 5681 docet
2485 5627 2729 5678 illustris.
2769 5623 2968 5676 Iiarou.
3009 5634 3048 5675 t.
3084 5619 3127 5672 ll
3170 5614 3366 5672 Annal.
3410 5618 3487 5670 ad
3516 5635 3654 5671 ann.
3679 5615 3745 5669 (ἒ.
3776 5614 3894 5668 lll‘J.

2356 5698 2496 5766 (55)
2542 5696 2616 5748 De
2667 5692 3293 5766 JoanneScythopolita
3345 5703 3481 5757 sup.
3510 5694 3643 5746 cod.
3678 5688 3772 5745 95.
3830 5684 3898 5738 De

2301 5763 2505 5825 Basilio
2532 5768 2632 5824 cod
2666 5766 2734 5821 96
2765 5774 2819 5823 et
2839 5763 2930 5819 42.
