4058 6404
261 356 345 421 3‘77
1280 348 1815 419 BIBLIOTHECA.
1856 386 1925 395 -
1956 360 2122 421 COD.
2164 360 2340 423 CVII.
3370 365 3477 427 378

255 474 329 525 καὶ
351 466 601 538 δικολόγον
628 466 777 537 λέγει
804 469 899 522 καὶ
930 468 1101 541 μυρία
1130 470 1268 525 ἄλλα
1296 474 1463 527 αὑτοῦ
1498 476 1777 548 καταγρά-
1806 476 1851 541 Α

1879 487 1933 531 et
1963 478 2067 533 alia
2114 489 2371 533 sexcenta
2398 479 2688 548 impingit:
2719 488 2795 542 ut,
2834 479 2885 532 in
2912 479 3273 547 suspicionem
3308 482 3476 537 Mani-

251 580 347 632 φει.
375 562 448 615 δτι
475 577 529 613 τε
555 561 612 613 ὲν
631 561 858 631 ὑπονοίᾳ
887 563 1115 631 γέγονεν
1139 566 1542 637 Μανιχαῖσμοῦ,
1573 569 1666 621 καὶ
1691 570 1773 622 ὅτι

1878 569 2039 623 clueas
2074 581 2237 623 secta:
2266 569 2519 625 venisse:
2556 586 2769 623 sacrum
2798 570 3234 639 Quadragesitnaa
3267 581 3477 640 tempus

248 659 329 727 τὴν
353 656 497 723 ἁγίαν
524 653 978 726 Τεσσαρακοστὴν
1015 658 1095 719 εἰς
1134 660 1285 728 τρεῖς
1317 659 1618 728 ἑϐδομάδας
1644 676 1777 728 συγ-

1878 660 1944 712 ad
1972 671 2080 713 tres
2124 661 2334 714 tantum
2388 661 2755 715 hebdomadas
2804 677 3130 729 revocasse,
3174 664 3478 735 iisdemque

247 749 411 803 κλείων
437 746 551 799 οὑδὲ
573 747 633 798 ὲν
659 746 887 811 ταύταις
916 749 1017 818 τῆς
1049 749 1113 802 ὲκ
1132 749 1180 781 ⁷⁸
1203 749 1318 803 τῶν
1370 751 1590 821 πτηνῶν
1620 769 1777 823 κρεο-

1880 764 1979 803 nec
2003 749 2071 802 ab
2093 750 2269 803 avium
2288 752 2543 805 carnibus
2572 750 2937 807 abstinuisse:
2965 753 3030 805 ad
3059 754 3297 822 gentium
3324 771 3476 807 sacra

245 842 415 911 φαγίας
440 838 692 909 ἀπείχετο
709 879 725 903 ,
769 842 864 893 καὶ
890 840 966 903 ὡς
1008 841 1348 911 Ἑλληνικαῖς
1379 843 1621 905 τελεταῖς
1650 860 1775 896 συν-

1879 842 2176 897 accessisse
2227 858 2243 897 :
2290 853 2346 895 ut
2429 843 2718 911 plurimum
2769 855 3027 913 praaterea
3092 847 3234 915 87b
3301 848 3476 900 ventri

243 937 381 1005 ήγετυ
401 973 415 996 ,
459 933 550 986 καὶ
574 931 658 985 ὅτι
690 931 766 995 ὡς
787 931 989 985 ἐπίπαν
1013 932 1117 985 ὑπὸ
1148 934 1589 1004 γαστριμαργίας
1619 934 1793 986 ὲλαυ-’

1880 933 1999 1003 plus
2038 936 2173 990 satis
2204 936 2469 995 deditum.
2503 952 2607 989 non
2636 937 3012 1005 absolutojam
3050 955 3209 994 sacro
3231 955 3476 993 comnm-

246 1029 440 1097 νόμενος
463 1023 717 1077 οὐδέποτε
752 1024 1027 1078 ἐκοινώνει
1056 1024 1156 1094 τῆς
1199 1025 1511 1096 ἱερουργίας
1540 1026 1778 1079 τελειου-

1882 1026 2115 1089 nicasse,
2146 1028 2239 1080 sed
2265 1037 2388 1096 post
2432 1028 2782 1096 Evangelium
2819 1046 2923 1083 una
2950 1045 3072 1085 cum
3108 1032 3292 1099 pueris
3328 1046 3475 1101 mys-

246 1120 417 1191 μένης,
460 1116 597 1171 ἀλλὰ
645 1117 783 1187 μετὰ
828 1117 889 1170 τὸ
934 1118 1266 1186 Εὑαγγέλιον
1299 1121 1487 1171 παισὶν
1516 1121 1635 1188 ἅμα
1669 1119 1779 1171 τῶν

1879 1119 2046 1171 steria
2070 1122 2370 1187 sumpsisse
2391 1159 2406 1182 ,
2438 1121 2729 1189 statimque
2765 1120 2830 1174 ad
2882 1136 3126 1176 mensam
3171 1122 3476 1177 advolasse.

248 1207 523 1278 μυστηρίων
557 1207 969 1277 μετελάμϐανε,
1018 1209 1114 1259 καὶ
1156 1208 1470 1278 παραυτίκα
1506 1206 1643 1277 πρὸς
1680 1208 1779 1276 τὴν

1881 1208 2032 1263 Talia
2066 1209 2179 1264 fere
2208 1220 2320 1266 toto
2351 1212 2491 1265 libro
2540 1228 2727 1280 sparsa
2771 1228 2833 1267 ac
2882 1212 3269 1281 disseminata,
3316 1224 3474 1285 petu-

245 1300 481 1371 τράπεζαν
525 1300 819 1371 άπέτρεχε.
852 1299 1035 1353 Ταῦτα
1062 1300 1205 1354 κατὰ
1245 1300 1340 1353 τοῦ
1369 1301 1562 1371 ἀνδρὸς
1593 1298 1781 1370 σχεδόν

1880 1301 2053 1355 lanter
2086 1303 2138 1355 in
2170 1303 2343 1356 virum
2382 1302 2530 1358 illum
2568 1305 2757 1373 jactat.
2794 1304 2943 1373 Opus
2978 1305 3153 1375 ipsum
3210 1307 3475 1361 dramati-

242 1412 284 1447 τι
300 1394 360 1445 δι’
382 1392 504 1461 ὅλης
536 1391 705 1445 αὑτοῦ
730 1392 831 1462 τῆς
858 1391 1038 1463 βίϐλου
1060 1394 1446 1464 κατασπείρων
1473 1391 1783 1460 ὲνασελγαί-

1880 1409 2002 1449 cum
2028 1405 2115 1449 est
2141 1438 2154 1461 ,
2184 1394 2412 1449 Leontio
2438 1398 2652 1450 cuidam
2684 1398 2735 1452 id
2768 1398 3084 1467 efﬂagitanti
3119 1399 3466 1468 inscriptum.

242 1505 322 1542 νει.
352 1485 417 1538 T6
437 1486 492 1538 δὲ
517 1484 860 1556 σύγγραμμα
880 1486 1218 1557 δραματικὸν
1246 1488 1534 1540 ποιεῖται”
1558 1502 1570 1515 ⁸
1608 1502 1780 1556 προσ-

1882 1486 2149 1541 l’ersonas
2188 1486 2342 1557 lingit
2376 1488 2463 1542 hic
2498 1488 2850 1557 Lampadium
2896 1492 3222 1558 quemdam,
3256 1491 3346 1559 qui
3382 1508 3477 1561 pro

241 1576 380 1642 φωνεῖ
400 1573 455 1626 δὲ
487 1574 625 1626 αὐτὸ
668 1576 804 1644 πρός
839 1592 962 1628 τινα
990 1576 1242 1630 Λεόντιον
1272 1576 1662 1647 αἰτησάμενον.
1699 1574 1779 1627 Τά

1878 1577 2082 1630 Basilio
2129 1587 2339 1640 certet,
2383 1593 2506 1631 cum
2567 1578 2808 1646 Marino,
2866 1581 2956 1648 qui
3008 1578 3235 1634 Joannis
3297 1569 3479 1650 partes

239 1665 284 1718 δὲ
318 1664 399 1717 τοῦ
437 1664 718 1734 δράματος
761 1666 969 1735 εἰσάγει
1016 1668 1284 1736 πρόσωπα
1326 1668 1648 1736 Λαμπάδιον
1682 1666 1781 1733 μὲν

1884 1670 2111 1725 tuendas
2131 1670 2451 1737 susceperit.
2472 1668 2624 1724 ilunc
2654 1682 2774 1740 post
2802 1673 3214 1727 dissertationes
3239 1673 3473 1743 aliquot.

242 1756 633 1828 ὑπερμαχοῦντα
676 1757 839 1811 αὑτοῦ
859 1798 875 1824 ,
930 1759 1173 1829 Μαρῖνον
1205 1759 1264 1812 δέ
1295 1777 1419 1813 τινα
1447 1758 1522 1822 ὡς
1539 1760 1585 1791 ’³
1620 1758 1781 1830 δῆθεν

1880 1759 2137 1812 damnato
2183 1775 2280 1825 eo,
2343 1775 2503 1829 quem
2554 1761 2949 1817 defendendum
3007 1776 3360 1834 susceperat,
3412 1766 3475 1820 ad

240 1853 355 1921 ὑπὲρ
376 1850 462 1903 τοῦ
497 1850 750 1904 Ἰωάννου
781 1850 1181 1921 ἀγωνιζόμενον
1201 1891 1215 1915 ,
1241 1851 1300 1914 ὃς
1329 1853 1426 1905 καὶ
1458 1851 1596 1921 μετά
1625 1870 1778 1915 τινας
1814 1851 1842 1907 li

1882 1851 2238 1919 Lampadium
2267 1867 2390 1906 sese
2417 1854 2809 1923 adjungeuletn
2846 1856 3057 1910 inducit
3078 1898 3094 1921 ,
3120 1872 3181 1911 ac
3212 1868 3332 1926 post
3354 1874 3475 1912 eum

237 1938 463 2002 διαλέξεις
489 1938 779 2007 εἰσάγεται
805 1939 955 2010 αὑτῷ
983 1940 1415 2010 καταγινώσκων
1449 1943 1546 2010 μὲν
1578 1937 1639 1995 οὗ
1670 1942 1784 1994 ἐδό-

1884 1946 2087 1999 vietum
2120 1944 2403 1998 Tarasium
2429 1947 2718 2014 quemdam
2757 1949 2951 2002 iterum
2990 1962 3267 2007 certamen
3298 1953 3478 2007 redin-

242 2047 310 2082 κει
335 2028 621 2099 προσώπου
649 2030 1117 2102 ὑπερασπίζεσθαι
1140 2072 1156 2098 ,
1204 2033 1510 2104 Λαμπαδίῳ
1530 2034 1587 2086 δὲ
1611 2050 1783 2104 προσ-

1884 2046 2207 2107 tegrantem.
2240 2037 2339 2092 Ubi
2375 2039 2461 2091 illa
2489 2041 2587 2094 hos
2608 2049 2661 2093 et
2687 2041 3045 2110 interrogare,
3071 2054 3126 2097 et
3152 2045 3477 2114 respondere

237 2121 481 2190 τιθέμενος
502 2139 516 2152 ·
554 2122 677 2191 μεθ’
708 2122 768 2176 ὃν
800 2124 1072 2194 Ταράσιόν
1104 2140 1226 2177 τινα
1245 2125 1339 2177 τὸν
1367 2124 1555 2192 άγῶνα
1586 2125 1779 2177 ὑπεισο

1884 2129 2347 2195 comminiscitur,
2396 2146 2516 2199 qua:
2545 2146 2669 2185 cum
2698 2131 2798 2184 sibi
2834 2134 3192 2198 conductura,
3226 2144 3335 2188 tum
3366 2150 3466 2203 pa-

240 2211 384 2263 ελθεῖν
411 2212 771 2284 ὑποκρίνεται
798 2253 815 2279 ,
860 2216 1048 2270 ἐκεῖνα
1072 2216 1135 2285 δὴ
1181 2215 1409 2279 τούτους
1450 2218 1543 2270 καὶ
1575 2217 1785 2288 ἐρωτᾷν

1885 2223 2175 2274 trociuanti
2208 2223 2532 2277 adversario
2568 2225 3045 2292 reprehensionem
3109 2242 3183 2279 ac.
3209 2227 3476 2296 perplexi-

239 2305 713 2374 κατασχηματίζων
748 2309 843 2361 καὶ
869 2307 1259 2379 ἀποκρίνεσθαι
1280 2348 1295 2373 ,
1322 2308 1359 2364 ἃ
1382 2310 1650 2363 συνοίσειν
1687 2311 1786 2378 μὲν

1887 2319 2052 2364 tatem
2081 2312 2321 2380 paritura
2357 2314 2691 2370 viderentur.
2726 2316 2781 2368 In
2825 2317 3062 2371 sedecim
3098 2327 3277 2373 autem
3312 2318 3477 2373 libros

242 2394 419 2464 ἑαυτῷ,
452 2395 653 2467 μῶμον
698 2398 755 2452 δὲ
784 2400 879 2453 καὶ
922 2401 1159 2471 ἀπορίαν
1205 2401 1285 2473 τῷ
1334 2403 1788 2473 συνηγορουμένῳ

1885 2417 2022 2469 opus
2051 2404 2363 2458 universum
2417 2405 2638 2461 divisit:
2687 2421 2919 2475 quorum
2970 2410 3227 2464 tredecim
3266 2412 3478 2479 priores

237 2487 365 2555 δῆθεν
403 2488 552 2559 ὲὼρα
596 2493 1097 2557 κατασκευάζοντα.
1160 2494 1482 2559 Ἓξκαίδεκα
1518 2494 1576 2547 δὲ
1608 2495 1785 2563 λόγοις

1887 2490 2086 2559 dialogi
2116 2491 2286 2565 forma
2322 2502 2449 2547 sunt
2484 2494 2552 2547 ab
2579 2510 2682 2560 eo,
2714 2506 2901 2549 contra
2934 2499 3166 2566 primum
3216 2500 3478 2554 duntaxat

238 2579 645 2653 τὸσύγγραμμα
695 2584 932 2656 διαιρεῖ,
969 2588 1065 2639 καὶ
1112 2589 1169 2640 ὲν
1210 2588 1311 2657 μὲν
1342 2590 1454 2650 τοίς
1498 2591 1648 2658 τρισὶ
1694 2591 1789 2642 καὶ

1887 2582 2113 2637 Joannis
2156 2584 2384 2651 librum,
2445 2596 2596 2641 tanto
2654 2604 2777 2641 cum
2837 2591 3016 2643 studio
3076 2606 3139 2646 ac
3199 2592 3475 2661 diligentia

236 2673 342 2728 δέκα
362 2676 448 2729 τὸν
488 2675 807 2747 διαλογικὸν
842 2678 1053 2744 εἰσάγει
1086 2676 1259 2730 τύπον
1279 2716 1293 2741 ,
1330 2678 1470 2731 κατὰ
1501 2677 1596 2730 τοῦ
1634 2677 1785 2749 πρώι-

1894 2678 2233 2745 conseripti:
2273 2678 2497 2749 reliquis
2525 2695 2654 2735 vero
2694 2683 2865 2737 tribus
2902 2699 2966 2737 ea
3003 2696 3273 2754 Oppugnat
3296 2728 3311 2752 ,
3359 2702 3478 2755 qua:

237 2782 310 2819 του
335 2768 484 2837 μόνου
509 2769 629 2822 τῶν
667 2768 914 2823 Ἰωάννου
937 2769 1109 2835 λόγων
1136 2768 1402 2839 τοσαύτην
1433 2770 1668 2839 σπουδὴν
1690 2770 1784 2823 καὶ

1891 2770 1943 2822 in
1971 2772 2209 2824 secundo
2240 2787 2339 2826 suo
2361 2782 2417 2826 et
2451 2775 2614 2827 tertio
2645 2774 2784 2829 libro
2813 2774 3055 2831 Joannes
3086 2789 3419 2833 asseruerat.

236 2862 369 2913 πόνον
394 2861 857 2931 εἰσενεγκάμενος
876 2900 890 2925 ,
914 2861 972 2913 ὲν
999 2860 1056 2913 δὲ
1085 2862 1198 2921 τοῖς
1222 2860 1428 2922 λοιποῖς
1451 2861 1599 2931 τρισὶ
1622 2861 1974 2932 καταδρομὴν
2010 2862 2245 2917 ποιεῖται
2278 2863 2390 2916 τῶν
2452 2866 2512 2918 ἐν
2558 2866 2635 2936 τῷ
2683 2867 2921 2939 δευτέρῳ
2970 2870 3063 2922 καὶ
3110 2872 3279 2940 τρίτῳ
3335 2872 3481 2945 λόγῳ

238 2953 478 3022 ῥηθέντων
512 2952 604 3022 τῷ
648 2951 893 3025 Ἰωάννῃ.

303 3045 379 3099 Ἑν
410 3046 509 3115 μὲν
538 3040 639 3099 οὖν
665 3044 743 3115 τῷ
765 3046 965 3114 πρῴτῳ
985 3044 1127 3114 λόγῳ
1148 3043 1239 3096 τὸν
1264 3044 1530 3113 πρόλογον
1556 3045 1787 3114 ἀπαρτί-

1970 3044 2155 3098 Primo
2185 3043 2349 3113 igitur
2378 3043 2518 3099 libro
2557 3054 2680 3114 post
2726 3045 3098 3114 praefationem
3140 3047 3440 3104 absolutam
3462 3094 3477 3118 ,

237 3154 337 3200 σας,
367 3139 504 3191 κατὰ
531 3137 632 3189 δύο
658 3136 970 3206 κεφαλαίων
999 3136 1239 3198 ἵσταται.
1272 3137 1393 3188 καθ’
1429 3136 1547 3198 ἑνὸς
1572 3138 1670 3205 μὲν
1695 3135 1789 3189 τοῦ

1898 3136 2109 3191 duobus
2140 3137 2411 3203 capitibus
2436 3137 2818 3207 oppugnandis
2846 3138 3066 3193 insistit.
3096 3137 3335 3192 Primum
3360 3142 3482 3209 qui—

236 3228 303 3280 ὃτι
325 3229 411 3279 ό⁷³
448 3228 631 3296 Λόγος
661 3226 833 3281 ἔπαθε
865 3228 1033 3297 σαρκὶ¹
1058 3269 1073 3288 ,
1103 3228 1223 3281 καθ’
1262 3226 1448 3297 ἐτέρου
1496 3227 1553 3280 δὲ
1582 3226 1677 3279 τοῦ
1708 3230 1789 3280 ὅτι

1897 3228 2016 3281 dem
2043 3228 2208 3282 illud:
2236 3246 2256 3279 ι
2292 3227 2526 3281 Verbum
2572 3242 2792 3297 passum
2824 3238 2908 3282 est
2939 3230 2990 3282 iu
3018 3232 3241 3284 carne‘.
3277 3250 3295 3282 ι
3329 3233 3479 3285 Alte-

235 3320 402 3372 ταυτόν
422 3322 545 3373 ἐστι
576 3319 641 3371 τὸ
658 3318 706 3350 ⁷⁸
731 3318 912 3387 λέγειν
941 3319 1175 3388 Χριστὸν
1204 3317 1279 3387 τῷ
1306 3318 1485 3385 λέγειν
1506 3319 1658 3371 Θεόν.
1703 3320 1791 3372 Ἐν
1821 3353 1837 3409 (

1901 3337 2015 3373 rmn
2043 3336 2203 3375 vero:
2235 3320 2411 3375 «Idem
2438 3331 2523 3375 est
2562 3321 2743 3375 dicere
2773 3321 3074 3385 Christum,
3109 3333 3273 3391 atque
3302 3325 3482 3381 dicere

234 3411 373 3481 δὲτῷ
400 3412 446 3482 β’
478 3411 633 3481 λόγῳ
678 3412 761 3465 ὃτι
806 3427 867 3463 τε
927 3410 1104 3479 μάτην
1154 3409 1471 3480 ἐλοιδορήθη
1525 3413 1791 3481 πειρᾶται

1901 3411 2124 3466 Deum.»
2149 3409 2269 3465 Jam
2298 3412 2544 3466 secundo
2587 3411 2723 3467 libro
2751 3423 2957 3467 temere
2975 3428 3033 3466 se
3060 3414 3310 3467 allectum
3342 3416 3479 3484 inju-

236 3505 501 3565 δεικνύναι,
528 3505 631 3558 καὶ
652 3504 732 3557 ὅτι
760 3504 841 3567 τὸ,
880 3522 897 3554 ι
921 3502 1281 3572 Ἀναϐήσεται
1304 3504 1349 3533 ⁷³
1382 3503 1575 3575 ῥάϐδος
1606 3505 1668 3557 ὲκ
1698 3507 1798 3571 τῆς

1900 3504 1979 3557 ria
2011 3504 2301 3557 ostendere
2327 3511 2588 3557 conatur:
2618 3513 2674 3557 et
2716 3503 2879 3557 illud:
2917 3520 2934 3553 ι
2975 3503 3298 3570 Egredietur
3331 3507 3479 3574 virga

237 3596 369 3665 ῥίζης
408 3596 637 3658 Ἰεσσαὶ,
678 3615 695 3645 ι
733 3594 921 3657 κακῶς
950 3595 978 3647 6
1012 3594 1414 3665 Σκυθοπολίτης
1440 3595 1692 3665 Ἰωάννης
1718 3595 1803 3661 ἐξ·

1901 3594 1966 3647 de
1996 3594 2176 3647 radice
2201 3591 2369 3646 Jessaa
2385 3594 2461 3646 ’.ι
2490 3590 2630 3646 Male
2673 3607 2703 3644 a
2730 3592 3106 3661 Scythopolita
3150 3590 3357 3645 Joanne
3392 3594 3474 3643 in-

237 3690 453 3744 ελάϐετο.
506 3691 603 3743 Ἐν
633 3688 692 3741 δὲ
732 3686 811 3756 τῷ
848 3695 897 3755 γ’
927 3689 1003 3751 ὡς
1045 3688 1210 3756 δῆθεν
1258 3688 1482 3759 συζητεί
1524 3690 1671 3752 ὅπως
1721 3688 1803 3740 δεῖ

1902 3686 2171 3741 tellectum
2211 3699 2351 3739 esse.
2390 3684 2575 3739 Tertio
2602 3684 2801 3739 deinde
2834 3686 2993 3751 libro,
3042 3685 3109 3740 de
3157 3686 3247 3738 illo
3275 3684 3482 3740 scilicet

236 3784 353 3835 νοεῖν
376 3782 456 3836 τό*
485 3800 504 3833 ι
530 3779 651 3834 Νῦν
665 3782 711 3812 ⁷⁸
746 3779 1007 3852 ἐδοξάσθη
1031 3782 1060 3834 6
1092 3780 1216 3842 Υἱὸς
1236 3780 1331 3834 τοῦ
1361 3780 1673 3850 ἀνθρώπου,
1704 3781 1800 3834 καί¹

1900 3780 2094 3850 quazrit
2123 3780 2263 3840 loco,
2292 3779 2563 3846 quomodo
2592 3778 3019 3847 intelligendus:
3062 3797 3081 3828 ι
3114 3776 3268 3831 Nune
3313 3778 3479 3831 clari-

234 3874 257 3924 6
282 3873 399 3936 Θεὸς
434 3871 705 3941 ἐδοξάσθη
736 3872 794 3925 ὲν
822 3871 970 3941 αὑτῷ
990 3911 1006 3936 ,
1048 3890 1067 3923 ι
1107 3873 1204 3923 καὶ
1230 3873 1299 3924 τὰ
1331 3872 1459 3940 ἑξῆς
1485 3872 1576 3925 τοῦ
1611 3872 1797 3942 ῥητοῦ,

1901 3872 2097 3925 iicatus
2116 3880 2199 3924 est
2230 3870 2399 3924 Filius
2436 3870 2694 3933 hominis,
2713 3880 2767 3923 et
2795 3868 2937 3923 Deus
2958 3870 3287 3923 clariﬁcatus
3320 3879 3400 3923 est
3427 3870 3478 3922 in

245 3962 389 4016 Ἐνδὲ
417 3963 496 4033 τῷ
527 3962 597 4026 δ’,
618 3962 734 4026 πῶς
765 3963 895 4015 ῐδιον
924 3961 1140 4030 λέγεται
1161 3963 1203 3993 ⁷⁷
1225 3962 1320 4015 τοῦ
1354 3962 1490 4014 Θεοῦ
1524 3962 1583 4015 τὸ
1612 3962 1796 4031 σῶμα,

1901 3964 1992 4016 illo
2023 3963 2095 4027 ³,»
2135 3971 2189 4013 et
2216 3976 2336 4030 qua:
2360 3961 2432 4014 ibi
2462 3970 2783 4029 sequuntur.
2813 3960 3021 4025 Quarto
3054 3960 3215 4024 libro,
3240 3972 3476 4028 quomo-

236 4056 314 4107 καὶ
336 4057 461 4124 περί
489 4054 776 4118 ὲνώσεως,
804 4055 895 4108 καὶ
918 4056 1046 4125 περὶ
1074 4054 1168 4108 τοῦ
1193 4074 1210 4105 ι
1243 4055 1469 4125 Ἕχρισέ
1490 4072 1550 4107 σε
1576 4056 1604 4108 ὁ
1631 4055 1761 4119 Θεὸς
1782 4095 1797 4120 ,

1899 4056 1969 4110 do
1994 4056 2205 4109 dicatur
2231 4054 2508 4122 proprium
2538 4066 2659 4107 esse
2700 4051 2797 4107 Dei
2842 4066 3063 4122 corpus,
3096 4061 3211 4105 tum
3263 4053 3332 4107 de
3362 4052 3482 4107 uni-

235 4147 399 4213 όΘεός
414 4149 461 4180 ⁷³
497 4166 630 4214 σου,
664 4167 682 4199 ι
716 4149 813 4201 καὶ
840 4150 967 4216 περί
996 4146 1114 4211 τοῦ,
1152 4166 1169 4198 ι
1194 4146 1336 4216 Ἐγὼ
1365 4146 1574 4216 ἁγιάζω
1627 4148 1801 4217 ἐμαυ-

1902 4159 2033 4213 tate,
2057 4157 2113 4203 et
2138 4149 2205 4201 de
2232 4147 2351 4201 illo:
2386 4166 2405 4197 ι
2442 4144 2610 4201 Unxit
2654 4156 2709 4201 te
2743 4145 2885 4200 Deus
2915 4145 3111 4211 tuus‘;
3149 4156 3203 4199 ct
3233 4146 3302 4200 de
3334 4146 3428 4199 illo
3464 4165 3477 4201 :

235 4240 311 4291 τόν
333 4256 345 4269 ·
375 4260 393 4291 ι
418 4241 477 4293 ὲν
498 4233 545 4308 ᾧ
570 4239 714 4309 λόγῳ
739 4240 834 4291 καὶ
854 4240 883 4290 6
900 4239 945 4269 ⁷⁹
980 4240 1222 4307 Μαρῖνος
1250 4241 1348 4308 τῆς
1376 4238 1451 4301 ὡς
1476 4236 1636 4308 δῆθεν
1663 4238 1801 4291 ἀπο·-

1906 4257 1925 4289 ‹
1968 4239 2078 4307 Ego
2107 4237 2392 4292 sanctiﬁeo
2425 4236 2752 4305 meipsum‘.
2786 4254 2805 4286 ι
2840 4236 2957 4302 Quo
2992 4235 3044 4289 in
3075 4235 3215 4289 libro
3244 4234 3483 4288 Marinus

237 4330 350 4393 στάς
377 4330 693 4398 ἀντιλογίας
734 4328 813 4400 τῷ
842 4329 1147 4399 Λαμπαδίῳ
1166 4327 1214 4360 ⁸⁸
1246 4329 1574 4393 συντίθεται.
1619 4330 1709 4381 Ἐν
1739 4328 1797 4381 δὲ

1900 4331 2305 4387 contradicendi
2340 4339 2521 4398 partes
2547 4328 2856 4394 relinquens
2888 4329 3116 4391 scilicet,
3174 4344 3293 4381 cum
3324 4327 3481 4379 Lam-

234 4421 301 4490 τῷ
325 4420 362 4473 ε’
382 4464 398 4488 ,
428 4422 562 4476 ἔνθα
591 4421 686 4475 καὶ
734 4424 763 4475 6
791 4422 1064 4492 Ταράσιος
1090 4421 1448 4492 ἀναδέχεσθαι
1478 4420 1570 4474 τὸν
1609 4421 1797 4489 ἀγῶνα

1901 4424 2061 4493 padio
2089 4423 2383 4478 consentit.
2412 4420 2612 4487 Quinto
2640 4436 2770 4475 vero
2820 4420 2980 4485 libro,
3010 4421 3101 4475 ubi
3136 4433 3190 4475 et
3227 4419 3483 4473 Tarasitts

235 4514 342 4566 ἀντί
366 4516 618 4585 Μαρίνου
650 4512 1010 4585 ὑποκρίνεται
1031 4554 1047 4579 ,
1090 4513 1189 4577 τὰς
1225 4515 1366 4567 κατὰ
1410 4514 1504 4567 τοῦ
1548 4514 1803 4568 Ἰωάννου

1900 4526 2176 4572 certamen
2209 4515 2396 4569 subire
2433 4512 2629 4567 Marini
2660 4513 2779 4567 loco
2810 4512 3068 4581 ﬁngitur,
3102 4511 3481 4565 accusationes

234 4609 554 4677 κατηγορίας
596 4606 971 4677 ἀναλαμϐάνει
1020 4610 1377 4678 πικρότερον,
1433 4607 1531 4660 καὶ
1577 4608 1606 4661 6
1640 4606 1799 4674 λόγος

1900 4607 2127 4664 Joannis
2168 4608 2418 4663 acerbius
2480 4607 2734 4676 suscipit,
2766 4616 3022 4675 totusque
3052 4608 3189 4659 adeo
3241 4606 3377 4658 liber
3427 4602 3481 4657 in

235 4697 367 4767 αὐτῷ
416 4698 608 4769 σχεδόν
640 4715 697 4751 τι
728 4699 786 4751 ὲν
811 4697 1040 4761 ταύταις
1080 4698 1557 4754 καταναλίσκεται.
1619 4699 1707 4753 Ἐν
1739 4698 1837 4757 δὲ]

1873 4700 1971 4754 Liis
2012 4700 2127 4754 fere
2161 4698 2526 4754 consumitur.
2555 4697 2726 4752 Sexto
2756 4707 2866 4752 tum
2898 4697 3039 4751 libro
3097 4698 3475 4751 vehementius

232 4789 301 4856 τῷ
323 4797 373 4854 ς’
401 4790 737 4861 δριμύτερόν
766 4808 883 4854 πως
915 4792 1241 4861 κατατρέχει
1262 4791 1362 4858 τῆς
1392 4790 1537 4844 κατὰ
1559 4791 1799 4861 Χριστὸν

1904 4790 2068 4846 etiam
2142 4790 2411 4843 invehitur
2480 4790 2533 4842 in
2585 4789 2839 4843 unionem
2884 4788 3088 4843 Christi
3179 4787 3485 4842 Servatoris

235 4881 314 4933 τὸν
343 4883 573 4954 Σωτῆρα
602 4883 762 4955 ἡμῶν
797 4884 1075 4951 ὲνώσεωςσ
1109 4885 1204 4936 καὶ
1234 4885 1363 4955 περί
1386 4884 1501 4950 τοῦ,
1540 4884 1803 4959 «Ἔκρισὲ

1904 4882 2095 4937 nostri.
2151 4882 2301 4951 88a
2347 4879 2424 4935 De
2480 4881 2572 4935 illo
2624 4896 2839 4951 quoque
2911 4881 3151 4950 disputat
3196 4898 3212 4937 :
3250 4899 3269 4932 ι
3325 4880 3487 4934 Unxit

236 4989 287 5023 σε
317 4976 344 5026 ό
370 4976 506 5037 Θεὸς
532 5016 547 5041 ,
592 4978 621 5030 6
649 4976 779 5039 Θεός
814 4993 946 5040 σου,
987 4996 1006 5028 ι
1056 4978 1150 5028 καὶ
1197 4977 1346 5039 ὅπως
1386 4978 1419 5047 ἡ
1473 4976 1593 5029 κατ’
1640 4977 1803 5030 αὑτὸν

1944 4992 1957 5029 ι
2004 4975 2165 5037 Deus,
2210 4972 2353 5027 Deus
2399 4984 2565 5039 tuus;
2596 4992 2615 5024 ι
2668 4972 2937 5042 docetque
2996 4972 3125 5041 quid
3168 4972 3336 5040 ipsius
3382 4971 3486 5024 Ec-
3534 5012 3546 5029 ς

246 5064 530 5137 Ἐκκλησία
544 5070 671 5137 περὶ
692 5069 807 5134 τοῦ,
835 5088 855 5120 ι
881 5069 1190 5141 ἐσαρκώθη,
1224 5090 1241 5121 ι
1275 5069 1505 5133 δοξάζει.
1540 5070 1627 5123 Ἐν
1655 5070 1710 5122 δὲ
1726 5069 1804 5138 τῷ

1904 5063 2064 5116 clesia
2108 5070 2327 5116 censeat
2353 5061 2417 5115 de
2459 5060 2549 5116 illo
2584 5079 2597 5115 :
2636 5079 2655 5112 ι
2692 5061 2833 5115 Caro
2858 5062 3059 5117 factum
3088 5061 3233 5123 est“.
3268 5080 3287 5113 ι
3326 5060 3486 5114 Libro

236 5157 276 5226 η’
297 5163 419 5231 περί
445 5162 566 5214 τοῦο
597 5184 615 5215 ι
639 5162 698 5217 Ὀ
729 5164 901 5233 Λόγος
921 5164 962 5195 ⁸¹
1002 5162 1138 5234 σάρξ
1177 5163 1444 5231 ὲγένετο,ι
1472 5165 1551 5225 είς
1572 5163 1804 5226 ἀτοπίας

1904 5169 2096 5213 octavo
2117 5156 2169 5210 in
2205 5156 2385 5210 varias
2403 5155 2770 5210 absurditates
2800 5156 3277 5226 praecipitat,dum
3307 5156 3373 5207 de
3396 5154 3486 5207 illo

236 5341 309 5466 l"
343 5341 575 5466 1lil’etr.
619 5360 698 5411 tv,
745 5346 797 5400 1.
870 5347 1023 5403 ’lsa.
1072 5362 1157 5410 ιι,
1205 5347 1256 5401 l.
1337 5344 1540 5402 ‘Joan.
1581 5363 1693 5414 xu,
1746 5346 1835 5400 51.

1948 5340 2145 5397 ‘Psal.
2206 5355 2431 5405 xxxxtv,
2459 5339 2513 5395 8.
2581 5336 2792 5394 lhloan.
2854 5355 3007 5407 xvu,
3064 5338 3151 5393 l9.
3253 5339 3462 5392 ‘Joan.

1504 5548 1733 5603 VARI/13
1765 5546 2173 5605 LECTIONES.

314 5665 360 5699 "
389 5669 466 5743 ἐκ
495 5671 614 5743 add.
646 5671 709 5724 A.
789 5672 832 5702 “
856 5671 1035 5743 Δδραμ.
1067 5671 1165 5743 ἤδη
1196 5672 1432 5743 ποιεῖται
1459 5690 1519 5743 ς.
1609 5673 1652 5703 ⁷⁸
1677 5671 1753 5735 ὡς
1782 5673 1820 5723 Α
1850 5690 1863 5727 :
1891 5673 2070 5743 φήσας
2103 5671 2178 5735 ὠς
2212 5690 2272 5736 ς’.
2316 5736 2339 5743 _
2374 5672 2421 5703 ⁷³
2445 5672 2626 5743 ότιάἀ.
2654 5672 2723 5726 Α.
2748 5673 2859 5727 vid.
2888 5671 3080 5743 IPetr.
3117 5670 3271 5743 tv,_L
3346 5669 3395 5743 _'"
3420 5670 3480 5721 τὸ

238 5750 338 5814 orn.
368 5742 495 5814 _A.’f
517 5741 870 5812 ἀναϐήσεται]
899 5736 989 5796 Ιεί
1009 5736 1172 5807 xt,'l'.
1249 5742 1295 5774 ⁷⁸
1318 5742 1434 5814 νῦν]
1465 5739 1619 5814 Joau.
1642 5758 1762 5814 xm,
1798 5736 1916 5795 5ι.’
1953 5736 2007 5774 ’⁷⁷
2040 5742 2258 5814 λέγεται
2288 5736 2427 5814 εἷναι
2453 5741 2582 5795 ἴδιον
2617 5759 2677 5814 ς-ἶ
2711 5813 2717 5814 γ
2754 5744 2800 5776 ⁷⁸
2829 5744 2857 5797 6
2883 5742 3015 5806 Θεὸς
3042 5740 3207 5799 semel
3237 5740 3387 5810 ponit
3414 5756 3479 5805 ς’.

242 5808 343 5862 \id.
366 5809 514 5865 Psal.
543 5808 739 5881 va,'8.
819 5808 869 5846 ⁷⁵
889 5815 917 5866 ὁ
944 5815 1064 5869 add.
1088 5814 1152 5869 A.
1229 5813 1275 5846 '°
1300 5808 1608 5885 Λαμπαδίῳ
1643 5813 1765 5869 add.
1793 5829 1867 5869 rc.
1898 5814 1964 5869 A.
2042 5814 2083 5846 ει
2118 5808 2149 5865 ὁ
2173 5812 2367 5884 Λόγος]
2390 5811 2547 5869 Joan.
2587 5828 2623 5880 ι,
2658 5812 2745 5867 ﬂ.
