4058 6418
563 315 672 379 379

1719 327 1981 390 PHOTII
2019 329 2523 394 PATRIARCHAZ
2547 335 2656 398 (ΣΡ.

3725 348 3827 413 380

562 431 710 500 agit:
744 430 1017 488 «Verbum
1048 448 1177 489 caro
1204 435 1406 492 factum
1437 442 1614 506 est',»
1647 442 1888 516 itemque
1913 449 1978 501 de
2011 447 2102 500 illo
2129 466 2141 501 :

2253 447 2450 512 πολλὰς
2499 451 2975 520 ὲκτραχηλίζεται,
3031 452 3292 528 καὶπερὶ
3336 454 3456 510 τοῦθ
3512 474 3533 509 ι
3571 457 3760 522 Οὐδεὶς
3783 463 3826 494 ⁶²

568 538 588 571 ‹
631 519 798 576 Nemo
833 525 1075 580 ascendit
1107 528 1159 580 in
1191 530 1412 594 caelum,
1465 532 1569 588 nisi
1601 536 1693 604 qui
1749 537 1816 590 de
1867 540 2004 593 caelo
2051 542 2146 593 de-

563 614 793 678 scendit,
831 615 1001 672 Filius
1022 619 1280 690 hominis,
1307 624 1396 692 qui
1430 627 1588 680 estin
1619 627 1814 685 caalo'.
1849 648 1868 682 ι
1898 630 2050 686 Nono
2083 634 2148 687 li-

565 704 666 758 bro
697 707 762 760 de
795 709 883 762 illo
913 711 1021 780 agit
1049 729 1063 766 :
1087 730 1105 764 ι
1151 713 1309 768 Petra
1345 728 1525 772 autem
1551 731 1668 775 erat
1692 723 1941 779 Christus
1964 726 2061 791 ⁸”;›
2098 736 2150 781 et

567 799 634 854 de
663 800 754 856 illo
787 821 799 856 :
836 805 1004 861 «Ecce
1033 807 1139 861 vita
1167 819 1342 864 vestra
1373 827 1635 882 suSpensa
1666 826 1748 870 est
1769 817 1821 870 in
1858 819 2030 873 oculis
2055 836 2147 872 ve-

569 895 698 949 stris
716 896 792 948 ’.ι
824 895 1060 954 Rursum
1086 903 1152 956 de
1183 903 1275 958 illo
1304 922 1318 960 :
1359 905 1549 961 «Porta
1572 909 1686 965 haec
1713 911 1899 966 clausa
1926 915 2141 978 erit’°;i

569 999 689 1052 quae
722 987 901 1041 omnia
939 991 1102 1059 impie
1130 992 1538 1063 interpretatur.
1587 999 1804 1055 Decimo
1835 1016 1965 1057 vero
2010 1004 2147 1058 libro

571 1079 638 1133 de
669 1079 804 1134 illo:
851 1100 870 1132 ‹
911 1080 1078 1139 Vobis
1109 1087 1332 1142 verbum
1381 1091 1573 1145 salutis
1615 1094 1836 1147 missum
1898 1106 1981 1152 est
2019 1099 2096 1165 “;
2124 1121 2141 1152 ι

571 1171 746 1240 deque
784 1189 890 1229 eo:
918 1177 1051 1243 «Qui
1077 1178 1212 1234 Filio
1243 1197 1339 1235 suo
1373 1199 1477 1237 non
1511 1187 1750 1254 pepercit
1774 1190 1872 1242 ι’.»
1906 1190 1970 1244 Et
2001 1211 2014 1246 :
2042 1195 2148 1248 «De

572 1261 752 1318 Verbo
807 1266 950 1334 vitae,
1025 1269 1169 1338 quod
1241 1287 1432 1328 manus
1503 1285 1696 1331 vestra:
1772 1291 2146 1338 contrectave-

572 1364 698 1410 runt
726 1357 791 1411 ".
825 1377 844 1410 ι
879 1360 1078 1416 lterum
1108 1364 1172 1417 de
1212 1364 1303 1418 illo
1337 1382 1350 1418 :
1385 1384 1404 1416 ‹
1454 1366 1544 1421 Sic
1587 1370 1728 1425 Deus
1769 1373 1958 1428 dilexit
1992 1392 2150 1431 mun-

570 1449 730 1515 dum,
766 1459 826 1504 ut
857 1451 1050 1506 Filium
1087 1471 1242 1509 suum
1267 1458 1598 1526 unigenitum
1631 1465 1787 1520 daret
1814 1467 1878 1533 ¹¹⁶,
1911 1487 1930 1521 ι
1959 1477 2012 1524 et
2029 1486 2150 1540 qua:

571 1553 894 1609 sequuntur.
932 1544 990 1598 In
1019 1547 1305 1603 undecimo
1339 1551 1478 1606 libro
1519 1556 1583 1609 de
1629 1557 1716 1610 illo
1749 1568 1948 1615 tractat
1980 1562 2097 1618 loco
2129 1584 2143 1621 :

578 1650 598 1684 ι
635 1633 734 1688 Hic
779 1635 923 1691 Deus
970 1650 1156 1694 noster
1194 1659 1207 1695 :
1242 1657 1350 1697 non
1402 1649 1746 1715 reputabitur
1781 1651 1918 1707 alius
1966 1669 2148 1710 coram

572 1724 712 1796 ipso.
749 1727 948 1785 Deinde
982 1730 1033 1784 in
1072 1740 1215 1788 terra
1250 1737 1399 1791 visns
1425 1747 1542 1799 est.
1592 1751 1647 1795 et
1675 1758 1799 1797 cum
1844 1746 2149 1804 hominibus

571 1831 923 1876 conversatus
948 1831 1030 1878 est
1056 1825 1119 1878 η.
1151 1845 1169 1877 ι
1215 1826 1448 1883 Rursum
1480 1847 1643 1902 super
1671 1835 1761 1889 illo
1793 1854 1806 1890 :
1835 1856 1853 1885 ι
1882 1837 2147 1910 Exsurge,

572 1909 748 1979 Deus,
812 1915 996 1983 judica
1061 1927 1258 1973 terram
1294 1922 1356 1988 ¹⁶,
1389 1942 1434 1974 ιο
1479 1925 1661 1995 Deque
1731 1929 1905 1985 altero
1983 1909 2147 1990 loco:

579 2019 598 2053 ι
635 2002 734 2068 Qui
755 2005 902 2060 videt
937 2023 1050 2072 me,
1074 2011 1222 2065 videt
1249 2024 1304 2067 et
1333 2013 1551 2070 Patrem
1589 2018 1694 2076 ν’).
1733 2019 1867 2074 Tum
1894 2025 2151 2081 adversus

571 2108 699 2184 eos,
759 2097 850 2164 qui
906 2098 1151 2154 dicerent
1227 2120 1333 2157 non
1389 2121 1547 2174 posse
1590 2113 1866 2180 apostolos
1933 2127 2152 2185 propter

572 2169 1001 2245 imbecillitatem
1048 2195 1386 2251 audientimn
1432 2215 1617 2256 verum
1668 2205 1884 2262 docere.
1938 2209 2149 2264 Duode-

573 2282 718 2336 cimo
745 2281 883 2337 libro
914 2285 1072 2340 docet
1098 2303 1264 2341 unum
1296 2305 1326 2343 e
1362 2289 1629 2347 Trinitate
1680 2311 1918 2365 passum.
1980 2301 2047 2354 Et
2085 2301 2151 2356 de

573 2373 664 2428 illo
708 2377 834 2429 item
870 2395 884 2432 :
919 2397 937 2429 ‹
986 2378 1041 2433 Si
1070 2382 1216 2436 enim
1245 2388 1662 2454 cognovissent,
1692 2406 1797 2445 non
1831 2392 2004 2461 ipsum
2041 2395 2150 2449 Do-

575 2468 782 2523 minum
813 2470 1000 2540 gloria:
1043 2476 1448 2533 cruciﬁxisscnt
1480 2480 1546 2536 ⁸⁸.
1585 2501 1604 2534 ι
1643 2481 1741 2538 Ubi
1767 2493 1821 2539 et
1865 2489 2004 2556 quod
2042 2505 2148 2544 non

583 2558 830 2617 dicamus
866 2564 997 2619 duos
1034 2565 1316 2636 Christos,
1363 2573 1577 2626 inﬁrma
1631 2576 1878 2646 malaque
1938 2582 2150 2637 ratione

577 2649 859 2707 defendit:
889 2656 955 2708 ad
1002 2671 1158 2711 suam
1191 2659 1306 2729 ipse
1341 2664 1677 2720 voluntatem
1730 2670 1982 2726 nimirum
2025 2688 2151 2728 sen-

574 2755 802 2811 sumque
831 2744 1199 2803 defensionem
1230 2757 1668 2812 accommodans.
1711 2758 1896 2814 Tertio
1940 2763 2151 2819 decimo

573 2835 807 2903 denique
839 2835 976 2892 libro
1002 2842 1229 2908 quaerit:
1264 2844 1544 2910 Quomodo
1597 2864 1703 2903 non
1729 2853 1839 2905 sint
1865 2853 1977 2912 duo,
2004 2854 2146 2914 Filii.

576 2925 642 2978 Et
683 2940 810 2980 vero
852 2943 918 2983 ex
951 2929 1017 2985 iis
1048 2933 1244 3000 quibus
1290 2933 1666 2991 defensionem
1709 2939 1973 3007 instituit,
2013 2943 2150 3001 duos

575 3034 695 3074 esse
729 3019 897 3076 Filios
936 3025 1120 3079 dicere
1152 3043 1375 3083 necesse
1409 3033 1506 3084 sit.
1553 3031 1669 3097 Qua
1711 3034 1762 3086 in
1799 3050 1856 3090 re
1893 3035 2150 3093 Tarasius

2251 540 2591 611 ἀναϐέϐηκεν
2627 545 2708 606 εἰς
2727 543 2816 596 τὸν
2837 544 3085 613 οὐρανὸν,
3119 547 3168 599 εἰ
3201 546 3276 618 μὴ
3301 550 3330 602 6
3355 549 3420 602 ἐκ
3448 547 3545 602 τοῦ
3571 549 3591 621 [
3613 551 3714 604 155
3738 551 3826 622 H.]

2249 629 2482 699 οὐρανοῦ
2521 632 2768 694 καταϐὰς
2790 673 2805 697 ,
2841 634 2870 686 6
2919 634 3047 697 Υἱὸς
3089 635 3184 688 τοῦ
3240 636 3529 708 ἀνθρώπου
3552 678 3567 703 ,
3605 642 3633 691 6
3669 639 3744 691 ὢν
3773 643 3830 693 ὲν

2249 722 2325 793 τῷ
2352 723 2589 795 οὐρανῷ.
2619 744 2637 777 ι
2676 724 2821 797 [284
2851 726 2958 799 R.J
3003 728 3090 781 Ἐν
3114 728 3173 781 δέ
3203 727 3281 800 τῷ
3316 730 3360 782 θ’
3395 733 3527 804 περὶ
3543 731 3659 785 τοῦθ
3701 751 3717 784 ι
3764 733 3830 786 Ἠ

2249 813 2306 867 δὲ
2334 815 2380 845 ⁸³
2418 816 2592 886 πέτρα
2631 811 2700 886 ἦν
2729 819 2756 869 ὁ
2801 818 3057 887 Χριστὸς,
3099 838 3116 872 ι
3149 822 3245 873 καὶ
3287 823 3414 892 περὶ
3453 823 3570 889 τοῦ,
3619 843 3637 875 ι
3661 824 3830 893 Ὀψε-

2251 909 2376 963 σθαι
2405 910 2450 940 ⁸³⁸
2474 911 2570 981 τὴν
2604 910 2749 982 ζωὴν
2783 913 2938 980 ὐμῶν
2972 916 3332 986 κρεμαμένην
3382 917 3489 986 πρὸ
3533 917 3831 987 ὀφθαλμῶν

2251 1002 2439 1072 ὑμῶν,
2487 1023 2506 1056 ι
2544 1004 2798 1074 καὶπερὶ
2826 1004 2943 1069 τοῦ,
2995 1024 3013 1056 ι
3059 1006 3122 1058 'H
3170 1007 3314 1076 πύλη
3332 1008 3379 1040 ⁸⁸
3419 1008 3559 1080 αὕτη
3607 1010 3831 1064 κεκλει-

2253 1096 2427 1166 σμένη
2458 1095 2664 1159 ﬁatut,»
2696 1097 2876 1150 πάντα
2907 1098 3079 1152 ταῦτα
3101 1098 3376 1163 δυσσεϐῶς
3404 1101 3829 1172 ἐκλαμϐάνεται.

2262 1189 2350 1242 Ἐν
2375 1190 2432 1243 δέ
2458 1189 2537 1260 τῷ
2563 1196 2593 1242 ι’
2611 1191 2739 1260 περί
2756 1189 2873 1254 τοῦ,
2903 1208 2920 1242 ι
2946 1190 3105 1260 Ὑμῖν
3122 1192 3169 1222 ⁸⁸
3191 1191 3221 1243 6
3246 1191 3404 1260 λόγος
3425 1193 3525 1263 τῆς
3556 1194 3834 1263 σωτηρίας

2248 1282 2567 1352 ἀπεστάλη·
2614 1301 2632 1333 ι
2664 1282 2760 1335 καὶ
2810 1284 2942 1352 περὶ
2979 1282 3096 1349 τοῦ,
3138 1285 3271 1348 (Ὃς
3300 1284 3393 1337 τοῦ
3421 1286 3466 1317 ⁸⁷
3511 1285 3642 1340 ἰδίου
3701 1285 3833 1338 Υἱοῦ

2248 1374 2350 1426 οὐκ
2381 1374 2690 1442 ἐφείσατο,ι
2730 1373 2853 1438 καὶ,
2886 1374 2966 1427 ότι
2988 1375 3034 1406 ⁸⁸
3074 1394 3092 1428 ι
3126 1376 3192 1428 At
3225 1378 3406 1446 χεῖρες
3430 1376 3477 1410 ⁸³
3507 1377 3663 1447 ὑμῶν
3697 1379 3835 1448 ἐψη-

2248 1463 2528 1535 λάφησαν,
2565 1465 2694 1537 περὶ
2724 1466 2819 1519 τοῦ
2853 1467 3030 1534 Λόγου
3066 1467 3162 1538 τῆς
3195 1467 3341 1538 ζωῆς
3363 1468 3428 1499 ’θ’
3455 1505 3471 1528 ,
3510 1485 3528 1518 ι
3562 1467 3657 1521 καὶ
3708 1469 3838 1538 περὶ

2249 1560 2365 1626 τοῦ,
2393 1559 2609 1626 «Οὕτως
2622 1563 2666 1594 ⁹⁰
2686 1561 2972 1633 ἠγάπησεν
2992 1564 3019 1616 6
3039 1562 3170 1625 Θεὸς
3193 1562 3287 1616 τὸν
3313 1563 3540 1634 κόσμον,
3573 1563 3718 1618 ὥστε
3743 1564 3840 1618 τὸν

2251 1654 2381 1708 Υἱὸν
2403 1654 2566 1709 αὐτοῦ
2605 1655 2695 1709 τὸν
2726 1655 2990 1725 μονογενῆ
3019 1697 3035 1722 ,
3077 1674 3096 1708 ι
3142 1656 3238 1711 καὶ
3266 1656 3394 1727 ἑξῆς
3415 1659 3482 1711 ⁹¹.
3528 1658 3620 1710 Ἑν
3646 1657 3706 1710 δὲ
3755 1657 3840 1728 τῷ

2255 1754 2321 1800 ια’
2350 1749 2480 1819 περὶ¹
2507 1747 2625 1816 τοῦ,
2662 1767 2680 1799 ι
2708 1748 2877 1813 Οὗτος
2906 1751 2934 1803 6
2974 1748 3108 1812 Θεὸς
3137 1750 3170 1820 ἡ
3181 1748 3316 1818 μῶν,
3351 1752 3410 1803 ού
3451 1750 3842 1820 λογισθήσεται

2253 1839 2441 1911 ἐτερος
2464 1840 2600 1911 πρὸς
2626 1840 2790 1894 αὐτόν
2813 1857 2827 1872 ο
2867 1859 2886 1893 ι
2913 1871 2984 1883 --
3008 1835 3175 1895 (Εἶτα
3196 1843 3247 1874 θ’
3277 1841 3371 1894 ἐπὶ
3399 1841 3500 1912 τῆς
3527 1844 3630 1914 γῆς
3655 1841 3839 1912 ὤφθη,

2254 1935 2349 1986 καὶ
2395 1936 2509 1996 τοῖς
2555 1935 2867 2005 ἀνθρώποις
2903 1935 3356 2006 συνανεστράφη,
3393 1953 3414 1988 ι
3447 1937 3543 1989 καὶ
3585 1936 3841 2008 περὶτοῦ

2258 2044 2277 2078 ι
2301 2027 2534 2081 Ἀνάστα
2549 2026 2616 2092 ’³,
2646 2028 2674 2079 6
2705 2027 2858 2094 Θεὸς,
2894 2027 3097 2098 κρίνων
3128 2029 3226 2099 τὴν
3246 2030 3401 2099 γῆν,›
3433 2029 3528 2084 καὶ
3559 2031 3690 2100 περὶ
3716 2029 3840 2094 τοῦ,

2259 2138 2278 2172 ‹
2314 2119 2371 2171 Ὀ
2401 2119 2661 2192 ἑωρακὼς
2682 2121 2727 2153 ³⁸
2756 2120 2857 2190 ἐμὲ
2887 2119 3100 2190 ἑώρακε
3125 2122 3215 2175 τὸν
3236 2121 3460 2194 Πατέρα
3480 2162 3494 2187 ,
3525 2141 3545 2175 ι
3573 2123 3669 2176 καὶ
3698 2125 3843 2194 πρὸς

2251 2214 2376 2277 τοὺς
2406 2213 2665 2282 λέγοντας
2699 2213 2772 2286 μὴ
2807 2213 3070 2268 δύνασθαι
3099 2215 3228 2278 τοὺς
3260 2216 3592 2280 ἀποστόλους
3624 2217 3713 2270 διά
3734 2218 3844 2284 τὴν

2254 2307 2539 2360 ἀσθένειαν
2572 2306 2682 2360 τῶν
2716 2308 3024 2362 ἀκουόντων
3057 2307 3330 2362 διδάσκειν
3356 2308 3608 2380 τάληθές.
3652 2311 3743 2363 Ἐν
3781 2311 3844 2364 δὲ

2250 2399 2327 2469 τῷ
2359 2398 2458 2469 ιβ’,
2489 2401 2569 2453 ὃτι
2597 2393 2679 2465 εἷς
2712 2401 2810 2470 τῆς
2842 2401 3072 2470 Τριάδος
3101 2404 3129 2455 6
3157 2400 3379 2466 παθὼν,
3417 2402 3512 2455 καὶ
3561 2403 3690 2472 περὶ
3712 2402 3839 2466 τοῦ,

2258 2510 2276 2543 ι
2310 2491 2370 2544 Εἰ
2405 2491 2514 2561 γὰρ
2535 2493 2582 2524 ⁹⁵
2616 2491 2893 2560 ἔγνωσαν,
2921 2493 3023 2546 οὐκ
3053 2492 3119 2547 ἂν
3167 2494 3258 2547 τὸν
3287 2493 3493 2564 Κύριον
3527 2492 3630 2563 τῆς
3674 2493 3844 2564 δόξης

2251 2584 2602 2656 ἐσταύρωσαν
2625 2624 2641 2649 ,
2675 2603 2693 2636 ι
2727 2585 2822 2638 καὶ
2857 2583 2973 2648 πῶς
3006 2586 3052 2618 ’⁸
3085 2585 3146 2638 οὐ
3186 2583 3415 2654 λέγομεν
3442 2584 3535 2639 δύο
3562 2587 3841 2655 Χριστοὺς

2249 2677 2492 2739 ἀσθενῶς
2540 2677 2632 2729 καὶ
2668 2677 3028 2746 κακοτρόπως
3062 2677 3444 2744 ἀπολογεῖται,
3473 2679 3612 2748 πρὸς
3637 2679 3701 2731 τὸ
3750 2680 3840 2732 οξ-

2250 2769 2398 2820 κεῖον
2449 2767 2632 2837 μέντοι
2669 2766 3073 2838 συμϐαίνουσαν
3107 2767 3358 2839 βούλημα
3398 2770 3497 2840 τὴν
3532 2769 3843 2837 ἀπολογίαν

2249 2859 2500 2930 προάγει.
2542 2859 2631 2910 Ἐν
2674 2858 2729 2910 δέ
2760 2856 2838 2929 τῷ
2871 2858 2939 2924 ιγ’
2974 2859 3106 2929 περὶ
3145 2858 3239 2912 τοῦ
3285 2859 3402 2922 πῶς
3445 2859 3506 2912 οὐ
3542 2859 3636 2913 δύο
3668 2861 3799 2913 Υἱοί
3827 2877 3841 2893 ο

2251 2952 2432 3005 καίτοι
2469 2951 2528 3014 ἐξ
2555 2943 2632 3002 ὧν
2661 2950 2807 3004 δοκεῖ
2833 2950 3220 3019 ἀπολογεῖσθαι
3248 2991 3263 3016 ,
3290 2952 3502 3022 ἀνάγκη
3534 2952 3714 3020 λέγειν
3738 2953 3843 3006 δύο

2251 3045 2437 3107 Υἱούς.
2479 3044 2566 3097 Ἐν
2587 3036 2630 3111 ᾧ
2659 3044 2753 3095 καὶ
2777 3044 2805 3096 6
2834 3043 3106 3114 Ταράσιος
3131 3043 3206 3107 ὡς
3230 3043 3388 3113 δῆθεν
3413 3046 3664 3115 ἐκνενικη
3675 3045 3847 3114 μένος

575 3111 737 3165 veluti
767 3115 878 3181 jam
909 3115 1082 3170 victus
1127 3117 1404 3173 silentium
1441 3131 1612 3176 tenet.
1669 3125 1879 3178 Desinit
1911 3137 1967 3181 et
1991 3128 2146 3182 Basi-

2253 3137 2464 3207 σιωπᾷ,
2499 3135 2593 3188 καὶ
2627 3134 2790 3188 παύει
2822 3111 2931 3188 καὶ*
2950 3135 2980 3187 6
3007 3111 3290 3197 Βασίλειος
3309 3135 3428 3206 ἦτοι
3457 3137 3485 3189 6
3513 3111 3847 3202 Λαμπάδιος

571 3201 704 3267 lius',
745 3206 857 3260 sive
893 3204 1221 3276 Lampadius
1271 3211 1513 3268 studiose
1554 3214 1891 3285 interrogare
1939 3235 2002 3274 ac
2060 3236 2147 3276 re-

571 3296 861 3364 spondere.
909 3297 1055 3354 Libri
1081 3316 1245 3369 porro
1274 3313 1404 3368 tres,
1445 3319 1671 3374 quartus
1706 3311 1967 3374 decimus,
1989 3314 2149 3383 quin-

572 3398 660 3444 tus
695 3390 959 3457 decimus,
1007 3402 1062 3448 et
1091 3406 1276 3450 sextus
1305 3397 1579 3466 decimus,
1617 3413 1869 3472 perpetua
1911 3407 2148 3461 contexti

570 3482 852 3548 oratione,
880 3483 932 3537 in
966 3487 1262 3540 secundum
1300 3499 1355 3543 et
1396 3493 1615 3544 tertium
1657 3493 1848 3549 librum
1886 3498 2146 3553 assertio-

570 3587 700 3625 nnm
725 3572 947 3629 Joannis
972 3575 1359 3646 Scythopolitae
1381 3580 1688 3639 incurrunt.

644 3665 766 3719 Fuit
789 3667 876 3720 hic
900 3668 1132 3724 Basilius
1155 3672 1459 3742 presbyter,
1491 3686 1550 3728 ut
1580 3678 1645 3729 de
1668 3691 1726 3731 se
1750 3678 1863 3748 ipse
1893 3680 2145 3747 alIirmat,

571 3759 928 3814 Antiochense
986 3761 1278 3830 Ecclesiae,
1335 3779 1443 3834 quo
1475 3775 1714 3837 tempore
1772 3771 2022 3826 thronum
2075 3775 2146 3830 ibi

570 3850 786 3904 tenebat
812 3850 1097 3908 Flavianus
1123 3855 1253 3926 (54)
1277 3896 1293 3921 ,
1320 3857 1657 3928 Romanique
1683 3863 1899 3917 clavum
1932 3867 2146 3935 imperii

570 3944 962 3999 moderabatur
987 3947 1330 4004 Anastasius.
1368 3951 1548 4005 Dictio
1573 3954 1691 4023 ejus
1723 3959 1774 4008 in
1809 3955 2033 4027 dialogis
2057 3974 2147 4027 po-

569 4037 837 4091 tissimum
885 4038 1104 4096 humilis
1154 4050 1273 4108 est,
1338 4053 1399 4097 ut
1427 4060 1528 4100 nec
1564 4062 1595 4100 a
1649 4049 1872 4104 vocibus
1918 4067 1948 4104 e
1989 4053 2147 4107 trivio

569 4132 799 4200 sumptis
822 4132 926 4187 sibi
961 4143 1244 4202 temperet.
1295 4134 1401 4190 Sed
1431 4144 1485 4190 et
1531 4138 1582 4192 in
1618 4142 2011 4208 compositione
2058 4160 2148 4212 pa-

570 4237 1037 4293 rumaccnratus,
1089 4245 1318 4298 peccare
1350 4247 1453 4286 non
1485 4248 1639 4297 raro.
1696 4244 1860 4305 atque
1923 4238 2143 4293 solaci-

567 4333 745 4374 smum
776 4318 956 4375 facere
1002 4321 1430 4390 deprehenditur
1469 4323 1634 4395 886.
1674 4325 1868 4382 Verum
1907 4332 1982 4383 uti
2019 4346 2146 4402 per-

567 4412 788 4479 spicuus
840 4414 892 4466 in
944 4412 1029 4467 his
1055 4429 1176 4470 esse
1203 4415 1500 4483 laboravit,
1548 4419 1622 4472 ita
1669 4435 1889 4491 quoque
1926 4424 1978 4476 in
2024 4425 2138 4479 suis

2252 3229 2354 3297 τῆς
2379 3232 2520 3282 κατὰ
2551 3225 2744 3282 πεῦσιν
2770 3228 2864 3280 καὶ
2887 3226 3183 3297 ἀπόκρισιν
3205 3228 3440 3296 σπουδῆς
3467 3227 3564 3298 τὴν
3597 3227 3802 3299 σχολὴν
3826 3266 3845 3292 ,

2253 3321 2349 3374 καὶ¹
2379 3322 2614 3374 ποιεῖται
2635 3319 2726 3373 τὸν
2746 3320 2829 3385 ιδ’,
2858 3319 2922 3372 ιε’
2944 3337 3005 3372 τε
3023 3321 3116 3373 καὶ
3133 3321 3210 3386 ις’
3231 3321 3387 3388 λόγον
3411 3320 3750 3386 διεξοδικωτέ
3761 3339 3850 3392 ρῳ

2252 3413 2395 3484 λόγῳ
2418 3454 2435 3480 ,
2489 3413 2585 3466 καὶ
2617 3412 2946 3486 κατατρέχει
2979 3412 3089 3467 τῶν
3142 3416 3200 3468 ἐν
3247 3411 3326 3483 τῷ
3369 3412 3412 3483 β’
3445 3413 3540 3467 καὶ
3558 3413 3606 3482 γ’
3640 3413 3848 3487 βιϐλίῳ

2252 3508 2562 3579 εἰρημένων
2586 3505 2665 3578 τῷ
2705 3507 2952 3578 Ἰωάννῃ.

2325 3685 2434 3742 *Ην
2464 3688 2509 3742 δ’
2543 3679 2701 3752 οὗτος
2734 3689 2762 3740 6
2795 3686 3073 3750 Βασίλειος
3109 3688 3510 3760 πρεσϐύτερος,
3550 3688 3627 3752 ὡς
3676 3690 3847 3752 αὐτός

2251 3801 2414 3853 φησι,
2465 3782 2562 3854 τῆς
2585 3781 2728 3836 κατά
2770 3781 3102 3852 Ἀντιόχειαν
3154 3780 3521 3852 Ἐκκλησίας,
3568 3782 3846 3852 ἀρχιερα-

2250 3874 2501 3938 τεύοντος
2555 3873 2652 3944 μὲν
2690 3873 2797 3926 τῶν
2842 3874 3024 3926 ἐκεῖσε
3055 3871 3390 3939 Φλαϐιανοῦ,
3441 3872 3731 3942 Ῥωμαίων
3783 3875 3848 3927 δὲ

2264 3966 2615 4021 Ἀναστασίου
2657 3966 3056 4037 βασιλεύοντος.
3107 3967 3265 4019 Ἔστι
3291 3966 3350 4018 δὲ
3389 3967 3488 4035 τὴν
3512 3968 3714 4036 φράσιν
3741 3986 3847 4037 χυ-

2251 4058 2400 4122 δαῖος
2426 4098 2440 4121 ,
2464 4059 2559 4110 καὶ
2583 4057 2818 4126 μάλιστα
2851 4057 2908 4109 ἐν
2929 4060 3044 4120 τοῖς
3082 4055 3413 4127 διαλογικοῖς
3441 4059 3607 4111 αὐτοῦ
3633 4059 3679 4091 ³⁷
3709 4061 3847 4114 οὐδέ

2250 4150 2360 4205 τῶν
2390 4153 2455 4203 ἐκ
2483 4150 2692 4221 τριόδου
2742 4150 3003 4220 ῥημάτων
3041 4150 3305 4220 ἀπέχεται
3331 4169 3344 4184 ο
3393 4151 3508 4204 ἀλλ’
3561 4152 3685 4205 οὐδὲ
3741 4153 3847 4225 τὴν

2252 4239 2500 4304 σύνταξιν
2533 4240 2768 4311 ἀκριϐὴς
2794 4280 2809 4305 ,
2844 4240 2986 4294 ὥστε
3015 4241 3109 4294 καὶ
3146 4243 3307 4312 μέχρι
3329 4243 3423 4296 τοῦ
3453 4243 3711 4313 σφάλλειν
3743 4247 3848 4298 καὶ

2252 4333 2617 4403 σολοικισμοῖς
2662 4333 2967 4403 κεχρῆσθαι
3002 4333 3266 4398 πολλάκις
3295 4335 3553 4404 ἐξάγεται
3582 4349 3598 4371 ³
3648 4337 3748 4389 καὶ
3781 4338 3850 4390 τὸ

2252 4427 2419 4496 σαφὲς
2440 4426 2529 4490 δὲ,
2560 4426 2636 4490 ὡς
2667 4429 2726 4479 ἐν
2768 4427 2979 4490 τούτοις
3007 4427 3078 4494 ³⁸,
3115 4428 3464 4499 ἐπετήδευσε.
3495 4430 3622 4492 Τοῖς
3655 4430 3847 4500 μέντοι

566 4503 828 4558 adversus
859 4505 976 4573 pios
1004 4507 1340 4574 argumentis
1367 4508 1663 4564 vehemens
1686 4525 1818 4565 sane
1847 4522 1950 4576 est,
1979 4525 2142 4584 atque

2253 4518 2393 4572 κατὰ
2437 4518 2536 4589 τῆς
2586 4517 2873 4582 εὐσεϐείας
2903 4520 3295 4590 ἐπιχειρήμασι
3342 4519 3541 4591 δριμύς
3575 4521 3634 4575 τὲ
3687 4522 3845 4576 ἐστιν

567 4597 686 4650 visu
717 4597 896 4662 tritus,
917 4608 972 4653 ut
997 4613 1210 4654 omnem
1242 4600 1402 4670 plane
1427 4605 1591 4656 vitam
1623 4604 1674 4657 in
1706 4605 1810 4659 hoc
1840 4619 1981 4662 vano
2003 4623 2144 4662 con-

2253 4611 2348 4664 καὶ
2376 4609 2628 4681 ἐντριϐὴς
2647 4649 2664 4675 ,
2700 4610 2797 4664 καὶ
2834 4616 2926 4664 τὸν
2953 4612 3074 4665 ὅλον
3109 4612 3222 4683 βίον
3248 4612 3490 4688 τούτοις,
3531 4614 3608 4678 ὡς
3654 4613 3806 4668 ἔοικε
3825 4654 3844 4679 ,

569 4698 652 4742 tra
704 4691 956 4760 pietatem
1009 4695 1188 4748 studio
1237 4697 1639 4765 consumpsisse
1685 4697 1956 4754 videatur.
2028 4700 2143 4758 Etsi

2253 4706 2362 4768 τοῖς
2398 4704 2649 4775 ματαίοις
2677 4705 2817 4759 κατὰ
2862 4706 2962 4775 τῆς
2992 4705 3276 4770 εὐσεϐείας
3307 4708 3491 4772 πόνοις
3523 4709 3845 4776 ἐγκατασα-

564 4798 698 4838 vero
729 4782 1050 4841 Nestoriana
1098 4786 1231 4859 (55)
1263 4787 1452 4843 ιιωιεεί
1511 4789 1742 4845 infectus
1776 4801 1894 4853 est,
1939 4790 2138 4848 Nesto-

2253 4798 2391 4861 πείς.
2423 4797 2534 4851 Καὶ
2568 4798 2667 4866 τὴν
2692 4797 2903 4867 αἵρεσιν
2927 4797 2985 4850 δὲ
3011 4798 3309 4869 Νεπορίου
3337 4799 3508 4853 νοσῶν
3535 4800 3845 4870 Νεστόριον

639 4877 888 4961 ’.Ιοειιιιμ
923 4881 1009 4936 14.
1086 4883 1108 4913 ⁸
1133 4883 1520 4961 Ι-ολιιιειιιηλΙὸ.
1589 4888 1632 4918 ⁸·
1659 4887 1683 4961 l
1710 4888 1834 4942 Cor.
1866 4905 1917 4953 ιι,
1954 4891 2005 4944 4.
2079 4897 2102 4929 ⁸
2133 4895 2147 4949 I

2253 4904 2288 4949 ι.
2318 4910 2523 4955 xxvm.
2558 4893 2646 4951 66.
2749 4895 2792 4925 ¹⁰
2817 4894 3022 4948 Ezech.
3071 4911 3297 4957 xxxxrv,
3324 4895 3379 4949 2.
3455 4897 3496 4927 ιι
3533 4897 3656 4951 Act.
3697 4913 3839 4961 xui,

566 4950 670 5032 ᾖσι
744 4951 785 4981 ¹¹
815 4950 971 5005 Rom.
1002 4968 1105 5032 Am,
1288 4956 1379 5032 _"
1405 4955 1624 5032 Joan_t,
1664 4958 1715 5012 l.
1849 4950 2060 5016 u".loan
2135 4981 2147 5019 ι

2256 4966 2346 5019 16.
2457 4950 2768 5019 ιιίΒιιὺιιιῑίι.
2806 4981 2907 5029 ιιι,
2944 4966 3143 5020 56-58.
3252 4950 3297 4997 ιέ
3331 4966 3477 5021 Psal.
3541 4950 3742 5032 ιιιιιιι,
3777 4950 3837 5024 8.

570 5021 611 5051 ¹⁷
638 5018 798 5088 Joan,
843 5038 964 5088 xw,
999 5023 1054 5078 9.
1169 5024 1209 5055 ⁸⁸
1235 5023 1252 5077 Ι
1281 5024 1407 5081 Cor.
1435 5043 1506 5091 ιι,
1537 5028 1591 5082 8.

1844 5122 2076 5179 νΑιιιλΕ
2099 5123 2505 5183 LECTIONES.

632 5206 907 5306 Ἶξῖὖδῗῗῗ]
933 5206 1088 5306 ³ἓὲη·
1125 5211 1831 5306 ἔν’.Ἰῖεπη³ἶιῗῖ,ξέ]-.¹,,ἷ³⁰ηἱ;
1857 5219 2027 5306 “in
2070 5220 2116 5252 ⁸⁸
2147 5223 2303 5306 Dem.-
2350 5234 2548 5306 ιξῖηἱν
2583 5219 2652 5306 6-.
2719 5220 2824 5306 Ἥ
2859 5218 3026 5306 ῖτύλη]
3071 5217 3460 5306 εἴθεθέμπινιν.
3492 5221 3543 5278 ⁸·
3593 5222 3842 5306 fi???"

560 5277 768 5379 61Ac)t.
801 5277 926 5379 figi.
952 5281 1047 5379 I26.
1125 5281 1168 5311 ⁸⁷
1199 5281 1257 5345 ὃς
1281 5281 1398 5355 τοῦ]
1431 5277 1737 5379 Ηριιιξινιιι,
1763 5289 1851 5342 52.
1898 5277 1975 5320 ’⁸⁸
2001 5291 2081 5344 ὅτι
2115 5307 2222 5346 οιη.
2259 5295 2330 5374 ,Α,
2407 5291 2452 5323 ³⁸
2481 5277 2545 5379 af
2566 5289 2772 5379 χεῖρες]
2803 5277 2824 5345 Ϊ
2854 5277 3089 5379 «Ιρὲὶῐίίι,
3112 5291 3186 5379 1.-
3223 5292 3310 5379 μοι·
3524 5291 3620 5379 Ξσύ
3656 5277 3841 5379 Λέξοξ)

560 5348 661 5452 ζῇς
717 5348 910 5452 ζωῆςέ³
951 5353 1072 5452 ΙιειξοΙ
1113 5366 1246 5452 1ξιιιιι
1293 5348 1429 5452 ante
1477 5355 1575 5452 ὄρειὶ
1614 5348 1920 5452 Ιρεεξεέηῗιι·
1960 5363 2272 5452 ινσιιερρειιί
2323 5377 2444 5415 cum
2464 5348 2686 5452 Ott/LL":
2717 5348 3432 5452 οὐτωςλζσιξῐιᾋηι,ῃίϐιξ
3615 5364 3844 5452 ﬁatﬁat

562 5421 693 5506 ἐξςης
725 5439 785 5485 ς.
863 5420 1084 5506 talest].
1109 5421 1346 5506 Raruch.
1391 5440 1481 5506 ιιιι
1507 5427 1595 5506 ⁸56.
1659 5420 1747 5506 :”
1767 5431 2000 5506 ἀνάστα]
2040 5420 2197 5506 Bsal.
2225 5448 2428 5506 Διιιιιιιι,
2595 5432 2640 5465 ⁸⁵
2663 5434 2692 5486 6
2725 5420 3198 5505 tmpaitbdloan.
3242 5420 3354 5498 ιίιν,
3395 5435 3449 5489 9.
3525 5435 3571 5465 ⁵⁸
3606 5434 3657 5486 εὶ
3690 5432 3840 5506 γάρ]

561 5489 584 5544 1
617 5489 744 5546 Cor.
776 5509 838 5558 ιι,
873 5493 959 5548 l8.
1038 5489 1084 5524 ³³
1112 5493 1258 5557 ὅπως
1288 5511 1348 5558 ς’.
1437 5495 1481 5527 ⁹⁷
1520 5497 1687 5551 αὐτοῦ
1718 5501 1843 5555 add.
1879 5501 1945 5555 Δ.
1980 5489 1998 5503 ³
2037 5502 2084 5534 ³⁸
2110 5503 2278 5570 σαφὲς
2305 5506 2363 5557 ἐν
2394 5489 2605 5568 τούτοις
2641 5520 2700 5568 ς.

2071 5596 2310 5653 ΝΟΤᾸΞ.

634 5681 777 5769 ςὶδι)
813 5683 940 5754 Ejus
975 5685 1208 5742 nominis
1233 5689 1502 5746 secundus
1547 5692 1692 5746 circa
1748 5703 1878 5746 ann;
1937 5691 2140 5748 Christi
2252 5695 2372 5769 cod.
2407 5695 2466 5769 9,
2517 5710 2616 5764 pro
2659 5695 3027 5769 Eutychianis
3059 5698 3346 5769 scripsisse
3381 5697 3530 5769 hunc
3561 5696 3841 5752 adversus

566 5747 691 5807 500.
759 5747 769 5754 ’
851 5747 868 5754 ⁷
2254 5747 3671 5841 Nestorium:videatur,ipsumqule'St'ythopolitam
3708 5781 3842 5822 con-

635 5823 1169 5896 (551Nestorianum
1202 5830 1292 5888 hic
1321 5831 1424 5889 dici
1456 5831 1671 5889 mireris
1702 5850 1832 5891 sane
1859 5849 1979 5892 cum
2007 5852 2127 5908 sup.
2241 5845 2321 5891 tra
2348 5836 2465 5892 illos
2497 5837 2782 5908 scripsisse
2811 5823 3046 5895 cons'tet.
