4090 6410
225 371 324 437 381

1106 370 1630 435 BIBLIOTHECA.
1652 398 1725 408 -
1758 369 1974 432 CODD.
2014 371 2221 437 CVIII.
2262 369 2410 435 CIX.

3360 364 3466 430 382

229 490 326 560 μὲν
352 486 455 542 οὐκ
481 486 777 542 οίκειοῢται
798 529 814 554 ,
861 488 1125 561 Διόδωρον
1158 489 1215 541 δὲ
1240 490 1336 542 καὶ
1365 489 1636 559 Θεόδωρον
1670 490 1790 540 ἐπι·
1818 540 1820 545 .

1926 488 2033 540 ium
2063 496 2241 540 tamen
2290 486 2396 541 sibi
2436 496 2775 555 nequaquam
2807 481 3082 545 vindicat,
3117 479 3212 536 sed
3269 479 3466 536 Diodo-

227 578 500 648 γράφεται
551 578 820 648 Πατέρας.
870 579 980 631 Καὶ
1029 577 1171 631 κατὰ
1226 580 1323 649 μὲν
1374 579 1468 632 τοῦ
1507 577 1794 631 θεσπεσίου

227 671 500 742 Κυρίλλου
526 672 605 733 είς
637 670 931 741 πρόσωπον
957 668 1131 733 οὕτως
1160 670 1524 741 ἀναισχύντως
1546 670 1606 722 ού
1637 668 1799 739 βλασ-

228 765 436 832 φημεῐο
460 763 553 817 τὸν
585 761 768 832 μέντοι
797 777 864 831 γε
900 762 1155 831 Ἰωάννην
1176 805 1191 827 ,
1214 762 1337 815 καθ’
1367 756 1428 815 οὗ
1458 763 1556 830 τὴν
1580 760 1801 832 γραφὴν

226 854 559 925 ὲνεστήσατο
578 895 592 919 ,
615 853 805 923 μηδενὶ
834 853 980 924 ἄλλῳ
1006 851 1122 907 ἀλλ’
1142 852 1176 924 ἢ
1200 854 1312 915 τοῖς
1344 852 1606 922 Κυρίλλου
1638 851 1803 918 φησιν

226 948 599 1019 ἑπερείδεσθαι
630 948 692 1019 ιβ’
716 947 1057 1018 κεφαλαίοις,
1082 946 1180 1000 καὶ
1205 944 1284 1016 τῷ
1311 944 1617 1013 δωδεκάτῳ,
1646 944 1801 1015 φησὶ,

230 1042 469 1112 μάλιστα
493 1080 508 1103 ,
530 1039 559 1093 δ
587 1039 915 1109 παρεισάγει
945 1038 1046 1108 τὴν
1078 1036 1404 1091 θεοπάθειαν
1428 1054 1440 1063 ·
1468 1035 1525 1087 ὲν
1554 1028 1635 1097 οἷς
1657 1030 1805 1103 αὐτῷ

232 1135 326 1187 καὶ
353 1133 401 1165 ⁹¹
428 1134 531 1203 τῆς
563 1129 956 1201 ματαιοπονίας
995 1129 1056 1181 τὸ
1104 1128 1278 1191 τέλος.
1324 1126 1396 1179 Τὸ
1424 1127 1481 1180 δὲ
1520 1126 1806 1195 σύνταγμα

230 1224 379 1296 αύτῷ
408 1224 547 1296 πρὸς
576 1224 824 1278 Λεόντιον
843 1263 859 1287 ,
893 1221 968 1284 ώς
997 1220 1206 1289 ἔφημεν
1226 1261 1241 1285 ,
1273 1220 1502 1289 ἐποιήθη
1526 1260 1539 1283 ,
1562 1219 1622 1272 δν
1649 1216 1808 1271 ὁσιώ-

230 1335 389 1370 τατον
418 1316 515 1370 καὶ
554 1314 968 1385 θεοφιλέστατον
1004 1313 1100 1367 καὶ
1130 1313 1350 1383 Πατέρα
1383 1310 1768 1380 ἀποσεμνύνει.

942 1581 1079 1638 ΡΗ’.

234 1678 543 1746 Θεοδώρου
571 1675 935 1746 pomifer-tog
991 1669 1429 1746 Ἀλεξανδρέως
1460 1662 1609 1746 nata
1640 1663 1811 1746 Θεμι-

301 1732 482 1804 άέίὸυ
532 1732 757 1816 ferae:
780 1747 890 1800 Kal
911 1732 926 1741 ⁸
948 1732 1294 1812 Θεμισὲίοιί
1334 1732 1630 1805 ἀπολογία
1661 1732 1815 1801 ὑπὲρ

302 1820 413 1874 τοῦ
457 1818 522 1871 ἐν
544 1818 736 1886 ἁγίοις
760 1816 1106 1884 Θεοφοϐίου.

317 1909 660 1981 ’Λνεγνώσθη
706 1905 983 1978 Θεοδώρου
1037 1904 1357 1977 μονάζοντος
1418 1898 1813 1971 Ἀλεξανδρέως

233 2001 392 2056 κατὰ
432 2001 783 2070 Θεμιστίου,
810 1991 872 2051 οὗ
908 1995 1265 2071 ήὲπιγραφὴ,
1305 1991 1595 2062 «Ἔλεγχος
1643 1989 1720 2055 ὡς
1757 1990 1816 2042 ὲν

236 2093 493 2164 συντόμῳ
520 2093 617 2162 τῆς
656 2091 861 2146 ἄνωθεν
893 2091 987 2143 καὶ
1022 2088 1082 2153 ἐξ
1129 2088 1305 2158 ἀρχῆς
1352 2086 1645 2157 Θεμιστίου
1675 2082 1819 2136 κατὰ

234 2185 348 2236 τῶν
397 2183 598 2254 ἡμῶνι
651 2182 907 2253 Πατὲρων
955 2179 1260 2250 προπετοῦς
1317 2178 1417 2231 καὶ
1467 2175 1818 2245 ἁλογωτάτης

237 2274 579 2339 ἑνστάσεως,
618 2273 684 2325 ὲκ
731 2270 1054 2342 προφάσεως
1092 2267 1188 2321 νῦν
1248 2270 1379 2339 ἡμῖν
1442 2264 1820 2335 πεπονημένος

241 2363 389 2435 [285
429 2362 499 2417 Il.
536 2363 553 2433 j
586 2362 695 2415 τῶν
726 2360 1185 2432 προϐεὸλημένων
1217 2358 1310 2412 ὑπ’
1349 2357 1516 2412 αὐτοῦ
1548 2357 1687 2410 κατὰ
1718 2354 1819 2423 τῆς

240 2456 508 2525 ἀληθείας
537 2454 869 2525 ζητημάτων
900 2470 962 2505 τε
995 2455 1092 2506 καὶ
1119 2451 1141 2524 [
1166 2452 1270 2506 154
1315 2451 1385 2507 Η.
1413 2451 1432 2521 j
1468 2449 1784 2520 προτάσεων
1803 2488 1818 2512 ,

243 2550 342 2601 καὶ
364 2549 547 2617 σαφὴς
569 2546 936 2617 διευγρίνησις
953 2545 1051 2615 τῆς
1065 2542 1432 2615 προκειμένης
1457 2541 1782 2602 ὑποθέσεως.
1798 2559 1816 2589 ι

251 2642 319 2695 Ἡ
355 2642 456 2710 μὲν
489 2636 583 2693 οὖν
607 2638 888 2709 ἐπιγραφὴ
919 2636 1144 2706 τοιαύτη
1171 2636 1376 2706 βιϐλίον
1403 2634 1606 2705 μᾶλλον
1636 2634 1669 2702 ἢ
1705 2636 1823 2686 ὲπι-

250 2735 446 2804 γραφὴ
478 2732 685 2802 βιϐλίου
720 2732 1090 2801 τυγχάνουσα·
1117 2729 1284 2798 ἄμφω
1306 2729 1362 2781 δὲ
1379 2768 1394 2794 ,
1422 2728 1450 2781 ὃ
1468 2744 1527 2780 τε
1553 2725 1824 2795 Θεόδωρος

244 2828 341 2881 καὶ
380 2824 704 2893 Θεμίστιος,
736 2821 1002 2891 αίρετικοὶ
1038 2821 1130 2873 καὶ
1158 2821 1256 2889 τῆς
1283 2818 1392 2871 τῶν
1441 2813 1824 2884 Θεοπασχιτῶν

245 2918 470 2987 μερίδος
501 2914 841 2985 ὑπάρχουσι,
889 2912 1114 2982 Σεϐήρῳ
1137 2913 1158 2942 ⁸
1189 2908 1709 2981 προσανακείμενοι.
1766 2904 1825 2959 '0

244 3011 439 3084 μέντοι
462 3007 753 3077 Θεμίστιος
776 3006 810 3073 ἦ
843 3002 1179 3073 Καλώνυμος
1206 3005 1223 3069 (
1249 3000 1567 3071 ἐξονομάζει
1598 2999 1706 3068 γὰρ
1732 2996 1827 3051 κα)⁵

242 3104 422 3165 οὕτως
452 3101 615 3161 αὐτὸς
647 3098 871 3167 ἑαυτὸν)
910 3098 1006 3151 καὶ
1035 3097 1133 3166 τῆς
1182 3094 1291 3147 τῶν
1331 3092 1618 3162 Ἀγνοῖτῶν
1642 3092 1663 3123 ³
1692 3107 1828 3161 προ-

1899 592 2017 630 rum
2049 577 2178 647 (56)
2233 587 2398 645 atque
2426 574 2765 631 Theodorum
2796 583 2979 643 patres
3005 572 3207 627 laudat.
3234 572 3301 627 Et
3330 588 3467 628 con-

1901 678 1981 721 tra
2007 668 2244 722 divinum
2275 669 2490 737 quidem
2535 665 2798 737 Cyrillum
2835 679 2945 718 non
2975 672 3083 718 tam
3125 664 3471 731 impudenter

1900 758 1954 812 in
1996 773 2091 814 eos
2144 758 2499 827 blasphemat.
2539 757 2794 811 Attamen
2852 754 3115 810 Joannem
3190 754 3364 816 hunc,
3415 754 3469 809 in

1900 865 2059 919 quem
2085 849 2278 921 stylum
2306 848 2559 910 strinxit,
2597 846 2686 900 alii
2716 856 2976 916 praeterea
3009 845 3141 900 nulli
3172 845 3249 899 rei
3274 886 3291 911 ,
3330 860 3473 915 prte-

1901 953 2148 1012 terquam
2188 940 2374 1010 Cyrilli
2420 939 2704 995 duodecim
2754 939 3023 1009 capitibus
3064 937 3225 993 inniti
3283 936 3470 1002 refert,

1904 1050 1968 1090 ac
2015 1033 2369 1097 duodecimo,
2415 1032 2524 1094 ait,
2574 1030 2842 1095 maxime,
2874 1044 2979 1099 quo
3019 1029 3185 1083 Deum
3228 1026 3317 1082 ille
3342 1043 3471 1098 pas-

1905 1120 2031 1178 sum
2077 1123 2494 1177 subintroducit.
2565 1121 2742 1190 Atque
2789 1121 2841 1174 in
2905 1120 2991 1174 his
3061 1118 3219 1173 linem
3275 1119 3474 1188 accipit

1906 1214 2110 1269 frnstra
2144 1214 2234 1268 ille
2270 1213 2336 1268 ab
2366 1228 2431 1268 eo
2478 1220 2763 1279 susceptus
2798 1210 2972 1265 labor.
3019 1208 3166 1278 Opus
3209 1224 3375 1272 vero,
3416 1218 3476 1262 ut

1906 1322 2068 1376 supra
2128 1306 2308 1361 dicere
2353 1304 2606 1369 memini,
2659 1302 2888 1357 Leontio
2934 1300 3151 1355 dedicat
3220 1299 3476 1360 cuidam,

1908 1414 2091 1468 quem
2130 1395 2568 1456 sanctissimum,
2631 1393 2852 1462 Deoque
2932 1391 3361 1457 citatissimum,
3425 1397 3479 1443 et

1909 1490 2124 1546 Patrem
2160 1486 2443 1556 magnifice
2477 1485 2756 1555 praedicat.

2601 1574 2783 1631 CVIII.

1914 1670 2176 1727 Theodori
2202 1667 2453 1724 Monaclti
2483 1664 2831 1787 Alexprzdrini
2854 1663 3115 1718 Adversus
3139 1661 3480 1716 Themistium

2643 1753 2656 1787 ι
2695 1750 2770 1787 er.

2643 1750 2770 1788 ιυεν.

2059 1810 2330 1866 Themistii
2363 1808 2621 1875 Apologia
2647 1821 2742 1874 pro
2771 1813 2952 1859 sancto
2983 1801 3339 1870 Theophobio.

1985 1902 2186 1957 Lectus
2239 1909 2322 1955 est
2356 1896 2629 1953 Theodori
2675 1893 3032 1950 Alexandrini
3083 1891 3333 1946 monachi
3381 1890 3482 1942 ad-

1915 2010 2094 2049 versus
2146 1990 2486 2045 Themistium
2562 1988 2719 2053 liber,
2764 1985 2918 2055 cujus
2968 1984 3083 2039 haec
3143 1980 3424 2050 inscriptio
3464 1996 3480 2032 :

1916 2081 2233 2139 Confutatio
2290 2079 2507 2145 brevis,
2581 2091 2684 2145 qua
2732 2074 3034 2144 superioris
3084 2071 3342 2142 temporis
3388 2071 3484 2124 de-

1919 2192 2028 2231 nuo
2054 2175 2282 2244 rcpetita
2307 2172 2400 2226 illa
2433 2168 2718 2225 Themistii
2750 2177 2936 2221 contra
2961 2164 3148 2219 Patres
3196 2162 3484 2217 temeraria

1920 2268 2260 2334 maximeque
2303 2262 2535 2317 absurda
2584 2258 2864 2314 contentio
2902 2254 3213 2311 refellitur:
3247 2268 3278 2308 a
3327 2250 3485 2307 nobis

1920 2373 2067 2415 nunc
2094 2358 2376 2411 elaborata
2396 2394 2413 2421 ,
2440 2352 2727 2407 occasione
2757 2347 3094 2416 obiectarum
3122 2345 3189 2399 ab
3222 2346 3336 2412 ipso
3357 2357 3486 2396 con-

1923 2462 2001 2506 tra
2032 2451 2318 2505 veritatem
2358 2444 2760 2515 quaestionum,
2806 2449 2968 2508 atque
3013 2435 3484 2496 enuntiationum,

1921 2558 2040 2597 cum
2088 2538 2324 2594 dilucida
2356 2535 2719 2606 explicatione
2743 2530 2937 2597 objecti
2967 2528 3291 2598 argumenti.
3330 2545 3350 2577 ι
3383 2523 3490 2578 Ta-

1923 2635 1989 2687 lis
2018 2633 2107 2687 hic
2169 2630 2334 2699 igitur
2375 2627 2501 2681 libri
2527 2625 2755 2689 titulus,
2799 2632 2857 2676 ut
2886 2622 3021 2676 liber
3062 2620 3277 2688 potius,
3327 2631 3489 2685 quam

1926 2722 2112 2778 titulus
2132 2720 2255 2773 libri
2280 2717 2545 2773 videatur.
2573 2713 2810 2783 Uterque
2834 2727 2964 2768 vero
2991 2711 3309 2765 Theodorus
3337 2722 3491 2777 teque

1926 2832 1989 2870 ac
2021 2812 2387 2875 Themistius,
2437 2808 2677 2863 haeretici
2731 2817 2786 2859 et
2820 2805 3056 2874 partium
3110 2800 3339 2856 studiosi
3375 2797 3494 2852 fne-

1928 2912 2081 2967 runt,
2126 2913 2313 2953 eorum
2369 2897 2460 2965 qui
2527 2894 2869 2949 divinitatem
2919 2890 3053 2959 (57)
3111 2904 3327 2958 passam
3373 2903 3494 2943 esse

1928 2999 2280 3053 asseverant,
2347 2987 2556 3041 Severo
2613 2984 2872 3038 nimirum
2933 2980 3159 3036 addicti.
3225 2980 3495 3034 Caeterum

1928 3080 2289 3143 Themistius,
2315 3076 2429 3132 sive
2457 3074 2783 3144 Calonymus
2825 3072 2966 3143 (hoc
2995 3070 3139 3124 enim
3168 3067 3270 3122 sibi
3296 3081 3495 3134 cogno-

245 3155 454 3266 στάτης
502 3155 652 3246 ἐστὶν
683 3155 978 3262 αἱρέσεως,
1015 3155 1124 3244 καὶ
1144 3189 1300 3256 λόγον
1331 3155 1470 3254 ὑπερ
1510 3186 1608 3254 τῆς
1638 3155 1820 3237 τοιαύ-

1928 3184 2167 3228 mentum
2214 3184 2431 3239 quoque
2462 3164 2705 3235 addidit)
2759 3165 2925 3219 etiam
2980 3163 3346 3229 Agnoetarum
3377 3155 3491 3228 (58)

243 3305 347 3357 της
371 3287 530 3338 νόσου
556 3282 908 3353 συνέγραψεν,
930 3281 987 3333 ὃν
1011 3278 1289 3350 ἐπέγραψε
1307 3276 1703 3342 «Κανῑωγύμου
1723 3271 1827 3326 τοῦ

247 3379 347 3432 καὶ
366 3376 668 3443 Θεφοίλου
685 3374 980 3442 ἀπολογία
999 3371 1152 3438 ὑπὲρ
1176 3370 1281 3423 τοῦ
1311 3370 1380 3422 ἐν
1397 3367 1585 3437 ἁγίοις
1616 3367 1830 3432 Θεοφο-

248 3472 407 3535 6ίου,
458 3472 516 3522 ἐν
536 3462 581 3535 ᾧ
602 3467 694 3519 καὶ
724 3465 962 3535 Σεϐήρου
994 3502 1010 3526 ,
1054 3455 1098 3529 ᾧ
1117 3460 1538 3530 προσανάκειται
1561 3456 1830 3528 (τοιοῦτον

249 3566 361 3635 γὰρ
393 3562 461 3615 τὸ
502 3560 699 3629 ψεῦδος
743 3557 837 3612 καὶ
872 3559 920 3609 οἱ
952 3555 1183 3626 ἐρασταὶ
1229 3552 1324 3605 τοῦ
1355 3549 1646 3622 ψεύδους),
1693 3547 1827 3601 καθ-

249 3660 509 3711 ἅπτεται.
528 3650 770 3713 Εὐθύνας
785 3650 842 3703 δὲ
863 3650 919 3700 ὲν
944 3647 1079 3718 τῷδε
1098 3648 1175 3715 τῷ
1196 3644 1338 3713 λόγῳ
1355 3641 1504 3711 παρά
1520 3644 1541 3672 ⁸
1556 3637 1830 3708 Θεοδώρου

249 3746 686 3817 εἱσπράττεται’
717 3740 786 3794 τὰ
814 3741 923 3809 γάρ
948 3756 1031 3792 τοι
1073 3736 1167 3791 τοῦ
1210 3734 1504 3805 Θεμιστίου
1539 3732 1831 3802 ἐπιχειρή-

254 3854 401 3906 ματα
433 3835 680 3901 τέσσαρα
715 3831 812 3901 μὲν
844 3828 1005 3891 ὄντα,
1033 3830 1132 3898 τήν
1165 3825 1389 3893 ἄγνοιαν
1422 3822 1478 3875 δὲ
1505 3862 1519 3887 ,
1552 3820 1625 3883 ώς
1664 3819 1829 3890 ῷετο,

252 3929 343 3980 ἐπὶ
389 3921 641 3993 Χριστοῦ
688 3917 1206 3980 κατασκευάζοντα,
1253 3911 1376 3965 καθ’
1414 3910 1473 3963 ἓν
1501 3912 1529 3963 ό
1557 3908 1831 3976 Θεόδωρος

253 4018 569 4087 ταξάμενος
589 4053 604 4078 ,
633 4012 864 4075 ἕκαστος
899 4009 1122 4080 μυρίαις
1147 4006 1399 4067 ἀτοπίαις
1418 4001 1708 4073 ἐχόμενον⁵
1724 3999 1835 4052 δεί-

253 4124 472 4160 κνυσιν.
511 4102 647 4157 Εἶτα
690 4101 852 4155 πάλιν
892 4103 921 4154 ό
952 4099 1274 4169 Θεμίστιος,
1307 4096 1498 4164 ὥσπερ
1526 4094 1624 4164 τὴν
1664 4086 1834 4162 ἧτταν

254 4196 703 4265 ἀνακαλούμενος
727 4234 742 4259 ,
774 4194 918 4246 κατὰ
948 4189 1226 4261 Θεοδώρου
1259 4186 1574 4258 μονόόιϐλον
1603 4183 1831 4255 ἔγραψε.

257 4294 366 4347 Καὶ
398 4293 431 4345 ὁ
455 4288 737 4357 Θεόδωρος
767 4285 929 4338 πάλιν
954 4285 1012 4337 ἐν
1040 4282 1188 4353 τρισὶ⁹
1211 4281 1400 4351 τόμοις
1429 4279 1555 4341 τοὺς
1589 4276 1709 4330 κατ’
1739 4276 1835 4328 αύ-

255 4382 346 4435 τοῦ
396 4380 663 4448 ἐλέγχους
710 4374 1264 4441 ἀποσκευασάμενος,
1313 4371 1411 4441 τὴν
1463 4368 1669 4423 οἰκείαν
1713 4366 1835 4419 ὲπὶ⁶

254 4472 438 4542 τούτῳ
470 4469 632 4533 δόξαν
676 4467 850 4538 ἀληθῆ
898 4466 1301 4536 παρεστήσατο.
1353 4462 1510 4515 Ἔστι
1547 4460 1603 4513 δὲ
1632 4458 1836 4511 τούτων

258 4562 524 4631 ἑκάτερος
558 4557 653 4612 τοῦ
685 4576 743 4612 τε
774 4556 1106 4628 συγγράφειν
1134 4556 1233 4607 οὐκ
1263 4552 1507 4623 ἀπείρως
1536 4550 1674 4620 ἔχων
1700 4589 1714 4613 ,
1744 4549 1838 4601 καὶ

256 4653 319 4706 τὸ
350 4651 532 4720 σαφὲς
557 4649 698 4721 μετὰ
730 4649 826 4703 τοῦ
859 4650 1111 4701 συντόνου
1156 4645 1253 4700 καὶ
1292 4643 1387 4697 τοῦ
1440 4640 1839 4711 καθεστηκότος

258 4747 317 4798 ὲν
349 4746 542 4813 λόγοις
572 4742 783 4796 διώκων
802 4741 845 4795 ⁷.

986 4831 1111 4885 ΡΘ’.

260 4927 624 4998 Κλήμεντος
678 4922 1129 4991 Ἀλεξανδρείας
1183 4917 1590 4987 πρεσϐυτέρου
1608 4912 1841 4979 βιϐλία.

343 5017 697 5089 Ἀνεγνώσθη
759 5016 1076 5087 Κλήμεντος
1141 5010 1536 5080 Ἀλεξανδρέως
1595 5005 1839 5076 πρεσϐυ-

1930 3273 2092 3318 sectae
2122 3268 2285 3330 caput
2332 3257 2436 3311 fuit
2469 3275 2483 3311 :
2518 3256 2583 3310 de
2632 3269 2738 3324 qua
2790 3262 2843 3309 et
2897 3252 3093 3305 librum
3130 3246 3490 3315 conscripsit,

1931 3350 2086 3406 afﬁxo
2131 3349 2285 3404 titulo
2317 3363 2333 3401 :
2365 3345 2636 3414 Colonymi
2668 3360 2759 3397 seu
2822 3341 3095 3396 Themistii
3120 3337 3362 3408 apologia
3400 3353 3495 3406 pro

1930 3455 2111 3500 sancto
2147 3440 2475 3509 Theophobio
2503 3437 2663 3508 (59).
2686 3435 2803 3502 Quo
2827 3435 2879 3488 in
2908 3433 3045 3488 libro
3080 3432 3252 3502 ipsum
3284 3442 3500 3500 quoque

1932 3539 2229 3599 Severum,
2271 3532 2357 3588 cui
2438 3540 2616 3584 tamen
2657 3528 2904 3581 addictus
2955 3533 3071 3581 erat
3099 3525 3277 3595 (tanta
3306 3532 3388 3577 est
3416 3524 3500 3578 vis

1931 3627 2185 3682 falsitatis
2206 3666 2222 3691 ,
2257 3622 2361 3677 tale
2382 3631 2437 3676 et
2466 3620 2735 3675 mendacii
2760 3626 3006 3672 amantes
3030 3616 3049 3686 )
3084 3615 3455 3685 perstringens
3480 3652 3499 3679 ,

1932 3719 2202 3773 dictorum
2261 3731 2291 3768 a
2334 3712 2625 3767 Theodoro
2697 3709 2937 3763 rationes
2984 3706 3172 3776 exigit.
3214 3704 3497 3759 Themistii

1933 3810 2079 3866 enim
2105 3814 2342 3877 quatuor
2376 3810 2696 3873 argumenta
2719 3800 2809 3855 illa
2829 3838 2846 3865 ,
2869 3798 3068 3867 quibus
3118 3812 3178 3851 se
3220 3796 3497 3851 inscitiam

1935 3903 1988 3957 in
2022 3901 2239 3957 Christo
2287 3897 2547 3966 probasse
2592 3893 2980 3956 arbitrabatur,
3032 3887 3353 3944 Theodorus
3382 3888 3498 3941 sin-

1934 3993 2156 4066 gulatim
2191 3990 2501 4059 expendens
2545 3996 2710 4055 atque
2758 3985 3067 4050 aestimans,
3130 3983 3339 4053 singula
3373 3996 3500 4037 sex-

1935 4094 2091 4140 centa
2138 4080 2422 4136 continere
2469 4076 2708 4132 absurda
2766 4074 3029 4131 ostendit.
3090 4072 3229 4129 Hinc
3282 4088 3498 4129 rursum

1935 4171 2269 4229 Themistius
2298 4186 2313 4223 :
2344 4176 2623 4236 acceptam
2650 4165 2816 4220 veluti
2843 4164 3052 4220 cladem
3083 4178 3363 4232 reparans,
3387 4164 3502 4218 sin-

1936 4265 2180 4335 gularem
2208 4261 2407 4315 librum
2440 4259 2495 4312 in
2546 4255 2894 4311 Theodorum
2930 4255 3277 4323 conscripsit.
3320 4252 3499 4308 Theo-

1937 4354 2102 4408 dorus
2147 4357 2337 4404 autem
2391 4346 2565 4401 tribus
2594 4344 2836 4400 vicissim
2874 4344 3063 4405 libris,
3103 4354 3159 4399 et
3196 4342 3354 4414 89a
3382 4357 3501 4411 quae

1938 4445 2026 4501 ille
2055 4440 2506 4513 reprehenderat,
2533 4436 2769 4505 refutat,
2796 4445 2851 4491 et
2877 4452 3031 4491 suam
3073 4436 3140 4489 de
3182 4438 3283 4490 hac
3314 4449 3372 4488 re
3405 4449 3496 4487 ve-

1942 4551 2056 4591 ram
2126 4532 2438 4603 opinionem
2510 4527 2748 4599 exponit.
2789 4526 3027 4596 Uterque
3068 4523 3337 4580 scribendi
3391 4538 3498 4577 non

1941 4625 2260 4696 imperitus,
2305 4620 2749 4691 perspicuitatem
2798 4616 2974 4674 solida
3007 4631 3129 4672 cum
3164 4616 3505 4670 vehementia

1941 4721 1997 4775 in
2024 4717 2253 4773 dicendo
2282 4723 2526 4769 sectatus
2562 4725 2669 4770 est.

2660 4803 2792 4861 CIX.

2110 4899 2394 4956 Clementis
2422 4896 2775 4951 Alexandrini
2807 4894 3101 4964 presbyteri
3130 4892 3363 4963 Scripta.

2018 4992 2183 5047 Lecta
2212 5002 2338 5047 sunt
2369 4989 2669 5046 Clementis
2692 4986 2805 5059 (59)
2833 4985 3184 5041 Alexandrini
3208 4985 3508 5057 presbyteri

1540 5096 1774 5153 VARI/IS
1815 5084 2217 5147 LECTIONES.

968 5199 985 5229 ι
1022 5197 1181 5267 ἡμῶν
1215 5195 1337 5249 add.
1379 5193 1444 5246 A.

333 5207 385 5239 ὀ
420 5204 520 5258 καὶ
544 5215 757 5269 om.pr.
799 5200 865 5254 A.
968 5200 985 5229 ί
1022 5200 1181 5267 ἡμῶν
1215 5200 1337 5249 add.
1379 5200 1444 5246 A.

341 5277 398 5327 οί
432 5292 497 5327 ς.
571 5274 593 5305 ⁵
624 5271 857 5327 ἀγόμενα
886 5268 952 5322 A.
1026 5270 1048 5297 ⁵
1072 5267 1165 5319 ἐπί
1197 5268 1242 5318 Α
1274 5282 1287 5317 :
1319 5266 1377 5316 ὲν
1406 5280 1445 5327 ς

264 5277 398 5349 περί
432 5292 497 5339 ς.
571 5274 593 5305 ⁵
624 5268 857 5341 ἐχόμενα
886 5268 952 5322 Α.

1544 5192 1565 5219 ‘
1596 5200 1715 5257 post
1750 5185 1977 5257 Σεόήρῳ
2023 5194 2144 5235 cum
2185 5176 2233 5233 A
2280 5175 2440 5232 omisi
2475 5174 2554 5230 δέ.

1540 5260 1561 5292 7
1587 5254 1801 5311 διώκων
1824 5258 1882 5308 ὲν
1912 5254 2092 5320 λόγοις
2119 5265 2181 5312 ς.

2655 5174 2677 5205 ³
2703 5171 2985 5243 ἁγνοητῶν
3021 5171 3088 5227 Δ.
3184 5170 3208 5203 ⁵
3239 5170 3391 5240 παρά
3444 5171 3509 5224 Δ.

1776 5344 2006 5403 NOTAE.

336 5460 501 5541 (5p)
519 5456 620 5511 Hic
649 5455 963 5520 Tarsensrs,
990 5466 1222 5522 sequens
1246 5447 1585 5521 Mopsuestia:
1627 5443 1840 5514 episco-

303 5532 371 5588 us
400 5532 533 5584 fuit.

265 5551 912 5673 Puzsglgffi‘heopaschitae
944 5608 976 5673 a_
1007 5592 1209 5673 Graecis
1241 5589 1514 5673 appellati.
1558 5584 1701 5673 Xide
1741 5583 1840 5640 Ni-

267 5657 562 5742 ωριιξιιιρ,
592 5657 729 5742 ινίιι
755 5664 1025 5742 -ῌίοίοτίω
1059 5657 1367 5742 [ἐπιβάσεις
1399 5674 1519 5742 cap.
1555 5657 1647 5742 511.τ

344 5726 463 5811 (58)
494 5736 723 5811 Niceph.
755 5736 849 5811 lib.
883 5747 1019 5811 xvtn
1056 5731 1275 5811 Eccles.
1312 5730 1434 5811 hist.
1467 5726 1587 5797 cap.
1617 5726 1708 5811 εξο,
1731 5740 1836 5811 non

272 5797 612 5867 Th‘em'istius
634 5797 729 5859 'bic
758 5804 859 5857 sub
883 5802 1100 5875 Valente
1133 5801 1483 5875 philosophus
1506 5840 1521 5864 ,
1551 5800 1641 5875 sed
1663 5797 1839 5875 potius

276 5881 523 5938 Cononis
548 5876 639 5934 ille
674 5876 730 5933 in
761 5874 1117 5945 oppugnando
1136 5867 1441 5941 l’bilopouo
1478 5869 1659 5926 socius
1688 5867 1833 5923 vidc-

1949 5449 2058 5503 tur,
2097 5431 2251 5503 cujus
2288 5429 2662 5503 sup.__mentio
2703 5430 2834 5503 cod.
2872 5428 2966 5503 25.
3007 5431 3053 5482 Α
3102 5443 3209 5503 quo
3252 5429 3507 5503 Agnoetae

1946 5498 2212 5582 primum,
2235 5498 2745 5582 post'll'hemi'stiani
2783 5499 2936 5565 dicti,
2974 5508 3034 5553 ut
3063 5501 3141 5554 ait
3177 5500 3365 5554 beatus
3409 5499 3511 5554 Da-

1955 5570 2128 5634 tnasc.
2160 5570 2252 5626 lib.
2286 5571 2360 5624 De
2390 5570 2698 5623 Iueresibus.

1955 5717 1968 5720 _
2020 5644 2148 5720 (59)~
2168 5642 2312 5712 Lege
2347 5638 2550 5720 .Baron.
2583 5642 2734 5720 card:
2774 5638 2970 5692 Annal.
3009 5638 3243 5720 tom.nll,
3286 5646 3339 5693 et
3375 5638 3511 5720 edit.

1946 5707 2646 5843 L‘ptt.\l‘1wmtjﬂerveti,
2689 5707 2962 5778 Notasque
3028 5708 3083 5765 in
3137 5708 3513 5766 Germanicam

1944 5804 1975 5845 e
2014 5804 2073 5843 ι.
