3964 6420
536 337 644 402 383

1704 340 1971 402 ΡΗΟΤΠ
2007 334 2513 400 PATRIARCH/E
2535 334 2643 395 ΟΡ.

3646 326 3798 392 ι384

537 450 639 502 tria
686 446 950 504 librorum
1004 448 1299 515 volumina,
1357 464 1587 519 quorum
1631 454 1794 505 unius
1839 449 2118 520 inscriptio

2227 446 2385 515 τέρου
2424 443 2592 513 τεύχη
2641 440 2862 511 βιϐλίων
2912 440 3061 511 τρία,
3116 430 3195 493 ὧν
3222 438 3285 493 τὸ
3336 437 3439 509 μὲν
3489 436 3801 509 ἐπιγραφὴν

534 547 636 604 est,
673 537 1061 612 "ypulypases;
1096 539 1342 605 alterius,
1375 538 1751 603 Stromateus;
1801 539 1945 591 tertii
1987 550 2116 589 vero

538 627 893 698 Pwdagogus.

685 718 1117 791 Ilypolyposeon,
1147 722 1249 775 sive
1269 720 1684 790 Dispositionum
1717 720 1838 772 libri
1863 735 1981 771 vm.

609 810 984 884 llypotyposes
1034 814 1252 881 quidem
1324 814 1770 882 disceptationem
1838 814 2121 864 continent

536 899 776 955 locorum
803 901 1007 971 aliquot
1053 902 1260 955 Veteris
1302 900 1545 972 Novique
1590 901 1948 964 Testamenti,
2001 916 2120 965 quae

535 994 699 1046 etiam
742 994 1055 1049 summatim
1100 996 1373 1060 explicat,
1421 1005 1475 1048 et
1528 994 1949 1059 interpretatur.
2004 992 2116 1045 Etsi

537 1094 718 1137 autem
750 1094 898 1139 recte
926 1083 979 1137 in
1010 1085 1331 1152 quibusdam
1379 1084 1586 1138 sentire
1614 1084 1766 1136 visus
1786 1093 1889 1149 est,
1922 1084 1972 1136 in
2000 1083 2121 1136 aliis

539 1191 726 1229 rursus
754 1176 916 1245 impie
951 1178 1175 1230 omnino
1228 1175 1581 1243 fabuloseque
1631 1174 1868 1227 disserit.
1914 1175 2123 1229 Asserit

535 1267 678 1320 enim
707 1269 992 1321 materiam
1035 1278 1302 1321 aeternam
1333 1280 1481 1331 esse,
1512 1277 1566 1321 et
1602 1267 1752 1321 ideas
1777 1266 1937 1319 veluti
1962 1266 2125 1321 certis

536 1356 771 1413 decretis
799 1358 973 1413 induci
1004 1358 1173 1427 ﬁngit.
1207 1356 1397 1410 Filium
1440 1373 1652 1427 quoque
1688 1359 1738 1411 in
1780 1358 1941 1412 rebus
1968 1372 2123 1412 crea-

539 1449 608 1502 tis
649 1458 921 1503 numerat.
971 1450 1174 1503 Adhacc
1218 1450 1523 1503 animarum
1558 1450 1930 1518 migrationes,
1984 1450 2125 1503 mul-

538 1550 727 1609 tesque
758 1550 883 1595 ante
910 1540 1173 1595 Adamurn
1201 1542 1433 1596 mundos
1462 1542 1771 1611 prodigiose
1811 1542 2127 1595 comminis-

537 1636 703 1689 citur.
736 1633 902 1688 Evam
930 1642 1217 1704 prwterca,
1250 1650 1314 1689 ex
1345 1635 1579 1698 Adamo,
1612 1652 1717 1689 non
1747 1645 1805 1689 ut
1831 1636 1970 1689 sacri
1997 1634 2121 1689 libri

2218 537 2409 608 ἔλαχεν
2459 533 2928 599 Ὑποτυπὼσεις,
2976 533 3037 586 τὸ
3080 532 3138 587 δὲ
3187 530 3597 603 Στρωματεὺς,
3648 530 3713 583 τὸ
3753 531 3804 583 δὲ

2220 630 2599 701 Παιδαγωγός
2630 631 2670 683 ⁸.

2568 722 3037 777 Ὑποτυπὼσεων
3088 721 3257 790 τόμοι
3296 717 3469 771 ὀκτώ.

2296 820 2361 871 Αἱ
2393 817 2491 887 μὲν
2523 811 2615 870 οὖν
2639 814 3078 879 Ύποτυπὼσεις
3098 808 3679 882 διαλαμϐάνουσιπερὶ
3711 809 3807 877 ρη-

2220 912 2329 963 τῶν
2360 928 2522 963 τινων
2543 908 2645 979 τῆς
2675 926 2734 961 τε
2762 907 3004 970 Παλαιᾶς
3033 906 3129 959 καὶ
3157 905 3304 967 Νέας
3326 900 3577 975 Γραφῆς,
3612 895 3690 955 ὧν
3714 900 3805 953 καὶ

2224 1002 2613 1071 κεφαλαιωδῶς
2657 1002 2734 1066 ὼς
2778 1000 2940 1071 δῆθεν
2973 997 3235 1069 ὲξήγησίν
3267 1014 3327 1049 τε
3371 996 3464 1049 καὶ
3507 992 3807 1064 ἑρμηνείαν

2226 1096 2483 1147 ποιεῖται.
2520 1091 2631 1146 Καὶ
2663 1093 2721 1145 ὲν
2752 1091 2865 1145 τισὶ
2900 1092 2999 1161 μὲν
3022 1090 3201 1143 αὐτῶν
3225 1087 3402 1160 ὀρθῶς
3423 1088 3574 1140 δοκεῖ
3602 1085 3805 1153 λέγειν,

2225 1189 2283 1241 ὲν
2312 1189 2423 1241 τισὶ
2446 1187 2502 1240 δὲ
2528 1185 2809 1250 παντελῶς
2834 1187 2915 1249 εἰς
2943 1184 3160 1245 ἀσεϐεῖς
3185 1182 3280 1236 καὶ
3312 1179 3582 1252 μυθώδεις
3615 1179 3808 1247 λόγους

2227 1278 2544 1349 ἐκφέρεται.
2564 1278 2740 1349 ’Υλην
2767 1295 2829 1331 τε
2870 1276 2983 1348 γὰρ
3012 1276 3240 1346 ἄχρονον
3284 1272 3382 1326 καὶ
3415 1271 3562 1334 ἰδέας
3590 1271 3669 1333 ὡς
3700 1269 3808 1322 ἀπό

2225 1389 2389 1425 τινων
2421 1370 2602 1442 ῥητῶν
2631 1368 2994 1438 εἰσαγομένας
3032 1366 3268 1432 δοξάζει,
3317 1364 3411 1419 καὶ
3440 1363 3531 1416 τὸν
3566 1361 3701 1415 Υἱδν
3730 1362 3811 1425 εἰς

2226 1462 2433 1532 κτίσμα
2459 1460 2714 1529 κατάγει.
2750 1460 2873 1514 Ἔτι
2899 1458 2958 1513 δὲ
3000 1456 3423 1529 μετεμψυχὼσει
3454 1454 3549 1508 καὶ
3575 1453 3811 1519 πολλοὺς

2228 1554 2336 1623 πρὸ
2375 1552 2469 1606 τοῦ
2529 1552 2701 1621 Ἀδὰμ
2759 1551 2999 1623 κόσμους
3028 1549 3382 1623 τερατεύεται
3409 1564 3424 1579 '
3470 1548 3566 1601 καὶ
3604 1548 3672 1600 ὲκ
3715 1544 3811 1599 τοῦ

2240 1646 2414 1716 Ἀδὰμ
2459 1645 2560 1718 τὴν
2606 1634 2786 1708 Εὕακί,
2832 1645 2932 1715 οὐχ
2966 1643 3046 1707 ὡς
3084 1646 3113 1698 6
3150 1640 3608 1713 ὲκκλησιαστικδς
3649 1638 3814 1709 λόγος

539 1726 779 1790 tradunt,
825 1726 919 1780 sed
953 1725 1190 1780 obscene
1240 1737 1401 1795 atque
1437 1727 1601 1796 impie
1641 1726 1843 1780 educit.
1893 1727 2118 1795 Angelos

2231 1739 2496 1811 βούλεται,
2547 1738 2665 1792 ἀλλ’
2693 1737 2935 1808 αἰσχρῶς
2973 1752 3034 1789 τε
3067 1734 3160 1789 καὶ
3189 1735 3365 1797 ἀθέως
3408 1730 3775 1800 ἀποφαίνεται
3796 1744 3811 1760 ⁸

539 1833 780 1887 quoque,
810 1834 930 1870 rum
961 1818 1176 1872 feminis
1203 1819 1761 1888 congressosJiberos
1781 1820 1903 1873 inde
1926 1827 2118 1872 sustu—

2227 1802 2516 1903 μίγνυσθαί
2543 1848 2604 1884 τε
2626 1832 2753 1894 τοὺς
2787 1802 3052 1898 αγγέλους
3082 1827 3298 1894 γυναιξὶ
3334 1826 3429 1879 καὶ
3469 1823 3813 1879 παιδοποιεῖν

535 1908 665 1963 lisse
695 1910 951 1964 somniat.
986 1908 1125 1976 Quin
1152 1922 1205 1965 et
1234 1911 1463 1964 Verbum
1498 1926 1716 1964 carnem
1750 1928 1853 1965 non
1881 1925 1999 1964 esse
2025 1910 2111 1965 fa~

534 2009 706 2063 etum,
738 2001 832 2055 sed
878 1999 954 2055 ita
1004 2000 1181 2055 visum
1218 2002 1502 2055 duntaxat.
1549 2002 1661 2056 Duo
1693 2003 1757 2056 ad
1801 2001 1915 2057 lucc
1944 2000 2121 2057 Patris

538 2090 714 2146 Verba
751 2092 983 2148 finxisse
1019 2094 1468 2163 deprehenditur,
1494 2110 1722 2162 quorum
1762 2094 1939 2148 minus
1971 2109 2119 2147 mor-

534 2184 735 2241 talibus
786 2186 858 2240 sit
891 2186 1088 2242 visum.
1134 2187 1247 2240 lmo
1292 2201 1355 2240 ne
1387 2188 1486 2239 hoc
1536 2186 1789 2255 quidem;
1851 2187 1931 2241 sic
1975 2189 2118 2240 enim

533 2276 766 2331 scribit:
798 2296 816 2328 ι
850 2277 1056 2332 Dicitur
1094 2278 1312 2341 quidem
1364 2286 1417 2333 et
1451 2277 1625 2332 Filius
1669 2277 1906 2333 Verbum
1950 2281 2121 2347 :eqttir

538 2385 674 2424 voce
698 2386 819 2424 cum
859 2369 1044 2426 Patrio
1080 2369 1282 2427 Verbo.
1330 2369 1530 2425 Verum
1557 2370 1673 2443 (60)
1705 2384 1879 2440 neque
1915 2372 2017 2425 hoc
2052 2371 2118 2426 il-

531 2460 624 2515 lud
662 2460 897 2517 Verbum
926 2472 1035 2527 est,
1069 2464 1211 2531 quod
1239 2478 1368 2518 caro
1396 2463 1597 2517 factum
1629 2473 1734 2527 est,
1766 2477 1939 2532 neque
1956 2464 2119 2516 etiam

534 2551 778 2607 Patrium
811 2553 941 2608 illud
971 2553 1205 2608 Verbum
1243 2572 1256 2608 :
1285 2554 1379 2609 sed
1414 2555 1492 2608 vis
1521 2557 1767 2623 quredam
1791 2570 1855 2608 ac
1876 2564 2119 2623 potestas

535 2645 650 2709 Dei,
684 2658 940 2717 tanquam
969 2663 999 2701 a
1026 2646 1205 2701 Verbo
1236 2649 1351 2717 ipso
1374 2645 1669 2716 proﬂuens,
1703 2662 1856 2700 ruens
1902 2645 2116 2713 ell‘ecla,

534 2736 816 2791 hominum
859 2738 1070 2792 animos
1118 2739 1374 2805 pervasit.
1424 2756 1442 2788 ι
1488 2736 1619 2803 Qua:
1670 2738 1885 2807 quidem
1936 2739 2118 2792 omnia

533 2843 703 2882 sacrae
722 2828 1019 2899 Scriptura:
1042 2830 1366 2884 testimoniis
1389 2830 1595 2898 aliquot
1623 2843 1871 2883 astruere
1894 2829 2113 2884 nititur.

533 2920 853 2990 Quanquam
885 2929 941 2976 et
970 2921 1071 2975 alia
1102 2922 1153 2975 id
1184 2936 1355 2992 genus
1374 2922 1961 2987 sexcentablasphenta
1988 2935 2116 2975 voce

534 3022 787 3093 nugatur,
819 3029 915 3068 seu
950 3014 1085 3084 ipse,
1128 3014 1241 3070 sive
1272 3014 1394 3083 quis
1431 3013 1570 3068 alius
1601 3013 1737 3083 (61),
1771 3013 1889 3082 ejus
1930 3029 2118 3082 perso-

2222 1923 2281 1987 ἐξ
2305 1923 2483 1975 αὐτῶν
2512 1920 2866 1994 ὀνειροπολεῖ,
2903 1921 2998 1974 καὶ
3020 1920 3093 1991 μὴ
3120 1916 3578 1990 σαρκωθῆναιτὸν
3604 1916 3806 1982 Λόγον,

2221 2014 2359 2068 ἀλλὰ
2388 2014 2556 2081 δόξαι.
2594 2014 2801 2083 Λόγους
2836 2031 2897 2067 τε
2936 2012 3031 2067 τοῦ
3064 2011 3281 2083 Πατρδς
3315 2012 3408 2065 δύο
3432 2006 3814 2081 τερατολογῶν

2223 2106 2607 2176 ἀπελέγχεται,
2641 2099 2717 2159 ὧν
2760 2106 2853 2159 τὸν
2894 2105 3095 2176 ἥττονα
3132 2106 3246 2168 τοῖς
3275 2105 3296 2137 θ
3340 2101 3651 2169 ἀνθρώποις
3695 2103 3817 2152 ἐπι-

2223 2197 2476 2265 φανῆναι,
2509 2195 2781 2266 μᾶλλονδὲ
2812 2194 2933 2247 οὐδὲ
2964 2194 3192 2247 ἐκεῖνον’
3221 2192 3355 2265 φησὶ
3376 2194 3504 2263 γάρ’
3527 2210 3544 2242 ι
3572 2192 3815 2257 Λέγεται

2226 2288 2325 2357 μὲν
2359 2288 2452 2340 καὶ
2494 2288 2522 2339 6
2560 2286 2688 2349 Υἱὸς
2719 2285 2913 2354 Λόγος,
2945 2284 3260 2355 ὁμωνύμως
3304 2283 3383 2354 τῷ
3417 2281 3679 2354 Πατρικῷ
3703 2280 3817 2335 Λό-

2221 2395 2324 2447 γῳ,
2353 2376 2467 2430 ἀλλ’
2507 2377 2605 2446 οὐχ
2629 2376 2674 2408 ¹⁰
2707 2367 2864 2438 οὗτός
2896 2376 3046 2429 ἐστιν
3076 2376 3103 2428 6
3139 2373 3277 2445 σὰρξ
3319 2374 3611 2444 γενόμενος
3633 2391 3647 2403 ·
3685 2373 3816 2426 οὐδε

2225 2471 2331 2541 μὴν
2359 2471 2387 2523 6
2418 2468 2680 2539 Πατρῷος
2722 2468 2895 2537 Λόγος
2914 2506 2930 2531 ,
2980 2466 3116 2521 ἀλλὰ
3144 2466 3372 2538 δύναμίς
3409 2483 3492 2529 τις
3525 2464 3618 2518 τοῦ
3649 2464 3817 2527 Θεοῦ,

2221 2557 2332 2617 οἷον
2369 2562 2642 2632 ἀπόρῤοια
2678 2559 2774 2614 τοῦ
2807 2560 2983 2628 Λόγου
3017 2559 3205 2626 αὐτοῦ,
3240 2558 3365 2623 νοῦς
3390 2558 3681 2628 γενόμενος
3711 2558 3816 2621 τὰς

2219 2654 2329 2707 τῶν
2392 2652 2700 2723 ἀνθρώπων
2731 2651 2961 2724 καρδίας
2986 2651 3399 2723 διαπεφοίτηκε.
3440 2670 3458 2703 ι
3490 2650 3598 2705 Καὶ
3632 2650 3815 2704 ταῦτα

2224 2746 2405 2799 πάντα
2436 2745 2696 2816 πειρᾶται
2728 2743 2769 2775 ¹¹
2799 2744 2908 2798 ἀπὸ
2945 2743 3139 2815 ῥητῶν
3167 2760 3330 2797 τινων
3369 2740 3819 2805 κατασκευάζειν

2219 2837 2320 2907 τῆς
2355 2836 2597 2908 Γραφῆς.
2628 2835 2739 2889 Καὶ
2767 2835 2903 2889 ἄλλα
2925 2836 2982 2888 δὲ
3008 2834 3181 2905 μυρία
3198 2834 3433 2905 φλυαρεῖ
3452 2836 3544 2887 καὶ
3563 2834 3819 2904 βλασφη-

2223 2931 2400 3001 μεί¹¹,
2435 2929 2544 2981 εἴτε
2587 2929 2772 2994 αὐτὸς,
2810 2930 2918 2981 εἴτε
2961 2946 3045 2990 τις
3094 2928 3284 2998 ἕτερος
3321 2928 3383 2981 τὸ
3425 2927 3590 2982 αὐτοῦ
3636 2945 3820 2997 προσ-

2219 3042 2369 3076 ωπον
2392 3022 2731 3096 ὑποκριθείς.
2752 3020 3118 3092 Ἑποιήθησαν
3138 3020 3193 3074 δὲ
3223 3019 3371 3091 αὐτῷ
3404 3021 3458 3072 αἱ
3493 3018 3818 3089 βλάσφημοι

534 3120 655 3159 nam
694 3105 912 3160 indutus
933 3121 948 3172 ;
969 3105 1129 3175 plane
1155 3118 1213 3159 ut
1241 3117 1364 3161 octo
1394 3106 1539 3175 ipsos
1571 3105 1737 3160 libros
1769 3105 1917 3160 hisce
1968 3104 2113 3159 blas-

2227 3114 2383 3171 αὗται
2433 3092 2811 3187 τερατολογίαι
2859 3118 2918 3167 έν
2967 3114 3159 3183 τόμοις
3202 3112 3369 3168 ὀκτώ.
3410 3113 3572 3183 Λέγει
3610 3114 3667 3166 δὲ
3718 3114 3821 3166 καὶ

532 3196 874 3267 phemiarum
922 3198 1208 3267 portentis,
1252 3199 1319 3253 de
1370 3196 1564 3251 iisdem
1614 3196 1906 3251 identidem
1950 3196 2120 3251 disse-

534 3291 725 3354 rendo,
782 3304 849 3344 ac
884 3289 1118 3358 sparsim
1171 3301 1336 3359 atque
1389 3289 1637 3354 confuse,
1688 3288 1854 3341 veluti
1897 3296 2121 3356 stupore

535 3383 817 3451 perculsus
848 3381 1163 3452 Scripturas
1214 3383 1583 3451 producendo,
1639 3380 1945 3450 repleverit.
1976 3379 2117 3435 Uni-

533 3470 676 3524 versi
704 3479 888 3524 autem
919 3470 1101 3540 operis
1130 3485 1329 3538 scopus
1368 3470 1540 3524 fuisse
1571 3470 1787 3524 videtur
1818 3469 2116 3534 Geneseos,

534 3561 727 3627 Exodi,
773 3560 1134 3628 Psalmorum,
1170 3561 1535 3632 Epistolarum
1560 3561 1699 3617 beati
1738 3561 1909 3627 Pauli,
1941 3572 1993 3617 et
2023 3579 2118 3617 ca-

538 3658 891 3723 tholicarum,
925 3672 990 3712 ac
1029 3657 1265 3727 denique
1306 3658 1679 3715 Ecclesiastici
1710 3659 2114 3730 interpretatio.

538 3745 651 3800 lloc
682 3748 897 3802 interim
933 3750 1136 3803 fatetur
1183 3751 1299 3820 ipse
1328 3750 1654 3821 discipulum
1686 3765 1747 3805 se
1785 3751 1956 3809 fuisse
1976 3751 2117 3809 Pan-

537 3842 683 3894 ta2ni.
717 3839 823 3895 Sed
859 3840 927 3895 de
958 3839 1379 3914 Hypotyposibus
1413 3845 1702 3900 hactenus.

1277 3934 1392 3990 CX.

890 4026 1142 4097 Ejusdem
1185 4026 1473 4098 Pwdagogi
1518 4028 1642 4082 libri
1677 4045 1761 4086 Ill.

608 4117 731 4175 Jam
769 4118 1104 4191 Pwdagogus
1150 4120 1324 4176 tribus
1381 4121 1536 4176 libris
1571 4122 1718 4192 89b
1755 4125 2115 4194 conscriptus,

2224 3209 2351 3280 περὶ
2375 3209 2482 3261 τῶν
2504 3207 2687 3261 αὐτῶν
2715 3206 3001 3271 πολλάκις,
3042 3207 3140 3260 καὶ
3166 3205 3444 3277 σποράδην
3483 3205 3579 3259 καὶ
3618 3222 3823 3274 συγκε-

2221 3301 2476 3370 χυμένως
2531 3298 2661 3370 [ἓὲζὸ
2701 3296 2798 3372 R.]
2846 3299 3037 3371 ῶσπερ
3083 3298 3399 3370 ἔμπληκτος
3456 3300 3699 3369 παράγει
3751 3298 3824 3351 τὰ

2224 3391 2385 3462 ῥητά.
2442 3392 2500 3444 '0
2523 3391 2578 3444 δὲ
2609 3391 2728 3455 ὅλος
2762 3392 2963 3454 σκοπὸς
2999 3390 3202 3445 ὡσανεὶ
3266 3392 3556 3462 ἑρμηνεῖαι
3606 3391 3824 3461 τυγχάο

2224 3500 2377 3537 νουσι
2399 3484 2497 3552 τῆς
2527 3483 2820 3543 Γενέσεως,
2861 3483 2961 3552 τῆς
3008 3482 3240 3546 Ἐξόδου,
3264 3482 3373 3535 τῶν
3405 3482 3678 3551 Ψαλμῶν,
3718 3482 3822 3534 τοῦ

2221 3575 2368 3630 θείου
2386 3577 2428 3608 ³³
2462 3574 2677 3629 Παύλου
2700 3575 2809 3629 τῶν
2844 3574 3199 3638 Ἐπιστολῶν,
3224 3574 3442 3628 καὶτῶν
3462 3574 3821 3634 Καθολικῶν,

2220 3672 2316 3725 καὶ
2340 3670 2434 3724 τοῦ
2478 3668 2909 3740 Ἐκκλησιαστοῦ
2943 3667 3006 3724 ’⁵.
3047 3669 3312 3739 Μαθητὴς
3361 3669 3441 3731 δὲ,
3473 3669 3548 3732 ὼς
3586 3670 3684 3722 καὶ
3726 3670 3826 3722 αύ-

2218 3761 2310 3823 τός
2359 3745 2513 3831 φησῖ,
2564 3761 2755 3830 γέγονε
2794 3761 3116 3815 Πανταίνου.
3160 3759 3325 3815 Ἀλλά
3371 3759 3547 3814 ταῦτα
3604 3761 3713 3831 μὲν
3760 3761 3825 3815 αἱ

2234 3854 2249 3872 ⁸
2261 3852 2708 3920 Υποτυπώσεις.

2933 3944 3046 4000 PI'.

2387 4037 2500 4093 Τοῦ
2536 4036 2725 4092 αὐτοῦ
2749 4039 2782 4091 ὁ
2822 4037 3209 4109 Παιδαγωγός
3252 4037 3324 4092 ἐν
3358 4038 3565 4109 τόμοις
3592 4036 3667 4107 τ’.

2302 4128 2361 4184 '0
2417 4128 2476 4183 δὲ
2505 4127 2889 4198 Παιδαγωγός
2917 4131 2975 4182 ὲν
3025 4130 3173 4200 τρισὶ
3223 4130 3412 4200 τόμοις
3450 4130 3602 4183 ἐστὶν
3656 4128 3817 4199 αὐτῷ

535 4215 700 4269 vitam
728 4230 1017 4286 moresque
1038 4214 1325 4283 informat;
1356 4217 1554 4285 quibus
1572 4228 1625 4270 et
1644 4218 1806 4270 alium
1826 4220 2116 4288 quemdam

2227 4217 2728 4290 διαπεπονημένος,
2810 4217 2975 4289 ἤθους
3033 4219 3129 4274 καὶ
3187 4218 3306 4289 βίου
3377 4218 3814 4292 κατορθωτικός.

536 4306 846 4376 praemittit,
905 4304 1256 4378 adiungitque
1306 4306 1635 4375 singularem
1706 4307 1945 4371 librum,
2009 4326 2117 4379 quo

2227 4311 2376 4381 Ἔχει
2403 4311 2459 4363 δὲ
2490 4310 2699 4364 τούτων
2726 4312 2821 4363 καὶ
2854 4310 3268 4382 προηγούμενον
3308 4312 3401 4364 καὶ
3442 4313 3812 4381 συνταττόμε·

534 4397 776 4467 gentium
805 4396 1000 4453 refellit
1024 4397 1355 4465 impietatem
1389 4396 1684 4468 (6‘2).Nihil
1711 4410 1891 4453 autem
1934 4401 2115 4458 simile

2227 4418 2307 4454 vov
2367 4400 2524 4468 λόγον
2562 4399 2768 4469 ἕτερον,
2844 4401 2899 4452 ὲν
2958 4392 3003 4469 ᾧ
3054 4400 3153 4473 τὴν
3217 4401 3486 4472 Ἑλλήνων
3538 4402 3820 4473 διελέγχει

538 4456 738 4538 habent
782 4485 835 4539 hi
893 4456 1245 4540 omnes'cum
1291 4456 1755 4554 Hypotgiposibur,
1809 4489 2025 4556 quando
2060 4499 2115 4543 et

2227 4456 2505 4561 ἂθεότητα.
2539 4456 2704 4543 Οὐδέν
2730 4456 2785 4543 δέ
2824 4456 3009 4561 ὅμοιοιν
3031 4456 3217 4561 ἕχόυσι
3245 4456 3383 4563 πρὸς
3419 4492 3521 4554 τὰς
3554 4456 3822 4546 ’Υπέέῆυ⁹

537 4575 750 4631 stolidis
777 4576 883 4632 illis
909 4591 973 4632 ac
1000 4577 1334 4647 blasphemis
1369 4578 1720 4645 opinionibus
1749 4580 1973 4634 omnino
2014 4596 2111 4634 va-

2227 4581 2437 4647 πτώσεις
2478 4576 2627 4633 οὗτοι
2670 4570 2735 4633 ὀἱ
2772 4581 2958 4649 λόγοι·
3018 4583 3128 4634 τῶν
3162 4600 3221 4635 τε
3266 4583 3373 4651 γὰρ
3419 4583 3670 4653 ματαίων
3720 4585 3823 4635 καὶ

537 4679 684 4731 cant,
718 4678 774 4723 et
800 4668 970 4724 dictio
1003 4670 1114 4739 ipsa
1146 4670 1199 4723 in
1248 4669 1332 4724 his
1371 4668 1617 4723 ﬂoridior
1648 4671 1714 4723 ad
1757 4681 2112 4739 temperatam

2227 4673 2552 4744 Ξλασφήμων
2578 4672 2994 4743 ἀπηλλαγμένοι
3023 4672 3192 4736 δοξῶν
3229 4673 3625 4744 καθεστήκασι,
3648 4674 3744 4727 καὶ
3780 4676 3819 4745 ὴ

536 4759 826 4827 quamdam
853 4759 1172 4829 gravitatem
1202 4775 1305 4813 non
1342 4759 1458 4814 sine
1491 4758 1829 4827 jucunditate
1858 4765 2113 4833 assurgit,

2227 4765 2417 4837 φράσις
2446 4764 2657 4836 ἀνθηρὰ
2686 4766 2779 4817 καὶ
2972 4763 3068 4836 [1.]
3099 4766 3180 4829 εἰς
3214 4764 3380 4833 ὄγκον
3406 4767 3625 4837 ἠρμένη
3660 4766 3819 4836 σύμ-

536 4861 593 4907 et
619 4854 767 4909 varia
800 4854 914 4920 illa,
962 4869 1082 4925 qua:
1126 4854 1177 4908 in
1205 4854 1273 4909 iis
1304 4863 1410 4921 est,
1450 4870 1630 4907 rerum
1683 4856 1946 4926 cognitio,
1982 4857 2113 4911 nihil

2227 4873 2415 4928 μετρον
2441 4857 2579 4926 μετὰ
2618 4854 2711 4910 τοῦ
2760 4857 2936 4927 ἡδέος,
2994 4858 3089 4911 καὶ
3132 4858 3166 4928 ἡ
3212 4857 3556 4928 πολυμάθεια
3587 4858 3814 4930 ἐμπρέ-

1822 5028 2054 5085 VARle
2093 5028 2388 5086 LECTION
2397 5028 2495 5085 ES.

609 5178 631 5211 ³
658 5178 761 5232 δὲὸ
783 5176 934 5231 παιδ.
1084 5176 1271 5249 {spis}
1303 5172 1485 5237 αὐτοῖς
1520 5175 1584 5229 Α.
1625 5248 1631 5249 γ
1668 5175 1710 5249 ¹γ⁰
1743 5175 1863 5247 οὐχ]
1899 5176 1962 5227 ού
1990 5175 2087 5249 νῦν
2112 5178 2178 5231 A.
2210 5246 2218 5249 Α
2257 5176 2299 5209 ¹¹
2331 5176 2588 5249 πειρᾶται
2621 5183 2745 5249 post
2771 5174 2935 5231 τινῶν
2970 5176 3125 5247 ponit
3155 5194 3218 5242 ς.
3297 5179 3341 5209 ³³
3376 5176 3694 5249 βλασφημεῖ
3715 5182 3825 5234 καὶ

538 5250 772 5319 φλυαρεῖ
801 5265 864 5312 ς.
958 5248 1002 5279 ¹³
1031 5246 1124 5301 τοῦ
1157 5244 1304 5298 θείου
1335 5274 1405 5285 -
1434 5248 1730 5300 ἐπιστολῶν
1758 5244 1867 5300 οη).
1912 5262 1995 5316 pr.
2022 5246 2089 5300 A.
2185 5246 2229 5280 ’δ
2260 5244 2719 5317 ἐκκλησιαστικοῦ
2754 5263 2815 5310 ς.

2048 5390 2285 5446 NOTAE.

633 5504 724 5590 φ)
759 5505 865 5590 [iro
890 5504 990 5590 οξχ
1008 5503 1373 5590 [θεοούδέωο
1392 5505 1533 5575 quod
1562 5504 1648 5559 hic
1682 5504 2063 5574 prmcesserint
2094 5525 2110 5561 :

544 5574 745 5653 μᾶλλον
764 5574 835 5653 δὲ
862 5574 985 5653 ούδὲ
1017 5576 1247 5653 ἐκεῖνον.

615 5646 726 5719 (61)
756 5647 910 5714 Quod
942 5661 1067 5702 vero
1092 5646 1324 5719 similius
1355 5647 1602 5719 videatur
1644 5659 1659 5698 :
1707 5644 1937 5719 Arianos
1962 5647 2105 5719 enim

541 5716 831 5790 plerosque
853 5719 934 5787 (ut
968 5719 1207 5790 haeretici
1232 5718 1429 5790 solent)
1468 5716 1768 5790 Clementis
1796 5717 1995 5790 scripta
2021 5718 2113 5790 in-

542 5786 796 5861 quinasSe
824 5786 981 5847 docet
1008 5787 1249 5847 ltuﬂinus
1277 5788 1534 5861 ApOIOgia
1558 5801 1656 5858 pro
1675 5786 1926 5857 Origene.
1953 5787 2104 5841 Adde

2223 5518 2276 5589 et
2324 5507 2540 5631 reliqua.
2564 5508 2682 5579 ejus
2711 5508 2919 5580 scripta
2943 5522 3091 5566 sanae
3128 5518 3251 5561 esse
3292 5503 3554 5560 doctrinre
3609 5519 3672 5559 ac
3710 5521 3785 5575 pu
3809 5536 3827 5547 ε

2223 5594 2383 5631 I‘IOI‘IS
2417 5590 2499 5631 stv
2529 5595 2585 5631 l.‘

2222 5590 2735 5773 :mdilgsfilxiihhudie
2763 5652 2980 5708 nomine
3018 5649 3337 5721 Protreptici
3364 5648 3434 5703 ad
3464 5652 3669 5717 gentes,
3707 5662 3821 5700 uu-

2246 5736 2323 5773 tor
2347 5732 2502 5773 exsta
2533 5758 2548 5773 .

2246 5730 2323 5775 1οΓ
2347 5730 2548 5777 exstat.
