  <div class='ocr_page' id='page_1' title='image "/cluster/home/n/w/nwhite01/storage/ocr_20150623/103/hvd.32044018872861/200.png"; bbox 0 0 4090 6412; ppageno 0'>
   <div class='ocr_carea' id='block_1_1' title="bbox 235 404 341 467">
    <p class='ocr_par' dir='ltr' id='par_1_1' title="bbox 235 404 341 467">
     <span class='ocr_line' id='line_1_1' title="bbox 235 404 341 467; baseline 0 0"><span class='ocrx_word' id='word_1_1' title='bbox 235 404 341 467; x_wconf 80' lang='grc'><strong>385</strong></span> 
     </span>
    </p>
   </div>
   <div class='ocr_carea' id='block_1_2' title="bbox 1258 410 2522 476">
    <p class='ocr_par' dir='ltr' id='par_1_2' title="bbox 1258 410 2522 476">
     <span class='ocr_line' id='line_1_2' title="bbox 1258 410 2522 476; baseline 0.004 -8"><span class='ocrx_word' id='word_1_2' title='bbox 1258 410 1786 470; x_wconf 81' lang='lat' dir='ltr'><strong>BIBLIOTHECA.</strong></span> <span class='ocrx_word' id='word_1_3' title='bbox 1829 435 1899 445; x_wconf 94' lang='lat'><strong>—</strong></span> <span class='ocrx_word' id='word_1_4' title='bbox 1935 411 2152 470; x_wconf 84' lang='lat' dir='ltr'><strong>CODD.</strong></span> <span class='ocrx_word' id='word_1_5' title='bbox 2177 410 2522 476; x_wconf 77' lang='lat' dir='ltr'><strong>CX-CXIII.</strong></span> 
     </span>
    </p>
   </div>
   <div class='ocr_carea' id='block_1_3' title="bbox 3399 415 3504 481">
    <p class='ocr_par' dir='ltr' id='par_1_3' title="bbox 3399 415 3504 481">
     <span class='ocr_line' id='line_1_3' title="bbox 3399 415 3504 481; baseline 0 -5"><span class='ocrx_word' id='word_1_6' title='bbox 3399 415 3504 481; x_wconf 88' lang='lat'><strong>386</strong></span> 
     </span>
    </p>
   </div>
   <div class='ocr_carea' id='block_1_4' title="bbox 236 516 1817 593">
    <p class='ocr_par' dir='ltr' id='par_1_4' title="bbox 236 516 1817 593">
     <span class='ocr_line' id='line_1_4' title="bbox 236 516 1817 593; baseline 0.002 -22"><span class='ocrx_word' id='word_1_7' title='bbox 236 534 434 571; x_wconf 83' lang='grc' dir='ltr'>πουσα.</span> <span class='ocrx_word' id='word_1_8' title='bbox 495 516 845 589; x_wconf 70' lang='grc' dir='ltr'><strong>Μνημονεύει</strong></span> <span class='ocrx_word' id='word_1_9' title='bbox 893 518 949 571; x_wconf 70' lang='grc' dir='ltr'><strong>δὲ</strong></span> <span class='ocrx_word' id='word_1_10' title='bbox 986 518 1119 589; x_wconf 80' lang='grc' dir='ltr'>πρὸς</span> <span class='ocrx_word' id='word_1_11' title='bbox 1144 519 1223 591; x_wconf 82' lang='grc' dir='ltr'>τῷ</span> <span class='ocrx_word' id='word_1_12' title='bbox 1265 521 1411 574; x_wconf 79' lang='grc' dir='ltr'>τέλει</span> <span class='ocrx_word' id='word_1_13' title='bbox 1437 524 1531 574; x_wconf 77' lang='grc' dir='ltr'>καὶ</span> <span class='ocrx_word' id='word_1_14' title='bbox 1561 524 1691 593; x_wconf 79' lang='grc' dir='ltr'>περὶ</span> <span class='ocrx_word' id='word_1_15' title='bbox 1740 524 1817 574; x_wconf 75' lang='grc' dir='ltr'>εί-</span> 
     </span>
    </p>
   </div>
   <div class='ocr_carea' id='block_1_5' title="bbox 1918 516 3494 593">
    <p class='ocr_par' dir='ltr' id='par_1_5' title="bbox 1928 521 3494 581">
     <span class='ocr_line' id='line_1_5' title="bbox 1928 521 3494 581; baseline 0.003 -7"><span class='ocrx_word' id='word_1_16' title='bbox 1928 521 2088 575; x_wconf 82' lang='lat' dir='ltr'><strong>liabet</strong></span> <span class='ocrx_word' id='word_1_17' title='bbox 2121 524 2301 576; x_wconf 87' lang='lat' dir='ltr'><strong>minus</strong></span> <span class='ocrx_word' id='word_1_18' title='bbox 2333 524 2681 578; x_wconf 85' lang='lat' dir='ltr'><strong>conveniens.</strong></span> <span class='ocrx_word' id='word_1_19' title='bbox 2720 524 2980 581; x_wconf 85' lang='lat' dir='ltr'><strong>Extremo</strong></span> <span class='ocrx_word' id='word_1_20' title='bbox 3013 540 3145 580; x_wconf 88' lang='lat' dir='ltr'><strong>vero</strong></span> <span class='ocrx_word' id='word_1_21' title='bbox 3175 526 3316 580; x_wconf 86' lang='lat' dir='ltr'><strong>libro</strong></span> <span class='ocrx_word' id='word_1_22' title='bbox 3333 528 3494 580; x_wconf 79' lang='lat' dir='ltr'><strong>etiam</strong></span> 
     </span>
    </p>
   </div>
   <div class='ocr_carea' id='block_1_6' title="bbox 232 606 431 660">
    <p class='ocr_par' dir='ltr' id='par_1_6' title="bbox 232 606 431 660">
     <span class='ocr_line' id='line_1_6' title="bbox 232 606 431 660; baseline 0.015 -3"><span class='ocrx_word' id='word_1_23' title='bbox 232 606 431 660; x_wconf 83' lang='grc' dir='ltr'>κόνων.</span> 
     </span>
    </p>
   </div>
   <div class='ocr_carea' id='block_1_7' title="bbox 670 700 1068 779">
    <p class='ocr_par' dir='ltr' id='par_1_7' title="bbox 670 700 1068 779">
     <span class='ocr_line' id='line_1_7' title="bbox 670 700 1068 779; baseline 0.003 -24"><span class='ocrx_word' id='word_1_24' title='bbox 670 776 675 779; x_wconf 15' lang='grc' dir='ltr'>δ</span> <span class='ocrx_word' id='word_1_25' title='bbox 918 700 1068 756; x_wconf 69' lang='lat' dir='ltr'><strong>rw.</strong></span> 
     </span>
    </p>
   </div>
   <div class='ocr_carea' id='block_1_8' title="bbox 400 792 1660 866">
    <p class='ocr_par' dir='ltr' id='par_1_8' title="bbox 400 792 1660 866">
     <span class='ocr_line' id='line_1_8' title="bbox 400 792 1660 866; baseline 0.004 -19"><span class='ocrx_word' id='word_1_26' title='bbox 400 794 515 849; x_wconf 79' lang='grc' dir='ltr'>Τοῦ</span> <span class='ocrx_word' id='word_1_27' title='bbox 536 792 726 849; x_wconf 85' lang='grc' dir='ltr'>αὑτοῦ</span> <span class='ocrx_word' id='word_1_28' title='bbox 765 795 801 849; x_wconf 87' lang='grc' dir='ltr'><strong>ό</strong></span> <span class='ocrx_word' id='word_1_29' title='bbox 844 794 1231 863; x_wconf 82' lang='grc' dir='ltr'>Στρωματεὺς</span> <span class='ocrx_word' id='word_1_30' title='bbox 1258 796 1330 850; x_wconf 83' lang='grc' dir='ltr'><strong>ἐν</strong></span> <span class='ocrx_word' id='word_1_31' title='bbox 1354 799 1559 866; x_wconf 81' lang='grc' dir='ltr'>τόμοις</span> <span class='ocrx_word' id='word_1_32' title='bbox 1584 804 1660 865; x_wconf 80' lang='grc' dir='ltr'><strong>η’.</strong></span> 
     </span>
    </p>
   </div>
   <div class='ocr_carea' id='block_1_9' title="bbox 294 886 1817 957">
    <p class='ocr_par' dir='ltr' id='par_1_9' title="bbox 294 886 1817 957">
     <span class='ocr_line' id='line_1_9' title="bbox 294 886 1817 957; baseline 0.002 -17"><span class='ocrx_word' id='word_1_33' title='bbox 294 887 361 940; x_wconf 83' lang='grc' dir='ltr'>υἱ</span> <span class='ocrx_word' id='word_1_34' title='bbox 391 886 451 939; x_wconf 78' lang='grc' dir='ltr'>δὲ</span> <span class='ocrx_word' id='word_1_35' title='bbox 492 886 865 956; x_wconf 85' lang='grc' dir='ltr'>Στρωματεῖς</span> <span class='ocrx_word' id='word_1_36' title='bbox 894 888 1001 940; x_wconf 74' lang='grc' dir='ltr'>εἰσὶ</span> <span class='ocrx_word' id='word_1_37' title='bbox 1027 888 1126 957; x_wconf 85' lang='grc' dir='ltr'><strong>μὲν</strong></span> <span class='ocrx_word' id='word_1_38' title='bbox 1157 889 1254 942; x_wconf 69' lang='grc' dir='ltr'><strong>καὶ</strong></span> <span class='ocrx_word' id='word_1_39' title='bbox 1285 889 1439 943; x_wconf 78' lang='grc' dir='ltr'>αὐτοὶ</span> <span class='ocrx_word' id='word_1_40' title='bbox 1471 891 1528 942; x_wconf 86' lang='grc' dir='ltr'><strong>ἐν</strong></span> <span class='ocrx_word' id='word_1_41' title='bbox 1562 889 1707 943; x_wconf 81' lang='grc' dir='ltr'>ὀκτὼ</span> <span class='ocrx_word' id='word_1_42' title='bbox 1728 892 1817 944; x_wconf 75' lang='grc' dir='ltr'><strong>Λό-</strong></span> 
     </span>
    </p>
   </div>
   <div class='ocr_carea' id='block_1_10' title="bbox 224 976 1818 1055">
    <p class='ocr_par' dir='ltr' id='par_1_10' title="bbox 224 976 1818 1055">
     <span class='ocr_line' id='line_1_10' title="bbox 224 976 1818 1055; baseline 0.004 -24"><span class='ocrx_word' id='word_1_43' title='bbox 224 995 343 1046; x_wconf 86' lang='grc' dir='ltr'>γοις</span> <span class='ocrx_word' id='word_1_44' title='bbox 371 976 501 1030; x_wconf 78' lang='grc' dir='ltr'>καθ’</span> <span class='ocrx_word' id='word_1_45' title='bbox 539 977 809 1049; x_wconf 79' lang='grc' dir='ltr'><strong>Ἐλλήνων</strong></span> <span class='ocrx_word' id='word_1_46' title='bbox 844 979 940 1031; x_wconf 78' lang='grc' dir='ltr'>καὶ</span> <span class='ocrx_word' id='word_1_47' title='bbox 962 979 1227 1050; x_wconf 77' lang='grc' dir='ltr'>αἱρέσεων</span> <span class='ocrx_word' id='word_1_48' title='bbox 1267 980 1360 1033; x_wconf 80' lang='grc' dir='ltr'><strong>τὸν</strong></span> <span class='ocrx_word' id='word_1_49' title='bbox 1393 983 1583 1051; x_wconf 84' lang='grc' dir='ltr'>ἀγῶνα</span> <span class='ocrx_word' id='word_1_50' title='bbox 1607 985 1818 1055; x_wconf 84' lang='grc' dir='ltr'>εἰσενη-</span> 
     </span>
    </p>
   </div>
   <div class='ocr_carea' id='block_1_11' title="bbox 226 1069 1818 1148">
    <p class='ocr_par' dir='ltr' id='par_1_11' title="bbox 226 1069 1818 1148">
     <span class='ocr_line' id='line_1_11' title="bbox 226 1069 1818 1148; baseline 0.006 -27"><span class='ocrx_word' id='word_1_51' title='bbox 226 1069 510 1138; x_wconf 80' lang='grc' dir='ltr'>νεγμένοι,</span> <span class='ocrx_word' id='word_1_52' title='bbox 564 1069 843 1140; x_wconf 83' lang='grc' dir='ltr'><strong>σποράδην</strong></span> <span class='ocrx_word' id='word_1_53' title='bbox 892 1071 949 1123; x_wconf 84' lang='grc' dir='ltr'>δὲ</span> <span class='ocrx_word' id='word_1_54' title='bbox 978 1072 1073 1124; x_wconf 76' lang='grc' dir='ltr'><strong>καὶ</strong></span> <span class='ocrx_word' id='word_1_55' title='bbox 1100 1071 1292 1143; x_wconf 83' lang='grc' dir='ltr'>ὥσπερ</span> <span class='ocrx_word' id='word_1_56' title='bbox 1312 1074 1410 1126; x_wconf 74' lang='grc' dir='ltr'><strong>οὐκ</strong></span> <span class='ocrx_word' id='word_1_57' title='bbox 1448 1074 1505 1126; x_wconf 83' lang='grc' dir='ltr'><strong>ἐν</strong></span> <span class='ocrx_word' id='word_1_58' title='bbox 1531 1075 1682 1140; x_wconf 81' lang='grc' dir='ltr'><strong>τάξει</strong></span> <span class='ocrx_word' id='word_1_59' title='bbox 1720 1079 1818 1148; x_wconf 84' lang='grc' dir='ltr'>τὴν</span> 
     </span>
    </p>
   </div>
   <div class='ocr_carea' id='block_1_12' title="bbox 228 1160 1819 1233">
    <p class='ocr_par' dir='ltr' id='par_1_12' title="bbox 228 1160 1819 1233">
     <span class='ocr_line' id='line_1_12' title="bbox 228 1160 1819 1233; baseline 0.006 -21"><span class='ocrx_word' id='word_1_60' title='bbox 228 1161 333 1214; x_wconf 83' lang='grc' dir='ltr'>τῶν</span> <span class='ocrx_word' id='word_1_61' title='bbox 379 1160 702 1229; x_wconf 76' lang='grc' dir='ltr'><strong>κεφαλαίων</strong></span> <span class='ocrx_word' id='word_1_62' title='bbox 746 1161 1052 1233; x_wconf 77' lang='grc' dir='ltr'>παράθεσιν</span> <span class='ocrx_word' id='word_1_63' title='bbox 1097 1164 1378 1218; x_wconf 82' lang='grc' dir='ltr'>κάνταῦθα</span> <span class='ocrx_word' id='word_1_64' title='bbox 1416 1169 1671 1233; x_wconf 83' lang='grc' dir='ltr'>ποιεῖται,</span> <span class='ocrx_word' id='word_1_65' title='bbox 1724 1169 1819 1221; x_wconf 76' lang='grc' dir='ltr'><strong>καὶ</strong></span> 
     </span>
    </p>
   </div>
   <div class='ocr_carea' id='block_1_13' title="bbox 230 1250 1816 1329">
    <p class='ocr_par' dir='ltr' id='par_1_13' title="bbox 230 1250 1816 1329">
     <span class='ocr_line' id='line_1_13' title="bbox 230 1250 1816 1329; baseline 0.008 -29"><span class='ocrx_word' id='word_1_66' title='bbox 230 1252 325 1320; x_wconf 75' lang='grc' dir='ltr'><strong>τὴν</strong></span> <span class='ocrx_word' id='word_1_67' title='bbox 350 1250 541 1304; x_wconf 79' lang='grc' dir='ltr'>αἰτίαν</span> <span class='ocrx_word' id='word_1_68' title='bbox 568 1250 761 1321; x_wconf 83' lang='grc' dir='ltr'>ὥσπερ</span> <span class='ocrx_word' id='word_1_69' title='bbox 791 1253 1084 1317; x_wconf 77' lang='grc' dir='ltr'>ἀποδιδοὺς</span> <span class='ocrx_word' id='word_1_70' title='bbox 1102 1255 1159 1308; x_wconf 88' lang='grc' dir='ltr'><strong>ἐν</strong></span> <span class='ocrx_word' id='word_1_71' title='bbox 1186 1255 1263 1326; x_wconf 81' lang='grc' dir='ltr'>τῷ</span> <span class='ocrx_word' id='word_1_72' title='bbox 1291 1257 1434 1310; x_wconf 79' lang='grc' dir='ltr'>τέλει</span> <span class='ocrx_word' id='word_1_73' title='bbox 1457 1258 1552 1311; x_wconf 88' lang='grc' dir='ltr'><strong>τοῦ</strong></span> <span class='ocrx_word' id='word_1_74' title='bbox 1584 1258 1816 1329; x_wconf 77' lang='grc' dir='ltr'>ἐϐδόμου</span> 
     </span>
    </p>
   </div>
   <div class='ocr_carea' id='block_1_14' title="bbox 234 1342 1817 1421">
    <p class='ocr_par' dir='ltr' id='par_1_14' title="bbox 234 1342 1817 1421">
     <span class='ocr_line' id='line_1_14' title="bbox 234 1342 1817 1421; baseline 0.006 -27"><span class='ocrx_word' id='word_1_75' title='bbox 234 1342 387 1410; x_wconf 73' lang='grc' dir='ltr'>λόγου</span> <span class='ocrx_word' id='word_1_76' title='bbox 460 1343 655 1405; x_wconf 77' lang='grc' dir='ltr'>αὑταῖς</span> <span class='ocrx_word' id='word_1_77' title='bbox 702 1342 913 1408; x_wconf 79' lang='grc' dir='ltr'><strong>λέξεσιν</strong></span> <span class='ocrx_word' id='word_1_78' title='bbox 947 1343 1123 1411; x_wconf 74' lang='grc' dir='ltr'>οὕτως</span> <span class='ocrx_word' id='word_1_79' title='bbox 1149 1345 1338 1415; x_wconf 83' lang='grc' dir='ltr'>λέγει·</span> <span class='ocrx_word' id='word_1_80' title='bbox 1383 1349 1633 1404; x_wconf 80' lang='grc' dir='ltr'><strong>«Τούτων</strong></span> <span class='ocrx_word' id='word_1_81' title='bbox 1682 1352 1817 1421; x_wconf 76' lang='grc' dir='ltr'>ἡμῖν</span> 
     </span>
    </p>
   </div>
   <div class='ocr_carea' id='block_1_15' title="bbox 236 1434 1819 1509">
    <p class='ocr_par' dir='ltr' id='par_1_15' title="bbox 236 1434 1819 1509">
     <span class='ocr_line' id='line_1_15' title="bbox 236 1434 1819 1509; baseline 0.007 -23"><span class='ocrx_word' id='word_1_82' title='bbox 236 1434 746 1504; x_wconf 84' lang='grc' dir='ltr'>προδιηνυσμένων,</span> <span class='ocrx_word' id='word_1_83' title='bbox 794 1438 887 1489; x_wconf 79' lang='grc' dir='ltr'>καὶ</span> <span class='ocrx_word' id='word_1_84' title='bbox 942 1438 1039 1490; x_wconf 88' lang='grc' dir='ltr'><strong>τοῦ</strong></span> <span class='ocrx_word' id='word_1_85' title='bbox 1080 1439 1275 1509; x_wconf 82' lang='grc' dir='ltr'>ήθικοῦ</span> <span class='ocrx_word' id='word_1_86' title='bbox 1310 1440 1482 1495; x_wconf 88' lang='grc' dir='ltr'>τύπου</span> <span class='ocrx_word' id='word_1_87' title='bbox 1517 1443 1593 1507; x_wconf 79' lang='grc' dir='ltr'>ὡς</span> <span class='ocrx_word' id='word_1_88' title='bbox 1628 1444 1687 1497; x_wconf 86' lang='grc' dir='ltr'><strong>ἐν</strong></span> <span class='ocrx_word' id='word_1_89' title='bbox 1728 1461 1819 1497; x_wconf 87' lang='grc' dir='ltr'>κε-</span> 
     </span>
    </p>
   </div>
   <div class='ocr_carea' id='block_1_16' title="bbox 228 1526 1819 1604">
    <p class='ocr_par' dir='ltr' id='par_1_16' title="bbox 228 1526 1819 1604">
     <span class='ocr_line' id='line_1_16' title="bbox 228 1526 1819 1604; baseline 0.006 -25"><span class='ocrx_word' id='word_1_90' title='bbox 228 1526 487 1595; x_wconf 71' lang='grc' dir='ltr'>φαλαίοις</span> <span class='ocrx_word' id='word_1_91' title='bbox 520 1526 933 1599; x_wconf 83' lang='grc' dir='ltr'>ὑπογραφέντος</span> <span class='ocrx_word' id='word_1_92' title='bbox 974 1532 1043 1595; x_wconf 72' lang='grc' dir='ltr'>η,</span> <span class='ocrx_word' id='word_1_93' title='bbox 1097 1533 1376 1604; x_wconf 80' lang='grc' dir='ltr'>σποράδην</span> <span class='ocrx_word' id='word_1_94' title='bbox 1407 1552 1489 1599; x_wconf 90' lang='grc' dir='ltr'><strong>τε,</strong></span> <span class='ocrx_word' id='word_1_95' title='bbox 1535 1535 1677 1599; x_wconf 66' lang='lat' dir='ltr'><strong>dic“</strong></span> <span class='ocrx_word' id='word_1_96' title='bbox 1718 1535 1819 1588; x_wconf 84' lang='grc' dir='ltr'><strong>ὑπ-</strong></span> 
     </span>
    </p>
   </div>
   <div class='ocr_carea' id='block_1_17' title="bbox 224 1621 1817 1697">
    <p class='ocr_par' dir='ltr' id='par_1_17' title="bbox 224 1621 1817 1697">
     <span class='ocr_line' id='line_1_17' title="bbox 224 1621 1817 1697; baseline 0.006 -26"><span class='ocrx_word' id='word_1_97' title='bbox 224 1621 537 1691; x_wconf 85' lang='grc' dir='ltr'>εσχήμεθα,</span> <span class='ocrx_word' id='word_1_98' title='bbox 558 1621 653 1673; x_wconf 74' lang='grc' dir='ltr'>καὶ</span> <span class='ocrx_word' id='word_1_99' title='bbox 675 1621 1081 1693; x_wconf 76' lang='grc' dir='ltr'>διερῤιμμένως</span> <span class='ocrx_word' id='word_1_100' title='bbox 1110 1623 1178 1676; x_wconf 84' lang='grc' dir='ltr'>τὰ</span> <span class='ocrx_word' id='word_1_101' title='bbox 1199 1623 1429 1696; x_wconf 80' lang='grc' dir='ltr'><strong>ζώπυρα</strong></span> <span class='ocrx_word' id='word_1_102' title='bbox 1451 1627 1551 1697; x_wconf 80' lang='grc' dir='ltr'>τῆς</span> <span class='ocrx_word' id='word_1_103' title='bbox 1582 1626 1817 1697; x_wconf 76' lang='grc' dir='ltr'>ἀληθοῦς</span> 
     </span>
    </p>
   </div>
   <div class='ocr_carea' id='block_1_18' title="bbox 224 1712 1816 1790">
    <p class='ocr_par' dir='ltr' id='par_1_18' title="bbox 224 1712 1816 1790">
     <span class='ocr_line' id='line_1_18' title="bbox 224 1712 1816 1790; baseline 0.006 -27"><span class='ocrx_word' id='word_1_104' title='bbox 224 1712 496 1779; x_wconf 81' lang='grc' dir='ltr'>γνώσεως</span> <span class='ocrx_word' id='word_1_105' title='bbox 542 1714 1101 1785; x_wconf 86' lang='grc' dir='ltr'>ἐγκατασπειράντων</span> <span class='ocrx_word' id='word_1_106' title='bbox 1133 1714 1453 1788; x_wconf 86' lang='grc' dir='ltr'>μαθήματα,</span> <span class='ocrx_word' id='word_1_107' title='bbox 1492 1718 1568 1781; x_wconf 89' lang='grc' dir='ltr'><strong>ώς</strong></span> <span class='ocrx_word' id='word_1_108' title='bbox 1601 1718 1675 1790; x_wconf 74' lang='grc' dir='ltr'>μὴ</span> <span class='ocrx_word' id='word_1_109' title='bbox 1715 1721 1816 1790; x_wconf 76' lang='grc' dir='ltr'><strong>ρᾳ-</strong></span> 
     </span>
    </p>
   </div>
   <div class='ocr_carea' id='block_1_19' title="bbox 1921 612 2915 684">
    <p class='ocr_par' dir='ltr' id='par_1_19' title="bbox 1921 612 2915 684">
     <span class='ocr_line' id='line_1_19' title="bbox 1921 612 2915 684; baseline 0.002 -16"><span class='ocrx_word' id='word_1_110' title='bbox 1921 612 1989 668; x_wconf 86' lang='lat' dir='ltr'><strong>de</strong></span> <span class='ocrx_word' id='word_1_111' title='bbox 2017 613 2342 683; x_wconf 77' lang='lat' dir='ltr'><strong>imaginibus</strong></span> <span class='ocrx_word' id='word_1_112' title='bbox 2375 616 2748 669; x_wconf 89' lang='lat' dir='ltr'><strong>commeminit</strong></span> <span class='ocrx_word' id='word_1_113' title='bbox 2773 616 2915 684; x_wconf 80' lang='lat'><strong>(6&#39;5).</strong></span> 
     </span>
    </p>
   </div>
   <div class='ocr_carea' id='block_1_20' title="bbox 2649 706 2789 761">
    <p class='ocr_par' dir='ltr' id='par_1_20' title="bbox 2649 706 2789 761">
     <span class='ocr_line' id='line_1_20' title="bbox 2649 706 2789 761; baseline 0.021 -3"><span class='ocrx_word' id='word_1_114' title='bbox 2649 706 2789 761; x_wconf 78' lang='lat' dir='ltr'><strong>CXI.</strong></span> 
     </span>
    </p>
   </div>
   <div class='ocr_carea' id='block_1_21' title="bbox 2261 795 3162 867">
    <p class='ocr_par' dir='ltr' id='par_1_21' title="bbox 2261 795 3162 867">
     <span class='ocr_line' id='line_1_21' title="bbox 2261 795 3162 867; baseline 0.006 -18"><span class='ocrx_word' id='word_1_115' title='bbox 2261 795 2519 867; x_wconf 82' lang='lat' dir='ltr'><strong>Ejusdem</strong></span> <span class='ocrx_word' id='word_1_116' title='bbox 2560 797 2845 852; x_wconf 87' lang='lat' dir='ltr'><strong>Stromatei</strong></span> <span class='ocrx_word' id='word_1_117' title='bbox 2877 800 3004 853; x_wconf 81' lang='lat' dir='ltr'><strong>libri</strong></span> <span class='ocrx_word' id='word_1_118' title='bbox 3041 816 3162 856; x_wconf 84' lang='lat' dir='ltr'><strong>vm.</strong></span> 
     </span>
    </p>
   </div>
   <div class='ocr_carea' id='block_1_22' title="bbox 1991 887 3501 959">
    <p class='ocr_par' dir='ltr' id='par_1_22' title="bbox 1991 887 3501 959">
     <span class='ocr_line' id='line_1_22' title="bbox 1991 887 3501 959; baseline 0.001 -15"><span class='ocrx_word' id='word_1_119' title='bbox 1991 887 2327 944; x_wconf 85' lang='lat' dir='ltr'><strong>Slromaleon</strong></span> <span class='ocrx_word' id='word_1_120' title='bbox 2373 900 2550 943; x_wconf 84' lang='lat' dir='ltr'><strong>autem</strong></span> <span class='ocrx_word' id='word_1_121' title='bbox 2581 889 2699 943; x_wconf 86' lang='lat' dir='ltr'><strong>libri</strong></span> <span class='ocrx_word' id='word_1_122' title='bbox 2732 906 2948 959; x_wconf 91' lang='lat' dir='ltr'><strong>quoque</strong></span> <span class='ocrx_word' id='word_1_123' title='bbox 2978 900 3104 945; x_wconf 89' lang='lat' dir='ltr'><strong>octo</strong></span> <span class='ocrx_word' id='word_1_124' title='bbox 3134 901 3282 959; x_wconf 89' lang='lat' dir='ltr'><strong>sunt,</strong></span> <span class='ocrx_word' id='word_1_125' title='bbox 3304 894 3501 947; x_wconf 82' lang='lat' dir='ltr'><strong>adver-</strong></span> 
     </span>
    </p>
   </div>
   <div class='ocr_carea' id='block_1_23' title="bbox 1921 983 3499 1053">
    <p class='ocr_par' dir='ltr' id='par_1_23' title="bbox 1921 983 3499 1053">
     <span class='ocr_line' id='line_1_23' title="bbox 1921 983 3499 1053; baseline 0.003 -17"><span class='ocrx_word' id='word_1_126' title='bbox 1921 996 2015 1036; x_wconf 90' lang='lat' dir='ltr'><strong>sus</strong></span> <span class='ocrx_word' id='word_1_127' title='bbox 2066 996 2306 1051; x_wconf 76' lang='lat' dir='ltr'><strong>paganos</strong></span> <span class='ocrx_word' id='word_1_128' title='bbox 2345 992 2508 1050; x_wconf 89' lang='lat' dir='ltr'><strong>atque</strong></span> <span class='ocrx_word' id='word_1_129' title='bbox 2554 983 2785 1036; x_wconf 79' lang='lat' dir='ltr'><strong>haereses</strong></span> <span class='ocrx_word' id='word_1_130' title='bbox 2825 1000 3059 1053; x_wconf 81' lang='lat' dir='ltr'><strong>pugnam</strong></span> <span class='ocrx_word' id='word_1_131' title='bbox 3101 985 3445 1040; x_wconf 84' lang='lat' dir='ltr'><strong>instituentes</strong></span> <span class='ocrx_word' id='word_1_132' title='bbox 3481 1002 3499 1040; x_wconf 88' lang='lat'><strong>:</strong></span> 
     </span>
    </p>
   </div>
   <div class='ocr_carea' id='block_1_24' title="bbox 1923 1073 3504 1145">
    <p class='ocr_par' dir='ltr' id='par_1_24' title="bbox 1923 1073 3504 1145">
     <span class='ocr_line' id='line_1_24' title="bbox 1923 1073 3504 1145; baseline 0.001 -18"><span class='ocrx_word' id='word_1_133' title='bbox 1923 1074 1975 1127; x_wconf 94' lang='lat' dir='ltr'><strong>in</strong></span> <span class='ocrx_word' id='word_1_134' title='bbox 2011 1073 2204 1142; x_wconf 80' lang='lat' dir='ltr'><strong>quibus</strong></span> <span class='ocrx_word' id='word_1_135' title='bbox 2234 1074 2358 1127; x_wconf 90' lang='lat' dir='ltr'><strong>item</strong></span> <span class='ocrx_word' id='word_1_136' title='bbox 2384 1075 2640 1142; x_wconf 75' lang='lat' dir='ltr'><strong>sparsim,</strong></span> <span class='ocrx_word' id='word_1_137' title='bbox 2667 1084 2720 1128; x_wconf 91' lang='lat' dir='ltr'><strong>et</strong></span> <span class='ocrx_word' id='word_1_138' title='bbox 2757 1090 2861 1127; x_wconf 88' lang='lat' dir='ltr'><strong>non</strong></span> <span class='ocrx_word' id='word_1_139' title='bbox 2891 1076 3082 1129; x_wconf 88' lang='lat' dir='ltr'><strong>ordine</strong></span> <span class='ocrx_word' id='word_1_140' title='bbox 3107 1078 3282 1145; x_wconf 87' lang='lat' dir='ltr'><strong>capita</strong></span> <span class='ocrx_word' id='word_1_141' title='bbox 3311 1092 3504 1132; x_wconf 83' lang='lat' dir='ltr'><strong>recen-</strong></span> 
     </span>
    </p>
   </div>
   <div class='ocr_carea' id='block_1_25' title="bbox 1920 1170 3501 1238">
    <p class='ocr_par' dir='ltr' id='par_1_25' title="bbox 1920 1170 3501 1238">
     <span class='ocr_line' id='line_1_25' title="bbox 1920 1170 3501 1238; baseline 0.002 -13"><span class='ocrx_word' id='word_1_142' title='bbox 1920 1182 2133 1225; x_wconf 86' lang='lat' dir='ltr'><strong>sentur.</strong></span> <span class='ocrx_word' id='word_1_143' title='bbox 2179 1170 2345 1238; x_wconf 80' lang='lat' dir='ltr'><strong>Cujus</strong></span> <span class='ocrx_word' id='word_1_144' title='bbox 2379 1170 2531 1238; x_wconf 90' lang='lat' dir='ltr'><strong>quasi</strong></span> <span class='ocrx_word' id='word_1_145' title='bbox 2566 1172 2827 1224; x_wconf 88' lang='lat' dir='ltr'><strong>rationem</strong></span> <span class='ocrx_word' id='word_1_146' title='bbox 2883 1172 3111 1226; x_wconf 83' lang='lat' dir='ltr'><strong>reddere</strong></span> <span class='ocrx_word' id='word_1_147' title='bbox 3160 1173 3211 1226; x_wconf 93' lang='lat' dir='ltr'><strong>in</strong></span> <span class='ocrx_word' id='word_1_148' title='bbox 3252 1182 3501 1228; x_wconf 85' lang='lat' dir='ltr'><strong>extremo</strong></span> 
     </span>
    </p>
   </div>
   <div class='ocr_carea' id='block_1_26' title="bbox 1920 1261 3496 1331">
    <p class='ocr_par' dir='ltr' id='par_1_26' title="bbox 1920 1261 3496 1331">
     <span class='ocr_line' id='line_1_26' title="bbox 1920 1261 3496 1331; baseline 0 -14"><span class='ocrx_word' id='word_1_149' title='bbox 1920 1263 2059 1317; x_wconf 89' lang='lat' dir='ltr'><strong>libro</strong></span> <span class='ocrx_word' id='word_1_150' title='bbox 2091 1263 2321 1331; x_wconf 82' lang='lat' dir='ltr'><strong>septimo</strong></span> <span class='ocrx_word' id='word_1_151' title='bbox 2354 1262 2502 1315; x_wconf 85' lang='lat' dir='ltr'><strong>hisce</strong></span> <span class='ocrx_word' id='word_1_152' title='bbox 2529 1261 2640 1315; x_wconf 80' lang='lat' dir='ltr'><strong>fere</strong></span> <span class='ocrx_word' id='word_1_153' title='bbox 2667 1261 2843 1315; x_wconf 78' lang='lat' dir='ltr'><strong>verbis</strong></span> <span class='ocrx_word' id='word_1_154' title='bbox 2864 1263 3079 1315; x_wconf 81' lang='lat' dir='ltr'><strong>videtur</strong></span> <span class='ocrx_word' id='word_1_155' title='bbox 3110 1282 3123 1319; x_wconf 88' lang='lat'><strong>:</strong></span> <span class='ocrx_word' id='word_1_156' title='bbox 3158 1282 3177 1315; x_wconf 80' lang='grc' dir='ltr'><strong>ι</strong></span> <span class='ocrx_word' id='word_1_157' title='bbox 3226 1263 3348 1317; x_wconf 66' lang='lat' dir='ltr'><strong>Haec</strong></span> <span class='ocrx_word' id='word_1_158' title='bbox 3372 1280 3496 1317; x_wconf 90' lang='lat' dir='ltr'><strong>cum</strong></span> 
     </span>
    </p>
   </div>
   <div class='ocr_carea' id='block_1_27' title="bbox 1921 1344 3537 1423">
    <p class='ocr_par' dir='ltr' id='par_1_27' title="bbox 1921 1344 3537 1423">
     <span class='ocr_line' id='line_1_27' title="bbox 1921 1344 3537 1423; baseline -0.001 -14"><span class='ocrx_word' id='word_1_159' title='bbox 1921 1371 1951 1409; x_wconf 89' lang='lat' dir='ltr'><strong>a</strong></span> <span class='ocrx_word' id='word_1_160' title='bbox 1986 1354 2143 1409; x_wconf 90' lang='lat' dir='ltr'><strong>nobis</strong></span> <span class='ocrx_word' id='word_1_161' title='bbox 2182 1355 2288 1423; x_wconf 84' lang='lat' dir='ltr'><strong>jam</strong></span> <span class='ocrx_word' id='word_1_162' title='bbox 2328 1361 2486 1407; x_wconf 87' lang='lat' dir='ltr'><strong>antea</strong></span> <span class='ocrx_word' id='word_1_163' title='bbox 2527 1360 2852 1422; x_wconf 82' lang='lat' dir='ltr'><strong>pertractata</strong></span> <span class='ocrx_word' id='word_1_164' title='bbox 2885 1355 3013 1417; x_wconf 88' lang='lat' dir='ltr'><strong>sint,</strong></span> <span class='ocrx_word' id='word_1_165' title='bbox 3062 1362 3117 1405; x_wconf 89' lang='lat' dir='ltr'><strong>et</strong></span> <span class='ocrx_word' id='word_1_166' title='bbox 3151 1369 3361 1407; x_wconf 89' lang='lat' dir='ltr'><strong>morum</strong></span> <span class='ocrx_word' id='word_1_167' title='bbox 3406 1354 3497 1407; x_wconf 86' lang='lat' dir='ltr'><strong>illa</strong></span> <span class='ocrx_word' id='word_1_168' title='bbox 3536 1344 3537 1347; x_wconf 5' lang='lat' dir='ltr'><strong>I</strong></span> 
     </span>
    </p>
   </div>
   <div class='ocr_carea' id='block_1_28' title="bbox 1919 1444 3499 1514">
    <p class='ocr_par' dir='ltr' id='par_1_28' title="bbox 1919 1444 3499 1514">
     <span class='ocr_line' id='line_1_28' title="bbox 1919 1444 3499 1514; baseline -0.003 -13"><span class='ocrx_word' id='word_1_169' title='bbox 1919 1447 2106 1501; x_wconf 85' lang='lat' dir='ltr'><strong>rudior</strong></span> <span class='ocrx_word' id='word_1_170' title='bbox 2152 1444 2381 1499; x_wconf 81' lang='lat' dir='ltr'><strong>formula</strong></span> <span class='ocrx_word' id='word_1_171' title='bbox 2425 1460 2521 1514; x_wconf 84' lang='lat' dir='ltr'><strong>per</strong></span> <span class='ocrx_word' id='word_1_172' title='bbox 2545 1460 2753 1499; x_wconf 89' lang='lat' dir='ltr'><strong>smnma</strong></span> <span class='ocrx_word' id='word_1_173' title='bbox 2786 1444 2933 1498; x_wconf 82' lang='lat' dir='ltr'><strong>velut</strong></span> <span class='ocrx_word' id='word_1_174' title='bbox 2982 1446 3181 1511; x_wconf 83' lang='lat' dir='ltr'><strong>capita,</strong></span> <span class='ocrx_word' id='word_1_175' title='bbox 3236 1456 3499 1508; x_wconf 86' lang='lat' dir='ltr'><strong>quantum</strong></span> 
     </span>
    </p>
   </div>
   <div class='ocr_carea' id='block_1_29' title="bbox 1918 1534 3498 1606">
    <p class='ocr_par' dir='ltr' id='par_1_29' title="bbox 1918 1534 3498 1606">
     <span class='ocr_line' id='line_1_29' title="bbox 1918 1534 3498 1606; baseline -0.001 -16"><span class='ocrx_word' id='word_1_176' title='bbox 1918 1536 2143 1606; x_wconf 86' lang='lat' dir='ltr'><strong>polliciti</strong></span> <span class='ocrx_word' id='word_1_177' title='bbox 2177 1550 2385 1600; x_wconf 85' lang='lat' dir='ltr'><strong>sumus,</strong></span> <span class='ocrx_word' id='word_1_178' title='bbox 2413 1534 2640 1604; x_wconf 84' lang='lat' dir='ltr'><strong>Sparsim</strong></span> <span class='ocrx_word' id='word_1_179' title='bbox 2670 1534 2939 1601; x_wconf 89' lang='lat' dir='ltr'><strong>descripta</strong></span> <span class='ocrx_word' id='word_1_180' title='bbox 2969 1551 2983 1587; x_wconf 88' lang='lat'><strong>:</strong></span> <span class='ocrx_word' id='word_1_181' title='bbox 3023 1534 3111 1597; x_wconf 90' lang='lat' dir='ltr'><strong>iis,</strong></span> <span class='ocrx_word' id='word_1_182' title='bbox 3144 1549 3263 1603; x_wconf 77' lang='lat' dir='ltr'><strong>quae</strong></span> <span class='ocrx_word' id='word_1_183' title='bbox 3295 1537 3360 1588; x_wconf 87' lang='lat' dir='ltr'><strong>ad</strong></span> <span class='ocrx_word' id='word_1_184' title='bbox 3399 1551 3498 1588; x_wconf 86' lang='lat' dir='ltr'><strong>ve-</strong></span> 
     </span>
    </p>
   </div>
   <div class='ocr_carea' id='block_1_30' title="bbox 1921 1625 3500 1696">
    <p class='ocr_par' dir='ltr' id='par_1_30' title="bbox 1921 1625 3500 1696">
     <span class='ocr_line' id='line_1_30' title="bbox 1921 1625 3500 1696; baseline 0 -16"><span class='ocrx_word' id='word_1_185' title='bbox 1921 1642 2035 1681; x_wconf 89' lang='lat' dir='ltr'><strong>ram</strong></span> <span class='ocrx_word' id='word_1_186' title='bbox 2072 1626 2316 1680; x_wconf 80' lang='lat' dir='ltr'><strong>escitant</strong></span> <span class='ocrx_word' id='word_1_187' title='bbox 2344 1625 2739 1696; x_wconf 88' lang='lat' dir='ltr'><strong>cognitionem,</strong></span> <span class='ocrx_word' id='word_1_188' title='bbox 2790 1627 3138 1695; x_wconf 83' lang='lat' dir='ltr'><strong>dogmatibus</strong></span> <span class='ocrx_word' id='word_1_189' title='bbox 3165 1626 3236 1679; x_wconf 89' lang='lat' dir='ltr'><strong>ita</strong></span> <span class='ocrx_word' id='word_1_190' title='bbox 3268 1626 3357 1679; x_wconf 84' lang='lat' dir='ltr'><strong>hic</strong></span> <span class='ocrx_word' id='word_1_191' title='bbox 3390 1627 3500 1681; x_wconf 91' lang='lat' dir='ltr'><strong>illic</strong></span> 
     </span>
    </p>
   </div>
   <div class='ocr_carea' id='block_1_31' title="bbox 1921 1713 3494 1784">
    <p class='ocr_par' dir='ltr' id='par_1_31' title="bbox 1921 1713 3494 1784">
     <span class='ocr_line' id='line_1_31' title="bbox 1921 1713 3494 1784; baseline -0.001 -15"><span class='ocrx_word' id='word_1_192' title='bbox 1921 1716 2204 1784; x_wconf 82' lang='lat' dir='ltr'><strong>inspersis,</strong></span> <span class='ocrx_word' id='word_1_193' title='bbox 2253 1726 2311 1769; x_wconf 89' lang='lat' dir='ltr'><strong>ut</strong></span> <span class='ocrx_word' id='word_1_194' title='bbox 2350 1730 2437 1769; x_wconf 87' lang='lat' dir='ltr'><strong>res</strong></span> <span class='ocrx_word' id='word_1_195' title='bbox 2470 1713 2586 1768; x_wconf 89' lang='lat' dir='ltr'><strong>illas</strong></span> <span class='ocrx_word' id='word_1_196' title='bbox 2614 1729 2800 1767; x_wconf 86' lang='lat' dir='ltr'><strong>sacras</strong></span> <span class='ocrx_word' id='word_1_197' title='bbox 2836 1724 3026 1767; x_wconf 88' lang='lat' dir='ltr'><strong>nactus</strong></span> <span class='ocrx_word' id='word_1_198' title='bbox 3073 1714 3363 1784; x_wconf 86' lang='lat' dir='ltr'><strong>quispiam,</strong></span> <span class='ocrx_word' id='word_1_199' title='bbox 3400 1715 3494 1783; x_wconf 87' lang='lat' dir='ltr'><strong>qui</strong></span> 
     </span>
    </p>
   </div>
   <div class='ocr_carea' id='block_1_32' title="bbox 222 1801 1817 1882">
    <p class='ocr_par' dir='ltr' id='par_1_32' title="bbox 222 1801 1817 1882">
     <span class='ocr_line' id='line_1_32' title="bbox 222 1801 1817 1882; baseline 0.005 -25"><span class='ocrx_word' id='word_1_200' title='bbox 222 1806 346 1858; x_wconf 76' lang='grc' dir='ltr'>δίαν</span> <span class='ocrx_word' id='word_1_201' title='bbox 393 1801 539 1859; x_wconf 77' lang='grc' dir='ltr'>εἶναι</span> <span class='ocrx_word' id='word_1_202' title='bbox 578 1805 657 1876; x_wconf 84' lang='grc' dir='ltr'><strong>τῷ</strong></span> <span class='ocrx_word' id='word_1_203' title='bbox 707 1808 1059 1877; x_wconf 86' lang='grc' dir='ltr'>περιτυχόντι</span> <span class='ocrx_word' id='word_1_204' title='bbox 1106 1808 1217 1861; x_wconf 83' lang='grc' dir='ltr'>τῶν</span> <span class='ocrx_word' id='word_1_205' title='bbox 1256 1811 1523 1880; x_wconf 85' lang='grc' dir='ltr'>ἀμυήτων</span> <span class='ocrx_word' id='word_1_206' title='bbox 1561 1814 1662 1882; x_wconf 82' lang='grc' dir='ltr'>τὴν</span> <span class='ocrx_word' id='word_1_207' title='bbox 1707 1811 1817 1865; x_wconf 85' lang='grc' dir='ltr'><strong>τῶν</strong></span> 
     </span>
    </p>
   </div>
   <div class='ocr_carea' id='block_1_33' title="bbox 1918 1801 3488 1882">
    <p class='ocr_par' dir='ltr' id='par_1_33' title="bbox 1920 1806 3488 1878">
     <span class='ocr_line' id='line_1_33' title="bbox 1920 1806 3488 1878; baseline -0.003 -16"><span class='ocrx_word' id='word_1_208' title='bbox 1920 1809 2195 1878; x_wconf 87' lang='lat' dir='ltr'><strong>mysteriis</strong></span> <span class='ocrx_word' id='word_1_209' title='bbox 2224 1807 2422 1862; x_wconf 88' lang='lat' dir='ltr'><strong>nostris</strong></span> <span class='ocrx_word' id='word_1_210' title='bbox 2456 1806 2701 1861; x_wconf 81' lang='lat' dir='ltr'><strong>initiatus</strong></span> <span class='ocrx_word' id='word_1_211' title='bbox 2736 1821 2841 1859; x_wconf 92' lang='lat' dir='ltr'><strong>non</strong></span> <span class='ocrx_word' id='word_1_212' title='bbox 2875 1806 2967 1868; x_wconf 85' lang='lat' dir='ltr'><strong>sit,</strong></span> <span class='ocrx_word' id='word_1_213' title='bbox 2994 1806 3135 1860; x_wconf 84' lang='lat' dir='ltr'><strong>haud</strong></span> <span class='ocrx_word' id='word_1_214' title='bbox 3162 1806 3322 1860; x_wconf 76' lang='lat' dir='ltr'><strong>facile</strong></span> <span class='ocrx_word' id='word_1_215' title='bbox 3342 1821 3488 1859; x_wconf 86' lang='lat' dir='ltr'><strong>com-</strong></span> 
     </span>
    </p>
   </div>
   <div class='ocr_carea' id='block_1_34' title="bbox 223 1876 1817 1975">
    <p class='ocr_par' dir='ltr' id='par_1_34' title="bbox 223 1876 1816 1975">
     <span class='ocr_line' id='line_1_34' title="bbox 223 1876 1816 1975; baseline -0.004 -25"><span class='ocrx_word' id='word_1_216' title='bbox 223 1898 401 1965; x_wconf 83' lang='grc' dir='ltr'>ἁγίων</span> <span class='ocrx_word' id='word_1_217' title='bbox 440 1897 685 1969; x_wconf 74' lang='grc' dir='ltr'>εὕρεσιν,</span> <span class='ocrx_word' id='word_1_218' title='bbox 703 1912 722 1949; x_wconf 78' lang='grc' dir='ltr'><strong>ι</strong></span> <span class='ocrx_word' id='word_1_219' title='bbox 750 1899 843 1951; x_wconf 76' lang='grc' dir='ltr'><strong>καὶ</strong></span> <span class='ocrx_word' id='word_1_220' title='bbox 869 1876 998 1968; x_wconf 75' lang='grc' dir='ltr'>ἐξῆς</span> <span class='ocrx_word' id='word_1_221' title='bbox 1026 1898 1090 1953; x_wconf 85' lang='grc'><strong>¹⁷.</strong></span> <span class='ocrx_word' id='word_1_222' title='bbox 1133 1898 1195 1952; x_wconf 86' lang='grc' dir='ltr'><strong>Ἦ</strong></span> <span class='ocrx_word' id='word_1_223' title='bbox 1222 1876 1321 1971; x_wconf 79' lang='grc' dir='ltr'>μὲν</span> <span class='ocrx_word' id='word_1_224' title='bbox 1351 1876 1443 1954; x_wconf 77' lang='grc' dir='ltr'><strong>οῦν</strong></span> <span class='ocrx_word' id='word_1_225' title='bbox 1470 1902 1565 1954; x_wconf 88' lang='grc' dir='ltr'><strong>τοῦ</strong></span> <span class='ocrx_word' id='word_1_226' title='bbox 1594 1876 1639 1932; x_wconf 59' lang='grc' dir='ltr'><strong>¹δ</strong></span> <span class='ocrx_word' id='word_1_227' title='bbox 1669 1902 1816 1975; x_wconf 78' lang='grc' dir='ltr'>διεῤ-</span> 
     </span>
    </p>
   </div>
   <div class='ocr_carea' id='block_1_35' title="bbox 1918 1876 3500 1975">
    <p class='ocr_par' dir='ltr' id='par_1_35' title="bbox 1922 1876 3500 1970">
     <span class='ocr_line' id='line_1_35' title="bbox 1922 1876 3500 1970; baseline -0.003 -17"><span class='ocrx_word' id='word_1_228' title='bbox 1922 1876 2098 1970; x_wconf 80' lang='lat' dir='ltr'><strong>periat</strong></span> <span class='ocrx_word' id='word_1_229' title='bbox 2128 1898 2241 1970; x_wconf 64' lang='lat'><strong>(64)</strong></span> <span class='ocrx_word' id='word_1_230' title='bbox 2280 1917 2299 1950; x_wconf 76' lang='grc' dir='ltr'><strong>ι</strong></span> <span class='ocrx_word' id='word_1_231' title='bbox 2339 1907 2393 1953; x_wconf 88' lang='lat' dir='ltr'><strong>et</strong></span> <span class='ocrx_word' id='word_1_232' title='bbox 2426 1911 2546 1967; x_wconf 62' lang='lat' dir='ltr'><strong>quae</strong></span> <span class='ocrx_word' id='word_1_233' title='bbox 2568 1907 2893 1965; x_wconf 88' lang='lat' dir='ltr'><strong>sequuntur.</strong></span> <span class='ocrx_word' id='word_1_234' title='bbox 2928 1894 3054 1949; x_wconf 68' lang='lat' dir='ltr'><strong>Haec</strong></span> <span class='ocrx_word' id='word_1_235' title='bbox 3091 1895 3277 1964; x_wconf 81' lang='lat' dir='ltr'><strong>igitur,</strong></span> <span class='ocrx_word' id='word_1_236' title='bbox 3306 1895 3500 1962; x_wconf 86' lang='lat' dir='ltr'><strong>utipse</strong></span> 
     </span>
    </p>
   </div>
   <div class='ocr_carea' id='block_1_36' title="bbox 227 1989 1819 2065">
    <p class='ocr_par' dir='ltr' id='par_1_36' title="bbox 227 1989 1819 2065">
     <span class='ocr_line' id='line_1_36' title="bbox 227 1989 1819 2065; baseline 0.005 -25"><span class='ocrx_word' id='word_1_237' title='bbox 227 1989 524 2060; x_wconf 79' lang='grc' dir='ltr'>ριμμένως</span> <span class='ocrx_word' id='word_1_238' title='bbox 572 1990 715 2043; x_wconf 80' lang='grc' dir='ltr'>αὐτὰ</span> <span class='ocrx_word' id='word_1_239' title='bbox 773 1989 1078 2056; x_wconf 77' lang='grc' dir='ltr'>κατατάξαι</span> <span class='ocrx_word' id='word_1_240' title='bbox 1128 1992 1277 2064; x_wconf 82' lang='grc' dir='ltr'>αὐτῷ</span> <span class='ocrx_word' id='word_1_241' title='bbox 1341 1993 1489 2047; x_wconf 81' lang='grc' dir='ltr'>αίτία</span> <span class='ocrx_word' id='word_1_242' title='bbox 1534 1993 1696 2065; x_wconf 81' lang='grc' dir='ltr'>αῦτη,</span> <span class='ocrx_word' id='word_1_243' title='bbox 1742 1994 1819 2058; x_wconf 85' lang='grc' dir='ltr'>ὥς</span> 
     </span>
    </p>
   </div>
   <div class='ocr_carea' id='block_1_37' title="bbox 226 2077 1818 2159">
    <p class='ocr_par' dir='ltr' id='par_1_37' title="bbox 226 2077 1818 2159">
     <span class='ocr_line' id='line_1_37' title="bbox 226 2077 1818 2159; baseline 0.005 -26"><span class='ocrx_word' id='word_1_244' title='bbox 226 2099 387 2151; x_wconf 67' lang='grc' dir='ltr'>φησι,</span> <span class='ocrx_word' id='word_1_245' title='bbox 433 2082 686 2151; x_wconf 78' lang='grc' dir='ltr'>γέγονεν.</span> <span class='ocrx_word' id='word_1_246' title='bbox 732 2077 905 2155; x_wconf 76' lang='grc' dir='ltr'>Εὗρον</span> <span class='ocrx_word' id='word_1_247' title='bbox 938 2084 1125 2155; x_wconf 83' lang='grc' dir='ltr'>μέντοι</span> <span class='ocrx_word' id='word_1_248' title='bbox 1160 2101 1224 2153; x_wconf 90' lang='grc' dir='ltr'><strong>γε</strong></span> <span class='ocrx_word' id='word_1_249' title='bbox 1267 2083 1324 2138; x_wconf 78' lang='grc' dir='ltr'><strong>ἐν</strong></span> <span class='ocrx_word' id='word_1_250' title='bbox 1352 2102 1457 2139; x_wconf 92' lang='grc' dir='ltr'>τινι</span> <span class='ocrx_word' id='word_1_251' title='bbox 1490 2086 1702 2157; x_wconf 83' lang='grc' dir='ltr'>παλαιῷ</span> <span class='ocrx_word' id='word_1_252' title='bbox 1737 2087 1818 2159; x_wconf 85' lang='grc' dir='ltr'>βι-</span> 
     </span>
    </p>
   </div>
   <div class='ocr_carea' id='block_1_38' title="bbox 228 2172 1817 2248">
    <p class='ocr_par' dir='ltr' id='par_1_38' title="bbox 228 2172 1817 2248">
     <span class='ocr_line' id='line_1_38' title="bbox 228 2172 1817 2248; baseline 0.004 -24"><span class='ocrx_word' id='word_1_253' title='bbox 228 2172 363 2244; x_wconf 74' lang='grc' dir='ltr'>ὗλίῳ</span> <span class='ocrx_word' id='word_1_254' title='bbox 388 2172 493 2245; x_wconf 78' lang='grc' dir='ltr'>τὴν</span> <span class='ocrx_word' id='word_1_255' title='bbox 511 2173 682 2244; x_wconf 83' lang='grc' dir='ltr'>αὐτὴν</span> <span class='ocrx_word' id='word_1_256' title='bbox 699 2173 1093 2245; x_wconf 72' lang='grc' dir='ltr'>πραγματείαν</span> <span class='ocrx_word' id='word_1_257' title='bbox 1116 2175 1235 2245; x_wconf 69' lang='grc' dir='ltr'><strong>οὐχ).</strong></span> <span class='ocrx_word' id='word_1_258' title='bbox 1252 2177 1617 2246; x_wconf 80' lang='grc' dir='ltr'>Στρωματεῖς</span> <span class='ocrx_word' id='word_1_259' title='bbox 1659 2178 1817 2248; x_wconf 88' lang='grc' dir='ltr'>μόνον</span> 
     </span>
    </p>
   </div>
   <div class='ocr_carea' id='block_1_39' title="bbox 228 2264 1817 2338">
    <p class='ocr_par' dir='ltr' id='par_1_39' title="bbox 228 2264 1817 2338">
     <span class='ocr_line' id='line_1_39' title="bbox 228 2264 1817 2338; baseline 0.004 -22"><span class='ocrx_word' id='word_1_260' title='bbox 228 2264 707 2337; x_wconf 72' lang='grc' dir='ltr'>ἐπιγραφομένην,</span> <span class='ocrx_word' id='word_1_261' title='bbox 739 2265 856 2319; x_wconf 76' lang='grc' dir='ltr'>ἀλλ’</span> <span class='ocrx_word' id='word_1_262' title='bbox 887 2267 1197 2338; x_wconf 81' lang='grc' dir='ltr'>ὁλοκλήρως</span> <span class='ocrx_word' id='word_1_263' title='bbox 1219 2266 1412 2334; x_wconf 75' lang='grc' dir='ltr'>οὕτως,</span> <span class='ocrx_word' id='word_1_264' title='bbox 1460 2268 1633 2323; x_wconf 86' lang='grc' dir='ltr'><strong>Τιτοῦ</strong></span> <span class='ocrx_word' id='word_1_265' title='bbox 1662 2273 1817 2323; x_wconf 76' lang='grc' dir='ltr'>Φλαο</span> 
     </span>
    </p>
   </div>
   <div class='ocr_carea' id='block_1_40' title="bbox 231 2356 1807 2429">
    <p class='ocr_par' dir='ltr' id='par_1_40' title="bbox 231 2356 1807 2429">
     <span class='ocr_line' id='line_1_40' title="bbox 231 2356 1807 2429; baseline 0.001 -18"><span class='ocrx_word' id='word_1_266' title='bbox 231 2358 367 2411; x_wconf 75' lang='grc' dir='ltr'>είου</span> <span class='ocrx_word' id='word_1_267' title='bbox 394 2357 436 2389; x_wconf 68' lang='grc' dir='ltr'><strong>ι’</strong></span> <span class='ocrx_word' id='word_1_268' title='bbox 485 2356 839 2426; x_wconf 76' lang='grc' dir='ltr'>Κλήμεντος</span> <span class='ocrx_word' id='word_1_269' title='bbox 882 2360 1291 2427; x_wconf 78' lang='grc' dir='ltr'>πρεσϐυτέρου</span> <span class='ocrx_word' id='word_1_270' title='bbox 1335 2359 1807 2429; x_wconf 78' lang='grc' dir='ltr'>Ἀλεξανδρείας,</span> 
     </span>
    </p>
   </div>
   <div class='ocr_carea' id='block_1_41' title="bbox 228 2449 1816 2521">
    <p class='ocr_par' dir='ltr' id='par_1_41' title="bbox 228 2449 1816 2521">
     <span class='ocr_line' id='line_1_41' title="bbox 228 2449 1816 2521; baseline 0.003 -18"><span class='ocrx_word' id='word_1_271' title='bbox 228 2449 349 2503; x_wconf 84' lang='grc' dir='ltr'><strong>τῶν</strong></span> <span class='ocrx_word' id='word_1_272' title='bbox 394 2450 553 2504; x_wconf 80' lang='grc' dir='ltr'>κατὰ</span> <span class='ocrx_word' id='word_1_273' title='bbox 608 2451 725 2518; x_wconf 81' lang='grc' dir='ltr'><strong>τὴν</strong></span> <span class='ocrx_word' id='word_1_274' title='bbox 774 2451 977 2520; x_wconf 81' lang='grc' dir='ltr'>ἀληθῆ</span> <span class='ocrx_word' id='word_1_275' title='bbox 1032 2452 1409 2521; x_wconf 72' lang='grc' dir='ltr'>φιλοσοφίαν</span> <span class='ocrx_word' id='word_1_276' title='bbox 1464 2453 1816 2521; x_wconf 75' lang='grc' dir='ltr'>γνωστικῶν</span> 
     </span>
    </p>
   </div>
   <div class='ocr_carea' id='block_1_42' title="bbox 226 2540 1815 2613">
    <p class='ocr_par' dir='ltr' id='par_1_42' title="bbox 226 2540 1815 2613">
     <span class='ocr_line' id='line_1_42' title="bbox 226 2540 1815 2613; baseline 0.007 -19"><span class='ocrx_word' id='word_1_277' title='bbox 226 2540 682 2611; x_wconf 75' lang='grc' dir='ltr'>ὑπομνημάτων</span> <span class='ocrx_word' id='word_1_278' title='bbox 706 2541 1103 2612; x_wconf 83' lang='grc' dir='ltr'>Στρωματέων</span> <span class='ocrx_word' id='word_1_279' title='bbox 1126 2549 1199 2609; x_wconf 90' lang='lat' dir='ltr'><strong>a&#39;,</strong></span> <span class='ocrx_word' id='word_1_280' title='bbox 1228 2542 1311 2607; x_wconf 76' lang='grc' dir='ltr'>β’,</span> <span class='ocrx_word' id='word_1_281' title='bbox 1346 2543 1414 2613; x_wconf 65' lang='lat'><strong>7’,</strong></span> <span class='ocrx_word' id='word_1_282' title='bbox 1448 2542 1517 2609; x_wconf 83' lang='grc' dir='ltr'>δ’,</span> <span class='ocrx_word' id='word_1_283' title='bbox 1550 2544 1615 2610; x_wconf 89' lang='grc' dir='ltr'><strong>ε’,</strong></span> <span class='ocrx_word' id='word_1_284' title='bbox 1640 2550 1714 2610; x_wconf 85' lang='grc' dir='ltr'>ς’,</span> <span class='ocrx_word' id='word_1_285' title='bbox 1738 2543 1815 2613; x_wconf 79' lang='grc' dir='ltr'><strong>ζ’,</strong></span> 
     </span>
    </p>
   </div>
   <div class='ocr_carea' id='block_1_43' title="bbox 230 2633 1817 2710">
    <p class='ocr_par' dir='ltr' id='par_1_43' title="bbox 230 2633 1817 2710">
     <span class='ocr_line' id='line_1_43' title="bbox 230 2633 1817 2710; baseline 0.002 -21"><span class='ocrx_word' id='word_1_286' title='bbox 230 2636 327 2689; x_wconf 74' lang='grc' dir='ltr'><strong>καὶ</strong></span> <span class='ocrx_word' id='word_1_287' title='bbox 352 2633 431 2703; x_wconf 84' lang='grc' dir='ltr'><strong>η’.</strong></span> <span class='ocrx_word' id='word_1_288' title='bbox 468 2634 613 2688; x_wconf 83' lang='grc' dir='ltr'>Ἀλλ’</span> <span class='ocrx_word' id='word_1_289' title='bbox 646 2636 675 2688; x_wconf 88' lang='grc' dir='ltr'><strong>ὁ</strong></span> <span class='ocrx_word' id='word_1_290' title='bbox 714 2636 813 2705; x_wconf 83' lang='grc' dir='ltr'>μὲν</span> <span class='ocrx_word' id='word_1_291' title='bbox 839 2636 1057 2705; x_wconf 83' lang='grc' dir='ltr'>πρῶτος</span> <span class='ocrx_word' id='word_1_292' title='bbox 1092 2637 1140 2667; x_wconf 85' lang='grc'><strong>²⁰</strong></span> <span class='ocrx_word' id='word_1_293' title='bbox 1172 2638 1330 2708; x_wconf 86' lang='grc' dir='ltr'>μέχρι</span> <span class='ocrx_word' id='word_1_294' title='bbox 1352 2636 1447 2690; x_wconf 91' lang='grc' dir='ltr'><strong>τοῦ</strong></span> <span class='ocrx_word' id='word_1_295' title='bbox 1472 2638 1697 2708; x_wconf 73' lang='grc' dir='ltr'>ἑϐδόμου</span> <span class='ocrx_word' id='word_1_296' title='bbox 1717 2640 1817 2710; x_wconf 84' lang='grc' dir='ltr'>τὴν</span> 
     </span>
    </p>
   </div>
   <div class='ocr_carea' id='block_1_44' title="bbox 224 2728 1818 2801">
    <p class='ocr_par' dir='ltr' id='par_1_44' title="bbox 224 2728 1818 2801">
     <span class='ocr_line' id='line_1_44' title="bbox 224 2728 1818 2801; baseline 0.002 -19"><span class='ocrx_word' id='word_1_297' title='bbox 224 2729 400 2799; x_wconf 67' lang='grc' dir='ltr'>αὐτὴν</span> <span class='ocrx_word' id='word_1_298' title='bbox 426 2728 644 2799; x_wconf 78' lang='grc' dir='ltr'>ἔχουσιν</span> <span class='ocrx_word' id='word_1_299' title='bbox 681 2728 994 2799; x_wconf 75' lang='grc' dir='ltr'>ἐπιγραφὴν</span> <span class='ocrx_word' id='word_1_300' title='bbox 1028 2728 1125 2781; x_wconf 70' lang='grc' dir='ltr'>καὶ</span> <span class='ocrx_word' id='word_1_301' title='bbox 1153 2730 1341 2783; x_wconf 85' lang='grc' dir='ltr'>ἐνιαῖοι</span> <span class='ocrx_word' id='word_1_302' title='bbox 1369 2732 1731 2801; x_wconf 82' lang='grc' dir='ltr'>τυγχάνουσιν</span> <span class='ocrx_word' id='word_1_303' title='bbox 1759 2734 1818 2785; x_wconf 87' lang='grc' dir='ltr'><strong>ὲν</strong></span> 
     </span>
    </p>
   </div>
   <div class='ocr_carea' id='block_1_45' title="bbox 228 2820 1819 2896">
    <p class='ocr_par' dir='ltr' id='par_1_45' title="bbox 228 2820 1819 2896">
     <span class='ocr_line' id='line_1_45' title="bbox 228 2820 1819 2896; baseline 0.003 -21"><span class='ocrx_word' id='word_1_304' title='bbox 228 2823 407 2875; x_wconf 85' lang='grc' dir='ltr'>ᾶπασι</span> <span class='ocrx_word' id='word_1_305' title='bbox 452 2825 569 2884; x_wconf 87' lang='grc' dir='ltr'>τοῖς</span> <span class='ocrx_word' id='word_1_306' title='bbox 611 2820 839 2891; x_wconf 78' lang='grc' dir='ltr'>βιϐλίοις</span> <span class='ocrx_word' id='word_1_307' title='bbox 870 2836 887 2853; x_wconf 80' lang='grc'><em>’</em></span> <span class='ocrx_word' id='word_1_308' title='bbox 929 2823 957 2874; x_wconf 85' lang='grc' dir='ltr'><strong>ό</strong></span> <span class='ocrx_word' id='word_1_309' title='bbox 1006 2820 1190 2891; x_wconf 78' lang='grc' dir='ltr'>μέντοι</span> <span class='ocrx_word' id='word_1_310' title='bbox 1238 2821 1423 2891; x_wconf 75' lang='grc' dir='ltr'>ὄγδοος</span> <span class='ocrx_word' id='word_1_311' title='bbox 1464 2823 1719 2896; x_wconf 80' lang='grc' dir='ltr'>διάφορός</span> <span class='ocrx_word' id='word_1_312' title='bbox 1756 2825 1819 2879; x_wconf 78' lang='grc' dir='ltr'><strong>τέ</strong></span> 
     </span>
    </p>
   </div>
   <div class='ocr_carea' id='block_1_46' title="bbox 226 2912 1817 2988">
    <p class='ocr_par' dir='ltr' id='par_1_46' title="bbox 226 2912 1817 2988">
     <span class='ocr_line' id='line_1_46' title="bbox 226 2912 1817 2988; baseline 0.004 -22"><span class='ocrx_word' id='word_1_313' title='bbox 226 2916 350 2966; x_wconf 82' lang='grc' dir='ltr'>ἐστι</span> <span class='ocrx_word' id='word_1_314' title='bbox 393 2915 492 2966; x_wconf 78' lang='grc' dir='ltr'><strong>καὶ</strong></span> <span class='ocrx_word' id='word_1_315' title='bbox 532 2915 599 2984; x_wconf 77' lang='grc' dir='ltr'>τῇ</span> <span class='ocrx_word' id='word_1_316' title='bbox 634 2914 919 2983; x_wconf 77' lang='grc' dir='ltr'>ἐπιγραφῇ</span> <span class='ocrx_word' id='word_1_317' title='bbox 944 2914 1037 2967; x_wconf 72' lang='grc' dir='ltr'>καὶ</span> <span class='ocrx_word' id='word_1_318' title='bbox 1074 2912 1152 2983; x_wconf 79' lang='grc' dir='ltr'>τῷ</span> <span class='ocrx_word' id='word_1_319' title='bbox 1183 2913 1390 2983; x_wconf 72' lang='grc' dir='ltr'>ἐδάφει.</span> <span class='ocrx_word' id='word_1_320' title='bbox 1438 2915 1527 2969; x_wconf 88' lang='grc' dir='ltr'><strong>Ἐν</strong></span> <span class='ocrx_word' id='word_1_321' title='bbox 1564 2917 1676 2969; x_wconf 75' lang='grc' dir='ltr'>τισὶ</span> <span class='ocrx_word' id='word_1_322' title='bbox 1718 2916 1817 2988; x_wconf 79' lang='grc' dir='ltr'>μὲν</span> 
     </span>
    </p>
   </div>
   <div class='ocr_carea' id='block_1_47' title="bbox 226 3002 1814 3077">
    <p class='ocr_par' dir='ltr' id='par_1_47' title="bbox 226 3002 1814 3077">
     <span class='ocr_line' id='line_1_47' title="bbox 226 3002 1814 3077; baseline 0.002 -19"><span class='ocrx_word' id='word_1_323' title='bbox 226 3007 361 3077; x_wconf 80' lang='grc' dir='ltr'>γάρ’</span> <span class='ocrx_word' id='word_1_324' title='bbox 407 3007 508 3072; x_wconf 85' lang='grc' dir='ltr'>Τίς</span> <span class='ocrx_word' id='word_1_325' title='bbox 544 3007 578 3059; x_wconf 78' lang='grc' dir='ltr'><strong>ό</strong></span> <span class='ocrx_word' id='word_1_326' title='bbox 600 3002 934 3074; x_wconf 77' lang='grc' dir='ltr'>σωζόμενος</span> <span class='ocrx_word' id='word_1_327' title='bbox 974 3007 1276 3070; x_wconf 84' lang='grc' dir='ltr'>πλούσιος</span> <span class='ocrx_word' id='word_1_328' title='bbox 1303 3006 1690 3077; x_wconf 76' lang='grc' dir='ltr'>ἐπιγράφεται,</span> <span class='ocrx_word' id='word_1_329' title='bbox 1718 3006 1814 3061; x_wconf 71' lang='grc' dir='ltr'><strong>καὶ</strong></span> 
     </span>
    </p>
   </div>
   <div class='ocr_carea' id='block_1_48' title="bbox 227 3096 1816 3168">
    <p class='ocr_par' dir='ltr' id='par_1_48' title="bbox 227 3096 1816 3168">
     <span class='ocr_line' id='line_1_48' title="bbox 227 3096 1816 3168; baseline 0.001 -18"><span class='ocrx_word' id='word_1_330' title='bbox 227 3098 463 3168; x_wconf 72' lang='grc' dir='ltr'>ἄρχεται</span> <span class='ocrx_word' id='word_1_331' title='bbox 514 3096 726 3160; x_wconf 76' lang='grc' dir='ltr'>οὕτως·</span> <span class='ocrx_word' id='word_1_332' title='bbox 762 3096 855 3149; x_wconf 73' lang='grc' dir='ltr'>«οί</span> <span class='ocrx_word' id='word_1_333' title='bbox 896 3096 995 3164; x_wconf 82' lang='grc' dir='ltr'><strong>μὲν</strong></span> <span class='ocrx_word' id='word_1_334' title='bbox 1029 3098 1155 3159; x_wconf 83' lang='grc' dir='ltr'>τοὺς</span> <span class='ocrx_word' id='word_1_335' title='bbox 1201 3099 1675 3168; x_wconf 78' lang='grc' dir='ltr'>ὲγκωμιαστικοὺς</span> <span class='ocrx_word' id='word_1_336' title='bbox 1723 3097 1816 3152; x_wconf 78' lang='grc' dir='ltr'><strong>λό⁴</strong></span> 
     </span>
    </p>
   </div>
   <div class='ocr_carea' id='block_1_49' title="bbox 228 3189 1883 3285">
    <p class='ocr_par' dir='ltr' id='par_1_49' title="bbox 228 3189 1883 3285">
     <span class='ocr_line' id='line_1_49' title="bbox 228 3189 1883 3285; baseline 0.003 -43"><span class='ocrx_word' id='word_1_337' title='bbox 228 3207 417 3285; x_wconf 62' lang='lat'><strong>709;,»</strong></span> <span class='ocrx_word' id='word_1_338' title='bbox 445 3190 541 3285; x_wconf 69' lang='lat' dir='ltr'><strong>xui.</strong></span> <span class='ocrx_word' id='word_1_339' title='bbox 558 3189 783 3285; x_wconf 15' lang='grc' dir='ltr'>ἐξᾲῆςο-ἐν</span> <span class='ocrx_word' id='word_1_340' title='bbox 800 3191 908 3285; x_wconf 73' lang='grc' dir='ltr'>τισὶ</span> <span class='ocrx_word' id='word_1_341' title='bbox 920 3191 976 3285; x_wconf 82' lang='grc' dir='ltr'>δὲ</span> <span class='ocrx_word' id='word_1_342' title='bbox 990 3193 1376 3285; x_wconf 83' lang='grc' dir='ltr'>Στρωματεὺς</span> <span class='ocrx_word' id='word_1_343' title='bbox 1399 3194 1611 3264; x_wconf 80' lang='grc' dir='ltr'>ὄγδοος</span> <span class='ocrx_word' id='word_1_344' title='bbox 1626 3194 1708 3249; x_wconf 84' lang='grc' dir='ltr'>ὥσ</span> <span class='ocrx_word' id='word_1_345' title='bbox 1717 3212 1815 3266; x_wconf 80' lang='grc' dir='ltr'><strong>περ</strong></span> <span class='ocrx_word' id='word_1_346' title='bbox 1840 3226 1883 3285; x_wconf 73' lang='lat' dir='ltr'><strong><em>C</em></strong></span> 
     </span>
    </p>
   </div>
   <div class='ocr_carea' id='block_1_50' title="bbox 230 3282 1809 3357">
    <p class='ocr_par' dir='ltr' id='par_1_50' title="bbox 230 3282 1809 3357">
     <span class='ocr_line' id='line_1_50' title="bbox 230 3282 1809 3357; baseline 0.004 -22"><span class='ocrx_word' id='word_1_347' title='bbox 230 3284 325 3336; x_wconf 71' lang='grc' dir='ltr'>καὶ</span> <span class='ocrx_word' id='word_1_348' title='bbox 354 3284 403 3335; x_wconf 78' lang='lat' dir='ltr'><strong>oi</strong></span> <span class='ocrx_word' id='word_1_349' title='bbox 432 3282 542 3353; x_wconf 81' lang='grc' dir='ltr'><strong>πρὸ</strong></span> <span class='ocrx_word' id='word_1_350' title='bbox 566 3283 731 3335; x_wconf 78' lang='grc' dir='ltr'>αὑτοῦ</span> <span class='ocrx_word' id='word_1_351' title='bbox 753 3283 916 3347; x_wconf 75' lang='grc' dir='ltr'>ἑπτά,</span> <span class='ocrx_word' id='word_1_352' title='bbox 942 3284 1332 3354; x_wconf 87' lang='grc' dir='ltr'>ἐπιγράφεται,</span> <span class='ocrx_word' id='word_1_353' title='bbox 1359 3286 1453 3340; x_wconf 77' lang='grc' dir='ltr'>καὶ</span> <span class='ocrx_word' id='word_1_354' title='bbox 1480 3287 1809 3357; x_wconf 84' lang='grc' dir='ltr'>άπάρχεται·</span> 
     </span>
    </p>
   </div>
   <div class='ocr_carea' id='block_1_51' title="bbox 235 3373 1809 3448">
    <p class='ocr_par' dir='ltr' id='par_1_51' title="bbox 235 3373 1809 3448">
     <span class='ocr_line' id='line_1_51' title="bbox 235 3373 1809 3448; baseline 0.005 -24"><span class='ocrx_word' id='word_1_355' title='bbox 235 3396 253 3424; x_wconf 76' lang='grc' dir='ltr'><strong>ι</strong></span> <span class='ocrx_word' id='word_1_356' title='bbox 278 3374 422 3427; x_wconf 75' lang='grc' dir='ltr'>Ἀλλ’</span> <span class='ocrx_word' id='word_1_357' title='bbox 453 3373 577 3428; x_wconf 82' lang='grc' dir='ltr'>οὐδὲ</span> <span class='ocrx_word' id='word_1_358' title='bbox 602 3375 651 3426; x_wconf 80' lang='lat' dir='ltr'><strong>oi</strong></span> <span class='ocrx_word' id='word_1_359' title='bbox 686 3373 1008 3428; x_wconf 85' lang='grc' dir='ltr'>παλαίτατοι</span> <span class='ocrx_word' id='word_1_360' title='bbox 1030 3376 1139 3428; x_wconf 82' lang='grc' dir='ltr'><strong>τῶν</strong></span> <span class='ocrx_word' id='word_1_361' title='bbox 1161 3375 1522 3445; x_wconf 75' lang='grc' dir='ltr'>φιλοσόφων,ι</span> <span class='ocrx_word' id='word_1_362' title='bbox 1548 3379 1644 3431; x_wconf 75' lang='grc' dir='ltr'><strong>καὶ</strong></span> <span class='ocrx_word' id='word_1_363' title='bbox 1661 3376 1809 3448; x_wconf 79' lang='grc' dir='ltr'>ἑξῆς.</span> 
     </span>
    </p>
   </div>
   <div class='ocr_carea' id='block_1_52' title="bbox 230 3465 1813 3540">
    <p class='ocr_par' dir='ltr' id='par_1_52' title="bbox 230 3465 1813 3540">
     <span class='ocr_line' id='line_1_52' title="bbox 230 3465 1813 3540; baseline 0.002 -21"><span class='ocrx_word' id='word_1_364' title='bbox 230 3466 382 3538; x_wconf 81' lang='grc' dir='ltr'>Δῦτη</span> <span class='ocrx_word' id='word_1_365' title='bbox 427 3466 487 3519; x_wconf 80' lang='grc' dir='ltr'>δὲ</span> <span class='ocrx_word' id='word_1_366' title='bbox 528 3468 562 3537; x_wconf 85' lang='grc' dir='ltr'><strong>ή</strong></span> <span class='ocrx_word' id='word_1_367' title='bbox 602 3466 712 3519; x_wconf 81' lang='grc' dir='ltr'>τῶν</span> <span class='ocrx_word' id='word_1_368' title='bbox 752 3465 1152 3536; x_wconf 84' lang='grc' dir='ltr'>Στρωματέων</span> <span class='ocrx_word' id='word_1_369' title='bbox 1199 3466 1380 3538; x_wconf 80' lang='grc' dir='ltr'>βίϐλος</span> <span class='ocrx_word' id='word_1_370' title='bbox 1432 3468 1649 3538; x_wconf 83' lang='grc' dir='ltr'>ἐνιαχοῦ</span> <span class='ocrx_word' id='word_1_371' title='bbox 1714 3469 1813 3540; x_wconf 85' lang='grc' dir='ltr'><strong>οὐχ</strong></span> 
     </span>
    </p>
   </div>
   <div class='ocr_carea' id='block_1_53' title="bbox 232 3556 1813 3631">
    <p class='ocr_par' dir='ltr' id='par_1_53' title="bbox 232 3556 1813 3631">
     <span class='ocr_line' id='line_1_53' title="bbox 232 3556 1813 3631; baseline 0.003 -20"><span class='ocrx_word' id='word_1_372' title='bbox 232 3558 403 3626; x_wconf 80' lang='grc' dir='ltr'>ὑγιῶς</span> <span class='ocrx_word' id='word_1_373' title='bbox 442 3557 824 3629; x_wconf 81' lang='grc' dir='ltr'>διαλαμϐάνει,</span> <span class='ocrx_word' id='word_1_374' title='bbox 849 3558 908 3611; x_wconf 82' lang='grc' dir='ltr'><strong>οὐ</strong></span> <span class='ocrx_word' id='word_1_375' title='bbox 947 3557 1130 3627; x_wconf 82' lang='grc' dir='ltr'>μέντοι</span> <span class='ocrx_word' id='word_1_376' title='bbox 1156 3575 1221 3628; x_wconf 89' lang='grc' dir='ltr'><strong>γε</strong></span> <span class='ocrx_word' id='word_1_377' title='bbox 1249 3556 1441 3631; x_wconf 83' lang='grc' dir='ltr'>ὥσπερ</span> <span class='ocrx_word' id='word_1_378' title='bbox 1466 3560 1522 3613; x_wconf 79' lang='grc' dir='ltr'>αἱ</span> <span class='ocrx_word' id='word_1_379' title='bbox 1558 3560 1813 3616; x_wconf 81' lang='grc' dir='ltr'>Ὑποτυ-</span> 
     </span>
    </p>
   </div>
   <div class='ocr_carea' id='block_1_54' title="bbox 233 3648 1810 3724">
    <p class='ocr_par' dir='ltr' id='par_1_54' title="bbox 233 3648 1810 3724">
     <span class='ocr_line' id='line_1_54' title="bbox 233 3648 1810 3724; baseline 0.004 -19"><span class='ocrx_word' id='word_1_380' title='bbox 233 3650 463 3717; x_wconf 76' lang='grc' dir='ltr'>πώσεις</span> <span class='ocrx_word' id='word_1_381' title='bbox 484 3692 500 3716; x_wconf 95' lang='grc'><strong>,</strong></span> <span class='ocrx_word' id='word_1_382' title='bbox 523 3650 662 3706; x_wconf 81' lang='grc' dir='ltr'>ἀλλὰ</span> <span class='ocrx_word' id='word_1_383' title='bbox 703 3650 798 3703; x_wconf 81' lang='grc' dir='ltr'><strong>καὶ</strong></span> <span class='ocrx_word' id='word_1_384' title='bbox 831 3648 969 3721; x_wconf 85' lang='grc' dir='ltr'>πρὸς</span> <span class='ocrx_word' id='word_1_385' title='bbox 994 3649 1165 3705; x_wconf 86' lang='grc' dir='ltr'>πολλὰ</span> <span class='ocrx_word' id='word_1_386' title='bbox 1191 3652 1300 3705; x_wconf 85' lang='grc' dir='ltr'>τῶν</span> <span class='ocrx_word' id='word_1_387' title='bbox 1328 3652 1447 3706; x_wconf 87' lang='grc' dir='ltr'>ἐκεῖ</span> <span class='ocrx_word' id='word_1_388' title='bbox 1465 3652 1810 3724; x_wconf 79' lang='grc' dir='ltr'>διαμάχεται.</span> 
     </span>
    </p>
   </div>
   <div class='ocr_carea' id='block_1_55' title="bbox 314 3743 1815 3818">
    <p class='ocr_par' dir='ltr' id='par_1_55' title="bbox 314 3743 1815 3818">
     <span class='ocr_line' id='line_1_55' title="bbox 314 3743 1815 3818; baseline 0.005 -22"><span class='ocrx_word' id='word_1_389' title='bbox 314 3743 750 3811; x_wconf 81' lang='grc' dir='ltr'>Ἑπαγγὲλλεται</span> <span class='ocrx_word' id='word_1_390' title='bbox 780 3743 839 3797; x_wconf 79' lang='grc' dir='ltr'>δὲ</span> <span class='ocrx_word' id='word_1_391' title='bbox 863 3745 958 3797; x_wconf 76' lang='grc' dir='ltr'>καὶ</span> <span class='ocrx_word' id='word_1_392' title='bbox 989 3743 1125 3797; x_wconf 81' lang='grc' dir='ltr'>ἄλλα</span> <span class='ocrx_word' id='word_1_393' title='bbox 1154 3745 1485 3815; x_wconf 80' lang='grc' dir='ltr'>πεποιῆσθαι</span> <span class='ocrx_word' id='word_1_394' title='bbox 1505 3746 1652 3818; x_wconf 80' lang='grc' dir='ltr'>αὐτῷ</span> <span class='ocrx_word' id='word_1_395' title='bbox 1687 3765 1815 3817; x_wconf 83' lang='grc' dir='ltr'>συγ-</span> 
     </span>
    </p>
   </div>
   <div class='ocr_carea' id='block_1_56' title="bbox 235 3833 1816 3910">
    <p class='ocr_par' dir='ltr' id='par_1_56' title="bbox 235 3833 1816 3910">
     <span class='ocr_line' id='line_1_56' title="bbox 235 3833 1816 3910; baseline 0.005 -25"><span class='ocrx_word' id='word_1_396' title='bbox 235 3834 541 3905; x_wconf 80' lang='grc' dir='ltr'>γράμματα</span> <span class='ocrx_word' id='word_1_397' title='bbox 580 3834 680 3887; x_wconf 83' lang='grc' dir='ltr'><strong>οὒκ</strong></span> <span class='ocrx_word' id='word_1_398' title='bbox 717 3833 895 3902; x_wconf 83' lang='grc' dir='ltr'>ὀλίγα,</span> <span class='ocrx_word' id='word_1_399' title='bbox 936 3834 1030 3888; x_wconf 85' lang='grc' dir='ltr'><strong>καί</strong></span> <span class='ocrx_word' id='word_1_400' title='bbox 1055 3851 1120 3905; x_wconf 89' lang='grc' dir='ltr'><strong>γε</strong></span> <span class='ocrx_word' id='word_1_401' title='bbox 1166 3836 1262 3891; x_wconf 74' lang='grc' dir='ltr'><strong>καὶ</strong></span> <span class='ocrx_word' id='word_1_402' title='bbox 1284 3836 1375 3907; x_wconf 84' lang='grc' dir='ltr'><strong>ὑφ’</strong></span> <span class='ocrx_word' id='word_1_403' title='bbox 1404 3838 1608 3910; x_wconf 85' lang='grc' dir='ltr'>ἐτέρων</span> <span class='ocrx_word' id='word_1_404' title='bbox 1632 3856 1816 3893; x_wconf 85' lang='grc' dir='ltr'>πεποι-</span> 
     </span>
    </p>
   </div>
   <div class='ocr_carea' id='block_1_57' title="bbox 234 3927 1813 4003">
    <p class='ocr_par' dir='ltr' id='par_1_57' title="bbox 234 3927 1813 4003">
     <span class='ocr_line' id='line_1_57' title="bbox 234 3927 1813 4003; baseline 0.004 -23"><span class='ocrx_word' id='word_1_405' title='bbox 234 3930 430 3997; x_wconf 78' lang='grc' dir='ltr'>ηκέναι</span> <span class='ocrx_word' id='word_1_406' title='bbox 457 3927 880 4000; x_wconf 77' lang='grc' dir='ltr'>μεμαρτύρηται</span> <span class='ocrx_word' id='word_1_407' title='bbox 910 3930 1048 3996; x_wconf 81' lang='grc' dir='ltr'>Περί</span> <span class='ocrx_word' id='word_1_408' title='bbox 1080 3947 1140 3982; x_wconf 89' lang='grc' dir='ltr'><strong>τε</strong></span> <span class='ocrx_word' id='word_1_409' title='bbox 1161 3930 1270 3985; x_wconf 89' lang='grc' dir='ltr'><strong>τοῦ</strong></span> <span class='ocrx_word' id='word_1_410' title='bbox 1308 3930 1525 4001; x_wconf 79' lang='grc' dir='ltr'>Πάσχα</span> <span class='ocrx_word' id='word_1_411' title='bbox 1554 3934 1646 3986; x_wconf 75' lang='grc' dir='ltr'><strong>καὶ</strong></span> <span class='ocrx_word' id='word_1_412' title='bbox 1671 3935 1813 4003; x_wconf 86' lang='grc' dir='ltr'>Περί</span> 
     </span>
    </p>
   </div>
   <div class='ocr_carea' id='block_1_58' title="bbox 233 4020 1814 4092">
    <p class='ocr_par' dir='ltr' id='par_1_58' title="bbox 233 4020 1814 4092">
     <span class='ocr_line' id='line_1_58' title="bbox 233 4020 1814 4092; baseline 0.004 -21"><span class='ocrx_word' id='word_1_413' title='bbox 233 4020 549 4085; x_wconf 75' lang='grc' dir='ltr'>νηστείας,</span> <span class='ocrx_word' id='word_1_414' title='bbox 581 4022 674 4071; x_wconf 73' lang='grc' dir='ltr'>καὶ</span> <span class='ocrx_word' id='word_1_415' title='bbox 698 4020 840 4087; x_wconf 82' lang='grc' dir='ltr'>Περί</span> <span class='ocrx_word' id='word_1_416' title='bbox 861 4023 1235 4092; x_wconf 80' lang='grc' dir='ltr'>κακολογίας,</span> <span class='ocrx_word' id='word_1_417' title='bbox 1257 4022 1394 4090; x_wconf 86' lang='grc' dir='ltr'>Περί</span> <span class='ocrx_word' id='word_1_418' title='bbox 1419 4027 1692 4077; x_wconf 82' lang='grc' dir='ltr'>κανόνων</span> <span class='ocrx_word' id='word_1_419' title='bbox 1713 4026 1814 4079; x_wconf 79' lang='grc' dir='ltr'><strong>ἐκ-</strong></span> 
     </span>
    </p>
   </div>
   <div class='ocr_carea' id='block_1_59' title="bbox 232 4110 1814 4185">
    <p class='ocr_par' dir='ltr' id='par_1_59' title="bbox 232 4110 1814 4185">
     <span class='ocr_line' id='line_1_59' title="bbox 232 4110 1814 4185; baseline 0.004 -21"><span class='ocrx_word' id='word_1_420' title='bbox 232 4110 692 4179; x_wconf 75' lang='grc' dir='ltr'>κλησιαστικῶν</span> <span class='ocrx_word' id='word_1_421' title='bbox 722 4114 874 4168; x_wconf 84' lang='grc' dir='ltr'>κατὰ</span> <span class='ocrx_word' id='word_1_422' title='bbox 903 4113 1021 4167; x_wconf 85' lang='grc' dir='ltr'>τῶν</span> <span class='ocrx_word' id='word_1_423' title='bbox 1058 4115 1552 4170; x_wconf 80' lang='grc' dir='ltr'>ἀκολουθούντων</span> <span class='ocrx_word' id='word_1_424' title='bbox 1588 4116 1664 4185; x_wconf 75' lang='grc' dir='ltr'>τῇ</span> <span class='ocrx_word' id='word_1_425' title='bbox 1698 4117 1814 4171; x_wconf 85' lang='grc' dir='ltr'>τῶν</span> 
     </span>
    </p>
   </div>
   <div class='ocr_carea' id='block_1_60' title="bbox 244 4202 1812 4279">
    <p class='ocr_par' dir='ltr' id='par_1_60' title="bbox 244 4202 1812 4279">
     <span class='ocr_line' id='line_1_60' title="bbox 244 4202 1812 4279; baseline 0.003 -21"><span class='ocrx_word' id='word_1_426' title='bbox 244 4202 561 4258; x_wconf 81' lang='grc' dir='ltr'>Ἰουδαίων</span> <span class='ocrx_word' id='word_1_427' title='bbox 585 4205 813 4272; x_wconf 80' lang='grc' dir='ltr'>πλάνῃ,</span> <span class='ocrx_word' id='word_1_428' title='bbox 837 4206 895 4257; x_wconf 83' lang='grc' dir='ltr'><strong>ὃν</strong></span> <span class='ocrx_word' id='word_1_429' title='bbox 911 4204 1242 4277; x_wconf 80' lang='grc' dir='ltr'>Ἀλεξάνδρῳ</span> <span class='ocrx_word' id='word_1_430' title='bbox 1274 4206 1659 4279; x_wconf 86' lang='grc' dir='ltr'>Ἱεροσολύμων</span> <span class='ocrx_word' id='word_1_431' title='bbox 1692 4211 1812 4263; x_wconf 84' lang='grc' dir='ltr'>ἐπι-</span> 
     </span>
    </p>
   </div>
   <div class='ocr_carea' id='block_1_61' title="bbox 236 4298 1812 4370">
    <p class='ocr_par' dir='ltr' id='par_1_61' title="bbox 236 4298 1812 4370">
     <span class='ocr_line' id='line_1_61' title="bbox 236 4298 1812 4370; baseline 0.004 -21"><span class='ocrx_word' id='word_1_432' title='bbox 236 4300 426 4367; x_wconf 73' lang='grc' dir='ltr'>σκόπῳ</span> <span class='ocrx_word' id='word_1_433' title='bbox 476 4299 800 4365; x_wconf 81' lang='grc' dir='ltr'>προσειπεῖν</span> <span class='ocrx_word' id='word_1_434' title='bbox 824 4298 891 4350; x_wconf 86' lang='grc'><strong>¹¹.</strong></span> <span class='ocrx_word' id='word_1_435' title='bbox 924 4298 1181 4366; x_wconf 86' lang='grc' dir='ltr'>Ἥκμασε</span> <span class='ocrx_word' id='word_1_436' title='bbox 1208 4298 1264 4351; x_wconf 85' lang='grc' dir='ltr'><strong>δὲ</strong></span> <span class='ocrx_word' id='word_1_437' title='bbox 1295 4298 1537 4370; x_wconf 80' lang='grc' dir='ltr'>Σεὸήρου</span> <span class='ocrx_word' id='word_1_438' title='bbox 1573 4300 1667 4354; x_wconf 80' lang='grc' dir='ltr'>καὶ</span> <span class='ocrx_word' id='word_1_439' title='bbox 1693 4302 1812 4356; x_wconf 83' lang='grc' dir='ltr'><strong>Ἀν-</strong></span> 
     </span>
    </p>
   </div>
   <div class='ocr_carea' id='block_1_62' title="bbox 234 4384 1523 4456">
    <p class='ocr_par' dir='ltr' id='par_1_62' title="bbox 234 4384 1523 4456">
     <span class='ocr_line' id='line_1_62' title="bbox 234 4384 1523 4456; baseline 0.002 -17"><span class='ocrx_word' id='word_1_440' title='bbox 234 4388 465 4439; x_wconf 77' lang='grc' dir='ltr'>τωνίνου</span> <span class='ocrx_word' id='word_1_441' title='bbox 500 4385 619 4439; x_wconf 86' lang='grc' dir='ltr'>υίοῦ</span> <span class='ocrx_word' id='word_1_442' title='bbox 649 4384 814 4439; x_wconf 81' lang='grc' dir='ltr'>αὐτοῦ</span> <span class='ocrx_word' id='word_1_443' title='bbox 863 4384 1083 4456; x_wconf 83' lang='grc' dir='ltr'>Ῥώμης</span> <span class='ocrx_word' id='word_1_444' title='bbox 1112 4385 1523 4455; x_wconf 79' lang='grc' dir='ltr'>βασιλευόντων.</span> 
     </span>
    </p>
   </div>
   <div class='ocr_carea' id='block_1_63' title="bbox 872 4476 1194 4545">
    <p class='ocr_par' dir='ltr' id='par_1_63' title="bbox 872 4476 1194 4545">
     <span class='ocr_line' id='line_1_63' title="bbox 872 4476 1194 4545; baseline 0.003 -14"><span class='ocrx_word' id='word_1_445' title='bbox 872 4476 1020 4545; x_wconf 91' lang='lat' dir='ltr'><strong>PlB&#39;,</strong></span> <span class='ocrx_word' id='word_1_446' title='bbox 1049 4478 1194 4532; x_wconf 85' lang='lat' dir='ltr'><strong>PII&quot;.</strong></span> 
     </span>
    </p>
   </div>
   <div class='ocr_carea' id='block_1_64' title="bbox 231 4572 1596 4710">
    <p class='ocr_par' dir='ltr' id='par_1_64' title="bbox 231 4572 1596 4710">
     <span class='ocr_line' id='line_1_64' title="bbox 231 4572 1596 4643; baseline 0.004 -20"><span class='ocrx_word' id='word_1_447' title='bbox 231 4572 590 4643; x_wconf 78' lang='grc' dir='ltr'>Κλήμεντος</span> <span class='ocrx_word' id='word_1_448' title='bbox 616 4572 725 4625; x_wconf 82' lang='grc' dir='ltr'><strong>τοῦ</strong></span> <span class='ocrx_word' id='word_1_449' title='bbox 764 4572 993 4638; x_wconf 85' lang='grc' dir='ltr'>Ῥώμης</span> <span class='ocrx_word' id='word_1_450' title='bbox 1012 4572 1279 4638; x_wconf 66' lang='lat' dir='ltr'><strong>(Statura!</strong></span> <span class='ocrx_word' id='word_1_451' title='bbox 1308 4572 1427 4624; x_wconf 88' lang='grc' dir='ltr'>τῶν</span> <span class='ocrx_word' id='word_1_452' title='bbox 1456 4572 1596 4642; x_wconf 79' lang='grc' dir='ltr'>ἀγίω</span> 
     </span>
     <span class='ocr_line' id='line_1_65' title="bbox 452 4641 1596 4710; baseline 0.002 -13"><span class='ocrx_word' id='word_1_453' title='bbox 452 4644 723 4708; x_wconf 87' lang='grc' dir='ltr'>στόλων,</span> <span class='ocrx_word' id='word_1_454' title='bbox 757 4641 1237 4710; x_wconf 74' lang='grc' dir='ltr'>Ἀναγνωρισταί,</span> <span class='ocrx_word' id='word_1_455' title='bbox 1256 4645 1356 4694; x_wconf 77' lang='grc' dir='ltr'><strong>καὶ</strong></span> <span class='ocrx_word' id='word_1_456' title='bbox 1381 4641 1596 4699; x_wconf 79' lang='grc' dir='ltr'>τᾶλλα.</span> 
     </span>
    </p>
   </div>
   <div class='ocr_carea' id='block_1_65' title="bbox 307 4738 1812 4818">
    <p class='ocr_par' dir='ltr' id='par_1_65' title="bbox 307 4738 1812 4818">
     <span class='ocr_line' id='line_1_66' title="bbox 307 4738 1812 4818; baseline -0.003 -19"><span class='ocrx_word' id='word_1_457' title='bbox 307 4743 439 4818; x_wconf 71' lang='grc'><strong>[289</strong></span> <span class='ocrx_word' id='word_1_458' title='bbox 496 4741 592 4813; x_wconf 67' lang='lat'><strong>8.]</strong></span> <span class='ocrx_word' id='word_1_459' title='bbox 661 4739 1000 4810; x_wconf 83' lang='grc' dir='ltr'>Ἀνεγνώσθη</span> <span class='ocrx_word' id='word_1_460' title='bbox 1066 4738 1383 4810; x_wconf 78' lang='grc' dir='ltr'>Κλήμεντος</span> <span class='ocrx_word' id='word_1_461' title='bbox 1430 4739 1524 4793; x_wconf 85' lang='grc' dir='ltr'><strong>τοῦ</strong></span> <span class='ocrx_word' id='word_1_462' title='bbox 1596 4741 1812 4816; x_wconf 82' lang='grc' dir='ltr'>Ῥώμης</span> 
     </span>
    </p>
   </div>
   <div class='ocr_carea' id='block_1_66' title="bbox 1919 1987 3496 2058">
    <p class='ocr_par' dir='ltr' id='par_1_66' title="bbox 1919 1987 3496 2058">
     <span class='ocr_line' id='line_1_67' title="bbox 1919 1987 3496 2058; baseline -0.003 -12"><span class='ocrx_word' id='word_1_463' title='bbox 1919 1993 2143 2058; x_wconf 84' lang='lat' dir='ltr'><strong>fatetur,</strong></span> <span class='ocrx_word' id='word_1_464' title='bbox 2174 2005 2339 2046; x_wconf 87' lang='lat' dir='ltr'><strong>causa</strong></span> <span class='ocrx_word' id='word_1_465' title='bbox 2375 1989 2499 2054; x_wconf 81' lang='lat' dir='ltr'><strong>fuit,</strong></span> <span class='ocrx_word' id='word_1_466' title='bbox 2532 2005 2630 2045; x_wconf 91' lang='lat' dir='ltr'><strong>cur</strong></span> <span class='ocrx_word' id='word_1_467' title='bbox 2660 1989 2761 2043; x_wconf 88' lang='lat' dir='ltr'><strong>ista</strong></span> <span class='ocrx_word' id='word_1_468' title='bbox 2787 1989 2906 2043; x_wconf 86' lang='lat' dir='ltr'><strong>sine</strong></span> <span class='ocrx_word' id='word_1_469' title='bbox 2929 1988 3119 2043; x_wconf 91' lang='lat' dir='ltr'><strong>ordine</strong></span> <span class='ocrx_word' id='word_1_470' title='bbox 3140 1987 3496 2055; x_wconf 74' lang='lat' dir='ltr'><strong>congesserit.</strong></span> 
     </span>
    </p>
   </div>
   <div class='ocr_carea' id='block_1_67' title="bbox 1920 2079 3504 2156">
    <p class='ocr_par' dir='ltr' id='par_1_67' title="bbox 1920 2079 3504 2156">
     <span class='ocr_line' id='line_1_68' title="bbox 1920 2079 3504 2156; baseline -0.006 -16"><span class='ocrx_word' id='word_1_471' title='bbox 1920 2085 2113 2156; x_wconf 82' lang='lat' dir='ltr'><strong>Reperi</strong></span> <span class='ocrx_word' id='word_1_472' title='bbox 2145 2094 2325 2139; x_wconf 84' lang='lat' dir='ltr'><strong>autem</strong></span> <span class='ocrx_word' id='word_1_473' title='bbox 2357 2083 2411 2139; x_wconf 92' lang='lat' dir='ltr'><strong>in</strong></span> <span class='ocrx_word' id='word_1_474' title='bbox 2454 2090 2739 2153; x_wconf 88' lang='lat' dir='ltr'><strong>pervetere</strong></span> <span class='ocrx_word' id='word_1_475' title='bbox 2769 2079 3067 2150; x_wconf 84' lang='lat' dir='ltr'><strong>exemplari</strong></span> <span class='ocrx_word' id='word_1_476' title='bbox 3092 2079 3195 2133; x_wconf 87' lang='lat' dir='ltr'><strong>hoc</strong></span> <span class='ocrx_word' id='word_1_477' title='bbox 3219 2094 3356 2148; x_wconf 82' lang='lat' dir='ltr'><strong>opus</strong></span> <span class='ocrx_word' id='word_1_478' title='bbox 3391 2095 3504 2132; x_wconf 83' lang='lat' dir='ltr'><strong>non</strong></span> 
     </span>
    </p>
   </div>
   <div class='ocr_carea' id='block_1_68' title="bbox 1919 2171 3502 2241">
    <p class='ocr_par' dir='ltr' id='par_1_68' title="bbox 1919 2171 3502 2241">
     <span class='ocr_line' id='line_1_69' title="bbox 1919 2171 3502 2241; baseline -0.005 -8"><span class='ocrx_word' id='word_1_479' title='bbox 1919 2178 2096 2233; x_wconf 80' lang='lat' dir='ltr'><strong>solum</strong></span> <span class='ocrx_word' id='word_1_480' title='bbox 2134 2176 2471 2232; x_wconf 88' lang='lat' dir='ltr'><strong>Stramatean</strong></span> <span class='ocrx_word' id='word_1_481' title='bbox 2494 2176 2738 2229; x_wconf 68' lang='lat' dir='ltr'><strong>&quot;nomine</strong></span> <span class='ocrx_word' id='word_1_482' title='bbox 2771 2173 3125 2241; x_wconf 88' lang='lat' dir='ltr'><strong>inscriptum,</strong></span> <span class='ocrx_word' id='word_1_483' title='bbox 3162 2172 3257 2226; x_wconf 85' lang='lat' dir='ltr'><strong>sed</strong></span> <span class='ocrx_word' id='word_1_484' title='bbox 3289 2171 3502 2240; x_wconf 77' lang='lat' dir='ltr'><strong>integre</strong></span> 
     </span>
    </p>
   </div>
   <div class='ocr_carea' id='block_1_69' title="bbox 1918 2260 3500 2333">
    <p class='ocr_par' dir='ltr' id='par_1_69' title="bbox 1918 2260 3500 2333">
     <span class='ocr_line' id='line_1_70' title="bbox 1918 2260 3500 2333; baseline -0.003 -13"><span class='ocrx_word' id='word_1_485' title='bbox 1918 2268 1986 2321; x_wconf 87' lang='lat' dir='ltr'><strong>ad</strong></span> <span class='ocrx_word' id='word_1_486' title='bbox 2025 2267 2171 2322; x_wconf 88' lang='lat' dir='ltr'><strong>hunc</strong></span> <span class='ocrx_word' id='word_1_487' title='bbox 2232 2265 2444 2319; x_wconf 90' lang='lat' dir='ltr'><strong>modum</strong></span> <span class='ocrx_word' id='word_1_488' title='bbox 2480 2283 2493 2319; x_wconf 89' lang='lat'>:</span> <span class='ocrx_word' id='word_1_489' title='bbox 2526 2263 2635 2318; x_wconf 86' lang='lat' dir='ltr'><strong>Titi</strong></span> <span class='ocrx_word' id='word_1_490' title='bbox 2665 2261 2845 2317; x_wconf 80' lang='lat' dir='ltr'><strong>Flavii</strong></span> <span class='ocrx_word' id='word_1_491' title='bbox 2884 2261 2997 2333; x_wconf 83' lang='lat'><strong>(65)</strong></span> <span class='ocrx_word' id='word_1_492' title='bbox 3030 2260 3312 2316; x_wconf 74' lang='lat' dir='ltr'><strong>Clementis</strong></span> <span class='ocrx_word' id='word_1_493' title='bbox 3350 2277 3500 2330; x_wconf 81' lang='lat' dir='ltr'><strong>pres-</strong></span> 
     </span>
    </p>
   </div>
   <div class='ocr_carea' id='block_1_70' title="bbox 1918 2353 3501 2427">
    <p class='ocr_par' dir='ltr' id='par_1_70' title="bbox 1918 2353 3501 2427">
     <span class='ocr_line' id='line_1_71' title="bbox 1918 2353 3501 2427; baseline -0.004 -16"><span class='ocrx_word' id='word_1_494' title='bbox 1918 2357 2083 2427; x_wconf 83' lang='lat' dir='ltr'><strong>byteri</strong></span> <span class='ocrx_word' id='word_1_495' title='bbox 2137 2356 2487 2412; x_wconf 69' lang='lat' dir='ltr'><strong>Alexandrini</strong></span> <span class='ocrx_word' id='word_1_496' title='bbox 2532 2354 2907 2409; x_wconf 85' lang='lat' dir='ltr'><strong>Gnoslicarum</strong></span> <span class='ocrx_word' id='word_1_497' title='bbox 2954 2353 3067 2425; x_wconf 87' lang='lat'><strong>(66)</strong></span> <span class='ocrx_word' id='word_1_498' title='bbox 3094 2354 3379 2407; x_wconf 86' lang='lat' dir='ltr'><strong>secundum</strong></span> <span class='ocrx_word' id='word_1_499' title='bbox 3414 2369 3501 2406; x_wconf 61' lang='lat' dir='ltr'><strong>ve.</strong></span> 
     </span>
    </p>
   </div>
   <div class='ocr_carea' id='block_1_71' title="bbox 1919 2448 3496 2518">
    <p class='ocr_par' dir='ltr' id='par_1_71' title="bbox 1919 2448 3496 2518">
     <span class='ocr_line' id='line_1_72' title="bbox 1919 2448 3496 2518; baseline -0.001 -16"><span class='ocrx_word' id='word_1_500' title='bbox 1919 2465 2035 2503; x_wconf 82' lang='lat' dir='ltr'><strong>ram</strong></span> <span class='ocrx_word' id='word_1_501' title='bbox 2075 2448 2465 2518; x_wconf 79' lang='lat' dir='ltr'><strong>philosOpliiam</strong></span> <span class='ocrx_word' id='word_1_502' title='bbox 2513 2448 3019 2502; x_wconf 82' lang='lat' dir='ltr'><strong>camntematiauum</strong></span> <span class='ocrx_word' id='word_1_503' title='bbox 3068 2448 3404 2503; x_wconf 85' lang='lat' dir='ltr'><strong>Stromateus</strong></span> <span class='ocrx_word' id='word_1_504' title='bbox 3455 2463 3496 2510; x_wconf 89' lang='lat' dir='ltr'><strong>I,</strong></span> 
     </span>
    </p>
   </div>
   <div class='ocr_carea' id='block_1_72' title="bbox 1918 2543 3497 2611">
    <p class='ocr_par' dir='ltr' id='par_1_72' title="bbox 1918 2543 3497 2611">
     <span class='ocr_line' id='line_1_73' title="bbox 1918 2543 3497 2611; baseline -0.003 -13"><span class='ocrx_word' id='word_1_505' title='bbox 1918 2560 1983 2609; x_wconf 91' lang='grc' dir='ltr'><strong>ιι,</strong></span> <span class='ocrx_word' id='word_1_506' title='bbox 2016 2559 2100 2609; x_wconf 89' lang='grc' dir='ltr'>ιιι,</span> <span class='ocrx_word' id='word_1_507' title='bbox 2133 2560 2207 2610; x_wconf 83' lang='lat' dir='ltr'><strong>iv,</strong></span> <span class='ocrx_word' id='word_1_508' title='bbox 2244 2558 2298 2611; x_wconf 75' lang='grc' dir='ltr'><strong>ν,</strong></span> <span class='ocrx_word' id='word_1_509' title='bbox 2321 2557 2399 2609; x_wconf 81' lang='lat' dir='ltr'><strong>vi,</strong></span> <span class='ocrx_word' id='word_1_510' title='bbox 2441 2558 2534 2607; x_wconf 86' lang='lat' dir='ltr'><strong>vn,</strong></span> <span class='ocrx_word' id='word_1_511' title='bbox 2572 2557 2694 2597; x_wconf 76' lang='lat' dir='ltr'><strong>vm.</strong></span> <span class='ocrx_word' id='word_1_512' title='bbox 2734 2543 2811 2597; x_wconf 87' lang='lat' dir='ltr'><strong>Ac</strong></span> <span class='ocrx_word' id='word_1_513' title='bbox 2836 2543 2997 2611; x_wconf 89' lang='lat' dir='ltr'><strong>primi</strong></span> <span class='ocrx_word' id='word_1_514' title='bbox 3031 2543 3248 2611; x_wconf 88' lang='lat' dir='ltr'><strong>quidem</strong></span> <span class='ocrx_word' id='word_1_515' title='bbox 3289 2552 3497 2611; x_wconf 84' lang='lat' dir='ltr'><strong>septem</strong></span> 
     </span>
    </p>
   </div>
   <div class='ocr_carea' id='block_1_73' title="bbox 1919 2636 3500 2707">
    <p class='ocr_par' dir='ltr' id='par_1_73' title="bbox 1919 2636 3500 2707">
     <span class='ocr_line' id='line_1_74' title="bbox 1919 2636 3500 2707; baseline -0.003 -15"><span class='ocrx_word' id='word_1_516' title='bbox 1919 2638 2169 2693; x_wconf 89' lang='lat' dir='ltr'><strong>eumdem</strong></span> <span class='ocrx_word' id='word_1_517' title='bbox 2198 2636 2493 2707; x_wconf 66' lang='lat' dir='ltr'><strong>prmlerunt</strong></span> <span class='ocrx_word' id='word_1_518' title='bbox 2521 2636 2761 2703; x_wconf 90' lang='lat' dir='ltr'><strong>titulum,</strong></span> <span class='ocrx_word' id='word_1_519' title='bbox 2796 2636 3071 2704; x_wconf 88' lang='lat' dir='ltr'><strong>iidemque</strong></span> <span class='ocrx_word' id='word_1_520' title='bbox 3108 2649 3335 2704; x_wconf 87' lang='lat' dir='ltr'><strong>prorsus</strong></span> <span class='ocrx_word' id='word_1_521' title='bbox 3369 2643 3500 2688; x_wconf 79' lang='lat' dir='ltr'><strong>smit</strong></span> 
     </span>
    </p>
   </div>
   <div class='ocr_carea' id='block_1_74' title="bbox 1919 2726 3497 2790">
    <p class='ocr_par' dir='ltr' id='par_1_74' title="bbox 1919 2726 3497 2790">
     <span class='ocr_line' id='line_1_75' title="bbox 1919 2726 3497 2790; baseline -0.003 -6"><span class='ocrx_word' id='word_1_522' title='bbox 1919 2728 1973 2785; x_wconf 89' lang='lat' dir='ltr'><strong>in</strong></span> <span class='ocrx_word' id='word_1_523' title='bbox 2005 2728 2258 2782; x_wconf 89' lang='lat' dir='ltr'><strong>omnibus</strong></span> <span class='ocrx_word' id='word_1_524' title='bbox 2281 2727 2579 2782; x_wconf 90' lang='lat' dir='ltr'><strong>codicibus.</strong></span> <span class='ocrx_word' id='word_1_525' title='bbox 2616 2727 2816 2781; x_wconf 80' lang='lat' dir='ltr'><strong>Verum</strong></span> <span class='ocrx_word' id='word_1_526' title='bbox 2861 2734 3109 2790; x_wconf 81' lang='lat' dir='ltr'><strong>octavus,</strong></span> <span class='ocrx_word' id='word_1_527' title='bbox 3143 2740 3265 2779; x_wconf 90' lang='lat' dir='ltr'><strong>cum</strong></span> <span class='ocrx_word' id='word_1_528' title='bbox 3298 2726 3497 2779; x_wconf 82' lang='lat' dir='ltr'><strong>inscri-</strong></span> 
     </span>
    </p>
   </div>
   <div class='ocr_carea' id='block_1_75' title="bbox 1918 2817 3499 2892">
    <p class='ocr_par' dir='ltr' id='par_1_75' title="bbox 1918 2817 3499 2892">
     <span class='ocr_line' id='line_1_76' title="bbox 1918 2817 3499 2892; baseline -0.004 -17"><span class='ocrx_word' id='word_1_529' title='bbox 1918 2823 2123 2892; x_wconf 84' lang='lat' dir='ltr'><strong>ptione,</strong></span> <span class='ocrx_word' id='word_1_530' title='bbox 2168 2828 2281 2875; x_wconf 88' lang='lat' dir='ltr'><strong>tum</strong></span> <span class='ocrx_word' id='word_1_531' title='bbox 2330 2820 2407 2874; x_wconf 88' lang='lat' dir='ltr'><strong>rei</strong></span> <span class='ocrx_word' id='word_1_532' title='bbox 2456 2819 2712 2889; x_wconf 62' lang='lat' dir='ltr'><strong>subjectae</strong></span> <span class='ocrx_word' id='word_1_533' title='bbox 2750 2818 3002 2882; x_wconf 85' lang='lat' dir='ltr'><strong>materia,</strong></span> <span class='ocrx_word' id='word_1_534' title='bbox 3042 2818 3236 2873; x_wconf 83' lang='lat' dir='ltr'><strong>variat.</strong></span> <span class='ocrx_word' id='word_1_535' title='bbox 3270 2817 3325 2870; x_wconf 93' lang='lat' dir='ltr'><strong>In</strong></span> <span class='ocrx_word' id='word_1_536' title='bbox 3376 2817 3499 2886; x_wconf 89' lang='lat' dir='ltr'><strong>qui-</strong></span> 
     </span>
    </p>
   </div>
   <div class='ocr_carea' id='block_1_76' title="bbox 1919 2910 3493 2979">
    <p class='ocr_par' dir='ltr' id='par_1_76' title="bbox 1919 2910 3493 2979">
     <span class='ocr_line' id='line_1_77' title="bbox 1919 2910 3493 2979; baseline -0.004 -11"><span class='ocrx_word' id='word_1_537' title='bbox 1919 2916 2141 2969; x_wconf 85' lang='lat' dir='ltr'><strong>busdam</strong></span> <span class='ocrx_word' id='word_1_538' title='bbox 2170 2916 2314 2968; x_wconf 84' lang='lat' dir='ltr'><strong>enim</strong></span> <span class='ocrx_word' id='word_1_539' title='bbox 2352 2913 2668 2968; x_wconf 88' lang='lat' dir='ltr'><strong>inscribitur</strong></span> <span class='ocrx_word' id='word_1_540' title='bbox 2698 2930 2711 2967; x_wconf 93' lang='lat'>:</span> <span class='ocrx_word' id='word_1_541' title='bbox 2750 2911 2884 2977; x_wconf 77' lang='lat' dir='ltr'><strong>Quis</strong></span> <span class='ocrx_word' id='word_1_542' title='bbox 2912 2910 3053 2963; x_wconf 84' lang='lat' dir='ltr'><strong>dives</strong></span> <span class='ocrx_word' id='word_1_543' title='bbox 3098 2910 3326 2964; x_wconf 84' lang='lat' dir='ltr'><strong>salvetur</strong></span> <span class='ocrx_word' id='word_1_544' title='bbox 3356 2911 3493 2979; x_wconf 86' lang='lat'><strong>(67),</strong></span> 
     </span>
    </p>
   </div>
   <div class='ocr_carea' id='block_1_77' title="bbox 1916 3002 3490 3076">
    <p class='ocr_par' dir='ltr' id='par_1_77' title="bbox 1916 3002 3490 3076">
     <span class='ocr_line' id='line_1_78' title="bbox 1916 3002 3490 3076; baseline -0.004 -17"><span class='ocrx_word' id='word_1_545' title='bbox 1916 3006 2141 3076; x_wconf 74' lang='lat' dir='ltr'><strong>ejusque</strong></span> <span class='ocrx_word' id='word_1_546' title='bbox 2167 3005 2485 3076; x_wconf 90' lang='lat' dir='ltr'><strong>principium</strong></span> <span class='ocrx_word' id='word_1_547' title='bbox 2505 3014 2585 3058; x_wconf 90' lang='lat' dir='ltr'><strong>est</strong></span> <span class='ocrx_word' id='word_1_548' title='bbox 2605 3022 2618 3057; x_wconf 91' lang='lat'><strong>:</strong></span> <span class='ocrx_word' id='word_1_549' title='bbox 2642 3022 2660 3054; x_wconf 82' lang='grc' dir='ltr'><strong>ι</strong></span> <span class='ocrx_word' id='word_1_550' title='bbox 2687 3003 2787 3071; x_wconf 86' lang='lat' dir='ltr'><strong>Qui</strong></span> <span class='ocrx_word' id='word_1_551' title='bbox 2808 3002 3139 3057; x_wconf 90' lang='lat' dir='ltr'><strong>laudatorias</strong></span> <span class='ocrx_word' id='word_1_552' title='bbox 3152 3002 3447 3064; x_wconf 90' lang='lat' dir='ltr'><strong>orationes,</strong></span> <span class='ocrx_word' id='word_1_553' title='bbox 3469 3020 3490 3052; x_wconf 75' lang='grc' dir='ltr'><strong>ι</strong></span> 
     </span>
    </p>
   </div>
   <div class='ocr_carea' id='block_1_78' title="bbox 1916 3095 3499 3168">
    <p class='ocr_par' dir='ltr' id='par_1_78' title="bbox 1916 3095 3499 3168">
     <span class='ocr_line' id='line_1_79' title="bbox 1916 3095 3499 3168; baseline -0.003 -15"><span class='ocrx_word' id='word_1_554' title='bbox 1916 3108 1972 3154; x_wconf 85' lang='lat' dir='ltr'><strong>et</strong></span> <span class='ocrx_word' id='word_1_555' title='bbox 2001 3099 2233 3168; x_wconf 87' lang='lat' dir='ltr'><strong>reliqua.</strong></span> <span class='ocrx_word' id='word_1_556' title='bbox 2268 3100 2330 3152; x_wconf 88' lang='lat' dir='ltr'><strong>In</strong></span> <span class='ocrx_word' id='word_1_557' title='bbox 2377 3097 2497 3151; x_wconf 88' lang='lat' dir='ltr'><strong>aliis</strong></span> <span class='ocrx_word' id='word_1_558' title='bbox 2540 3111 2689 3163; x_wconf 89' lang='lat' dir='ltr'><strong>vero,</strong></span> <span class='ocrx_word' id='word_1_559' title='bbox 2729 3095 3059 3150; x_wconf 85' lang='lat' dir='ltr'><strong>Stramateus</strong></span> <span class='ocrx_word' id='word_1_560' title='bbox 3091 3106 3327 3159; x_wconf 87' lang='lat' dir='ltr'><strong>octavus,</strong></span> <span class='ocrx_word' id='word_1_561' title='bbox 3351 3108 3409 3148; x_wconf 76' lang='lat' dir='ltr'><strong>ut</strong></span> <span class='ocrx_word' id='word_1_562' title='bbox 3442 3105 3499 3148; x_wconf 89' lang='lat' dir='ltr'><strong>et</strong></span> 
     </span>
    </p>
   </div>
   <div class='ocr_carea' id='block_1_79' title="bbox 1921 3187 3496 3260">
    <p class='ocr_par' dir='ltr' id='par_1_79' title="bbox 1921 3187 3496 3260">
     <span class='ocr_line' id='line_1_80' title="bbox 1921 3187 3496 3260; baseline -0.003 -16"><span class='ocrx_word' id='word_1_563' title='bbox 1921 3190 2111 3259; x_wconf 87' lang='lat' dir='ltr'><strong>reliqui</strong></span> <span class='ocrx_word' id='word_1_564' title='bbox 2161 3198 2367 3260; x_wconf 85' lang='lat' dir='ltr'><strong>septem</strong></span> <span class='ocrx_word' id='word_1_565' title='bbox 2414 3188 2561 3253; x_wconf 88' lang='lat' dir='ltr'><strong>libri,</strong></span> <span class='ocrx_word' id='word_1_566' title='bbox 2607 3187 2947 3254; x_wconf 85' lang='lat' dir='ltr'><strong>inscribitur,</strong></span> <span class='ocrx_word' id='word_1_567' title='bbox 2985 3194 3041 3242; x_wconf 84' lang='lat' dir='ltr'><strong>et</strong></span> <span class='ocrx_word' id='word_1_568' title='bbox 3062 3187 3291 3257; x_wconf 90' lang='lat' dir='ltr'><strong>incipit:</strong></span> <span class='ocrx_word' id='word_1_569' title='bbox 3329 3206 3347 3237; x_wconf 82' lang='grc' dir='ltr'><strong>ι</strong></span> <span class='ocrx_word' id='word_1_570' title='bbox 3390 3187 3496 3240; x_wconf 78' lang='lat' dir='ltr'><strong>Sed</strong></span> 
     </span>
    </p>
   </div>
   <div class='ocr_carea' id='block_1_80' title="bbox 1918 3278 3493 3351">
    <p class='ocr_par' dir='ltr' id='par_1_80' title="bbox 1918 3278 3493 3351">
     <span class='ocr_line' id='line_1_81' title="bbox 1918 3278 3493 3351; baseline 0.001 -17"><span class='ocrx_word' id='word_1_571' title='bbox 1918 3296 2095 3350; x_wconf 87' lang='lat' dir='ltr'><strong>neque</strong></span> <span class='ocrx_word' id='word_1_572' title='bbox 2128 3279 2430 3351; x_wconf 80' lang='lat' dir='ltr'><strong>philosophi</strong></span> <span class='ocrx_word' id='word_1_573' title='bbox 2456 3278 2848 3349; x_wconf 89' lang='lat' dir='ltr'><strong>antiquissimi,</strong></span> <span class='ocrx_word' id='word_1_574' title='bbox 2875 3298 2894 3332; x_wconf 85' lang='grc' dir='ltr'><strong>ι</strong></span> <span class='ocrx_word' id='word_1_575' title='bbox 2927 3287 3493 3350; x_wconf 64' lang='grc' dir='ltr'>(ιυωίιιιεεείιιιιιιιιητ.</span> 
     </span>
    </p>
   </div>
   <div class='ocr_carea' id='block_1_81' title="bbox 1918 3372 3492 3436">
    <p class='ocr_par' dir='ltr' id='par_1_81' title="bbox 1918 3372 3492 3436">
     <span class='ocr_line' id='line_1_82' title="bbox 1918 3372 3492 3436; baseline -0.003 -8"><span class='ocrx_word' id='word_1_576' title='bbox 1918 3373 2257 3429; x_wconf 85' lang='lat' dir='ltr'><strong>Stromateon</strong></span> <span class='ocrx_word' id='word_1_577' title='bbox 2294 3382 2472 3428; x_wconf 90' lang='lat' dir='ltr'><strong>autem</strong></span> <span class='ocrx_word' id='word_1_578' title='bbox 2499 3372 2635 3427; x_wconf 91' lang='lat' dir='ltr'><strong>liber</strong></span> <span class='ocrx_word' id='word_1_579' title='bbox 2664 3372 2753 3427; x_wconf 90' lang='lat' dir='ltr'><strong>hic</strong></span> <span class='ocrx_word' id='word_1_580' title='bbox 2778 3372 2975 3428; x_wconf 88' lang='lat' dir='ltr'><strong>alicubi</strong></span> <span class='ocrx_word' id='word_1_581' title='bbox 3001 3387 3107 3427; x_wconf 92' lang='lat' dir='ltr'><strong>non</strong></span> <span class='ocrx_word' id='word_1_582' title='bbox 3137 3386 3271 3427; x_wconf 87' lang='lat' dir='ltr'><strong>sana</strong></span> <span class='ocrx_word' id='word_1_583' title='bbox 3289 3373 3492 3436; x_wconf 82' lang='lat' dir='ltr'><strong>tradit;</strong></span> 
     </span>
    </p>
   </div>
   <div class='ocr_carea' id='block_1_82' title="bbox 1918 3460 3496 3537">
    <p class='ocr_par' dir='ltr' id='par_1_82' title="bbox 1918 3460 3496 3537">
     <span class='ocr_line' id='line_1_83' title="bbox 1918 3460 3496 3537; baseline -0.003 -17"><span class='ocrx_word' id='word_1_584' title='bbox 1918 3483 2022 3522; x_wconf 87' lang='lat' dir='ltr'><strong>non</strong></span> <span class='ocrx_word' id='word_1_585' title='bbox 2075 3477 2251 3522; x_wconf 89' lang='lat' dir='ltr'><strong>tamen</strong></span> <span class='ocrx_word' id='word_1_586' title='bbox 2281 3476 2342 3520; x_wconf 92' lang='lat' dir='ltr'><strong>ut</strong></span> <span class='ocrx_word' id='word_1_587' title='bbox 2376 3464 2762 3537; x_wconf 82' lang='lat' dir='ltr'><strong>Hypotyposes.</strong></span> <span class='ocrx_word' id='word_1_588' title='bbox 2794 3460 2931 3519; x_wconf 83' lang='lat' dir='ltr'><strong>Nam</strong></span> <span class='ocrx_word' id='word_1_589' title='bbox 2968 3463 3136 3520; x_wconf 86' lang='lat' dir='ltr'><strong>multa</strong></span> <span class='ocrx_word' id='word_1_590' title='bbox 3175 3465 3338 3520; x_wconf 88' lang='lat' dir='ltr'><strong>etiam</strong></span> <span class='ocrx_word' id='word_1_591' title='bbox 3375 3478 3496 3533; x_wconf 81' lang='lat' dir='ltr'><strong>quae</strong></span> 
     </span>
    </p>
   </div>
   <div class='ocr_carea' id='block_1_83' title="bbox 1916 3558 2759 3629">
    <p class='ocr_par' dir='ltr' id='par_1_83' title="bbox 1916 3558 2759 3629">
     <span class='ocr_line' id='line_1_84' title="bbox 1916 3558 2759 3629; baseline -0.002 -16"><span class='ocrx_word' id='word_1_592' title='bbox 1916 3560 1986 3614; x_wconf 92' lang='lat' dir='ltr'><strong>ibi</strong></span> <span class='ocrx_word' id='word_1_593' title='bbox 2015 3558 2154 3614; x_wconf 89' lang='lat' dir='ltr'><strong>dicta</strong></span> <span class='ocrx_word' id='word_1_594' title='bbox 2188 3558 2429 3625; x_wconf 80' lang='lat' dir='ltr'><strong>fuerunt,</strong></span> <span class='ocrx_word' id='word_1_595' title='bbox 2460 3566 2759 3629; x_wconf 81' lang='lat' dir='ltr'><strong>oppugnat.</strong></span> 
     </span>
    </p>
   </div>
   <div class='ocr_carea' id='block_1_84' title="bbox 1985 3758 3493 3829">
    <p class='ocr_par' dir='ltr' id='par_1_84' title="bbox 1985 3758 3493 3829">
     <span class='ocr_line' id='line_1_85' title="bbox 1985 3758 3493 3829; baseline -0.001 -14"><span class='ocrx_word' id='word_1_596' title='bbox 1985 3760 2257 3815; x_wconf 86' lang='lat' dir='ltr'><strong>Feruntur</strong></span> <span class='ocrx_word' id='word_1_597' title='bbox 2316 3769 2495 3815; x_wconf 87' lang='lat' dir='ltr'><strong>autem</strong></span> <span class='ocrx_word' id='word_1_598' title='bbox 2530 3760 2598 3815; x_wconf 83' lang='lat' dir='ltr'><strong>ab</strong></span> <span class='ocrx_word' id='word_1_599' title='bbox 2636 3760 2824 3815; x_wconf 85' lang='lat' dir='ltr'><strong>eodem</strong></span> <span class='ocrx_word' id='word_1_600' title='bbox 2866 3758 2969 3814; x_wconf 89' lang='lat' dir='ltr'><strong>alia</strong></span> <span class='ocrx_word' id='word_1_601' title='bbox 3006 3774 3109 3813; x_wconf 92' lang='lat' dir='ltr'><strong>non</strong></span> <span class='ocrx_word' id='word_1_602' title='bbox 3154 3773 3321 3829; x_wconf 87' lang='lat' dir='ltr'><strong>pauca</strong></span> <span class='ocrx_word' id='word_1_603' title='bbox 3360 3775 3493 3814; x_wconf 84' lang='lat' dir='ltr'><strong>con-</strong></span> 
     </span>
    </p>
   </div>
   <div class='ocr_carea' id='block_1_85' title="bbox 1915 3850 3491 3921">
    <p class='ocr_par' dir='ltr' id='par_1_85' title="bbox 1915 3850 3491 3921">
     <span class='ocr_line' id='line_1_86' title="bbox 1915 3850 3491 3921; baseline -0.001 -15"><span class='ocrx_word' id='word_1_604' title='bbox 1915 3852 2138 3921; x_wconf 89' lang='lat' dir='ltr'><strong>scripta.</strong></span> <span class='ocrx_word' id='word_1_605' title='bbox 2171 3850 2236 3904; x_wconf 85' lang='lat' dir='ltr'><strong>Et</strong></span> <span class='ocrx_word' id='word_1_606' title='bbox 2273 3865 2402 3905; x_wconf 80' lang='lat' dir='ltr'><strong>vero</strong></span> <span class='ocrx_word' id='word_1_607' title='bbox 2429 3851 2591 3905; x_wconf 89' lang='lat' dir='ltr'><strong>etiam</strong></span> <span class='ocrx_word' id='word_1_608' title='bbox 2619 3851 2709 3905; x_wconf 89' lang='lat' dir='ltr'><strong>alii</strong></span> <span class='ocrx_word' id='word_1_609' title='bbox 2737 3850 2849 3921; x_wconf 86' lang='lat'><strong>(68)</strong></span> <span class='ocrx_word' id='word_1_610' title='bbox 2881 3851 3256 3921; x_wconf 84' lang='lat' dir='ltr'><strong>composuisse</strong></span> <span class='ocrx_word' id='word_1_611' title='bbox 3281 3860 3491 3905; x_wconf 76' lang='lat' dir='ltr'><strong>testan-</strong></span> 
     </span>
    </p>
   </div>
   <div class='ocr_carea' id='block_1_86' title="bbox 1918 3944 3492 4015">
    <p class='ocr_par' dir='ltr' id='par_1_86' title="bbox 1918 3944 3492 4015">
     <span class='ocr_line' id='line_1_87' title="bbox 1918 3944 3492 4015; baseline -0.001 -14"><span class='ocrx_word' id='word_1_612' title='bbox 1918 3956 2005 4001; x_wconf 90' lang='lat' dir='ltr'><strong>lur</strong></span> <span class='ocrx_word' id='word_1_613' title='bbox 2023 3946 2101 4000; x_wconf 88' lang='lat' dir='ltr'><strong>De</strong></span> <span class='ocrx_word' id='word_1_614' title='bbox 2136 3945 2406 4013; x_wconf 78' lang='lat' dir='ltr'><strong>paschale,</strong></span> <span class='ocrx_word' id='word_1_615' title='bbox 2455 3944 2531 3999; x_wconf 90' lang='lat' dir='ltr'><strong>De</strong></span> <span class='ocrx_word' id='word_1_616' title='bbox 2568 3946 2800 4015; x_wconf 85' lang='lat' dir='ltr'><strong>jejunio,</strong></span> <span class='ocrx_word' id='word_1_617' title='bbox 2847 3946 2923 4000; x_wconf 90' lang='lat' dir='ltr'><strong>De</strong></span> <span class='ocrx_word' id='word_1_618' title='bbox 2967 3946 3365 4011; x_wconf 86' lang='lat' dir='ltr'><strong>obtrectatione,</strong></span> <span class='ocrx_word' id='word_1_619' title='bbox 3416 3946 3492 4000; x_wconf 81' lang='lat' dir='ltr'><strong>De</strong></span> 
     </span>
    </p>
   </div>
   <div class='ocr_carea' id='block_1_87' title="bbox 1915 4036 3491 4107">
    <p class='ocr_par' dir='ltr' id='par_1_87' title="bbox 1915 4036 3491 4107">
     <span class='ocr_line' id='line_1_88' title="bbox 1915 4036 3491 4107; baseline -0.001 -14"><span class='ocrx_word' id='word_1_620' title='bbox 1915 4037 2203 4093; x_wconf 87' lang='lat' dir='ltr'><strong>canonibus</strong></span> <span class='ocrx_word' id='word_1_621' title='bbox 2233 4036 2626 4101; x_wconf 75' lang='lat' dir='ltr'><strong>ecclesiasticis,</strong></span> <span class='ocrx_word' id='word_1_622' title='bbox 2646 4048 2701 4091; x_wconf 89' lang='lat' dir='ltr'><strong>et</strong></span> <span class='ocrx_word' id='word_1_623' title='bbox 2730 4038 2993 4092; x_wconf 80' lang='lat' dir='ltr'><strong>Adversus</strong></span> <span class='ocrx_word' id='word_1_624' title='bbox 3021 4056 3105 4092; x_wconf 90' lang='lat' dir='ltr'><strong>eos</strong></span> <span class='ocrx_word' id='word_1_625' title='bbox 3157 4041 3248 4107; x_wconf 89' lang='lat' dir='ltr'><strong>qui</strong></span> <span class='ocrx_word' id='word_1_626' title='bbox 3268 4038 3491 4093; x_wconf 72' lang='lat' dir='ltr'><strong>Juda&#39;o-</strong></span> 
     </span>
    </p>
   </div>
   <div class='ocr_carea' id='block_1_88' title="bbox 1915 4129 3491 4202">
    <p class='ocr_par' dir='ltr' id='par_1_88' title="bbox 1915 4129 3491 4202">
     <span class='ocr_line' id='line_1_89' title="bbox 1915 4129 3491 4202; baseline 0.002 -19"><span class='ocrx_word' id='word_1_627' title='bbox 1915 4146 2031 4183; x_wconf 87' lang='lat' dir='ltr'><strong>rum</strong></span> <span class='ocrx_word' id='word_1_628' title='bbox 2088 4144 2314 4182; x_wconf 86' lang='lat' dir='ltr'><strong>errorem</strong></span> <span class='ocrx_word' id='word_1_629' title='bbox 2368 4141 2673 4199; x_wconf 87' lang='lat' dir='ltr'><strong>sequuntur,</strong></span> <span class='ocrx_word' id='word_1_630' title='bbox 2722 4129 2905 4200; x_wconf 82' lang='lat' dir='ltr'><strong>90a,</strong></span> <span class='ocrx_word' id='word_1_631' title='bbox 2973 4146 3129 4202; x_wconf 89' lang='lat' dir='ltr'><strong>quem</strong></span> <span class='ocrx_word' id='word_1_632' title='bbox 3178 4131 3491 4186; x_wconf 83' lang='lat' dir='ltr'><strong>Alexandro</strong></span> 
     </span>
    </p>
   </div>
   <div class='ocr_carea' id='block_1_89' title="bbox 1914 4220 3490 4293">
    <p class='ocr_par' dir='ltr' id='par_1_89' title="bbox 1914 4220 3490 4293">
     <span class='ocr_line' id='line_1_90' title="bbox 1914 4220 3490 4293; baseline 0.001 -18"><span class='ocrx_word' id='word_1_633' title='bbox 1914 4220 2410 4291; x_wconf 85' lang='lat' dir='ltr'><strong>Hierosolymorum</strong></span> <span class='ocrx_word' id='word_1_634' title='bbox 2440 4222 2696 4291; x_wconf 89' lang='lat' dir='ltr'><strong>episcopo</strong></span> <span class='ocrx_word' id='word_1_635' title='bbox 2723 4238 3066 4293; x_wconf 88' lang='lat' dir='ltr'><strong>nuncupasse</strong></span> <span class='ocrx_word' id='word_1_636' title='bbox 3092 4220 3327 4279; x_wconf 89' lang='lat' dir='ltr'><strong>videtur.</strong></span> <span class='ocrx_word' id='word_1_637' title='bbox 3364 4224 3490 4279; x_wconf 83' lang='lat' dir='ltr'><strong>Cla-</strong></span> 
     </span>
    </p>
   </div>
   <div class='ocr_carea' id='block_1_90' title="bbox 1916 4313 3491 4389">
    <p class='ocr_par' dir='ltr' id='par_1_90' title="bbox 1916 4313 3491 4389">
     <span class='ocr_line' id='line_1_91' title="bbox 1916 4313 3491 4389; baseline 0.004 -21"><span class='ocrx_word' id='word_1_638' title='bbox 1916 4313 2026 4368; x_wconf 87' lang='lat' dir='ltr'><strong>ruit</strong></span> <span class='ocrx_word' id='word_1_639' title='bbox 2059 4328 2187 4368; x_wconf 88' lang='lat' dir='ltr'><strong>vero</strong></span> <span class='ocrx_word' id='word_1_640' title='bbox 2217 4314 2420 4370; x_wconf 88' lang='lat' dir='ltr'><strong>Severo</strong></span> <span class='ocrx_word' id='word_1_641' title='bbox 2458 4325 2514 4370; x_wconf 91' lang='lat' dir='ltr'><strong>et</strong></span> <span class='ocrx_word' id='word_1_642' title='bbox 2561 4316 2838 4373; x_wconf 77' lang='lat' dir='ltr'><strong>Antonino</strong></span> <span class='ocrx_word' id='word_1_643' title='bbox 2878 4316 2985 4389; x_wconf 87' lang='lat'><strong>(69)</strong></span> <span class='ocrx_word' id='word_1_644' title='bbox 3012 4318 3132 4388; x_wconf 76' lang='lat' dir='ltr'><strong>ejus</strong></span> <span class='ocrx_word' id='word_1_645' title='bbox 3160 4318 3271 4374; x_wconf 86' lang='lat' dir='ltr'><strong>lilio</strong></span> <span class='ocrx_word' id='word_1_646' title='bbox 3304 4319 3491 4375; x_wconf 70' lang='lat' dir='ltr'><strong>Romae</strong></span> 
     </span>
    </p>
   </div>
   <div class='ocr_carea' id='block_1_91' title="bbox 1915 4403 2327 4473">
    <p class='ocr_par' dir='ltr' id='par_1_91' title="bbox 1915 4403 2327 4473">
     <span class='ocr_line' id='line_1_92' title="bbox 1915 4403 2327 4473; baseline 0.015 -17"><span class='ocrx_word' id='word_1_647' title='bbox 1915 4403 2327 4473; x_wconf 89' lang='lat' dir='ltr'><strong>imperantibus.</strong></span> 
     </span>
    </p>
   </div>
   <div class='ocr_carea' id='block_1_92' title="bbox 2511 4500 2879 4567">
    <p class='ocr_par' dir='ltr' id='par_1_92' title="bbox 2511 4500 2879 4567">
     <span class='ocr_line' id='line_1_93' title="bbox 2511 4500 2879 4567; baseline 0.008 -11"><span class='ocrx_word' id='word_1_648' title='bbox 2511 4500 2672 4567; x_wconf 82' lang='lat' dir='ltr'><strong>CXII,</strong></span> <span class='ocrx_word' id='word_1_649' title='bbox 2698 4502 2879 4559; x_wconf 83' lang='lat' dir='ltr'><strong>CXIII.</strong></span> 
     </span>
    </p>
   </div>
   <div class='ocr_carea' id='block_1_93' title="bbox 521 4569 1817 4667">
    <p class='ocr_par' dir='ltr' id='par_1_93' title="bbox 521 4569 1813 4667">
     <span class='ocr_line' id='line_1_94' title="bbox 521 4569 1813 4667; baseline 0.002 0"><span class='ocrx_word' id='word_1_650' title='bbox 521 4570 725 4667; x_wconf 55' lang='grc'><em>95393⁵</em></span> <span class='ocrx_word' id='word_1_651' title='bbox 757 4569 993 4667; x_wconf 60' lang='grc' dir='ltr'><strong>Ῑέἶίῖἕέᾞ</strong></span> <span class='ocrx_word' id='word_1_652' title='bbox 1009 4569 1639 4667; x_wconf 57' lang='grc' dir='ltr'><strong>ἒίῖίὶίῖΐαέἷξδῖιίξζίων</strong></span> <span class='ocrx_word' id='word_1_653' title='bbox 1665 4575 1813 4631; x_wconf 77' lang='grc' dir='ltr'><strong>ἀπο·</strong></span> 
     </span>
    </p>
   </div>
   <div class='ocr_carea' id='block_1_94' title="bbox 1918 4569 3485 4667">
    <p class='ocr_par' dir='ltr' id='par_1_94' title="bbox 1918 4576 3485 4667">
     <span class='ocr_line' id='line_1_95' title="bbox 1918 4576 3485 4667; baseline 0.003 -22"><span class='ocrx_word' id='word_1_654' title='bbox 1918 4585 2193 4645; x_wconf 83' lang='lat' dir='ltr'><strong>Clementis</strong></span> <span class='ocrx_word' id='word_1_655' title='bbox 2218 4590 2441 4667; x_wconf 72' lang='lat' dir='ltr'><strong>Romani</strong></span> <span class='ocrx_word' id='word_1_656' title='bbox 2457 4607 2605 4661; x_wconf 87' lang='lat' dir='ltr'><strong>pont.</strong></span> <span class='ocrx_word' id='word_1_657' title='bbox 2640 4576 3058 4651; x_wconf 82' lang='lat' dir='ltr'><strong>Constitutiones</strong></span> <span class='ocrx_word' id='word_1_658' title='bbox 3104 4598 3485 4667; x_wconf 85' lang='lat' dir='ltr'><strong>apostolorum,</strong></span> 
     </span>
    </p>
   </div>
   <div class='ocr_carea' id='block_1_95' title="bbox 2382 4664 3027 4732">
    <p class='ocr_par' dir='ltr' id='par_1_95' title="bbox 2382 4664 3027 4732">
     <span class='ocr_line' id='line_1_96' title="bbox 2382 4664 3027 4732; baseline 0.008 -16"><span class='ocrx_word' id='word_1_659' title='bbox 2382 4664 2779 4732; x_wconf 82' lang='lat' dir='ltr'><strong>Recagnitianes</strong></span> <span class='ocrx_word' id='word_1_660' title='bbox 2808 4677 2857 4719; x_wconf 86' lang='lat' dir='ltr'><strong>et</strong></span> <span class='ocrx_word' id='word_1_661' title='bbox 2896 4668 3027 4721; x_wconf 86' lang='lat' dir='ltr'><strong>alia.</strong></span> 
     </span>
    </p>
   </div>
   <div class='ocr_carea' id='block_1_96' title="bbox 1988 4747 3487 4828">
    <p class='ocr_par' dir='ltr' id='par_1_96' title="bbox 1988 4747 3487 4828">
     <span class='ocr_line' id='line_1_97' title="bbox 1988 4747 3487 4828; baseline 0.008 -23"><span class='ocrx_word' id='word_1_662' title='bbox 1988 4747 2240 4821; x_wconf 84' lang='lat' dir='ltr'><strong>Legimus</strong></span> <span class='ocrx_word' id='word_1_663' title='bbox 2259 4753 2552 4811; x_wconf 88' lang='lat' dir='ltr'><strong>Clementis</strong></span> <span class='ocrx_word' id='word_1_664' title='bbox 2577 4755 2806 4812; x_wconf 73' lang='lat' dir='ltr'><strong>Romani</strong></span> <span class='ocrx_word' id='word_1_665' title='bbox 2838 4769 2990 4828; x_wconf 85' lang='lat' dir='ltr'><strong>pont.</strong></span> <span class='ocrx_word' id='word_1_666' title='bbox 3033 4759 3291 4816; x_wconf 89' lang='lat' dir='ltr'><strong>librorum</strong></span> <span class='ocrx_word' id='word_1_667' title='bbox 3338 4762 3487 4817; x_wconf 87' lang='lat' dir='ltr'><strong>volu-</strong></span> 
     </span>
    </p>
   </div>
   <div class='ocr_carea' id='block_1_97' title="bbox 1535 4831 2219 4901">
    <p class='ocr_par' dir='ltr' id='par_1_97' title="bbox 1535 4831 2219 4901">
     <span class='ocr_line' id='line_1_98' title="bbox 1535 4831 2219 4901; baseline 0.022 -15"><span class='ocrx_word' id='word_1_668' title='bbox 1535 4831 1765 4892; x_wconf 68' lang='grc' dir='ltr'>νΑιιιΑε]</span> <span class='ocrx_word' id='word_1_669' title='bbox 1813 4837 2105 4899; x_wconf 86' lang='lat' dir='ltr'><strong>LECTION</strong></span> <span class='ocrx_word' id='word_1_670' title='bbox 2114 4845 2219 4901; x_wconf 88' lang='lat' dir='ltr'><strong>ES.</strong></span> 
     </span>
    </p>
   </div>
   <div class='ocr_carea' id='block_1_98' title="bbox 238 4930 1524 5071">
    <p class='ocr_par' dir='ltr' id='par_1_98' title="bbox 238 4930 1524 5071">
     <span class='ocr_line' id='line_1_99' title="bbox 309 4930 1524 5002; baseline -0.004 -17"><span class='ocrx_word' id='word_1_671' title='bbox 309 4934 357 4964; x_wconf 80' lang='lat'><strong>&quot;</strong></span> <span class='ocrx_word' id='word_1_672' title='bbox 392 4930 805 5002; x_wconf 75' lang='grc' dir='ltr'>ὑπογράφοντας</span> <span class='ocrx_word' id='word_1_673' title='bbox 842 4945 906 4993; x_wconf 81' lang='grc' dir='ltr'>ς.</span> <span class='ocrx_word' id='word_1_674' title='bbox 985 4930 1027 4962; x_wconf 83' lang='grc'><strong>¹⁶</strong></span> <span class='ocrx_word' id='word_1_675' title='bbox 1056 4944 1136 4991; x_wconf 87' lang='grc' dir='ltr'><strong>τε,</strong></span> <span class='ocrx_word' id='word_1_676' title='bbox 1174 4930 1247 4991; x_wconf 80' lang='grc' dir='ltr'>ὡς</span> <span class='ocrx_word' id='word_1_677' title='bbox 1279 4930 1322 4979; x_wconf 83' lang='grc' dir='ltr'>Α</span> <span class='ocrx_word' id='word_1_678' title='bbox 1350 4945 1364 4984; x_wconf 89' lang='lat'><strong>:</strong></span> <span class='ocrx_word' id='word_1_679' title='bbox 1388 4930 1524 4992; x_wconf 78' lang='grc' dir='ltr'>τέως</span> 
     </span>
     <span class='ocr_line' id='line_1_100' title="bbox 238 4996 1524 5071; baseline -0.002 -14"><span class='ocrx_word' id='word_1_680' title='bbox 238 5006 281 5038; x_wconf 73' lang='grc'><strong><em>⁸⁸</em></strong></span> <span class='ocrx_word' id='word_1_681' title='bbox 310 5003 548 5057; x_wconf 76' lang='grc' dir='ltr'>Φλαυίου</span> <span class='ocrx_word' id='word_1_682' title='bbox 573 5002 641 5057; x_wconf 77' lang='grc' dir='ltr'><strong>Α.</strong></span> <span class='ocrx_word' id='word_1_683' title='bbox 713 4999 760 5031; x_wconf 78' lang='grc'><strong>⁸⁸</strong></span> <span class='ocrx_word' id='word_1_684' title='bbox 786 4996 1026 5071; x_wconf 78' lang='grc' dir='ltr'>πρῶτος[</span> <span class='ocrx_word' id='word_1_685' title='bbox 1055 5000 1091 5052; x_wconf 83' lang='grc' dir='ltr'>ἃ</span> <span class='ocrx_word' id='word_1_686' title='bbox 1120 4996 1166 5053; x_wconf 84' lang='grc' dir='ltr'><strong>Δ</strong></span> <span class='ocrx_word' id='word_1_687' title='bbox 1196 5016 1209 5051; x_wconf 91' lang='lat'>:</span> <span class='ocrx_word' id='word_1_688' title='bbox 1242 4997 1427 5068; x_wconf 79' lang='grc' dir='ltr'>ὄγδοος</span> <span class='ocrx_word' id='word_1_689' title='bbox 1464 5016 1524 5063; x_wconf 83' lang='grc' dir='ltr'>ς.</span> 
     </span>
    </p>
   </div>
   <div class='ocr_carea' id='block_1_99' title="bbox 654 4926 3481 5017">
    <p class='ocr_par' dir='ltr' id='par_1_99' title="bbox 654 4926 3481 5017">
     <span class='ocr_line' id='line_1_101' title="bbox 654 4926 3481 5017; baseline -0.001 0"><span class='ocrx_word' id='word_1_690' title='bbox 654 4943 805 5017; x_wconf 49' lang='lat' dir='ltr'><strong>ovs.“</strong></span> <span class='ocrx_word' id='word_1_691' title='bbox 842 4927 1027 5017; x_wconf 60' lang='grc' dir='ltr'>εκ,ῗῖ</span> <span class='ocrx_word' id='word_1_692' title='bbox 1056 4926 1527 5017; x_wconf 35' lang='lat' dir='ltr'><strong>senescere;</strong></span> <span class='ocrx_word' id='word_1_693' title='bbox 1572 4947 1666 5017; x_wconf 70' lang='grc' dir='ltr'><strong>ςι.</strong></span> <span class='ocrx_word' id='word_1_694' title='bbox 1710 4932 1754 4964; x_wconf 84' lang='grc'><strong>¹⁷</strong></span> <span class='ocrx_word' id='word_1_695' title='bbox 1782 4934 1877 5017; x_wconf 52' lang='grc' dir='ltr'><strong>καὶ</strong></span> <span class='ocrx_word' id='word_1_696' title='bbox 1919 4935 1988 4988; x_wconf 71' lang='grc' dir='ltr'><strong>τά</strong></span> <span class='ocrx_word' id='word_1_697' title='bbox 2028 4938 2155 5017; x_wconf 66' lang='grc' dir='ltr'><strong>ἑξῆς</strong></span> <span class='ocrx_word' id='word_1_698' title='bbox 2192 4958 2268 5004; x_wconf 74' lang='grc' dir='ltr'>ςο</span> <span class='ocrx_word' id='word_1_699' title='bbox 2296 4940 2393 5017; x_wconf 63' lang='lat' dir='ltr'><strong>isis</strong></span> <span class='ocrx_word' id='word_1_700' title='bbox 2432 4952 2485 4994; x_wconf 77' lang='grc' dir='ltr'><strong>ει</strong></span> <span class='ocrx_word' id='word_1_701' title='bbox 2520 4940 2678 5017; x_wconf 63' lang='lat' dir='ltr'><strong>inire:</strong></span> <span class='ocrx_word' id='word_1_702' title='bbox 2718 4943 2912 5017; x_wconf 78' lang='grc' dir='ltr'><strong>τοῦ</strong></span> <span class='ocrx_word' id='word_1_703' title='bbox 2960 4944 3098 5017; x_wconf 66' lang='grc' dir='ltr'>αὕτη</span> <span class='ocrx_word' id='word_1_704' title='bbox 3143 4948 3265 5003; x_wconf 75' lang='lat' dir='ltr'><strong>add.</strong></span> <span class='ocrx_word' id='word_1_705' title='bbox 3317 4965 3373 5004; x_wconf 80' lang='lat' dir='ltr'><strong>rc</strong></span> <span class='ocrx_word' id='word_1_706' title='bbox 3415 4949 3481 5006; x_wconf 79' lang='grc' dir='ltr'><strong>Α.</strong></span> 
     </span>
    </p>
   </div>
   <div class='ocr_carea' id='block_1_100' title="bbox 1627 5002 2818 5078">
    <p class='ocr_par' dir='ltr' id='par_1_100' title="bbox 1627 5002 2818 5078">
     <span class='ocr_line' id='line_1_102' title="bbox 1627 5002 2818 5078; baseline 0.009 -21"><span class='ocrx_word' id='word_1_707' title='bbox 1627 5002 1668 5032; x_wconf 84' lang='grc'>²¹</span> <span class='ocrx_word' id='word_1_708' title='bbox 1705 5012 1829 5071; x_wconf 80' lang='lat' dir='ltr'><strong>post</strong></span> <span class='ocrx_word' id='word_1_709' title='bbox 1855 5002 2173 5074; x_wconf 82' lang='grc' dir='ltr'>προσειπεῖν</span> <span class='ocrx_word' id='word_1_710' title='bbox 2200 5002 2324 5065; x_wconf 82' lang='lat' dir='ltr'><strong>cum</strong></span> <span class='ocrx_word' id='word_1_711' title='bbox 2357 5010 2403 5065; x_wconf 84' lang='lat' dir='ltr'><strong>A</strong></span> <span class='ocrx_word' id='word_1_712' title='bbox 2435 5012 2594 5068; x_wconf 88' lang='lat' dir='ltr'><strong>omisi</strong></span> <span class='ocrx_word' id='word_1_713' title='bbox 2620 5012 2818 5078; x_wconf 77' lang='grc' dir='ltr'>ἔδοξεν.</span> 
     </span>
    </p>
   </div>
   <div class='ocr_carea' id='block_1_101' title="bbox 1746 5094 1981 5154">
    <p class='ocr_par' dir='ltr' id='par_1_101' title="bbox 1746 5094 1981 5154">
     <span class='ocr_line' id='line_1_103' title="bbox 1746 5094 1981 5154; baseline 0.013 -4"><span class='ocrx_word' id='word_1_714' title='bbox 1746 5094 1981 5154; x_wconf 71' lang='lat' dir='ltr'><strong>NOTAE.</strong></span> 
     </span>
    </p>
   </div>
   <div class='ocr_carea' id='block_1_102' title="bbox 306 5094 2879 5265">
    <p class='ocr_par' dir='ltr' id='par_1_102' title="bbox 306 5094 2879 5265">
     <span class='ocr_line' id='line_1_104' title="bbox 1746 5094 1981 5154; baseline 0.017 -5"><span class='ocrx_word' id='word_1_715' title='bbox 1746 5094 1789 5149; x_wconf 87' lang='lat' dir='ltr'><strong>N</strong></span> <span class='ocrx_word' id='word_1_716' title='bbox 1890 5097 1981 5154; x_wconf 75' lang='grc' dir='ltr'><strong>ΑΞ.</strong></span> 
     </span>
     <span class='ocr_line' id='line_1_105' title="bbox 306 5094 2879 5265; baseline -0 -22"><span class='ocrx_word' id='word_1_717' title='bbox 306 5186 620 5265; x_wconf 38' lang='grc' dir='ltr'>(ϐω-Ριιεῃ.</span> <span class='ocrx_word' id='word_1_718' title='bbox 641 5181 1142 5265; x_wconf 58' lang='grc' dir='ltr'>ΙῙὶιειιιετΡΙιοιὶιις,</span> <span class='ocrx_word' id='word_1_719' title='bbox 1172 5193 1228 5237; x_wconf 83' lang='grc' dir='ltr'><strong>ιιι</strong></span> <span class='ocrx_word' id='word_1_720' title='bbox 1262 5197 1381 5265; x_wconf 65' lang='lat' dir='ltr'><strong>quae</strong></span> <span class='ocrx_word' id='word_1_721' title='bbox 1412 5184 1465 5239; x_wconf 92' lang='lat' dir='ltr'><strong>in</strong></span> <span class='ocrx_word' id='word_1_722' title='bbox 1505 5186 1610 5254; x_wconf 88' lang='lat' dir='ltr'><strong>piis</strong></span> <span class='ocrx_word' id='word_1_723' title='bbox 1642 5094 1884 5265; x_wconf 83' lang='lat' dir='ltr'><strong>repe-_0T</strong></span> <span class='ocrx_word' id='word_1_724' title='bbox 1902 5190 2373 5265; x_wconf 59' lang='lat' dir='ltr'><strong>nernfacientium</strong></span> <span class='ocrx_word' id='word_1_725' title='bbox 2402 5210 2500 5265; x_wconf 88' lang='lat' dir='ltr'><strong>per</strong></span> <span class='ocrx_word' id='word_1_726' title='bbox 2532 5212 2622 5252; x_wconf 85' lang='lat' dir='ltr'><strong>me</strong></span> <span class='ocrx_word' id='word_1_727' title='bbox 2655 5197 2879 5253; x_wconf 69' lang='lat' dir='ltr'><strong>dixeris,</strong></span> 
     </span>
    </p>
   </div>
   <div class='ocr_carea' id='block_1_103' title="bbox 240 5254 1802 5327">
    <p class='ocr_par' dir='ltr' id='par_1_103' title="bbox 240 5254 1802 5327">
     <span class='ocr_line' id='line_1_106' title="bbox 240 5254 1802 5327; baseline -0.002 -13"><span class='ocrx_word' id='word_1_728' title='bbox 240 5262 312 5314; x_wconf 91' lang='lat' dir='ltr'><strong>rit</strong></span> <span class='ocrx_word' id='word_1_729' title='bbox 347 5254 707 5327; x_wconf 76' lang='lat' dir='ltr'><strong>scriptoribus</strong></span> <span class='ocrx_word' id='word_1_730' title='bbox 738 5268 853 5327; x_wconf 74' lang='lat' dir='ltr'><strong>pro</strong></span> <span class='ocrx_word' id='word_1_731' title='bbox 880 5255 1171 5327; x_wconf 80' lang='lat' dir='ltr'><strong>imaginum</strong></span> <span class='ocrx_word' id='word_1_732' title='bbox 1200 5254 1346 5327; x_wconf 74' lang='lat' dir='ltr'><strong>cultu</strong></span> <span class='ocrx_word' id='word_1_733' title='bbox 1379 5266 1623 5319; x_wconf 87' lang='lat' dir='ltr'><strong>annotet,</strong></span> <span class='ocrx_word' id='word_1_734' title='bbox 1659 5254 1802 5324; x_wconf 88' lang='lat' dir='ltr'><strong>quod</strong></span> 
     </span>
    </p>
   </div>
   <div class='ocr_carea' id='block_1_104' title="bbox 1976 5261 3479 5336">
    <p class='ocr_par' dir='ltr' id='par_1_104' title="bbox 1976 5261 3479 5336">
     <span class='ocr_line' id='line_1_107' title="bbox 1976 5261 3479 5336; baseline 0.013 -25"><span class='ocrx_word' id='word_1_735' title='bbox 1976 5261 2088 5336; x_wconf 81' lang='lat'><strong>(6&#39;7)</strong></span> <span class='ocrx_word' id='word_1_736' title='bbox 2123 5263 2323 5336; x_wconf 80' lang='lat' dir='ltr'><strong>Euseb.</strong></span> <span class='ocrx_word' id='word_1_737' title='bbox 2352 5261 2504 5333; x_wconf 78' lang='lat' dir='ltr'><strong>supr.</strong></span> <span class='ocrx_word' id='word_1_738' title='bbox 2535 5269 2866 5336; x_wconf 86' lang='lat' dir='ltr'><strong>singularem</strong></span> <span class='ocrx_word' id='word_1_739' title='bbox 2884 5271 3026 5327; x_wconf 90' lang='lat' dir='ltr'><strong>hunc</strong></span> <span class='ocrx_word' id='word_1_740' title='bbox 3046 5272 3287 5327; x_wconf 89' lang='lat' dir='ltr'><strong>libellum</strong></span> <span class='ocrx_word' id='word_1_741' title='bbox 3318 5272 3479 5330; x_wconf 84' lang='lat' dir='ltr'><strong>facit:</strong></span> 
     </span>
    </p>
   </div>
   <div class='ocr_carea' id='block_1_105' title="bbox 235 5321 3481 5413">
    <p class='ocr_par' dir='ltr' id='par_1_105' title="bbox 235 5321 3481 5413">
     <span class='ocr_line' id='line_1_108' title="bbox 235 5321 3481 5413; baseline 0.005 -29"><span class='ocrx_word' id='word_1_742' title='bbox 235 5321 477 5413; x_wconf 52' lang='lat' dir='ltr'><strong>vigeret</strong></span> <span class='ocrx_word' id='word_1_743' title='bbox 501 5337 649 5413; x_wconf 59' lang='lat' dir='ltr'><strong>giae.</strong></span> <span class='ocrx_word' id='word_1_744' title='bbox 676 5321 957 5413; x_wconf 44' lang='grc' dir='ltr'>ραξιιλιιεξξ</span> <span class='ocrx_word' id='word_1_745' title='bbox 988 5321 1293 5413; x_wconf 32' lang='lat' dir='ltr'><strong>Scriberet:</strong></span> <span class='ocrx_word' id='word_1_746' title='bbox 1319 5321 1803 5413; x_wconf 48' lang='lat' dir='ltr'><strong>l&#39;ggriggnactw’rugi</strong></span> <span class='ocrx_word' id='word_1_747' title='bbox 1902 5341 1959 5413; x_wconf 71' lang='lat' dir='ltr'><strong>et</strong></span> <span class='ocrx_word' id='word_1_748' title='bbox 1983 5321 2050 5413; x_wconf 59' lang='lat' dir='ltr'><strong>1n</strong></span> <span class='ocrx_word' id='word_1_749' title='bbox 2070 5321 2249 5413; x_wconf 60' lang='lat' dir='ltr'><strong>&#39;editis</strong></span> <span class='ocrx_word' id='word_1_750' title='bbox 2272 5321 2536 5413; x_wconf 69' lang='lat' dir='ltr'><strong>omnibus</strong></span> <span class='ocrx_word' id='word_1_751' title='bbox 2563 5321 2692 5413; x_wconf 66' lang='lat' dir='ltr'><strong>illud</strong></span> <span class='ocrx_word' id='word_1_752' title='bbox 2721 5321 3481 5413; x_wconf 58' lang='grc' dir='ltr'><strong>διίέῖιιὶιῖὶῑέ’Ξῆῐιῖιὶίιεέίῖιὶιέ</strong></span> 
     </span>
    </p>
   </div>
   <div class='ocr_carea' id='block_1_106' title="bbox 236 5389 1803 5455">
    <p class='ocr_par' dir='ltr' id='par_1_106' title="bbox 236 5389 1803 5455">
     <span class='ocr_line' id='line_1_109' title="bbox 236 5389 1803 5455; baseline -0.001 0"><span class='ocrx_word' id='word_1_753' title='bbox 236 5389 484 5455; x_wconf 67' lang='grc' dir='ltr'><strong>ιιὲτεείε.</strong></span> <span class='ocrx_word' id='word_1_754' title='bbox 506 5389 645 5451; x_wconf 81' lang='lat' dir='ltr'><strong>Vide</strong></span> <span class='ocrx_word' id='word_1_755' title='bbox 669 5410 714 5449; x_wconf 88' lang='lat' dir='ltr'><strong>s.</strong></span> <span class='ocrx_word' id='word_1_756' title='bbox 742 5393 862 5448; x_wconf 90' lang='lat' dir='ltr'><strong>cod.</strong></span> <span class='ocrx_word' id='word_1_757' title='bbox 890 5392 979 5454; x_wconf 75' lang='lat'><strong>29,</strong></span> <span class='ocrx_word' id='word_1_758' title='bbox 1008 5400 1063 5447; x_wconf 87' lang='lat' dir='ltr'><strong>et</strong></span> <span class='ocrx_word' id='word_1_759' title='bbox 1086 5389 1213 5446; x_wconf 86' lang='lat' dir='ltr'><strong>iul&#39;r.</strong></span> <span class='ocrx_word' id='word_1_760' title='bbox 1246 5396 1299 5447; x_wconf 90' lang='lat' dir='ltr'><strong>in</strong></span> <span class='ocrx_word' id='word_1_761' title='bbox 1329 5391 1508 5449; x_wconf 89' lang='lat' dir='ltr'><strong>Pierio</strong></span> <span class='ocrx_word' id='word_1_762' title='bbox 1534 5396 1655 5449; x_wconf 82' lang='lat' dir='ltr'><strong>cod.</strong></span> <span class='ocrx_word' id='word_1_763' title='bbox 1681 5396 1803 5453; x_wconf 80' lang='grc'><strong>119.</strong></span> 
     </span>
    </p>
   </div>
   <div class='ocr_carea' id='block_1_107' title="bbox 309 5461 1811 5541">
    <p class='ocr_par' dir='ltr' id='par_1_107' title="bbox 309 5461 1811 5541">
     <span class='ocr_line' id='line_1_110' title="bbox 309 5461 1811 5541; baseline -0.001 -17"><span class='ocrx_word' id='word_1_764' title='bbox 309 5469 426 5541; x_wconf 72' lang='grc'>(64)</span> <span class='ocrx_word' id='word_1_765' title='bbox 482 5466 609 5524; x_wconf 81' lang='grc' dir='ltr'>,Τοῦ</span> <span class='ocrx_word' id='word_1_766' title='bbox 646 5463 837 5534; x_wconf 78' lang='grc' dir='ltr'>ήθιιιοῦ</span> <span class='ocrx_word' id='word_1_767' title='bbox 864 5461 1058 5532; x_wconf 82' lang='grc' dir='ltr'>τύπου,</span> <span class='ocrx_word' id='word_1_768' title='bbox 1110 5478 1207 5531; x_wconf 85' lang='lat' dir='ltr'><strong>pro</strong></span> <span class='ocrx_word' id='word_1_769' title='bbox 1251 5478 1359 5534; x_wconf 93' lang='lat' dir='ltr'><strong>quo</strong></span> <span class='ocrx_word' id='word_1_770' title='bbox 1405 5465 1493 5519; x_wconf 91' lang='lat' dir='ltr'><strong>alii</strong></span> <span class='ocrx_word' id='word_1_771' title='bbox 1524 5466 1689 5520; x_wconf 84' lang='grc' dir='ltr'>τόπου</span> <span class='ocrx_word' id='word_1_772' title='bbox 1735 5468 1811 5523; x_wconf 63' lang='lat' dir='ltr'><strong>leo</strong></span> 
     </span>
    </p>
   </div>
   <div class='ocr_carea' id='block_1_108' title="bbox 234 5550 1805 5677">
    <p class='ocr_par' dir='ltr' id='par_1_108' title="bbox 234 5550 1805 5677">
     <span class='ocr_line' id='line_1_111' title="bbox 234 5550 1805 5677; baseline 0.002 -14"><span class='ocrx_word' id='word_1_773' title='bbox 234 5550 427 5677; x_wconf 55' lang='grc' dir='ltr'><strong>Βυῗὲἐ)</strong></span> <span class='ocrx_word' id='word_1_774' title='bbox 448 5607 617 5674; x_wconf 85' lang='lat' dir='ltr'><strong>Quem</strong></span> <span class='ocrx_word' id='word_1_775' title='bbox 644 5605 858 5677; x_wconf 72' lang='lat' dir='ltr'><strong>titulum</strong></span> <span class='ocrx_word' id='word_1_776' title='bbox 880 5604 1109 5677; x_wconf 72' lang='lat' dir='ltr'><strong>totidem</strong></span> <span class='ocrx_word' id='word_1_777' title='bbox 1135 5602 1420 5677; x_wconf 70' lang='lat' dir='ltr'><strong>elementis</strong></span> <span class='ocrx_word' id='word_1_778' title='bbox 1449 5607 1587 5677; x_wconf 81' lang='lat' dir='ltr'><strong>apud</strong></span> <span class='ocrx_word' id='word_1_779' title='bbox 1606 5607 1805 5666; x_wconf 87' lang='lat' dir='ltr'><strong>Euseb.</strong></span> 
     </span>
    </p>
   </div>
   <div class='ocr_carea' id='block_1_109' title="bbox 234 5674 1809 5749">
    <p class='ocr_par' dir='ltr' id='par_1_109' title="bbox 234 5674 1809 5749">
     <span class='ocr_line' id='line_1_112' title="bbox 234 5674 1809 5749; baseline -0.001 -14"><span class='ocrx_word' id='word_1_780' title='bbox 234 5674 360 5749; x_wconf 81' lang='lat' dir='ltr'><strong>lego</strong></span> <span class='ocrx_word' id='word_1_781' title='bbox 394 5674 598 5733; x_wconf 79' lang='lat' dir='ltr'><strong>Eccles.</strong></span> <span class='ocrx_word' id='word_1_782' title='bbox 634 5674 839 5730; x_wconf 79' lang='lat' dir='ltr'><strong>Hister.</strong></span> <span class='ocrx_word' id='word_1_783' title='bbox 876 5674 967 5727; x_wconf 90' lang='lat' dir='ltr'><strong>lib.</strong></span> <span class='ocrx_word' id='word_1_784' title='bbox 994 5689 1067 5749; x_wconf 69' lang='lat' dir='ltr'><strong>vr.</strong></span> <span class='ocrx_word' id='word_1_785' title='bbox 1102 5689 1153 5731; x_wconf 89' lang='lat' dir='ltr'><strong>c.</strong></span> <span class='ocrx_word' id='word_1_786' title='bbox 1188 5675 1334 5749; x_wconf 45' lang='grc' dir='ltr'>Ἶροι</span> <span class='ocrx_word' id='word_1_787' title='bbox 1368 5674 1534 5749; x_wconf 81' lang='lat' dir='ltr'><strong>ipsius</strong></span> <span class='ocrx_word' id='word_1_788' title='bbox 1558 5676 1809 5735; x_wconf 85' lang='lat' dir='ltr'><strong>Clemen-</strong></span> 
     </span>
    </p>
   </div>
   <div class='ocr_carea' id='block_1_110' title="bbox 1904 5401 2734 5477">
    <p class='ocr_par' dir='ltr' id='par_1_110' title="bbox 1904 5401 2734 5477">
     <span class='ocr_line' id='line_1_113' title="bbox 1904 5401 2734 5477; baseline 0.004 -19"><span class='ocrx_word' id='word_1_789' title='bbox 1904 5401 2245 5477; x_wconf 74' lang='lat' dir='ltr'><strong>pbilosophis</strong></span> <span class='ocrx_word' id='word_1_790' title='bbox 2271 5405 2487 5477; x_wconf 71' lang='lat' dir='ltr'><strong>initium</strong></span> <span class='ocrx_word' id='word_1_791' title='bbox 2521 5407 2734 5477; x_wconf 86' lang='lat' dir='ltr'><strong>legitur.</strong></span> 
     </span>
    </p>
   </div>
   <div class='ocr_carea' id='block_1_111' title="bbox 1980 5474 3481 5549">
    <p class='ocr_par' dir='ltr' id='par_1_111' title="bbox 1980 5474 3481 5549">
     <span class='ocr_line' id='line_1_114' title="bbox 1980 5474 3481 5549; baseline 0.007 -22"><span class='ocrx_word' id='word_1_792' title='bbox 1980 5474 2089 5549; x_wconf 55' lang='grc' dir='ltr'>(ϐξ)</span> <span class='ocrx_word' id='word_1_793' title='bbox 2121 5474 2286 5531; x_wconf 88' lang='lat' dir='ltr'><strong>Divus</strong></span> <span class='ocrx_word' id='word_1_794' title='bbox 2322 5474 2681 5549; x_wconf 65' lang='lat' dir='ltr'><strong>llierouymus</strong></span> <span class='ocrx_word' id='word_1_795' title='bbox 2707 5479 2799 5535; x_wconf 94' lang='lat' dir='ltr'><strong>lib.</strong></span> <span class='ocrx_word' id='word_1_796' title='bbox 2826 5479 2904 5535; x_wconf 84' lang='lat' dir='ltr'><strong>De</strong></span> <span class='ocrx_word' id='word_1_797' title='bbox 2953 5482 3319 5549; x_wconf 82' lang='lat' dir='ltr'><strong>ecclesiasticis</strong></span> <span class='ocrx_word' id='word_1_798' title='bbox 3354 5502 3481 5539; x_wconf 80' lang='lat' dir='ltr'><strong>scrt-</strong></span> 
     </span>
    </p>
   </div>
   <div class='ocr_carea' id='block_1_112' title="bbox 1909 5545 3482 5620">
    <p class='ocr_par' dir='ltr' id='par_1_112' title="bbox 1909 5545 3482 5620">
     <span class='ocr_line' id='line_1_115' title="bbox 1909 5545 3482 5620; baseline 0.007 -23"><span class='ocrx_word' id='word_1_799' title='bbox 1909 5545 2146 5614; x_wconf 84' lang='lat' dir='ltr'><strong>ptoribus</strong></span> <span class='ocrx_word' id='word_1_800' title='bbox 2182 5560 2310 5620; x_wconf 77' lang='lat' dir='ltr'><strong>cap.</strong></span> <span class='ocrx_word' id='word_1_801' title='bbox 2343 5546 2433 5620; x_wconf 57' lang='grc' dir='ltr'><strong>ὅθ.</strong></span> <span class='ocrx_word' id='word_1_802' title='bbox 2466 5545 2673 5613; x_wconf 86' lang='lat' dir='ltr'><strong>Quibus</strong></span> <span class='ocrx_word' id='word_1_803' title='bbox 2700 5549 2839 5605; x_wconf 86' lang='lat' dir='ltr'><strong>adde</strong></span> <span class='ocrx_word' id='word_1_804' title='bbox 2866 5553 2933 5606; x_wconf 87' lang='lat' dir='ltr'><strong>ab</strong></span> <span class='ocrx_word' id='word_1_805' title='bbox 2961 5546 3192 5620; x_wconf 81' lang='lat' dir='ltr'><strong>ipsoinet</strong></span> <span class='ocrx_word' id='word_1_806' title='bbox 3217 5554 3380 5608; x_wconf 86' lang='lat' dir='ltr'><strong>citata</strong></span> <span class='ocrx_word' id='word_1_807' title='bbox 3408 5555 3482 5608; x_wconf 74' lang='lat' dir='ltr'><strong>lie</strong></span> 
     </span>
    </p>
   </div>
   <div class='ocr_carea' id='block_1_113' title="bbox 1912 5616 3483 5688">
    <p class='ocr_par' dir='ltr' id='par_1_113' title="bbox 1912 5616 3483 5688">
     <span class='ocr_line' id='line_1_116' title="bbox 1912 5616 3483 5688; baseline 0.005 -19"><span class='ocrx_word' id='word_1_808' title='bbox 1912 5616 2461 5688; x_wconf 53' lang='lat' dir='ltr'><strong>resurrectione,_De</strong></span> <span class='ocrx_word' id='word_1_809' title='bbox 2517 5620 2743 5686; x_wconf 84' lang='lat' dir='ltr'><strong>nuptiis,</strong></span> <span class='ocrx_word' id='word_1_810' title='bbox 2792 5620 2868 5675; x_wconf 85' lang='lat' dir='ltr'><strong>De</strong></span> <span class='ocrx_word' id='word_1_811' title='bbox 2914 5616 3257 5688; x_wconf 77' lang='lat' dir='ltr'><strong>continentia,</strong></span> <span class='ocrx_word' id='word_1_812' title='bbox 3310 5634 3365 5677; x_wconf 88' lang='lat' dir='ltr'><strong>et</strong></span> <span class='ocrx_word' id='word_1_813' title='bbox 3412 5625 3483 5677; x_wconf 83' lang='lat' dir='ltr'><strong>ab</strong></span> 
     </span>
    </p>
   </div>
   <div class='ocr_carea' id='block_1_114' title="bbox 1909 5684 3478 5764">
    <p class='ocr_par' dir='ltr' id='par_1_114' title="bbox 1909 5684 3478 5764">
     <span class='ocr_line' id='line_1_117' title="bbox 1909 5684 3478 5764; baseline 0.005 -25"><span class='ocrx_word' id='word_1_814' title='bbox 1909 5685 2107 5764; x_wconf 80' lang='lat' dir='ltr'><strong>Euseb.</strong></span> <span class='ocrx_word' id='word_1_815' title='bbox 2140 5685 2284 5764; x_wconf 81' lang='lat' dir='ltr'><strong>Hist.</strong></span> <span class='ocrx_word' id='word_1_816' title='bbox 2322 5684 2525 5764; x_wconf 83' lang='lat' dir='ltr'><strong>E_ccle_s.</strong></span> <span class='ocrx_word' id='word_1_817' title='bbox 2568 5684 2673 5751; x_wconf 81' lang='lat' dir='ltr'><strong>lib.</strong></span> <span class='ocrx_word' id='word_1_818' title='bbox 2722 5704 2797 5755; x_wconf 85' lang='lat' dir='ltr'><strong>vt,</strong></span> <span class='ocrx_word' id='word_1_819' title='bbox 2827 5708 2947 5763; x_wconf 80' lang='lat' dir='ltr'><strong>cap.</strong></span> <span class='ocrx_word' id='word_1_820' title='bbox 2990 5694 3078 5761; x_wconf 82' lang='lat' dir='ltr'><strong>ll,</strong></span> <span class='ocrx_word' id='word_1_821' title='bbox 3118 5693 3191 5749; x_wconf 85' lang='lat' dir='ltr'><strong>De</strong></span> <span class='ocrx_word' id='word_1_822' title='bbox 3215 5684 3478 5764; x_wconf 76' lang='lat' dir='ltr'><strong>patientia</strong></span> 
     </span>
    </p>
   </div>
   <div class='ocr_carea' id='block_1_115' title="bbox 237 5745 2548 5824">
    <p class='ocr_par' dir='ltr' id='par_1_115' title="bbox 237 5745 2548 5824">
     <span class='ocr_line' id='line_1_118' title="bbox 237 5745 2548 5824; baseline 0.003 -19"><span class='ocrx_word' id='word_1_823' title='bbox 237 5745 321 5805; x_wconf 61' lang='lat' dir='ltr'><strong>lis</strong></span> <span class='ocrx_word' id='word_1_824' title='bbox 353 5750 457 5824; x_wconf 50' lang='lat' dir='ltr'><strong>lib.</strong></span> <span class='ocrx_word' id='word_1_825' title='bbox 478 5765 520 5813; x_wconf 82' lang='grc' dir='ltr'><strong>ι,</strong></span> <span class='ocrx_word' id='word_1_826' title='bbox 554 5763 637 5815; x_wconf 84' lang='lat' dir='ltr'><strong>In,</strong></span> <span class='ocrx_word' id='word_1_827' title='bbox 664 5756 719 5801; x_wconf 87' lang='lat' dir='ltr'><strong>et</strong></span> <span class='ocrx_word' id='word_1_828' title='bbox 755 5761 811 5810; x_wconf 87' lang='lat' dir='ltr'><strong>v,</strong></span> <span class='ocrx_word' id='word_1_829' title='bbox 837 5745 1095 5800; x_wconf 78' lang='lat' dir='ltr'><strong>extremis</strong></span> <span class='ocrx_word' id='word_1_830' title='bbox 1122 5746 1321 5811; x_wconf 84' lang='lat' dir='ltr'><strong>verbis,</strong></span> <span class='ocrx_word' id='word_1_831' title='bbox 1354 5745 1483 5801; x_wconf 83' lang='lat' dir='ltr'><strong>alibi</strong></span> <span class='ocrx_word' id='word_1_832' title='bbox 1509 5764 1614 5802; x_wconf 90' lang='lat' dir='ltr'><strong>nou</strong></span> <span class='ocrx_word' id='word_1_833' title='bbox 1636 5752 1806 5806; x_wconf 86' lang='lat' dir='ltr'><strong>sctucl</strong></span> <span class='ocrx_word' id='word_1_834' title='bbox 1908 5756 1978 5809; x_wconf 86' lang='lat' dir='ltr'><strong>ad</strong></span> <span class='ocrx_word' id='word_1_835' title='bbox 2020 5772 2195 5808; x_wconf 87' lang='lat' dir='ltr'><strong>recens</strong></span> <span class='ocrx_word' id='word_1_836' title='bbox 2229 5746 2548 5824; x_wconf 74' lang='lat' dir='ltr'><strong>baptizatos.</strong></span> 
     </span>
    </p>
   </div>
   <div class='ocr_carea' id='block_1_116' title="bbox 238 5819 1795 5963">
    <p class='ocr_par' dir='ltr' id='par_1_116' title="bbox 238 5819 1795 5963">
     <span class='ocr_line' id='line_1_119' title="bbox 238 5819 1795 5963; baseline 0.001 -18"><span class='ocrx_word' id='word_1_837' title='bbox 238 5819 775 5963; x_wconf 55' lang='lat' dir='ltr'><strong>re‘(giil)uliognitione</strong></span> <span class='ocrx_word' id='word_1_838' title='bbox 806 5882 1146 5953; x_wconf 76' lang='lat' dir='ltr'><strong>refertarum,</strong></span> <span class='ocrx_word' id='word_1_839' title='bbox 1178 5885 1291 5943; x_wconf 84' lang='lat' dir='ltr'><strong>sive</strong></span> <span class='ocrx_word' id='word_1_840' title='bbox 1334 5887 1498 5945; x_wconf 87' lang='lat' dir='ltr'><strong>etiam</strong></span> <span class='ocrx_word' id='word_1_841' title='bbox 1528 5889 1795 5960; x_wconf 80' lang='lat' dir='ltr'><strong>cognitio-</strong></span> 
     </span>
    </p>
   </div>
   <div class='ocr_carea' id='block_1_117' title="bbox 1974 5826 2818 5897">
    <p class='ocr_par' dir='ltr' id='par_1_117' title="bbox 1974 5826 2818 5897">
     <span class='ocr_line' id='line_1_120' title="bbox 1974 5826 2818 5897; baseline 0.005 -17"><span class='ocrx_word' id='word_1_842' title='bbox 1974 5826 2087 5885; x_wconf 74' lang='lat'><strong>169)</strong></span> <span class='ocrx_word' id='word_1_843' title='bbox 2116 5826 2485 5897; x_wconf 78' lang='lat' dir='ltr'><strong>Coguomcnto</strong></span> <span class='ocrx_word' id='word_1_844' title='bbox 2513 5828 2818 5886; x_wconf 85' lang='lat' dir='ltr'><strong>Caracalla.</strong></span> 
     </span>
    </p>
   </div>
  </div>
