  <div class='ocr_page' id='page_1' title='image "/cluster/home/n/w/nwhite01/storage/ocr_20150623/103/hvd.32044018872861/201.png"; bbox 0 0 4090 6420; ppageno 0'>
   <div class='ocr_carea' id='block_1_1' title="bbox 639 377 2215 445">
    <p class='ocr_par' dir='ltr' id='par_1_1' title="bbox 639 377 2215 444">
     <span class='ocr_line' id='line_1_1' title="bbox 639 377 2215 444; baseline -0.011 13"><span class='ocrx_word' id='word_1_1' title='bbox 639 377 743 440; x_wconf 87' lang='lat'><strong>387</strong></span> <span class='ocrx_word' id='word_1_2' title='bbox 1799 382 2067 444; x_wconf 83' lang='lat' dir='ltr'><strong>PHOTII</strong></span> <span class='ocrx_word' id='word_1_3' title='bbox 2098 380 2215 440; x_wconf 84' lang='lat' dir='ltr'><strong>PA&#39;]</strong></span> 
     </span>
    </p>
   </div>
   <div class='ocr_carea' id='block_1_2' title="bbox 2318 377 3904 445">
    <p class='ocr_par' dir='ltr' id='par_1_2' title="bbox 2318 378 3904 445">
     <span class='ocr_line' id='line_1_2' title="bbox 2318 378 3904 445; baseline 0.006 -10"><span class='ocrx_word' id='word_1_4' title='bbox 2318 378 2599 438; x_wconf 65' lang='lat' dir='ltr'><strong>IARCHZE</strong></span> <span class='ocrx_word' id='word_1_5' title='bbox 2638 381 2744 444; x_wconf 89' lang='lat' dir='ltr'><strong>CP.</strong></span> <span class='ocrx_word' id='word_1_6' title='bbox 3804 381 3904 445; x_wconf 80' lang='lat'><strong>388</strong></span> 
     </span>
    </p>
   </div>
   <div class='ocr_carea' id='block_1_3' title="bbox 642 483 2215 561">
    <p class='ocr_par' dir='ltr' id='par_1_3' title="bbox 642 487 2215 546">
     <span class='ocr_line' id='line_1_3' title="bbox 642 487 2215 546; baseline 0 -2"><span class='ocrx_word' id='word_1_7' title='bbox 642 506 786 544; x_wconf 76' lang='lat' dir='ltr'><strong>mana</strong></span> <span class='ocrx_word' id='word_1_8' title='bbox 813 489 941 544; x_wconf 88' lang='lat' dir='ltr'><strong>duo.</strong></span> <span class='ocrx_word' id='word_1_9' title='bbox 992 487 1194 544; x_wconf 84' lang='lat' dir='ltr'><strong>llorum</strong></span> <span class='ocrx_word' id='word_1_10' title='bbox 1225 489 1382 545; x_wconf 88' lang='lat' dir='ltr'><strong>alteri</strong></span> <span class='ocrx_word' id='word_1_11' title='bbox 1415 490 1504 546; x_wconf 87' lang='lat' dir='ltr'><strong>liic</strong></span> <span class='ocrx_word' id='word_1_12' title='bbox 1555 498 1640 545; x_wconf 82' lang='lat' dir='ltr'><strong>est.</strong></span> <span class='ocrx_word' id='word_1_13' title='bbox 1682 490 1871 546; x_wconf 85' lang='lat' dir='ltr'><strong>titulus</strong></span> <span class='ocrx_word' id='word_1_14' title='bbox 1901 511 1914 544; x_wconf 91' lang='lat'>:</span> <span class='ocrx_word' id='word_1_15' title='bbox 1948 491 2215 545; x_wconf 82' lang='lat' dir='ltr'><strong>Constitu-</strong></span> 
     </span>
    </p>
   </div>
   <div class='ocr_carea' id='block_1_4' title="bbox 2318 483 3906 561">
    <p class='ocr_par' dir='ltr' id='par_1_4' title="bbox 2319 483 3906 561">
     <span class='ocr_line' id='line_1_4' title="bbox 2319 483 3906 561; baseline 0.001 -19"><span class='ocrx_word' id='word_1_16' title='bbox 2319 490 2485 561; x_wconf 83' lang='grc' dir='ltr'>τεύχη</span> <span class='ocrx_word' id='word_1_17' title='bbox 2507 491 2730 560; x_wconf 85' lang='grc' dir='ltr'><strong>βιϐλίων</strong></span> <span class='ocrx_word' id='word_1_18' title='bbox 2749 490 2866 556; x_wconf 82' lang='grc' dir='ltr'><strong>δύο,</strong></span> <span class='ocrx_word' id='word_1_19' title='bbox 2893 483 2967 543; x_wconf 81' lang='grc' dir='ltr'><strong>ὧν</strong></span> <span class='ocrx_word' id='word_1_20' title='bbox 2991 490 3051 543; x_wconf 79' lang='grc' dir='ltr'><strong>τὸ</strong></span> <span class='ocrx_word' id='word_1_21' title='bbox 3083 490 3181 561; x_wconf 84' lang='grc' dir='ltr'><strong>μὲν</strong></span> <span class='ocrx_word' id='word_1_22' title='bbox 3209 489 3598 560; x_wconf 71' lang='grc' dir='ltr'><strong>ἐπιγράφεται,</strong></span> <span class='ocrx_word' id='word_1_23' title='bbox 3626 491 3906 560; x_wconf 64' lang='grc' dir='ltr'><strong>Διαταγαὶ</strong></span> 
     </span>
    </p>
   </div>
   <div class='ocr_carea' id='block_1_5' title="bbox 643 576 2215 654">
    <p class='ocr_par' dir='ltr' id='par_1_5' title="bbox 643 582 2215 654">
     <span class='ocr_line' id='line_1_5' title="bbox 643 582 2215 654; baseline 0 -18"><span class='ocrx_word' id='word_1_24' title='bbox 643 587 813 637; x_wconf 83' lang='lat' dir='ltr'><strong>tiones</strong></span> <span class='ocrx_word' id='word_1_25' title='bbox 844 585 1201 648; x_wconf 74' lang='lat' dir='ltr'><strong>apostolorum</strong></span> <span class='ocrx_word' id='word_1_26' title='bbox 1243 601 1336 652; x_wconf 85' lang='lat' dir='ltr'><strong>per</strong></span> <span class='ocrx_word' id='word_1_27' title='bbox 1376 582 1696 638; x_wconf 72' lang='lat' dir='ltr'><strong>Clementem</strong></span> <span class='ocrx_word' id='word_1_28' title='bbox 1730 584 1842 654; x_wconf 88' lang='lat'><strong>(70)</strong></span> <span class='ocrx_word' id='word_1_29' title='bbox 1875 587 2215 652; x_wconf 85' lang='lat' dir='ltr'><strong>continetque</strong></span> 
     </span>
    </p>
   </div>
   <div class='ocr_carea' id='block_1_6' title="bbox 2318 576 3910 654">
    <p class='ocr_par' dir='ltr' id='par_1_6' title="bbox 2328 576 3910 651">
     <span class='ocr_line' id='line_1_6' title="bbox 2328 576 3910 651; baseline 0 -15"><span class='ocrx_word' id='word_1_30' title='bbox 2328 583 2450 638; x_wconf 81' lang='grc' dir='ltr'><strong>τῶν</strong></span> <span class='ocrx_word' id='word_1_31' title='bbox 2481 584 2844 637; x_wconf 80' lang='grc' dir='ltr'><em>ἀποστόλων</em></span> <span class='ocrx_word' id='word_1_32' title='bbox 2880 584 2979 637; x_wconf 83' lang='grc' dir='ltr'><strong>διὰ</strong></span> <span class='ocrx_word' id='word_1_33' title='bbox 3015 583 3382 651; x_wconf 76' lang='grc' dir='ltr'><strong>Κλήμεντος,</strong></span> <span class='ocrx_word' id='word_1_34' title='bbox 3413 583 3472 635; x_wconf 86' lang='grc' dir='ltr'><strong>ἐν</strong></span> <span class='ocrx_word' id='word_1_35' title='bbox 3585 584 3681 636; x_wconf 81' lang='grc' dir='ltr'><strong>καὶ</strong></span> <span class='ocrx_word' id='word_1_36' title='bbox 3707 583 3760 636; x_wconf 75' lang='lat' dir='ltr'><strong>oi</strong></span> <span class='ocrx_word' id='word_1_37' title='bbox 3802 582 3910 636; x_wconf 83' lang='grc' dir='ltr'><strong>τῶν</strong></span> 
     </span>
    </p>
   </div>
   <div class='ocr_carea' id='block_1_7' title="bbox 640 675 2219 745">
    <p class='ocr_par' dir='ltr' id='par_1_7' title="bbox 640 675 2219 745">
     <span class='ocr_line' id='line_1_7' title="bbox 640 675 2219 745; baseline 0 -17"><span class='ocrx_word' id='word_1_38' title='bbox 640 675 930 745; x_wconf 85' lang='lat' dir='ltr'><strong>synodicos</strong></span> <span class='ocrx_word' id='word_1_39' title='bbox 990 691 1231 730; x_wconf 89' lang='lat' dir='ltr'><strong>canones</strong></span> <span class='ocrx_word' id='word_1_40' title='bbox 1288 676 1408 730; x_wconf 93' lang='lat' dir='ltr'><strong>illos</strong></span> <span class='ocrx_word' id='word_1_41' title='bbox 1463 678 1554 744; x_wconf 86' lang='lat' dir='ltr'><strong>qui</strong></span> <span class='ocrx_word' id='word_1_42' title='bbox 1614 676 1985 745; x_wconf 75' lang='lat' dir='ltr'><strong>apostolorum</strong></span> <span class='ocrx_word' id='word_1_43' title='bbox 2056 676 2219 729; x_wconf 65' lang='lat' dir='ltr'><strong>coetui</strong></span> 
     </span>
    </p>
   </div>
   <div class='ocr_carea' id='block_1_8' title="bbox 639 766 2220 836">
    <p class='ocr_par' dir='ltr' id='par_1_8' title="bbox 639 766 2220 836">
     <span class='ocr_line' id='line_1_8' title="bbox 639 766 2220 836; baseline 0.001 -18"><span class='ocrx_word' id='word_1_44' title='bbox 639 767 1006 821; x_wconf 85' lang='lat' dir='ltr'><strong>ascribuntur.</strong></span> <span class='ocrx_word' id='word_1_45' title='bbox 1026 767 1271 820; x_wconf 84' lang='lat' dir='ltr'><strong>Alterum</strong></span> <span class='ocrx_word' id='word_1_46' title='bbox 1311 779 1489 822; x_wconf 88' lang='lat' dir='ltr'><strong>autem</strong></span> <span class='ocrx_word' id='word_1_47' title='bbox 1513 768 2030 836; x_wconf 63' lang='lat' dir='ltr'><strong>volumenfepistola:</strong></span> <span class='ocrx_word' id='word_1_48' title='bbox 2047 766 2220 820; x_wconf 89' lang='lat' dir='ltr'><strong>forma</strong></span> 
     </span>
    </p>
   </div>
   <div class='ocr_carea' id='block_1_9' title="bbox 637 857 2220 927">
    <p class='ocr_par' dir='ltr' id='par_1_9' title="bbox 637 857 2220 927">
     <span class='ocr_line' id='line_1_9' title="bbox 637 857 2220 927; baseline 0.001 -15"><span class='ocrx_word' id='word_1_49' title='bbox 637 859 844 912; x_wconf 78' lang='lat' dir='ltr'><strong>Jacobo</strong></span> <span class='ocrx_word' id='word_1_50' title='bbox 899 857 1054 914; x_wconf 90' lang='lat' dir='ltr'><strong>fratri</strong></span> <span class='ocrx_word' id='word_1_51' title='bbox 1089 858 1303 913; x_wconf 85' lang='lat' dir='ltr'><strong>Domini</strong></span> <span class='ocrx_word' id='word_1_52' title='bbox 1344 860 1646 916; x_wconf 76' lang='lat' dir='ltr'><strong>dedicatur.</strong></span> <span class='ocrx_word' id='word_1_53' title='bbox 1710 861 1882 914; x_wconf 85' lang='lat' dir='ltr'><strong>Habet</strong></span> <span class='ocrx_word' id='word_1_54' title='bbox 1914 862 2015 914; x_wconf 88' lang='lat' dir='ltr'><strong>hoc</strong></span> <span class='ocrx_word' id='word_1_55' title='bbox 2065 860 2220 927; x_wconf 86' lang='lat' dir='ltr'><strong>Acta,</strong></span> 
     </span>
    </p>
   </div>
   <div class='ocr_carea' id='block_1_10' title="bbox 638 951 2222 1021">
    <p class='ocr_par' dir='ltr' id='par_1_10' title="bbox 638 951 2222 1021">
     <span class='ocr_line' id='line_1_10' title="bbox 638 951 2222 1021; baseline 0.002 -18"><span class='ocrx_word' id='word_1_56' title='bbox 638 968 758 1021; x_wconf 62' lang='lat' dir='ltr'><strong>quae</strong></span> <span class='ocrx_word' id='word_1_57' title='bbox 787 953 1063 1019; x_wconf 86' lang='lat' dir='ltr'><strong>dicuntur,</strong></span> <span class='ocrx_word' id='word_1_58' title='bbox 1100 951 1247 1005; x_wconf 82' lang='lat' dir='ltr'><strong>Petri</strong></span> <span class='ocrx_word' id='word_1_59' title='bbox 1282 954 1528 1020; x_wconf 78' lang='lat' dir='ltr'><strong>apostoli,</strong></span> <span class='ocrx_word' id='word_1_60' title='bbox 1560 963 1605 1005; x_wconf 89' lang='lat' dir='ltr'><strong>et</strong></span> <span class='ocrx_word' id='word_1_61' title='bbox 1656 969 1772 1005; x_wconf 86' lang='lat' dir='ltr'><strong>cum</strong></span> <span class='ocrx_word' id='word_1_62' title='bbox 1822 952 2038 1006; x_wconf 80' lang='lat' dir='ltr'><strong>Simone</strong></span> <span class='ocrx_word' id='word_1_63' title='bbox 2066 951 2222 1021; x_wconf 75' lang='lat' dir='ltr'><strong><em>Mago</em></strong></span> 
     </span>
    </p>
   </div>
   <div class='ocr_carea' id='block_1_11' title="bbox 637 1043 2217 1114">
    <p class='ocr_par' dir='ltr' id='par_1_11' title="bbox 637 1043 2217 1114">
     <span class='ocr_line' id='line_1_11' title="bbox 637 1043 2217 1114; baseline -0.001 -16"><span class='ocrx_word' id='word_1_64' title='bbox 637 1047 1035 1099; x_wconf 75' lang='lat' dir='ltr'><strong>dissertationes</strong></span> <span class='ocrx_word' id='word_1_65' title='bbox 1087 1063 1100 1099; x_wconf 88' lang='lat'><strong>:</strong></span> <span class='ocrx_word' id='word_1_66' title='bbox 1163 1044 1593 1114; x_wconf 82' lang='lat' dir='ltr'><strong>Recognitionem</strong></span> <span class='ocrx_word' id='word_1_67' title='bbox 1646 1047 1832 1099; x_wconf 71' lang='lat' dir='ltr'><strong>adhzec</strong></span> <span class='ocrx_word' id='word_1_68' title='bbox 1911 1043 2217 1107; x_wconf 80' lang='lat' dir='ltr'><strong>Clementis,</strong></span> 
     </span>
    </p>
   </div>
   <div class='ocr_carea' id='block_1_12' title="bbox 638 1135 2218 1207">
    <p class='ocr_par' dir='ltr' id='par_1_12' title="bbox 638 1135 2218 1207">
     <span class='ocr_line' id='line_1_12' title="bbox 638 1135 2218 1207; baseline -0.002 -18"><span class='ocrx_word' id='word_1_69' title='bbox 638 1137 853 1207; x_wconf 83' lang='lat' dir='ltr'><strong>ejusque</strong></span> <span class='ocrx_word' id='word_1_70' title='bbox 879 1138 1136 1206; x_wconf 81' lang='lat' dir='ltr'><strong>parentis,</strong></span> <span class='ocrx_word' id='word_1_71' title='bbox 1162 1149 1271 1190; x_wconf 87' lang='lat' dir='ltr'><strong>tum</strong></span> <span class='ocrx_word' id='word_1_72' title='bbox 1308 1137 1538 1190; x_wconf 82' lang='lat' dir='ltr'><strong>aliorum</strong></span> <span class='ocrx_word' id='word_1_73' title='bbox 1566 1137 1817 1205; x_wconf 82' lang='lat' dir='ltr'><strong>fratrum.</strong></span> <span class='ocrx_word' id='word_1_74' title='bbox 1858 1135 2218 1201; x_wconf 85' lang='lat' dir='ltr'><strong>Quamobrem</strong></span> 
     </span>
    </p>
   </div>
   <div class='ocr_carea' id='block_1_13' title="bbox 644 1227 2220 1297">
    <p class='ocr_par' dir='ltr' id='par_1_13' title="bbox 644 1227 2220 1297">
     <span class='ocr_line' id='line_1_13' title="bbox 644 1227 2220 1297; baseline -0.001 -15"><span class='ocrx_word' id='word_1_75' title='bbox 644 1231 805 1283; x_wconf 85' lang='lat' dir='ltr'><strong>etiam</strong></span> <span class='ocrx_word' id='word_1_76' title='bbox 841 1231 892 1282; x_wconf 92' lang='lat' dir='ltr'><strong>in</strong></span> <span class='ocrx_word' id='word_1_77' title='bbox 926 1229 1253 1297; x_wconf 87' lang='lat' dir='ltr'><strong>quibusdam</strong></span> <span class='ocrx_word' id='word_1_78' title='bbox 1277 1229 1554 1282; x_wconf 84' lang='lat' dir='ltr'><strong>codicibus</strong></span> <span class='ocrx_word' id='word_1_79' title='bbox 1583 1229 1697 1282; x_wconf 59' lang='lat' dir='ltr'><strong>hinc</strong></span> <span class='ocrx_word' id='word_1_80' title='bbox 1723 1229 1771 1282; x_wconf 91' lang='lat' dir='ltr'><strong>ei</strong></span> <span class='ocrx_word' id='word_1_81' title='bbox 1803 1227 2086 1295; x_wconf 90' lang='lat' dir='ltr'><strong>inscriptio</strong></span> <span class='ocrx_word' id='word_1_82' title='bbox 2118 1227 2220 1280; x_wconf 89' lang='lat' dir='ltr'><strong>tri-</strong></span> 
     </span>
    </p>
   </div>
   <div class='ocr_carea' id='block_1_14' title="bbox 640 1319 2219 1389">
    <p class='ocr_par' dir='ltr' id='par_1_14' title="bbox 640 1319 2219 1389">
     <span class='ocr_line' id='line_1_14' title="bbox 640 1319 2219 1389; baseline -0.003 -15"><span class='ocrx_word' id='word_1_83' title='bbox 640 1321 820 1374; x_wconf 87' lang='lat' dir='ltr'><strong>buitur</strong></span> <span class='ocrx_word' id='word_1_84' title='bbox 849 1338 863 1373; x_wconf 90' lang='lat'><strong>:</strong></span> <span class='ocrx_word' id='word_1_85' title='bbox 896 1320 1177 1374; x_wconf 85' lang='lat' dir='ltr'><strong>Clementis</strong></span> <span class='ocrx_word' id='word_1_86' title='bbox 1217 1319 1437 1372; x_wconf 84' lang='lat' dir='ltr'><strong>Romani</strong></span> <span class='ocrx_word' id='word_1_87' title='bbox 1493 1320 1820 1389; x_wconf 81' lang='lat' dir='ltr'><strong>llecognitio,</strong></span> <span class='ocrx_word' id='word_1_88' title='bbox 1876 1320 1925 1372; x_wconf 90' lang='lat' dir='ltr'><strong>in</strong></span> <span class='ocrx_word' id='word_1_89' title='bbox 1961 1319 2082 1372; x_wconf 88' lang='lat' dir='ltr'><strong>aliis</strong></span> <span class='ocrx_word' id='word_1_90' title='bbox 2135 1328 2219 1371; x_wconf 87' lang='lat' dir='ltr'><strong>ta-</strong></span> 
     </span>
    </p>
   </div>
   <div class='ocr_carea' id='block_1_15' title="bbox 640 1408 2219 1478">
    <p class='ocr_par' dir='ltr' id='par_1_15' title="bbox 640 1408 2219 1478">
     <span class='ocr_line' id='line_1_15' title="bbox 640 1408 2219 1478; baseline -0.001 -16"><span class='ocrx_word' id='word_1_91' title='bbox 640 1425 790 1473; x_wconf 90' lang='lat' dir='ltr'><strong>men,</strong></span> <span class='ocrx_word' id='word_1_92' title='bbox 815 1410 890 1461; x_wconf 85' lang='lat' dir='ltr'><strong>uti</strong></span> <span class='ocrx_word' id='word_1_93' title='bbox 925 1409 1184 1470; x_wconf 74' lang='lat' dir='ltr'><strong>diximus.</strong></span> <span class='ocrx_word' id='word_1_94' title='bbox 1242 1409 1469 1478; x_wconf 88' lang='lat' dir='ltr'><strong>epistola</strong></span> <span class='ocrx_word' id='word_1_95' title='bbox 1521 1408 1820 1478; x_wconf 61' lang='lat' dir='ltr'><strong>praetigitur</strong></span> <span class='ocrx_word' id='word_1_96' title='bbox 1859 1419 2117 1477; x_wconf 90' lang='lat' dir='ltr'><strong>tanquam</strong></span> <span class='ocrx_word' id='word_1_97' title='bbox 2153 1409 2219 1460; x_wconf 90' lang='lat' dir='ltr'><strong>ad</strong></span> 
     </span>
    </p>
   </div>
   <div class='ocr_carea' id='block_1_16' title="bbox 641 1500 2216 1570">
    <p class='ocr_par' dir='ltr' id='par_1_16' title="bbox 641 1500 2216 1570">
     <span class='ocr_line' id='line_1_16' title="bbox 641 1500 2216 1570; baseline -0.002 -15"><span class='ocrx_word' id='word_1_98' title='bbox 641 1502 868 1555; x_wconf 81' lang='lat' dir='ltr'><strong>fratrem</strong></span> <span class='ocrx_word' id='word_1_99' title='bbox 903 1502 1112 1556; x_wconf 91' lang='lat' dir='ltr'><strong>Domini</strong></span> <span class='ocrx_word' id='word_1_100' title='bbox 1145 1500 1446 1567; x_wconf 86' lang='lat' dir='ltr'><strong>Jacobum;</strong></span> <span class='ocrx_word' id='word_1_101' title='bbox 1515 1510 1571 1554; x_wconf 86' lang='lat' dir='ltr'><strong>et.</strong></span> <span class='ocrx_word' id='word_1_102' title='bbox 1620 1501 1735 1555; x_wconf 64' lang='lat' dir='ltr'><strong>haec</strong></span> <span class='ocrx_word' id='word_1_103' title='bbox 1784 1515 1958 1570; x_wconf 85' lang='lat' dir='ltr'><strong>neque</strong></span> <span class='ocrx_word' id='word_1_104' title='bbox 2007 1501 2216 1564; x_wconf 86' lang='lat' dir='ltr'><strong>eadem,</strong></span> 
     </span>
    </p>
   </div>
   <div class='ocr_carea' id='block_1_17' title="bbox 641 1592 2216 1663">
    <p class='ocr_par' dir='ltr' id='par_1_17' title="bbox 641 1592 2216 1663">
     <span class='ocr_line' id='line_1_17' title="bbox 641 1592 2216 1663; baseline -0.001 -15"><span class='ocrx_word' id='word_1_105' title='bbox 641 1610 817 1663; x_wconf 86' lang='lat' dir='ltr'><strong>neque</strong></span> <span class='ocrx_word' id='word_1_106' title='bbox 843 1605 901 1646; x_wconf 92' lang='lat' dir='ltr'><strong>ut</strong></span> <span class='ocrx_word' id='word_1_107' title='bbox 931 1596 996 1646; x_wconf 89' lang='lat' dir='ltr'><strong>ab</strong></span> <span class='ocrx_word' id='word_1_108' title='bbox 1024 1599 1210 1647; x_wconf 86' lang='lat' dir='ltr'><strong>eodem</strong></span> <span class='ocrx_word' id='word_1_109' title='bbox 1246 1593 1508 1661; x_wconf 85' lang='lat' dir='ltr'><strong>profecta,</strong></span> <span class='ocrx_word' id='word_1_110' title='bbox 1530 1593 1622 1646; x_wconf 88' lang='lat' dir='ltr'><strong>sed</strong></span> <span class='ocrx_word' id='word_1_111' title='bbox 1649 1593 1699 1645; x_wconf 93' lang='lat' dir='ltr'><strong>in</strong></span> <span class='ocrx_word' id='word_1_112' title='bbox 1725 1592 1879 1647; x_wconf 85' lang='lat' dir='ltr'><strong>libris</strong></span> <span class='ocrx_word' id='word_1_113' title='bbox 1917 1593 2216 1656; x_wconf 91' lang='lat' dir='ltr'><strong>nonnullis,</strong></span> 
     </span>
    </p>
   </div>
   <div class='ocr_carea' id='block_1_18' title="bbox 639 1683 2218 1753">
    <p class='ocr_par' dir='ltr' id='par_1_18' title="bbox 639 1683 2218 1753">
     <span class='ocr_line' id='line_1_18' title="bbox 639 1683 2218 1753; baseline 0.001 -15"><span class='ocrx_word' id='word_1_114' title='bbox 639 1687 803 1740; x_wconf 86' lang='lat' dir='ltr'><strong>veluti</strong></span> <span class='ocrx_word' id='word_1_115' title='bbox 840 1701 868 1737; x_wconf 91' lang='lat' dir='ltr'><strong>a</strong></span> <span class='ocrx_word' id='word_1_116' title='bbox 897 1684 1058 1738; x_wconf 87' lang='lat' dir='ltr'><strong>Petro</strong></span> <span class='ocrx_word' id='word_1_117' title='bbox 1109 1685 1353 1753; x_wconf 84' lang='lat' dir='ltr'><strong>apostolo</strong></span> <span class='ocrx_word' id='word_1_118' title='bbox 1379 1685 1445 1737; x_wconf 91' lang='lat' dir='ltr'><strong>ad</strong></span> <span class='ocrx_word' id='word_1_119' title='bbox 1474 1683 1735 1738; x_wconf 83' lang='lat' dir='ltr'><strong>Jacobum</strong></span> <span class='ocrx_word' id='word_1_120' title='bbox 1784 1685 1974 1748; x_wconf 88' lang='lat' dir='ltr'><strong>missa,</strong></span> <span class='ocrx_word' id='word_1_121' title='bbox 2008 1685 2062 1738; x_wconf 94' lang='lat' dir='ltr'><strong>in</strong></span> <span class='ocrx_word' id='word_1_122' title='bbox 2096 1683 2218 1739; x_wconf 90' lang='lat' dir='ltr'><strong>aliis</strong></span> 
     </span>
    </p>
   </div>
   <div class='ocr_carea' id='block_1_19' title="bbox 639 1771 2217 1842">
    <p class='ocr_par' dir='ltr' id='par_1_19' title="bbox 639 1771 2217 1842">
     <span class='ocr_line' id='line_1_19' title="bbox 639 1771 2217 1842; baseline -0.003 -12"><span class='ocrx_word' id='word_1_123' title='bbox 639 1791 829 1830; x_wconf 89' lang='lat' dir='ltr'><strong>rursus</strong></span> <span class='ocrx_word' id='word_1_124' title='bbox 855 1785 1110 1842; x_wconf 85' lang='lat' dir='ltr'><strong>tauquam</strong></span> <span class='ocrx_word' id='word_1_125' title='bbox 1149 1789 1177 1825; x_wconf 90' lang='lat' dir='ltr'><strong>a</strong></span> <span class='ocrx_word' id='word_1_126' title='bbox 1203 1774 1483 1828; x_wconf 86' lang='lat' dir='ltr'><strong>Clemente</strong></span> <span class='ocrx_word' id='word_1_127' title='bbox 1512 1775 1577 1826; x_wconf 88' lang='lat' dir='ltr'><strong>ad</strong></span> <span class='ocrx_word' id='word_1_128' title='bbox 1610 1771 1890 1839; x_wconf 85' lang='lat' dir='ltr'><strong>Jacobum,</strong></span> <span class='ocrx_word' id='word_1_129' title='bbox 1917 1773 2022 1826; x_wconf 89' lang='lat' dir='ltr'><strong>alia</strong></span> <span class='ocrx_word' id='word_1_130' title='bbox 2055 1781 2217 1842; x_wconf 90' lang='lat' dir='ltr'><strong>atque</strong></span> 
     </span>
    </p>
   </div>
   <div class='ocr_carea' id='block_1_20' title="bbox 639 1865 2221 1935">
    <p class='ocr_par' dir='ltr' id='par_1_20' title="bbox 639 1865 2221 1935">
     <span class='ocr_line' id='line_1_20' title="bbox 639 1865 2221 1935; baseline -0.003 -13"><span class='ocrx_word' id='word_1_131' title='bbox 639 1869 743 1923; x_wconf 89' lang='lat' dir='ltr'><strong>alia</strong></span> <span class='ocrx_word' id='word_1_132' title='bbox 780 1878 840 1922; x_wconf 90' lang='lat' dir='ltr'><strong>ut</strong></span> <span class='ocrx_word' id='word_1_133' title='bbox 867 1869 1026 1921; x_wconf 91' lang='lat' dir='ltr'><strong>modo</strong></span> <span class='ocrx_word' id='word_1_134' title='bbox 1059 1867 1315 1920; x_wconf 84' lang='lat' dir='ltr'><strong>diximus.</strong></span> <span class='ocrx_word' id='word_1_135' title='bbox 1354 1865 1558 1919; x_wconf 82' lang='lat' dir='ltr'><strong>Harum</strong></span> <span class='ocrx_word' id='word_1_136' title='bbox 1590 1865 1739 1935; x_wconf 88' lang='lat' dir='ltr'><strong>prior</strong></span> <span class='ocrx_word' id='word_1_137' title='bbox 1758 1866 1995 1920; x_wconf 88' lang='lat' dir='ltr'><strong>ostendit</strong></span> <span class='ocrx_word' id='word_1_138' title='bbox 2017 1866 2221 1934; x_wconf 85' lang='lat' dir='ltr'><strong>ipsum-</strong></span> 
     </span>
    </p>
   </div>
   <div class='ocr_carea' id='block_1_21' title="bbox 638 1956 2224 2027">
    <p class='ocr_par' dir='ltr' id='par_1_21' title="bbox 638 1956 2224 2027">
     <span class='ocr_line' id='line_1_21' title="bbox 638 1956 2224 2027; baseline -0.003 -12"><span class='ocrx_word' id='word_1_139' title='bbox 638 1960 984 2015; x_wconf 84' lang='lat' dir='ltr'><strong>metPetruin</strong></span> <span class='ocrx_word' id='word_1_140' title='bbox 1023 1973 1156 2012; x_wconf 87' lang='lat' dir='ltr'><strong>resa</strong></span> <span class='ocrx_word' id='word_1_141' title='bbox 1182 1973 1241 2012; x_wconf 88' lang='lat' dir='ltr'><strong>se</strong></span> <span class='ocrx_word' id='word_1_142' title='bbox 1263 1967 1441 2027; x_wconf 83' lang='lat' dir='ltr'><strong>gestas</strong></span> <span class='ocrx_word' id='word_1_143' title='bbox 1473 1957 1884 2027; x_wconf 87' lang='lat' dir='ltr'><strong>conscripsisse,</strong></span> <span class='ocrx_word' id='word_1_144' title='bbox 1931 1965 1985 2010; x_wconf 90' lang='lat' dir='ltr'><strong>et</strong></span> <span class='ocrx_word' id='word_1_145' title='bbox 2021 1956 2224 2011; x_wconf 80' lang='lat' dir='ltr'><strong>Jacobo</strong></span> 
     </span>
    </p>
   </div>
   <div class='ocr_carea' id='block_1_22' title="bbox 639 2049 2224 2124">
    <p class='ocr_par' dir='ltr' id='par_1_22' title="bbox 639 2049 2224 2124">
     <span class='ocr_line' id='line_1_22' title="bbox 639 2049 2224 2124; baseline -0.004 -15"><span class='ocrx_word' id='word_1_146' title='bbox 639 2070 734 2110; x_wconf 87' lang='lat' dir='ltr'><strong>eas</strong></span> <span class='ocrx_word' id='word_1_147' title='bbox 757 2053 1054 2124; x_wconf 88' lang='lat' dir='ltr'><strong>postulanti</strong></span> <span class='ocrx_word' id='word_1_148' title='bbox 1095 2051 1310 2105; x_wconf 86' lang='lat' dir='ltr'><strong>misisse</strong></span> <span class='ocrx_word' id='word_1_149' title='bbox 1345 2068 1359 2105; x_wconf 91' lang='lat'><strong>:</strong></span> <span class='ocrx_word' id='word_1_150' title='bbox 1397 2049 1564 2105; x_wconf 88' lang='lat' dir='ltr'><strong>altera</strong></span> <span class='ocrx_word' id='word_1_151' title='bbox 1594 2065 1722 2105; x_wconf 83' lang='lat' dir='ltr'><strong>vero</strong></span> <span class='ocrx_word' id='word_1_152' title='bbox 1772 2049 1938 2104; x_wconf 84' lang='lat' dir='ltr'><strong>refert</strong></span> <span class='ocrx_word' id='word_1_153' title='bbox 1973 2050 2224 2104; x_wconf 89' lang='lat' dir='ltr'><strong>Clemen—</strong></span> 
     </span>
    </p>
   </div>
   <div class='ocr_carea' id='block_1_23' title="bbox 638 2144 2220 2214">
    <p class='ocr_par' dir='ltr' id='par_1_23' title="bbox 638 2144 2220 2214">
     <span class='ocr_line' id='line_1_23' title="bbox 638 2144 2220 2214; baseline -0.001 -14"><span class='ocrx_word' id='word_1_154' title='bbox 638 2158 744 2203; x_wconf 86' lang='lat' dir='ltr'><strong>tem</strong></span> <span class='ocrx_word' id='word_1_155' title='bbox 774 2145 922 2200; x_wconf 82' lang='lat' dir='ltr'><strong>Petri</strong></span> <span class='ocrx_word' id='word_1_156' title='bbox 954 2144 1107 2213; x_wconf 81' lang='lat' dir='ltr'><strong>jussu</strong></span> <span class='ocrx_word' id='word_1_157' title='bbox 1143 2144 1360 2199; x_wconf 89' lang='lat' dir='ltr'><strong>easdem</strong></span> <span class='ocrx_word' id='word_1_158' title='bbox 1389 2159 1477 2198; x_wconf 90' lang='lat' dir='ltr'><strong>res</strong></span> <span class='ocrx_word' id='word_1_159' title='bbox 1513 2155 1693 2214; x_wconf 80' lang='lat' dir='ltr'><strong>gestas</strong></span> <span class='ocrx_word' id='word_1_160' title='bbox 1733 2145 1932 2200; x_wconf 89' lang='lat' dir='ltr'><strong>litteris</strong></span> <span class='ocrx_word' id='word_1_161' title='bbox 1956 2146 2220 2214; x_wconf 88' lang='lat' dir='ltr'><strong>proditas,</strong></span> 
     </span>
    </p>
   </div>
   <div class='ocr_carea' id='block_1_24' title="bbox 634 2236 2222 2309">
    <p class='ocr_par' dir='ltr' id='par_1_24' title="bbox 634 2236 2222 2309">
     <span class='ocr_line' id='line_1_24' title="bbox 634 2236 2222 2309; baseline -0.001 -16"><span class='ocrx_word' id='word_1_162' title='bbox 634 2249 918 2309; x_wconf 86' lang='lat' dir='ltr'><strong>postquam</strong></span> <span class='ocrx_word' id='word_1_163' title='bbox 953 2236 1166 2304; x_wconf 87' lang='lat' dir='ltr'><strong>illejam</strong></span> <span class='ocrx_word' id='word_1_164' title='bbox 1204 2237 1272 2290; x_wconf 87' lang='lat' dir='ltr'><strong>ad</strong></span> <span class='ocrx_word' id='word_1_165' title='bbox 1317 2236 1680 2290; x_wconf 86' lang='lat' dir='ltr'><strong>immortalem</strong></span> <span class='ocrx_word' id='word_1_166' title='bbox 1703 2238 2118 2307; x_wconf 79' lang='lat' dir='ltr'><strong>commigrasset</strong></span> <span class='ocrx_word' id='word_1_167' title='bbox 2142 2238 2222 2291; x_wconf 90' lang='lat' dir='ltr'><strong>vi-</strong></span> 
     </span>
    </p>
   </div>
   <div class='ocr_carea' id='block_1_25' title="bbox 637 2326 2223 2396">
    <p class='ocr_par' dir='ltr' id='par_1_25' title="bbox 637 2326 2223 2396">
     <span class='ocr_line' id='line_1_25' title="bbox 637 2326 2223 2396; baseline -0.003 -12"><span class='ocrx_word' id='word_1_168' title='bbox 637 2341 744 2384; x_wconf 86' lang='lat' dir='ltr'><strong>tam</strong></span> <span class='ocrx_word' id='word_1_169' title='bbox 782 2327 985 2382; x_wconf 83' lang='lat' dir='ltr'><strong>Jacobo</strong></span> <span class='ocrx_word' id='word_1_170' title='bbox 1037 2328 1426 2382; x_wconf 86' lang='lat' dir='ltr'><strong>transmisisse.</strong></span> <span class='ocrx_word' id='word_1_171' title='bbox 1487 2326 1567 2380; x_wconf 81' lang='lat' dir='ltr'><strong>Ex</strong></span> <span class='ocrx_word' id='word_1_172' title='bbox 1617 2341 1724 2395; x_wconf 93' lang='lat' dir='ltr'><strong>quo</strong></span> <span class='ocrx_word' id='word_1_173' title='bbox 1760 2327 2076 2396; x_wconf 85' lang='lat' dir='ltr'><strong>conjectura</strong></span> <span class='ocrx_word' id='word_1_174' title='bbox 2130 2341 2223 2380; x_wconf 89' lang='lat' dir='ltr'><strong>ca-</strong></span> 
     </span>
    </p>
   </div>
   <div class='ocr_carea' id='block_1_26' title="bbox 636 2416 2219 2492">
    <p class='ocr_par' dir='ltr' id='par_1_26' title="bbox 636 2416 2219 2492">
     <span class='ocr_line' id='line_1_26' title="bbox 636 2416 2219 2492; baseline -0.003 -16"><span class='ocrx_word' id='word_1_175' title='bbox 636 2423 780 2492; x_wconf 89' lang='lat' dir='ltr'><strong>pitur</strong></span> <span class='ocrx_word' id='word_1_176' title='bbox 808 2421 890 2475; x_wconf 91' lang='lat' dir='ltr'><strong>bis</strong></span> <span class='ocrx_word' id='word_1_177' title='bbox 933 2421 1100 2475; x_wconf 87' lang='lat' dir='ltr'><strong>fuisse</strong></span> <span class='ocrx_word' id='word_1_178' title='bbox 1141 2436 1226 2474; x_wconf 90' lang='lat' dir='ltr'><strong>res</strong></span> <span class='ocrx_word' id='word_1_179' title='bbox 1271 2429 1454 2490; x_wconf 81' lang='lat' dir='ltr'><strong>gestas</strong></span> <span class='ocrx_word' id='word_1_180' title='bbox 1484 2418 1659 2473; x_wconf 84' lang='lat' dir='ltr'><strong>sancti</strong></span> <span class='ocrx_word' id='word_1_181' title='bbox 1691 2416 1834 2472; x_wconf 89' lang='lat' dir='ltr'><strong>Petri</strong></span> <span class='ocrx_word' id='word_1_182' title='bbox 1862 2418 2035 2473; x_wconf 85' lang='lat' dir='ltr'><strong>editas</strong></span> <span class='ocrx_word' id='word_1_183' title='bbox 2084 2419 2219 2489; x_wconf 78' lang='grc'><strong>(71),</strong></span> 
     </span>
    </p>
   </div>
   <div class='ocr_carea' id='block_1_27' title="bbox 634 2510 2218 2583">
    <p class='ocr_par' dir='ltr' id='par_1_27' title="bbox 634 2510 2218 2583">
     <span class='ocr_line' id='line_1_27' title="bbox 634 2510 2218 2583; baseline -0.002 -17"><span class='ocrx_word' id='word_1_184' title='bbox 634 2531 700 2569; x_wconf 86' lang='lat' dir='ltr'><strong>ac</strong></span> <span class='ocrx_word' id='word_1_185' title='bbox 771 2530 894 2567; x_wconf 92' lang='lat' dir='ltr'><strong>cum</strong></span> <span class='ocrx_word' id='word_1_186' title='bbox 952 2512 1213 2583; x_wconf 88' lang='lat' dir='ltr'><strong>temporis</strong></span> <span class='ocrx_word' id='word_1_187' title='bbox 1285 2511 1678 2580; x_wconf 87' lang='lat' dir='ltr'><strong>longinquitate</strong></span> <span class='ocrx_word' id='word_1_188' title='bbox 1734 2511 1986 2579; x_wconf 88' lang='lat' dir='ltr'><strong>periisset</strong></span> <span class='ocrx_word' id='word_1_189' title='bbox 2028 2510 2218 2574; x_wconf 88' lang='lat' dir='ltr'><strong>altera,</strong></span> 
     </span>
    </p>
   </div>
   <div class='ocr_carea' id='block_1_28' title="bbox 634 2597 2223 2668">
    <p class='ocr_par' dir='ltr' id='par_1_28' title="bbox 634 2597 2223 2668">
     <span class='ocr_line' id='line_1_28' title="bbox 634 2597 2223 2668; baseline -0.002 -14"><span class='ocrx_word' id='word_1_190' title='bbox 634 2601 779 2665; x_wconf 82' lang='lat' dir='ltr'><strong>illam</strong></span> <span class='ocrx_word' id='word_1_191' title='bbox 806 2601 1099 2656; x_wconf 77' lang='lat' dir='ltr'><strong>Clementis</strong></span> <span class='ocrx_word' id='word_1_192' title='bbox 1143 2600 1354 2653; x_wconf 85' lang='lat' dir='ltr'><strong>tandem</strong></span> <span class='ocrx_word' id='word_1_193' title='bbox 1389 2599 1558 2652; x_wconf 90' lang='lat' dir='ltr'><strong>solam</strong></span> <span class='ocrx_word' id='word_1_194' title='bbox 1588 2598 1930 2668; x_wconf 83' lang='lat' dir='ltr'><strong>perdurasse.</strong></span> <span class='ocrx_word' id='word_1_195' title='bbox 1992 2597 2048 2651; x_wconf 90' lang='lat' dir='ltr'><strong>In</strong></span> <span class='ocrx_word' id='word_1_196' title='bbox 2103 2613 2223 2652; x_wconf 85' lang='lat' dir='ltr'><strong>om-</strong></span> 
     </span>
    </p>
   </div>
   <div class='ocr_carea' id='block_1_29' title="bbox 637 2687 2221 2757">
    <p class='ocr_par' dir='ltr' id='par_1_29' title="bbox 637 2687 2221 2757">
     <span class='ocr_line' id='line_1_29' title="bbox 637 2687 2221 2757; baseline -0.004 -9"><span class='ocrx_word' id='word_1_197' title='bbox 637 2694 794 2748; x_wconf 87' lang='lat' dir='ltr'><strong>nibus</strong></span> <span class='ocrx_word' id='word_1_198' title='bbox 824 2691 968 2745; x_wconf 90' lang='lat' dir='ltr'><strong>euim</strong></span> <span class='ocrx_word' id='word_1_199' title='bbox 1005 2689 1181 2755; x_wconf 85' lang='lat' dir='ltr'><strong>libris,</strong></span> <span class='ocrx_word' id='word_1_200' title='bbox 1221 2704 1356 2757; x_wconf 88' lang='lat' dir='ltr'><strong>quos</strong></span> <span class='ocrx_word' id='word_1_201' title='bbox 1388 2689 1608 2757; x_wconf 88' lang='lat' dir='ltr'><strong>quidem</strong></span> <span class='ocrx_word' id='word_1_202' title='bbox 1629 2687 1814 2742; x_wconf 85' lang='lat' dir='ltr'><strong>videre</strong></span> <span class='ocrx_word' id='word_1_203' title='bbox 1861 2688 1992 2741; x_wconf 92' lang='lat' dir='ltr'><strong>mihi</strong></span> <span class='ocrx_word' id='word_1_204' title='bbox 2042 2690 2221 2743; x_wconf 90' lang='lat' dir='ltr'><strong>conti-</strong></span> 
     </span>
    </p>
   </div>
   <div class='ocr_carea' id='block_1_30' title="bbox 635 2777 2221 2855">
    <p class='ocr_par' dir='ltr' id='par_1_30' title="bbox 635 2777 2221 2855">
     <span class='ocr_line' id='line_1_30' title="bbox 635 2777 2221 2855; baseline -0.004 -17"><span class='ocrx_word' id='word_1_205' title='bbox 635 2788 713 2855; x_wconf 87' lang='lat' dir='ltr'><strong>git</strong></span> <span class='ocrx_word' id='word_1_206' title='bbox 752 2786 884 2853; x_wconf 90' lang='lat' dir='ltr'><strong>(non</strong></span> <span class='ocrx_word' id='word_1_207' title='bbox 924 2796 1124 2850; x_wconf 85' lang='lat' dir='ltr'><strong>paucos</strong></span> <span class='ocrx_word' id='word_1_208' title='bbox 1160 2778 1280 2834; x_wconf 91' lang='lat' dir='ltr'><strong>illos</strong></span> <span class='ocrx_word' id='word_1_209' title='bbox 1315 2779 1484 2847; x_wconf 88' lang='lat' dir='ltr'><strong>certe)</strong></span> <span class='ocrx_word' id='word_1_210' title='bbox 1532 2787 1654 2848; x_wconf 86' lang='lat' dir='ltr'><strong>post</strong></span> <span class='ocrx_word' id='word_1_211' title='bbox 1683 2777 1927 2833; x_wconf 88' lang='lat' dir='ltr'><strong>diversas</strong></span> <span class='ocrx_word' id='word_1_212' title='bbox 1975 2777 2092 2833; x_wconf 89' lang='lat' dir='ltr'><strong>illas</strong></span> <span class='ocrx_word' id='word_1_213' title='bbox 2113 2779 2221 2848; x_wconf 67' lang='lat' dir='ltr'><strong>epio</strong></span> 
     </span>
    </p>
   </div>
   <div class='ocr_carea' id='block_1_31' title="bbox 634 2867 2219 2940">
    <p class='ocr_par' dir='ltr' id='par_1_31' title="bbox 634 2867 2219 2940">
     <span class='ocr_line' id='line_1_31' title="bbox 634 2867 2219 2940; baseline -0.006 -12"><span class='ocrx_word' id='word_1_214' title='bbox 634 2874 808 2929; x_wconf 84' lang='lat' dir='ltr'><strong>stolas</strong></span> <span class='ocrx_word' id='word_1_215' title='bbox 841 2881 1004 2940; x_wconf 89' lang='lat' dir='ltr'><strong>atque</strong></span> <span class='ocrx_word' id='word_1_216' title='bbox 1043 2868 1455 2937; x_wconf 87' lang='lat' dir='ltr'><strong>inscriptiones,</strong></span> <span class='ocrx_word' id='word_1_217' title='bbox 1512 2868 1652 2920; x_wconf 84' lang='lat' dir='ltr'><strong>idem</strong></span> <span class='ocrx_word' id='word_1_218' title='bbox 1705 2867 1928 2920; x_wconf 92' lang='lat' dir='ltr'><strong>omnino</strong></span> <span class='ocrx_word' id='word_1_219' title='bbox 1976 2870 2092 2922; x_wconf 91' lang='lat' dir='ltr'><strong>sine</strong></span> <span class='ocrx_word' id='word_1_220' title='bbox 2121 2883 2219 2920; x_wconf 87' lang='lat' dir='ltr'><strong>va-</strong></span> 
     </span>
    </p>
   </div>
   <div class='ocr_carea' id='block_1_32' title="bbox 634 2957 2216 3030">
    <p class='ocr_par' dir='ltr' id='par_1_32' title="bbox 634 2957 2216 3030">
     <span class='ocr_line' id='line_1_32' title="bbox 634 2957 2216 3030; baseline -0.006 -8"><span class='ocrx_word' id='word_1_221' title='bbox 634 2968 868 3022; x_wconf 88' lang='lat' dir='ltr'><strong>riatione</strong></span> <span class='ocrx_word' id='word_1_222' title='bbox 897 2965 1001 3018; x_wconf 85' lang='lat' dir='ltr'><strong>hoc</strong></span> <span class='ocrx_word' id='word_1_223' title='bbox 1048 2962 1230 3030; x_wconf 87' lang='lat' dir='ltr'><strong>operis</strong></span> <span class='ocrx_word' id='word_1_224' title='bbox 1264 2959 1478 3014; x_wconf 90' lang='lat' dir='ltr'><strong>initium</strong></span> <span class='ocrx_word' id='word_1_225' title='bbox 1533 2959 1753 3028; x_wconf 86' lang='lat' dir='ltr'><strong>reperi:</strong></span> <span class='ocrx_word' id='word_1_226' title='bbox 1795 2957 1906 3028; x_wconf 87' lang='lat' dir='ltr'><strong>Ego</strong></span> <span class='ocrx_word' id='word_1_227' title='bbox 1957 2959 2216 3023; x_wconf 86' lang='lat' dir='ltr'><strong>Clemens,</strong></span> 
     </span>
    </p>
   </div>
   <div class='ocr_carea' id='block_1_33' title="bbox 633 3047 2215 3124">
    <p class='ocr_par' dir='ltr' id='par_1_33' title="bbox 633 3047 2215 3124">
     <span class='ocr_line' id='line_1_33' title="bbox 633 3047 2215 3124; baseline -0.006 -13"><span class='ocrx_word' id='word_1_228' title='bbox 633 3065 688 3111; x_wconf 88' lang='lat' dir='ltr'><strong>et</strong></span> <span class='ocrx_word' id='word_1_229' title='bbox 717 3068 838 3124; x_wconf 79' lang='lat' dir='ltr'><strong>quae</strong></span> <span class='ocrx_word' id='word_1_230' title='bbox 864 3052 1056 3106; x_wconf 88' lang='lat' dir='ltr'><strong>ordine</strong></span> <span class='ocrx_word' id='word_1_231' title='bbox 1085 3050 1345 3118; x_wconf 88' lang='lat' dir='ltr'><strong>deinceps</strong></span> <span class='ocrx_word' id='word_1_232' title='bbox 1370 3057 1701 3114; x_wconf 88' lang='lat' dir='ltr'><strong>sequuntur.</strong></span> <span class='ocrx_word' id='word_1_233' title='bbox 1735 3047 2015 3103; x_wconf 83' lang='lat' dir='ltr'><strong>Refertum</strong></span> <span class='ocrx_word' id='word_1_234' title='bbox 2037 3059 2215 3104; x_wconf 87' lang='lat' dir='ltr'><strong>autem</strong></span> 
     </span>
    </p>
   </div>
   <div class='ocr_carea' id='block_1_34' title="bbox 2329 672 3909 745">
    <p class='ocr_par' dir='ltr' id='par_1_34' title="bbox 2329 672 3909 745">
     <span class='ocr_line' id='line_1_34' title="bbox 2329 672 3909 745; baseline 0.001 -19"><span class='ocrx_word' id='word_1_235' title='bbox 2329 675 2622 728; x_wconf 81' lang='grc' dir='ltr'><strong>συνοδικῶν</strong></span> <span class='ocrx_word' id='word_1_236' title='bbox 2672 675 2916 728; x_wconf 83' lang='grc' dir='ltr'><strong>κανόνων</strong></span> <span class='ocrx_word' id='word_1_237' title='bbox 2958 674 3037 744; x_wconf 83' lang='grc' dir='ltr'><strong>τῷ</strong></span> <span class='ocrx_word' id='word_1_238' title='bbox 3083 674 3412 745; x_wconf 80' lang='grc' dir='ltr'><strong>ἀθροίσματι</strong></span> <span class='ocrx_word' id='word_1_239' title='bbox 3439 672 3551 726; x_wconf 80' lang='grc' dir='ltr'><strong>τῶν</strong></span> <span class='ocrx_word' id='word_1_240' title='bbox 3591 673 3909 728; x_wconf 80' lang='grc' dir='ltr'><strong>ἀποστόλων</strong></span> 
     </span>
    </p>
   </div>
   <div class='ocr_carea' id='block_1_35' title="bbox 2325 765 3909 838">
    <p class='ocr_par' dir='ltr' id='par_1_35' title="bbox 2325 765 3909 838">
     <span class='ocr_line' id='line_1_35' title="bbox 2325 765 3909 838; baseline 0.001 -19"><span class='ocrx_word' id='word_1_241' title='bbox 2325 767 2551 830; x_wconf 85' lang='grc' dir='ltr'><strong>κανόνες</strong></span> <span class='ocrx_word' id='word_1_242' title='bbox 2619 768 3050 838; x_wconf 77' lang='grc' dir='ltr'><strong>ἐπιγραφόμενοι</strong></span> <span class='ocrx_word' id='word_1_243' title='bbox 3108 767 3494 836; x_wconf 81' lang='grc' dir='ltr'><strong>περιέχονται’</strong></span> <span class='ocrx_word' id='word_1_244' title='bbox 3557 765 3620 819; x_wconf 78' lang='grc' dir='ltr'><strong>τὸ</strong></span> <span class='ocrx_word' id='word_1_245' title='bbox 3677 766 3737 819; x_wconf 87' lang='grc' dir='ltr'><strong>δέ</strong></span> <span class='ocrx_word' id='word_1_246' title='bbox 3810 769 3909 836; x_wconf 84' lang='grc' dir='ltr'><strong>τὴν</strong></span> 
     </span>
    </p>
   </div>
   <div class='ocr_carea' id='block_1_36' title="bbox 2325 858 3910 932">
    <p class='ocr_par' dir='ltr' id='par_1_36' title="bbox 2325 858 3910 932">
     <span class='ocr_line' id='line_1_36' title="bbox 2325 858 3910 932; baseline -0.001 -19"><span class='ocrx_word' id='word_1_247' title='bbox 2325 860 2712 932; x_wconf 83' lang='grc' dir='ltr'><strong>προσφώνησιν</strong></span> <span class='ocrx_word' id='word_1_248' title='bbox 2756 861 2831 922; x_wconf 84' lang='grc' dir='ltr'><strong>ὡς</strong></span> <span class='ocrx_word' id='word_1_249' title='bbox 2877 862 2935 914; x_wconf 88' lang='grc' dir='ltr'><strong>ἐν</strong></span> <span class='ocrx_word' id='word_1_250' title='bbox 2979 859 3265 929; x_wconf 78' lang='grc' dir='ltr'><strong>ἐπιστολῆς</strong></span> <span class='ocrx_word' id='word_1_251' title='bbox 3305 860 3434 912; x_wconf 86' lang='grc' dir='ltr'><strong>εἴδει</strong></span> <span class='ocrx_word' id='word_1_252' title='bbox 3472 858 3610 930; x_wconf 83' lang='grc' dir='ltr'><strong>πρὸς</strong></span> <span class='ocrx_word' id='word_1_253' title='bbox 3651 859 3910 912; x_wconf 78' lang='grc' dir='ltr'><strong>Ἰάκωϐον</strong></span> 
     </span>
    </p>
   </div>
   <div class='ocr_carea' id='block_1_37' title="bbox 2322 943 3907 1018">
    <p class='ocr_par' dir='ltr' id='par_1_37' title="bbox 2322 943 3907 1018">
     <span class='ocr_line' id='line_1_37' title="bbox 2322 943 3907 1018; baseline -0.001 -15"><span class='ocrx_word' id='word_1_254' title='bbox 2322 951 2413 1003; x_wconf 74' lang='grc' dir='ltr'><strong>τὸν</strong></span> <span class='ocrx_word' id='word_1_255' title='bbox 2453 951 2774 1018; x_wconf 85' lang='grc' dir='ltr'><strong>ἀδελφόθεον</strong></span> <span class='ocrx_word' id='word_1_256' title='bbox 2817 953 3071 1014; x_wconf 88' lang='grc' dir='ltr'><strong>ποιεῖται,</strong></span> <span class='ocrx_word' id='word_1_257' title='bbox 3123 951 3179 1002; x_wconf 90' lang='grc' dir='ltr'><strong>ἐν</strong></span> <span class='ocrx_word' id='word_1_258' title='bbox 3221 943 3265 1016; x_wconf 79' lang='grc' dir='ltr'>ᾧ</span> <span class='ocrx_word' id='word_1_259' title='bbox 3302 949 3362 1002; x_wconf 85' lang='grc' dir='ltr'><strong>αἵ</strong></span> <span class='ocrx_word' id='word_1_260' title='bbox 3397 966 3455 1001; x_wconf 88' lang='grc' dir='ltr'><strong>τε</strong></span> <span class='ocrx_word' id='word_1_261' title='bbox 3491 949 3783 1016; x_wconf 81' lang='grc' dir='ltr'><strong>λεγόμεναι</strong></span> <span class='ocrx_word' id='word_1_262' title='bbox 3816 948 3907 1001; x_wconf 71' lang='grc' dir='ltr'><strong>τοῦ</strong></span> 
     </span>
    </p>
   </div>
   <div class='ocr_carea' id='block_1_38' title="bbox 2322 1042 3910 1112">
    <p class='ocr_par' dir='ltr' id='par_1_38' title="bbox 2322 1042 3910 1112">
     <span class='ocr_line' id='line_1_38' title="bbox 2322 1042 3910 1112; baseline -0.003 -14"><span class='ocrx_word' id='word_1_263' title='bbox 2322 1046 2669 1098; x_wconf 76' lang='grc' dir='ltr'><em>ἀποστόλου</em></span> <span class='ocrx_word' id='word_1_264' title='bbox 2683 1045 2907 1112; x_wconf 83' lang='grc' dir='ltr'><strong>Πέτρου</strong></span> <span class='ocrx_word' id='word_1_265' title='bbox 2925 1043 3178 1112; x_wconf 79' lang='grc' dir='ltr'><strong>Πράξεις</strong></span> <span class='ocrx_word' id='word_1_266' title='bbox 3195 1045 3289 1097; x_wconf 69' lang='grc' dir='ltr'><strong>καὶ</strong></span> <span class='ocrx_word' id='word_1_267' title='bbox 3310 1045 3365 1095; x_wconf 80' lang='grc' dir='ltr'><strong>αἱ</strong></span> <span class='ocrx_word' id='word_1_268' title='bbox 3383 1042 3538 1112; x_wconf 84' lang='grc' dir='ltr'><strong>Πρός</strong></span> <span class='ocrx_word' id='word_1_269' title='bbox 3555 1044 3790 1112; x_wconf 64' lang='grc' dir='ltr'><strong>Σᾲιωνα</strong></span> <span class='ocrx_word' id='word_1_270' title='bbox 3805 1043 3910 1095; x_wconf 71' lang='grc' dir='ltr'><strong>τὸν</strong></span> 
     </span>
    </p>
   </div>
   <div class='ocr_carea' id='block_1_39' title="bbox 2323 1133 3908 1203">
    <p class='ocr_par' dir='ltr' id='par_1_39' title="bbox 2323 1133 3908 1203">
     <span class='ocr_line' id='line_1_39' title="bbox 2323 1133 3908 1203; baseline -0.001 -15"><span class='ocrx_word' id='word_1_271' title='bbox 2323 1135 2529 1203; x_wconf 73' lang='grc' dir='ltr'><strong>Μάγον</strong></span> <span class='ocrx_word' id='word_1_272' title='bbox 2545 1135 2864 1199; x_wconf 83' lang='grc' dir='ltr'><strong>διαλέξεις,</strong></span> <span class='ocrx_word' id='word_1_273' title='bbox 2890 1136 2984 1188; x_wconf 74' lang='grc' dir='ltr'><strong>καὶ</strong></span> <span class='ocrx_word' id='word_1_274' title='bbox 3004 1134 3083 1186; x_wconf 73' lang='grc' dir='ltr'><strong>ἔτι</strong></span> <span class='ocrx_word' id='word_1_275' title='bbox 3103 1135 3130 1185; x_wconf 87' lang='grc' dir='ltr'>ὁ</span> <span class='ocrx_word' id='word_1_276' title='bbox 3146 1133 3908 1202; x_wconf 79' lang='grc' dir='ltr'><strong>ἈναγγωρισμὸςΚλήμεν-</strong></span> 
     </span>
    </p>
   </div>
   <div class='ocr_carea' id='block_1_40' title="bbox 2324 1223 3907 1292">
    <p class='ocr_par' dir='ltr' id='par_1_40' title="bbox 2324 1223 3907 1292">
     <span class='ocr_line' id='line_1_40' title="bbox 2324 1223 3907 1292; baseline -0.003 -13"><span class='ocrx_word' id='word_1_277' title='bbox 2324 1245 2425 1292; x_wconf 76' lang='grc' dir='ltr'><strong>τος</strong></span> <span class='ocrx_word' id='word_1_278' title='bbox 2457 1226 2556 1280; x_wconf 79' lang='grc' dir='ltr'><strong>καί</strong></span> <span class='ocrx_word' id='word_1_279' title='bbox 2585 1227 2693 1280; x_wconf 86' lang='grc' dir='ltr'><strong>τοῦ</strong></span> <span class='ocrx_word' id='word_1_280' title='bbox 2728 1226 2954 1292; x_wconf 84' lang='grc' dir='ltr'><strong>πατρὸς</strong></span> <span class='ocrx_word' id='word_1_281' title='bbox 2991 1226 3087 1280; x_wconf 80' lang='grc' dir='ltr'><strong>καὶ</strong></span> <span class='ocrx_word' id='word_1_282' title='bbox 3117 1225 3235 1279; x_wconf 68' lang='grc' dir='ltr'><strong>τῶν</strong></span> <span class='ocrx_word' id='word_1_283' title='bbox 3259 1225 3467 1278; x_wconf 76' lang='grc' dir='ltr'><em>ἄλλων</em></span> <span class='ocrx_word' id='word_1_284' title='bbox 3500 1223 3799 1292; x_wconf 69' lang='grc' dir='ltr'><strong>ἀδελφῶν,</strong></span> <span class='ocrx_word' id='word_1_285' title='bbox 3829 1224 3907 1276; x_wconf 80' lang='grc' dir='ltr'><strong>διὸ</strong></span> 
     </span>
    </p>
   </div>
   <div class='ocr_carea' id='block_1_41' title="bbox 2322 1315 3906 1388">
    <p class='ocr_par' dir='ltr' id='par_1_41' title="bbox 2322 1315 3906 1388">
     <span class='ocr_line' id='line_1_41' title="bbox 2322 1315 3906 1388; baseline -0.002 -18"><span class='ocrx_word' id='word_1_286' title='bbox 2322 1319 2416 1371; x_wconf 77' lang='grc' dir='ltr'><strong>καὶ</strong></span> <span class='ocrx_word' id='word_1_287' title='bbox 2444 1317 2499 1371; x_wconf 77' lang='grc' dir='ltr'><strong>ἔν</strong></span> <span class='ocrx_word' id='word_1_288' title='bbox 2526 1336 2632 1371; x_wconf 89' lang='grc' dir='ltr'><strong>τισι</strong></span> <span class='ocrx_word' id='word_1_289' title='bbox 2663 1318 2772 1372; x_wconf 82' lang='grc' dir='ltr'><strong>τῶν</strong></span> <span class='ocrx_word' id='word_1_290' title='bbox 2808 1318 3077 1388; x_wconf 87' lang='grc' dir='ltr'><strong>βιϐλίωνή</strong></span> <span class='ocrx_word' id='word_1_291' title='bbox 3110 1317 3414 1388; x_wconf 85' lang='grc' dir='ltr'><strong>ἐπιγραφὴ,</strong></span> <span class='ocrx_word' id='word_1_292' title='bbox 3439 1315 3784 1386; x_wconf 79' lang='grc' dir='ltr'><strong>Κλήμεντος</strong></span> <span class='ocrx_word' id='word_1_293' title='bbox 3800 1316 3906 1368; x_wconf 84' lang='grc' dir='ltr'><strong>τοῦ</strong></span> 
     </span>
    </p>
   </div>
   <div class='ocr_carea' id='block_1_42' title="bbox 2332 1403 3906 1477">
    <p class='ocr_par' dir='ltr' id='par_1_42' title="bbox 2332 1403 3906 1477">
     <span class='ocr_line' id='line_1_42' title="bbox 2332 1403 3906 1477; baseline -0.003 -16"><span class='ocrx_word' id='word_1_294' title='bbox 2332 1408 2620 1477; x_wconf 81' lang='grc' dir='ltr'><strong>Ῥωμαίου</strong></span> <span class='ocrx_word' id='word_1_295' title='bbox 2637 1407 3088 1476; x_wconf 71' lang='grc' dir='ltr'><strong>ἁναγνωρισμὸς</strong></span> <span class='ocrx_word' id='word_1_296' title='bbox 3115 1407 3500 1477; x_wconf 84' lang='grc' dir='ltr'><strong>ἐπιγράφεται.</strong></span> <span class='ocrx_word' id='word_1_297' title='bbox 3521 1408 3579 1458; x_wconf 87' lang='grc' dir='ltr'><strong>ἐν</strong></span> <span class='ocrx_word' id='word_1_298' title='bbox 3612 1406 3724 1458; x_wconf 76' lang='grc' dir='ltr'><strong>τισὶ</strong></span> <span class='ocrx_word' id='word_1_299' title='bbox 3741 1403 3906 1467; x_wconf 83' lang='grc' dir='ltr'><strong>δὲ,ὠς</strong></span> 
     </span>
    </p>
   </div>
   <div class='ocr_carea' id='block_1_43' title="bbox 2321 1497 3905 1573">
    <p class='ocr_par' dir='ltr' id='par_1_43' title="bbox 2321 1497 3905 1573">
     <span class='ocr_line' id='line_1_43' title="bbox 2321 1497 3905 1573; baseline -0.009 -15"><span class='ocrx_word' id='word_1_300' title='bbox 2321 1502 2552 1573; x_wconf 73' lang='grc' dir='ltr'><strong>ἔφημεν,</strong></span> <span class='ocrx_word' id='word_1_301' title='bbox 2591 1501 2848 1571; x_wconf 81' lang='grc' dir='ltr'><strong>ἐπιστολὴ</strong></span> <span class='ocrx_word' id='word_1_302' title='bbox 2880 1502 3241 1573; x_wconf 85' lang='grc' dir='ltr'><strong>προτάττεται</strong></span> <span class='ocrx_word' id='word_1_303' title='bbox 3274 1499 3350 1562; x_wconf 84' lang='grc' dir='ltr'><strong>ὡς</strong></span> <span class='ocrx_word' id='word_1_304' title='bbox 3377 1499 3514 1570; x_wconf 82' lang='grc' dir='ltr'><strong>πρὸς</strong></span> <span class='ocrx_word' id='word_1_305' title='bbox 3558 1499 3650 1551; x_wconf 75' lang='grc' dir='ltr'><strong>τὸν</strong></span> <span class='ocrx_word' id='word_1_306' title='bbox 3681 1497 3905 1567; x_wconf 77' lang='grc' dir='ltr'><strong>ἀδελφό-</strong></span> 
     </span>
    </p>
   </div>
   <div class='ocr_carea' id='block_1_44' title="bbox 2323 1588 3906 1662">
    <p class='ocr_par' dir='ltr' id='par_1_44' title="bbox 2323 1588 3906 1662">
     <span class='ocr_line' id='line_1_44' title="bbox 2323 1588 3906 1662; baseline -0.004 -15"><span class='ocrx_word' id='word_1_307' title='bbox 2323 1595 2444 1648; x_wconf 88' lang='grc' dir='ltr'><strong>θεον</strong></span> <span class='ocrx_word' id='word_1_308' title='bbox 2490 1595 2769 1658; x_wconf 87' lang='grc' dir='ltr'><strong>Ἰάκωϐον,</strong></span> <span class='ocrx_word' id='word_1_309' title='bbox 2802 1594 2897 1647; x_wconf 74' lang='grc' dir='ltr'><strong>καὶ</strong></span> <span class='ocrx_word' id='word_1_310' title='bbox 2924 1593 3065 1662; x_wconf 71' lang='grc' dir='ltr'><strong>αὕτη</strong></span> <span class='ocrx_word' id='word_1_311' title='bbox 3094 1593 3150 1645; x_wconf 85' lang='grc' dir='ltr'><strong>δὲ</strong></span> <span class='ocrx_word' id='word_1_312' title='bbox 3173 1592 3270 1662; x_wconf 74' lang='grc' dir='ltr'><strong>οὐχ</strong></span> <span class='ocrx_word' id='word_1_313' title='bbox 3303 1595 3336 1661; x_wconf 86' lang='grc' dir='ltr'><strong>ή</strong></span> <span class='ocrx_word' id='word_1_314' title='bbox 3361 1591 3521 1661; x_wconf 76' lang='grc' dir='ltr'><strong>αὐτὴ,</strong></span> <span class='ocrx_word' id='word_1_315' title='bbox 3545 1590 3668 1643; x_wconf 75' lang='grc' dir='ltr'><strong>οὐδὲ</strong></span> <span class='ocrx_word' id='word_1_316' title='bbox 3701 1589 3776 1652; x_wconf 82' lang='grc' dir='ltr'><strong>ὡς</strong></span> <span class='ocrx_word' id='word_1_317' title='bbox 3799 1588 3906 1642; x_wconf 77' lang='grc' dir='ltr'><strong>ἀπὺ</strong></span> 
     </span>
    </p>
   </div>
   <div class='ocr_carea' id='block_1_45' title="bbox 2320 1680 3905 1757">
    <p class='ocr_par' dir='ltr' id='par_1_45' title="bbox 2320 1680 3905 1757">
     <span class='ocr_line' id='line_1_45' title="bbox 2320 1680 3905 1757; baseline -0.006 -17"><span class='ocrx_word' id='word_1_318' title='bbox 2320 1687 2412 1741; x_wconf 79' lang='grc' dir='ltr'><strong>τοῦ</strong></span> <span class='ocrx_word' id='word_1_319' title='bbox 2452 1686 2616 1740; x_wconf 78' lang='grc' dir='ltr'><strong>αὑτοῦ</strong></span> <span class='ocrx_word' id='word_1_320' title='bbox 2658 1685 2951 1757; x_wconf 86' lang='grc' dir='ltr'><strong>προσώπου</strong></span> <span class='ocrx_word' id='word_1_321' title='bbox 2997 1684 3463 1755; x_wconf 83' lang='grc' dir='ltr'><strong>προενηνεγμένη,</strong></span> <span class='ocrx_word' id='word_1_322' title='bbox 3501 1681 3616 1735; x_wconf 78' lang='grc' dir='ltr'><strong>ἀλλ’</strong></span> <span class='ocrx_word' id='word_1_323' title='bbox 3657 1683 3751 1734; x_wconf 80' lang='grc' dir='ltr'><strong>ἐπὶ</strong></span> <span class='ocrx_word' id='word_1_324' title='bbox 3803 1680 3905 1749; x_wconf 88' lang='grc' dir='ltr'><strong>μέν</strong></span> 
     </span>
    </p>
   </div>
   <div class='ocr_carea' id='block_1_46' title="bbox 2320 1773 3904 1848">
    <p class='ocr_par' dir='ltr' id='par_1_46' title="bbox 2320 1773 3904 1848">
     <span class='ocr_line' id='line_1_46' title="bbox 2320 1773 3904 1848; baseline -0.004 -17"><span class='ocrx_word' id='word_1_325' title='bbox 2320 1797 2480 1831; x_wconf 90' lang='grc' dir='ltr'><strong>τινων</strong></span> <span class='ocrx_word' id='word_1_326' title='bbox 2530 1777 2751 1848; x_wconf 88' lang='grc' dir='ltr'><strong>βιϐλίων</strong></span> <span class='ocrx_word' id='word_1_327' title='bbox 2797 1777 2872 1840; x_wconf 85' lang='grc' dir='ltr'><strong>ὠς</strong></span> <span class='ocrx_word' id='word_1_328' title='bbox 2921 1776 3030 1830; x_wconf 80' lang='grc' dir='ltr'><strong>ἀπὸ</strong></span> <span class='ocrx_word' id='word_1_329' title='bbox 3071 1777 3277 1847; x_wconf 80' lang='grc' dir='ltr'><strong>Πέτρου</strong></span> <span class='ocrx_word' id='word_1_330' title='bbox 3309 1774 3403 1828; x_wconf 77' lang='grc' dir='ltr'><strong>τοῦ</strong></span> <span class='ocrx_word' id='word_1_331' title='bbox 3435 1774 3732 1830; x_wconf 85' lang='grc' dir='ltr'><strong>ἀποστόλου</strong></span> <span class='ocrx_word' id='word_1_332' title='bbox 3769 1773 3904 1843; x_wconf 77' lang='grc' dir='ltr'><strong>πρὸς</strong></span> 
     </span>
    </p>
   </div>
   <div class='ocr_carea' id='block_1_47' title="bbox 2337 1866 3904 1940">
    <p class='ocr_par' dir='ltr' id='par_1_47' title="bbox 2337 1866 3904 1940">
     <span class='ocr_line' id='line_1_47' title="bbox 2337 1866 3904 1940; baseline -0.004 -17"><span class='ocrx_word' id='word_1_333' title='bbox 2337 1869 2591 1924; x_wconf 74' lang='grc' dir='ltr'><strong>Ἰάκωϐον</strong></span> <span class='ocrx_word' id='word_1_334' title='bbox 2649 1870 3058 1940; x_wconf 87' lang='grc' dir='ltr'><strong>ἐπεσταλμένη,</strong></span> <span class='ocrx_word' id='word_1_335' title='bbox 3122 1869 3210 1938; x_wconf 85' lang='grc' dir='ltr'><strong>ἐφ’</strong></span> <span class='ocrx_word' id='word_1_336' title='bbox 3267 1869 3468 1938; x_wconf 85' lang='grc' dir='ltr'><strong>ἐτέρων</strong></span> <span class='ocrx_word' id='word_1_337' title='bbox 3525 1867 3584 1920; x_wconf 80' lang='grc' dir='ltr'><strong>δὲ</strong></span> <span class='ocrx_word' id='word_1_338' title='bbox 3640 1866 3717 1928; x_wconf 82' lang='grc' dir='ltr'><strong>ὡς</strong></span> <span class='ocrx_word' id='word_1_339' title='bbox 3795 1866 3904 1917; x_wconf 86' lang='grc' dir='ltr'><strong>ἀπὸ</strong></span> 
     </span>
    </p>
   </div>
   <div class='ocr_carea' id='block_1_48' title="bbox 2326 1955 3901 2030">
    <p class='ocr_par' dir='ltr' id='par_1_48' title="bbox 2326 1955 3901 2030">
     <span class='ocr_line' id='line_1_48' title="bbox 2326 1955 3901 2030; baseline -0.004 -18"><span class='ocrx_word' id='word_1_340' title='bbox 2326 1960 2640 2029; x_wconf 80' lang='grc' dir='ltr'><strong>Κλήμεντος</strong></span> <span class='ocrx_word' id='word_1_341' title='bbox 2675 1960 2811 2030; x_wconf 83' lang='grc' dir='ltr'><strong>πρὸς</strong></span> <span class='ocrx_word' id='word_1_342' title='bbox 2852 1960 3126 2023; x_wconf 82' lang='grc' dir='ltr'><strong>Ἰάκωϐον,</strong></span> <span class='ocrx_word' id='word_1_343' title='bbox 3155 1957 3283 2030; x_wconf 79' lang='grc'><strong>[156</strong></span> <span class='ocrx_word' id='word_1_344' title='bbox 3451 1955 3586 2028; x_wconf 83' lang='grc' dir='ltr'><strong>άλλη</strong></span> <span class='ocrx_word' id='word_1_345' title='bbox 3616 1956 3712 2010; x_wconf 70' lang='grc' dir='ltr'><strong>καὶ</strong></span> <span class='ocrx_word' id='word_1_346' title='bbox 3742 1955 3901 2026; x_wconf 83' lang='grc' dir='ltr'><strong>άλλη,</strong></span> 
     </span>
    </p>
   </div>
   <div class='ocr_carea' id='block_1_49' title="bbox 2324 2047 3902 2121">
    <p class='ocr_par' dir='ltr' id='par_1_49' title="bbox 2324 2047 3902 2121">
     <span class='ocr_line' id='line_1_49' title="bbox 2324 2047 3902 2121; baseline -0.003 -18"><span class='ocrx_word' id='word_1_347' title='bbox 2324 2051 2508 2114; x_wconf 86' lang='grc' dir='ltr'><strong>καθὼς</strong></span> <span class='ocrx_word' id='word_1_348' title='bbox 2541 2051 2896 2121; x_wconf 86' lang='grc' dir='ltr'><strong>προείπομεν.</strong></span> <span class='ocrx_word' id='word_1_349' title='bbox 2923 2050 3035 2103; x_wconf 75' lang='grc' dir='ltr'><strong>Καὶ</strong></span> <span class='ocrx_word' id='word_1_350' title='bbox 3063 2051 3096 2120; x_wconf 87' lang='grc' dir='ltr'><strong>ή</strong></span> <span class='ocrx_word' id='word_1_351' title='bbox 3131 2051 3229 2120; x_wconf 78' lang='grc' dir='ltr'><strong>μὲν</strong></span> <span class='ocrx_word' id='word_1_352' title='bbox 3261 2048 3412 2121; x_wconf 89' lang='grc' dir='ltr'><strong>δηλοί</strong></span> <span class='ocrx_word' id='word_1_353' title='bbox 3440 2049 3645 2117; x_wconf 78' lang='grc' dir='ltr'><strong>Πέτρον</strong></span> <span class='ocrx_word' id='word_1_354' title='bbox 3683 2047 3785 2109; x_wconf 80' lang='grc' dir='ltr'><strong>τὰς</strong></span> <span class='ocrx_word' id='word_1_355' title='bbox 3819 2049 3902 2100; x_wconf 87' lang='lat' dir='ltr'><strong>ol-</strong></span> 
     </span>
    </p>
   </div>
   <div class='ocr_carea' id='block_1_50' title="bbox 2323 2140 3904 2215">
    <p class='ocr_par' dir='ltr' id='par_1_50' title="bbox 2323 2140 3904 2215">
     <span class='ocr_line' id='line_1_50' title="bbox 2323 2140 3904 2215; baseline -0.003 -17"><span class='ocrx_word' id='word_1_356' title='bbox 2323 2145 2479 2206; x_wconf 85' lang='grc' dir='ltr'><strong>κείας</strong></span> <span class='ocrx_word' id='word_1_357' title='bbox 2541 2143 3024 2215; x_wconf 77' lang='grc' dir='ltr'><strong>συγγράψασθαι¹¹</strong></span> <span class='ocrx_word' id='word_1_358' title='bbox 3070 2141 3297 2214; x_wconf 80' lang='grc' dir='ltr'><strong>πράξεις</strong></span> <span class='ocrx_word' id='word_1_359' title='bbox 3331 2141 3426 2195; x_wconf 75' lang='grc' dir='ltr'><strong>καὶ</strong></span> <span class='ocrx_word' id='word_1_360' title='bbox 3475 2141 3613 2211; x_wconf 87' lang='grc' dir='ltr'><strong>πρὸς</strong></span> <span class='ocrx_word' id='word_1_361' title='bbox 3641 2140 3904 2196; x_wconf 84' lang='grc' dir='ltr'><strong>Ἰάκωϐον</strong></span> 
     </span>
    </p>
   </div>
   <div class='ocr_carea' id='block_1_51' title="bbox 2323 2233 3904 2306">
    <p class='ocr_par' dir='ltr' id='par_1_51' title="bbox 2323 2233 3904 2306">
     <span class='ocr_line' id='line_1_51' title="bbox 2323 2233 3904 2306; baseline -0.003 -16"><span class='ocrx_word' id='word_1_362' title='bbox 2323 2236 2690 2306; x_wconf 79' lang='grc' dir='ltr'><strong>αἰτησάμενον</strong></span> <span class='ocrx_word' id='word_1_363' title='bbox 2719 2233 2920 2298; x_wconf 86' lang='grc' dir='ltr'><strong>ταύτας</strong></span> <span class='ocrx_word' id='word_1_364' title='bbox 2966 2234 3317 2289; x_wconf 84' lang='grc' dir='ltr'><strong>ἀποστεῖλαι·</strong></span> <span class='ocrx_word' id='word_1_365' title='bbox 3359 2235 3393 2304; x_wconf 85' lang='grc' dir='ltr'><strong>ἡ</strong></span> <span class='ocrx_word' id='word_1_366' title='bbox 3438 2233 3496 2286; x_wconf 82' lang='grc' dir='ltr'><strong>δὲ</strong></span> <span class='ocrx_word' id='word_1_367' title='bbox 3543 2233 3904 2303; x_wconf 81' lang='grc' dir='ltr'><strong>διαλαμϐάνει</strong></span> 
     </span>
    </p>
   </div>
   <div class='ocr_carea' id='block_1_52' title="bbox 2322 2327 3900 2400">
    <p class='ocr_par' dir='ltr' id='par_1_52' title="bbox 2322 2327 3900 2400">
     <span class='ocr_line' id='line_1_52' title="bbox 2322 2327 3900 2400; baseline -0.011 -6"><span class='ocrx_word' id='word_1_368' title='bbox 2322 2329 2398 2393; x_wconf 82' lang='grc' dir='ltr'><strong>ὡς</strong></span> <span class='ocrx_word' id='word_1_369' title='bbox 2445 2329 2676 2400; x_wconf 78' lang='grc' dir='ltr'><strong>Κλήμης</strong></span> <span class='ocrx_word' id='word_1_370' title='bbox 2705 2328 2911 2391; x_wconf 82' lang='grc' dir='ltr'><strong>ταύτας</strong></span> <span class='ocrx_word' id='word_1_371' title='bbox 2963 2328 3106 2382; x_wconf 82' lang='grc' dir='ltr'><strong>κατὰ</strong></span> <span class='ocrx_word' id='word_1_372' title='bbox 3152 2327 3487 2398; x_wconf 81' lang='grc' dir='ltr'><strong>πρόσταγμα</strong></span> <span class='ocrx_word' id='word_1_373' title='bbox 3517 2327 3729 2397; x_wconf 85' lang='grc' dir='ltr'><strong>Πέτρου</strong></span> <span class='ocrx_word' id='word_1_374' title='bbox 3764 2343 3900 2394; x_wconf 78' lang='grc' dir='ltr'><strong>συγ-</strong></span> 
     </span>
    </p>
   </div>
   <div class='ocr_carea' id='block_1_53' title="bbox 2321 2418 3901 2493">
    <p class='ocr_par' dir='ltr' id='par_1_53' title="bbox 2321 2418 3901 2493">
     <span class='ocr_line' id='line_1_53' title="bbox 2321 2418 3901 2493; baseline -0.003 -17"><span class='ocrx_word' id='word_1_375' title='bbox 2321 2421 2573 2493; x_wconf 77' lang='grc' dir='ltr'><strong>γράψειε,</strong></span> <span class='ocrx_word' id='word_1_376' title='bbox 2611 2420 2862 2475; x_wconf 82' lang='grc' dir='ltr'><strong>κάκείνου</strong></span> <span class='ocrx_word' id='word_1_377' title='bbox 2878 2420 3014 2492; x_wconf 80' lang='grc' dir='ltr'><strong>πρὸς</strong></span> <span class='ocrx_word' id='word_1_378' title='bbox 3044 2420 3142 2490; x_wconf 80' lang='grc' dir='ltr'><strong>τὴν</strong></span> <span class='ocrx_word' id='word_1_379' title='bbox 3167 2422 3360 2490; x_wconf 87' lang='grc' dir='ltr'><strong>ἀγήρω</strong></span> <span class='ocrx_word' id='word_1_380' title='bbox 3393 2421 3832 2489; x_wconf 80' lang='grc' dir='ltr'><strong>μεταναστάντος</strong></span> <span class='ocrx_word' id='word_1_381' title='bbox 3855 2418 3901 2450; x_wconf 77' lang='grc'><strong>’⁸</strong></span> 
     </span>
    </p>
   </div>
   <div class='ocr_carea' id='block_1_54' title="bbox 2321 2511 3901 2584">
    <p class='ocr_par' dir='ltr' id='par_1_54' title="bbox 2321 2511 3901 2584">
     <span class='ocr_line' id='line_1_54' title="bbox 2321 2511 3901 2584; baseline -0.004 -14"><span class='ocrx_word' id='word_1_382' title='bbox 2321 2515 2628 2570; x_wconf 83' lang='grc' dir='ltr'><strong>ἀποστείλοι</strong></span> <span class='ocrx_word' id='word_1_383' title='bbox 2645 2514 2877 2584; x_wconf 82' lang='grc' dir='ltr'><strong>Κλήμης</strong></span> <span class='ocrx_word' id='word_1_384' title='bbox 2891 2514 3028 2584; x_wconf 80' lang='grc' dir='ltr'><strong>πρὸς</strong></span> <span class='ocrx_word' id='word_1_385' title='bbox 3056 2511 3527 2567; x_wconf 84' lang='grc' dir='ltr'><strong>’1άκωϐον.Ἐστιν</strong></span> <span class='ocrx_word' id='word_1_386' title='bbox 3539 2511 3630 2564; x_wconf 77' lang='grc' dir='ltr'><strong>οὖν</strong></span> <span class='ocrx_word' id='word_1_387' title='bbox 3649 2511 3901 2582; x_wconf 76' lang='grc' dir='ltr'><strong>εἰκασμῷ</strong></span> 
     </span>
    </p>
   </div>
   <div class='ocr_carea' id='block_1_55' title="bbox 2319 2603 3901 2674">
    <p class='ocr_par' dir='ltr' id='par_1_55' title="bbox 2319 2603 3901 2674">
     <span class='ocr_line' id='line_1_55' title="bbox 2319 2603 3901 2674; baseline -0.002 -13"><span class='ocrx_word' id='word_1_388' title='bbox 2319 2607 2590 2662; x_wconf 89' lang='grc' dir='ltr'><strong>διαλαϐεῖν</strong></span> <span class='ocrx_word' id='word_1_389' title='bbox 2620 2606 2696 2669; x_wconf 85' lang='grc' dir='ltr'><strong>ὠς</strong></span> <span class='ocrx_word' id='word_1_390' title='bbox 2736 2605 2830 2658; x_wconf 78' lang='grc' dir='ltr'><strong>δύο</strong></span> <span class='ocrx_word' id='word_1_391' title='bbox 2877 2606 2976 2674; x_wconf 84' lang='grc' dir='ltr'><strong>μὲν</strong></span> <span class='ocrx_word' id='word_1_392' title='bbox 3009 2606 3202 2674; x_wconf 76' lang='grc' dir='ltr'><strong>εἴησαν</strong></span> <span class='ocrx_word' id='word_1_393' title='bbox 3231 2604 3342 2656; x_wconf 84' lang='grc' dir='ltr'><strong>τῶν</strong></span> <span class='ocrx_word' id='word_1_394' title='bbox 3383 2603 3592 2674; x_wconf 80' lang='grc' dir='ltr'><strong>Πέτρου</strong></span> <span class='ocrx_word' id='word_1_395' title='bbox 3636 2604 3901 2674; x_wconf 77' lang='grc' dir='ltr'><strong>Πράξεων</strong></span> 
     </span>
    </p>
   </div>
   <div class='ocr_carea' id='block_1_56' title="bbox 2321 2695 3898 2769">
    <p class='ocr_par' dir='ltr' id='par_1_56' title="bbox 2321 2695 3898 2769">
     <span class='ocr_line' id='line_1_56' title="bbox 2321 2695 3898 2769; baseline -0.003 -16"><span class='ocrx_word' id='word_1_396' title='bbox 2321 2700 2560 2762; x_wconf 76' lang='grc' dir='ltr'><strong>ἐκδόσεις</strong></span> <span class='ocrx_word' id='word_1_397' title='bbox 2588 2698 2973 2769; x_wconf 80' lang='grc' dir='ltr'><strong>γεγενημέναι,</strong></span> <span class='ocrx_word' id='word_1_398' title='bbox 2999 2696 3076 2766; x_wconf 84' lang='grc' dir='ltr'><strong>τῷ</strong></span> <span class='ocrx_word' id='word_1_399' title='bbox 3108 2695 3164 2748; x_wconf 83' lang='grc' dir='ltr'><strong>δὲ</strong></span> <span class='ocrx_word' id='word_1_400' title='bbox 3195 2696 3372 2767; x_wconf 83' lang='grc' dir='ltr'><strong>χρόνῳ</strong></span> <span class='ocrx_word' id='word_1_401' title='bbox 3398 2697 3497 2763; x_wconf 82' lang='grc' dir='ltr'><strong>τῆς</strong></span> <span class='ocrx_word' id='word_1_402' title='bbox 3526 2697 3718 2768; x_wconf 84' lang='grc' dir='ltr'><strong>ἐτέρας</strong></span> <span class='ocrx_word' id='word_1_403' title='bbox 3743 2697 3898 2768; x_wconf 82' lang='grc' dir='ltr'><strong>διαῤ-</strong></span> 
     </span>
    </p>
   </div>
   <div class='ocr_carea' id='block_1_57' title="bbox 2323 2789 3900 2864">
    <p class='ocr_par' dir='ltr' id='par_1_57' title="bbox 2323 2789 3900 2864">
     <span class='ocr_line' id='line_1_57' title="bbox 2323 2789 3900 2864; baseline -0.003 -18"><span class='ocrx_word' id='word_1_404' title='bbox 2323 2793 2544 2864; x_wconf 73' lang='grc' dir='ltr'><strong>ῥυείσης</strong></span> <span class='ocrx_word' id='word_1_405' title='bbox 2577 2792 2952 2861; x_wconf 74' lang='grc' dir='ltr'><strong>ἐπεκράτησεν</strong></span> <span class='ocrx_word' id='word_1_406' title='bbox 2979 2792 3012 2859; x_wconf 87' lang='grc' dir='ltr'><strong>ή</strong></span> <span class='ocrx_word' id='word_1_407' title='bbox 3045 2789 3140 2842; x_wconf 83' lang='grc' dir='ltr'><strong>τοῦ</strong></span> <span class='ocrx_word' id='word_1_408' title='bbox 3169 2790 3485 2860; x_wconf 82' lang='grc' dir='ltr'><strong>Κλήμεντος</strong></span> <span class='ocrx_word' id='word_1_409' title='bbox 3509 2805 3524 2818; x_wconf 79' lang='grc'><strong><em>⁸</em></strong></span> <span class='ocrx_word' id='word_1_410' title='bbox 3551 2790 3609 2842; x_wconf 86' lang='grc' dir='ltr'><strong>ἐν</strong></span> <span class='ocrx_word' id='word_1_411' title='bbox 3630 2791 3766 2842; x_wconf 77' lang='grc' dir='ltr'><strong>πᾶσι</strong></span> <span class='ocrx_word' id='word_1_412' title='bbox 3791 2795 3900 2860; x_wconf 84' lang='grc' dir='ltr'><strong>γὰρ</strong></span> 
     </span>
    </p>
   </div>
   <div class='ocr_carea' id='block_1_58' title="bbox 2320 2882 3896 2956">
    <p class='ocr_par' dir='ltr' id='par_1_58' title="bbox 2320 2882 3896 2956">
     <span class='ocr_line' id='line_1_58' title="bbox 2320 2882 3896 2956; baseline -0.003 -16"><span class='ocrx_word' id='word_1_413' title='bbox 2320 2889 2433 2950; x_wconf 86' lang='grc' dir='ltr'><strong>τοῖς</strong></span> <span class='ocrx_word' id='word_1_414' title='bbox 2490 2885 2714 2956; x_wconf 89' lang='grc' dir='ltr'><strong>βιϐλίοις</strong></span> <span class='ocrx_word' id='word_1_415' title='bbox 2753 2884 2788 2937; x_wconf 81' lang='grc' dir='ltr'>ἂ</span> <span class='ocrx_word' id='word_1_416' title='bbox 2842 2884 3075 2952; x_wconf 74' lang='grc' dir='ltr'><strong>εἴδομεν,</strong></span> <span class='ocrx_word' id='word_1_417' title='bbox 3115 2882 3289 2936; x_wconf 85' lang='grc' dir='ltr'><strong>καίτοι</strong></span> <span class='ocrx_word' id='word_1_418' title='bbox 3328 2884 3428 2936; x_wconf 76' lang='grc' dir='ltr'><strong>οὐκ</strong></span> <span class='ocrx_word' id='word_1_419' title='bbox 3464 2883 3660 2950; x_wconf 85' lang='grc' dir='ltr'><strong>ὀλίγων</strong></span> <span class='ocrx_word' id='word_1_420' title='bbox 3704 2883 3896 2945; x_wconf 81' lang='grc' dir='ltr'><strong>όντων,</strong></span> 
     </span>
    </p>
   </div>
   <div class='ocr_carea' id='block_1_59' title="bbox 2323 2976 3896 3050">
    <p class='ocr_par' dir='ltr' id='par_1_59' title="bbox 2323 2976 3896 3050">
     <span class='ocr_line' id='line_1_59' title="bbox 2323 2976 3896 3050; baseline -0.003 -17"><span class='ocrx_word' id='word_1_421' title='bbox 2323 2977 2582 3050; x_wconf 76' lang='grc' dir='ltr'><strong>μετὰτὰς</strong></span> <span class='ocrx_word' id='word_1_422' title='bbox 2603 2979 2892 3047; x_wconf 82' lang='grc' dir='ltr'><strong>διαφόρους</strong></span> <span class='ocrx_word' id='word_1_423' title='bbox 2915 2976 3130 3040; x_wconf 86' lang='grc' dir='ltr'><strong>ἐκείνας</strong></span> <span class='ocrx_word' id='word_1_424' title='bbox 3150 2976 3442 3039; x_wconf 85' lang='grc' dir='ltr'><strong>ἐπιστολὰς</strong></span> <span class='ocrx_word' id='word_1_425' title='bbox 3467 2976 3561 3028; x_wconf 76' lang='grc' dir='ltr'><strong>καὶ</strong></span> <span class='ocrx_word' id='word_1_426' title='bbox 3582 2976 3896 3045; x_wconf 74' lang='grc' dir='ltr'><strong>ἐπιγραφάς</strong></span> 
     </span>
    </p>
   </div>
   <div class='ocr_carea' id='block_1_60' title="bbox 2319 3068 3893 3142">
    <p class='ocr_par' dir='ltr' id='par_1_60' title="bbox 2319 3068 3893 3142">
     <span class='ocr_line' id='line_1_60' title="bbox 2319 3068 3893 3142; baseline -0.004 -16"><span class='ocrx_word' id='word_1_427' title='bbox 2319 3073 2419 3142; x_wconf 82' lang='grc' dir='ltr'><strong>τὴν</strong></span> <span class='ocrx_word' id='word_1_428' title='bbox 2468 3070 2640 3141; x_wconf 80' lang='grc' dir='ltr'><strong>αὐτὴν</strong></span> <span class='ocrx_word' id='word_1_429' title='bbox 2705 3069 2938 3140; x_wconf 76' lang='grc' dir='ltr'><strong>εὕρομεν</strong></span> <span class='ocrx_word' id='word_1_430' title='bbox 2995 3068 3432 3139; x_wconf 84' lang='grc' dir='ltr'><strong>ἀπαραλλάκτως</strong></span> <span class='ocrx_word' id='word_1_431' title='bbox 3489 3069 3893 3138; x_wconf 84' lang='grc' dir='ltr'><strong>πραγματείαν,</strong></span> 
     </span>
    </p>
   </div>
   <div class='ocr_carea' id='block_1_61' title="bbox 635 3141 2215 3238">
    <p class='ocr_par' dir='ltr' id='par_1_61' title="bbox 635 3141 2200 3216">
     <span class='ocr_line' id='line_1_61' title="bbox 635 3141 2200 3216; baseline -0.004 -14"><span class='ocrx_word' id='word_1_432' title='bbox 635 3149 740 3203; x_wconf 88' lang='lat' dir='ltr'><strong>lioc</strong></span> <span class='ocrx_word' id='word_1_433' title='bbox 758 3160 895 3216; x_wconf 90' lang='lat' dir='ltr'><strong>opus</strong></span> <span class='ocrx_word' id='word_1_434' title='bbox 928 3143 1181 3198; x_wconf 86' lang='lat' dir='ltr'><strong>absurdis</strong></span> <span class='ocrx_word' id='word_1_435' title='bbox 1216 3141 1396 3212; x_wconf 85' lang='lat' dir='ltr'><strong>nugis,</strong></span> <span class='ocrx_word' id='word_1_436' title='bbox 1425 3157 1533 3195; x_wconf 91' lang='lat' dir='ltr'><strong>non</strong></span> <span class='ocrx_word' id='word_1_437' title='bbox 1564 3142 1680 3195; x_wconf 89' lang='lat' dir='ltr'><strong>sine</strong></span> <span class='ocrx_word' id='word_1_438' title='bbox 1707 3141 1955 3210; x_wconf 88' lang='lat' dir='ltr'><strong>plurimis</strong></span> <span class='ocrx_word' id='word_1_439' title='bbox 1993 3158 2059 3197; x_wconf 80' lang='lat' dir='ltr'><strong>ex</strong></span> <span class='ocrx_word' id='word_1_440' title='bbox 2087 3143 2200 3196; x_wconf 89' lang='lat' dir='ltr'><strong>Arii</strong></span> 
     </span>
    </p>
   </div>
   <div class='ocr_carea' id='block_1_62' title="bbox 2318 3141 3891 3238">
    <p class='ocr_par' dir='ltr' id='par_1_62' title="bbox 2318 3141 3891 3238">
     <span class='ocr_line' id='line_1_62' title="bbox 2318 3141 3891 3238; baseline -0.006 -16"><span class='ocrx_word' id='word_1_441' title='bbox 2318 3165 2612 3238; x_wconf 73' lang='grc' dir='ltr'><strong>ὶρχομένην</strong></span> <span class='ocrx_word' id='word_1_442' title='bbox 2628 3179 2640 3192; x_wconf 79' lang='grc'><strong><em>⁸</em></strong></span> <span class='ocrx_word' id='word_1_443' title='bbox 2660 3162 2806 3230; x_wconf 76' lang='grc' dir='ltr'><strong>Ἐγὼ</strong></span> <span class='ocrx_word' id='word_1_444' title='bbox 2833 3159 3141 3230; x_wconf 74' lang='grc' dir='ltr'><strong>Κλήμηνς,</strong></span> <span class='ocrx_word' id='word_1_445' title='bbox 3159 3158 3340 3213; x_wconf 75' lang='grc' dir='ltr'><strong>καὶτὰ</strong></span> <span class='ocrx_word' id='word_1_446' title='bbox 3364 3159 3492 3228; x_wconf 78' lang='grc' dir='ltr'><strong>ἑξῆς</strong></span> <span class='ocrx_word' id='word_1_447' title='bbox 3511 3159 3891 3228; x_wconf 82' lang='grc' dir='ltr'><strong>ἐνταττόμενα.</strong></span> 
     </span>
    </p>
   </div>
   <div class='ocr_carea' id='block_1_63' title="bbox 633 3232 2206 3310">
    <p class='ocr_par' dir='ltr' id='par_1_63' title="bbox 633 3232 2206 3310">
     <span class='ocr_line' id='line_1_63' title="bbox 633 3232 2206 3310; baseline -0.005 -14"><span class='ocrx_word' id='word_1_448' title='bbox 633 3241 891 3310; x_wconf 88' lang='lat' dir='ltr'><strong>opinione</strong></span> <span class='ocrx_word' id='word_1_449' title='bbox 951 3239 1001 3291; x_wconf 93' lang='lat' dir='ltr'><strong>in</strong></span> <span class='ocrx_word' id='word_1_450' title='bbox 1059 3234 1255 3288; x_wconf 89' lang='lat' dir='ltr'><strong>Filiqu</strong></span> <span class='ocrx_word' id='word_1_451' title='bbox 1332 3233 1705 3303; x_wconf 83' lang='lat' dir='ltr'><strong>blaspliemiis.</strong></span> <span class='ocrx_word' id='word_1_452' title='bbox 1776 3232 2206 3288; x_wconf 90' lang='lat' dir='ltr'><strong>Coustitutioues</strong></span> 
     </span>
    </p>
   </div>
   <div class='ocr_carea' id='block_1_64' title="bbox 635 3323 2213 3402">
    <p class='ocr_par' dir='ltr' id='par_1_64' title="bbox 635 3323 2213 3402">
     <span class='ocr_line' id='line_1_64' title="bbox 635 3323 2213 3402; baseline -0.007 -16"><span class='ocrx_word' id='word_1_453' title='bbox 635 3345 800 3402; x_wconf 89' lang='lat' dir='ltr'><strong>porro</strong></span> <span class='ocrx_word' id='word_1_454' title='bbox 831 3327 944 3399; x_wconf 77' lang='grc'><strong>(72)</strong></span> <span class='ocrx_word' id='word_1_455' title='bbox 977 3326 1170 3391; x_wconf 77' lang='lat' dir='ltr'><strong>tribus</strong></span> <span class='ocrx_word' id='word_1_456' title='bbox 1198 3340 1264 3378; x_wconf 79' lang='lat' dir='ltr'><strong>ex</strong></span> <span class='ocrx_word' id='word_1_457' title='bbox 1291 3323 1559 3393; x_wconf 83' lang='lat' dir='ltr'><strong>capitibus</strong></span> <span class='ocrx_word' id='word_1_458' title='bbox 1599 3323 1864 3376; x_wconf 77' lang='lat' dir='ltr'><strong>duntaxat</strong></span> <span class='ocrx_word' id='word_1_459' title='bbox 1917 3326 2213 3392; x_wconf 87' lang='lat' dir='ltr'><strong>reprehen-</strong></span> 
     </span>
    </p>
   </div>
   <div class='ocr_carea' id='block_1_65' title="bbox 634 3411 2210 3478">
    <p class='ocr_par' dir='ltr' id='par_1_65' title="bbox 634 3411 2210 3478">
     <span class='ocr_line' id='line_1_65' title="bbox 634 3411 2210 3478; baseline -0.008 0"><span class='ocrx_word' id='word_1_460' title='bbox 634 3421 1043 3478; x_wconf 87' lang='lat' dir='ltr'><strong>sionivideutur</strong></span> <span class='ocrx_word' id='word_1_461' title='bbox 1072 3415 1342 3469; x_wconf 66' lang='lat' dir='ltr'><strong>obnoxiae.</strong></span> <span class='ocrx_word' id='word_1_462' title='bbox 1402 3412 1480 3466; x_wconf 77' lang='lat' dir='ltr'><strong>Ex</strong></span> <span class='ocrx_word' id='word_1_463' title='bbox 1509 3411 1652 3465; x_wconf 87' lang='lat' dir='ltr'><strong>mala</strong></span> <span class='ocrx_word' id='word_1_464' title='bbox 1685 3412 1938 3466; x_wconf 89' lang='lat' dir='ltr'><strong>nimirum</strong></span> <span class='ocrx_word' id='word_1_465' title='bbox 1973 3412 2210 3476; x_wconf 85' lang='lat' dir='ltr'><strong>fictione,</strong></span> 
     </span>
    </p>
   </div>
   <div class='ocr_carea' id='block_1_66' title="bbox 633 3501 2214 3583">
    <p class='ocr_par' dir='ltr' id='par_1_66' title="bbox 633 3501 2214 3583">
     <span class='ocr_line' id='line_1_66' title="bbox 633 3501 2214 3583; baseline -0.009 -15"><span class='ocrx_word' id='word_1_466' title='bbox 633 3528 798 3583; x_wconf 89' lang='lat' dir='ltr'><strong>quam</strong></span> <span class='ocrx_word' id='word_1_467' title='bbox 837 3508 1109 3579; x_wconf 86' lang='lat' dir='ltr'><strong>depellere</strong></span> <span class='ocrx_word' id='word_1_468' title='bbox 1148 3521 1251 3559; x_wconf 91' lang='lat' dir='ltr'><strong>non</strong></span> <span class='ocrx_word' id='word_1_469' title='bbox 1304 3513 1386 3558; x_wconf 90' lang='lat' dir='ltr'><strong>est</strong></span> <span class='ocrx_word' id='word_1_470' title='bbox 1433 3504 1722 3557; x_wconf 86' lang='lat' dir='ltr'><strong>admodum</strong></span> <span class='ocrx_word' id='word_1_471' title='bbox 1751 3501 2214 3556; x_wconf 80' lang='lat' dir='ltr'><strong>dillicilezdeiude</strong></span> 
     </span>
    </p>
   </div>
   <div class='ocr_carea' id='block_1_67' title="bbox 636 3595 2210 3677">
    <p class='ocr_par' dir='ltr' id='par_1_67' title="bbox 636 3595 2210 3677">
     <span class='ocr_line' id='line_1_67' title="bbox 636 3595 2210 3677; baseline -0.007 -19"><span class='ocrx_word' id='word_1_472' title='bbox 636 3606 781 3677; x_wconf 89' lang='lat' dir='ltr'><strong>quod</strong></span> <span class='ocrx_word' id='word_1_473' title='bbox 815 3610 1007 3656; x_wconf 87' lang='lat' dir='ltr'><strong>contra</strong></span> <span class='ocrx_word' id='word_1_474' title='bbox 1067 3595 1541 3652; x_wconf 89' lang='lat' dir='ltr'><strong>Deutcronomium</strong></span> <span class='ocrx_word' id='word_1_475' title='bbox 1592 3596 2002 3649; x_wconf 87' lang='lat' dir='ltr'><strong>criminationes</strong></span> <span class='ocrx_word' id='word_1_476' title='bbox 2045 3608 2210 3663; x_wconf 84' lang='lat' dir='ltr'><strong>quas-</strong></span> 
     </span>
    </p>
   </div>
   <div class='ocr_carea' id='block_1_68' title="bbox 637 3686 2206 3760">
    <p class='ocr_par' dir='ltr' id='par_1_68' title="bbox 637 3686 2206 3760">
     <span class='ocr_line' id='line_1_68' title="bbox 637 3686 2206 3760; baseline -0.008 -8"><span class='ocrx_word' id='word_1_477' title='bbox 637 3702 758 3753; x_wconf 89' lang='lat' dir='ltr'><strong>dam</strong></span> <span class='ocrx_word' id='word_1_478' title='bbox 786 3695 1083 3757; x_wconf 85' lang='lat' dir='ltr'><strong>adducant,</strong></span> <span class='ocrx_word' id='word_1_479' title='bbox 1115 3706 1233 3760; x_wconf 81' lang='lat' dir='ltr'><strong>qua:</strong></span> <span class='ocrx_word' id='word_1_480' title='bbox 1258 3699 1311 3743; x_wconf 88' lang='lat' dir='ltr'><strong>et</strong></span> <span class='ocrx_word' id='word_1_481' title='bbox 1334 3691 1464 3760; x_wconf 69' lang='lat' dir='ltr'><strong>ipsa:</strong></span> <span class='ocrx_word' id='word_1_482' title='bbox 1496 3687 1626 3743; x_wconf 89' lang='lat' dir='ltr'><strong>dilui</strong></span> <span class='ocrx_word' id='word_1_483' title='bbox 1656 3686 1912 3742; x_wconf 84' lang='lat' dir='ltr'><strong>facillime</strong></span> <span class='ocrx_word' id='word_1_484' title='bbox 1941 3696 2167 3757; x_wconf 91' lang='lat' dir='ltr'><strong>possunt</strong></span> <span class='ocrx_word' id='word_1_485' title='bbox 2191 3703 2206 3739; x_wconf 91' lang='lat'><strong>:</strong></span> 
     </span>
    </p>
   </div>
   <div class='ocr_carea' id='block_1_69' title="bbox 637 3777 2211 3857">
    <p class='ocr_par' dir='ltr' id='par_1_69' title="bbox 637 3777 2211 3857">
     <span class='ocr_line' id='line_1_69' title="bbox 637 3777 2211 3857; baseline -0.01 -11"><span class='ocrx_word' id='word_1_486' title='bbox 637 3790 878 3857; x_wconf 86' lang='lat' dir='ltr'><strong>denique</strong></span> <span class='ocrx_word' id='word_1_487' title='bbox 918 3801 982 3840; x_wconf 80' lang='lat' dir='ltr'><strong>ex</strong></span> <span class='ocrx_word' id='word_1_488' title='bbox 1011 3783 1345 3846; x_wconf 82' lang='lat' dir='ltr'><strong>Arianisnio,</strong></span> <span class='ocrx_word' id='word_1_489' title='bbox 1385 3795 1545 3849; x_wconf 90' lang='lat' dir='ltr'><strong>quem</strong></span> <span class='ocrx_word' id='word_1_490' title='bbox 1574 3779 1702 3834; x_wconf 89' lang='lat' dir='ltr'><strong>item</strong></span> <span class='ocrx_word' id='word_1_491' title='bbox 1732 3793 1924 3832; x_wconf 88' lang='lat' dir='ltr'><strong>acarus</strong></span> <span class='ocrx_word' id='word_1_492' title='bbox 1955 3777 2211 3846; x_wconf 89' lang='lat' dir='ltr'><strong>pauloin-</strong></span> 
     </span>
    </p>
   </div>
   <div class='ocr_carea' id='block_1_70' title="bbox 636 3869 2207 3944">
    <p class='ocr_par' dir='ltr' id='par_1_70' title="bbox 636 3869 2207 3944">
     <span class='ocr_line' id='line_1_70' title="bbox 636 3869 2207 3944; baseline -0.01 -7"><span class='ocrx_word' id='word_1_493' title='bbox 636 3882 855 3944; x_wconf 87' lang='lat' dir='ltr'><strong>stando,</strong></span> <span class='ocrx_word' id='word_1_494' title='bbox 908 3875 1161 3931; x_wconf 83' lang='lat' dir='ltr'><strong>refellere</strong></span> <span class='ocrx_word' id='word_1_495' title='bbox 1208 3888 1399 3941; x_wconf 72' lang='lat' dir='ltr'><strong>queas.</strong></span> <span class='ocrx_word' id='word_1_496' title='bbox 1437 3871 1613 3938; x_wconf 81' lang='lat' dir='ltr'><strong>|Liber</strong></span> <span class='ocrx_word' id='word_1_497' title='bbox 1659 3880 1893 3924; x_wconf 88' lang='lat' dir='ltr'><strong>attamen</strong></span> <span class='ocrx_word' id='word_1_498' title='bbox 1949 3869 2207 3923; x_wconf 79' lang='lat' dir='ltr'><strong>Actorum</strong></span> 
     </span>
    </p>
   </div>
   <div class='ocr_carea' id='block_1_71' title="bbox 635 3959 2210 4041">
    <p class='ocr_par' dir='ltr' id='par_1_71' title="bbox 635 3959 2210 4041">
     <span class='ocr_line' id='line_1_71' title="bbox 635 3959 2210 4041; baseline -0.011 -11"><span class='ocrx_word' id='word_1_499' title='bbox 635 3974 786 4031; x_wconf 86' lang='lat' dir='ltr'><strong>Petri</strong></span> <span class='ocrx_word' id='word_1_500' title='bbox 823 3972 937 4041; x_wconf 80' lang='lat' dir='ltr'><strong>(qui</strong></span> <span class='ocrx_word' id='word_1_501' title='bbox 960 3972 1023 4022; x_wconf 88' lang='lat' dir='ltr'><strong>de</strong></span> <span class='ocrx_word' id='word_1_502' title='bbox 1051 3966 1513 4035; x_wconf 79' lang='lat' dir='ltr'><strong>Recognitionibus</strong></span> <span class='ocrx_word' id='word_1_503' title='bbox 1540 3962 1819 4031; x_wconf 83' lang='lat' dir='ltr'><strong>inscriptus</strong></span> <span class='ocrx_word' id='word_1_504' title='bbox 1850 3961 1948 4029; x_wconf 89' lang='lat' dir='ltr'><strong>est)</strong></span> <span class='ocrx_word' id='word_1_505' title='bbox 2001 3959 2210 4029; x_wconf 90' lang='lat' dir='ltr'><strong>perspi-</strong></span> 
     </span>
    </p>
   </div>
   <div class='ocr_carea' id='block_1_72' title="bbox 635 4052 2208 4133">
    <p class='ocr_par' dir='ltr' id='par_1_72' title="bbox 635 4052 2208 4133">
     <span class='ocr_line' id='line_1_72' title="bbox 635 4052 2208 4133; baseline -0.015 -10"><span class='ocrx_word' id='word_1_506' title='bbox 635 4068 839 4123; x_wconf 84' lang='lat' dir='ltr'><strong>cuitate</strong></span> <span class='ocrx_word' id='word_1_507' title='bbox 863 4078 927 4117; x_wconf 87' lang='lat' dir='ltr'><strong>ac</strong></span> <span class='ocrx_word' id='word_1_508' title='bbox 964 4063 1251 4133; x_wconf 85' lang='lat' dir='ltr'><strong>gravitate,</strong></span> <span class='ocrx_word' id='word_1_509' title='bbox 1305 4059 1370 4111; x_wconf 91' lang='lat' dir='ltr'><strong>ad</strong></span> <span class='ocrx_word' id='word_1_510' title='bbox 1411 4057 1526 4110; x_wconf 61' lang='lat' dir='ltr'><strong>haec</strong></span> <span class='ocrx_word' id='word_1_511' title='bbox 1557 4055 1788 4125; x_wconf 86' lang='lat' dir='ltr'><strong>puritate</strong></span> <span class='ocrx_word' id='word_1_512' title='bbox 1836 4052 1976 4122; x_wconf 71' lang='lat'><strong>906</strong></span> <span class='ocrx_word' id='word_1_513' title='bbox 2033 4061 2090 4107; x_wconf 88' lang='lat' dir='ltr'><strong>et</strong></span> <span class='ocrx_word' id='word_1_514' title='bbox 2124 4066 2208 4107; x_wconf 83' lang='lat' dir='ltr'><strong>ve-</strong></span> 
     </span>
    </p>
   </div>
   <div class='ocr_carea' id='block_1_73' title="bbox 637 4145 2207 4224">
    <p class='ocr_par' dir='ltr' id='par_1_73' title="bbox 637 4145 2207 4224">
     <span class='ocr_line' id='line_1_73' title="bbox 637 4145 2207 4224; baseline -0.011 -9"><span class='ocrx_word' id='word_1_515' title='bbox 637 4159 939 4224; x_wconf 83' lang='lat' dir='ltr'><strong>hementia,</strong></span> <span class='ocrx_word' id='word_1_516' title='bbox 995 4154 1226 4224; x_wconf 85' lang='lat' dir='ltr'><strong>aliisque</strong></span> <span class='ocrx_word' id='word_1_517' title='bbox 1276 4149 1546 4206; x_wconf 90' lang='lat' dir='ltr'><strong>orationis</strong></span> <span class='ocrx_word' id='word_1_518' title='bbox 1589 4147 1826 4210; x_wconf 88' lang='lat' dir='ltr'><strong>dotibus,</strong></span> <span class='ocrx_word' id='word_1_519' title='bbox 1863 4160 2043 4199; x_wconf 89' lang='lat' dir='ltr'><strong>rerum</strong></span> <span class='ocrx_word' id='word_1_520' title='bbox 2079 4145 2207 4199; x_wconf 88' lang='lat' dir='ltr'><strong>item</strong></span> 
     </span>
    </p>
   </div>
   <div class='ocr_carea' id='block_1_74' title="bbox 635 4237 2208 4308">
    <p class='ocr_par' dir='ltr' id='par_1_74' title="bbox 635 4237 2208 4308">
     <span class='ocr_line' id='line_1_74' title="bbox 635 4237 2208 4308; baseline -0.008 -6"><span class='ocrx_word' id='word_1_521' title='bbox 635 4248 911 4302; x_wconf 83' lang='lat' dir='ltr'><strong>variarum</strong></span> <span class='ocrx_word' id='word_1_522' title='bbox 943 4245 1212 4308; x_wconf 89' lang='lat' dir='ltr'><strong>doctrina,</strong></span> <span class='ocrx_word' id='word_1_523' title='bbox 1239 4251 1446 4296; x_wconf 88' lang='lat' dir='ltr'><strong>tantum</strong></span> <span class='ocrx_word' id='word_1_524' title='bbox 1472 4237 1908 4294; x_wconf 85' lang='lat' dir='ltr'><strong>Coustitutioues</strong></span> <span class='ocrx_word' id='word_1_525' title='bbox 1948 4237 2092 4305; x_wconf 83' lang='lat' dir='ltr'><strong>ipsas</strong></span> <span class='ocrx_word' id='word_1_526' title='bbox 2117 4253 2208 4291; x_wconf 90' lang='lat' dir='ltr'><strong>su-</strong></span> 
     </span>
    </p>
   </div>
   <div class='ocr_carea' id='block_1_75' title="bbox 634 4328 2204 4411">
    <p class='ocr_par' dir='ltr' id='par_1_75' title="bbox 634 4328 2204 4411">
     <span class='ocr_line' id='line_1_75' title="bbox 634 4328 2204 4411; baseline -0.008 -18"><span class='ocrx_word' id='word_1_527' title='bbox 634 4347 811 4411; x_wconf 87' lang='lat' dir='ltr'><strong>perat,</strong></span> <span class='ocrx_word' id='word_1_528' title='bbox 841 4337 984 4391; x_wconf 88' lang='lat' dir='ltr'><strong>nulla</strong></span> <span class='ocrx_word' id='word_1_529' title='bbox 1017 4345 1077 4390; x_wconf 88' lang='lat' dir='ltr'><strong>ut</strong></span> <span class='ocrx_word' id='word_1_530' title='bbox 1101 4337 1198 4390; x_wconf 84' lang='lat' dir='ltr'><strong>bos</strong></span> <span class='ocrx_word' id='word_1_531' title='bbox 1234 4337 1376 4388; x_wconf 88' lang='lat' dir='ltr'><strong>inter</strong></span> <span class='ocrx_word' id='word_1_532' title='bbox 1402 4329 1758 4402; x_wconf 85' lang='lat' dir='ltr'><strong>comparatio,</strong></span> <span class='ocrx_word' id='word_1_533' title='bbox 1790 4328 1858 4383; x_wconf 86' lang='lat' dir='ltr'><strong>ad</strong></span> <span class='ocrx_word' id='word_1_534' title='bbox 1899 4342 2204 4382; x_wconf 86' lang='lat' dir='ltr'><strong>sermonem</strong></span> 
     </span>
    </p>
   </div>
   <div class='ocr_carea' id='block_1_76' title="bbox 632 4425 1439 4503">
    <p class='ocr_par' dir='ltr' id='par_1_76' title="bbox 632 4425 1439 4503">
     <span class='ocr_line' id='line_1_76' title="bbox 632 4425 1439 4503; baseline -0.01 -16"><span class='ocrx_word' id='word_1_535' title='bbox 632 4429 779 4503; x_wconf 84' lang='lat' dir='ltr'><strong>quod</strong></span> <span class='ocrx_word' id='word_1_536' title='bbox 822 4430 1040 4495; x_wconf 90' lang='lat' dir='ltr'><strong>attinet,</strong></span> <span class='ocrx_word' id='word_1_537' title='bbox 1069 4427 1183 4481; x_wconf 84' lang='lat' dir='ltr'><strong>fieri</strong></span> <span class='ocrx_word' id='word_1_538' title='bbox 1218 4425 1439 4480; x_wconf 81' lang='lat' dir='ltr'><strong>debeat.</strong></span> 
     </span>
    </p>
   </div>
   <div class='ocr_carea' id='block_1_77' title="bbox 2317 3249 3889 3328">
    <p class='ocr_par' dir='ltr' id='par_1_77' title="bbox 2317 3249 3889 3328">
     <span class='ocr_line' id='line_1_77' title="bbox 2317 3249 3889 3328; baseline -0.006 -18"><span class='ocrx_word' id='word_1_539' title='bbox 2317 3257 2542 3328; x_wconf 83' lang='grc' dir='ltr'><strong>Μυρίων</strong></span> <span class='ocrx_word' id='word_1_540' title='bbox 2584 3254 2641 3307; x_wconf 87' lang='grc' dir='ltr'><strong>δὲ</strong></span> <span class='ocrx_word' id='word_1_541' title='bbox 2673 3251 3044 3322; x_wconf 83' lang='grc' dir='ltr'><strong>ἀτοπημάτων</strong></span> <span class='ocrx_word' id='word_1_542' title='bbox 3093 3253 3126 3322; x_wconf 87' lang='grc' dir='ltr'>ἠ</span> <span class='ocrx_word' id='word_1_543' title='bbox 3159 3250 3512 3322; x_wconf 88' lang='grc' dir='ltr'><strong>πραγματεία</strong></span> <span class='ocrx_word' id='word_1_544' title='bbox 3540 3250 3700 3320; x_wconf 85' lang='grc' dir='ltr'><strong>γέμει</strong></span> <span class='ocrx_word' id='word_1_545' title='bbox 3729 3249 3889 3320; x_wconf 78' lang='grc' dir='ltr'><strong>αὕτη,</strong></span> 
     </span>
    </p>
   </div>
   <div class='ocr_carea' id='block_1_78' title="bbox 2315 3338 3887 3411">
    <p class='ocr_par' dir='ltr' id='par_1_78' title="bbox 2315 3338 3887 3411">
     <span class='ocr_line' id='line_1_78' title="bbox 2315 3338 3887 3411; baseline -0.004 -14"><span class='ocrx_word' id='word_1_546' title='bbox 2315 3343 2537 3411; x_wconf 76' lang='grc' dir='ltr'><strong>καὶτῆς</strong></span> <span class='ocrx_word' id='word_1_547' title='bbox 2562 3343 2644 3404; x_wconf 88' lang='grc' dir='ltr'><strong>είς</strong></span> <span class='ocrx_word' id='word_1_548' title='bbox 2681 3340 2773 3393; x_wconf 84' lang='grc' dir='ltr'><strong>τὸν</strong></span> <span class='ocrx_word' id='word_1_549' title='bbox 2804 3339 2933 3393; x_wconf 86' lang='grc' dir='ltr'><strong>Υἱὸν</strong></span> <span class='ocrx_word' id='word_1_550' title='bbox 2976 3338 3326 3410; x_wconf 84' lang='grc' dir='ltr'><strong>βλασφημίας</strong></span> <span class='ocrx_word' id='word_1_551' title='bbox 3363 3340 3503 3392; x_wconf 80' lang='grc' dir='ltr'><strong>κατὰ</strong></span> <span class='ocrx_word' id='word_1_552' title='bbox 3528 3339 3626 3409; x_wconf 88' lang='grc' dir='ltr'><strong>τὴν</strong></span> <span class='ocrx_word' id='word_1_553' title='bbox 3675 3340 3887 3409; x_wconf 80' lang='grc' dir='ltr'><strong>Ἀρείου</strong></span> 
     </span>
    </p>
   </div>
   <div class='ocr_carea' id='block_1_79' title="bbox 2313 3431 3890 3502">
    <p class='ocr_par' dir='ltr' id='par_1_79' title="bbox 2313 3431 3890 3502">
     <span class='ocr_line' id='line_1_79' title="bbox 2313 3431 3890 3502; baseline -0.01 -14"><span class='ocrx_word' id='word_1_554' title='bbox 2313 3435 2472 3500; x_wconf 79' lang='grc' dir='ltr'><strong>δόξαν</strong></span> <span class='ocrx_word' id='word_1_555' title='bbox 2505 3433 2652 3486; x_wconf 69' lang='grc' dir='ltr'><strong>ἐστὶν</strong></span> <span class='ocrx_word' id='word_1_556' title='bbox 2686 3433 2991 3495; x_wconf 85' lang='grc' dir='ltr'><strong>ἀνάπλεως.</strong></span> <span class='ocrx_word' id='word_1_557' title='bbox 3027 3433 3093 3485; x_wconf 79' lang='grc' dir='ltr'><strong>Αἱ</strong></span> <span class='ocrx_word' id='word_1_558' title='bbox 3113 3432 3169 3485; x_wconf 84' lang='grc' dir='ltr'><strong>δέ</strong></span> <span class='ocrx_word' id='word_1_559' title='bbox 3203 3449 3266 3500; x_wconf 90' lang='grc' dir='ltr'><strong>γε</strong></span> <span class='ocrx_word' id='word_1_560' title='bbox 3296 3431 3571 3501; x_wconf 77' lang='grc' dir='ltr'><strong>Διαταγαὶ</strong></span> <span class='ocrx_word' id='word_1_561' title='bbox 3607 3433 3754 3502; x_wconf 69' lang='grc' dir='ltr'><strong>τρισὶ</strong></span> <span class='ocrx_word' id='word_1_562' title='bbox 3791 3433 3890 3502; x_wconf 71' lang='grc' dir='ltr'><strong>μό-</strong></span> 
     </span>
    </p>
   </div>
   <div class='ocr_carea' id='block_1_80' title="bbox 2313 3522 3892 3596">
    <p class='ocr_par' dir='ltr' id='par_1_80' title="bbox 2313 3522 3892 3596">
     <span class='ocr_line' id='line_1_80' title="bbox 2313 3522 3892 3596; baseline 0 -17"><span class='ocrx_word' id='word_1_563' title='bbox 2313 3544 2423 3588; x_wconf 87' lang='grc' dir='ltr'><strong>νοις</strong></span> <span class='ocrx_word' id='word_1_564' title='bbox 2455 3525 2702 3578; x_wconf 80' lang='grc' dir='ltr'><strong>δοκοῦσιν</strong></span> <span class='ocrx_word' id='word_1_565' title='bbox 2725 3524 3027 3595; x_wconf 83' lang='grc' dir='ltr'><strong>ἐνέχεσθαι,</strong></span> <span class='ocrx_word' id='word_1_566' title='bbox 3055 3522 3452 3596; x_wconf 68' lang='grc' dir='ltr'><strong>κακοπλαστία,</strong></span> <span class='ocrx_word' id='word_1_567' title='bbox 3471 3526 3537 3596; x_wconf 74' lang='grc' dir='ltr'><strong>ἣν</strong></span> <span class='ocrx_word' id='word_1_568' title='bbox 3562 3525 3622 3578; x_wconf 86' lang='grc' dir='ltr'><strong>οὐ</strong></span> <span class='ocrx_word' id='word_1_569' title='bbox 3654 3525 3892 3595; x_wconf 76' lang='grc' dir='ltr'><strong>χαλεπὸν</strong></span> 
     </span>
    </p>
   </div>
   <div class='ocr_carea' id='block_1_81' title="bbox 2312 3617 3888 3690">
    <p class='ocr_par' dir='ltr' id='par_1_81' title="bbox 2312 3617 3888 3690">
     <span class='ocr_line' id='line_1_81' title="bbox 2312 3617 3888 3690; baseline -0.001 -18"><span class='ocrx_word' id='word_1_570' title='bbox 2312 3618 2818 3682; x_wconf 84' lang='grc' dir='ltr'><strong>ἀποσκευάσασθαι,</strong></span> <span class='ocrx_word' id='word_1_571' title='bbox 2883 3618 2978 3672; x_wconf 67' lang='grc' dir='ltr'><strong>καὶ</strong></span> <span class='ocrx_word' id='word_1_572' title='bbox 3038 3619 3118 3670; x_wconf 84' lang='grc' dir='ltr'><strong>ὅτι</strong></span> <span class='ocrx_word' id='word_1_573' title='bbox 3153 3617 3296 3671; x_wconf 83' lang='grc' dir='ltr'><strong>κατὰ</strong></span> <span class='ocrx_word' id='word_1_574' title='bbox 3337 3617 3433 3670; x_wconf 78' lang='grc' dir='ltr'><strong>τοῦ</strong></span> <span class='ocrx_word' id='word_1_575' title='bbox 3463 3618 3888 3690; x_wconf 85' lang='grc' dir='ltr'><strong>Δευτερονομίου</strong></span> 
     </span>
    </p>
   </div>
   <div class='ocr_carea' id='block_1_82' title="bbox 2313 3709 3885 3782">
    <p class='ocr_par' dir='ltr' id='par_1_82' title="bbox 2313 3709 3885 3782">
     <span class='ocr_line' id='line_1_82' title="bbox 2313 3709 3885 3782; baseline 0 -18"><span class='ocrx_word' id='word_1_576' title='bbox 2313 3712 2503 3782; x_wconf 77' lang='grc' dir='ltr'><strong>ὕϐρεις</strong></span> <span class='ocrx_word' id='word_1_577' title='bbox 2534 3712 2690 3775; x_wconf 83' lang='grc' dir='ltr'><strong>τινὰς</strong></span> <span class='ocrx_word' id='word_1_578' title='bbox 2731 3711 3055 3781; x_wconf 82' lang='grc' dir='ltr'><strong>ἐπαφίησιν,</strong></span> <span class='ocrx_word' id='word_1_579' title='bbox 3086 3710 3121 3764; x_wconf 79' lang='grc' dir='ltr'><strong>ἃ.</strong></span> <span class='ocrx_word' id='word_1_580' title='bbox 3155 3711 3249 3763; x_wconf 80' lang='grc' dir='ltr'><strong>καὶ</strong></span> <span class='ocrx_word' id='word_1_581' title='bbox 3281 3712 3478 3782; x_wconf 79' lang='grc' dir='ltr'><strong>ῥᾷστον</strong></span> <span class='ocrx_word' id='word_1_582' title='bbox 3508 3709 3885 3775; x_wconf 84' lang='grc' dir='ltr'><strong>διαλύσασθαι,</strong></span> 
     </span>
    </p>
   </div>
   <div class='ocr_carea' id='block_1_83' title="bbox 2317 3802 3891 3876">
    <p class='ocr_par' dir='ltr' id='par_1_83' title="bbox 2317 3802 3891 3876">
     <span class='ocr_line' id='line_1_83' title="bbox 2317 3802 3891 3876; baseline 0.001 -20"><span class='ocrx_word' id='word_1_583' title='bbox 2317 3804 2412 3856; x_wconf 81' lang='grc' dir='ltr'><strong>καὶ</strong></span> <span class='ocrx_word' id='word_1_584' title='bbox 2430 3802 2912 3875; x_wconf 76' lang='grc' dir='ltr'><strong>ἕτιἈρειανισμῷ,</strong></span> <span class='ocrx_word' id='word_1_585' title='bbox 2939 3804 3075 3873; x_wconf 83' lang='grc' dir='ltr'><strong>ὅπερ</strong></span> <span class='ocrx_word' id='word_1_586' title='bbox 3097 3804 3162 3857; x_wconf 80' lang='grc' dir='ltr'><strong>ἄν</strong></span> <span class='ocrx_word' id='word_1_587' title='bbox 3181 3819 3264 3866; x_wconf 88' lang='grc' dir='ltr'><strong>τις</strong></span> <span class='ocrx_word' id='word_1_588' title='bbox 3293 3805 3387 3858; x_wconf 62' lang='grc' dir='ltr'><strong>καλ⁵</strong></span> <span class='ocrx_word' id='word_1_589' title='bbox 3417 3803 3605 3874; x_wconf 85' lang='grc' dir='ltr'><strong>βιαίως</strong></span> <span class='ocrx_word' id='word_1_590' title='bbox 3636 3804 3891 3876; x_wconf 82' lang='grc' dir='ltr'><strong>διακρού-</strong></span> 
     </span>
    </p>
   </div>
   <div class='ocr_carea' id='block_1_84' title="bbox 2313 3895 3889 3966">
    <p class='ocr_par' dir='ltr' id='par_1_84' title="bbox 2313 3895 3889 3966">
     <span class='ocr_line' id='line_1_84' title="bbox 2313 3895 3889 3966; baseline 0.001 -18"><span class='ocrx_word' id='word_1_591' title='bbox 2313 3912 2484 3949; x_wconf 87' lang='grc' dir='ltr'><strong>σαιτο.</strong></span> <span class='ocrx_word' id='word_1_592' title='bbox 2526 3896 2591 3948; x_wconf 80' lang='grc' dir='ltr'><strong>’Π</strong></span> <span class='ocrx_word' id='word_1_593' title='bbox 2619 3896 2801 3966; x_wconf 88' lang='grc' dir='ltr'><strong>μέντοι</strong></span> <span class='ocrx_word' id='word_1_594' title='bbox 2831 3912 2892 3964; x_wconf 87' lang='grc' dir='ltr'><strong>γε</strong></span> <span class='ocrx_word' id='word_1_595' title='bbox 2944 3895 3054 3948; x_wconf 81' lang='grc' dir='ltr'><strong>τῶν</strong></span> <span class='ocrx_word' id='word_1_596' title='bbox 3106 3896 3201 3948; x_wconf 82' lang='grc' dir='ltr'><strong>τοῦ</strong></span> <span class='ocrx_word' id='word_1_597' title='bbox 3236 3895 3462 3964; x_wconf 81' lang='grc' dir='ltr'><strong>Πέτρου</strong></span> <span class='ocrx_word' id='word_1_598' title='bbox 3493 3897 3776 3965; x_wconf 78' lang='grc' dir='ltr'><strong>Πρὰξεων</strong></span> <span class='ocrx_word' id='word_1_599' title='bbox 3811 3897 3889 3964; x_wconf 71' lang='grc' dir='ltr'><strong>βία</strong></span> 
     </span>
    </p>
   </div>
   <div class='ocr_carea' id='block_1_85' title="bbox 2311 3987 3888 4062">
    <p class='ocr_par' dir='ltr' id='par_1_85' title="bbox 2311 3987 3888 4062">
     <span class='ocr_line' id='line_1_85' title="bbox 2311 3987 3888 4062; baseline 0.003 -22"><span class='ocrx_word' id='word_1_600' title='bbox 2311 3988 2436 4051; x_wconf 91' lang='grc' dir='ltr'><strong>ϐλος</strong></span> <span class='ocrx_word' id='word_1_601' title='bbox 2469 3987 2549 4059; x_wconf 81' lang='grc' dir='ltr'><strong>τῷ</strong></span> <span class='ocrx_word' id='word_1_602' title='bbox 2583 4005 2643 4041; x_wconf 86' lang='grc' dir='ltr'><strong>τε</strong></span> <span class='ocrx_word' id='word_1_603' title='bbox 2697 3987 2935 4060; x_wconf 88' lang='grc' dir='ltr'><strong>λαμπρῷ</strong></span> <span class='ocrx_word' id='word_1_604' title='bbox 2988 3988 3082 4042; x_wconf 79' lang='grc' dir='ltr'><strong>καὶ</strong></span> <span class='ocrx_word' id='word_1_605' title='bbox 3108 3992 3173 4060; x_wconf 86' lang='grc' dir='ltr'><strong>τῇ</strong></span> <span class='ocrx_word' id='word_1_606' title='bbox 3227 3989 3514 4060; x_wconf 86' lang='grc' dir='ltr'><strong>σεμνότητι</strong></span> <span class='ocrx_word' id='word_1_607' title='bbox 3551 3993 3645 4044; x_wconf 78' lang='grc' dir='ltr'><strong>καὶ</strong></span> <span class='ocrx_word' id='word_1_608' title='bbox 3689 3990 3770 4043; x_wconf 80' lang='grc' dir='ltr'><strong>ἔτι</strong></span> <span class='ocrx_word' id='word_1_609' title='bbox 3809 3991 3888 4062; x_wconf 82' lang='grc' dir='ltr'><strong>τῷ</strong></span> 
     </span>
    </p>
   </div>
   <div class='ocr_carea' id='block_1_86' title="bbox 2310 4079 3888 4153">
    <p class='ocr_par' dir='ltr' id='par_1_86' title="bbox 2310 4079 3888 4153">
     <span class='ocr_line' id='line_1_86' title="bbox 2310 4079 3888 4153; baseline 0 -19"><span class='ocrx_word' id='word_1_610' title='bbox 2310 4080 2537 4151; x_wconf 82' lang='grc' dir='ltr'><strong>καθαρῷ</strong></span> <span class='ocrx_word' id='word_1_611' title='bbox 2578 4079 2674 4132; x_wconf 77' lang='grc' dir='ltr'><strong>καὶ</strong></span> <span class='ocrx_word' id='word_1_612' title='bbox 2715 4081 2949 4151; x_wconf 88' lang='grc' dir='ltr'><strong>συντόνῳ</strong></span> <span class='ocrx_word' id='word_1_613' title='bbox 2989 4080 3084 4135; x_wconf 79' lang='grc' dir='ltr'><strong>καὶ</strong></span> <span class='ocrx_word' id='word_1_614' title='bbox 3125 4083 3191 4151; x_wconf 82' lang='grc' dir='ltr'><strong>τῇ</strong></span> <span class='ocrx_word' id='word_1_615' title='bbox 3246 4081 3379 4152; x_wconf 82' lang='grc' dir='ltr'><strong>ἄλλῃ</strong></span> <span class='ocrx_word' id='word_1_616' title='bbox 3449 4082 3616 4153; x_wconf 78' lang='grc' dir='ltr'><strong>ἀρετῇ</strong></span> <span class='ocrx_word' id='word_1_617' title='bbox 3662 4081 3756 4136; x_wconf 80' lang='grc' dir='ltr'><strong>τοῦ</strong></span> <span class='ocrx_word' id='word_1_618' title='bbox 3803 4083 3888 4134; x_wconf 80' lang='grc' dir='ltr'><strong>λό-</strong></span> 
     </span>
    </p>
   </div>
   <div class='ocr_carea' id='block_1_87' title="bbox 2308 4171 3884 4245">
    <p class='ocr_par' dir='ltr' id='par_1_87' title="bbox 2308 4171 3884 4245">
     <span class='ocr_line' id='line_1_87' title="bbox 2308 4171 3884 4245; baseline 0.003 -21"><span class='ocrx_word' id='word_1_619' title='bbox 2308 4189 2406 4240; x_wconf 91' lang='grc' dir='ltr'><strong>γου</strong></span> <span class='ocrx_word' id='word_1_620' title='bbox 2473 4171 2569 4225; x_wconf 80' lang='grc' dir='ltr'><strong>καὶ</strong></span> <span class='ocrx_word' id='word_1_621' title='bbox 2633 4172 2974 4244; x_wconf 81' lang='grc' dir='ltr'><strong>πολυμαθείᾳ</strong></span> <span class='ocrx_word' id='word_1_622' title='bbox 3057 4173 3313 4225; x_wconf 69' lang='grc' dir='ltr'><strong>τοσοῦτον</strong></span> <span class='ocrx_word' id='word_1_623' title='bbox 3379 4172 3490 4243; x_wconf 74' lang='grc' dir='ltr'><strong>ἔχει</strong></span> <span class='ocrx_word' id='word_1_624' title='bbox 3563 4174 3701 4245; x_wconf 82' lang='grc' dir='ltr'><strong>πρὸς</strong></span> <span class='ocrx_word' id='word_1_625' title='bbox 3783 4175 3884 4240; x_wconf 81' lang='grc' dir='ltr'><strong>τὰς</strong></span> 
     </span>
    </p>
   </div>
   <div class='ocr_carea' id='block_1_88' title="bbox 2309 4261 3883 4336">
    <p class='ocr_par' dir='ltr' id='par_1_88' title="bbox 2309 4261 3883 4336">
     <span class='ocr_line' id='line_1_88' title="bbox 2309 4261 3883 4336; baseline 0.001 -22"><span class='ocrx_word' id='word_1_626' title='bbox 2309 4261 2598 4330; x_wconf 77' lang='grc' dir='ltr'><strong>Διατατὰς</strong></span> <span class='ocrx_word' id='word_1_627' title='bbox 2641 4261 2702 4314; x_wconf 86' lang='grc' dir='ltr'><strong>τὸ</strong></span> <span class='ocrx_word' id='word_1_628' title='bbox 2732 4261 3129 4332; x_wconf 87' lang='grc' dir='ltr'><strong>παραλλάττον,</strong></span> <span class='ocrx_word' id='word_1_629' title='bbox 3179 4262 3254 4327; x_wconf 86' lang='grc' dir='ltr'><strong>ὡς</strong></span> <span class='ocrx_word' id='word_1_630' title='bbox 3303 4262 3438 4333; x_wconf 86' lang='grc' dir='ltr'><strong>μηδέ</strong></span> <span class='ocrx_word' id='word_1_631' title='bbox 3479 4264 3778 4334; x_wconf 89' lang='grc' dir='ltr'><strong>συγκράσει</strong></span> <span class='ocrx_word' id='word_1_632' title='bbox 3815 4268 3883 4336; x_wconf 78' lang='grc' dir='ltr'><strong>τῇ</strong></span> 
     </span>
    </p>
   </div>
   <div class='ocr_carea' id='block_1_89' title="bbox 2308 4351 3883 4426">
    <p class='ocr_par' dir='ltr' id='par_1_89' title="bbox 2308 4351 3883 4426">
     <span class='ocr_line' id='line_1_89' title="bbox 2308 4351 3883 4426; baseline 0.005 -23"><span class='ocrx_word' id='word_1_633' title='bbox 2308 4351 2449 4404; x_wconf 81' lang='grc' dir='ltr'><strong>κατὰ</strong></span> <span class='ocrx_word' id='word_1_634' title='bbox 2475 4352 2600 4414; x_wconf 73' lang='grc' dir='ltr'><strong>τοὺς</strong></span> <span class='ocrx_word' id='word_1_635' title='bbox 2625 4351 2815 4420; x_wconf 88' lang='grc' dir='ltr'><strong>λόγους</strong></span> <span class='ocrx_word' id='word_1_636' title='bbox 2859 4351 2995 4424; x_wconf 84' lang='grc' dir='ltr'><strong>πρὸς</strong></span> <span class='ocrx_word' id='word_1_637' title='bbox 3031 4353 3270 4423; x_wconf 84' lang='grc' dir='ltr'><strong>ἀλλήλας</strong></span> <span class='ocrx_word' id='word_1_638' title='bbox 3309 4354 3754 4426; x_wconf 89' lang='grc' dir='ltr'><strong>παραϐάλλεσθαι</strong></span> <span class='ocrx_word' id='word_1_639' title='bbox 3782 4357 3883 4422; x_wconf 76' lang='grc' dir='ltr'><strong>τὰς</strong></span> 
     </span>
    </p>
   </div>
   <div class='ocr_carea' id='block_1_90' title="bbox 2312 4443 2547 4511">
    <p class='ocr_par' dir='ltr' id='par_1_90' title="bbox 2312 4443 2547 4511">
     <span class='ocr_line' id='line_1_90' title="bbox 2312 4443 2547 4511; baseline 0.021 -18"><span class='ocrx_word' id='word_1_640' title='bbox 2312 4443 2547 4511; x_wconf 85' lang='grc' dir='ltr'><strong>βίϐλους.</strong></span> 
     </span>
    </p>
   </div>
   <div class='ocr_carea' id='block_1_91' title="bbox 705 4512 2215 4610">
    <p class='ocr_par' dir='ltr' id='par_1_91' title="bbox 705 4512 2206 4590">
     <span class='ocr_line' id='line_1_91' title="bbox 705 4512 2206 4590; baseline -0.004 -15"><span class='ocrx_word' id='word_1_641' title='bbox 705 4521 806 4577; x_wconf 75' lang='lat' dir='ltr'><strong>llic</strong></span> <span class='ocrx_word' id='word_1_642' title='bbox 834 4521 1086 4577; x_wconf 82' lang='lat' dir='ltr'><strong>Clemens</strong></span> <span class='ocrx_word' id='word_1_643' title='bbox 1113 4518 1224 4590; x_wconf 76' lang='lat'><strong>(73)</strong></span> <span class='ocrx_word' id='word_1_644' title='bbox 1260 4518 1349 4573; x_wconf 89' lang='lat' dir='ltr'><strong>ille</strong></span> <span class='ocrx_word' id='word_1_645' title='bbox 1381 4525 1487 4583; x_wconf 90' lang='lat' dir='ltr'><strong>est,</strong></span> <span class='ocrx_word' id='word_1_646' title='bbox 1537 4515 1604 4570; x_wconf 92' lang='lat' dir='ltr'><strong>de</strong></span> <span class='ocrx_word' id='word_1_647' title='bbox 1633 4528 1740 4584; x_wconf 90' lang='lat' dir='ltr'><strong>quo</strong></span> <span class='ocrx_word' id='word_1_648' title='bbox 1781 4513 1968 4569; x_wconf 88' lang='lat' dir='ltr'><strong>beatus</strong></span> <span class='ocrx_word' id='word_1_649' title='bbox 2009 4512 2206 4570; x_wconf 87' lang='lat' dir='ltr'><strong>Paulus</strong></span> 
     </span>
    </p>
   </div>
   <div class='ocr_carea' id='block_1_92' title="bbox 2318 4512 3885 4610">
    <p class='ocr_par' dir='ltr' id='par_1_92' title="bbox 2380 4531 3885 4610">
     <span class='ocr_line' id='line_1_92' title="bbox 2380 4531 3885 4610; baseline 0.005 -24"><span class='ocrx_word' id='word_1_650' title='bbox 2380 4531 2549 4598; x_wconf 74' lang='grc' dir='ltr'><strong>Οὗτός</strong></span> <span class='ocrx_word' id='word_1_651' title='bbox 2584 4535 2733 4588; x_wconf 88' lang='grc' dir='ltr'><strong>ἐστιν</strong></span> <span class='ocrx_word' id='word_1_652' title='bbox 2756 4535 2785 4587; x_wconf 84' lang='grc' dir='ltr'><strong>ὁ</strong></span> <span class='ocrx_word' id='word_1_653' title='bbox 2811 4535 3045 4607; x_wconf 86' lang='grc' dir='ltr'><strong>Κλήμης</strong></span> <span class='ocrx_word' id='word_1_654' title='bbox 3080 4537 3209 4608; x_wconf 77' lang='grc' dir='ltr'><strong>περὶ</strong></span> <span class='ocrx_word' id='word_1_655' title='bbox 3241 4532 3302 4591; x_wconf 74' lang='grc' dir='ltr'>οὗ</span> <span class='ocrx_word' id='word_1_656' title='bbox 3343 4555 3508 4610; x_wconf 83' lang='grc' dir='ltr'><strong>φησιν</strong></span> <span class='ocrx_word' id='word_1_657' title='bbox 3538 4539 3567 4592; x_wconf 84' lang='grc' dir='ltr'><strong>ό</strong></span> <span class='ocrx_word' id='word_1_658' title='bbox 3601 4539 3885 4603; x_wconf 84' lang='grc' dir='ltr'><strong>θεσπέσιος</strong></span> 
     </span>
    </p>
   </div>
   <div class='ocr_carea' id='block_1_93' title="bbox 634 4607 2207 4685">
    <p class='ocr_par' dir='ltr' id='par_1_93' title="bbox 634 4607 2207 4685">
     <span class='ocr_line' id='line_1_93' title="bbox 634 4607 2207 4685; baseline -0.005 -13"><span class='ocrx_word' id='word_1_659' title='bbox 634 4619 688 4672; x_wconf 93' lang='lat' dir='ltr'><strong>in</strong></span> <span class='ocrx_word' id='word_1_660' title='bbox 713 4631 775 4670; x_wconf 86' lang='lat' dir='ltr'><strong>ea</strong></span> <span class='ocrx_word' id='word_1_661' title='bbox 802 4631 921 4685; x_wconf 84' lang='lat' dir='ltr'><strong>quae</strong></span> <span class='ocrx_word' id='word_1_662' title='bbox 950 4625 1035 4669; x_wconf 90' lang='lat' dir='ltr'><strong>est</strong></span> <span class='ocrx_word' id='word_1_663' title='bbox 1061 4613 1127 4668; x_wconf 89' lang='lat' dir='ltr'><strong>ad</strong></span> <span class='ocrx_word' id='word_1_664' title='bbox 1142 4612 1515 4682; x_wconf 84' lang='lat' dir='ltr'><strong>Pliilippenses</strong></span> <span class='ocrx_word' id='word_1_665' title='bbox 1553 4609 1780 4679; x_wconf 87' lang='lat' dir='ltr'><strong>epistola</strong></span> <span class='ocrx_word' id='word_1_666' title='bbox 1811 4627 1824 4664; x_wconf 92' lang='lat'>:</span> <span class='ocrx_word' id='word_1_667' title='bbox 1868 4627 1889 4660; x_wconf 74' lang='grc' dir='ltr'><strong>ι</strong></span> <span class='ocrx_word' id='word_1_668' title='bbox 1923 4609 2055 4664; x_wconf 91' lang='lat' dir='ltr'><strong>Cum</strong></span> <span class='ocrx_word' id='word_1_669' title='bbox 2084 4607 2207 4664; x_wconf 86' lang='lat' dir='ltr'><strong>Cle-</strong></span> 
     </span>
    </p>
   </div>
   <div class='ocr_carea' id='block_1_94' title="bbox 634 4702 2207 4775">
    <p class='ocr_par' dir='ltr' id='par_1_94' title="bbox 634 4702 2207 4775">
     <span class='ocr_line' id='line_1_94' title="bbox 634 4702 2207 4775; baseline -0.003 -13"><span class='ocrx_word' id='word_1_670' title='bbox 634 4717 816 4762; x_wconf 87' lang='lat' dir='ltr'><strong>mente</strong></span> <span class='ocrx_word' id='word_1_671' title='bbox 839 4715 893 4761; x_wconf 90' lang='lat' dir='ltr'><strong>et</strong></span> <span class='ocrx_word' id='word_1_672' title='bbox 929 4706 1153 4775; x_wconf 88' lang='lat' dir='ltr'><strong>reliquis</strong></span> <span class='ocrx_word' id='word_1_673' title='bbox 1175 4702 1620 4773; x_wconf 87' lang='lat' dir='ltr'><strong>cooperatoribus</strong></span> <span class='ocrx_word' id='word_1_674' title='bbox 1658 4702 1813 4767; x_wconf 89' lang='lat' dir='ltr'><strong>meis,</strong></span> <span class='ocrx_word' id='word_1_675' title='bbox 1845 4717 2073 4774; x_wconf 91' lang='lat' dir='ltr'><strong>quorum</strong></span> <span class='ocrx_word' id='word_1_676' title='bbox 2109 4718 2207 4758; x_wconf 86' lang='lat' dir='ltr'><strong>no-</strong></span> 
     </span>
    </p>
   </div>
   <div class='ocr_carea' id='block_1_95' title="bbox 635 4793 2204 4867">
    <p class='ocr_par' dir='ltr' id='par_1_95' title="bbox 635 4793 2204 4867">
     <span class='ocr_line' id='line_1_95' title="bbox 635 4793 2204 4867; baseline -0.002 -14"><span class='ocrx_word' id='word_1_677' title='bbox 635 4800 782 4853; x_wconf 91' lang='lat' dir='ltr'><strong>mina</strong></span> <span class='ocrx_word' id='word_1_678' title='bbox 818 4798 1022 4867; x_wconf 90' lang='lat' dir='ltr'><strong>scripta</strong></span> <span class='ocrx_word' id='word_1_679' title='bbox 1073 4804 1200 4850; x_wconf 89' lang='lat' dir='ltr'><strong>sunt</strong></span> <span class='ocrx_word' id='word_1_680' title='bbox 1257 4796 1309 4848; x_wconf 91' lang='lat' dir='ltr'><strong>in</strong></span> <span class='ocrx_word' id='word_1_681' title='bbox 1343 4793 1482 4848; x_wconf 82' lang='lat' dir='ltr'><strong>libro</strong></span> <span class='ocrx_word' id='word_1_682' title='bbox 1530 4794 1672 4848; x_wconf 70' lang='lat' dir='ltr'><strong>vitm.</strong></span> <span class='ocrx_word' id='word_1_683' title='bbox 1710 4813 1729 4846; x_wconf 77' lang='grc' dir='ltr'><strong>ι</strong></span> <span class='ocrx_word' id='word_1_684' title='bbox 1785 4794 2014 4865; x_wconf 88' lang='lat' dir='ltr'><strong>Scripsit</strong></span> <span class='ocrx_word' id='word_1_685' title='bbox 2062 4795 2204 4850; x_wconf 87' lang='lat' dir='ltr'><strong>idem</strong></span> 
     </span>
    </p>
   </div>
   <div class='ocr_carea' id='block_1_96' title="bbox 635 4888 2207 4964">
    <p class='ocr_par' dir='ltr' id='par_1_96' title="bbox 635 4888 2207 4964">
     <span class='ocr_line' id='line_1_96' title="bbox 635 4888 2207 4964; baseline -0.001 -17"><span class='ocrx_word' id='word_1_686' title='bbox 635 4893 815 4964; x_wconf 83' lang='lat' dir='ltr'><strong>magni</strong></span> <span class='ocrx_word' id='word_1_687' title='bbox 848 4891 1158 4947; x_wconf 86' lang='lat' dir='ltr'><strong>faciendam</strong></span> <span class='ocrx_word' id='word_1_688' title='bbox 1192 4889 1259 4944; x_wconf 89' lang='lat' dir='ltr'><strong>ad</strong></span> <span class='ocrx_word' id='word_1_689' title='bbox 1281 4888 1596 4944; x_wconf 84' lang='lat' dir='ltr'><strong>Corinthios</strong></span> <span class='ocrx_word' id='word_1_690' title='bbox 1612 4889 1894 4960; x_wconf 90' lang='lat' dir='ltr'><strong>epistolam</strong></span> <span class='ocrx_word' id='word_1_691' title='bbox 1925 4891 2061 4961; x_wconf 74' lang='lat'><strong>(74),</strong></span> <span class='ocrx_word' id='word_1_692' title='bbox 2087 4906 2207 4961; x_wconf 75' lang='lat' dir='ltr'><strong>qua:</strong></span> 
     </span>
    </p>
   </div>
   <div class='ocr_carea' id='block_1_97' title="bbox 2310 4626 3886 4702">
    <p class='ocr_par' dir='ltr' id='par_1_97' title="bbox 2310 4626 3886 4702">
     <span class='ocr_line' id='line_1_97' title="bbox 2310 4626 3886 4702; baseline 0.003 -22"><span class='ocrx_word' id='word_1_693' title='bbox 2310 4626 2519 4690; x_wconf 81' lang='grc' dir='ltr'><strong>Παῦλος</strong></span> <span class='ocrx_word' id='word_1_694' title='bbox 2540 4627 2597 4680; x_wconf 91' lang='grc' dir='ltr'><strong>ἐν</strong></span> <span class='ocrx_word' id='word_1_695' title='bbox 2625 4629 2693 4698; x_wconf 80' lang='grc' dir='ltr'><strong>τῇ</strong></span> <span class='ocrx_word' id='word_1_696' title='bbox 2713 4628 2852 4700; x_wconf 83' lang='grc' dir='ltr'><strong>πρὸς</strong></span> <span class='ocrx_word' id='word_1_697' title='bbox 2873 4629 3265 4698; x_wconf 82' lang='grc' dir='ltr'><strong>Φιλιππησίους</strong></span> <span class='ocrx_word' id='word_1_698' title='bbox 3282 4631 3568 4702; x_wconf 79' lang='grc' dir='ltr'><strong>Ἐπιστολῇ</strong></span> <span class='ocrx_word' id='word_1_699' title='bbox 3595 4635 3662 4698; x_wconf 78' lang='grc'><strong>⁸⁸,</strong></span> <span class='ocrx_word' id='word_1_700' title='bbox 3700 4631 3886 4686; x_wconf 58' lang='lat' dir='ltr'><strong>«Mssa</strong></span> 
     </span>
    </p>
   </div>
   <div class='ocr_carea' id='block_1_98' title="bbox 2313 4718 3884 4794">
    <p class='ocr_par' dir='ltr' id='par_1_98' title="bbox 2313 4718 3884 4794">
     <span class='ocr_line' id='line_1_98' title="bbox 2313 4718 3884 4794; baseline 0.004 -23"><span class='ocrx_word' id='word_1_701' title='bbox 2313 4718 2409 4772; x_wconf 73' lang='grc' dir='ltr'><strong>καὶ</strong></span> <span class='ocrx_word' id='word_1_702' title='bbox 2445 4718 2762 4790; x_wconf 85' lang='grc' dir='ltr'><strong>Κλήμεντος</strong></span> <span class='ocrx_word' id='word_1_703' title='bbox 2800 4720 3032 4774; x_wconf 76' lang='grc' dir='ltr'><strong>καὶτῶν</strong></span> <span class='ocrx_word' id='word_1_704' title='bbox 3073 4721 3276 4774; x_wconf 83' lang='grc' dir='ltr'><strong>λοιπῶν</strong></span> <span class='ocrx_word' id='word_1_705' title='bbox 3317 4724 3597 4794; x_wconf 82' lang='grc' dir='ltr'><strong>συνεργῶν</strong></span> <span class='ocrx_word' id='word_1_706' title='bbox 3647 4742 3772 4794; x_wconf 90' lang='grc' dir='ltr'><strong>μου,</strong></span> <span class='ocrx_word' id='word_1_707' title='bbox 3809 4719 3884 4777; x_wconf 80' lang='grc' dir='ltr'><strong>ὧν</strong></span> 
     </span>
    </p>
   </div>
   <div class='ocr_carea' id='block_1_99' title="bbox 2306 4808 3886 4888">
    <p class='ocr_par' dir='ltr' id='par_1_99' title="bbox 2306 4808 3886 4888">
     <span class='ocr_line' id='line_1_99' title="bbox 2306 4808 3886 4888; baseline 0.004 -26"><span class='ocrx_word' id='word_1_708' title='bbox 2306 4811 2378 4864; x_wconf 83' lang='grc' dir='ltr'><strong>τὰ</strong></span> <span class='ocrx_word' id='word_1_709' title='bbox 2427 4811 2666 4882; x_wconf 79' lang='grc' dir='ltr'><strong>ὀνόματα</strong></span> <span class='ocrx_word' id='word_1_710' title='bbox 2703 4813 2761 4864; x_wconf 90' lang='grc' dir='ltr'><strong>ἐν</strong></span> <span class='ocrx_word' id='word_1_711' title='bbox 2795 4811 2962 4882; x_wconf 79' lang='grc' dir='ltr'><strong>βίϐλῳ</strong></span> <span class='ocrx_word' id='word_1_712' title='bbox 3005 4812 3201 4882; x_wconf 78' lang='grc' dir='ltr'><strong>ζωῆς.»</strong></span> <span class='ocrx_word' id='word_1_713' title='bbox 3261 4808 3428 4877; x_wconf 77' lang='grc' dir='ltr'><strong>Οὗτος</strong></span> <span class='ocrx_word' id='word_1_714' title='bbox 3459 4813 3552 4868; x_wconf 83' lang='grc' dir='ltr'><strong>καὶ</strong></span> <span class='ocrx_word' id='word_1_715' title='bbox 3597 4815 3886 4888; x_wconf 79' lang='grc' dir='ltr'><strong>ἐπιστολὴν</strong></span> 
     </span>
    </p>
   </div>
   <div class='ocr_carea' id='block_1_100' title="bbox 2311 4901 3885 4981">
    <p class='ocr_par' dir='ltr' id='par_1_100' title="bbox 2311 4901 3885 4981">
     <span class='ocr_line' id='line_1_100' title="bbox 2311 4901 3885 4981; baseline 0.004 -25"><span class='ocrx_word' id='word_1_716' title='bbox 2311 4901 2592 4973; x_wconf 84' lang='grc' dir='ltr'><strong>ἀξιόλογον</strong></span> <span class='ocrx_word' id='word_1_717' title='bbox 2626 4905 2762 4976; x_wconf 85' lang='grc' dir='ltr'><strong>πρὸς</strong></span> <span class='ocrx_word' id='word_1_718' title='bbox 2796 4904 3120 4976; x_wconf 83' lang='grc' dir='ltr'><strong>Κορινθίους</strong></span> <span class='ocrx_word' id='word_1_719' title='bbox 3145 4908 3368 4977; x_wconf 84' lang='grc' dir='ltr'><strong>γράφει,</strong></span> <span class='ocrx_word' id='word_1_720' title='bbox 3391 4907 3516 4978; x_wconf 72' lang='grc' dir='ltr'><strong>ἣτις</strong></span> <span class='ocrx_word' id='word_1_721' title='bbox 3554 4909 3705 4981; x_wconf 77' lang='grc' dir='ltr'><strong>παρὰ</strong></span> <span class='ocrx_word' id='word_1_722' title='bbox 3748 4909 3885 4963; x_wconf 83' lang='grc' dir='ltr'><strong>πολ-</strong></span> 
     </span>
    </p>
   </div>
   <div class='ocr_carea' id='block_1_101' title="bbox 1908 5032 2606 5096">
    <p class='ocr_par' dir='ltr' id='par_1_101' title="bbox 1908 5032 2606 5096">
     <span class='ocr_line' id='line_1_101' title="bbox 1908 5032 2606 5096; baseline 0.014 -10"><span class='ocrx_word' id='word_1_723' title='bbox 1908 5032 2142 5089; x_wconf 69' lang='grc' dir='ltr'><strong>νΑῐὶΙΑΞ</strong></span> <span class='ocrx_word' id='word_1_724' title='bbox 2202 5035 2606 5096; x_wconf 73' lang='lat' dir='ltr'><strong>LECTIONES.</strong></span> 
     </span>
    </p>
   </div>
   <div class='ocr_carea' id='block_1_102' title="bbox 729 5126 2437 5204">
    <p class='ocr_par' dir='ltr' id='par_1_102' title="bbox 729 5126 2437 5204">
     <span class='ocr_line' id='line_1_102' title="bbox 729 5126 2437 5204; baseline 0.014 -40"><span class='ocrx_word' id='word_1_725' title='bbox 729 5135 775 5165; x_wconf 77' lang='lat' dir='ltr'><strong>ss</strong></span> <span class='ocrx_word' id='word_1_726' title='bbox 808 5130 1121 5202; x_wconf 72' lang='grc' dir='ltr'><strong>συγγράψαι</strong></span> <span class='ocrx_word' id='word_1_727' title='bbox 1151 5147 1214 5195; x_wconf 81' lang='grc' dir='ltr'><strong>ς,</strong></span> <span class='ocrx_word' id='word_1_728' title='bbox 1296 5130 1344 5164; x_wconf 75' lang='grc'><strong>³³</strong></span> <span class='ocrx_word' id='word_1_729' title='bbox 1377 5126 1740 5202; x_wconf 84' lang='grc' dir='ltr'><strong>μεναστάντος</strong></span> <span class='ocrx_word' id='word_1_730' title='bbox 1764 5146 1823 5192; x_wconf 84' lang='grc' dir='ltr'><strong>ς.</strong></span> <span class='ocrx_word' id='word_1_731' title='bbox 1899 5129 1945 5160; x_wconf 64' lang='grc'><strong>’⁵</strong></span> <span class='ocrx_word' id='word_1_732' title='bbox 1965 5131 2246 5204; x_wconf 82' lang='grc' dir='ltr'><strong>ἐπιστολῇ]</strong></span> <span class='ocrx_word' id='word_1_733' title='bbox 2277 5149 2349 5199; x_wconf 89' lang='lat' dir='ltr'><strong>tv,</strong></span> <span class='ocrx_word' id='word_1_734' title='bbox 2383 5135 2437 5188; x_wconf 80' lang='lat'><strong>5.</strong></span> 
     </span>
    </p>
   </div>
   <div class='ocr_carea' id='block_1_103' title="bbox 2142 5244 2372 5301">
    <p class='ocr_par' dir='ltr' id='par_1_103' title="bbox 2142 5244 2372 5301">
     <span class='ocr_line' id='line_1_103' title="bbox 2142 5244 2372 5301; baseline 0.013 -3"><span class='ocrx_word' id='word_1_735' title='bbox 2142 5244 2372 5301; x_wconf 76' lang='grc' dir='ltr'><strong>ΝΟΤᾸΞ.</strong></span> 
     </span>
    </p>
   </div>
   <div class='ocr_carea' id='block_1_104' title="bbox 704 5339 2202 5417">
    <p class='ocr_par' dir='ltr' id='par_1_104' title="bbox 704 5339 2202 5417">
     <span class='ocr_line' id='line_1_104' title="bbox 704 5339 2202 5417; baseline -0.001 -20"><span class='ocrx_word' id='word_1_736' title='bbox 704 5344 815 5417; x_wconf 79' lang='grc'><strong>(70)</strong></span> <span class='ocrx_word' id='word_1_737' title='bbox 836 5346 1034 5417; x_wconf 84' lang='lat' dir='ltr'><strong>Earum</strong></span> <span class='ocrx_word' id='word_1_738' title='bbox 1051 5353 1175 5400; x_wconf 89' lang='lat' dir='ltr'><strong>octo</strong></span> <span class='ocrx_word' id='word_1_739' title='bbox 1191 5342 1554 5417; x_wconf 65' lang='lat' dir='ltr'><strong>librosGraace</strong></span> <span class='ocrx_word' id='word_1_740' title='bbox 1568 5340 1797 5417; x_wconf 81' lang='lat' dir='ltr'><strong>primum</strong></span> <span class='ocrx_word' id='word_1_741' title='bbox 1817 5339 2079 5417; x_wconf 67' lang='lat' dir='ltr'><strong>deiuileet</strong></span> <span class='ocrx_word' id='word_1_742' title='bbox 2098 5343 2202 5396; x_wconf 86' lang='lat' dir='ltr'><strong>La-</strong></span> 
     </span>
    </p>
   </div>
   <div class='ocr_carea' id='block_1_105' title="bbox 634 5412 2188 5484">
    <p class='ocr_par' dir='ltr' id='par_1_105' title="bbox 634 5412 2188 5484">
     <span class='ocr_line' id='line_1_105' title="bbox 634 5412 2188 5484; baseline -0.004 -12"><span class='ocrx_word' id='word_1_743' title='bbox 634 5412 746 5472; x_wconf 81' lang='lat' dir='ltr'><strong>tine</strong></span> <span class='ocrx_word' id='word_1_744' title='bbox 776 5412 1100 5484; x_wconf 73' lang='lat' dir='ltr'><strong>doctissime</strong></span> <span class='ocrx_word' id='word_1_745' title='bbox 1114 5415 1451 5484; x_wconf 79' lang='lat' dir='ltr'><strong>explauatos,</strong></span> <span class='ocrx_word' id='word_1_746' title='bbox 1480 5412 1909 5484; x_wconf 72' lang='lat' dir='ltr'><strong>firmissimeque</strong></span> <span class='ocrx_word' id='word_1_747' title='bbox 1938 5413 2188 5467; x_wconf 86' lang='lat' dir='ltr'><strong>defensos</strong></span> 
     </span>
    </p>
   </div>
   <div class='ocr_carea' id='block_1_106' title="bbox 634 5481 2199 5542">
    <p class='ocr_par' dir='ltr' id='par_1_106' title="bbox 634 5481 2199 5542">
     <span class='ocr_line' id='line_1_106' title="bbox 634 5481 2199 5542; baseline -0.004 0"><span class='ocrx_word' id='word_1_748' title='bbox 634 5485 801 5542; x_wconf 84' lang='lat' dir='ltr'><strong>edidit</strong></span> <span class='ocrx_word' id='word_1_749' title='bbox 828 5483 1027 5539; x_wconf 87' lang='lat' dir='ltr'><strong>Franc.</strong></span> <span class='ocrx_word' id='word_1_750' title='bbox 1063 5481 1360 5540; x_wconf 79' lang='lat' dir='ltr'><strong>Turriauus</strong></span> <span class='ocrx_word' id='word_1_751' title='bbox 1389 5495 1592 5539; x_wconf 89' lang='lat' dir='ltr'><strong>noster.</strong></span> <span class='ocrx_word' id='word_1_752' title='bbox 1644 5481 1871 5537; x_wconf 85' lang='lat' dir='ltr'><strong>Eosdem</strong></span> <span class='ocrx_word' id='word_1_753' title='bbox 1899 5481 2024 5534; x_wconf 85' lang='lat' dir='ltr'><strong>item</strong></span> <span class='ocrx_word' id='word_1_754' title='bbox 2078 5497 2199 5535; x_wconf 88' lang='lat' dir='ltr'><strong>cum</strong></span> 
     </span>
    </p>
   </div>
   <div class='ocr_carea' id='block_1_107' title="bbox 631 5552 2200 5624">
    <p class='ocr_par' dir='ltr' id='par_1_107' title="bbox 631 5552 2200 5624">
     <span class='ocr_line' id='line_1_107' title="bbox 631 5552 2200 5624; baseline -0.006 -11"><span class='ocrx_word' id='word_1_755' title='bbox 631 5557 680 5613; x_wconf 77' lang='grc' dir='ltr'><strong>Χ</strong></span> <span class='ocrx_word' id='word_1_756' title='bbox 705 5554 1135 5624; x_wconf 78' lang='lat' dir='ltr'><strong>Recognitionum</strong></span> <span class='ocrx_word' id='word_1_757' title='bbox 1184 5555 1336 5608; x_wconf 83' lang='lat' dir='ltr'><strong>libris</strong></span> <span class='ocrx_word' id='word_1_758' title='bbox 1372 5569 1440 5609; x_wconf 79' lang='lat' dir='ltr'><strong>ex</strong></span> <span class='ocrx_word' id='word_1_759' title='bbox 1477 5552 1673 5607; x_wconf 73' lang='grc' dir='ltr'><strong>Κυωηί</strong></span> <span class='ocrx_word' id='word_1_760' title='bbox 1697 5621 1708 5624; x_wconf 89' lang='lat'><em>_</em></span> <span class='ocrx_word' id='word_1_761' title='bbox 1735 5553 2200 5624; x_wconf 74' lang='lat' dir='ltr'><strong>interpretatione,</strong></span> 
     </span>
    </p>
   </div>
   <div class='ocr_carea' id='block_1_108' title="bbox 635 5621 2198 5695">
    <p class='ocr_par' dir='ltr' id='par_1_108' title="bbox 635 5621 2198 5695">
     <span class='ocr_line' id='line_1_108' title="bbox 635 5621 2198 5695; baseline -0.004 -13"><span class='ocrx_word' id='word_1_762' title='bbox 635 5621 916 5682; x_wconf 48' lang='lat' dir='ltr'><strong>additis&#39;et</strong></span> <span class='ocrx_word' id='word_1_763' title='bbox 949 5625 1163 5695; x_wconf 67' lang='lat' dir='ltr'><strong>caeteris</strong></span> <span class='ocrx_word' id='word_1_764' title='bbox 1209 5641 1329 5695; x_wconf 74' lang='lat' dir='ltr'><strong>qua:</strong></span> <span class='ocrx_word' id='word_1_765' title='bbox 1381 5635 1492 5678; x_wconf 88' lang='lat' dir='ltr'><strong>tum</strong></span> <span class='ocrx_word' id='word_1_766' title='bbox 1535 5621 1761 5695; x_wconf 77' lang='lat' dir='ltr'><strong>reperiri</strong></span> <span class='ocrx_word' id='word_1_767' title='bbox 1821 5633 2109 5695; x_wconf 71' lang='lat' dir='ltr'><strong>potuerunt</strong></span> <span class='ocrx_word' id='word_1_768' title='bbox 2136 5623 2198 5676; x_wconf 92' lang='lat' dir='ltr'><strong>B.</strong></span> 
     </span>
    </p>
   </div>
   <div class='ocr_carea' id='block_1_109' title="bbox 635 5692 2201 5822">
    <p class='ocr_par' dir='ltr' id='par_1_109' title="bbox 635 5692 2201 5822">
     <span class='ocr_line' id='line_1_109' title="bbox 635 5692 2201 5822; baseline -0.003 -68"><span class='ocrx_word' id='word_1_769' title='bbox 635 5699 903 5822; x_wconf 54' lang='lat' dir='ltr'><strong>Cletqesrgsi</strong></span> <span class='ocrx_word' id='word_1_770' title='bbox 977 5694 1196 5767; x_wconf 77' lang='lat' dir='ltr'><strong>Operib.</strong></span> <span class='ocrx_word' id='word_1_771' title='bbox 1225 5692 1241 5695; x_wconf 73' lang='grc'><strong><em>“</em></strong></span> <span class='ocrx_word' id='word_1_772' title='bbox 1280 5695 1550 5751; x_wconf 86' lang='lat' dir='ltr'><strong>dederunt</strong></span> <span class='ocrx_word' id='word_1_773' title='bbox 1597 5692 1806 5748; x_wconf 54' lang='lat' dir='ltr'><strong>&#39;Latiue</strong></span> <span class='ocrx_word' id='word_1_774' title='bbox 1890 5693 2201 5750; x_wconf 83' lang='lat' dir='ltr'><strong>Colonieus.</strong></span> 
     </span>
     <span class='ocr_line' id='line_1_110' title="bbox 637 5785 922 5822; baseline -0.004 0"><span class='ocrx_word' id='word_1_775' title='bbox 637 5785 729 5822; x_wconf 78' lang='lat' dir='ltr'><strong>au.</strong></span> <span class='ocrx_word' id='word_1_776' title='bbox 910 5808 922 5821; x_wconf 95' lang='lat'><strong>.</strong></span> 
     </span>
    </p>
   </div>
   <div class='ocr_carea' id='block_1_110' title="bbox 637 5785 922 5825">
    <p class='ocr_par' dir='ltr' id='par_1_110' title="bbox 637 5785 922 5825">
     <span class='ocr_line' id='line_1_111' title="bbox 637 5785 922 5825; baseline -0.014 0"><span class='ocrx_word' id='word_1_777' title='bbox 637 5785 729 5825; x_wconf 75' lang='lat' dir='ltr'><strong>an.</strong></span> <span class='ocrx_word' id='word_1_778' title='bbox 765 5785 922 5822; x_wconf 69' lang='grc' dir='ltr'><strong>ιῡνν.</strong></span> 
     </span>
    </p>
   </div>
   <div class='ocr_carea' id='block_1_111' title="bbox 709 5833 2204 5912">
    <p class='ocr_par' dir='ltr' id='par_1_111' title="bbox 709 5833 2204 5912">
     <span class='ocr_line' id='line_1_112' title="bbox 709 5833 2204 5912; baseline -0.001 -21"><span class='ocrx_word' id='word_1_779' title='bbox 709 5837 825 5912; x_wconf 80' lang='grc'><strong>(71)</strong></span> <span class='ocrx_word' id='word_1_780' title='bbox 858 5835 1294 5910; x_wconf 81' lang='lat' dir='ltr'><strong>Recognitionum</strong></span> <span class='ocrx_word' id='word_1_781' title='bbox 1335 5839 1440 5896; x_wconf 88' lang='lat' dir='ltr'><strong>duo</strong></span> <span class='ocrx_word' id='word_1_782' title='bbox 1473 5835 1643 5894; x_wconf 86' lang='lat' dir='ltr'><strong>fuisse</strong></span> <span class='ocrx_word' id='word_1_783' title='bbox 1688 5833 1984 5902; x_wconf 82' lang='lat' dir='ltr'><strong>volumina,</strong></span> <span class='ocrx_word' id='word_1_784' title='bbox 2021 5835 2072 5890; x_wconf 92' lang='lat' dir='ltr'><strong>iu</strong></span> <span class='ocrx_word' id='word_1_785' title='bbox 2104 5833 2204 5890; x_wconf 88' lang='lat' dir='ltr'><strong>ali-</strong></span> 
     </span>
    </p>
   </div>
   <div class='ocr_carea' id='block_1_112' title="bbox 2309 5345 3897 5412">
    <p class='ocr_par' dir='ltr' id='par_1_112' title="bbox 2309 5345 3897 5412">
     <span class='ocr_line' id='line_1_113' title="bbox 2309 5345 3897 5412; baseline 0.006 -15"><span class='ocrx_word' id='word_1_786' title='bbox 2309 5345 2508 5410; x_wconf 85' lang='lat' dir='ltr'><strong>quibus</strong></span> <span class='ocrx_word' id='word_1_787' title='bbox 2572 5346 2714 5402; x_wconf 88' lang='lat' dir='ltr'><strong>inter</strong></span> <span class='ocrx_word' id='word_1_788' title='bbox 2754 5362 2813 5401; x_wconf 89' lang='lat' dir='ltr'><strong>se</strong></span> <span class='ocrx_word' id='word_1_789' title='bbox 2853 5347 3090 5412; x_wconf 88' lang='lat' dir='ltr'><strong>diversa,</strong></span> <span class='ocrx_word' id='word_1_790' title='bbox 3151 5357 3382 5405; x_wconf 80' lang='lat' dir='ltr'><strong>testatur</strong></span> <span class='ocrx_word' id='word_1_791' title='bbox 3425 5350 3590 5405; x_wconf 88' lang='lat' dir='ltr'><strong>etiam</strong></span> <span class='ocrx_word' id='word_1_792' title='bbox 3643 5349 3897 5407; x_wconf 62' lang='lat' dir='ltr'><strong>[lumnas</strong></span> 
     </span>
    </p>
   </div>
   <div class='ocr_carea' id='block_1_113' title="bbox 2308 5412 2874 5472">
    <p class='ocr_par' dir='ltr' id='par_1_113' title="bbox 2308 5412 2874 5472">
     <span class='ocr_line' id='line_1_114' title="bbox 2308 5412 2874 5472; baseline 0.004 -5"><span class='ocrx_word' id='word_1_793' title='bbox 2308 5412 2470 5468; x_wconf 57' lang='lat' dir='ltr'><strong>Pra’f.</strong></span> <span class='ocrx_word' id='word_1_794' title='bbox 2509 5416 2574 5470; x_wconf 90' lang='lat' dir='ltr'><strong>ad</strong></span> <span class='ocrx_word' id='word_1_795' title='bbox 2608 5419 2874 5472; x_wconf 88' lang='lat' dir='ltr'><strong>Gaudent.</strong></span> 
     </span>
    </p>
   </div>
   <div class='ocr_carea' id='block_1_114' title="bbox 2383 5484 3893 5556">
    <p class='ocr_par' dir='ltr' id='par_1_114' title="bbox 2383 5484 3893 5556">
     <span class='ocr_line' id='line_1_115' title="bbox 2383 5484 3893 5556; baseline 0.005 -20"><span class='ocrx_word' id='word_1_796' title='bbox 2383 5484 2497 5556; x_wconf 77' lang='grc'>(72)</span> <span class='ocrx_word' id='word_1_797' title='bbox 2514 5486 2837 5542; x_wconf 84' lang='lat' dir='ltr'><strong>Franciscus</strong></span> <span class='ocrx_word' id='word_1_798' title='bbox 2857 5487 3177 5555; x_wconf 88' lang='lat' dir='ltr'><strong>Turrianus,</strong></span> <span class='ocrx_word' id='word_1_799' title='bbox 3198 5487 3326 5545; x_wconf 90' lang='lat' dir='ltr'><strong>Soc.</strong></span> <span class='ocrx_word' id='word_1_800' title='bbox 3345 5489 3495 5556; x_wconf 76' lang='lat' dir='ltr'><strong>Jesu,</strong></span> <span class='ocrx_word' id='word_1_801' title='bbox 3515 5490 3568 5544; x_wconf 89' lang='lat' dir='ltr'><strong>in</strong></span> <span class='ocrx_word' id='word_1_802' title='bbox 3587 5491 3893 5549; x_wconf 85' lang='lat' dir='ltr'><strong>Clementis</strong></span> 
     </span>
    </p>
   </div>
   <div class='ocr_carea' id='block_1_115' title="bbox 2309 5553 3890 5678">
    <p class='ocr_par' dir='ltr' id='par_1_115' title="bbox 2309 5553 3890 5678">
     <span class='ocr_line' id='line_1_116' title="bbox 2309 5553 3890 5678; baseline 0.002 -69"><span class='ocrx_word' id='word_1_803' title='bbox 2309 5553 2714 5678; x_wconf 53' lang='lat' dir='ltr'><strong>Coliistlitutiones</strong></span> <span class='ocrx_word' id='word_1_804' title='bbox 2793 5570 2962 5627; x_wconf 86' lang='lat' dir='ltr'><strong>apost.</strong></span> <span class='ocrx_word' id='word_1_805' title='bbox 3035 5553 3443 5630; x_wconf 82' lang='lat' dir='ltr'><strong>Prolegomenis</strong></span> <span class='ocrx_word' id='word_1_806' title='bbox 3483 5553 3619 5617; x_wconf 64' lang='grc' dir='ltr'><strong>ἰιωο</strong></span> <span class='ocrx_word' id='word_1_807' title='bbox 3692 5563 3890 5618; x_wconf 84' lang='lat' dir='ltr'><strong>eadem</strong></span> 
     </span>
     <span class='ocr_line' id='line_1_117' title="bbox 2309 5641 2490 5678; baseline 0 0"><span class='ocrx_word' id='word_1_808' title='bbox 2309 5641 2372 5678; x_wconf 91' lang='lat' dir='ltr'><strong>so</strong></span> <span class='ocrx_word' id='word_1_809' title='bbox 2399 5643 2444 5678; x_wconf 84' lang='lat' dir='ltr'><strong>vt</strong></span> <span class='ocrx_word' id='word_1_810' title='bbox 2478 5666 2490 5678; x_wconf 96' lang='lat'><strong>.</strong></span> 
     </span>
    </p>
   </div>
   <div class='ocr_carea' id='block_1_116' title="bbox 2309 5641 2490 5680">
    <p class='ocr_par' dir='ltr' id='par_1_116' title="bbox 2309 5641 2490 5680">
     <span class='ocr_line' id='line_1_118' title="bbox 2309 5641 2490 5680; baseline -0.011 0"><span class='ocrx_word' id='word_1_811' title='bbox 2309 5641 2490 5680; x_wconf 80' lang='lat' dir='ltr'><strong>SOIVII.</strong></span> 
     </span>
    </p>
   </div>
   <div class='ocr_carea' id='block_1_117' title="bbox 2407 5697 3497 5770">
    <p class='ocr_par' dir='ltr' id='par_1_117' title="bbox 2407 5697 3497 5770">
     <span class='ocr_line' id='line_1_119' title="bbox 2407 5697 3497 5770; baseline 0.006 -22"><span class='ocrx_word' id='word_1_812' title='bbox 2407 5697 2494 5770; x_wconf 58' lang='lat'><strong>3.53</strong></span> <span class='ocrx_word' id='word_1_813' title='bbox 2533 5697 2676 5770; x_wconf 67' lang='lat' dir='ltr'><strong>Lege</strong></span> <span class='ocrx_word' id='word_1_814' title='bbox 2701 5697 2760 5770; x_wconf 56' lang='grc' dir='ltr'><strong>Β,</strong></span> <span class='ocrx_word' id='word_1_815' title='bbox 2791 5697 3017 5755; x_wconf 87' lang='lat' dir='ltr'><strong>llieron.</strong></span> <span class='ocrx_word' id='word_1_816' title='bbox 3045 5715 3164 5770; x_wconf 84' lang='lat' dir='ltr'><strong>cap.</strong></span> <span class='ocrx_word' id='word_1_817' title='bbox 3200 5701 3287 5766; x_wconf 75' lang='lat'><strong>15,</strong></span> <span class='ocrx_word' id='word_1_818' title='bbox 3323 5700 3497 5755; x_wconf 77' lang='lat' dir='ltr'><strong>Calai.</strong></span> 
     </span>
    </p>
   </div>
   <div class='ocr_carea' id='block_1_118' title="bbox 2409 5767 3875 5842">
    <p class='ocr_par' dir='ltr' id='par_1_118' title="bbox 2409 5767 3875 5842">
     <span class='ocr_line' id='line_1_120' title="bbox 2409 5767 3875 5842; baseline 0.008 -24"><span class='ocrx_word' id='word_1_819' title='bbox 2409 5767 2674 5842; x_wconf 67' lang='lat' dir='ltr'><strong>74)___Vide</strong></span> <span class='ocrx_word' id='word_1_820' title='bbox 2719 5767 3127 5842; x_wconf 48' lang='lat' dir='ltr'><strong>l_lierouymum_</strong></span> <span class='ocrx_word' id='word_1_821' title='bbox 3161 5773 3236 5829; x_wconf 86' lang='lat' dir='ltr'><strong>De</strong></span> <span class='ocrx_word' id='word_1_822' title='bbox 3282 5773 3527 5842; x_wconf 77' lang='lat' dir='ltr'><strong>scriptor.</strong></span> <span class='ocrx_word' id='word_1_823' title='bbox 3581 5772 3875 5830; x_wconf 79' lang='lat' dir='ltr'><strong>ecclesiast.</strong></span> 
     </span>
    </p>
   </div>
   <div class='ocr_carea' id='block_1_119' title="bbox 2314 5839 3064 5909">
    <p class='ocr_par' dir='ltr' id='par_1_119' title="bbox 2314 5839 3064 5909">
     <span class='ocr_line' id='line_1_121' title="bbox 2314 5839 3064 5909; baseline 0.005 -17"><span class='ocrx_word' id='word_1_824' title='bbox 2314 5851 2434 5909; x_wconf 82' lang='lat' dir='ltr'><strong>cap.</strong></span> <span class='ocrx_word' id='word_1_825' title='bbox 2477 5839 2567 5908; x_wconf 83' lang='grc'><strong>15,</strong></span> <span class='ocrx_word' id='word_1_826' title='bbox 2589 5849 2642 5896; x_wconf 87' lang='lat' dir='ltr'><strong>et</strong></span> <span class='ocrx_word' id='word_1_827' title='bbox 2665 5840 2761 5896; x_wconf 87' lang='lat' dir='ltr'><strong>inf.</strong></span> <span class='ocrx_word' id='word_1_828' title='bbox 2793 5839 3064 5897; x_wconf 36' lang='lat' dir='ltr'><strong>cod.’126.</strong></span> 
     </span>
    </p>
   </div>
  </div>
