4090 6420
287 418 390 483 380

1282 413 1806 476 BIBLIOTHECA.
1834 439 1904 448 --
1930 412 2148 474 CODD.
2190 412 2389 486 CXIV,
2421 412 2587 474 CXV.

3436 408 3544 473 390

283 532 390 593 λοῖς
417 526 694 598 ἀποδοχῆς
731 524 939 598 ἠξιώθη
975 523 1052 588 ὡς
1082 525 1178 579 καὶ
1226 526 1463 598 δημοσίᾳ
1489 524 1861 593 ἀναγινώσκε-

1982 521 2306 590 iplerisque
2371 530 2522 574 tanto
2578 526 2630 573 tn
2683 518 2858 588 pretio
2907 528 2990 575 est
3037 519 3244 586 habita,
3299 519 3546 591 adeoque

284 622 427 674 creat.
469 619 532 671 Ἥ
579 619 636 672 δὲ
683 616 950 687 λεγομένη
975 617 1205 688 δευτέρα
1236 619 1372 686 πρὸς
1405 618 1532 679 τοὺς
1565 616 1760 677 αὐτοὺς
1786 615 1863 678 ὡς

278 712 432 774 νόθος
485 708 973 779 άποδοκιμάξεται,
1028 709 1218 779 ὥσπερ
1259 711 1288 762 ό
1324 710 1369 741 ’⁸
1425 708 1865 780 ἐπιγραφόμενος

278 800 368 854 ἐπ’
392 797 808 870 ὀνόματιαύτοῦ
839 800 1049 869 Πέτρου
1092 800 1188 852 καὶ
1212 799 1518 862 Ἀππίωνος
1542 797 1865 875 πολύστιχος

280 893 553 960 διάλογος.
580 893 782 946 Τοῦτόν
818 911 979 962 φασιν
996 895 1045 947 oi
1079 894 1176 965 μὲν
1199 894 1451 966 δεύτερον
1477 896 1613 966 μετὰ
1660 895 1866 966 Πέτρον

291 984 516 1054 Ῥώμης
564 986 936 1056 ὲπισκοπῆσαι
965 988 1032 1051 ⁸⁸,
1070 986 1120 1039 oi
1161 986 1222 1041 ’δὲ
1242 987 1500 1058 τέταρτον
1523 1004 1539 1021 ο
1572 987 1730 1041 Λίνον
1759 988 1867 1058 γὰρ

283 1075 378 1128 καὶ¹
402 1074 738 1145 Ἀνάκλητον
759 1075 802 1105 ’⁷
846 1073 1049 1143 μεταξὺ
1073 1074 1241 1128 αὑτοῦ
1274 1075 1372 1128 καὶ
1409 1072 1616 1144 Πέτρου
1649 1071 1867 1143 Ῥώμης

282 1166 623 1229 ὶπισκόπους
648 1165 1051 1236 διαγεγονέναι·
1089 1166 1408 1237 τελευτῆσαι
1428 1165 1486 1220 δὲ
1514 1164 1676 1220 αὐτὸν
1699 1165 1869 1236 τρίτῳ

284 1256 393 1310 ἔτει
415 1256 713 1328 Τραϊανοῦ.

1002 1432 1140 1491 ΡῙΔ’.

286 1525 548 1579 Λευκίου
597 1524 856 1591 Χαρίνου
903 1528 961 1579 αἱ
1006 1526 1126 1579 τῶν
1167 1527 1530 1582 ἀποστόλων
1579 1526 1867 1595 Περίοδοι.

364 1615 495 1687 [9.99.
533 1615 627 1688 R.]
671 1614 1009 1688 Ἀνεγνώσθη
1045 1618 1271 1687 βιϐλίον,
1314 1620 1368 1671 αί
1403 1618 1693 1688 λεγόμεναι
1750 1619 1874 1672 Τῶν

285 1707 658 1760 ἀποστόλων
707 1707 979 1776 Περίοδοι
1001 1748 1015 1772 ,
1071 1710 1126 1760 ἐν
1160 1703 1248 1773 αἷς
1278 1711 1614 1780 περιείχοντο
1646 1709 1874 1777 πράξεις

1969 612 2207 676 laudata,
2250 611 2491 664 utetiam
2544 610 2755 678 publice
2789 609 2890 678 legi
2941 609 3160 666 soleret.
3198 612 3265 664 At
3289 626 3408 680 qua:
3450 625 3541 666 se-

1966 703 2144 755 cunda
2176 701 2374 756 dicitur
2403 702 2469 755 ad
2500 702 2742 762 eosdem,
2769 715 2826 756 ut
2849 703 3031 771 spuria
3051 701 3315 771 rejicitur.
3345 701 3548 769 Quem-

1967 795 2256 850 admodum
2291 802 2345 849 et
2373 795 2529 864 longa
2574 793 2662 848 illa
2694 794 2989 862 disputatio
3027 833 3043 857 ,
3102 794 3245 848 beati
3304 794 3449 848 Petri
3491 803 3548 849 et

1968 886 2234 956 Appionis
2280 902 2475 940 nomen
2535 886 2674 941 falso
2732 884 3046 954 prtrl'erens.
3095 885 3248 940 Hunc
3298 887 3550 941 Clemen-

1968 987 2073 1034 tem
2104 978 2218 1047 (75)
2256 977 2486 1032 alterum
2523 993 2551 1030 a
2587 977 2746 1032 Petro
2811 978 2962 1032 urbis
3021 976 3206 1032 Roma:
3237 979 3548 1048 episcopum

1970 1069 2138 1126 fuisse
2159 1069 2379 1139 quidam
2415 1077 2718 1133 autumant,
2749 1070 2837 1122 alii
2865 1085 2994 1123 vero
3024 1080 3299 1139 quartum.
3348 1068 3542 1123 Linum

1969 1162 2111 1214 enim
2145 1170 2201 1215 et
2231 1159 2546 1215 Auacletum
2583 1161 2723 1214 inter
2747 1172 3032 1229 utrumque
3059 1161 3344 1228 pontifices
3379 1161 3547 1216 inter-

1973 1253 2228 1320 cessisse,
2259 1268 2324 1306 ac
2356 1254 2520 1306 tertio
2551 1253 2765 1306 deinuni
2798 1251 3014 1320 Trajaui
3045 1254 3389 1323 imperatoris
3407 1267 3551 1307 anno

1970 1345 2137 1398 vitam
2172 1343 2375 1397 liniissc
2419 1342 2559 1414 ('76).

2673 1434 2859 1490 CXIV.

2216 1525 2368 1580 Lucii
2416 1525 2636 1580 Charini
2685 1526 2899 1579 l’eriodi
2927 1526 3306 1596 apostolorum,

2049 1614 2250 1671 Lectus
2287 1616 2423 1670 liber
2442 1625 2528 1670 est
2555 1616 2657 1669 hoc
2681 1616 2834 1670 titulo
2867 1633 2881 1671 :
2920 1615 3293 1684 Apostolorum
3313 1614 3549 1669 Periodi.

1972 1706 2366 1776 Complectitur
2392 1707 2524 1760 Acta
2549 1706 2717 1771 Petri,
2749 1706 2996 1772 Joannis,
3027 1709 3276 1773 Andreae,
3309 1708 3550 1776 Thomaa,

287 1799 526 1869 Πέτρου,
555 1798 829 1864 Ἰωάννου,
866 1799 1144 1869 Ἀνδρέου,¹
1168 1800 1360 1869 Θωμᾶ,
1395 1799 1631 1855 Παύλου.
1663 1799 1870 1870 Γράφει

1982 1807 2032 1852 et
2052 1797 2228 1863 Pauli,
2269 1808 2518 1862 auctore,
2553 1808 2609 1850 ut
2637 1797 2905 1868 liberipse
2930 1799 3190 1864 ostendit,
3218 1799 3384 1854 Lucio
3406 1799 3550 1856 Cha-

289 1890 350 1943 δὲ
374 1890 568 1952 αὐτὰς,
601 1889 678 1953 ὼς
707 1889 856 1960 δηλοῖ
879 1891 940 1943 τὸ
964 1890 1096 1943 αὐτὸ
1120 1890 1340 1961 βιϐλίον,
1366 1890 1590 1956 Λεύκιος
1613 1893 1865 1962 Χαρῖνος.

1982 1887 2120 1942 rino.
2181 1887 2358 1941 Dictio
2428 1887 2545 1953 ejus
2608 1888 2833 1941 omnino
2893 1888 3180 1957 inaequalis
3230 1905 3294 1944 ac
3342 1892 3485 1944 varia
3534 1909 3550 1944 :

299 1981 365 2034 Ἠ
398 1981 458 2034 δὲ
495 1981 696 2052 φράσις
725 1983 804 2045 εἰς
834 1981 894 2034 τὸ
931 1982 1190 2046 παντελὲς
1219 1981 1503 2054 ἀνώμαλός
1520 2001 1578 2038 τε
1603 1985 1695 2037 καὶ
1728 2000 1871 2054 παρ-

290 2071 616 2142 ηλλαγμένη
643 2086 657 2101 ·
704 2069 799 2124 καὶ
829 2069 1113 2134 συντάξεσι
1147 2070 1256 2143 γὰρ
1286 2073 1379 2124 καὶ
1406 2071 1582 2136 λέξεσι
1609 2072 1873 2144 κέχρηται

290 2164 469 2216 ἐνίοτε
522 2162 624 2232 μὲν
665 2161 768 2215 οὐκ
810 2161 1206 2232 ὴμελημέναις,
1247 2163 1386 2216 κατὰ
1432 2163 1488 2216 δὲ
1524 2162 1589 2216 τὸ
1625 2163 1874 2217 πλεῖστον

291 2253 580 2324 ἀγοραίοις
620 2254 714 2306 καὶ
745 2255 1182 2324 πεπατημέναις,
1220 2255 1315 2308 καὶ
1352 2254 1504 2308 οὐδὲν
1538 2254 1637 2324 τῆς
1666 2255 1874 2324 ὁμαλῆς

296 2347 393 2398 καὶ
429 2345 783 2416 αὐτοσχεδίου
827 2346 1081 2415 φράσεως
1110 2348 1205 2399 καὶ
1241 2346 1340 2416 τῆς
1383 2346 1592 2399 ἐκεῖθεν
1629 2345 1872 2417 ἐμφύτου

293 2440 541 2509 χάριτος,
586 2437 707 2490 καθ’
750 2438 817 2508 ἦν
843 2439 871 2490 ό
908 2438 1260 2507 εὐαγγελικός
1303 2456 1361 2491 τε
1400 2439 1494 2492 καὶ
1523 2438 1876 2503 άποστολικὸς

294 2531 752 2600 διαμεμόρφωται
798 2529 977 2598 λόγος,
1018 2531 1127 2583 οὐδ’
1183 2532 1326 2600 ῐχνος
1365 2531 1664 2601 ἐμφαίνων.
1711 2532 1877 2600 Γέμει

297 2620 354 2671 δὲ
387 2618 487 2671 καὶ
522 2618 735 2688 μωρίας
764 2617 965 2688 πολλῆς
988 2617 1084 2671 καὶ
1113 2622 1212 2689 τῆς
1239 2619 1374 2690 πρὸς
1403 2619 1592 2673 ἑαυτὸν
1608 2619 1654 2651 ⁸⁸
1698 2620 1878 2691 μάχης

299 2713 395 2764 καὶ
437 2709 832 2773 ἐναντιώσεως.
885 2711 1024 2780 ιιδησῒ⁹
1076 2711 1185 2781 γάρ
1229 2711 1390 2764 ἄλλον
1431 2709 1570 2765 εἶναι
1625 2712 1716 2764 τὸν
1770 2712 1879 2765 τῶν

311 2804 586 2857 Ἰουδαίων
616 2802 748 2854 Θεὸν
776 2801 870 2856 καὶ
903 2803 1093 2868 κακὸν,
1116 2795 1176 2855 οὗ
1205 2804 1304 2856 καὶ
1329 2803 1548 2874 Σίμωνα
1567 2805 1661 2857 τὸν
1689 2805 1879 2872 Μάγον

300 2895 586 2965 ὑπηρέτην
620 2894 972 2960 καθεστάναι,
1004 2894 1160 2948 ἄλλον
1189 2895 1245 2947 δὲ
1271 2896 1362 2950 τὸν
1392 2896 1645 2966 Χριστὸν,
1679 2898 1737 2948 ὃν
1773 2913 1878 2966 φη-

302 3003 389 3037 σιν
413 2983 616 3052 ἀγαθόν
640 3000 655 3014 ⁸
685 2985 779 3036 καὶ
798 2982 984 3056 φύρων
1005 2986 1048 3016 ¹⁹
1090 2984 1305 3039 ἅπαντα
1333 2987 1427 3038 καὶ
1454 2986 1697 3054 συγχέων
1725 2986 1881 3038 καλεῖ

300 3075 468 3128 αὐτὸν
501 3076 595 3126 καὶ
622 3074 841 3145 Πατέρα
872 3073 967 3127 καὶ
1001 3074 1150 3128 Υἱόν.
1178 3075 1340 3144 Λέγει
1362 3075 1418 3129 δὲ
1457 3077 1579 3148 μηδ’
1609 3077 1882 3149 ἐνανθρωο

302 3167 482 3235 πῆσαι
509 3164 744 3234 ἀληθῶς,
779 3165 915 3218 ἀλλὰ
951 3165 1121 3232 δόξαι,
1153 3168 1248 3220 καὶ
1288 3168 1460 3220 πολλὰ
1486 3169 1743 3232 πολλάκις
1773 3187 1879 3238 φα-

301 3257 462 3326 νῆναι
489 3255 533 3286 ³ο
561 3257 672 3317 τοῖς
722 3257 1011 3326 μαθηταῖς,
1058 3257 1174 3308 νέον
1195 3257 1289 3311 καὶ
1337 3258 1652 3328 πρεσϐύτην
1694 3259 1879 3324 πάλιν,

303 3349 401 3401 καὶ
438 3346 605 3400 πάλιν
653 3347 841 3412 παῖδα,
892 3348 987 3400 καὶ
1020 3347 1244 3418 μείζονα
1296 3350 1392 3403 καὶ
1433 3349 1561 3422 [157
1592 3350 1685 3424 Η,]
1725 3351 1884 3404 ἐλάτ-

301 3458 434 3494 τονα
469 3440 566 3492 καὶ
609 3439 885 3510 μέγιστον,
938 3439 1079 3493 ὥστε
1122 3442 1221 3511 τὴν
1258 3443 1498 3512 κορυφὴν
1528 3443 1734 3514 διήκειν
1772 3444 1884 3497 ἐσθ’

303 3537 394 3588 ὅτε
423 3534 620 3604 μέχρις
640 3532 892 3603 ούρανοῦ.
925 3534 1130 3598 Πολλὰς
1160 3535 1334 3588 δὲκαὶ
1365 3539 1494 3606 περὶ
1523 3538 1615 3590 τοῦ
1651 3536 1884 3610 σταυροῦ

305 3627 622 3695 κενολογίας
639 3628 735 3680 καὶ
768 3627 998 3689 ἀτοπίας
1027 3629 1381 3694 ἀναπλάττει,
1413 3633 1506 3684 καὶ
1534 3631 1626 3684 τὸν
1648 3632 1886 3703 Χριστὸν

308 3720 387 3790 μὴ
421 3718 822 3789 σταυρωθῆναι,
853 3719 968 3774 ἀλλ’
1011 3720 1197 3792 ἕτερον
1223 3723 1336 3776 ἀντ’
1366 3723 1553 3789 αὐτοῦ,
1578 3725 1671 3777 καὶ
1710 3741 1884 3778 κατα-

305 3813 476 3883 γελᾷν
497 3811 587 3865 διὰ
608 3811 765 3864 τοῦτο
789 3813 896 3864 τῶν
923 3812 1318 3884 σταυρούντων.
1348 3816 1564 3886 Γάμους
1586 3834 1644 3869 τε
1661 3818 1703 3848 ³¹
1731 3818 1886 3888 νομί-

312 3922 449 3973 μους
483 3903 688 3968 ἀθετεῖ,
730 3904 826 3957 καὶ
853 3905 1035 3958 πᾶσαν
1066 3907 1284 3974 γένεσιν
1314 3909 1558 3977 πονηράν
1584 3926 1643 3961 τε
1670 3910 1765 3963 καὶ
1793 3909 1888 3963 τοῦ

311 3995 555 4066 πονηροῦ
602 3995 772 4064 λέγει.
808 3998 916 4051 Καὶ
966 3998 1214 4068 πλάστην
1252 3999 1362 4053 τῶν
1409 3999 1678 4069 δαιμόνων
1729 4002 1890 4056 ἄλλον

309 4089 539 4160 ἐκληρεῖ
572 4089 638 4142 ³¹.
669 4089 896 4160 Νεκρῶν
921 4089 976 4142 δὲ
1006 4090 1308 4161 ἀνθρώπων
1343 4092 1437 4145 καὶ
1476 4091 1614 4161 βοῶν
1640 4094 1733 4145 καὶ
1759 4111 1891 4164 κτη-

308 4184 416 4236 νῶν
437 4182 617 4238 ἄλλων
642 4182 687 4214 ³³
720 4183 1184 4253 παραλογωτάτας
1207 4186 1302 4237 κα)⁵
1326 4185 1706 4256 μειρακιώδεις
1729 4203 1891 4256 τερα-

305 4275 532 4328 τεύεται
585 4275 929 4340 ἀναστάσεις.
1004 4279 1160 4328 Δοκεῖ
1212 4277 1268 4329 δὲ
1335 4278 1426 4330 καὶ
1493 4278 1611 4330 κατ’
1667 4277 1891 4332 εἰκόνων

306 4370 424 4429 τοῖς
471 4366 861 4436 Είκονομάχοις
902 4368 960 4419 ὲν
985 4370 1103 4430 ταῖς
1135 4367 1382 4423 Ἰωάννου
1413 4370 1652 4439 Πράξεσι
1692 4369 1894 4438 δογμα-

306 4459 506 4523 τίζειν.
531 4460 642 4513 Καὶ
665 4459 852 4522 ἁπλῶς
883 4459 1020 4529 αὕτη
1049 4460 1094 4529 ,ἡ
1128 4458 1305 4529 βίϐλος
1349 4460 1518 4530 μυρία
1550 4459 1891 4531 παιδαριώδη

1975 1977 2388 2033 constructione
2419 1993 2548 2033 vero
2573 1993 2637 2034 ac
2680 1979 2905 2035 vocibus
2935 1982 3108 2034 utitur
3140 1982 3407 2035 interdum
3435 1983 3556 2050 qui-

1980 2070 2105 2125 dem
2141 2085 2246 2123 non
2279 2069 2530 2139 abjectis,
2567 2080 2629 2124 ut
2678 2071 2969 2141 plurimum
3007 2081 3186 2126 tamen
3222 2073 3552 2140 forensibus,

1981 2177 2046 2216 ac
2072 2161 2323 2230 protritis
2355 2178 2370 2214 :
2405 2176 2508 2216 nec
2543 2162 2709 2216 ullum
2742 2162 2793 2216 in
2823 2179 2889 2217 eo
2920 2164 3166 2231 aqualis.
3201 2175 3255 2220 et
3280 2166 3556 2219 subitaria:

1978 2252 2260 2318 dictionis,
2292 2268 2359 2308 ac
2383 2255 2600 2320 nativw,
2637 2269 2755 2323 quae
2799 2255 2924 2310 hinc
2947 2257 3212 2310 exsistere
3259 2257 3396 2311 solet
3439 2273 3557 2326 gra-

1979 2347 2066 2401 tiae
2125 2347 2254 2416 (quo
2312 2347 2472 2402 modo
2517 2348 2867 2417 evangelicus
2913 2358 2967 2403 et
3021 2350 3347 2419 apostolicus
3376 2365 3557 2404 sermo

1978 2440 2349 2495 conformatus
2393 2440 2500 2507 est)
2549 2440 2841 2509 vestigium
2907 2449 3153 2510 apparet.
3204 2439 3389 2496 Scatet
3427 2440 3554 2494 item

1979 2530 2189 2593 stultis,
2224 2539 2272 2584 et
2299 2544 2483 2584 secum
2525 2531 2886 2599 pugnantibus
2922 2533 3348 2587 narrationibus.
3377 2533 3554 2586 Alium

1985 2623 2131 2678 enim
2163 2620 2474 2676 Judaeorum
2504 2623 2698 2689 Deum,
2737 2638 2967 2692 eumque
2995 2626 3196 2677 malum
3241 2639 3364 2678 esse
3401 2639 3555 2679 asse-

1989 2714 2084 2776 rit,
2122 2713 2276 2779 cujus
2300 2714 2487 2766 Simon
2512 2713 2695 2782 Magus
2727 2714 2972 2767 minister
3020 2714 3202 2778 fuerit,
3245 2715 3406 2769 alium
3445 2732 3561 2769 rur-

1979 2818 2075 2858 sus
2110 2819 2231 2859 esse
2258 2803 2561 2870 Christum,
2599 2820 2758 2874 quem
2783 2806 2985 2860 bonum
3019 2791 3170 2860 facit.
3202 2806 3389 2861 Omnia
3429 2823 3558 2876 ergo

1982 2895 2276 2966 inquinans
2299 2909 2462 2967 atque
2497 2897 2855 2963 confundens,
2905 2899 3155 2952 eumdem
3187 2900 3335 2953 illum
3372 2910 3427 2953 et
3455 2898 3561 2953 Pa-

1983 2999 2123 3045 trem
2176 3001 2339 3044 vocat
2372 3001 2427 3044 et
2458 2989 2676 3044 Filium.
2717 2989 2891 3045 Jactat
2941 3006 3093 3057 vero,
3157 3006 3333 3061 neque
3369 3007 3560 3047 revera

1981 3081 2257 3137 hominem
2319 3081 2550 3147 factum,
2606 3084 2699 3138 sed
2748 3091 2954 3136 tantum
3005 3084 3346 3152 apparuisse.
3399 3083 3559 3138 Varia

1986 3173 2112 3229 item
2139 3173 2312 3228 forma
2348 3189 2492 3244 sazpe
2525 3174 2803 3244 discipulis
2833 3175 3027 3239 visum,
3097 3190 3238 3229 nunc
3279 3175 3559 3243 juvenem,

1987 3281 2108 3319 mox
2134 3265 2330 3320 iterum
2359 3281 2569 3329 senem,
2598 3281 2927 3335 rursumque
2949 3283 3211 3337 puerum;
3271 3283 3414 3322 nunc
3440 3284 3560 3322 ma-

1980 3356 2177 3428 jorem,
2217 3373 2363 3412 nunc
2398 3358 2685 3422 minorem,
2725 3360 2990 3414 interdum
3009 3369 3062 3414 et
3091 3360 3412 3424 maximum,
3435 3377 3562 3414 ver-

1985 3449 2090 3502 tice
2122 3449 2284 3503 etiam
2317 3450 2510 3504 caelum
2551 3451 2926 3518 attingentem.
2962 3451 3161 3505 Multas
3189 3451 3354 3506 etiam
3398 3465 3565 3521 super

1986 3555 2148 3594 cruce
2176 3555 2349 3610 nugas
2376 3541 2528 3611 lingit
2562 3551 2726 3612 atque
2763 3543 3015 3612 ineptias,
3069 3557 3245 3612 neque
3279 3543 3561 3597 Christum

1987 3631 2152 3688 fuisse
2183 3635 2330 3688 cruci
2369 3635 2613 3700 allixum,
2644 3636 2738 3690 sed
2760 3635 2924 3688 alium
2950 3649 3046 3705 pro
3068 3649 3154 3701 eo,
3184 3644 3238 3692 et
3263 3634 3390 3690 hinc
3417 3633 3564 3688 illum

1986 3739 2104 3790 eos,
2137 3726 2228 3796 qui
2279 3727 2330 3780 in
2363 3743 2578 3782 crucem
2606 3739 2852 3796 egerant,
2898 3727 3212 3782 irridentem
3238 3729 3384 3781 facit.
3419 3726 3586 3781 Con-~

1982 3814 2130 3888 iugia
2167 3819 2389 3888 insuper
2441 3819 2677 3890 legitima
2714 3820 2911 3889 rejicit,
2951 3832 3277 3887 omnemque
3311 3818 3448 3872 adeo
3470 3832 3565 3887 ge-

1991 3910 2328 3965 nerationem
2387 3911 2583 3965 malam
2631 3926 2771 3976 esse,
2821 3911 2964 3980 91a
2999 3921 3053 3966 et
3093 3927 3121 3964 a
3161 3911 3303 3964 malo
3341 3910 3560 3974 asserit,

1990 4001 2262 4070 aliamque
2322 4003 2623 4057 daamonum
2671 4002 3053 4058 formationem
3097 4004 3559 4058 comminiscitur.

1991 4090 2330 4146 Mortuoruni
2360 4093 2544 4146 adlimc
2563 4093 2866 4160 hominum,
2898 4096 3078 4160 boum,
3112 4093 3561 4158 acjumentorum

1993 4185 2259 4238 absurdas
2331 4184 2675 4254 puerilesque
2757 4186 3196 4240 resurrectiones
3258 4186 3568 4254 prodigiose

1995 4276 2168 4345 fingit.
2215 4273 2270 4329 ln
2319 4276 2471 4330 Actis
2519 4292 2738 4348 quoque
2800 4279 2944 4333 beati
3006 4278 3230 4333 Joannis
3269 4276 3565 4349 imaginum

1995 4381 2149 4420 usum
2208 4383 2329 4421 cum
2387 4367 2765 4424 lconomachis
2819 4373 3130 4439 vituperare
3184 4370 3419 4426 videtur.
3471 4370 3568 4425 Vis

1994 4459 2163 4514 verbo
2201 4460 2418 4515 dicam?
2467 4471 2706 4530 quantus
2741 4470 2824 4516 est
2863 4460 3023 4527 iiber,
3062 4462 3291 4532 puerilia
3325 4463 3568 4515 continet

310 4553 408 4605 καὶ
432 4550 673 4604 ἀπίθανα
727 4551 824 4603 καὶ
869 4549 1223 4604 κακόπλαστα
1261 4549 1552 4620 καὶψευδῆ
1589 4550 1681 4603 καὶ
1731 4549 1879 4621 μωρὰ

1995 4549 2111 4603 sine
2132 4564 2380 4615 numero,
2418 4559 2469 4605 et
2495 4551 2791 4621 inopinata,
2816 4551 3160 4621 maligneque
3199 4554 3453 4617 conﬁcta,
3500 4565 3566 4605 ac

309 4645 409 4694 καί
440 4640 623 4704 ἄλλοις
655 4640 700 4671 ⁸⁸
741 4640 1022 4711 μαχόμενα
1065 4640 1160 4693 καὶ
1216 4639 1391 4710 ἀσεϐῆ
1444 4641 1540 4693 καὶ
1600 4639 1737 4693 άθεα
1794 4657 1892 4692 πε-

313 4734 520 4803 ριέχει’
577 4733 646 4803 ἢν
706 4731 874 4785 εἰπών
903 4749 989 4794 τις
1041 4731 1223 4801 πάσης
1256 4731 1518 4802 αἱρέσεως
1570 4730 1751 4803 πηγὴν
1799 4732 1895 4785 καὶ

314 4826 534 4897 μητέρα
565 4825 664 4878 οὐκ
688 4823 754 4878 ἂν
777 4823 1120 4895 ἁποσφαλείη
1144 4821 1238 4877 τοῦ
1268 4824 1492 4889 εἰκότος.

1026 5005 1171 5062 PlE'.

313 5099 670 5168 Ἀνωνύμου
708 5098 859 5154 κατὰ
903 5098 1209 5154 Ἰουδαίων
1243 5097 1338 5152 καὶ
1375 5098 1889 5168 Τεσσαρεσκαιδε-

387 5167 644 5223 κατιτῶν
675 5173 876 5238 λόγος.
904 5172 1015 5222 Καὶ
1042 5171 1433 5238 Μητροδώρου
1473 5169 1605 5237 περὶ
1649 5167 1759 5237 τῆς
1791 5169 1899 5223 τοῦ

386 5241 564 5308 ἁγίου
583 5239 798 5309 Πάσχα
820 5239 1052 5308 ἑορτῆς.

406 5333 750 5404 Ἀνεγνώσθη
779 5332 985 5404 βιϐλίον
1005 5332 1286 5404 ἀνώνυμον
1309 5371 1324 5396 ,
1355 5325 1416 5386 οὗ
1446 5332 1480 5403 ἡ
1511 5330 1755 5401 ὲπιγαφὴ
1786 5330 1898 5384 Λό-

1996 4640 2157 4705 lalsa,
2185 4643 2297 4696 imo
2327 4641 2511 4707 stulta,
2540 4652 2593 4697 et
2623 4643 2767 4698 inter
2793 4659 2855 4699 se
2880 4644 3197 4714 pugnantia,
3225 4642 3387 4713 impia
3411 4644 3566 4697 deni-

2006 4747 2114 4802 que
2160 4741 2214 4787 et
2241 4733 2559 4789 detestanda
2604 4745 2704 4801 tot,
2757 4743 2815 4788 ut
2843 4736 2933 4803 qui
2966 4751 3088 4789 eum
3145 4735 3320 4790 omnis
3350 4736 3570 4791 haeresis

1998 4825 2205 4880 fontem
2241 4836 2405 4895 atque
2433 4837 2709 4882 auctorem
2743 4827 2962 4896 dixerit,
3018 4843 3126 4884 non
3170 4827 3258 4883 ille
3283 4842 3312 4882 a
3343 4832 3572 4884 veritate

1998 4915 2084 4972 vel
2107 4916 2394 4973 minimum
2430 4918 2760 4974 discesserit.

2702 5008 2866 5066 CXV.

2000 5100 2156 5157 Liber
2177 5119 2468 5172 auonymus
2497 5113 2678 5156 contra
2713 5103 2931 5157 Judwos
2956 5113 3004 5157 et
3039 5103 3568 5169 Quartadecimanos,

2204 5177 2427 5243 itemque
2463 5173 2749 5227 Metrodori
2772 5173 3022 5229 Calculus
3048 5172 3350 5229 Paschalis.

2066 5329 2196 5401 Legi
2227 5331 2416 5387 incerti
2442 5332 2680 5387 auctoris
2709 5332 2934 5400 librum,
2965 5333 3285 5406 quitituluni
3312 5334 3529 5404 praefert
3555 5348 3569 5385 :

1604 5444 1841 5500 VARIE
1874 5445 2278 5501 LELTIONES.

390 5547 441 5578 "
473 5547 500 5598 ό
529 5547 654 5599 add.
681 5544 749 5599 A.
822 5546 868 5578 “
905 5544 1267 5613 ὲπισκοπῆσαι
1311 5541 1528 5612 Ῥώμης
1554 5558 1614 5606 ς.

323 5618 588 5679 πολλάκις
612 5621 680 5669 Α.
757 5617 798 5648 ³¹
839 5616 897 5669 δέ
934 5634 996 5680 ς.
1090 5616 1135 5647 ³³
1165 5616 1425 5686 ὲκκληροῖ
1456 5630 1516 5677 ς.

1713 5541 1768 5612 ιτ⁸
1788 5537 2116 5612 ἀνέγκλητον
2145 5539 2225 5612 Α,
2276 5539 2481 5612 ξ’λΙίὺιξὶ
2519 5541 2739 5612 ἑαυτήν.
2813 5542 2858 5612 ’_’
2898 5541 3086 5612 φυρῶν
3119 5559 3180 5607 ς.

1613 5611 1656 5643 ³³
1689 5609 1863 5665 ἄλλων
1893 5608 2022 5664 add.
2045 5612 2111 5665 A.
2189 5611 2234 5642 ³⁸
2267 5608 2471 5681 ἄλλοις]
2505 5608 2968 5683 ἰιιιιιιοάλλήλοις.

3257 5541 3302 5574 ³ο
3342 5538 3575 5611 φανῆναι

1822 5702 2056 5760 NOTAE.

393 5805 506 5873 (75)
536 5803 670 5859 Vide
692 5805 754 5859 ι).
783 5804 984 5859 Baron.
1017 5815 1148 5858 tom.
1178 5803 1220 5868 l,
1254 5803 1319 5857 ad
1355 5818 1553 5858 annum
1580 5800 1779 5873 Christ
1807 5798 1897 5854 96.

391 5862 507 5947 (76)
538 5874 798 5950 Martyrio
831 5887 1146 5934 coronatum
1194 5862 1252 5930 ut
1284 5875 1444 5976 docet
1470 5874 1530 5928 D.
1569 5873 1718 5929 card.
1750 5871 1945 5928 Baron.
1991 5878 2031 5926 t.
2067 5864 2134 5938 ll,
2164 5864 2226 5923 ad
2265 5879 2461 5923 annum
2497 5862 2700 5925 Christi
2734 5865 2856 5924 102.
