3964 6430
480 418 583 486 391

1660 411 1925 472 PHOTII
1963 412 2465 473 PATRIARCH/E
2489 414 2599 474 CP.

3651 415 3752 478 392

472 533 775 603 Disputatio
812 533 1063 585 adversus
1091 528 1332 592 Judteos,
1373 544 1579 599 unaque
1606 528 1880 583 sentientes
1904 529 2071 582 luere-

2184 548 2277 601 Γος
2299 529 2449 598 πρὸς
2482 528 2815 594 Ἰουδαίους
2836 529 2935 585 καὶ
2958 528 3091 596 τοὺς
3111 530 3267 599 μετὰ
3298 530 3529 584 τούτων
3549 531 3754 600 αἱρετι-

473 630 601 679 ticos
630 625 767 694 (77),
803 633 849 675 et
897 618 1427 685 Quauadecimanos,
1458 628 1514 671 ut
1538 630 1748 687 vocant,
1776 620 1867 690 qui
1886 620 2053 688 primo

475 718 824 772 Hebraeorum
854 729 1026 767 mense
1063 721 1307 766 sanctam
1354 710 1575 765 Pascha:
1606 711 1795 781 festum
1846 729 1947 765 non
1977 728 2059 766 ce-

473 811 677 865 lebrant
711 807 846 877 (78).
881 804 1051 874 llujus
1077 807 1255 860 oratio
1284 806 1580 861 vehemens
1618 814 1725 870 est,
1761 819 1935 874 neque
1970 818 2055 857 re-

478 905 746 965 dundans,
771 900 913 956 fastu
933 899 1304 970 jactantiaque
1332 914 1438 952 non
1457 914 1679 954 vacans.
1706 898 2061 953 Asseritvero

479 1013 639 1052 sacra
680 998 870 1066 quinta
897 995 1028 1065 (die)
1063 994 1235 1066 legale
1264 1009 1368 1049 non
1402 995 1581 1051 edisse
1622 995 1828 1049 Pascha
1870 994 2057 1049 Domi—

480 1108 609 1147 num
634 1092 819 1145 Jesum
855 1091 1129 1145 Christum
1168 1090 1367 1162 (neque
1398 1091 1540 1145 enim
1572 1090 1719 1144 illum
1749 1092 1864 1159 ejus
1883 1090 2061 1145 edenti

480 1194 741 1239 Statutum
779 1182 946 1236 fuisse
973 1181 1161 1250 diem),
1202 1182 1296 1235 sed
1326 1181 1589 1249 sequenti.
1624 1180 1701 1234 Ac
1726 1196 1899 1249 neque
1926 1192 2061 1248 tum,

481 1296 603 1348 qum
634 1280 833 1344 ederit,
865 1293 929 1332 ex
961 1277 1098 1348 legis
1133 1267 1454 1345 prmscripto
1481 1276 1679 1330 edisse.
1724 1274 1855 1329 Nam
1889 1290 2065 1345 neque

482 1388 704 1440 agnum,
740 1384 914 1437 neque
942 1384 1163 1438 azyma,
1206 1383 1380 1434 neque
1416 1367 1557 1420 aliud
1580 1368 1851 1436 quidpiam
1878 1382 2063 1421 eorum

485 1462 703 1525 fecisse,
738 1476 856 1530 quae
891 1459 1064 1529 legale
1085 1468 1371 1513 servantes
1401 1458 1636 1523 Pascha,
1667 1472 1820 1511 more
1849 1460 2066 1525 rituque

485 1556 754 1623 majorum
783 1554 1098 1606 observant.
1132 1550 1319 1619 itaque
1353 1551 1620 1618 privatam
1687 1560 1917 1613 tantum,
1951 1564 2068 1619 my-

482 1638 676 1693 sticam
708 1638 851 1691 illam
886 1647 1088 1700 tamen,
1125 1636 1241 1691 vult
1284 1651 1498 1690 cceuam
1553 1636 1755 1698 edisse,
1813 1646 1975 1704 atque
1999 1649 2067 1687 ex

482 1744 547 1783 ea
580 1726 860 1796 discipulis
886 1741 1106 1796 panem,
1149 1738 1203 1780 et
1232 1726 1457 1780 calicem
1488 1728 1818 1795 porrexisse.

553 1822 708 1874 Alius
742 1820 869 1872 item
907 1818 1047 1873 liber
1074 1817 1402 1887 coniunctus
1445 1828 1564 1872 erat
1608 1818 1904 1873 Metrodori
1962 1834 2067 1873 cu-

2158 623 2304 688 κοὺς
2338 620 2437 676 καὶ
2466 622 2609 687 τοὺς
2653 622 3071 689 καλουμένους
3110 622 3755 691 Τεσσαρεσκαιδεκατί-

2157 727 2282 777 τας,
2305 710 2391 780 μὴ
2413 710 2494 777 τῷ
2518 710 2726 779 πρώτῳ
2751 713 2881 765 καθ’
2908 712 3220 781 Ἐϐραίους
3237 713 3385 782 μηνὶ
3413 713 3757 767 ἐπιτελοῦν-

2160 820 2265 868 τας
2287 802 2393 856 τοῦ
2414 802 2590 872 ἁγίου
2610 802 2829 871 Πάσχα
2850 802 2965 872 τὴν
2987 802 3222 872 ἑορτήν.
3242 798 3411 868 Οὗτος
3434 805 3534 875 μὲν
3551 806 3582 857 ὁ
3598 803 3758 872 λόγος

2162 896 2425 967 σύντομος
2441 897 2485 929 ³⁸
2507 897 2601 950 κα)⁸
2624 896 2916 964 ἀπέριττός
2938 897 3033 950 καὶ
3061 897 3277 967 κόμπου
3304 896 3571 967 μετέχων.
3592 897 3759 963 Λέγει

2166 989 2351 1058 μέντοι
2378 992 2443 1060 τῇ
2466 990 2596 1060 ἁγία
2616 990 2850 1062 Πέμπτῃ
2888 990 2962 1061 μὴ
2996 990 3058 1042 τὸ
3087 990 3313 1061 νομικὸν
3343 992 3539 1059 φαγεῖν
3564 990 3759 1057 Πάσχα

2162 1080 2253 1133 τὸν
2270 1080 2475 1152 Κύριον
2493 1081 2649 1150 ἡμῶν
2665 1080 2870 1151 Ἰησοῦν
2886 1081 3121 1151 Χριστόν
3138 1097 3151 1110 ⁸
3184 1080 3318 1151 μηδὲ
3337 1080 3445 1152 γάρ
3469 1076 3609 1133 εἶναι
3632 1080 3758 1132 τότε

2163 1171 2255 1226 τὸν
2278 1171 2490 1244 καιρὸν,
2511 1172 2649 1225 ἀλλά
2668 1176 2733 1243 τῇ
2758 1171 3014 1245 ἐπιούσῃ.
3031 1171 3140 1225 Καὶ
3160 1173 3240 1225 ὅτι
3264 1172 3385 1225 οὐδὲ
3408 1172 3653 1243 νομικῶς
3672 1187 3760 1223 τε-

2164 1263 2272 1316 λῶν
2289 1263 2512 1332 ἔφαγεν,
2529 1264 2729 1334 ἆπερ³⁶
2746 1265 2969 1333 ἔφαγεν,
2984 1264 3065 1327 εἰς
3080 1264 3179 1330 τὴν
3197 1263 3456 1317 ἐπιοῦσαν
3473 1279 3486 1292 ·
3506 1263 3632 1317 οὕτε
3650 1263 3758 1334 γὰρ

2166 1353 2326 1422 ἀρνδν
2357 1352 2480 1405 οὗτε
2505 1352 2689 1423 ἄζυμα
2725 1352 2847 1406 οὔτε
2881 1353 3011 1406 ἄλλο
3050 1370 3103 1405 τι
3149 1352 3407 1424 πράττων
3430 1394 3445 1418 ,
3488 1354 3591 1406 ὅσα
3613 1355 3665 1405 οἱ
3700 1352 3761 1406 τὸ

2167 1444 2389 1515 νομικὸν
2410 1446 2687 1509 τελοῦντες
2708 1447 2899 1515 Πάσχα
2923 1446 3046 1509 ἔθος
3068 1444 3252 1516 ἔχουσι
3279 1446 3757 1516 παραφυλάττειν·

2172 1535 2289 1589 ἀλλ’
2322 1536 2455 1589 ἴδιον
2488 1537 2751 1606 μυστικόν
2783 1554 2916 1609 φησι
2945 1536 3159 1591 δεῖπνον
3193 1541 3419 1607 φαγεῖν,
3454 1539 3511 1605 ἐξ
3558 1531 3621 1591 οἵ)
3665 1537 3764 1592 καὶ

2168 1632 2281 1694 τοῖς
2314 1631 2584 1701 μαθηταῖς
2626 1632 2793 1701 ἄρτου
2822 1631 2920 1684 καὶ
2964 1632 3224 1703 ποτηρίου
3266 1631 3612 1701 μεταδοῦναι.

2243 1829 2392 1902 [293
2424 1829 2536 1903 8.]
2594 1831 2909 1902 Ἔνεφὲρετο
2941 1831 2997 1885 δὲ
3045 1831 3202 1901 λόγος
3234 1831 3422 1904 ἕτερος
3455 1832 3766 1904 Μητροδώ-

480 1915 722 1981 jusdam,
759 1909 1013 1964 Calculus
1058 1911 1316 1964 nimirum
1358 1910 1422 1965 de
1471 1926 1624 1964 sacro
1672 1910 1896 1965 Pascha:
1933 1912 2069 1980 festo

2185 1939 2276 1993 ρου
2306 1922 2449 1986 τινὸς
2472 1965 2485 1989 ,
2515 1922 2693 1994 ψῆφος
2714 1924 3371 1994 ὲννεακαιδεκαετηρίδων
3401 1922 3488 1995 κη’
3516 1926 3598 1987 εἰς
3631 1926 3766 1977 ἑαυ-

484 2002 792 2058 celebrando
849 2017 1043 2056 novem
1087 2002 1467 2058 decennalium
1542 2002 1817 2074 cyclorum
1878 2003 2068 2071 viginti

485 2106 610 2150 octo
661 2098 713 2149 in
765 2094 1006 2165 seipsum
1063 2094 1219 2162 quasi
1273 2095 1326 2149 in
1388 2095 1575 2149 orbem
1636 2096 1903 2151 redactus.
1972 2095 2072 2176 Hic

487 2193 666 2237 autem
723 2181 1092 2245 Metrodorus,
1153 2181 1469 2250 quicunque
1526 2182 1740 2235 tandem
1793 2194 1876 2237 est
1915 2182 2073 2254 (nihil

490 2277 636 2329 enim
673 2274 819 2327 aliud
860 2275 927 2327 de
962 2274 1055 2327 illo
1086 2273 1270 2328 dicere
1301 2272 1494 2344 statui)
1540 2289 1567 2326 a
1604 2274 1962 2340 Diocletiano,
1988 2274 2073 2327 in-

488 2367 739 2419 choando
773 2365 1197 2435 quingentorqu
1228 2366 1453 2434 triginta
1482 2367 1645 2419 trium
1667 2380 1932 2433 armorum
1960 2365 2075 2419 dies

491 2458 662 2513 festos
692 2458 931 2527 collegit,
968 2458 1129 2528 idque
1165 2458 1449 2529 (quantum
1496 2455 1732 2526 videtur)
1773 2457 2072 2511 secundum

492 2558 805 2603 accuratam
860 2547 1048 2610 illam,
1106 2561 1270 2615 quam
1324 2557 1567 2612 vocant,
1602 2545 2075 2614 quartas-decima:

493 2642 635 2691 luna:
660 2638 1145 2706 computationem.
1186 2638 1404 2691 Etenim
1434 2653 1609 2707 neque
1635 2638 1780 2691 hunc
1811 2635 2072 2701 Ecclesia,

495 2738 670 2792 neque
703 2736 857 2778 vetus
895 2724 1119 2779 traditio
1145 2724 1262 2779 dies
1296 2725 1417 2780 illos
1446 2739 1698 2781 servasse
1728 2724 2002 2779 videntur.

1191 2815 1372 2873 CXVI.

496 2912 746 2967 Auctoris
776 2910 962 2964 incerti
1008 2910 1073 2963 de
1106 2926 1259 2964 sacro
1304 2908 1527 2964 Pascha:
1556 2909 1689 2976 festo
1720 2909 1957 2963 volumen
1990 2924 2073 2963 ιιι.

566 3093 762 3147 Lectus
816 3105 1036 3163 quoque
1096 3091 1235 3146 liber
1294 3098 1400 3155 est,
1466 3089 1558 3159 qui
1620 3088 1902 3158 scriptoris
1968 3102 2075 3143 non

496 3200 752 3252 expresso
774 3187 993 3239 nomine
1016 3182 1466 3239 inscribitur:De
1487 3198 1640 3237 sacro
1678 3182 1902 3235 Pascha:
1942 3181 2078 3251 [esto

497 3282 736 3335 volumen
767 3282 981 3334 tertium
1015 3279 1165 3332 libris
1194 3288 1335 3334 octo.

574 3372 823 3444 Simplici
852 3371 1117 3437 dictione,
1150 3370 1400 3440 styloque
1426 3367 1774 3438 apertissimo
1820 3366 2082 3435 scriptum

500 3480 658 3534 opus,
700 3464 871 3518 multa
918 3478 1048 3517 sane
1096 3472 1260 3532 atque
1298 3461 1556 3530 praeclara
1605 3475 1769 3516 sensa
1817 3461 2082 3515 continet.

503 3559 751 3627 Scriptor
808 3556 898 3611 hic
949 3556 1094 3610 libro
1143 3566 1341 3623 quarto
1388 3553 1754 3608 Metrodorum
1798 3565 1944 3619 saepe
1997 3565 2083 3605 re-

503 3649 812 3719 prehendit,
834 3662 898 3702 ae
915 3647 1042 3701 dum
1075 3647 1250 3702 sacris
1277 3658 1396 3700 sese
1424 3645 1725 3713 Scriptura:
1756 3643 2086 3697 testimoniis

502 3741 825 3805 communit,
864 3754 971 3795 non
1015 3754 1210 3809 pauca,
1246 3737 1618 3808 explanatoris
1657 3736 1769 3790 fere
1808 3736 2083 3800 methodo,

501 3833 646 3904 91b
690 3833 743 3887 in
778 3846 874 3887 sex
912 3832 1120 3887 dierum
1183 3846 1319 3900 opus
1353 3830 1503 3884 utilia
1538 3830 1689 3885 hisce
1727 3829 1795 3883 de
1821 3827 2089 3882 Paschate

505 3927 657 3980 libris
686 3926 940 3980 intexuit.
969 3925 1190 3979 Dedicat
1218 3938 1352 3979 vero
1379 3923 1688 3988 Theodoro,
1738 3937 1901 3991 quem
1948 3920 2089 3976 dile-

504 4028 651 4071 ctum
675 4018 1008 4087 fratremque
1032 4016 1287 4086 appellat.
1316 4015 1545 4084 Scripsit
1568 4015 1755 4071 eadem
1781 4016 1848 4070 de
1870 4030 1928 4069 re
1950 4016 2086 4069 alios

506 4123 727 4177 quoque
758 4108 951 4173 libros,
978 4122 1163 4161 verum
1201 4107 1288 4160 hic
1320 4106 1542 4163 uberior
1567 4116 1651 4161 est
1671 4114 1836 4176 atque
1864 4106 2085 4172 utilior;

515 4211 573 4251 ut
608 4200 700 4267 qui
726 4199 779 4252 in
805 4214 861 4253 re
892 4200 1036 4253 tenui
1074 4198 1223 4251 utilia
1248 4214 1481 4268 quaeque
1517 4199 1583 4252 ad
1621 4213 1733 4253 rem
1764 4199 2087 4268 pertinentia

515 4287 733 4342 afferat.
781 4287 914 4343 Nam
955 4290 1022 4343 de
1064 4289 1306 4343 bissexto
1337 4329 1353 4356 ,
1400 4298 1455 4343 et
1518 4304 1707 4344 mense
1753 4289 2085 4355 intercalari,

507 4381 749 4448 solisque
813 4395 877 4434 ac
916 4380 1057 4435 tuine
1102 4382 1333 4450 epactis,
1376 4391 1431 4435 et
1478 4379 2083 4436 enueacmdecaeteridi-

506 4476 610 4528 bus
633 4473 771 4545 (79),
796 4474 943 4528 etde
977 4475 1187 4528 ratione
1219 4490 1281 4529 ac
1306 4474 1390 4528 via
1413 4475 1528 4528 haec
1562 4473 1943 4544 investigandi,
1974 4474 2091 4527 sin-

2177 2014 2278 2086 τὴν
2296 2016 2745 2086 ἁνακυκλουμένη
2767 2016 2896 2087 περὶ
2918 2015 3018 2085 τῆς
3034 2014 3129 2068 τοῦ
3152 2016 3305 2084 ἁγίου
3329 2016 3521 2086 Πάσχα
3538 2017 3765 2088 ἑορτῆς.

2179 2103 2350 2173 Οὗτος
2382 2112 2409 2163 ό
2434 2110 2801 2181 Μητρόδωρος
2821 2148 2835 2173 ,
2867 2110 3016 2173 ὅστις
3057 2111 3187 2162 ποτέ
3219 2112 3333 2163 ἐστι
3363 2111 3460 2180 (οὐ
3491 2110 3599 2180 γὰρ
3632 2111 3768 2165 ἄλλο

2178 2219 2230 2254 τι
2274 2200 2444 2270 ἔγνων
2474 2201 2646 2254 εἰπεῖν
2685 2203 2812 2271 περὶ
2836 2199 3039 2271 αὑτοῦ)
3063 2240 3078 2265 ,
3109 2200 3218 2253 ἀπὸ
3242 2201 3626 2270 Διοκλητιανοῦ
3666 2202 3769 2274 ἀρ-

2183 2296 2410 2365 ξάμενος
2461 2295 2582 2363 φλγ¹
2635 2295 2771 2349 ἐτῶν
2818 2296 3093 2367 συνήγαγε
3137 2298 3277 2349 κατὰ
3320 2296 3419 2368 τὴν
3460 2296 3768 2366 λεγομένην

2180 2386 2386 2457 ἀκριϐῆ
2413 2387 2510 2453 τῆς
2540 2386 3139 2458 τεσσαρεσκαιδεκάτης
3173 2388 3518 2459 ψηφοφορίαν
3538 2390 3585 2420 ³⁷
3625 2388 3770 2459 ὴμέ-

2186 2492 2283 2546 ρας
2302 2515 2316 2540 ,
2349 2476 2448 2529 ὅσα
2479 2473 2556 2545 τῷ
2585 2476 2760 2528 δοκεῖν
2784 2518 2799 2543 ,
2832 2477 3188 2548 ἑορταστικάς
3214 2494 3225 2507 ο
3251 2481 3347 2533 καὶ
3372 2480 3481 2551 γὰρ
3508 2478 3637 2533 οὔτε
3672 2479 3770 2532 νῦν

2181 2568 2216 2636 ὴ
2261 2565 2556 2637 Ἐκκλησία
2582 2565 2704 2619 οὔτε
2737 2569 2771 2639 ἡ
2807 2568 3019 2623 παλαιὰ
3046 2571 3343 2640 παράδοσις
3374 2571 3603 2636 ταύταις
3634 2570 3770 2641 φαί-

2182 2675 2331 2711 νεται
2358 2658 2694 2728 κεχρημένη.

2894 2836 3059 2891 PIC'.

2894 2838 2960 2888 Pl
3025 2841 3059 2891 '.

2186 2928 2535 2998 Ἀνωνύμου
2580 2928 2713 2996 περὶ
2750 2925 2878 3052 niti-1
2883 2838 3090 3069 frit;
3118 2930 3226 2985 τοῦ
3275 2932 3490 2998 Πάσχα
3552 2932 3775 3003 ἑορτῆς

2918 3016 3011 3068 ros
3096 3041 3110 3055 .

2918 3016 3011 3068 γοι
3041 3016 3110 3068 γ’.

2267 3090 2608 3161 ’Λνεγνώσθη
2640 3090 2840 3163 βιϐλίον
2865 3131 2880 3154 ,
2909 3093 3034 3145 ὅσον
3061 3093 3155 3146 ἐπὶ
3176 3092 3255 3164 τῷ
3274 3093 3497 3166 ὀνόματι
3523 3094 3621 3148 τοῦ
3648 3114 3778 3152 συν-

2184 3184 2501 3251 τεταχότος,
2554 3183 2965 3254 ὰνεπίγραφονο
3003 3183 3099 3236 ἐπὶ
3131 3187 3197 3254 τῇ
3249 3202 3313 3253 γε
3368 3186 3534 3257 βίϐλῳ
3579 3188 3780 3255 ὲπεγέο

2105 3276 2149 3338 C
2183 3290 2395 3343 γραπτο
2416 3288 2434 3304 ο
2474 3291 2491 3323 ι
2512 3272 2649 3343 Περὶ
2680 3272 2781 3343 τῆς
2820 3274 2980 3343 ἁγίας
3028 3273 3120 3328 τοῦ
3155 3275 3347 3346 Πάσχα
3373 3277 3566 3347 ἑορτῆς
3614 3277 3779 3345 λόγος

2186 3363 2371 3434 τρίτος
2393 3405 2408 3430 ,
2440 3364 2499 3415 ὲν
2537 3366 2724 3434 τόμοις
2752 3366 2916 3419 ὀκτώ.
2946 3384 2965 3417 ι
3014 3366 3162 3438 Αὕτη
3208 3368 3240 3437 ἡ
3277 3367 3456 3437 βίϐλος
3488 3370 3632 3440 ἁπλῇ
3677 3370 3781 3440 μὲν

2186 3458 2282 3510 καὶ
2309 3458 2620 3529 σαφεστάτῃ
2656 3459 3072 3529 συγγέγραπται
3117 3461 3317 3532 φράσει
3343 3502 3358 3528 ,
3398 3461 3568 3515 πολλὰ
3594 3463 3652 3515 δὲ
3684 3464 3782 3518 καὶ

2187 3550 2329 3604 καλὰ
2351 3552 2596 3621 νοήματα
2620 3553 2867 3623 περιέχει
2891 3553 2956 3609 ³⁸.
2978 3548 3145 3618 Οὗτος
3166 3557 3194 3608 ὁ
3228 3556 3581 3627 συγγραφεὺς
3608 3559 3672 3612 ἐν
3697 3558 3779 3629 τῷ

2186 3642 2432 3713 τετάρτῳ
2444 3643 2503 3696 τό
2510 3660 2594 3715 μῳ
2609 3646 2702 3697 καὶ
2715 3645 3125 3717 κατὰΜητροδώ
3134 3665 3224 3716 ρου
3243 3650 3474 3702 ποιεῖται
3488 3648 3781 3721 ἐλέγχους,

2188 3736 2283 3788 καὶ
2301 3737 2422 3799 ταῖς
2450 3737 2756 3807 Γραφικαῖς
2783 3738 2838 3791 δὲ
2855 3740 3180 3811 μαρτυρίαις
3208 3741 3517 3812 ὠχύρωται,
3533 3742 3626 3795 καὶ
3646 3744 3784 3795 πολ-

2187 3828 2256 3882 λὰ
2271 3828 2380 3881 τῶν
2401 3832 2480 3894 είς
2512 3830 2961 3904 τὴνἚξαήμερον
2979 3833 3288 3903 χρησίμων,
3305 3833 3380 3897 ὡς
3398 3836 3454 3887 ὲν
3472 3835 3784 3904 ἑρμηνείας

2188 3921 2344 3993 τύπῳ
2366 3964 2380 3987 ,
2403 3922 2544 3976 κατὰ
2570 3922 2760 3976 τούσδε
2786 3927 2913 3989 τοὺς
2936 3928 3064 3996 περὶ
3092 3925 3186 3979 τοῦ
3210 3926 3402 3997 Πάσχα
3431 3927 3624 3996 λόγους
3651 3945 3782 3980 συν-

2190 4015 2428 4085 υφαίνει.
2460 4018 2779 4087 Προσφωνεῖ
2817 4018 2873 4072 δὲ
2901 4019 3164 4091 Θεοδώρῳ
3194 4019 3285 4071 τὸν
3311 4019 3467 4089 λόγον
3491 4062 3506 4087 ,
3540 4019 3599 4073 ὃν
3628 4020 3783 4087 ἀγα-

2191 4108 2363 4179 πητόν
2407 4125 2466 4161 τε
2494 4108 2589 4161 καὶ
2613 4108 2839 4178 ἀδελφὺν
2870 4110 3227 4181 ὑπαγορεύει.
3260 4112 3538 4182 Πεποίηκε
3589 4112 3649 4165 δὲ
3680 4114 3781 4164 καὶ

2195 4203 2389 4274 ἐτέρας
2422 4204 2553 4273 περὶ
2593 4204 2692 4273 τῆς
2739 4204 2914 4275 αὐτῆς
2962 4206 3271 4270 ὑποθέσεως
3307 4207 3571 4278 πρότερον
3602 4207 3651 4237 ⁸³
3692 4208 3780 4276 βί-

2196 4292 2355 4355 ϐλους
2376 4306 2393 4322 ⁸
2425 4292 2541 4345 ἀλλ’
2576 4291 2714 4364 αὓτη
2745 4294 3060 4367 πλατυτέρα
3103 4313 3163 4349 τε
3206 4297 3302 4350 καὶ
3334 4298 3735 4368 χρησιμωτάτη
3763 4340 3778 4360 ,

2193 4383 2269 4445 ὡς
2298 4384 2391 4435 ἐπὶ
2414 4382 2557 4454 [158
2588 4382 2693 4456 Η.]
2724 4384 2904 4457 λεπτῷ
2933 4387 3111 4441 πάντα
3137 4386 3205 4441 τὰ
3237 4387 3372 4456 πρὸς
3395 4388 3492 4458 τὴν
3518 4389 3781 4443 ὑπόθεσιν

2197 4476 2442 4545 χρήσιμα
2464 4475 2755 4540 διεξιοῦσα.
2786 4478 2921 4550 Περί
2947 4496 3008 4531 τε
3053 4479 3162 4552 γὰρ
3198 4480 3442 4551 βισέξτου
3462 4480 3507 4512 ⁸ο
3541 4481 3641 4534 καὶ
3678 4483 3782 4552 ἒμ-

508 4566 630 4635 gula
658 4565 988 4619 excutiendo
1008 4566 1242 4620 dilucide
1262 4566 1442 4619 tradit.
1465 4565 1539 4617 De
1555 4564 1833 4635 mensibus
1856 4563 2008 4628 item,
2038 4580 2067 4617 e

2199 4566 2424 4638 ϐολίμου
2453 4569 2619 4638 μηνὸς
2645 4571 2740 4623 καὶ
2765 4572 3019 4625 ὲπακτῶν
3048 4572 3201 4642 ἡλίου
3226 4574 3321 4627 καὶ
3342 4573 3597 4626 ὲπακτῶν
3621 4575 3782 4644 σελήο

509 4632 816 4722 ueomenia,
837 4667 893 4712 et
919 4656 1280 4722 hebdomade,
1305 4659 1533 4727 ejusque
1561 4632 1771 4720 diebus,
1796 4666 1849 4711 et
1867 4659 2073 4727 quinan

2194 4675 2293 4727 νης
2324 4632 2419 4712 καὶ
2453 4632 3104 4735 έννεακαιδεκαετηρὲδων
3148 4665 3241 4719 καὶ
3277 4666 3500 4736 μεθόδου
3526 4665 3630 4735 τῆς
3683 4632 3780 4719 εὑ.-

508 4765 830 4804 commuues
860 4750 987 4804 anni
1019 4751 1388 4819 appellantur,
1415 4751 1617 4820 quique
1643 4750 1906 4817 iuterjecti
1935 4750 2084 4804 anni.

513 4840 587 4895 De
621 4842 898 4896 curriculo
944 4852 1209 4910 praeterea
1244 4842 1377 4896 solis
1416 4851 1540 4897 octo
1575 4855 1630 4896 et
1680 4842 1867 4912 viginti
1920 4858 2088 4895 armo-

509 4949 649 4997 rum,
686 4943 739 4987 et
771 4934 1143 4989 novemdecim
1181 4950 1445 4989 annorum
1482 4935 1643 5001 lunae,
1671 4950 1733 4989 ac
1760 4944 1956 5003 quarto
1996 4938 2089 4987 de-

508 5026 651 5082 cimo
674 5028 918 5096 ejusdem
951 5028 1061 5083 die.
1096 5026 1333 5084 Rursum
1369 5029 1437 5083 de
1480 5028 1757 5082 mensibus
1810 5028 2089 5082 lunaribus

2199 4750 2402 4821 ρέσεως
2426 4752 2604 4806 αὐτῶν
2629 4754 2983 4825 λεπτομερῶς
3018 4758 3113 4810 καὶ
3158 4757 3343 4827 σαφῶς
3381 4758 3777 4829 διαλαμϐάνει,

2194 4846 2287 4897 καὶ
2310 4846 2439 4916 περὶ
2466 4848 2650 4918 μηνῶν
2681 4850 2774 4901 καὶ
2798 4851 3089 4921 νεομηνίας
3115 4853 3209 4905 καὶ
3234 4851 3523 4922 ἑϐδομάδος
3548 4851 3645 4904 καὶ
3666 4850 3779 4903 τῶν

2194 4937 2253 4989 ἐν
2292 4937 2431 5009 αὑτῇ
2480 4940 2707 5011 ἡμερῶν
2730 4980 2747 5005 ,
2775 4943 2921 5006 τίνες
2945 4960 3003 4996 τε
3036 4943 3288 4997 κύκλοιδι
3337 4945 3573 4997 ἐνιαυτοὶ
3606 4962 3781 5014 προσ-

2194 5034 2548 5106 αγορεύονται
2578 5038 2670 5090 καὶ
2701 5039 2844 5104 τίνες
2875 5040 3162 5112 ἐμϐόλιμοι
3194 5043 3425 5095 ἐνιαυτοὶ
3445 5083 3459 5108 ,
3491 5042 3619 5112 περί
3641 5058 3704 5094 τε
3730 5039 3779 5073 δ’

1808 5185 2041 5242 νΑΙῖΙᾹΞ]
2071 5187 2474 5250 LECTIONES.

605 5308 649 5339 ³⁵
684 5306 932 5372 σύντονος
962 5325 1022 5372 ς.
1071 5307 1148 5379 f‘
1182 5306 1325 5379 ἅπερ
1355 5305 1559 5375 ἔφαγεν
1589 5307 1727 5379 add.
1750 5308 1814 5361 Α.

1918 5308 1961 5382 ῗ⁷
1991 5309 2349 5382 ψηφηφορίαν
2386 5330 2445 5376 ς.

508 5393 632 5432 mox
671 5396 729 5431 τε
766 5379 891 5432 add.
921 5380 989 5432 Α.
1067 5376 1115 5409 ⁸⁸
1149 5376 1405 5449 βισέκτου
1436 5383 1501 5431 Α.
1590 5377 1633 5406 δι
1669 5378 1882 5451 κύκλιοι
1919 5376 2268 5450 Ιὲυιιιυιιιιιςξ,
2305 5382 2475 5437 κοινοί
2544 5376 2802 5452 Scaliger:
2880 5385 2923 5417 "’
2956 5376 3017 5438 τέ
3056 5376 3274 5440 ωιιιζΑ.

2544 5313 2587 5389 :9
2610 5316 2855 5389 περιέχει
2882 5316 3156 5389 ’νοήματα
3192 5331 3254 5389 ς.
3336 5314 3381 5344 ³⁸
3410 5318 3679 5389 πρότερον
3724 5328 3783 5371 (ιι

2028 5515 2259 5573 iVOT/E.

581 5628 695 5699 (77)
736 5628 1115 5692 Montanistas,
1135 5627 1484 5696 Novatianos,
1512 5629 1746 5685 Blasium
1774 5639 1827 5686 et
1854 5631 2080 5687 similes.

584 5699 712 5772 ‘78)_
726 5699 1393 5772 Τεσσαρεσκαιδεκατίτας
1414 5720 1428 5756 :
1448 5704 1535 5771 qui
1558 5717 1662 5755 non
1678 5703 1814 5757 Iunce
1842 5718 2080 5767 cursum,

510 5786 662 5823 more
690 5770 938 5836 Judaico,
979 5774 1072 5825 sed
1108 5773 1240 5825 solis
1269 5770 1654 5840 sequebantur,
1690 5783 1831 5828 texte
1854 5772 2075 5827 Sozom.

511 5841 606 5893 lib.
639 5856 735 5913 νιι,
790 5859 908 5911 cap.
953 5842 1156 5913 18,19,
1201 5855 1255 5896 et
1284 5859 1314 5898 a
1358 5841 1577 5899 Victore
1634 5843 1779 5913 Papa
1842 5844 2079 5897 damnati

510 5920 654 5969 sunt.
688 5912 969 5985 Legendus
1001 5913 1063 5971 υ.
1098 5912 1297 5971 Buron.
1351 5924 1481 5973 tom.
1532 5914 1597 5983 ιι,
1670 5912 1734 5972 ad
1791 5932 1918 5970 ann.
1950 5914 2078 5971 Chr.

2191 5634 2421 5769 lagae:
2427 5634 2775 5764 Ι;ἷ)11ἓριθοι“οι.
2808 5649 2973 5711 atque
3006 5640 3302 5712 Epiphan.,
3338 5639 3774 5710 Euseb.quoque

2260 5776 2385 5854 (79)_
2422 5778 3093 5854 Ἐννεακαιδᾲεκαετερίδων
3140 5801 3153 5854 ;
3204 5797 3431 5846 quarum
3486 5789 3768 5854 auctorem

2188 5845 2506 5923 Eusebiuru
2536 5850 2668 5906 facit
2720 5851 2777 5906 S.
2804 5845 3115 5921 Hieronym.
3139 5853 3191 5906 in
3223 5854 3525 5923 Hippolyto,
3576 5852 3666 5905 lib.
3698 5852 3777 5905 De

2188 5918 2370 5987 script.
2400 5920 2714 5991 ecclesiam,
2742 5934 2797 5980 et
2831 5918 3100 5994 Betim—De
3137 5918 3515 5993 temporacap.
3553 5923 3638 5976 42.
