3964 6402
142 460 230 524 393

1186 447 1712 512 BIBIJOTIIECA.
1752 476 1819 484 —
1852 450 2017 511 COD.
2056 450 2287 511 CXVII.

3266 448 3373 516 394

140 558 785 631 ὀκτωκαιεικοσαετηρίδος
804 560 958 631 ἡλίου
984 558 1084 613 καὶ
1105 559 1690 629 ὲννεακαιδεκατηρίου

1818 572 1856 612 ιε
1888 558 2179 622 solaribus,
2213 567 2267 611 et
2311 555 2599 611 neomenia
2628 556 2831 612 mensis
2860 571 2983 611 cum
3026 555 3230 612 lunaris
3260 569 3373 613 tum

142 663 383 731 σελήνης,
428 656 517 708 καὶ
560 655 660 725 τῆς
690 653 1298 723 τεσσαρεσκαιδεκάτης
1341 653 1546 721 αὐτῆς,
1598 651 1693 705 καὶ

1818 648 2009 711 μοιατίε,
2044 650 2136 716 qui
2178 646 2356 700 lunari
2388 646 2457 700 sit
2500 661 2619 715 par,
2652 648 2825 715 deque
2866 662 3053 703 mense
3082 659 3275 703 exacto
3309 664 3377 705 ac

140 752 252 821 περὶ
295 747 475 818 μηνῶν
541 744 879 815 σεληνιακῶν
921 745 1015 797 καὶ
1054 743 1238 814 μηνῶν
1281 743 1566 813 ἡλιακῶν,
1602 743 1695 794 κα¹ι

1818 752 1938 795 usto
1974 758 1988 795 :
2027 741 2093 796 de
2134 756 2402 795 annorum
2446 740 2683 810 denique
2724 741 2909 795 mundi
2959 744 3369 811 snpputatione.

138 839 405 911 νουμηνίας
438 837 755 906 σεληνιακοῦ
798 836 966 907 μηνὸς
988 836 1035 867 ⁸³
1077 837 1174 889 καὶ
1219 836 1476 904 ἡλιακοῦ,
1528 835 1696 906 μηνός

141 954 191 989 τε
217 930 409 1003 ὁμαλοῦ
441 932 538 1001 τῆς
571 931 801 1000 σελήνης
832 930 927 982 καὶ
957 929 1125 999 μηνὸς
1145 929 1407 999 άκριδοῦς
1427 971 1442 992 ,
1466 930 1558 981 καὶ
1594 930 1697 981 ἁπ-

142 1026 461 1099 αριθμήσεως
483 1021 591 1073 τῶν
616 1020 753 1073 ἐτῶν
772 1019 866 1073 τοῦ
885 1020 931 1051 ³⁸
947 1020 1175 1090 κόσμου.
1199 1020 1340 1088 Φησὶ
1361 1020 1417 1071 δὲ
1441 1011 1595 1081 οὗτος
1615 1017 1697 1071 ὅτι

142 1118 258 1172 κατὰ
286 1117 380 1186 μὲν
400 1114 526 1175 τοὺς
548 1111 741 1175 ἄλλους
766 1111 868 1181 τῆς
894 1110 1199 1183 παρουσίας
1223 1109 1391 1164 αὐτοῦ
1413 1111 1699 1173 ἐνιαυτοὺς

142 1211 166 1261 ὸ
195 1206 379 1275 Κύριος
411 1202 506 1254 καὶ
555 1201 689 1262 θεὸς
733 1199 891 1269 ἡμῶν
923 1201 951 1251 ὁ
980 1198 1215 1269 Χριστὸς
1262 1198 1322 1251 τὸ
1354 1195 1576 1265 νομικὸν
1602 1196 1701 1247 ἑπ-

148 1296 286 1351 ετέλει
311 1295 501 1360 Πάσχα
526 1331 541 1354 ,
574 1290 693 1345 καθ’
718 1289 777 1343 ὃν
805 1290 861 1342 δὲ
893 1290 1165 1360 παρεδόθη
1195 1287 1379 1341 οὐκέτι
1401 1304 1415 1318 ’
1448 1286 1546 1339 καὶ
1577 1301 1702 1337 σκοο

158 1391 254 1440 πεῖν
274 1386 394 1456 χρή.
437 1385 496 1436 Ὀ
525 1383 635 1453 γὰρ
664 1382 1051 1453 Χρυσόστομος
1081 1384 1174 1435 καὶ
1206 1384 1240 1452 ἡ
1286 1377 1583 1450 Ἐκκλησία
1608 1376 1704 1431 καὶ

147 1477 242 1529 τότε
269 1474 427 1542 φησὶν
460 1472 628 1526 αὐτὸν
658 1471 971 1525 ἐπιτελέσαι
1003 1472 1066 1524 τὸ
1096 1470 1320 1542 νομικὸν
1347 1468 1454 1540 πρὸ
1480 1466 1575 1521 τοῦ
1604 1484 1704 1538 μυ·

148 1567 302 1623 στικοῦ
334 1566 585 1619 δείπνου.

827 1651 972 1707 PIZ'.

155 1745 657 1815 ὙπὲρὨριγένους
690 1745 788 1798 καὶ
822 1744 941 1867 τεῶν
965 1742 1151 1797 αὑτοῦ
1172 1738 1504 1811 δογμάτων,
1532 1740 1703 1807 τόμοι

808 1830 847 1865 π
885 1830 1007 1867 ντε.

808 1830 1007 1868 πεντε.

1799 834 1989 890 Refert
2057 834 2199 889 idem
2255 836 2552 890 secundum
2611 835 2731 890 illos
2784 835 2922 893 alios
2977 835 3243 890 adventus
3294 836 3380 890 sni

1798 944 1992 996 annos,
2026 928 2304 984 Christum
2350 928 2639 983 Dominum
2686 943 2749 982 ac
2783 927 2951 982 Deum
2982 937 3229 983 nostrqu
3262 928 3383 996 lege

1800 1024 2173 1093 praescriptum
2218 1022 2426 1077 Pascha
2455 1022 2761 1077 celebrasse
2782 1059 2797 1086 ,
2831 1037 2939 1075 non
2985 1022 3116 1076 item
3157 1037 3244 1087 en,
3274 1036 3383 1090 quo

1800 1116 2075 1184 proditum
2127 1124 2232 1169 est.
2275 1113 2431 1180 Quod
2478 1114 2919 1170 consideratione
2962 1126 3096 1167 sane
3135 1112 3381 1181 dignum,

1802 1220 1925 1260 cum
1959 1206 2382 1276 Chrysostomus
2412 1212 2467 1259 et
2505 1202 2746 1259 Ecclesia
2784 1212 2909 1257 tunc
2945 1202 3121 1272 ipsum
3154 1202 3387 1255 doceant

1805 1292 2103 1364 legitimum
2149 1292 2357 1348 Pascha
2388 1290 2708 1361 perfecisse,
2754 1301 3044 1360 antequam
3100 1289 3385 1362 mysticum

1805 1386 2119 1441 institueret
2150 1401 2388 1441 uenam.

2496 1654 2701 1711 CXVII.

2496 1656 2582 1709 CX
2596 1656 2701 1711 VII.

1871 1746 2146 1816 Apologia:
2188 1746 2253 1801 de
2280 1745 2589 1817 0rigenc,ct
2610 1748 2725 1818 ejus
2750 1749 3087 1817 dogmatibus
3121 1746 3246 1801 libri
3270 1764 3323 1801 ν.

212 1907 543 1979 Ἀνεγνὼσθη
569 1906 773 1977 βιῦλίον
794 1907 935 1977 ὑπὲρ
966 1904 1277 1977 Ὠριγένους
1299 1903 1517 1958 καὶτῶν
1535 1900 1697 1955 αὐτοῦ

1874 1904 2129 1977 Legimus
2152 1904 2352 1958 librum
2383 1920 2479 1973 pro
2512 1901 2768 1972 Origene,
2798 1904 3021 1972 ejusque
3062 1901 3172 1956 Deo
3200 1903 3391 1958 invisis

148 2000 414 2068 θεοστυγῶν
428 2000 747 2070 δογμάτων,
762 2000 820 2051 έν
835 1999 1025 2069 τὸμοις
1044 2004 1105 2051 ε’.
1122 1996 1523 2066 Ἀνεπίγραφον
1536 1994 1593 2047 δὲ
1610 1994 1708 2063 τὴν

150 2094 414 2164 ὀνομασίαν
432 2094 707 2163 ἐτύγχανε
737 2091 831 2145 τοῦ
867 2090 1252 2159 συντεταχότος
1274 2130 1289 2153 ,
1315 2088 1414 2158 τὴν
1428 2087 1485 2140 δὲ
1508 2086 1709 2155 φράσιν

149 2185 243 2237 οὔτε
265 2184 423 2252 σαφὲς
453 2184 588 2237 οὔτε
621 2184 863 2255 καθαρὸν
885 2223 898 2247 ,
923 2180 1047 2235 οὔτε
1075 2185 1155 2243 εἰς
1187 2180 1317 2234 ἄλλο
1349 2196 1403 2232 τι
1433 2177 1709 2243 ἀξιόλογον

152 2277 425 2346 ἁνηγμένην
453 2277 509 2307 ⁸⁸
542 2275 687 2345 ἔχον.
734 2275 791 2327 '0
836 2275 892 2327 δὲ
926 2272 1019 2327 τοῦ
1049 2274 1483 2343 συγγράμματος
1526 2271 1711 2339 πατὴρ

158 2368 399 2436 μάρτυρας
430 2367 586 2437 ὑπὲρ
630 2365 941 2437 Ὠριγένους
965 2383 1025 2418 τε
1060 2366 1155 2417 καὶ
1186 2364 1294 2416 τῶν
1312 2360 1475 2415 αὐτοῦ
1506 2361 1711 2430 δογμά-

155 2476 234 2509 των
252 2457 528 2509 Διονύσιον
560 2455 887 2528 προκομίζει
912 2456 1004 2507 τὸν
1040 2452 1451 2523 Ἀλεξανδρείας
1472 2491 1487 2517 ,
1524 2452 1711 2519 Δημή-

152 2550 269 2619 τριόν
289 2565 343 2600 τε
368 2550 464 2600 καὶ
488 2547 610 2617 Κλή
621 2564 790 2617 μεντα
807 2548 903 2598 καὶ
925 2546 1145 2615 ἐτέρους
1172 2545 1388 2606 πλείους
1408 2557 1423 2572 ·
1454 2542 1653 2613 μᾶλλον
1666 2540 1712 2571 ⁵⁸

159 2641 202 2693 δὲ
221 2642 315 2693 τῶν
340 2641 527 2695 ἄλλων
555 2641 815 2693 ἁπάντων
846 2638 1116 2709 Παμφίλῳ
1148 2654 1207 2690 τε
1230 2636 1308 2706 τῷ
1341 2636 1577 2707 μάρτυρι
1610 2634 1714 2685 ὲπο

154 2735 372 2798 ερείδεται
402 2735 504 2787 καὶ
529 2732 608 2801 τῷ
639 2732 885 2799 Εὑσεϐίῳ
910 2773 924 2796 ,
949 2733 1006 2796 ὃς
1033 2732 1133 2800 τῆς
1168 2732 1309 2783 κατά
1341 2729 1707 2798 Παλαιστίνην

162 2826 461 2896 Καισαρείας
498 2824 901 2893 ὲπεσκόπησεν.
922 2822 1064 2895 [296
1084 2821 1191 2893 IL]
1220 2822 1285 2874 Ἡ
1308 2821 1363 2873 δὲ
1383 2821 1521 2891 ὑπὲρ
1548 2819 1713 2872 αὐτοῦ

152 2915 380 2982 ἀπολογία
410 2915 531 2967 οὐκ
560 2914 677 2966 ἔστι
722 2913 876 2976 λύσις
910 2912 1022 2965 τῶν
1070 2911 1465 2981 ἐπικλημάτων
1500 2910 1574 2974 ὡς
1624 2908 1717 2961 ἐπὶ

153 3008 367 3061 πλεῖστον
382 3008 425 3039 ⁵⁷
449 3047 465 3071 ,
504 3006 643 3059 ἀλλὰ
666 3003 967 3076 συνηγορία
998 3004 1099 3073 τῆς
1142 3003 1508 3073 κατηγορίας·
1543 2999 1717 3062 οὕτως

150 3098 236 3150 οὐδ’
263 3092 755 3166 οὖτοςάπήλλακτο
806 3094 916 3148 τῶν
945 3094 1155 3147 ἐκείνου
1199 3094 1535 3163 βλασφήμων
1551 3090 1717 3155 δοξῶν

152 3186 357 3251 τελείως.
394 3187 609 3257 Ψυχῶν
658 3203 719 3238 τε
758 3186 867 3256 γὰρ
919 3186 1266 3257 προΰπαρξιν
1322 3183 1709 3255 συνομολογεί,

153 3280 417 3349 Γμφικαίς
458 3280 564 3333 καὶ
625 3280 927 3348 Πατρικαῖς
978 3282 1203 3348 φωναῖς,
1255 3277 1332 3340 ῶς
1377 3278 1580 3342 οἴεται,
1624 3278 1715 3331 τὸν

154 3372 290 3444 λῆρον
304 3372 500 3426 τοῦτον
532 3372 973 3442 ὲπισυγκροτῶν,
994 3372 1088 3423 καὶ
1117 3371 1386 3440 σωμάτων
1412 3370 1586 3425 ἄλλων
1606 3373 1717 3424 εἱσ-

155 3471 251 3535 άγει
278 3468 574 3540 ἀνάληψιν.
605 3468 742 3537 Περὶ
774 3465 961 3536 μέντοι
987 3466 1087 3535 τῆς
1109 3468 1272 3535 ἁγίας
1301 3467 1532 3537 Τριάδος
1564 3467 1718 3519 οὐδὲν

155 3556 277 3625 οὗτος
304 3562 406 3613 τῶν
443 3558 813 3628 ἐσφαλμένων
856 3557 1027 3625 λέγει’
1069 3559 1202 3625 φησὶ
1234 3557 1291 3610 δὲ
1323 3558 1417 3610 καὶ
1453 3559 1581 3627 περὶ
1618 3554 1715 3609 τοῦ

164 3649 438 3718 Ὠριγένους
480 3647 657 3717 μηδὲν
691 3646 853 3699 αὑτὸν
890 3646 1032 3699 κατὰ
1073 3647 1229 3711 δόξαν
1274 3647 1539 3716 ἐσφάλθαι
1590 3648 1719 3717 περὶ

156 3744 231 3809 τῆς
256 3742 482 3812 Τριάδος
508 3782 529 3806 ,
556 3740 986 3809 άπιφερὸμενον
1012 3739 1068 3792 δὲ
1101 3743 1166 3810 τῇ
1194 3740 1401 3811 αἱρέσει
1426 3739 1718 3794 Σαδελλίου

158 3836 215 3895 εἰς
244 3834 375 3903 μέγα
399 3831 587 3886 κακοῦ
613 3832 828 3902 ὴρμένῃ
857 3832 977 3884 τότε
994 3872 1011 3896 ,
1037 3831 1131 3885 καὶ
1153 3832 1252 3901 τὴν
1282 3832 1391 3884 τῶν
1414 3831 1720 3901 προσώπων

161 3925 329 3994 Τριάδα
361 3927 785 3997 ἐναργεστάτην
813 3926 909 3978 καὶ
945 3925 1157 3988 πολλοῖς
1180 3924 1403 3995 τρόποις
1425 3925 1716 3997 διαφέρου-

159 4034 234 4070 σαν
283 4019 696 4087 ἀγωνιζόμενον
747 4017 1134 4087 παραστῆσαι,
1174 4016 1317 4087 πέρα
1353 4016 1447 4069 τοῦ
1474 4015 1519 4047 ⁸⁸
1549 4033 1721 4087 προσ-

157 4113 345 4176 ήκοντος
375 4113 473 4164 καὶ
512 4112 595 4172 εἰς
627 4108 941 4163 τούναντίον
969 4108 1374 4179 ἀπενεχθῆναι,
1402 4109 1459 4176 ἐξ
1488 4102 1549 4162 οὗ
1570 4110 1719 4173 δόξαι

156 4203 231 4255 καὶ
273 4205 347 4275 τῷ
415 4204 699 4274 ’Δρειανῷ
765 4202 1163 4273 ἀρῤωστήματι
1222 4200 1717 4270 προεαλωκέναιδν.

169 4292 314 4364 ’Υπὲρ
346 4295 543 4365 μέντοι
590 4309 656 4361 γε
697 4292 806 4345 τῶν
833 4292 1009 4346 ἄλλων
1043 4290 1208 4344 αὐτοῦ
1248 4291 1553 4361 δογμάτων,
1575 4293 1721 4356 ὅσοις

158 4385 270 4453 μήτε
313 4382 832 4452 συγκαταθέσθαι⁸⁰
877 4382 971 4436 τοῦ
1010 4381 1231 4454 θαρρεῖν
1287 4384 1558 4453 πρόφασιν
1608 4382 1721 4454 ἔχει

161 4473 273 4541 μήτε
298 4475 395 4545 τὴν
432 4474 851 4546 προειρημένην
890 4472 1068 4527 αἰτίαν
1118 4472 1449 4543 πορίσασθαι
1496 4474 1722 4528 δυνατὸν

1812 1999 2175 2068 dogmatibus.
2206 1997 2383 2052 Libris
2431 1998 2671 2066 quinque
2704 2011 2841 2065 opus
2883 1996 3202 2059 absolvitur,
3250 1996 3391 2065 quod

1813 2106 1913 2144 nec
1944 2091 2232 2159 scriptoris
2259 2105 2453 2143 nomen
2484 2088 2537 2142 in
2568 2087 2722 2141 titulo
2752 2088 2991 2141 exhibet.
3020 2088 3193 2143 Dictio
3224 2104 3397 2157 neque

1813 2181 1963 2235 clara
2008 2190 2111 2244 est,
2138 2196 2311 2248 neque
2350 2197 2506 2249 pura,
2544 2194 2642 2233 nec
2688 2178 3011 2232 laudandum
3048 2178 3176 2248 quid
3205 2179 3399 2245 praele-

1815 2288 1960 2328 rens.
1990 2274 2240 2343 Scriptor
2264 2285 2445 2325 autem
2472 2274 2584 2341 ipse
2616 2287 2711 2340 pro
2741 2272 2977 2341 Origene
3007 2271 3233 2339 ejusque
3280 2287 3399 2325 sen-

1815 2366 2000 2419 tentiis
2034 2364 2132 2418 hos
2158 2364 2273 2417 fere
2305 2374 2475 2417 testes
2505 2362 2707 2423 laudat,
2736 2360 3051 2431 Dionysium
3077 2358 3399 2412 Alexandri-

1816 2472 1968 2523 num,
2006 2455 2337 2510 Demetrium
2364 2468 2579 2523 quoque
2611 2464 2666 2507 et
2696 2452 3030 2506 Clementem
3064 2451 3199 2522 (80),
3236 2451 3401 2523 alios-

1816 2565 1921 2617 que
1964 2550 2248 2620 plurimos.
2290 2546 2409 2601 Prze
2442 2548 2655 2601 caeteris
2681 2562 2812 2601 vero
2838 2545 3125 2615 Pamphilo
3174 2542 3397 2614 martyri

1818 2638 2089 2704 innititur,
2150 2648 2314 2707 atque
2359 2638 2590 2692 Eusebio
2631 2638 2895 2692 CzeSurete
2940 2637 3241 2692 Palmstiuze
3284 2639 3402 2706 epi-

1823 2748 2013 2803 scopo.
2052 2732 2324 2787 Caeterum
2376 2732 2488 2785 haec
2521 2732 2783 2799 Apologia
2828 2747 2933 2784 non
2989 2730 3186 2784 solutio
3232 2742 3313 2784 est
3344 2739 3403 2785 ut

1818 2827 2108 2895 plurimum
2144 2840 2333 2879 eorum
2379 2841 2500 2891 qua}
2543 2823 2761 2892 Origeni
2795 2823 3153 2893 objiciuntur.
3188 2824 3281 2877 sed
3311 2838 3404 2877 ac-

1818 2918 2117 2973 Cnsationis
2149 2918 2328 2987 potius
2381 2915 2716 2982 astipulatio.
2763 2914 2909 2969 Adeo
2944 2916 3030 2969 hic
3065 2930 3094 2967 a
3144 2914 3403 2983 blasphe-

1820 3008 1925 3061 mis
1953 3008 2097 3063 illius
2124 3008 2471 3077 Opinionibus
2500 3008 2639 3061 liber
2679 3009 2903 3062 omnino
2937 3022 3043 3060 non
3086 3014 3189 3060 est.
3217 3006 3404 3076 Itaque

1820 3109 1875 3153 et
1921 3101 2130 3153 animas
2189 3110 2317 3153 ante
2376 3114 2605 3168 corpora
2649 3098 2921 3153 exsistere
2971 3095 3191 3164 fatetur,
3230 3112 3403 3152 sacra:

1820 3207 2040 3262 quoque
2089 3192 2387 3259 Scriptura:
2432 3208 2496 3247 ac
2526 3201 2837 3247 sanctorum
2889 3190 3109 3244 Patrum
3154 3192 3402 3244 testimo-

1820 3286 1925 3339 niis
1960 3284 2025 3337 ad
2066 3284 2212 3337 hunc
2251 3298 2495 3337 errorem
2554 3282 2957 3348 stabiliendum,
2994 3294 3051 3337 ut
3099 3293 3271 3351 putat,
3307 3283 3405 3338 ad-

1820 3374 2007 3429 hibitis
2041 3387 2056 3426 :
2096 3382 2152 3427 et
2182 3388 2471 3443 corporum
2508 3388 2723 3442 quoque
2774 3374 2939 3427 aliam
2995 3374 3146 3444 lingit
3191 3392 3407 3431 regum-

1820 3468 2081 3537 ptionem.
2132 3464 2334 3520 Verum
2396 3470 2463 3521 de
2514 3478 2699 3521 sancta
2756 3466 3024 3524 Triuitate
3077 3468 3221 3538 92a
3272 3469 3408 3523 nihil

1819 3571 2125 3614 erratoruut
2172 3558 2350 3613 alIert.
2376 3558 2516 3625 Quin
2566 3560 2729 3614 etiam
2790 3560 2893 3613 hoc
2948 3562 3147 3614 asserit
3186 3563 3251 3613 de
3280 3560 3407 3615 Ori-

1828 3668 1987 3720 geue,
2024 3652 2160 3706 nihil
2198 3668 2344 3716 eum,
2369 3651 2512 3720 quod
2549 3652 2767 3721 quidem
2800 3652 2866 3707 ad
2900 3653 3092 3719 dogma
3124 3656 3189 3708 de
3217 3652 3405 3709 Trini-

1822 3754 1935 3799 tate
1961 3746 2177 3807 attinet,
2210 3759 2427 3799 errasse
2460 3758 2476 3797 :
2521 3755 2852 3814 pugnantem
2898 3754 3106 3799 tantum
3136 3762 3259 3800 cum
3302 3747 3407 3800 Sa-

1824 3835 1971 3889 bellii
2004 3834 2118 3905 (81)
2152 3835 2373 3898 haeresi,
2407 3834 2563 3903 cujus
2600 3846 2711 3887 tum
2746 3833 3067 3902 improbitas
3087 3824 3411 3904 magnopere

1822 3943 1943 3981 sese
1970 3926 2253 3990 ell'erebat,
2277 3936 2332 3981 et
2361 3941 2718 3991 personarum
2756 3904 3035 3992 Triadeni,
3060 3928 3408 3983 ntanilcstam

1824 4017 2061 4071 maxime
2102 4017 2399 4085 multisque
2442 4016 2619 4070 modis
2646 4015 3010 4079 dill'erentem,
3037 4017 3413 4071 demonstrare

1822 4118 2134 4172 conantem,
2157 4123 2184 4159 a
2222 4116 2369 4161 recto
2392 4115 2555 4177 atque
2583 4105 2761 4161 olIicio
2792 4105 2955 4159 etiam
2984 4106 3035 4159 in
3072 4106 3409 4161 contrariam

1821 4210 2031 4269 partem
2085 4202 2371 4269 abreptqu
2414 4198 2584 4253 fuisse
2636 4200 2934 4253 videretur.
2968 4198 3262 4253 Enimvero
3313 4215 3412 4269 pro

1824 4294 1946 4347 aliis
1974 4292 2093 4363 ejus
2120 4292 2485 4362 dogmatibus,
2522 4290 2722 4361 quibus
2772 4308 2949 4360 neque
2991 4292 3125 4347 satis
3168 4293 3413 4362 speciose

1826 4384 2087 4439 assentiri
2122 4382 2306 4449 audet,
2335 4399 2511 4454 neque
2545 4394 2703 4453 putat
2734 4399 2893 4453 posse
2921 4386 3234 4457 praedictam
3280 4402 3415 4441 cau-

1826 4492 1943 4530 sam
1980 4476 2183 4545 aptari,
2217 4490 2314 4545 pro
2354 4475 2685 4544 hujnsmodi,
2742 4477 2987 4545 inquam,
3043 4478 3411 4546 dogmatibus,

155 4553 262 4628 οἶδε,
294 4568 502 4637 πολλὴν
534 4568 745 4632 εἰσάγει
772 4566 1010 4633 σπουδὴν
1032 4566 1330 4635 ἀποφῆναι,
1354 4567 1387 4637 ἢ
1416 4569 1713 4637 γυμνασίας

1835 4568 2058 4622 multam
2091 4566 2311 4620 adhibet
2356 4582 2602 4637 operam,
2633 4578 2693 4622 ut
2725 4568 3082 4636 demonstret,
3130 4567 3212 4622 vel
3253 4584 3413 4624 exer-

159 4658 279 4725 αὓτῷ
311 4663 479 4729 χάριν
524 4659 803 4728 εἰρῆσθαι,
839 4657 873 4729 ἢ
910 4657 1016 4711 ὑπό
1049 4674 1213 4709 τινων
1258 4658 1589 4728 ἑτεροδόξων
1613 4662 1727 4723 τοῖς

1830 4659 2109 4713 citationis
2133 4660 2396 4713 duntaxat
2421 4675 2585 4714 causa
2616 4663 2728 4716 haec
2763 4664 2830 4715 ab
2864 4677 2930 4716 eo
2963 4675 3085 4715 esse
3130 4660 3295 4724 dicta,
3329 4661 3414 4715 vel

158 4750 296 4803 αὑτοῦ
348 4751 761 4820 συγγράμμασι
802 4749 1311 4820 παρεμϐεϐλῆσθαι.
1350 4750 1461 4802 Καὶ
1496 4751 1713 4822 προάγει

1824 4760 1976 4805 certe
2010 4750 2078 4805 ab
2121 4751 2267 4817 aliis,
2293 4752 2383 4820 qui
2441 4752 2654 4806 diversa
2696 4755 2989 4815 sentirent,
3034 4751 3151 4821 ejus
3196 4754 3415 4821 scriptis

160 4842 236 4893 καὶ
279 4842 440 4895 αὑτὸν
474 4844 687 4894 ἐκεῖνον
718 4840 880 4894 τοῦτο
910 4841 1120 4912 βοῶντα
1150 4841 1247 4894 καὶ
1291 4840 1689 4913 διατεινόμενον
1709 4859 1724 4873 ·

160 4936 380 5004 φωρᾶσαι
410 4934 531 5003 γάρ
557 4935 722 4989 αὐτόν
754 4952 887 5004 φησι
919 4937 1015 4987 καὶ
1043 4933 1124 4986 ἔτι
1156 4934 1335 4997 ζῶντα
1368 4934 1572 5005 ταύτην
1605 4937 1725 4989 κατ’

162 5025 295 5076 αὑτοῦ
327 5027 429 5096 τὴν
483 5026 859 5097 ῥᾳδιουργίαν.
900 5026 1059 5077 Ἔστι
1107 5024 1161 5077 δὲ
1188 5065 1205 5089 ,
1250 5023 1287 5078 ἃ
1336 5024 1486 5092 λέγει
1544 5025 1722 5097 μάτην

160 5115 293 5169 αὑτοῦ
352 5116 812 5188 κατηγορηθὶψαι
842 5154 857 5176 ,
933 5116 1208 5184 κεφάλαια
1279 5117 1675 5169 πεντεκαίδεκα
1708 5158 1724 5181 ,

164 5204 377 5276 [15911.
413 5210 433 5283 ]
480 5212 641 5264 ἅτινα
681 5209 780 5262 καὶ
830 5208 1096 5277 διελέγχει
1150 5206 1401 5270 διαϐολάς
1454 5201 1629 5269 εἶναι,
1660 5210 1726 5262 ἐκ

1827 4844 2033 4898 inserta
2059 4841 2249 4899 fuisse.
2290 4842 2506 4899 Testem
2533 4844 2692 4914 hujus
2724 4846 2910 4899 laudat
2938 4860 3059 4899 eum
3093 4847 3266 4915 ipsum
3301 4845 3413 4915 (82)

1825 4933 1928 4990 hoc
1946 4934 2270 4990 clamantem
2307 4946 2470 5004 atque
2504 4938 2954 5000 contendentem,
2987 4953 3111 4992 cum
3142 4937 3413 4992 viventem

1830 5025 2134 5079 etiamnum
2167 5027 2341 5096 ipsum
2377 5028 2539 5083 talem
2567 5029 2994 5099 deprehendisse
3024 5028 3293 5083 fallaciam
3330 5044 3412 5082 re-

1834 5118 1960 5175 fert.
1992 5120 2114 5191 Ipsa
2148 5122 2271 5176 dein
2300 5124 2499 5193 capita,
2534 5124 2604 5179 ob
2641 5140 2761 5194 quae
2795 5125 2935 5180 falso
2966 5125 3115 5181 illum
3166 5128 3410 5181 accusari

1834 5202 2054 5269 asserit.
2086 5216 2395 5285 quindecim
2437 5218 2489 5271 in
2523 5218 2835 5272 universum
2869 5229 3157 5285 numerat;
3194 5220 3416 5275 eadem-

1419 5343 1659 5399 VARIIE
1700 5346 2115 5407 LECTIONES.

163 5507 175 5523 ἢ
214 5441 253 5523 ιι
282 5443 608 5523 σεληνιακοῦ
647 5439 1199 5523 μηῄςὶσεληνλιακῆς
1220 5441 1291 5494 Α.
1365 5440 1617 5523 “fciet
1653 5443 1787 5523 infra
1817 5446 1918 5523 xui
1938 5458 2053 5513 post
2092 5450 2275 5523 Ἱιξκκλ.
2305 5451 2429 5503 add.
2460 5452 2504 5503 Δ
2578 5452 2624 5483 ⁸⁸
2654 5451 3032 5523 ἀνενηγμένην
3062 5470 3123 5517 ς.
3170 5452 3247 5523 7“
3279 5451 3419 5522 μᾶλ-

164 5511 251 5587 λον]
287 5511 528 5585 μάλιστα
552 5518 623 5568 Δ.
649 5511 661 5514 ⁷
696 5514 743 5548 δ’
771 5511 866 5566 ἐπὶ
893 5512 958 5565 τὸ
986 5512 1239 5565 πλεῖστον
1268 5529 1331 5575 ς’.
1407 5511 1455 5542 ⁸⁸
1481 5512 1629 5584 πέρα
1649 5515 1693 5569 Α
1726 5533 1739 5569 :
1774 5511 2024 5587 παράής.
2102 5520 2146 5550 ⁵⁸
2177 5520 2479 5575 ἑαλωκέναι
2512 5539 2573 5586 ς.
2652 5523 2698 5554 ⁵⁸
2730 5511 3271 5590 ιὶιιὶῗσυγκαθέσθαι.

1659 5656 1893 5715 ΝΟΤΑξ..

218 5771 318 5844 (80)
350 5772 660 5844 Utrumque
687 5773 851 5827 etiam
875 5773 1327 5830 Alexandrinum.

217 5843 319 5915 (_8l)
356 5846 492 5910 Quae
544 5843 903 5915 personarum
944 5846 999 5899 in
1027 5844 1297 5901 Triuitate
1324 5857 1611 5901 numerum
1656 5858 1723 5899 ac

161 5910 503 5971 dillereutiam
523 5910 917 5970 confundebat.

425 6008 698 6071 Pareat.
737 6009 853 6069 Gn.
888 6010 1045 6076 CIII.

1829 5776 2016 5902 l1:33)
2064 5777 2303 5851 Epistola
2354 5793 2518 5852 quam
2570 5777 2731 5835 all'ert
2778 5776 2843 5833 Β.
2906 5775 3133 5833 Hieron.
3186 5771 3410 5842 Apolog.

1855 5865 1864 5900 l
1912 5888 1925 5902 .
1958 5865 2018 5903 ιι.

2906 5970 3079 6060 Δ13
