3964 6450
486 457 591 517 395

1658 454 1926 515 PHOTII
1965 456 2241 516 PATRIA
2251 451 2477 513 RCH/E
2514 451 2626 511 ΟΡ.

3665 449 3767 513 396

484 580 592 636 que
643 580 823 621 meras
872 579 996 621 esse
1015 565 1353 633 .calumnias,
1403 581 1469 621 ex
1532 566 1812 636 ipsiusmet
1851 565 2072 635 scriptis

2184 563 2286 616 τῶν
2330 560 2498 615 αὐτοῦ
2533 560 2743 613 ἐκείνου
2792 556 3249 628 συγγραμμάτων
3279 556 3601 627 ποιούμενος
3638 562 3764 622 τοὺς

486 659 663 712 allatis
691 659 1050 727 argumentis,
1087 658 1227 713 lihro
1260 668 1458 728 quarto
1492 658 1770 713 convincit
1805 674 1819 711 :
1856 658 1921 710 ad
1951 670 2071 723 qua:

486 750 612 802 item
646 747 941 803 refellenda
980 748 1070 803 ubi
1103 751 1168 804 ad
1200 752 1449 819 quintum
1475 751 1621 803 venit
1658 749 1878 810 librum,
1906 759 2071 803 caete-

377 874 381 880 ~
486 855 668 893 rerum
705 855 921 909 quoque
952 856 1048 910 pro
1075 841 1194 911 ipso
1234 843 1392 896 alfert
1428 842 1760 896 testimonia.
1792 840 1908 908 Ipsa
1939 855 2070 894 vero

485 932 664 999 capita
698 932 812 985 haec
848 942 1006 986 sunt:
1035 936 1183 986 aiunt
1206 934 1353 986 illum
1385 934 1578 988 docere
1606 950 1619 985 :
1646 934 1698 987 1.
1729 932 1925 987 Filium
1963 946 2068 985 non

486 1035 610 1076 esse
650 1023 1036 1077 invocandnm.
1088 1023 1144 1078 2.
1188 1023 1375 1091 Neque
1426 1039 1546 1077 esse
1595 1024 1771 1092 ipsum
1825 1023 2071 1078 absolute

488 1114 711 1167 bonum.
776 1116 831 1168 5.
867 1114 1052 1182 Neque
1088 1114 1300 1169 Patrem
1331 1129 1681 1183 c0gnoscere,
1706 1124 1765 1167 ut
1802 1116 2065 1183 seipsum.

486 1204 543 1259 1.
572 1204 888 1261 Rationales
912 1215 1131 1259 naturas
1163 1206 1216 1259 in
1249 1206 1536 1261 brutorum
1570 1220 1800 1275 corpora
1836 1207 2067 1274 ingredi.

489 1296 543 1350 5.
574 1297 710 1350 Esse
736 1296 788 1349 in
817 1296 1060 1351 diversas
1086 1311 1372 1365 corporum
1415 1298 1625 1365 species
1652 1298 2061 1367 migrationem.

487 1387 541 1442 6.
579 1388 780 1442 Christi
842 1387 1145 1442 Servatoris
1209 1389 1449 1443 animam
1514 1405 1620 1444 non
1682 1390 1843 1444 aliam
1905 1406 2069 1462 quam

488 1480 779 1547 ipsiusmet
827 1479 1018 1532 Adami
1056 1471 1241 1534 fuisse.
1290 1481 1342 1534 7.
1386 1480 1502 1534 Non
1535 1496 1656 1535 esse
1691 1496 1909 1550 pinnam
1940 1482 2074 1535 deli-

488 1579 701 1623 ctorum
740 1569 1153 1636 sempiternam.
1180 1570 1233 1624 8.
1265 1569 1449 1636 Neque
1486 1570 1670 1624 carnis
1714 1571 2075 1625 resurrectio—

487 1659 925 1715 nem.9.Adha:c
944 1658 1179 1724 magiam
1218 1659 1411 1713 malam
1446 1675 1554 1714 non
1590 1676 1729 1717 esse.
1759 1660 1847 1718 10.
1882 1660 2077 1715 Astro-

489 1749 724 1803 nomiam
784 1764 972 1803 eorum
1022 1764 1142 1816 quae
1198 1750 1331 1803 liunt
1372 1765 1591 1805 causam
1627 1766 1767 1806 esse.
1829 1753 1913 1805 11.
1954 1749 2075 1807 Uni-

495 1842 739 1910 genitum
791 1852 1055 1910 prmterca
1126 1858 1351 1911 regnum
1407 1844 1613 1897 nullmn
1665 1844 1933 1898 obtinere.
1984 1844 2073 1897 12.

2174 656 2433 724 ἐλέγχους
2463 656 2521 705 ὲν
2550 652 2628 723 τῷ
2655 651 2902 722 τετάρτῳ
2935 650 3089 720 τόμῳ
3106 688 3121 711 ,
3145 648 3288 702 κατὰ
3318 648 3373 702 δὲ
3397 649 3490 702 τὸν
3513 650 3766 718 πέμπτον

2172 748 2471 816 γενόμενος
2504 745 2600 799 καὶ
2630 746 2833 816 ἐτέρων
2863 742 3005 812 ὑπὲρ
3033 740 3199 795 αὑτοῦ
3231 741 3562 813 μαρτυρίαις
3591 745 3767 813 ἀπορ-

2174 841 2427 913 ῥαπίζων
2457 841 2653 894 ταῦτα.
2688 840 2769 891 Td
2800 838 2856 890 δὲ
2897 835 3170 904 κεφάλαιά
3196 837 3313 888 ἐστι
3354 836 3524 887 ταῦτα
3555 853 3571 867 ο
3599 835 3768 887 Φασὶν

2172 936 2335 990 αὐτὸν
2368 932 2775 1005 παραγγέλλειν
2802 932 2877 1002 μὴ
2908 928 3312 1001 προσεύχεσθαι
3330 928 3373 959 ’ί
3398 928 3475 997 τῷ
3504 926 3621 996 Tit?)
3642 967 3655 987 ,
3676 928 3771 979 καὶ

2176 1026 2253 1098 μὴ
2276 1025 2414 1080 εἶναι
2435 1026 2599 1078 αὑτὸν
2630 1022 3057 1090 ἁπλῶςοάγαθὸν
3077 1064 3091 1087 ,
3118 1020 3214 1074 καὶ
3248 1020 3323 1089 μὴ
3364 1016 3659 1086 γινώσκειν
3679 1016 3772 1068 τὸν

2175 1118 2397 1189 Πατέρα
2428 1117 2504 1180 ὡς
2557 1116 2719 1169 αὑτὸν
2752 1114 2980 1179 ἑαυτὸν,
3012 1114 3107 1166 καὶ
3154 1112 3255 1174 τὰς
3302 1108 3530 1177 λογικὰς
3575 1108 3772 1178 φύσεις

2173 1215 2253 1275 εἰς
2289 1212 2501 1280 ἀλόγων
2534 1207 2909 1279 είσκρίνεσθαι
2962 1204 3220 1273 σώματα,
3257 1205 3353 1255 καὶ
3382 1197 3527 1255 εἶναι
3582 1215 3774 1268 μετεν-

2176 1304 2531 1373 σωμάτωσιν,
2552 1302 2647 1355 καὶ
2662 1302 2743 1354 ὅτι
2768 1301 2800 1369 ἡ
2827 1298 2921 1352 τοῦ
2947 1299 3201 1369 Σωτῆρος
3230 1295 3377 1366 ψυχὴ
3399 1297 3432 1365 ὴ
3461 1294 3558 1347 τοῦ
3594 1292 3771 1361 Ἀδάμ

2172 1392 2275 1467 ἦν,
2310 1396 2403 1448 καὶ
2432 1397 2515 1449 ὅτι
2561 1395 2663 1448 οὐκ
2714 1394 2861 1446 ἐστιν
2897 1391 3116 1454 αἰώνιος
3154 1388 3379 1449 κόλασις
3408 1386 3530 1439 οὐδὲ
3566 1384 3775 1455 σαρκὸς

2175 1489 2474 1550 ἀνάστασις
2499 1528 2514 1553 ,
2568 1487 2664 1540 καὶ
2694 1487 2776 1539 ὃτι
2820 1485 2882 1539 οὗ
2936 1484 3107 1537 κακὸν
3141 1483 3175 1552 ἡ
3214 1479 3473 1551 μαγεία³¹
3496 1522 3509 1544 ,
3543 1479 3640 1530 καὶ
3692 1478 3774 1529 ὅτι

2176 1582 2441 1651 ποιητικὴ
2498 1580 2608 1633 τῶν
2642 1580 3039 1649 πραττομένων
3068 1577 3102 1641 ή
3150 1572 3484 1644 ἀστρονομία
3506 1610 3521 1633 ,
3563 1568 3660 1622 καὶ
3693 1568 3777 1621 ὅτι

2178 1672 2419 1727 παύεται
2445 1673 2473 1724 6
2494 1668 2812 1739 Μονογενὴς
2840 1668 2941 1736 τῆς
2969 1662 3381 1736 βασιλείας,καὶ
3409 1662 3489 1713 ὃτι
3512 1661 3574 1711 ὲκ
3602 1674 3779 1710 κατα·

2178 1762 2443 1825 πτώσεως
2491 1755 2658 1830 ἦλθον
2686 1759 2737 1812 οί
2770 1758 2916 1825 ἂγιοι
2949 1756 3029 1818 είς
3055 1753 3146 1806 τὸν
3193 1752 3420 1819 κόσμον,
3458 1747 3574 1801 ἀλλ’
3614 1747 3679 1798 οὐ
3711 1745 3777 1798 δι’

2179 1855 2383 1924 ἐτέρων
2417 1850 2722 1921 θεραπείαν
2748 1890 2762 1912 ,
2794 1849 2892 1901 καὶ
2920 1847 3000 1899 δτι
3029 1846 3056 1899 6
3086 1842 3276 1912 Πατὴρ
3307 1842 3405 1893 καὶ
3427 1839 3506 1908 τῷ
3536 1835 3654 1905 Υίῷ
3684 1835 3781 1890 ἀό-

491 1935 723 1989 Sanctos
769 1933 1037 2007 [angelos]
1088 1935 1335 2003 delapsos
1402 1935 1454 1988 iu
1510 1936 1767 1989 mundum
1840 1936 2072 2001 venisse,

2184 1962 2344 2016 ρατος
2364 1984 2379 2007 ,
2404 1942 2505 1997 καὶ
2535 1943 2617 1995 ὅτι
2650 1941 2719 1993 τά
2748 1936 3028 2008 Χερουϐὶμ
3058 1935 3296 1989 ἐπίνοιαι
3322 1928 3418 1984 τοῦ
3450 1926 3583 2016 Tim?
3609 1928 3778 1985 εἰσιν,

489 2041 594 2077 non
631 2025 696 2079 ad
732 2026 963 2079 aliorum
1000 2027 1347 2094 obsequium.
1383 2027 1466 2080 15.
1498 2026 1662 2081 Deum
1697 2025 1910 2081 Patrem
1943 2044 2011 2081 ne
2041 2044 2070 2080 a

490 2118 631 2172 Filio
660 2120 878 2187 quidem
914 2118 1089 2172 videri
1138 2133 1317 2187 posse.
1353 2119 1441 2172 M.
1475 2118 1769 2172 Cherubim
1801 2118 1920 2172 Filii
1953 2134 2076 2174 esse

490 2211 734 2280 COgnita.
778 2211 869 2265 I5.
904 2212 1165 2275 Rursum,
1214 2210 1357 2278 quod
1409 2210 1500 2262 Dei
1549 2210 1749 2278 imago,
1798 2210 1963 2263 relata
2008 2210 2073 2263 ad

490 2302 639 2355 illum
673 2301 832 2370 cujus
867 2311 951 2355 est
984 2303 1181 2371 imago,
1215 2312 1487 2370 quatenus
1523 2312 1606 2354 est
1642 2301 1843 2369 imago,
1875 2303 2074 2356 veritas

494 2409 600 2447 non
637 2404 739 2447 cst.
768 2394 893 2447 Ilaec
930 2394 1041 2449 fere
1082 2394 1324 2463 depellit,
1362 2394 1439 2447 uti
1470 2393 1727 2459 diximus,
1761 2395 1915 2462 quasi
1942 2394 2078 2449 falso

492 2484 715 2555 Origeni
762 2486 997 2554 objecta,
1052 2485 1311 2554 omnique
1350 2502 1452 2554 ope
1498 2485 1927 2539 ecclesiasticum
1957 2500 2080 2539 esse

491 2576 669 2628 virum
722 2584 777 2628 et
840 2576 1206 2629 orthodoxum
1250 2577 1539 2630 ostendere
1588 2577 1798 2630 nititur.
1844 2578 1915 2629 At
1947 2591 2079 2638 non,

492 2668 634 2721 bone
662 2667 765 2731 vir,
788 2667 830 2719 si
852 2667 974 2734 quis
1007 2679 1264 2721 ostensus
1295 2677 1379 2722 est
1410 2667 1551 2721 haud
1575 2668 1828 2721 omnibus
1857 2668 2081 2721 omnino

493 2759 672 2811 modis
714 2757 917 2824 impius
944 2772 1088 2819 esse,
1113 2772 1235 2810 mox
1271 2758 1436 2812 etiam
1464 2758 1519 2811 in
1549 2758 1746 2827 quibus
1779 2756 2081 2812 manifestae

492 2850 845 2918 blasphemiae
880 2858 1116 2915 tenetur,
1150 2864 1367 2917 pmnam
1400 2847 1637 2920 eﬁ'ugiet.

1170 2936 1403 2992 CXVIII.

531 3034 799 3107 Pamphili
823 3032 1094 3107 martyris,
1123 3030 1281 3107 simul
1305 3039 1361 3107 et
1388 3029 1623 3107 Eusebii,
1651 3028 1920 3098 Apologia?
1953 3042 2044 3089 pro

1049 3102 1277 3171 Origene
1305 3101 1427 3152 libri
1450 3116 1525 3155 tv.

562 3199 711 3254 Lecti
759 3206 886 3252 sunt
923 3194 1190 3263 Pamphili
1243 3194 1519 3262 martyris,
1569 3200 1625 3246 et
1675 3190 1818 3261 92b
1868 3189 2083 3243 Eusebii

493 3310 588 3363 pro
618 3292 841 3362 Origene
866 3289 987 3344 libri
1017 3303 1111 3341 sex
1138 3305 1152 3341 :
1185 3302 1416 3354 quorum
1445 3287 1681 3354 quinque
1708 3294 1834 3337 sunt
1862 3299 1891 3335 a
1924 3282 2084 3336 Pam-
2112 3269 2156 3328 C

494 3386 644 3455 philo
684 3385 737 3438 in
780 3396 1002 3437 carcere
1039 3380 1171 3448 (83),
1207 3387 1474 3448 prtesente
1494 3379 1657 3431 etiam
1690 3374 1945 3440 Eusebio,
1974 3374 2085 3428 ela-

498 3476 710 3532 borati:
746 3483 932 3529 sextus
963 3488 1113 3537 vero,
1153 3482 1442 3540 postquam
1497 3470 1611 3539 jam
1659 3480 1867 3539 martyr
1936 3468 2086 3522 ferro

497 3569 743 3639 privatus
779 3567 908 3629 vita,
957 3566 1022 3631 ad
1068 3566 1227 3617 unice
1269 3562 1640 3616 desideratum
1676 3560 1844 3613 Deum
1882 3559 2085 3628 migra-

499 3675 603 3729 rat,
646 3664 713 3716 ah
739 3662 973 3717 Eusebio
1021 3670 1105 3714 est
1146 3658 1446 3712 absolutus.
1484 3657 1802 3723 Quanquam
1832 3653 1921 3706 alii
1949 3667 2089 3721 quo-

498 3775 604 3828 que
650 3756 872 3826 plurimi
923 3769 986 3807 eo
1035 3754 1152 3822 ipso
1199 3762 1439 3821 tempore
1490 3750 1667 3819 magni
1721 3748 1953 3801 nominis
1986 3744 2087 3798 viri

502 3849 767 3919 apologiis
865 3845 1155 3916 Origenem
1241 3842 1634 3898 defendendum
1710 3848 2085 3908 susceperunt.

497 3942 666 3995 Aiunt
720 3939 885 4008 igitur
918 3935 1207 4007 Origenem
1264 3935 1453 3991 Severi
1502 3936 1848 4004 imperatoris
1906 3945 2089 3999 perse-

499 4037 718 4092 cutione
770 4034 1026 4089 Leonidae
1079 4033 1218 4101 patri
1274 4033 1538 4100 scriptum
1591 4031 1828 4091 misisse,
1882 4041 1989 4095 quo
2020 4026 2087 4079 ad

499 4126 746 4197 martyrii
804 4123 1131 4178 curriculum
1186 4137 1307 4176 eum
1355 4129 1647 4175 exacueret
1678 4136 1693 4173 :
1725 4128 1779 4171 et
1810 4132 1942 4172 sane
1976 4124 2089 4171 sta-

498 4221 646 4273 dimn
693 4219 904 4273 fortiter
943 4217 1239 4271 decurrens
1280 4214 1369 4269 ille
1411 4213 1656 4268 hravium
1706 4211 1915 4278 accepit
1949 4209 2086 4279 (84).

498 4311 721 4364 Addunt
774 4310 1062 4378 ipsummet
1130 4308 1416 4376 Urigenem
1463 4319 1678 4358 summo
1716 4303 1896 4356 studio
1946 4301 2086 4355 idem

2178 2038 2274 2091 καὶ
2309 2039 2392 2091 ὅτι
2421 2036 2455 2105 ἡ
2494 2033 2658 2087 εἰκὼν
2681 2032 2776 2085 τοῦ
2806 2030 2943 2084 Θεοῦ
2976 2030 3052 2091 ὡς
3099 2027 3239 2097 πρὸς
3282 2028 3492 2079 ἐκεῖνον
3521 2015 3586 2077 οὗ
3622 2023 3782 2075 ἐστιν

2178 2128 2341 2183 εἰκὼν
2362 2169 2377 2192 ,
2412 2126 2533 2181 καθ’
2566 2125 2595 2179 ὃ
2618 2123 2780 2178 είκὼν
2801 2163 2816 2186 ,
2856 2123 2959 2175 οὐκ
2985 2121 3133 2174 ἔστιν
3166 2119 3411 2190 ἀλήθεια.
3448 2116 3635 2169 Ταῦτα
3672 2116 3786 2167 ἀπ-

2179 2220 2419 2289 ελέγχει,
2452 2217 2527 2282 ὡς
2549 2217 2874 2289 προείρηται
2894 2253 2908 2277 ,
2930 2211 3145 2282 ψευδῶς
3172 2210 3428 2282 εἰρῆσθαι
3458 2210 3601 2260 κατᾶ
3632 2205 3784 2274 Ὠρι-

2179 2312 2370 2382 γένους
2390 2351 2405 2375 ,
2431 2312 2525 2365 καὶ
2554 2310 2615 2363 τό
2643 2326 2706 2378 γε
2736 2308 2829 2361 ἐπὶ
2851 2309 2917 2379 τῇ
2947 2305 3114 2359 αὐτοῦ
3148 2303 3355 2373 σπουδῇ
3384 2300 3785 2370 ἐκκλησιαστι-

2180 2408 2276 2461 κὸν
2297 2407 2395 2460 καὶ
2424 2406 2536 2459 τῶν
2570 2404 2874 2476 ὀρθοδόξων
2903 2400 3267 2470 ἀποφαίνεται
3291 2398 3383 2451 τὸν
3406 2396 3597 2467 ἄνδρα.
3626 2393 3785 2447 Ἀλλ’

2180 2501 2281 2553 οὐκ
2333 2499 2386 2553 εί
2414 2515 2499 2560 τις
2526 2539 2542 2563 ,
2591 2491 2635 2549 ὦ
2689 2496 2935 2567 βέλτιστε
2956 2535 2971 2559 ,
3000 2492 3076 2562 μὴ
3130 2490 3341 2552 πάντας
3371 2487 3494 2549 τοὺς
3531 2486 3786 2555 τρόπους

2182 2591 2399 2662 ἐδείχθη
2419 2588 2702 2644 δυσσεϐὦν
2719 2628 2735 2653 ,
2759 2585 2869 2640 οὐδ’
2902 2587 2960 2637 ὲν
2981 2584 3027 2616 ⁵³
3044 2577 3124 2647 οἷς
3142 2580 3437 2653 προφανῶς
3458 2576 3788 2650 βλασφημεῗ

2182 2688 2284 2754 τὴν
2314 2686 2471 2755 δίκην
2505 2680 2901 2752 διαδιδράσκων
2929 2678 3253 2748 ὀφθήσεται.

2892 2944 3046 2996 PIH'.

2185 3040 2508 3110 Παμφίλου
2533 3037 2641 3093 τοῦ
2663 3036 2971 3110 μάρτυρος
2999 3036 3097 3110 καὶ
3132 3034 3431 3090 Εὐσεϐίου
3448 3032 3605 3104 ὑπὲρ
3632 3034 3799 3103 Ὠρι-

2720 3108 2937 3177 τένους
2960 3109 3131 3175 τόμοι
3163 3112 3238 3170 ς’.

2276 3200 2619 3272 Ἀνεγνώσθη
2644 3199 2935 3271 Παμφίλου
2960 3199 3054 3251 τοῦ
3085 3198 3361 3269 μάρτυρος
3381 3197 3478 3252 καὶ
3509 3198 3796 3251 Εὑσεὸἔου

2189 3296 2344 3365 ὑπὲρ
2369 3295 2728 3365 Ὠριγένους.
2758 3293 2926 3363 Τόμοι
2954 3292 3012 3345 δὲ
3036 3293 3097 3345 τὸ
3127 3292 3334 3363 βιϐλίον
3358 3298 3434 3358 ς’,
3460 3286 3536 3346 ὧν
3578 3293 3631 3345 οἱ
3690 3294 3803 3363 μὲν

2189 3397 2231 3443 ε’
2281 3388 2553 3459 Παμφίλῳ
2582 3386 2643 3440 τὸ
2687 3385 3064 3456 δεσμωτήριον
3109 3383 3347 3437 οἰκοῦντι
3396 3384 3804 3455 συμπαρόντος

2190 3480 2452 3535 Εὐσεϐίου
2467 3480 2512 3512 ⁵⁵
2534 3477 2941 3548 ὲξεπονήθησαν
2962 3518 2976 3542 ,
3001 3477 3030 3527 6
3060 3476 3115 3529 δὲ
3144 3475 3301 3539 ἕκτος
3319 3518 3333 3539 ,
3359 3476 3483 3529 ἐπεὶ
3512 3479 3541 3529 6
3568 3477 3808 3547 μάρτυς

2188 3573 2400 3642 ξίφει⁵¹⁵
2458 3570 2552 3624 τοῦ
2586 3571 2684 3640 ζῇν
2719 3568 2989 3638 ἀπαχθεὶς
3039 3566 3265 3620 άνέλυσε
3313 3566 3448 3637 πρὸς
3496 3566 3558 3619 ὃν
3592 3568 3806 3621 ἐπόθει

2189 3664 2321 3716 Θεὸν
2346 3703 2361 3726 ,
2408 3660 2655 3731 Εὐσεὸίῳ
2684 3659 2870 3712 λοιπὸν
2904 3659 3290 3729 ἀπαρτίζεται.
3335 3658 3477 3731 [297
3510 3660 3624 3733 R.J
3685 3663 3811 3714 Καὶ

2190 3756 2341 3812 ἄλλοι
2372 3755 2429 3808 δὲ
2459 3754 2703 3807 πλεῖστοι
2752 3753 2872 3806 κατ’
2918 3752 3095 3805 ἐκεῖνο
3124 3749 3317 3821 καιροῦ
3349 3750 3445 3803 κα)⁸
3478 3751 3811 3821 ἀξιολογώ-

2191 3865 2345 3901 τατοι
2389 3845 2686 3915 ἀπολογίας
2730 3845 2870 3917 ὑπὲρ
2918 3843 3082 3898 αὐτοῦ
3114 3844 3493 3909 συνετάξαντο.
3536 3846 3688 3899 Φασὶ
3747 3847 3816 3901 δὲ

2189 3940 2281 3994 τὴν
2321 3940 2603 4011 Ὠριγένην
2626 3940 2683 3990 ὲν
2704 3940 2815 3999 τοῖς
2845 3936 2988 3990 κατὰ
3014 3935 3253 4006 Σεόῆρον
3280 3936 3539 4007 διωγμοῖς
3569 3937 3814 4007 γράψαι.

2198 4033 2444 4103 Λεωνίδῃ
2475 4030 2554 4102 τῷ
2566 4031 2613 4063 ⁸⁸
2639 4030 2809 4100 πατρὶ
2836 4029 3198 4098 ὲπαλείιροντα
3231 4030 3364 4100 πρὸς
3389 4030 3482 4081 τὸν
3507 4029 3606 4082 τοῦ
3646 4048 3818 4103 μαρ-

2189 4123 2378 4192 τυρίου
2414 4121 2615 4192 δρόμον
2634 4160 2648 4181 ,
2671 4120 2729 4173 ὃν
2758 4118 2852 4172 καὶ
2878 4118 3060 4182 καλῶς
3080 4119 3341 4190 δραμόντι
3368 4117 3477 4170 τῶν
3508 4120 3818 4189 βραϐείων

2192 4216 2373 4285 τυχεῖν
2398 4212 2678 4281 ἐξεγένετο
2700 4254 2715 4279 ,
2740 4212 2836 4264 καὶ
2861 4211 3023 4265 αὑτὸν
3044 4211 3101 4265 δὲ
3130 4210 3501 4264 ἀποδύσασθαι
3528 4213 3819 4266 σπεύδειν

2192 4307 2331 4377 πρὸς
2381 4306 2441 4358 τὸ
2485 4305 2594 4356 τῶν
2627 4305 3026 4374 ἀγωνισμάτων
3068 4303 3312 4365 στάδιον,
3342 4303 3440 4374 τὴν
3467 4303 3524 4357 δὲ
3566 4306 3819 4376 μητέρα.

499 4414 775 4457 certamen
824 4400 1103 4467 suscipere
1155 4405 1410 4452 conatum
1448 4395 1616 4450 fuisse
1664 4394 1805 4465 (85),
1836 4390 1931 4447 sed
1976 4406 2076 4444 ma-

2194 4398 2289 4449 καὶ
2310 4398 2512 4450 ἄκοντα
2540 4395 2837 4465 δυνηθῆναι
2859 4396 2957 4463 τῆς
2982 4396 3159 4465 ὁρμῆς
3191 4396 3438 4464 ἐπισχεῖν
3464 4411 3477 4425 ·
3502 4395 3603 4448 καὶ
3629 4396 3823 4451 τοῦτο

501 4505 636 4548 trem
692 4493 951 4561 impetum
996 4489 1079 4545 vel
1133 4492 1249 4558 ipso
1309 4487 1479 4541 invito
1533 4487 1836 4540 rel’rcnasse
1880 4502 1894 4538 :
1946 4498 2076 4552 quat

2194 4489 2288 4543 καὶ
2320 4487 2485 4552 αὐτὸς
2515 4490 2573 4539 ἐν
2603 4488 2863 4557 ἐπιστολῇ
2889 4487 3066 4557 οἰκείᾳ
3093 4486 3540 4556 ἐπισημαίνεται.
3566 4488 3730 4541 Φασὶ
3752 4489 3822 4542 δὲ

500 4587 676 4655 ipsum
710 4585 840 4639 item
876 4582 1101 4652 epistola
1153 4579 1385 4649 quadam
1420 4592 1517 4631 sua
1555 4587 1809 4630 testatum
1842 4575 2076 4643 reliquit.

2192 4580 2356 4635 αὑτὸν
2378 4581 2405 4633 ὅ
2427 4597 2486 4633 τε
2520 4579 2805 4649 Πάμφιλος
2841 4578 3050 4649 μάρτυς
3080 4579 3172 4630 καὶ
3198 4577 3374 4648 ἕτεροι
3402 4576 3658 4633 πλεῖστοι
3679 4622 3698 4645 ,
3725 4582 3827 4634 οἴ-

500 4680 640 4746 Quin
676 4677 991 4746 Pamphilus
1043 4684 1270 4743 martyr,
1323 4681 1379 4725 et
1428 4670 1518 4724 alii
1567 4685 1687 4723 cmn
1738 4684 1804 4723 eo
1843 4668 2076 4737 plurimi,

2191 4693 2339 4740 τινες
2368 4675 2463 4730 ἀπ’
2497 4675 2679 4729 αὐτῶν
2721 4675 2828 4727 τῶν
2859 4674 3181 4744 ἑωρακότων
3212 4673 3498 4746 Ὠριγένην
3538 4676 3611 4730 τά
3660 4680 3825 4749 περὶ

500 4789 590 4828 res
628 4770 882 4841 Origcnis
916 4786 982 4824 ex
1028 4768 1132 4821 illis
1168 4766 1321 4832 ipsis,
1366 4765 1457 4833 qui
1504 4763 1779 4817 hominem
1810 4763 2076 4825 viderant,

2189 4768 2285 4822 τοῦ
2321 4767 2516 4839 ἀνδρὸς
2551 4766 2971 4838 ἠκριϐώσαντο,
3021 4766 3290 4835 διαϐοήτῳ
3346 4768 3637 4839 μαρτυρίῳ
3711 4772 3828 4824 τοῦ

501 4866 810 4920 accuratius
852 4862 1199 4934 perscrutati,
1249 4868 1497 4921 narrant,
1550 4872 1671 4910 eum
1702 4855 1899 4911 celebri
1938 4869 2076 4907 mar-

2194 4860 2310 4931 βίου
2340 4858 2717 4929 ἐξεληλυθέναι
2746 4857 2833 4909 ἐπ’
2867 4857 3038 4927 αὐτῆς
3070 4860 3168 4927 τῆς
3204 4859 3545 4930 Καισαρείας
3590 4863 3830 4916 Δεκίου

503 4958 642 5029 tyrio
687 4967 799 5010 tum
850 4957 960 5008 vita
1009 4952 1334 5016 decessisse,
1382 4966 1504 5004 cum
1568 4947 1833 5003 Ctesarete
1886 4947 2076 5001 Decius

2191 4953 2290 5023 τὴν
2319 4952 2462 5006 κατὰ
2488 4951 2598 5004 τῶν
2628 4952 2970 5021 Χριστιανῶν
3001 4951 3261 5020 ὠμότητα
3308 4952 3588 5015 πνέοντος.
3646 4958 3731 5008 Οἱ
3763 4956 3839 5011 δέ

501 5066 652 5105 suam
708 5050 760 5102 in
809 5046 1153 5101 Christianos
1190 5041 1567 5096 crudelitatem
1598 5039 1898 5093 cli‘underet
1929 5035 2076 5107 (85').

2195 5062 2359 5115 φασιν
2385 5044 2548 5097 αὐτὸν
2566 5044 2669 5106 ἕως
2688 5043 2890 5097 Γάλλου
2913 5044 3007 5096 καὶ
3026 5042 3383 5096 Βολουσιανοῦ
3411 5045 3609 5116 διαρκέ
3619 5064 3843 5102 σαντα.

501 5143 606 5197 Alii
636 5154 816 5195 tamen
853 5139 1039 5193 volunt
1070 5138 1134 5191 ad
1168 5135 1305 5191 Galli
1337 5149 1400 5188 ac
1440 5131 1722 5187 Volusiaui
1755 5144 1927 5199 usque
1954 5139 2076 5181 tem-

2198 5139 2293 5190 καὶ
2328 5137 2619 5208 ἑξηκοστὸν
2652 5136 2839 5188 ἔνατον
2872 5136 2989 5200 ἔτος
3011 5138 3055 5170 ⁸⁷
3084 5138 3184 5207 τῆς
3211 5139 3429 5208 ἡλικίας
3460 5140 3679 5206 ἄγοντα
3710 5184 3731 5205 ,
3768 5145 3848 5199 ὲν

503 5250 632 5303 pora
681 5232 1032 5301 perdurasse,
1086 5236 1141 5282 et
1210 5225 1612 5294 sexagesimum
1661 5236 1859 5276 nonum
1913 5218 2076 5273 aetatis

2202 5224 2366 5293 Τύρῳ
2410 5225 2505 5275 καὶ
2537 5223 2860 5294 τελευτῆσαι
2908 5225 3003 5277 καὶ
3027 5228 3173 5297 ταφῇ
3203 5214 3595 5297 παραδοθῆναι.
3634 5232 3849 5287 Ἐστι

1815 5376 2055 5434 ἾΑΒΙᾹθ
2091 5375 2477 5431 LECTIONES

558 5482 611 5536 A"
647 5502 902 5574 εὔχεσθαι
930 5522 991 5569 ς.
1070 5506 1114 5537 ⁵³
1149 5505 1324 5575 μαγία
1356 5522 1417 5567 ς.
1494 5502 1541 5533 ⁵³
1573 5503 1631 5554 ὲν
1655 5501 1777 5555 add.
1811 5500 1876 5552 A.
1952 5498 1999 5530 ⁵⁸
2030 5514 2205 5567 συμπ.
2246 5495 2340 5548 καὶ
2371 5494 2567 5549 Εὑσεϐ.
2603 5514 2663 5559 ς.
2737 5498 2783 5530 ⁵⁸
2812 5496 2956 5562 ξίφει
2981 5512 3091 5551 om.
3121 5512 3203 5565 pr.
3234 5497 3301 5550 Δ.
3379 5495 3425 5526 ⁸⁸
3451 5496 3529 5565 τῷ
3560 5496 3715 5551 add.
3770 5501 3855 5554 Δ.

499 5576 542 5610 ⁸⁷
571 5576 688 5640 ἔτος
716 5594 822 5629 out.
859 5576 922 5627 Α.
2019 5636 2231 5693 ΝΟΤᾹΞ

468 5802 475 5809 .
572 5760 694 5829 (85)
725 5759 1008 5814 Communi
1051 5775 1215 5829 opera
1269 5759 1641 5829 elucubratam
1686 5755 1827 5829 hanc
1881 5754 2082 5829 Apolo-

535 5824 637 5884 ia'm
671 5824 868 5885 asserit
899 5830 1012 5898 ipse
1037 5824 1231 5885 Euseb.
1258 5830 1350 5883 Iih.
1377 5845 1425 5881 rt
1461 5824 1643 5881 Eccles
1685 5826 1831 5898 Hist.
1854 5824 2086 5898 cap.20.

532 5901 636 5958 ’ide
667 5902 817 5957 card.
846 5896 1043 5957 Barea.
1079 5902 1273 5955 Annal.
1314 5911 1351 5955 ι.
1386 5900 1447 5966 ll,
1475 5901 1540 5954 ad
1574 5914 1704 5952 ann.
1732 5896 1865 5952 Chr.
1893 5896 2020 5949 256.

2267 5750 2377 5813 (84)
2419 5749 2605 5817 Capite
2635 5759 2937 5811 truncatus,
2958 5760 3015 5802 ut
3043 5748 3205 5805 refert
3234 5748 3429 5803 Euseb.
3463 5748 3662 5811 lib.vn,
3696 5770 3767 5809 ς.
3794 5756 3863 5811 ι.

2268 5820 2384 5888 (85)
2414 5820 2543 5873 Ibid.
2586 5820 2782 5874 Euseb.
2825 5837 2943 5886 cap.
2983 5821 3015 5872 5

2273 5890 2409 5961 (85‘)
2442 5889 2499 5946 S.
2535 5890 2757 5946 llieron.
2798 5891 2870 5947 De
2903 5891 3106 5960 Script.
3156 5891 3352 5946 eet-les.
3396 5906 3520 5953 cap.
3557 5892 3672 5949 54,
