4090 6416
306 485 409 547 397

1403 486 1933 549 BIBLIOTHECA.
1972 514 2041 526 --
2080 488 2244 550 COD.
2287 489 2551 549 CXVIII.

3470 500 3577 565 398

302 595 357 648 δὲ
392 592 599 665 μᾶλλον
617 586 774 656 οὗτος
800 595 829 645 6
856 593 1016 661 λόγος
1051 594 1288 665 ἀληθὴς,
1319 594 1373 647 εῐ
1398 612 1462 664 γε
1493 596 1550 648 αἱ
1583 597 1872 667 φερόμεναι

1991 613 2193 651 annum
2231 609 2479 670 agentem
2510 598 2637 670 Tyri
2686 607 2982 668 mortuum,
3026 604 3077 659 in
3108 607 3407 680 eademque
3437 617 3574 671 urbe

302 685 464 739 αὐτοῦ
486 685 627 757 μετὰ
645 686 737 738 τὸν
753 685 941 738 Δεκίου
965 686 1205 757 διωγμὸν
1219 688 1264 718 ⁸⁸
1284 687 1568 739 ἐπιστολαὶ
1588 688 1687 739 οὐκ
1705 687 1887 757 ἔχουσι

298 777 359 829 τὸ
389 775 651 829 πλαστόν.
687 774 895 838 Παντὺς
932 775 988 828 δὲ
1038 775 1363 845 μαθήματος
1394 776 1541 830 ίδέαν
1577 778 1741 845 φασιν
1790 778 1887 831 αὑ-

296 867 386 919 τὸν
401 869 446 900 ”
472 868 569 920 καὶ
623 867 900 937 μετελθεῖν
922 868 966 899 ⁶⁰
994 868 1089 920 καὶ
1130 868 1425 924 διδάσκειν.
1458 869 1659 923 Τοῦτον
1704 871 1886 923 τοίνυν

296 957 385 1011 τὸν
451 960 768 1029 Ὠριγένην,
807 958 865 1011 ὃν
910 960 1006 1013 καὶ
1051 961 1405 1030 Ἀδαμάντιον
1448 961 1884 1030 ὲπονομάζεσθαί

294 1066 462 1116 φασιν
490 1092 503 1109 ,
532 1050 614 1103 ὃτι
642 1049 1025 1120 ἀδαμαντίνοις
1050 1051 1266 1120 δεσμοῖς
1300 1051 1542 1122 ἐῴκεσαν
1572 1052 1665 1115 οὓς
1697 1052 1763 1105 ἂν
1796 1053 1885 1123 δή·

294 1157 407 1192 σειε
439 1141 636 1208 λόγους
654 1183 668 1206 ,
699 1142 977 1212 ἀκροατὴν
1002 1143 1096 1195 καὶ
1120 1142 1362 1213 διάδοχον
1382 1144 1599 1211 λέγουσι
1627 1145 1881 1210 γενέσθαι

293 1233 613 1304 Κλήμεντος
643 1234 736 1287 τοῦ
770 1235 1145 1305 Στρωματέως
1172 1240 1265 1289 καὶ
1297 1236 1393 1288 τοῦ
1428 1237 1567 1290 κατὰ
1600 1236 1746 1307 [160
1772 1235 1879 1308 IL]

292 1327 389 1398 τὴν
454 1329 867 1399 Ἀλεξάνδρειαν
942 1330 1399 1400 ἐκκλησιαστικοῦ
1466 1332 1878 1385 διδασκαλείου’

292 1418 407 1487 liii;
419 1436 592 1487 μεντα
619 1420 674 1472 δὲ
704 1420 1008 1472 Πανταίνου
1034 1420 1289 1488 γενέσθαι
1312 1422 1530 1487 λέγουσι
1555 1424 1648 1474 καὶ
1673 1422 1881 1491 ἀκροα-

288 1510 388 1581 τὴν
444 1512 543 1564 καὶ
578 1512 673 1565 τοῦ
717 1512 1094 1565 διδασκαλείου
1141 1512 1417 1582 διάδοχον,
1471 1513 1769 1567 Πάνταινον
1823 1513 1881 1567 δὲ

289 1603 397 1656 τῶν
427 1618 487 1655 τε
519 1605 646 1665 τοὺς
665 1604 998 1667 ἀποστόλους
1032 1605 1353 1675 ἑωρακότων
1385 1604 1785 1675 ἀκροάσασθαι,
1812 1605 1873 1657 οὐ

196 1716 208 1730 ο
294 1694 399 1765 μὴν
431 1694 570 1748 ἀλλὰ
596 1695 690 1750 καί
713 1713 876 1749 τινων
909 1696 1089 1749 αὐτῶν
1113 1695 1341 1749 ἐκείνων
1365 1695 1670 1750 διακοῦσαι.

1993 690 2280 758 sepultum.
2317 691 2445 757 Qua:
2493 693 2712 760 quidem
2769 695 2951 747 verior
3010 702 3256 754 narratio
3318 714 3403 757 est
3448 723 3462 759 :
3523 708 3572 761 si

1993 784 2155 835 modo
2198 797 2467 851 gentianae
2510 794 2659 846 sunt,
2689 800 2809 853 qua}
2856 786 3126 853 feruntur,
3154 792 3397 859 epistola:
3429 798 3574 853 illitis

1992 882 2112 940 post
2142 871 2284 926 Decii
2319 876 2746 941 persecutionem
2771 882 3116 949 conscriptae.
3153 881 3355 939 Onmes
3390 898 3573 942 autem

1991 966 2215 1018 omnino
2250 965 2567 1034 disciplinas
2602 968 2776 1036 ipsum
2822 980 2875 1022 et
2922 975 3233 1043 percepisse
3266 988 3319 1031 et
3352 981 3572 1035 docuis-

1989 1071 2049 1110 se
2100 1056 2304 1111 ferunt.
2384 1056 2538 1112 llunc
2613 1060 2741 1115 item
2810 1060 3099 1132 Origenem
3164 1068 3347 1137 (quem
3408 1073 3570 1125 etiam

1984 1152 2365 1204 Adamantium
2425 1153 2865 1221 cOgnominatum
2917 1170 2985 1208 ex
3046 1172 3111 1210 eo
3155 1161 3393 1225 tradunt,
3428 1165 3571 1229 quod

1985 1241 2100 1308 (86)
2133 1243 2389 1304 rationes,
2422 1257 2558 1309 quas
2604 1243 2906 1313 colligaret,
2948 1244 3317 1303 adamantinis
3344 1252 3573 1318 quibus-

1983 1333 2107 1387 dam
2132 1334 2284 1401 quasi
2318 1333 2554 1387 vinculis
2591 1349 2695 1388 non
2731 1336 3013 1390 absirniles
3042 1338 3377 1411 viderentur)
3411 1344 3571 1397 audi—

1984 1432 2156 1479 torem
2202 1423 2369 1477 fuisse
2399 1425 2695 1479 Clementis
2741 1427 2861 1495 ejus
2912 1429 3001 1496 qui
3037 1428 3365 1485 Stromaleus
3392 1434 3570 1489 dictus

1986 1520 2091 1579 est,
2124 1512 2477 1583 ejusdemque
2512 1515 2564 1567 in
2604 1517 2935 1570 catechetica
2974 1520 3156 1573 schola
3187 1538 3305 1589 quae
3335 1523 3572 1579 Alexan-

1988 1606 2119 1658 dria:
2147 1613 2285 1668 erat,
2316 1620 2713 1662 successorem.
2749 1607 3084 1663 Clementem
3120 1628 3282 1679 porro
3325 1614 3569 1670 Pantzrni

1983 1692 2154 1747 fuisse
2230 1694 2549 1764 discipulum
2629 1697 2934 1767 scholisque
3002 1716 3373 1758 successorem
3435 1723 3450 1760 :
3508 1715 3570 1761 et

290 1783 607 1837 Pammnum
640 1800 851 1837 rursum
878 1785 945 1838 iis
983 1800 1140 1841 usum
1177 1784 1475 1853 magistris,
1507 1786 1599 1853 qui
1633 1782 1907 1852 apostolos
1936 1782 2198 1837 vidissent
2232 1800 2245 1835 :
2280 1785 2409 1853 quin
2440 1795 2494 1838 et
2525 1786 2743 1840 illorum
2783 1790 3069 1845 nonnullos
3095 1795 3354 1850 audiisse.

353 1876 469 1939 Τάς
499 1876 558 1929 δὲ
588 1877 727 1929 κατά
762 1878 1071 1946 Ὠριγένους
1102 1878 1349 1949 κινήσεις
1380 1877 1591 1931 ἐκεῖθεν
1619 1877 1870 1945 λέγουσιν

2045 1875 2313 1930 Caeterum
2372 1878 2499 1933 hinc
2549 1880 2602 1933 in
2659 1878 2951 1950 Origenem
3006 1886 3300 1941 excitatam
3344 1907 3565 1949 omnem

287 1970 576 2039 ἐκρυῆναι·
620 1970 929 2040 Δημήτριος
975 1968 1383 2042 Ἀλεξανδρείας
1430 1972 1763 2031 ἐπεσκόπει,
1816 1968 1874 2032 ὃς

300 2064 587 2134 Ὠριγένην
618 2062 685 2115 δι’
717 2063 956 2116 ἐπαίνων
996 2057 1112 2133 εῐχε
1145 2065 1240 2117 καὶ
1287 2066 1345 2128 ὲς
1399 2064 1528 2126 τοὺς
1582 2062 1875 2131 φιλτάτους

289 2155 636 2210 συνέταττεν.
682 2155 822 2208 Ἀλλ’
881 2156 1165 2227 Ὠριγένης
1196 2157 1405 2226 μέλλων
1428 2156 1471 2188 ⁸⁸
1504 2155 1761 2225 ἀπαίρειν
1794 2155 1875 2217 είς

299 2249 559 2318 Ἀθήνας,
592 2250 759 2319 χωρὶς
786 2250 887 2318 τῆς
918 2249 1012 2302 τοῦ
1038 2251 1239 2302 οἰκείου
1270 2247 1497 2320 γνώμης
1547 2247 1871 2311 ἐπισκόπου,

287 2341 366 2403 εἰς
395 2341 774 2410 πρεσϐύτερον
821 2343 881 2394 ού
924 2342 1042 2395 δέον
1060 2343 1105 2374 θ’
1136 2340 1549 2405 ἀναϐιϐάζεται.
1580 2340 1873 2402 Θεότεκνος

287 2426 413 2499 δ’ἦν
440 2432 469 2483 6
501 2432 647 2484 κατὰ
674 2432 1012 2502 Καισάρειαν
1035 2433 1131 2503 τὴν
1166 2434 1224 2485 ὲν
1250 2433 1585 2505 Παλαιστίνῃ
1612 2432 1704 2485 τὸν
1734 2434 1872 2502 ἀρχ-

290 2524 565 2593 ιερατικδν
612 2523 868 2593 χειρίζων
903 2524 1067 2594 νόμον
1116 2527 1144 2577 ό
1173 2525 1271 2595 τῆς
1308 2526 1613 2597 Ὠριγένους
1641 2525 1872 2594 αὐτουρ-

287 2612 380 2680 γὸς
403 2614 742 2683 χειροτονίας
765 2654 779 2675 ,
814 2614 952 2683 ἔχων
1000 2616 1421 2669 συνευδοκοῦντα
1451 2617 1543 2668 καὶ
1575 2616 1666 2669 τὸν
1710 2614 1871 2683 Ἰερο-

288 2704 543 2773 σολύμων
577 2704 945 2775 Ἀλέξανδρον.
980 2705 1255 2776 Τρέπεται
1280 2708 1367 2760 διὰ
1397 2707 1553 2759 τοῦτο
1574 2706 1872 2776 Δημητρίῳ

285 2795 361 2854 εἰς
398 2796 562 2862 μῖσος
591 2794 651 2847 τὸ
677 2794 896 2865 φίλτρον
918 2796 1013 2850 καὶ
1040 2797 1092 2848 οἱ
1112 2796 1322 2850 ἔπαινοι
1345 2797 1479 2865 πρὸς
1499 2796 1625 2858 τοὺς
1644 2795 1869 2864 ψόγους,

287 2886 380 2938 καὶ
412 2885 638 2948 σύνοδος
667 2886 979 2956 ἀθροίζεται
998 2889 1137 2941 κατά
1168 2888 1474 2959 Ὠριγένους
1490 2891 1533 2920 ⁸³
1556 2890 1870 2942 ἐπισκόπων

287 2973 377 3026 καί
400 2991 567 3026 τινων
600 2975 1011 3046 πρεσϐυτέρων.
1047 2977 1111 3029 Ἠ
1134 2977 1189 3029 δὲ
1212 3018 1226 3042 ,
1247 2979 1323 3039 ὡς
1352 2979 1379 3030 ὁ
1408 2977 1691 3047 Πάμφιλός
1714 2993 1869 3046 φησι,

282 3060 589 3132 ψηφίζεται
641 3063 977 3133 μεταστῆναι
1015 3065 1114 3134 μὲν
1165 3066 1273 3117 ἀπὸ
1310 3065 1734 3135 ’Δλεξανδρείας
1779 3064 1871 3119 τὸν

297 3156 587 3226 Ὠριγένην
610 3197 625 3221 ,
658 3158 752 3210 καὶ
784 3159 922 3228 μήτε
961 3157 1257 3229 διατρίϐειν
1286 3160 1345 3211 ὲν
1380 3160 1517 3229 αὐτῇ
1554 3160 1691 3229 μήτε
1720 3159 1867 3213 διδά-

1985 1977 2362 2039 tempesmtem
2401 1985 2849 2027 commemorant.
2886 1974 3191 2034 Demetrius
3221 1982 3566 2042 Alexandria:

1983 2061 2181 2129 prazsul
2223 2059 2511 2130 Origeuem
2559 2063 2787 2116 multum
2835 2064 3083 2134 laudans,
3121 2070 3173 2123 in
3209 2076 3396 2141 paucis
3426 2078 3563 2131 cha-

1982 2154 2259 2207 rissimum
2311 2154 2562 2208 habebat.
2598 2155 2668 2208 At
2700 2172 2821 2210 cum
2874 2158 2960 2213 lti'c
2998 2162 3204 2230 absque
3255 2167 3389 2220 bona
3444 2171 3557 2238 cpi-

1981 2244 2130 2312 scopi
2163 2246 2317 2299 venia
2351 2248 2594 2302 Athenas
2625 2249 2969 2317 profecturus
3017 2266 3185 2320 esset,
3219 2256 3563 2320 Theotecnus

1982 2333 2095 2403 (87)
2132 2334 2393 2388 Caesareie
2431 2334 2735 2391 Palatstinze
2781 2348 2893 2393 tum
2957 2345 3438 2415 archiepiscopus,
3471 2366 3563 2406 se-

1981 2442 2077 2480 cus
2106 2441 2229 2479 eum
2274 2444 2435 2497 quam
2484 2442 2781 2499 oporteret,
2842 2437 3217 2504 presbyterum
3259 2442 3555 2508 ordinavit,

1982 2535 2088 2575 non
2120 2520 2461 2589 improbante
2514 2523 2711 2575 iactum
2759 2524 2861 2577 lioc
2892 2526 3202 2582 Alexandro
3237 2528 3556 2603 Hierosoly-

1980 2626 2192 2665 tnorum
2243 2612 2519 2681 episcopo.
2584 2614 2728 2683 93a
2786 2615 2925 2671 Hinc
2980 2620 3253 2674 Demetrio
3303 2640 3456 2677 amor
3503 2627 3557 2680 in

1978 2704 2162 2758 odium
2210 2706 2394 2781 vertit,
2452 2706 2745 2775 laudesque
2801 2724 2924 2762 mox
2978 2725 3101 2764 cum
3161 2713 3559 2781 vituperatione

1978 2806 2347 2850 commutatus.
2389 2797 2639 2867 Synodus
2684 2801 2903 2867 insuper
2949 2803 3325 2873 episc0porum
3367 2821 3555 2863 coacta

1978 2895 2034 2939 et
2085 2887 2525 2955 presbyterorum
2581 2890 2938 2957 quorumdam
2984 2903 3170 2946 contra
3217 2893 3554 2965 Origenem:

1977 2992 2120 3046 quae.
2171 2987 2229 3032 ut
2268 2978 2586 3048 Pamphilus
2633 2980 2817 3045 refert,
2860 2984 3133 3038 decretum
3168 2987 3295 3041 fecit
3325 2989 3558 3045 Alexan-

1978 3071 2098 3124 dria
2145 3072 2360 3139 quidem
2420 3074 2726 3141 pellendum
2779 3074 3090 3144 Origenem,
3142 3096 3319 3149 neque
3382 3085 3433 3136 in
3492 3099 3556 3137 ea

1978 3162 2188 3217 versari
2238 3172 2330 3217 aut
2374 3164 2573 3219 docere
2632 3167 3088 3235 permittendum;
3136 3172 3423 3225 sacerdotii
3474 3183 3558 3228 ta-

287 3262 469 3311 σκειν,
517 3246 622 3316 τῆς
655 3247 835 3315 μέντοι
862 3247 956 3301 τοῦ
990 3249 1388 3319 πρεσϐυτερίου
1426 3249 1595 3319 τιμῆς
1623 3250 1872 3321 οὐδαμῶς

1981 3269 2102 3308 men
2152 3254 2419 3322 dignitate
2474 3271 2813 3325 nequaquam
2860 3260 3309 3317 submovendum.
3354 3262 3553 3317 Verum

284 3339 744 3408 ἀποκεκινῆσθαι.
788 3340 925 3393 Ἀλλ’
950 3343 977 3394 ὅ
1012 3358 1071 3410 γε
1098 3346 1409 3413 Δημήτριος
1436 3343 1552 3414 ἅμα
1574 3346 1716 3396 τισὶν
1748 3348 1870 3397 ἐπι-

287 3432 511 3495 σκόποις
568 3434 888 3501 Αἰγυπτίοις
914 3435 1010 3488 καὶ
1055 3438 1153 3504 τῆς
1182 3437 1481 3507 ἱερωσύνης
1515 3439 1831 3509 ἀπεκήρυξε
1853 3479 1868 3501 ,

288 3529 829 3601 συνυπογραψάντων
859 3532 952 3582 καὶ
978 3532 1042 3601 τῇ
1079 3530 1351 3599 ἀποφάσει
1400 3529 1510 3583 τῶν
1563 3531 1872 3600 συμψήφων

284 3622 431 3691 αὐτῷ
478 3621 890 3692 γεγενημένων,
934 3622 1344 3690 Φυγαδευθέντα
1370 3623 1427 3676 δὲ
1458 3624 1558 3693 τῆς
1618 3622 1870 3686 Ἀλεξαν-

283 3713 470 3781 δρείας
527 3713 623 3765 τὸν
690 3714 971 3785 Ὠριγένην
994 3716 1040 3751 δι
1084 3714 1378 3777 Θεότεκνος
1429 3718 1457 3768 6
1504 3713 1872 3786 Παλαιστίνης

283 3806 542 3877 ἀσμένως
566 3824 627 3859 τε
656 3807 865 3875 διάγειν
895 3809 952 3860 ὲν
984 3809 1293 3879 Καισαρείᾳ
1317 3808 1638 3873 ὑπεδέξατο,
1659 3808 1870 3862 καὶτοῦ

284 3899 564 3953 διδάσκειν
596 3901 779 3953 πᾶσαν
829 3899 1078 3963 ἐξουσίαν
1121 3900 1438 3969 ἐνεχείρισε.
1472 3902 1581 3953 Καὶ
1626 3901 1727 3963 τὰς
1769 3902 1870 3971 μὲν

284 3994 504 4057 αἰτίας,
538 3991 600 4057 ἐξ
645 3986 721 4045 ὧν
768 3992 964 4063 συνέϐη
1008 3994 1107 4058 τὰς
1140 3992 1393 4055 διαϐολὰς
1440 3993 1744 4063 ἐκραγῆναι
1791 3993 1870 4063 τῷ

297 4085 566 4156 Ὠριγένει
587 4124 602 4149 ,
650 4084 855 4147 ταύτας
893 4084 1078 4153 φησίν.

350 4174 464 4247 ἰἠν
494 4174 554 4228 δὲ
586 4175 728 4245 ὑπὲρ
770 4176 1077 4245 Ὠριγένους
1108 4174 1424 4243 ἀπολογίαν,
1454 4177 1530 4239 ὼς
1563 4176 1795 4246 ἔφημεν,
1841 4177 1869 4229 6

284 4268 575 4337 Πάμφιλος
604 4268 701 4320 σὺν
731 4266 977 4337 Εὐσεϐίῳ
1027 4267 1422 4338 καθειργμένος
1481 4268 1561 4338 τῷ
1604 4269 1868 4338 οἰκήματι

284 4359 690 4429 συνεγράψατο,
718 4361 813 4411 καὶ
845 4359 1048 4430 ταύτην
1080 4359 1215 4428 πρὸς
1238 4360 1366 4423 τοὺς
1401 4360 1458 4412 ἐν
1486 4360 1765 4428 μετάλλοις
1780 4361 1869 4415 διὰ

281 4453 522 4523 Χριστὸν
550 4451 1100 4523 ταλαιπωρουμένους
1127 4450 1255 4522 [500
1286 4451 1377 4524 R.]
1403 4452 1758 4522 διεπέμψατο,
1790 4446 1867 4506 ὧν

281 4541 349 4615 ἦν
375 4545 442 4596 τὸ
480 4543 793 4615 ἀκροθίνιον
832 4543 1260 4615 Πατερμούθιος,
1300 4546 1328 4598 6
1378 4546 1517 4615 μετά
1566 4545 1738 4617 βραχὺ
1764 4546 1863 4615 τῆς

284 4637 576 4707 Παμφίλου
600 4635 912 4699 ἀναλύσεως
942 4636 1028 4689 διὰ
1059 4637 1230 4706 πυρὸς
1264 4639 1355 4690 καὶ
1383 4637 1545 4701 αὐτὸς
1589 4638 1686 4691 σὺν
1749 4638 1867 4691 ἑτέ-

284 4748 399 4801 ροις
428 4730 523 4781 τὸν
559 4728 672 4797 βίον
697 4727 1029 4791 τελειωθείς.
1061 4724 1169 4780 Ἧν
1198 4729 1255 4781 δὲ
1290 4728 1578 4798 Παμφίλου
1605 4728 1867 4783 διδάσκα-

280 4820 370 4884 λος
406 4823 437 4873 6
465 4821 701 4889 Πιέριος,
733 4819 825 4872 τοῦ
884 4822 943 4873 ὲν
982 4818 1359 4891 Ἀλεξανδρείᾳ
1389 4820 1485 4872 καὶ
1510 4820 1673 4883 αὐτὸς
1730 4837 1867 4890 προ-

283 4911 534 4981 εστηκὼς
550 4912 924 4965 διδασκαλείου
946 4927 962 4943 ο
997 4912 1208 4980 μάρτυς
1236 4911 1293 4963 δὲ
1326 4912 1420 4965 καὶ.
1447 4913 1476 4963 ό
1507 4913 1725 4983 Πιέριος
1749 4911 1867 4981 ἅμα

282 5006 358 5074 τῷ
418 5004 634 5073 ἀδελφῷ
690 5001 944 5074 Ἰσιδώρῳ
1014 5002 1123 5054 τῶν
1186 5002 1494 5072 ἀθλητικῶν
1548 5002 1869 5067 ἀξιωθέντες

284 5096 591 5167 στεφάνων,
625 5090 727 5159 οἷς,
775 5094 850 5158 ὦς
884 5112 1036 5164 φασι,
1105 5095 1201 5148 καὶ
1252 5093 1388 5157 νεὼς
1435 5095 1528 5148 καὶ
1575 5090 1712 5147 οἴκοι
1762 5095 1867 5147 ὑπὸ

1972 3346 2279 3402 Demetrius
2311 3364 2415 3402 una
2449 3364 2571 3403 cum
2621 3348 2856 3421 {Egyptii
2904 3352 3175 3421 episcopis
3204 3354 3433 3425 aliquot,
3465 3372 3556 3411 sa-

1973 3440 2217 3495 cerdotio
2263 3456 2479 3510 quoque
2534 3441 2682 3495 illum
2731 3442 3025 3508 abjudicat,
3081 3448 3555 3503 subscribentibus

1974 3531 2136 3584 etiam
2194 3532 2372 3585 edicto
2430 3532 2575 3596 huic,
2630 3542 2895 3601 quotquot
2955 3544 3115 3589 antea
3174 3536 3451 3607 suﬂragati
3503 3539 3554 3593 ei

1974 3622 2223 3678 fuissent.
2270 3622 2345 3675 lta
2384 3624 2543 3691 igitur
2588 3623 2915 3677 Alexandria
2967 3625 3019 3679 in
3056 3627 3305 3681 exsilium
3340 3629 3553 3698 pulsum

1974 3711 2283 3781 Origenem,
2318 3713 2661 3767 Theotecnus
2708 3713 3012 3770 Palaestinae
3064 3718 3349 3786 episcopus
3379 3719 3555 3775 liben-

1974 3814 2057 3859 ter
2085 3806 2347 3861 Cacsareze
2386 3816 2441 3860 et
2480 3798 2678 3876 degere
2706 3808 2891 3877 jussit,
2926 3819 2980 3863 et
3023 3810 3090 3864 de
3117 3812 3400 3880 superiore
3433 3811 3553 3868 loco

1974 3896 2201 3951 docendi
2232 3905 2549 3965 potestatem
2588 3894 2736 3951 fecit.
2786 3897 2899 3953 Has
2928 3898 3018 3953 ille
3049 3914 3245 3955 causas
3285 3901 3461 3965 all‘ert,
3485 3918 3550 3958 ex

1970 3988 2171 4057 quibus
2218 4002 2410 4043 omnes
2444 3988 2548 4043 illa:
2578 3989 2866 4044 calumnia:
2918 3989 2971 4043 in
3028 3990 3317 4062 Origenem
3357 4010 3553 4063 erupe-

1973 4081 2100 4134 rint.

2041 4169 2174 4241 Ejus
2224 4186 2387 4242 porro
2432 4170 2776 4241 Apologiam,
2820 4182 2879 4227 ut
2929 4174 3184 4241 diximus,
3235 4177 3554 4245 Pamphilus

1970 4279 2077 4317 una
2115 4278 2237 4317 cum
2287 4261 2544 4329 Eusebio,
2594 4266 2870 4319 communi
2901 4281 3125 4321 carcere
3175 4268 3389 4333 inclusi,
3421 4284 3552 4323 con-

1971 4354 2329 4423 scripserunt,
2361 4354 2663 4423 eademque
2696 4355 2761 4408 ad
2790 4371 2906 4421 eos,
2947 4359 3038 4426 qui
3075 4375 3171 4428 pro
3214 4360 3416 4415 Christi
3449 4376 3551 4415 no-

1970 4448 2117 4502 mine
2160 4448 2226 4501 ad
2273 4447 2487 4502 metalla
2538 4449 2775 4503 damnati
2834 4451 3245 4516 exercebantur,
3296 4454 3551 4509 consola-

1972 4539 2106 4594 tioni
2163 4540 2449 4605 miserunt,
2510 4554 2740 4609 quorum
2793 4541 3049 4610 princeps
3100 4552 3220 4597 erat
3268 4544 3552 4597 Patermu-

1902 4618 1945 4672 Ῑ)
1974 4632 2117 4685 thius
2149 4629 2284 4701 (88),
2324 4633 2412 4700 qui
2452 4642 2569 4700 post
2603 4630 2873 4699 Pamphili
2918 4650 3014 4702 per
3062 4636 3377 4706 martyrium
3414 4637 3552 4691 etui-

1966 4721 2292 4791 grationcm,
2345 4721 2494 4775 brevi
2546 4721 2831 4790 interjecto
2884 4732 3146 4791 tempore,
3199 4724 3435 4781 ﬂaminis
3496 4736 3551 4782 et

1968 4813 2083 4878 ipse
2113 4827 2235 4865 cum
2270 4812 2389 4867 aliis
2425 4813 2535 4865 vita
2589 4813 2781 4881 pulsus
2812 4824 2913 4868 est.
2947 4814 3212 4884 Pamphili
3248 4828 3551 4889 prmceptor

1964 4903 2175 4958 Pierius
2206 4903 2323 4968 fuit,
2360 4906 2472 4972 ipse
2516 4921 2732 4974 quoque
2778 4906 2976 4961 schola:
3024 4907 3404 4963 Alexandrina:
3434 4927 3549 4964 tua-

1968 4999 2155 5067 gister,
2210 5007 2521 5067 martyrque
2567 4998 2732 5061 idem,
2777 5014 2881 5052 una
2938 5015 3061 5053 cum
3112 5000 3284 5055 fratre
3345 5003 3549 5056 Isidoro

1975 5089 2287 5143 certaminis
2340 5104 2594 5144 coronam
2651 5090 2882 5160 adeptus
2939 5103 3076 5147 est;
3138 5094 3334 5162 quibus
3384 5095 3547 5149 etiam

1637 5252 1880 5308 VARIIE
1919 5250 2336 5308 LECTIONES.

351 5372 402 5405 ⁸³
429 5371 671 5441 διωγμὸν
703 5368 888 5441 Δεκίου
925 5386 985 5433 ς.
1030 5439 1062 5441 __
1082 5370 1127 5401 '9
1157 5367 1321 5441 αυτόν
1350 5385 1483 5441 φασι
1510 5386 1569 5432 ς.

283 5445 403 5499 δέον
426 5458 549 5498 cum
574 5440 618 5495 Α
652 5444 806 5497 omisi
838 5440 913 5493 6v.

1672 5368 1715 5398 ⁶⁰
1747 5368 1842 5420 καὶ
1874 5378 2000 5421 ante
2022 5366 2301 5436 μετελθεῖν
2326 5382 2434 5420 om.
2474 5383 2553 5436 pr.
2578 5372 2642 5419 A.

1022 5439 1067 5471 "
1095 5440 1234 5493 κατά
1280 5439 1584 5509 Ὠριγένους
1613 5448 1735 5508 post
1769 5437 2159 5508 πρεσϐυτέρων
2188 5439 2340 5507 ponit
2369 5453 2430 5500 ς.

2739 5368 2782 5398 ⁶¹
2809 5367 3019 5435 μέλλων
3049 5367 3173 5420 add.
3208 5368 3271 5419 A.
3348 5367 3393 5399 “
3427 5376 3547 5435 post

2508 5438 2554 5468 “
2585 5438 2677 5491 τὸν
2719 5437 2891 5507 Ὠριγ.
2928 5439 3027 5507 τῆς
3065 5436 3238 5501 Ἀλεξ.
3269 5454 3331 5501 ς.

1789 5618 2025 5675 NOTAE.

359 5750 470 5819 (86)
506 5748 563 5819 S.
600 5745 863 5816 Epiphan.
901 5752 953 5798 et
979 5743 1089 5796 alii.

356 5809 469 5889 (ετ)
502 5809 893 5889 Tlieoct'istunr
910 5825 1066 5889 vocat
1182 5812 1401 5889 Hieron.
1438 5809 1535 5865 lib.
1566 5809 1643 5889 De
1673 5811 1859 5889 scrip}.

291 5880 472 5944 certes.
504 5885 745 5957 carnali;
777 5896 829 5941 et
855 5885 1055 5940 Euseb.
1086 5885 1179 5939 lib.
1221 5900 1292 5947 γι,
1332 5880 1470 5936 Hist.
1505 5881 1688 5937 eccles.
1722 5897 1769 5937 c.
1806 5882 1855 5934 7.

2044 5736 2158 5806 (88)
2203 5736 2353 5791 Alius
2380 5736 2471 5807 hic
2508 5736 2745 5790 videtur.
2784 5735 3191 5807 Patermuthius
3234 5741 3300 5791 ab
3333 5752 3421 5798 eo.
3449 5737 3544 5807 qui

1968 5809 2021 5861 in
2052 5808 2364 5877 Graecorum
2404 5806 2701 5875 Menolagio
2751 5816 2806 5860 et
2852 5806 3005 5860 Rom.
3068 5806 3475 5877 Martyrologio'
3508 5808 3543 5864 9

1963 5877 2088 5933 Julii
2120 5880 2220 5933 sub
2252 5876 2469 5933 Juliano
2500 5879 2759 5945 Aposwta
2796 5891 2990 5945 passus
3021 5876 3238 5934 dicitur.
