4090 6426
510 465 625 529 399

1689 471 1957 533 ΡΗΟΤΙΙ
2008 473 2517 536 ΡΑἹἪΙΑΒΕΗιΕ
2555 476 2667 539 CP.

3703 487 3811 551 400

510 574 805 645 templum,
862 575 1227 647 domusquea
1279 579 1386 649 pils
1443 578 1754 635 hominibus
1802 590 2089 635 construct:

2194 585 2323 647 (τῶν
2348 587 2719 643 εὐσεϐούντων
2743 589 3039 663 ἱδρύθησαν
3068 596 3134 652 ⁸⁸.
3174 596 3235 651 Ὀ
3263 597 3320 653 δὲ
3345 598 3490 666 θεῖος
3518 601 3810 673 Πάμφιλος

520 667 761 722 referunt
793 665 927 737 (89).
983 666 1183 725 Beatus
1229 679 1411 725 autem
1460 668 1777 741 Pamphilus
1821 671 2109 741 presbyter

515 769 656 822 erat,
712 768 769 812 et
811 757 1063 827 Origenis
1112 774 1236 813 enm
1292 762 1574 831 pleraque,
1641 763 1840 831 quibus
1894 778 2106 816 sacram

515 848 830 916 explanavit
889 849 1251 921 Scripturam,
1289 866 1387 906 sua
1443 868 1607 908 manu
1668 867 1923 908 exarasse
1970 852 2108 907 scri-

514 940 650 995 bunt
683 940 815 1012 (90).

1210 1031 1398 1088 CXIX.

740 1124 909 1179 Pierii
937 1127 1225 1197 presbyteri
1277 1130 1595 1197 scriptorum
1628 1129 1751 1184 libri
1785 1147 1880 1186 xtl.

583 1218 804 1273 Lectum
857 1230 941 1275 est
994 1222 1156 1276 Pierii
1213 1224 1519 1293 presbyteri
1570 1223 1771 1294 (quem
1826 1242 1932 1279 una
1979 1242 2102 1282 cum

512 1312 721 1367 Isidoro
772 1314 939 1367 fratre
992 1330 1254 1383 germano
1307 1316 1553 1386 martyrii
1608 1332 1704 1386 pro
1752 1316 1957 1373 Christi
2004 1335 2104 1374 no-

511 1406 659 1459 mine
711 1417 985 1460 certamen
1039 1408 1293 1473 subiisse,
1334 1408 1599 1477 Pamphili
1647 1426 1861 1478 quoque
1900 1422 2105 1483 marty-

510 1494 587 1548 ris
624 1495 677 1549 in
731 1511 1009 1550 sacrarum
1062 1495 1392 1551 Litterarum
1454 1499 1635 1552 studio
1683 1502 1985 1565 doctorem,
2023 1512 2103 1554 at-

508 1602 614 1655 que
642 1588 1024 1641 Alexandrina:
1060 1588 1263 1643 schola:
1314 1588 1631 1658 prafectum
1684 1592 1849 1645 fuisse
1898 1592 2099 1661 ferunt)

509 1680 757 1734 volumen
802 1680 1062 1733 librorum
1118 1683 1425 1735 duodecim.
1473 1682 1660 1751 Stylus
1696 1684 1770 1737 illi
1804 1684 2009 1745 clarus.
2037 1702 2101 1740 ac

507 1771 847 1838 perspicuus,
900 1778 955 1823 et
997 1772 1150 1840 quasi
1199 1783 1395 1840 Sponte
1435 1771 1628 1836 fluens,
1690 1774 1823 1826 nihil
1853 1775 2100 1844 exquisi-

504 1872 617 1917 tum
650 1878 760 1932 pra:
795 1879 853 1917 se
888 1865 1015 1928 fert,
1058 1866 1152 1918 sed
1193 1864 1338 1918 velut
1363 1880 1428 1918 ex
1480 1875 1726 1934 tempore
1770 1866 1947 1932 lusus,
1979 1869 2097 1938 pla-

504 1958 624 2012 cide
651 1973 713 2013 ac
745 1959 959 2024 leniter,
988 1960 1301 2027 sensimque
1349 1961 1607 2014 decurrit.
1656 1960 2094 2033 Enthymematis

505 2062 713 2113 autem,
772 2054 819 2105 si
865 2052 989 2119 quis
1042 2051 1201 2115 alius,
1254 2052 1491 2106 maxime
1536 2053 1796 2109 abundat.
1857 2052 2092 2110 Plurima

501 2155 721 2209 quoque
751 2154 946 2207 pra-ter
984 2156 1047 2195 ea
1095 2156 1215 2211 quae
1250 2142 1301 2194 in
1338 2141 1578 2197 Ecclesia
1615 2144 1775 2198 hodie
1822 2146 2091 2213 obtinent,

503 2234 673 2289 veteri
722 2234 973 2288 fortassis
1020 2250 1193 2300 more,
1241 2234 1428 2289 tradit.
1495 2236 1569 2289 De
1615 2236 1775 2292 Patre
1820 2247 2001 2292 tamen
2038 2249 2093 2293 et

502 2327 642 2381 Filio
683 2328 768 2397 pie.
819 2326 965 2398 93b
1016 2328 1211 2391 credit,
1258 2327 1362 2381 nisi
1390 2329 1531 2397 quod
1567 2330 1901 2385 substantias
1936 2334 2090 2397 duas,

503 2420 839 2488 totidemque
899 2432 1127 2475 naturas
1169 2436 1293 2475 esse
1335 2422 1506 2477 dicit:
1558 2424 1881 2478 substantiae
1912 2437 1967 2479 et
1993 2442 2091 2479 na-

507 2526 641 2569 tura:
704 2517 923 2569 nomine
973 2516 1270 2585 (quantum
1315 2533 1382 2571 ex
1441 2518 1508 2572 iis
1549 2533 1670 2586 qua:
1722 2518 1865 2573 hunc
1914 2518 2088 2573 locum

502 2607 830 2662 antecedunt
871 2618 924 2663 et
959 2620 1389 2678 consequuntur,
1437 2609 1745 2681 colligitur)
1781 2625 1878 2680 pro
1924 2611 2091 2682 hypo-

502 2701 630 2753 stasi
683 2715 853 2766 usus;
895 2715 1000 2754 non
1054 2702 1124 2753 ita
1178 2716 1325 2766 vero,
1371 2711 1433 2754 ut
1482 2703 1572 2770 qui
1622 2699 1754 2757 Ario
1785 2704 2084 2771 adhaerent.

504 2788 888 2844 Verumtamen
932 2792 997 2844 de
1049 2791 1255 2859 Spiritu
1309 2803 1498 2845 sancto
1545 2793 1850 2860 periculose
1899 2794 2086 2859 nimis,

500 2894 664 2953 atque
692 2899 880 2952 parum
928 2884 1015 2953 pie
1065 2885 1260 2949 docet,
1298 2885 1424 2937 dum
1470 2886 1616 2941 hunc
1658 2885 1938 2941 inferioris
1967 2900 2089 2941 esse

503 2975 710 3045 gloriae,
756 2989 917 3043 quam
966 2975 1037 3025 sit
1086 2972 1247 3027 Pater
1296 2984 1351 3027 et
1398 2973 1597 3039 Filius,
1631 2975 1883 3029 atlirinat.
1915 2975 2091 3031 Habet

500 3068 627 3121 item
657 3068 1024 3121 testimonium
1072 3066 1344 3135 quoddam
1392 3067 1444 3119 in
1500 3081 1566 3122 eo
1600 3067 1739 3123 lihro
1771 3068 1859 3137 qui
1897 3069 2088 3123 inscri-

500 3159 644 3212 bitur
682 3176 698 3208 ι
739 3159 789 3212 in
827 3158 1172 3227 Evangelium
1205 3156 1385 3224 Lucae,
1422 3178 1441 3210 ι
1468 3174 1534 3213 ex
1582 3174 1688 3228 quo
1712 3161 2085 3215 demonstrare

2211 680 2583 752 πρεσϐύτερος
2610 679 2679 753 ἦν
2702 699 2716 713 ⁸
2758 686 2853 738 καὶ
2884 688 3053 741 πολλὰ
3103 690 3159 743 δὲ
3187 691 3297 744 τῶν
3358 693 3668 763 Ὡριγένους
3727 698 3809 760 εἰς

2208 771 2306 838 τὴν
2339 772 2490 825 θείαν
2520 774 2559 825 Γ
2566 774 2742 847 ραφὴν
2771 776 3083 847 ἐξηγήσεων
3109 780 3214 852 ίδίᾳ
3257 784 3401 855 χειρὶ⁵
3428 785 3678 855 λέγουσιν
3702 788 3804 841 αὐ-

2207 864 2300 918 τὸν
2328 867 2691 935 γεγραφέναι.
3274 890 3277 891 ⁷

2919 1052 3070 1111 ΡΙΘ’.

2382 1142 2625 1210 Πιερίου
2654 1147 3067 1213 πρεσϐυτέρου
3108 1151 3280 1219 λόγοι
3321 1149 3617 1222 διάφοροι.

2290 1236 2633 1307 ’Δνεγνὼσθη
2674 1236 2878 1308 βιϐλίον
2910 1240 3128 1310 Πιερίου
3162 1244 3562 1314 πρεσϐυτέρου,
3616 1248 3677 1300 ὃν
3702 1250 3819 1302 καὶ·

2206 1328 2305 1380 σὺν
2331 1326 2410 1396 τῷ
2434 1329 2649 1399 ἀδελφῷ
2688 1330 2945 1401 Ἰσιδώρῳ
2999 1332 3090 1385 τὸν
3130 1334 3273 1406 ὑπὲρ
3311 1320 3551 1405 Χριστοῦ
3597 1341 3798 1408 ἀγωνί-

2206 1418 2403 1472 σασθαί
2432 1437 2597 1487 φασιν
2646 1423 2855 1489 ἀγῶνα,
2908 1426 3197 1495 Παμφίλου
3254 1445 3313 1480 τε
3370 1428 3465 1481 τοῦ
3514 1432 3797 1502 μάρτυρος

2204 1512 2491 1583 ὐφηγητὴν
2519 1512 2629 1567 τῶν
2662 1515 3135 1585 ἐκκλησιαστικῶν
3168 1520 3423 1587 γενέσθαι
3450 1523 3796 1593 μαθημάτων

2203 1608 2422 1659 καὶτοῦ
2472 1608 2612 1661 κατὰ
2678 1608 3085 1682 Ἀλεξάνδρειαν
3136 1615 3452 1684 ἡγήσασθαι
3498 1618 3793 1688 παιδευτη-

2206 1698 2342 1768 ρίου.
2380 1700 2590 1768 Λόγους
2612 1701 2668 1754 δὲ
2697 1702 2759 1754 τὸ
2796 1703 2999 1771 βιϐλίον
3020 1709 3265 1776 περιεῖχε
3297 1708 3388 1777 ιβ’.
3426 1709 3581 1763 Ἔστι
3610 1710 3665 1763 δὲ
3691 1710 3793 1781 τὴν

2202 1791 2402 1861 φράσιν
2433 1795 2611 1861 σαφής
2634 1810 2693 1845 τε
2716 1797 2809 1847 καὶ
2842 1795 3092 1867 λαμπρὸς
3113 1798 3208 1849 καὶ
3231 1798 3277 1829 ⁸⁸
3307 1799 3496 1869 ὥσπερ
3531 1800 3670 1870 ῥέων
3710 1801 3792 1871 τῷ

2200 1884 2363 1953 λόγῳ,
2399 1887 2563 1957 μηδέν
2598 1905 2657 1940 τε
2688 1890 2947 1960 ἐπιμελὲς
2972 1892 3403 1962 ἐνδεικνύμενος.
3459 1894 3574 1948 ἀλλ’
3604 1894 3681 1958 ὼς
3728 1895 3791 1959 ἐξ

2198 1979 2545 2049 αὐτοσχεδίου
2590 1982 2811 2049 ὁμαλῶς
2837 2000 2897 2035 τε
2928 1985 3023 2037 καὶ
3061 1984 3220 2049 λείως
3247 1987 3339 2039 καί¹
3386 1986 3572 2057 ἡρέμα
3621 1986 3787 2056 φερό-

2197 2086 2380 2139 μενος,
2406 2074 2519 2133 τοῖς
2548 2071 2604 2125 δὲ
2635 2072 2841 2143 ὲνθυμή
2853 2092 3038 2143 μασιν,
3071 2078 3230 2147 εἴπερ
3260 2096 3343 2142 τις
3394 2079 3576 2143 ἄλλος,
3632 2095 3785 2146 γονι-

2198 2160 2467 2229 μώτατος.
2505 2161 2624 2234 [161
2661 2163 2754 2236 IL]
2781 2165 2956 2219 Πολλὰ
2978 2166 3036 2220 δὲ
3065 2166 3169 2233 ἔξω
3194 2167 3304 2221 τῶν
3330 2167 3425 2221 νῦν
3457 2171 3517 2222 ὲν
3550 2171 3616 2238 τῇ
3657 2168 3786 2220 Ἔκ-

2200 2253 2400 2325 κλησίᾳ
2431 2256 2873 2327 καθεστηκότων,
2908 2258 3324 2331 ἀρχαιοτρόπως
3352 2260 3503 2327 ῑσως,
3544 2258 3787 2328 ἀποφαί-

2193 2362 2378 2398 νεται·
2431 2348 2568 2401 ἀλλὰ
2623 2350 2751 2419 περὶ
2799 2349 2899 2421 μὲν
2941 2351 3155 2422 Πατρδς
3205 2354 3299 2405 καὶ
3350 2350 3483 2405 Υἱοῦ
3541 2352 3783 2417 εὐσεϐῶς

2193 2440 2509 2510 πρεσϐεύει,
2544 2442 2686 2511 πλὴν
2713 2444 2796 2495 ὅτι
2825 2444 3015 2507 οὐσίας
3036 2444 3130 2497 δύο
3163 2445 3257 2497 καὶ
3289 2443 3480 2513 φύσεις
3508 2443 3603 2497 δύο
3630 2444 3781 2514 λέγει

2190 2533 2270 2603 τῷ
2298 2534 2397 2603 τῆς
2424 2534 2616 2598 οὐσίας
2653 2536 2748 2588 καὶ
2776 2535 2993 2605 φύσεως
3026 2536 3272 2605 ὀνόματι,
3306 2535 3381 2597 ὡς
3409 2535 3567 2607 δῆλον
3606 2535 3671 2589 ἐκ
3718 2553 3781 2589 τε

2190 2625 2299 2677 τῶν
2332 2626 2616 2693 ἑπομένων
2674 2628 2769 2680 καὶ
2804 2628 3238 2699 προηγουμένων
3258 2627 3352 2680 τοῦ
3381 2628 3607 2699 χωρίου,
3659 2629 3780 2682 ἀντὶ

2190 2718 2288 2784 τῆς
2329 2716 2699 2781 ὑποστάσεως,
2735 2719 2829 2772 καὶ
2861 2718 2961 2787 οὐχ
2999 2719 3074 2783 ὡς
3098 2719 3146 2771 οἱ
3176 2719 3219 2750 ⁸⁷
3264 2719 3459 2789 Ἀρείῳ
3503 2736 3785 2789 προσανα-

2190 2812 2466 2882 κείμενοι,
2532 2813 2834 2883 χρώμενος.
2886 2816 3022 2888 Περὶ
3076 2815 3260 2885 μέντοι
3303 2815 3396 2869 τοῦ
3458 2816 3779 2885 Πνεύματος

2189 2904 2506 2973 ἐπισφαλῶς
2539 2905 2660 2957 λίαν
2691 2908 2785 2959 καὶ
2837 2906 3115 2970 δυσσεϐῶς
3146 2906 3466 2977 δογματίζει
3494 2924 3507 2938 ο
3569 2908 3774 2960 ὑποϐε-

2190 2994 2417 3062 ϐηκέναι
2449 2996 2557 3068 γὰρ
2600 2996 2731 3050 αὐτὸ
2764 2998 2865 3066 τῆς
2907 2997 3003 3051 τοῦ
3060 2998 3273 3069 Πατρδς
3326 2998 3419 3050 καὶ
3452 2996 3583 3050 Υίοῦ
3635 2999 3777 3051 ἀπο·-

2190 3088 2391 3156 φὰσκει
2420 3086 2597 3157 δόξης.
2640 3089 2794 3158 Ἔχει
2848 3089 2905 3141 δὲ
2937 3088 3137 3161 χρῆσιν
3166 3090 3246 3152 είς
3301 3088 3393 3140 τὸν
3424 3088 3583 3156 λόγον
3638 3084 3699 3143 οὐ
3728 3089 3776 3121 ⁸⁸

2189 3181 2467 3250 ἐπιγραφὴ
2504 3198 2523 3230 ‹
2553 3182 2633 3243 είς
2661 3181 2722 3233 τὸ
2752 3182 2892 3234 κατὰ
2927 3182 3163 3244 Λουκᾶν,
3201 3198 3220 3231 ι
3258 3180 3325 3233 δι’
3368 3177 3437 3251 ἦς
3486 3181 3602 3233 ἐστι
3632 3198 3780 3251 παρ-

498 3251 649 3317 licet,
677 3252 934 3321 imaginis
988 3253 1251 3305 honorem
1300 3261 1356 3304 et
1407 3252 1841 3318 irreverentiam,
1902 3264 2086 3322 prolo-

2193 3274 2343 3343 ιστᾷν
2377 3274 2459 3326 ὃτι
2492 3275 2524 3343 ή
2574 3273 2674 3342 τῆς
2737 3274 2942 3336 εἰκόνος
2975 3274 3107 3344 τιμὴ
3142 3275 3235 3325 καὶ
3285 3276 3318 3343 ἡ
3352 3274 3394 3305 ⁸⁸
3429 3274 3624 3343 ἀτιμία
3672 3274 3776 3326 τοῦ

498 3344 605 3415 typi
665 3357 785 3397 esse
820 3344 1081 3397 honorem
1141 3344 1257 3396 sive
1296 3342 1733 3398 irreverentiam.
1783 3344 2083 3400 Obscurius

2192 3328 2541 3438 πρῶτοτύποί)
2708 3368 2841 3439 τιμὴ
2870 3369 2902 3439 ἢ
2925 3328 3329 3438 ’πάλινιὰτιμίαί
3365 3328 3779 3423 ’Υπαιινίττεται

495 3438 692 3491 deinde
721 3436 884 3490 etiam
925 3435 1036 3501 hic,
1081 3435 1381 3489 secandum
1436 3434 1688 3505 Origenis
1722 3451 1913 3506 nugas,
1946 3438 2085 3492 iudi-

494 3541 583 3585 cat
637 3531 845 3585 animas
895 3530 1294 3600 praeexsistere.
1332 3528 1387 3583 lu
1442 3546 1509 3585 eo
1548 3547 1676 3586 vero
1724 3532 1881 3599 libro,
1920 3548 2080 3602 quem

497 3626 548 3678 in
608 3623 840 3691 Pascha,
890 3634 944 3676 ct
978 3622 1171 3678 Oscam
1204 3624 1519 3694 prophetam
1553 3623 1666 3696 (9i)
1701 3625 1943 3694 scripsit,
1973 3626 2084 3695 agit

494 3730 722 3785 quoque
760 3717 825 3767 de
868 3714 1162 3768 Cherubim
1209 3714 1324 3784 (9'2)
1359 3732 1386 3768 a
1424 3715 1569 3769 Mose
1601 3714 1778 3778 factis,
1810 3726 1864 3769 et
1897 3717 1964 3770 de
1991 3715 2083 3769 Ja-

493 3807 614 3861 cobi
662 3806 862 3877 lapide,
898 3806 986 3859 ubi
1022 3805 1198 3862 factos
1244 3808 1465 3876 quidem
1502 3807 1622 3862 illos
1652 3807 1878 3873 fatetur,
1915 3818 1972 3862 at
1998 3808 2081 3862 di-

494 3903 632 3957 vina:
684 3912 892 3955 tantum
949 3900 1303 3971 providentiae
1354 3902 1561 3957 ratione
1597 3901 1765 3955 fuisse
1787 3916 2081 3958 concessos

492 4005 727 4064 nugatur
761 4011 775 4047 :
825 3995 980 4063 quasi
1017 4004 1111 4047 aut
1150 3993 1283 4047 nihil
1332 3993 1556 4058 fuerint,
1595 4001 1690 4046 aut
1735 3994 1880 4047 aliud
1924 3995 2081 4064 quid-

492 4089 637 4157 piam
686 4087 909 4151 fuerint,
967 4096 1060 4141 aut
1106 4084 1249 4138 aliud
1303 4084 1517 4157 [saltem
1576 4083 1663 4138 illa
1703 4083 1930 4157 fuerint]
1960 4100 2081 4154 quae

493 4181 633 4234 facta
685 4189 830 4233 sunt.
882 4177 1067 4249 Neque
1113 4180 1256 4232 enim
1315 4175 1540 4252 [inquit]
1595 4181 1878 4250 vestigium
1935 4180 2080 4234 aliud

491 4271 852 4344 praeferebant
891 4271 1122 4341 alicujus
1160 4272 1368 4334 formae,
1415 4273 1508 4325 sed
1554 4273 1765 4326 alarum
1816 4274 2082 4328 duntaxat

490 4365 728 4432 speciem
762 4362 1042 4418 fabulatur
1076 4363 1198 4417 illos
1246 4362 1410 4416 ferre.

570 4458 666 4513 llic
704 4456 915 4513 Pierius
955 4458 1068 4527 (95)
1104 4458 1388 4527 presbyter
1414 4456 1517 4511 fuit
1547 4457 1807 4513 Ecclesia:
1835 4457 2077 4513 Alexan-

488 4552 684 4615 drinae,
733 4566 857 4604 cum
893 4549 1150 4604 Theonas
1204 4551 1277 4604 illi
1310 4551 1621 4619 patriarcha
1658 4561 1937 4619 praeesset,
1974 4548 2081 4605 Ca-

2184 3459 2239 3511 δὲ
2272 3454 2448 3522 οὗτος,
2480 3460 2622 3512 κατὰ
2650 3460 2742 3512 τὸν
2793 3460 3102 3530 Ὠριγένους
3132 3458 3312 3526 ὕθλον,
3356 3459 3449 3512 καὶ
3479 3459 3777 3532 προύπαρ-

2186 3550 2265 3616 ξιν
2313 3550 2522 3621 ψυχῶν.
2555 3552 2706 3621 Ἔχει
2737 3550 2795 3604 δὲ
2836 3551 2934 3605 καὶ
2958 3553 3017 3605 ὲν
3063 3549 3142 3622 τῷ
3181 3552 3261 3614 είς
3310 3551 3372 3604 τὸ
3428 3552 3621 3622 Πάσχα
3676 3552 3778 3605 καὶ

2183 3645 2273 3697 τὸν
2314 3644 2472 3713 Ὠσηὲ
2498 3644 2642 3714 λόγῳ
2668 3646 2796 3715 περί
2818 3662 2878 3697 τε
2927 3644 3037 3697 τῶν
3093 3643 3434 3714 ποιηθέντων
3486 3644 3777 3716 Χερουϐιμ

2181 3735 2260 3806 τῷ
2288 3737 2514 3790 Μωῡσεῖ
2539 3738 2585 3769 ’θ
2617 3738 2712 3790 καὶ
2739 3738 2869 3806 περὶ
2897 3740 2996 3806 τῆς
3026 3735 3121 3790 τοῦ
3164 3736 3363 3790 Ἰακὼϐ
3428 3737 3653 3806 στήλης,
3711 3739 3775 3791 ἐν

2182 3824 2264 3891 οἷς
2291 3830 2391 3900 τὴν
2420 3828 2520 3900 μὲν
2545 3829 2761 3900 ποίησιν
2811 3830 2991 3883 αὐτῶν
3016 3830 3292 3900 ὁμολογεῖ,
3329 3831 3647 3900 οἰκονομίας
3711 3830 3775 3883 δὲ

2182 3922 2327 3995 λόγῳ
2383 3923 2807 3995 συγχωρηθῆναι
2865 3922 3237 3992 ματαιολογεῖ,
3288 3922 3364 3985 ὡς
3401 3922 3555 3975 οὐδὲν
3600 3918 3770 3993 ἦσαν,

2182 4014 2257 4075 ὡς
2283 4012 2471 4083 ἕτερον
2499 4008 2640 4084 ἦσαν
2670 4014 2735 4077 ⁷³,
2765 4012 2841 4076 ὡς
2870 4012 3057 4081 ἓτερον
3085 4011 3155 4064 τὰ
3180 4012 3227 4043 τ’
3258 4011 3624 4081 γεγενημένα,
3679 4012 3775 4063 οὐ-

2181 4104 2239 4157 δὲ
2266 4104 2309 4135 ⁷³
2336 4103 2506 4157 τύπον
2532 4104 2689 4159 ἄλλον
2716 4104 2879 4173 ἔφερε
2932 4106 3171 4175 μορφῆς,
3205 4102 3343 4156 ἀλλὰ
3370 4105 3532 4175 μόνον
3564 4102 3775 4176 πτερύ-

2182 4212 2294 4265 γων
2324 4196 2599 4265 κενολογεῖ
2625 4196 2670 4227 ⁷⁸
2708 4197 2896 4269 φέρειν
2918 4196 3060 4248 αὐτά
3090 4197 3301 4267 σχῆμα.

2253 4449 2421 4517 Οὗτος
2450 4456 2478 4507 ὁ
2509 4456 2730 4527 Πιέριος
2756 4453 3130 4527 πρεσϐύτερος
3176 4449 3244 4524 ἦν
3292 4454 3390 4525 τῆς
3417 4456 3561 4509 κατὰ
3588 4454 3772 4524 Ἀλεξ-

2181 4548 2433 4619 άνδρειαν
2480 4548 2805 4618 Ἑκκλησίας
2835 4547 3023 4601 Θεωνᾶ
3069 4547 3371 4618 τηνικαῦτα
3410 4548 3616 4620 ταύτης
3664 4550 3769 4619 ἀρε

487 4659 688 4712 rusque
725 4658 790 4697 ac
836 4642 1203 4697 Diocletianus
1252 4640 1555 4694 llcmanutn
1610 4651 1855 4696 tenerent
1906 4642 2075 4712 impe-

2192 4640 2621 4712 χιερατεύοντος,
2661 4640 2824 4712 ἡνίκα
2878 4642 3066 4710 Κᾶρος
3124 4640 3218 4693 καὶ
3263 4641 3647 4712 Διοκλητιανὸς
3692 4644 3767 4698 τὰ

487 4736 651 4789 rium.
691 4733 860 4802 Quem
895 4751 961 4789 eo
1003 4735 1257 4789 assiduus
1305 4734 1457 4789 labor
1488 4742 1650 4805 atque
1701 4735 1901 4801 ingenii
1954 4732 2074 4789 feli-

486 4832 625 4885 citas
682 4832 954 4900 provexit,
999 4846 1121 4886 cmn
1167 4846 1417 4901 magnam
1452 4830 1676 4899 insuper
1724 4846 1831 4884 non
1865 4829 2073 4898 absque

489 4926 722 4980 utilitate
759 4926 1087 4994 voluptatem
1135 4910 1187 4979 in
1223 4926 1337 4980 suis
1378 4925 1445 4981 ad
1480 4924 1687 4995 plebem
1714 4925 2073 4980 concionibus

2191 4734 2483 4805 Ῥωμαίων
2525 4734 2782 4805 σκῆπτρα
2834 4733 3053 4805 ἔφερον.
3110 4734 3222 4787 Καὶ
3273 4736 3366 4788 ἐπὶ
3414 4735 3670 4790 τοσοῦτον
3720 4737 3767 4791 δ’

2178 4828 2343 4881 αὐτὸν
2372 4827 2563 4882 ἐλάσαι
2618 4827 2838 4896 λέγουσι
2869 4826 3188 4896 φιλοπονίας
3248 4828 3342 4881 καὶ
3391 4829 3623 4897 εὐφυΐας
3669 4830 3769 4883 καὶ

2181 4921 2280 4991 τῆς
2303 4922 2360 4973 ἐν
2388 4920 2649 4990 πλήθεσιν
2677 4918 2893 4990 ὁμιλίας
2930 4919 3122 4991 τέρψιν
3166 4923 3429 4991 παρέχειν
3471 4921 3570 4975 σὺν
3615 4920 3767 4991 ὠφε-

1782 5058 2023 5114 VARUE
2060 5055 2474 5114 LECTIONES.

558 5181 602 5211 ⁸⁸
637 5178 963 5249 ἱδρύνθησαν
1001 5194 1095 5249 κς.-
1144 5176 1189 5207 ⁸⁸
1212 5176 1312 5249 καὶ
1342 5177 1465 5249 add.
1504 5180 1570 5231 A.
1646 5178 1689 5211 ⁸⁷
1719 5179 1767 5229 οἱ
1793 5177 1919 5249 add.
1951 5176 2067 5249 A._
2096 5176 2141 5206 ⁸⁸
2172 5167 2255 5243 οὗ]
2302 5166 2363 5249 οὗ
2461 5187 2521 5234 ς.
2557 5170 2701 5249 -.⁸9κή
2735 5179 2853 5239 post
2873 5168 2981 5249 ,καὶ
3008 5169 3133 5249 add:
3312 5170 3358 5249 1°
3385 5179 3507 5249 post
3536 5169 3766 5249 Μωύσεϊ

484 5266 606 5304 cum
664 5241 1012 5303 Belin-omisi
1066 5246 1143 5310 ὡς
1171 5246 1324 5299 οὐδὲν
1376 5242 1536 5317 ἦσαν.
1628 5250 1673 5281 τί
1703 5250 1779 5312 ὡς
1824 5248 2013 5317 ἕτερον
2038 5241 2179 5315 ἦσαν
2228 5241 2353 5297 add.
2386 5246 2452 5294 Α.

484 5321 531 5353 ⁷⁸
564 5321 873 5388 καινολογεϊ
898 5320 966 5371 Α.

2557 5241 2603 5272 τ’
2635 5242 2799 5311 ἕτερα
2822 5240 2891 5293 τά
2916 5257 2979 5304 ς.
3078 5241 3122 5272 ⁷³
3150 5239 3273 5293 ούδέ
3302 5241 3347 5293 Α
3380 5258 3394 5294 :
3436 5239 3513 5303 ὡς
3542 5240 3666 5293 οὐδέ
3698 5258 3761 5305 ς’.

1999 5403 2241 5463 NOTAE.

555 5507 668 5579 (89)
703 5505 972 5579 Epiphan.
1007 5506 1433 5579 inter__ca3teros,
1464 5509 1659 5563 haeres.
1695 5506 1786 5563 69.

557 5576 710 5651 (90)”
730 5576 787 5631 In
814 5576 923 5632 his
954 5587 1008 5630 et
1150 5576 1469 5649 Hieronym.
1500 5579 1575 5633 De
1597 5580 1781 5651 eccles.
1817 5578 2063 5646 scriptor.

484 5649 605 5722 cap.
644 5649 714 5704 75
742 5651 830 5703 ubi
864 5652 979 5722 haec
1006 5650 1194 5722 addit:
1238 5666 1257 5700 ι
1298 5651 1403 5722 Sed
1438 5663 1491 5703 et
1517 5650 1568 5703 in
1619 5650 1903 5722 duodecim
1935 5663 2064 5717 pro-

2174 5502 2455 5557 Tractatus
2509 5504 2573 5556 de
2624 5500 2876 5569 prapheta
2934 5498 3094 5573 Osee,
3143 5514 3305 5570 quem
3366 5498 3419 5553 in
3473 5502 3760 5573 pervigilio

2172 5574 2391 5629 Pascha:
2430 5574 2671 5626 habitum
2709 5585 2891 5625 sermo
2931 5572 3045 5637 ipse
3077 5573 3437 5625 demonstrat.

2244 5643 2357 5713 (9‘2)
2393 5642 2525 5709 Quae
2554 5652 2734 5713 autem
2766 5642 3037 5713 deinceps
3078 5651 3415 5713 sequuntur,
3437 5657 3503 5696 ex
3536 5642 3759 5712 supple-

482 5710 677 5790 ph'etas
733 5735 840 5774 xxv
886 5717 1238 5790 Ἐξηγήσεων
1292 5720 1541 5792 Origenis
1589 5719 1861 5774 volumina
1902 5710 2064 5772 manu
2170 5710 2377 5792 mento,
2438 5713 2583 5782 quod
2642 5711 2706 5792 in
2754 5710 2929 5792 Graeci
2984 5712 3316 5780 exemplaris
3369 5710 3759 5768 Notationibus

485 5782 602 5854 eius
633 5802 854 5845 exarata
888 5782 1089 5859 reperi,
1134 5807 1255 5860 quae
1306 5782 1456 5846 tan‘to
1490 5792 1791 5859 amplector
1816 5799 1871 5844 et
1906 5803 2067 5844 servo
2170 5786 2445 5860 exstabat,
2484 5782 2743 5860 translata
2772 5791 2921 5860 sunt.

486 5862 702 5930 gaudio,
726 5871 790 5930 ut
813 5861 985 5915 Croesi
1019 5877 1147 5929 Opes
1176 5862 1376 5917 habere
1405 5878 1490 5916 tne
1516 5863 1757 5917 credam.
1798 5879 1817 5912 ι

557 5928 671 6002 (9i)
723 5928 915 6002 llujus,
975 5928 1149 6003 inquit
1186 5931 1249 5989 B.
1292 5932 1543 5999 Hieron.,
1588 5940 1672 5989 est
1717 5930 2067 6001 longissimus

2241 5852 2353 5976 (95)
2396 5854 2673 5909 Laudatur
2705 5861 2758 5907 et
2788 5868 2817 5905 a
2852 5852 3075 5923 Niceph.
3125 5851 3221 5908 lib.
3252 5866 3327 5921 Vl,
3352 5867 3472 5923 cap.
3502 5853 3574 5910 55
3610 5852 3754 5909 Hist.

2241 5942 2260 5976 ε
2286 5962 2303 5976 .

2174 5941 2303 5981 εισι.
