4090 6408
314 407 411 472 401

1347 413 1875 475 BIBLIOTHECA.
1914 441 1981 450 -
2015 416 2233 478 CODD.
2265 419 2682 487 CXIX-CXXI.

3487 421 3608 489 402'

312 523 451 595 λείᾳ,
484 520 627 575 ὥστε
653 522 746 575 καὶ
780 520 899 575 νέον
922 521 1291 592 ὀνομασθῆναι
1329 524 1614 596 Ὠριγένην
1638 540 1650 553 ο
1699 520 1768 595 ἦν
1792 525 1899 594 γὰρ

2018 528 2243 596 ιίῐειτοι,
2260 544 2311 584 ιιι
2330 530 2590 604 Origenes
2613 536 2750 590 alter
2766 534 3242 606 cognominaretur
3265 553 3280 602 ;
3299 546 3413 591 erat
3432 539 3592 608 quip-

310 614 431 670 τότε
464 618 523 667 ἐν
552 617 666 675 τοῖς
688 614 1138 682 ἀξιολογωτάτοις
1183 616 1485 688 Ὠριγένης.
1539 616 1901 685 Διαλεκτικὴν

310 708 485 761 δὲκαὶ
538 708 834 779 ῥητορικὴν
872 708 1035 761 αὐτόν
1078 726 1243 777 φασιν
1283 709 1616 781 ἁσκηθῆναι,
1665 710 1761 763 καὶ⁵
1815 712 1906 776 ἑγ-

312 798 577 866 κρατείας
612 799 669 850 δὲ
716 800 810 852 καὶ
842 798 1092 852 ἑκουσίου
1150 799 1427 871 πτωχείας
1454 801 1692 872 ἐραστὴν
1749 802 1905 869 γενέ-

315 891 460 943 σθαι.
504 892 615 944 Καὶ
646 892 692 943 oi
726 891 826 960 μὲν
851 891 1014 944 αὑτὸν
1049 894 1143 944 καὶ
1176 893 1459 964 μαρτυρίῳ
1506 894 1597 946 τὸν
1657 891 1772 962 βίον
1814 909 1904 944 τε-

312 980 565 1045 λειῶσαι,
595 981 644 1033 οἱ
664 982 711 1013 ⁷⁸
734 981 790 1033 δὲ
818 980 955 1050 μετὰ
979 982 1068 1035 τὸν
1092 983 1334 1053 διωγμὸν
1372 984 1463 1037 τὸν
1491 984 1784 1038 ὑπόλοιπον
1810 982 1904 1036 τοῦ

314 1076 412 1143 ζῇν
440 1072 634 1142 χρόνον
657 1072 715 1126 ὲν
751 1071 940 1144 Ῥώμῃ
967 1072 1343 1141 διαγεγονέναι
1370 1075 1511 1128 ⁷⁶’⁷⁷.

1024 1162 1158 1219 ΡΚ’.

465 1251 793 1319 Εἰρηναίου
816 1253 968 1309 κατὰ
1007 1256 1297 1325 αἱρέσεων
1332 1259 1503 1329 λόγοι
1526 1260 1732 1316 πέντε.

395 1341 743 1417 Ἀνεγνώσθη
778 1347 983 1417 βιϐλίον
1043 1350 1337 1420 Εἰρηναίου
1377 1353 1681 1407 ἐπισκόπου
1730 1356 1909 1424 Λουγ-

312 1430 519 1486 δούνων
544 1435 624 1504 (ὲν
655 1437 880 1501 Κελτοῖς
912 1438 969 1491 δὲ
1002 1438 1071 1492 τὰ
1112 1440 1470 1513 Λούγδουνα),
1503 1443 1653 1511 λόγοι
1684 1452 1724 1497 ε’
1751 1462 1764 1475 ο
1792 1440 1853 1500 οὗ
1874 1449 1909 1506 ἠ

316 1526 605 1597 ἐπιγραφὴ
637 1528 921 1597 Ἐλέγχου
951 1530 1050 1584 καί
1079 1532 1429 1601 ἀνατροπῆς
1461 1534 1571 1601 τῆς
1600 1535 1912 1604 ψευδωνὺ-

309 1630 429 1682 pou
470 1617 787 1685 γνώσεως,
821 1620 980 1674 τοῦτο
1005 1622 1063 1676 δέ
1088 1624 1205 1677 ἐστι
1238 1627 1381 1679 κατὰ
1410 1628 1699 1698 αἱρέσεων.
1732 1623 1832 1682 ’Ὧν
1883 1632 1912 1683 ό

313 1705 557 1778 πρῶτος,
585 1709 971 1780 διαλαμϐάνων
1002 1715 1131 1785 περὶ
1157 1716 1511 1772 Οὐαλεντίνου
1547 1718 1668 1791 [501
1692 1720 1784 1793 11.]
1817 1722 1910 1773 καὶ

312 1799 571 1880 τῆςξκαΐ
603 1802 767 1855 αὐτὸν
798 1804 959 1857 ἀθέου
983 1807 1212 1878 πλάνης,
1239 1809 1549 1880 ἀπάρχεται
1576 1811 1913 1882 ῶσπεράνα-

315 1890 554 1953 ποδίζων
589 1893 687 1945 καὶ
720 1894 927 1949 ἄνωθεν
952 1894 1167 1963 διεξιὼν
1189 1900 1297 1955 ἀπὸ
1320 1902 1567 1971 Σίμωνος
1605 1904 1702 1956 τοῦ
1733 1904 1910 1974 μάγου
1948 1880 1985 1933 Β

318 1982 486 2053 μέχρι
520 1985 564 2015 ⁷⁸
593 1986 885 2055 Τατιανοῦ,
911 1989 970 2052 ὃς
997 1989 1065 2043 τὰ
1100 1991 1296 2062 πρῶτα
1339 1993 1587 2064 μαθητὴς
1628 1995 1915 2048 ἰουστίνου

315 2074 411 2126 τοῦ
478 2075 761 2147 μάρτυρος
794 2082 1146 2150 χρηματίσας
1179 2082 1409 2153 ὕστερον
1442 2087 1523 2147 εἰς
1564 2086 1776 2157 πλάνην
1829 2088 1917 2152 ἐξ·

315 2168 578 2238 εκυλίσθη
600 2171 645 2201 ⁷⁸
681 2173 968 2242 αἱρέσεως.
1016 2174 1135 2227 Ἔτι
1161 2174 1219 2227 δὲ
1261 2174 1616 2247 διαλαμϐάνει
1654 2178 1916 2248 περὶτῶν

318 2259 463 2323 ἰδίως
498 2263 816 2329 γνωστικῶν
847 2265 1197 2335 καλουμένων
1221 2268 1266 2299 ⁸ο
1302 2272 1397 2323 καὶ
1436 2269 1546 2322 τῶν
1583 2271 1823 2332 Καῖνῶν,
1847 2270 1918 2324 τὰ

321 2351 558 2423 βδελυρὰ
585 2355 765 2408 αὐτῶν
822 2355 1060 2420 ἐκτιθεὶς
1116 2357 1364 2428 δόγματα
1389 2376 1405 2391 ο
1455 2362 1513 2414 ἐν
1565 2356 1646 2424 οἷς
1682 2361 1775 2414 καὶ
1812 2365 1841 2415 ό
1870 2362 1914 2393 ⁸¹

322 2442 543 2512 πρῶτος
572 2443 755 2513 λόγος.
798 2445 858 2499 '0
884 2447 943 2499 δὲ
987 2446 1240 2518 δεύτερος
1278 2451 1608 2522 ἀνατροπὴν
1664 2452 1917 2522 περιέχει

320 2535 430 2586 τῶν
462 2540 581 2599 τοῖς
619 2537 973 2607 αίρεσεώταις
1025 2540 1241 2604 ἀσεϐῶς
1292 2540 1792 2612 δογματιξομένων.
1859 2545 1917 2597 '0

319 2626 378 2680 δὲ
403 2633 594 2696 τρίτος
628 2632 721 2681 καὶ
763 2630 1046 2701 Γραφικὰς
1075 2633 1197 2684 κατ’
1221 2633 1400 2685 αὐτῶν
1424 2634 1750 2705 προκομίζει
1782 2653 1919 2688 παν-

320 2721 565 2785 τοδαπὰς
623 2726 949 2794 μαρτυρίας.
1001 2725 1060 2777 Ὁ
1087 2726 1144 2778 δὲ
1175 2727 1439 2797 τέταρτος
1472 2728 1571 2791 τὰς
1617 2731 1769 2801 παρὰ
1810 2731 1918 2784 τῶν

320 2813 623 2880 αἱρετικῶν
672 2819 1099 2889 προτεινομένας
1151 2821 1388 2892 ἀπορίας
1439 2820 1662 2876 διαλύει.
1724 2823 1834 2875 Καὶ
1891 2826 1919 2876 ὁ

321 2905 581 2974 πέμπτος
607 2905 686 2971 δὲ,
722 2909 823 2961 ὅσα
852 2910 942 2963 διὰ
977 2912 1304 2982 παραϐολῶν
1324 2913 1519 2985 ἐλέχθη
1538 2931 1598 2967 τε
1629 2916 1726 2968 καὶ
1747 2916 1920 2987 ἐπρά-

321 2995 421 3066 χθη
456 2996 564 3051 ὑπὸ
589 2999 684 3051 τοῦ
720 3002 953 3071 Κυρίου.
992 3006 1055 3055 ἐκ
1082 3004 1189 3057 τῶν
1225 3006 1533 3059 ὑπολοίπων
1592 3008 1695 3077 τῆς
1746 3026 1920 3073 σωτη-

326 3089 553 3158 ριώδους
579 3093 746 3145 αὑτοῦ
784 3094 1133 3155 διδασκαλίας
1162 3100 1257 3151 καὶ
1304 3100 1368 3151 ἐκ
1395 3099 1508 3152 τῶν
1539 3100 1918 3154 ἀποστολικῶν

2006 635 2072 689 pe
2098 633 2224 678 tunc
2245 639 2433 679 eorum
2458 616 2778 689 innumero,
2807 629 2899 697 qui
2921 627 3156 681 maximo
3173 628 3224 681 in
3240 628 3410 696 pretio
3433 628 3596 681 habe—

2008 726 2218 779 rentur,
2240 714 2523 785 Origenes.
2544 718 2762 772 Addunt
2787 719 2837 771 in
2876 718 3178 773 dialecticis
3204 728 3367 787 atque
3406 719 3595 774 rheto-

2010 808 2136 860 ricis
2152 818 2452 888 Versatum,
2468 811 2836 881 temperantiae
2852 826 3069 879 quoque
3089 821 3144 864 et
3165 810 3305 864 ultro
3323 822 3593 880 suscepta:

2008 903 2346 968 paupertatis
2384 913 2682 955 amatorem
2724 900 2912 957 fuisse.
2948 902 3061 956 Nec
3099 903 3317 969 desunt,
3343 904 3432 973 qui
3465 919 3592 958 eum

2009 992 2272 1059 martyrio
2289 993 2451 1044 vitam
2479 991 2683 1045 liniisse
2702 993 2936 1058 tradant,
2959 993 3057 1046 etsi
3084 993 3172 1045 alii
3192 992 3303 1063 (94)
3323 1002 3443 1062 post
3474 1008 3597 1062 per-

2008 1082 2343 1135 secutionem
2365 1080 2632 1151 reliquum
2652 1082 2772 1134 vitae
2803 1079 2990 1136 Romae
3020 1084 3353 1153 transegisse
3379 1083 3592 1137 malint.

2651 1172 2816 1230 CXX.

2326 1266 2524 1322 Irenwi
2552 1270 2805 1323 adversus
2836 1269 3061 1325 liwresea
3087 1268 3206 1322 libri
3232 1284 3305 1323 tv.

2081 1357 2335 1428 Legimus
2365 1361 2693 1430 scriptormn
2731 1361 2843 1432 (95)
2892 1362 3081 1416 lrctnci
3112 1362 3347 1431 cpiScopi
3381 1360 3599 1431 Lugdu-

2010 1456 2197 1509 nensis
2263 1457 2391 1524 (est
2439 1466 2622 1509 autem
2674 1455 2859 1510 Gallia:
2906 1455 3130 1511 Celticaa
3197 1456 3327 1508 urbs
3380 1453 3599 1522 Lugdu-

2014 1547 2164 1617 num)
2194 1547 2359 1602 libros
2390 1549 2628 1617 quinque
2658 1548 2735 1601 sic
2762 1547 3057 1617 inscriptos
3090 1565 3102 1601 :
3140 1545 3401 1599 Elenchus
3442 1555 3599 1614 atque

2014 1636 2324 1706 Confutatio
2369 1638 2521 1704 falsi?
2548 1640 2801 1692 doctrina:
2836 1638 2950 1694 sive
2978 1650 3161 1691 contra
3192 1639 3433 1691 Iiwreses.
3454 1636 3608 1702 Quu-.

2016 1744 2133 1782 rum
2170 1730 2377 1797 primus
2409 1727 2521 1800 (96)
2555 1729 2622 1783 de
2643 1728 2928 1783 Valentino
2951 1745 3119 1800 agens
3150 1740 3314 1797 atque
3342 1730 3409 1782 ab
3434 1729 3600 1795 impio

2017 1823 2133 1887 ejus
2177 1835 2365 1873 errore
2420 1822 2624 1874 ducens
2675 1820 2910 1884 initium,
2967 1835 3186 1875 rursum
3226 1820 3378 1887 quasi
3429 1817 3602 1871 relato

2020 1915 2180 1983 pede,
2222 1914 2493 1982 altiusque
2549 1903 2777 1984 origine"
2803 1915 3053 1981 repetita,
3107 1921 3294 1965 narrat
3349 1925 3511 1979 porro
3568 1925 3597 1962 a

2021 2007 2244 2060 Simone
2296 2005 2453 2074 Mago
2517 2021 2688 2075 usque
2743 2009 2809 2058 ad
2865 2004 3178 2065 Tatiauuin,
3244 2005 3336 2071 qui
3401 1999 3599 2056 Justini

2020 2098 2275 2169 Martyris
2313 2098 2549 2167 primum
2598 2096 2924 2165 discipulus,
2981 2096 3034 2150 in
3085 2111 3326 2149 errorem
3381 2096 3597 2147 tandem

2019 2192 2245 2246 haeresis
2292 2189 2675 2259 prmcipitavit.
2732 2190 2961 2243 Disserit
2994 2199 3255 2259 prmtcrea
3290 2189 3355 2241 de
3389 2186 3477 2249 iis,
3506 2184 3600 2255 qui

2020 2283 2236 2350 prepric
2290 2280 2534 2335 Gnostici
2588 2280 2950 2350 appellantur,
3002 2279 3243 2347 itemque
3297 2278 3361 2332 (le
3415 2276 3601 2329 Cainis

2021 2373 2157 2440 (97),
2218 2372 2555 2427 exsecranda
2592 2370 2804 2425 illorum
2847 2370 2990 2442 94a
3020 2372 3269 2438 dOgmata
3302 2380 3598 2436 exponens.

2020 2465 2085 2518 Et
2120 2465 2233 2519 lucc
2264 2465 2481 2533 quidem
2524 2464 2661 2519 libro
2708 2464 2905 2533 primo.
2943 2461 3077 2515 Nam
3126 2463 3367 2516 secundo
3409 2475 3474 2513 ea
3513 2474 3600 2514 re-

2023 2556 2154 2611 lellit
2186 2573 2306 2626 quae
2352 2557 2421 2610 ab
2464 2557 2736 2611 luercticis
2783 2556 2945 2625 impie
2995 2565 3337 2607 asseruntur.
3384 2550 3604 2605 Tertius

2020 2650 2169 2701 varia
2222 2649 2485 2702 adversus
2524 2648 2647 2701 illos
2700 2644 2854 2699 affert
2900 2661 3071 2700 sacrae
3119 2642 3416 2712 Scriptura:
3450 2643 3605 2695 testi-

2023 2740 2225 2793 monia.
2280 2739 2520 2804 Quartus
2554 2748 2733 2792 autem
2765 2740 2832 2791 ab
2871 2737 3141 2791 haareticis
3176 2736 3418 2802 objectas
3459 2748 3604 2801 qum-

2021 2833 2225 2886 stioncs
2268 2833 2445 2886 diluit.
2508 2816 2742 2897 Quintus
2819 2830 3077 2893 tandem,
3131 2842 3468 2895 quascunque
3510 2840 3607 2895 per

2021 2924 2308 2995 parabolas
2341 2939 2371 2976 a
2407 2922 2625 2977 Christo
2663 2922 2807 2975 dicta
2858 2919 3067 2973 laetave
3120 2918 3345 2981 fuerint,
3379 2932 3500 2969 cum
3536 2930 3601 2968 ex

2023 3015 2228 3082 reliqua
2278 3012 2521 3081 ejusdem
2581 3012 2861 3066 salutifera
2906 3010 3175 3069 doctrina,
3216 3016 3325 3059 tum
3378 3022 3443 3060 ex
3476 3019 3605 3073 apo-

2021 3107 2286 3160 stolorum
2336 3105 2602 3174 epistolis,
2660 3104 3040 3157 haereticorum
3084 3098 3400 3168 imposturis
3441 3095 3605 3151 rel'el-

335 3182 645 3236 ὲπιστολῶν
697 3187 819 3249 ταῖς
851 3190 1159 3259 αἰρετικαῖς
1208 3191 1520 3262 τερθρείαις
1578 3195 1658 3257 εἰς
1698 3194 1917 3264 ἔλεγχον

2023 3197 2197 3251 lendis
2232 3198 2513 3266 aptissima
2560 3210 2681 3251 esse
2723 3198 3083 3250 demonstrat.

324 3276 595 3346 ἁρμόζειν
625 3282 950 3350 παρίστησι.

394 3370 580 3423 Πολλὰ
630 3371 687 3424 δὲ
716 3372 809 3426 τοῦ
843 3374 1132 3429 θεσπεσίου
1151 3377 1448 3449 Είρηναίου
1476 3380 1572 3432 καὶ
1602 3378 1919 3433 παντοδαπὰ

325 3466 418 3517 καὶ
474 3466 646 3537 ’ἐτερα
692 3470 1101 3540 συγγράμματα
1158 3473 1250 3526 καὶ
1306 3475 1590 3527 ἐπιστολαὶ¹
1638 3475 1917 3546 φέρονται,

327 3561 376 3611 εί
414 3562 512 3613 καὶ
542 3562 601 3615 ἒν
626 3579 771 3615 τισιν
813 3564 994 3617 αὐτῶν
1028 3568 1060 3637 ὴ
1091 3570 1189 3637 τῆς
1220 3568 1361 3622 κατὰ
1387 3569 1456 3621 τὰ
1490 3570 1922 3639 ὲκκλησιαστικὰ

328 3650 577 3721 δόγματα
608 3653 865 3724 ἀληθείας
897 3658 1153 3728 ἀκρίϐεια
1188 3661 1367 3726 νόθοις
1407 3663 1690 3733 λογισμοῖς
1728 3663 1919 3732 κιϐδη-

326 3741 571 3809 λεύεται,
603 3745 639 3798 ἃ
664 3746 768 3818 χρὴ
799 3752 1340 3820 παρασημαίνεσθαι.

397 3833 606 3886 Τοῦτόν
636 3854 768 3904 φασι
799 3840 1050 3906 γενέσθαι
1088 3843 1448 3915 Πολυκάρπου
1499 3845 1597 3915 μὲν
1620 3844 1713 3898 τοῦ
1778 3846 1923 3916 ίερο-

330 3924 617 3995 μάρτυρος
646 3927 905 3999 Σμύρνης
940 3932 1243 3989 ἐπισκόπου
1284 3935 1558 4007 μαθητὴν,
1616 3937 1923 4008 πρεσϐύτε-

335 4032 426 4085 ρον
460 4015 520 4068 δὲ
559 4016 839 4088 Ποθεινοῦ,
872 4016 934 4076 οὗ
962 4025 1056 4077 καὶ
1084 4026 1182 4096 τῆς
1236 4029 1544 4099 ἐπισκοπῆς
1577 4029 1687 4082 τῶν
1743 4031 1924 4099 Λουγ-

328 4109 534 4165 δούνων
563 4113 807 4185 διάδοχος
833 4119 1093 4190 κατέστη.
1129 4119 1344 4191 Βίκτωρ
1376 4121 1431 4174 δὲ
1453 4120 1563 4193 ἄρα
1585 4122 1712 4174 κατ’
1743 4122 1921 4174 ἐκεῖνο

328 4204 526 4275 καιροῦ
602 4206 819 4278 Ῥώμης
852 4212 1171 4275 ἐπεσκόπει,
1224 4215 1363 4284 πρὸς
1396 4214 1455 4267 ὃν
1508 4215 1604 4267 καὶ
1656 4214 1926 4278 πολλάκις

329 4298 557 4367 γράφει,
596 4301 877 4368 παραινῶν
910 4303 983 4375 μὴ
1018 4305 1205 4358 ἕνεκεν
1233 4306 1279 4338 ⁸²
1310 4310 1412 4377 τῆς
1435 4309 1564 4377 περὶ
1598 4308 1692 4361 τοῦ
1721 4309 1917 4380 Πάσχα

330 4387 633 4458 διαφωνίας
661 4391 815 4457 τινὰς
846 4395 948 4464 τῆς
979 4397 1303 4466 Ἐκκλησίας
1318 4401 1743 4472 ἀποκηρύττειν.

1024 4484 1202 4542 PKA'.

450 4572 821 4630 Ἱππολύτου
864 4576 1013 4629 κατὰ
1055 4576 1346 4643 αἱρέσεων
1381 4578 1769 4647 βιϐλιδάριον

419 4664 767 4738 Ἀνεγνώσθη
796 4664 1127 4738 βιϐλιδάριον
1164 4666 1485 4723 Ἱππολύτου
1511 4687 1524 4701 ο
1562 4670 1814 4741 μαθητὴς
1859 4668 1921 4723 δὲ

1958 4620 2005 4675 D

2093 3379 2251 3433 Plura
2289 3380 2401 3449 (98)
2442 3394 2571 3432 vero
2604 3377 2843 3447 ejusdem
2884 3375 3056 3431 sancti
3100 3373 3285 3429 lrenaai
3332 3387 3396 3426 ac
3455 3371 3607 3424 varia

2022 3475 2219 3545 scripta
2261 3484 2315 3528 et
2362 3472 2602 3539 epistola:
2648 3468 3139 3532 circumferuntur;
3186 3464 3286 3519 etsi
3330 3465 3382 3517 in
3417 3462 3611 3532 aliqui-

2024 3563 2123 3615 bus
2153 3560 2647 3615 ecclesiasticorum
2673 3559 2981 3628 dogmatum
3010 3565 3156 3610 certa
3181 3554 3381 3609 veritas
3409 3554 3609 3623 Spltl‘iis

2023 3655 2327 3709 rationibus
2349 3652 2518 3708 fucari
2545 3641 2777 3717 videiur,
2806 3665 2925 3719 qua:
2951 3652 3301 3704 observassse
3330 3644 3607 3701 c0nvenit.

2095 3835 2262 3891 Aiunt
2281 3832 2416 3904 (98')
2437 3833 2579 3886 hunc
2594 3829 2875 3900 Polycarpi
2895 3827 3009 3895 ejus
3038 3827 3125 3896 qui
3152 3836 3375 3898 sanctus
3407 3832 3613 3892 martyr

2024 3942 2077 3985 et
2110 3928 2356 3998 Smyrna:
2396 3926 2681 3993 episcopus
2714 3921 2846 3987 fuit,
2893 3920 3214 3990 discipulum
3254 3918 3438 3981 fuisse,
3492 3932 3613 3985 pre-

2027 4022 2307 4091 sbyterum
2344 4031 2475 4071 vero
2504 4013 2756 4079 Pothini,
2800 4014 2885 4067 cui
2923 4021 2977 4066 et
3014 4014 3066 4064 in
3114 4008 3455 4080 Lugduucusi
3498 4007 3613 4073 epi-

2026 4122 2253 4181 scopatu
2285 4110 2568 4166 successit.
2606 4105 2792 4160 Victor
2816 4121 2879 4158 ea
2916 4112 3235 4171 tempestate
3259 4101 3441 4153 Roma:
3474 4112 3612 4167 pon-

2028 4204 2250 4258 tiﬁcium
2289 4202 2507 4255 tenuit:
2555 4214 2716 4269 quem
2755 4196 2962 4251 crebris
3004 4194 3198 4247 litteris
3249 4192 3497 4245 hortatus
3531 4198 3615 4242 est

2027 4295 2264 4350 lrenazus
2284 4332 2300 4359 ,
2329 4308 2395 4346 ne
2427 4293 2495 4347 ob
2516 4290 2802 4344 Paschalis
2834 4287 3227 4342 dissensionem
3260 4285 3327 4336 ab
3360 4280 3605 4335 Ecclesia

2029 4386 2240 4456 aliquos
2269 4384 2547 4440 abdicaret
2571 4380 2706 4454 (99).

2732 4466 2919 4523 CXXI.

2316 4565 2594 4636 Hippolyti
2619 4562 2823 4617 libellus
2856 4571 3039 4613 contra
3083 4560 3329 4610 hwreses.

2103 4664 2232 4734 Legi
2267 4662 2504 4716 libellum
2534 4658 2803 4729 Hippolyti
2834 4656 2911 4727 (t)
2941 4653 3053 4725 (qui
3097 4651 3283 4705 lreuzei
3320 4644 3618 4715 discipulus

1665 4832 1904 4888 VARle
1947 4826 2358 4888 LECTIONES.

408 4916 610 5011 '33:?-
669 4910 1908 5011 12":95%";fmetmtéraadd-erade"!
1941 4924 1982 4979 ο
2013 4905 3256 5011 ιιειυειιηειιιιρεξειε.λ,ἐνέλλιιδιιιιιεκξεριρ
3282 4903 3456 4967 οὕτως
3493 4902 3617 4975 εκον

335 4985 592 5057 εὓρηται-
669 4986 717 5020 ⁷⁸
746 4986 874 5060 ἀχρι
898 5004 962 5051 ς’.
1036 4987 1082 5019 ⁷⁸
1113 4979 1478 5064 μετεκυλίσθη
1502 5010 1563 5058 ς.
1637 4994 1684 5027 ⁸⁸
1710 4993 2020 5065 λεγομένων
2047 5008 2108 5055 ς.
2184 4988 2228 5021 δι
2258 4988 2286 5039 ό
2312 4979 2441 5056 post
2464 4984 2559 5038 καὶ
2587 4983 2710 5036 add.
2735 4979 2801 5033 A.

2957 4978 3121 5031 ἕνεκα
3150 4994 3211 5041 ς.

1896 5125 2138 5184 NOTAE.

413 5220 529 5294 (οι)
566 5221 627 5275 Β.
676 5219 900 5294 llieron.
951 5237 1071 5294 cap.
1119 5223 1189 5278 76
1220 5222 1490 5289 Catnlogi,
1521 5239 1588 5279 ex
1613 5238 1728 5294 7quo
1756 5224 1924 5280 etiam

338 5293 613 5364 hic‘locus
633 5292 1005 5350 conformatus
1023 5292 1267 5349 Vvidetur.
1315 5294 1383 5347 Et
1419 5294 1567 5347 Rom.
1598 5293 1929 5364 Martyrolo-

337 5363 825 5435 ςὶιωηιιΝονιιὲιῐ)ζ
1114 5434 1121 5435 7
1198 5433 1205 5435 7
1384 5434 1389 5435 7
1484 5434 1487 5435 7
1676 5363 1767 5435 ἐξ

416 5436 528 5505 (95)
564 5434 735 5499 Quem
784 5430 975 5505 ὕπερθε
1019 5433 1305 5505 scripsisse
1344 5434 1527 5490 allatis
1568 5450 1639 5489 ex
1669 5433 1925 5499 Eusebio,

342 5502 690 5559 Theodoreto
734 5513 791 5558 et
841 5502 1142 5573 Epiphanio
1186 5503 1532 5572 fragmentis,
1588 5506 1788 5559 evincit
1832 5507 1931 5559 do-

344 5577 498 5629 t'liSS.
564 5573 804 5628 Brisson.
854 5576 924 5629 ad
992 5573 1029 5626 Ι.
1086 5573 1420 5628 Dominicam
1468 5573 1603 5630 Cod.
1666 5575 1926 5628 Tlteorlos.

344 5644 533 5715 quue
586 5644 744 5715 longe
789 5643 1016 5698 uberius
1060 5643 1257 5699 Franc.
1292 5643 1695 5701 Feuardentius
1729 5662 1742 5699 :
1774 5646 1929 5713 cujus

346 5714 613 5769 Irenzeum
639 5715 781 5768 vide.

420 5783 739 5858 (976)_H7uj7us
785 5783 910 5858 libri
950 5783 1110 5858 primi
1158 5800 1411 5858 magnam
1440 5794 1651 5858 partem
1680 5783 1925 5841 invenies

354 5853 491 5925 apud
521 5854 790 5926 Epiphan.
827 5856 1018 5910 haeres.
1052 5853 1142 5909 3!.

2096 5216 2473 5292 (97)A7_Cai_n
2498 5217 2704 5292 dictis,
2760 5211 3133 5267 commodiore
3180 5208 3390 5273 forma,
3454 5222 3617 5277 quam

2035 5292 2080 5346 si
2107 5287 2241 5345 "cum
2268 5290 2391 5343 aliis
2418 5287 2652 5343 Caianos
2682 5298 2866 5337 voces.

2108 5361 2221 5433 (98)
2255 5360 2385 5433 Quae
2430 5354 2766 5433 recenset
2818 5352 2965 5407 Hier.
3003 5350 3073 5405 55
3112 5366 3234 5421 cap.
3285 5347 3526 5417 Catalogi
3566 5362 3620 5402 et

2035 5426 2251 5501 Euseb.
2277 5430 2370 5485 lib.
2407 5445 2460 5489 ν,
2496 5442 2618 5501 cap.
2650 5426 2745 5479 25.
2923 5493 2950 5501 77
3137 5489 3149 5501 ,

2108 5500 2261 5574 (98')
2294 5487 2492 5555 Euseb.
2530 5487 2627 5552 li'b.
2664 5512 2716 5562 v,
2751 5509 2870 5563 cap.
2919 5493 2973 5557 5,
3031 5504 3085 5547 et
3137 5489 3191 5544 in
3256 5488 3510 5557 Calalogo
3557 5487 3619 5540 Β.

2043 5571 2268 5627 Hieron.

2103 5642 2247 5714 (99)
2284 5639 2585 5714 Episcopos
2629 5635 3011 5714 AsianosLut
3057 5635 3133 5688 ait
3159 5631 3222 5685 Β.
3257 5630 3481 5685 lliernu.
3520 5629 3608 5681 ubi

2035 5704 2156 5777 sup.
2199 5704 2254 5764 et
2285 5704 2497 5764 Euseb.—
2530 5708 2624 5760 lib.
2661 5722 2713 5777 ν,
2746 5720 2865 5773 cap.
2890 5704 2981 5758 24.

2102 5768 2175 5851 (l)
2206 5780 2379 5834 Antea
2422 5778 2638 5851 Arabiae
2661 5768 3080 5851 yetropolitani,
3107 5783 3227 5851 post
3255 5787 3376 5851 cum
3396 5768 3622 5851 Enniam

2033 5842 2273 5908 venisset
2320 5866 2351 5905 a
2406 5849 2629 5905 Callisto
2659 5842 3175 5901 Pont.‘l’ortuensis
3210 5842 3378 5911 episc.
3426 5842 3623 5904 creati,
