4090 6422
469 387 581 452 463

1646 396 1911 458 PIIOTII
1951 398 2463 461 ΡΑΤΗῙΑΒΟΗίΕ
2502 401 2609 462 CP.

3650 405 3753 468 σίῡᾷ

470 500 599 571 fuit)
628 509 817 555 contra
854 500 989 561 duas
1022 510 1075 561 et
1124 503 1345 573 triginta
1384 508 1646 563 luereses.
1673 510 2001 578 Auspicatus
2034 526 2061 563 a

2186 512 2466 582 ΞΣΞρηναίου
2502 516 2530 566 ό
2569 512 2905 575 Ἱππόλυτος.
2944 507 3052 565 Ἦν
3090 512 3236 565 δὲτὸ
3272 510 3559 585 σύνταγμα
3618 520 3758 570 κατὰ

467 595 819 649 Dositheanis
846 595 922 666 (Ξ)
953 612 1126 666 usque
1171 599 1238 651 ad
1283 597 1439 654 Noeti
1472 600 1550 669 (5)
1590 610 1644 654 et
1676 600 2065 657 Noetianorurn

469 687 710 741 lnereses
734 701 748 739 :
781 702 921 757 quas
946 687 1131 755 refert,
1150 690 1355 745 Irenaeo
1383 692 1709 759 disserente,
1735 696 2067 763 argumentis

471 780 784 851 proﬂigatas
811 801 824 837 :
856 783 1158 854 horumque
1183 794 1625 855 argumentorum
1657 804 1921 841 summam
1957 788 2070 841 col-

473 875 725 941 Iigentem
757 890 835 939 se,
858 876 1098 929 libellum
1129 878 1271 931 hunc
1297 877 1709 946 conscripsisse.
1737 876 1929 932 Oratio
1949 880 2068 948 ejus

473 969 618 1023 clara
648 978 726 1022 est
747 1010 761 1029 ,
786 984 849 1022 ac
872 969 1114 1023 nonnihil
1140 970 1318 1040 gravis
1336 1012 1351 1035 ,
1378 972 1708 1040 minimeque
1737 972 2067 1038 redundans,

474 1062 576 1114 etsi
630 1061 695 1115 ad
729 1064 969 1115 Atticum
1002 1079 1309 1117 sermonem
1361 1082 1466 1120 nou
1515 1067 1722 1119 tendat.
1754 1065 1942 1120 Refert
1968 1082 2071 1119 au~

479 1166 581 1205 ιριιι
614 1170 735 1206 cum
769 1156 872 1210 alia
909 1172 1013 1209 non
1061 1158 1283 1211 omnino
1316 1159 1502 1226 proba,
1538 1166 1648 1209 tum
1684 1158 1968 1225 epistolam
2004 1157 2069 1210 ad

476 1245 731 1301 Ilelira'ns
776 1264 881 1301 nun
917 1263 1039 1302 esse
1075 1247 1227 1303 Pauli
1274 1251 1504 1317 apostoli
1548 1251 1648 1320 (4).
1690 1249 1897 1303 Ferunt
1940 1250 2070 1304 item

478 1340 623 1393 hunc
676 1344 967 1395 conciones
1019 1341 1086 1394 ad
1123 1342 1404 1410 populum,
1450 1343 1702 1411 Origenis
1746 1343 2073 1410 intitatiOne,

481 1434 758 1496 habuisse,
779 1433 976 1502 illoque
1003 1434 1419 1487 familiarissime
1440 1444 1704 1500 utentem,
1729 1444 1936 1488 tantum
1956 1450 2075 1489 esse

479 1523 680 1576 factum
722 1524 1049 1592 scriptorum
1086 1522 1327 1593 ejusdem
1356 1524 1766 1589 admiratorem,
1800 1534 1859 1578 ιιι
1897 1524 1965 1579 ad
1995 1525 2077 1579 di-

482 1615 663 1665 vinam
699 1611 1040 1682 Scripturaut
1098 1614 1491 1668 commentario
1536 1614 1909 1669 illustraudam
1948 1614 2079 1668 hor-

492 1707 657 1757 tando
689 1704 960 1773 impulerit
993 1704 1070 1773 (5)
1106 1722 1120 1758 :
1152 1705 1351 1757 additis
1395 1706 1558 1761 etiam
1592 1704 1674 1763 illi
1732 1721 1829 1759 suo
1862 1715 2077 1774 sumptu

490 1808 697 1864 septem
750 1798 1011 1861 uomriis,
1066 1797 1156 1866 qui
1196 1798 1397 1850 dictata
1436 1797 1692 1851 celeriter
1736 1798 2076 1867 exciperent,

488 1881 825 1958 totidemque
875 1889 1154 1955 librariis,
1219 1890 1308 1957 qui
1368 1899 1626 1942 accurate
1677 1891 2076 1945 describerent.

493 1979 620 2033 Ilzrc
662 1982 825 2050 igitur
860 1981 1370 2034 subministrantem
1412 1980 1798 2050 Hippolytum,
1849 1982 1966 2035 sine
1992 1998 2078 2036 re-

492 2076 750 2130 missione
800 2076 1020 2129 solitum
1072 2076 1289 2142 exigere
1336 2090 1505 2143 opus,
1559 2076 1699 2143 quod
1748 2074 2082 2129 elaborasset

490 2166 753 2237 Origenes
821 2185 835 2221 :
886 2176 1049 2236 atque
1120 2168 1245 2220 hinc
1300 2167 1465 2219 etiam
1528 2166 1711 2235 operis
1771 2177 2079 2221 exactorem

494 2259 723 2329 epistola
761 2261 995 2327 quadam
1051 2258 1118 2313 ab
1151 2273 1215 2313 eo
1269 2258 1559 2313 nominari.
1631 2256 2083 2313 Conmemorant

494 2366 678 2407 autem
728 2352 830 2425 (6)
883 2359 937 2406 et
980 2352 1127 2406 hunc
1180 2351 1284 2404 alia
1351 2359 1616 2420 practerea
1664 2350 1893 2419 plurima
1949 2351 2085 2406 scri-

494 2449 689 2517 psisse.

1183 2536 1397 2593 CXXII.

690 2628 872 2685 Sancti
909 2629 1193 2701 Epiphanii
1226 2630 1592 2686 Panariorum
1634 2630 1754 2684 libri
1782 2645 1880 2684 vn.

572 2792 714 2864 94b
752 2792 1006 2863 Legimus
1033 2791 1359 2846 sanctissimi
1402 2792 1640 2860 episcopi
1675 2787 1959 2859 Epiphanii
1991 2788 2087 2842 ad-

500 2902 691 2939 versus
708 2887 977 2955 octoginta
999 2885 1233 2940 hzcreses
1253 2884 1513 2950 Panaria,
1535 2884 1901 2938 voluminibus
1920 2882 2090 2937 tribus

502 2980 558 3034 in
595 2978 759 3033 libros
789 2988 997 3047 septem
1035 2978 1346 3032 distributa.
1377 2977 1549 3032 Ducto
1585 2977 1749 3045 igitur
1784 2993 1809 3027 a
1844 2976 2089 3030 barbari-

503 3088 621 3127 atno
658 3070 845 3133 initio,
880 3072 1053 3124 tendit
1096 3071 1218 3124 inde
1273 3086 1441 3139 usque
1472 3071 1537 3121 ad
1568 3068 1917 3123 Messalianos
1951 3067 2086 3137 (7):

503 3166 755 3225 caeteris,
810 3164 900 3233 qui
938 3173 1066 3216 ante
1119 3164 1293 3232 ipsum
1340 3172 1529 3215 contra
1575 3164 1807 3215 Inereses
1855 3160 2089 3227 scripse-

506 3268 635 3311 ruttt
673 3257 807 3326 (8),
847 3256 1117 3326 copiosior
1176 3266 1340 3325 atque
1387 3256 1610 3308 utilior:
1642 3265 1922 3323 propterea
1951 3252 2093 3323 quod

506 3367 629 3421 qua:
660 3352 851 3420 reliqui
884 3350 1035 3403 utilia
1062 3349 1439 3411 continebant,
1467 3348 1554 3401 hic
1584 3362 1926 3414 nequaquam
1963 3359 2099 3415 prae-

508 3444 779 3510 termisit;
816 3444 907 3497 sed
930 3457 1286 3512 quacumque
1310 3451 1508 3509 prazter
1540 3440 1630 3494 illa
1663 3440 1907 3494 studiose
1949 3452 2100 3507 repe-

512 3537 625 3592 rire
680 3538 889 3607 potuit,
958 3536 1227 3605 adjunxit.
1282 3534 1457 3588 Dictio
1514 3533 1632 3603 ejus
1689 3532 1953 3596 humilis,
2036 3546 2101 3585 ac

466 3656 469 3659 λ
509 3630 674 3699 plane
714 3630 870 3693 talis,
904 3629 1120 3697 qualem
1152 3627 1269 3697 ejus
1303 3640 1424 3682 esse
1458 3627 1731 3695 oportuit,
1769 3627 1859 3694 qui
1910 3626 2101 3679 Atticae

509 3721 791 3788 elegantim
826 3719 1093 3772 rationem
1153 3717 1351 3770 nullam
1389 3718 1633 3769 duceret.
1668 3714 1927 3768 Inﬁrmus
1973 3727 2101 3764 vero

513 3820 574 3863 ut
610 3809 899 3879 plurimum
954 3817 1037 3862 est
1088 3807 1140 3860 in
1198 3805 1538 3859 conllictibus
1591 3804 1849 3858 adversus
1911 3800 2103 3868 impias

514 3902 751 3956 haereses
785 3900 1076 3968 susceptis.
1110 3898 1205 3953 Est
1256 3908 1436 3953 tamen
1470 3898 1559 3951 tibi
1605 3896 1821 3950 fortiter
1857 3893 2104 3962 aggredi-

516 4004 609 4049 tur
651 4004 812 4061 atque
859 3994 1051 4057 irruit,
1107 3992 1358 4061 quamvis
1387 4006 1563 4059 neque
1589 3988 1878 4043 verborum
1912 3986 2100 4056 ipsius,

519 4101 697 4155 neque
754 4085 1183 4140 conStructiouis
1244 4084 1552 4154 proprietas
1629 4081 1738 4135 ulla
1796 4096 1866 4136 ex
1949 4086 2106 4149 parte

520 4178 870 4249 praestantior
905 4176 1191 4232 eﬂiciatur.

1201 4268 1437 4326 CXXIII.

996 4360 1253 4428 Eiusdem
1297 4365 1621 4415 Ancoralus.

586 4455 843 4526 Legimus
865 4454 1106 4525 ejusdem
1131 4456 1455 4507 Ancoratum
1487 4452 1590 4519 (9)
1628 4467 1749 4519 qua
1774 4449 1927 4519 quasi
1952 4462 2098 4502 com-

524 4550 812 4622 prehensio
840 4548 1086 4618 quaedam
1121 4548 1340 4601 brevior
1369 4557 1453 4601 est
1487 4545 1866 4599 Panan’orum.

2172 604 2437 672 αἱρέσεων
2481 604 2581 674 λβ’,
2613 606 2790 674 ἀρχὴν
2836 602 3160 673 ποιούμενον
3193 603 3323 677 [16⁸2
3363 604 3455 678 Η.)
3506 606 3759 659 Δοσιοεα-

2173 698 2319 760 νοὺς,
2356 697 2640 768 καὶμέχρι
2670 696 2881 766 Νοητοῦ
2935 698 3029 750 καὶ
3082 697 3403 767 Νοητιανῶν
3462 698 3761 766 διαλαμόά⁹

2172 803 2262 839 νον
2290 786 2359 840 ⁸³.
2392 786 2605 849 Ταύτας
2631 788 2689 840 δέ
2719 804 2886 857 φησιν
2914 787 3159 857 ἐλέγχοις
3221 788 3593 860 ὑποϐληθῆναι
3636 790 3758 858 ὁμι-

2173 878 2391 943 λοῦντος
2450 880 2762 950 Εἱρηναίου,
2818 873 2895 932 ὧν
2938 880 3034 933 καὶ
3082 880 3304 949 σύνοψιν
3354 882 3383 933 ὁ
3447 880 3762 944 Ἱππόλυτος

2177 974 2502 1041 ποιούμενος
2524 971 2640 1023 τόδε
2688 971 2750 1023 τὸ
2802 969 3006 1040 βιὸλίον
3040 973 3174 1041 φησὶ
3202 973 3612 1043 συντεταχέναι.
3651 973 3762 1042 Τὴν

2174 1062 2233 1116 δὲ
2274 1063 2474 1133 φράσιν
2501 1064 2678 1132 σαφής
2708 1064 2824 1113 ἐστι
2856 1061 2953 1114 καὶ
2979 1061 3285 1133 ὑπόσεμνος
3318 1064 3411 1116 καὶ
3445 1064 3761 1135 ἁπέριττος,

2175 1157 2224 1207 εί
2282 1156 2374 1206 καὶ
2419 1155 2555 1223 πρὶς
2592 1154 2683 1207 τὸν
2719 1154 2970 1208 Ἀττικὸν
3016 1154 3116 1207 οὐκ
3160 1156 3551 1225 ἐπιστρέφεται
3580 1155 3761 1223 λόγον.

2177 1249 2339 1316 Λέγει
2374 1247 2428 1300 δὲ
2455 1248 2591 1301 ἄλλα
2622 1247 2829 1301 τέ’τινα
2856 1252 2955 1319 τῆς
2996 1247 3283 1319 ἀκριϐείας
3315 1247 3637 1319 λειπόμενα,
3671 1249 3765 1301 καὶ

2177 1341 2318 1412 ὁτιή
2352 1342 2490 1412 πρὸς
2529 1341 2812 1411 Ἐϐραίους
2845 1341 3137 1412 Ἐπιστολὴ
3182 1342 3282 1394 ούκ
3330 1341 3446 1393 ἔστι
3493 1338 3588 1393 τοῦ
3633 1341 3767 1393 ἀπο-

2180 1431 2368 1484 στόλου
2418 1431 2656 1486 Παύλου.
2703 1433 2935 1501 Λέγεται
2979 1433 3035 1487 δὲ
3073 1426 3229 1495 οὗτος
3263 1432 3359 1486 καὶ
3412 1433 3458 1464 ⁸⁸
3492 1449 3766 1503 προσομι-

2178 1523 2287 1576 λείν
2332 1523 2409 1594 τῷ
2460 1524 2572 1593 λαῷ
2604 1528 2745 1579 κατὰ
2784 1525 3018 1596 μίμησιν
3052 1527 3388 1596 Ὠριγένους,
3424 1520 3484 1580 οὗ
3515 1526 3611 1579 καὶ
3637 1542 3768 1576 συν-

2178 1614 2317 1685 ήθης
2363 1614 2602 1685 μάλιστα
2641 1617 2737 1670 καὶ
2768 1619 3007 1688 ἐραστὴς
3035 1618 3144 1671 τῶν
3177 1614 3350 1687 λόγων
3393 1618 3665 1689 ὑπῆρχεν,
3692 1617 3769 1680 ὡς

2180 1705 2276 1758 καὶ
2315 1706 2730 1777 προτρέψασθαι
2769 1708 2931 1761 αὐτὸν
2966 1708 3065 1777 τὴν
3108 1708 3261 1761 Θείαν
3316 1708 3770 1777 ύπομνηματίσαι

2182 1798 2425 1868 Γραφὴν,
2458 1800 2877 1869 ἐγκαταστήσας
2908 1800 3056 1870 αὐτῷ
3088 1800 3181 1853 καὶ
3212 1798 3600 1870 ὑπογραφέας,
3629 1797 3770 1853 ἑπτά

2184 1892 2571 1961 ταχυγράφους
2599 1892 2695 1945 καὶ
2739 1894 2961 1962 ἑτέρους
2985 1892 3276 1956 τοσούτους
3331 1891 3650 1961 γράφοντας
3688 1892 3771 1953 εἰς

2184 1983 2400 2046 κάλλος,
2452 1977 2527 2037 ὧν
2560 1979 2629 2053 ἧν
2659 1986 2753 2037 καὶ
2779 1984 2878 2053 τῆς
2908 1985 3157 2055 δαπάνης
3186 1984 3349 2047 αὐτὸς
3377 1984 3612 2055 χορηγός
3632 1999 3647 2011 ⁸
3678 1985 3772 2037 καὶ

2182 2074 2358 2129 ταῦτα
2406 2076 2855 2146 ύπηρετούμενος
2904 2077 3052 2147 αὐτῷ
3096 2079 3351 2130 ἀπαιτεῖν
3395 2076 3558 2130 αὐτὸν
3593 2076 3772 2144 ἁπαρο

2184 2170 2421 2239 αιτήτως
2447 2169 2511 2221 τὸ
2561 2168 2756 2239 ἔργον,
2808 2168 2868 2234 ἐξ
2916 2164 2977 2221 οὗ
3008 2170 3104 2222 καὶ
3152 2169 3520 2239 ὲργοδιώκτην
3568 2169 3625 2219 ὲν
3674 2168 3773 2239 μιᾷ

2184 2263 2292 2315 τῶν
2318 2262 2620 2315 ἐπιστολῶν
2651 2263 2800 2334 παρὰ
2839 2263 3153 2333 Ὦριγένους
3183 2262 3473 2333 κληθῆναι.
3537 2262 3772 2314 Πλεῖστα

2185 2356 2242 2410 δὲ
2270 2358 2363 2410 καὶ
2388 2351 2543 2420 οὗτος
2570 2357 2791 2425 λέγεται
2819 2356 3284 2428 συγγεγραφέναι.

2879 2534 3055 2591 PKB’.

2188 2629 2545 2698 'Esngarlov
2571 2627 2910 2681 ἐπισκόπου
2974 2628 3218 2755 ιιέῖπρου
3255 2627 3326 2680 τὰ
3357 2626 3640 2695 Πανὰρια.
3674 2628 3777 2680 λό-

2887 2715 2976 2755 γοι
3039 2705 3070 2749 ’.

2887 2715 2976 2766 τοι
3006 2705 3070 2755 ζ’.

2276 2791 2618 2861 Ἀνεγνώσθη
2658 2791 2980 2859 Ἐπιφανίου
3011 2789 3104 2843 τοῦ
3137 2790 3441 2858 ἁγιωτάτου
3473 2788 3775 2841 ἐπισκόπου

2190 2879 2261 2932 τά
2296 2880 2588 2948 Πανάρια,
2617 2883 2675 2933 ὲν
2701 2880 2919 2951 τεύχεσι
2958 2881 3056 2950 μὲν
3081 2887 3150 2948 γ’,
3201 2880 3390 2950 τόμοις
3430 2880 3484 2932 δὲ
3511 2880 3574 2943 ζ’,
3635 2879 3778 2931 κατὰ

2190 2974 2458 3043 αἱρέσεων
2500 2972 2555 3025 δὲ
2582 2980 2654 3028 π’.
2684 2974 2947 3044 Ἀρχεται
2978 2973 3077 3042 μὲν
3109 2972 3218 3024 ἀπὸ
3242 2971 3336 3024 τοῦ
3368 2968 3776 3041 βαρϐαρισμοῦ,

2198 3066 2324 3140 [504
2337 3064 2426 3137 Β.)
2447 3067 2659 3118 κάτεισι
2676 3064 2733 3117 δὲ
2748 3065 2911 3135 μέχρι
2932 3064 3040 3115 τῶν
3054 3061 3467 3116 Μεσσαλιανῶν.
3486 3062 3703 3117 Πάντων
3720 3060 3780 3113 δὲ

2196 3161 2306 3215 τῶν
2326 3160 2432 3231 πρὸ
2449 3157 2613 3213 αὐτοῦ
2645 3157 2789 3210 κατὰ
2805 3156 3068 3225 αἱρέσεων
3084 3155 3573 3225 καταϐεϐληκότων
3586 3155 3781 3215 πόνους

2199 3251 2438 3305 πλατύτε
2451 3252 2539 3321 ρός
2560 3267 2622 3302 τε
2658 3251 2755 3303 καὶ
2786 3247 3227 3320 χρησιμώτερος,
3257 3248 3339 3300 ὃτι
3362 3246 3465 3300 an;
3477 3264 3507 3316 ρ
3547 3263 3607 3298 τε
3633 3244 3782 3297 ὲκεί-

2199 3363 2311 3409 νοις
2342 3344 2552 3417 ἐρρήθη
2585 3344 2646 3395 τὸ
2671 3343 2945 3414 χρήσιμον
2977 3342 3193 3411 ἔχοντα.
3223 3334 3379 3401 οὗτος
3430 3341 3489 3392 οὑ
3541 3337 3787 3409 παραλέ-

2197 3436 2374 3498 λοιπε,
2426 3436 2519 3487 καὶ
2568 3434 2622 3487 ei
2639 3450 2690 3486 τι
2722 3432 3111 3504 προσεξευρεῖν
3143 3428 3409 3501 ἠδυνήθη,
3442 3427 3777 3497 προσέθηκε.

2201 3526 2313 3589 Τὴν
2357 3525 2413 3578 δὲ
2446 3524 2649 3594 φράσιν
2675 3523 2931 3585 ταπεινός
2964 3538 3023 3574 τε
3051 3522 3145 3574 καὶ
3176 3516 3265 3573 οἷα
3313 3518 3460 3581 εἰκὸς
3530 3518 3789 3585 Ἀττικῆς

2202 3616 2452 3679 παιδείας
2504 3616 2842 3685 ἀμελέτητον
2871 3613 3181 3683 τυγχάνειν.
3229 3610 3482 3680 Ἀσῦενὴς
3515 3610 3571 3663 δὲ
3604 3610 3668 3662 ὲκ
3693 3609 3787 3661 τοῦ

2202 3708 2297 3761 ἐπὶ
2332 3708 2584 3761 πλεῖστον
2622 3710 2680 3761 ὲν
2707 3713 2827 3773 ταῖς
2860 3712 3002 3763 κατὰ
3063 3708 3172 3762 τῶν
3201 3707 3481 3760 δυσσεεῶν
3520 3705 3790 3777 αἱρέσεων

2206 3801 2547 3871 συμπλοκαῖς
2574 3818 2589 3833 ⁸
2626 3804 2842 3874 ἐνιαχοῦ
2890 3803 3071 3873 μέντοι
3104 3804 3384 3870 ἀριστεύει
3430 3804 3552 3863 ταῖς
3601 3799 3791 3853 ἐπιϐο-

2204 3895 2344 3959 λαῖς,
2374 3898 2423 3949 εί
2475 3898 2569 3949 καὶ
2600 3898 2709 3950 τῶν
2742 3899 3005 3967 ῥημάτων
3032 3896 3183 3967 αὐτῷ
3216 3897 3311 3950 καὶ
3350 3896 3454 3965 τῆς
3483 3891 3792 3957 συντάξεως

2205 3985 2356 4039 οὐδὲν
2384 3986 2447 4040 τὸ
2480 3987 2675 4059 ἰδίωμα
2708 3987 3153 4059 συμϐελτιοῦται.

2915 4254 3088 4309 PKI".

2583 4348 2695 4403 Τοῦ
2745 4348 2932 4403 αὐτοῦ
2979 4352 3013 4402 ό
3046 4346 3425 4417 Ἀγκυρωτός.

2295 4441 2638 4511 Ἀνεγνώσθη
2682 4442 2777 4494 τοῦ
2834 4442 3000 4494 αὐτοῦ
3048 4442 3093 4493 ὁη
3130 4440 3519 4510 Ἀποκινρωτὸς.
3582 4436 3803 4505 σύνοψις

2138 4554 2192 4612 ι)
2218 4534 2405 4603 ὥσπερ
2445 4533 2554 4586 τῶν
2585 4532 2902 4601 Παναρίων
2931 4532 3273 4603 ὑπάρχουσα.

1828 4678 2065 4734 νᾹῐὶΙιιΕ
2114 4674 2500 4733 LECTIONES
2522 4718 2537 4733 .

601 4780 646 4813 ⁸³
685 4780 1193 4853 διαλαμϐανόμενον
1225 4795 1287 4842 ς.
1362 4776 1408 4808 ⁸⁸⁵
1435 4769 1591 4838 οὗτος
1615 4773 1708 4828 καί
1742 4775 1784 4827 Α
1812 4795 1824 4830 :
1862 4774 1956 4826 καὶ
1985 4768 2138 4836 οὗτος
2168 4790 2227 4836 ς.

2082 4914 2318 4970 NOTAE.

533 5034 752 5087 unaque
810 5017 1073 5088 martyrio
1126 5015 1443 5088 coronati_:
1494 5015 1559 5067 de

540 5165 634 5220 lib.
672 5178 744 5227 Iv,
778 5176 900 5229 cap.
937 5159 1027 5213 51.

616 5234 686 5304 (2
710 5223 741 5300 )’
765 5223 1127 5304 De'Dositheo
1154 5226 1623 5304 Samaritanorum
1652 5225 1899 5304 prirLc_ip_e
1938 5223 2128 5304 memi-

1617 5028 1726 5082 quo
1782 5014 1845 5066 D.
1928 5012 2124 5067 Baron.

538 5084 676 5147 tom.
702 5090 777 5156 Il,
828 5090 895 5143 ad
927 5084 1128 5141 annum
1158 5086 1289 5144 Chr.
1318 5085 1457 5152 129;
1488 5094 1543 5139 et
1585 5084 1877 5155 Nicephor.
1913 5084 2124 5138 Callist.

2227 5027 2276 5066 c.
2306 5008 2408 5074 I7;
2462 5017 2516 5061 et
2548 5006 2911 5061 Baron.-tom.
2940 5004 2959 5057 I
2994 4999 3219 5065 Annal.,
3256 4999 3320 5052 ad
3352 5012 3551 5074 annum
3719 4998 3811 5053 69.

2294 5067 2406 5151 (5)
2435 5078 2719 5151 Eusebius
2750 5088 2934 5151 tamen
2961 5075 3056 5129 lib.
3098 5089 3174 5151 vi,
3210 5081 3265 5151 et
3298 5086 3363 5122 ex
3393 5085 3457 5151 eo
3487 5068 3548 5151 β.
3586 5067 3812 5150 Hieron.

2224 5138 2343 5221 cap.
2385 5138 2445 5204 GI
2488 5150 2562 5221 De
2602 5146 2796 5221 Script.
2828 5145 3012 5221 cocleis.
3051 5155 3103 5221 et
3136 5142 3348 5221 S‘llltlas-
3381 5138 3669 5221 {turibrosio
3716 5140 3815 5192 tri-

2228 5210 2402 5275 bu'unt
2443 5220 2517 5272 illi
2550 5210 2813 5286 quem'de
2842 5215 3135 5269 Marcionis
3158 5212 3350 5286 hmrcsi
3384 5210 3647 5286 Origenes
3675 5225 3815 5286 con-

544 5279 636 5361 nit\
657 5279 734 5356 ’8’.
766 5279 1613 5355 pliiero‘nqront'ra”bttciferian.
1654 5279 1715 5349 ἐι
1758 5279 2018 5351 Philastr.
2075 5295 2125 5346 in
2225 5300 2465 5361 verterat
2495 5308 2508 5342 :
2540 5279 2700 5357 idque
2730 5287 3073 5357 potissimum
3106 5282 3453 5338 azmnlatioue
3498 5279 3659 5346 hujus
3685 5279 3820 5349 Ilip.

543 5360 802 5441 tiatalogo
858 5373 1154 5441 Itzereseon.
1204 5368 1562 5438 Hegesippum
1604 5383 1820 5438 quoque
1867 5368 2009 5428 vide,
2071 5374 2128 5419 et
2230 5360 2651 5441 polyﬁti‘l‘a‘ctum.

544 5439 818 5515 Epiplia'n.
848 5442 939 5495 lib.
967 5456 983 5494 ι
1020 5439 1225 5515 Pauor.

613 5506 690 5582 ('5)
735 5513 1094 5582 Praeceptoris
1137 5510 1381 5575 Sabellii,
1435 5511 1501 5564 de
1541 5523 1649 5578 quo
1698 5508 1826 5582 yide
1858 5506 2124 5582 Epiphan.

550 5578 750 5640 haéres.
807 5578 934 5648 57;⁷
969 5592 1022 5635 et
1057 5581 1383 5635 Theodoret.
1439 5583 1530 5635 lib.
1584 5596 1625 5635 ιι
1681 5578 1877 5633 Contra
1941 5578 2128 5630 Ita’res.

552 5656 850 5711 Noetianos
899 5664 1076 5705 autem
1126 5652 1348 5707 eosdem
1386 5652 1557 5705 videri
1608 5667 1729 5703 eum
1785 5648 2135 5712 Sabellianis,

551 5738 742 5782 auctor
771 5735 854 5779 est
875 5722 937 5776 B.
968 5725 1199 5792 August.
1227 5721 1305 5776 De
1333 5724 1517 5776 Intres.
1541 5738 1659 5789 cap.
1694 5722 1747 5774 4.

620 5798 736 5869 (4)
766 5787 1080 5869 Discussani
1127 5794 1280 5869 hanc
1317 5787 1748 5869 corttrovet‘Siatn
1795 5792 1942 5860 leges
1985 5787 2139 5869 apud

556 5860 694 5925 duos
719 5860 1003 5925 'illustriss.
1026 5866 1217 5921 cardd.
1245 5862 1498 5921 Bellarm.
1524 5872 1657 5921 tom.
1679 5861 1720 5930 Ι,
1751 5873 1897 5919 cont.
1917 5878 1955 5927 ι,
1985 5860 2073 5917 lib.
2098 5875 2135 5926 ι,

2301 5418 2414 5501 (6)
2448 5431 2645 5485 Euseb.
2680 5430 2879 5501 Iib.__vr,
2913 5443 3033 5501 cap.
3071 5426 3139 5501 16_
3169 5423 3369 5478 Histor.
3401 5420 3595 5501 (celes.
3620 5418 3822 5501 etplu-

2238 5489 2649 5558 ra‘B.'Hierott.
2678 5501 2730 5552 in
2765 5489 3073 5569 Hippolyto,
3129 5498 3369 5564 itemque
3409 5490 3638 5559 Nieeph.
3689 5489 3819 5544 Caio

2243 5577 2350 5629 list.
2380 5573 2473 5626 lib.
2505 5588 2578 5634 Iv,
2606 5586 2726 5639 cap.
2758 5570 2848 5623 ⁸51.

2311 5644 2415 5712 (7)
2455 5642 2531 5696 De
2554 5637 2750 5712 quibus
2783 5656 2903 5707 sup.
2938 5640 3059 5712 cod.
3098 5637 3188 5691 5'2.

2327 5699 2430 5785 (8')
2462 5699 2678 5765 Just-itu)
2701 5699 2961 5781 Martj're,
2988 5710 3209 5774 lreua'o,
3238 5703 3545 5777 Hippolyto,
3571 5699 3823 5756 Theodo-

2251 5796 2366 5842 reto
2406 5797 2643 5853 quoque.

2317 5858 2394 5929 (9)
2426 5856 2511 5911 ΑΙ.
2544 5855 2898 5925 Aucyrotum.
