4090 6464
289 396 390 462 405

976 516 1149 573 PKA'.

429 610 542 665 Τοῦ
572 608 762 664 αὐτοῦ
801 607 957 681 [περὶ
989 612 1223 679 μέτρων
1262 611 1359 664 καὶ
1398 611 1728 684 σταθμῶνῆ.

361 706 704 776 Ἀνεγνώσθη
732 705 824 758 τοῦ
853 703 1016 758 αὑτοῦ
1064 705 1132 760 ⁸⁸.

1021 887 1195 948 PKE’.

285 986 614 1042 ἰουστίνου
631 983 740 1038 τοῦ
754 982 1059 1053 μάρτυρος
1092 984 1393 1054 ἀπολογία
1418 984 1575 1052 ὑπὲρ
1596 986 1873 1053 Χριστια-

595 1054 742 1120 νῶν,
782 1056 1026 1124 ἀπορίαι
1053 1057 1151 1109 καί
1199 1053 1375 1123 ἕτερά
1399 1071 1556 1109 τινα.

366 1147 709 1218 ’Λνεγνώσθη
753 1148 1040 1201 ἰουστίνου
1079 1147 1173 1200 τοῦ
1215 1148 1492 1218 μάρτυρος
1548 1146 1875 1217 ’Δπολογία

287 1242 439 1310 ὑπὲρ
493 1240 868 1310 Χριστιανῶν
913 1241 1009 1293 καὶ
1062 1243 1203 1294 κατὰ
1249 1239 1522 1312 Ἑλλήνων
1588 1241 1684 1294 καὶ
1729 1241 1873 1294 κατά

298 1335 588 1400 Ἰουδαίων,
607 1333 702 1387 καὶ
720 1334 810 1386 ιέτι
838 1333 999 1403 ἑτέρα
1020 1332 1185 1387 αὐτοῦ
1213 1332 1569 1402 πραγματεία
1589 1331 1742 1386 κατὰ
1763 1332 1870 1386 τοῦ

287 1423 524 1492 πρώτου
571 1423 669 1478 καί
708 1422 1003 1491 δευτέρου
1047 1420 1160 1490 τῆς
1203 1417 1468 1491 φυσικῆς
1501 1417 1866 1488 ἀκροάσεως,

287 1520 407 1589 ἦτοι
441 1517 587 1571 κατὰ
635 1516 810 1577 εἴδους
849 1516 943 1568 καὶ
969 1513 1102 1584 ὕλης
1132 1514 1226 1567 καὶ
1269 1513 1602 1584 στερήσεως.
1661 1512 1869 1580 ἐπιχει-

291 1608 592 1678 ρηματικοὶ
625 1606 721 1658 καὶ
765 1605 932 1675 βίαιοι
963 1604 1056 1657 καὶ
1083 1602 1365 1674 χρειώδεις
1393 1601 1566 1671 λόγοι,
1599 1601 1696 1654 καὶ
1722 1599 1872 1654 κατὰ

194 1723 214 1744 ο
285 1701 396 1755 τοῦ
449 1699 724 1770 πέμπτου
767 1698 1042 1771 σώματος
1090 1697 1344 1767 ὁμοίως,
1399 1696 1524 1763 nais
1552 1693 1704 1748 κατὰ
1761 1691 1872 1761 τῆς

286 1794 486 1849 ἀιδίου
524 1791 858 1857 κινήσεως,
895 1792 962 1858 ἣν
1008 1788 1386 1859 Ἀριστοτέλης
1419 1787 1684 1857 δεινότητι
1726 1785 1873 1852 λογι-

1212 407 1737 470 BIBLIOTHECA.
1774 434 1845 445 —
1881 409 2096 470 CODD.
2121 411 2622 474 CXXII-CXXVI.

3452 408 3561 475 ξοδ

2654 521 2897 578 CXXIV.

2121 614 2377 684 Ejusdem
2407 617 2470 669 de
2507 619 2768 671 mensuris
2801 628 2848 670 et
2880 617 3192 684 ponderibus
3226 613 3370 670 liber.

2054 706 2305 777 Legimus
2329 708 2569 778 ejusdem
2601 710 2682 764 De
2702 711 2960 764 mensuris
2988 718 3034 761 et
3059 708 3374 776 ponderibus
3409 710 3560 764 libelo

1982 799 2090 852 lum
2121 801 2256 870 (10).
2353 819 2360 824 ·

2663 913 2874 970 CXXV.

1979 1000 2182 1055 Justini
2205 1000 2461 1074 Martyris
2478 1004 2732 1128 Apologia
2750 1024 2841 1128 pr"?
2860 1005 3207 1073 Christianis,
3229 1007 3559 1074 Quwsliones

2652 1093 2680 1128 e
2755 1096 2784 1128 α
2813 1094 2886 1128 ια.
3327 1119 3330 1122 .

2652 1093 2702 1129 ει
2755 1093 2886 1131 ana.

2041 1166 2209 1224 Lecta
2261 1178 2346 1224 est
2394 1170 2533 1241 (11)
2578 1169 2776 1224 Justini
2848 1171 3099 1242 Martyris
3167 1169 3419 1239 Apologia
3465 1185 3561 1236 pro

1979 1260 2336 1328 Christianis,
2388 1278 2509 1317 cum
2568 1262 2832 1316 adversus
2862 1273 3082 1329 gentes,
3131 1271 3242 1316 tum
3297 1264 3558 1317 adversus

1977 1349 2212 1406 Judazos.
2261 1352 2330 1406 Et
2383 1365 2647 1422 praeterea
2696 1354 2834 1407 alter
2889 1354 3006 1422 ejus
3062 1361 3328 1408 tractatus
3376 1363 3558 1406 contra

1977 1444 2210 1512 primum
2240 1455 2286 1498 et
2339 1445 2628 1498 secundum
2658 1445 2851 1498 librum
2882 1446 3110 1515 physica:
3130 1445 3556 1510 auseultationis,

1979 1534 2095 1589 sive
2117 1545 2307 1588 contra
2338 1535 2569 1589 formam
2590 1575 2605 1600 ,
2639 1537 2921 1590 materiam
2959 1545 3013 1589 et
3034 1537 3394 1605 privationem
3419 1579 3434 1604 ,
3472 1551 3559 1589 ra-

1979 1628 2216 1681 tionibus
2245 1627 2711 1695 epicherematicis
2735 1644 2797 1681 ac
2819 1629 3091 1692 violentis,
3109 1631 3249 1699 quod
3268 1644 3330 1682 ex
3355 1645 3454 1683 usu
3477 1636 3560 1682 est

1977 1716 2218 1772 inferens
2247 1737 2262 1771 :
2295 1718 2588 1787 itidemque
2645 1717 2841 1772 Conlra
2879 1721 3117 1789 quintum
3151 1719 3287 1771 illud
3330 1735 3518 1787 corpus
3541 1758 3555 1781 ,

1979 1817 2275 1875 motumque
2298 1809 2664 1874 sempiternum
2687 1850 2700 1870 ,
2751 1825 2908 1876 quem
2937 1811 3205 1863 rationum
3255 1825 3474 1863 suarum
3507 1809 3557 1860 vi

286 1888 443 1957 σμῶν
470 1887 821 1948 ἐναπέτεκεν,
859 1885 937 1938 ἔτι
965 1901 1022 1936 τε
1055 1883 1344 1953 Ἀποριῶν
1371 1882 1522 1936 κατὰ
1555 1880 1664 1949 τῆς
1695 1881 1870 1935 εὐσε-

1983 1898 2307 1953 Aristoteles
2351 1901 2582 1968 peperit,
2652 1875 3016 1964 chstionum
3064 1899 3299 1970 denique
3375 1911 3560 1953 contra

286 1983 452 2046 ϐείας
484 1979 910 2049 κεφαλαιώδεις
945 1978 1280 2042 ἐπιλύσεις.

357 2074 521 2126 Ἐστι
559 2071 615 2125 δὲ
644 2071 964 2140 φιλοσοφίας
1004 2070 1104 2140 μὲν
1137 2071 1165 2122 ὁ
1190 2069 1327 2139 ἀνὴρ
1356 2069 1457 2138 τῆς
1484 2086 1544 2122 τε
1573 2067 1697 2121 καθ’
1720 2068 1872 2137 ἡμᾶς

284 2166 377 2218 καὶ
408 2164 649 2235 μάλιστά
681 2180 744 2231 γε
781 2165 881 2233 τῆς
917 2161 1150 2232 θύραθεν
1189 2163 1271 2224 είς
1317 2161 1487 2230 ἄκρον
1538 2159 1870 2230 ἀνηγμένος,

283 2257 603 2328 πολυμαθία
621 2257 667 2288 ⁸⁸
683 2275 742 2310 τε
779 2257 874 2308 καὶ
898 2254 1151 2324 ἱστοριῶν
1177 2253 1608 2325 περιρρεόμενος
1633 2250 1868 2320 πλούτῳ·

263 2353 613 2421 ,ρητορικαῖς
643 2349 700 2402 δὲ
728 2349 944 2419 τέχναις
971 2348 1071 2401 οὐκ
1116 2347 1241 2416 ἔσχε
1282 2345 1519 2416 σπουδὴν
1564 2344 1873 2414 ἐπιχρῶσαι

285 2443 340 2496 τὸ
369 2443 622 2512 ἔμφυτον
646 2441 814 2494 αὑτοῦ
843 2443 943 2508 τῆς
995 2438 1317 2508 φιλοσοφίας
1361 2438 1580 2501 κάλλος.
1635 2438 1728 2490 Διὸ
1778 2439 1874 2489 καὶ

285 2537 330 2589 οὶ
379 2536 537 2603 λόγοι
595 2533 759 2588 αὑτοῦ
785 2532 961 2594 ἄλλως
999 2533 1149 2596 ὄντες
1181 2532 1396 2585 δυνατοὶ
1437 2532 1532 2584 καὶ
1561 2529 1622 2583 τὸ
1645 2533 1874 2600 ἐπιστη-

290 2632 516 2703 μονικὸν
549 2630 928 2696 διασώζοντες,
959 2630 1070 2682 τῶν
1101 2627 1311 2682 ἐκεῖθεν
1342 2627 1442 2680 οὐκ
1463 2628 1602 2680 εἰσὶν
1629 2626 1875 2680 ἀποστά-

286 2726 474 2788 ζοντες
513 2721 646 2794 [165
675 2721 769 2793 Η.]
803 2721 1153 2792 ἡδυσμάτων,
1184 2718 1305 2771 οὐδὲ
1363 2719 1440 2787 τῷ
1469 2717 1744 2788 ἐπαγωγῷ
1782 2719 1878 2770 καὶ

286 2814 599 2884 θελκτηρίῳ
628 2814 756 2876 τοὺς
787 2812 1016 2880 πολλοὺς
1046 2811 1155 2863 τῶν
1183 2809 1466 2880 ἀκροατῶν
1493 2807 1874 2878 ἐφελκόμενοι.

284 2906 578 2976 Τέσσαρας
607 2904 666 2957 δὲ
699 2902 1089 2973 πραγματείας
1120 2900 1270 2954 κατὰ
1308 2899 1416 2953 τῶν
1447 2897 1618 2952 ἐθνῶν
1647 2899 1874 2951 συνέτα-

287 2996 398 3062 ξεν,
431 2991 510 3049 ὧν
540 2996 640 3066 τὴν
678 2996 776 3065 μὲν
814 2993 1038 3064 πρώτην
1077 2992 1380 3059 Ἀντωνίνῳ
1404 2990 1479 3060 τῷ
1508 2989 1738 3058 ἐπίκλην
1763 2990 1878 3059 Πίῳ

286 3090 384 3141 καὶ
412 3091 531 3151 τοῖς
564 3088 707 3140 υίέσι
741 3090 808 3156 τῇ
837 3103 899 3138 τε
935 3085 1225 3156 συγκλήτῳ
1274 3085 1521 3137 ἐπέδωκε
1543 3083 1612 3146 ⁸⁷,
1671 3082 1769 3152 τὴν
1822 3081 1879 3134 δὲ

285 3181 552 3250 δευτέραν
584 3179 784 3248 ὁμοίως
821 3180 936 3242 τοῖς
982 3178 1192 3231 ἐκείνου
1246 3176 1530 3246 διαδόχοις.
1568 3176 1656 3227 Ἐν
1712 3174 1768 3227 δὲ
1810 3175 1876 3244 τῇ
1909 3223 1950 3278 C

287 3274 454 3346 τρίτῃ
493 3273 626 3341 περί
656 3271 868 3338 φύσεως
927 3271 1197 3341 δαιμόνων
1251 3269 1562 3324 διείλεκται.
1606 3268 1664 3321 '0
1694 3267 1752 3320 δὲ
1794 3266 1881 3318 τέ-

287 3384 492 3437 ταρτος
521 3366 670 3435 αὐτῷ
703 3365 882 3432 λόγος⁹
919 3364 1119 3434 ὁμοίως
1154 3361 1297 3415 κατὰ
1323 3362 1430 3414 τῶν
1465 3360 1632 3413 ἐθνῶν
1665 3359 1882 3426 συγκεί-

293 3459 785 3527 μενος,Ἐ.Ιεγχος
817 3454 1126 3527 ἐπιγραφὴν
1155 3454 1454 3524 ἐχει.”Εστι
1483 3453 1539 3506 δὲ
1570 3451 1718 3522 αὑτῷ
1741 3452 1836 3503 καὶ
1858 3452 1886 3503 ὁ

290 3552 434 3620 Περὶ
471 3550 621 3604 Θεοῦ
651 3549 1007 3618 μοναρχίας,
1049 3549 1144 3601 καὶ
1172 3550 1200 3600 ὁ
1230 3547 1672 3616 ἐπιγραφόμενος
1721 3542 1886 3597 Ψάλ-

291 3659 425 3708 της,
442 3643 538 3694 καὶ
557 3642 664 3711 μὴν
679 3640 724 3671 ³⁸
739 3643 830 3693 καὶ
848 3639 1009 3694 Κατὰ
1024 3638 1394 3706 Μαρκίωνος,
1412 3638 1701 3704 ἀναγκαῖοι
1712 3634 1885 3703 λόγοι,

291 3736 388 3786 καὶ
404 3734 439 3798 ἠ
458 3733 624 3786 Κατὰ
652 3730 867 3785 πασῶν
895 3730 1184 3799 αἱρέσεων
1202 3730 1471 3800 χρήσιμος
1507 3728 1882 3799 πραγματεία.

364 3818 542 3887 Οὗτος
571 3823 686 3884 υίὸς
718 3821 816 3892 μὲν
842 3820 943 3891 ἔφυ
971 3820 1212 3889 Πρίσκου
1243 3819 1538 3890 Βακχείου,
1558 3819 1794 3889 πατρίδα
1831 3819 1887 3871 δέ

294 3908 412 3982 εἶχε
460 3911 740 3965 Νεάπολιν
773 3910 870 3981 τὴν
899 3911 1005 3963 ὑπὸ
1049 3910 1150 3981 τὴν
1179 3910 1453 3981 ἐπαρχίαν
1479 3908 1740 3962 τελοῦσαν
1772 3909 1888 3962 Πα-

292 4001 606 4070 λαιστίνης,
639 4002 698 4053 ἐν
736 3997 924 4073 Ῥώμῃ
952 3999 1009 4052 δὲ
1040 3999 1139 4062 τὰς
1159 3998 1448 4069 διατριϐὰς
1478 3997 1624 4067 ἔσχε,
1671 3998 1890 4066 φιλοσο-

297 4096 421 4164 φῶν
468 4097 569 4148 καὶ
611 4096 726 4155 τοῖς
755 4091 938 4158 λόγοις
981 4091 1078 4146 καὶ
1124 4092 1202 4160 τῷ
1237 4091 1339 4161 βίῳ
1372 4092 1465 4143 καὶ
1509 4089 1586 4159 τῷ
1621 4091 1884 4160 σχήματι.

295 4185 581 4253 Διάπυρος
601 4183 658 4237 δὲ
680 4183 782 4252 τῆς
805 4182 1086 4246 εὐσεϐείας
1103 4181 1182 4237 ὢν
1204 4182 1437 4252 ἐραστὴς
1469 4180 1597 4252 [505
1620 4179 1716 4252 R.]
1762 4180 1887 4250 ἔσχε

297 4277 558 4346 Κρίσκην
573 4275 620 4306 ⁸⁸
635 4273 732 4327 ἕνα
752 4275 873 4326 τινὰ
893 4273 1003 4326 τῶν
1034 4272 1388 4344 καλουμένων
1401 4272 1638 4325 κυνικῶν
1667 4274 1890 4325 ἀντιπο-

298 4367 653 4436 λιτευόμενον
683 4365 834 4436 αὑτῷ
863 4367 960 4418 καὶ
993 4364 1069 4434 τῷ
1105 4365 1206 4436 βίῳ
1231 4365 1326 4417 καὶ
1354 4366 1420 4435 τῇ
1454 4363 1887 4434 θρησκεία.“Υφ’

298 4453 359 4514 οὗ
391 4460 488 4511 καὶ
526 4458 925 4520 συσκευασθεὶς
973 4457 1140 4521 ἀξίως
1179 4458 1278 4528 τῆς
1308 4457 1438 4528 ὅλης
1478 4458 1571 4510 τοῦ
1605 4458 1720 4528 βίου
1751 4473 1888 4528 προ-

1979 1987 2419 2062 [Christianam]
2455 1990 2759 2061 religionem
2789 1994 3094 2046 snmmaria:
3123 1994 3427 2048 solutiones.

2048 2081 2143 2136 Est
2171 2091 2350 2137 autem
2401 2083 2484 2137 vir
2537 2083 2625 2139 ille
2660 2084 2724 2136 ad
2783 2085 3136 2155 philosophiae
3181 2097 3289 2140 tum
3327 2096 3556 2149 nostrai,

1979 2181 2088 2226 tum
2129 2175 2468 2242 potissimum
2523 2175 2763 2244 profana:
2817 2191 3086 2231 summum
3133 2187 3352 2232 evectus
3407 2177 3562 2232 fasti-

1975 2264 2160 2334 gium,
2219 2266 2644 2336 multiplicisque
2692 2268 3012 2325 eruditionis
3079 2280 3133 2324 et
3203 2271 3556 2325 historiarum

1976 2358 2132 2428 copia
2166 2358 2573 2414 circumﬂuens.
2630 2359 2736 2414 Sed
2798 2361 3070 2414 rhetorico
3115 2361 3347 2415 artiﬁcio
3416 2363 3557 2414 nati-

1977 2465 2100 2506 vam
2129 2451 2487 2521 philosophiae
2510 2467 2622 2505 suae
2655 2450 3110 2521 pulchritudinem
3145 2452 3389 2506 colorare
3417 2451 3561 2505 haud

1977 2543 2158 2598 studio
2187 2543 2394 2598 habuit.
2441 2541 2812 2609 Quamobrem
2841 2543 3005 2595 etiam
3039 2545 3220 2598 oratio
3243 2544 3364 2611 ejus
3387 2583 3404 2607 ,
3443 2543 3528 2612 pol
3547 2572 3564 2585 -

1979 2633 2097 2689 lens
2124 2634 2322 2702 alioqui
2358 2649 2423 2688 ac
2453 2634 2626 2687 valida
2657 2674 2672 2698 ,
2704 2634 3177 2702 scientilicumque
3201 2652 3425 2690 servans
3449 2649 3562 2706 sty-

1978 2724 2086 2778 lum
2115 2762 2130 2788 ,
2169 2725 2454 2779 rhetoricae
2486 2725 2574 2778 illa
2609 2726 2954 2779 condimenta
3001 2743 3106 2778 non
3133 2728 3304 2795 spirat
3325 2768 3340 2793 ,
3375 2742 3474 2781 nec
3506 2728 3564 2781 il-

1982 2815 2211 2871 lecebris
2240 2825 2296 2870 et
2325 2816 2711 2872 blandimentis
2737 2816 2930 2886 vulgus
2971 2817 3278 2871 auditorum
3313 2818 3564 2872 attrahit.

1983 2907 2154 2962 Porro
2178 2919 2416 2977 quatuor
2431 2909 2693 2963 adversus
2715 2917 2902 2978 gentes
2930 2910 3236 2978 composuit
3261 2919 3560 2964 tractatus:

1983 3015 2212 3070 quorum
2257 3002 2487 3070 primum
2533 3002 2807 3056 Antonino
2875 3009 3237 3068 cognomento
3297 2999 3430 3063 Pio,
3495 3001 3559 3052 lii

1982 3091 2180 3160 liisque
2212 3091 2414 3158 ipsius,
2449 3105 2514 3145 ac
2542 3091 2753 3146 senatui
2793 3091 3008 3144 obtulit.
3037 3091 3279 3145 Alterum
3312 3090 3565 3146 similiter

1984 3181 2154 3250 ipsius
2187 3181 2596 3237 successoribus
2626 3182 2750 3251 (12)
2783 3199 2797 3235 :
2831 3182 2882 3234 in
2928 3182 3088 3235 tertio
3135 3192 3315 3235 autem
3345 3182 3411 3236 de
3453 3182 3566 3236 deae

1989 3287 2206 3324 monum
2252 3283 2440 3325 natura
2505 3272 2783 3327 disseruit.
2827 3271 3065 3338 Quartus
3120 3273 3352 3341 denique
3406 3273 3564 3341 liber,

1984 3361 2129 3432 95a
2163 3373 2217 3416 et
2247 3364 2364 3433 ipse
2392 3373 2582 3417 contra
2613 3373 2800 3432 gentes
2823 3403 2838 3427 ,
2895 3365 3156 3417 Eleae/ius
3199 3363 3218 3435 [
3244 3368 3356 3417 sive
3397 3363 3566 3434 Refu-

1987 3453 2154 3526 tatio]
2186 3455 2525 3510 inscribitur.
2568 3456 2642 3509 De
2674 3455 2772 3510 Dei
2825 3457 3051 3524 insuper
3085 3457 3395 3510 monarchia
3433 3471 3565 3510 con~

1988 3547 2224 3614 scriptus
2251 3547 2320 3600 ab
2345 3562 2411 3601 eo
2439 3547 2577 3600 liber
2612 3557 2730 3610 est,
2785 3558 2839 3600 et
2869 3547 3006 3601 alius
3027 3587 3042 3612 ,
3083 3547 3168 3600 cui
3206 3547 3394 3602 titulus
3415 3545 3570 3600 Psal-

1988 3648 2103 3704 tes;
2132 3649 2242 3692 tum
2274 3639 2439 3693 etiam
2487 3638 2688 3693 Contra
2739 3636 3076 3691 Marcionem
3106 3637 3228 3691 libri
3263 3651 3389 3690 sunt
3425 3639 3565 3692 lectu

1989 3730 2314 3795 necessarii,
2349 3740 2402 3784 et
2433 3729 2630 3784 Contra
2661 3746 2836 3783 omnes
2862 3729 3083 3783 Itmreses
3122 3730 3253 3782 utile
3276 3746 3432 3799 opus.

2059 3821 2187 3876 Fuit
2221 3823 2337 3890 ipse
2376 3823 2548 3877 Prisci
2599 3821 2818 3876 Bacchii
2871 3824 3056 3878 lilius:
3087 3823 3427 3892 patriamque
3475 3825 3570 3875 ha-

1988 3916 2105 3970 huit
2132 3913 2459 3986 Neapolim,
2505 3914 2801 3968 Palaestinae
2867 3914 3179 3982 provinciae.
3232 3913 3417 3968 Romae
3475 3929 3571 3966 au-

1991 4015 2098 4058 tem
2131 4014 2543 4077 commoratus,
2579 4002 2923 4056 sermonibus
2960 4001 3157 4055 ibidem
3190 4017 3255 4056 ac
3285 4003 3390 4054 vita
3411 4042 3427 4066 ,
3473 4019 3569 4068 pu—

1988 4098 2122 4150 riter
2173 4104 2232 4149 ut
2282 4096 2469 4149 habitu
2515 4093 2895 4163 philosophum
2925 4091 3288 4160 egit.!ltaque
3341 4092 3568 4145 ferventi

1989 4203 2112 4240 cum
2147 4195 2295 4241 esset
2320 4185 2540 4255 pietatis
2584 4200 2772 4239 amore
2805 4199 2869 4238 ac
2915 4183 3093 4238 studio
3121 4185 3373 4237 incensus
3399 4223 3414 4246 ,
3445 4183 3571 4238 Cre-

1989 4286 2230 4332 scentem
2256 4279 2545 4345 quemdam
2578 4290 2643 4328 ex
2677 4275 2743 4328 iis
2769 4273 2859 4343 qui
2881 4272 3068 4342 Cynici
3105 4273 3429 4333 vocitantur,
3477 4273 3570 4324 ad»

1989 4369 2292 4425 versarium
2331 4368 2556 4430 habuit,
2607 4381 2727 4420 cum
2767 4367 2903 4433 ipsi,
2951 4377 3061 4419 tum
3114 4367 3235 4419 vita:
3294 4363 3571 4430 culmique

1990 4474 2054 4513 ac
2083 4457 2333 4526 religioni
2365 4456 2482 4522 ejus
2535 4456 2872 4510 obuitentem
2907 4473 2923 4507 :
2956 4472 2984 4509 a
3032 4472 3139 4525 quo
3181 4455 3395 4508 tandem
3443 4455 3572 4506 insi-

299 4551 570 4621 αιρέσεως
592 4551 688 4603 καὶ
708 4548 808 4620 τὴν
825 4549 1117 4620 ἐπιϐουλὴν
1138 4549 1458 4620 συνδιέθηκε
1476 4551 1522 4582 ⁹⁰
1542 4566 1556 4580 ’
1579 4552 1880 4622 μαρτυρίου

1991 4552 2142 4604 diose
2173 4558 2503 4614 accusatus,
2568 4551 2644 4601 ita
2698 4557 2754 4601 ut
2787 4557 2901 4600 toto
2947 4548 3116 4614 ipsius
3159 4548 3281 4597 vitae
3324 4545 3572 4597 instituto

301 4646 414 4711 γὰρ
445 4639 656 4709 ταύτην
703 4639 961 4692 ὑπόθεσιν
1009 4639 1429 4711 ἐνστησάμενος,
1476 4639 1745 4710 λαμπρῶς
1793 4643 1887 4694 καὶ

301 4735 514 4805 χαίρων
539 4731 634 4785 τὸν
663 4731 806 4799 ὑπὲρ
827 4731 1067 4802 Χριστοῦ
1100 4731 1328 4785 θάνατον
1363 4729 1672 4797 ἀνεδέξατο.

1016 4909 1204 4963 Ρκσν.

809 4919 813 4923 ·
1016 4912 1109 4962 PK
1171 4912 1204 4963 '.

302 5002 660 5071 Κλήμεντος
713 5001 1031 5054 ἐπιστολαὶ
1091 4912 1242 5069 πῖὸς
1275 5003 1624 5071 Κορινθίους
1657 5005 1752 5068 β’,
1793 5004 1892 5059 καὶ

378 5071 790 5140 Πολυκάρπου
839 5072 1132 5137 ἐπιστολὴ
1168 5075 1316 5141 πρὸς
1348 5075 1817 5141 Φιλιππησίους.

395 5165 740 5235 Ἀνεγνώσθη
764 5163 1094 5235 βιϐλιδάριον
1117 5167 1175 5218 ἐν
1198 5159 1242 5233 ᾧ
1272 5167 1591 5237 Κλήμεντος
1621 5168 1890 5221 Ἐπιστο-

1995 4643 2214 4708 dignum
2246 4651 2395 4705 erat,
2450 4640 2676 4694 insidias
2707 4641 2839 4694 istas
2862 4641 3102 4708 pertulit.
3144 4637 3386 4706 Martyrii
3414 4652 3567 4689 naut-

1994 4746 2099 4800 que
2132 4731 2233 4784 hac
2293 4746 2425 4785 ausa
2480 4740 2728 4799 captata,
2781 4730 3061 4798 Splendide
3116 4729 3345 4795 laetoque
3391 4729 3571 4781 animo

1998 4838 2095 4893 pro
2128 4821 2348 4876 Christo
2381 4831 2609 4875 mortem
2638 4823 2889 4886 oppetiit.

2681 4907 2920 4962 CXXVI.

1991 4971 2282 5058 Clementis
2314 5001 2571 5070 Epistolas
2598 5001 2666 5052 ad
2692 5000 2995 5070 Corinthios
3022 4999 3106 5060 II,
3131 5010 3177 5052 et
3202 4998 3376 5052 sancti
3407 4996 3574 5067 I’alg--

2271 5075 2273 5078 ’
2313 5069 2463 5138 carpi
2501 5070 2748 5140 Epistula
2772 5073 2839 5123 ad
2872 5069 3256 5138 Philippeuses.

2073 5166 2199 5234 Legi
2244 5163 2518 5228 libellum,
2574 5177 2680 5233 quo
2731 5163 3024 5218 Clementis
3057 5162 3309 5232 Episton
3345 5162 3464 5213 dum
3499 5158 3568 5211 ad

1595 5305 1826 5362 νΑΒΙᾸΞ
1860 5303 2157 5362 LECTION
2165 5303 2270 5359 ES.

387 5397 436 5427 ⁸⁸
471 5397 565 5450 τοῦ
598 5396 764 5449 αὐτοῦ
802 5410 914 5468 om.
944 5413 1027 5465 pr.
1060 5398 1122 5468 ΑΔ.
1155 5397 1348 5452 deinde
1399 5397 1590 5452 lacuna
1629 5401 1680 5452 in
1708 5401 1752 5452 Α
1793 5415 2048 5454 versuum
2075 5399 2109 5452 5
2136 5397 2262 5468 ιχε,
2293 5394 2346 5448 in
2377 5394 2420 5450 C
2454 5396 2478 5448 1
2516 5395 2638 5467 1/2.
2677 5397 2777 5452 Ed.
2814 5394 2976 5468 Roth.
3001 5393 3230 5468 [λείπει
3271 5392 3417 5468 ἔσως’
3448 5410 3487 5443 π

321 5467 542 5539 μέτριοιῆ
564 5469 660 5520 καὶ
689 5466 993 5538 σταθμῶνιι
1093 5466 1141 5500 ⁸⁸
1173 5468 1517 5539 πολυμαθείᾳ
1548 5487 1609 5533 ς.

318 5537 366 5567 ἐ’
397 5538 661 5608 συνέθηκε
693 5553 756 5600 ς’.

1712 5469 1758 5502 ⁸⁷
1783 5470 2020 5539 ἐπέθηκε
2056 5487 2116 5533 ς.

2221 5397 2259 5460 Β,
2293 5394 2346 5448 in
2377 5394 2420 5450 C
2454 5396 2478 5448 1
2516 5395 2638 5467 1/9..
2677 5397 2777 5452 Ed.
2814 5394 2976 5449 Roth.
3001 5393 3230 5468 [λείπει
3271 5392 3417 5472 ζσως
3448 5392 3577 5515 rrle

2221 5467 2271 5500 ⁸⁸
2304 5467 2397 5519 καὶ
2422 5476 2546 5538 post
2576 5471 2683 5538 μὴν
2709 5483 2818 5521 οιη.
2850 5467 2920 5521 Α.
3009 5467 3055 5497 ⁸⁸
3086 5467 3305 5533 Κρισκη
3340 5478 3483 5516 corr.
3558 5497 3575 5516 .

1865 5608 2096 5666 ΝΟΤᾸΣ.

395 5699 534 5770 (10)
566 5699 732 5766 Cujus
769 5701 1016 5767 quaedam
1050 5701 1284 5756 illustrat
1310 5701 1509 5771 Georg.
1541 5701 1789 5771 Agricola
1839 5703 1890 5756 in

328 5786 422 5823 suo
456 5772 528 5823 De
564 5786 818 5830 mensum
849 5786 1032 5837 opere.

400 5841 541 5909 (11)
574 5840 774 5910 Deque
798 5845 926 5898 vide
959 5841 1018 5895 Β.
1063 5841 1285 5898 Hieron.
1341 5858 1458 5913 cap.
1497 5843 1567 5896 24
1637 5843 1710 5897 De
1761 5845 1888 5896 scri-

1999 5705 2237 5772 ptoribus
2263 5705 2473 5768 ποίει,
2511 5709 2565 5773 et
2595 5700 2657 5773 D.
2691 5701 2890 5773 Baron.
2927 5698 3078 5773 card.
3113 5707 3150 5750 ι,
3181 5696 3196 5750 1
3233 5696 3428 5773 ᾼηηιιί.
3505 5761 3536 5773 η

2072 5773 2206 5841 (12)
2243 5773 2358 5828 Hoc
2387 5762 2471 5828 est
2500 5772 2568 5826 M.
2627 5772 2903 5824 Antonino
2960 5767 3100 5841 Vero
3146 5778 3196 5841 et
3236 5767 3297 5820 L.
3353 5762 3578 5820 Aurelio

1999 5837 2318 5912 Commodo,
2349 5845 2418 5898 ait
2450 5843 2510 5896 Β.
2542 5842 2906 5911 Hieronymus
2931 5841 2982 5893 in
3020 5837 3265 5906 Catalog.
