4090 6466
502 398 608 458 407
1675 398 1942 459 ΡΗΟΤΙΙ
1982 399 2110 457 ΡΑἸ

2220 397 2495 458 ARCH/E
2537 397 2646 458 (ΖΡ.
3685 395 3810 458 408

505 506 814 565 Corinthios
839 507 1266 564 continebantur
1286 508 1424 579 (l3).
1460 505 1704 572 Quarum
1738 508 1911 574 prima
1942 507 2090 576 ipsos

2214 504 2296 559 ίαὶ
2326 506 2477 573 πρὸς
2514 502 2868 572 Κορινθίους
2893 500 2938 573 β’
2962 502 3305 573 ὲνεφέροντο,
3326 494 3401 556 ὧν
3432 503 3463 574 ἡ
3499 502 3702 575 πρώτη
3735 508 3810 558 δι’

502 586 748 667 accusat,
815 602 962 671 quod
1017 601 1418 666 seditionibus,
1472 600 1647 655 turbis
1720 614 1784 653 ac
1832 598 2095 654 schisma-

2214 596 2378 661 ιίτίας
2436 598 2635 659 αὐτοὺς
2710 597 2870 662 ἄγει,
2936 595 3162 649 στάσεσι
3215 596 3311 649 καὶ
3373 599 3641 667 ταραχαῖς
3703 600 3811 653 καὶ

502 693 573 750 tis
631 692 905 758 violarint,
952 708 1115 761 quam
1170 694 1314 747 inter
1363 707 1458 746 eos
1500 690 1705 747 servari
1755 698 2091 758 oportuerat,

2214 689 2464 757 ιχὶσμασι
2518 688 2618 756 τὴν
2649 688 2973 757 πρέπουσαν
3005 687 3193 749 αὐτοῖς
3240 687 3467 758 εἰρήνην
3511 689 3606 742 καὶ
3652 690 3812 758 ὀμό-

504 800 693 853 pacem
726 784 1191 851 concordiamque
1230 801 1244 835 :
1280 784 1644 851 hortaturque
1687 783 1757 838 ab
1809 786 1913 837 hoc
1951 782 2093 836 malo

2214 795 2347 831 tmav
2376 777 2835 847 ἐμπολιτεύεσθαι
2877 775 3149 839 λύσαντας
3169 819 3184 840 ,
3221 780 3319 830 καὶ
3351 781 3613 848 παραινεί
3646 779 3811 833 παύ-

504 886 831 944 temperare.
855 874 1095 945 Simplex
1124 874 1243 942 ejus
1272 878 1451 930 oratio
1486 886 1570 930 est
1605 891 1668 930 ac
1693 876 1998 945 perspicua,
2025 876 2092 929 ad

2214 871 2395 925 raaOat
2421 870 2516 924 τοῦ
2544 869 2739 924 κακοῦ.
2784 868 3016 933 Ἀπλοῦς
3045 869 3100 923 δὲ
3137 870 3279 923 κατὰ
3307 871 3408 939 τὴν
3449 872 3653 942 φράσιν
3701 874 3810 925 καὶ

502 969 931 1024 ecclesiasticam
1005 981 1059 1023 et
1108 969 1499 1024 inelaboratam
1559 969 1829 1024 accedens
1876 968 2093 1023 dicendi

2214 963 2379 1029 ςαφής
2412 962 2645 1014 ἐστικαὶ
2676 963 2844 1031 ἐγγὺς
2885 959 2981 1014 τοῦ
3020 960 3482 1030 ἑκκλησιαστικοῦ
3518 961 3615 1014 καὶ
3646 963 3811 1015 ἀπε·-

501 1061 767 1117 formam.
819 1063 1202 1132 Reprehendat
1260 1076 1392 1115 vero
1420 1062 1521 1116 hoc
1572 1061 1623 1114 in
1661 1060 1767 1115 illis
1797 1060 2089 1129 quispiam,

2214 1054 2420 1124 »ιέργου
2474 1054 2845 1125 χαρακτῆρος.
2890 1053 3203 1106 Αίτιάσοιτο
3241 1053 3286 1106 δ’
3312 1053 3378 1107 ἀν
3407 1070 3492 1117 τις
3522 1054 3698 1107 αὑτὸν
3743 1057 3811 1108 ἐν

502 1154 648 1221 quod
692 1166 847 1210 extra
903 1154 1184 1209 Oceanum
1250 1156 1488 1209 mundos
1566 1155 1779 1223 aliquos
1833 1154 2089 1209 collocet.

2214 1148 2423 1211 ταύταις
2455 1149 2540 1202 ὅτι
2571 1165 2631 1201 τε
2657 1150 2750 1202 τοῦ
2792 1148 3051 1201 Ὠκεανοῦ
3072 1148 3176 1212 ἔξω
3202 1149 3442 1218 κόσμους
3470 1148 3624 1213 τινὰς
3654 1150 3811 1202 ὑπο-

502 1240 711 1297 Deinde
744 1243 885 1298 forte
921 1254 973 1298 et
1006 1244 1169 1309 illud,
1219 1246 1360 1313 quod
1412 1246 1716 1313 phmnicem
1773 1261 1929 1300 avem
1973 1247 2096 1299 nni-

2214 1241 2405 1295 τίθεται
2452 1235 2616 1305 εἷναι,
2658 1241 2751 1295 καὶ
2794 1239 3050 1311 δεύτερον
3084 1240 3219 1303 ῐσως
3262 1241 3343 1293 ὅτι
3373 1241 3449 1296 ὡς
3482 1242 3813 1313 παναληθε-

501 1350 622 1388 cam
644 1345 901 1405 tanquam
925 1351 1023 1405 pro
1042 1336 1331 1390 verissimo
1359 1335 1585 1391 adhibet
1611 1345 1932 1404 argumento
1953 1335 2090 1405 (14).

2214 1335 2378 1404 πάτῳ
2405 1334 2481 1405 τῷ
2510 1334 2653 1387 κατά
2679 1333 2771 1387 τὸν
2821 1334 3042 1402 φοίνικα
3081 1332 3143 1386 τὸ
3196 1333 3385 1403 ὄρνεον
3426 1334 3810 1403 ὑποδείγματι

502 1428 714 1490 Tertio.
768 1430 912 1498 quod
965 1444 1238 1484 summum
1290 1428 1633 1483 sacerdotem
1690 1428 2093 1499 praesidemque

2214 1428 2463 1497 ιέχρηται
2494 1470 2508 1492 ,
2545 1428 2641 1480 καὶ
2674 1426 2858 1498 τρίτον
2907 1428 2989 1479 ὅτι
3030 1426 3295 1497 ἀρχιερέα
3336 1428 3431 1479 καὶ
3476 1428 3812 1497 προστάτην

501 1522 793 1578 Dominum
828 1534 1075 1578 nostrum
1110 1520 1295 1577 Jesum
1334 1521 1613 1575 Christum
1652 1520 1969 1591 appellans,
2026 1536 2095 1576 ne

2214 1521 2286 1572 ὧν
2317 1520 2524 1592 Κύριον
2553 1519 2711 1590 ἡμῶν
2746 1519 2955 1589 Ἰησοῦν
2986 1518 3223 1591 Χριστὸν
3248 1518 3624 1588 ἐξονομάζων,
3672 1519 3813 1571 οὐδὲ

502 1616 632 1670 illas
678 1617 895 1684 quidem
935 1616 1042 1669 Deo
1094 1614 1483 1668 convenientes
1538 1622 1594 1667 et
1637 1613 1984 1669 sublimiores
2026 1614 2094 1667 de

2214 1614 2295 1676 τὰς
2332 1613 2663 1682 θεοπρεπεῖς
2694 1612 2789 1665 καὶ
2842 1611 3185 1682 ὑψηλοτέρας
3230 1611 3411 1682 ἀφῆκε
3445 1611 3573 1682 περὶ
3626 1609 3811 1663 αὐτοῦ

499 1724 569 1762 eo
595 1724 755 1763 voces
800 1708 1138 1776 pronuntiet,
1180 1707 1404 1761 tametsi
1444 1720 1543 1759 nec
1572 1714 1761 1775 aperte
1801 1706 1978 1773 ipsum
2012 1705 2095 1759 ul-

2214 1706 2380 1775 ρωνάς
2403 1722 2417 1735 ·
2447 1706 2506 1758 οὑ
2539 1705 2646 1776 μὴν
2675 1705 2784 1758 οὐδ’
2816 1704 3308 1773 ἀπαρακαλύπτως
3364 1703 3529 1757 αὑτὸν
3578 1701 3812 1770 οὐδαμῆ

503 1800 597 1854 libi
632 1800 684 1853 in
719 1799 800 1853 his
825 1798 1188 1868 blasphemet.
1240 1797 1422 1849 Altera
1454 1811 1581 1850 vero
1617 1796 1849 1864 epistola
1891 1806 1945 1849 et
1974 1796 2087 1865 ipsa

2214 1816 2257 1850 εν
2285 1797 2501 1859 τούτοις
2533 1798 2864 1868 βλασφημεῖ.
2903 1798 2970 1850 Ἥ
2999 1797 3057 1850 δὲ
3102 1796 3332 1867 δευτέρα
3364 1795 3459 1849 καὶ
3486 1794 3629 1865 αὐτὴ
3672 1810 3811 1844 νου-

504 1892 906 1947 institutionem
958 1888 1493 1956 adntonitiouemque
1536 1887 1662 1941 vita:
1689 1887 1935 1941 continet
1973 1904 2079 1942 nte-

2214 1887 2388 1940 )sciav
2409 1889 2506 1941 καὶ
2531 1888 2861 1957 παραίνεσιν
2888 1888 3198 1957 κρείττονος
3222 1886 3433 1953 εἰσάγει
3455 1884 3596 1954 βίου,
3613 1883 3716 1935 καὶ
3749 1884 3815 1935 ὲν

502 1979 699 2035 lioris:
733 1988 902 2050 atque
935 1980 1054 2047 ipso
1102 1992 1223 2031 mox
1253 1978 1410 2031 initio
1438 1977 1717 2031 Christum
1764 1978 1932 2031 Deum
1960 1993 2098 2046 prae-

2214 1981 2342 2051 ὶρχῇ
2377 1979 2510 2033 Θεὸν
2538 1979 2632 2033 τὸν
2661 1980 2898 2049 Χριστὸν
2919 1980 2961 2010 θ’
2996 1977 3266 2048 κηρύσσει
3298 2019 3313 2042 ,
3346 1977 3485 2048 πλὴν
3518 1978 3603 2030 ὅτι
3654 1976 3816 2047 ρητὰ

502 2072 671 2134 dicat,
703 2072 806 2125 etsi
832 2074 980 2125 dicta
1035 2070 1281 2138 quaedam
1335 2070 1621 2139 peregrina
1679 2070 1830 2123 velut
1875 2086 1906 2123 e
1942 2084 2097 2124 sacra

2214 2091 2321 2126 τινα
2349 2072 2423 2136 ὡς
2449 2073 2557 2126 ἀπὸ
2579 2074 2678 2141 τῆς
2704 2072 2855 2136 θείας
2877 2073 3100 2144 Γραφῆς
3128 2070 3411 2137 ξενίζοντα
3440 2071 3809 2141 παρεισάγειο

506 2164 792 2232 Scriptura
846 2162 1197 2227 subiuducit,
1257 2162 1459 2230 quibus
1522 2176 1590 2215 ne
1651 2161 1826 2229 prima
1873 2162 2098 2230 quidem

2214 2160 2278 2219 Iw
2323 2165 2434 2218 οὐδ’
2465 2167 2497 2237 ή
2548 2165 2742 2237 πρώτη
2788 2165 3112 2234 ἀπήλλακτο
3143 2164 3444 2226 παντελῶς.
3477 2163 3588 2216 Καὶ
3627 2164 3815 2233 ἑρμη-

504 2254 738 2322 epistola
789 2254 1014 2307 omnino
1063 2262 1245 2307 vacat.
1297 2252 1786 2321 lnterpretationes
1833 2261 2101 2320 praeterea

2214 2257 2353 2320 νείας
2383 2257 2441 2309 δὲ
2475 2258 2656 2327 ῥητῶν
2681 2274 2844 2310 τινων
2868 2256 3194 2319 ἀλλοκότους
3224 2256 3360 2325 ἔχει.
3398 2255 3609 2317 Ἀλλως
3652 2270 3717 2306 τε
3753 2253 3815 2305 δὲ

504 2345 751 2400 locorum
766 2345 1129 2414 quorumdam
1148 2344 1440 2399 alieniores
1464 2344 1692 2414 profert.
1708 2345 1959 2415 Alioquin
1987 2346 2105 2416 ipsa

2214 2350 2303 2402 καὶ
2349 2347 2418 2401 τά
2461 2350 2519 2401 ὲν
2546 2348 2738 2411 αὐταῖς
2785 2348 3034 2417 νοήματα
3083 2346 3398 2419 ἐρριμμένα
3443 2364 3563 2409 πως
3608 2344 3714 2399 καὶ
3746 2343 3811 2397 οὐ

506 2453 629 2509 quae
664 2440 718 2492 in
755 2440 840 2493 his
870 2438 1117 2507 epistolis
1148 2438 1335 2492 insunt
1367 2452 1549 2502 sensa,
1582 2438 1826 2491 nonnihil
1869 2439 2104 2508 abjecta,

2214 2440 2411 2510 συνεχῆ
2437 2440 2537 2511 τὴν
2562 2439 2892 2493 ἀκολουθίαν
2922 2440 3139 2511 ὑπῆρχε
3172 2440 3531 2508 φυλάττοντα.

507 2531 889 2585 continentem
930 2544 1147 2599 quoque
1181 2530 1381 2585 seriem
1410 2542 1475 2584 ac
1508 2531 1964 2599 consequentiam
1995 2547 2106 2587 non

509 2632 752 2677 servant.

586 2715 893 2784 Legeltatur
939 2725 1119 2769 autem
1156 2716 1207 2769 in
1258 2716 1449 2769 eodem
1502 2715 1686 2771 libello
1738 2722 1793 2770 et
1850 2716 2111 2787 Polycar-

516 2810 572 2880 pi
605 2809 719 2879 (15)
752 2808 995 2878 Epistola
1025 2808 1090 2862 ad
1124 2808 1524 2877 Philippenses,
1566 2809 1756 2863 multis
1780 2808 1979 2864 referta
2010 2812 2109 2863 ad-

516 2902 932 2965 monitionibus,
980 2916 1101 2956 cum
1164 2901 1552 2970 perspicuitate
1602 2915 1666 2954 ac
1714 2899 2106 2967 simplicitate,

2296 2730 2385 2782 Ἐν
2416 2727 2494 2798 τῷ
2532 2726 2681 2797 αὐτῴ
2709 2726 2765 2778 δὲ
2802 2722 3121 2795 βιϐλιδαρίῳ
3152 2720 3473 2791 ἀνεγνώσθη
3502 2719 3597 2771 κοιλ⁵
3628 2716 3817 2771 Πολυ·

2211 2822 2426 2895 κάρπου
2443 2818 2733 2889 Ἐπιστολὴ
2758 2817 2898 2889 πρὸς
2924 2814 3325 2885 Φιλιππησίους
3349 2852 3365 2878 ,
3401 2812 3656 2881 γέμουσα
3680 2809 3817 2861 πολ-

2208 2916 2309 2985 λῆς
2337 2913 2621 2977 νουθεσίας
2672 2911 2810 2983 μετά
2870 2909 3169 2980 σαφηνείας
3204 2908 3299 2960 καὶ
3328 2905 3635 2971 ἁπλότητος
3666 2904 3817 2955 κατά

517 2992 886 3049 ecclesiastici
936 3006 1087 3046 more
1114 2991 1448 3060 interpretis.
1472 2991 1661 3045 Refert
1704 3005 1920 3060 quoque
1965 2989 2108 3060 95b

2214 3008 2304 3062 τὸν
2355 3003 2818 3076 ἐκκλησιαστικὸν
2850 3002 2953 3070 τῆς
2990 2999 3288 3072 ἑρμηνείας
3329 2998 3521 3051 τύπον.
3571 2993 3817 3063 Λέγει⁹¹

521 3087 691 3141 divini
720 3085 909 3157 lgnatii
931 3086 1145 3141 litteras
1175 3084 1240 3138 ad
1265 3084 1388 3139 illos
1416 3098 1475 3139 se
1492 3084 1734 3150 misisse,
1764 3084 2109 3153 postulatque

2214 3101 2269 3153 δὲ
2299 3101 2394 3152 καὶ
2427 3099 2524 3162 τὰς
2571 3095 2862 3158 ἐπιστολὰς
2892 3094 3077 3157 αὐτοῖς
3118 3090 3385 3159 Ἶγνατίου
3408 3089 3502 3142 τοῦ
3540 3088 3816 3157 θεοφόρου

521 3179 724 3233 certior
746 3178 989 3232 vicissim
1029 3176 1145 3230 ﬁeri
1173 3215 1189 3240 ,
1239 3175 1285 3230 si
1322 3176 1451 3244 quid
1484 3175 1623 3229 forte
1657 3179 1723 3229 dc
1766 3190 1833 3229 eo
1864 3175 2109 3230 inaudie-

2215 3188 2658 3251 ἀπεσταλκέναι,
2693 3187 2787 3240 καὶ
2815 3187 3050 3239 αἰτεῖται
3091 3181 3511 3253 ἀναδιδαχθῆναι
3542 3179 3677 3249 παρ’
3714 3178 3820 3229 αὐ·-

523 3270 658 3325 ῐίιιῑ-
1270 3274 1279 3283 ’
2216 3280 2328 3334 τῶν
2355 3280 2409 3333 εἰ
2437 3296 2493 3332 τι
2527 3278 2659 3350 περὶ
2694 3278 2907 3332 ἐκείνου
2938 3276 3308 3329 διακούσαιεν.

1189 3355 1447 3413 CXXVII.
2928 3371 3103 3422 PKZ'.

562 3453 784 3510 Eusebii
818 3452 1090 3522 Pamphili
1118 3450 1196 3506 De
1235 3453 1341 3506 vita
1384 3452 1720 3506 Constantini
1744 3451 1823 3509 Μ.
1851 3453 1974 3507 libri
2006 3470 2081 3509 tv.

601 3612 882 3683 Leguntur
922 3611 1145 3667 Eusebii
1185 3609 1450 3679 Pamphili
1496 3608 1575 3664 De
1618 3612 1724 3664 vita
1778 3611 2118 3669 Constantini

529 3706 968 3778 MagniAugust.
1008 3707 1297 3761 laudatorii
1355 3708 1478 3762 libri
1535 3719 1788 3778 quatuor.
1822 3710 2118 3764 Continent

527 3811 713 3855 autem
745 3801 907 3870 hujus
940 3801 1042 3855 viri
1090 3817 1215 3855 cum
1268 3812 1520 3857 caeteram
1570 3803 1784 3858 vivendi
1837 3805 2111 3869 formam,

2276 3463 2575 3521 Εὐσεὸίου
2612 3463 2719 3518 τοῦ
2746 3462 3067 3531 Παμφίλου
3101 3461 3139 3529 ὴ
3172 3463 3260 3526 είς
3293 3455 3765 3531 Κωνσταντῖνον

2478 3535 2590 3587 τὸν
2616 3534 2811 3603 μέγαν
2838 3530 3110 3597 βασιλέα
3140 3530 3538 3599 τετράϐισλος.

2299 3624 2647 3693 Ἀνεγνώσθη
2676 3622 2940 3675 Εὐσεϐίου
2985 3620 3077 3674 τού
3111 3620 3401 3690 Παμφίλου
3431 3622 3463 3688 ὴ
3502 3621 3609 3684 Είς
3642 3620 3817 3671 Κων-

2214 3715 2539 3769 στιιντῖνον
2563 3714 2672 3768 τὸν
2693 3714 2887 3784 μέγαν
2910 3712 3181 3778 βασιλέα
3230 3711 3359 3783 [508
3388 3710 3481 3782 3.]
3523 3713 3806 3778 ἐγκωμια-

2225 3808 2384 3879 στικὴ
2420 3808 2877 3879 τετράδιϐλος,ὲν
2972 3809 3292 3881 περιέχεται
3324 3806 3362 3878 ἧ
3398 3823 3458 3858 τε
3493 3803 3586 3857 τοῦ
3616 3804 3818 3875 ἀνδρὸς

1824 3945 2061 4005 νΑιιυΕ
2103 3950 2521 4011 LECTIONES.

2062 4086 2295 4143 NOTAE.

601 4014 644 4045 "
678 4014 913 4084 Χριστὸν
933 4015 1025 4068 τὸν
1058 4016 1192 4069 Θεὸν
1220 4034 1281 4081 ς.
1354 4017 1399 4047 ⁹¹
1429 4015 1648 4083 λέγεται
1685 4017 1754 4071 Α.

736 4178 810 4229 De
839 4177 1038 4244 quibus
1065 4192 1185 4247 sup.
1222 4192 1440 4247 quoque
1464 4176 1712 4230 Pltotius.
1737 4190 1861 4245 cap.
1901 4176 2025 4241 H3,
2046 4188 2104 4231 et

534 4250 597 4303 Β.
616 4245 851 4300 Hieron.
885 4263 1005 4315 cap.
1046 4246 1133 4302 14.

608 4317 719 4388 (14)
753 4317 1027 4388 Adhibeut
1071 4329 1253 4388 I_amcn
1309 4332 1410 4388 pro
1466 4318 1649 4388 carnis
1704 4318 2116 4388 resurrectione

534 4385 755 4446 Patrum
791 4387 1042 4456 plurimi:
1069 4385 1419 4442 Tertullflih.
1457 4386 1532 4439 De
1560 4398 1839 4439 resurrect.
1869 4402 1989 4452 cap.
2026 4387 2115 4452 15,

534 4461 624 4514 ubi
653 4459 816 4512 etiam
844 4458 974 4511 illud
999 4456 1139 4511 PSaI.
1176 4474 1285 4518 XCI,
1312 4458 1523 4518 δίκαιος
1552 4456 1628 4519 ὡς
1655 4458 1835 4522 Φοῖνιξ
1867 4457 2117 4525 ἀνθήσει,

539 4532 766 4584 reddere
785 4543 949 4582 ausus
967 4540 1070 4591 est,
1100 4526 1250 4581 Velut
1277 4525 1504 4580 Phoenix
1526 4528 1756 4590 ﬂorebit.
1778 4525 2120 4592 BJAmbrns.

539 4660 819 4725 resurrect‘.
865 4670 924 4724 ὃ.
961 4669 1124 4737 Greg.
1168 4660 1428 4721 Naiianz.
1467 4666 1649 4722 Carm.
1681 4660 1787 4729 'ml‘
1814 4660 2029 4737 Virgini
2062 4668 2121 4721 S.

542 4742 808 4811 Epiphan.
869 4736 1149 4811 Ancorato
1204 4747 1551 4811 :‘atqueuex
1573 4739 1779 4811 _ipsit_ts
1824 4736 2122 4811 _B_._’C|em.

540 4806 769 4869 Constit.
807 4812 904 4867 lib.
936 4826 990 4874 ν,
1036 4826 1085 4862 c.
1124 4810 1192 4873 6;
1227 4808 1289 4863 Β.
1329 4807 1516 4879 Cyrill.
1559 4806 1835 4879 th’ecjtesi
1864 4808 1954 4872 18,
2016 4822 2127 4879 tne-

544 4886 807 4954 minitque
838 4882 998 4954 hujus
1026 4881 1143 4934 avis
1176 4876 1499 4934 Eusebilib.
1519 4894 1571 4933 tv
1592 4876 1675 4954 .De
1696 4876 1971 4954 Constant.
1996 4878 2128 4954 vita;

544 4958 629 5008 1ο111
658 4946 794 5008 ιιιιάο
838 4946 1079 5018 gentium
1120 4954 1446 5019 scriptorum
1494 4948 1715 5019 turbam
1756 4964 1771 5002 :
1807 4946 2035 5003 Lucian.
2074 4949 2125 5002 itt

545 5028 737 5089 Sectis,
793 5017 929 5077 Plin.
962 5023 1057 5077 lib.
1089 5038 1143 5087 ι,
1180 5017 1302 5084 cap.
1341 5020 1437 5081 H;
1488 5017 1760 5089 :l‘acitum,
1812 5020 2009 5073 Annal.
2047 5032 2125 5085 v;

541 5087 730 5149 Aurel.
744 5095 947 5148 Victor.
977 5092 1178 5145 Histor.
1196 5092 1435 5158 Augusta
1450 5106 1468 5150 ;
1484 5087 1672 5157 Pomp.
1689 5087 1904 5152 Melam,
1926 5090 2019 5147 lib.
2040 5104 2126 5153 111,

544 5183 664 5231 cap.
698 5166 760 5232 9;
805 5165 975 5218 Solio.
1014 5163 1255 5232 cap.56;
1282 5160 1649 5232 Claudian_.let
1673 5160 1832 5232 Auct.
1859 5160 2040 5232 Carm.
2065 5162 2130 5232 de

546 5229 814 5301 Phaniae,
850 5236 991 5299 apud
1019 5229 1310 5297 Lactant.;
1342 5242 1396 5284 et
1414 5232 1496 5301 de
1525 5230 1731 5301 Graecis
1766 5229 2029 5300 Xiphilin.
2075 5231 2128 5301 in

551 5306 764 5359 Tiberio
785 5299 808 5369 ;“
856 5303 1113 5356 Herodot.
1149 5303 1243 5356 lih.
1279 5317 1354 5367 tt;
1412 5299 1670 5370 llorapol.
1700 5302 1793 5354 lib.
1826 5299 1864 5365 1,
1909 5316 2028 5369 cap.
2061 5300 2132 5355 55

548 5389 605 5431 et
632 5376 797 5435 alibi;
842 5372 1046 5427 Elian.
1092 5372 1167 5426 De
1195 5371 1420 5425 animal.
1468 5384 1581 5426 mu.
1626 5372 1723 5425 lib.
1759 5386 1836 5435 v1,
1871 5386 1993 5440 cap.
2036 5371 2128 5426 58.

550 5447 667 5500 Etsi
699 5458 829 5497 ante
858 5443 1110 5496 Pbotium
1135 5442 1436 5497 dubitando
1454 5445 1519 5496 de
1543 5442 1645 5495 hac
1674 5456 1777 5495 ave
1804 5442 1964 5495 locuti
1998 5442 2131 5505 sint,

550 5516 613 5569 B.
640 5515 814 5570 Clem.
850 5528 1034 5579 supra,
1086 5528 1207 5566 cum
1238 5512 1297 5567 Β.
1331 5512 1490 5581 Creg.
1531 5510 1665 5565 Naz.
1711 5523 1851 5566 orat.
1895 5514 1960 5565 de
2005 5513 2130 5580 Spi-

556 5589 662 5639 ritu
697 5595 889 5638 sancm
914 5598 1032 5650 qua:
1074 5585 1283 5645 est37;
1327 5582 1387 5637 Β.
1423 5598 1553 5637 vero
1611 5581 1880 5637 Maximus
1925 5594 2135 5652 martyr

553 5658 715 5708 etiam
751 5653 921 5724 logica
952 5654 1330 5710 dissertatione
1360 5656 1607 5711 eamdem
1666 5652 1980 5724 planissime
2038 5668 2135 5707 ne-

555 5725 738 5794 gavit,
773 5725 843 5779 ibi
878 5726 945 5779 ad
977 5724 1196 5780 Petrum
1236 5726 1500 5781 illustrem
1540 5738 1727 5783 contra
1779 5725 1966 5780 Severi
2035 5726 2133 5777 do-

555 5806 760 5865 gmata,
787 5811 947 5865 quem
978 5798 1152 5864 ipsum
1188 5798 1273 5851 hic
1308 5798 1403 5851 tibi
1434 5796 1612 5849 locum
1641 5814 1672 5851 e
1700 5794 1855 5851 Notis
1884 5794 2093 5850 Grm’cis
2115 5833 2132 5856 .

558 5866 652 5923 sed
670 5864 888 5933 Latine,
913 5867 1221 5938 appendere
1247 5866 1466 5937 placuit.
1492 5868 1643 5933 Quod
1675 5870 1743 5934 si,
1771 5869 1869 5930 ait,
1901 5866 2020 5928 avis
2047 5874 2132 5924 est

2217 4180 2462 4248 phmnix,
2483 4179 2646 4232 etiam
2669 4177 2872 4231 animal
2906 4177 2997 4238 sit.
3025 4178 3249 4231 omnino
3276 4194 3501 4233 necesse
3528 4191 3632 4235 est.
3659 4180 3816 4248 Quod

2214 4251 2258 4303 si
2294 4249 2502 4302 animal
2529 4264 2649 4303 eam
2678 4263 2799 4302 esse
2827 4250 3082 4302 concedis
3104 4286 3120 4311 ,
3158 4250 3413 4316 primum,
3447 4264 3551 4304 non
3584 4252 3814 4305 omnino

2218 4328 2396 4388 potest
2430 4320 2559 4371 illud
2589 4333 2710 4373 esse
2736 4317 3048 4385 singulare,
3079 4330 3345 4384 quantum
3379 4321 3573 4374 saltem
3606 4323 3815 4374 animal

2219 4402 2323 4454 est,
2358 4390 2561 4442 rutilum
2589 4390 2735 4441 enim
2767 4389 2942 4440 solum
2972 4388 3193 4441 animal.
3245 4388 3471 4456 Deinde,
3511 4391 3555 4443 si
3608 4393 3812 4444 animal

2221 4471 2326 4524 est,
2359 4461 2549 4526 utique
2578 4473 2796 4527 corpus,
2829 4458 3128 4511 animatum
3168 4459 3330 4513 sinml
3357 4471 3412 4514 ct
3465 4475 3631 4515 sensu
3672 4478 3815 4529 pra:-

2198 4531 2423 4584 'ditum.
2455 4529 2574 4585 Jam
2612 4530 2656 4583 si
2698 4544 2896 4597 corpus
2928 4538 3012 4583 est
3045 4530 3343 4582 animatum
3381 4541 3436 4585 et
3467 4546 3628 4585 sensu
3674 4548 3813 4599 pra:-

541 4604 632 4655 Iib.
664 4615 717 4654 vt
750 4599 806 4681 in
839 4585 1301 4681 Ill'exa‘emerfa‘p.
1337 4598 1432 4663 23,
1463 4585 1768 4681 iterumque
1912 4596 1989 4677 De
2020 4598 2124 4681 ﬁde
2157 4585 2200 4640 ί)

2233 4600 2430 4662 ditnm,
2477 4608 2627 4654 certe
2653 4600 2819 4652 etiam
2874 4599 3208 4668 generationi
3259 4610 3421 4667 atque
3467 4603 3813 4669 corruptioni

2231 4671 2524 4725 obnoxium
2544 4672 2669 4725 erit.
2699 4670 2868 4739 Ipsos.
2895 4670 2938 4723 si
2968 4669 3117 4734 libet,
3152 4673 3429 4739 sapientes
3454 4672 3700 4737 consule,
3734 4688 3815 4725 re-

2233 4757 2351 4794 rum
2382 4758 2501 4809 qum
2534 4742 2803 4794 exsistunt
2837 4739 3195 4810 inspectores
3217 4779 3233 4803 ,
3278 4742 3467 4794 tierine
3503 4744 3697 4810 possit,
3756 4752 3815 4793 ut

2232 4811 2565 4881 generationi
2619 4812 2762 4880 qttod
2797 4809 3094 4863 obnoxium
3123 4819 3206 4864 est
3268 4821 3433 4878 atque
3478 4809 3814 4879 curruptioui

2232 4896 2454 4949 corpus,
2487 4882 2788 4936 animatum
2827 4882 2955 4933 item
2989 4894 3053 4932 ac
3080 4894 3241 4933 sensu
3274 4882 3583 4949 prleditum,
3628 4885 3817 4947 singu-

2231 4951 2363 5005 laris
2393 4966 2514 5007 esse
2536 4963 2748 5005 natura:
2772 4950 2858 5019 (ad
2882 4950 3256 5003 exsisteutiam
3281 4952 3425 5019 quod
3451 4952 3669 5020 attinet)
3695 4967 3816 5019 pos;

2231 5021 2304 5077 sit
2339 5038 2352 5074 :
2389 5038 2509 5076 cum
2568 5022 2800 5073 aliorttm
2856 5020 2909 5073 in
2949 5020 3033 5072 his
3078 5034 3145 5071 ex
3193 5020 3317 5074 aliis
3351 5022 3629 5075 succeSsio
3656 5060 3671 5082 ,
3704 5022 3817 5076 evi-

2231 5092 2614 5146 dentissimum
2643 5092 2710 5144 sit
2737 5090 3033 5143 exsistendi
3059 5088 3343 5155 indicium,
3361 5093 3816 5156 certistimusque

2234 5163 2519 5216 terminus.
2580 5160 3048 5228 Quemadmodum
3087 5161 3139 5212 in
3182 5160 3467 5228 Scriptura
3502 5163 3617 5228 ipsa
3658 5177 3814 5214 sacra

2235 5242 2467 5287 testatur
2490 5234 2641 5302 justo
2671 5232 2746 5285 illi
2776 5228 2981 5284 Noemo
3007 5229 3168 5302 hujus
3201 5231 3276 5302 rei
3310 5234 3697 5285 certitudinem
3722 5247 3818 5285 ει·-

2233 5302 2448 5369 bibens,
2474 5299 2562 5356 ubi
2598 5302 2736 5356 Cen.
2760 5316 2859 5365 vn,
2883 5302 2959 5353 ait
2984 5316 3005 5369 ι
3023 5299 3310 5367 Ingredere
3336 5310 3394 5353 tu
3416 5313 3463 5355 et
3493 5303 3685 5363 omnis,
3709 5313 3815 5355 etc.

2232 5373 2479 5443 Itemque
2528 5389 2593 5427 ea:
2634 5372 2874 5426 omnibus
2926 5368 3412 5443 uolatilibus,elc.,
3440 5372 3495 5426 in
3540 5372 3743 5443 quibus
3769 5370 3814 5423 si

2233 5440 2483 5514 phoenix,
2530 5450 2673 5512 quod
2705 5443 2911 5514 alatum
2944 5440 3036 5493 ille
3064 5442 3137 5514 sit
3165 5441 3389 5502 animal,
3423 5442 3818 5514 numerandus

2233 5511 2338 5579 est,
2397 5530 2530 5569 sane
2551 5511 2877 5583 Singularis,
2937 5512 3114 5577 quoad
3147 5511 3566 5583 exsistentiant,
3613 5524 3817 5565 natura:

2234 5600 2343 5639 non
2370 5596 2477 5641 est.
2512 5595 2568 5637 ut
2601 5581 2743 5637 Deus
2780 5583 2895 5650 ipse
2922 5581 3321 5648 pronuntiavit.

2305 5655 2418 5725 (15)
2451 5653 2640 5725 Exstat
2694 5669 2756 5708 ea
2789 5652 2972 5717 hodie,
3004 5651 3090 5725 vel
3125 5652 3607 5725 ex__hic_indicatis
3650 5650 3819 5725 signis

2234 5720 2451 5787 nobilis,
2486 5724 2679 5778 Latine
2723 5739 2846 5778 cuin
2878 5722 3139 5793 operibus
3187 5720 3250 5775 Β.
3305 5721 3604 5781 Clementis
3654 5720 3814 5777 Rotu.

2231 5796 2474 5854 Coloniae
2507 5808 2727 5851 excusa.
