4090 6450
236 366 351 432 409

1297 378 1829 441 BIBLIOTHECA.
1869 403 1940 414 -
1976 377 2143 440 COD.
2184 381 2470 444 CXXVII.

3409 383 3517 449 410

230 482 367 576 ἄλλη
398 483 648 539 πολιτεία
692 486 753 552 ἐξ
792 488 966 559 αὐτῆς
1000 489 1227 562 πρώτης
1269 491 1487 561 ἡλικίας
1516 492 1818 563 ἀρχομένη,

1944 508 2028 544 am
2068 493 2191 547 inde
2244 510 2272 546 a
2340 498 2569 564 pueritia
2629 499 2956 568 inchoamlo,
3010 512 3126 558 tum
3180 519 3517 576 quaecunque

230 574 327 627 κα).
346 576 469 628 ὅσαι
502 577 641 648 πρὸς
666 580 769 647 τὴν
798 580 1265 652 ἐκκλησιαστικὴν
1290 580 1418 655 [164
1448 581 1544 654 Η.]
1578 584 1821 653 ἱστορίαν

230 668 553 722 συντελοῦσι
585 672 817 742 πράξεις
844 712 860 736 ,
918 673 1115 743 μέχρις
1149 669 1211 728 οὗ
1237 676 1329 728 τὸν
1367 675 1482 746 βίον
1526 675 1820 740 ἀπέλιπεν,

226 759 310 819 εἰς
362 758 666 830 ἑξηκοστὸν
716 762 815 817 καὶ
857 763 1124 834 τέταρτον
1172 765 1563 837 παραταθέντα
1602 766 1821 836 χρόνον.

231 853 391 904 Ἔστι
422 853 523 923 μὲν
557 853 651 907 οὖν
682 855 965 909 κάνταῦθα
1008 857 1109 928 τὴν
1154 860 1357 929 φράσιν
1401 860 1586 928 ὅμοιος
1617 857 1820 927 ἐαυτῷ,

225 945 373 1013 πλὴν
431 946 633 1016 μικρόν
678 964 738 1000 τε
769 950 907 1019 πρὸς
950 950 1009 1002 τὸ
1048 949 1436 1022 λαμπρότερον
1466 949 1821 1003 ἐκϐεϐίασται

224 1036 381 1105 αὐτῷ
409 1039 439 1090 ό
460 1037 642 1106 λόγος,
668 1040 764 1093 καὶ
792 1040 966 1106 λέξεις
993 1045 1071 1105 εἰς
1101 1042 1162 1096 τὸ
1192 1042 1557 1115 ἀνθηρότερον
1599 1041 1821 1112 ἐνιαχοῦ

228 1123 694 1192 συνελήφθησαν·
767 1130 865 1199 τῆς
927 1130 1111 1199 μέντοι
1165 1131 1309 1185 κατά
1365 1130 1465 1202 τὴν
1522 1132 1824 1201 ἑρμηνείαν

228 1213 430 1283 ἡδονῆς
462 1217 560 1270 καὶ
586 1216 807 1288 χάριτος
839 1220 993 1274 οὐδὲν
1031 1220 1175 1291 μέγα
1199 1261 1216 1285 ,
1242 1220 1434 1292 ὥσπερ
1468 1221 1589 1274 οὐδὲ
1622 1223 1680 1275 ἐν
1705 1224 1824 1284 τοῖς

232 1306 440 1375 ἀλλοις,
471 1310 820 1380 ἐμφαίνεται.
853 1313 1314 1383 Καταστρώννυσι
1342 1314 1398 1366 δὲ
1429 1315 1486 1368 ἐν
1515 1314 1691 1385 ταύτῃ
1724 1314 1826 1367 αὑ-

231 1399 323 1450 τοῦ
370 1403 440 1470 τῇ
479 1402 826 1475 τετραὸίὸλῳ
872 1405 1169 1474 πάμπολλα
1213 1406 1391 1477 χωρία
1436 1405 1496 1471 ἐξ
1525 1406 1825 1477 ὁλοκλήρου

228 1490 330 1560 τῆς
368 1490 931 1566 Ἑκκλησιαστικῆς
964 1498 1130 1552 αὑτοῦ
1156 1499 1452 1567 δεκαλὸγου
1484 1498 1776 1567 ἱστορίας.

299 1583 474 1651 Λέγει
504 1586 604 1655 μὲν
631 1585 724 1641 οὖν
755 1590 849 1641 καὶ¹
881 1589 1046 1653 αὐτὸς
1075 1592 1134 1644 ἐν
1160 1591 1209 1644 Ν
1216 1590 1437 1662 ικομηδε
1449 1592 1503 1661 ίᾳ
1524 1589 1617 1644 τὸν
1651 1592 1826 1660 μέγαν

227 1676 655 1734 Κωνσταντῖνον
708 1680 1108 1751 βαπτίσασθαι,
1160 1684 1325 1755 μέχρι
1357 1686 1480 1739 τότε
1512 1683 1571 1737 τὸ
1600 1685 1828 1755 λουτρὸν

227 1769 701 1842 ἀναϐαλλόμενον,
734 1774 830 1828 ἆτε
874 1776 937 1846 δὴ
968 1779 1027 1829 ἐν
1057 1777 1322 1850 ἐπιθυμίᾳ
1358 1776 1680 1846 ποιούμενον
1714 1779 1827 1837 τοῖς

244 1862 517 1934 Ἰορδάνου
566 1866 626 1919 τὸ
665 1867 889 1940 λουτρὸν
919 1871 1314 1935 ὐποδέξασθαι·
1352 1871 1437 1934 τίς
1461 1873 1518 1925 δὲ
1553 1873 1581 1924 ὁ
1633 1870 1826 1941 βαπτί-

232 1970 357 2020 σας,
404 1957 564 2010 οὐδὲν
607 1958 883 2027 διασαφεῖ.
920 1962 1060 2032 Περὶ
1096 1962 1281 2032 μέντοι
1306 1979 1370 2030 γε
1402 1962 1504 2031 τῆς
1541 1962 1829 2033 Ἀρειανῆς

234 2049 507 2119 αἱρέσεως
536 2051 692 2107 οὐδὲν
725 2054 890 2120 σαφὲς
927 2054 1293 2123 ἀπαγγέλλει,
1318 2055 1428 2110 οὐδ’
1455 2056 1505 2108 εί
1540 2055 1640 2125 τῆς
1670 2054 1829 2125 δόξης

236 2142 463 2211 ἐκείνης
487 2142 687 2211 εἴχετο,
720 2146 834 2199 οὐδ’
863 2147 942 2199 ὅτι
983 2147 1391 2217 μεταϐέϐληται
1415 2187 1431 2212 ,
1463 2148 1579 2200 ἀλλ’
1606 2147 1716 2201 οὐδ’
1746 2150 1829 2201 ὅτι

237 2233 521 2304 φαύλωςῆ
552 2236 728 2305 ὀρθῶς
770 2238 1021 2305 ἐδόξαζεν
1048 2240 1285 2311 Ἀρειος,
1346 2240 1552 2311 καίπερ
1583 2240 1830 2311 ἀνάγκην

238 2326 377 2395 ἔχων
409 2328 473 2379 ἐν
501 2330 694 2402 μνήμῃ
739 2329 914 2383 ταῦτα
942 2332 1297 2403 ποιήσασθαι,
1331 2331 1427 2386 ᾶτε
1456 2333 1522 2403 δὴ
1561 2332 1702 2403 μέγα
1737 2333 1831 2401 μὲ-

243 2435 335 2485 ρος
382 2419 699 2491 ἐπεχούσης
730 2422 829 2491 τῆς
867 2425 1087 2479 συνόδου
1114 2424 1222 2478 τῶν
1254 2423 1351 2477 τοῦ
1404 2425 1644 2494 μεγάλου
1684 2426 1829 2494 πρά-

239 2510 377 2575 ξεων
410 2512 835 2566 Κωνσταντίνου
863 2553 881 2579 ,
927 2514 1191 2586 κάκείνης
1235 2516 1398 2570 πάλιν
1430 2515 1831 2587 ἐξαπαιτούσης

238 2602 339 2669 τὴν
376 2605 510 2673 περὶ
539 2604 746 2657 τούτων
780 2604 1304 2678 λεπτομερεστάτην
1353 2608 1617 2679 ἱστορίαν.
1671 2609 1833 2664 Ἀλλά

240 2695 437 2749 στάσιν
484 2697 586 2768 μὲν
630 2699 894 2768 ἐμπεσεῖν
941 2700 1148 2770 μεταξὺ
1188 2702 1399 2772 Ἀρείου
1452 2701 1549 2756 καὶ
1585 2703 1835 2769 Ἀλεξάν-

235 2788 392 2858 δρου,
422 2788 522 2860 τὴν
553 2791 766 2862 αἵρεσιν
799 2792 943 2845 οὕτω
961 2793 1007 2825 ⁸³
1055 2793 1231 2861 λέγων
1277 2793 1374 2847 καὶ
1408 2794 1835 2865 ὑποκρυπτόμε-

236 2899 349 2945 tog,
378 2884 771 2952 ἀποφαίνεται,
804 2886 896 2938 ἐπί
928 2902 989 2938 τε
1009 2888 1074 2956 τῇ
1109 2885 1297 2938 στάσει
1322 2885 1444 2938 λίαν
1477 2885 1715 2956 ἀλγῆσαι
1744 2884 1836 2938 τὸν

237 2974 472 3045 θεοφιλῆ
506 2975 756 3045 βασιλέα,
777 2978 871 3030 καὶ
899 2977 1272 3054 ἀγωνίσασθαι
1298 2977 1389 3031 διά
1414 2993 1473 3031 τε
1505 2977 1835 3043 ἐπιστολῶν,

235 3067 330 3119 διά
362 3084 425 3119 τε
452 3068 549 3119 τοῦ
594 3069 800 3135 Ὀσίου,
834 3069 892 3132 ὃς
917 3070 1233 3141 Κουδρόϐης
1268 3070 1594 3134 ἐπεσκόπει,
1630 3071 1711 3133 είς
1742 3088 1834 3139 ιρι-

1925 585 1992 636 ad
2026 585 2455 641 ecclesiasticam
2482 591 2839 656 cpertinentia
2875 595 3159 649 historiam
3201 597 3289 651 ille
3323 600 3515 667 gessit,

1924 676 1990 728 ad
2018 687 2324 731 extremum
2352 694 2524 748 usque
2555 680 2737 744 finem,
2762 683 2863 737 hoc
2883 696 2989 750 est,
3013 697 3246 756 quatuor
3273 700 3328 743 et
3353 705 3516 743 sexa-

1926 768 2075 836 ginta
2111 785 2378 824 annorum
2408 772 2604 840 spatio.
2635 771 2732 827 Est
2759 790 2923 842 porro
2953 778 3120 830 etiam
3156 778 3208 831 in
3254 778 3355 831 hoc
3384 794 3517 848 ope-

1930 875 1989 913 re
2012 861 2091 914 sui
2125 861 2258 915 satis
2290 863 2341 916 in
2372 864 2606 919 dictione
2632 866 2850 929 similis,
2879 867 2981 922 nisi
3007 868 3149 936 quod
3180 869 3423 923 nonnihil
3450 870 3518 923 ad

1926 952 2274 1021 splendorem
2306 957 2475 1026 magis
2508 958 2744 1012 trahitur
2767 959 2969 1021 oratio,
3003 975 3274 1027 vocesque
3316 962 3381 1014 ad
3420 961 3519 1015 ﬂo-

1928 1044 2102 1097 ridum
2135 1045 2330 1100 alicubi
2362 1062 2532 1116 genus
2593 1052 2860 1104 tendunt:
2894 1052 2994 1105 etsi
3034 1051 3394 1118 jucumlitatis
3466 1062 3522 1108 et

1927 1137 2117 1203 gratiae
2154 1136 2207 1189 in
2236 1138 2561 1204 explicando
2594 1142 2866 1195 modicum
2896 1143 3180 1207 adhibere,
3222 1155 3282 1198 ut
3312 1144 3363 1197 in
3396 1144 3522 1199 aliis

1928 1240 2145 1294 quoque
2168 1226 2343 1291 libris,
2373 1230 2605 1283 videtur.
2656 1231 2979 1287 Aﬂ‘eruutur
3004 1248 3148 1289 vero
3188 1234 3306 1287 loca
3340 1233 3516 1301 pluri-

1929 1333 2017 1373 ma
2068 1319 2119 1372 in
2163 1320 2247 1374 his
2273 1331 2507 1388 quatuor
2564 1322 2718 1377 libris
2762 1340 2830 1378 ex
2874 1326 3128 1382 universa
3172 1326 3293 1398 ejus
3334 1327 3520 1382 decem

1929 1410 2188 1465 librorum
2214 1410 2590 1468 Ecclesiastica
2615 1413 2881 1473 Historia.

2000 1589 2189 1645 Refert
2239 1605 2369 1661 ergo
2397 1591 2483 1645 hic
2509 1592 2844 1649 Nicomediae
2881 1595 3218 1666 baptizatum
3260 1611 3519 1666 magnum
3564 1606 3573 1615 ‘

1933 1680 2356 1737 Constantinum
2395 1683 2533 1753 (16),
2592 1685 2965 1756 hactenusqne
3010 1688 3286 1742 lavacrum
3343 1687 3523 1743 distu-

1935 1774 2082 1838 lisse,
2113 1774 2254 1842 quod
2297 1773 2522 1829 invotis
2569 1775 2798 1831 haberet
2855 1779 2907 1831 in
2960 1778 3203 1833 Jordane
3238 1780 3519 1849 baptismo

1933 1866 2063 1936 tingi
2099 1883 2113 1920 :
2151 1867 2277 1936 quis
2317 1882 2447 1921 vero
2493 1869 2787 1935 baptizarit
2812 1909 2827 1931 ,
2874 1871 3095 1925 silentio
3143 1872 3405 1941 praeterit.
3436 1869 3524 1928 'De

1929 1958 2116 2012 Ariani
2149 1959 2368 2028 insuper
2391 1960 2582 2015 literesi
2622 1976 2848 2029 prorsus
2872 1962 3005 2015 nihil
3033 1964 3323 2018 manifeste
3367 1979 3522 2017 com-

1936 2059 2232 2115 memorat,
2299 2066 2475 2120 neque
2532 2067 2599 2105 an
2654 2051 3047 2108 Constantinus
3107 2055 3180 2109 illi
3234 2056 3524 2125 aliquando

1934 2145 2253 2209 adhaeserit,
2299 2159 2473 2213 neque
2504 2159 2570 2197 an
2601 2160 2720 2199 eam
2754 2145 3051 2214 ahjecerit,
3113 2151 3206 2201 sed
3247 2163 3424 2216 neque
3455 2164 3523 2200 an

1933 2246 2103 2299 recte,
2132 2247 2226 2291 aut
2255 2250 2414 2291 secus
2443 2236 2685 2289 senserit
2720 2237 2887 2289 Arius
2919 2255 2932 2291 :
2968 2238 3182 2292 tametsi
3224 2239 3526 2292 necessitas

1933 2345 2056 2383 eum
2080 2328 2431 2396 compelleret
2455 2329 2650 2381 horum
2680 2330 3020 2393 meminisse,
3060 2332 3278 2397 quando
3319 2340 3374 2383 et
3419 2347 3528 2383 ma-

1934 2438 2039 2486 gna
2091 2437 2215 2491 pars
2264 2419 2364 2475 fuit
2423 2421 2660 2491 synodus
2710 2436 2889 2474 rerum
2934 2438 2962 2475 a
3020 2438 3215 2491 magno
3250 2423 3524 2477 Constan—

1938 2514 2050 2568 tino
2079 2524 2377 2582 gestarum,
2417 2523 2470 2566 et
2497 2511 2737 2581 alioquin
2788 2512 2875 2565 illa
2912 2512 3025 2580 ipsa
3064 2513 3308 2567 vicissim
3341 2523 3529 2581 postu-

1936 2604 2073 2657 laret
2116 2601 2524 2656 exactissimam
2565 2602 2649 2655 his
2680 2600 2749 2655 de
2784 2601 2944 2655 rebus
2978 2601 3283 2654 historiam.
3341 2602 3529 2671 itaque

1935 2695 2334 2752 dissensionem
2364 2694 2581 2763 quidem
2632 2705 2811 2747 ortam
2838 2695 3025 2748 Arium
3054 2693 3197 2748 inter
3219 2702 3273 2747 et
3292 2693 3528 2748 Alexan-

1937 2790 2093 2841 drum
2152 2796 2543 2840 commemorat
2593 2786 2711 2857 (sic
2755 2786 3009 2840 nimirum
3056 2785 3308 2840 hatresim
3346 2787 3528 2855 appel-

1938 2880 2054 2934 lare
2087 2895 2150 2933 ac
2182 2889 2362 2947 tegere
2385 2878 2641 2949 videtur),
2666 2892 2729 2932 ac
2755 2878 2966 2931 dissidii
2993 2877 3154 2943 hujus
3176 2880 3351 2947 gratia
3375 2878 3530 2933 valde

1939 2972 2269 3027 iudolentem
2301 2971 2708 3039 pientissimnm
2752 2970 3137 3035 imperatorem
3172 2970 3526 3033 allahorasse,

1942 3080 2064 3118 cum
2102 3079 2200 3132 per
2249 3063 2566 3129 epistolam,
2608 3072 2720 3115 tum
2769 3076 2865 3131 per
2913 3062 3136 3116 llosium
3163 3062 3530 3117 Cordubensis

237 3160 361 3211 λίαν
389 3159 492 3212 καὶ
521 3159 780 3229 ὁμόνοιαν
816 3160 1073 3227 συζεῦξαι
1126 3160 1188 3215 τὸ
1238 3162 1531 3226 στασιάζον
1564 3162 1662 3231 τῆς
1696 3162 1834 3233 πρὸς

1942 3158 2197 3213 Ecclesia:
2221 3158 2558 3225 episcopum,
2588 3166 2667 3221 ut,
2713 3156 2879 3209 missa
2905 3157 3256 3210 contentione
3289 3155 3378 3209 illa
3412 3172 3529 3208 mu-

235 3249 513 3321 ἀλλήλους
560 3250 738 3322 ἔριδος
782 3252 1089 3322 ἀφεμένους
1123 3253 1219 3305 καὶ
1249 3251 1357 3304 τῶν
1381 3251 1641 3305 τοιούτων
1671 3251 1839 3322 ζητή-

239 3360 405 3395 σεωψ
441 3342 519 3402 ὡς
554 3344 598 3396 δ’
627 3345 729 3397 οὐκ
758 3344 965 3411 ἔπειθε,
1002 3343 1219 3398 σύνοδον
1268 3345 1607 3415 πανταχόθεν
1653 3343 1839 3413 ἀθροῖ-

241 3454 334 3490 σαι
370 3438 473 3491 καὶ
500 3437 602 3507 τὴν
665 3436 1017 3506 ἐμπεσοῦσαν
1054 3436 1171 3507 ἔριν
1216 3439 1296 3500 εἰς
1326 3438 1548 3507 εἰρήνην
1582 3435 1840 3488 διαλύσα-

242 3531 405 3584 σθαι·
448 3531 510 3583 οὐ
551 3530 659 3599 μὴν
694 3532 775 3592 εἰς
805 3529 868 3582 τὸ
900 3529 1127 3600 ἀκριϐὲς
1154 3530 1247 3581 καὶ
1298 3528 1554 3598 ἐπίδηλον
1594 3527 1841 3596 ἀναγρά-

241 3641 433 3692 φεται.
462 3617 635 3685 Οὗτος
662 3617 755 3675 οὖν
785 3621 974 3691 ὥσπερ
999 3618 1378 3690 αίσχυνομὲνῳ
1409 3617 1604 3681 ἐοικὼς
1638 3618 1733 3670 καὶ
1763 3618 1839 3689 μὴ

244 3714 567 3784 βουλομένῳ
591 3713 936 3783 δημοσιεύειν
957 3713 1178 3783 Ἀρειον
1194 3712 1263 3744 ⁹⁸⁴
1280 3711 1381 3782 τήν
1402 3728 1461 3764 τε
1484 3710 1587 3780 τῆς
1616 3710 1838 3763 συνόδου

243 3803 691 3873 ἐξενηνεγμένην
721 3802 844 3855 κατ’
870 3801 1034 3855 αὑτοῦ
1067 3801 1249 3871 ψῆφον
1281 3801 1378 3853 καὶ
1406 3799 1516 3853 τῶν
1544 3802 1841 3871 συνασεὸη-

247 3895 466 3948 σάντων
518 3892 669 3963 αὐτῷ
707 3893 802 3945 καὶ
836 3889 1283 3955 συνεξωσθέντων
1314 3888 1412 3959 τὴν
1473 3889 1690 3943 δικαίαν
1726 3890 1833 3942 εἶσι

247 3986 477 4057 πραξιν,
522 3986 584 4037 οὑ
638 3985 746 4054 μὴν
777 3983 891 4037 ἀλλ’
927 3984 1037 4036 οὐδ’
1064 3985 1130 4054 ἣν
1161 3982 1349 4036 θεόθεν
1392 3983 1501 4046 πᾶς
1561 3981 1841 4053 ὀφθαλμὸς

249 4073 390 4129 εἶδεν
446 4075 658 4127 ἔνδικον
700 4073 912 4143 Ἀρείου
962 4072 1375 4143 καταστροφὴν,
1430 4072 1585 4125 οὐδὲν
1636 4072 1842 4126 τούτων

247 4167 397 4232 ἄγων
435 4166 520 4227 είς
552 4163 689 4232 φῶς,
718 4164 818 4233 τήν
842 4179 903 4216 τε
932 4165 1061 4232 περὶ
1103 4163 1202 4232 τῆς
1233 4163 1455 4216 συνόδου
1511 4161 1608 4215 καὶ
1639 4162 1749 4215 τῶν
1785 4164 1844 4217 ἐν

248 4258 388 4327 αὑτῇ
428 4256 792 4327 πραχθέντων
823 4255 917 4308 καὶ⁹
965 4256 1093 4326 περὶ
1118 4255 1293 4325 αὐτὴν
1315 4254 1367 4288 ³⁸
1416 4256 1663 4326 ἱστορίαν
1702 4272 1846 4328 παρ-

250 4350 486 4420 ἑδραμε.
519 4349 614 4399 Διὸ
641 4346 736 4399 καὶ
778 4347 1033 4418 περὶτοῦ
1095 4347 1385 4401 θεσπεσίου
1419 4347 1724 4401 Εὐσταθίου
1763 4348 1845 4401 δι-

250 4441 515 4510 ηγεῖσθαι
568 4438 779 4510 μέλλων
797 4441 844 4472 ⁸⁸
885 4438 1010 4492 οὔτε
1058 4440 1154 4492 τοῦ
1211 4439 1478 4510 ὀνόματος
1540 4440 1843 4510 μέμνηται,

1944 3262 2056 3314 tua,
2089 3259 2143 3303 et
2165 3249 2474 3319 hujusmodi
2504 3249 2921 3319 qttmstionibtts,
2973 3248 3037 3300 ad
3066 3247 3363 3301 amicitiam
3393 3263 3528 3301 con-

1940 3342 2296 3411 cordiamque
2350 3342 2682 3395 dissidentes
2718 3340 2962 3410 adigeret
3009 3357 3024 3394 :
3079 3349 3244 3408 atque
3275 3338 3363 3391 uhi
3421 3354 3526 3390 non

1941 3434 2215 3504 persuasit
2256 3434 2527 3504 synodum
2586 3432 2826 3501 undique
2882 3444 3217 3484 convocasse
3259 3440 3314 3482 et
3346 3438 3526 3481 natam

1940 3525 2348 3580 contentionem
2398 3538 2532 3593 pace
2559 3533 2926 3592 permutasse.
2975 3522 3105 3587 Quae
3134 3532 3312 3573 tamen
3355 3533 3530 3588 neque

1941 3627 2199 3672 accurate
2231 3632 2404 3686 neque
2428 3616 2715 3684 perspicue
2779 3616 2848 3669 ab
2889 3629 2956 3669 eu
3000 3614 3333 3669 scribuntur.
3352 3610 3533 3678 Quare

1940 3725 2054 3781 pra:
2081 3710 2286 3779 pudore
2312 3709 2526 3764 videtur
2558 3708 2644 3762 hic
2673 3707 2887 3769 Arium,
2912 3716 2969 3761 et
3004 3722 3033 3759 a
3065 3706 3279 3776 synodo
3321 3702 3524 3757 factum

1943 3810 2132 3856 contra
2165 3800 2313 3854 illum
2354 3801 2659 3863 decretum,
2701 3799 2984 3869 publicare
3010 3814 3118 3851 non
3162 3796 3435 3858 voluisse,
3477 3804 3535 3848 ut

1944 3905 2048 3946 nec
2105 3890 2221 3958 ejus
2285 3891 2488 3946 erroris
2535 3890 2749 3954 socios,
2817 3899 2910 3942 aut
2973 3888 3135 3944 sinml
3182 3888 3533 3957 expulsorum

1937 3984 2143 4053 justam
2173 3984 2452 4047 ultionem,
2482 3985 2611 4054 quin
2644 3998 2823 4052 neque
2846 3982 3017 4046 illam,
3056 3982 3203 4053 96a
3251 3996 3409 4049 quam
3446 3981 3532 4032 di-

1946 4076 2148 4130 vinitus
2171 4086 2441 4145 sumptam
2463 4075 2645 4129 omnis
2670 4075 2863 4129 oculus
2884 4075 3037 4138 vidit,
3057 4073 3262 4143 justam
3282 4072 3396 4125 Arii
3418 4071 3538 4124 viu-

1945 4168 2146 4222 dictam
2175 4168 2288 4237 (l7)
2330 4184 2343 4221 :
2386 4167 2605 4236 quando
2654 4167 2846 4220 borum
2905 4165 3037 4219 nihil
3099 4165 3150 4217 iu
3195 4164 3369 4217 lucem
3413 4178 3538 4230 pro-

1947 4260 2169 4324 ferens,
2226 4259 2421 4331 synodi
2472 4258 2642 4327 ipsius
2699 4273 2991 4327 rerumque
3036 4257 3091 4309 in
3151 4271 3215 4309 ea
3262 4264 3537 4324 gestarum

1946 4353 2230 4407 historiam
2268 4353 2443 4407 obiter
2485 4361 2691 4404 tantum
2742 4352 3017 4419 percurrit
3059 4348 3179 4413 Quo
3220 4348 3382 4401 etiam
3438 4345 3542 4409 lit,

1947 4454 2008 4497 ιιι
2064 4444 2132 4498 de
2178 4442 2363 4497 divino
2421 4441 2709 4497 Eustathio
2753 4440 2868 4511 (l8)
2919 4448 3282 4499 narraturus,
3329 4453 3397 4490 ne
3442 4452 3545 4489 nc»

251 4534 359 4586 οὐδ’
390 4534 503 4587 ὅσα
528 4532 659 4601 περὶ
689 4530 854 4584 αὐτὸν
884 4530 1158 4601 ἐτολμήθη
1203 4533 1301 4584 καὶ
1343 4534 1421 4594 εἰς
1451 4532 1615 4602 ἔργον
1641 4532 1834 4585 ἀποϐέ-

1952 4536 2111 4590 minis
2142 4535 2359 4604 quidem
2395 4534 2743 4599 meminerit;
2792 4544 3001 4587 tantum
3028 4532 3183 4587 abest
3214 4542 3271 4585 ut
3317 4546 3438 4600 quae
3486 4530 3547 4582 in.

252 4627 459 4697 6ηκεν·
518 4624 635 4678 ἀλλ’
684 4627 769 4687 εἰς
813 4625 1002 4677 στάσιν
1052 4626 1147 4678 καὶ
1187 4624 1436 4696 ταραχὴν
1482 4627 1704 4693 ἀνάγων
1754 4626 1851 4679 καὶ

251 4717 456 4783 ταῦτα,
491 4716 759 4785 γαληνίας
813 4715 908 4768 καὶ
972 4715 1133 4768 πάλιν
1186 4717 1459 4782 ἐπιλέγει,
1528 4715 1851 4769 ἐπισκόπων

256 4807 401 4860 κατὰ
445 4807 553 4875 τὴν
589 4805 922 4873 Ἀντιόχειαν
954 4805 1480 4876 συνδεδραμηκότων
1509 4805 1715 4875 σπουδῇ
1751 4804 1853 4875 βα-

258 4901 457 4962 σιλέως
491 4898 589 4951 καὶ
620 4899 901 4971 συνεργίᾳ,
930 4901 1026 4952 καὶ
1051 4900 1112 4952 τὸ
1144 4899 1436 4962 στασιάζον
1460 4900 1555 4952 καὶ
1585 4898 1852 4969 ταραττό-

260 5010 425 5061 μενον
457 4993 544 5054 είς
571 4991 634 5045 τὸ
666 4993 951 5061 εἰρηναῖον
982 4992 1493 5064 μεταὸεὸληκότων.
1537 4993 1770 5064 Ὁμοίως
1796 4993 1853 5046 δὲ

258 5085 351 5135 καὶ
392 5087 454 5137 ὲν
483 5079 566 5148 οἷς
592 5087 622 5138 ὁ
648 5085 950 5148 πολύαθλος
980 5084 1337 5155 ἐσκευωρήθη
1381 5083 1704 5148 Ἀθανάσιος
1729 5122 1744 5148 ,
1775 5083 1855 5146 εἰς

258 5177 435 5231 ταῦτα
463 5177 567 5250 τὴν
600 5178 842 5250 ἱστορίαν
870 5180 1120 5250 ὁρμήσας
1146 5179 1458 5247 ἐπαφεῖναι,
1487 5178 1729 5239 στάσεως
1754 5176 1853 5246 μὲν

1949 4627 2124 4696 ipsum
2156 4627 2520 4682 audacissime
2561 4627 2858 4680 machinati
2888 4636 3016 4680 sunt
3044 4626 3182 4695 (l9),
3228 4637 3394 4689 reque
3426 4622 3545 4689 ipsa

1949 4719 2343 4787 praestiterunt,
2377 4720 2735 4773 recensuerit.
2794 4717 2963 4788 igitur
3013 4716 3080 4770 ad
3136 4714 3539 4769 dissensionem

1954 4813 2227 4866 duntaxat
2272 4818 2441 4880 atque
2500 4811 2791 4864 tumultum
2831 4824 2896 4863 ea
2930 4807 3204 4870 referens,
3239 4805 3544 4874 tranquilli-

1956 4908 2129 4953 tatem
2183 4914 2399 4953 rursum
2450 4906 2847 4952 contmemorat
2900 4897 3282 4964 episcOporunt
3332 4907 3545 4957 eorum,

1957 4992 2050 5060 qui
2082 5007 2203 5046 cum
2240 4991 2585 5046 Antiochiam
2626 4988 2976 5057 imperatoris
3004 4988 3190 5042 studio
3219 4996 3382 5055 atque
3415 5001 3547 5056 ope-

1959 5098 2020 5136 ra
2050 5083 2463 5144 convenissent,
2494 5081 2823 5135 seditionem
2861 5079 3189 5147 turbamque
3220 5093 3352 5148 pace
3384 5091 3541 5131 com-

1962 5184 2264 5259 mutarunt.
2308 5172 2576 5228 Similiter
2634 5170 2725 5225 ubi
2778 5171 3155 5226 narrationem
3189 5169 3432 5224 instituit
3478 5167 3546 5222 de

1540 5336 1770 5392 VABl/E
1818 5335 2224 5392 LECTIONES.

336 5450 392 5485 “
420 5453 570 5507 οὕτω
603 5453 651 5510 Α
684 5472 699 5509 :
731 5454 774 5508 δ’
809 5454 954 5508 οὕτω
985 5471 1046 5519 ς.
1120 5453 1188 5485 ⁹³“
1227 5453 1439 5525 Ἀρείου
1468 5453 1537 5516 Α.
1613 5453 1662 5486 ³⁸
1697 5453 1794 5507 καὶ
1824 5471 1890 5506 πε
1902 5454 1955 5524 pl.
1981 5454 2151 5525 αὐτήν
2183 5454 2308 5509 add.
2334 5454 2399 5508 A.
2473 5453 2521 5487 ”
2549 5451 2759 5525 μέλλων
2780 5449 3088 5523 διηγεῖσθαι
3129 5465 3192 5512 ς.

1790 5596 2026 5653 ΝΟΤΑΕ.

339 5690 458 5829 ξὶῧ)
495 5689 661 5757 Supr.
694 5690 814 5744 cod.
849 5690 937 5751 88.
969 5702 1025 5746 et
1060 5690 1131 5744 ibi
1168 5690 1423 5746 Scholion
1458 5691 1511 5745 in
1542 5691 1670 5745 fine.

372 5761 457 5829 Π)
500 5760 633 5813 Eam
672 5761 817 5829 legas
845 5777 997 5829 supr.
1028 5763 1150 5815 cod.
1182 5761 1272 5825 88,
1308 5764 1452 5816 circa
1492 5764 1670 5816 tnediu

372 5761 457 5831 l7)
500 5760 633 5813 Eam
672 5761 817 5830 legas
845 5777 997 5830 supr.
1028 5763 1150 5815 cod.
1182 5761 1272 5825 88,
1308 5764 1452 5816 circa
1492 5764 1751 5816 medium.

344 5834 458 5897 (ιθ)
490 5832 835 5889 Διιιιοοιιιιιιο
862 5833 1033 5902 episc.
1067 5848 1176 5903 quo
1196 5835 1264 5889 de
1293 5830 1493 5890 Barou.
1518 5835 1674 5889 card.
1713 5844 1846 5889 tom.

1953 5691 2020 5746 ΙΙΙ
2049 5695 2116 5745 ad
2141 5708 2271 5747 ann.
2302 5692 2434 5748 Chr.
2475 5691 2603 5747 540.

2029 5763 2562 5889 (ωιέίτιιουάυιειυε
2615 5777 2680 5819 ea
2726 5760 2895 5817 refert
2938 5757 3034 5813 lib.
3091 5772 3110 5813 ι
3147 5754 3295 5812 Hist.
3331 5750 3544 5814 εειυιεεη

1959 5851 2085 5905 cap.
2187 5872 2204 5889 .
