3964 6416
446 821 456 846 \

505 352 611 420 411

1610 349 1875 411 ΡΗΟΤΙῘ
1914 351 2421 410 ΡΑΤΒΙΑΒΟΗΑΕ
2460 353 2568 412 CP.

3675 332 3801 419 ωε·

503 467 573 519 lis
627 477 749 532 qua:
801 461 855 515 in
901 476 1153 530 magnum
1215 461 1366 516 illum
1403 461 1663 516 atldetam
1722 461 2080 515 Athanasium

2194 460 2573 531 ἐμπλησθῆναι
2621 460 2786 516 πάλιν
2813 464 2908 516 καὶ
2933 463 3182 534 ταραχῆς
3212 466 3312 536 τὴν
3364 465 3780 538 Ἀλεξάνδρειαν

501 557 616 630 (20)
665 559 911 626 Improbe
961 563 1268 623 comparata
1334 553 1576 620 fuerunt,
1641 555 1908 608 seditione
1960 553 2084 622 qui-

503 653 624 703 dem
658 665 722 702 ac
765 649 997 702 tumultu
1031 647 1306 713 impletam
1337 648 1532 700 iterum
1568 646 1958 700 Alexandriam
1997 661 2084 701 re-

501 742 633 805 fert,
666 741 757 793 sed
817 756 935 793 eam
967 741 1366 807 episcoporum,
1388 739 1482 808 qui
1517 739 1864 807 imperatoris
1891 749 2083 792 aucto-

502 829 661 882 ritate
715 829 1036 892 niterentur,
1074 828 1359 896 praesentia
1399 826 1665 896 placatam
1725 824 1912 880 fuisse.
1971 825 2078 880 Ne-

501 932 606 986 qtte
640 917 856 970 interim
885 918 1008 982 quis
1056 917 1378 970 seditionem
1433 916 1745 983 concitarit,
1807 927 1902 970 aut
1934 933 2083 986 qua!-

505 1026 628 1063 nam
662 1009 748 1060 illa
783 1008 971 1069 fuerit,
1011 1023 1184 1074 neque
1217 1025 1324 1075 quo
1357 1018 1514 1076 pacto
1548 1008 1952 1063 contentionem
1989 1009 2079 1062 alii

501 1103 768 1164 sedarint,
799 1101 1021 1154 omnino
1047 1100 1337 1156 manifeste
1363 1102 1620 1154 ostendit.
1645 1101 1784 1168 Quin
1812 1102 1924 1155 fere
1949 1118 2083 1172 quo—

503 1194 822 1261 tiescunque
853 1193 1229 1260 episcoporum
1267 1195 1404 1245 inter
1439 1192 1587 1260 ipsos
1619 1193 1684 1245 de
1716 1193 1838 1248 lidei
1886 1194 2084 1262 capiti-

2193 552 2442 619 λέγειπ,
2483 555 2576 608 καὶ
2620 555 2828 626 ταύτην
2876 559 3221 629 πραῦνθῆναι
3267 561 3584 615 ἐπισκόπων
3635 581 3782 633 παρη

2192 646 2351 714 ουσία
2380 647 2480 718 τὴν
2515 647 2803 718 βασιλικὴν
2854 651 3090 720 ἐχόντων
3139 653 3496 724 συμμαχίαν·
3541 655 3667 708 οὔτε
3722 657 3782 710 δὲ

2191 737 2275 800 τίς
2303 733 2372 808 ἦν
2401 742 2429 792 ό
2453 741 2497 771 ⁵⁷
2523 740 2852 807 στασιάζων,
2885 744 2994 797 οὐδ’
3023 745 3144 815 ἣτις
3189 747 3222 814 ἠ
3277 748 3489 809 στάσις,
3522 749 3555 818 ἢ
3593 748 3650 801 τί
3683 749 3784 802 καὶ

2191 829 2501 899 πράξαντες
2524 831 2623 900 τὴν
2647 832 2762 903 ἔριν
2790 835 3091 904 ὲπρόιῦναν,
3119 837 3272 890 οὐδὲν
3301 838 3412 891 οὐδ’
3442 837 3586 901 ὅλως
3609 840 3784 892 ποιεῖ-

2190 938 2282 973 ται
2312 923 2583 992 ἐπίδηλον.
2625 922 2752 996 [509
2795 925 2883 998 IL]
2917 929 3027 982 Kal.
3061 929 3248 999 σχεδὸν
3309 931 3368 983 ἐν
3401 925 3484 994 οἷς
3517 929 3648 1002 [165
3680 931 3782 1005 Η.]

2190 1015 2506 1069 ἐπισκόπων
2528 1017 2665 1090 πρὸς
2685 1018 2950 1090 ἀλλήλους
2973 1021 3300 1090 φιλονεικίαι
3328 1026 3456 1095 περὶ
3486 1025 3786 1095 δογμάτων

2190 1105 2224 1177 ἢ
2259 1107 2387 1178 περί
2432 1127 2595 1163 τινων
2628 1110 2803 1165 ἄλλων
2834 1112 3126 1180 διαφωνίαι
3158 1116 3438 1183 γεγόνασι,
3487 1120 3582 1171 τὸν
3615 1117 3788 1171 αὑτὸν

2191 1198 2292 1268 τῆς
2325 1198 2674 1270 ἐπικρύψεως
2702 1203 2760 1254 ἐν
2792 1205 2857 1274 τῇ
2883 1204 3134 1275 διηγήσει
3159 1207 3331 1260 τύπον
3350 1209 3730 1277 διαφυλάττει.

498 1285 601 1341 bus
635 1284 1033 1346 contentiones,
1067 1285 1148 1337 vel
1186 1283 1304 1336 alia:
1334 1284 1570 1350 denique
1601 1285 1970 1340 dissensiones
1992 1286 2232 1356 fuerunt,
2259 1291 2508 1347 eumdem
2534 1303 2716 1348 servat
2747 1294 2798 1348 in
2831 1300 3102 1352 narrando
3125 1300 3335 1356 celandi
3370 1303 3612 1359 modum.

1139 1397 1279 1452 CXX
1291 1397 1424 1452 Vill.

973 1491 1196 1545 ΙΑιεὶαηὶ
1236 1491 1410 1557 Opera
1445 1493 1611 1545 varia.

571 1583 850 1652 Leguntur
886 1583 1108 1636 Luciani
1140 1582 1252 1652 (27)
1297 1581 1399 1635 Pro
1446 1580 1740 1636 Phalaride
1775 1580 2085 1654 [orationes

498 1675 667 1749 dum],
692 1687 741 1729 et
770 1687 1096 1730 mortuorum
1127 1674 1520 1735 amantiumque
1551 1673 1753 1741 dialogi
1785 1675 1958 1738 varii;
1993 1674 2082 1727 alii

503 1771 626 1821 item
659 1767 887 1820 diversis
925 1767 989 1819 de
1019 1767 1178 1819 rebus
1202 1765 1386 1830 libelli,
1417 1766 1469 1818 in
1501 1766 1696 1834 quibus
1724 1764 1836 1819 fere
1859 1766 2087 1831 singulis

502 1864 743 1927 gentium
779 1878 867 1917 res
889 1862 1096 1915 comice
1129 1862 1318 1914 irridet
1349 1878 1362 1914 :
1399 1873 1454 1913 ut
1485 1861 1537 1913 in
1571 1861 1676 1914 diis
1710 1860 1970 1929 fingendis
1999 1877 2087 1914 er-

498 1965 676 2004 rorem
697 1949 906 2004 illorum
942 1959 1106 2018 atque
1137 1950 1462 2015 amentiam;
1492 1949 1542 2002 in
1569 1949 1843 2003 libidinem
1865 1961 2087 2018 praeter-

495 2056 557 2098 el
590 2043 996 2096 immoderatum
1051 2042 1309 2108 impetum
1363 2050 1524 2110 atque
1583 2043 2085 2109 intemperantiam;

502 2143 784 2202 poetarum
834 2134 960 2187 item
1019 2134 1159 2202 apud
1213 2133 1358 2203 ipsos
1400 2134 1740 2203 prodigiosas
1806 2135 2088 2203 Opiniones

499 2243 561 2276 ac
594 2225 861 2290 ﬁctiones,
913 2226 1147 2294 indeque
1190 2239 1371 2278 natum
1401 2226 1450 2278 in
1492 2226 1764 2292 republica
1797 2241 2038 2280 errorem
2069 2244 2083 2293 ;

497 2316 724 2386 reliqua:
766 2318 929 2370 etiam
959 2317 1079 2369 t'itzc
1115 2317 1512 2372 inconstantem
1537 2334 1751 2371 cursum
1801 2330 1963 2388 atque
2000 2333 2089 2372 ca-

499 2422 591 2460 sus
626 2423 639 2460 :
679 2407 1121 2476 philosophorum
1173 2408 1238 2461 ad
1295 2410 1409 2462 ltzec
1443 2407 1682 2477 ipsorum
1726 2408 1865 2462 fastu
1897 2410 2084 2478 plenos

499 2515 700 2561 mores.
733 2500 822 2567 qui
850 2500 1060 2552 nonnisi
1087 2500 1334 2552 lictarnm
1379 2499 1732 2568 inaninmque
1771 2501 2082 2569 opiniontnn

499 2592 688 2645 referti
707 2593 850 2655 sint;
879 2592 1110 2659 denique
1133 2601 1320 2661 gentes
1338 2601 1592 2660 tanquam
1614 2607 1709 2661 per
1737 2593 2085 2656 commdiam,

499 2683 578 2734 uti
634 2683 891 2744 diximus,
935 2682 1170 2751 pedestri
1224 2684 1571 2751 numerisque
1623 2683 1797 2736 soluta
1839 2684 2087 2736 oratione

499 2774 730 2829 irridere
765 2778 942 2830 studio
989 2778 1061 2829 illi
1104 2777 1221 2831 fuit.
1285 2777 1363 2830 Ex
1396 2792 1584 2830 eorum
1645 2785 1826 2830 autem
1861 2789 2087 2829 numero

500 2882 621 2920 esse
641 2867 871 2927 videtur,
897 2868 987 2937 qui
1015 2867 1146 2920 nihil
1169 2869 1391 2920 omnino
1413 2869 1545 2921 certi
1578 2869 1928 2936 pronuntiant
1948 2867 2082 2938 (22).

500 2960 741 3013 Aliorum
778 2961 921 3013 enim
951 2961 1323 3029 perstringens
1345 2970 1506 3029 atque
1525 2962 1760 3014 irridens
1782 2961 2084 3028 opiniom-s,

501 3051 614 3118 ipse
632 3051 756 3119 quid
786 3053 990 3105 sentiat!
1028 3061 1167 3106 tacet
1205 3071 1218 3107 :
1254 3053 1356 3106 nisi
1398 3055 1519 3122 quis
1569 3055 1707 3104 hanc
1744 3053 1888 3106 illius
1920 3053 2087 3108 fuisse

2908 1412 3090 1468 PKH'.

2551 1500 2892 1555 Λουκιανοῦ
2931 1503 3202 1573 διάφοροι
3224 1510 3418 1579 λόγοι.

2277 1585 2616 1659 Ἀνεγνὼσθη
2643 1593 2940 1648 Λουκιανοῦ
2961 1596 3141 1665 ’Υπὲρ
3171 1603 3528 1671 Φαλάριδος,
3547 1609 3646 1661 καὶ
3665 1611 3788 1664 Νε-

2194 1682 2386 1773 αιρικοὶ
2418 1683 2511 1733 καὶ
2541 1680 2857 1751 Ἐταιρικοὶ
2890 1687 3159 1760 διάλογοι
3188 1694 3454 1765 διάφοροι,
3481 1699 3575 1751 καὶ
3598 1701 3789 1773 ἕτεροι

2194 1768 2470 1840 διαφόρων
2500 1774 2813 1830 ὑποθέσεων
2843 1779 3014 1848 λόγοι,
3048 1784 3106 1834 ὲν
3137 1782 3220 1850 οἷς
3277 1777 3465 1858 σχεδὸν
3493 1791 3670 1846 ἅπασι
3702 1768 3812 1848 τὰ⁴

2208 1859 2480 1932 Ἑλλήνων
2510 1866 2768 1935 κωμῳδεῖ
2794 1909 2806 1933 ,
2843 1870 2944 1942 τήν
2972 1890 3032 1924 τε
3063 1874 3161 1942 τῆς
3194 1876 3560 1945 θεοπλαστίας
3593 1885 3788 1937 αὐτῶν

2191 1951 2404 2044 πλάνην
2432 1956 2527 2007 καὶ
2556 1959 2769 2028 μωρίαν
2797 1962 2890 2014 καὶ
2934 1963 3032 2033 τὴν
3080 1967 3160 2030 εἰς
3213 1970 3506 2038 ἀσέλγειαν
3543 1975 3791 2044 ἄσχετον

2191 2043 2368 2113 ὁρμὴν
2408 2046 2500 2098 καὶ
2531 2050 2825 2120 ἀκρασίαν,
2886 2055 2982 2107 καὶ
3027 2057 3134 2110 τῶν
3181 2063 3424 2132 ποιητῶν
3463 2043 3644 2122 αὑτῶν
3679 2069 3790 2133 τὰς

2190 2139 2517 2208 τερατώδεις
2545 2142 2705 2208 δόξας
2735 2147 2830 2198 καὶ
2857 2148 3214 2220 ἀναπλάσεις,
3263 2159 3356 2208 καὶ
3397 2159 3491 2211 τὸν
3522 2161 3791 2216 ἐντεῦθεν

2192 2229 2390 2283 πλάνον
2425 2234 2524 2301 τῆς
2559 2235 2858 2302 πολιτείας,
2897 2242 2992 2293 καὶ
3020 2243 3115 2296 τοῦ
3147 2244 3306 2298 ἄλλου
3337 2248 3453 2318 βίου
3485 2251 3585 2322 τὴν
3631 2252 3789 2307 ἀνώ-

2193 2320 2362 2390 μαλον
2410 2327 2717 2396 περιφορὰν
2774 2332 2871 2384 καὶ
2923 2332 3023 2396 τὰς
3069 2337 3465 2406 περιπτώσεις,
3511 2342 3611 2395 καὶ
3667 2344 3790 2398 τῶν

2191 2411 2496 2503 ιριλοσόφλων
2541 2416 2721 2469 αὐτῶν
2771 2419 2833 2471 τὸ
2879 2421 3219 2493 φιλόκομτιον
3265 2423 3398 2497 ἦθος
3455 2433 3549 2483 καὶ
3606 2434 3790 2503 μηδὲν

2191 2497 2322 2550 ἄλλο
2372 2498 2510 2570 πλὴν
2545 2503 2893 2574 ὑποκρίσεως
2932 2511 3026 2562 καὶ
3072 2511 3246 2564 κενῶν
3283 2497 3642 2585 δοξασμάτων
3673 2497 3790 2588 *με-

2191 2591 2346 2643 στόν’
2380 2595 2476 2645 καὶ
2525 2595 2735 2661 ἁπλῶς,
2767 2598 2842 2662 ὼς
2868 2601 3099 2671 ἔφημεν,
3142 2607 3406 2676 κωμῳδία
3441 2610 3548 2662 τῶν
3587 2611 3791 2684 Ἑλλή-

2188 2700 2294 2736 νων
2329 2686 2478 2738 ἐστὶν
2509 2687 2658 2756 αὑτῷ
2688 2692 2720 2760 ἡ
2757 2692 2962 2763 σπουδὴ
2993 2695 3052 2747 ὲν
3093 2695 3237 2767 λόγῳ
3278 2699 3450 2769 πεζῷ.
3489 2703 3682 2756 Ἔοικε
3725 2705 3790 2757 δὲ

2186 2777 2348 2840 αὐτὸς
2376 2781 2486 2832 τῶν
2519 2783 2686 2852 μηδὲν
2710 2784 2847 2847 ὅλως
2875 2787 3290 2856 πρεσϐευόντων
3323 2788 3464 2846 εἶναι
3487 2809 3501 2824 '
3532 2796 3634 2859 τὰς
3667 2797 3791 2867 γὰρ

2187 2869 2361 2960 αλλων
2414 2873 2690 2943 κωμῳδῶν
2737 2878 2830 2928 καὶ
2874 2879 3181 2944 διαπαίζων
3229 2883 3408 2950 δόξας,
3472 2887 3639 2951 αὑτὸς
3714 2891 3790 2960 ἢν

2189 2957 2394 3022 θειάζει
2421 2962 2482 3014 οὑ
2519 2964 2726 3035 τίθησι.
2760 2967 2900 3038 πίλὴν
2931 2970 3095 3034 εἴτις
3143 2974 3311 3026 αὑτοῦ
3345 2977 3504 3042 δόξαν
3554 2981 3680 3048 ἐρεῖ
3722 2982 3791 3036 τὸ

2192 3051 2358 3119 μηδὲν
2405 3054 2672 3119 δοξάζειν.
2700 3059 2811 3128 Τὴν
2876 3063 3058 3131 μέντοι
3106 3065 3309 3134 φράσιν
3338 3068 3488 3121 ἐστὶν
3523 3071 3788 3140 ἄριστος,

499 3153 706 3196 certant
769 3145 1078 3210 opinionem
1130 3145 1443 3208 contendat,
1508 3145 1646 3201 nihil
1685 3161 1805 3201 esse
1834 3154 1985 3200 certo
2017 3146 2083 3198 de

2194 3141 2331 3206 λέξει
2377 3145 2607 3218 εὑσήμῳ
2655 3165 2713 3200 τε
2760 3151 2852 3202 καὶ
2883 3154 3048 3224 κυρίᾳ
3091 3157 3184 3207 καὶ
3211 3156 3288 3225 τῷ
3336 3158 3626 3228 ὲμφατικῷ
3663 3163 3791 3215 6m-

499 3239 660 3292 rclms
708 3236 829 3291 ttllis
877 3238 1249 3294 statuendum.
1313 3239 1393 3292 Ad
1434 3241 1634 3309 stylum
1689 3241 1832 3308 quod
1866 3241 2083 3302 attinet,

500 3332 658 3401 longe
689 3332 1202 3400 optimuszdictione
1224 3345 1354 3383 usus
1388 3330 1727 3398 signiﬁcante
1757 3345 1819 3382 ac
1843 3331 2083 3398 propria.

501 3439 729 3490 quaeque
759 3423 946 3476 ellicax
978 3423 1188 3476 dicendi
1237 3439 1407 3493 genus
1438 3424 1645 3476 deceat.
1713 3421 2085 3476 Distinctionis

503 3514 689 3567 adth
729 3526 892 3581 atque
941 3516 1216 3582 puritatis,
1275 3529 1426 3585 atque
1480 3525 1538 3567 ut
1587 3514 1988 3582 perspicuitatis
2033 3525 2086 3569 et.

502 3617 640 3673 apue
691 3608 1096 3676 magnitudinis,
1155 3608 1200 3661 si
1244 3608 1367 3675 quis
1411 3606 1550 3661 alius
1585 3608 1952 3676 perstudiosns
1983 3617 2084 3661 est.

500 3697 961 3761 Compositionem
1022 3713 1237 3766 quoque
1286 3697 1419 3750 adeo
1450 3698 1735 3751 commode
1774 3699 2085 3762 concinnat,

502 3798 561 3841 ut
587 3788 755 3842 lector
801 3791 986 3843 credat
1017 3805 1126 3848 non,
1155 3805 1211 3843 se
1257 3789 1532 3842 orationes
1566 3789 1762 3857 legere,
1808 3788 1948 3860 96b
1995 3789 2089 3844 sed

494 3879 795 3948 jucundum
843 3880 1058 3951 aliquod
1107 3897 1350 3943 carmen,
1403 3881 1522 3934 sine
1583 3882 1870 3934 manifesto
1903 3894 2087 3946 cantu,

501 3970 836 4024 audientium
875 3971 1098 4026 auribus
1125 3974 1405 4027 instillari.
1464 3971 1584 4026 Uno
1617 3974 1807 4036 verbo,
1843 3985 1897 4027 ιιι
1933 3991 2092 4042 repe~

501 4070 636 4125 tam,
669 4064 1052 4118 venustissima
1088 4065 1206 4130 cjtts
1235 4067 1410 4118 oratio
1439 4076 1541 4129 est,
1567 4080 1664 4120 nec
1687 4066 1818 4118 satis
1837 4065 2090 4131 subjecta:

451 4215 454 4222 ι
501 4152 582 4206 rei
615 4152 834 4221 decens,
884 4170 1045 4224 quam
1099 4155 1187 4210 ille
1215 4157 1381 4210 voluit
1415 4156 1644 4210 ridendo
1679 4155 1886 4212 ludere.
1936 4159 2088 4223 Quod

2192 3233 2480 3306 πρεπούσῃ
2514 3240 2875 3308 κεχρημένος,
2901 3243 3212 3312 εὐκρινείας
3243 3263 3300 3298 τε
3333 3249 3427 3300 καὶ
3455 3249 3790 3321 καθαρότη-

2185 3343 2277 3388 τος
2309 3327 2447 3394 μετὰ
2479 3329 2574 3381 τοῦ
2623 3329 2877 3402 λαμπροό
2911 3335 3003 3386 καὶ
3052 3337 3368 3408 συμμέτρου
3403 3340 3701 3409 μεγέθους.
3735 3342 3795 3397 εῐ

2185 3432 2269 3478 τις
2302 3419 2482 3480 ἄλλος,
2527 3423 2784 3492 ἐραστής.
2839 3425 3091 3495 Συνθήκη
3126 3445 3185 3480 τε
3219 3429 3368 3501 αὑτῷ
3396 3430 3569 3494 οὕτως
3596 3434 3794 3503 ἥρμο-

2190 3530 2337 3578 σται,
2369 3514 2509 3569 ὥστε
2539 3519 2719 3571 δοκεῖν
2747 3521 2838 3572 τὸν
2865 3523 3315 3591 ἀναγινώσκοντα
3348 3528 3422 3598 μὴ
3454 3527 3655 3596 λόγους
3694 3531 3791 3585 λέ-

2186 3621 2324 3672 γειν,
2352 3606 2487 3660 ἀλλὰ
2523 3609 2682 3675 μέλος
2701 3610 2746 3641 ³⁸
2774 3629 2824 3664 τι
2857 3614 3091 3681 τερπνὸν
3121 3617 3290 3686 χωρὶς
3323 3620 3605 3687 ἐμφανοῦς
3626 3622 3790 3694 ᾠδῆς

2187 3697 2298 3757 τοῖς
2329 3695 2463 3749 ὠσὶν
2512 3701 2906 3765 ἐναποστόιζειν
2945 3706 3053 3758 τῶν
3097 3708 3407 3777 ἀκροατῶν.
3457 3712 3570 3765 Καὶ
3609 3713 3786 3779 ὅλως,

2188 3785 2377 3857 ὥσπερ
2409 3789 2644 3860 ἔφημεν,
2687 3795 2911 3863 ἄριστος
2943 3797 2971 3848 ὁ
3002 3796 3161 3864 λόγος
3205 3799 3354 3868 αὐτῷ
3401 3801 3497 3854 καὶ
3541 3803 3605 3856 οὑ
3640 3805 3794 3875 πρέ-

2187 3896 2306 3932 πων
2333 3881 2676 3949 ὑποθέσεσιν,
2710 3885 2774 3949 ἃς
2807 3889 2968 3951 αὐτὸς
3007 3888 3149 3958 ἔγνω
3180 3891 3277 3944 σὺν
3308 3892 3385 3961 τῷ
3417 3894 3615 3964 γελοίῳ
3665 3898 3793 3951 δια-

2188 3973 2397 4038 παϊξαι.
2433 3976 2555 4029 Ὀτι
2583 3976 2638 4029 δὲ
2669 3978 2830 4040 αὑτὸς
2873 3981 2982 4033 τῶν
3017 3983 3184 4052 μηδὲν
3232 3978 3300 4054 ἦν
3345 3985 3483 4048 ὅλως
3524 3987 3793 4053 δοξαζόνι-

2185 4083 2316 4126 των,
2351 4067 2462 4120 -καὶ
2504 4067 2566 4120 τὸ
2609 4069 2709 4137 τῆς
2757 4070 2939 4141 βίϐλου
2991 4074 3323 4148 ἐπίγραμμα
3369 4077 3592 4134 δίδωσιν
3644 4083 3793 4136 ὑπο-

2187 4156 2517 4225 λαμϐάνειν·
2549 4159 2664 4230 ἔχει
2698 4163 2806 4234 γὰρ
2840 4159 2940 4217 ὧδε
3783 4177 3787 4179 ,

500 4257 680 4301 autem
705 4249 770 4302 de
793 4249 862 4304 iis
885 4265 1021 4304 unus
1045 4251 1157 4318 ipse
1182 4251 1367 4315 fuerit,
1386 4251 1476 4320 qui
1504 4251 1634 4304 nihil
1657 4261 1808 4305 certo
1827 4262 2156 4318 assererent,
2181 4255 2264 4306 vel
2283 4255 2419 4308 libro
2439 4256 2758 4326 inscriptam
2783 4261 2884 4313 hoc
2902 4262 3231 4330 epigramma
3251 4267 3384 4319 satis
3406 4270 3650 4322 ostendit
3679 4290 3694 4326 :

503 4357 708 4424 Scripsi
739 4358 848 4412 lucc
881 4359 1145 4413 Lucianus
1176 4363 1338 4427 prisci
1364 4364 1620 4428 stultique
1648 4364 1848 4427 peritus
1871 4378 1890 4414 :

612 4428 787 4482 Stulta
814 4433 1028 4488 etenim.
1054 4432 1204 4497 vulgo
1235 4433 1433 4483 credita
1461 4435 1616 4484 doctu
1650 4445 1844 4485 tamen.

496 4499 642 4572 Ergo
666 4500 739 4550 nil
764 4501 1036 4552 hominum
1065 4511 1204 4553 certo
1237 4517 1379 4572 mens
1411 4504 1630 4572 concipit
1668 4519 1897 4572 unquam
1925 4519 1945 4570 ;

607 4570 700 4622 Au
725 4575 863 4638 quod
895 4572 1130 4636 miraris,
1164 4571 1447 4624 ridiculum
1475 4581 1552 4625 est
1577 4571 1721 4625 aliis.

1176 4662 1415 4717 CXXIX.

803 4753 959 4808 Lucii
993 4752 1266 4806 Patrensis
1299 4753 1767 4820 Metantorphoses.

573 4849 751 4904 Lecta:
807 4858 934 4902 sunt
991 4846 1144 4900 Lucii
1200 4846 1478 4900 Patrensis
1538 4846 2085 4916 Transformationum

502 4944 832 4994 narrationes
864 4940 1045 4993 variae.
1085 4940 1260 4993 Dictio
1309 4938 1426 5005 ejus
1455 4939 1628 5000 clara,
1682 4955 1813 5008 pura
1872 4950 1926 4995 et
1961 4942 2080 4995 dul-

502 5035 696 5087 cedine
719 5033 996 5086 delectans
1024 5049 1038 5084 :
1070 5030 1285 5100 fugiens
1317 5046 1446 5082 vero
1476 5031 1737 5085 orationis
1763 5034 2080 5096 novitatem,

502 5139 662 5191 supra
692 5125 910 5178 modum
943 5124 1283 5192 prodigiosas
1327 5133 1674 5177 consectatur
1723 5124 2082 5188 narrationes,

2119 4424 2164 4475 D

2192 4368 2526 4434 Λουκιανὸς
2546 4370 2674 4422 τάδ’
2695 4371 2950 4440 ἕπραψα,
2974 4374 3204 4428 παλαιά
3225 4394 3289 4430 τε

2265 4439 2439 4522 Ῑξιωρξι
2467 4439 2939 4522 γᾴρὴἀνςθρώπὲνς
2967 4446 3061 4495 καὶ
3089 4447 3159 4522 τὰ
3187 4439 3489 4522 (Sexburth
3512 4455 3712 4522 σοφά,

2185 4505 2378 4588 Ubiis?
2394 4505 2864 4588 ﬁﬁdrdpdwiorqr
2884 4505 3193 4588 ὃὶαχριδόσν
3229 4518 3361 4572 ἐστι
3390 4505 3635 4588 rarum“-

2276 4577 2431 4632 Ἀλλ’
2460 4579 2492 4632 ὃ
2517 4580 2600 4634 σὺ
2625 4582 2959 4651 θαυμάζεις,
2998 4577 3160 4640 ἑοῦίν
3190 4588 3446 4657 ἑτέροισι
3483 4577 3711 4663 ἐιίέλως.

2884 4678 3040 4730 ΡΚΘ⁹

2313 4761 2576 4814 Λουκίου
2612 4765 2884 4832 Πατρέως
2915 4771 3442 4840 Μεταμορφώσεων
3469 4779 3673 4846 λόγοι.

2272 4850 2612 4923 Ἀνεγνὼσθη
2632 4857 2863 4911 Λουκίου
2897 4861 3158 4931 Πατρέως
3180 4869 3731 4936 Μεταμορφώσεων
3746 4876 3798 4905 ⁸⁵

2188 4941 2338 5010 λόγοι
2364 4945 2634 5015 διάφοροι.
2685 4950 2838 5002 Ἔστι
2880 4952 2936 5004 δὲ
2973 4954 3072 5022 τὴν
3120 4957 3321 5026 φράσιν
3349 4962 3527 5028 σαφής
3576 4978 3640 5013 τε
3690 4967 3801 5017 καὶ

2193 5037 2430 5107 καθαρὸς
2477 5041 2573 5092 καὶ
2617 5042 2769 5107 φίλος
2810 5043 3180 5117 γλυκύτητος·
3226 5051 3444 5118 φεύγων
3495 5052 3554 5105 δὲ
3586 5055 3699 5124 τὴν
3733 5059 3800 5110 ἐν

2191 5126 2371 5194 λόγοις
2427 5133 2796 5201 καινοτομίαν,
2844 5135 2926 5198 είς
2973 5137 3278 5211 ὑπερϐολὴν
3334 5140 3523 5196 διώκει
3575 5144 3686 5215 τὴν
3736 5149 3804 5199 ὲν

3304 4379 3473 4459 μέ.)ρά
3502 4398 3567 4434 τε
3584 4383 3792 4469 εἰδώς·

1792 5258 2053 5330 unus
2097 5260 2509 5316 anrtoses.

580 5353 626 5384 ⁸⁵
657 5351 779 5404 libri
818 5351 1059 5420 λέγεται.
1138 5353 1184 5383 ⁸⁷
1210 5353 1237 5405 ό
1270 5361 1323 5407 et.
1355 5352 1492 5406 infra
1522 5354 1673 5409 οὐδὲν
1704 5356 1826 5409 add.
1862 5357 1923 5408 A.
2001 5357 2046 5387 9⁸
2073 5355 2237 5424 μέρος
2273 5375 2333 5420 ς.
2413 5357 2458 5389 ⁹⁹
2489 5360 2968 5430 μεταμορφώσεως
2996 5379 3058 5428 ς.

2013 5491 2246 5546 NOTAE.

583 5576 696 5640 (9.0)
731 5577 896 5643 Cujus
925 5580 1087 5632 vitam
1122 5580 1248 5634 inlr.
1286 5580 1400 5640 lege
1431 5580 1551 5634 cod.
1589 5580 1715 5635 258.

578 5650 690 5720 (2i)
736 5648 1006 5720 Yidendus
1039 5653 1103 5704 de
1137 5653 1234 5702 hoc
1263 5652 1533 5717 scriptore
1567 5649 1762 5704 Suidas
1786 5651 2002 5720 aliique.

583 5717 697 5789 (22)
737 5718 931 5785 Quales
963 5719 1245 5790 l’yrrboaii
1269 5731 1323 5776 ct
1345 5719 1678 5779 Academici.
1711 5717 1922 5793 utrique
1954 5725 2080 5778 hinc.

2191 5584 2474 5669 σκεπτικοὶ
2495 5584 2590 5638 καὶ
2623 5587 2948 5669 ἀπορητιχοὶ
2989 5592 3248 5669 appellati
3300 5593 3575 5669 \fidendus
3614 5599 3809 5669 Agel-

2187 5654 2291 5706 lius
2318 5655 2412 5712 lib.
2448 5673 2512 5728 ιι,
2546 5672 2666 5724 cap.
2697 5654 2748 5720 5,
2771 5654 2820 5711 et
2856 5662 3003 5727 Diog.
3026 5654 3172 5715 Laer
3199 5703 3214 5717 .
3242 5668 3294 5717 iu
3320 5665 3622 5728 Pyrrhone.

2189 5740 2407 5795 quoque
2444 5726 2751 5796 Empiricus
2795 5729 2846 5784 in
2885 5726 3318 5803 lly’potypusihus
3360 5726 3810 5810 Pyrrhonianis;
