4090 6438
602 372 718 439 415
1696 381 1965 444 ΡΗΟΤΙΙ
2005 378 2204 443 PATR

2313 383 2523 445 RCH/E
2561 386 2672 448 ΟΡ.
3788 384 3891 455 M6

608 500 737 542 ante
762 487 938 557 ipsum
969 487 1037 542 de
1062 486 1373 544 Alexandro
1415 489 1771 556 scripserunt.
1815 491 1986 546 Tenui
2030 502 2199 561 atque

2313 498 2434 567 περὶ
2469 499 2656 562 αὑτοῦ,
2692 500 2866 569 ἀτόνῳ
2921 489 2986 553 δὲ’
3013 500 3107 554 καὶ
3153 500 3365 572 ὲκλύτῳ
3397 503 3711 577 χαρακτῆρι
3765 504 3895 573 χρῆ-

608 577 810 632 elumbi
845 593 977 633 usus
999 589 1084 633 est
1112 579 1323 633 dicendi
1362 594 1579 647 genere.
1632 579 1743 634 Etsi
1780 591 1958 635 autem
1992 583 2204 652 perspi-

2315 605 2409 641 ται
2437 587 2482 642 ⁸.
2540 589 2647 642 Τοῦ
2684 591 2867 660 μέντοι
2905 592 3112 660 σαφοῦς
3169 594 3230 645 ού
3284 593 3586 658 διαπίπτει,
3640 594 3815 647 πολλὰ
3842 594 3897 648 δὲ

613 674 819 729 cuitate
841 691 946 728 non
974 685 1141 737 caret,
1173 676 1403 746 plurima
1433 686 1611 731 tamen
1643 678 1949 732 necessaria
1975 690 2204 749 praater-

610 764 795 819 mittil.

682 856 916 927 Scripsit
976 859 1144 923 idem,
1228 875 1350 913 cum
1410 863 1548 915 alios
1606 876 1710 915 non
1761 861 1922 916 mtius
1986 863 2205 930 generis

610 949 808 1013 libros,
877 962 988 1004 tum
1047 953 1180 1005 vitas
1228 953 1459 1007 invicem
1518 963 1902 1021 comparatas;
1963 964 2019 1008 ut
2083 953 2207 1008 Dio-

611 1043 751 1110 nysii
808 1054 861 1096 et
900 1044 1214 1111 Domitiani,
1275 1045 1429 1100 libris
1486 1048 1744 1113 duobus;
1795 1046 2028 1117 Philippi
2065 1062 2202 1117 quo-

611 1150 718 1202 que
766 1134 1122 1190 Macedonum
1172 1138 1312 1207 regis
1353 1148 1406 1190 et
1440 1138 1688 1206 Augusti,
1755 1140 1909 1193 libris
1960 1140 2204 1195 totidem.

611 1226 809 1280 Fertur
834 1230 1077 1294 ejusdem
1112 1240 1167 1283 et
1187 1232 1250 1284 de
1298 1229 1658 1300 Olympiadis,
1686 1230 1983 1287 Alexandri
2016 1234 2206 1287 matris

624 1316 745 1372 Vita
776 1320 917 1375 liber
947 1321 1260 1391 singularis.

1155 1412 1690 1470 CXXXII-CXXXV.

782 1498 1044 1567 Palladii,
1072 1504 1379 1570 Aplttltonii,
1424 1505 1660 1572 Eusebii,
1698 1518 1749 1561 et
1789 1506 2014 1561 Maximi

1181 1574 1627 1630 Declamatioues.

686 1662 867 1719 Lecta:
913 1676 1041 1719 sunt
1066 1664 1289 1720 Palladii
1321 1666 1433 1738 (26)
1471 1670 1744 1739 SOpltistae
1781 1669 2207 1726 Declamationu

613 1759 799 1821 variae,
842 1758 1143 1826 Aplttltonii
1202 1760 1314 1830 (27)
1350 1776 1564 1830 quoque
1615 1772 1670 1816 et
1709 1762 1921 1816 Eusebii
1958 1764 2070 1833 (‘28)
2106 1766 2207 1818 So-

616 1849 916 1915 pltistarum
939 1891 956 1914 ,

617 1935 817 1992 Verum
888 1949 1116 1994 cancros
1156 1941 1430 1995 Palladius
1482 1943 1633 1996 omni
1694 1943 1910 2000 dicendi
1971 1947 2203 2001 artilicio

616 2033 800 2086 multis
824 2033 1068 2100 partibus
1098 2036 1399 2103 superavit.

1270 2125 1559 2181 CXXXVI.

1133 2218 1321 2290 Cyrilli
1370 2220 1643 2276 Thesauri.

688 2308 968 2379 Leguntur
994 2310 1181 2383 Cyrilli
1211 2312 1491 2366 Thesauri.
1528 2313 1956 2381 Epiclterematis
1973 2314 2205 2370 refertus

614 2412 701 2459 est
729 2404 883 2466 liber,
932 2414 1243 2473 pugnatque
1280 2407 1452 2460 valide
1512 2423 1575 2461 ac
1623 2409 1773 2462 varie
1817 2425 1940 2462 cum
1972 2410 2086 2462 Arii
2149 2419 2205 2463 et

617 2494 868 2549 Eunomii
896 2495 1185 2551 furibunda
1223 2499 1391 2553 rabie.
1452 2499 1661 2553 Etenim
1727 2511 1783 2553 et
1812 2500 1998 2569 logicis
2041 2516 2206 2569 argu-

617 2589 813 2642 mentis
842 2590 1120 2658 sapienter
1151 2590 1363 2644 illorum
1396 2592 1623 2646 destruit
1657 2594 1974 2657 amentiam,
2008 2594 2204 2660 quibus

615 2676 744 2731 dum
766 2692 934 2732 sat-rae
958 2679 1251 2748 Scriptura:
1279 2682 1520 2735 annectit
1545 2682 1845 2751 attexitque
1873 2683 2200 2746 testimonia,

615 2785 778 2837 quam
811 2771 883 2823 sit
915 2770 1000 2823 illa
1027 2772 1265 2826 doctrina
1304 2771 1470 2826 futilis
1500 2775 1646 2827 omni
1671 2783 1909 2841 exparte
1938 2774 2198 2843 divulgat.

613 2860 850 2915 Adltibet
905 2862 1046 2915 idem
1094 2863 1235 2917 nuda
1270 2879 1484 2933 quoque
1510 2880 1680 2919 sacrae
1716 2864 2017 2935 Scriptura:
2050 2869 2205 2921 testi-

619 2954 820 3017 monia,
860 2964 918 3007 ut
945 2970 1051 3021 quo
1082 2970 1141 3008 se
1173 2954 1400 3008 fastuosi
1432 2966 1666 3021 vertant,
1708 2958 1917 3023 obsepti
1966 2958 2204 3027 umlique

617 3055 782 3114 atque
808 3049 1072 3109 conclusi,
1102 3063 1205 3101 non
1241 3049 1496 3102 habeant.
1515 3047 1610 3102 Est
1636 3060 1817 3104 autem
1852 3052 1992 3103 inter
2021 3051 2203 3105 omnia

616 3138 736 3208 ejus
769 3140 972 3207 scripta
1000 3139 1137 3193 liber
1156 3140 1245 3194 ltic
1278 3141 1514 3195 maxime
1549 3142 1891 3210 perspicuus,
1948 3142 2015 3196 iis
2040 3144 2205 3210 potis-

615 3231 841 3293 simum,
861 3230 951 3300 qui
970 3231 1265 3301 logicormu
1284 3239 1734 3302 argumentorum
1760 3248 1978 3287 sensum
2010 3247 2205 3302 capere

616 3332 866 3393 possunt.

1260 3415 1566 3471 CXXXVII.

1032 3505 1281 3561 Eunomii
1308 3508 1538 3562 Itwretici
1565 3508 1796 3564 libellus.

695 3594 821 3666 Legi
853 3595 1097 3651 libellum
1145 3600 1393 3652 Eunomii
1426 3600 1565 3670 (99),
1596 3615 1703 3669 quo
1732 3600 1875 3670 97b
1905 3612 2058 3655 suam
2092 3601 2207 3671 ipse

620 3689 802 3755 prodit
854 3688 1211 3757 impietatem,
1242 3690 1395 3757 cujus
1430 3691 1518 3746 hic
1564 3692 1751 3745 titulus
1942 3691 2204 3746 Libellum

625 3780 793 3845 hunc,
833 3781 975 3849 quod
1025 3780 1378 3836 Eunomiauis
1430 3782 1484 3836 in
1534 3782 1896 3836 admiratione
1931 3792 2097 3846 esset,
2138 3782 2207 3837 de

623 3871 911 3939 industria,
957 3888 1023 3928 ne
1076 3874 1141 3927 ad
1185 3874 1319 3929 alios
1368 3875 1697 3942 perveniret,
1738 3874 2068 3928 occultatum
2116 3875 2206 3928 vix

626 3963 843 4020 tandem
895 3976 1084 4023 nactus
1128 3967 1361 4022 Basilius
1394 3984 1645 4039 magnus,
1693 3968 1911 4023 I'ortiter
1950 3986 2073 4023 eum
2144 3985 2206 4024 ac

623 4058 923 4126 splendide,
948 4075 1272 4130 omnemque
1298 4062 1434 4116 adeo
1461 4061 1692 4115 dicendo
1722 4062 1827 4115 vim
1875 4076 1940 4115 ac
1976 4061 2208 4116 faculta-

626 4159 732 4201 tem
782 4153 1102 4221 pervadens,
1157 4155 1355 4208 evertit
1410 4170 1475 4209 ac
1506 4153 1799 4223 jugulavit.
1837 4152 2056 4208 Diceres
2081 4170 2203 4207 emn

624 4241 1007 4313 Babylonicum
1067 4245 1329 4301 infantem
1389 4247 1455 4300 ad
1528 4247 1739 4300 firmam
1798 4245 1920 4299 Iidei
1996 4255 2204 4315 petram

624 4334 896 4389 allidendo
925 4340 1260 4402 contudisse,
1281 4355 1341 4392 ac
1368 4340 1537 4408 putidi
1580 4339 1861 4394 cadaveris
1898 4340 2069 4391 instar
2094 4338 2203 4390 risu

624 4428 843 4496 dignum
892 4432 1214 4497 ostendisse,
1247 4434 1391 4501 quod
1427 4440 1630 4485 tantam
1668 4440 1825 4485 antea
1852 4432 1935 4484 sui
1966 4428 2206 4483 admira-

625 4519 821 4573 tionem
854 4522 1175 4578 concitarat.

1242 4614 1578 4671 CXXXVIII.

620 4701 877 4773 Ejusdem
910 4703 1165 4784 Eunontii
1196 4707 1546 4784 Refutatio‘nis
1674 4709 1866 4784 Basilii
1912 4714 2089 4784 magni
2130 4712 2202 4768 li-

1036 4780 1116 4831 bri
1140 4794 1224 4835 ttt.
1255 4778 1393 4833 Item
1424 4780 1681 4848 Epistula:
1709 4780 1823 4836 XL.

693 4925 914 4982 Lectum
962 4930 1203 5000 ejusdem
1244 4931 1392 4999 impii
1447 4934 1681 4988 hominis
1718 4943 1828 4989 tres
1867 4932 2036 4991 libros
2070 4950 2203 4991 con-

621 5020 799 5075 tinens
855 5022 1125 5087 volumen,
1166 5026 1307 5092 quod
1339 5025 1486 5079 velut
1527 5026 1824 5081 confutatio
1871 5038 1956 5084 est
1999 5029 2208 5083 illarum

2315 682 2425 735 τῶν
2458 684 2779 751 ἀναγκαίων
2821 686 3258 755 παραλιμπάνει.

2401 862 2460 916 '0
2484 864 2647 925 αὐτὸς
2676 863 2733 916 δὲ
2755 865 2849 917 καὶ
2870 864 3093 936 ἐτέρους
3123 864 3313 932 λόγους
3344 863 3552 933 ἔγραψε
3584 864 3897 934 διαφόρως,

2317 956 2413 1009 καὶ
2441 955 2879 1024 παραλλήλους
2910 957 3172 1027 συνέθηκε
3191 958 3393 1022 βίους,
3412 957 3602 1027 ὥσπερ
3625 959 3899 1009 Διονυσίου
3959 947 3969 959 ’

2315 1050 2414 1101 καὶ
2443 1048 2763 1117 Δομιτιανοῦ
2788 1050 2809 1081 ⁸
2848 1050 2906 1101 ὲν
2937 1049 3059 1102 δυσὶ
3090 1049 3291 1117 λόγοις,
3320 1049 3589 1102 Φιλίππου
3614 1066 3674 1101 τε
3708 1050 3899 1102 Μακε-

2313 1140 2483 1193 δόνων
2510 1140 2606 1191 καὶ
2652 1139 2965 1208 Αὐγούστου
3019 1141 3078 1192 ὲν
3111 1140 3320 1209 ἑτέροις
3352 1140 3525 1194 δυσίν.
3562 1140 3685 1192 Ἔτι
3727 1139 3902 1191 δὲκαὶ

2316 1236 2459 1301 Περὶ
2492 1231 2892 1302 Ὀλυμπιάδος
2949 1236 3049 1305 τῆς
3093 1233 3449 1303 Ἀλεξάνδρου
3488 1232 3696 1304 μητρὸς
3745 1232 3905 1300 λόγον

2318 1322 2563 1393 ἔγραψεν

2916 1416 3001 1469 ΡΛ
3010 1415 3266 1469 B'-PAE'.

2315 1505 2667 1561 Παλλαδίου
2695 1506 3021 1576 σοφιστοῦ,
3072 1507 3413 1575 Ἀςεθονίου,
3453 1506 3775 1570 Εὐσεϐίου,
3806 1506 3906 1560 καί

2811 1578 3087 1645 Μαξίμου
3128 1577 3407 1631 Μελέται.

2387 1667 2837 1739 Ἀνεγνὼσθησαν
2873 1669 3169 1723 Παλλαδίου
3197 1670 3452 1740 σοφιστοῦ
3483 1668 3748 1723 Μελέται
3776 1667 3910 1721 διά-

2314 1781 2506 1833 φόροι,
2535 1766 2628 1817 καὶ
2671 1764 2954 1832 Ἀφθονίου
3014 1765 3110 1817 κα).
3162 1766 3426 1818 Εὑσεϐίου
3496 1763 3757 1832 σοφιστοῦ
3813 1762 3910 1814 καὶ

1038 1852 1164 1903 item
1223 1850 1445 1905 Maximi
1504 1852 1761 1920 saphistte
1825 1854 2202 1908 Alexandrini.

2314 1856 2569 1925 Μαξίμου
2606 1855 2865 1924 σοφιστοῦ
2918 1856 3335 1926 Ἀλεξανδρέως.
3368 1855 3531 1908 Ἀλλὰ
3564 1855 3675 1909 τῶν
3729 1854 3910 1908 ἄλλων

2307 1951 2335 2001 ὁ
2365 1948 2661 2011 Παλλάδιος
2716 1947 2859 2001 κατὰ
2887 1949 3068 2001 πᾶσαν
3119 1947 3323 2019 ἀρετὴν
3352 1947 3452 2018 τὴν
3485 1949 3545 1999 ὲν
3596 1946 3782 2015 λόγοις
3812 1945 3911 1999 ἐπὶ

2309 2037 2559 2090 πλεῖστον
2587 2037 2921 2107 διενήνοχεν.

3018 2129 3205 2195 ΡΛςν.

2727 2220 3034 2288 Κυρίλλου
3064 2221 3117 2272 οἱ
3146 2217 3471 2285 Θησαυροί.

2376 2310 2823 2382 Ἀνεγνὼσθησαν
2851 2311 3125 2381 Κυρίλλου
3156 2312 3206 2364 οἱ
3240 2310 3559 2377 θησαυροί.
3590 2308 3912 2379 Ἐπιχειρη-

2309 2405 2537 2474 ματικόν
2587 2405 2702 2457 ἐστι
2736 2404 2755 2434 ⁷
2787 2404 2847 2456 τὸ
2877 2402 3104 2473 βιϐλίον,
3154 2404 3250 2455 κα).
3299 2402 3431 2473 [515
3460 2400 3555 2472 IL]
3609 2402 3753 2453 κατὰ
3804 2400 3909 2469 τῆς

2319 2496 2529 2567 Ἀρείου
2560 2495 2654 2547 καὶ
2682 2495 2951 2564 Εύνομίου
2978 2493 3187 2562 λύσσης
3226 2492 3491 2559 γενναίως
3516 2492 3610 2543 καὶ
3639 2491 3910 2561 πολυτρό-

2306 2606 2422 2649 πως
2479 2586 2915 2657 ἀγωνιζόμενον·
2968 2586 3065 2639 καὶ
3109 2586 3218 2656 γὰρ
3278 2584 3372 2637 καὶ
3402 2584 3649 2651 λογικαίς
3681 2583 3902 2649 ἐφόδοις

2306 2678 2693 2748 ἐπιστημόνως
2722 2676 2903 2731 αὐτῶν
2927 2676 3220 2745 ἁπελέγχει
3249 2674 3347 2745 τὴν
3378 2675 3589 2735 ἄνοιαν,
3636 2674 3733 2727 καὶ
3760 2674 3910 2743 Γρα-

2306 2768 2475 2837 φικᾶις
2529 2768 2723 2830 αὑταῖς
2757 2766 3091 2833 συμπλέκων
3124 2766 3220 2818 καὶ
3276 2764 3616 2832 συνυφαίνων
3673 2763 3910 2833 χρήσεις

2305 2858 2646 2928 πανταχόθεν
2680 2861 2744 2910 τὸ
2779 2857 2979 2927 σαθρὸν
3010 2856 3190 2909 αὐτῶν
3226 2854 3531 2925 στηλιτεύει
3569 2853 3663 2907 τοῦ
3696 2854 3911 2923 δόγμα-

2303 2969 2415 3015 τος.
2447 2952 2648 3022 Τίθησι
2677 2951 2733 3003 δὲ
2764 2951 2857 3003 καὶ
2889 2949 3202 3019 μαρτυρίας
3230 2947 3418 3010 ἁπλῶς
3452 2948 3551 3017 τῆς
3601 2946 3829 3016 Γραφῆς
3881 2946 3912 2997 ό

2307 3043 2590 3105 Θεσπέσιος
2622 3041 2911 3111 Κύριλλος,
2944 3044 3024 3105 εἰς
3078 3040 3390 3111 ἀμηχανίαν
3424 3038 3609 3091 αὐτῶν
3644 3036 3732 3090 διὰ
3767 3036 3913 3089 παν-

2306 3154 2413 3189 των
2450 3135 2752 3204 συγκλείων
2803 3134 2862 3186 τὸ
2894 3133 3187 3203 φρύαγμα.
3240 3132 3400 3185 Ἔστι
3457 3130 3514 3181 δὲ
3553 3129 3661 3182 τῶν
3699 3128 3909 3181 ἑαυτοῦ

2312 3230 2487 3297 λόγων
2518 3228 2775 3290 ἐνταῦθα,
2830 3228 2926 3279 καὶ
2958 3225 3204 3295 μάλιστα
3264 3227 3380 3287 τοῖς
3423 3222 3632 3276 ἔννοιαν
3676 3220 3911 3274 λαϐοῦσι

2312 3323 2422 3376 τῶν
2448 3321 2682 3386 λογικῶν
2708 3320 2937 3389 ἐφόδων,
2970 3319 3333 3386 σαφέστατος.

3024 3413 3192 3467 ΡΛΖ⁰.

2490 3507 2795 3573 Εὐνομίου
2823 3506 2930 3561 τοῦ
2959 3506 3305 3569 δυσσεϐοῦς
3323 3505 3725 3575 βιϐλιδάριον.

2385 3597 2509 3670 [167
2537 3598 2629 3670 Η.]
2654 3597 2998 3668 Ἀνεγνώσθη
3026 3598 3357 3668 βιϐλιδάριον
3388 3598 3675 3667 Εὖνομίου,
3708 3596 3815 3667 τῆς
3841 3595 3913 3649 oi-

2313 3692 2467 3754 κείας
2526 3691 2848 3753 δυσσεϐείας
2904 3690 3144 3755 ἕκθεσις,
3206 3683 3267 3742 οὗ
3315 3692 3348 3759 ἡ
3378 3690 3663 3761 ἐπιγραφὴ
3691 3690 3712 3720 ⁸
3735 3731 3750 3744 .
3774 3730 3789 3739 .
3816 3728 3831 3742 .
3854 3728 3870 3743 .
3891 3728 3907 3743 .

2316 3781 2488 3834 Τοῦτο
2516 3782 2575 3833 τὸ
2625 3780 2957 3852 βιϐλιδάριον
2997 3780 3122 3835 ἐπεὶ
3151 3784 3267 3844 τοῖς
3302 3781 3750 3851 συναιρεσιώταις
3804 3781 3913 3834 Εὑ-

2314 3874 2502 3945 νομίου
2560 3873 2645 3927 διὰ
2700 3872 2977 3943 θαύματος
3035 3873 3134 3942 μὲν
3183 3875 3368 3944 ἦγετο,
3436 3874 3666 3944 κρύφιον
3718 3873 3778 3926 δὲ
3814 3873 3912 3927 καὶ

2314 3968 2614 4037 ἀνέκφορον
2637 3969 2749 4028 τοῖς
2785 3964 2966 4028 ἄλλοις
2988 3961 3128 4018 εἶναι
3151 3965 3559 4029 διεσπούδαστο,
3592 3965 3747 4035 μόλις
3772 3966 3910 4019 ποτὲ

2312 4061 2341 4113 ὁ
2361 4060 2533 4129 μέγας
2559 4056 2839 4119 Βασίλειος
2868 4057 2961 4108 ἐπὶ
2988 4059 3173 4127 χεῖρας
3207 4056 3392 4110 λαϐεῖν
3441 4058 3713 4126 δυνηθεὶς,
3771 4074 3908 4125 γεν-

2314 4154 2480 4213 ναίως
2513 4167 2573 4201 τε
2595 4148 2691 4202 καὶ
2715 4147 3007 4219 λαμπρῶς,
3038 4148 3137 4202 καὶ
3169 4150 3221 4201 εἰ
3260 4166 3343 4211 τις
3383 4150 3554 4219 ἁρετὴ
3578 4150 3754 4218 λογων
3810 4152 3907 4204 καὶ

2317 4242 2490 4311 ίσχὺς,
2525 4241 2612 4293 διὰ
2642 4239 2832 4292 πασῶν
2865 4239 3056 4303 ἐλθὼν,
3088 4241 3356 4311 ἀνέτρεψέ
3391 4258 3450 4293 τε
3482 4242 3573 4294 κα)⁵
3598 4243 3904 4296 ἀνεσκεύα-

2315 4351 2427 4393 σεν,
2462 4331 2697 4401 ὥσπερ⁹
2723 4348 2775 4383 τι
2816 4332 3011 4402 νήπιον
3060 4331 3403 4385 Βαϐυλώνιον
3446 4336 3510 4404 τῇ
3561 4336 3770 4405 στερρᾷ
3802 4336 3905 4405 τῆς

2314 4426 2572 4496 ἀληθείας
2614 4426 2660 4457 ¹⁰
2691 4424 3049 4496 προσαράξας
3093 4425 3290 4496 πέτρᾳ,
3316 4428 3429 4479 ’καὶ
3452 4425 3776 4497 θνησιμαίον
3808 4429 3906 4480 καὶ

2239 4560 2283 4614 D
2313 4520 2525 4589 γέλωτα
2551 4518 2731 4585 δείξας
2762 4520 2821 4571 τό
2855 4535 2988 4571 ποτε
3028 4516 3468 4589 θαυμαζόμενον.

3002 4612 3182 4665 PAH'.

2314 4703 2428 4759 Τοῦ
2448 4700 2635 4759 αὐτοῦ
2659 4700 2809 4770 κατᾲ
2837 4700 2947 4768 τῆς
2980 4701 3388 4769 πραγματείας
3428 4701 3535 4754 τοῦ
3578 4699 3755 4770 ἁγίου
3787 4702 3904 4753 Βα-

2381 4775 2640 4833 σιλείου.
2670 4772 2740 4825 ἐν
2764 4766 2804 4842 ᾗ
2824 4766 3127 4842 δυσσεϐὲς
3144 4766 3339 4827 αὐτοῦ
3363 4766 3654 4839 ἀνέτρεπὲ
3681 4771 3898 4833 δότ-μα’

2380 4843 2481 4898 καὶ
2524 4841 2879 4897 Ἐπιστολαὶ
2900 4848 2983 4910 μ’.

2380 4933 2723 5003 Ἀνεγνώσθη
2741 4932 2835 4986 τοῦ
2860 4932 3022 4985 αὑτοῦ
3045 4932 3337 4996 δυσσεϐοῦς
3369 4933 3632 5003 Εύνομίου
3666 4932 3898 5002 βιϐλίον,

2308 5026 2368 5080 ἐν
2388 5026 2570 5095 λόγοις
2591 5026 2793 5097 τρισὶν,
2824 5024 2900 5089 ὡς
2932 5025 3094 5094 δῆθεν
3126 5025 3236 5078 τῶν
3261 5025 3729 5094 ἀποδεδειγμένων
3754 5026 3902 5077 κατά

624 5113 986 5182 ineptiarum,
1046 5132 1180 5185 quas
1236 5118 1288 5171 in
1344 5118 1513 5187 ipsius
1566 5120 1793 5189 reperiri
1856 5122 2204 5190 blaspltemiis

2313 5119 2407 5189 τῆς
2439 5118 2793 5188 βλασφημίας
2851 5117 3017 5170 αὑτοῦ
3052 5116 3134 5185 τῷ
3193 5117 3323 5187 θείῳ
3377 5116 3646 5185 Βασιλείῳ
3678 5117 3899 5169 ἀτόπων

623 5217 846 5264 sanctus
875 5208 1108 5264 Basilius
1135 5210 1554 5270 demonstraret.
1597 5211 1713 5270 Hoc
1748 5214 1800 5270 in
1829 5230 1994 5285 opere
2021 5224 2209 5285 partu-

2310 5211 2550 5281 ἐλεγχος.
2580 5209 2800 5280 Ταύτην
2830 5211 2932 5280 τὴν
2980 5208 3162 5280 βίϐλον
3191 5209 3451 5264 ὠδίνοντα
3498 5210 3701 5272 πολλάς
3729 5224 3900 5277 φασιν

1882 5354 2121 5410 ἾΑΗΙᾸΕ
2161 5344 2575 5408 LECTIONES.

696 5446 716 5477 ⁵
742 5441 1061 5518 χρῆται-ΑΟ
1089 5443 1394 5518 εκέχρηται
1423 5463 1483 5510 ς.
1592 5449 1612 5480 θ
1641 5449 1969 5518 Δομετιανοῦ
2005 5466 2065 5513 ς.

2168 5448 2188 5478 ⁷
2219 5448 2335 5499 ἐστι
2366 5446 2409 5497 A
2441 5463 2454 5498 :
2491 5444 2547 5498 δέ
2572 5445 2690 5496 ἐστι
2718 5459 2780 5506 ς’.

2887 5442 3055 5513 ’μβοεῑ
3083 5440 3365 5513 ἐπιγρᾳφὴ
3402 5442 3589 5495 lacuna
3622 5442 3674 5496 in
3706 5441 3749 5494 A
3780 5454 3904 5494 ver-

624 5510 793 5567 suum
813 5510 847 5566 Ξ
881 5513 1004 5584 1/‘2,
1031 5516 1081 5567 in
1110 5517 1150 5569 (Σ
1184 5510 1487 5571 litterarum
1508 5519 1575 5574 I3
1610 5521 1692 5575 vel
1714 5510 1810 5575 ἰαί.
1885 5521 1905 5551 ⁹
1936 5510 2151 5589 ὥσπερ]
2191 5517 2279 5571 Ps.
2309 5531 2551 5579 cxxxvn,
2588 5514 2644 5568 9.
2722 5514 2767 5544 ¹⁰
2798 5510 3058 5583 ἀληθείας
3086 5513 3131 5564 Α
3161 5526 3176 5565 :
3207 5510 3443 5577 πίστεως
3474 5529 3515 5577 ς

2116 5627 2351 5684 ΝΟΤΛΕ.

704 5700 814 5772 (26)
851 5700 1047 5755 Suidas
1076 5703 1463 5772 mspiciepdus.

701 5759 813 5845 (27)
846 5772 1011 5845 Qujus
1039 5759 1254 5826 exstant
1281 5759 1636 5845 Progymnas.
1661 5786 1714 5830 ct
1738 5773 1959 5831 Fabula:
1989 5772 2204 5828 (ἐνακο-

630 5844 729 5897 (ut.
758 5842 811 5898 in
834 5842 1102 5900 Germana
1130 5845 1260 5900 edit.
1293 5846 1379 5901 ubi
1397 5842 1573 5916 plura.

2384 5697 2495 5768 (28)
2538 5698 2618 5749 An
2663 5695 2749 5749 hic
2788 5695 2877 5750 ille
2908 5694 3073 5768 Arab.
3126 5712 3285 5768 quem
3317 5696 3768 5752 ἀντισοκεσεῦσαι
3809 5698 3895 5751 ul-

2318 5767 2450 5824 timo
2487 5769 2711 5830 legimus
2737 5769 2876 5834 apud
2912 5767 3131 5823 Suidam
3163 5767 3186 5820 ?

2391 5838 2502 5911 (29)
2532 5836 2663 5892 Vide
2680 5836 2835 5892 Suid.
