4090 6420
174 439 282 503 417

1016 428 1543 491 BIBLIOTHECA.
1572 451 1644 462 ·--
1676 424 1895 486 CODD.
1928 416 2611 489 CXXXII-CXXXVIII.

3350 417 3458 485 418

175 555 343 612 αὐτὸν
397 550 543 606 ἐτῶν
579 545 954 617 Ὀλυμπιάδας
1011 542 1368 612 κατατρῖψαι,
1432 541 1491 592 ὲν
1537 536 1810 604 οἱκίσκῳλ

1903 538 2084 603 iendo,
2134 537 2330 591 multas
2369 553 2492 591 eum
2539 551 2806 591 annorum
2839 535 3190 607 Olympiadas
3216 535 3460 593 aedicula

174 645 373 701 ἑαυτὸν
398 637 820 711 καθειργνύντα,
868 635 964 687 καὶ
991 631 1280 699 λαθραίαις
1313 628 1490 699 μίξεσι
1513 627 1574 680 τὸ
1601 642 1771 694 πονη-

176 738 273 808 pe»
295 737 479 787 ἐκεῖνο
511 732 679 801 τέρας
709 726 909 781 κύοντα
943 722 1094 794 μόλις
1127 722 1208 785 εἰς
1244 720 1359 789 φῶς
1400 718 1468 773 δι’
1492 718 1631 771 ἐτῶν
1660 718 1770 786 ἁμ-

174 825 503 896 ελωθρίδιον
539 820 834 893 ἐκτρῶσαι,
877 816 1102 871 θάλπειν
1131 830 1189 866 τε
1218 812 1453 877 ἐκεῖθεν,
1490 810 1584 865 καὶ
1617 808 1769 880 μόλις

172 921 273 975 καὶ
302 920 495 979 αὐτοῖς
527 918 639 977 τοῖς
674 910 1021 983 συμμύσταις
1056 905 1424 963 ἐπιδεικνύναι
1452 904 1514 958 τὸ
1555 903 1768 974 κύημα.

172 1012 391 1066 δεδιότα
427 1009 664 1080 μάλιστα
711 1006 787 1076 μή
815 1021 933 1066 πως
988 1003 1082 1056 καὶ
1114 1000 1249 1055 αὐτὸ
1301 1002 1425 1062 ταῖς
1486 996 1768 1050 Βασιλείου

174 1104 338 1175 χερσὶ
370 1100 676 1172 περιπεσὸν
710 1099 749 1129 ²¹
783 1098 912 1168 πρὶν
958 1097 993 1167 ἢ
1035 1095 1198 1163 πῆξιν
1245 1092 1434 1146 λαϐεῖν
1461 1087 1768 1159 διασπασθῇ

180 1193 417 1263 καὶ,πῴ
471 1190 568 1244 τοῦ
615 1187 849 1255 ἀνθῆσαι
903 1186 1144 1257 ξηρανθῆ
1200 1183 1379 1252 ἄωρον
1424 1175 1768 1247 ἀποφθαρὲν.

179 1287 382 1355 Διόπερ
414 1281 698 1353 ἐπιμελῶς
728 1280 823 1331 καὶ
848 1278 1036 1348 ὥσπερ
1069 1279 1096 1330 ὁ
1125 1276 1222 1329 τοῦ
1272 1274 1482 1346 Κρόνου
1518 1269 1686 1342 μῦθος
1712 1266 1773 1319 τὸ

184 1381 435 1449 γέννημα
501 1373 799 1428 καταπιὼν
861 1369 1100 1442 ἔκρυπτέ
1153 1386 1211 1421 τε
1248 1370 1342 1421 καὶ
1377 1365 1772 1424 συνεκάλυπτε,

185 1477 381 1545 μέχρις
423 1473 493 1525 ἂν
524 1474 558 1543 ή
588 1469 874 1523 Βασιλείου
906 1464 1020 1537 ζωὴ
1046 1464 1124 1535 τῷ
1158 1463 1411 1531 ὲπικὴρῳ
1446 1474 1773 1528 παρατεινο-

183 1567 321 1637 μένη
374 1565 481 1634 βίῳ
508 1564 601 1616 τὸν
639 1561 802 1630 φόϐον
828 1559 1098 1612 ὲπέσειεν.
1126 1556 1283 1608 Ἐπεὶ
1306 1555 1362 1608 δὲ
1385 1556 1413 1606 ὁ
1450 1553 1593 1614 θεῖος
1631 1552 1775 1603 ἐκεῖ-

178 1675 271 1721 νος
299 1658 448 1726 ἀνὴρ
472 1657 568 1725 τὴν
597 1651 891 1723 παροικίαν
938 1647 1113 1702 λιπὼν
1157 1649 1237 1709 εἰς
1287 1645 1377 1699 τὸν
1438 1646 1637 1696 οἰκεῖον
1681 1641 1775 1695 καὶ

178 1751 450 1818 οὐράνιον
479 1746 679 1816 κλῆρον
711 1742 1006 1813 ἀνέδραμε,
1023 1738 1117 1792 τοῦ
1137 1735 1335 1790 πολλοῦ
1356 1734 1609 1796 λυθέντος
1624 1731 1776 1794 δέους

178 1839 282 1907 ὀψὲ
316 1840 359 1870 ⁸³
387 1836 487 1889 τοῦ
542 1834 759 1905 καιροῦ,
810 1830 1155 1903 δημοσιεύειν
1192 1829 1234 1859 ¹³
1271 1828 1393 1881 οὐδὲ
1422 1827 1544 1879 τότε
1586 1827 1773 1889 πᾶσιν,

1875 630 2145 685 inclusum
2193 642 2306 683 sua:
2342 629 2710 695 absumpsisse
2743 628 2962 690 ferunt;
2995 643 3060 682 ac
3104 629 3192 681 vix
3240 629 3455 682 tandem

1875 732 1998 793 post
2046 720 2342 776 multorum
2394 734 2659 773 annorum
2707 718 3090 783 intervallum,
3137 718 3459 771 ahorticndo

1878 814 2185 884 improhqu
2209 813 2361 867 illum
2393 826 2456 865 ac
2486 810 2880 880 prodigiosum,
2908 825 3068 879 quem
3100 810 3313 863 furtivis
3327 823 3461 863 con-

1878 907 2156 979 gressibus
2202 914 2571 970 conceperat,
2638 902 2805 957 fetum
2864 901 2919 955 in
2978 901 3153 955 lucem
3207 899 3457 967 ejecisse.

1877 1001 2016 1068 Quin
2070 1012 2197 1056 tunc
2238 997 2405 1054 etiam
2453 996 2710 1051 miserum
2753 996 2866 1049 illic
2906 993 3140 1049 fovendo
3203 1001 3459 1061 partum,

1879 1097 2011 1165 ipsis
2036 1108 2250 1164 quoque
2294 1101 2459 1148 secta:
2503 1088 2725 1143 asseclis
2756 1103 2861 1141 non
2902 1096 3104 1140 temere
3124 1084 3463 1148 exhibuisse,

1880 1188 2109 1243 veritum
2139 1186 2394 1240 nimirum
2434 1181 2696 1245 maxime,
2734 1179 3020 1248 nequando
3064 1188 3120 1231 et
3163 1177 3267 1230 hoc
3324 1190 3462 1244 Opus

1882 1283 1933 1336 in
1965 1280 2146 1334 Basilii
2185 1293 2380 1333 manus
2425 1274 2579 1347 prius
2612 1274 2856 1336 veniens,
2897 1285 3059 1339 quam
3106 1268 3463 1331 coalesceret,

1881 1380 2241 1449 dissiparctur
2280 1415 2296 1442 ,
2353 1384 2408 1430 et
2471 1386 2781 1441 antequam"
2818 1370 3077 1433 ﬂoreret,
3138 1374 3465 1437 preemature

1881 1480 2195 1539 corruptum
2246 1475 2631 1521 marcesceret.
2674 1461 2840 1531 [gitur
2872 1457 3135 1522 studiose,
3161 1452 3469 1511 velutalter

1884 1565 1936 1617 iu
1971 1563 2164 1616 fabulis
2209 1560 2500 1621 Saturnus,
2544 1566 2727 1609 natum
2775 1550 3087 1605 devorando
3129 1549 3261 1602 texit
3303 1556 3469 1615 atque

1886 1653 2193 1715 abscondit,
2246 1650 2483 1721 qnandiu
2545 1647 2762 1716 quidem
2820 1642 3052 1695 Basilius
3096 1640 3150 1693 in
3181 1639 3322 1692 ﬂuxa
3360 1637 3465 1691 ista

1884 1744 1993 1796 vita
2035 1743 2236 1811 degens
2272 1747 2471 1792 metum
2517 1737 2807 1790 incuteret.
2853 1733 3144 1799 Postquam
3202 1744 3329 1783 vero
3385 1727 3470 1779 vir

1884 1834 1976 1889 ille
2008 1832 2246 1894 divinus,
2281 1828 2562 1898 peregrina
2590 1824 2926 1880 habitatione
2961 1820 3171 1881 relicta,
3211 1820 3262 1872 in
3285 1832 3469 1880 suam,

182 1901 324 1985 ἀλλά
360 1933 479 1992 τοῖς
496 1901 667 1995 φίλοις
692 1901 1021 1995 ἐθάρρησεν.
1058 1915 1129 1992 τῼ
1158 1918 1542 1990 περιτυχόντες
1574 1916 1781 1969 Θεόδω-

1900 1928 2004 1982 hoc
2032 1934 2135 1990 est,
2174 1924 2226 1977 in
2259 1921 2533 1976 ctelestem
2575 1916 2955 1986 commigravit
2991 1913 3381 1976 limreditatem,
3411 1917 3469 1963 et

193 2043 283 2097 po;
310 2023 413 2078 καὶ
446 2020 745 2090 Γρηγόριος
773 2017 995 2085 Νύσσης
1022 2014 1117 2067 καὶ
1148 2010 1476 2081 Σωφρόνιος,
1506 2002 1581 2062 ὧν
1610 2007 1781 2077 ἐμνήυ

193 2120 404 2186 σθημεν
435 2113 667 2175 ἄνωθεν,
696 2111 919 2171 πολλαῖς
952 2108 1156 2170 αἰκίαις
1180 2107 1354 2174 λόγων
1403 2103 1783 2174 λωϐησάμενοι

189 2212 342 2264 οὐδὲν
370 2203 541 2280 ἦττον
570 2206 664 2259 τοῦ
701 2202 970 2276 προτέρου
1005 2199 1199 2272 νεκρὸν
1232 2200 1326 2253 καὶ
1374 2196 1553 2266 πάσης
1581 2194 1784 2259 ἀπόζον

193 2304 541 2374 ἀκαθαρσίας
593 2300 671 2371 τῷ
729 2298 1090 2369 γεγεννηκότι
1158 2293 1489 2367 ἀπέρριψαν.
1548 2291 1630 2345 Τά
1684 2289 1783 2361 μὲν

194 2395 409 2465 οὖν’τῆς
451 2391 708 2453 ἀσεϐείας
733 2388 906 2451 οὕτως
925 2388 1095 2441 ἔδωκε
1123 2386 1302 2457 δίκην,
1333 2387 1362 2439 ὁ
1383 2383 1441 2437 δὲ
1486 2380 1580 2436 τοῦ
1626 2381 1784 2449 λόγου

195 2487 487 2559 χαρακτὴρ
520 2486 742 2556 χάριτος
795 2482 895 2552 μὲν
927 2482 1025 2534 καὶ
1051 2479 1243 2548 ἡδονῆς
1267 2476 1375 2530 οὐδ’
1400 2476 1453 2530 si
1498 2493 1581 2539 τις
1636 2473 1785 2527 ἐστιν

196 2580 299 2634 οὐδ’
333 2580 378 2611 ⁸⁸
418 2579 592 2647 ἐγγὺς
622 2577 812 2645 γέγονε
850 2575 945 2626 τοῦ
973 2573 1192 2635 εἰδέναι,
1215 2570 1426 2640 κόμπον
1465 2568 1521 2621 δέ
1552 2583 1673 2619 τινα
1693 2582 1784 2617 τε-

201 2670 417 2743 ρατώδη
446 2671 546 2723 καὶ
596 2668 829 2737 δύσηχον
859 2661 994 2736 ἦχον
1034 2664 1400 2733 φιλοτιμεῖται
1448 2661 1641 2731 ψοφεῖν
1672 2661 1783 2714 τῶν

196 2782 252 2817 τε
280 2762 601 2833 συμφώνων
620 2763 688 2830 τῇ
717 2757 1021 2829 ὲπαλληλίᾳ
1057 2754 1183 2828 [516
1209 2753 1302 2826 8.]
1339 2754 1435 2809 καὶ
1456 2755 1564 2807 τῶν
1586 2753 1784 2819 λέξεων

192 2864 313 2924 ταῖς
330 2858 773 2928 δυσεκφράστοις
795 2855 890 2908 καὶ
914 2851 1364 2922 πολυσυμφὼνοις
1387 2852 1483 2904 καὶ
1511 2849 1605 2903 τοῦ
1633 2866 1791 2918 ποιη-

192 2948 352 3003 τικοῦ
413 2946 614 3009 τύπου,
676 2945 710 3014 ἢ
751 2944 952 3014 μᾶλλον
997 2941 1391 3011 ἀκριϐέστερον
1448 2940 1645 3003 εἰπεῖν,
1694 2936 1788 2990 τοῦ

195 3038 603 3111 διθυραμϐικοῦ
632 3037 805 3098 εἴδους
836 3033 1259 3104 τυγχανούσαις.
1290 3031 1540 3097 Συνθήκη
1562 3046 1620 3082 τε
1642 3027 1791 3098 αὐτῷ

196 3132 613 3201 ἐκϐεϐιασμένη
644 3130 738 3183 καὶ
767 3125 1224 3198 συμπεπιεσμένη
1251 3125 1346 3178 καὶ
1395 3124 1676 3191 ἔκκροτος,
1715 3120 1790 3183 ὡς

1890 2016 2091 2084 ingenti
2118 2014 2209 2067 illo
2240 2022 2386 2067 metu
2420 2010 2685 2071 discusso,
2718 2010 2803 2061 vix
2840 2009 3055 2061 tandem
3103 2018 3227 2059 sero
3274 2000 3468 2056 edendi

1891 2106 2111 2161 advenit
2144 2104 2381 2175 occasio,
2410 2117 2476 2155 ue
2508 2111 2636 2155 tunc
2660 2099 2878 2169 quidem
2908 2096 3182 2160 omnibus,
3214 2095 3307 2150 sed
3329 2092 3469 2148 ami-

1890 2201 1971 2257 cis
1998 2202 2265 2254 duntaxat
2287 2192 2586 2268 [evulgare]
2620 2208 2783 2247 ausus
2815 2200 2917 2245 est.
2952 2188 3007 2242 In
3046 2204 3202 2257 quem
3232 2187 3473 2242 inciden-

1891 2304 1977 2350 tes
2018 2292 2338 2348 Theodorus
2374 2287 2490 2358 (30)
2535 2295 2590 2339 et
2639 2283 2935 2351 Gregorius
2980 2281 3273 2351 Nyssenus,
3311 2288 3478 2347 atque

1895 2386 2237 2457 Sophronius
2292 2385 2546 2452 (quorum
2601 2392 2764 2447 supra
2820 2376 2933 2445 (51)
2969 2383 3055 2429 est
3089 2387 3120 2427 ιι
3158 2387 3244 2426 me
3290 2371 3476 2425 habita

1894 2476 2143 2547 mentio),
2180 2474 2366 2528 multis
2404 2472 2695 2526 verborum
2734 2467 2929 2537 plagis,
2978 2481 3085 2518 non
3128 2478 3284 2519 secus
3311 2477 3471 2530 quam

1902 2573 2141 2642 priorem
2184 2565 2357 2639 [illum
2394 2563 2634 2631 eiusdem
2674 2556 2937 2629 libellum]
2972 2555 3247 2618 Basilius,
3305 2554 3482 2607 conli-

1897 2659 2442 2729 cientes,jugnlatum
2474 2656 2585 2723 jam
2631 2663 2686 2710 et
2733 2668 2845 2722 prie
2893 2649 3207 2719 impnritate
3250 2647 3475 2710 olidum,

1897 2760 1950 2814 in
1983 2766 2258 2811 auctorem
2292 2766 2447 2806 suum
2481 2746 2853 2813 coniecerunt.
2883 2742 3195 2811 Hasitaque
3232 2750 3341 2792 tum
3371 2739 3477 2791 im-

1898 2851 2074 2921 pietas
2096 2860 2289 2917 paanas
2320 2841 2490 2895 dedit.
2537 2839 2620 2892 Ad
2656 2836 2852 2908 stylum
2906 2835 3050 2902 quod
3110 2834 3324 2891 attinet,
3355 2838 3482 2884 tau-

1898 2951 2010 2995 tum
2047 2938 2095 2992 is
2144 2937 2211 2989 ah
2257 2932 2406 2988 omni
2444 2942 2497 2984 et
2526 2929 2699 3000 gratia
2749 2937 2802 2981 et
2846 2923 3188 2994 jucunditate
3239 2929 3485 2975 remotus

1896 3042 2003 3096 est,
2033 3038 2092 3084 ut
2118 3044 2187 3083 ne
2216 3024 2541 3096 cognovisse
2579 3020 2821 3091 quidem,
2870 3034 2937 3071 an
2983 3016 3087 3069 tale
3139 3015 3268 3083 quid
3297 3021 3483 3066 exsta-

1898 3135 2005 3190 ret,
2057 3122 2324 3176 videatur.
2381 3116 2707 3174 Jactautiam
2762 3107 3135 3165 tantummodo
3194 3105 3486 3176 quamdam

200 3227 459 3294 ἀνάγκην
502 3218 745 3289 εἶναιτῷ
765 3216 1195 3286 ἀναγινώσκοντι
1222 3217 1290 3269 τά
1321 3214 1533 3267 ἐκείνου
1566 3212 1790 3266 τύπτειν

1903 3216 2208 3286 prodigiose
2253 3219 2516 3270 ostentat,
2559 3218 2861 3273 sonumque
2896 3202 3175 3256 dissonum
3206 3197 3490 3252 stridendo

1956 3310 1967 3316 -
2133 3306 2171 3316 ι...
2300 3315 2306 3316 ,
2369 3312 2378 3316 _
2624 3314 2634 3316 _
2657 3313 2692 3316 μ
2723 3296 2926 3316 _,,.!--___
2969 3293 3170 3316 -I.........
3206 3290 3452 3316 ..:..2--:I..

203 3290 463 3388 σφοδρῶς
520 3314 613 3366 τὸν
657 3312 799 3383 ἀέρα
828 3313 940 3372 τοῖς
968 3308 1223 3380 χείλεσιν,
1262 3309 1310 3359 εἰ
1374 3306 1557 3376 μέλλοι
1590 3304 1801 3375 τρανῶς

1903 3310 2069 3364 edere
2093 3306 2335 3369 allectat,
2366 3312 2479 3357 tum
2509 3296 2930 3356 consonantium
2968 3293 3174 3346 alterna
3206 3290 3487 3345 vicissitu-

202 3408 585 3478 ἀπαγγέλλειν
614 3406 650 3459 ἀ
680 3402 1099 3475 περιτραχύνων
1130 3402 1173 3434 ¹³
1195 3400 1291 3453 καὶ
1325 3398 1646 3469 συστρὲψων
1672 3414 1801 3450 συν-

204 3502 413 3556 suam»;
482 3516 544 3552 τε
606 3498 702 3551 καὶ
752 3493 1155 3567 παρεμϐάλλων
1207 3493 1303 3546 καὶ
1358 3489 1795 3561 ἀκρωτηριάζων

206 3595 423 3656 ἐκεῖνος
466 3590 619 3659 μόλις
643 3588 956 3642 συνέταττε.
988 3583 1213 3654 Μακραί
1263 3600 1323 3636 τε
1357 3582 1529 3635 ἐνίοτε
1560 3584 1641 3644 εἰς
1665 3582 1806 3651 ἀμε-

208 3686 369 3753 τρίαν
427 3680 667 3750 περίοδοι
715 3678 1114 3747 ὲκτεινόμεναι,
1178 3678 1273 3730 καὶ
1322 3675 1384 3729 τὸ
1438 3673 1712 3728 σκοτεινόν
1749 3689 1809 3726 τε

208 3777 312 3829 καὶ
340 3774 540 3844 ἄδηλον
595 3772 661 3824 δι’
687 3771 811 3824 ὅλου
868 3770 1172 3840 κεχυμένον
1205 3766 1299 3821 τοῦ
1354 3768 1808 3836 συγγράμματος,

211 3870 306 3922 ἵνα
339 3868 475 3937 δοκῇ
503 3883 567 3918 τε
597 3866 713 3928 τοῖς
754 3862 972 3924 πολλοῖς
1022 3861 1254 3930 δυνάμει
1280 3859 1582 3928 δεινότητος
1610 3857 1812 3925 ἐκφεύ-

212 3978 339 4029 γειν
373 3958 561 4013 αὐτῶν
608 3957 709 4028 τὴν
747 3953 1076 4025 κατάληψιν,
1140 3953 1237 4005 καὶ
1269 3952 1393 4003 ὅσον
1444 3948 1668 4010 ἀσθενὲς
1703 3948 1812 4001 τῶν

213 4053 526 4124 νοηθέντων
557 4050 674 4119 (καὶ⁵
709 4049 819 4118 γάρ
875 4048 993 4099 ἐστι
1029 4043 1184 4113 πολὺ)
1213 4042 1289 4113 τῷ
1327 4043 1530 4110 ἀσαφεῖ
1567 4042 1662 4094 καὶ
1692 4040 1814 4093 δυσ-

215 4145 565 4215 καταληπτῳ
625 4139 973 4204 ἐπισκιάζειν
1004 4136 1109 4208 ἔχῃ
1143 4133 1274 4206 [168
1300 4131 1395 4204 Η.]
1427 4133 1520 4186 καὶ
1552 4132 1816 4201 κρύπτειν

217 4241 317 4306 τῆς
345 4234 591 4296 διανοίας
612 4235 682 4285 τὰ
706 4231 968 4303 ἀρῤωστή
979 4244 1144 4298 ματα.
1194 4226 1355 4279 Δοκεῖ
1379 4224 1436 4279 δὲ
1459 4226 1554 4277 καὶ
1579 4224 1698 4275 ταῖς
1725 4221 1815 4273 λοε-

216 4330 409 4397 γικαῖς
459 4323 841 4394 ὲπερείδεσθαι
886 4318 1153 4391 μεθόδοις,
1193 4316 1387 4379 ἄλλους
1429 4331 1489 4368 τε
1542 4313 1817 4385 διασύρων

217 4423 319 4475 ἐπὶ
345 4419 547 4489 τούτῳ,
576 4416 672 4470 καὶ
700 4414 861 4477 αὐτὸς
892 4408 1349 4483 προθυμούμενος
1382 4406 1480 4477 μὲν
1508 4406 1820 4476 ἀποκεχρῆ-

224 4514 353 4567 σθαι
380 4511 599 4573 τούτοις
619 4511 703 4562 ὃτι
740 4507 999 4577 μάλιστα,
1054 4500 1329 4572 ὀψιμαθὴς
1385 4498 1443 4552 δὲ
1475 4500 1581 4552 κάν
1609 4498 1820 4561 τούτοις

1906 3401 2053 3463 dine,
2089 3409 2200 3452 tum
2247 3393 2475 3449 vocibus
2519 3389 2869 3461 pronuntiatu
2913 3384 3240 3449 dillicilihus,
3279 3390 3336 3435 et
3367 3394 3490 3449 qua:

1907 3490 2093 3547 multis
2163 3486 2441 3541 abundent
2509 3476 2992 3541 consonantibus;
3052 3473 3217 3541 idque
3276 3470 3490 3540 poetico

1908 3598 2081 3647 more,
2116 3581 2223 3642 vel,
2275 3588 2334 3632 ut
2371 3575 2575 3629 'verius
2608 3573 2823 3635 dicam,
2868 3565 3268 3637 dithyrambico
3310 3561 3491 3630 potius

1910 3676 2040 3729 ritu.
2065 3669 2401 3737 Compositio
2452 3665 2621 3733 ipsius
2642 3670 2831 3716 coacta
2862 3666 2968 3722 est,
2996 3665 3047 3710 et
3072 3656 3121 3708 vi
3155 3665 3490 3721 compressa,

1908 3766 2055 3837 98a
2102 3770 2265 3831 atque
2303 3767 2517 3822 extusa,
2549 3764 2607 3808 ut
2648 3766 2873 3808 necesse
2905 3747 3260 3804 habeatillius
3287 3743 3492 3812 scripta

1913 3832 2116 3927 legens,
2148 3865 2327 3905 aerem
2358 3848 2710 3901 vehementer
2741 3842 2900 3896 labiis
2933 3840 3243 3899 verberare,
3264 3834 3306 3888 si
3335 3832 3496 3887 modo

1914 3956 2097 4018 aperte
2122 3939 2478 4014 pronuntiare
2501 3936 2650 4001 velit,
2671 3948 2790 4002 quae
2814 3931 2953 3985 forte
2979 3927 3299 3982 nanciscens
3332 3933 3497 3991 atque

1916 4017 2308 4107 contorquens,
2345 4042 2437 4087 aut
2464 4030 2731 4086 collidens
2760 4026 2949 4087 etiam,
2984 4037 3049 4076 ac
3080 4029 3286 4073 temere
3324 4017 3497 4069 inter-

1914 4134 2130 4202 jiciens,
2160 4131 2269 4184 imo
2292 4135 2345 4179 et
2382 4134 2664 4187 truncaus,
2695 4120 2783 4173 vix
2815 4116 3031 4171 tandem
3062 4111 3148 4165 ille
3189 4106 3496 4175 conjunxit.

1916 4197 2129 4291 Longas
2170 4229 2388 4287 quoque
2432 4211 2704 4266 interdum
2769 4214 2824 4262 et
2861 4201 3152 4259 immodice
3208 4197 3499 4267 productas

1916 4288 2168 4387 periodos
2197 4308 2326 4363 facit
2360 4302 2794 4361 :obscuritatem
2840 4298 3064 4362 insuper
3106 4302 3270 4359 atque
3315 4288 3497 4341 incer-

1920 4407 2206 4462 titudinem
2252 4415 2349 4468 per
2395 4410 2560 4452 omne
2594 4408 2729 4461 Opus
2770 4389 3080 4450 oil‘undens,
3102 4398 3224 4439 cum
3260 4377 3511 4446 utvulgo.

1918 4497 2173 4553 videatur
2202 4491 2317 4560 ipsa
2348 4502 2462 4542 sua:
2492 4482 2813 4553 eloquentiae
2858 4478 2907 4533 vi
2938 4490 3128 4532 eorum
3176 4474 3335 4540 longe
3402 4483 3510 4522 ca-

222 4605 322 4657 και
354 4563 472 4655 οὐδζ
500 4563 675 4663 εις-τὸ
707 4563 869 4667 βαθος
910 4563 1111 4648 αὐτῶν.
1137 4563 1321 4644 ἐέλθὼν⁷
1350 4590 1409 4642 ὲν
1448 4586 1663 4650 πολλοῖς
1687 4586 1810 4640 πολ-

1924 4596 2074 4657 ptum
2105 4581 2403 4644 excedere;
2436 4587 2547 4630 tum
2577 4583 2659 4639 ut,
2700 4573 2843 4641 quod
2896 4570 2948 4623 in
2995 4566 3110 4636 ejus
3139 4563 3315 4620 sensis
3337 4569 3507 4628 atque

222 4692 385 4755 λακις
413 4689 797 4759 ἐλεγχόμενος.

1920 4652 2171 4746 cogitatis
2196 4667 2525 4726 imbecillum
2566 4674 2651 4719 est
2678 4665 2758 4732 (ut
2783 4670 2867 4716 est
2896 4672 3026 4714 sane
3057 4652 3375 4726 plurimum)
3400 4653 3503 4705 hac

227 4792 346 4861 ipsa
378 4786 740 4849 obscuritate,
761 4792 815 4837 et
837 4777 1168 4850 intelligendi
1184 4775 1497 4832 diﬂicultate
1520 4774 1796 4843 obtegere,
1848 4772 2238 4839 sententiaeque
2290 4765 2474 4820 celare
2527 4760 2722 4813 vitium
2781 4753 2981 4825 possit.
3021 4748 3246 4804 Videtur
3284 4758 3414 4800 vero
3449 4751 3507 4797 et

232 4837 432 4952 llogicis
456 4875 612 4932 inniti
648 4872 1000 4941 argumentis,
1031 4869 1159 4923 dum
1186 4867 1381 4936 partim
1415 4864 1549 4920 alios
1576 4837 1681 4918 ιιοὲ
1718 4837 1937 4919 nomine
1965 4837 2290 4921 insectatur,
2350 4853 2545 4924 partim
2604 4850 2721 4918 ipse
2772 4842 3129 4899 libentissime
3179 4840 3244 4893 iis
3311 4837 3509 4899 utitur,

232 4933 454 5028 tametsi
487 4970 800 5035 frequenter
838 4973 993 5034 (cum
1022 4975 1145 5017 sero
1171 4933 1274 5015 hoc
1342 4958 1581 5013 studium
1637 4956 1951 5026 arripuerit.
2010 4964 2189 5022 neque
2239 4951 2306 5004 ad
2350 4946 2466 5015 ejus
2493 4944 2683 4998 intima
2714 4934 3035 5010 penetrarit)
3063 4934 3118 4989 in
3151 4933 3338 4988 multis
3364 4946 3512 5001 saepe

234 5065 439 5120 merito
473 5061 680 5114 erroris
707 5067 944 5113 notatur.

302 5151 764 5222 ’Δνεγνώσθησαν
810 5150 867 5202 δὲ
915 5147 1011 5202 καὶ
1053 5144 1407 5201 Ἐπιστολαὶ
1452 5138 1621 5196 αὑτοῦ
1676 5138 1827 5207 πρὸς

236 5247 591 5316 διαφόρους,
611 5243 953 5313 μέχριξτεσσα
963 5237 1387 5310 ράκοντα.Ἀλλά
1404 5234 1575 5289 καὶέν
1604 5231 1828 5292 ταύταις

239 5341 299 5393 τὸ
321 5338 458 5392 αὐτὸ
482 5337 592 5389 τῶν
620 5335 797 5402 λόγων
842 5328 979 5395 εἶδος
1006 5328 1378 5400 λεπτουργῶν,
1434 5322 1712 5385 παντελῶς
1732 5320 1826 5373 τοῦ

239 5432 349 5486 τῶν
384 5426 689 5484 ἐπιστολῶν
709 5425 1057 5498 χαρακτῆρος
1104 5422 1227 5476 οὐδὲ
1264 5421 1390 5483 τοὺς
1422 5418 1617 5488 νόμους
1662 5412 1828 5468 ἁκού-

2003 5131 2259 5203 Ejusdem
2284 5140 2501 5198 quoque
2527 5121 2786 5190 Epistolas
2807 5118 2877 5172 ad
2902 5117 3075 5171 varios
3107 5116 3260 5170 lectze
3283 5127 3513 5168 numero

1933 5222 2314 5295 quadraginta.
2348 5218 2416 5271 At
2447 5217 2572 5271 dum
2603 5215 2653 5267 in
2702 5213 2788 5266 his
2839 5212 2965 5264 item
3004 5208 3248 5263 eamdem
3296 5202 3514 5259 dicendi

1936 5294 2167 5372 formam
2195 5310 2467 5366 subtiliter
2484 5306 2723 5369 allectat,
2743 5303 2834 5372 qui
2859 5301 3083 5357 omnino
3111 5296 3410 5368 epistolicte
3432 5294 3514 5348 di-

1935 5408 2133 5467 ctionis
2163 5420 2263 5462 nec
2289 5403 2435 5472 leges
2465 5400 2745 5454 audiverat
2774 5410 3035 5467 unquam,
3075 5407 3178 5449 nec
3225 5393 3280 5446 in
3322 5388 3517 5445 iisdem

1528 5551 1768 5608 VARIJE
1792 5544 2195 5605 LECTIONES.

247 5732 294 5763 η
779 5653 849 5788 g“
876 5651 973 5722 ὀψέ
1001 5650 1045 5705 Α
1070 5666 1087 5706 :
1117 5650 1207 5705 ὅτε
1238 5666 1299 5714 ς.
1377 5646 1420 5681 ³³
1448 5645 1795 5717 δημοσιεύειν
1825 5641 1866 5696 A
1894 5658 1908 5696 :
1943 5638 2004 5692 τὺ
2040 5633 2387 5708 δημοσιεύειν
2416 5632 2663 5702 ὑπῆρχεν
2694 5644 2754 5693 ς.
2831 5627 2875 5660 ³⁵
2902 5624 3129 5680 alterum
3160 5615 3270 5673 οὐδ’
3302 5615 3424 5671 add.
3447 5612 3517 5669 A.

403 5760 747 5799 '"mW'w'
780 5760 843 5788 δ’
1728 5779 1964 5841 sum.

324 5868 443 5940 ('50)
474 5866 854 5923 Autiochenus
880 5862 1135 5931 idemque
1164 5856 1503 5930 Mopsuestia:
1534 5854 1706 5924 episc.

1999 5849 2108 5922 (δι)
2136 5845 2273 5903 Cod.
2303 5846 2360 5909 4,
2394 5843 2447 5910 5,
2483 5842 2535 5897 6.
