3964 6436
563 419 672 484 429

1666 416 1931 479 ΡΙῘΟΤΙΙ
1968 410 2479 505 ΡΑΤΒῙᾼΒΟΗΕ
2511 410 2622 471 CP.

3724 400 3821 464 420

565 549 623 597 se
648 537 992 597 exercuerat,
1025 529 1297 601 publicam
1334 544 1432 600 per
1469 544 1531 586 ea
1570 526 1808 583 infamiae
1845 534 2028 579 notam
2058 523 2141 575 in-

2283 539 2346 584 ας
2374 522 2439 586 ’⁸,
2472 520 2548 588 μή
2569 517 2624 570 τί
2646 532 2712 586 γε
2744 514 2953 587 τριὸεὶς
2985 515 3045 566 ὲν
3076 512 3283 576 αὐτοῖς.
3314 511 3394 577 είς
3432 510 3499 566 τὸ
3544 510 3820 581 ¹στηλιτευ-

567 631 762 686 currit.

1209 718 1496 775 CXXXIX.

568 815 725 868 Beati
754 814 1036 868 Athanasii
1079 816 1131 868 in
1184 813 1545 867 Ecclesiasten
1576 821 1622 864 et
1653 811 1876 865 Cantica
1909 809 2143 863 cantico-

1066 902 1177 937 rum
1206 883 1649 937 Commentarius.

580 1056 585 1059 '
643 1039 770 1109 Legi
805 1040 982 1107 magni
1014 1037 1294 1090 Athanasii
1334 1037 1388 1088 in
1432 1033 1784 1088 Ecclesiasten
1836 1041 1886 1086 et
1931 1030 2149 1085 Cantica

573 1132 897 1183 canticorum
950 1128 1420 1182 Commentariunt.
1470 1125 1713 1179 Dilucide
1770 1124 1924 1185 dicit,
1991 1132 2049 1175 ttt
2099 1123 2151 1175 in

572 1222 829 1275 onmihus
863 1222 976 1275 suis
1018 1220 1257 1289 scriptis.
1305 1219 1383 1271 Ad
1420 1233 1611 1271 earnm
1665 1226 1843 1270 tamen
1895 1215 2011 1285 (5‘2)
2041 1215 2157 1283 epi-

572 1314 836 1368 Stolarnm
862 1314 1088 1381 gratiam
1121 1321 1176 1364 et
1226 1318 1561 1364 venustatem
1587 1350 1602 1374 ,
1640 1309 1836 1377 quibus
1879 1322 2153 1361 secessum

574 1416 801 1460 excusat
826 1420 1005 1467 suum,
1032 1418 1258 1473 qumque
1292 1403 1357 1456 ad
1391 1401 1643 1456 exsilium
1677 1401 1952 1469 pertinent
1988 1414 2157 1465 expo-

576 1500 680 1561 nit,
720 1511 893 1566 neque
925 1498 1011 1550 hic
1041 1497 1202 1559 liber,
1232 1510 1409 1564 neque
1440 1494 1581 1548 alius
1612 1494 1730 1565 ejus
1777 1492 1889 1566 (qui
1938 1493 2156 1563 quidem

578 1590 632 1645 in
665 1606 811 1645 meas
839 1589 1089 1644 inciderit
1127 1588 1340 1659 manus)
1380 1588 1620 1656 attingit.

1292 1766 1451 1821 CXL.

889 1859 1136 1929 Ejusdem
1189 1874 1379 1913 contra
1418 1858 1606 1911 Arium
1647 1857 1768 1911 libri
1803 1870 1856 1909 ν.

654 2019 805 2075 Lecti
854 2028 984 2073 sunt
1024 2017 1267 2085 ejusdem
1327 2018 1502 2072 sancti
1572 2016 1675 2070 viri
1743 2024 1926 2068 contra
1974 2012 2163 2066 Arium

580 2113 796 2183 ejusque
821 2114 1068 2182 dogmata
1098 2112 1219 2165 libri
1256 2111 1522 2179 quinque.

658 2205 829 2275 Hujus
861 2206 1026 2259 dictio
1067 2204 1380 2273 perspicua,
1415 2213 1473 2257 ut
1506 2213 1559 2257 et
1583 2203 1635 2258 in
1675 2202 1889 2257 caneris
1916 2201 2032 2269 ejus
2047 2214 2165 2254 om-

585 2298 769 2362 nibus,
794 2297 975 2351 sobria
1008 2298 1135 2351 item
1171 2308 1224 2351 et
1249 2297 1501 2361 candida,
1525 2297 1928 2364 vehemensque
1956 2308 2019 2347 ac
2041 2307 2166 2363 pro-

587 2392 777 2455 funda,
824 2401 880 2445 et
929 2400 1249 2460 argumenta
1296 2390 1475 2445 Valide
1529 2400 1787 2459 torquens
1829 2406 1843 2442 :
1881 2387 1999 2456 ejus
2038 2400 2167 2441 vero

589 2482 810 2535 ubertas
843 2483 895 2535 in
931 2482 1017 2535 his
1066 2496 1129 2535 ac
1171 2480 1488 2535 fecunditas
1539 2480 1834 2534 admodum
1894 2492 2026 2532 sane
2067 2476 2169 2530 fuit

590 2574 882 2628 mirabilis.
918 2572 1230 2628 Dialecticis
1270 2573 1459 2626 adhaac
1494 2586 1625 2626 usus
1672 2581 1758 2625 est
1810 2568 2167 2639 argumentis,

588 2681 696 2720 non
757 2666 862 2719 illis
919 2666 1065 2720 nude
1095 2664 1416 2735 propositis,
1447 2672 1503 2718 et
1546 2663 1793 2732 ipsismet
1840 2676 1905 2715 ex
1943 2678 2004 2716 ea
2052 2671 2170 2714 arte

592 2757 780 2826 petitis
825 2757 1048 2811 vocibus
1108 2756 1275 2826 (quod
1329 2756 1480 2825 pueri
1527 2755 1965 2822 recentioresque
2009 2752 2171 2807 disci-

590 2850 728 2917 puli,
770 2850 1087 2919 juveniliter
1118 2864 1239 2903 sese
1284 2863 1346 2902 ac
1395 2848 1630 2917 gloriose
1683 2856 2049 2910 ostentantes,
2086 2859 2174 2899 so-

2243 612 2408 682 θῆναι
2430 610 2703 663 διέπεσεν.

2957 698 3127 752 ΡΛΘ’.

2256 793 2612 850 Ἀθανασίου
2642 790 2750 846 τοῦ
2772 791 3044 861 μεγάλου
3079 792 3406 859 ὑπόμνημα
3438 786 3672 861 είς-τὸν
3707 788 3832 861 Ἐκ-

2319 862 2709 931 κλησιαστὴν
2763 857 2868 916 imi
2907 863 2995 927 εἱς
3050 867 3123 914 τὰ
3178 857 3451 930 ᾊσματα
3488 857 3610 912 τῶν
3644 860 3832 928 ᾀσμά-

2319 952 2436 987 των
2441 978 2456 992 .

2320 1022 2666 1091 Ἀνεγνώσθη
2679 1020 2771 1075 τοῦ
2793 1019 3235 1092 μεγάλουἋθανα
3246 1021 3358 1073 σίου
3378 1021 3391 1039 '
3407 1022 3741 1089 Υπόμνημα
3755 1023 3834 1084 εις

2252 1117 2359 1170 τὸν
2381 1114 2881 1183 Ἐκκλησιαστὴν
2901 1112 2999 1167 καὶ
3019 1115 3104 1177 είς
3128 1114 3199 1167 τὰ
3220 1114 3485 1184 ’ᾼσματα
3508 1112 3627 1165 τῶν
3649 1112 3836 1180 ᾀσμά-

2253 1208 2655 1280 των.Σοιφὴςι¹τ
2694 1213 2795 1275 μέν
2826 1209 2996 1271 ἐστιν,
3023 1206 3212 1275 ὥσπερ
3243 1206 3515 1277 πανταχοῦ
3536 1206 3647 1258 τῶν
3673 1205 3836 1271 λόγων

2255 1299 2442 1365 αὑτοῦ,
2459 1302 2533 1363 εἰς
2562 1301 2744 1370 μέντοι
2770 1298 2868 1368 τὴν
2898 1300 3057 1368 χάριν
3074 1299 3169 1350 καὶ
3192 1298 3253 1350 τὸ
3270 1298 3466 1361 κάλλος
3488 1297 3598 1350 τῶν
3624 1299 3837 1349 ἐπιστο-

2257 1390 2386 1455 λῶν,
2421 1391 2477 1444 αἳ
2510 1392 2608 1458 τὴν
2641 1390 2937 1459 ἀπολογίαν
2977 1390 3124 1460 αύτῷ
3144 1390 3247 1458 τῆς
3274 1391 3451 1460 φυγῆς
3496 1390 3595 1442 καὶ
3617 1389 3687 1441 τά
3718 1389 3839 1458 περὶ

2260 1482 2429 1551 αὐτὴν
2497 1481 2883 1553 ἐξεργάζονται
2917 1480 2984 1547 ¹⁸,
3016 1479 3137 1534 οὕτε
3195 1480 3314 1533 τόδε
3350 1481 3413 1533 τὸ
3470 1480 3701 1551 βιϐλίον,
3732 1480 3839 1532 ἀλλ’

2260 1573 2370 1626 οὐδ’
2396 1572 2524 1627 ἄλλο
2552 1591 2627 1637 τι,
2665 1576 2767 1627 ὅσα
2788 1574 2891 1644 ἐμὲ
2923 1571 3032 1625 τῶν
3082 1571 3248 1626 αὑτοῦ
3281 1571 3503 1639 είδέναι,
3540 1572 3695 1625 οὐδὲν
3718 1573 3839 1624 ἀνα-

2263 1665 2491 1736 φέρεται
2526 1665 2594 1719 ¹⁰.

3000 1760 3135 1812 PM'.

2198 1862 2242 1918 Β
2273 1850 2384 1905 Τοῦ
2437 1850 2624 1906 αὐτοῦ
2683 1851 2833 1905 κατὰ
2881 1849 3000 1904 τῶν
3049 1851 3156 1905 τοῦ
3178 1851 3407 1921 Ἀρείου
3465 1848 3778 1921 δογμάτων
3805 1850 3842 1920 ή

2853 1922 3270 1988 πεντάϐιϐλος.

2334 2014 2678 2083 Ἀνεγνώσθη
2711 2014 2805 2068 τοῦ
2838 2014 3005 2068 αὐτοῦ
3054 2016 3211 2083 ἁγίου
3235 2016 3269 2086 ἡ
3313 2015 3475 2069 Κατὰ
3502 2014 3723 2082 Ἀρείου
3750 2013 3843 2065 καί

2262 2107 2383 2163 τῶν
2398 2109 2586 2162 αὐτοῦ
2611 2108 2920 2179 δογμάτων
2944 2108 3438 2179 πεντὰῶδλοςἿὴν
3459 2109 3559 2179 μὲν
3576 2108 3622 2139 ³⁸
3649 2107 3845 2177 φράσιν

2268 2202 2449 2271 σαφής
2477 2201 2539 2254 τέ
2569 2204 2737 2266 ἐστιν,
2765 2202 2841 2265 ὼς
2872 2202 2966 2255 καὶ
2992 2204 3049 2256 ὲν
3091 2203 3249 2266 πᾶσι,
3288 2201 3379 2253 καὶ
3434 2200 3728 2271 ἁπέριττος
3757 2200 3847 2252 καὶ

2266 2296 2496 2366 ἀφελής,
2529 2296 2728 2366 δριμὺς
2758 2297 2817 2350 δὲ
2847 2299 2888 2329 ²¹
2922 2297 3019 2350 xui.
3071 2296 3237 2367 βαθὺς
3282 2297 3377 2349 καὶ
3415 2294 3536 2348 λίαν
3588 2297 3700 2358 τοῖς
3728 2294 3847 2345 επι-

2267 2390 2600 2460 χειρήμασιν
2653 2389 2890 2454 εὔτονος.
2928 2391 3036 2443 Καὶ
3066 2390 3128 2443 τὸ
3161 2390 3386 2460 γόνιμον
3417 2389 3475 2442 δὲ
3524 2389 3711 2450 αὐτοῖς
3741 2386 3847 2457 ἠλί-

2270 2499 2365 2534 κον
2434 2483 2557 2536 ὅσον
2622 2484 2718 2538 καὶ
2786 2483 3113 2554 Θαυμάσιον.
3175 2484 3439 2550 Λογικαϊς
3493 2499 3553 2535 τε
3613 2479 3851 2551 μεθόδους

2272 2572 2388 2625 ούτι
2419 2574 2464 2604 ¹¹
2518 2574 2741 2643 γυμνῶς
2801 2577 2897 2628 καὶ
2944 2574 3053 2627 ἀπὸ
3114 2572 3222 2626 τῶν
3273 2573 3318 2604 ³³
3370 2571 3582 2625 ἐκεῖθεν
3630 2570 3849 2634 λέξεων,

2272 2665 2462 2737 ὥσπερ
2486 2667 2535 2719 οἱ
2572 2666 2762 2730 παῖδες
2787 2669 2879 2720 καὶ
2909 2667 3234 2738 ἁρτιμαοεῖς
3285 2665 3621 2737 μειρακιώδη
3649 2664 3853 2733 φιλοτι-

2278 2757 2405 2828 μίαν
2432 2758 2868 2829 ἐπιδεικνύμενοι
2926 2760 3284 2828 πράττουσιν,
3333 2757 3446 2810 ἀλλ’
3476 2756 3855 2825 ὲμφιλοσόφως

2273 2865 2333 2900 τε
2360 2850 2454 2901 καὶ
2485 2849 2918 2921 μεγαλοπρεπῶς
2949 2851 3044 2903 καὶ
3090 2852 3213 2912 ταῖς
3259 2848 3489 2911 ἐννοίαις
3525 2847 3737 2916 μόναις,
3766 2845 3856 2897 καὶ

592 2940 751 3009 lent),
782 2956 969 2996 verum
1025 2941 1472 3011 phi1050phorum
1523 2952 1674 2992 more
1704 2978 1720 3003 ,
1780 2937 2171 3006 magniﬁceun

2279 2938 2503 3004 ταύταις
2528 2941 3103 3013 διεσχηματισμέναις,
3124 2942 3521 3011 ἀποκέχρηται,
3551 2938 3853 3007 Γραφικαῖς

583 3034 841 3104 prolatis,
895 3049 960 3089 ac
998 3048 1094 3103 per
1146 3036 1322 3087 nudas
1372 3034 1636 3087 duntaxat
1680 3032 1955 3090 notiones,
1984 3038 2041 3083 et
2078 3030 2171 3083 has

2279 3050 2336 3086 τε
2367 3034 2697 3104 μαρτυρίαις
2723 3033 2820 3087 καὶ
2849 3031 3191 3098 ἀποδείξεσιν
3220 3034 3301 3094 εἰς
3333 3032 3395 3084 τὸ
3426 3029 3698 3102 καρτερὸν
3726 3046 3857 3081 κατ-

595 3125 814 3195 quidem
849 3127 989 3180 bene
1022 3135 1270 3179 ornatas.
1292 3122 1476 3178 Sacra:
1511 3138 1726 3193 quoque
1760 3123 2056 3189 Scriptura:
2101 3130 2171 3174 te-

2281 3127 2588 3197 ωχύρωναι.
2616 3128 2725 3179 Καὶ
2759 3126 2947 3188 ἁπλῶς
2989 3127 3152 3198 ἀρκεῖ
3196 3123 3258 3178 τὸ
3303 3124 3507 3194 βιϐλίον
3535 3122 3697 3176 τοῦτο
3723 3120 3861 3173 κατὰ

582 3219 872 3274 Δειίιιιοιιὶἰες
908 3234 974 3272 ac
1014 3218 1158 3289 98b
1210 3217 1765 3271 demonstrationibus
1804 3216 1982 3269 valide
2028 3228 2171 3267 com-

2282 3217 2462 3287 πάσης
2490 3216 2774 3286 Ἀρειανῆς
2804 3217 3185 3288 παρατάξεως.
3213 3218 3324 3270 Καὶ
3354 3214 3507 3279 εἴτις
3538 3214 3631 3267 τὸν
3661 3212 3859 3265 Θεο>.ό‹

598 3312 841 3365 munitur
868 3332 881 3366 :
914 3320 969 3365 et
1000 3323 1059 3364 ut
1090 3326 1197 3365 uno
1224 3309 1391 3365 verbo
1420 3309 1720 3371 absolvam,
1747 3309 1897 3363 solus
1926 3307 2013 3360 hic
2040 3306 2171 3359 libet

2279 3324 2375 3376 γον
2406 3309 2707 3380 Γρηγόριον
2761 3310 2856 3363 καὶ
2897 3309 2988 3362 τὸν
3029 3310 3173 3363 Θεῖον
3217 3308 3498 3361 Βασίλειον
3545 3309 3610 3360 ἐκ
3657 3304 3861 3375 ταύτης

597 3404 668 3457 ad
726 3404 1093 3456 Arianismnm
1146 3403 1458 3455 universum
1513 3399 1869 3455 refellendum
1932 3396 2171 3452 subicere

2280 3400 2468 3472 ὥσπερ
2494 3403 2601 3455 ἀπὸ
2645 3401 2693 3433 ’⁸
2724 3402 2907 3472 πηγῆς
2938 3402 3320 3472 ἀρυσαμένους
3366 3399 3499 3470 φαίη
3544 3399 3646 3469 τῆς
3682 3397 3861 3468 βίϐλου

597 3504 784 3563 queat.
822 3494 934 3549 lino
967 3496 1057 3562 qui
1092 3494 1409 3563 Gregorium
1434 3492 1786 3560 Theologntn,
1826 3498 2171 3558 sanctumque

2280 3493 2408 3556 τοὺς
2435 3493 2634 3556 καλοὺς
2663 3494 2905 3556 ἐκείνους
2944 3493 3069 3565 [517
3108 3494 3202 3566 ιι.]
3229 3494 3322 3547 καί⁵
3366 3493 3580 3557 διειδεῖς
3630 3494 3742 3546 τῶν
3785 3495 3861 3545 oi-

599 3583 862 3639 Basilium
912 3586 1113 3639 dixerit
1158 3600 1221 3640 ex
1280 3586 1382 3640 hoc
1445 3596 1703 3652 tanquam
1754 3580 1903 3635 fonte
1958 3582 2171 3636 haustos

2280 3586 2444 3638 κείων
2470 3586 2641 3653 λόγων
2665 3585 2808 3639 κατὰ
2831 3587 2931 3658 τῆς
2962 3587 3173 3657 πλάνης
3201 3586 3393 3658 ῥεῦσαι
3418 3588 3728 3661 ποταμούς,
3765 3586 3862 3639 οὐκ

599 3675 850 3743 egregios
892 3674 1010 3728 illos
1052 3684 1106 3728 et
1145 3675 1398 3744 limpidos
1438 3674 1701 3727 librorum
1759 3686 1985 3726 suorum
2032 3674 2171 3726 rivos

2281 3676 2372 3741 ἂν,
2401 3672 2579 3748 οἶμαι,
2612 3678 2845 3749 σφαλείη
2879 3677 2973 3731 τοῦ
3003 3679 3472 3750 παραδείγματος.

601 3773 794 3818 contra
839 3767 1087 3818 eumdem
1113 3780 1359 3820 errorem
1409 3762 1740 3835 profudisse,
1772 3776 1906 3818 sane
1947 3777 1977 3815 a
2017 3776 2183 3833 scopo

604 3856 825 3911 Inininte
851 3855 1137 3909 abcrrarit.

1303 3949 1486 4006 CXLI.

890 4035 1125 4090 Basilius
1158 4035 1386 4107 Magnus
1424 4040 1479 4091 in
1512 4036 1900 4092 Hexaemeron.

675 4126 929 4197 Legimus
979 4128 1039 4186 Β.
1073 4129 1328 4184 Basilinm
1376 4133 1433 4184 in
1482 4149 1611 4194 opus
1660 4148 1754 4186 sca;
1797 4133 1999 4186 dierum
2046 4129 2182 4202 (33),

602 4218 726 4292 [seu
757 4222 821 4274 de
853 4223 1034 4275 ntuudi
1085 4222 1340 4294 fabrica].
1398 4223 1889 4278 Prwstantissitnns
1931 4233 2013 4277 est
2042 4224 2094 4277 in
2124 4223 2186 4276 li-

605 4313 719 4366 bris
768 4315 1040 4369 omnibus.
1095 4314 1234 4368 Pura
1300 4316 1445 4368 enim
1506 4315 1764 4379 (lictiOne,
1820 4315 2181 4385 signiﬁcante,

605 4405 846 4472 propria,
867 4415 920 4459 et
938 4407 1161 4459 omnino
1183 4407 1325 4459 civili
1350 4422 1410 4460 ac
1435 4408 1783 4477 panegyrica,
1810 4407 1852 4461 si
1875 4408 1997 4475 quis
2024 4407 2183 4473 alius,

606 4494 681 4547 uti
714 4496 859 4548 novit
898 4514 912 4551 :
947 4511 1314 4565 sensuumque
1343 4498 1531 4551 ordine
1557 4513 1623 4552 ac
1644 4501 1876 4566 puritate
1891 4500 2185 4567 primus,et

605 4586 810 4639 nemini
848 4588 1119 4641 secundus
1147 4597 1394 4654 apparet.
1421 4586 1542 4641 Jam
1580 4588 1938 4656 persuadendi
1969 4604 2185 4660 quoque

603 4678 739 4741 vim,
772 4693 837 4732 ac
851 4677 1240 4747 juctmditatem
1266 4694 1388 4734 cum
1413 4680 1990 4749 perspicuitatejamat,
2025 4692 2187 4753 atque

582 4779 681 4823 λιιι
716 4769 831 4836 ejus
859 4771 974 4824 ﬂuit
1025 4773 1226 4835 oratio,
1273 4772 1428 4839 quasi
1468 4771 1631 4838 ultro,
1674 4781 1927 4841 tanquam
1972 4788 2004 4829 e
2039 4776 2189 4831 fonte

607 4861 835 4927 rivulus,
892 4863 1207 4915 scaturit-et.
1266 4862 1749 4917 Verisimilitndine
1798 4876 1976 4918 autem
2018 4882 2188 4934 usque

607 4967 673 5005 eo
693 4963 775 5007 est
811 4968 960 5015 usus,
1012 4963 1070 5006 ιιι
1104 4956 1145 5008 si
1183 4955 1309 5024 quis
1351 4954 1471 5023 ejus
1518 4970 1795 5009 sermones
1855 4972 1951 5025 pro
2003 4957 2181 5011 civilis

607 5045 871 5098 orationis
908 5046 1154 5114 exemplo
1200 5047 1300 5099 sibi
1339 5047 1700 5114 proposuerit.
1744 5047 1795 5098 in
1855 5048 2028 5115 iisque
2061 5064 2179 5103 sese

605 5136 914 5190 exercuerit
966 5135 1150 5205 (modo
1189 5150 1255 5189 ne
1280 5149 1513 5205 _eorum,
1544 5150 1662 5203 quae
1713 5135 1818 5190 huc
1872 5137 2177 5203 conferunt,

2980 3946 3079 3999 PM
3085 3948 3162 4000 A’.

2353 4036 2677 4090 Βασιλείου
2709 4035 2819 4089 τοῦ
2842 4036 3113 4107 μεγάλου
3149 4039 3237 4103 είς
3263 4037 3380 4107 τὴν
3411 4038 3797 4108 Ἐξαήμερον.

2368 4128 2707 4200 Ἀνεγνὼσθη
2740 4128 3025 4182 Βασιλείου
3070 4128 3164 4182 τοῦ
3219 4129 3508 4183 θεσπεσίου
3535 4132 3604 4183 τὰ
3634 4135 3726 4197 είς
3754 4130 3864 4198 τὴν

2301 4218 2684 4289 Ἑξαήμερον.
2720 4220 2974 4290 ’Ἄριστος
2996 4220 3094 4290 μὲν
3112 4222 3156 4253 ³⁵
3189 4222 3247 4273 ἐν
3282 4223 3416 4275 πᾶσι
3447 4225 3561 4284 τοῖς
3586 4223 3751 4276 αὑτοῦ
3778 4223 3864 4275 λόο

2285 4327 2404 4378 γοις
2435 4314 2463 4363 ὁ
2504 4312 2677 4381 μέγας
2732 4311 3048 4375 Βασίλειος·
3084 4312 3226 4377 λέξει
3255 4331 3315 4366 τε
3376 4315 3484 4383 γὰρ
3514 4315 3734 4387 καθαρᾷ
3772 4317 3863 4368 καὶ

2287 4403 2514 4475 εύσήμῳ
2541 4404 2637 4457 καὶ
2672 4406 2839 4477 κυρίᾳ
2874 4407 2971 4459 καὶ
3005 4406 3143 4471 ὅλως
3194 4406 3443 4479 πολιτικῇ
3479 4410 3575 4461 καὶ
3614 4426 3862 4478 πανηγυ-

2289 4500 2416 4569 ρικῇ
2442 4497 2633 4563 δεινὸς,
2665 4498 2826 4562 εἴτις
2856 4499 3033 4565 ἄλλος,
3069 4501 3402 4570 χρήσασθαι,
3463 4503 3753 4572 νοημάτων
3805 4518 3864 4555 τε

2285 4588 2436 4653 τάξει
2470 4591 2562 4642 καὶ
2595 4590 2931 4662 καθαρότητι
2962 4593 3206 4663 πρῶτος,
3239 4594 3355 4646 ἀλλ’
3388 4595 3602 4658 οὐδενὸς
3617 4596 3865 4664 δεύτερος

2284 4679 2551 4751 ᾅδεται²⁶’
2573 4682 2934 4753 πιθανότητος
2959 4684 3016 4737 δὲ
3043 4686 3137 4738 καὶ
3166 4685 3499 4756 γλυκύτητος
3528 4688 3621 4740 καί
3642 4704 3708 4753 γε
3728 4688 3866 4756 λαμ-

2286 4772 2558 4842 πρότητος
2584 4773 2841 4845 ἐραστὴς,
2872 4776 2967 4829 καὶ
3004 4777 3145 4848 ῥέων
3172 4776 3249 4847 τῷ
3274 4777 3439 4847 λόγῳ,
3467 4780 3563 4833 καὶ
3594 4779 3785 4851 ὥσπερ
3810 4781 3865 4846 ἐξ

2286 4863 2635 4933 αὐτοσχεδίου
2670 4866 2935 4933 πηγάζων
2988 4868 3049 4920 τὸ
3077 4871 3309 4939 ῥεῖθρον.
3360 4872 3471 4924 Καὶ
3521 4872 3599 4943 τῷ
3656 4873 3868 4942 πιθανῷ

2285 4956 2343 5008 δὲ
2388 4957 2431 4988 ’⁷
2467 4958 2559 5009 ἐπὶ
2587 4959 2840 5013 τοσοῦτον
2880 4954 3015 5029 ἦκεν
3063 4963 3538 5032 ἁποκεχρημένος,
3585 4967 3660 5024 ὡς
3704 4966 3756 5017 εί
3785 4982 3869 5027 τις

2292 5048 2574 5102 πολιτικοῦ
2630 5052 2790 5119 λόγου
2854 5053 2981 5117 τοὺς
3047 5055 3212 5108 αὐτοῦ
3270 5056 3462 5124 λόγους
3515 5058 3869 5128 παράδειγμα

2290 5143 2467 5213 ἑαυτῷ
2498 5144 2641 5214 θείη,
2696 5144 2888 5198 ἔπειτα
2939 5147 3163 5213 τούτους
3195 5148 3534 5222 ὲκμελετῴη,
3576 5151 3709 5222 μηδὲ
3760 5153 3871 5205 τῶν

1871 5254 2107 5309 νΑῐίΙίΕ
2152 5257 2556 5317 [.EC'I‘IONES.

683 5350 726 5380 ³⁸
753 5347 984 5400 ἀκοῦσαι
1027 5349 1092 5401 Α.
1191 5349 1235 5380 ¹⁷
1265 5349 1446 5417 σαφής
1477 5348 1563 5418 Ᾱε
1613 5348 1709 5401 καὶ
1742 5350 1919 5418 σαφής
1954 5367 2015 5412 ς.

2119 5349 2161 5381 ¹⁸
2197 5350 2253 5428 ει
2274 5380 2347 5428 -ς-
2375 5353 2766 5428 ἐξεργάζονται
2792 5355 2880 5428 Ar
2913 5352 3000 5419 αἶς
3030 5383 3096 5395 -
3133 5357 3489 5428 ἐξεργάζεται
3533 5377 3594 5423 ς.

3692 5358 3734 5389 ¹⁹
3765 5358 3872 5427 ἄρα

608 5420 1059 5505 coeperat-9M“
1099 5418 1197 5487 μέν
1222 5414 1453 5504 Α’ξέμὲν
1475 5414 1686 5505 οῦνις.Δ
1733 5421 1772 5505 ξ’
1807 5414 2012 5505 Sit-add.
2049 5419 2113 5472 A.

2279 5420 2400 5474 οὕτε
2414 5414 2489 5505 Ξςξ
2517 5414 2529 5421 ’
2569 5414 2614 5456 ’³
2642 5425 2752 5478 τῶν
2782 5414 3004 5505 δαίμ-λζ
3082 5429 3128 5461 ﬂ
3154 5414 3412 5505 ᾇπὸίιιίιι.
3438 5431 3506 5485 A.
3542 5414 3561 5423 υ
3584 5430 3633 5462 ⁸⁸
3666 5428 3763 5500 μέν
3785 5414 3830 5483 Ᾱ
3855 5449 3866 5481 :

606 5494 663 5546 δέ
697 5508 758 5554 ς.

856 5491 901 5519 ²⁶
940 5488 1126 5561 ᾅδεται
1157 5506 1222 5543 an
1252 5490 1449 5543 εἴδεται
1500 5491 1694 5544 habeat
1730 5492 1771 5542 A
1803 5506 1908 5542 non
1938 5490 2103 5559 liquet
2131 5506 2145 5543 :

2279 5509 2383 5545 ίται
2410 5492 2450 5548 C
2480 5512 2494 5548 :
2528 5511 2638 5550 om.
2688 5513 2747 5559 ς.

2838 5496 2881 5528 ’ν
2910 5498 2968 5550 δὲ
3000 5513 3109 5552 om.
3138 5498 3205 5552 A.

2104 5583 2336 5641 ΝΟΤίΕ.

680 5678 792 5750 (52)
821 5677 1000 5733 Lectae
1028 5688 1149 5733 sunt
1182 5695 1304 5746 sup.
1340 5680 1513 5750 codie.
1537 5679 1624 5732 32.

680 5749 793 5820 (55)
833 5751 1100 5804 Plutarchi
1136 5750 1406 5814 libellum,
1462 5749 1536 5802 De
1570 5750 1918 5801 anitnantium
1962 5758 2178 5814 natura,

614 5819 859 5891 magnam
881 5831 1087 5891 partem
1110 5821 1384 5875 :emulum.
1414 5820 1565 5875 Sicut
1591 5819 1831 5875 vicissim
1861 5820 1921 5872 Β.
1950 5821 2180 5875 Ambro-

2286 5683 2418 5808 sitis,
2448 5682 2525 5808 Df
2552 5700 2706 5755 opere
2739 5698 2829 5739 sex
2852 5685 3079 5753 dierum,
3123 5696 3414 5743 tractatum
3448 5690 3515 5745 ab
3549 5689 3651 5745 hoc
3679 5689 3872 5746 Basilio

2288 5769 2347 5808 es
2405 5771 2496 5808 mu
2528 5769 2703 5808 uatus.

2288 5769 2373 5813 85}
2405 5769 2703 5809 mutuatus.
