4090 6454
284 454 377 519 421

1138 506 1139 513 η
1208 458 1736 519 BIBLIOTHECA.
1774 483 1846 494 -
1878 455 2094 517 CODD.
2128 456 2449 516 CXXXIX-
2469 457 2715 518 CXLVI.

3454 458 3560 520 49‘)

280 576 356 634 εἰς
405 570 572 623 τοῦτο
627 570 1035 625 συντελούντων
1085 571 1336 641 δηλονότι
1391 573 1575 643 νόμων
1645 574 1910 643 ἄπειροςη

1981 572 2408 642 praeceptionum
2466 573 2619 627 rudis
2665 574 2780 642 sit),
2814 571 3020 626 nullum
3062 572 3224 628 alium
3274 586 3560 643 prmterea,

279 662 564 731 ὑπάρχων,
593 662 809 726 οὐδενὸς
838 663 885 695 ³³
939 663 1101 717 αὐτὸν
1143 665 1334 737 ἐτέρου
1378 665 1670 736 δεήσεσθαι
1695 661 1872 736 οἶμαι,

279 753 401 806 οὔτε
432 755 723 818 Πλάτωνος
753 753 877 808 οὔτε
908 756 1306 827 Δημοσθένους,
1339 751 1421 821 οἷς
1449 758 1500 810 οἱ
1532 757 1752 811 παλαιοὶ
1791 760 1879 811 ὲν-

273 844 579 915 διατρίὸειν
620 848 1044 917 προτρέπονται,
1101 850 1181 911 εἰς
1214 848 1275 901 τὸ
1332 847 1609 903 πολιτικόν
1659 865 1721 904 τε
1777 849 1874 903 καὶ

275 938 659 1009 πανηγυρικὸν
689 941 899 1012 ῥήτορα
922 940 1201 1009 γενέσθαι.

995 1034 1179 1089 PMB’.

673 1125 785 1180 Τοῦ
810 1125 1000 1181 αὐτοῦ
1053 1128 1275 1182 Ἠθικοὶ
1299 1127 1493 1198 λόγοι.

343 1219 481 1291 [169
507 1218 604 1289 H.|
660 1219 1113 1291 Ἀνεγνώσθησαν
1158 1221 1325 1274 αὑτοῦ
1364 1221 1456 1273 καὶ
1487 1220 1537 1274 οἱ
1585 1219 1871 1291 λεγόμενοι

287 1313 519 1369 Ἠθικοὶ
550 1312 743 1381 λόγοι,
783 1313 843 1366 ἐν
878 1309 959 1377 οἷς
992 1315 1196 1367 ἆπασιν
1230 1316 1263 1384 ἡ
1288 1312 1665 1384 προειρημένη
1700 1312 1872 1384 ἀρετὴ

279 1406 383 1460 τῶν
417 1404 601 1474 λόγων
632 1403 868 1475 μάλιστα
894 1404 1259 1474 διαφαίνεται.

1000 1500 1178 1553 ΡΜΓ¹.

713 1592 825 1649 Τοῦ
852 1591 1041 1647 αὑτοῦ
1084 1590 1459 1643 Ἐπιστολαί.

354 1685 770 1758 ’Δνεγνὼθησαν
790 1686 847 1738 δὲ
868 1684 1035 1738 αὑτοῦ
1052 1685 1146 1738 καὶ
1161 1680 1534 1745 Ἐπιστολαί,
1557 1680 1689 1735 αἵτε
1714 1696 1875 1732 κανο-

274 1783 430 1834 νικαὶ
450 1782 551 1834 καὶ
581 1782 643 1832 τὸ
672 1779 801 1834 ἄλλο
834 1778 1056 1849 πλῆθος,
1102 1776 1168 1838 ἃς
1198 1777 1481 1846 διαφόροις
1513 1772 1832 1827 ἐπέστειλεν
1852 1787 1867 1803 ο

275 1873 339 1939 ἐξ
367 1865 446 1927 ὧν
474 1871 533 1925 τό
561 1888 622 1925 τε
655 1867 789 1943 ἦθός
817 1871 933 1923 ἐστι
960 1868 1057 1923 τοῦ
1087 1869 1298 1939 ἀνδρὸς,
1324 1868 1509 1919 ὁποῖον
1538 1861 1606 1937 ἦν
1642 1863 1869 1931 ἀξιάγα-

1983 676 2244 734 quantum
2278 665 2496 734 quidem
2529 667 2806 728 existimo,
2853 667 3263 722 desideraturus
3311 686 3432 724 esse
3476 671 3561 725 vi-

1983 754 2213 818 deatur;
2259 770 2365 808 non
2407 755 2581 823 ipsum
2612 770 2828 824 quoque
2863 756 3166 822 Platonem,
3200 759 3312 811 sive
3367 758 3564 814 Demo-

1978 847 2392 914 stbenem,quns
2407 856 2585 899 tamen
2601 849 2892 902 versandos
2906 849 3111 919 antiqui
3131 850 3449 919 praecipiunt
3471 851 3558 919 iis,

1975 938 2067 1007 qui
2088 939 2140 993 in
2158 949 2403 995 oratores
2417 940 2606 996 civiles
2622 955 2683 993 ac
2701 941 3060 1011 panegyricos
3075 942 3304 996 evadere
3319 946 3558 1011 cupiant.

2665 1030 2869 1086 CXLII.

2375 1124 2629 1194 Ejusdem
2666 1124 2948 1179 Orationes
2978 1126 3188 1180 ethicw.

2042 1212 2299 1285 Legimus
2328 1215 2570 1286 ejusdem
2605 1228 2659 1271 et
2691 1218 2918 1271 murales
2942 1220 3209 1271 orationes
3237 1235 3255 1271 :
3283 1218 3335 1272 in
3361 1219 3562 1289 quibus

1972 1309 2228 1363 omnibus
2274 1309 2588 1379 supradicta
2638 1310 2853 1364 dicendi
2922 1312 3094 1365 virtus
3162 1313 3396 1367 maxime
3441 1312 3559 1367 elu-

1974 1400 2167 1454 cescit.

2659 1492 2886 1549 CXLI“.

2495 1583 2752 1653 Ejusdem
2785 1583 3061 1650 Epistolas}.

2045 1674 2325 1745 Leguntur
2354 1674 2603 1745 ejusdem
2655 1676 2916 1744 Epistolw
2965 1691 3088 1729 cum
3118 1675 3414 1743 canonicae,
3446 1684 3560 1732 tum

1976 1767 2217 1835 reliquae,
2256 1782 2387 1821 sane
2440 1767 2659 1828 multae,
2696 1768 2762 1819 ad
2797 1768 2979 1821 varios
3024 1768 3219 1822 missae.
3260 1767 3337 1821 Ex
3387 1768 3477 1823 bis
3507 1779 3564 1824 et

1975 1860 2078 1913 viri
2131 1874 2334 1926 mores,
2375 1875 2538 1929 quam
2576 1860 2882 1913 admirandi
2934 1858 3157 1924 fuerint,
3199 1859 3362 1914 facile
3392 1876 3562 1930 appu-

278 1982 426 2028 στον,
454 1939 889 2035 χαρακτηρίσαι,
950 1962 1046 2015 καὶ
1089 1962 1291 2014 κανόνα
1320 1958 1507 2012 λαϐεῖν
1535 1957 1602 2011 ἂν
1627 1956 1803 2020 ἄλλως
1825 1954 1870 1988 ³³
1907 1939 1910 1986 ἶ

1982 1964 2082 2018 ret,
2114 1963 2169 2007 et
2214 1968 2399 2007 norma
2454 1967 2575 2008 esse
2616 1962 2819 2022 queant
2847 1952 2913 2023 (si
2969 1951 3075 2006 alia
3111 1951 3257 2006 nulla
3285 1953 3561 2026 suppetat)

274 2074 364 2120 τις
394 2056 475 2127 μὴ
501 2054 625 2127 ἔχῃ,
654 2053 1065 2124 ὲπιστολιμαίου
1100 2051 1447 2123 χαρακτῆρος
1476 2050 1546 2106 ³ο.

986 2147 1085 2199 PM
1090 2150 1161 2200 A'.

598 2256 603 2261 '
714 2237 825 2292 Τοῦ
856 2237 1042 2290 αὐτοῦ
1084 2235 1433 2303 Ἀσκητικά.

352 2329 704 2399 ’Δνεγνώσθη
730 2330 822 2382 καὶ
844 2328 913 2381 τὰ
940 2329 1288 2395 Ἀσκητικὰ,
1313 2330 1481 2399 ἤγουν
1498 2328 1544 2360 ³¹
1567 2328 1877 2402 ἁσκητικῆς

280 2425 567 2486 πολιτείας
593 2421 888 2491 ὑποθῆκαι,
919 2420 1043 2473 καθ’
1092 2420 1155 2483 ἂς
1178 2438 1263 2483 τις
1288 2420 1437 2491 βιοὺς
1477 2422 1577 2494 τὴν
1625 2423 1876 2495 οὐράνιον

279 2519 498 2587 οἰκήσει
526 2515 829 2588 βασιλείαν.
849 2515 944 2567 Ἓν
970 2514 1153 2583 μέντοι
1184 2514 1229 2545 ³²
1255 2515 1711 2587 παρηλλαγμένον
1729 2516 1876 2570 ἔστιν

285 2609 437 2673 ἰδεῖν,
470 2610 531 2661 τὸ
562 2604 869 2678 κεχρῆσθαι
900 2606 1066 2660 αὐτὸν
1093 2607 1402 2678 ἐμφάσεσιν
1449 2610 1507 2661 ὲν
1540 2608 1757 2672 πολλοῖς
1786 2627 1877 2663 κε-

282 2699 563 2771 φαλαίοις.

998 2792 1183 2846 PME'.

765 2881 1083 2937 Ἐλλαδίου
1127 2880 1405 2946 Λεξικόν.

370 2973 717 3047 ’Δνεγνώσθη
734 2974 989 3039 Λεξικόιν
1018 2974 1161 3029 κατὰ
1194 2975 1457 3044 στοιχεῖον
1474 2972 1770 3040 Ἐλλαδίου,
1801 2966 1877 3028 ὧν

285 3067 454 3137 ἴσμεν
483 3066 716 3130 λεξικῶν
768 3065 1262 3136 πολυστιχὼτατον.
1306 3066 1381 3119 Οὐ
1410 3064 1608 3129 λέξεων
1631 3065 1688 3118 δὲ
1716 3066 1877 3136 μόνον

280 3160 320 3228 ή
358 3157 682 3226 συναγωγὴ,
714 3156 828 3210 ἀλλ’
857 3158 1028 3209 ἐνίοτε
1076 3157 1172 3210 καὶ
1195 3157 1558 3227 κομματικῶν
1587 3175 1749 3210 τινων
1777 3175 1878 3228 χαο

1978 2046 2499 2101 conscribendarum
2535 2046 2914 2116 epistularum.

2651 2138 2881 2196 CXLIV.

2495 2228 2749 2299 Ejusdem
2782 2232 3043 2289 Ascelica.

2050 2321 2302 2389 Legimus
2331 2331 2385 2374 et
2412 2320 2648 2376 Ascetica
2679 2324 2814 2395 (54),
2867 2326 2970 2380 hoc
2993 2338 3075 2382 est
3100 2331 3411 2387 monasticae
3440 2331 3564 2387 vitae

1979 2414 2367 2484 praeceptioncs
2419 2432 2435 2469 :
2491 2430 2555 2470 ex
2603 2431 2834 2485 quarum
2877 2419 3097 2488 quidem
3134 2433 3401 2491 praecepto
3468 2426 3563 2493 qui

1980 2508 2195 2569 vixerit,
2228 2507 2437 2561 caelesti
2466 2518 2615 2562 certe
2641 2526 2806 2578 regno
2834 2512 3125 2581 aliquando
3166 2517 3426 2582 potiatur.
3465 2519 3564 2576 llic

1956 2590 2145 2648 Annum
2183 2596 2313 2649 illud
2350 2597 2628 2651 insolitum
2666 2601 2870 2662 videas,
2908 2605 3051 2671 quod
3084 2605 3136 2659 itt
3169 2606 3442 2675 plerisque
3470 2625 3564 2665 ca-

1978 2689 2183 2760 pitibus
2226 2690 2647 2746 indicatiouibus
2681 2692 2797 2763 (55)
2834 2695 2904 2747 sit
2937 2711 3087 2754 usus.

2668 2784 2875 2839 CXLV.

2515 2876 2751 2931 Helladii
2771 2877 3023 2934 Lexicon.

2050 2966 2181 3040 Legi
2214 2968 2446 3024 Lexicon
2475 2970 2610 3041 (35‘)
2642 2970 2869 3025 Helladii
2922 2972 3193 3041 alphabeti
3242 2975 3384 3028 serie
3429 2990 3562 3030 con-

1980 3063 2270 3132 scriptum,
2327 3064 2623 3117 maximqu
2655 3079 2840 3119 eorum
2886 3080 3004 3133 qua:
3046 3067 3291 3120 novimus
3335 3066 3562 3122 [οεχίρο-

1980 3171 2122 3219 rum,
2156 3171 2263 3209 non
2298 3157 2590 3209 verborum
2623 3156 2884 3210 duntaxat
2914 3158 3064 3211 in.eo
3086 3157 3229 3228 99a
3274 3158 3420 3213 facta
3451 3160 3564 3213 col-

286 3250 595 3323 ριεστάτων
646 3248 820 3317 λόγων
850 3251 946 3301 κα)⁸
994 3250 1073 3312 είς
1104 3247 1280 3302 κώλου
1314 3249 1576 3313 πολλάκις
1628 3249 1910 3320 σύνθεσιν,

1990 3248 2245 3313 lectione,
2275 3249 2371 3303 sed
2408 3249 2680 3303 interdum
2712 3249 2875 3303 etiam
2916 3251 3211 3304 incisorum
3250 3267 3412 3321 quam
3447 3253 3563 3308 ele-

286 3341 769 3412 ἀπαρτιζομένων.
800 3340 973 3403 Πεςοῦ
1023 3340 1082 3394 δὲ
1136 3339 1299 3407 λόγου
1342 3340 1461 3392 ἐστ)⁵
1511 3340 1571 3393 τὸ
1625 3340 1876 3395 πλεῖστον

286 3436 401 3489 τῶν
421 3435 646 3501 λέξεων,
669 3431 786 3486 ἀλλ’
808 3431 933 3501 οὐχὶ⁸
964 3430 1271 3502 ποιητικοῦ,
1308 3430 1498 3501 ὥσπερ
1526 3433 1558 3501 ἠ
1594 3434 1875 3500 Διογενια-

288 3529 368 3599 νῷ
391 3526 761 3596 ὲκπονηθείσα
788 3524 1023 3594 συλλογὴ
1043 3541 1057 3556 ο
1088 3525 1209 3577 οὐδὲ
1233 3524 1376 3578 κατὰ
1405 3525 1587 3587 πάσας
1614 3525 1713 3588 τὰς
1747 3526 1876 3579 συλ-

287 3618 583 3689 λαῦὰςτὴν
610 3616 705 3670 τοῦ
732 3615 1002 3686 στοιχείου
1050 3614 1205 3680 τάξιν
1250 3616 1531 3684 φυλάττει,
1557 3616 1693 3669 ἀλλὰ
1739 3618 1881 3670 κατὰ

291 3712 466 3782 μόνην
480 3711 583 3780 τὴν
606 3710 901 3782 ἄρχουσαν.
926 3708 1259 3778 Πολύστιχος
1284 3708 1341 3761 δὲ
1359 3708 1533 3771 οὕτως
1560 3710 1592 3778 ὴ
1621 3707 1878 3778 συλλογὴ,

289 3804 436 3858 ὥστε
463 3802 587 3874 μηδ’
625 3804 704 3866 εἰς
733 3803 895 3855 πέντε
924 3800 1218 3871 σύμμετρα
1259 3800 1425 3871 τεύχη
1453 3801 1550 3871 τὴν
1578 3801 1706 3869 ὃλην
1740 3818 1882 3871 πρα-

291 3897 568 3967 γματείαν
608 3893 1040 3964 ἀπαρτίζεσθαιο
1083 3895 1247 3963 ἡμεῖς
1296 3892 1341 3945 δ’
1372 3896 1430 3945 ὲν
1465 3892 1607 3945 ἑπτὰ
1634 3892 1880 3961 τεύχεσιν

294 3990 435 4059 αὐτῇ
466 3986 814 4057 ἐνετύχομεν.
848 3984 975 4057 [520
1009 3983 1106 4055 IL]
1141 3985 1427 4053 Χρήσιμον
1478 3982 1535 4036 δὲ
1586 3984 1647 4035 τὸ
1677 3983 1880 4052 βιϐλίον

290 4084 405 4144 τοῖς
423 4098 487 4133 τε
520 4080 566 4111 ³³
607 4078 989 4149 συγγράφουσι
1035 4077 1273 4137 καὶτοῖς
1326 4074 1501 4138 ἄλλως
1535 4074 1879 4144 πολυμαῢίαν

289 4172 529 4243 τιμῶσιν
553 4187 569 4203 ·
601 4172 715 4241 ἔχει
745 4170 856 4243 γὰρ
898 4171 996 4224 καὶ
1053 4168 1358 4239 μαρτυρίας
1406 4168 1653 4239 ρητόρων
1684 4185 1746 4221 τε
1786 4168 1881 4221 καί⁹

292 4264 406 4319 τῶν
435 4266 516 4327 είς
550 4261 843 4333 ποιητικὴν
872 4262 1013 4331 μέγα
1038 4261 1188 4324 κλέος
1212 4262 1466 4331 ἐχόντων.

1005 4529 1202 4598 PMG”.

633 4624 888 4690 Λεξικόν
913 4623 1025 4691 τῆς
1057 4621 1323 4692 καθαρᾶς
1356 4622 1540 4689 ἰδέας.

378 4714 724 4785 ’Δνεγνώσθη
778 4714 1031 4779 Aemo,»
1089 4715 1233 4767 κατὰ
1289 4716 1552 4783 στοιχεῖον
1617 4712 1881 4781 καθαρᾶς

293 4803 483 4869 ἰδέας.
524 4804 685 4871 Μέγα
728 4802 826 4856 καὶ
861 4801 1183 4872 πολύστιχον
1213 4803 1274 4856 τὸ
1319 4802 1544 4872 βιϐλίον,
1577 4802 1777 4873 μᾶλλον
1822 4802 1881 4854 δὲ

291 4894 623 4958 ⁸ιιολύὸιὸλος
661 4896 695 4965 ἡ
740 4894 1113 4966 πραγματεία.
1163 4894 1275 4947 Καὶ
1306 4896 1598 4966 χρήσιμον,
1640 4896 1799 4965 εἰπερ
1827 4912 1881 4947 τι

294 4987 449 5062 ἄλλο,
508 4990 626 5051 τοῖς
667 4986 761 5039 τὸν
818 4986 1145 5058 χαρακτῆρα
1205 4987 1745 5059 μεταχειριζομένοις
1784 4987 1881 5056 τῆς

292 5077 555 5148 τοιαύτης
589 5078 757 5143 ἰδέας.

1982 3342 2462 3408 gantissimorum,
2520 3355 2641 3409 quae
2703 3350 2759 3393 et
2812 3340 3051 3410 perlecta
3108 3342 3225 3395 cola
3280 3359 3387 3397 non
3437 3360 3564 3398 raro

1984 3433 2286 3501 adaequent.
2333 3431 2507 3487 Voces
2549 3440 2726 3486 autem
2777 3433 2904 3502 ipsa:
2954 3433 3243 3487 maximam
3290 3446 3494 3504 partem
3531 3453 3565 3491 e

1985 3525 2163 3578 soluta
2211 3535 2337 3578 sunt
2369 3527 2637 3589 oratione,
2677 3540 2784 3579 non
2836 3525 3047 3578 evincta
3085 3528 3345 3589 numeris,
3378 3528 3566 3596 quales

1984 3617 2147 3671 habet
2178 3616 2494 3685 Diogeniani
2526 3618 2645 3685 ('56)
2683 3617 2950 3673 collectio.
2996 3617 3107 3672 Nec
3136 3618 3262 3672 item
3297 3620 3382 3673 hic
3413 3622 3564 3675 ordi-

1982 3725 2104 3762 nem
2131 3709 2404 3773 alpltabeti
2435 3724 2530 3779 per
2561 3710 2801 3779 singulas
2827 3711 3067 3763 servavit
3090 3709 3352 3780 syllabas,
3384 3713 3481 3766 sed
3512 3713 3564 3768 iu

1983 3798 2100 3866 ipso
2156 3799 2415 3851 duntaxat
2473 3799 2719 3853 vocabuli
2769 3798 3056 3868 principio.
3125 3799 3181 3854 In
3237 3801 3563 3856 immensum

1984 3889 2141 3959 plane
2190 3895 2361 3944 creﬂt
2415 3892 2529 3945 lucc
2562 3893 2862 3959 congeries,
2902 3900 2961 3945 ut
3002 3907 3101 3947 nec
3135 3893 3376 3962 quinque
3401 3894 3568 3964 justis

1984 3981 2352 4036 voluminibus
2404 3997 2541 4049 opus
2580 3982 2850 4049 integrum
2911 3983 3180 4038 contineri
3224 3995 3389 4054 queat
3418 4003 3433 4052 ;
3466 4001 3567 4040 nos

1984 4072 2114 4127 illud
2150 4074 2203 4125 in
2246 4084 2451 4141 septem
2482 4074 2713 4127 divisum
2757 4085 2940 4143 partes
2972 4075 3113 4128 nacti
3154 4090 3362 4130 sumus.
3414 4077 3566 4132 Scri-

1942 4204 1945 4207 ς
1982 4166 2237 4219 bentibus
2263 4179 2395 4219 sane
2435 4165 2684 4234 perulilis
2710 4165 2871 4229 liber,
2911 4164 3113 4235 quique
3145 4166 3350 4221 variam
3385 4183 3565 4221 rerum

1982 4255 2351 4323 cognitionem
2414 4264 2819 4309 consectantur.
2860 4255 2992 4308 Nam
3018 4265 3073 4309 et
3102 4265 3380 4309 oratorum
3413 4258 3568 4310 adbi-
3650 4255 3658 4259 ’

1982 4348 2075 4402 bet
2105 4346 2438 4410 testimonia,
2481 4358 2532 4402 et
2581 4362 2768 4401 eorum
2819 4358 3115 4414 praeterea,
3148 4348 3239 4419 qui
3274 4351 3327 4402 in
3354 4349 3566 4417 poetica

1983 4453 2236 4508 magnam
2267 4447 2397 4493 sunt
2424 4437 2638 4493 Iaudem
2671 4439 2975 4494 consecuti.

2656 4527 2890 4582 CXLVI.

1908 4622 1958 4681 D
2460 4617 2692 4674 Lemicon
2739 4638 2889 4690 pura:
2925 4620 3079 4677 idem.

2054 4710 2284 4765 Lexicon
2312 4711 2419 4778 legi
2458 4710 2592 4765 ideae
2616 4727 2763 4780 parte
2782 4711 3086 4765 litterarum
3103 4711 3316 4767 ordine.
3341 4711 3569 4780 Magnus

1984 4814 2037 4858 et
2069 4804 2157 4857 hic
2189 4804 2348 4868 liber,
2381 4813 2441 4856 ut
2464 4803 2619 4857 tuulti
2648 4803 2848 4873 potius,
2876 4819 3037 4871 quam
3067 4819 3207 4858 unus
3233 4820 3356 4860 esse
3385 4806 3567 4859 videa-

1988 4906 2098 4950 tur.
2144 4894 2301 4950 Utilis
2356 4902 2560 4963 autem,
2591 4895 2637 4949 si
2671 4897 2795 4964 quis
2840 4894 3013 4961 alius,
3050 4895 3117 4950 iis
3160 4904 3268 4965 est,
3301 4896 3393 4966 qui
3426 4898 3569 4952 hanc

1985 4988 2162 5043 idenm
2192 4996 2448 5042 tractant.

1558 5195 1792 5250 VARl/E
1827 5193 2237 5250 LECTIONES.

331 5295 380 5327 ⁸⁸
411 5293 629 5354 οὐδενος
651 5292 694 5345 Α
727 5308 741 5346 :
785 5292 881 5345 καὶ
911 5291 1126 5353 οὐδενός
1158 5309 1219 5355 ς.

1300 5292 1348 5324 ’³
1386 5290 1584 5363 ἄλλως]
1619 5293 1775 5347 ἄλλον
1805 5290 2179 5363 Casaubonus.
2256 5290 2303 5363 3°
2342 5289 2783 5361 ὲπιστολιμαίους
2804 5288 3158 5361 χαρακτῆρας
3188 5306 3249 5352 ς.

3323 5287 3368 5320 ³¹
3401 5287 3571 5359 ἤγουν

255 5430 259 5439 ί
295 5382 408 5422 om.
436 5368 503 5419 A.
581 5364 631 5396 “
660 5363 718 5417 ἓν
750 5361 958 5434 μέντοι]
991 5365 1048 5414 ἐν
1078 5362 1176 5431 μὲν
1204 5363 1316 5425 τοῖς
1344 5363 1412 5416 Α.
1489 5364 1536 5395 ³⁸
1561 5361 1622 5416 τε
1649 5374 1704 5418 et
1734 5364 1872 5417 iul'ra
1901 5364 2051 5415 ἐστιν
2079 5361 2206 5415 add.
2238 5362 2304 5419 A.

1846 5480 2080 5537 ΝΟΤᾹΞ.
3103 5531 3108 5535 .
3518 5524 3527 5534 .

366 5572 482 5646 (δέ)
507 5571 696 5646 Qnaza
737 5572 919 5646 multis
952 5572 1238 5646 Eustathio
1265 5574 1598 5629 Sebastiensi
1627 5577 1881 5645 episcopo
1980 5587 2215 5646 quatuor
2272 5587 2525 5643 excerpta
2593 5573 2760 5628 habes
2814 5571 2941 5628 infr.
3003 5570 3123 5646 rod.
3189 5569 3343 5646 279,
3410 5585 3571 5646 quem

298 5643 461 5697 tribui
516 5641 685 5695 refert
737 5641 964 5713 Nicepb.
1021 5644 1116 5697 lib.
1157 5660 1233 5708 ix,
1291 5660 1412 5713 cap.
1443 5646 1545 5713 10,
1587 5641 1881 5702 ειίιιιεὶιε

296 5715 392 5769 lib.
429 5728 552 5773 xui.
583 5728 703 5781 cap.
733 5712 826 5768 29.

370 5783 839 5857 (55)Ἐμφάσεσι,
871 5800 989 5853 qum
1018 5800 1232 5857 summa
1266 5788 1512 5856 quaedam
1550 5789 1726 5857 capita
1754 5799 1881 5843 sunt

298 5856 661 5922 qu:r'sti0tiuttt
697 5856 913 5908 brevius
940 5868 1027 5908 aut
1059 5856 1233 5909 fusius
1274 5858 1699 5913 tractantlarunt.

373 5923 509 5993 (35')
542 5924 796 5992 Ejusuem
845 5924 1069 5981 llelladii
1103 5927 1573 5998 Χρηστομαοειῶν
1618 5930 1878 5985 librorum

1981 5638 2301 5714 scriptorem
2331 5638 2561 5700 fors-itan
2614 5647 2906 5714 indicatum
2959 5644 3129 5696 voluit
3194 5640 3461 5709 Stephan.
3516 5638 3569 5693 iu

1982 5712 2248 5790 Βηρυτός.
2285 5717 2442 5790 Plura
2480 5719 2545 5790 de
2587 5730 2655 5790 eo
2692 5712 2910 5790 Suidas.
2964 5785 2975 5790 _
3302 5778 3333 5790 η

2051 5775 2164 5855 ζ’δϐ)
2196 5787 2391 5859 Libros
2421 5788 2542 5859 huic
2584 5785 2636 5859 5,
2682 5785 2916 5859 redactis
2964 5785 3014 5859 in
3052 5775 3569 5859 compendiumnwg

1980 5870 2033 5912 et
2058 5847 2115 5922 Β,
2144 5847 2411 5929 Pamphili
2445 5847 2728 5927 cujusdam
2757 5855 2824 5909 de
2852 5855 3130 5910 vocabulis
3154 5847 3342 5921 opere,
3376 5847 3567 5902 tribuit

1985 5930 2139 5986 Suid.
