4090 6414
592 430 699 493 427

585 652 704 690 nem
753 636 985 690 vocibus.
1039 633 1243 688 Ilorum
1299 632 1603 688 libellorum
1649 633 1694 687 si
1744 633 1866 701 quis
1908 631 2170 685 vocabula

584 728 638 781 in
690 743 854 780 unum
907 726 1195 780 conferens
1241 735 1556 795 componat,
1594 725 2038 795 compositasque
2073 722 2169 776 Τῦ-

584 834 723 874 maeo
750 818 1041 881 addiderit,
1069 816 1115 871 is
1144 832 1277 872 sane
1311 830 1563 887 magnam
1598 815 1836 869 Platonis
1878 814 2171 869 lectoribus

585 914 876 969 utilitatem
915 911 1176 997 attulerit.

1296 1090 1476 1147 CLVI.

653 1186 907 1241 Dorothci
942 1186 1006 1240 de
1042 1186 1617 1307 vocibusleztlflrnorum
1650 1198 1795 1236 more
1828 1180 2099 1252 usurpatis

1285 1274 1299 1307 Ι
1338 1274 1363 1307 ϐ
1412 1272 1491 1307 ιω.

1285 1272 1491 1310 weuus.

658 1350 858 1405 Lectus
906 1350 1105 1404 ibidem
1158 1347 1463 1413 Dorotheus
1510 1345 1586 1400 De
1642 1356 1981 1401 externorum
2028 1362 2173 1399 more

586 1445 857 1512 usurpatis
913 1444 1155 1505 vocibus,
1214 1440 1485 1509 alphabeti
1550 1440 1777 1504 ordine;
1838 1440 1982 1509 quod
2041 1440 2169 1495 item

589 1535 935 1589 utilissimum
965 1547 1087 1587 esse
1113 1530 1376 1587 studiosis
1406 1544 1542 1599 opus
1576 1542 1823 1600 apparet.

1257 1712 1461 1769 CLVII.

1105 1805 1342 1859 Mmridis
1377 1806 1647 1860 Atticisla.

658 1896 858 1953 Lectus
904 1898 970 1951 ad
1021 1900 1135 1951 lucc
1201 1898 1363 1950 etiam
1427 1897 1668 1951 Mteridis
1722 1896 1834 1966 (42)
1877 1897 2250 1969 Atticisra:B

585 1993 677 2064 qui
713 1991 930 2046 libellus
962 2001 1017 2044 et
1052 1990 1165 2058 ipse
1195 1989 1500 2041 litterarum
1535 1990 1676 2044 serie
1711 1990 1977 2043 decurrit.

1262 2080 1493 2137 CLVIII.

660 2174 953 2245 Phrynichi
982 2173 1147 2225 Arabi
1177 2174 1474 2240 Apparatus
1505 2175 1730 2225 oratorii
1761 2173 1881 2225 libri
1915 2188 2102 2227 xxxvr.

660 2350 787 2421 Legi
842 2348 1141 2420 Phrynichi
1198 2348 1314 2421 (45)
1368 2349 1554 2404 Arabii
1610 2348 1853 2404 Oratorii
1890 2359 2179 2419 apparatus

589 2442 762 2497 libros
802 2456 897 2497 sex
943 2452 999 2497 et
1050 2441 1294 2512 triginta.
1350 2439 1611 2496 Collectio
1645 2450 1730 2495 est
1772 2456 1964 2495 vocum
2014 2454 2179 2509 atque

592 2534 919 2599 mcisorum,
973 2535 1076 2590 etsi
1123 2550 1191 2588 ex
1234 2533 1322 2589 his
1372 2535 1576 2603 aliqua,
1622 2549 1742 2604 qua:
1785 2536 2039 2589 nimirum
2084 2550 2179 2588 ve-

590 2634 772 2690 nuste,
804 2636 862 2680 et
902 2640 1029 2679 cum
1068 2626 1310 2680 novitate
1342 2641 1451 2679 non
1486 2626 1803 2681 indecenter
1836 2626 1977 2679 dicta
2017 2636 2181 2696 atque

590 2717 889 2785 composita
936 2716 1110 2779 fuere,
1146 2718 1213 2771 ad
1254 2718 1498 2772 membra
1538 2720 1702 2772 etiam
1746 2719 1953 2785 integra
1986 2729 2180 2772 cxten-

589 2812 808 2864 dantur.
843 2809 1046 2864 Horum
1080 2810 1336 2879 pleraque
1372 2822 1426 2865 et
1462 2812 1514 2864 in
1552 2810 1781 2864 IIelladii
1821 2810 2182 2865 Collcctaueis

589 2900 831 2970 reperias
866 2900 1031 2955 licet:
1062 2904 1155 2954 sed
1189 2916 1251 2954 ea
1286 2902 1488 2971 passim
1532 2902 1603 2955 ibi
1642 2900 1694 2954 iu
1728 2910 1879 2953 vasta
1922 2900 2008 2953 illa
2050 2916 2181 2954 cou-

590 2997 738 3065 gerie
779 2996 1022 3066 dispersa
1049 2996 1251 3063 jaceut,
1288 2998 1374 3051 hic
1416 3012 1545 3050 vero
1584 2996 1741 3051 simul
1779 2996 1827 3049 id
1865 3012 2035 3064 genus
2070 2994 2180 3049 col-

592 3087 751 3144 lecta.
789 3087 1018 3153 Quando
1051 3100 1104 3143 et
1138 3088 1447 3159 Phrynicho
1480 3089 1604 3141 talia
1642 3102 1937 3157 congerere
1981 3103 2180 3157 propo-

590 3179 754 3233 situm
805 3178 927 3241 fuit,
968 3190 1023 3232 et
1074 3178 1370 3243 I’Ivlladins,
1413 3181 1455 3233 si
1503 3179 1632 3248 quid
1680 3177 2012 3245 bujusmodi,
2050 3178 2174 3229 dum

1773 423 2037 487 PHOTII
2068 424 2574 485 PATRIARCE‘E
2613 425 2720 484 CP.

490 560 493 563 ‘
591 549 987 611 nuncupatum,
1041 541 1125 596 cui
1178 540 1415 597 titulus:
1452 540 1527 595 De
1576 540 1751 595 dubiis
1802 542 1945 608 apud
1990 539 2175 593 Plato-

2279 539 2773 609 προσφωνούμενον
2806 536 3266 607 σπουδασμάτιον,
3312 536 3342 588 ὃ
3392 536 3531 604 Περὶ
3567 533 3687 589 τῶν
3709 538 3873 605 παρὰ

3762 421 3869 486 428

2284 631 2557 686 Πλάτωνι
2610 631 3042 700 ἀπορουμένων
3076 630 3307 693 λέξεων
3338 629 3659 700 ἐπιγράφει.
3692 622 3797 682 Ὧν
3824 632 3877 683 εῐ

2280 740 2363 786 τις
2402 723 2501 785 τὰς
2555 722 2730 787 λέξεις
2778 724 2859 785 εἰς
2893 722 2950 775 ἓν
2986 722 3309 790 συναγάγοι,
3363 722 3747 774 συνεντάσσων
3777 723 3874 774 καὶ

2278 815 2377 876 τὰς
2405 815 2755 884 συνηγμένας
2774 813 3440 885 Τιμαίῳ,ἀπηρτισμένην
3475 813 3575 882 τὴν
3602 813 3874 882 ὠφέλειαν

2281 908 2556 979 παράσχοι
2572 907 2618 939 ⁸⁸
2666 908 2781 971 τοῖς
2832 909 2901 960 τὰ
2956 906 3243 969 Πλάτωνος
3301 905 3703 972 ἀναγινώσκειν
3750 902 3873 957 ἐθέ-

2281 999 2488 1054 λουσιν.
3010 1000 3011 1003 “

2965 1092 3152 1161 me".

2280 1186 2581 1255 Δωροθέου
2634 1186 2767 1257 περὶ
2818 1186 2939 1241 τῶν
2990 1186 3177 1251 ξένως
3231 1184 3563 1255 εἰρημένων
3612 1184 3867 1250 λέξεων.

2362 1344 2493 1415 [324
2526 1343 2616 1415 IL]
2657 1344 3002 1415 Ἀνεγνώσϐη
3036 1344 3092 1397 δὲ
3126 1345 3183 1395 ἐν
3230 1345 3309 1415 τῷ
3356 1344 3507 1414 αὐτῷ
3537 1362 3634 1398 και
3684 1348 3871 1416 Δωροι-

2282 1436 2408 1490 Οέου
2428 1438 2566 1504 Περὶ
2589 1436 2713 1490 τῶν
2740 1438 2928 1502 ξένως
2955 1437 3283 1506 εἰρημένων
3297 1436 3526 1502 λέξεων
3543 1439 3683 1490 κατᾶ
3725 1456 3841 1491 στοι
3862 1469 3872 1478 -

2280 1536 2445 1601 χείον,
2481 1531 2650 1601 Δῆλον
2675 1530 2731 1583 δὲ
2763 1531 2839 1592 ὼς
2866 1531 2968 1584 οὐκ
3004 1533 3278 1602 ἄχρηστον
3307 1533 3420 1593 τοῖς
3454 1532 3773 1600 φιλοπόνως
3811 1532 3871 1585 τὸ

2281 1625 2589 1696 σύνταγμα.

2990 1716 3139 1770 PNZ'

2736 1812 3013 1879 Μοίριδος
3043 1809 3415 1877 ἁττικιστής.

2350 1903 2473 1956 Ἔτι
2500 1902 2557 1956 δὲ
2588 1903 2684 1957 καὶ
2707 1904 2966 1974 Μοίριδος
2996 1902 3370 1970 Ἀττικιστής
3389 1918 3403 1933 ⁸
3434 1902 3577 1961 κατὰ
3604 1904 3875 1974 στοιχεῖον

2278 1992 2336 2046 δὲ
2368 1992 2467 2047 καὶ
2500 1992 2658 2046 τοῦτο
2689 1992 2753 2045 τὸ
2788 1995 3147 2064 ποιημάτιον.

2994 2086 3173 2139 PNH'.

2280 2178 2584 2248 Φρυνίχου
2652 2179 2998 2303 Ἀραϐίουλό
3018 2180 3387 2270 σοέξιοξτικῆς
3462 2178 3871 2251 Παρασκευῆς

3002 2269 3091 2303 ’γ’οι
3121 2264 3193 2303 AC
3217 2293 3229 2303 .

3002 2269 3091 2320 γοι
3121 2264 3204 2319 Ag“
3217 2293 3229 2306 .

2366 2341 2819 2415 ’Δνεγνώσθησαν
2863 2346 3132 2416 Φρυνίχου
3159 2346 3416 2417 ’Λραὸἱου
3430 2346 3474 2379 ⁵³
3499 2345 3873 2415 σοφιστικῆς

2281 2434 2687 2504 Παρασκευῆς
2708 2436 2859 2504 λόγοι
2880 2436 2990 2501 λς’·
3027 2437 3142 2490 ἔστι
3170 2438 3225 2490 δὲ
3254 2438 3315 2490 τὸ
3343 2437 3546 2507 βιϐλίον
3576 2437 3780 2503 λέξεων
3815 2454 3870 2489 τε

2286 2527 2585 2597 συναγωγὴ
2621 2528 2716 2580 καὶ
2743 2527 2921 2597 λόγων
2952 2529 3341 2599 κομματικῶν,
3376 2530 3538 2582 ὲνίων
3575 2529 3632 2582 δὲ
3666 2529 3762 2581 καὶ
3794 2529 3874 2590 εἰς

2285 2619 2437 2673 κῶλα
2465 2620 2949 2690 παρατεινομένων
2978 2621 3089 2672 τῶν
3121 2622 3421 2691 χαριέντως
3469 2638 3532 2674 τε
3560 2620 3655 2673 καὶ
3682 2637 3871 2674 καινο-

2285 2712 2513 2781 πρεπῶς
2544 2712 2854 2781 εἰρημένων
2882 2730 2941 2764 τε
2970 2712 3066 2765 καὶ
3110 2712 3580 2782 συντεταγμένων.
3612 2713 3796 2766 Πολλὰ
3816 2712 3870 2765 δὲ

2282 2805 2463 2856 αὐτῶν
2512 2805 2628 2857 ἔστι
2678 2806 2773 2857 καὶ
2806 2806 2862 2857 ἐν
2894 2809 2963 2877 τῇ
3003 2806 3279 2860 Ἐλλαδίου
3313 2806 3424 2859 τῶν
3458 2805 3657 2872 λέξεων
3688 2806 3872 2875 εὑρεῖν

2287 2898 2545 2967 συλλογῇ,
2591 2898 2706 2951 ἀλλ’
2755 2900 2875 2951 ἐκεῖ
2908 2899 3009 2967 μὲν
3040 2898 3421 2970 διεσπαρμένα
3454 2899 3513 2950 ἐν
3552 2899 3631 2968 τῷ
3670 2898 3873 2968 πλήθει

2283 2991 2379 3057 τῆς
2416 2990 2765 3059 συναγωγῆς,
2815 2990 3051 3043 ἐνταῦθα
3080 2990 3136 3043 δὲ
3169 2992 3305 3057 ὁμοῦ
3350 2993 3417 3045 τὰ
3462 2990 3688 3044 τοιαῦτα
3741 3009 3872 3043 συν-

2283 3078 2522 3148 ηγμένα,
2555 3080 2677 3133 ἐπεὶ
2713 3080 2807 3133 καλ⁹
2845 3082 3096 3152 Φρυνίχῳ
3128 3082 3227 3149 μὲν
3256 3081 3323 3133 τὰ
3369 3081 3593 3134 τοιαῦτα
3626 3098 3873 3148 συναγα-

2284 3175 2402 3239 γεῖν
2435 3172 2629 3240 γέγονε
2663 3173 2898 3236 σκοπὸς,
2944 3172 3217 3237 Ἐλλάδιος
3266 3174 3323 3227 δὲ
3372 3174 3548 3238 λέξεις
3596 3173 3871 3244 ἁθροίζων

589 3273 854 3331 vocabula
889 3272 1215 3341 simpliciter
1242 3272 1567 3335 accumulat,
1609 3272 1799 3340 ιοοὸ
1852 3273 1902 3324 in
1940 3284 2175 3324 Comm"-

2284 3264 2491 3329 ἁπλῶς,
2538 3266 2633 3317 καὶ
2680 3265 2733 3318 sl
2764 3283 2818 3318 τι
2845 3265 2954 3318 τῶν
2987 3266 3245 3319 τοιούτων
3283 3268 3561 3331 συνέταξε,
3592 3266 3672 3336 τῷ
3705 3265 3872 3338 κοινῷ

591 3378 715 3419 nem
758 3363 1146 3418 vocabulorum
1203 3364 1399 3416 librum
1449 3364 1650 3427 retulit,
1689 3365 1738 3416 id
1792 3374 1999 3417 tantum
2051 3376 2174 3414 cum

591 3453 805 3507 exteris
848 3468 950 3506 una
1002 3454 1293 3518 inclusum,
1332 3456 1512 3524 ibique
1563 3456 1809 3510 relictum
1856 3458 2044 3511 voluit.
2080 3458 2175 3510 Αι-

594 3544 810 3613 phabeti
842 3555 1023 3599 autem
1062 3547 1176 3599 haec
1204 3548 1365 3600 etiam
1400 3549 1591 3602 ordine
1622 3550 1961 3617 digeruntur.

668 3637 877 3692 Floruit
931 3639 1018 3692 hic
1076 3640 1331 3706 scriptor,
1389 3642 1689 3709 imperante
1748 3640 1934 3698 Romze
1993 3645 2175 3701 Marco

591 3728 868 3782 Antonino
926 3731 1169 3798 Augusto
1236 3732 1461 3799 ejusque
1531 3734 1640 3786 lilio
1702 3736 2029 3804 Commodo,
2087 3740 2173 3792 cui

591 3822 755 3874 etiam
806 3822 988 3889 operis
1070 3821 1283 3877 initium
1341 3824 1412 3877 ita
1463 3824 1766 3881 inscribit:
1810 3847 1826 3879 ι
1876 3827 2174 3885 Commodo

589 3911 792 3968 ϐεϐατί
846 3912 1187 3984 Phrynichus
1244 3914 1504 3968 Salutem.
1559 3935 1578 3968 ι
1634 3918 1933 3973 Commodo
1990 3920 2175 3990 itaque

593 4004 790 4057 librum
840 4006 1116 4068 dedicans,
1150 4006 1274 4057 dum
1323 4006 1373 4058 in
1423 4022 1517 4060 sua
1558 4008 1624 4060 ad
1672 4024 1793 4062 eum
1847 4009 2174 4067 Prml‘atioue

590 4096 660 4148 ad
705 4095 948 4149 discendi
992 4097 1230 4149 studium
1277 4097 1548 4161 hortatur,
1578 4109 1632 4153 et
1669 4116 1805 4168 opus
1848 4102 1948 4157 hoc
1993 4104 2174 4159 verbis

588 4184 820 4248 extollit,
863 4195 1069 4254 septem
1123 4201 1243 4240 sese
1289 4188 1366 4239 ait
1432 4203 1596 4256 supra
1650 4191 1867 4260 triginta
1921 4193 1974 4246 in
2022 4194 2170 4247 illum

591 4290 763 4344 usque
790 4276 933 4331 diem
967 4280 1341 4347 composuisse
1374 4279 1562 4345 libros,
1594 4298 1729 4349 quos
1768 4295 1821 4338 et
1858 4286 2170 4355 imperatori

588 4368 870 4432 obtulerit,
903 4382 1069 4438 seque
1102 4370 1237 4423 alios
1271 4372 1491 4425 totidem
1534 4383 1732 4441 praeter
1765 4375 1862 4429 bos
1898 4378 2168 4432 editurum

586 4460 882 4526 promittit,
934 4461 980 4514 si
1035 4461 1245 4529 longior
1293 4464 1413 4517 vitae
1465 4479 1629 4517 usura
1682 4466 1921 4521 daretur.
1966 4469 2169 4526 Horum

588 4568 689 4607 nos
742 4568 835 4609 sex
890 4564 1097 4608 tantum
1152 4565 1207 4608 et
1260 4559 1480 4625 triginta
1522 4558 1656 4630 (44),
1693 4561 1767 4615 uti
1816 4562 2016 4617 dictum
2065 4574 2165 4628 est,

587 4651 839 4722 legimus,
872 4668 901 4707 a
937 4656 1112 4724 prima
1165 4656 1343 4710 littera
1399 4656 1464 4709 ad
1506 4666 1805 4710 extremam
1856 4670 2026 4725 usque
2073 4657 2169 4712 dei-

586 4744 807 4800 ductos.

660 4929 774 4983 Etsi
833 4944 961 4982 vero
1009 4928 1322 4997 imperatori
1374 4944 1469 4982 eos
1516 4926 1683 4983 libros
1728 4944 1788 4985 se
1834 4930 2029 4986 ollerre
2069 4933 2168 4999 ait,

583 5024 753 5078 variis
816 5032 996 5075 tamen
1054 5021 1273 5075 eosdem
1335 5034 1680 5091 nuncupasse
1730 5031 1966 5078 constat.
2023 5023 2167 5080 Con-

582 5117 763 5173 festim
792 5114 941 5170 enim
987 5115 1221 5183 primum
1266 5114 1479 5167 illorum
1509 5114 1757 5169 Aristocli
1789 5116 2003 5170 cuidam
2036 5120 2161 5173 mit-

584 5211 673 5275 tit,
713 5221 949 5278 eumque
992 5206 1139 5261 velut
1195 5205 1378 5260 ludum
1430 5205 1715 5275 quemdam
1757 5206 1924 5261 natali
1958 5208 2164 5265 Aristo-

2282 3360 2427 3429 λόγῳ
2452 3360 2560 3413 τῶν
2596 3361 2795 3427 λέξεων
2828 3362 2923 3415 καὶ
2952 3362 3126 3414 ταῦτα
3159 3359 3644 3431 συμπεριειληφὼς
3696 3363 3870 3415 ἐναπ-

2283 3451 2635 3507 έθετο.Κατὰ
2665 3458 2932 3525 στοιχεῖον
2962 3454 3017 3507 δὲ
3041 3456 3134 3508 καὶ
3158 3455 3297 3525 αὕτη
3333 3456 3368 3525 ἡ
3404 3456 3720 3525 συναγωγή.

2357 3640 2614 3707 Ἢκμασε
2647 3638 2704 3690 δὲ
2733 3640 2761 3691 ὀ
2790 3638 2931 3708 ἀνὴρ
2966 3639 3024 3690 ὲν
3048 3640 3162 3701 τοῖς
3201 3638 3418 3707 χρόνοις
3444 3638 3677 3711 Μάρκου
3710 3641 3868 3709 βασι-

2285 3729 2425 3794 λέως
2459 3730 2750 3800 Ῥωμαίων
2792 3732 2888 3783 καὶ
2934 3730 3030 3782 τοῦ
3085 3730 3277 3794 παιδὸς
3324 3732 3491 3785 αὑτοῦ
3539 3734 3863 3803 Κομμόδου,

2281 3823 2419 3893 πρὸς
2445 3822 2504 3875 ὃν
2540 3824 2638 3876 καὶ
2666 3825 2768 3895 τὴν
2793 3823 3049 3893 ἀπαρχὴν
3066 3824 3115 3855 ⁵⁸
3146 3823 3243 3877 τοῦ
3276 3826 3657 3895 συντάγματος
3691 3832 3869 3881 ποιεῖ-

2279 3933 2369 3969 ται
2397 3916 2725 3985 ἐπιγράφων
2751 3932 2764 3946 ·
2806 3934 2823 3966 ι
2863 3916 3139 3987 Κομμόδῳ
3163 3917 3407 3987 Καίσαρι
3433 3919 3697 3989 Φρύνιχος
3735 3923 3864 3990 χαί-

2283 4028 2421 4081 ρειν.
2452 4028 2470 4061 ›
2546 4009 2709 4063 Ἀλλὰ
2767 4009 3042 4079 Κομμόδῳ
3097 4010 3159 4062 τὸ
3212 4008 3418 4079 βιϐλίον
3480 4014 3862 4083 προσφωνῶν,

2284 4103 2524 4172 κάκείνῳ
2558 4099 3073 4171 προοιμιαζόμενος,
3130 4100 3226 4155 καὶ
3271 4102 3595 4173 παραίνεσιν
3623 4104 3862 4174 φιλομα-

2281 4193 2402 4256 θίας
2422 4194 2463 4225 ⁸³
2498 4192 2924 4261 κατατιθέμενος
2950 4233 2963 4256 ,
2999 4192 3094 4246 καὶ
3123 4191 3354 4264 ἐξαίρων
3382 4192 3459 4263 τῷ
3494 4193 3638 4265 λόγῳ
3677 4196 3739 4249 τὸ
3780 4197 3865 4267 βι-

2279 4286 2447 4349 ϐλίον,
2488 4287 2546 4339 ἐν
2580 4283 2662 4347 οἷς
2692 4284 2840 4353 λέγει
2875 4284 2953 4348 λζ’
2997 4285 3147 4355 αὐτῷ
3180 4286 3345 4356 μέχρι
3374 4287 3467 4340 τοῦ
3488 4286 3534 4317 ⁵³
3570 4288 3691 4341 τότε
3737 4308 3863 4344 και-

2282 4373 2377 4445 ροῦ
2414 4373 2774 4443 συντετάχθαι
2802 4373 3017 4441 λόγους,
3039 4373 3133 4437 οὒς
3162 4375 3255 4427 καὶ
3284 4375 3580 4430 ἀναθέσθαι
3604 4378 3754 4444 λέγει
3783 4380 3866 4450 τῷ

2280 4466 2513 4538 βασιλεῖ,
2561 4465 2962 4533 ἐπαγγέλλεται
3012 4466 3108 4519 καὶ
3140 4465 3335 4530 ἄλλους
3379 4466 3673 4531 τοσούτους
3704 4469 3861 4537 φιλο-

2279 4558 2580 4631 πονήσεθαι
2638 4558 2738 4628 τῆς
2817 4556 2965 4626 ζωῆς
3024 4557 3187 4611 αὐτὸν
3234 4558 3397 4610 οὑκ⁵³
3442 4558 3864 4630 ἀπολιμπανού-

2200 4620 2248 4679 D
2277 4620 2420 4722 σης.’
2445 4648 2638 4719 Ἡμεῖς
2667 4620 2745 4714 at,
2790 4620 2867 4711 di;
2914 4620 3151 4719 έφημεν,
3205 4647 3261 4714 ἒξ
3296 4649 3389 4702 καὶ
3418 4620 3719 4720 τριάκοντα
3755 4651 3859 4721 μό-

2273 4762 2403 4808 νους
2432 4743 2775 4813 ἀνέγνωμεν,
2808 4740 2917 4795 ἀπὸ
2942 4739 3040 4794 τοῦ
3067 4759 3102 4795 α
3136 4741 3649 4813 περιλαμϐάνοντας
3692 4744 3861 4816 μέχρι

2273 4838 2370 4893 τοῦ
2402 4857 2468 4891 ω.

2360 4929 2502 4984 Ἀλλ’
2531 4932 2579 4984 εἰ
2605 4930 2700 4984 καὶ
2736 4928 2816 4999 τῷ
2851 4924 3059 4999 βασιλέι
3092 4944 3225 4999 φησι
3257 4929 3386 4991 τοὺς
3421 4929 3612 4997 λόγους
3640 4929 3862 4984 ἀναθεῖ-

2274 5042 2387 5089 ναι,
2416 5024 2568 5094 ὅμως
2601 5022 2882 5092 διαφόροις
2908 5021 3105 5084 αὐτοὺς
3156 5021 3410 5089 φαίνεται
3444 5039 3855 5094 προσπεφωνη-

2282 5116 2418 5181 κὼς.
2462 5114 2673 5169 Αὐτίκα
2702 5114 2748 5147 ⁸⁸
2780 5114 2871 5167 τὸν
2917 5114 3135 5183 πρῶτον
3178 5113 3343 5166 αὑτὸν
3381 5112 3573 5167 τοῦτον
3598 5115 3644 5146 ⁸³
3692 5114 3859 5185 λόγον

2293 5206 2633 5280 Ἀριστοκλεί
2662 5223 2768 5261 τινι
2798 5206 3037 5277 γράφει,
3068 5205 3287 5260 παιδιάν
3322 5223 3445 5259 τινα
3492 5207 3556 5277 τῇ
3589 5208 3858 5279 γενεθλίῳ

1862 5347 2099 5407 VARIIE
2139 5349 2541 5409 LECTIONES.

681 5450 725 5482 ts
765 5449 1107 5521 παράσχοιτο
1153 5445 1253 5515 τὴν
1297 5443 1696 5521 ωφέλειαν-ς.

582 5515 1114 5592 καταλιμπανούσης
1146 5533 1207 5580 ς.
1305 5515 1353 5547 “
1380 5515 1602 5587 αὐτίκα]
1630 5519 1725 5571 καὶ
1762 5515 1961 5573 αὐτίκα
1988 5537 2050 5585 ς.

1783 5448 1827 5478 ⁸⁸
1856 5448 2122 5519 ἀρῤαϐἱου
2154 5468 2214 5515 ς.
2319 5452 2366 5485 ⁸ο
2394 5451 2568 5521 ἀρχὴν
2598 5470 2659 5517 ς’.

1783 5519 1961 5573 ιύτίκα
1988 5537 2050 5585 ς.
2138 5522 2184 5554 ⁸⁸
2216 5521 2395 5575 αὐτῶν
2420 5522 2625 5576 τούτων
2655 5539 2717 5586 ς.

2319 5452 2366 5535 s~o
2394 5451 2568 5535 ἀρχῂν
2598 5470 2659 5517 ς,
2738 5450 2781 5482 υ
2815 5446 3169 5518 φιλομαθείας
3198 5462 3258 5509 ς.
3335 5445 3382 5476 ⁸⁸
3412 5442 3507 5496 τοῦ
3537 5459 3651 5503 om.
3688 5446 3757 5501 Α.
3788 5446 3853 5501 οὗ

2115 5632 2344 5689 NOTAE.

638 5732 766 5814 ,(Ᾱξὶ)
812 5731 1042 5786 Exstare
1100 5730 1275 5787 fertur
1327 5730 1381 5786 in
1432 5731 1693 5787 Vaticana
1743 5730 2017 5801 pontiﬁcis
2065 5731 2158 5785 Bi-

576 5804 950 5944 Μιῗέὲῗῗεεθ
974 5870 1121 5927 Petri
1149 5868 1407 5925 Nunnesii
1435 5870 1650 5927 Prml’at.
1685 5872 1750 5927 ad
1778 5871 2029 5945 I‘hrynici
2064 5872 2159 5949 Ate

2266 5732 2459 5786 ticistae
2491 5730 2799 5798 Epitomen,
2829 5740 2881 5785 et
2916 5730 3071 5787 Suid.

2339 5803 2451 5872 (Μ)
2495 5801 2695 5859 Suidas
2772 5812 2977 5873 septeni
3034 5814 3089 5858 et
3146 5801 3501 5874 quadraginta
3572 5813 3851 5867 numerat.
