4090 6428
233 441 334 506 429

1196 446 1721 508 B'IBLIOTHECA.
1762 472 1832 482 -
1869 445 2083 506 CODD.
2124 443 2585 506 CLVI-CLVIII.

3394 436 3501 502 430

231 554 410 626 ἡμέρᾳ
438 553 536 608 τοῦ
572 553 988 627 ’Δριστοκλέους
1019 545 1400 626 ἁρμόττουσαν
1430 557 1811 627 φιλοτιμούμε-

1919 555 2020 611 clis
2068 554 2180 626 (45)
2227 555 2314 610 die
2365 553 2777 610 accommodum
2826 551 2940 607 ﬁeri
2990 561 3233 619 exoptat,
3267 565 3375 620 quo
3414 550 3505 606 ille
3583 555 3598 566 '

230 666 314 712 νος
343 648 603 717 γενέσθαι
629 650 727 719 τὴν
746 648 963 719 γραφὴν
989 649 1084 701 καὶ
1112 648 1462 717 συμπαίστην
1487 650 1531 680 ⁵⁸
1549 650 1818 720 ὑπάρχειν

228 741 414 796 αὐτόν.
463 743 742 807 Ὡσαύτως
774 744 833 796 δὲ
867 745 963 798 καὶ
1024 744 1117 798 τὸν
1161 745 1417 816 δεύτερον
1467 745 1625 813 λόγον
1667 747 1817 817 αὐτῷ

231 836 568 903 προσφωνεῖ,
622 835 718 888 καὶ
743 835 806 905 δὴ
842 835 940 888 κα)⁸
969 836 1063 889 τὸν
1096 838 1300 905 τρίτον.
1335 837 1441 891 Τὸν
1470 838 1525 892 δὲ
1555 839 1816 911 τέταρτον

241 926 519 997 Ἰουλιανῷ
547 945 656 980 τινι
684 927 995 998 συμπολίτῃ
1031 930 1126 983 καὶ
1153 930 1294 1000 φίλῳ
1343 934 1678 1000 προσφωνεῖ,
1722 930 1816 983 καί

230 1036 398 1091 φησιν
431 1019 514 1072 ὅτι
557 1019 895 1090 Ἀριστοκλεῖ
946 1021 1044 1091 μὲν
1071 1020 1130 1085 ἐξ
1163 1022 1337 1092 ἀρχῆς
1382 1022 1585 1093 ὥριστο
1615 1023 1647 1092 ἡ
1677 1040 1816 1091 πρα-

228 1110 472 1180 γματεία
529 1110 952 1181 προσειρῆσθαι,
1000 1113 1124 1165 ἐπεὶ
1185 1114 1243 1167 δὲ
1289 1115 1498 1177 ἐκεῖνος
1552 1115 1817 1185 βασιλικῷ

228 1203 464 1273 δόγματι
509 1205 612 1273 τῆς
654 1204 712 1255 ὲν
748 1203 937 1275 Ῥώμῃ
983 1205 1228 1275 μεγάλης
1279 1205 1477 1276 βουλῆς
1523 1207 1748 1275 ἐγένετο
1768 1209 1810 1241 ⁵⁷

230 1295 510 1360 κοινωνὸς,
555 1295 744 1349 τοῦτον
789 1297 904 1350 ἀντ’
937 1297 1149 1350 ἐκείνου
1188 1297 1286 1352 καὶ
1339 1299 1492 1368 φίλον
1544 1301 1640 1352 καὶ
1693 1317 1819 1354 συν-

227 1388 526 1459 ουσιαστὴν
546 1387 656 1441 τῶν
679 1388 860 1442 καλῶν
881 1388 1090 1452 λαϐεῖν,
1111 1390 1206 1442 καὶ
1239 1391 1387 1462 αὐτῷ
1409 1393 1504 1445 καὶ
1530 1397 1692 1462 κριτῇ
1722 1395 1818 1446 καὶ

228 1479 569 1549 ἑπιγνὼμονι
601 1479 836 1552 χρῆσθαι
873 1480 982 1534 τῶν
1028 1483 1521 1552 συγγραφομένων.
1558 1482 1687 1555 [17⁸2
1724 1482 1815 1554 IL]

241 1570 383 1624 Ἀλλ⁴
429 1569 606 1636 οὕτως
645 1572 818 1625 εἰπὼν
866 1573 961 1626 καὶ
1007 1573 1383 1645 ὑποσχόμενος
1425 1574 1518 1628 τὸν
1564 1576 1816 1646 πέμπτον

226 1664 380 1731 ὅμως
422 1663 582 1732 λόγον
613 1664 928 1736 Μηνοδώρῳ
976 1667 1086 1718 ’τινὶ¹
1117 1667 1255 1737 φίλῳ
1292 1684 1353 1720 τε
1387 1667 1482 1720 καὶ
1518 1671 1817 1722 πεπαιδευ-

232 1757 381 1825 μένῳ
428 1757 587 1832 ἀνδρὶ
637 1760 990 1826 προσφωνεῖ,
1026 1757 1086 1820 ὃς
1137 1759 1234 1812 καὶ
1277 1758 1457 1813 αἰτίαν
1508 1758 1815 1830 ἐπήνεγκεν

155 1878 163 1888 -
227 1848 379 1920 αὐτῷ
406 1847 505 1901 τοῦ
544 1848 739 1913 ἐνδεῶς
783 1849 1034 1921 εἰρῆσθαι
1078 1850 1139 1903 τὸ
1172 1850 1279 1920 πρὸ
1303 1850 1495 1904 τούτου
1524 1852 1653 1922 περὶ
1693 1851 1816 1923 κρί·

230 1958 368 2004 σεως
388 1941 444 1972 ⁸³
483 1940 768 2011 ὀνομάτων
797 1942 1094 2013 πρόϐλημα
1116 1961 1128 1975 ·
1167 1941 1296 2015 [525
1318 1941 1412 2016 8.]
1453 1945 1813 2010 ἐπιτάξαντος

225 2033 278 2086 δὲ
305 2033 645 2104 Μηνοδώρου
685 2034 834 2101 λέγει
862 2035 955 2088 τὸν
989 2036 1148 2104 λόγον
1201 2037 1542 2100 συντάττειν,
1577 2039 1812 2110 ὑστερῆ-

230 2143 318 2179 σαι
347 2126 434 2192 δὲ,
458 2128 545 2180 ὅτι
577 2126 710 2199 τρία
744 2127 1033 2198 νοσήματα
1062 2127 1214 2200 αὑτῷ
1254 2134 1559 2200 συμπεσεῖν
1584 2132 1808 2202 συνέϐη,

227 2217 321 2288 τὴν
343 2215 656 2287 σύντροφον
685 2218 763 2290 τῷ
797 2221 866 2288 γή
878 2237 947 2291 pq
971 2222 1396 2292 στραγγουρίαν,
1415 2223 1510 2275 καὶ
1530 2222 1813 2291 διωλύγιόν

228 2331 345 2366 τινα
377 2313 478 2365 καὶ
507 2311 730 2383 μακρὰν
765 2316 1030 2382 φρενῖτιν,
1061 2315 1155 2367 καὶ
1186 2314 1272 2366 διὰ
1307 2313 1542 2385 γαστρὸς
1578 2315 1814 2384 αἵματος

229 2406 408 2475 ῥύσιν,
446 2405 542 2457 καὶ
573 2403 654 2456 ἔτι
686 2403 744 2456 δὲ
792 2404 886 2456 καὶ
929 2404 1095 2474 ἕτερα
1127 2405 1353 2460 πλεῖστα
1385 2407 1493 2459 τῶν
1525 2408 1814 2479 ἀρρωστη-

231 2495 446 2564 μάτων·
483 2495 553 2548 ἂν
588 2494 772 2564 μέντοι
814 2495 922 2548 τῶν
959 2497 1285 2567 νοσημάτων
1325 2499 1661 2567 ἀπαλλαγεὶς
1692 2502 1813 2554 ἐπι-

229 2586 383 2657 ίιῴη,
444 2586 631 2639 καὶτὸ
658 2585 754 2639 νῦν
808 2587 1091 2658 ἐπίταγμα
1123 2590 1180 2650 ἐς
1221 2590 1396 2660 πέρας
1436 2592 1666 2660 ἀγαγεῖν
1707 2594 1814 2646 ὐπ-

229 2683 518 2748 ισχνεῖται,
540 2680 632 2733 καὶ
657 2681 710 2734 εί
727 2699 780 2734 τι
801 2680 928 2734 ἄλλο
948 2681 1274 2750 προστάττοι
1300 2683 1618 2751 φιλοκαλίας
1634 2702 1694 2738 τε
1717 2686 1813 2738 καὶ

224 2771 602 2841 πολυμαθείας
629 2772 724 2824 καὶ
762 2773 1080 2846 καινότητος
1107 2774 1387 2845 ἐχόμενον.
1405 2775 1566 2828 Ἀλλά
1592 2777 1690 2829 καὶ
1717 2778 1808 2830 τὸν

222 2862 382 2915 ἕκτον
443 2860 604 2930 λόγον
664 2863 763 2933 τῆς
817 2866 1137 2935 σοφιστικῆς
1187 2865 1396 2935 ταύτης
1455 2869 1812 2939 παρασκευῆς

221 2954 364 3024 ἄλλῳ
392 2954 507 3006 τινὶ
540 2953 702 3008 πάλιν
741 2955 1008 3026 Τιϐερίνῳ
1043 2957 1374 3026 προσφωνεῖ.

287 3048 403 3101 Καὶ
428 3048 496 3118 δὴ
529 3047 624 3101 καὶ
652 3048 744 3100 τὸν
795 3047 1026 3119 έΰδομον
1057 3049 1229 3120 ἑτέρῳ
1260 3049 1582 3122 Μηνοφίλῳ,
1618 3051 1677 3104 ὂν
1713 3053 1810 3106 καί

222 3155 349 3208 φησι
375 3137 633 3199 παιδείας
661 3141 741 3201 είς
767 3141 939 3210 ἄκρον
973 3141 1179 3210 ἥκοντα
1227 3143 1323 3194 καὶ
1354 3143 1544 3213 ῥήσεις
1583 3144 1812 3214 ὁλοκλή-

1919 660 1980 700 se
2027 645 2285 700 oblectet.
2337 644 2602 699 Similiter
2651 651 2706 698 et
2751 645 2982 697 alterum
3037 642 3252 702 librum,
3288 643 3397 695 imo
3447 650 3505 695 et

1921 741 2139 795 tertium
2181 740 2355 794 eidem
2381 738 2649 793 inscribit.
2682 737 2944 804 Quartum
2980 735 3101 790 dein
3133 733 3350 788 Juliano
3382 735 3503 789 cui-

1919 830 2042 886 dam
2071 830 2177 885 civi
2213 845 2330 896 suo,
2362 840 2525 899 atque
2560 831 2777 884 amico:
2812 829 3015 884 addens
3064 827 3116 882 id
3160 842 3226 882 eo
3276 826 3502 890 factum,

1919 925 2063 991 quod
2125 923 2380 978 Aristocli
2436 924 2652 994 quidem
2716 923 2784 977 ab
2839 923 2993 976 initio
3047 936 3185 990 Opus
3247 921 3510 974 exhibere

1919 1017 2278 1085 destinasset;
2327 1026 2384 1070 at
2432 1027 2718 1087 postquam
2773 1015 3006 1072 Caesaris
3051 1017 3270 1069 decreto
3320 1013 3508 1068 Romae

1919 1109 1972 1163 in
2007 1109 2257 1163 intimum
2303 1111 2590 1165 consilium
2633 1110 2838 1163 ascitus
2881 1117 3048 1173 esset,
3085 1108 3228 1161 hunc
3267 1105 3371 1160 sibi
3407 1120 3506 1175 pro

1919 1203 2010 1260 illo
2058 1204 2292 1258 amicum
2335 1203 2654 1273 sociumque
2697 1203 2909 1258 honesti
2955 1202 3158 1256 laboris
3193 1200 3503 1269 adoptasse,

1918 1313 2028 1365 quo
2081 1307 2136 1350 et
2188 1297 2403 1365 judice,
2458 1305 2514 1350 et
2565 1297 2843 1366 cognitore
2893 1311 3114 1351 suorum
3175 1294 3503 1362 scriptorum

1918 1398 2062 1442 esset
2099 1405 2320 1444 usurus.
2365 1390 2564 1443 Verum
2603 1391 2701 1443 ista
2749 1390 2979 1455 locutus,
3016 1399 3176 1458 atque
3209 1388 3502 1458 pollicitus,

1919 1482 2169 1550 quintum
2221 1493 2395 1536 tamen
2443 1481 2674 1536 subinde
2721 1481 2917 1535 librum
2954 1481 3244 1540 Menodoro
3287 1481 3504 1536 cuidam

1920 1575 2120 1639 amico,
2153 1584 2208 1628 et
2249 1575 2462 1628 erudito
2505 1577 2623 1628 viro
2666 1576 2884 1630 exhibet
2917 1593 2930 1629 :
2968 1574 3065 1642 qui
3104 1585 3160 1628 et
3205 1575 3505 1643 reprehen-

1919 1667 2092 1730 derat,
2126 1666 2270 1736 quod
2313 1668 2530 1735 parcius
2581 1677 2738 1720 antea
2789 1668 2932 1720 illam
2983 1667 3050 1720 de
3095 1667 3372 1721 nominum
3419 1667 3502 1718 in-

1919 1757 2153 1812 ﬂexione
2188 1758 2544 1826 quaestionem
2583 1760 2860 1828 agitasset.
2893 1757 3128 1812 Jubente
3161 1773 3289 1824 ergo
3323 1759 3505 1811 Meno-

1921 1851 2055 1906 doro
2108 1853 2434 1905 sententiam
2484 1853 2689 1915 dicere,
2723 1853 2868 1906 hunc
2913 1867 2973 1906 se
3020 1855 3097 1906 ait
3144 1852 3339 1906 librum
3373 1868 3505 1906 con-

1851 1925 2230 2011 Bscripsisse.
2272 1939 2460 1997 Serius
2511 1953 2691 1997 autem
2745 1943 2795 1996 id
2854 1943 3193 2013 praestitisse,
3249 1943 3389 2011 quod
3447 1942 3501 1996 in

1919 2033 2022 2087 tria
2069 2035 2378 2088 morborum
2429 2050 2630 2104 genera
2689 2036 2989 2097 incidisset,
3028 2035 3080 2089 in
3123 2035 3291 2090 urinae
3337 2035 3504 2089 nimi-

1917 2139 2036 2178 rum
2068 2124 2427 2191 stillicidium,
2459 2127 2754 2180 senectutis
2785 2127 3061 2191 comitem,
3094 2126 3146 2178 in
3183 2125 3500 2179 diuturnum

1917 2230 2189 2284 graveque
2246 2218 2451 2271 mentis
2481 2217 2765 2283 delirium;
2801 2227 2855 2270 et
2887 2217 3171 2286 sanguinis
3227 2233 3257 2270 e
3310 2225 3502 2269 ventre

1915 2307 2144 2375 ﬂuxum,
2203 2315 2527 2380 morbosque
2561 2310 2695 2364 alios
2729 2310 3184 2378 quampluriinos.
3222 2311 3498 2379 Siquidem

1919 2412 2098 2453 autent
2151 2401 2237 2454 his
2285 2402 2582 2472 aliquando
2623 2403 2887 2457 liberatus
2931 2414 3263 2470 superesset,
3301 2414 3356 2458 et
3401 2407 3502 2461 hoc

1915 2507 2051 2560 opus
2097 2492 2162 2544 ad
2223 2493 2426 2545 exitum
2475 2495 2831 2548 adducturum
2882 2511 2940 2550 se
2989 2497 3294 2566 pollicetur,
3353 2508 3407 2552 et
3454 2497 3500 2552 si

1915 2580 2043 2648 quid
2088 2578 2228 2634 forte
2257 2581 2399 2634 aliud
2459 2581 2574 2649 ipse
2599 2583 2787 2650 jubeat
2843 2583 2912 2638 ab
2971 2584 3196 2640 honesta
3235 2587 3504 2656 doctaque

1916 2670 2156 2726 novitate
2197 2687 2301 2726 non
2351 2673 2609 2728 alienum.
2683 2674 2879 2744 101a
2930 2674 3001 2730 At
3031 2688 3244 2731 sextum
3300 2680 3504 2734 nihilo-

1917 2763 2094 2819 minus
2149 2764 2344 2818 librmn
2399 2767 2658 2822 rhetorici
2715 2769 2872 2835 hujus
2929 2780 3262 2838 apparatus,
3303 2771 3499 2827 iterum

1915 2855 2004 2911 alii
2041 2857 2256 2913 cuidam
2294 2859 2554 2915 Tiberino
2594 2862 2824 2917 dedicat.

1985 3043 2060 3100 Ut
2105 3055 2161 3100 et
2188 3045 2478 3114 septimum
2517 3045 2671 3100 alteri
2706 3045 3037 3116 Menophilo,
3069 3062 3228 3116 quem
3259 3049 3324 3102 ad
3356 3065 3505 3105 sum-

1918 3151 2062 3188 mum
2103 3137 2428 3190 eruditionis
2455 3135 2665 3190 culmen
2715 3139 3028 3205 pervenisse
3055 3139 3148 3204 ait,
3182 3149 3237 3194 et
3265 3141 3507 3207 integras

222 3247 350 3300 ρους
400 3229 547 3300 πρὸς
594 3229 695 3293 τὰς
737 3231 1042 3294 ἀποδείξεις
1085 3231 1448 3297 συντελούσας
1504 3235 1598 3288 τοῦ
1650 3235 1809 3288 ἕκτου

1917 3227 2078 3280 etiam
2123 3227 2373 3297 loquendi
2418 3227 2682 3283 formulas
2722 3231 3114 3298 suppeditasse,
3168 3247 3272 3285 non
3314 3248 3503 3301 parum

220 3321 376 3390 λόγου
400 3323 508 3392 τῆς
530 3322 903 3391 Σοφιστικῆς
934 3324 1333 3394 Παρασκευῆς
1350 3329 1694 3399 παραθεῖναι,
1718 3335 1811 3386 καὶ

220 3415 564 3486 προτρέπειν
594 3415 689 3470 καὶ
720 3416 884 3469 αὐτὸν
913 3418 1007 3469 ἐπὶ
1027 3417 1282 3473 πλεῖστον
1307 3421 1510 3485 ταύτας
1537 3423 1811 3494 ἁθροίζειν

219 3511 326 3572 τοῖς
363 3507 792 3578 συγγράμμασι.
823 3509 926 3561 Τὸν
955 3509 1138 3577 μέντοι
1161 3511 1347 3580 ὄγδοον
1376 3515 1539 3567 πάλιν
1585 3516 1808 3570 Ἰουλια-

217 3599 291 3672 νῷ
321 3599 647 3668 ἀνατίθησι,
670 3601 768 3654 καὶ
802 3602 1041 3655 αἰτεῖται
1086 3603 1278 3670 αὑτὸν,
1312 3607 1366 3660 εἴ
1403 3625 1456 3660 τι
1507 3609 1714 3672 ἀτελῶς
1739 3611 1811 3663 εῖ-

221 3709 405 3764 ρηται,
445 3692 545 3746 ἆτε
569 3692 634 3762 δὴ
664 3695 759 3747 καὶ⁴
800 3694 942 3762 μετὰ
989 3695 1150 3749 νόσον
1179 3698 1465 3769 γράφοντι,
1489 3702 1661 3755 ταῦτα
1700 3703 1812 3756 δια-

217 3789 390 3840 θεῖναι
452 3786 595 3857 πρὸς
647 3785 960 3857 διόρθωσιν.
1016 3789 1123 3842 Τὸν
1175 3789 1232 3843 δὲ
1265 3792 1458 3846 ἔνατον
1521 3793 1807 3866 Ῥουφίνῳ,

219 3881 448 3950 φάσκων
477 3879 657 3933 αἴτιον
693 3881 793 3948 μὲν
833 3881 927 3935 τοῦ
955 3883 1000 3915 ⁸9
1031 3884 1384 3955 ἀπάρξασθαι
1433 3888 1535 3956 τῆς
1569 3905 1812 3959 συγγρα-

219 3971 317 4040 φῆς
374 3969 740 4040 Ἀριστοκλέα
779 3970 1055 4037 γενέσθαι,
1082 3972 1179 4025 τοῦ
1217 3973 1274 4026 δὲ
1297 3975 1391 4026 ἐπὶ
1421 3975 1597 4046 πέρας
1636 3975 1810 4029 ἐλθεῖν

216 4065 376 4118 αὐτὸν
409 4065 590 4116 αἴτιον
605 4063 650 4094 ⁸ο
685 4062 929 4128 ἔσεσθαι,
958 4066 1041 4118 ὅτι
1071 4065 1313 4137 ἐντυχὼν
1342 4070 1457 4131 τοῖς
1487 4069 1811 4139 γεγραμμέ-

214 4174 321 4220 νοις
345 4157 411 4210 τό
439 4173 503 4208 τε
534 4157 808 4226 χρήσιμον
828 4157 1062 4211 συνιδεῖν
1091 4157 1224 4230 ἔσχε
1253 4160 1349 4214 καὶ
1377 4161 1685 4214 ἐπαινέσειε
1719 4161 1810 4216 τὸν

213 4246 396 4300 πόνον.
428 4245 539 4298 Τὸν
583 4244 639 4297 δὲ
669 4245 896 4297 δέκατον
947 4246 1112 4300 πάλιν
1170 4250 1616 4319 ἐπαναστραφεὶς
1672 4251 1810 4322 πρὸς

224 4339 596 4408 ’Δριστοκλέα
647 4338 957 4394 συντάττει.
1004 4339 1062 4392 '0
1118 4341 1174 4394 δὲ
1234 4343 1437 4412 ἐφεξῆς
1491 4344 1810 4416 Μηνοδώρῳ

213 4429 690 4503 προσπεφώνηται
739 4431 926 4495 πάλιν,
978 4432 1035 4484 ὲν
1068 4427 1112 4500 ᾧ
1156 4433 1252 4486 καὶ¹
1315 4435 1653 4505 Ἀριστείδου
1695 4439 1808 4501 τοῖς

211 4523 392 4592 λόγοις
424 4523 529 4593 (ῶς
563 4525 754 4594 φησιν)
799 4523 1038 4596 ἐντυχὼν
1089 4525 1234 4598 ἄρτι,
1285 4527 1407 4581 τότε
1443 4528 1806 4597 ἀκμάζοντος,

1917 3321 2231 3388 profuturas
2279 3321 2347 3376 ad
2397 3336 2462 3376 ea
2516 3323 2940 3389 comprobanda,
2989 3338 3110 3392 quae
3152 3336 3306 3379 sexto
3346 3325 3506 3394 hujus

1917 3413 2156 3468 Oratorii
2192 3415 2493 3483 Apparatus
2517 3413 2656 3468 libro
2684 3415 2988 3468 traduntur.
3039 3415 3326 3471 Exhortari
3377 3433 3508 3489 ergo

1911 3507 2072 3560 etiam
2100 3506 2242 3559 hune
2272 3507 2336 3559 ad
2367 3523 2525 3560 voecs
2559 3505 2859 3575 hujusmodi
2889 3510 3313 3578 quamplurimas
3365 3513 3505 3565 scri-

1913 3597 2021 3666 ptis
2046 3596 2474 3664 amplilicandas.
2497 3597 2760 3649 Octavum
2789 3613 3002 3651 rursum
3026 3599 3241 3653 Juliano
3269 3602 3502 3666 dedicat,

1914 3695 2180 3755 rogatque
2213 3685 2258 3739 si
2298 3687 2424 3754 quid
2467 3687 2643 3740 minus
2687 3688 2988 3756 perfectum
3017 3691 3281 3746 exciderit
3316 3694 3506 3748 morbo

1914 3779 2208 3842 laboranti,
2261 3780 2537 3846 corrigere
2587 3796 2655 3835 ne
2708 3792 2980 3851 gravetur.
3035 3783 3248 3838 Nonum
3291 3785 3507 3843 Ruﬂino

1913 3869 2242 3936 inscribens,
2291 3871 2610 3925 Arisloclcnt
2643 3873 2719 3925 ait
2770 3874 2895 3929 huic
2952 3889 3170 3928 causam
3221 3878 3505 3947 scriptioui

1913 3965 2124 4019 dedisse
2156 3984 2171 4032 ;
2214 3966 2355 4034 quod
2385 3976 2562 4018 autem
2597 3967 2662 4020 ad
2703 3967 2864 4022 tinem
2899 3968 3088 4022 eadem
3136 3969 3365 4025 deducta
3409 3973 3504 4038 sit,

1913 4057 2086 4124 ipsum
2144 4067 2418 4110 auctorem
2463 4057 2752 4123 futurum;
2805 4068 3089 4129 propterea
3137 4063 3277 4130 quod
3315 4073 3505 4117 nactus

1911 4164 1973 4203 ea
2008 4165 2127 4218 qua:
2167 4151 2428 4204 hactenus
2467 4161 2624 4204 erant
2662 4151 2831 4216 edita,
2864 4161 2920 4207 et
2974 4154 3263 4208 utilitatem
3315 4171 3502 4209 eorum

1915 4244 2216 4311 agnoverit,
2247 4252 2301 4297 et
2332 4243 2571 4298 laborem
2615 4245 2942 4312 probaverit.
2981 4244 3259 4300 Decimum
3314 4264 3502 4319 porro,

1913 4334 2078 4404 gradu
2116 4335 2306 4388 iterum
2339 4337 3004 4398 reducto,adAristoclem
3033 4340 3216 4395 refert.
3256 4340 3504 4410 Sequens

1911 4442 2128 4495 quoque
2162 4425 2453 4482 Menodoro
2489 4445 2704 4484 rursum
2760 4430 3031 4487 oll‘erlur:
3086 4435 3172 4489 ubi
3207 4444 3260 4490 rt
3292 4436 3342 4490 in
3378 4438 3503 4490 Ari-

1911 4520 2066 4574 stidae
2088 4521 2250 4574 etiam
2282 4529 2392 4575 tum
2418 4523 2648 4595 vigentis
2670 4525 2942 4580 orationes
2965 4522 3081 4594 (46)
3100 4541 3222 4581 sese
3248 4527 3504 4584 incidisse

211 4617 378 4671 πολὺν
401 4614 503 4670 τοῦ
530 4615 726 4687 ἀνδρὸς
756 4615 981 4670 ἔπαινον
1034 4621 1299 4681 ποιεῖται,
1337 4621 1432 4673 καὶ
1484 4621 1805 4693 Μαρκιανόν

1914 4611 2162 4678 allirmat,
2193 4627 2256 4668 ac
2281 4614 2457 4668 virum
2496 4615 2747 4670 laudibus
2777 4617 2828 4670 in
2871 4618 3066 4674 cmlum
3115 4621 3272 4676 tollit.
3317 4623 3506 4678 Refert

211 4719 341 4772 φησι
381 4703 484 4755 τὸν
512 4703 824 4772 κριτικδν⁶¹
855 4707 1180 4776 συγγραφέα
1208 4709 1485 4780 ὑπερορᾷν
1524 4710 1625 4779 μὲν
1664 4709 1806 4763 Πλά-

210 4811 371 4860 τωνος
405 4795 509 4847 καὶ
538 4795 942 4865 Δημοσθένους,
979 4801 1078 4861 τὰς
1105 4799 1163 4852 δὲ
1195 4798 1434 4872 Βρούτου
1461 4801 1556 4854 τοῦ
1601 4801 1806 4854 Ἰταλοῦ

211 4884 513 4948 ἐπιστολὰς
546 4887 873 4956 προκρίνειν
893 4889 988 4940 καὶ
1019 4890 1224 4943 κανόνα
1257 4891 1357 4958 τῆς
1381 4893 1440 4944 ὲν
1491 4891 1636 4963 λόγῳ
1669 4894 1807 4962 ἀρε-

211 4978 680 5050 ῖῆςάποφαίνειν.
705 4979 892 5033 Ταῦτα
917 4981 974 5034 δὲ
991 4975 1148 5046 οὗτός
1171 5001 1336 5055 φησιν
1358 4986 1482 5057 οὐχὶ
1509 4987 1607 5057 τὴν
1622 4987 1807 5042 τοιαύ-

210 5089 301 5142 την
339 5073 539 5145 κρίσιν
563 5073 994 5144 ἀποδεχόμενος,
1032 5077 1148 5130 ἀλλ’
1174 5079 1254 5142 είς
1288 5079 1351 5132 τὸ
1397 5080 1474 5150 μὴ
1503 5080 1804 5147 θαυμάζειν

212 5166 256 5218 εί
273 5184 428 5230 τινες
458 5165 558 5220 καὶ
585 5166 684 5237 τῆς
712 5167 1048 5238 Ἀριστείδου
1075 5171 1236 5244 δόξης
1269 5172 1532 5226 ἐλάττονα
1584 5174 1676 5226 τὸν
1711 5175 1803 5227 ἄν-

1914 4716 1970 4759 et
2011 4705 2338 4760 Marcianum
2376 4722 2500 4762 eum
2530 4710 2619 4776 qui
2656 4707 2855 4764 Critica
2901 4714 3247 4784 conscripsit,
3279 4716 3505 4774 Platone

1916 4809 2077 4868 atque
2127 4799 2488 4854 Demosdiene
2542 4802 2820 4869 despecto,
2853 4803 3002 4858 Bruti
3028 4806 3258 4862 Romani
3294 4813 3503 4878 episto-

1915 4891 1994 4947 las
2016 4893 2126 4964 (47)
2161 4895 2373 4948 caeteris
2410 4905 2762 4964 anteponere,
2803 4909 2969 4967 atque
3001 4899 3145 4955 hunc
3180 4919 3277 4972 pro
3313 4922 3500 4960 norma

1916 4987 2095 5040 (tinnis
2130 4987 2183 5040 in
2216 4987 2448 5041 dicendo
2497 4987 2715 5044 virtutis
2745 4999 3006 5046 statuere.
3059 4993 3189 5059 Qua:
3223 4999 3442 5066 quidem
3470 5017 3502 5054 a

1914 5077 2228 5148 Phrynicho
2261 5080 2422 5133 allata
2455 5091 2599 5146 sunt,
2640 5098 2744 5135 non
2775 5084 2920 5152 quod
2949 5086 3050 5140 hoc
3075 5087 3338 5156 judicium
3393 5093 3504 5160 ipse

1912 5175 2169 5241 probaret
2207 5190 2221 5238 ;
2264 5184 2319 5226 at
2348 5188 2416 5227 ne
2451 5175 2571 5243 quis
2618 5175 2862 5244 miretur,
2897 5177 2944 5231 si
2985 5180 3204 5248 quidam
3250 5185 3504 5240 Aristidis

1533 5286 1772 5342 VABIIE
1833 5285 2242 5344 LECTIONES.

270 5376 318 5408 “
347 5375 722 5467 ξυμπαίκτης
751 5395 813 5441 ς.
835 5449 861 5460 η
891 5380 938 5411 ³⁷
964 5380 1176 5467 ἐγίνετο
1197 5398 1268 5467 υς.
1296 5380 1394 5467 καὶ
1423 5391 1548 5467 ante
1576 5383 1971 5467 epiloxade-A.
2051 5383 2365 5467 "na-apicem;
2393 5383 2487 5467 ‘AC
2515 5403 2528 5438 :
2570 5387 2828 5467 κινῂσιως
2856 5407 2915 5453 ς.
2949 5459 2972 5467 _
2993 5390 3038 5422 ⁸⁸
3059 5390 3166 5467 ,τοῦ
3193 5421 3263 5431 -
3298 5411 3502 5467 συγρα-

210 5445 383 5526 φῆς-Δ
418 5445 550 5528 τῷ
575 5477 655 5528 7-.—
678 5445 902 5520 γραφῆς
942 5445 1016 5515 ςξ
1081 5451 1126 5482 ⁶⁰
1157 5451 1329 5504 αἴτιον
1360 5445 1606 5523 Scaliger
1636 5472 1649 5507 :
1691 5453 1812 5508 libri
1844 5454 2015 5520 ἄξιον.

210 5515 386 5569 τικῶν
424 5515 734 5572 Fabricius.

2110 5455 2153 5486 ⁶¹
2173 5453 2449 5525 ’κρητικὸν
2479 5471 2623 5510 corr.
2652 5453 2715 5511 Α.
2751 5459 3014 5527 κριτικῶν
3056 5462 3336 5529 Schottus,
3365 5453 3503 5537 κρη-

189 5611 197 5674 l
1775 5613 2012 5669 ΝΟΤᾸΕ.

279 5702 402 5771 (£5)
452 5702 572 5768 Quo
625 5704 690 5755 de
739 5705 1125 5761 mittendorum
1175 5723 1459 5762 munerum
1509 5708 1676 5762 natali
1719 5709 1807 5763 die

208 5771 479 5844 ﬁlexaml.
533 5773 792 5844 aAhVAlex.
837 5776 930 5828 lib.
984 5793 1018 5832 ll
1067 5778 1276 5833 Genial.
1330 5793 1446 5844 cup.
1493 5777 1600 5841 2'2;
1641 5791 1688 5833 et
1732 5780 1802 5832 ibi

206 5842 488 5919 Tiraquel.
529 5841 656 5919 Gul,
694 5842 973 5919 Stucltius,
1016 5848 1107 5903 lih.
1145 5865 1158 5900 ι
1193 5841 1487 5903 Conririrzl.
1541 5863 1659 5919 cap.
1714 5850 1802 5914 16,

206 5923 402 5966 noster
434 5913 591 5968 Mart.
621 5913 690 5969 de
725 5913 836 5970 lioa
869 5915 1032 5973 Cord.
1065 5920 1321 5990 singulari
1356 5920 1555 5976 libello.

1990 5711 2100 5785 (ξεῖ)
2130 5710 2212 5785 pe
2244 5711 2436 5785 quibus
2470 5713 2597 5766 infr.
2629 5713 2748 5768 eod.
2780 5714 2906 5770 246.
2942 5727 2995 5770 et
3043 5733 3158 5785 seq.

1987 5781 2099 5851 (47)
2120 5781 2264 5851 Quas
2280 5801 2305 5832 a
2329 5783 2592 5836 brevitate
2609 5789 3013 5841 eommendatas
3033 5781 3199 5844 refert
3217 5789 3494 5846 Plutarch.

1913 5851 1965 5904 in
1988 5849 2103 5916 ejus
2126 5849 2244 5905 Vita
2279 5852 2398 5905 init.
2426 5862 2747 5920 eutantque
2766 5854 2832 5909 70
2868 5872 2896 5909 a
2915 5856 3227 5915 Mithridate
3245 5862 3372 5914 olim
3393 5864 3500 5916 col-

1908 5921 2062 5976 lecta:
2079 5931 2132 5976 et
2149 5937 2321 5992 nuper
2340 5921 2526 5978 Grzece
2543 5939 2605 5977 ac
2625 5923 2814 5979 Latine
2832 5928 3091 5998 evulgatae
3111 5931 3161 5985 in
3180 5931 3496 5993 Germania.
