4090 6418
577 460 678 530 431

1741 465 2006 526 PHOTII
2047 465 2491 525 PATRIARCH
2500 463 2561 523 1E
2596 464 2706 526 CP.

3752 462 3854 527 432

576 578 742 645 gloria
792 586 1106 647 superatum
1150 575 1461 631 existiment
1502 578 1646 631 hunc
1695 577 1873 631 virum
1902 616 1918 642 ,
1966 576 2055 645 qui
2100 576 2164 629 ad

2270 577 2374 647 δρα
2399 578 2736 647 νομίζουσιν,
2762 575 2909 630 οὕτω
2931 575 3123 639 κλέους
3152 574 3247 628 τοῦ
3276 575 3334 627 ἐν
3356 575 3536 645 λόγοις
3565 577 3647 640 είς
3688 576 3855 649 ἄκρον

572 685 843 724 summum
890 672 943 725 in
975 670 1315 724 orationibus
1364 669 1547 739 gloria:
1601 670 1768 743 decus
1806 672 2166 734 pervenisset-

574 759 736 814 Lzesit
791 761 936 815 enim
1000 761 1381 814 nonnullorum
1458 760 1659 813 invidia
1717 760 1892 827 ipsum
1951 774 2169 829 quoque

573 851 888 916 Aristidem,
922 860 983 905 ut
1012 860 1065 906 et
1090 851 1225 906 alios
1262 849 1527 920 plurimos
1556 852 1805 905 doctrina
1835 850 2169 906 excellentes

572 947 741 999 viros.
777 945 1109 1001 Undecimus
1151 960 1370 1014 quoque
1405 946 1546 998 idem
1593 944 1805 999 dicatur
1845 943 2167 998 Menodoro.

576 1035 932 1106 Sequentium
972 1052 1103 1091 vero
1135 1037 1227 1109 (ne
1256 1049 1310 1093 et
1341 1053 1439 1091 nos
1472 1038 1558 1091 hic
1599 1035 1943 1103 loquacitatis
1982 1034 2172 1088 nimim

574 1112 705 1182 cum
751 1129 842 1182 illo
889 1130 1240 1199 incusemur)
1283 1130 1422 1182 alios
1469 1129 1687 1197 quidem
1736 1128 1874 1181 liher
1913 1126 2172 1196 Rhigino,

574 1222 713 1275 alius
754 1223 1031 1289 Aristocli,
1083 1240 1297 1277 rnrsmn
1347 1222 1487 1276 alius
1536 1220 1775 1275 Basididi
1815 1219 2024 1274 Milesio
2067 1218 2169 1271 So.

572 1314 769 1381 phista:
817 1324 1161 1385 nuncupatur
1197 1333 1211 1369 :
1263 1315 1315 1368 in
1345 1328 1451 1383 quo
1492 1314 1594 1376 ait,
1640 1312 1802 1366 simul
1838 1324 1893 1364 nt
1925 1328 1952 1364 a
1984 1310 2173 1365 morbo

576 1415 856 1461 recreatus
878 1419 1040 1473 esset,
1078 1408 1219 1461 hunc
1251 1422 1310 1461 se
1350 1408 1415 1460 ad
1447 1408 1594 1460 illum
1628 1406 1910 1473 scripsisse
1941 1422 1955 1458 :
1990 1414 2173 1470 postu-

576 1480 760 1567 latque
796 1510 1000 1561 errata,
1032 1516 1152 1567 qum
1203 1499 1372 1552 morbi
1405 1500 1556 1559 vitio,
1588 1509 1648 1552 ut
1697 1497 1774 1561 fit,
1826 1496 2171 1561 accidissent,

577 1591 700 1645 lima
733 1608 827 1645 sua
852 1594 1119 1647 emendet.
1157 1591 1411 1660 Reliquos
1448 1606 1637 1643 omnes
1668 1591 1855 1649 libros,
1892 1602 2028 1654 quos
2054 1586 2174 1653 qni-

576 1686 697 1737 dem
743 1701 840 1740 nos
890 1686 1145 1750 vidimus,
1203 1684 1509 1755 Mennphilo
1554 1699 1769 1737 rursum
1824 1696 1996 1751 usque
2021 1680 2086 1734 ad
2129 1680 2171 1733 Ω

578 1780 797 1835 obtulit.

650 1868 792 1924 Utile
844 1883 975 1922 sane
1004 1870 1107 1923 hoc
1152 1882 1286 1936 opus
1314 1880 1436 1921 esse
1469 1873 1706 1927 constat,
1747 1878 1868 1917 cum
1896 1863 2167 1918 scribendi

575 1971 688 2014 tum
736 1961 871 2015 bene
903 1960 1112 2015 dicendi
1145 1942 1422 2013 studiosis.
1478 1957 1749 2012 Collectas
1798 1966 1977 2011 autem
2025 1971 2054 2008 a
2109 1971 2168 2010 se

572 2065 735 2105 voces
771 2051 962 2119 101b
997 2052 1063 2105 ad
1120 2052 1262 2105 hunc
1296 2051 1512 2103 modum
1544 2052 1854 2103 discernere
1887 2064 1945 2103 se
1984 2050 2079 2114 ait,
2111 2058 2170 2102 ut

574 2140 695 2194 alia:
736 2142 1043 2195 oratoribus
1078 2141 1407 2206 tribuantur,
1448 2140 1565 2193 aliae
1602 2140 1877 2194 historicis
1906 2139 2167 2193 addican-

576 2241 685 2295 tur,
705 2232 825 2285 alia:
848 2232 1100 2287 familiari
1130 2242 1385 2301 aptentur
1403 2233 1641 2288 sermoni
1669 2249 1684 2298 ;
1716 2232 1971 2286 nonnulla
2004 2230 2165 2285 etiam

574 2324 837 2378 vocabula
871 2326 1123 2382 convitiis
1174 2325 1541 2389 subserviant,
1577 2325 1643 2378 ad
1676 2325 1792 2379 haec
1840 2332 1894 2378 et
1937 2325 1989 2377 in
2022 2339 2169 2375 ama-

575 2417 731 2471 toriis
764 2416 1142 2470 adhibeantur.
1175 2416 1387 2471 Sinceri
1415 2417 1609 2471 deinde
1656 2428 1709 2471 el
1767 2420 1885 2488 puri
1918 2428 1971 2471 et
2002 2416 2165 2472 Attici

573 2508 845 2563 sermonis
882 2510 1149 2577 regulam,
1189 2524 1434 2563 normam
1485 2519 1650 2579 atque
1696 2508 2003 2578 exemplum
2047 2523 2169 2563 esse

571 2601 1082 2671 prmstantissimum
1126 2600 1261 2663 vult,
1312 2599 1594 2655 Platonem
1642 2610 1807 2671 atque
1847 2600 2167 2655 Demosthe-

575 2708 721 2757 nem,
762 2708 883 2747 cnm
923 2693 1129 2762 reliquo
1164 2710 1352 2747 novem
1394 2694 1615 2749 Graeciaa
1648 2706 1923 2749 oratorum
1976 2695 2165 2757 choro,

572 2785 942 2857 Thucydidem
996 2801 1210 2856 quoque
1258 2800 1314 2839 et
1370 2787 1807 2857 Xenophontem,
1848 2795 1903 2840 et
1954 2784 2169 2839 Eschi-

572 2896 697 2933 nem
716 2878 828 2948 (48)
853 2880 999 2932 illum
1024 2877 1245 2949 Lysanii
1268 2879 1435 2933 lilium
1461 2879 1797 2934 Socraticum
1821 2876 2165 2946 appellatum.

569 2968 797 3024 Critiam
845 2970 976 3025 item
1010 2970 1301 3026 Calatschri
1360 2973 1527 3026 lilium
1560 2982 1614 3026 et
1642 2969 2017 3027 Antisthenem
2045 2982 2166 3020 cum

571 3062 845 3132 germanis
877 3061 995 3129 ejus
1025 3064 1362 3117 orationibus
1397 3064 1605 3118 duabus
1628 3063 1696 3117 de
1728 3061 1853 3131 Cyri
1883 3068 1937 3113 et
1962 3057 2168 3130 Ulyssis

571 3155 840 3210 laudibus.
887 3155 929 3208 E
963 3157 1211 3219 comicis.
1241 3157 1657 3225 Aristophanem
1709 3168 1830 3205 cum
1881 3153 1997 3205 suis
2027 3149 2164 3220 (49),

576 3248 662 3301 ubi
683 3248 899 3317 quidem
917 3250 1128 3303 Atticos
1152 3250 1455 3303 imitentur.
1482 3248 1557 3302 De
1580 3246 1818 3314 tragicis,
1844 3243 2164 3315 Eschylum

570 3340 719 3394 illum
753 3341 987 3396 maxime
1016 3341 1426 3410 grandiloqumn
1458 3356 1521 3394 ac
1562 3338 1885 3409 Sophoclem
1918 3352 2163 3402 suavem,

568 3442 619 3487 et
653 3448 1044 3501 usquequaque
1098 3434 1398 3503 sapientem
1457 3434 1790 3503 Euripidem.
1824 3432 1933 3487 Hos
1954 3432 2166 3485 caeteris

569 3527 825 3579 otnnibns
870 3527 1151 3593 anteponit
1185 3526 1299 3580 sive
1344 3528 1673 3592 oratoribus,
1725 3527 1839 3581 sive
1891 3525 2165 3580 historicis

569 3615 684 3668 sive
732 3617 924 3682 poetis.
975 3615 1053 3669 Ex
1088 3616 1173 3671 his
1214 3626 1390 3670 tamen
1424 3632 1637 3671 rursum
1667 3615 1879 3671 caneris
1923 3613 2164 3684 prmfert,

569 3722 725 3772 quos,
750 3706 846 3771 ait,
875 3723 940 3760 ne
969 3706 1085 3775 ipse
1115 3709 1331 3779 quidem
1364 3710 1570 3765 Momus
1600 3708 2028 3778 reprehenderit,
2065 3719 2158 3762 aut

568 3798 792 3852 omnino
841 3800 1133 3853 accesserit
1162 3817 1178 3867 ;
1210 3816 1314 3855 non
1354 3802 1520 3855 etiam
1550 3803 1595 3856 si
1628 3802 1858 3856 maxime
1888 3801 2018 3855 deus
2054 3798 2160 3863 ille,

567 3910 729 3965 quem
760 3895 1075 3965 Corycenm
1104 3896 1215 3965 (50)
1248 3896 1442 3952 fabuhe
1468 3898 1777 3969 indigitant,
1816 3897 1919 3952 illis
1953 3896 2162 3951 inhias-

566 3998 671 4041 set.
689 3985 966 4042 Platonem
993 3988 1213 4054 indicat,
1229 3990 1662 4054 Demosthenem,
1678 4000 1730 4044 et
1755 3989 1972 4060 Lysanii
1992 3989 2159 4043 lilium

567 4078 911 4145 Eschinem,
944 4093 1167 4152 propter
1213 4083 1370 4153 hujus
1410 4094 1613 4153 septem
1668 4082 2014 4151 Dialogorum
2044 4081 2158 4150 (5|)

565 4173 938 4227 excellentiam
992 4192 1006 4228 :
1064 4188 1202 4243 quos
1262 4176 1424 4230 etiam
1477 4175 1695 4246 quidam
1758 4173 1979 4243 scriptis
2042 4170 2160 4239 ejus

564 4266 889 4333 eximentes,
931 4267 999 4321 ad
1034 4266 1316 4324 Socratem
1344 4268 1610 4324 referunt.
1656 4266 1763 4322 Sed
1809 4267 1924 4321 haec
1973 4266 2160 4320 hacte-

636 4447 883 4519 Scrlptor
927 4448 1040 4514 hic,
1076 4450 1121 4506 si
1155 4450 1276 4521 quis
1308 4451 1469 4517 alius,
1502 4450 1653 4504 varia
1699 4449 1899 4503 tinctus
1931 4455 2014 4502 est
2060 4449 2156 4502 do-

561 4539 756 4603 ctrina,
792 4541 1054 4597 verbosus
1082 4542 1303 4612 alioqui,
1356 4553 1412 4597 et
1462 4544 1678 4596 modum
1722 4542 2031 4596 excedendo
2079 4558 2157 4597 re-

2276 670 2551 724 ἐλάσαντα
2576 686 2591 700 '
2626 669 2802 740 ἥψατο
2826 671 2936 741 γάρ
2964 670 2991 721 6
3015 668 3213 737 φθόνος
3243 669 3336 721 ὑπ’
3380 671 3541 724 ἐνίων
3562 671 3855 742 πεμπόμε-

2274 778 2367 823 νος
2400 762 2498 813 καλ¹
2540 759 2897 827 Ἀριστείδου,
2926 759 3115 830 ῶσπερ
3146 760 3241 813 καὶ
3265 760 3444 813 ἄλλων
3476 761 3690 814 πολλῶν
3726 780 3856 815 παι-

2273 854 2391 925 δείᾳ
2422 852 2835 920 διενεγκόντων,
2881 851 3025 904 Ἀλλ’
3058 854 3086 905 6
3123 851 3223 921 μὲν
3240 852 3525 915 ἑνδέκατος
3544 853 3859 925 Μηνοδώρῳ

2277 945 2714 1015 ἐπιπεφώνηται”
2738 944 2847 997 τῶν
2867 944 2923 997 δὲ
2946 943 3163 1014 ἐφεξῇς,
3202 945 3291 997 ἵνα
3319 944 3395 1015 μὴ
3423 945 3519 997 καὶ
3548 946 3715 1015 ἡμεῖς
3737 944 3860 998 κατ’

2276 1038 2483 1090 ἐκεῖνον
2506 1036 2830 1104 πολυλογίας
2851 1037 3031 1090 αἰτίαν
3052 1036 3336 1107 λάὸοιμεν,
3351 1038 3379 1089 6
3400 1036 3497 1107 μὲν
3529 1037 3770 1106 Ῥηγίνῳ
3792 1037 3855 1102 ⁸⁸,

2275 1130 2303 1182 6
2329 1129 2385 1183 δὲ
2416 1129 2579 1182 πάλιν
2622 1128 2984 1199 Ἀριστοκλεῖ,
3018 1130 3045 1181 6
3078 1129 3134 1182 δὲ
3169 1128 3453 1199 Βασιλείδῃ
3483 1128 3564 1199 τῷ
3603 1128 3860 1200 Μιλησίῳ

2278 1224 2505 1290 σοφιστῇ
2581 1220 2983 1291 προσεερωνήθη
3013 1220 3079 1285 ⁸³,
3110 1222 3168 1273 ἐν
3218 1214 3262 1289 ᾧ
3294 1237 3461 1290 φησιν
3516 1221 3717 1275 αὐτίκα
3763 1221 3859 1274 τοῦ

2275 1312 2551 1380 ἀνακύψαι
2569 1312 2669 1381 τῆς
2696 1312 2854 1365 νόσου
2877 1311 3209 1381 ποιήσασθαι
3233 1313 3332 1382 τὴν
3361 1312 3496 1382 πρὸς
3526 1313 3689 1367 αὑτὸν
3724 1330 3862 1383 γραο

2278 1405 2406 1474 φῆν,
2443 1406 2537 1457 καὶ
2560 1406 2794 1457 αίτεῖται
2825 1404 2936 1457 τῶν
2962 1405 3051 1458 διὰ
3087 1404 3185 1475 τὴν
3207 1405 3362 1457 νόσον
3393 1404 3489 1473 (ὡς
3511 1405 3679 1475 είκός)
3708 1402 3861 1473 αύτῷ

2274 1498 2335 1549 ἐν
2384 1496 2463 1567 τῷ
2517 1497 2808 1567 γράμματι
2873 1497 3346 1568 παρασφαλέντων
3420 1495 3689 1549 ἐπιθεῖναι
3761 1496 3860 1565 τὴν

2274 1588 2584 1659 διόρθωσιν.
2626 1589 2688 1639 Οί
2716 1588 2773 1641 δὲ
2800 1587 2979 1641 λοιποὶ
3010 1588 3328 1656 σύμπαντες
3356 1585 3528 1655 λόγοι,
3565 1584 3661 1648 οὓς
3694 1585 3861 1654 ἡμεῖς

2273 1682 2614 1750 ἀνέγνωμεν,
2648 1680 2725 1751 τῷ
2753 1681 3052 1751 Μηνοφίλῳ
3070 1679 3234 1734 πάλιν
3265 1678 3428 1750 μέχρι
3465 1676 3609 1732 τοῦω
3664 1675 3863 1731 ἀνετέ-

2275 1773 2473 1843 θησαν.

2348 1868 2635 1938 Χρήσιμον
2665 1865 2721 1919 δὲ
2750 1866 2992 1936 δηλονότι
3020 1865 3081 1919 τὸ
3113 1864 3319 1936 βιῦλίον
3349 1867 3463 1928 τοῖς
3505 1883 3565 1919 τε
3608 1865 3859 1937 συγγρά-

2199 1939 2241 1995 B
2273 1977 2397 2030 φειν
2424 1961 2522 2013 καὶ
2559 1959 2880 2031 ῥητορεύειν
2911 1959 3207 2014 ἐθέλουσιν.
3264 1958 3392 2031 [175
3442 1957 3537 2030 11.]
3572 1959 3742 2021 Αὐτὸς
3798 1959 3860 2012 δὲ

2268 2051 2648 2121 διακρίνεσθαί
2680 2068 2815 2121 φησι
2848 2052 2949 2116 τὰς
2993 2051 3421 2122 συνειλεγμένας
3473 2050 3622 2121 αύτῷ
3669 2050 3861 2120 φωνάς

2267 2143 2462 2196 τοῦτον
2490 2143 2585 2196 τὸν
2630 2143 2836 2214 τρόπον
2869 2159 2883 2174 ·
2949 2141 3048 2205 τὰς
3084 2143 3184 2214 μὲν
3217 2143 3327 2213 γὰρ
3368 2142 3550 2197 αὐτῶν
3595 2144 3859 2213 ῥήτορσιν

2270 2238 2650 2302 ἀποδεδόσθαι,
2713 2238 2813 2301 τὰς
2858 2238 2914 2291 δὲ
2960 2241 3075 2301 τοῖς
3131 2238 3508 2309 συγγράφουσι
3530 2238 3596 2299 ⁸⁸,
3650 2237 3750 2298 τάς
3794 2236 3858 2289 δὲ

2272 2331 2582 2395 συνουσίαις
2610 2333 2968 2401 ἐφαρμόζειν,
3002 2331 3150 2395 ἐνίας
3178 2332 3234 2385 δὲ
3287 2333 3381 2385 καὶ
3419 2333 3499 2395 είς
3554 2329 3653 2394 τὰς
3704 2346 3860 2382 σκω-

2271 2421 2472 2483 πτικὰς
2500 2421 2811 2489 ὑπάγεσθαι
2836 2421 3048 2485 λαλιὰς,
3069 2421 3103 2492 ἢ
3124 2423 3220 2474 καὶ
3248 2423 3328 2483 είς
3353 2419 3862 2490 τοὺς⁶¹ἐρωτικοὺς

2270 2511 2600 2582 ἐκφέρεσθαι
2623 2511 2883 2583 τρόπους,
2916 2511 3261 2582 Εἱλικρινοῦς
3283 2512 3339 2565 δὲ
3356 2510 3452 2565 καὶ
3481 2508 3727 2581 καθαροῦ
3758 2509 3862 2563 καὶ

2286 2605 2540 2658 ’Δττικοῦ
2572 2605 2733 2672 λόγου
2766 2605 3000 2667 κανόνας
3048 2604 3145 2657 καὶ
3180 2605 3433 2673 στάθμας
3463 2603 3559 2657 καὶ
3590 2602 3863 2673 παράδει-

2269 2698 2388 2767 γμά
2416 2715 2580 2768 φησιν
2607 2697 2829 2767 ἄριστον
2843 2696 3109 2750 Πλάτωνά
3129 2712 3187 2749 τε
3207 2696 3301 2749 καὶ
3330 2695 3681 2767 Δημοσθένην
3714 2692 3864 2764 μετὰ

2272 2790 2366 2842 τοῦ
2402 2791 2695 2863 ῥητορικοῦ
2728 2789 2836 2842 τῶν
2888 2788 3044 2842 ἐννέα
3072 2788 3259 2860 χοροῦ,
3309 2788 3639 2858 Θουκυδίδην
3670 2805 3729 2840 τε
3758 2786 3863 2841 καὶ

2270 2882 2593 2952 Ξενοφῶντα
2621 2884 2717 2935 καὶ
2752 2880 3013 2951 Αίσχίνην
3044 2881 3135 2933 τὸν
3170 2880 3439 2933 Λυσανίου
3474 2880 3566 2932 τὸν
3621 2880 3865 2948 Σωκρα-

2269 2974 2443 3038 τικὸν,
2483 2974 2612 3045 [528
2633 2972 2728 3045 R.]
2761 2972 2991 3043 Κριτίαν
3026 2989 3083 3025 τε
3128 2972 3218 3024 τὸν
3257 2970 3639 3042 Καλλαίσχρου
3674 2970 3720 3002 ⁸⁸
3754 2970 3863 3023 καὶ

2283 3065 2633 3135 ’Λντισθένην
2668 3064 2805 3135 μετὰ
2824 3064 2932 3118 τῶν
2954 3065 3199 3135 γνησίων
3226 3064 3390 3117 αὐτοῦ
3409 3064 3500 3117 δύο
3529 3063 3725 3132 λόγων,
3756 3063 3861 3117 τοῦ

2270 3158 2401 3228 περί
2426 3155 2613 3226 Κύρου
2638 3158 2735 3210 καὶ
2763 3157 2857 3209 τοῦ
2884 3158 3012 3228 περὶ
3062 3156 3378 3219 Ὀδυσσείας
3404 3158 3471 3188 ⁶⁷’
3507 3156 3619 3209 τῶν
3669 3155 3861 3226 μέντοι

2272 3248 2554 3320 κωμῳδῶν
2602 3250 2998 3320 Ἀριστοφάνην
3052 3249 3192 3319 μετὰ
3243 3249 3340 3302 τοῦ
3388 3248 3614 3310 οἰκείου,
3661 3249 3720 3301 ἐν
3770 3243 3863 3312 οἷς

2268 3343 2630 3407 ἀττικίζουσι,
2666 3342 2851 3413 χοροῦ,
2871 3342 2967 3394 καὶ
3003 3343 3111 3394 τῶν
3140 3340 3424 3410 τραγικῶν
3462 3339 3732 3411 Αίσχύλον
3760 3339 3862 3394 τὸν

2271 3434 2787 3504 μεγαλοφωνότατον
2821 3434 2913 3486 καὶ
2940 3433 3217 3503 Σοφοκλέα
3256 3433 3347 3486 τὸν
3398 3433 3603 3500 γλυκὺν
3634 3434 3731 3486 καὶ
3761 3433 3861 3485 τὸν

2267 3529 2542 3598 πάνσοφον
2572 3528 2891 3599 Εὐριπίδην.
2926 3527 3165 3591 Τούτους
3199 3525 3511 3595 προκρίνων
3535 3524 3643 3577 τῶν
3674 3523 3861 3577 ἄλλων

2265 3620 2524 3675 ἁπάντων
2548 3620 2647 3674 καὶ
2669 3620 2915 3692 ῥητόρων
2943 3620 3039 3673 καὶ
3074 3618 3440 3689 συγγραφέων
3459 3617 3554 3671 καὶ
3584 3616 3860 3687 ποιητῶν,

2265 3714 2325 3781 ἐξ
2349 3715 2529 3768 αὐτῶν
2576 3714 2741 3767 πάλιν
2774 3713 3088 3785 προτάττει,
3124 3711 3218 3775 οὒς
3251 3710 3339 3776 ἂν,
3376 3711 3561 3781 φησὶν,
3592 3709 3702 3763 οὐδ’
3754 3709 3861 3765 αὐ-

2264 3809 2354 3873 τὸς
2381 3809 2411 3862 6
2440 3808 2649 3879 Μῶμος
2683 3805 3133 3876 καταμέμψαιτο,
3190 3805 3298 3857 οὐδ’
3328 3805 3380 3857 εί
3422 3821 3505 3867 τις
3560 3803 3775 3873 δαίμων
3826 3804 3861 3857 6

2268 3900 2729 3971 μυθολογούμενος
2784 3899 3109 3969 Κωρυκαῖος
3164 3897 3215 3950 εί
3270 3896 3589 3966 ἐπεγχάνοι,
3647 3895 3859 3967 χαιρή-

2266 4009 2410 4044 σειεν
2437 3991 2482 4024 ⁸⁸
2514 4007 2529 4024 ·
2563 3984 2709 4044 οὗτοι
2741 3990 2787 4043 δ’
2817 3989 2925 4042 elui.
2954 3988 3179 4042 Πλάτων
3235 3987 3330 4041 καὶ
3363 3986 3716 4057 Δημοσθένης
3750 3986 3857 4039 καὶ

2260 4085 2289 4135 6
2315 4084 2409 4137 τοῦ
2441 4083 2710 4138 Λυσανίου
2741 4081 3004 4151 Αἰσχίνης
3031 4079 3100 4131 δι’
3138 4078 3337 4148 ἀρετὴν
3375 4078 3484 4131 τῶν
3537 4074 3679 4129 ἑπτά
3718 4079 3856 4129 Δια-

2262 4176 2457 4244 λόγων,
2488 4176 2525 4229 ἃ
2558 4175 2653 4227 καὶ
2682 4172 3075 4243 άφαιρούμενοί
3133 4187 3280 4233 τινες
3314 4168 3425 4223 τῶν
3475 4168 3856 4238 συγγραμμά-

2260 4285 2369 4321 των
2402 4268 2686 4339 Σωκράτει
2710 4265 3135 4337 προσνέμουσιν.
3171 4262 3316 4315 Ἀλλ’
3347 4264 3404 4316 ἐν
3425 4260 3667 4333 τοσούτῳ
3718 4261 3856 4333 περὶ

2258 4358 2485 4413 τούτων.

2336 4452 2496 4505 Ἐστι
2529 4448 2588 4503 δὲ
2633 4450 2663 4502 6
2696 4448 3069 4520 συγγραφεὺς,
3105 4448 3159 4500 εί
3204 4463 3310 4512 τις,
3341 4443 3848 4516 πολυμαθέστατος,

2259 4542 2436 4605 ἄλλως
2464 4541 2521 4595 δέ
2567 4539 2727 4602 λάλος
2765 4539 2861 4592 καὶ
2889 4539 3145 4610 περιττός
3177 4555 3192 4569 θ
3224 4538 3319 4591 καὶ¹
3362 4536 3471 4606 γάρ
3506 4536 3599 4589 καὶ
3636 4533 3851 4604 ταύτην

560 4632 827 4686 dttndans.
867 4633 1157 4688 Enimvero
1191 4634 1365 4704 ipsum
1398 4634 1499 4688 hoc
1531 4648 1687 4703 Opus,
1725 4632 1858 4687 nihil
1901 4648 2155 4688 necessa-

2267 4639 2360 4706 τὴν
2399 4633 2810 4705 πραγματείαν,
2878 4632 3016 4702 μετὰ
3065 4630 3160 4683 τοῦ
3194 4629 3361 4701 μηδὲν
3386 4631 3494 4682 τῶν
3527 4627 3851 4696 ἀναγκαίων

562 4722 765 4776 riorum
792 4724 1114 4791 omittendo,
1146 4727 1332 4796 quinta
1384 4727 1547 4781 totius
1575 4735 1729 4795 parte
1768 4728 1943 4795 potuit
1974 4728 2150 4783 absol-

559 4816 727 4879 visse,
752 4831 875 4871 cum
911 4819 1129 4874 interim
1162 4820 1296 4890 ipse,
1322 4820 1696 4891 intempestiva
1734 4834 1828 4875 sua
1858 4822 2148 4875 verborum

557 4911 898 4981 profusione,
936 4914 1178 4969 inutilem
1236 4916 1542 4971 extenderit
1592 4915 1644 4970 in
1698 4915 2027 4970 vastitatem.
2069 4913 2147 4969 ita

559 5003 687 5057 dum
739 5004 1007 5075 elegantis
1077 5022 1139 5061 ac.
1168 5018 1407 5063 venusta:
1459 5010 1724 5064 orationis
1780 5009 1970 5063 silvam
2027 5006 2148 5062 aliis

2262 4729 2613 4799 παραλιπεῖν,
2668 4726 2786 4779 ἐνὸν
2856 4725 2976 4796 μηδ’
3020 4724 3101 4785 είς
3146 4723 3396 4793 πέμπτον
3422 4722 3467 4753 ⁶⁹
3524 4721 3688 4790 μέρος
3748 4716 3848 4770 τοῦ

2256 4820 2380 4874 ὅλου
2410 4819 2844 4890 συγγράμματος
2873 4817 3195 4887 ἀπαρτίσαι,
3237 4813 3401 4877 αὐτὸς
3465 4809 3849 4882 ἀκαιρολογῶν

2259 4915 2339 4976 είς
2401 4911 2607 4982 πλῆθος
2660 4910 2891 4975 ἐξέτεινε
2954 4908 3312 4978 δύσχρηστον,
3374 4905 3469 4958 καὶ
3515 4902 3682 4957 καλοῦ
3746 4903 3846 4956 καὶ

2260 5005 2461 5079 ὡραίου
2534 5005 2697 5073 λόγου
2751 5002 2886 5074 ὓλην
2968 5001 3149 5065 ἄλλοις
3229 4997 3598 5070 συναθροίζων
3677 4995 3848 5059 αὐτὸς

1845 5163 2082 5220 VARI/5“.
2110 5161 2493 5219 ΙιΕΟΤΙΟΝΕΞ
2534 5198 2553 5218 .

680 5255 725 5285 ⁸⁸
797 5253 1017 5326 Ῥιγίνῳ
1071 5273 1133 5320 ς.
1204 5256 1276 5312 cf.
1334 5256 1516 5311 Vales.
1582 5257 1709 5311 add.
1786 5256 1839 5309 in
1912 5266 2101 5309 annot.
2154 5255 2223 5309 ad
2274 5254 2485 5326 Socrat.

1770 5327 1814 5358 ⁸⁵
1844 5326 1971 5384 τοὺς
2001 5326 2124 5381 add.
2153 5326 2220 5379 Δ.

2138 5398 2441 5477 χωρήσειεν
2466 5414 2535 5477 ις.
2573 5385 2821 5477 [ιὲἷοιιὶυε
2852 5392 3158 5465 χωρίσειεν,
3197 5385 3401 5445 otiiisso
3426 5385 3571 5458 (ante
3598 5385 3842 5454 ἐπεγχά·

834 5468 877 5497 ⁸³
908 5466 1184 5537 πέμπτον¹
1210 5466 1269 5521 ἓν
1305 5485 1451 5524 corr.
1494 5471 1557 5532 A,
1594 5466 1859 5537 quiquid
1895 5483 1976 5535 pr.
2015 5466 2287 5531 habuerit,
2313 5482 2420 5520 non
2465 5467 2650 5535 liquet.

553 5324 691 5398 νήθη
731 5343 793 5398 ςἶ
887 5328 931 5357 ⁸⁵
958 5324 1334 5398 συγγραφεῦσι
1398 5327 1661 5396 Scaliger.

555 5396 599 5425 ⁸⁸
640 5396 1025 5479 χαῧιρίδᾳὲιενᾉ
1090 5396 1303 5479 eteo‘rr.
1340 5399 1399 5455 C.
1444 5399 1533 5479 qui
1577 5397 2029 5479 pr._xapp§cetsv_
2069 5416 2082 5451 :

551 5481 640 5518 νοι
668 5483 737 5520 ει.

2537 5270 2593 5325 p.
2637 5253 2727 5307 ιι.
2808 5252 2872 5307 C.
2922 5252 3241 5325 ed.JAms_t.

3367 5248 3413 5280 η
3471 5261 3845 5319 προσεπεφω-

2942 5322 2985 5353 ⁸⁷
3017 5322 3217 5391 ὀδυσσῆ
3259 5318 3350 5391 τδν
3378 5347 3449 5391 --τ
3474 5315 3738 5391 κωμῳδὸν
3774 5331 3841 5391 ς.

2328 5325 2373 5357 ⁸⁸
2399 5325 2751 5407 Καλαίρχρου
2780 5340 2840 5387 ς.

2110 5582 2158 5635 Ν
2164 5580 2347 5635 ΟΤΔΕ.

621 5670 735 5745 (48)
769 5672 841 5745 [ie
864 5687 970 5740 quo
1001 5673 1128 5727 item
1160 5689 1309 5745 supr.
1330 5678 1457 5733 eod.
1484 5676 1573 5731 (ii.

621 5742 735 5812 (49)
771 5742 981 5796 Veteris
1015 5742 1294 5799 coma-diae
1323 5749 1701 5812 scriptoribus.

768 5812 896 5886 Yide
931 5813 1151 5886 S_ttid_:tm
1177 5826 1230 5886 et
1258 5810 1482 5886 Adagia.

618 5881 734 5952 (5i)
761 5882 907 5948 QUOS
945 5884 1000 5939 in
1025 5884 1141 5955 eius
1176 5885 1294 5941 Vita
1326 5881 1509 5946 Laert.
1538 5888 1799 5959 Diogenes
1833 5893 2136 5941 cnumetat.

2251 5675 2305 5727 In
2348 5675 2541 5742 quibus
2566 5683 2619 5726 et
2648 5674 2943 5731 Axiochus.
2974 5686 3067 5725 seu
3093 5672 3169 5726 De
3196 5679 3390 5742 morte,
3430 5668 3501 5742 ab
3532 5664 3840 5742 Harpocra-

2247 5734 2391 5797 tione
2416 5758 2633 5813 qnoque
2666 5746 2841 5797 eidem
2862 5744 3146 5813 tributus;
3175 5742 3273 5794 etsi
3339 5738 3518 5813 hodie,
3548 5737 3640 5813 sed
3674 5734 3837 5794 falso,

2243 5805 2454 5869 Platoni
2483 5805 2829 5869 adscribitur.
2862 5811 2996 5869 Vide
3032 5824 3085 5867 et
3116 5811 3334 5866 Suidam
3364 5812 3414 5863 in
3440 5805 3727 5863 Eschine.
