4090 6414
1319 417 1843 483 BIBLIOTHECA.
1872 443 1941 461 ·-·
1977 423 2192 486 CODD.
2223 423 2420 486 CLIX.

3416 428 3517 494 ω

236 526 295 578 οὐ
356 522 481 578 λίαν
532 522 764 596 τοιούτῳ
819 524 946 596 περὶ
994 524 1172 579 αὐτῶν
1235 526 1594 596 ἀπαγγέλλων
1656 531 1818 603 ἐχρή-

1931 534 2259 605 accumniat,
2325 551 2392 589 ne
2441 533 2531 589 illa
2576 536 2796 605 quidem
2851 536 2990 606 ipsa,
3041 541 3108 595 de
3155 555 3260 610 qua
3306 547 3516 602 caeteris

229 417 332 483 433

233 639 360 675 σατο
378 621 449 677 ⁷⁸.

949 714 1122 771 ΡΝΘ’.

241 805 628 876 Ἰσοκράτους
650 805 758 861 τοῦ
783 806 1044 931 ῥήτοὴροῖε
1060 808 1260 931 "uorat
1302 814 1417 871 κω,
1445 807 1548 862 καί
1574 808 1824 864 ἐπιστο-

961 896 999 930 α
1116 919 1128 931 .

299 971 698 1044 Ἀνεγνὼσθη⁷¹
717 971 1061 1044 Ἰσοκράτους
1076 972 1172 1026 τοῦ
1195 974 1425 1045 ῥήτορος
1437 977 1616 1047 Λόγοι
1633 974 1718 1032 κα⁹
1733 980 1826 1030 καὶ

232 1063 553 1119 Ἐπιστολαὶ⁵
583 1063 648 1123 0'.
667 1065 1132 1137 Συμϐουλευτικοὶ
1168 1067 1267 1137 μὲν
1293 1068 1404 1120 τῶν
1433 1069 1598 1122 αὐτοῦ
1650 1070 1824 1138 λόγων

231 1157 366 1210 εἰσὶν
414 1157 446 1211 ὃ
497 1175 560 1211 τε
615 1158 754 1229 πρὸς
785 1158 1094 1230 Δημόνικον
1145 1159 1242 1213 καὶ
1293 1161 1486 1231 ὀπρὸς
1524 1161 1819 1227 Νικοκλέα,

234 1249 543 1320 χρησίμους
581 1251 936 1320 παραινέσεις
979 1252 1350 1323 περιέχοντες,
1382 1254 1474 1306 καὶ
1504 1252 1584 1306 ἔτι
1621 1256 1650 1307 6
1704 1255 1826 1308 δεύ-

232 1358 386 1413 τερος
417 1343 561 1413 πρὸς
594 1343 871 1396 Νικοκλέα
897 1344 993 1397 καὶ
1013 1346 1041 1398 6
1060 1346 1103 1376 ⁷⁸
1134 1345 1273 1413 Περὶ
1306 1343 1413 1412 τῆς
1426 1345 1694 1414 εἰρήνης.
1715 1347 1824 1400 Καὶ

232 1431 697 1501 ὀΠανηγυρικὸς
723 1433 780 1487 δὲ
804 1435 1008 1488 σκοπὸν
1039 1433 1186 1506 ἔχειν
1222 1436 1534 1504 ὑποτίθεται
1561 1438 1661 1507 τὴν
1687 1456 1824 1510 συμ-

233 1521 459 1595 ϐουλὴν,
486 1525 557 1578 δι’
574 1519 644 1597 ἦς
667 1526 897 1596 όμόνοιά
915 1545 975 1582 τε
1003 1529 1141 1599 πρὸς
1163 1529 1430 1600 ἀλλήλους
1452 1531 1566 1594 τοῖς
1597 1530 1822 1602 Ἕλλησι

231 1619 323 1670 καὶ
355 1617 544 1683 κοινὸς
592 1620 623 1672 6
657 1619 795 1691 πρὸς
849 1621 979 1685 τοὺς
1029 1621 1349 1693 βαρϐάρους
1403 1623 1822 1695 καταπραχοείη

228 1708 471 1782 πόλεμος
501 1727 517 1742 ο
560 1711 622 1764 τὸ
679 1712 738 1766 δὲ
781 1713 1038 1769 πλεῖστον
1109 1714 1206 1768 τοῦ
1244 1714 1406 1784 λόγου
1456 1717 1538 1778 εἰς
1588 1714 1659 1769 τὰ
1712 1715 1822 1770 τῶν

238 1801 546 1873 Ἀθηναίων
577 1804 831 1877 ἐγκώμια
857 1807 1268 1878 κατα-τρίϐεται.
1318 1808 1430 1861 Kal.
1473 1809 1502 1860 6
1547 1811 1821 1876 Ἀρεοπα-

1926 636 2196 696 praecepta
2232 625 2414 690 tradit,
2445 633 2595 682 recte
2629 629 2764 681 satis
2802 626 3148 700 Phrynichus
3173 641 3259 688 est
3291 649 3443 690 usus.

2101 804 2357 862 Isocratis
2400 717 2836 864 Orationiuxfi.
2884 820 2932 868 ct
2966 809 3229 880 Epistola:
3261 829 3338 872 is,

1997 961 2250 1032 Legimus
2301 964 2554 1018 Isocratis
2613 966 2846 1021 oratoris
2894 982 3054 1021 unam
3112 985 3279 1036 supra
3332 973 3515 1039 viginti

1926 1056 2230 1122 Orationes,
2269 1068 2319 1111 et
2355 1055 2627 1127 Epistolas
2671 1075 2870 1114 novem.
2918 1059 3262 1116 Deliberativi
3297 1065 3514 1132 quidem
3618 1101 3623 1106 .

1923 1147 2142 1217 generis
2161 1149 2440 1204 orationes
2468 1150 2630 1204 habet
2671 1151 2738 1204 ad
2770 1151 3122 1206 Demouicum
3147 1163 3201 1206 et
3237 1155 3304 1207 ad
3357 1154 3518 1212 Nico-

1924 1242 2086 1306 clem,
2147 1257 2266 1312 qua;
2315 1243 2716 1298 admonitiones
2763 1246 3044 1299 continent
3099 1247 3400 1316 perutiles;
3462 1259 3518 1304 et

1924 1333 2150 1388 alteram
2203 1333 2331 1388 item
2373 1335 2439 1388 ad
2484 1333 2783 1400 Nicoclem,
2817 1350 3089 1405 unamque
3123 1335 3235 1407 (52)
3269 1337 3343 1392 De
3367 1355 3512 1406 pace.

1923 1423 2258 1497 Panegyrico
2279 1443 2343 1480 an
2353 1437 2456 1481 tem
2480 1429 2583 1482 etsi
2597 1427 2685 1482 illa
2705 1429 2976 1498 proposita
2999 1428 3318 1485 deliberatio
3336 1432 3517 1486 videa-

1925 1528 2032 1586 tur,
2063 1534 2168 1589 qua
2211 1518 2441 1587 Grmcis,
2465 1520 2760 1576 concordia
2794 1521 2937 1576 inter
2966 1522 3112 1592 ipsos
3140 1524 3296 1592 inita,
3327 1524 3515 1579 sociali

1922 1611 2391 1667 bello'Barharos
2447 1627 2569 1668 esse
2627 1614 3020 1683 oppugnandos
3075 1615 3466 1684 persuadeatur
3495 1659 3511 1684 ,

1927 1704 2125 1774 102a
2149 1704 2307 1773 longe
2360 1714 2534 1758 tamen
2564 1705 2800 1758 maxima
2832 1705 2974 1760 illius
3011 1706 3273 1762 orationis
3299 1723 3426 1776 pars
3459 1709 3514 1763 in

1921 1795 2334 1850 Atheniensium
2361 1794 2610 1850 laudibus
2666 1795 3012 1851 recensendis
3046 1807 3369 1866 consumpta
3404 1805 3510 1851 est.

225 1893 458 1964 τιτγκὸς
515 1894 574 1947 δὲ
602 1895 714 1955 τῶν
761 1896 1241 1967 συμϐουλευτικῶν
1297 1898 1435 1959 ἐστὶ,
1490 1898 1818 1968 προτρέπων

1921 1887 2316 1956 Areopagitica:
2395 1901 2612 1957 quoque
2673 1887 2726 1941 in
2798 1879 3165 1942 suasoriarum
3237 1901 3462 1942 numero
3493 1928 3513 1955 ,

223 1985 348 2050 τοὺς
389 1986 717 2058 Ἀθηναίους
745 1988 832 2040 ἐπ’
861 1989 1066 2058 ἀρετὴν
1086 1988 1146 2055 ἐξ
1168 1988 1394 2043 ἐπαίνου
1433 1990 1534 2060 μὲν
1556 1991 1664 2045 τῶν
1686 2008 1818 2063 προ-

1921 1980 2283 2036 Atbenieuses
2327 1983 2392 2034 ad
2435 1981 2687 2035 virtutem
2738 1981 2951 2047 incitat,
2997 1996 3122 2036 eum
3169 1996 3199 2034 a
3246 1981 3511 2048 majorum

224 2077 558 2146 γεγονότων,
594 2081 952 2151 καταδρομῆς
977 2081 1036 2135 δὲ
1061 2081 1170 2135 τῶν
1201 2080 1282 2134 ἔτι
1309 2082 1388 2154 τῷ
1413 2083 1573 2154 pia)"
1605 2085 1821 2157 περιόν-

225 2187 349 2224 των.
385 2173 502 2226 Καὶ
521 2174 908 2240 όΠλατατκὸς
939 2174 997 2227 δὲ
1021 2176 1480 2246 συμϐουλευτικός
1503 2178 1640 2232 ἐστι.
1659 2178 1771 2232 Καὶ
1789 2181 1820 2234 6

223 2264 673 2335 ἐπιγραφόμενος
701 2268 758 2321 δὲ
776 2268 1138 2338 Ἀρχίδαμος
1175 2270 1634 2340 συμϐουλευτικός
1655 2273 1770 2324 ἐστι
1800 2288 1816 2302 ·

225 2360 600 2430 ·ιταρακα).εῖ’¹¹⁵
631 2360 1097 2431 Λακεδαιμονίους
1125 2361 1220 2414 ἐπὶ
1251 2361 1341 2413 τὸν
1361 2360 1484 2414 κατ’
1518 2361 1818 2431 Ἀθηναίων

221 2455 462 2523 πόλεμον
486 2454 632 2526 ὑπὲρ
663 2454 1074 2524 Μεσσηνίωνθδ.
1122 2455 1180 2508 '0
1208 2454 1266 2508 δὲ
1299 2453 1462 2510 Κατὰ
1486 2452 1608 2508 τῶν
1636 2458 1816 2524 Σοφι-

222 2545 380 2600 στῶν
410 2546 868 2617 ἐπιγραφόμενος
893 2546 1200 2617 κατηγορία
1245 2546 1356 2598 τῶν
1408 2545 1818 2600 ἀντιπολιτευο-

229 2636 405 2705 μένων
437 2635 594 2705 αύτῷ
615 2635 733 2687 ἐστὶ
765 2635 1057 2704 σοφιστῶν.
1103 2635 1160 2688 ’0
1182 2635 1238 2688 δὲ
1271 2633 1472 2706 ἐφεξῆς
1493 2634 1652 2704 λόγος
1678 2635 1815 2687 Βου-

224 2730 428 2801 σίριδος
459 2728 612 2800 αύτῷ
645 2730 797 2783 ἐστὶν
819 2728 1117 2798 ἐγκώμιον,
1161 2729 1351 2799 ὥσπερ
1381 2730 1476 2783 καὶ
1517 2730 1820 2798 ἐπιγέγρα-

220 2839 371 2878 πται.
392 2822 458 2877 Ὀ
477 2822 536 2875 δὲ
571 2822 857 2885 ἑνδέκατος
871 2821 1125 2889 Ἑλένης
1161 2821 1472 2890 ἐγκώμιον.
1505 2822 1616 2875 Καὶ
1648 2824 1676 2874 6
1715 2821 1819 2874 δω-

219 2915 452 2978 δέκατος
484 2914 769 2984 Εὐαγόρου
804 2913 1101 2984 ὲγκώμιον,
1131 2913 1191 2974 ὃς
1218 2915 1532 2982 Εὐαγόρας
1579 2912 1818 2983 ἐπιγρά-

222 3025 402 3075 φεται,
439 3005 983 3077 προσπεφωνημένος
1032 3006 1292 3060 Νικοκλεῖ
1355 3005 1434 3076 τῷ
1478 3006 1605 3059 υἱεῖ.
1647 3005 1706 3058 ’0
1761 3004 1818 3058 δὲ

224 3101 675 3171 ἐπιγραφόμενος
705 3100 1002 3165 Φίλιππος
1049 3098 1512 3169 συμϐουλευτικός
1560 3099 1700 3161 ἐστι,
1728 3098 1821 3150 Φι-

227 3189 416 3260 λίππῳ
450 3189 842 3260 συμϐουλεύων
899 3191 998 3260 τῆς
1027 3207 1086 3242 τε
1117 3189 1224 3242 τῶν
1271 3189 1544 3260 Ἐλλήνων
1594 3188 1816 3258 φροντί-

1923 2073 2191 2138 laudibus,
2247 2083 2358 2128 tum
2432 2088 2621 2127 eorum
2672 2075 3138 2143 reprehensione,
3188 2074 3279 2143 qui
3334 2072 3512 2127 adhuc

1919 2169 2242 2235 superstites
2275 2175 2474 2221 essent.
2527 2165 2806 2220 Plataicus
2866 2166 2992 2221 item
3041 2165 3356 2220 deliberatio
3401 2176 3508 2229 est,

1923 2260 1998 2312 uti
2048 2267 2102 2313 et
2150 2258 2502 2312 Archidamus
2545 2262 2634 2326 qui
2690 2259 3024 2323 inscribitur,
3069 2258 3510 2314 Lacedaemonios

1920 2351 1989 2406 ad
2021 2351 2221 2406 bellum
2266 2368 2388 2406 cum
2419 2353 2844 2407 Atheniensilms
2873 2353 2984 2424 (55)
3018 2368 3180 2422 super
3221 2352 3508 2407 Messeniis

1919 2444 2214 2516 gerendum
2249 2446 2518 2500 hortatur.
2547 2447 2615 2500 At
2651 2449 2828 2500 oratio
2875 2447 2962 2499 illa
2994 2443 3190 2499 Contra
3231 2445 3509 2512 Sophistas

1920 2537 2200 2605 inscripta,
2233 2538 2450 2592 eosdem
2486 2553 2515 2590 a
2543 2552 2602 2591 se
2633 2537 2959 2591 dissidentes
2991 2544 3235 2589 accusat.
3262 2534 3512 2604 Sequens

1918 2628 2135 2692 deinde,
2197 2631 2338 2697 quod
2371 2629 2554 2683 titulus
2621 2629 2735 2698 ipse
2786 2627 3022 2696 praal'ert,
3073 2627 3360 2682 Busiriden
3395 2627 3509 2695 (54)

1923 2721 2130 2775 laudat.
2167 2719 2467 2776 Undecima
2523 2721 2817 2774 eucomiuut
2847 2730 2931 2775 est
2965 2718 3204 2773 Helenw.
3243 2718 3511 2774 Duodeci-

1921 2829 2007 2867 ma
2037 2829 2166 2868 vero
2210 2811 2468 2882 Evagorre
2499 2811 2635 2875 laus,
2671 2813 2814 2866 unde
2845 2821 2899 2864 et
2947 2809 3220 2879 Evagoras
3250 2809 3510 2865 inscribi-

1923 2915 2026 2965 tur,
2062 2901 2266 2958 Nicocli
2310 2902 2550 2972 ejusdem
2587 2901 2696 2955 ﬁlio
2719 2901 2986 2956 dedicata.
3024 2899 3211 2956 Oratio
3248 2915 3508 2969 sequens,

1920 2998 2005 3051 cui
2057 2995 2289 3066 Philippi
2327 2995 2514 3050 titulus
2564 3005 2669 3059 est,
2717 2994 2948 3049 suasorii
3001 3009 3215 3047 rursum
3268 2994 3506 3062 generis,

1921 3089 2227 3158 Philippum
2259 3088 2602 3152 adhortatur,
2633 3097 2690 3140 ut
2717 3096 2772 3141 et
2803 3085 3117 3140 Gra’cornm
3141 3085 3356 3138 studeat
3380 3101 3509 3140 con-

1921 3184 2140 3248 cordiae,
2186 3190 2244 3236 et
2293 3183 2360 3237 de
2412 3180 2686 3235 connnuni
2742 3179 3005 3234 adversus
3054 3178 3318 3232 barbaras
3364 3176 3516 3236 Asiae.

225 3283 334 3346 ζειν
351 3283 616 3354 ὁμονοίας
638 3281 766 3354 [174
796 3281 898 3354 Η.]
938 3283 1032 3335 καὶ
1087 3283 1187 3352 τῆς
1242 3281 1388 3334 κατὰ
1409 3281 1520 3334 τῶν
1564 3283 1622 3334 ὲν
1661 3279 1817 3354 Ἀσίᾳ

1921 3285 2108 3346 gentes
2121 3274 2470 3343 expeditione
2496 3272 2796 3340 adiuvanda
2833 3272 3051 3342 cogitet.
3079 3269 3508 3324 Panathenaicus

227 3373 525 3444 βαρϐάρων
558 3375 939 3444 συστρατείας.
989 3373 1047 3425 '0
1070 3373 1126 3426 δὲ
1154 3371 1614 3438 Παναθηναϊκὸς
1638 3371 1818 3440 ἐγκώ-

229 3470 347 3536 μιόν
371 3467 613 3535 ὲστιτῆς
651 3465 950 3536 Ἀθηναίων
986 3465 1207 3528 πόλεως
1239 3466 1336 3518 καὶ
1358 3464 1469 3517 τῶν
1507 3464 1816 3534 προγόνων,

223 3559 280 3610 ὃν
299 3557 664 3628 ἀπάρξασθαι
703 3556 802 3628 μέν
830 3575 965 3629 φησι
1001 3557 1348 3627 συγγράφειν
1375 3556 1701 3626 ἐνενήκοντα
1723 3555 1819 3610 καὶ

221 3653 510 3720 τεττάρων
545 3649 681 3704 ἐτῶν
712 3650 862 3719 ἄγων
887 3649 1127 3721 ἠλικίαν,
1156 3650 1312 3702 νόσου
1339 3648 1396 3702 δὲ
1421 3647 1670 3718 χαλεπῆς
1699 3665 1818 3719 τρι-

222 3743 372 3796 ετίαν
401 3740 798 3812 κατασχούσης
827 3743 884 3794 ὲν
911 3739 989 3812 τῷ
1019 3739 1362 3812 ἐνενηκοστῷ
1391 3739 1606 3811 ἑϐδόμῳ
1627 3742 1709 3802 εἰς
1728 3742 1821 3793 πέ-

227 3852 324 3905 ρας
344 3835 588 3902 ἀγαγεῖν
620 3833 712 3886 τὸν
741 3834 920 3902 λόγον.
960 3834 1020 3886 '0
1048 3834 1105 3887 δὲ
1132 3833 1274 3900 Περὶ
1307 3832 1420 3902 τῆς
1451 3831 1820 3898 ἀντιδόσεως

226 3925 677 3996 ἐπιγραφόμενος
722 3925 880 3995 λόγος
918 3926 1200 3988 δικανικός
1221 3943 1305 3988 τις
1350 3920 1490 3978 εἶναι
1521 3924 1690 3990 δοκεῖ,
1724 3925 1820 3977 καὶ

224 4017 531 4084 ἀπολογίαν
559 4016 700 4086 ἔχων
725 4011 799 4071 ὧν
817 4017 1138 4087 Λυσίμαχος
1165 4016 1351 4080 κακῶς
1379 4013 1533 4068 εἶπεν
1572 4015 1818 4099 Ἰσοκρόι-

222 4125 345 4181 την.
368 4108 509 4182 [529
530 4105 625 4181 8.]
647 4109 753 4162 Δύο
786 4109 842 4162 δὲ
870 4111 963 4163 καὶ
981 4110 1313 4181 ὀγδοήκοντα
1345 4108 1488 4162 ἐτῶν
1520 4107 1637 4161 ὄντι
1662 4101 1820 4172 οὗτος

223 4201 373 4271 αύτῷ
393 4202 443 4232 ⁷⁵
469 4200 729 4271 μέγιστος
770 4199 845 4254 ὣν
875 4200 986 4253 τῶν
1036 4201 1213 4255 ἄλλων
1258 4203 1285 4254 6
1318 4199 1476 4268 λόγος
1519 4199 1816 4267 συνετάγη,

222 4295 333 4347 εστι
363 4295 413 4347 δ’
445 4295 475 4347 6
496 4293 659 4361 λόγος
684 4295 730 4325 τ’
767 4293 1075 4364 σύμμικτος
1105 4295 1198 4347 κα).
1235 4293 1494 4356 ποικίλος.
1540 4291 1746 4362 μᾶλλον
1781 4291 1816 4364 ἢ

223 4388 268 4440 οἱ
295 4387 454 4442 ἄλλοι
481 4403 498 4418 ’
538 4385 902 4456 παρατίθεται
939 4387 996 4438 δὲ
1026 4386 1122 4439 καὶ
1156 4385 1266 4438 τῶν
1294 4385 1471 4440 ἄλλων
1521 4384 1688 4438 αὑτοῦ
1729 4384 1819 4436 λόο

224 4496 336 4546 γων
358 4479 680 4551 περικοπὰς
711 4497 884 4542 τινας,
918 4478 976 4544 ἐξ
1001 4473 1077 4531 ὧν
1105 4478 1167 4530 ού
1199 4477 1441 4549 φθείρειν
1471 4477 1602 4541 τοὺς
1661 4474 1818 4538 νέους

224 4574 333 4627 ἀλλ’
355 4575 600 4644 ὠφελεῖν
633 4573 694 4625 τὸ
711 4573 890 4626 κοινὸν
920 4570 1291 4625 ἐπιδείκνυσιν
1325 4569 1542 4623 ἑαυτόν.
1593 4571 1816 4622 Δικανι-

224 4665 312 4730 κός
341 4665 401 4719 δὲ
426 4665 529 4719 καὶ
551 4665 579 4716 6
595 4666 753 4732 Πρὸς
778 4665 1171 4732 Καλλίμαχον
1191 4679 1204 4692 ·
1228 4662 1432 4732 ὁμοίως
1469 4661 1526 4714 δὲ
1555 4661 1647 4715 καὶ
1665 4662 1693 4713 6
1712 4661 1814 4714 Al-

224 4757 534 4824 τινητικὸς
553 4757 597 4787 ⁷⁸
630 4756 773 4826 ὑπὲρ
802 4755 1005 4826 κλήρου
1030 4755 1459 4824 ἀγωνιζόμενος.
1502 4752 1624 4806 Τῶν
1657 4751 1813 4805 δικα-

224 4846 385 4899 νικῶν
405 4845 465 4899 δὲ
493 4846 592 4898 καὶ
619 4847 647 4898 6
678 4845 830 4913 Πρὸς
850 4846 1167 4898 Εὐθύνοον
1203 4843 1358 4911 ὑπὲρ
1394 4844 1627 4906 Νικίου,
1661 4845 1756 4894 καὶ
1785 4843 1814 4894 6

231 4936 661 5004 τραπεζῖτικύς,
680 4939 774 4990 καὶ
795 4937 824 4988 6
851 4935 1003 5004 Πρός
1015 4935 1296 5006 Λοχίτην,
1319 4934 1534 5005 ὕϐρεως
1559 4937 1653 4988 καὶ
1671 4933 1812 5006 πλη-

226 5028 332 5095 γῶν
347 5029 511 5098 δίκην
542 5027 812 5081 ἁπαιτῶν.
848 5026 1005 5080 Οὕτω
1039 5029 1136 5099 μὲν
1169 5025 1263 5080 καὶ
1292 5025 1584 5088 τοσούτους
1636 5023 1809 5093 ἐγνω-

1920 3366 2158 3422 laudatio
2214 3377 2294 3422 est
2343 3367 2495 3420 urbis
2546 3366 2906 3431 Athenarum,
2962 3364 3336 3434 maiorumque
3391 3363 3510 3432 ejus

1920 3459 2210 3513 illustrium
2258 3476 2274 3513 :
2331 3473 2490 3528 quant
2553 3474 2614 3514 se
2665 3459 2905 3515 scribere
2964 3457 3076 3531 (55)
3126 3457 3358 3526 coepisse
3409 3456 3508 3518 ait,

1920 3566 2094 3604 annos
2144 3549 2256 3618 jam
2305 3559 2488 3603 natum
2540 3561 2774 3619 quatuor
2816 3561 2871 3605 et
2914 3551 3258 3620 nonaginta;
3315 3552 3507 3605 morbo

1921 3652 2102 3695 autem
2141 3642 2290 3711 gravi
2325 3643 2615 3696 triennium
2653 3653 2906 3707 vexante,
2939 3643 3100 3697 tertio
3135 3642 3353 3697 demum
3379 3650 3508 3696 ante

1920 3735 2272 3788 centesimum
2293 3733 2470 3789 aetatis
2489 3749 2694 3788 annum
2723 3735 2792 3789 ad
2813 3735 3017 3790 exitum
3038 3750 3158 3789 eam
3188 3734 3502 3789 adduxisse.

1919 3824 2106 3880 Oratio
2145 3840 2296 3888 vero,
2349 3826 2434 3879 cui
2468 3824 2546 3879 De
2573 3825 2954 3894 permutatione
2994 3826 3204 3888 titulus,
3232 3824 3508 3893 iudicialis

1919 3931 2042 3972 esse
2083 3914 2316 3981 videtur,
2340 3917 2688 3986 continetque
2722 3919 3093 3987 purgationem
3138 3933 3355 3980 eorum,
3385 3916 3509 3986 qni-

1921 4011 2021 4064 bus
2050 4007 2338 4064 Isocratem
2363 4007 2720 4079 Lysimachus
2749 4017 2894 4061 esset
2934 4007 3322 4062 calumniatus.
3355 4006 3507 4059 lianc

1919 4117 2065 4157 anno
2103 4100 2280 4155 {etatis
2324 4099 2656 4169 octogesimo
2699 4099 2938 4152 secundo
2964 4137 2980 4164 ,
3027 4099 3336 4155 orationmn
3391 4099 3505 4167 (56)

1919 4203 2236 4249 ca'tcrarum
2289 4193 2583 4246 tuaximam
2630 4193 2976 4259 conscripsit,
3011 4203 3067 4249 et
3115 4193 3330 4246 rnistam
3381 4191 3504 4259 qni-

1920 4291 2040 4341 dcm
2069 4301 2187 4340 eam
2219 4285 2495 4355 magisque
2521 4287 2754 4348 variam,
2779 4301 2942 4355 quam
2978 4299 3010 4340 e
3041 4286 3262 4354 reliquis
3316 4285 3502 4348 ullam,

1919 4378 2139 4432 insertis
2189 4378 2409 4448 insuper
2441 4377 2666 4432 aliarum
2695 4377 2811 4446 ejus
2858 4380 3167 4431 orationum
3207 4380 3505 4446 segmentis

1919 4469 2074 4539 (57),
2117 4470 2314 4539 quibus
2369 4485 2472 4523 non
2523 4485 2874 4539 corrumpere
2912 4485 2971 4524 se
3002 4469 3358 4533 iuventutem,
3407 4471 3501 4521 sed

1921 4579 2032 4618 rem
2065 4563 2260 4630 juvare
2293 4565 2564 4635 publicam
2607 4564 2869 4619 ostendit.
2923 4563 3179 4617 Forensis
3228 4577 3379 4627 :eqtte
3419 4569 3502 4614 est

1922 4663 1977 4707 ει
2007 4654 2095 4707 illa
2144 4654 2345 4709 Contra
2370 4652 2755 4708 Callimachum
2781 4669 2800 4716 ;
2832 4651 3084 4704 similiter
3111 4659 3166 4702 et
3196 4647 3502 4718 Αἰθίκειὶοα

1921 4743 1989 4798 de
2016 4745 2331 4799 haereditate
2373 4741 3078 4798 contendens.Judiciorum
3099 4754 3318 4809 quoque
3350 4751 3500 4800 sunt,

1922 4836 2097 4890 oratio
2134 4835 2245 4905 (58)
2273 4835 2533 4888 Adversus
2558 4832 2882 4903 Eulltymum
2910 4849 3005 4902 pro
3035 4832 3193 4886 Nicia
3221 4841 3277 4886 et
3307 4825 3505 4900 Trape-

1921 4928 2102 4992 zitica,
2138 4937 2193 4981 et
2217 4926 2481 4980 Adversus
2518 4925 2805 4990 Lochitem,
2849 4924 3170 4995 injuriarnm
3200 4923 3498 4993 plagarum-

1919 5035 2024 5089 que
2069 5034 2284 5087 pinnam
2319 5032 2628 5087 repasceus.
2678 5018 2785 5072 llas
2815 5017 3032 5087 quidem
3077 5016 3333 5072 Isocratis
3380 5031 3506 5070 ora-

1503 5119 1736 5175 VARIAS
1777 5112 2187 5172 LECTIONES.
3385 5126 3431 5139 λ

290 5212 830 5288 τᾼογὲχρήσαῖοὶεμιιί,
873 5233 935 5280 ς,
960 5217 1302 5288 ὀγΦρύνιχος.

229 5285 272 5318 ⁸⁸
299 5285 541 5357 ’λε
597 5285 787 5357 βιϐλίῳ
835 5303 895 5357 ς.

996 5287 1046 5318 ⁷⁸
1065 5278 1385 5356 ’παρακαλεί
1436 5285 1524 5338 AC
1559 5302 1572 5338 :
1627 5278 1719 5356 xa‘t
1745 5278 2056 5350 παρακαλεῖ
2083 5296 2146 5344 ς’.

229 5354 348 5411 add.
371 5354 448 5413 Α.
529 5357 575 5388 ⁷⁷
599 5354 766 5426 λόγος
799 5356 896 5410 καὶ
926 5357 1104 5428 σύμμ.
1140 5354 1235 5411 καὶ
1275 5357 1340 5408 A.
1414 5356 1460 5387 ⁷⁸
1483 5354 1746 5423 αἱγινικὸς
1777 5357 1842 5404 Α.

1444 5214 1488 5246 ⁷¹
1539 5212 1818 5280 Ἀνεγνώσι

1921 5225 1986 5280 αν
2006 5207 2193 5262 Comes
2219 5205 2447 5280 Isocrat.
2471 5207 2607 5280 2,.p.
2644 5205 2752 5280 μζ’.
2799 5205 2874 5280 λ’
2907 5205 2937 5280 6
2961 5215 3086 5280 apte
3111 5205 3239 5280 napi.
3279 5203 3405 5280 add.
3437 5203 3502 5280 Α.

2247 5277 2296 5310 ’⁸
2324 5273 2598 5346 μεσηνίων
2637 5273 2703 5332 Ᾱ.
2799 5275 2847 5307 ⁷⁸
2875 5273 3026 5344 αὑτῷ
3056 5277 3141 5330 A:
3175 5274 3340 5339 αὐτὸς
3382 5292 3443 5339 ς.
3478 5279 3505 5326 ὁ

1788 5444 2026 5499 NOTAE.

296 5541 408 5612 (59.)
437 5540 615 5612 Hujus
658 5555 764 5593 non
790 5554 912 5612 esse
941 5539 1083 5594 hanc
1105 5536 1563 5612 Partenesiu,‘sed
1592 5538 1815 5612 alterius

227 5603 844 5734 pejusilatrti.-isocratis,
881 5610 1122 5680 disputat
1165 5611 1237 5663 Μ.
1287 5610 1412 5662 Ant.
1449 5603 1689 5663 Muretus
1718 5609 1813 5662 lib.

249 5695 352 5734 ect.
398 5694 454 5734 et
487 5699 517 5734 a
544 5699 600 5734 ιι.

315 5695 352 5734 ι.
417 5694 454 5734 ¹ι
487 5694 600 5734 aut.

249 5697 428 5819 καίὂῖ
448 5753 560 5806 lino
595 5750 890 5818 Thebanis,
916 5767 1052 5820 pene
1084 5749 1225 5804 nulla
1249 5749 1562 5805 Graecorum
1589 5747 1819 5801 εΙειιιειιο

235 5829 409 5874 lorum
441 5823 770 5884 inuitatione,
809 5823 950 5876 κατὰ
979 5821 1254 5890 Θηϐαίων.
1285 5822 1374 5874 hie
1419 5821 1776 5874 reSIituendo.

308 5891 420 5963 (54)
464 5893 538 5948 De
585 5909 696 5963 quo
735 5892 992 5949 videndus
1025 5889 1180 5950 Diod.
1230 5891 1445 5948 Siculus
1481 5889 1573 5945 lib.
1625 5905 1664 5955 I,
1696 5906 1816 5960 cap.

1921 5536 1956 5588 2
1981 5545 2244 5591 extremo.

1991 5607 2105 5676 t55)
2143 5608 2257 5676 (lic.
2289 5606 2366 5660 De
2393 5614 2691 5668 senectute,
2721 5615 2775 5658 et
2811 5605 2944 5659 an.
2986 5608 3043 5659 ἐν
3078 5601 3410 5676 Μακρόϐιοςγ.

1999 5675 2110 5745 (56)
2144 5675 2388 5747 Intellige
2416 5676 2776 5744 judicialiunt.
2825 5676 3081 5747 Alioquin
3113 5675 3355 5729 omnium
3391 5675 3476 5726 iuit

1927 5744 2158 5820 gissinia
2186 5744 2614 5820 Panathenaica,
2645 5757 2700 5799 et
2723 5747 2857 5820 hinc
2886 5744 3243 5820 Panegyrico.

1999 5818 2109 5890 (57)
2135 5817 2451 5890 Praesertim
2471 5813 2836 5890 Panegyricm,
2864 5829 2920 5890 et
2955 5817 3023 5890 de
3049 5813 3199 5890 pace.

2000 5885 2112 5959 (58)
2154 5889 2283 5955 Qua:
2314 5899 2368 5941 et
2414 5886 2756 5958 Ἀμάρτυρος
2788 5887 2948 5956 vulgo
2977 5885 3311 5940 inscribitur.
