4090 6420
547 403 658 469 433

1713 419 1979 485 PHOTII
2017 426 2533 492 PATRIARCHE
2571 433 2681 495 ΟΡ.

3731 440 3837 508 436

548 524 730 572 tiones
757 533 919 574 unam
947 528 1002 577 et
1043 521 1230 596 viginti
1276 523 1503 596 legimus
1556 527 1693 600 (59).
1723 529 1840 584 1am
1888 548 1919 587 e
1955 550 2147 590 novem

2257 558 2357 610 μεν
2398 543 2744 615 Ἰσοκράτους
2765 546 2811 579 "’
2857 544 3074 615 λόγους,
3119 546 3218 602 ἕνα
3266 549 3362 604 καὶ
3406 551 3614 607 εἴκοσιν
3642 553 3826 620 ὄντας.

549 611 722 678 ipsius
753 611 1018 679 epistolis,
1051 630 1155 669 una
1184 626 1270 671 est
1298 619 1364 672 ad
1394 618 1706 690 Dionysium
1739 623 1936 678 Sicilize
1961 636 2146 696 tyran-

551 718 704 769 num,
747 705 916 759 altera
966 708 1031 760 ad
1079 707 1492 778 Archidamum,
1544 716 1662 767 duae
1696 717 1761 768 ad
1812 715 2144 786 Philippum,

550 809 655 847 una
708 796 772 848 ad
809 798 1199 868 Alexandrum,
1248 803 1350 857 alia
1386 808 1452 858 ad
1503 806 1872 874 Antipatrum.
1916 809 2054 876 Quin
2089 819 2146 865 et

552 887 621 941 ad
683 888 1066 958 Timotheum,
1105 906 1158 949 et
1201 900 1268 952 ad
1310 896 1735 970 Mitylenmorum
1792 902 2144 971 magistratus

554 995 718 1035 nona.

625 1162 890 1219 Czeterum
944 1179 1130 1222 orator
1178 1170 1278 1226 istc
1317 1173 1602 1229 rhetorica:
1647 1178 1781 1231 artis
1821 1181 2141 1249 pratceptio-

552 1268 649 1308 nes
713 1255 902 1326 102b
939 1259 1219 1329 discipulis
1265 1266 1478 1318 tradere
1520 1267 1729 1334 maluit,
1762 1285 1924 1339 quam
1960 1279 2016 1323 ut
2050 1287 2142 1324 re-

550 1346 684 1416 liqui
733 1365 923 1404 novem
953 1351 1179 1407 Grznriae
1205 1364 1474 1422 oratores,
1513 1375 1650 1429 quos
1678 1361 1820 1415 inter
1846 1370 1901 1415 et
1938 1361 2137 1417 Demo-

549 1441 794 1504 sthenes,
843 1444 1227 1512 rempubliram
1257 1464 1447 1517 gerere
1475 1469 1489 1502 :
1522 1454 1738 1507 tametsi
1781 1465 1838 1507 ut
1872 1463 1998 1508 ante
2047 1455 2145 1509 ho-

552 1546 670 1585 rum
705 1541 945 1603 tempora
983 1537 1194 1591 dicendi
1229 1539 1384 1594 laude
1419 1541 1681 1606 clarebat,
1715 1547 1786 1598 ita
1818 1561 1920 1601 nec
1953 1561 2140 1600 eorum

553 1627 890 1696 temporibus
939 1630 1030 1684 ulli
1071 1631 1240 1701 gloria
1289 1637 1528 1691 cederet.
1569 1637 1801 1692 Maxima
1837 1650 1918 1695 est
1955 1641 2008 1695 in
2053 1657 2140 1706 eo,

555 1723 614 1767 ut
639 1714 811 1770 cuivis
857 1717 1052 1789 legenti
1085 1723 1270 1776 statim
1322 1735 1508 1790 patet,
1554 1730 1818 1784 oratioais
1867 1732 2144 1787 distinctio

552 1821 618 1860 ac
652 1809 899 1875 puritas;
949 1821 1264 1882 tantamque
1305 1817 1358 1869 in
1389 1819 1578 1873 eadem
1617 1819 1946 1877 elaboranda
1979 1839 2141 1878 accu-

551 1901 819 1957 rationem
849 1905 1065 1972 prmfert
1099 1907 1235 1976 (60),
1258 1919 1314 1962 ut
1343 1912 1395 1962 in
1429 1926 1896 1979 supervacaneum
1923 1931 2140 1986 quoque
2175 1893 2218 1947 Β

552 1992 756 2048 incidat
811 2007 1062 2050 ornatum
1141 2000 1606 2073 diligentiau'u'pie.
1678 2006 1816 2071 Quin
1874 2023 2141 2078 operosus

553 2085 717 2138 nimis
747 2085 833 2140 hic
858 2087 979 2156 ejus
1009 2103 1257 2157 conatus,
1287 2108 1391 2146 non
1425 2104 1531 2148 tam
1579 2100 1915 2165 argumentis
1948 2099 2140 2155 fecun-

553 2175 704 2240 dum,
732 2193 895 2247 quam
937 2181 1148 2236 decoris
1187 2187 1437 2240 servandi
1469 2201 1658 2254 parum
1683 2191 1985 2245 studiosum
2015 2209 2139 2248 eum

555 2270 812 2324 declarat.
869 2271 987 2327 Jam
1037 2291 1215 2344 neque
1262 2278 1434 2333 lenior
1475 2282 1668 2336 saltem
1720 2281 1947 2339 allectus
1976 2286 2138 2351 ullus,

553 2376 733 2431 neque
769 2364 1119 2422 simulatione
1156 2385 1352 2426 carens
1377 2373 1688 2440 sinceritas,
1724 2391 1900 2446 neque
1946 2378 2143 2432 incita-

555 2454 665 2508 tior
723 2459 883 2524 paulo
930 2459 1142 2515 dicendi
1195 2463 1302 2518 ulla
1357 2465 1439 2521 vis
1485 2467 1538 2520 in
1591 2483 1655 2522 eo
1700 2469 2143 2538 deprehenditur.

554 2544 896 2604 Granditatis
946 2553 1209 2608 duntaxat
1264 2566 1497 2620 tantum,
1536 2570 1802 2628 quantum
1835 2562 1899 2614 ad
1930 2563 2143 2616 civilem

553 2639 859 2694 orationem
909 2645 1043 2699 satis
1095 2655 1198 2710 est,
1245 2665 1349 2703 non
1408 2650 1570 2715 male,
1617 2663 1673 2706 et
1712 2653 1827 2720 pari
1882 2652 1995 2708 fere
2022 2670 2147 2708 cum

554 2731 948 2801 perspicuitate
980 2735 1049 2790 ab
1095 2752 1161 2791 eo
1207 2740 1517 2795 adhibetur.
1561 2743 1678 2797 Etsi
1730 2743 1874 2814 justo
1931 2745 2148 2815 langui-

556 2821 678 2876 dior
712 2823 832 2893 ejus
880 2826 952 2881 sit
996 2830 1197 2894 oratio,
1241 2847 1339 2886 nec
1388 2849 1580 2902 parum
1635 2835 1723 2889 illa
1776 2839 2145 2892 membrorum

2259 634 2380 686 Τῶν
2409 635 2454 688 δ’
2476 637 2634 690 ἐννέα
2661 638 2964 693 ἐπιστολῶν
3009 641 3176 695 αὐτοῦ
3237 643 3337 714 μία
3394 643 3494 715 μέν
3549 647 3670 700 ἐστι
3701 649 3840 718 πρὸς

2250 723 2532 778 Διονύσιον
2569 727 2660 779 τὸν
2719 728 2974 793 Σικελίας
3048 730 3340 803 τύραννον,
3392 733 3556 805 ἑτέρα
3599 735 3659 789 δὲ
3699 737 3842 806 πρὸς

2263 815 2615 886 Ἀρχίδαμον,
2661 818 2756 870 καὶ
2801 821 2939 891 πρὸς
2990 821 3260 876 Φίλιππον
3310 823 3427 885 δύο,
3482 823 3581 895 μία
3615 825 3673 878 δέ
3703 826 3842 896 πρὸς

2262 908 2634 979 Ἀλέξανδρον,
2656 912 2907 983 καὶπρὸς
2948 914 3309 987 Ἀντίπατρον
3337 915 3494 986 ἄλλη.
3527 917 3625 970 καὶ
3651 916 3718 985 δὴ
3747 917 3844 970 καὶ

2250 1000 2389 1070 πρὸς
2427 1002 2714 1072 Τιμόθεον,
2759 1004 2854 1056 καὶ
2891 1004 3027 1076 πρὸς
3065 1005 3193 1071 τοὺς
3225 1006 3612 1080 Μιτυληναίων
3642 1006 3846 1080 ἄρχον-

2248 1108 2348 1154 τας
2376 1093 2408 1160 ἡ
2435 1093 2622 1162 ἐνάτη.

2324 1178 2493 1250 Οὗτος
2527 1187 2626 1259 μὲν
2655 1187 2748 1243 οὖν
2769 1189 2796 1242 ὁ
2834 1190 3020 1262 ῥήτωρ
3039 1189 3384 1261 σοφιστεύειν
3415 1191 3674 1265 μᾶλλονῆ
3731 1190 3847 1244 τῶν

2247 1276 2447 1329 κοινῶν
2482 1281 2861 1349 προστάττειν,
2906 1281 3095 1354 ῶσπερ
3119 1284 3169 1338 oi
3192 1283 3344 1339 ἄλλοι
3374 1284 3534 1339 ἐννέα
3585 1285 3844 1356 ῥήτορες,

2249 1359 2325 1419 ῶν
2353 1369 2444 1421 καὶ
2472 1371 2823 1442 Δημοσθένης
2854 1368 2942 1444 ἦν,
2982 1375 3178 1442 εἵλετο,
3213 1375 3392 1430 καίτοι
3435 1377 3529 1430 καὶ
3546 1375 3654 1448 πρὸ
3695 1376 3848 1430 ἐκεί-

2247 1477 2356 1513 νων
2388 1463 2501 1524 τοῖς
2529 1463 2630 1532 τῆς
2666 1465 2965 1536 ῥητορικῆς
2997 1467 3266 1537 ἀκμάζων
3333 1469 3534 1538 λόγοις,
3589 1469 3686 1523 καὶ
3719 1469 3848 1522 κατ’

2247 1551 2491 1616 ἐκείνους
2537 1556 2636 1625 τὴν
2685 1554 2773 1608 ἐπ’
2834 1558 3021 1622 αὐτοῖς
3069 1559 3228 1625 δόξαν
3271 1559 3373 1613 οὐκ
3423 1559 3845 1630 ἐλαττούμενος.

2249 1641 2614 1712 Κέχρηταιδέ
2647 1645 2887 1714 μάλιστα
2915 1647 3034 1716 μὲν,
3066 1647 3142 1712 ὡς
3175 1648 3375 1702 αὐτίκα
3415 1651 3531 1713 τοῖς
3564 1645 3844 1716 ἀναγινώ-

2249 1749 2438 1786 σκουσι
2474 1733 2652 1805 δῆλον,
2701 1737 2984 1808 εὐκρινεία
3015 1741 3110 1792 καὶ
3140 1741 3497 1812 καθαρότητι,
3537 1740 3749 1810 πολλὴν
3784 1757 3846 1792 τε

2248 1825 2570 1895 ἐπιμέλειαν
2613 1829 2742 1898 περὶ
2791 1829 2891 1899 τὴν
2946 1831 3212 1901 ἐργασίαν
3255 1832 3364 1885 τῶν
3416 1832 3589 1900 λόγων
3637 1831 3851 1884 ἐπιδεί-

2249 1932 2462 1982 κνυται,
2513 1915 2654 1970 ὥστε
2689 1917 2782 1972 καὶ
2838 1921 2918 1983 είς
2949 1923 3209 1992 περιττὸν
3243 1919 3394 1993 αὑτῷ
3409 1921 3456 1952 ⁸ο
3499 1919 3848 1972 διεκπίπτειν

2247 2008 2339 2061 τὸν
2379 2008 2585 2078 κόσμον
2640 2011 2737 2062 καὶ
2771 2010 2832 2063 τὸ
2874 2011 3159 2083 ἐπιμελές.
3193 2014 3304 2066 Καὶ
3353 2011 3484 2066 αὐτὸ
3531 2010 3589 2065 δέ
3649 2009 3711 2063 τὸ
3743 2009 3848 2077 τῆς

2249 2099 2515 2170 ἐργασίας
2545 2099 2840 2166 πλεονάζον
2864 2103 2995 2174 παρ’
3021 2104 3172 2174 αὐτῷ
3196 2105 3256 2156 οὑ
3296 2103 3358 2156 τὸ
3388 2104 3612 2172 γόνιμον
3640 2099 3848 2172 μᾶλλον

2249 2192 2360 2244 τῶν
2405 2193 2856 2264 ἐπιχειρημάτων
2907 2196 2940 2266 ἢ
3005 2196 3066 2249 τὸ
3125 2196 3494 2268 ἀπειρόκαλον
3569 2197 3844 2268 παριστᾷ.

2249 2279 2422 2348 Ἦϐος
2445 2284 2500 2337 δέ
2541 2286 2636 2339 καὶ
2678 2285 2906 2356 ἀλήθεια
2940 2289 3034 2340 καὶ
3087 2289 3359 2359 γοργότης
3414 2288 3536 2343 οὐδὲ
3589 2290 3847 2357 μέτεστιν

2253 2377 2484 2448 αὐτῷδι,
2531 2379 2798 2450 μεγέθους
2851 2380 2906 2433 δέ
2935 2380 3084 2452 αὐτῷ
3135 2382 3258 2435 ὅσον
3299 2382 3379 2445 είς
3431 2383 3520 2435 τὸν
3563 2380 3848 2434 πολιτικὸν

2252 2470 2551 2541 ἐναρμόζει
2583 2471 2764 2540 λόγον,
2795 2473 2995 2544 ἄριστα
3020 2475 3115 2528 καὶ
3143 2473 3548 2546 παραπλησίως
3568 2474 3848 2544 κέκραται

2252 2565 2320 2632 τῇ
2355 2563 2646 2636 σαφηνείᾳ.
2671 2567 2899 2629 Ἀτονος
2931 2566 2986 2619 δέ
3007 2566 3172 2620 πλέον
3201 2566 3297 2619 τοῦ
3355 2566 3567 2630 δέοντος
3587 2569 3614 2620 ὁ
3651 2565 3841 2634 λόγος.

2255 2653 2367 2724 Οὐχ
2397 2658 2603 2728 ἣκιστα
2633 2657 2692 2711 δέ
2727 2657 2894 2712 αὐτοῦ
2933 2659 3327 2730 σμικρολογίαν
3361 2658 3457 2712 καὶ
3505 2658 3567 2711 τὸ
3595 2674 3846 2730 προσκο-

2251 2748 2348 2819 ρὲς
2374 2750 2484 2803 τῶν
2519 2750 2884 2822 παρισώσεων
2913 2753 3173 2806 αἰτιᾶται.
3225 2753 3387 2806 Ἀλλὰ
3443 2751 3618 2807 ταῦτά
3661 2768 3848 2821 φαμεν

2250 2840 2387 2912 πρὸς
2415 2842 2515 2912 τὴν
2547 2842 2603 2895 ἐν
2626 2843 2810 2911 λόγοις
2845 2845 3012 2898 αὑτοῦ
3040 2846 3236 2917 ἀρετὴν
3255 2845 3317 2898 τὸ
3340 2845 3604 2898 ἐκπῖπτον
3627 2843 3675 2876 ⁸⁸
3702 2843 3850 2898 ἐκεῖ·

555 2915 846 2982 ακιυειίυιη
879 2921 945 2972 ad
979 2919 1258 2976 fastidium
1305 2941 1476 2996 usque
1507 2927 1686 2996 copia,
1731 2929 1994 2983 minutam
2029 2931 2148 2997 ejus

2256 2950 2343 3002 νης
2377 2934 2469 2985 καὶ
2496 2933 2752 3004 ἀνόμοιον
2784 2915 3211 3008 ἐνδεικνύμενοι,
3245 2939 3368 2990 ἐπεὶ
3397 2937 3537 3008 πρός
3565 2953 3630 3005 γε
3664 2935 3848 2999 ἐνίους

558 3007 886 3078 anxiumque
931 3012 1267 3085 diligentiam
1308 3029 1524 3086 arguat.
1560 3018 1762 3074 Verum
1806 3022 1918 3075 hau:
1951 3024 2143 3077 adver-

2256 3023 2354 3076 τῶν
2380 3025 2427 3055 ⁸³
2461 3025 2696 3096 γράεεειν
2726 3026 2918 3094 λόγους
2971 3007 3353 3102 ἐπαιρομένων
3397 3007 3592 3102 ἀρεταὶ
3640 3029 3708 3084 ἂν
3757 3029 3850 3083 δό-

557 3112 652 3154 sus
681 3099 796 3168 ejus
847 3105 899 3157 in
946 3106 1175 3161 dicendo
1222 3111 1596 3175 praestantiam
1631 3113 1774 3168 dicta
1805 3116 1938 3180 sint,
1981 3115 2048 3168 ad
2079 3129 2143 3169 ea

2256 3115 2381 3181 Ξωσι
2402 3115 2497 3168 καὶ
2520 3115 2590 3168 τὰ
2619 3117 2831 3171 ἐκείνου
2853 3119 3234 3192 ἐλαττώματα.

557 3200 933 3254 tantummodo
982 3200 1297 3266 indicanda,
1355 3206 1408 3256 in
1468 3205 1663 3275 quibus
1710 3206 1885 3277 lapsa,
1940 3209 2154 3278 sibique
2176 3208 2461 3266 dissimilis
2515 3211 2634 3280 ejus
2678 3213 2851 3268 virtus
2909 3214 3030 3269 fuit.
3082 3215 3216 3269 Nam
3299 3232 3423 3271 cum
3517 3216 3847 3286 quibusdam

557 3297 732 3356 certe,
802 3292 895 3361 qui
954 3293 1232 3350 orationes
1283 3301 1529 3354 scribere
1595 3301 1909 3370 instituunt,
1977 3316 2346 3375 comparatus,
2405 3308 2570 3362 etiam
2639 3309 2768 3362 vitia
2834 3310 3005 3379 ipsius
3066 3309 3121 3365 in
3191 3311 3484 3367 virtutibus
3566 3312 3853 3368 numerari

559 3393 783 3454 queant.

632 3476 811 3532 Habes
859 3480 1126 3551 syllabam
1175 3487 1438 3542 Isocratis
1475 3487 1814 3557 Orationum,
1844 3502 1894 3547 et
1927 3491 2318 3563 Epistolarum.
2409 3492 2759 3550 Intercidisse
2834 3505 3014 3550 autem
3066 3497 3344 3566 quaedam,
3406 3498 3621 3553 idoneos
3692 3503 3852 3553 teste'

560 3572 749 3630 habeo.
786 3574 1064 3632 Orationes
1112 3581 1249 3634 enim
1317 3597 1547 3651 quatuor
1609 3587 1877 3641 desiderat
1947 3588 2232 3660 Dionysius
2262 3587 2733 3654 Halicarnasseus,
2761 3586 3012 3666 Caecilius
3053 3589 3326 3646 Romanus
3347 3603 3563 3660 septem.
3603 3594 3853 3648 undecim

563 3668 784 3726 Suidas.
834 3671 1194 3740 Epistolarum
1233 3695 1349 3731 vero
1391 3696 1552 3733 unam
1581 3683 1649 3734 ad
1697 3681 2038 3752 Antipatrum
2074 3684 2194 3754 legit
2260 3683 2504 3750 Photius,
2569 3701 2664 3740 nos
2711 3688 3023 3755 quaerimus.
3102 3685 3248 3740 Nam
3311 3688 3381 3741 ad
3434 3687 3852 3756 Archidamum,

561 3779 680 3834 quw
709 3765 961 3820 hactenus
987 3768 1138 3822 latuit
1165 3788 1190 3825 e
1232 3770 1364 3827 Cod.
1397 3772 1522 3827 Fui.
1559 3772 1746 3830 Ursini
1783 3776 1940 3831 Rom.
1975 3779 2202 3832 hominis
2279 3778 2572 3832 doctissimi
2650 3779 2994 3848 descriptam,
3064 3789 3112 3834 et
3161 3780 3282 3849 jam
3333 3777 3524 3834 Latine
3568 3793 3856 3854 utcumque

565 3861 884 3928 loquentem,
918 3864 1140 3917 volentes
1177 3868 1388 3922 damus.
1448 3868 1592 3922 Duas
1632 3883 1806 3924 autem
1847 3874 1915 3925 tul
1948 3868 2280 3942 Philippum,
2332 3881 2380 3926 et
2445 3872 2514 3926 ad
2566 3871 2783 3928 Jasonis
2833 3873 3028 3928 liberos
3073 3873 3326 3938 alteram,
3376 3873 3573 3928 invisas
3631 3873 3854 3941 Phario,

561 3951 801 4024 uulgatus
832 3961 1064 4010 observo.

666 4047 931 4102 Isocrates
965 4050 1287 4107 Archidamo
1326 4053 1851 4112 Lacedwmouiorum
1917 4059 2043 4129 regi.

635 4143 890 4213 Cognito,
937 4144 1290 4212 Archidamo,
1323 4164 1484 4216 quam
1531 4149 1683 4204 multi
1717 4161 1791 4214 te,
1847 4163 2149 4221 parentem-

565 4250 673 4306 que
719 4246 868 4291 tuum
918 4237 1052 4308 (61),
1081 4253 1206 4293 cum
1258 4251 1442 4295 vestro
1501 4257 1700 4310 genere
1739 4244 1996 4296 universo
2032 4243 2146 4314 (62)

566 4329 820 4385 laudibus
850 4347 1049 4386 ornare
1083 4332 1325 4402 aggressi
1361 4342 1544 4388 essent
1569 4372 1585 4397 ,
1621 4349 1741 4388 eam
1776 4335 1909 4405 ipsis
1936 4336 2149 4391 dicendi

567 4421 879 4487 materiam,
909 4437 1032 4477 cum
1098 4422 1274 4478 facilis
1311 4423 1624 4492 ,‘admodum
1677 4436 1823 4480 esset
1871 4435 1925 4480 et
1968 4427 2150 4494 obvia,

569 4514 980 4584 relinquendam
1017 4515 1222 4584 putavi.
1253 4515 1389 4568 Illud
1418 4517 1560 4570 enim
1588 4518 1718 4570 mihi
1749 4519 1802 4572 in
1841 4519 2025 4574 animo
2046 4529 2152 4586 est,

570 4607 780 4662 hortari
814 4617 886 4672 te,
922 4623 1026 4662 non
1060 4607 1123 4661 ad
1170 4607 1436 4678 ejusmodi
1486 4609 1888 4677 expeditionem
1916 4610 2154 4682 aliquam

571 4701 764 4771 quales
814 4700 918 4754 hoc
967 4710 1206 4768 tempore
1249 4701 1660 4770 suscipiuntur:
1705 4703 1800 4756 sed
1851 4702 1916 4756 ad
1957 4717 2044 4767 ea,
2089 4718 2154 4757 ex

573 4793 773 4864 quibus
804 4793 1012 4848 civitati
1045 4808 1150 4847 non
1185 4792 1363 4847 minus
1393 4802 1520 4856 tuae,
1553 4809 1714 4862 quam
1745 4794 1969 4849 Graecia:
2000 4793 2157 4865 plane

485 4945 490 4958 ll
577 4887 848 4940 universa:
875 4886 1284 4940 commodorum
1320 4887 1678 4940 maximorum
1727 4896 1916 4942 auctor
1947 4888 2159 4942 futurus

490 4969 497 4988 ’”
577 4980 673 5036 sis.
711 4977 894 5047 Neque
923 4994 1051 5032 vero
1086 4979 1226 5032 istud
1256 4978 1526 5034 scribendi
1552 4988 1930 5047 argumentum
1961 4977 2156 5044 delegi,

577 5070 724 5143 quod
775 5070 1065 5133 nescirem,
1111 5071 1368 5139 quidnam
1416 5081 1560 5125 esset
1597 5071 1662 5123 ad
1713 5070 2154 5139 pertractandum

577 5162 831 5218 iacilins:
892 5163 986 5217 sed
1039 5179 1105 5217 ex
1156 5177 1221 5216 eo
1279 5163 1477 5231 potius,
1511 5165 1666 5233 'quod
1734 5172 1884 5217 certo
1937 5163 2158 5226 scirem,

576 5271 742 5326 quam
775 5255 1002 5310 arduum
1058 5255 1198 5310 foret
1247 5271 1547 5324 parumque
1578 5254 1794 5309 obvium
1843 5255 2162 5310 adinvcnire

581 5347 704 5413 tibi,
756 5362 894 5416 quas
946 5363 1103 5419 geras
1167 5364 1274 5413 res,
1303 5348 1616 5418 praeclaras,
1676 5361 1922 5416 magnas,
1978 5345 2162 5413 utiles,

2179 4379 2232 4439 D

2257 4055 2598 4124 Ἰσοκράτης
2633 4053 3003 4125 Ἀρχιδάμῳ,
3040 4053 3528 4123 Λακεδαιμονίων
3572 4053 3852 4118 βασιλεῖ.

2329 4147 2517 4216 Εἰδὼς,
2553 4141 2598 4200 ὦ
2632 4147 2947 4219 Ἀρχίδαμε,
2996 4146 3224 4209 πολλοὺς
3259 4144 3628 4216 ὡρμημένους
3657 4146 3846 4213 ἐγκω-

2259 4242 2475 4313 μιάζειν
2501 4259 2581 4306 σε,
2614 4241 2710 4295 καὶ
2739 4240 2829 4294 τὸν
2860 4239 3096 4311 πατέρα,
3123 4237 3220 4292 καὶ
3251 4238 3314 4291 τὸ
3346 4237 3503 4306 γένος
3539 4236 3694 4306 ὑμῶν
3727 4253 3744 4268 ·
3776 4237 3858 4289 εί-

2257 4335 2431 4405 λύμην
2466 4333 2658 4388 τοῦτον
2710 4333 2808 4403 μὲν
2843 4331 2934 4384 τὸν
2965 4331 3145 4400 λόγον,
3173 4329 3362 4398 ἐπειδὴ
3394 4328 3516 4382 λίαν
3538 4327 3720 4400 ῥᾴδιος
3757 4322 3852 4397 ἦν,

2264 4428 2496 4492 ἐκείνοις
2530 4425 2864 4497 παραλιπεῖν
2898 4441 2913 4454 ·
2947 4424 3110 4486 αὐτὸς
3135 4422 3192 4477 δέ
3220 4439 3280 4475 σε
3308 4419 3632 4492 διανοοῦμαι
3665 4437 3854 4491 παραη

2263 4520 2448 4575 καλεῖν
2493 4517 2588 4571 ἐπὶ
2636 4517 2970 4588 στρατηγίας
3017 4515 3112 4568 κα)⁸
3159 4514 3448 4584 στρατείας
3481 4512 3634 4566 οὐδὲν
3661 4512 3860 4582 ὁμοίας

2262 4615 2383 4676 ταῖς
2413 4610 2509 4664 νῦν
2566 4609 2972 4680 ἐνεστηκυίαιςο
3028 4607 3143 4662 ἀλλ’
3179 4608 3240 4672 ἐξ
3279 4599 3355 4660 ὧν
3405 4605 3658 4676 μεγάλων
3713 4607 3857 4674 ἀγα-

2267 4703 2375 4756 θῶν
2403 4702 2574 4765 αἴτιος
2611 4703 2816 4773 γενήσῃ
2847 4700 2941 4753 καὶ
2973 4702 3038 4770 τῇ
3087 4699 3240 4753 πόλει
3259 4701 3325 4770 τῇ
3351 4699 3571 4762 σαυτοῦ,
3601 4698 3694 4751 καὶ
3741 4699 3862 4762 τοῖς

2268 4793 2487 4864 ’ἐλλησιν
2525 4794 2715 4846 amtor
2749 4790 2956 4861 ταύτην
2989 4790 3048 4844 δέ
3094 4790 3442 4861 ἐποίησάμην
3470 4789 3568 4859 τὴν
3618 4789 3860 4861 αἵρεσιν,

2270 4885 2372 4938 οὐκ
2433 4883 2644 4952 ἀγνοῶν
2700 4883 2792 4935 τὸν
2843 4883 3005 4951 λόγον
3052 4882 3146 4935 τὸν
3193 4881 3810 4954 εὐμεταχειριστότερον
3840 4897 3858 4912 ⁸

2273 4977 2389 5030 ἀλλ’
2423 4975 2667 5046 ἀκριϐῶς
2709 4973 2886 5038 εἰδὼς,
2934 4975 3015 5028 ὅτι
3047 4973 3276 5045 πράξεις
3314 4974 3411 5033 μὲν
3463 4975 3650 5045 εὑρεῖν
3686 4971 3863 5036 καλὰς

2271 5070 2364 5122 καὶ
2407 5067 2651 5138 μεγάλας
2681 5064 2775 5118 καὶ
2809 5063 3196 5134 συμφερούσας
3229 5063 3462 5134 χαλεπὸν
3491 5064 3582 5116 καὶ
3627 5063 3862 5116 σπάνιόν

2269 5161 2456 5229 ἐστινῖ
2482 5157 2764 5212 ἐπαινέσαι
2795 5157 2966 5219 δὲτὰς
3000 5158 3198 5230 ἀρετὰς
3225 5157 3324 5220 τὰς
3359 5157 3631 5227 ὑμετέρας
3662 5156 3865 5226 ῥᾳδίως

2271 5249 2384 5316 οἷος
2429 5253 2477 5304 τ’
2508 5251 2574 5305 ἃν
2621 5249 2913 5318 ἐγενόμην.
2949 5251 3024 5302 Οὐ
3069 5251 3178 5321 γὰρ
3208 5251 3315 5303 ἔδει
3348 5268 3415 5320 με
3448 5249 3579 5320 παρ’
3616 5247 3864 5318 ἐμαυτοῦ

2277 5343 2600 5415 πορίζεσθαι
2622 5342 2690 5394 τὰ
2723 5342 3101 5410 λεχθησόμενα
3137 5342 3270 5413 περ).
3298 5341 3627 5406 αὐτῶν,ἀλλ’
3652 5344 3719 5396 ἐκ
3751 5341 3866 5396 τῶν

1882 5478 2115 5536 νΑΙὶΙίΕ
2148 5479 2531 5536 LECTIONES
3543 5531 3546 5534 .

654 5582 1016 5656 ⁷³Ἰσοκράτου
1045 5581 1112 5638 A.
1190 5581 1238 5614 ⁸⁸
1261 5579 1410 5651 αὐτῷ
1430 5580 1474 5634 A
1507 5598 1520 5635 :
1553 5579 1632 5650 τῷ
1667 5596 1728 5644 ς’.
1803 5579 1848 5610 ⁸¹
1887 5595 2012 5650 μετ.
2038 5579 2168 5649 παρ’
2221 5577 2373 5650 αὐτῷ
2398 5595 2460 5642 ς.
2537 5578 2584 5611 ⁸³
2611 5576 2886 5645 ἐμπίπτον
2921 5595 2960 5642 ς
2991 5615 3008 5631 .
3109 5572 3336 5638 ⁸³ἐνίους
3357 5569 3467 5625 τῶν
3489 5571 3535 5625 Α
3561 5583 3575 5621 :
3605 5567 3766 5627 ἐνίων
3805 5585 3869 5634 ς.

2106 5671 2338 5729 NOTAE.

655 5771 772 5840 (59)
841 5769 959 5824 Una
1007 5779 1188 5823 tamen
1234 5769 1321 5823 hic
1358 5771 1472 5823 sive
1516 5770 1726 5822 auctori
1789 5769 1901 5822 sive
1946 5767 2169 5822 librario

588 5843 822 5919 excedit,
841 5842 977 5919 μερ).
997 5841 1245 5919 ζεύγομς,
1278 5840 1352 5896 De
1372 5841 1531 5919 bigis,
1565 5851 1742 5919 cinna
1767 5840 1894 5919 item
1914 5840 2166 5919 epistola.

664 5910 776 5986 (60)
832 5909 1323 5981 Insatitpositione
1369 5913 1498 5966 adeo
1547 5912 1794 5983 diligens,
1839 5912 1910 5967 ait
1941 5909 2166 5978 Quintil.

2280 5767 2371 5828 lib.
2411 5782 2467 5826 κ,
2500 5773 2556 5817 ut
2597 5777 2728 5816 cura
2761 5761 2876 5829 ejus
2903 5758 3352 5829 reprehendatur.

2352 5823 2465 5904 (61)
2500 5823 2806 5904 Agesilaum
2829 5834 2896 5888 de
2931 5823 3086 5903 cujus
3117 5831 3227 5886 vita
3255 5828 3506 5898 Xenoph.
3537 5835 3590 5884 et
3617 5823 3872 5882 Plutarc.

2357 5902 2467 5978 (6‘2)
2493 5902 2924 5960 l'leracli'daruut.
