4090 6414
261 402 363 466 437

1373 417 1899 478 BIBLIOTHECA.
1937 441 2009 452 -·
2046 418 2212 481 COD.
2277 421 2473 480 CLIX.

3418 409 3522 477 438

259 516 398 584 ὑμῖν
412 518 824 588 πεπραγμένων
863 522 1134 588 τοσαύτας
1162 523 1228 579 ἂν
1253 527 1350 580 καὶ
1375 528 1631 592 τοιαύτας
1658 530 1828 600 ἀφορ-

1948 545 2057 585 cum
2098 541 2280 586 tamen
2313 533 2540 586 virtutes
2575 527 2784 586 vestras
2826 530 3046 585 laudare
3079 519 3184 586 non
3219 533 3294 587 ita
3323 545 3519 600 magna

259 605 367 693 pa;
397 607 614 669 ἔλαϐον.
646 611 788 664 ὥστε
812 612 912 678 τὰς
940 619 1067 687 περὶ
1087 619 1197 672 τῶν
1226 619 1402 674 ἄλλων
1427 623 1679 692 εὐλογίας
1709 627 1846 696 μηδὲ

256 700 402 752 κατὰ
435 702 634 772 μικρὸν
661 704 985 773 ἐναμίλλους
1024 709 1282 776 γενέσθσι
1306 713 1372 783 τῇ
1399 714 1527 780 περὶ
1559 715 1704 785 ὑμᾶς
1751 720 1848 788 ρη-

254 789 440 862 θείσῃ.
464 794 592 866 Πῶς
615 795 725 866 γὰρ
747 794 813 849 ἄν
838 814 923 860 τις
953 797 988 870 ἢ
1014 799 1115 870 τὴν
1135 801 1416 869 εὐγένειαν
1446 805 1846 877 ὑπερεϐάλλετο

253 881 366 933 τῶν
405 885 718 951 γεγονότων
751 887 844 957 ἀφ’
884 889 1221 960 Ἡρακλέους
1255 895 1350 947 καὶ
1381 895 1523 964 Διὸς,
1547 897 1613 967 ἢν
1644 899 1846 963 πάντες

255 971 410 1026 ἴσασι
439 975 624 1044 μόνοις
648 978 776 1048 ὑμῖν
803 979 1250 1052 ὁμολογουμένως
1275 986 1629 1058 ὑπάρχουσαν
1647 1007 1661 1020 ·
1686 989 1718 1061 ἢ
1742 991 1844 1063 τὴν

254 1065 469 1137 ἀρετὴν
495 1067 606 1121 τῶν
638 1070 695 1122 ὲν
728 1072 1088 1145 Πελοπονήσῳ
1122 1075 1221 1138 τὰς
1244 1075 1483 1147 δωρικὰς
1508 1079 1692 1144 πόλεις
1724 1099 1843 1134 κτι-

258 1155 494 1222 σάντων,
562 1158 659 1212 καὶ
719 1161 820 1231 τὴν
895 1162 1079 1234 χώραν
1137 1164 1342 1236 ταύτην
1406 1170 1789 1240 κατασχόντων
1823 1187 1838 1201 ⁸

256 1245 290 1316 ἢ
354 1247 421 1300 τὸ
489 1249 698 1316 πλῆθος
765 1252 872 1305 τῶν
936 1253 1199 1309 κινδύνων
1250 1257 1492 1314 καὶτῶν
1540 1263 1838 1333 τροπαίων.

254 1335 365 1386 τῶν
465 1339 558 1393 διὰ
640 1341 740 1412 τὴν
811 1343 1084 1414 ὑμετέραν
1155 1347 1456 1418 ἠγεμονίαν
1517 1354 1615 1407 καὶ
1682 1353 1838 1424 βασι-

256 1429 407 1484 λείαν
459 1435 763 1490 σταθέντων
791 1456 806 1503 ;
844 1440 928 1504 τίς
953 1441 997 1494 δ’
1029 1443 1096 1496 ἂν
1144 1445 1392 1514 ἠπόρησε
1425 1445 1679 1510 διεξιέναι
1716 1446 1840 1516 βουο

256 1519 451 1596 λῃθεὶς
471 1525 574 1596 τὴν
604 1528 858 1600 ἀνδρείαν
895 1532 1025 1604 ὅλην
1057 1534 1156 1602 τῆς
1187 1537 1394 1600 πόλεως
1426 1537 1522 1590 καὶ
1555 1539 1840 1610 σωφροσύ-

256 1629 354 1683 νην
382 1616 483 1668 καὶ
512 1619 788 1675 πολιτείαν
815 1621 915 1694 τὴν
961 1625 1066 1678 ὑπὸ
1097 1627 1376 1697 προγόνων
1406 1627 1517 1682 τῶν
1561 1629 1839 1700 ὑμετέρων

258 1706 697 1777 συνταχθεῖσαν;
731 1712 868 1784 πρὸς
894 1713 976 1778 οἷς
1004 1715 1049 1768 δ’
1082 1716 1148 1770 ἂν
1172 1716 1352 1786 λόγοις
1386 1718 1664 1786 ἐξεγένετο
1695 1721 1836 1791 χρή-

257 1798 460 1851 σασθαι
500 1803 628 1872 περὶ
659 1803 757 1874 τὴν
792 1807 1052 1876 φρόνησιν
1083 1807 1178 1862 τοῦ
1213 1810 1307 1863 σοῦ
1343 1810 1568 1881 πατρὸς,
1596 1815 1691 1866 καὶ
1737 1813 1837 1883 τὴν

1949 637 2070 677 cum
2104 622 2420 677 diﬂicultate
2459 625 2777 691 potuissem.
2804 620 2993 689 Neque
3021 623 3164 675 enim
3209 624 3272 677 de
3304 637 3425 676 meo
3452 621 3524 675 af-

1947 712 2112 777 ferre,
2145 730 2264 783 quae
2291 715 2356 769 de
2389 714 2474 768 his
2502 716 2836 780 diceremur,
2875 727 3012 784 opus
3043 713 3236 766 fuisset
3261 710 3526 783 {quando

1947 821 2016 862 ex
2051 807 2183 875 ipsis
2223 821 2318 875 per
2355 821 2449 860 vos
2483 809 2650 875 gestis
2688 807 2874 870 rebus,
2931 805 3054 859 talis
3092 806 3222 859 mibi
3264 820 3327 860 ac
3374 814 3526 859 tanta

1947 898 2178 955 dabatur
2214 898 2468 953 laudandi
2513 899 2765 962 facultas,
2815 908 2873 952 ut
2913 913 3030 966 qua:
3073 897 3140 951 de
3184 898 3304 952 aliis
3329 897 3528 965 praedi-

1948 999 2144 1044 cantur
2199 990 2408 1053 laudes,
2461 1005 2530 1043 ne
2581 990 2660 1044 vel
2713 990 2979 1043 tantillum
3025 1004 3148 1043 cum
3193 1004 3255 1042 ea
3288 987 3526 1042 conferri

1945 1081 2178 1151 possint,
2202 1096 2308 1148 qua
2337 1096 2431 1135 vos
2458 1081 2717 1136 celebrati
2763 1083 2918 1137 estis.
2952 1082 3210 1148 Quisnam
3242 1081 3387 1135 enim
3421 1079 3522 1132 ali-

1945 1170 2165 1240 quando
2196 1171 2281 1224 vel
2317 1171 2386 1224 ab
2418 1170 2653 1225 Hercule
2688 1169 2931 1240 Joveque
2977 1171 3094 1239 ipso
3123 1184 3291 1239 genus
3323 1169 3525 1223 ducen-

1945 1261 2081 1315 tium
2120 1259 2458 1315 nobilitatem
2495 1269 2733 1328 superet,
2780 1275 2941 1329 quam
2975 1275 3166 1314 omnes
3214 1275 3365 1328 aeque
3395 1274 3527 1312 con-

1942 1351 2187 1407 sentiunt
2217 1351 2270 1404 in
2320 1351 2483 1406 vobis
2523 1352 2656 1405 solis
2687 1353 2918 1406 inveniri
2950 1369 2964 1406 :
3014 1353 3096 1406 vel
3143 1346 3398 1404 virtutem
3426 1364 3524 1404 εοε-

1943 1457 2086 1504 rum.
2117 1442 2210 1511 qui
2243 1443 2465 1496 Doricas
2492 1443 2547 1496 in
2579 1442 2915 1512 Peloponneso
2952 1443 3114 1496 urbes
3140 1441 3521 1505 condiderunt,

1941 1542 2106 1600 atque
2155 1533 2297 1586 banc
2346 1534 2619 1600 regionem
2693 1533 3004 1586 universam
3061 1539 3400 1584 tenuerunt:
3441 1531 3528 1583 vel

1942 1624 2086 1679 illam
2122 1624 2428 1691 prmliorum
2459 1631 2896 1692 tr0pzeorumque
2957 1622 3380 1683 multitudinem,
3406 1637 3528 1691 quae

1938 1725 2120 1770 vestro
2155 1716 2314 1770 ductu
2347 1723 2508 1784 atque
2536 1715 2793 1783 auspiciis
2828 1714 2970 1768 facta
3001 1723 3318 1783 statutaque
3344 1725 3472 1767 sunt
3501 1714 3527 1765 Ἰ

1939 1807 2169 1874 Quinam
2201 1807 2364 1862 etiam
2413 1807 2625 1860 dicendi
2682 1807 2907 1860 materia
2960 1807 3154 1862 deesse
3210 1807 3382 1874 possit
3449 1805 3522 1867 ei,

258 1889 314 1940 ὲν
348 1893 472 1952 ταῖς
506 1883 816 1963 συμφοραῖς
853 1897 1143 1968 διοίκησιν,
1175 1901 1269 1954 καὶ
1297 1901 1395 1971 τὴν
1427 1903 1608 1971 μάχην
1642 1902 1740 1973 τὴν
1778 1905 1839 1955 ἐν

1948 1895 2034 1964 qui
2075 1894 2202 1948 velit
2231 1910 2352 1948 cum
2387 1893 2756 1949 fortitudinem
2792 1910 2856 1950 ac
2895 1892 3307 1964 temperantiam
3357 1895 3524 1947 totius

255 1981 319 2049 τῇ
360 1982 522 2034 πόλει
553 1987 881 2057 γενομένην;
911 1982 1019 2052 Ἦς
1056 1991 1149 2045 καὶ
1195 1991 1416 2062 ἡγεμὼν
1446 1994 1509 2046 σὺ
1542 1994 1838 2061 καταστὰς,

254 2071 350 2125 καὶ
384 2074 512 2142 μετ’
548 2076 744 2144 ὀλίγων
770 2081 907 2150 πρὸς
939 2080 1165 2144 πολλοὺς
1205 2082 1576 2147 κινδυνεύσας,
1598 2086 1692 2137 καὶ
1716 2085 1844 2138 πάν-

254 2178 366 2218 των
414 2165 735 2237 διενεγκὼν,
775 2172 947 2236 αίτιος
995 2173 1182 2242 ἐγένου
1225 2178 1288 2246 τῇ
1333 2176 1484 2228 πόλει
1525 2177 1623 2244 τῆς
1663 2194 1841 2247 σωτη-

259 2255 403 2327 ρίας,
453 2251 516 2311 οὗ
566 2261 786 2316 κάλλιον
832 2265 992 2334 ἔργον
1019 2265 1194 2329 οὐδεὶς
1224 2265 1289 2318 ἂν
1335 2267 1671 2331 ἐπιδείξειεν.
1706 2265 1844 2321 Οὔτε

254 2347 360 2418 γὰρ
398 2349 591 2414 πόλεις
605 2352 765 2419 ἑλεῖν,
788 2352 910 2406 οὔτε
938 2356 1166 2420 πολλοὺς
1197 2358 1515 2410 ἀποκτεῖναι
1534 2358 1643 2410 τῶν
1681 2358 1840 2410 πολε-

255 2441 572 2510 μίων,οὔτω
605 2447 746 2515 μέγα
774 2449 869 2500 καὶ
894 2449 1088 2519 σεμνόν
1113 2452 1283 2516 ἐστιν,
1312 2449 1387 2514 ὡς
1409 2450 1516 2520 εἴη,
1544 2451 1652 2502 τῶν
1669 2449 1841 2504 τοιού-

252 2548 358 2584 των
389 2533 659 2587 κινδύνων
706 2537 879 2590 σῶσαι
911 2539 1009 2609 τὴν
1035 2539 1268 2610 πατρίδα
1298 2541 1372 2610 μὴ
1419 2540 1517 2612 τὴν
1543 2540 1838 2608 τυχοῦσαν,

250 2625 387 2678 ἀλλὰ
418 2626 522 2696 τὴν
553 2629 809 2682 τοσοῦτον
844 2633 928 2684 ἐπ’
956 2633 1120 2702 ἀρετῇ
1157 2633 1564 2702 διενεγκοῦσαν.
1599 2633 1734 2701 Περὶ
1764 2625 1838 2685 ὧν

252 2717 326 2787 μὴ
386 2719 641 2788 κομψῶς,
701 2721 817 2774 ἀλλ’
870 2722 1056 2785 ἁπλῶς
1105 2723 1327 2776 διελθών
1359 2741 1374 2757 ·
1411 2724 1547 2794 μηδὲ
1591 2726 1658 2794 τῇ
1701 2721 1842 2787 λέξει

249 2810 542 2879 κοσμήσας
569 2811 750 2880 μόνον,
776 2813 889 2866 ἀλλ’
924 2815 1295 2885 ἐξαριθμήσας
1319 2817 1413 2868 καὶ
1437 2816 1601 2886 χύδην
1629 2813 1799 2868 εἰπὼν
1824 2853 1840 2880 ,

247 2902 428 2964 οὐδεὶς
491 2904 644 2966 ὅστις
699 2905 799 2958 οὐκ
858 2905 925 2960 ἂν
973 2909 1412 2979 εὐδοκιμήσειεν.

1939 1988 2197 2053 civitatis,
2226 1993 2338 2040 tum
2373 2003 2402 2041 a
2429 1988 2626 2041 vestris
2649 1986 2946 2056 majoribus
2991 1988 3300 2042 institutum
3339 1986 3524 2054 reipu-

1941 2080 2095 2135 blica:
2121 2089 2321 2134 statum
2364 2077 2725 2148 percensere?
2756 2078 2926 2144 Quam
2962 2079 3087 2132 item
3131 2093 3235 2130 non
3279 2077 3526 2132 licuisset

1943 2171 2204 2224 adbibere
2249 2169 2553 2222 orationem
2608 2169 2674 2222 ad
2704 2168 3084 2236 explicandam
3134 2183 3254 2222 cum
3287 2167 3528 2237 parentis

1947 2263 2020 2316 tui
2075 2263 2445 2332 prudentiam,
2484 2271 2592 2314 tum
2625 2262 2744 2329 ejus
2781 2261 2833 2313 in
2890 2261 3134 2313 adversis
3165 2259 3244 2313 rei
3278 2260 3528 2326 gerenda:

1949 2354 2242 2419 rationem,
2274 2361 2388 2405 tum
2424 2350 2579 2414 illud,
2607 2353 2748 2420 quod
2781 2365 2847 2402 eo
2881 2359 3142 2416 regnante
3179 2348 3231 2401 in
3259 2348 3370 2416 ipsa
3394 2350 3528 2401 urbe

1947 2445 2300 2500 commissum
2341 2450 2424 2496 est
2459 2441 2748 2511 prmlium?
2776 2441 2829 2494 In
2855 2456 2961 2508 quo
2990 2449 3116 2494 tunc
3143 2439 3360 2507 quidem
3385 2453 3530 2506 prm-

1948 2536 2041 2601 lio,
2073 2545 2356 2604 postquam
2391 2535 2496 2587 dux
2542 2544 2594 2585 tu
2644 2533 2760 2600 ipse
2807 2541 3026 2587 creatus
3060 2546 3182 2585 cum
3215 2530 3399 2599 paucis
3435 2531 3531 2583 ad-

1946 2643 2136 2682 versus
2175 2626 2373 2679 multos
2409 2625 2694 2694 pugnando
2742 2625 2995 2677 omnibus
3019 2621 3403 2685 antecelluisti,
3436 2635 3532 2674 ur-

1946 2721 2067 2775 bem
2107 2719 2263 2772 simul
2307 2719 2476 2786 ipsam
2517 2718 2764 2771 servasti.
2795 2715 2913 2781 Quo
2948 2716 3074 2783 quid
3117 2714 3432 2784 prazrlarius
3463 2714 3532 2765 ab

1947 2812 2058 2866 ullo
2094 2809 2273 2865 afferri
2325 2808 2545 2878 possit?
2590 2808 2776 2876 Neque
2827 2809 2971 2860 enim
3014 2807 3097 2861 vel
3149 2807 3310 2860 urbes
3357 2819 3531 2873 expu-

1949 2917 2137 2974 gnare,
2173 2899 2256 2954 vel
2313 2899 2547 2953 hostium
2596 2913 2851 2966 maguum
2899 2911 3182 2951 numerum
3219 2895 3532 2949 interimere

249 3009 511 3064 magnum
542 2999 678 3053 adeo
699 3011 804 3066 est,
845 3010 936 3054 aut
965 3001 1346 3067 bonorificmn,
1380 3010 1437 3054 ut
1475 2998 1576 3053 fuit
1625 3014 1656 3054 e
1694 2997 1856 3052 tantis
1914 2995 2172 3065 periculis
2227 2992 2458 3046 liberare
2511 2989 2763 3060 patriam,
2796 3004 2901 3044 non
2938 2988 3082 3044 illam
3127 2987 3402 3056 vulgarem
3432 2983 3533 3038 ali-

247 3106 444 3162 quam,
491 3093 588 3144 sed
621 3106 741 3159 qua:
774 3101 1053 3161 tantopere
1079 3093 1298 3146 virtutis
1351 3107 1514 3146 causa
1558 3091 1844 3145 emineret.
1891 3086 1968 3142 De
2016 3085 2211 3156 quibus
2262 3098 2421 3137 nemo
2465 3098 2569 3135 non
2635 3081 2757 3136 dico
2821 3096 2947 3136 cum
2999 3080 3382 3139 ostentatione,
3437 3085 3531 3138 sed

247 3181 409 3249 plene
465 3183 742 3237 narrando
798 3183 1137 3250 disseruerit,
1195 3198 1296 3238 nec
1361 3199 1482 3237 cum
1549 3183 1838 3236 verborum
1893 3187 2109 3239 ornatu,
2176 3176 2269 3230 sed
2318 3174 2692 3228 enumerando
2753 3173 3038 3237 duntaxat,
3074 3184 3127 3225 et
3165 3171 3283 3224 sine
3337 3170 3534 3225 discri-

249 3276 392 3329 mine
433 3275 653 3343 quidvis
708 3274 1029 3329 el'fuudendo
1083 3277 1318 3339 dixerit,
1376 3275 1470 3344 qui
1513 3290 1618 3327 non
1667 3289 1730 3326 ex
1761 3287 1824 3325 eo
1855 3284 2106 3337 magnam
2138 3268 2238 3321 sibi
2271 3265 2482 3318 laudem
2511 3266 2802 3333 paraverit;

335 3365 466 3432 Εγὼ
495 3363 676 3416 τοίνυν
699 3364 945 3436 δυνηθεὶς
972 3366 1037 3418 ἂν
1054 3366 1298 3437 καὶπερὶ
1323 3365 1528 3418 τούτων
1545 3363 1836 3434 ἐξαρκούν-

2025 3359 2137 3429 Ego
2168 3358 2372 3427 itaque,
2416 3357 2508 3427 qui
2547 3356 2630 3410 vel
2663 3357 2728 3409 de
2777 3357 2862 3410 bis
2906 3366 3146 3426 poteram
3198 3356 3332 3410 satis
3363 3356 3534 3410 multa

249 3475 354 3519 τως
395 3457 772 3529 διαλεχθῆναι,
803 3460 1022 3511 κάκεῖνο
1055 3458 1309 3526 γινώσκω
1329 3474 1344 3488 ’
1377 3458 1591 3529 πρῶτον
1622 3457 1742 3526 μὲν,
1765 3457 1845 3508 ὃτι

252 3551 380 3622 ῥᾷόν
406 3551 664 3622 ἐστιπερλ⁸
695 3550 804 3604 τῶν
833 3551 1217 3621 γεγενημένων
1241 3550 1489 3621 εὐπόρως
1501 3549 1841 3621 ἐπιδραμεῖν,

250 3645 284 3715 ἢ
316 3644 451 3714 περὶ
480 3644 592 3697 τῶν
618 3643 922 3714 μελλόντων
946 3642 1365 3713 νουνεχούντως,
1396 3641 1670 3695 εἰπεῖν.¹Ἐ
1682 3641 1843 3705 πειθ’,

250 3736 330 3789 ὅτι
367 3737 575 3800 πάντες
613 3735 891 3807 ἄνθρωποι
933 3735 1101 3788 πλείω
1151 3735 1313 3806 χάριν
1343 3735 1524 3806 έχουσι
1550 3737 1660 3798 τοῖς
1686 3736 1844 3786 ὲπαι-

251 3829 458 3892 νούσιν,
502 3830 536 3899 ἦ
572 3831 687 3892 τοῖς
743 3829 1195 3898 συμϐουλεύουσι.
1249 3828 1388 3891 Τοὺς
1449 3827 1549 3899 μὲν
1607 3828 1716 3897 γὰρ
1767 3827 1843 3891 ὡς

255 3920 444 3984 εὔνους
509 3920 907 3990 ἀποδέχονται·
965 3922 1093 3984 τοὺς
1135 3919 1180 3972 δ’
1225 3919 1292 3974 ἂν
1348 3918 1424 3992 μὴ
1461 3917 1845 3984 κελευσθέντες

255 4013 629 4085 παραινῶσιν,
667 4013 902 4083 ἐνοχλεῖν
931 4014 1262 4084 νομίζουσιν.

340 4106 489 4158 Ἀλλ’
509 4106 661 4174 ὅμως
691 4104 907 4159 ἅπαντα
933 4106 1106 4160 ταῦτα
1138 4104 1424 4177 προειδὼς,
1441 4105 1550 4160 τῶν
1584 4106 1683 4177 μὲν
1707 4105 1846 4177 πρὸς

255 4198 415 4267 χάριν
447 4197 514 4250 ἂν
541 4196 929 4267 ῥηθησομένων
980 4199 1322 4269 ἁπεσχόμην’
1355 4200 1484 4269 περὶ
1504 4199 1562 4251 δὲ
1583 4197 1845 4251 τοιούτων

257 4287 442 4354 μέλλω
503 4287 708 4354 λέγειν,
734 4287 862 4357 περὶ
905 4279 980 4340 ὧν
1021 4288 1194 4351 οὐδεὶς
1209 4287 1276 4341 ἂν
1311 4288 1469 4352 ἄλλος
1499 4289 1842 4361 τολμήσειεν·

254 4378 564 4447 ἡγούμενος
607 4378 716 4431 δεῖν
755 4380 879 4442 τοὺς
929 4378 1129 4453 [περὶ]
1173 4382 1474 4446 ἐπιεικείας
1506 4385 1603 4436 καὶ
1643 4381 1847 4454 φρονή-

258 4486 396 4534 σεως
421 4469 929 4539 ἀμφισϐητοῦντας,
952 4473 1026 4542 μὴ
1055 4473 1182 4538 τοὺς
1199 4475 1433 4545 ρᾁτους
1463 4474 1846 4546 προαιρεῖσθαι

255 4560 363 4613 τῶν
405 4561 606 4628 λόγων,
649 4562 784 4615 ἀλλὰ
810 4565 934 4627 τοὺς
967 4566 1406 4635 ἐργωδεστάτους
1431 4583 1445 4597 ·
1489 4568 1626 4640 μηδὲ
1659 4569 1784 4631 τοὺς
1811 4569 1845 4638 ἠ

257 4655 469 4719 δίστους
500 4659 617 4720 τοῖς
672 4659 979 4726 ἀκούουσιν,
1006 4661 1121 4716 ἀλλ’
1165 4661 1224 4726 ἐξ
1257 4657 1332 4716 ὧν
1369 4662 1713 4733 ὠφελήσουσι
1749 4665 1847 4718 καὶ

1953 3452 2158 3506 dicere.
2192 3450 2322 3502 illud
2355 3463 2572 3516 quoque
2621 3448 2820 3511 sentio,
2873 3447 3086 3501 facilius
3114 3448 3166 3500 in
3199 3447 3387 3516 primis
3410 3462 3534 3502 esse

1952 3544 2018 3597 de
2062 3541 2351 3612 praeteritis
2399 3541 2617 3608 copiose
2674 3541 2962 3602 disserere,
3011 3555 3172 3608 quam
3213 3540 3280 3593 de
3338 3538 3533 3594 futuris

1951 3634 2316 3700 admonendo,
2355 3636 2521 3688 verba
2566 3633 2770 3687 facere.
2809 3631 3012 3687 Omnes
3056 3633 3251 3687 deimle
3283 3633 3533 3688 homines

1953 3726 2212 3792 majorem
2247 3725 2449 3780 habere
2489 3725 2722 3795 gratiam
2761 3727 2874 3780 suis
2923 3725 3318 3790 laudatoribus,
3370 3741 3533 3794 quam

1953 3816 2177 3872 consilia
2227 3816 2662 3884 suggerentibus,
2720 3815 2938 3885 quando
3009 3814 3130 3870 illos
3180 3825 3239 3868 ut
3277 3815 3361 3870 sui
3417 3827 3535 3871 stu-

1952 3909 2137 3965 diosos
2168 3906 2400 3961 libenter
2431 3907 2727 3975 excipiunt,
2762 3908 2859 3960 hos
2896 3921 3044 3972 vero,
3077 3907 3122 3962 si
3163 3907 3305 3962 forte
3343 3895 3532 3978 injussi

1951 4000 2268 4067 admonent,
2293 4015 2391 4069 pro
2424 3999 2796 4053 turbatoribus
2833 3997 3057 4054 habent.

2023 4092 2153 4156 Qua:
2190 4090 2294 4144 etsi
2329 4089 2511 4144 omnia
2561 4090 2698 4142 satis
2747 4089 2954 4158 providi
3001 4098 3182 4152 antea,
3229 4087 3400 4142 nihilo
3456 4098 3534 4143 ta-

1953 4198 2078 4240 men
2116 4182 2296 4238 secius
2337 4181 2406 4236 ab
2439 4181 2548 4246 bis,
2593 4195 2714 4249 quae
2758 4181 2823 4233 ad
2859 4182 3089 4248 gratiam
3123 4183 3413 4235 iucundam
3447 4181 3533 4234 di-

1953 4275 2120 4332 cenda
2163 4283 2371 4337 essent,
2423 4273 2697 4326 abstinere
2729 4273 2874 4327 volui
2902 4289 2918 4338 ;
2942 4273 3010 4328 de
3046 4274 3110 4328 iis
3159 4274 3532 4327 tantummodo

1953 4367 2218 4430 dicturus,
2249 4382 2370 4436 quae
2405 4381 2562 4420 uerno
2618 4367 2753 4420 alius
2787 4366 2964 4420 ausit:
3000 4376 3148 4420 ratus
3188 4367 3383 4420 decere
3415 4381 3532 4431 eos,

1951 4462 2044 4532 qui
2097 4462 2163 4515 de
2205 4461 2462 4529 aequitate
2517 4469 2681 4529 atque
2722 4459 3008 4528 prudentia
3056 4474 3180 4512 cum
3229 4459 3533 4527 a’qualibus

1951 4561 2183 4618 certant,
2218 4566 2557 4621 nequaquam
2604 4552 2690 4605 illa
2722 4551 2826 4607 sibi
2858 4552 3118 4620 deligere,
3166 4565 3286 4620 qua:
3313 4552 3415 4619 ipsi
3449 4549 3532 4602 fa-

1953 4644 2154 4700 cillime
2182 4645 2430 4699 oratione
2472 4643 2726 4713 persequi
2762 4645 2991 4714 possint,
3037 4642 3134 4698 sed
3160 4657 3280 4712 qua:
3307 4642 3533 4698 diﬂicili-

257 4749 354 4812 τᾶις
389 4748 582 4812 πόλεις
631 4749 731 4814 τὰς
797 4723 998 4819 αὐτῶν,
1031 4753 1128 4807 καὶ
1176 4723 1303 4818 τοὺς
1349 4723 1552 4820 ἄλλους.
1593 4755 1842 4828 ἓλληνας,

1951 4754 2040 4794 me
2088 4737 2404 4808 persuaderi
2444 4746 2682 4806 queant:
2717 4752 2894 4804 neque
2939 4753 3154 4792 rursum
3192 4751 3256 4790 ea
3287 4751 3409 4805 qua;
3435 4751 3534 4790 au-

261 4839 344 4910 ἑφ’
368 4835 574 4912 οἷσπερ
597 4840 710 4910 ἐγὼ
745 4841 1001 4913 τυγχάνω
1021 4843 1118 4898 νῦν
1173 4845 1514 4916 ἐφεστηκὼς.

325 5083 613 5154 Θαυμάζω
660 5083 719 5137 δὲ
765 5087 862 5138 καὶ
907 5085 1016 5140 τῶν
1081 5087 1257 5141 ἄλλων
1323 5089 1432 5141 τῶν
1490 5090 1751 5162 πράττειν
1805 5091 1839 5163 ἢ

261 5174 438 5244 λέγειν
507 5176 860 5246 δυναμένων,
919 5179 967 5230 εί
1028 5178 1165 5250 μηδὲ
1234 5179 1448 5234 πώποτ’
1498 5183 1682 5246 αὐτοῖς
1750 5183 1846 5236 ὲπ-

263 5266 421 5336 ῆλθεν
453 5265 850 5337 ἐνθυμηθῆναι,
894 5269 1024 5340 περὶ
1072 5271 1181 5323 τῶν
1233 5272 1431 5325 κοινῶν
1473 5278 1842 5344 πραγμάτων,

265 5361 386 5431 μηδ’
432 5361 656 5430 ἐλεῆσαι
706 5364 805 5424 τὰς
855 5363 956 5431 τῆς
1005 5363 1223 5430 έλλάδος
1274 5366 1614 5438 δυσπραξίας
1671 5368 1844 5432 οὕτως

263 5453 503 5522 αἰσχρῶς
526 5452 623 5504 καὶ
663 5452 852 5516 δεινῶς
889 5454 1291 5529 διατιθεμένης,
1322 5454 1433 5521 Ἧς
1455 5456 1632 5523 οὐδεὶς
1663 5478 1844 5531 παρα-

263 5541 542 5596 λέλειπται
572 5543 759 5608 τόπος,
799 5543 858 5608 ὃς
899 5546 960 5598 οὐ
995 5547 1156 5618 γέμει
1183 5548 1279 5602 καὶ
1317 5551 1515 5619 μεστός
1542 5551 1658 5605 ἐστι
1684 5553 1846 5605 πολέ-

268 5651 366 5703 μου
393 5638 493 5689 καὶ
517 5637 766 5692 στάσεων
797 5640 892 5692 καὶ
929 5642 1154 5709 σφαγῶν
1199 5643 1296 5696 καὶ
1324 5643 1512 5698 κακῶν
1537 5645 1848 5716 ἀναριθμή-

268 5742 392 5781 των.
419 5721 524 5781 Ὧν
548 5729 805 5784 πλεῖστον
834 5732 999 5804 μέρος·
1025 5735 1424 5804 μετειλήφασιν
1449 5736 1499 5788 οἱ
1521 5736 1617 5805 τῆς
1661 5736 1844 5800 Ἀσίας

271 5818 367 5887 τὴν
425 5820 705 5890 παραλίαν
757 5815 1055 5890 οἰκοῦντες.
1106 5825 1214 5891 Οὓς
1266 5829 1325 5882 ὲν
1373 5829 1493 5893 ταῖς
1557 5829 1851 5901 συνθήκαις

1948 4832 2064 4886 ditu
2108 4830 2221 4885 sint
2258 4828 2680 4898 iucundissima,
2731 4829 2829 4884 sed
2850 4843 2916 4882 ex
2950 4828 3149 4897 quibus
3177 4827 3531 4883 emolumenti

1949 4921 2240 4991 plurimum
2265 4919 2515 4985 afferant,
2531 4935 2656 4974 cum
2689 4919 3006 4974 civitatibus
3032 4921 3170 4984 suis,
3193 4929 3302 4974 tum
3329 4920 3534 4976 Grecis

1951 5012 2227 5076 omnibus,
2271 5025 2506 5080 quorum
2535 5023 2635 5080 ego
2665 5010 2825 5064 modo
2865 5025 3028 5064 causa
3066 5011 3133 5064 ad
3185 5020 3238 5063 te
3296 5013 3530 5066 accessi.

2020 5101 2268 5172 Magnam
2300 5111 2479 5156 autem
2516 5101 2605 5154 hic
2641 5100 2770 5154 mibi
2803 5101 3218 5154 admirationem
3254 5101 3530 5155 concitant

1951 5195 2158 5260 caeteri,
2208 5192 2406 5262 quibus
2456 5193 2538 5246 vel
2589 5193 2782 5262 agendi
2829 5199 2936 5255 est,
2984 5192 3068 5246 vel
3102 5192 3318 5246 dicendi
3349 5191 3532 5260 aliqua

1955 5283 2206 5349 facultas,
2235 5283 2376 5352 quod
2410 5283 2552 5336 nulla
2589 5299 2826 5352 unquam
2874 5285 2938 5338 de
2958 5284 3339 5338 communibus
3372 5283 3532 5336 rebus

1953 5378 2166 5431 illorum
2221 5380 2433 5431 animos
2484 5377 2742 5445 cogitatio
2791 5378 3005 5443 subeat,
3059 5391 3233 5445 neque
3295 5375 3532 5429 infelicis

1952 5467 2176 5524 Graeciae
2209 5466 2683 5521 conuuiseratione
2732 5466 3018 5528 ducantur,
3073 5465 3229 5532 cujus
3255 5462 3365 5528 jam
3417 5473 3530 5514 sta-

1963 5571 2049 5613 tus
2074 5557 2446 5613 miserandum
2495 5559 2545 5610 in
2579 5558 2794 5610 modum
2830 5558 2964 5611 adeo
2995 5555 3328 5609 deformatus
3360 5559 3444 5605 est
3474 5559 3531 5604 ut

1951 5648 2183 5717 angulus
2215 5650 2266 5703 in
2298 5663 2362 5705 ea
2393 5647 2572 5702 nullus
2613 5648 2936 5717 reperiatur,
2965 5647 3054 5716 qui
3105 5662 3210 5700 non
3243 5644 3528 5707 bellorum,

1949 5742 2303 5806 seditionum,
2353 5741 2604 5802 ca'dium,
2635 5747 2691 5793 et
2733 5740 3065 5802 inﬁnitarum
3116 5738 3380 5792 malorum
3417 5736 3530 5803 ple-

1948 5849 2048 5887 nus
2096 5832 2183 5888 sit.
2219 5831 2457 5898 Quorum
2501 5832 2716 5901 quidem
2769 5838 2976 5900 partem
3026 5830 3180 5899 longe
3236 5827 3528 5882 maximam
