  <div class='ocr_page' id='page_1' title='image "/cluster/home/n/w/nwhite01/storage/ocr_20150623/103/hvd.32044018872861/227.png"; bbox 0 0 4090 6440; ppageno 0'>
   <div class='ocr_carea' id='block_1_1' title="bbox 519 421 3811 497">
    <p class='ocr_par' dir='ltr' id='par_1_1' title="bbox 519 421 3811 497">
     <span class='ocr_line' id='line_1_1' title="bbox 519 421 3811 497; baseline -0.003 5"><span class='ocrx_word' id='word_1_1' title='bbox 519 421 632 492; x_wconf 65' lang='grc' dir='ltr'><strong>ιω</strong></span> <span class='ocrx_word' id='word_1_2' title='bbox 1719 430 1988 497; x_wconf 83' lang='lat' dir='ltr'><strong>PHOTII</strong></span> <span class='ocrx_word' id='word_1_3' title='bbox 2023 430 2529 496; x_wconf 67' lang='lat' dir='ltr'><strong>PATRIARCHAS</strong></span> <span class='ocrx_word' id='word_1_4' title='bbox 2567 433 2677 495; x_wconf 91' lang='lat' dir='ltr'><strong>CP.</strong></span> <span class='ocrx_word' id='word_1_5' title='bbox 3709 424 3811 491; x_wconf 75' lang='lat' dir='ltr'><strong>tto</strong></span> 
     </span>
    </p>
   </div>
   <div class='ocr_carea' id='block_1_2' title="bbox 530 528 2137 611">
    <p class='ocr_par' dir='ltr' id='par_1_2' title="bbox 530 528 2124 608">
     <span class='ocr_line' id='line_1_2' title="bbox 530 528 2124 608; baseline 0.006 -18"><span class='ocrx_word' id='word_1_6' title='bbox 530 528 808 604; x_wconf 71' lang='lat' dir='ltr'><strong>susliuent</strong></span> <span class='ocrx_word' id='word_1_7' title='bbox 832 536 868 590; x_wconf 92' lang='lat' dir='ltr'><strong>ii</strong></span> <span class='ocrx_word' id='word_1_8' title='bbox 897 537 989 607; x_wconf 85' lang='lat' dir='ltr'><strong>qui</strong></span> <span class='ocrx_word' id='word_1_9' title='bbox 1020 537 1163 595; x_wconf 68' lang='lat' dir='ltr'><strong>Asia:</strong></span> <span class='ocrx_word' id='word_1_10' title='bbox 1201 540 1475 598; x_wconf 88' lang='lat' dir='ltr'><strong>maritima</strong></span> <span class='ocrx_word' id='word_1_11' title='bbox 1528 540 1795 608; x_wconf 89' lang='lat' dir='ltr'><strong>incolunt,</strong></span> <span class='ocrx_word' id='word_1_12' title='bbox 1824 554 1878 601; x_wconf 88' lang='lat' dir='ltr'><strong>et</strong></span> <span class='ocrx_word' id='word_1_13' title='bbox 1905 559 1933 598; x_wconf 88' lang='lat' dir='ltr'><strong>a</strong></span> <span class='ocrx_word' id='word_1_14' title='bbox 1964 543 2124 600; x_wconf 84' lang='lat' dir='ltr'><strong>nobis</strong></span> 
     </span>
    </p>
   </div>
   <div class='ocr_carea' id='block_1_3' title="bbox 2241 528 3812 611">
    <p class='ocr_par' dir='ltr' id='par_1_3' title="bbox 2241 533 3812 611">
     <span class='ocr_line' id='line_1_3' title="bbox 2241 533 3812 611; baseline -0.003 -16"><span class='ocrx_word' id='word_1_15' title='bbox 2241 541 2470 605; x_wconf 70' lang='grc' dir='ltr'>Επαντες</span> <span class='ocrx_word' id='word_1_16' title='bbox 2495 539 2890 610; x_wconf 76' lang='grc' dir='ltr'>ἐκδεδῶκειμεν</span> <span class='ocrx_word' id='word_1_17' title='bbox 2913 539 2976 594; x_wconf 87' lang='grc' dir='ltr'><strong>οὐ</strong></span> <span class='ocrx_word' id='word_1_18' title='bbox 3003 538 3164 611; x_wconf 77' lang='grc' dir='ltr'>μόνον</span> <span class='ocrx_word' id='word_1_19' title='bbox 3182 538 3296 602; x_wconf 83' lang='grc' dir='ltr'>τοῖς</span> <span class='ocrx_word' id='word_1_20' title='bbox 3324 535 3644 608; x_wconf 73' lang='grc' dir='ltr'>βαρᾶρδοις,</span> <span class='ocrx_word' id='word_1_21' title='bbox 3677 533 3812 590; x_wconf 74' lang='grc' dir='ltr'>ἀλλὰ</span> 
     </span>
    </p>
   </div>
   <div class='ocr_carea' id='block_1_4' title="bbox 527 619 2137 702">
    <p class='ocr_par' dir='ltr' id='par_1_4' title="bbox 527 619 2120 698">
     <span class='ocr_line' id='line_1_4' title="bbox 527 619 2120 698; baseline 0.003 -15"><span class='ocrx_word' id='word_1_22' title='bbox 527 626 782 684; x_wconf 81' lang='lat' dir='ltr'><strong>omnibus</strong></span> <span class='ocrx_word' id='word_1_23' title='bbox 812 619 1112 687; x_wconf 71' lang='lat' dir='ltr'><strong>lmderibus</strong></span> <span class='ocrx_word' id='word_1_24' title='bbox 1155 632 1385 698; x_wconf 85' lang='lat' dir='ltr'><strong>exclusi,</strong></span> <span class='ocrx_word' id='word_1_25' title='bbox 1442 648 1551 689; x_wconf 91' lang='lat' dir='ltr'><strong>non</strong></span> <span class='ocrx_word' id='word_1_26' title='bbox 1597 634 1845 694; x_wconf 88' lang='lat' dir='ltr'><strong>barbaris</strong></span> <span class='ocrx_word' id='word_1_27' title='bbox 1878 645 2120 690; x_wconf 83' lang='lat' dir='ltr'><strong>tantum-</strong></span> 
     </span>
    </p>
   </div>
   <div class='ocr_carea' id='block_1_5' title="bbox 2241 619 3814 702">
    <p class='ocr_par' dir='ltr' id='par_1_5' title="bbox 2241 624 3814 702">
     <span class='ocr_line' id='line_1_5' title="bbox 2241 624 3814 702; baseline -0.006 -17"><span class='ocrx_word' id='word_1_28' title='bbox 2241 631 2322 686; x_wconf 64' lang='grc' dir='ltr'><strong>καὶ</strong></span> <span class='ocrx_word' id='word_1_29' title='bbox 2350 631 2462 685; x_wconf 91' lang='grc' dir='ltr'><strong>τῶν</strong></span> <span class='ocrx_word' id='word_1_30' title='bbox 2503 630 2745 702; x_wconf 79' lang='grc' dir='ltr'>ἐλλήνων</span> <span class='ocrx_word' id='word_1_31' title='bbox 2776 632 2889 693; x_wconf 86' lang='grc' dir='ltr'>τοῖς</span> <span class='ocrx_word' id='word_1_32' title='bbox 2917 629 3018 699; x_wconf 78' lang='grc' dir='ltr'>τῆς</span> <span class='ocrx_word' id='word_1_33' title='bbox 3042 628 3144 700; x_wconf 80' lang='grc' dir='ltr'>μὲν</span> <span class='ocrx_word' id='word_1_34' title='bbox 3183 630 3367 697; x_wconf 83' lang='grc' dir='ltr'>φωνῆς</span> <span class='ocrx_word' id='word_1_35' title='bbox 3393 629 3494 697; x_wconf 82' lang='grc' dir='ltr'>τῆς</span> <span class='ocrx_word' id='word_1_36' title='bbox 3537 624 3814 696; x_wconf 78' lang='grc' dir='ltr'>ἡμετέρας</span> 
     </span>
    </p>
   </div>
   <div class='ocr_carea' id='block_1_6' title="bbox 529 715 2137 793">
    <p class='ocr_par' dir='ltr' id='par_1_6' title="bbox 529 718 2119 792">
     <span class='ocr_line' id='line_1_6' title="bbox 529 718 2119 792; baseline 0.006 -20"><span class='ocrx_word' id='word_1_37' title='bbox 529 718 693 774; x_wconf 67' lang='lat' dir='ltr'><strong>unedo</strong></span> <span class='ocrx_word' id='word_1_38' title='bbox 744 720 998 790; x_wconf 90' lang='lat' dir='ltr'><strong>gentibus</strong></span> <span class='ocrx_word' id='word_1_39' title='bbox 1038 723 1292 792; x_wconf 85' lang='lat' dir='ltr'><strong>permissi</strong></span> <span class='ocrx_word' id='word_1_40' title='bbox 1319 732 1466 792; x_wconf 90' lang='lat' dir='ltr'><strong>sunt,</strong></span> <span class='ocrx_word' id='word_1_41' title='bbox 1499 725 1593 781; x_wconf 86' lang='lat' dir='ltr'><strong>sed</strong></span> <span class='ocrx_word' id='word_1_42' title='bbox 1635 726 1702 780; x_wconf 93' lang='lat' dir='ltr'><strong>iis</strong></span> <span class='ocrx_word' id='word_1_43' title='bbox 1729 727 1858 781; x_wconf 89' lang='lat' dir='ltr'><strong>item</strong></span> <span class='ocrx_word' id='word_1_44' title='bbox 1892 726 2119 792; x_wconf 65' lang='lat' dir='ltr'><strong>Griecis,</strong></span> 
     </span>
    </p>
   </div>
   <div class='ocr_carea' id='block_1_7' title="bbox 2241 715 3817 793">
    <p class='ocr_par' dir='ltr' id='par_1_7' title="bbox 2241 715 3817 793">
     <span class='ocr_line' id='line_1_7' title="bbox 2241 715 3817 793; baseline -0.007 -15"><span class='ocrx_word' id='word_1_45' title='bbox 2241 723 2570 788; x_wconf 63' lang='grc' dir='ltr'>κοινωνοῦσι,</span> <span class='ocrx_word' id='word_1_46' title='bbox 2602 723 2681 793; x_wconf 81' lang='grc' dir='ltr'>τῷ</span> <span class='ocrx_word' id='word_1_47' title='bbox 2709 722 2768 776; x_wconf 75' lang='grc' dir='ltr'>δὲ</span> <span class='ocrx_word' id='word_1_48' title='bbox 2800 721 2993 792; x_wconf 83' lang='grc' dir='ltr'>τρόπῳ</span> <span class='ocrx_word' id='word_1_49' title='bbox 3021 720 3102 792; x_wconf 85' lang='grc' dir='ltr'>τῷ</span> <span class='ocrx_word' id='word_1_50' title='bbox 3125 719 3237 772; x_wconf 92' lang='grc' dir='ltr'><strong>τῶν</strong></span> <span class='ocrx_word' id='word_1_51' title='bbox 3264 717 3556 790; x_wconf 74' lang='grc' dir='ltr'>βαρϐάρων</span> <span class='ocrx_word' id='word_1_52' title='bbox 3598 715 3817 787; x_wconf 82' lang='grc' dir='ltr'>χρωμέ-</span> 
     </span>
    </p>
   </div>
   <div class='ocr_carea' id='block_1_8' title="bbox 527 807 2137 885">
    <p class='ocr_par' dir='ltr' id='par_1_8' title="bbox 527 810 2120 885">
     <span class='ocr_line' id='line_1_8' title="bbox 527 810 2120 885; baseline 0.007 -20"><span class='ocrx_word' id='word_1_53' title='bbox 527 810 619 882; x_wconf 88' lang='lat' dir='ltr'><strong>qui</strong></span> <span class='ocrx_word' id='word_1_54' title='bbox 646 811 752 868; x_wconf 89' lang='lat' dir='ltr'><strong>etsi</strong></span> <span class='ocrx_word' id='word_1_55' title='bbox 787 810 966 885; x_wconf 87' lang='lat' dir='ltr'><strong>lingua</strong></span> <span class='ocrx_word' id='word_1_56' title='bbox 983 814 1271 871; x_wconf 90' lang='lat' dir='ltr'><strong>nobiscum</strong></span> <span class='ocrx_word' id='word_1_57' title='bbox 1301 824 1528 872; x_wconf 91' lang='lat' dir='ltr'><strong>utantur</strong></span> <span class='ocrx_word' id='word_1_58' title='bbox 1565 820 1782 883; x_wconf 85' lang='lat' dir='ltr'><strong>eadem,</strong></span> <span class='ocrx_word' id='word_1_59' title='bbox 1819 835 1849 873; x_wconf 93' lang='lat' dir='ltr'><strong>a</strong></span> <span class='ocrx_word' id='word_1_60' title='bbox 1879 819 2120 876; x_wconf 80' lang='lat' dir='ltr'><strong>moribus</strong></span> 
     </span>
    </p>
   </div>
   <div class='ocr_carea' id='block_1_9' title="bbox 2241 807 3816 885">
    <p class='ocr_par' dir='ltr' id='par_1_9' title="bbox 2241 807 3816 885">
     <span class='ocr_line' id='line_1_9' title="bbox 2241 807 3816 885; baseline -0.006 -16"><span class='ocrx_word' id='word_1_61' title='bbox 2241 834 2364 882; x_wconf 82' lang='grc' dir='ltr'>νοις.</span> <span class='ocrx_word' id='word_1_62' title='bbox 2397 815 2527 882; x_wconf 79' lang='grc' dir='ltr'>Οὓς,</span> <span class='ocrx_word' id='word_1_63' title='bbox 2555 817 2604 868; x_wconf 83' lang='grc' dir='ltr'><strong>εί</strong></span> <span class='ocrx_word' id='word_1_64' title='bbox 2626 815 2753 870; x_wconf 82' lang='grc' dir='ltr'>νοῦν</span> <span class='ocrx_word' id='word_1_65' title='bbox 2775 815 3016 885; x_wconf 79' lang='grc' dir='ltr'>εἴχομεν,</span> <span class='ocrx_word' id='word_1_66' title='bbox 3038 813 3140 867; x_wconf 85' lang='grc' dir='ltr'><strong>οὐκ</strong></span> <span class='ocrx_word' id='word_1_67' title='bbox 3171 812 3237 867; x_wconf 79' lang='grc' dir='ltr'>ἂν</span> <span class='ocrx_word' id='word_1_68' title='bbox 3257 810 3606 883; x_wconf 80' lang='grc' dir='ltr'><strong>περιορῶμεν</strong></span> <span class='ocrx_word' id='word_1_69' title='bbox 3627 807 3698 861; x_wconf 86' lang='grc' dir='ltr'><strong>άθ</strong></span> <span class='ocrx_word' id='word_1_70' title='bbox 3709 825 3816 878; x_wconf 88' lang='grc' dir='ltr'>ροι-</span> 
     </span>
    </p>
   </div>
   <div class='ocr_carea' id='block_1_10' title="bbox 528 903 2120 980">
    <p class='ocr_par' dir='ltr' id='par_1_10' title="bbox 528 903 2120 980">
     <span class='ocr_line' id='line_1_10' title="bbox 528 903 2120 980; baseline 0.004 -22"><span class='ocrx_word' id='word_1_71' title='bbox 528 911 679 960; x_wconf 84' lang='lat' dir='ltr'><strong>certe</strong></span> <span class='ocrx_word' id='word_1_72' title='bbox 708 903 1072 961; x_wconf 84' lang='lat' dir='ltr'><strong>Barbarorum</strong></span> <span class='ocrx_word' id='word_1_73' title='bbox 1123 908 1262 962; x_wconf 87' lang='lat' dir='ltr'><strong>nihil</strong></span> <span class='ocrx_word' id='word_1_74' title='bbox 1306 909 1640 980; x_wconf 86' lang='lat' dir='ltr'><strong>discrepant.</strong></span> <span class='ocrx_word' id='word_1_75' title='bbox 1671 910 1818 978; x_wconf 87' lang='lat' dir='ltr'><strong>Quos</strong></span> <span class='ocrx_word' id='word_1_76' title='bbox 1841 912 2120 980; x_wconf 80' lang='lat' dir='ltr'><strong>equidem,</strong></span> 
     </span>
    </p>
   </div>
   <div class='ocr_carea' id='block_1_11' title="bbox 528 995 2122 1073">
    <p class='ocr_par' dir='ltr' id='par_1_11' title="bbox 528 995 2122 1073">
     <span class='ocr_line' id='line_1_11' title="bbox 528 995 2122 1073; baseline 0.003 -21"><span class='ocrx_word' id='word_1_77' title='bbox 528 995 575 1052; x_wconf 85' lang='lat' dir='ltr'><strong>si</strong></span> <span class='ocrx_word' id='word_1_78' title='bbox 629 997 928 1069; x_wconf 81' lang='lat' dir='ltr'><strong>quidquam</strong></span> <span class='ocrx_word' id='word_1_79' title='bbox 979 998 1032 1054; x_wconf 92' lang='lat' dir='ltr'><strong>in</strong></span> <span class='ocrx_word' id='word_1_80' title='bbox 1079 1000 1235 1055; x_wconf 86' lang='lat' dir='ltr'><strong>nobis</strong></span> <span class='ocrx_word' id='word_1_81' title='bbox 1269 1013 1418 1056; x_wconf 83' lang='lat' dir='ltr'><strong>esset</strong></span> <span class='ocrx_word' id='word_1_82' title='bbox 1451 1001 1648 1057; x_wconf 89' lang='lat' dir='ltr'><strong>mentis</strong></span> <span class='ocrx_word' id='word_1_83' title='bbox 1693 1003 1985 1073; x_wconf 89' lang='lat' dir='ltr'><strong>reliquum,</strong></span> <span class='ocrx_word' id='word_1_84' title='bbox 2019 1019 2122 1058; x_wconf 57' lang='lat' dir='ltr'><strong>ne.</strong></span> 
     </span>
    </p>
   </div>
   <div class='ocr_carea' id='block_1_12' title="bbox 529 1090 2120 1166">
    <p class='ocr_par' dir='ltr' id='par_1_12' title="bbox 529 1090 2120 1166">
     <span class='ocr_line' id='line_1_12' title="bbox 529 1090 2120 1166; baseline 0.004 -26"><span class='ocrx_word' id='word_1_85' title='bbox 529 1103 803 1158; x_wconf 60' lang='lat' dir='ltr'><strong>(tauquam</strong></span> <span class='ocrx_word' id='word_1_86' title='bbox 845 1090 1153 1147; x_wconf 88' lang='lat' dir='ltr'><strong>siueremus</strong></span> <span class='ocrx_word' id='word_1_87' title='bbox 1196 1109 1292 1163; x_wconf 85' lang='lat' dir='ltr'><strong>per</strong></span> <span class='ocrx_word' id='word_1_88' title='bbox 1323 1103 1529 1148; x_wconf 86' lang='lat' dir='ltr'><strong>tantam</strong></span> <span class='ocrx_word' id='word_1_89' title='bbox 1559 1096 1800 1149; x_wconf 67' lang='lat' dir='ltr'><strong>nost‘ram</strong></span> <span class='ocrx_word' id='word_1_90' title='bbox 1834 1096 2120 1166; x_wconf 81' lang='lat' dir='ltr'><strong>negligen—</strong></span> 
     </span>
    </p>
   </div>
   <div class='ocr_carea' id='block_1_13' title="bbox 531 1178 2120 1255">
    <p class='ocr_par' dir='ltr' id='par_1_13' title="bbox 531 1178 2120 1255">
     <span class='ocr_line' id='line_1_13' title="bbox 531 1178 2120 1255; baseline 0.002 -21"><span class='ocrx_word' id='word_1_91' title='bbox 531 1178 663 1234; x_wconf 85' lang='lat' dir='ltr'><strong>tiam</strong></span> <span class='ocrx_word' id='word_1_92' title='bbox 716 1179 888 1245; x_wconf 82' lang='lat' dir='ltr'><strong>coire,</strong></span> <span class='ocrx_word' id='word_1_93' title='bbox 950 1182 1294 1251; x_wconf 72' lang='lat' dir='ltr'><strong>aquibusvis</strong></span> <span class='ocrx_word' id='word_1_94' title='bbox 1355 1184 1408 1238; x_wconf 92' lang='lat' dir='ltr'><strong>iu</strong></span> <span class='ocrx_word' id='word_1_95' title='bbox 1479 1184 1883 1255; x_wconf 81' lang='lat' dir='ltr'><strong>expeditionem</strong></span> <span class='ocrx_word' id='word_1_96' title='bbox 1939 1185 2120 1250; x_wconf 90' lang='lat' dir='ltr'><strong>educi,</strong></span> 
     </span>
    </p>
   </div>
   <div class='ocr_carea' id='block_1_14' title="bbox 535 1268 2121 1356">
    <p class='ocr_par' dir='ltr' id='par_1_14' title="bbox 535 1268 2121 1356">
     <span class='ocr_line' id='line_1_14' title="bbox 535 1268 2121 1356; baseline 0.005 -32"><span class='ocrx_word' id='word_1_97' title='bbox 535 1268 848 1342; x_wconf 71' lang='lat' dir='ltr'><strong>maioraque</strong></span> <span class='ocrx_word' id='word_1_98' title='bbox 874 1281 928 1328; x_wconf 90' lang='lat' dir='ltr'><strong>et</strong></span> <span class='ocrx_word' id='word_1_99' title='bbox 957 1273 1216 1330; x_wconf 83' lang='lat' dir='ltr'><strong>validiora</strong></span> <span class='ocrx_word' id='word_1_100' title='bbox 1241 1276 1422 1356; x_wconf 77' lang='lat' dir='ltr'><strong>colligi</strong></span> <span class='ocrx_word' id='word_1_101' title='bbox 1449 1278 1666 1348; x_wconf 80' lang='lat' dir='ltr'><strong>agmina</strong></span> <span class='ocrx_word' id='word_1_102' title='bbox 1691 1292 1722 1332; x_wconf 90' lang='lat' dir='ltr'><strong>e</strong></span> <span class='ocrx_word' id='word_1_103' title='bbox 1751 1278 1924 1348; x_wconf 87' lang='lat' dir='ltr'><strong>vagis,</strong></span> <span class='ocrx_word' id='word_1_104' title='bbox 1956 1293 2121 1348; x_wconf 87' lang='lat' dir='ltr'><strong>quam</strong></span> 
     </span>
    </p>
   </div>
   <div class='ocr_carea' id='block_1_15' title="bbox 531 1361 2114 1438">
    <p class='ocr_par' dir='ltr' id='par_1_15' title="bbox 531 1361 2114 1438">
     <span class='ocr_line' id='line_1_15' title="bbox 531 1361 2114 1438; baseline 0.004 -22"><span class='ocrx_word' id='word_1_105' title='bbox 531 1361 776 1434; x_wconf 83' lang='lat' dir='ltr'><strong>legitimo</strong></span> <span class='ocrx_word' id='word_1_106' title='bbox 830 1365 1059 1435; x_wconf 88' lang='lat' dir='ltr'><strong>imperio</strong></span> <span class='ocrx_word' id='word_1_107' title='bbox 1109 1368 1430 1437; x_wconf 73' lang='lat' dir='ltr'><strong>gubernatis</strong></span> <span class='ocrx_word' id='word_1_108' title='bbox 1486 1370 1824 1426; x_wconf 89' lang='lat' dir='ltr'><strong>hominibus.</strong></span> <span class='ocrx_word' id='word_1_109' title='bbox 1857 1371 2114 1438; x_wconf 88' lang='lat' dir='ltr'><strong>Quicum</strong></span> 
     </span>
    </p>
   </div>
   <div class='ocr_carea' id='block_1_16' title="bbox 529 1455 2120 1532">
    <p class='ocr_par' dir='ltr' id='par_1_16' title="bbox 529 1455 2120 1532">
     <span class='ocr_line' id='line_1_16' title="bbox 529 1455 2120 1532; baseline 0.003 -20"><span class='ocrx_word' id='word_1_110' title='bbox 529 1455 782 1524; x_wconf 83' lang='lat' dir='ltr'><strong>exiguam</strong></span> <span class='ocrx_word' id='word_1_111' title='bbox 815 1458 1106 1514; x_wconf 86' lang='lat' dir='ltr'><strong>admodum</strong></span> <span class='ocrx_word' id='word_1_112' title='bbox 1147 1462 1390 1531; x_wconf 73' lang='lat' dir='ltr'><strong>regionis</strong></span> <span class='ocrx_word' id='word_1_113' title='bbox 1427 1461 1544 1532; x_wconf 85' lang='lat' dir='ltr'><strong>ejus</strong></span> <span class='ocrx_word' id='word_1_114' title='bbox 1588 1473 1821 1532; x_wconf 87' lang='lat' dir='ltr'><strong>partem,</strong></span> <span class='ocrx_word' id='word_1_115' title='bbox 1856 1477 1977 1532; x_wconf 78' lang='lat' dir='ltr'><strong>qua:</strong></span> <span class='ocrx_word' id='word_1_116' title='bbox 2007 1463 2120 1532; x_wconf 81' lang='lat' dir='ltr'><strong>regi</strong></span> 
     </span>
    </p>
   </div>
   <div class='ocr_carea' id='block_1_17' title="bbox 535 1550 2125 1625">
    <p class='ocr_par' dir='ltr' id='par_1_17' title="bbox 535 1550 2125 1625">
     <span class='ocr_line' id='line_1_17' title="bbox 535 1550 2125 1625; baseline 0.003 -21"><span class='ocrx_word' id='word_1_117' title='bbox 535 1555 712 1619; x_wconf 72' lang='lat' dir='ltr'><strong>paret,</strong></span> <span class='ocrx_word' id='word_1_118' title='bbox 768 1551 966 1606; x_wconf 86' lang='lat' dir='ltr'><strong>damno</strong></span> <span class='ocrx_word' id='word_1_119' title='bbox 1024 1550 1279 1619; x_wconf 87' lang='lat' dir='ltr'><strong>alliciant,</strong></span> <span class='ocrx_word' id='word_1_120' title='bbox 1339 1551 1565 1609; x_wconf 67' lang='lat' dir='ltr'><strong>ercas</strong></span> <span class='ocrx_word' id='word_1_121' title='bbox 1613 1555 1815 1624; x_wconf 88' lang='lat' dir='ltr'><strong>potius,</strong></span> <span class='ocrx_word' id='word_1_122' title='bbox 1857 1555 1921 1608; x_wconf 89' lang='lat' dir='ltr'><strong>ad</strong></span> <span class='ocrx_word' id='word_1_123' title='bbox 1957 1570 2125 1625; x_wconf 85' lang='lat' dir='ltr'><strong>quas-</strong></span> 
     </span>
    </p>
   </div>
   <div class='ocr_carea' id='block_1_18' title="bbox 532 1644 2121 1712">
    <p class='ocr_par' dir='ltr' id='par_1_18' title="bbox 532 1644 2121 1712">
     <span class='ocr_line' id='line_1_18' title="bbox 532 1644 2121 1712; baseline 0.006 -17"><span class='ocrx_word' id='word_1_124' title='bbox 532 1656 752 1712; x_wconf 74' lang='lat' dir='ltr'><strong>cunque</strong></span> <span class='ocrx_word' id='word_1_125' title='bbox 795 1644 1132 1700; x_wconf 89' lang='lat' dir='ltr'><strong>accesserint</strong></span> <span class='ocrx_word' id='word_1_126' title='bbox 1189 1645 1468 1710; x_wconf 83' lang='lat' dir='ltr'><strong>civitates,</strong></span> <span class='ocrx_word' id='word_1_127' title='bbox 1527 1647 1837 1712; x_wconf 86' lang='lat' dir='ltr'><strong>devastaut,</strong></span> <span class='ocrx_word' id='word_1_128' title='bbox 1895 1651 2022 1704; x_wconf 90' lang='lat' dir='ltr'><strong>dum</strong></span> <span class='ocrx_word' id='word_1_129' title='bbox 2068 1649 2121 1704; x_wconf 93' lang='lat' dir='ltr'><strong>in</strong></span> 
     </span>
    </p>
   </div>
   <div class='ocr_carea' id='block_1_19' title="bbox 538 1734 2120 1810">
    <p class='ocr_par' dir='ltr' id='par_1_19' title="bbox 538 1734 2120 1810">
     <span class='ocr_line' id='line_1_19' title="bbox 538 1734 2120 1810; baseline 0.002 -21"><span class='ocrx_word' id='word_1_130' title='bbox 538 1734 625 1790; x_wconf 78' lang='lat' dir='ltr'><strong>his</strong></span> <span class='ocrx_word' id='word_1_131' title='bbox 665 1735 802 1791; x_wconf 87' lang='lat' dir='ltr'><strong>alios</strong></span> <span class='ocrx_word' id='word_1_132' title='bbox 866 1736 1228 1804; x_wconf 76' lang='lat' dir='ltr'><strong>interﬁciunt,</strong></span> <span class='ocrx_word' id='word_1_133' title='bbox 1277 1738 1415 1793; x_wconf 89' lang='lat' dir='ltr'><strong>alios</strong></span> <span class='ocrx_word' id='word_1_134' title='bbox 1461 1737 1576 1793; x_wconf 88' lang='lat' dir='ltr'><strong>suis</strong></span> <span class='ocrx_word' id='word_1_135' title='bbox 1622 1739 1841 1795; x_wconf 84' lang='lat' dir='ltr'><strong>sedibus</strong></span> <span class='ocrx_word' id='word_1_136' title='bbox 1895 1739 2120 1810; x_wconf 90' lang='lat' dir='ltr'><strong>pellunt,</strong></span> 
     </span>
    </p>
   </div>
   <div class='ocr_carea' id='block_1_20' title="bbox 536 1825 2120 1900">
    <p class='ocr_par' dir='ltr' id='par_1_20' title="bbox 536 1825 2120 1900">
     <span class='ocr_line' id='line_1_20' title="bbox 536 1825 2120 1900; baseline 0.004 -20"><span class='ocrx_word' id='word_1_137' title='bbox 536 1825 674 1882; x_wconf 81' lang='lat' dir='ltr'><strong>alios</strong></span> <span class='ocrx_word' id='word_1_138' title='bbox 703 1827 863 1883; x_wconf 88' lang='lat' dir='ltr'><strong>bonis</strong></span> <span class='ocrx_word' id='word_1_139' title='bbox 901 1839 1128 1883; x_wconf 89' lang='lat' dir='ltr'><strong>exuunt.</strong></span> <span class='ocrx_word' id='word_1_140' title='bbox 1165 1827 1352 1884; x_wconf 86' lang='lat' dir='ltr'><strong>Taceo</strong></span> <span class='ocrx_word' id='word_1_141' title='bbox 1393 1845 1684 1900; x_wconf 90' lang='lat' dir='ltr'><strong>puerorum</strong></span> <span class='ocrx_word' id='word_1_142' title='bbox 1729 1846 1794 1886; x_wconf 93' lang='lat' dir='ltr'><strong>ac</strong></span> <span class='ocrx_word' id='word_1_143' title='bbox 1828 1832 2120 1887; x_wconf 87' lang='lat' dir='ltr'><strong>mulierum</strong></span> 
     </span>
    </p>
   </div>
   <div class='ocr_carea' id='block_1_21' title="bbox 2229 906 3817 980">
    <p class='ocr_par' dir='ltr' id='par_1_21' title="bbox 2229 906 3817 980">
     <span class='ocr_line' id='line_1_21' title="bbox 2229 906 3817 980; baseline -0.004 -18"><span class='ocrx_word' id='word_1_144' title='bbox 2229 911 2516 980; x_wconf 82' lang='grc' dir='ltr'>ζομένους,</span> <span class='ocrx_word' id='word_1_145' title='bbox 2550 909 2662 964; x_wconf 82' lang='grc' dir='ltr'>οὐδ’</span> <span class='ocrx_word' id='word_1_146' title='bbox 2704 909 2810 963; x_wconf 78' lang='grc' dir='ltr'>ὑπὸ</span> <span class='ocrx_word' id='word_1_147' title='bbox 2843 909 2953 964; x_wconf 89' lang='grc' dir='ltr'><strong>τῶν</strong></span> <span class='ocrx_word' id='word_1_148' title='bbox 2980 909 3255 980; x_wconf 81' lang='grc' dir='ltr'>τυχόντων</span> <span class='ocrx_word' id='word_1_149' title='bbox 3281 906 3817 978; x_wconf 72' lang='grc' dir='ltr'><strong>στρατηγουμένους,</strong></span> 
     </span>
    </p>
   </div>
   <div class='ocr_carea' id='block_1_22' title="bbox 2224 997 3821 1074">
    <p class='ocr_par' dir='ltr' id='par_1_22' title="bbox 2224 997 3821 1074">
     <span class='ocr_line' id='line_1_22' title="bbox 2224 997 3821 1074; baseline -0.004 -18"><span class='ocrx_word' id='word_1_150' title='bbox 2224 1002 2346 1056; x_wconf 81' lang='grc' dir='ltr'>οὐδὲ</span> <span class='ocrx_word' id='word_1_151' title='bbox 2396 1002 2616 1074; x_wconf 76' lang='grc' dir='ltr'><strong>μείζους</strong></span> <span class='ocrx_word' id='word_1_152' title='bbox 2659 1002 2754 1056; x_wconf 72' lang='grc' dir='ltr'><strong>καὶ</strong></span> <span class='ocrx_word' id='word_1_153' title='bbox 2782 1002 3066 1073; x_wconf 82' lang='grc' dir='ltr'>κρείττους</span> <span class='ocrx_word' id='word_1_154' title='bbox 3101 999 3385 1065; x_wconf 75' lang='grc' dir='ltr'>συντάξεις</span> <span class='ocrx_word' id='word_1_155' title='bbox 3437 997 3821 1070; x_wconf 78' lang='grc' dir='ltr'>στρατοπέδων</span> 
     </span>
    </p>
   </div>
   <div class='ocr_carea' id='block_1_23' title="bbox 2223 1088 3819 1165">
    <p class='ocr_par' dir='ltr' id='par_1_23' title="bbox 2223 1088 3819 1165">
     <span class='ocr_line' id='line_1_23' title="bbox 2223 1088 3819 1165; baseline -0.004 -19"><span class='ocrx_word' id='word_1_156' title='bbox 2223 1094 2558 1165; x_wconf 81' lang='grc' dir='ltr'>γιγνομένας</span> <span class='ocrx_word' id='word_1_157' title='bbox 2578 1098 2643 1148; x_wconf 87' lang='grc' dir='ltr'><strong>ἐκ</strong></span> <span class='ocrx_word' id='word_1_158' title='bbox 2665 1093 2776 1148; x_wconf 89' lang='grc' dir='ltr'><strong>τῶν</strong></span> <span class='ocrx_word' id='word_1_159' title='bbox 2805 1093 3178 1162; x_wconf 76' lang='grc' dir='ltr'>πλανωμένων</span> <span class='ocrx_word' id='word_1_160' title='bbox 3208 1092 3244 1163; x_wconf 77' lang='grc' dir='ltr'><strong>ἢ</strong></span> <span class='ocrx_word' id='word_1_161' title='bbox 3273 1091 3735 1161; x_wconf 81' lang='grc' dir='ltr'>πολιτευομένων.</span> <span class='ocrx_word' id='word_1_162' title='bbox 3759 1088 3819 1142; x_wconf 82' lang='grc' dir='ltr'><strong>Οἳ</strong></span> 
     </span>
    </p>
   </div>
   <div class='ocr_carea' id='block_1_24' title="bbox 2224 1181 3820 1257">
    <p class='ocr_par' dir='ltr' id='par_1_24' title="bbox 2224 1181 3820 1257">
     <span class='ocr_line' id='line_1_24' title="bbox 2224 1181 3820 1257; baseline -0.004 -19"><span class='ocrx_word' id='word_1_163' title='bbox 2224 1185 2326 1257; x_wconf 80' lang='grc' dir='ltr'>τῆς</span> <span class='ocrx_word' id='word_1_164' title='bbox 2363 1186 2464 1256; x_wconf 83' lang='grc' dir='ltr'><strong>μὲν</strong></span> <span class='ocrx_word' id='word_1_165' title='bbox 2500 1185 2768 1256; x_wconf 85' lang='grc' dir='ltr'>βασιλέως</span> <span class='ocrx_word' id='word_1_166' title='bbox 2799 1185 2983 1257; x_wconf 83' lang='grc' dir='ltr'>χώρας</span> <span class='ocrx_word' id='word_1_167' title='bbox 3011 1184 3208 1255; x_wconf 73' lang='grc' dir='ltr'>μικρὸν</span> <span class='ocrx_word' id='word_1_168' title='bbox 3241 1183 3407 1255; x_wconf 82' lang='grc' dir='ltr'>μέρος</span> <span class='ocrx_word' id='word_1_169' title='bbox 3439 1181 3820 1252; x_wconf 75' lang='grc' dir='ltr'>λυμαίνονται,</span> 
     </span>
    </p>
   </div>
   <div class='ocr_carea' id='block_1_25' title="bbox 2227 1274 3823 1348">
    <p class='ocr_par' dir='ltr' id='par_1_25' title="bbox 2227 1274 3823 1348">
     <span class='ocr_line' id='line_1_25' title="bbox 2227 1274 3823 1348; baseline -0.004 -16"><span class='ocrx_word' id='word_1_170' title='bbox 2227 1277 2326 1341; x_wconf 80' lang='grc' dir='ltr'>τὰς</span> <span class='ocrx_word' id='word_1_171' title='bbox 2373 1279 2430 1332; x_wconf 86' lang='grc' dir='ltr'><strong>δέ</strong></span> <span class='ocrx_word' id='word_1_172' title='bbox 2480 1278 2664 1342; x_wconf 81' lang='grc' dir='ltr'>πόλεις</span> <span class='ocrx_word' id='word_1_173' title='bbox 2707 1279 2805 1342; x_wconf 86' lang='grc' dir='ltr'><strong>τάς</strong></span> <span class='ocrx_word' id='word_1_174' title='bbox 2840 1277 3124 1348; x_wconf 77' lang='grc' dir='ltr'>ἐλληνίδας</span> <span class='ocrx_word' id='word_1_175' title='bbox 3156 1279 3238 1341; x_wconf 87' lang='grc' dir='ltr'><strong>είς</strong></span> <span class='ocrx_word' id='word_1_176' title='bbox 3263 1277 3330 1347; x_wconf 80' lang='grc' dir='ltr'>ἢν</span> <span class='ocrx_word' id='word_1_177' title='bbox 3371 1275 3437 1330; x_wconf 82' lang='grc' dir='ltr'><strong>άν</strong></span> <span class='ocrx_word' id='word_1_178' title='bbox 3479 1274 3823 1339; x_wconf 80' lang='grc' dir='ltr'>εἰσέλθωσιν,</span> 
     </span>
    </p>
   </div>
   <div class='ocr_carea' id='block_1_26' title="bbox 2225 1368 3824 1444">
    <p class='ocr_par' dir='ltr' id='par_1_26' title="bbox 2225 1368 3824 1444">
     <span class='ocr_line' id='line_1_26' title="bbox 2225 1368 3824 1444; baseline -0.004 -17"><span class='ocrx_word' id='word_1_179' title='bbox 2225 1372 2562 1436; x_wconf 81' lang='grc' dir='ltr'>ἀναστάτους</span> <span class='ocrx_word' id='word_1_180' title='bbox 2589 1373 2868 1437; x_wconf 78' lang='grc' dir='ltr'>ποιοῦσιν,</span> <span class='ocrx_word' id='word_1_181' title='bbox 2905 1374 3034 1438; x_wconf 84' lang='grc' dir='ltr'><strong>τούς</strong></span> <span class='ocrx_word' id='word_1_182' title='bbox 3070 1373 3167 1444; x_wconf 83' lang='grc' dir='ltr'><strong>μὲν</strong></span> <span class='ocrx_word' id='word_1_183' title='bbox 3209 1371 3650 1433; x_wconf 64' lang='grc' dir='ltr'>ἀποκτείνοντες,</span> <span class='ocrx_word' id='word_1_184' title='bbox 3695 1368 3824 1430; x_wconf 80' lang='grc' dir='ltr'>τοὺς</span> 
     </span>
    </p>
   </div>
   <div class='ocr_carea' id='block_1_27' title="bbox 2225 1462 3820 1535">
    <p class='ocr_par' dir='ltr' id='par_1_27' title="bbox 2225 1462 3820 1535">
     <span class='ocr_line' id='line_1_27' title="bbox 2225 1462 3820 1535; baseline -0.001 -17"><span class='ocrx_word' id='word_1_185' title='bbox 2225 1464 2284 1518; x_wconf 82' lang='grc' dir='ltr'><strong>δέ</strong></span> <span class='ocrx_word' id='word_1_186' title='bbox 2319 1465 2741 1535; x_wconf 74' lang='grc' dir='ltr'>φυγαδεύοντες,</span> <span class='ocrx_word' id='word_1_187' title='bbox 2784 1465 2895 1518; x_wconf 90' lang='grc' dir='ltr'><strong>τῶν</strong></span> <span class='ocrx_word' id='word_1_188' title='bbox 2927 1465 2985 1518; x_wconf 85' lang='grc' dir='ltr'><strong>δέ</strong></span> <span class='ocrx_word' id='word_1_189' title='bbox 3025 1466 3125 1529; x_wconf 83' lang='grc' dir='ltr'>τὰς</span> <span class='ocrx_word' id='word_1_190' title='bbox 3173 1464 3363 1528; x_wconf 77' lang='grc' dir='ltr'>οὐσίας</span> <span class='ocrx_word' id='word_1_191' title='bbox 3404 1462 3820 1535; x_wconf 73' lang='grc' dir='ltr'>διαρπάζοντες.</span> 
     </span>
    </p>
   </div>
   <div class='ocr_carea' id='block_1_28' title="bbox 2231 1553 3825 1627">
    <p class='ocr_par' dir='ltr' id='par_1_28' title="bbox 2231 1553 3825 1627">
     <span class='ocr_line' id='line_1_28' title="bbox 2231 1553 3825 1627; baseline -0.003 -16"><span class='ocrx_word' id='word_1_192' title='bbox 2231 1553 2355 1611; x_wconf 84' lang='grc' dir='ltr'><strong>Ἐτι</strong></span> <span class='ocrx_word' id='word_1_193' title='bbox 2395 1557 2452 1611; x_wconf 81' lang='grc' dir='ltr'><strong>δέ</strong></span> <span class='ocrx_word' id='word_1_194' title='bbox 2482 1557 2683 1622; x_wconf 87' lang='grc' dir='ltr'>παῖδας</span> <span class='ocrx_word' id='word_1_195' title='bbox 2730 1557 2826 1612; x_wconf 75' lang='grc' dir='ltr'><strong>καὶ</strong></span> <span class='ocrx_word' id='word_1_196' title='bbox 2871 1559 3142 1626; x_wconf 85' lang='grc' dir='ltr'>γυναῖκας</span> <span class='ocrx_word' id='word_1_197' title='bbox 3186 1555 3500 1627; x_wconf 72' lang='grc' dir='ltr'>ὑϐρίζοντες</span> <span class='ocrx_word' id='word_1_198' title='bbox 3537 1569 3552 1584; x_wconf 86' lang='grc'>⁶</span> <span class='ocrx_word' id='word_1_199' title='bbox 3597 1555 3695 1608; x_wconf 70' lang='grc' dir='ltr'><strong>καὶ</strong></span> <span class='ocrx_word' id='word_1_200' title='bbox 3725 1555 3825 1616; x_wconf 77' lang='grc' dir='ltr'><strong>τὰς</strong></span> 
     </span>
    </p>
   </div>
   <div class='ocr_carea' id='block_1_29' title="bbox 2233 1643 3826 1721">
    <p class='ocr_par' dir='ltr' id='par_1_29' title="bbox 2233 1643 3826 1721">
     <span class='ocr_line' id='line_1_29' title="bbox 2233 1643 3826 1721; baseline -0.002 -20"><span class='ocrx_word' id='word_1_201' title='bbox 2233 1649 2333 1720; x_wconf 85' lang='grc' dir='ltr'>μὲν</span> <span class='ocrx_word' id='word_1_202' title='bbox 2361 1648 2820 1721; x_wconf 81' lang='grc' dir='ltr'>εὐπρεπεστάτας</span> <span class='ocrx_word' id='word_1_203' title='bbox 2841 1648 3320 1719; x_wconf 85' lang='grc' dir='ltr'>καταισχύνοντες,</span> <span class='ocrx_word' id='word_1_204' title='bbox 3356 1647 3465 1700; x_wconf 86' lang='grc' dir='ltr'><strong>τῶν</strong></span> <span class='ocrx_word' id='word_1_205' title='bbox 3491 1645 3536 1700; x_wconf 78' lang='grc' dir='ltr'>δ’</span> <span class='ocrx_word' id='word_1_206' title='bbox 3560 1645 3764 1711; x_wconf 84' lang='grc' dir='ltr'>ἄλλων,</span> <span class='ocrx_word' id='word_1_207' title='bbox 3790 1643 3826 1698; x_wconf 83' lang='grc' dir='ltr'><strong>ά</strong></span> 
     </span>
    </p>
   </div>
   <div class='ocr_carea' id='block_1_30' title="bbox 2228 1735 3825 1812">
    <p class='ocr_par' dir='ltr' id='par_1_30' title="bbox 2228 1735 3825 1812">
     <span class='ocr_line' id='line_1_30' title="bbox 2228 1735 3825 1812; baseline -0.001 -18"><span class='ocrx_word' id='word_1_208' title='bbox 2228 1740 2358 1812; x_wconf 76' lang='grc' dir='ltr'>περὶ</span> <span class='ocrx_word' id='word_1_209' title='bbox 2399 1743 2513 1805; x_wconf 89' lang='grc' dir='ltr'>τοῖς</span> <span class='ocrx_word' id='word_1_210' title='bbox 2561 1739 2819 1812; x_wconf 82' lang='grc' dir='ltr'>σώμασιν</span> <span class='ocrx_word' id='word_1_211' title='bbox 2859 1740 3044 1812; x_wconf 82' lang='grc' dir='ltr'>έχουσι</span> <span class='ocrx_word' id='word_1_212' title='bbox 3093 1739 3492 1811; x_wconf 82' lang='grc' dir='ltr'>περισπῶντες,</span> <span class='ocrx_word' id='word_1_213' title='bbox 3547 1737 3711 1803; x_wconf 81' lang='grc' dir='ltr'>ὥστε,</span> <span class='ocrx_word' id='word_1_214' title='bbox 3758 1735 3825 1800; x_wconf 79' lang='grc' dir='ltr'>ἃς</span> 
     </span>
    </p>
   </div>
   <div class='ocr_carea' id='block_1_31' title="bbox 2228 1828 3825 1906">
    <p class='ocr_par' dir='ltr' id='par_1_31' title="bbox 2228 1828 3825 1906">
     <span class='ocr_line' id='line_1_31' title="bbox 2228 1828 3825 1906; baseline -0.003 -20"><span class='ocrx_word' id='word_1_215' title='bbox 2228 1833 2498 1906; x_wconf 81' lang='grc' dir='ltr'>πρότερον</span> <span class='ocrx_word' id='word_1_216' title='bbox 2531 1833 2655 1887; x_wconf 86' lang='grc' dir='ltr'><strong>οὐδέ</strong></span> <span class='ocrx_word' id='word_1_217' title='bbox 2680 1828 3190 1904; x_wconf 82' lang='grc' dir='ltr'>κεκοσμημέναςῆν</span> <span class='ocrx_word' id='word_1_218' title='bbox 3225 1831 3352 1886; x_wconf 76' lang='grc' dir='ltr'>ἰδεῖν</span> <span class='ocrx_word' id='word_1_219' title='bbox 3377 1834 3489 1895; x_wconf 85' lang='grc' dir='ltr'>τοῖς</span> <span class='ocrx_word' id='word_1_220' title='bbox 3518 1829 3825 1901; x_wconf 83' lang='grc' dir='ltr'>ἀλλοτρίοις</span> 
     </span>
    </p>
   </div>
   <div class='ocr_carea' id='block_1_32' title="bbox 535 1919 2137 1996">
    <p class='ocr_par' dir='ltr' id='par_1_32' title="bbox 535 1919 2117 1995">
     <span class='ocr_line' id='line_1_32' title="bbox 535 1919 2117 1995; baseline 0.003 -21"><span class='ocrx_word' id='word_1_221' title='bbox 535 1919 769 1989; x_wconf 66' lang='lat' dir='ltr'><strong>injurias</strong></span> <span class='ocrx_word' id='word_1_222' title='bbox 792 1937 810 1987; x_wconf 87' lang='lat'><strong>;</strong></span> <span class='ocrx_word' id='word_1_223' title='bbox 833 1929 891 1976; x_wconf 90' lang='lat' dir='ltr'><strong>et</strong></span> <span class='ocrx_word' id='word_1_224' title='bbox 918 1920 1091 1976; x_wconf 83' lang='lat' dir='ltr'><strong>forma</strong></span> <span class='ocrx_word' id='word_1_225' title='bbox 1113 1922 1165 1976; x_wconf 90' lang='lat' dir='ltr'><strong>in</strong></span> <span class='ocrx_word' id='word_1_226' title='bbox 1194 1922 1279 1978; x_wconf 90' lang='lat' dir='ltr'><strong>his</strong></span> <span class='ocrx_word' id='word_1_227' title='bbox 1299 1923 1535 1978; x_wconf 83' lang='lat' dir='ltr'><strong>maxime</strong></span> <span class='ocrx_word' id='word_1_228' title='bbox 1559 1933 1882 1995; x_wconf 66' lang='lat' dir='ltr'><strong>praestantes</strong></span> <span class='ocrx_word' id='word_1_229' title='bbox 1906 1925 2117 1991; x_wconf 87' lang='lat' dir='ltr'><strong>violari,</strong></span> 
     </span>
    </p>
   </div>
   <div class='ocr_carea' id='block_1_33' title="bbox 2241 1919 3829 1996">
    <p class='ocr_par' dir='ltr' id='par_1_33' title="bbox 2241 1919 3829 1996">
     <span class='ocr_line' id='line_1_33' title="bbox 2241 1919 3829 1996; baseline -0.004 -18"><span class='ocrx_word' id='word_1_230' title='bbox 2241 1924 2433 1987; x_wconf 67' lang='grc' dir='ltr'>ταύτας</span> <span class='ocrx_word' id='word_1_231' title='bbox 2459 1924 2565 1978; x_wconf 79' lang='grc' dir='ltr'>ὑπὸ</span> <span class='ocrx_word' id='word_1_232' title='bbox 2591 1924 2803 1978; x_wconf 84' lang='grc' dir='ltr'>πολλῶν</span> <span class='ocrx_word' id='word_1_233' title='bbox 2825 1923 3056 1996; x_wconf 83' lang='grc' dir='ltr'>ὁρᾶσθαι</span> <span class='ocrx_word' id='word_1_234' title='bbox 3097 1925 3310 1994; x_wconf 85' lang='grc' dir='ltr'>γυμνάς</span> <span class='ocrx_word' id='word_1_235' title='bbox 3330 1940 3344 1954; x_wconf 77' lang='grc'><strong><em>⁸</em></strong></span> <span class='ocrx_word' id='word_1_236' title='bbox 3377 1921 3523 1984; x_wconf 84' lang='grc' dir='ltr'>ἐνίας</span> <span class='ocrx_word' id='word_1_237' title='bbox 3550 1921 3596 1975; x_wconf 80' lang='grc' dir='ltr'>δ’</span> <span class='ocrx_word' id='word_1_238' title='bbox 3643 1919 3829 1974; x_wconf 89' lang='grc' dir='ltr'>αὐτῶν</span> 
     </span>
    </p>
   </div>
   <div class='ocr_carea' id='block_1_34' title="bbox 535 2015 2119 2087">
    <p class='ocr_par' dir='ltr' id='par_1_34' title="bbox 535 2015 2119 2087">
     <span class='ocr_line' id='line_1_34' title="bbox 535 2015 2119 2087; baseline 0.001 -17"><span class='ocrx_word' id='word_1_239' title='bbox 535 2023 766 2070; x_wconf 78' lang='lat' dir='ltr'><strong>eteteras</strong></span> <span class='ocrx_word' id='word_1_240' title='bbox 791 2015 956 2070; x_wconf 81' lang='lat' dir='ltr'><strong>etiam</strong></span> <span class='ocrx_word' id='word_1_241' title='bbox 987 2015 1061 2071; x_wconf 87' lang='lat' dir='ltr'><strong>iis</strong></span> <span class='ocrx_word' id='word_1_242' title='bbox 1107 2016 1309 2085; x_wconf 88' lang='lat' dir='ltr'><strong>quibus</strong></span> <span class='ocrx_word' id='word_1_243' title='bbox 1349 2031 1578 2087; x_wconf 90' lang='lat' dir='ltr'><strong>corpora</strong></span> <span class='ocrx_word' id='word_1_244' title='bbox 1607 2032 1704 2072; x_wconf 83' lang='lat' dir='ltr'><strong>sua</strong></span> <span class='ocrx_word' id='word_1_245' title='bbox 1742 2027 1949 2087; x_wconf 80' lang='lat' dir='ltr'><strong>tegunt,</strong></span> <span class='ocrx_word' id='word_1_246' title='bbox 1973 2020 2119 2084; x_wconf 90' lang='lat' dir='ltr'><strong>exui,</strong></span> 
     </span>
    </p>
   </div>
   <div class='ocr_carea' id='block_1_35' title="bbox 538 2105 2124 2179">
    <p class='ocr_par' dir='ltr' id='par_1_35' title="bbox 538 2105 2124 2179">
     <span class='ocr_line' id='line_1_35' title="bbox 538 2105 2124 2179; baseline 0.004 -20"><span class='ocrx_word' id='word_1_247' title='bbox 538 2115 600 2160; x_wconf 89' lang='lat' dir='ltr'><strong>ut</strong></span> <span class='ocrx_word' id='word_1_248' title='bbox 625 2105 915 2174; x_wconf 57' lang='lat' dir='ltr'><strong>nudati-am</strong></span> <span class='ocrx_word' id='word_1_249' title='bbox 949 2123 980 2162; x_wconf 91' lang='lat' dir='ltr'><strong>a</strong></span> <span class='ocrx_word' id='word_1_250' title='bbox 1029 2107 1214 2162; x_wconf 89' lang='lat' dir='ltr'><strong>multis</strong></span> <span class='ocrx_word' id='word_1_251' title='bbox 1245 2109 1682 2176; x_wconf 89' lang='lat' dir='ltr'><strong>conspiciantur,</strong></span> <span class='ocrx_word' id='word_1_252' title='bbox 1717 2125 1851 2179; x_wconf 90' lang='lat' dir='ltr'><strong>quas</strong></span> <span class='ocrx_word' id='word_1_253' title='bbox 1882 2110 1935 2164; x_wconf 89' lang='lat' dir='ltr'><strong>in</strong></span> <span class='ocrx_word' id='word_1_254' title='bbox 1964 2125 2124 2179; x_wconf 64' lang='lat' dir='ltr'><strong>pere-</strong></span> 
     </span>
    </p>
   </div>
   <div class='ocr_carea' id='block_1_36' title="bbox 539 2199 2124 2272">
    <p class='ocr_par' dir='ltr' id='par_1_36' title="bbox 539 2199 2124 2272">
     <span class='ocr_line' id='line_1_36' title="bbox 539 2199 2124 2272; baseline 0.001 -21"><span class='ocrx_word' id='word_1_255' title='bbox 539 2199 702 2268; x_wconf 85' lang='lat' dir='ltr'><strong>grina</strong></span> <span class='ocrx_word' id='word_1_256' title='bbox 753 2208 910 2255; x_wconf 82' lang='lat' dir='ltr'><strong>veste</strong></span> <span class='ocrx_word' id='word_1_257' title='bbox 959 2209 1118 2254; x_wconf 86' lang='lat' dir='ltr'><strong>antea</strong></span> <span class='ocrx_word' id='word_1_258' title='bbox 1176 2216 1453 2271; x_wconf 90' lang='lat' dir='ltr'><strong>nunquam</strong></span> <span class='ocrx_word' id='word_1_259' title='bbox 1520 2216 1590 2256; x_wconf 90' lang='lat' dir='ltr'><strong>ne</strong></span> <span class='ocrx_word' id='word_1_260' title='bbox 1637 2211 1866 2257; x_wconf 88' lang='lat' dir='ltr'><strong>ornatus</strong></span> <span class='ocrx_word' id='word_1_261' title='bbox 1907 2204 2124 2272; x_wconf 84' lang='lat' dir='ltr'><strong>quidem</strong></span> 
     </span>
    </p>
   </div>
   <div class='ocr_carea' id='block_1_37' title="bbox 541 2290 2130 2364">
    <p class='ocr_par' dir='ltr' id='par_1_37' title="bbox 541 2290 2130 2364">
     <span class='ocr_line' id='line_1_37' title="bbox 541 2290 2130 2364; baseline 0.001 -18"><span class='ocrx_word' id='word_1_262' title='bbox 541 2290 715 2363; x_wconf 79' lang='lat' dir='ltr'><strong>gratia</strong></span> <span class='ocrx_word' id='word_1_263' title='bbox 743 2291 1002 2359; x_wconf 75' lang='lat' dir='ltr'><strong>vidisses,</strong></span> <span class='ocrx_word' id='word_1_264' title='bbox 1039 2302 1404 2362; x_wconf 63' lang='lat' dir='ltr'><strong>praeterquam</strong></span> <span class='ocrx_word' id='word_1_265' title='bbox 1436 2295 1578 2364; x_wconf 91' lang='lat' dir='ltr'><strong>quod</strong></span> <span class='ocrx_word' id='word_1_266' title='bbox 1627 2293 1823 2363; x_wconf 63' lang='lat' dir='ltr'><strong>aliqua:</strong></span> <span class='ocrx_word' id='word_1_267' title='bbox 1853 2294 1906 2348; x_wconf 90' lang='lat' dir='ltr'><strong>in</strong></span> <span class='ocrx_word' id='word_1_268' title='bbox 1930 2294 2130 2349; x_wconf 84' lang='lat' dir='ltr'><strong>vilibus</strong></span> 
     </span>
    </p>
   </div>
   <div class='ocr_carea' id='block_1_38' title="bbox 539 2383 2127 2454">
    <p class='ocr_par' dir='ltr' id='par_1_38' title="bbox 539 2383 2127 2454">
     <span class='ocr_line' id='line_1_38' title="bbox 539 2383 2127 2454; baseline 0.001 -16"><span class='ocrx_word' id='word_1_269' title='bbox 539 2395 655 2453; x_wconf 70' lang='lat' dir='ltr'><strong>pra:</strong></span> <span class='ocrx_word' id='word_1_270' title='bbox 701 2383 882 2454; x_wconf 87' lang='lat' dir='ltr'><strong>inopia</strong></span> <span class='ocrx_word' id='word_1_271' title='bbox 935 2385 1132 2454; x_wconf 81' lang='lat' dir='ltr'><strong>pannis</strong></span> <span class='ocrx_word' id='word_1_272' title='bbox 1203 2395 1495 2454; x_wconf 86' lang='lat' dir='ltr'><strong>pereuntes</strong></span> <span class='ocrx_word' id='word_1_273' title='bbox 1554 2385 1775 2440; x_wconf 90' lang='lat' dir='ltr'><strong>obeant.</strong></span> <span class='ocrx_word' id='word_1_274' title='bbox 1822 2383 1953 2452; x_wconf 62' lang='lat' dir='ltr'><strong>Quae</strong></span> <span class='ocrx_word' id='word_1_275' title='bbox 2005 2401 2127 2440; x_wconf 88' lang='lat' dir='ltr'><strong>cum</strong></span> 
     </span>
    </p>
   </div>
   <div class='ocr_carea' id='block_1_39' title="bbox 543 2473 2128 2545">
    <p class='ocr_par' dir='ltr' id='par_1_39' title="bbox 543 2473 2128 2545">
     <span class='ocr_line' id='line_1_39' title="bbox 543 2473 2128 2545; baseline 0.002 -15"><span class='ocrx_word' id='word_1_276' title='bbox 543 2481 698 2530; x_wconf 85' lang='lat' dir='ltr'><strong>tanto</strong></span> <span class='ocrx_word' id='word_1_277' title='bbox 721 2473 986 2530; x_wconf 83' lang='lat' dir='ltr'><strong>hactenus</strong></span> <span class='ocrx_word' id='word_1_278' title='bbox 1024 2483 1270 2545; x_wconf 88' lang='lat' dir='ltr'><strong>tempore</strong></span> <span class='ocrx_word' id='word_1_279' title='bbox 1314 2475 1456 2530; x_wconf 89' lang='lat' dir='ltr'><strong>mala</strong></span> <span class='ocrx_word' id='word_1_280' title='bbox 1498 2477 1730 2542; x_wconf 89' lang='lat' dir='ltr'><strong>durent;</strong></span> <span class='ocrx_word' id='word_1_281' title='bbox 1765 2477 1911 2530; x_wconf 90' lang='lat' dir='ltr'><strong>nulla</strong></span> <span class='ocrx_word' id='word_1_282' title='bbox 1945 2485 2128 2533; x_wconf 91' lang='lat' dir='ltr'><strong>tamen</strong></span> 
     </span>
    </p>
   </div>
   <div class='ocr_carea' id='block_1_40' title="bbox 541 2566 2128 2639">
    <p class='ocr_par' dir='ltr' id='par_1_40' title="bbox 541 2566 2128 2639">
     <span class='ocr_line' id='line_1_40' title="bbox 541 2566 2128 2639; baseline 0.002 -18"><span class='ocrx_word' id='word_1_283' title='bbox 541 2567 661 2623; x_wconf 74' lang='lat' dir='ltr'><strong>haec</strong></span> <span class='ocrx_word' id='word_1_284' title='bbox 685 2566 768 2622; x_wconf 85' lang='lat' dir='ltr'><strong>vel</strong></span> <span class='ocrx_word' id='word_1_285' title='bbox 799 2567 992 2623; x_wconf 82' lang='lat' dir='ltr'><strong>civitas</strong></span> <span class='ocrx_word' id='word_1_286' title='bbox 1045 2569 1205 2622; x_wconf 88' lang='lat' dir='ltr'><strong>exiis</strong></span> <span class='ocrx_word' id='word_1_287' title='bbox 1257 2582 1379 2638; x_wconf 60' lang='lat' dir='ltr'><strong>quae</strong></span> <span class='ocrx_word' id='word_1_288' title='bbox 1419 2567 1639 2624; x_wconf 64' lang='lat' dir='ltr'><strong>Graecos</strong></span> <span class='ocrx_word' id='word_1_289' title='bbox 1679 2569 1822 2623; x_wconf 91' lang='lat' dir='ltr'><strong>inter</strong></span> <span class='ocrx_word' id='word_1_290' title='bbox 1852 2569 2128 2639; x_wconf 82' lang='lat' dir='ltr'><strong>principa-</strong></span> 
     </span>
    </p>
   </div>
   <div class='ocr_carea' id='block_1_41' title="bbox 542 2659 2134 2732">
    <p class='ocr_par' dir='ltr' id='par_1_41' title="bbox 542 2659 2134 2732">
     <span class='ocr_line' id='line_1_41' title="bbox 542 2659 2134 2732; baseline 0.001 -16"><span class='ocrx_word' id='word_1_291' title='bbox 542 2668 660 2716; x_wconf 76' lang='lat' dir='ltr'><strong>tum</strong></span> <span class='ocrx_word' id='word_1_292' title='bbox 685 2659 914 2726; x_wconf 87' lang='lat' dir='ltr'><strong>obtinet,</strong></span> <span class='ocrx_word' id='word_1_293' title='bbox 941 2660 1029 2716; x_wconf 75' lang='lat' dir='ltr'><strong>vel</strong></span> <span class='ocrx_word' id='word_1_294' title='bbox 1061 2661 1149 2715; x_wconf 86' lang='lat' dir='ltr'><strong>vir</strong></span> <span class='ocrx_word' id='word_1_295' title='bbox 1181 2661 1246 2714; x_wconf 91' lang='lat' dir='ltr'><strong>de</strong></span> <span class='ocrx_word' id='word_1_296' title='bbox 1278 2660 1615 2731; x_wconf 87' lang='lat' dir='ltr'><strong>principibus</strong></span> <span class='ocrx_word' id='word_1_297' title='bbox 1634 2661 1830 2732; x_wconf 82' lang='lat' dir='ltr'><strong>aliquis</strong></span> <span class='ocrx_word' id='word_1_298' title='bbox 1851 2662 2134 2718; x_wconf 84' lang='lat' dir='ltr'><strong>molestius</strong></span> 
     </span>
    </p>
   </div>
   <div class='ocr_carea' id='block_1_42' title="bbox 543 2751 2133 2822">
    <p class='ocr_par' dir='ltr' id='par_1_42' title="bbox 543 2751 2133 2822">
     <span class='ocr_line' id='line_1_42' title="bbox 543 2751 2133 2822; baseline 0 -16"><span class='ocrx_word' id='word_1_299' title='bbox 543 2751 670 2806; x_wconf 69' lang='lat' dir='ltr'><strong>tulit</strong></span> <span class='ocrx_word' id='word_1_300' title='bbox 699 2769 715 2806; x_wconf 90' lang='lat'><strong>:</strong></span> <span class='ocrx_word' id='word_1_301' title='bbox 743 2765 910 2807; x_wconf 84' lang='lat' dir='ltr'><strong>unum</strong></span> <span class='ocrx_word' id='word_1_302' title='bbox 956 2751 1173 2822; x_wconf 78' lang='lat' dir='ltr'><strong>excipio</strong></span> <span class='ocrx_word' id='word_1_303' title='bbox 1228 2761 1506 2821; x_wconf 81' lang='lat' dir='ltr'><strong>parentem</strong></span> <span class='ocrx_word' id='word_1_304' title='bbox 1549 2762 1722 2806; x_wconf 92' lang='lat' dir='ltr'><strong>tuum.</strong></span> <span class='ocrx_word' id='word_1_305' title='bbox 1781 2751 1941 2806; x_wconf 88' lang='lat' dir='ltr'><strong>Solus</strong></span> <span class='ocrx_word' id='word_1_306' title='bbox 1989 2753 2133 2806; x_wconf 88' lang='lat' dir='ltr'><strong>enim</strong></span> 
     </span>
    </p>
   </div>
   <div class='ocr_carea' id='block_1_43' title="bbox 544 2843 2140 2914">
    <p class='ocr_par' dir='ltr' id='par_1_43' title="bbox 544 2843 2140 2914">
     <span class='ocr_line' id='line_1_43' title="bbox 544 2843 2140 2914; baseline 0.001 -17"><span class='ocrx_word' id='word_1_307' title='bbox 544 2843 865 2912; x_wconf 80' lang='lat' dir='ltr'><strong>Agesilaus,</strong></span> <span class='ocrx_word' id='word_1_308' title='bbox 921 2844 1065 2914; x_wconf 86' lang='lat' dir='ltr'><strong>quod</strong></span> <span class='ocrx_word' id='word_1_309' title='bbox 1131 2844 1478 2907; x_wconf 84' lang='lat' dir='ltr'><strong>noverimus,</strong></span> <span class='ocrx_word' id='word_1_310' title='bbox 1541 2843 1594 2898; x_wconf 92' lang='lat' dir='ltr'><strong>iu</strong></span> <span class='ocrx_word' id='word_1_311' title='bbox 1657 2859 1853 2914; x_wconf 86' lang='lat' dir='ltr'><strong>magno</strong></span> <span class='ocrx_word' id='word_1_312' title='bbox 1919 2859 2140 2913; x_wconf 87' lang='lat' dir='ltr'><strong>semper</strong></span> 
     </span>
    </p>
   </div>
   <div class='ocr_carea' id='block_1_44' title="bbox 548 2932 2138 3000">
    <p class='ocr_par' dir='ltr' id='par_1_44' title="bbox 548 2932 2138 3000">
     <span class='ocr_line' id='line_1_44' title="bbox 548 2932 2138 3000; baseline -0.001 -12"><span class='ocrx_word' id='word_1_313' title='bbox 548 2935 685 2990; x_wconf 73' lang='lat' dir='ltr'><strong>vixit</strong></span> <span class='ocrx_word' id='word_1_314' title='bbox 710 2935 1000 3000; x_wconf 78' lang='lat' dir='ltr'><strong>desiderio,</strong></span> <span class='ocrx_word' id='word_1_315' title='bbox 1039 2944 1154 2988; x_wconf 87' lang='lat' dir='ltr'><strong>tum</strong></span> <span class='ocrx_word' id='word_1_316' title='bbox 1211 2933 1432 2988; x_wconf 75' lang='lat' dir='ltr'><strong>Grzccos</strong></span> <span class='ocrx_word' id='word_1_317' title='bbox 1484 2935 1537 2986; x_wconf 91' lang='lat' dir='ltr'><strong>in</strong></span> <span class='ocrx_word' id='word_1_318' title='bbox 1593 2933 1896 2987; x_wconf 86' lang='lat' dir='ltr'><strong>libertatem</strong></span> <span class='ocrx_word' id='word_1_319' title='bbox 1957 2932 2138 2986; x_wconf 82' lang='lat' dir='ltr'><strong>vindi—</strong></span> 
     </span>
    </p>
   </div>
   <div class='ocr_carea' id='block_1_45' title="bbox 547 3021 2142 3089">
    <p class='ocr_par' dir='ltr' id='par_1_45' title="bbox 547 3021 2142 3089">
     <span class='ocr_line' id='line_1_45' title="bbox 547 3021 2142 3089; baseline -0.001 -12"><span class='ocrx_word' id='word_1_320' title='bbox 547 3023 732 3088; x_wconf 65' lang='lat' dir='ltr'><strong>Caudi,</strong></span> <span class='ocrx_word' id='word_1_321' title='bbox 762 3032 880 3078; x_wconf 72' lang='lat' dir='ltr'><strong>tum</strong></span> <span class='ocrx_word' id='word_1_322' title='bbox 923 3023 1050 3078; x_wconf 74' lang='lat' dir='ltr'><strong>belli</strong></span> <span class='ocrx_word' id='word_1_323' title='bbox 1103 3022 1365 3077; x_wconf 74' lang='lat' dir='ltr'><strong>Barbarie</strong></span> <span class='ocrx_word' id='word_1_324' title='bbox 1413 3021 1703 3076; x_wconf 78' lang='lat' dir='ltr'><strong>inferendi.</strong></span> <span class='ocrx_word' id='word_1_325' title='bbox 1750 3022 1849 3089; x_wconf 87' lang='lat' dir='ltr'><strong>Qui</strong></span> <span class='ocrx_word' id='word_1_326' title='bbox 1883 3031 2142 3076; x_wconf 88' lang='lat' dir='ltr'><strong>tamenet</strong></span> 
     </span>
    </p>
   </div>
   <div class='ocr_carea' id='block_1_46' title="bbox 549 3112 2136 3182">
    <p class='ocr_par' dir='ltr' id='par_1_46' title="bbox 549 3112 2136 3182">
     <span class='ocr_line' id='line_1_46' title="bbox 549 3112 2136 3182; baseline -0.003 -12"><span class='ocrx_word' id='word_1_327' title='bbox 549 3112 668 3182; x_wconf 68' lang='lat' dir='ltr'><strong>ipse</strong></span> <span class='ocrx_word' id='word_1_328' title='bbox 705 3126 810 3169; x_wconf 86' lang='lat' dir='ltr'><strong>una</strong></span> <span class='ocrx_word' id='word_1_329' title='bbox 860 3114 1050 3169; x_wconf 76' lang='lat' dir='ltr'><strong>saltem</strong></span> <span class='ocrx_word' id='word_1_330' title='bbox 1095 3115 1274 3170; x_wconf 73' lang='lat' dir='ltr'><strong>adhuc</strong></span> <span class='ocrx_word' id='word_1_331' title='bbox 1308 3115 1362 3170; x_wconf 90' lang='lat' dir='ltr'><strong>iu</strong></span> <span class='ocrx_word' id='word_1_332' title='bbox 1398 3127 1456 3168; x_wconf 89' lang='lat' dir='ltr'><strong>re</strong></span> <span class='ocrx_word' id='word_1_333' title='bbox 1497 3113 1786 3168; x_wconf 84' lang='lat' dir='ltr'><strong>aberrasse</strong></span> <span class='ocrx_word' id='word_1_334' title='bbox 1838 3114 1986 3168; x_wconf 91' lang='lat' dir='ltr'><strong>visus</strong></span> <span class='ocrx_word' id='word_1_335' title='bbox 2031 3123 2136 3168; x_wconf 86' lang='lat' dir='ltr'><strong>est.</strong></span> 
     </span>
    </p>
   </div>
   <div class='ocr_carea' id='block_1_47' title="bbox 550 3204 2137 3276">
    <p class='ocr_par' dir='ltr' id='par_1_47' title="bbox 550 3204 2137 3276">
     <span class='ocr_line' id='line_1_47' title="bbox 550 3204 2137 3276; baseline 0 -16"><span class='ocrx_word' id='word_1_336' title='bbox 550 3204 740 3276; x_wconf 77' lang='lat' dir='ltr'><strong>Neque</strong></span> <span class='ocrx_word' id='word_1_337' title='bbox 776 3206 990 3262; x_wconf 82' lang='lat' dir='ltr'><strong>mireris</strong></span> <span class='ocrx_word' id='word_1_338' title='bbox 1021 3207 1207 3271; x_wconf 86' lang='lat' dir='ltr'><strong>velim,</strong></span> <span class='ocrx_word' id='word_1_339' title='bbox 1232 3207 1278 3262; x_wconf 89' lang='lat' dir='ltr'><strong>si</strong></span> <span class='ocrx_word' id='word_1_340' title='bbox 1307 3216 1486 3262; x_wconf 90' lang='lat' dir='ltr'><strong>tecum</strong></span> <span class='ocrx_word' id='word_1_341' title='bbox 1520 3220 1622 3274; x_wconf 89' lang='lat' dir='ltr'><strong>ego</strong></span> <span class='ocrx_word' id='word_1_342' title='bbox 1651 3205 1950 3271; x_wconf 80' lang='lat' dir='ltr'><strong>disserens,</strong></span> <span class='ocrx_word' id='word_1_343' title='bbox 1984 3221 2137 3260; x_wconf 85' lang='lat' dir='ltr'><strong>meu-</strong></span> 
     </span>
    </p>
   </div>
   <div class='ocr_carea' id='block_1_48' title="bbox 551 3299 2130 3371">
    <p class='ocr_par' dir='ltr' id='par_1_48' title="bbox 551 3299 2130 3371">
     <span class='ocr_line' id='line_1_48' title="bbox 551 3299 2130 3371; baseline 0.002 -19"><span class='ocrx_word' id='word_1_344' title='bbox 551 3299 755 3356; x_wconf 91' lang='lat' dir='ltr'><strong>tionem</strong></span> <span class='ocrx_word' id='word_1_345' title='bbox 787 3299 982 3356; x_wconf 81' lang='lat' dir='ltr'><strong>faciam</strong></span> <span class='ocrx_word' id='word_1_346' title='bbox 1007 3315 1220 3366; x_wconf 88' lang='lat' dir='ltr'><strong>eorum,</strong></span> <span class='ocrx_word' id='word_1_347' title='bbox 1254 3315 1375 3371; x_wconf 72' lang='lat' dir='ltr'><strong>qua:</strong></span> <span class='ocrx_word' id='word_1_348' title='bbox 1417 3301 1598 3354; x_wconf 87' lang='lat' dir='ltr'><strong>minus</strong></span> <span class='ocrx_word' id='word_1_349' title='bbox 1628 3300 1719 3355; x_wconf 91' lang='lat' dir='ltr'><strong>ille</strong></span> <span class='ocrx_word' id='word_1_350' title='bbox 1751 3309 1899 3355; x_wconf 90' lang='lat' dir='ltr'><strong>recte</strong></span> <span class='ocrx_word' id='word_1_351' title='bbox 1938 3301 2130 3355; x_wconf 86' lang='lat' dir='ltr'><strong>sensit.</strong></span> 
     </span>
    </p>
   </div>
   <div class='ocr_carea' id='block_1_49' title="bbox 2229 2013 3825 2087">
    <p class='ocr_par' dir='ltr' id='par_1_49' title="bbox 2229 2013 3825 2087">
     <span class='ocr_line' id='line_1_49' title="bbox 2229 2013 3825 2087; baseline -0.003 -16"><span class='ocrx_word' id='word_1_352' title='bbox 2229 2019 2287 2071; x_wconf 86' lang='grc' dir='ltr'><strong>ἐν</strong></span> <span class='ocrx_word' id='word_1_353' title='bbox 2305 2017 2498 2087; x_wconf 79' lang='grc' dir='ltr'>ῥάκεσι</span> <span class='ocrx_word' id='word_1_354' title='bbox 2515 2015 3037 2087; x_wconf 76' lang='grc' dir='ltr'>περιφθειρομένας,</span> <span class='ocrx_word' id='word_1_355' title='bbox 3056 2016 3124 2070; x_wconf 86' lang='grc' dir='ltr'>δι’</span> <span class='ocrx_word' id='word_1_356' title='bbox 3142 2017 3346 2070; x_wconf 79' lang='grc' dir='ltr'>ἔνδειαν</span> <span class='ocrx_word' id='word_1_357' title='bbox 3363 2015 3472 2068; x_wconf 87' lang='grc' dir='ltr'><strong>τῶν</strong></span> <span class='ocrx_word' id='word_1_358' title='bbox 3483 2013 3825 2081; x_wconf 84' lang='grc' dir='ltr'>ἀναγκαίων.</span> 
     </span>
    </p>
   </div>
   <div class='ocr_carea' id='block_1_50' title="bbox 2240 2099 3829 2178">
    <p class='ocr_par' dir='ltr' id='par_1_50' title="bbox 2240 2099 3829 2178">
     <span class='ocr_line' id='line_1_50' title="bbox 2240 2099 3829 2178; baseline -0.004 -18"><span class='ocrx_word' id='word_1_359' title='bbox 2240 2107 2411 2178; x_wconf 81' lang='grc' dir='ltr'>Ὑπὲρ</span> <span class='ocrx_word' id='word_1_360' title='bbox 2440 2099 2516 2160; x_wconf 82' lang='grc' dir='ltr'>ὧν</span> <span class='ocrx_word' id='word_1_361' title='bbox 2557 2107 2728 2161; x_wconf 82' lang='grc' dir='ltr'>πολὺν</span> <span class='ocrx_word' id='word_1_362' title='bbox 2770 2106 2888 2176; x_wconf 58' lang='lat' dir='ltr'><strong>nam</strong></span> <span class='ocrx_word' id='word_1_363' title='bbox 2914 2107 3103 2178; x_wconf 84' lang='grc' dir='ltr'>χρόνον</span> <span class='ocrx_word' id='word_1_364' title='bbox 3139 2105 3480 2176; x_wconf 86' lang='grc' dir='ltr'>γιγνομένων</span> <span class='ocrx_word' id='word_1_365' title='bbox 3519 2102 3643 2156; x_wconf 81' lang='grc' dir='ltr'>οὐτε</span> <span class='ocrx_word' id='word_1_366' title='bbox 3670 2102 3829 2164; x_wconf 80' lang='grc' dir='ltr'>πόλις</span> 
     </span>
    </p>
   </div>
   <div class='ocr_carea' id='block_1_51' title="bbox 2227 2196 3827 2272">
    <p class='ocr_par' dir='ltr' id='par_1_51' title="bbox 2227 2196 3827 2272">
     <span class='ocr_line' id='line_1_51' title="bbox 2227 2196 3827 2272; baseline -0.005 -18"><span class='ocrx_word' id='word_1_367' title='bbox 2227 2199 2454 2272; x_wconf 83' lang='grc' dir='ltr'>οὐδεμία</span> <span class='ocrx_word' id='word_1_368' title='bbox 2496 2199 2607 2254; x_wconf 88' lang='grc' dir='ltr'><strong>τῶν</strong></span> <span class='ocrx_word' id='word_1_369' title='bbox 2635 2200 2940 2271; x_wconf 81' lang='grc' dir='ltr'>προστῆναι</span> <span class='ocrx_word' id='word_1_370' title='bbox 2964 2200 3073 2253; x_wconf 88' lang='grc' dir='ltr'><strong>τῶν</strong></span> <span class='ocrx_word' id='word_1_371' title='bbox 3111 2199 3350 2270; x_wconf 81' lang='grc' dir='ltr'>ἐλλήνων</span> <span class='ocrx_word' id='word_1_372' title='bbox 3382 2196 3650 2265; x_wconf 80' lang='grc' dir='ltr'>ἀξιουσῶν</span> <span class='ocrx_word' id='word_1_373' title='bbox 3689 2199 3827 2262; x_wconf 64' lang='grc' dir='ltr'>ἢγα-</span> 
     </span>
    </p>
   </div>
   <div class='ocr_carea' id='block_1_52' title="bbox 2229 2288 3827 2366">
    <p class='ocr_par' dir='ltr' id='par_1_52' title="bbox 2229 2288 3827 2366">
     <span class='ocr_line' id='line_1_52' title="bbox 2229 2288 3827 2366; baseline -0.005 -18"><span class='ocrx_word' id='word_1_374' title='bbox 2229 2294 2500 2366; x_wconf 84' lang='grc' dir='ltr'>νάκτησεν</span> <span class='ocrx_word' id='word_1_375' title='bbox 2527 2311 2543 2326; x_wconf 79' lang='grc' dir='ltr'><strong><em>ο</em></strong></span> <span class='ocrx_word' id='word_1_376' title='bbox 2590 2292 2704 2348; x_wconf 75' lang='grc' dir='ltr'>οὔτ’</span> <span class='ocrx_word' id='word_1_377' title='bbox 2736 2294 2876 2366; x_wconf 83' lang='grc' dir='ltr'>ἀνὴρ</span> <span class='ocrx_word' id='word_1_378' title='bbox 2921 2292 3032 2346; x_wconf 90' lang='grc' dir='ltr'><strong>τῶν</strong></span> <span class='ocrx_word' id='word_1_379' title='bbox 3075 2291 3466 2364; x_wconf 83' lang='grc' dir='ltr'>πρωτευόντων</span> <span class='ocrx_word' id='word_1_380' title='bbox 3513 2290 3690 2352; x_wconf 70' lang='grc' dir='ltr'>οὐδεὶς</span> <span class='ocrx_word' id='word_1_381' title='bbox 3724 2288 3827 2358; x_wconf 85' lang='grc' dir='ltr'>βα-</span> 
     </span>
    </p>
   </div>
   <div class='ocr_carea' id='block_1_53' title="bbox 2231 2383 3824 2458">
    <p class='ocr_par' dir='ltr' id='par_1_53' title="bbox 2231 2383 3824 2458">
     <span class='ocr_line' id='line_1_53' title="bbox 2231 2383 3824 2458; baseline -0.001 -19"><span class='ocrx_word' id='word_1_382' title='bbox 2231 2387 2373 2458; x_wconf 87' lang='grc' dir='ltr'>ρέως</span> <span class='ocrx_word' id='word_1_383' title='bbox 2398 2387 2627 2458; x_wconf 78' lang='grc' dir='ltr'>ἦνεγκε.</span> <span class='ocrx_word' id='word_1_384' title='bbox 2670 2387 2820 2458; x_wconf 86' lang='grc' dir='ltr'>Πλὴν</span> <span class='ocrx_word' id='word_1_385' title='bbox 2853 2390 2880 2440; x_wconf 87' lang='grc' dir='ltr'>ὁ</span> <span class='ocrx_word' id='word_1_386' title='bbox 2927 2387 3018 2450; x_wconf 80' lang='grc' dir='ltr'><strong>σὸς</strong></span> <span class='ocrx_word' id='word_1_387' title='bbox 3054 2387 3260 2458; x_wconf 87' lang='grc' dir='ltr'>πατήρ.</span> <span class='ocrx_word' id='word_1_388' title='bbox 3295 2385 3474 2447; x_wconf 82' lang='grc' dir='ltr'>Μόνος</span> <span class='ocrx_word' id='word_1_389' title='bbox 3506 2384 3615 2454; x_wconf 83' lang='grc' dir='ltr'><strong>γάρ</strong></span> <span class='ocrx_word' id='word_1_390' title='bbox 3655 2383 3824 2452; x_wconf 81' lang='grc' dir='ltr'><strong>Ἀγη·</strong></span> 
     </span>
    </p>
   </div>
   <div class='ocr_carea' id='block_1_54' title="bbox 2237 2473 3830 2551">
    <p class='ocr_par' dir='ltr' id='par_1_54' title="bbox 2237 2473 3830 2551">
     <span class='ocr_line' id='line_1_54' title="bbox 2237 2473 3830 2551; baseline -0.003 -19"><span class='ocrx_word' id='word_1_391' title='bbox 2237 2481 2444 2546; x_wconf 84' lang='grc' dir='ltr'>σίλαος,</span> <span class='ocrx_word' id='word_1_392' title='bbox 2468 2473 2543 2533; x_wconf 79' lang='grc' dir='ltr'>ὧν</span> <span class='ocrx_word' id='word_1_393' title='bbox 2569 2483 2734 2551; x_wconf 84' lang='grc' dir='ltr'>ἡμεῖς</span> <span class='ocrx_word' id='word_1_394' title='bbox 2756 2479 2937 2551; x_wconf 75' lang='grc' dir='ltr'>ἴσμεν,</span> <span class='ocrx_word' id='word_1_395' title='bbox 2964 2479 3251 2549; x_wconf 79' lang='grc' dir='ltr'>ἐπιθυμῶν</span> <span class='ocrx_word' id='word_1_396' title='bbox 3283 2478 3501 2534; x_wconf 77' lang='grc' dir='ltr'>ἅπαντα</span> <span class='ocrx_word' id='word_1_397' title='bbox 3522 2477 3613 2530; x_wconf 67' lang='grc' dir='ltr'><strong>τὸν</strong></span> <span class='ocrx_word' id='word_1_398' title='bbox 3634 2477 3830 2546; x_wconf 81' lang='grc' dir='ltr'>χρόνον</span> 
     </span>
    </p>
   </div>
   <div class='ocr_carea' id='block_1_55' title="bbox 2235 2566 3831 2644">
    <p class='ocr_par' dir='ltr' id='par_1_55' title="bbox 2235 2566 3831 2644">
     <span class='ocr_line' id='line_1_55' title="bbox 2235 2566 3831 2644; baseline -0.004 -19"><span class='ocrx_word' id='word_1_399' title='bbox 2235 2571 2505 2625; x_wconf 86' lang='grc' dir='ltr'>διετέλεσε</span> <span class='ocrx_word' id='word_1_400' title='bbox 2549 2573 2682 2636; x_wconf 78' lang='grc' dir='ltr'><strong>τούς</strong></span> <span class='ocrx_word' id='word_1_401' title='bbox 2721 2573 2821 2644; x_wconf 80' lang='grc' dir='ltr'><strong>μὲν</strong></span> <span class='ocrx_word' id='word_1_402' title='bbox 2865 2572 3093 2643; x_wconf 76' lang='grc' dir='ltr'>ἔλληνας</span> <span class='ocrx_word' id='word_1_403' title='bbox 3137 2570 3542 2639; x_wconf 81' lang='grc' dir='ltr'>ἐλευθερῶσαι,</span> <span class='ocrx_word' id='word_1_404' title='bbox 3587 2567 3724 2637; x_wconf 76' lang='grc' dir='ltr'>πρὸς</span> <span class='ocrx_word' id='word_1_405' title='bbox 3769 2566 3831 2619; x_wconf 77' lang='grc' dir='ltr'><strong>δὲ</strong></span> 
     </span>
    </p>
   </div>
   <div class='ocr_carea' id='block_1_56' title="bbox 2232 2655 3834 2734">
    <p class='ocr_par' dir='ltr' id='par_1_56' title="bbox 2232 2655 3834 2734">
     <span class='ocr_line' id='line_1_56' title="bbox 2232 2655 3834 2734; baseline -0.007 -18"><span class='ocrx_word' id='word_1_406' title='bbox 2232 2663 2360 2726; x_wconf 79' lang='grc' dir='ltr'><strong>τούς</strong></span> <span class='ocrx_word' id='word_1_407' title='bbox 2399 2661 2710 2734; x_wconf 78' lang='grc' dir='ltr'>βαρϐάρους</span> <span class='ocrx_word' id='word_1_408' title='bbox 2768 2663 3005 2732; x_wconf 84' lang='grc' dir='ltr'>πόλεμον</span> <span class='ocrx_word' id='word_1_409' title='bbox 3057 2661 3364 2728; x_wconf 82' lang='grc' dir='ltr'>ἐξενεγκεῖν</span> <span class='ocrx_word' id='word_1_410' title='bbox 3390 2675 3404 2691; x_wconf 79' lang='grc' dir='ltr'><strong>ο</strong></span> <span class='ocrx_word' id='word_1_411' title='bbox 3446 2659 3508 2710; x_wconf 83' lang='grc' dir='ltr'><strong>οὐ</strong></span> <span class='ocrx_word' id='word_1_412' title='bbox 3557 2663 3664 2726; x_wconf 83' lang='grc' dir='ltr'>μὴν</span> <span class='ocrx_word' id='word_1_413' title='bbox 3690 2655 3834 2709; x_wconf 68' lang='grc' dir='ltr'>ἀλλὰ</span> 
     </span>
    </p>
   </div>
   <div class='ocr_carea' id='block_1_57' title="bbox 2237 2747 3836 2828">
    <p class='ocr_par' dir='ltr' id='par_1_57' title="bbox 2237 2747 3836 2828">
     <span class='ocr_line' id='line_1_57' title="bbox 2237 2747 3836 2828; baseline -0.008 -17"><span class='ocrx_word' id='word_1_414' title='bbox 2237 2758 2494 2820; x_wconf 81' lang='grc' dir='ltr'>κάκεῖνος</span> <span class='ocrx_word' id='word_1_415' title='bbox 2515 2757 2632 2821; x_wconf 80' lang='grc' dir='ltr'>ἐνὸς</span> <span class='ocrx_word' id='word_1_416' title='bbox 2664 2756 2992 2828; x_wconf 86' lang='grc' dir='ltr'>πράγματος</span> <span class='ocrx_word' id='word_1_417' title='bbox 3022 2756 3291 2825; x_wconf 84' lang='grc' dir='ltr'>διήμαρτε</span> <span class='ocrx_word' id='word_1_418' title='bbox 3322 2767 3339 2785; x_wconf 88' lang='grc'><strong>·</strong></span> <span class='ocrx_word' id='word_1_419' title='bbox 3382 2752 3477 2804; x_wconf 73' lang='grc' dir='ltr'><strong>καὶ</strong></span> <span class='ocrx_word' id='word_1_420' title='bbox 3509 2749 3584 2820; x_wconf 75' lang='grc' dir='ltr'>μὴ</span> <span class='ocrx_word' id='word_1_421' title='bbox 3614 2747 3836 2817; x_wconf 70' lang='grc' dir='ltr'>θαυμάο</span> 
     </span>
    </p>
   </div>
   <div class='ocr_carea' id='block_1_58' title="bbox 2241 2838 3838 2918">
    <p class='ocr_par' dir='ltr' id='par_1_58' title="bbox 2241 2838 3838 2918">
     <span class='ocr_line' id='line_1_58' title="bbox 2241 2838 3838 2918; baseline -0.007 -17"><span class='ocrx_word' id='word_1_422' title='bbox 2241 2864 2414 2912; x_wconf 84' lang='grc' dir='ltr'>σειας,</span> <span class='ocrx_word' id='word_1_423' title='bbox 2460 2849 2508 2901; x_wconf 86' lang='grc' dir='ltr'><strong>εί</strong></span> <span class='ocrx_word' id='word_1_424' title='bbox 2560 2848 2697 2918; x_wconf 86' lang='grc' dir='ltr'>πρός</span> <span class='ocrx_word' id='word_1_425' title='bbox 2745 2865 2807 2900; x_wconf 89' lang='grc' dir='ltr'><strong>σε</strong></span> <span class='ocrx_word' id='word_1_426' title='bbox 2848 2847 3229 2916; x_wconf 86' lang='grc' dir='ltr'>διαλεγόμενος</span> <span class='ocrx_word' id='word_1_427' title='bbox 3286 2842 3672 2914; x_wconf 84' lang='grc' dir='ltr'>μνησθήσομαι</span> <span class='ocrx_word' id='word_1_428' title='bbox 3721 2838 3838 2892; x_wconf 87' lang='grc' dir='ltr'><strong>τῶν</strong></span> 
     </span>
    </p>
   </div>
   <div class='ocr_carea' id='block_1_59' title="bbox 2239 2928 3839 3010">
    <p class='ocr_par' dir='ltr' id='par_1_59' title="bbox 2239 2928 3839 3010">
     <span class='ocr_line' id='line_1_59' title="bbox 2239 2928 3839 3010; baseline -0.009 -17"><span class='ocrx_word' id='word_1_429' title='bbox 2239 2939 2340 2993; x_wconf 89' lang='grc' dir='ltr'><strong>οὐκ</strong></span> <span class='ocrx_word' id='word_1_430' title='bbox 2369 2939 2544 3010; x_wconf 81' lang='grc' dir='ltr'>ὀρθῶς</span> <span class='ocrx_word' id='word_1_431' title='bbox 2581 2939 2674 2991; x_wconf 78' lang='grc' dir='ltr'>ὐπ’</span> <span class='ocrx_word' id='word_1_432' title='bbox 2705 2939 2870 2992; x_wconf 73' lang='grc' dir='ltr'>αὐτοϋ</span> <span class='ocrx_word' id='word_1_433' title='bbox 2900 2937 3255 3006; x_wconf 83' lang='grc' dir='ltr'>γνωσθέντων</span> <span class='ocrx_word' id='word_1_434' title='bbox 3278 2952 3292 2966; x_wconf 74' lang='grc' dir='ltr'><strong>ο</strong></span> <span class='ocrx_word' id='word_1_435' title='bbox 3333 2931 3578 3003; x_wconf 77' lang='grc' dir='ltr'>εἴθισμαί</span> <span class='ocrx_word' id='word_1_436' title='bbox 3623 2945 3683 2982; x_wconf 89' lang='grc' dir='ltr'><strong>τε</strong></span> <span class='ocrx_word' id='word_1_437' title='bbox 3722 2928 3839 2997; x_wconf 73' lang='grc' dir='ltr'>γὰρ</span> 
     </span>
    </p>
   </div>
   <div class='ocr_carea' id='block_1_60' title="bbox 2244 3017 3840 3100">
    <p class='ocr_par' dir='ltr' id='par_1_60' title="bbox 2244 3017 3840 3100">
     <span class='ocr_line' id='line_1_60' title="bbox 2244 3017 3840 3100; baseline -0.009 -17"><span class='ocrx_word' id='word_1_438' title='bbox 2244 3029 2383 3100; x_wconf 82' lang='grc' dir='ltr'>μετὰ</span> <span class='ocrx_word' id='word_1_439' title='bbox 2410 3028 2730 3100; x_wconf 75' lang='grc' dir='ltr'>παρρησίας</span> <span class='ocrx_word' id='word_1_440' title='bbox 2756 3029 2846 3082; x_wconf 79' lang='grc' dir='ltr'><strong>ἀεὶ</strong></span> <span class='ocrx_word' id='word_1_441' title='bbox 2882 3027 3154 3083; x_wconf 89' lang='grc' dir='ltr'>ποιεῖσθαι</span> <span class='ocrx_word' id='word_1_442' title='bbox 3183 3026 3312 3088; x_wconf 78' lang='grc' dir='ltr'>τοὺς</span> <span class='ocrx_word' id='word_1_443' title='bbox 3337 3023 3552 3092; x_wconf 86' lang='grc' dir='ltr'>λόγους.</span> <span class='ocrx_word' id='word_1_444' title='bbox 3594 3019 3703 3073; x_wconf 67' lang='lat' dir='ltr'><strong>Kal.</strong></span> <span class='ocrx_word' id='word_1_445' title='bbox 3731 3017 3840 3070; x_wconf 88' lang='grc' dir='ltr'>δε-</span> 
     </span>
    </p>
   </div>
   <div class='ocr_carea' id='block_1_61' title="bbox 2241 3108 3836 3192">
    <p class='ocr_par' dir='ltr' id='par_1_61' title="bbox 2241 3108 3836 3192">
     <span class='ocr_line' id='line_1_61' title="bbox 2241 3108 3836 3192; baseline -0.008 -18"><span class='ocrx_word' id='word_1_446' title='bbox 2241 3121 2444 3192; x_wconf 77' lang='grc' dir='ltr'>ξαίμην</span> <span class='ocrx_word' id='word_1_447' title='bbox 2467 3120 2534 3174; x_wconf 84' lang='grc' dir='ltr'><strong>ἂν</strong></span> <span class='ocrx_word' id='word_1_448' title='bbox 2557 3121 2786 3184; x_wconf 80' lang='grc' dir='ltr'>δικαίως</span> <span class='ocrx_word' id='word_1_449' title='bbox 2815 3121 3152 3190; x_wconf 82' lang='grc' dir='ltr'>ἐπιτιμήσας</span> <span class='ocrx_word' id='word_1_450' title='bbox 3178 3115 3519 3187; x_wconf 80' lang='grc' dir='ltr'>ἀπέχθεσθαι</span> <span class='ocrx_word' id='word_1_451' title='bbox 3550 3111 3773 3183; x_wconf 83' lang='grc' dir='ltr'>μᾶλλον,</span> <span class='ocrx_word' id='word_1_452' title='bbox 3797 3108 3836 3179; x_wconf 84' lang='grc' dir='ltr'>ἢ</span> 
     </span>
    </p>
   </div>
   <div class='ocr_carea' id='block_1_62' title="bbox 2241 3199 3844 3284">
    <p class='ocr_par' dir='ltr' id='par_1_62' title="bbox 2241 3199 3844 3284">
     <span class='ocr_line' id='line_1_62' title="bbox 2241 3199 3844 3284; baseline -0.008 -15"><span class='ocrx_word' id='word_1_453' title='bbox 2241 3213 2396 3282; x_wconf 76' lang='grc' dir='ltr'>παρὰ</span> <span class='ocrx_word' id='word_1_454' title='bbox 2417 3213 2479 3266; x_wconf 83' lang='grc' dir='ltr'><strong>τὸ</strong></span> <span class='ocrx_word' id='word_1_455' title='bbox 2502 3214 2784 3284; x_wconf 82' lang='grc' dir='ltr'>προσῆκον</span> <span class='ocrx_word' id='word_1_456' title='bbox 2807 3213 3102 3276; x_wconf 77' lang='grc' dir='ltr'>ἐπαινέσας</span> <span class='ocrx_word' id='word_1_457' title='bbox 3127 3209 3481 3282; x_wconf 81' lang='grc' dir='ltr'>χαρίσασθαι.</span> <span class='ocrx_word' id='word_1_458' title='bbox 3507 3206 3582 3260; x_wconf 81' lang='grc' dir='ltr'><strong>Τὸ</strong></span> <span class='ocrx_word' id='word_1_459' title='bbox 3609 3204 3710 3276; x_wconf 81' lang='grc' dir='ltr'>μὲν</span> <span class='ocrx_word' id='word_1_460' title='bbox 3741 3199 3844 3256; x_wconf 73' lang='grc' dir='ltr'><strong>οὐν</strong></span> 
     </span>
    </p>
   </div>
   <div class='ocr_carea' id='block_1_63' title="bbox 2245 3304 2972 3378">
    <p class='ocr_par' dir='ltr' id='par_1_63' title="bbox 2245 3304 2972 3378">
     <span class='ocr_line' id='line_1_63' title="bbox 2245 3304 2972 3378; baseline 0.004 -20"><span class='ocrx_word' id='word_1_461' title='bbox 2245 3306 2378 3374; x_wconf 74' lang='grc' dir='ltr'>ἐμὸν</span> <span class='ocrx_word' id='word_1_462' title='bbox 2423 3304 2599 3370; x_wconf 76' lang='grc' dir='ltr'>οὕτως</span> <span class='ocrx_word' id='word_1_463' title='bbox 2635 3307 2759 3378; x_wconf 77' lang='grc' dir='ltr'>ἔχον</span> <span class='ocrx_word' id='word_1_464' title='bbox 2803 3308 2972 3362; x_wconf 88' lang='grc' dir='ltr'>ἐστίν.</span> 
     </span>
    </p>
   </div>
   <div class='ocr_carea' id='block_1_64' title="bbox 551 3389 3840 3469">
    <p class='ocr_par' dir='ltr' id='par_1_64' title="bbox 551 3389 3840 3469">
     <span class='ocr_line' id='line_1_64' title="bbox 551 3389 3840 3469; baseline -0.002 -23"><span class='ocrx_word' id='word_1_465' title='bbox 551 3391 689 3446; x_wconf 72' lang='lat' dir='ltr'><strong>Nam</strong></span> <span class='ocrx_word' id='word_1_466' title='bbox 733 3401 790 3446; x_wconf 87' lang='lat' dir='ltr'><strong>et</strong></span> <span class='ocrx_word' id='word_1_467' title='bbox 842 3390 1012 3446; x_wconf 77' lang='lat' dir='ltr'><strong>libere</strong></span> <span class='ocrx_word' id='word_1_468' title='bbox 1049 3405 1268 3461; x_wconf 82' lang='lat' dir='ltr'><strong>semper</strong></span> <span class='ocrx_word' id='word_1_469' title='bbox 1326 3390 1489 3446; x_wconf 88' lang='lat' dir='ltr'><strong>animi</strong></span> <span class='ocrx_word' id='word_1_470' title='bbox 1549 3406 1706 3446; x_wconf 86' lang='lat' dir='ltr'><strong>sensa</strong></span> <span class='ocrx_word' id='word_1_471' title='bbox 1766 3391 2014 3457; x_wconf 82' lang='lat' dir='ltr'><strong>proferre</strong></span> <span class='ocrx_word' id='word_1_472' title='bbox 2060 3395 2250 3461; x_wconf 88' lang='lat' dir='ltr'><strong>soleo,</strong></span> <span class='ocrx_word' id='word_1_473' title='bbox 2302 3407 2357 3452; x_wconf 87' lang='lat' dir='ltr'><strong>et</strong></span> <span class='ocrx_word' id='word_1_474' title='bbox 2413 3400 2595 3453; x_wconf 87' lang='lat' dir='ltr'><strong>malim</strong></span> <span class='ocrx_word' id='word_1_475' title='bbox 2662 3402 2733 3456; x_wconf 82' lang='lat' dir='ltr'><strong>ob</strong></span> <span class='ocrx_word' id='word_1_476' title='bbox 2777 3399 2981 3469; x_wconf 85' lang='lat' dir='ltr'><strong>justam</strong></span> <span class='ocrx_word' id='word_1_477' title='bbox 3038 3399 3522 3468; x_wconf 73' lang='lat' dir='ltr'><strong>reprehensionem</strong></span> <span class='ocrx_word' id='word_1_478' title='bbox 3569 3389 3840 3448; x_wconf 81' lang='lat' dir='ltr'><strong>invidiam</strong></span> 
     </span>
    </p>
   </div>
   <div class='ocr_carea' id='block_1_65' title="bbox 553 3483 3638 3561">
    <p class='ocr_par' dir='ltr' id='par_1_65' title="bbox 553 3483 3638 3561">
     <span class='ocr_line' id='line_1_65' title="bbox 553 3483 3638 3561; baseline -0.001 -19"><span class='ocrx_word' id='word_1_479' title='bbox 553 3484 846 3551; x_wconf 66' lang='lat' dir='ltr'><strong>sustinere,</strong></span> <span class='ocrx_word' id='word_1_480' title='bbox 875 3495 1037 3553; x_wconf 82' lang='lat' dir='ltr'><strong>quain</strong></span> <span class='ocrx_word' id='word_1_481' title='bbox 1066 3497 1163 3552; x_wconf 87' lang='lat' dir='ltr'><strong>per</strong></span> <span class='ocrx_word' id='word_1_482' title='bbox 1206 3484 1536 3539; x_wconf 90' lang='lat' dir='ltr'><strong>immeritam</strong></span> <span class='ocrx_word' id='word_1_483' title='bbox 1571 3483 1783 3538; x_wconf 88' lang='lat' dir='ltr'><strong>laudem</strong></span> <span class='ocrx_word' id='word_1_484' title='bbox 1810 3485 2130 3555; x_wconf 80' lang='lat' dir='ltr'><strong>gratiﬁcari.</strong></span> <span class='ocrx_word' id='word_1_485' title='bbox 2165 3487 2248 3542; x_wconf 83' lang='lat' dir='ltr'><strong>Me</strong></span> <span class='ocrx_word' id='word_1_486' title='bbox 2280 3488 2445 3560; x_wconf 91' lang='lat' dir='ltr'><strong>igitur</strong></span> <span class='ocrx_word' id='word_1_487' title='bbox 2475 3507 2596 3560; x_wconf 73' lang='lat' dir='ltr'><strong>qua:</strong></span> <span class='ocrx_word' id='word_1_488' title='bbox 2630 3493 2924 3561; x_wconf 81' lang='lat' dir='ltr'><strong>attingunt,</strong></span> <span class='ocrx_word' id='word_1_489' title='bbox 2953 3493 3050 3546; x_wconf 85' lang='lat' dir='ltr'><strong>hoc</strong></span> <span class='ocrx_word' id='word_1_490' title='bbox 3077 3507 3198 3546; x_wconf 89' lang='lat' dir='ltr'><strong>sese</strong></span> <span class='ocrx_word' id='word_1_491' title='bbox 3223 3493 3383 3546; x_wconf 85' lang='lat' dir='ltr'><strong>modo</strong></span> <span class='ocrx_word' id='word_1_492' title='bbox 3417 3488 3638 3545; x_wconf 84' lang='lat' dir='ltr'><strong>habent.</strong></span> 
     </span>
    </p>
   </div>
   <div class='ocr_carea' id='block_1_66' title="bbox 625 3577 2201 3650">
    <p class='ocr_par' dir='ltr' id='par_1_66' title="bbox 625 3577 2201 3650">
     <span class='ocr_line' id='line_1_66' title="bbox 625 3577 2201 3650; baseline -0.001 -16"><span class='ocrx_word' id='word_1_493' title='bbox 625 3578 826 3635; x_wconf 80' lang='lat' dir='ltr'><strong>Veram</strong></span> <span class='ocrx_word' id='word_1_494' title='bbox 873 3577 991 3642; x_wconf 86' lang='lat' dir='ltr'><strong>ille,</strong></span> <span class='ocrx_word' id='word_1_495' title='bbox 1027 3578 1118 3648; x_wconf 87' lang='lat' dir='ltr'><strong>qui</strong></span> <span class='ocrx_word' id='word_1_496' title='bbox 1156 3577 1210 3633; x_wconf 90' lang='lat' dir='ltr'><strong>in</strong></span> <span class='ocrx_word' id='word_1_497' title='bbox 1242 3579 1457 3634; x_wconf 62' lang='lat' dir='ltr'><strong>(ueteris</strong></span> <span class='ocrx_word' id='word_1_498' title='bbox 1507 3578 1643 3634; x_wconf 90' lang='lat' dir='ltr'><strong>alios</strong></span> <span class='ocrx_word' id='word_1_499' title='bbox 1682 3581 1973 3650; x_wconf 86' lang='lat' dir='ltr'><strong>superabat</strong></span> <span class='ocrx_word' id='word_1_500' title='bbox 2013 3595 2130 3634; x_wconf 85' lang='lat' dir='ltr'><strong>om-</strong></span> <span class='ocrx_word' id='word_1_501' title='bbox 2157 3587 2201 3644; x_wconf 73' lang='grc' dir='ltr'><strong>(ζ</strong></span> 
     </span>
    </p>
   </div>
   <div class='ocr_carea' id='block_1_67' title="bbox 554 3671 2134 3742">
    <p class='ocr_par' dir='ltr' id='par_1_67' title="bbox 554 3671 2134 3742">
     <span class='ocr_line' id='line_1_67' title="bbox 554 3671 2134 3742; baseline -0.001 -15"><span class='ocrx_word' id='word_1_502' title='bbox 554 3686 672 3740; x_wconf 80' lang='lat' dir='ltr'><strong>nes,</strong></span> <span class='ocrx_word' id='word_1_503' title='bbox 707 3683 833 3727; x_wconf 87' lang='lat' dir='ltr'><strong>cum</strong></span> <span class='ocrx_word' id='word_1_504' title='bbox 861 3678 1010 3726; x_wconf 85' lang='lat' dir='ltr'><strong>esset</strong></span> <span class='ocrx_word' id='word_1_505' title='bbox 1034 3671 1274 3726; x_wconf 72' lang='lat' dir='ltr'><strong>maxime</strong></span> <span class='ocrx_word' id='word_1_506' title='bbox 1307 3680 1637 3740; x_wconf 89' lang='lat' dir='ltr'><strong>temperans,</strong></span> <span class='ocrx_word' id='word_1_507' title='bbox 1671 3671 1920 3742; x_wconf 89' lang='lat' dir='ltr'><strong>idemque</strong></span> <span class='ocrx_word' id='word_1_508' title='bbox 1944 3671 2134 3741; x_wconf 82' lang='lat' dir='ltr'><strong>justis-</strong></span> 
     </span>
    </p>
   </div>
   <div class='ocr_carea' id='block_1_68' title="bbox 554 3762 2133 3833">
    <p class='ocr_par' dir='ltr' id='par_1_68' title="bbox 554 3762 2133 3833">
     <span class='ocr_line' id='line_1_68' title="bbox 554 3762 2133 3833; baseline -0.001 -13"><span class='ocrx_word' id='word_1_509' title='bbox 554 3766 750 3828; x_wconf 79' lang='lat' dir='ltr'><strong>simus.</strong></span> <span class='ocrx_word' id='word_1_510' title='bbox 781 3777 850 3819; x_wconf 80' lang='lat' dir='ltr'><strong>ae</strong></span> <span class='ocrx_word' id='word_1_511' title='bbox 883 3762 1192 3833; x_wconf 72' lang='lat' dir='ltr'><strong>reipublicae</strong></span> <span class='ocrx_word' id='word_1_512' title='bbox 1233 3762 1687 3830; x_wconf 86' lang='lat' dir='ltr'><strong>studiosissimus,</strong></span> <span class='ocrx_word' id='word_1_513' title='bbox 1719 3763 1988 3833; x_wconf 89' lang='lat' dir='ltr'><strong>duplicem</strong></span> <span class='ocrx_word' id='word_1_514' title='bbox 2024 3778 2133 3831; x_wconf 82' lang='lat' dir='ltr'><strong>prae</strong></span> 
     </span>
    </p>
   </div>
   <div class='ocr_carea' id='block_1_69' title="bbox 555 3855 2134 3928">
    <p class='ocr_par' dir='ltr' id='par_1_69' title="bbox 555 3855 2134 3928">
     <span class='ocr_line' id='line_1_69' title="bbox 555 3855 2134 3928; baseline -0.004 -14"><span class='ocrx_word' id='word_1_515' title='bbox 555 3872 617 3914; x_wconf 83' lang='lat' dir='ltr'><strong>se</strong></span> <span class='ocrx_word' id='word_1_516' title='bbox 642 3855 763 3912; x_wconf 86' lang='lat' dir='ltr'><strong>tulit</strong></span> <span class='ocrx_word' id='word_1_517' title='bbox 785 3856 1160 3928; x_wconf 80' lang='lat' dir='ltr'><strong>cupiditatem,</strong></span> <span class='ocrx_word' id='word_1_518' title='bbox 1185 3855 1499 3926; x_wconf 66' lang='lat' dir='ltr'><strong>praeclaram</strong></span> <span class='ocrx_word' id='word_1_519' title='bbox 1523 3855 1667 3910; x_wconf 86' lang='lat' dir='ltr'><strong>illam</strong></span> <span class='ocrx_word' id='word_1_520' title='bbox 1689 3857 1903 3925; x_wconf 86' lang='lat' dir='ltr'><strong>quidem</strong></span> <span class='ocrx_word' id='word_1_521' title='bbox 1933 3865 2134 3909; x_wconf 86' lang='lat' dir='ltr'><strong>utram-</strong></span> 
     </span>
    </p>
   </div>
   <div class='ocr_carea' id='block_1_70' title="bbox 555 3945 2138 4021">
    <p class='ocr_par' dir='ltr' id='par_1_70' title="bbox 555 3945 2138 4021">
     <span class='ocr_line' id='line_1_70' title="bbox 555 3945 2138 4021; baseline -0.004 -17"><span class='ocrx_word' id='word_1_522' title='bbox 555 3963 664 4021; x_wconf 85' lang='lat' dir='ltr'><strong>que</strong></span> <span class='ocrx_word' id='word_1_523' title='bbox 688 3963 787 4020; x_wconf 85' lang='lat' dir='ltr'><strong>per</strong></span> <span class='ocrx_word' id='word_1_524' title='bbox 813 3961 897 4014; x_wconf 80' lang='lat' dir='ltr'><strong>se,</strong></span> <span class='ocrx_word' id='word_1_525' title='bbox 929 3956 997 4003; x_wconf 83' lang='lat' dir='ltr'><strong>ut</strong></span> <span class='ocrx_word' id='word_1_526' title='bbox 1025 3949 1351 4018; x_wconf 84' lang='lat' dir='ltr'><strong>apparebat;</strong></span> <span class='ocrx_word' id='word_1_527' title='bbox 1378 3947 1470 4002; x_wconf 90' lang='lat' dir='ltr'><strong>sed</strong></span> <span class='ocrx_word' id='word_1_528' title='bbox 1503 3947 1576 4001; x_wconf 92' lang='lat' dir='ltr'><strong>ita</strong></span> <span class='ocrx_word' id='word_1_529' title='bbox 1604 3947 1838 4001; x_wconf 88' lang='lat' dir='ltr'><strong>invicem</strong></span> <span class='ocrx_word' id='word_1_530' title='bbox 1869 3945 2138 4001; x_wconf 87' lang='lat' dir='ltr'><strong>dissiden-</strong></span> 
     </span>
    </p>
   </div>
   <div class='ocr_carea' id='block_1_71' title="bbox 558 4037 2140 4111">
    <p class='ocr_par' dir='ltr' id='par_1_71' title="bbox 558 4037 2140 4111">
     <span class='ocr_line' id='line_1_71' title="bbox 558 4037 2140 4111; baseline -0.004 -13"><span class='ocrx_word' id='word_1_531' title='bbox 558 4052 664 4108; x_wconf 84' lang='lat' dir='ltr'><strong>tcs,</strong></span> <span class='ocrx_word' id='word_1_532' title='bbox 699 4057 972 4111; x_wconf 87' lang='lat' dir='ltr'><strong>nunquam</strong></span> <span class='ocrx_word' id='word_1_533' title='bbox 1005 4051 1062 4095; x_wconf 92' lang='lat' dir='ltr'><strong>ut</strong></span> <span class='ocrx_word' id='word_1_534' title='bbox 1093 4039 1256 4096; x_wconf 88' lang='lat' dir='ltr'><strong>simul</strong></span> <span class='ocrx_word' id='word_1_535' title='bbox 1307 4041 1478 4094; x_wconf 73' lang='lat' dir='ltr'><strong>ambae</strong></span> <span class='ocrx_word' id='word_1_536' title='bbox 1521 4039 1710 4096; x_wconf 83' lang='lat' dir='ltr'><strong>conﬁci</strong></span> <span class='ocrx_word' id='word_1_537' title='bbox 1756 4050 1994 4109; x_wconf 76' lang='lat' dir='ltr'><strong>possent.</strong></span> <span class='ocrx_word' id='word_1_538' title='bbox 2031 4037 2140 4093; x_wconf 81' lang='lat' dir='ltr'><strong>Cu-</strong></span> 
     </span>
    </p>
   </div>
   <div class='ocr_carea' id='block_1_72' title="bbox 561 4132 2142 4206">
    <p class='ocr_par' dir='ltr' id='par_1_72' title="bbox 561 4132 2142 4206">
     <span class='ocr_line' id='line_1_72' title="bbox 561 4132 2142 4206; baseline -0.002 -17"><span class='ocrx_word' id='word_1_539' title='bbox 561 4135 741 4205; x_wconf 82' lang='lat' dir='ltr'><strong>piebat</strong></span> <span class='ocrx_word' id='word_1_540' title='bbox 778 4133 961 4203; x_wconf 86' lang='lat' dir='ltr'><strong>itaque</strong></span> <span class='ocrx_word' id='word_1_541' title='bbox 1001 4143 1056 4189; x_wconf 84' lang='lat' dir='ltr'><strong>et</strong></span> <span class='ocrx_word' id='word_1_542' title='bbox 1085 4148 1205 4188; x_wconf 92' lang='lat' dir='ltr'><strong>cum</strong></span> <span class='ocrx_word' id='word_1_543' title='bbox 1254 4148 1380 4203; x_wconf 81' lang='lat' dir='ltr'><strong>rege</strong></span> <span class='ocrx_word' id='word_1_544' title='bbox 1425 4132 1762 4206; x_wconf 74' lang='lat' dir='ltr'><strong>[Persarum]</strong></span> <span class='ocrx_word' id='word_1_545' title='bbox 1810 4132 2007 4188; x_wconf 90' lang='lat' dir='ltr'><strong>bellum</strong></span> <span class='ocrx_word' id='word_1_546' title='bbox 2049 4145 2142 4202; x_wconf 86' lang='lat' dir='ltr'><strong>ge-</strong></span> 
     </span>
    </p>
   </div>
   <div class='ocr_carea' id='block_1_73' title="bbox 557 4224 2140 4295">
    <p class='ocr_par' dir='ltr' id='par_1_73' title="bbox 557 4224 2140 4295">
     <span class='ocr_line' id='line_1_73' title="bbox 557 4224 2140 4295; baseline -0.002 -13"><span class='ocrx_word' id='word_1_547' title='bbox 557 4239 703 4292; x_wconf 86' lang='lat' dir='ltr'><strong>rere,</strong></span> <span class='ocrx_word' id='word_1_548' title='bbox 735 4235 790 4282; x_wconf 86' lang='lat' dir='ltr'><strong>et</strong></span> <span class='ocrx_word' id='word_1_549' title='bbox 812 4227 1042 4292; x_wconf 89' lang='lat' dir='ltr'><strong>amicos,</strong></span> <span class='ocrx_word' id='word_1_550' title='bbox 1075 4225 1164 4295; x_wconf 82' lang='lat' dir='ltr'><strong>qni</strong></span> <span class='ocrx_word' id='word_1_551' title='bbox 1198 4225 1264 4280; x_wconf 87' lang='lat' dir='ltr'><strong>ad</strong></span> <span class='ocrx_word' id='word_1_552' title='bbox 1293 4239 1354 4280; x_wconf 90' lang='lat' dir='ltr'><strong>se</strong></span> <span class='ocrx_word' id='word_1_553' title='bbox 1386 4224 1780 4294; x_wconf 78' lang='lat' dir='ltr'><strong>confugissent,</strong></span> <span class='ocrx_word' id='word_1_554' title='bbox 1807 4225 1860 4278; x_wconf 93' lang='lat' dir='ltr'><strong>in</strong></span> <span class='ocrx_word' id='word_1_555' title='bbox 1893 4224 2140 4279; x_wconf 85' lang='lat' dir='ltr'><strong>civitates</strong></span> 
     </span>
    </p>
   </div>
   <div class='ocr_carea' id='block_1_74' title="bbox 559 4319 2140 4390">
    <p class='ocr_par' dir='ltr' id='par_1_74' title="bbox 559 4319 2140 4390">
     <span class='ocr_line' id='line_1_74' title="bbox 559 4319 2140 4390; baseline -0.004 -14"><span class='ocrx_word' id='word_1_556' title='bbox 559 4332 690 4377; x_wconf 74' lang='lat' dir='ltr'><strong>suas</strong></span> <span class='ocrx_word' id='word_1_557' title='bbox 709 4320 992 4385; x_wconf 81' lang='lat' dir='ltr'><strong>reducere,</strong></span> <span class='ocrx_word' id='word_1_558' title='bbox 1027 4333 1092 4375; x_wconf 88' lang='lat' dir='ltr'><strong>ac</strong></span> <span class='ocrx_word' id='word_1_559' title='bbox 1119 4319 1350 4390; x_wconf 87' lang='lat' dir='ltr'><strong>negotiis</strong></span> <span class='ocrx_word' id='word_1_560' title='bbox 1383 4319 1456 4372; x_wconf 92' lang='lat' dir='ltr'><strong>ibi</strong></span> <span class='ocrx_word' id='word_1_561' title='bbox 1508 4319 1740 4386; x_wconf 88' lang='lat' dir='ltr'><strong>publicis</strong></span> <span class='ocrx_word' id='word_1_562' title='bbox 1765 4331 1976 4373; x_wconf 91' lang='lat' dir='ltr'><strong>summa</strong></span> <span class='ocrx_word' id='word_1_563' title='bbox 2018 4331 2140 4370; x_wconf 91' lang='lat' dir='ltr'><strong>cum</strong></span> 
     </span>
    </p>
   </div>
   <div class='ocr_carea' id='block_1_75' title="bbox 562 4409 2146 4483">
    <p class='ocr_par' dir='ltr' id='par_1_75' title="bbox 562 4409 2146 4483">
     <span class='ocr_line' id='line_1_75' title="bbox 562 4409 2146 4483; baseline -0.004 -16"><span class='ocrx_word' id='word_1_564' title='bbox 562 4419 830 4483; x_wconf 78' lang='lat' dir='ltr'><strong>potestate</strong></span> <span class='ocrx_word' id='word_1_565' title='bbox 851 4411 1147 4481; x_wconf 67' lang='lat' dir='ltr'><strong>praeficere.</strong></span> <span class='ocrx_word' id='word_1_566' title='bbox 1193 4409 1335 4480; x_wconf 85' lang='lat' dir='ltr'><strong>Ergo</strong></span> <span class='ocrx_word' id='word_1_567' title='bbox 1377 4409 1508 4463; x_wconf 88' lang='lat' dir='ltr'><strong>illud</strong></span> <span class='ocrx_word' id='word_1_568' title='bbox 1554 4409 1679 4463; x_wconf 88' lang='lat' dir='ltr'><strong>inde</strong></span> <span class='ocrx_word' id='word_1_569' title='bbox 1703 4411 2051 4478; x_wconf 88' lang='lat' dir='ltr'><strong>sequebatur,</strong></span> <span class='ocrx_word' id='word_1_570' title='bbox 2087 4417 2146 4462; x_wconf 92' lang='lat' dir='ltr'><strong>ut</strong></span> 
     </span>
    </p>
   </div>
   <div class='ocr_carea' id='block_1_76' title="bbox 455 4501 2146 4572">
    <p class='ocr_par' dir='ltr' id='par_1_76' title="bbox 455 4501 2146 4572">
     <span class='ocr_line' id='line_1_76' title="bbox 455 4501 2146 4572; baseline -0.002 -14"><span class='ocrx_word' id='word_1_571' title='bbox 455 4517 458 4519; x_wconf 70' lang='lat'><strong><em>‘</em></strong></span> <span class='ocrx_word' id='word_1_572' title='bbox 562 4512 619 4558; x_wconf 84' lang='lat' dir='ltr'><strong>et</strong></span> <span class='ocrx_word' id='word_1_573' title='bbox 643 4501 713 4558; x_wconf 89' lang='lat' dir='ltr'><strong>ob</strong></span> <span class='ocrx_word' id='word_1_574' title='bbox 740 4501 980 4558; x_wconf 89' lang='lat' dir='ltr'><strong>studium</strong></span> <span class='ocrx_word' id='word_1_575' title='bbox 1013 4517 1140 4572; x_wconf 82' lang='lat' dir='ltr'><strong>erga</strong></span> <span class='ocrx_word' id='word_1_576' title='bbox 1173 4502 1333 4566; x_wconf 89' lang='lat' dir='ltr'><strong>alios,</strong></span> <span class='ocrx_word' id='word_1_577' title='bbox 1370 4503 1424 4555; x_wconf 91' lang='lat' dir='ltr'><strong>iu</strong></span> <span class='ocrx_word' id='word_1_578' title='bbox 1470 4501 1624 4555; x_wconf 87' lang='lat' dir='ltr'><strong>bellis</strong></span> <span class='ocrx_word' id='word_1_579' title='bbox 1650 4517 1713 4555; x_wconf 92' lang='lat' dir='ltr'><strong>ac</strong></span> <span class='ocrx_word' id='word_1_580' title='bbox 1744 4501 2146 4557; x_wconf 84' lang='lat' dir='ltr'><strong>calamitatibus</strong></span> 
     </span>
    </p>
   </div>
   <div class='ocr_carea' id='block_1_77' title="bbox 564 4592 2143 4661">
    <p class='ocr_par' dir='ltr' id='par_1_77' title="bbox 564 4592 2143 4661">
     <span class='ocr_line' id='line_1_77' title="bbox 564 4592 2143 4661; baseline -0.002 -12"><span class='ocrx_word' id='word_1_581' title='bbox 564 4592 739 4649; x_wconf 64' lang='lat' dir='ltr'><strong>Graeci</strong></span> <span class='ocrx_word' id='word_1_582' title='bbox 773 4602 1146 4657; x_wconf 53' lang='lat' dir='ltr'><strong>versa-rentur,</strong></span> <span class='ocrx_word' id='word_1_583' title='bbox 1188 4601 1244 4646; x_wconf 82' lang='lat' dir='ltr'><strong>et</strong></span> <span class='ocrx_word' id='word_1_584' title='bbox 1273 4602 1494 4661; x_wconf 84' lang='lat' dir='ltr'><strong>propter</strong></span> <span class='ocrx_word' id='word_1_585' title='bbox 1529 4603 1775 4646; x_wconf 78' lang='lat' dir='ltr'><strong>exortam</strong></span> <span class='ocrx_word' id='word_1_586' title='bbox 1809 4593 1932 4647; x_wconf 90' lang='lat' dir='ltr'><strong>inde</strong></span> <span class='ocrx_word' id='word_1_587' title='bbox 1965 4609 2143 4648; x_wconf 89' lang='lat' dir='ltr'><strong>rerum</strong></span> 
     </span>
    </p>
   </div>
   <div class='ocr_carea' id='block_1_78' title="bbox 566 4684 2147 4756">
    <p class='ocr_par' dir='ltr' id='par_1_78' title="bbox 566 4684 2147 4756">
     <span class='ocr_line' id='line_1_78' title="bbox 566 4684 2147 4756; baseline -0.002 -14"><span class='ocrx_word' id='word_1_588' title='bbox 566 4685 1056 4756; x_wconf 79' lang='lat' dir='ltr'><strong>perturbationem,</strong></span> <span class='ocrx_word' id='word_1_589' title='bbox 1094 4698 1271 4752; x_wconf 81' lang='lat' dir='ltr'><strong>neque</strong></span> <span class='ocrx_word' id='word_1_590' title='bbox 1305 4684 1400 4738; x_wconf 90' lang='lat' dir='ltr'><strong>otii</strong></span> <span class='ocrx_word' id='word_1_591' title='bbox 1453 4684 1607 4750; x_wconf 83' lang='lat' dir='ltr'><strong>satis,</strong></span> <span class='ocrx_word' id='word_1_592' title='bbox 1642 4699 1816 4754; x_wconf 85' lang='lat' dir='ltr'><strong>neque</strong></span> <span class='ocrx_word' id='word_1_593' title='bbox 1847 4685 2041 4738; x_wconf 89' lang='lat' dir='ltr'><strong>virium</strong></span> <span class='ocrx_word' id='word_1_594' title='bbox 2081 4686 2147 4739; x_wconf 88' lang='lat' dir='ltr'><strong>ad</strong></span> 
     </span>
    </p>
   </div>
   <div class='ocr_carea' id='block_1_79' title="bbox 2315 3581 3848 3652">
    <p class='ocr_par' dir='ltr' id='par_1_79' title="bbox 2315 3581 3848 3652">
     <span class='ocr_line' id='line_1_79' title="bbox 2315 3581 3848 3652; baseline -0.003 -15"><span class='ocrx_word' id='word_1_595' title='bbox 2315 3584 2554 3648; x_wconf 89' lang='grc' dir='ltr'>Ἐκεῖνος</span> <span class='ocrx_word' id='word_1_596' title='bbox 2577 3585 2622 3639; x_wconf 82' lang='grc' dir='ltr'>δ’</span> <span class='ocrx_word' id='word_1_597' title='bbox 2639 3586 2696 3638; x_wconf 91' lang='grc' dir='ltr'><strong>ἐν</strong></span> <span class='ocrx_word' id='word_1_598' title='bbox 2719 3585 2892 3640; x_wconf 75' lang='grc' dir='ltr'>ἅπασι</span> <span class='ocrx_word' id='word_1_599' title='bbox 2918 3589 3032 3647; x_wconf 87' lang='grc' dir='ltr'>τοῖς</span> <span class='ocrx_word' id='word_1_600' title='bbox 3061 3585 3242 3649; x_wconf 75' lang='grc' dir='ltr'>ἄλλοις</span> <span class='ocrx_word' id='word_1_601' title='bbox 3279 3582 3596 3652; x_wconf 85' lang='grc' dir='ltr'>διενεγκὼν,</span> <span class='ocrx_word' id='word_1_602' title='bbox 3627 3581 3724 3635; x_wconf 73' lang='grc' dir='ltr'><strong>καὶ</strong></span> <span class='ocrx_word' id='word_1_603' title='bbox 3747 3597 3848 3647; x_wconf 85' lang='grc' dir='ltr'>γε-</span> 
     </span>
    </p>
   </div>
   <div class='ocr_carea' id='block_1_80' title="bbox 2240 3675 3843 3749">
    <p class='ocr_par' dir='ltr' id='par_1_80' title="bbox 2240 3675 3843 3749">
     <span class='ocr_line' id='line_1_80' title="bbox 2240 3675 3843 3749; baseline -0.004 -18"><span class='ocrx_word' id='word_1_604' title='bbox 2240 3677 2466 3747; x_wconf 78' lang='grc' dir='ltr'>νόμενος</span> <span class='ocrx_word' id='word_1_605' title='bbox 2489 3679 2942 3749; x_wconf 82' lang='grc' dir='ltr'>ἐγκρατέστατος,</span> <span class='ocrx_word' id='word_1_606' title='bbox 2969 3680 3064 3731; x_wconf 77' lang='grc' dir='ltr'><strong>καὶ</strong></span> <span class='ocrx_word' id='word_1_607' title='bbox 3090 3679 3449 3742; x_wconf 85' lang='grc' dir='ltr'>δικαιότατος,</span> <span class='ocrx_word' id='word_1_608' title='bbox 3468 3677 3565 3730; x_wconf 71' lang='grc' dir='ltr'><strong>καὶ</strong></span> <span class='ocrx_word' id='word_1_609' title='bbox 3593 3675 3796 3742; x_wconf 86' lang='grc' dir='ltr'>πολεμι</span> <span class='ocrx_word' id='word_1_610' title='bbox 3812 3701 3843 3712; x_wconf 91' lang='lat'><em>-</em></span> 
     </span>
    </p>
   </div>
   <div class='ocr_carea' id='block_1_81' title="bbox 2237 3762 3844 3838">
    <p class='ocr_par' dir='ltr' id='par_1_81' title="bbox 2237 3762 3844 3838">
     <span class='ocr_line' id='line_1_81' title="bbox 2237 3762 3844 3838; baseline -0.003 -19"><span class='ocrx_word' id='word_1_611' title='bbox 2237 3766 2500 3830; x_wconf 86' lang='grc' dir='ltr'>κώτατος,</span> <span class='ocrx_word' id='word_1_612' title='bbox 2529 3767 2710 3830; x_wconf 79' lang='grc' dir='ltr'>διττάς</span> <span class='ocrx_word' id='word_1_613' title='bbox 2746 3767 2902 3838; x_wconf 76' lang='grc' dir='ltr'>ἔσχεν</span> <span class='ocrx_word' id='word_1_614' title='bbox 2924 3767 3243 3836; x_wconf 85' lang='grc' dir='ltr'>ἐπιθυμίας.</span> <span class='ocrx_word' id='word_1_615' title='bbox 3294 3768 3478 3837; x_wconf 77' lang='grc' dir='ltr'>Χωρὶς</span> <span class='ocrx_word' id='word_1_616' title='bbox 3509 3765 3607 3834; x_wconf 83' lang='grc' dir='ltr'><strong>μὲν</strong></span> <span class='ocrx_word' id='word_1_617' title='bbox 3639 3762 3844 3816; x_wconf 72' lang='grc' dir='ltr'>ἐκατέο</span> 
     </span>
    </p>
   </div>
   <div class='ocr_carea' id='block_1_82' title="bbox 2239 3854 3846 3929">
    <p class='ocr_par' dir='ltr' id='par_1_82' title="bbox 2239 3854 3846 3929">
     <span class='ocr_line' id='line_1_82' title="bbox 2239 3854 3846 3929; baseline -0.003 -19"><span class='ocrx_word' id='word_1_618' title='bbox 2239 3873 2342 3929; x_wconf 90' lang='grc' dir='ltr'><strong>ραν</strong></span> <span class='ocrx_word' id='word_1_619' title='bbox 2361 3858 2529 3929; x_wconf 81' lang='grc' dir='ltr'>καλὴν</span> <span class='ocrx_word' id='word_1_620' title='bbox 2544 3854 2682 3913; x_wconf 84' lang='grc' dir='ltr'>εἶναι</span> <span class='ocrx_word' id='word_1_621' title='bbox 2702 3858 2983 3919; x_wconf 80' lang='grc' dir='ltr'>δοκοῦσαν,</span> <span class='ocrx_word' id='word_1_622' title='bbox 2998 3859 3058 3912; x_wconf 87' lang='grc' dir='ltr'><strong>οὐ</strong></span> <span class='ocrx_word' id='word_1_623' title='bbox 3080 3874 3142 3911; x_wconf 89' lang='grc' dir='ltr'><strong>συ</strong></span> <span class='ocrx_word' id='word_1_624' title='bbox 3152 3857 3372 3927; x_wconf 78' lang='grc' dir='ltr'>μφωνού</span> <span class='ocrx_word' id='word_1_625' title='bbox 3381 3873 3478 3920; x_wconf 87' lang='grc' dir='ltr'><strong>σας</strong></span> <span class='ocrx_word' id='word_1_626' title='bbox 3491 3857 3536 3908; x_wconf 80' lang='grc' dir='ltr'>δ’</span> <span class='ocrx_word' id='word_1_627' title='bbox 3551 3854 3816 3925; x_wconf 79' lang='grc' dir='ltr'>ἀλλήλαις</span> <span class='ocrx_word' id='word_1_628' title='bbox 3827 3901 3846 3923; x_wconf 69' lang='grc'><strong>,</strong></span> 
     </span>
    </p>
   </div>
   <div class='ocr_carea' id='block_1_83' title="bbox 2238 3944 3844 4022">
    <p class='ocr_par' dir='ltr' id='par_1_83' title="bbox 2238 3944 3844 4022">
     <span class='ocr_line' id='line_1_83' title="bbox 2238 3944 3844 4022; baseline -0.006 -18"><span class='ocrx_word' id='word_1_629' title='bbox 2238 3951 2347 4004; x_wconf 77' lang='grc' dir='ltr'>οὐδ’</span> <span class='ocrx_word' id='word_1_630' title='bbox 2362 3949 2481 4021; x_wconf 77' lang='grc' dir='ltr'><strong>ἅμα</strong></span> <span class='ocrx_word' id='word_1_631' title='bbox 2497 3953 2835 4022; x_wconf 79' lang='grc' dir='ltr'>πράττεσθαι</span> <span class='ocrx_word' id='word_1_632' title='bbox 2852 3951 3159 4020; x_wconf 82' lang='grc' dir='ltr'>δυναμένας</span> <span class='ocrx_word' id='word_1_633' title='bbox 3178 3967 3192 3981; x_wconf 76' lang='grc'><strong>⁸</strong></span> <span class='ocrx_word' id='word_1_634' title='bbox 3220 3949 3481 4020; x_wconf 79' lang='grc' dir='ltr'>ἠϐούλετο</span> <span class='ocrx_word' id='word_1_635' title='bbox 3504 3947 3612 4016; x_wconf 77' lang='grc' dir='ltr'>γὰρ</span> <span class='ocrx_word' id='word_1_636' title='bbox 3626 3944 3844 4016; x_wconf 82' lang='grc' dir='ltr'>βασιλεῖ</span> 
     </span>
    </p>
   </div>
   <div class='ocr_carea' id='block_1_84' title="bbox 2239 4033 3847 4114">
    <p class='ocr_par' dir='ltr' id='par_1_84' title="bbox 2239 4033 3847 4114">
     <span class='ocr_line' id='line_1_84' title="bbox 2239 4033 3847 4114; baseline -0.005 -18"><span class='ocrx_word' id='word_1_637' title='bbox 2239 4060 2301 4096; x_wconf 90' lang='grc' dir='ltr'><strong>τε</strong></span> <span class='ocrx_word' id='word_1_638' title='bbox 2341 4043 2623 4114; x_wconf 87' lang='grc' dir='ltr'>πολεμεῖν,</span> <span class='ocrx_word' id='word_1_639' title='bbox 2657 4043 2754 4096; x_wconf 67' lang='grc' dir='ltr'><strong>καὶ</strong></span> <span class='ocrx_word' id='word_1_640' title='bbox 2783 4033 2892 4095; x_wconf 85' lang='grc' dir='ltr'><strong>τῶν</strong></span> <span class='ocrx_word' id='word_1_641' title='bbox 2923 4041 3094 4112; x_wconf 78' lang='grc' dir='ltr'>φίλων</span> <span class='ocrx_word' id='word_1_642' title='bbox 3125 4043 3254 4105; x_wconf 83' lang='grc' dir='ltr'><strong>τούς</strong></span> <span class='ocrx_word' id='word_1_643' title='bbox 3290 4041 3592 4111; x_wconf 78' lang='grc' dir='ltr'>φεύγοντας</span> <span class='ocrx_word' id='word_1_644' title='bbox 3622 4039 3704 4102; x_wconf 88' lang='grc' dir='ltr'>εἰς</span> <span class='ocrx_word' id='word_1_645' title='bbox 3740 4037 3847 4100; x_wconf 85' lang='grc' dir='ltr'><strong>τάς</strong></span> 
     </span>
    </p>
   </div>
   <div class='ocr_carea' id='block_1_85' title="bbox 2242 4126 3842 4204">
    <p class='ocr_par' dir='ltr' id='par_1_85' title="bbox 2242 4126 3842 4204">
     <span class='ocr_line' id='line_1_85' title="bbox 2242 4126 3842 4204; baseline -0.006 -17"><span class='ocrx_word' id='word_1_646' title='bbox 2242 4133 2430 4198; x_wconf 79' lang='grc' dir='ltr'>πόλεις</span> <span class='ocrx_word' id='word_1_647' title='bbox 2487 4135 2846 4203; x_wconf 81' lang='grc' dir='ltr'>καταγαγεῖν,</span> <span class='ocrx_word' id='word_1_648' title='bbox 2899 4133 2995 4186; x_wconf 71' lang='grc' dir='ltr'><strong>καὶ</strong></span> <span class='ocrx_word' id='word_1_649' title='bbox 3042 4133 3270 4204; x_wconf 82' lang='grc' dir='ltr'>κυρίους</span> <span class='ocrx_word' id='word_1_650' title='bbox 3329 4127 3672 4200; x_wconf 79' lang='grc' dir='ltr'>καταστῆσαι</span> <span class='ocrx_word' id='word_1_651' title='bbox 3726 4126 3842 4179; x_wconf 88' lang='grc' dir='ltr'><strong>τῶν</strong></span> 
     </span>
    </p>
   </div>
   <div class='ocr_carea' id='block_1_86' title="bbox 2243 4221 3848 4297">
    <p class='ocr_par' dir='ltr' id='par_1_86' title="bbox 2243 4221 3848 4297">
     <span class='ocr_line' id='line_1_86' title="bbox 2243 4221 3848 4297; baseline -0.005 -18"><span class='ocrx_word' id='word_1_652' title='bbox 2243 4225 2611 4297; x_wconf 79' lang='grc' dir='ltr'>πραγμάτων.</span> <span class='ocrx_word' id='word_1_653' title='bbox 2662 4225 2984 4279; x_wconf 75' lang='grc' dir='ltr'>Συνέδαινεν</span> <span class='ocrx_word' id='word_1_654' title='bbox 3027 4221 3120 4279; x_wconf 79' lang='grc' dir='ltr'><strong>οὖν</strong></span> <span class='ocrx_word' id='word_1_655' title='bbox 3171 4226 3236 4278; x_wconf 84' lang='grc' dir='ltr'><strong>ἐκ</strong></span> <span class='ocrx_word' id='word_1_656' title='bbox 3289 4224 3390 4292; x_wconf 80' lang='grc' dir='ltr'><strong>μὲν</strong></span> <span class='ocrx_word' id='word_1_657' title='bbox 3433 4223 3532 4292; x_wconf 83' lang='grc' dir='ltr'>τῆς</span> <span class='ocrx_word' id='word_1_658' title='bbox 3579 4237 3848 4290; x_wconf 72' lang='grc' dir='ltr'><strong>ιπραγμιπ.⁴</strong></span> 
     </span>
    </p>
   </div>
   <div class='ocr_carea' id='block_1_87' title="bbox 2245 4313 3843 4390">
    <p class='ocr_par' dir='ltr' id='par_1_87' title="bbox 2245 4313 3843 4390">
     <span class='ocr_line' id='line_1_87' title="bbox 2245 4313 3843 4390; baseline -0.004 -19"><span class='ocrx_word' id='word_1_659' title='bbox 2245 4317 2418 4382; x_wconf 86' lang='grc' dir='ltr'>τείας,</span> <span class='ocrx_word' id='word_1_660' title='bbox 2454 4320 2553 4388; x_wconf 79' lang='grc' dir='ltr'>τῆς</span> <span class='ocrx_word' id='word_1_661' title='bbox 2585 4318 2728 4390; x_wconf 85' lang='grc' dir='ltr'><strong>ὐπέρ</strong></span> <span class='ocrx_word' id='word_1_662' title='bbox 2751 4318 2858 4370; x_wconf 89' lang='grc' dir='ltr'><strong>τῶν</strong></span> <span class='ocrx_word' id='word_1_663' title='bbox 2881 4318 3106 4388; x_wconf 73' lang='grc' dir='ltr'>ἐτέρων,</span> <span class='ocrx_word' id='word_1_664' title='bbox 3137 4320 3196 4369; x_wconf 84' lang='grc' dir='ltr'><strong>ἐν</strong></span> <span class='ocrx_word' id='word_1_665' title='bbox 3224 4319 3416 4378; x_wconf 85' lang='grc' dir='ltr'>κακοῖς</span> <span class='ocrx_word' id='word_1_666' title='bbox 3444 4315 3537 4368; x_wconf 73' lang='grc' dir='ltr'><strong>καὶ</strong></span> <span class='ocrx_word' id='word_1_667' title='bbox 3561 4313 3843 4376; x_wconf 80' lang='grc' dir='ltr'>κινδύνοις</span> 
     </span>
    </p>
   </div>
   <div class='ocr_carea' id='block_1_88' title="bbox 2248 4404 3842 4480">
    <p class='ocr_par' dir='ltr' id='par_1_88' title="bbox 2248 4404 3842 4480">
     <span class='ocr_line' id='line_1_88' title="bbox 2248 4404 3842 4480; baseline -0.003 -18"><span class='ocrx_word' id='word_1_668' title='bbox 2248 4405 2391 4463; x_wconf 79' lang='grc' dir='ltr'>εῖναι</span> <span class='ocrx_word' id='word_1_669' title='bbox 2428 4410 2554 4473; x_wconf 83' lang='grc' dir='ltr'><strong>τούς</strong></span> <span class='ocrx_word' id='word_1_670' title='bbox 2583 4409 2810 4480; x_wconf 78' lang='grc' dir='ltr'>ἐλληνας</span> <span class='ocrx_word' id='word_1_671' title='bbox 2831 4426 2846 4440; x_wconf 76' lang='grc' dir='ltr'><strong>ο</strong></span> <span class='ocrx_word' id='word_1_672' title='bbox 2893 4411 2980 4462; x_wconf 80' lang='grc' dir='ltr'>διὰ</span> <span class='ocrx_word' id='word_1_673' title='bbox 3013 4408 3067 4462; x_wconf 75' lang='grc' dir='ltr'>δὲ</span> <span class='ocrx_word' id='word_1_674' title='bbox 3097 4411 3197 4479; x_wconf 82' lang='grc' dir='ltr'>τὴν</span> <span class='ocrx_word' id='word_1_675' title='bbox 3225 4407 3493 4478; x_wconf 84' lang='grc' dir='ltr'>ταραχὴν,</span> <span class='ocrx_word' id='word_1_676' title='bbox 3522 4406 3621 4476; x_wconf 79' lang='grc' dir='ltr'><strong>τὴν</strong></span> <span class='ocrx_word' id='word_1_677' title='bbox 3647 4404 3842 4458; x_wconf 83' lang='grc' dir='ltr'>ἐνθάδε</span> 
     </span>
    </p>
   </div>
   <div class='ocr_carea' id='block_1_89' title="bbox 2247 4497 3844 4573">
    <p class='ocr_par' dir='ltr' id='par_1_89' title="bbox 2247 4497 3844 4573">
     <span class='ocr_line' id='line_1_89' title="bbox 2247 4497 3844 4573; baseline -0.004 -18"><span class='ocrx_word' id='word_1_678' title='bbox 2247 4502 2598 4572; x_wconf 83' lang='grc' dir='ltr'>γιγνομένην,</span> <span class='ocrx_word' id='word_1_679' title='bbox 2635 4502 2708 4573; x_wconf 77' lang='grc' dir='ltr'>μὴ</span> <span class='ocrx_word' id='word_1_680' title='bbox 2747 4500 2943 4572; x_wconf 74' lang='grc' dir='ltr'>σχολὴν</span> <span class='ocrx_word' id='word_1_681' title='bbox 2971 4501 3126 4568; x_wconf 77' lang='grc' dir='ltr'>ἄγειν</span> <span class='ocrx_word' id='word_1_682' title='bbox 3148 4541 3162 4561; x_wconf 85' lang='grc'><strong>,</strong></span> <span class='ocrx_word' id='word_1_683' title='bbox 3216 4499 3352 4570; x_wconf 76' lang='grc' dir='ltr'>μηδέ</span> <span class='ocrx_word' id='word_1_684' title='bbox 3381 4497 3644 4551; x_wconf 84' lang='grc' dir='ltr'>δύνασθαι</span> <span class='ocrx_word' id='word_1_685' title='bbox 3677 4497 3844 4550; x_wconf 81' lang='grc' dir='ltr'>πολε·-</span> 
     </span>
    </p>
   </div>
   <div class='ocr_carea' id='block_1_90' title="bbox 2253 4585 3843 4663">
    <p class='ocr_par' dir='ltr' id='par_1_90' title="bbox 2253 4585 3843 4663">
     <span class='ocr_line' id='line_1_90' title="bbox 2253 4585 3843 4663; baseline -0.003 -19"><span class='ocrx_word' id='word_1_686' title='bbox 2253 4594 2376 4662; x_wconf 86' lang='grc' dir='ltr'>μεῖν</span> <span class='ocrx_word' id='word_1_687' title='bbox 2400 4595 2513 4654; x_wconf 88' lang='grc' dir='ltr'>τοῖς</span> <span class='ocrx_word' id='word_1_688' title='bbox 2546 4591 2863 4663; x_wconf 79' lang='grc' dir='ltr'>βαρϐάροις.</span> <span class='ocrx_word' id='word_1_689' title='bbox 2908 4592 3060 4644; x_wconf 80' lang='grc' dir='ltr'>Ὠστ⁹</span> <span class='ocrx_word' id='word_1_690' title='bbox 3094 4593 3158 4643; x_wconf 89' lang='grc' dir='ltr'><strong>ἐκ</strong></span> <span class='ocrx_word' id='word_1_691' title='bbox 3197 4589 3308 4642; x_wconf 89' lang='grc' dir='ltr'><strong>τῶν</strong></span> <span class='ocrx_word' id='word_1_692' title='bbox 3349 4587 3469 4642; x_wconf 88' lang='grc' dir='ltr'>κατ’</span> <span class='ocrx_word' id='word_1_693' title='bbox 3499 4589 3710 4640; x_wconf 88' lang='grc' dir='ltr'>ἐκεῖνον</span> <span class='ocrx_word' id='word_1_694' title='bbox 3749 4585 3843 4639; x_wconf 83' lang='grc' dir='ltr'><strong>τὸν</strong></span> 
     </span>
    </p>
   </div>
   <div class='ocr_carea' id='block_1_91' title="bbox 2251 4679 3846 4757">
    <p class='ocr_par' dir='ltr' id='par_1_91' title="bbox 2251 4679 3846 4757">
     <span class='ocr_line' id='line_1_91' title="bbox 2251 4679 3846 4757; baseline -0.003 -21"><span class='ocrx_word' id='word_1_695' title='bbox 2251 4685 2444 4756; x_wconf 81' lang='grc' dir='ltr'>χρόνον</span> <span class='ocrx_word' id='word_1_696' title='bbox 2475 4686 2656 4757; x_wconf 73' lang='grc' dir='ltr'>ῥᾴδιον</span> <span class='ocrx_word' id='word_1_697' title='bbox 2706 4684 3066 4756; x_wconf 82' lang='grc' dir='ltr'>καταμαθεῖν,</span> <span class='ocrx_word' id='word_1_698' title='bbox 3116 4684 3198 4736; x_wconf 83' lang='grc' dir='ltr'><strong>ὅτι</strong></span> <span class='ocrx_word' id='word_1_699' title='bbox 3232 4681 3315 4735; x_wconf 88' lang='grc' dir='ltr'><strong>δεῖ</strong></span> <span class='ocrx_word' id='word_1_700' title='bbox 3339 4681 3468 4744; x_wconf 86' lang='grc' dir='ltr'><strong>τούς</strong></span> <span class='ocrx_word' id='word_1_701' title='bbox 3498 4679 3678 4750; x_wconf 84' lang='grc' dir='ltr'>ὀρθῶς</span> <span class='ocrx_word' id='word_1_702' title='bbox 3719 4679 3846 4751; x_wconf 87' lang='grc' dir='ltr'>βου-</span> 
     </span>
    </p>
   </div>
   <div class='ocr_carea' id='block_1_92' title="bbox 567 4772 2137 4848">
    <p class='ocr_par' dir='ltr' id='par_1_92' title="bbox 567 4776 2137 4844">
     <span class='ocr_line' id='line_1_92' title="bbox 567 4776 2137 4844; baseline -0.003 -10"><span class='ocrx_word' id='word_1_703' title='bbox 567 4779 912 4834; x_wconf 71' lang='lat' dir='ltr'><strong>lacessendos</strong></span> <span class='ocrx_word' id='word_1_704' title='bbox 956 4777 1100 4833; x_wconf 85' lang='lat' dir='ltr'><strong>bello</strong></span> <span class='ocrx_word' id='word_1_705' title='bbox 1146 4776 1418 4831; x_wconf 86' lang='lat' dir='ltr'><strong>Barbaros</strong></span> <span class='ocrx_word' id='word_1_706' title='bbox 1478 4777 1801 4831; x_wconf 89' lang='lat' dir='ltr'><strong>invenirent.</strong></span> <span class='ocrx_word' id='word_1_707' title='bbox 1847 4777 2025 4844; x_wconf 85' lang='lat' dir='ltr'><strong>Quare</strong></span> <span class='ocrx_word' id='word_1_708' title='bbox 2065 4777 2137 4833; x_wconf 70' lang='lat' dir='ltr'><strong>vel</strong></span> 
     </span>
    </p>
   </div>
   <div class='ocr_carea' id='block_1_93' title="bbox 2241 4772 3849 4848">
    <p class='ocr_par' dir='ltr' id='par_1_93' title="bbox 2251 4772 3849 4848">
     <span class='ocr_line' id='line_1_93' title="bbox 2251 4772 3849 4848; baseline -0.002 -19"><span class='ocrx_word' id='word_1_709' title='bbox 2251 4777 2582 4844; x_wconf 86' lang='grc' dir='ltr'>λευομένους</span> <span class='ocrx_word' id='word_1_710' title='bbox 2629 4778 2702 4848; x_wconf 79' lang='grc' dir='ltr'>μὴ</span> <span class='ocrx_word' id='word_1_711' title='bbox 2739 4778 3006 4847; x_wconf 87' lang='grc' dir='ltr'>πρότερον</span> <span class='ocrx_word' id='word_1_712' title='bbox 3034 4774 3288 4846; x_wconf 66' lang='grc' dir='ltr'>ἐκφέρειν</span> <span class='ocrx_word' id='word_1_713' title='bbox 3313 4773 3449 4846; x_wconf 81' lang='grc' dir='ltr'>πρὸς</span> <span class='ocrx_word' id='word_1_714' title='bbox 3479 4772 3707 4844; x_wconf 86' lang='grc' dir='ltr'>βασιλέα</span> <span class='ocrx_word' id='word_1_715' title='bbox 3742 4772 3849 4826; x_wconf 79' lang='grc' dir='ltr'>πό-</span> 
     </span>
    </p>
   </div>
   <div class='ocr_carea' id='block_1_94' title="bbox 568 4863 2137 4942">
    <p class='ocr_par' dir='ltr' id='par_1_94' title="bbox 568 4868 2137 4942">
     <span class='ocr_line' id='line_1_94' title="bbox 568 4868 2137 4942; baseline -0.004 -13"><span class='ocrx_word' id='word_1_716' title='bbox 568 4887 636 4930; x_wconf 80' lang='lat' dir='ltr'><strong>ex</strong></span> <span class='ocrx_word' id='word_1_717' title='bbox 683 4873 752 4928; x_wconf 82' lang='lat' dir='ltr'><strong>iis</strong></span> <span class='ocrx_word' id='word_1_718' title='bbox 795 4885 924 4942; x_wconf 71' lang='lat' dir='ltr'><strong>quze</strong></span> <span class='ocrx_word' id='word_1_719' title='bbox 964 4880 1095 4925; x_wconf 90' lang='lat' dir='ltr'><strong>tunc</strong></span> <span class='ocrx_word' id='word_1_720' title='bbox 1151 4868 1418 4941; x_wconf 77' lang='lat' dir='ltr'><strong>tetnporis</strong></span> <span class='ocrx_word' id='word_1_721' title='bbox 1479 4870 1842 4940; x_wconf 81' lang='lat' dir='ltr'><strong>contigerunt,</strong></span> <span class='ocrx_word' id='word_1_722' title='bbox 1910 4887 2014 4926; x_wconf 92' lang='lat' dir='ltr'><strong>non</strong></span> <span class='ocrx_word' id='word_1_723' title='bbox 2068 4881 2137 4927; x_wconf 76' lang='lat' dir='ltr'><strong>est</strong></span> 
     </span>
    </p>
   </div>
   <div class='ocr_carea' id='block_1_95' title="bbox 2241 4863 3849 4942">
    <p class='ocr_par' dir='ltr' id='par_1_95' title="bbox 2252 4863 3849 4940">
     <span class='ocr_line' id='line_1_95' title="bbox 2252 4863 3849 4940; baseline -0.004 -18"><span class='ocrx_word' id='word_1_724' title='bbox 2252 4869 2438 4939; x_wconf 86' lang='grc' dir='ltr'>λεμον,</span> <span class='ocrx_word' id='word_1_725' title='bbox 2467 4869 2597 4939; x_wconf 75' lang='grc' dir='ltr'>πρὶν</span> <span class='ocrx_word' id='word_1_726' title='bbox 2622 4870 2686 4922; x_wconf 85' lang='grc' dir='ltr'>ἃν</span> <span class='ocrx_word' id='word_1_727' title='bbox 2715 4868 2970 4940; x_wconf 79' lang='grc' dir='ltr'>διαλλάξῃ</span> <span class='ocrx_word' id='word_1_728' title='bbox 2993 4881 3077 4929; x_wconf 87' lang='grc' dir='ltr'><strong>τις</strong></span> <span class='ocrx_word' id='word_1_729' title='bbox 3104 4868 3228 4930; x_wconf 78' lang='grc' dir='ltr'>τοὺς</span> <span class='ocrx_word' id='word_1_730' title='bbox 3257 4866 3505 4936; x_wconf 78' lang='grc' dir='ltr'>ἓλληνας.</span> <span class='ocrx_word' id='word_1_731' title='bbox 3543 4866 3635 4918; x_wconf 77' lang='grc' dir='ltr'><strong>καὶ</strong></span> <span class='ocrx_word' id='word_1_732' title='bbox 3656 4863 3849 4936; x_wconf 77' lang='grc' dir='ltr'>παύσῃ</span> 
     </span>
    </p>
   </div>
   <div class='ocr_carea' id='block_1_96' title="bbox 571 4953 2137 5034">
    <p class='ocr_par' dir='ltr' id='par_1_96' title="bbox 571 4960 2137 5032">
     <span class='ocr_line' id='line_1_96' title="bbox 571 4960 2137 5032; baseline -0.004 -10"><span class='ocrx_word' id='word_1_733' title='bbox 571 4964 788 5022; x_wconf 64' lang='grc' dir='ltr'>δίωείιο</span> <span class='ocrx_word' id='word_1_734' title='bbox 812 4962 1139 5031; x_wconf 71' lang='lat' dir='ltr'><strong>intelligere,</strong></span> <span class='ocrx_word' id='word_1_735' title='bbox 1173 4974 1277 5015; x_wconf 90' lang='lat' dir='ltr'><strong>non</strong></span> <span class='ocrx_word' id='word_1_736' title='bbox 1317 4961 1572 5030; x_wconf 81' lang='lat' dir='ltr'><strong>expedire</strong></span> <span class='ocrx_word' id='word_1_737' title='bbox 1603 4960 1622 5032; x_wconf 96' lang='lat'>(</span> <span class='ocrx_word' id='word_1_738' title='bbox 1653 4963 1742 5016; x_wconf 87' lang='lat' dir='ltr'><strong>ubi</strong></span> <span class='ocrx_word' id='word_1_739' title='bbox 1778 4973 1926 5018; x_wconf 89' lang='lat' dir='ltr'><strong>recta</strong></span> <span class='ocrx_word' id='word_1_740' title='bbox 1959 4964 2137 5018; x_wconf 78' lang='lat' dir='ltr'><strong>Sullmt&#39;</strong></span> 
     </span>
    </p>
   </div>
   <div class='ocr_carea' id='block_1_97' title="bbox 2241 4953 3848 5034">
    <p class='ocr_par' dir='ltr' id='par_1_97' title="bbox 2257 4953 3848 5034">
     <span class='ocr_line' id='line_1_97' title="bbox 2257 4953 3848 5034; baseline -0.005 -19"><span class='ocrx_word' id='word_1_741' title='bbox 2257 4963 2356 5034; x_wconf 82' lang='grc' dir='ltr'>τῆς</span> <span class='ocrx_word' id='word_1_742' title='bbox 2389 4962 2583 5029; x_wconf 84' lang='grc' dir='ltr'>μανίας</span> <span class='ocrx_word' id='word_1_743' title='bbox 2620 4962 2716 5015; x_wconf 69' lang='grc' dir='ltr'><strong>καὶ</strong></span> <span class='ocrx_word' id='word_1_744' title='bbox 2749 4961 2850 5030; x_wconf 85' lang='grc' dir='ltr'>τῆς</span> <span class='ocrx_word' id='word_1_745' title='bbox 2874 4959 3236 5031; x_wconf 76' lang='grc' dir='ltr'>φιλονεικείας</span> <span class='ocrx_word' id='word_1_746' title='bbox 3260 4960 3431 5028; x_wconf 79' lang='grc' dir='ltr'>ἡμᾶς.</span> <span class='ocrx_word' id='word_1_747' title='bbox 3465 4959 3602 5026; x_wconf 79' lang='grc' dir='ltr'>Περὶ</span> <span class='ocrx_word' id='word_1_748' title='bbox 3629 4953 3701 5026; x_wconf 84' lang='grc' dir='ltr'>ἦς</span> <span class='ocrx_word' id='word_1_749' title='bbox 3733 4956 3848 5023; x_wconf 89' lang='grc' dir='ltr'>ἐγὼ</span> 
     </span>
    </p>
   </div>
   <div class='ocr_carea' id='block_1_98' title="bbox 571 5051 2148 5124">
    <p class='ocr_par' dir='ltr' id='par_1_98' title="bbox 571 5051 2148 5124">
     <span class='ocr_line' id='line_1_98' title="bbox 571 5051 2148 5124; baseline -0.003 -11"><span class='ocrx_word' id='word_1_750' title='bbox 571 5057 856 5113; x_wconf 69' lang='lat' dir='ltr'><strong>obtineant</strong></span> <span class='ocrx_word' id='word_1_751' title='bbox 889 5053 1154 5123; x_wconf 85' lang='lat' dir='ltr'><strong>consilia)</strong></span> <span class='ocrx_word' id='word_1_752' title='bbox 1190 5053 1387 5107; x_wconf 87' lang='lat' dir='ltr'><strong>bellum</strong></span> <span class='ocrx_word' id='word_1_753' title='bbox 1416 5051 1617 5108; x_wconf 76' lang='lat' dir='ltr'><strong>inferre</strong></span> <span class='ocrx_word' id='word_1_754' title='bbox 1645 5054 1756 5124; x_wconf 84' lang='lat' dir='ltr'><strong>regi</strong></span> <span class='ocrx_word' id='word_1_755' title='bbox 1788 5055 1954 5122; x_wconf 86' lang='lat' dir='ltr'><strong>prius.</strong></span> <span class='ocrx_word' id='word_1_756' title='bbox 1988 5072 2148 5124; x_wconf 85' lang='lat' dir='ltr'><strong>quam</strong></span> 
     </span>
    </p>
   </div>
   <div class='ocr_carea' id='block_1_99' title="bbox 506 5143 2152 5254">
    <p class='ocr_par' dir='ltr' id='par_1_99' title="bbox 506 5143 2152 5254">
     <span class='ocr_line' id='line_1_99' title="bbox 506 5143 2152 5254; baseline -0.002 -49"><span class='ocrx_word' id='word_1_757' title='bbox 506 5177 521 5254; x_wconf 45' lang='grc' dir='ltr'><strong>γ</strong></span> <span class='ocrx_word' id='word_1_758' title='bbox 572 5143 794 5205; x_wconf 64' lang='lat' dir='ltr'><strong>Graecos</strong></span> <span class='ocrx_word' id='word_1_759' title='bbox 835 5146 1104 5217; x_wconf 87' lang='lat' dir='ltr'><strong>quispiam</strong></span> <span class='ocrx_word' id='word_1_760' title='bbox 1145 5145 1286 5201; x_wconf 92' lang='lat' dir='ltr'><strong>inter</strong></span> <span class='ocrx_word' id='word_1_761' title='bbox 1333 5160 1392 5200; x_wconf 93' lang='lat' dir='ltr'><strong>se</strong></span> <span class='ocrx_word' id='word_1_762' title='bbox 1428 5146 1752 5202; x_wconf 87' lang='lat' dir='ltr'><strong>conciliatos</strong></span> <span class='ocrx_word' id='word_1_763' title='bbox 1785 5149 1852 5201; x_wconf 87' lang='lat' dir='ltr'><strong>ab</strong></span> <span class='ocrx_word' id='word_1_764' title='bbox 1885 5149 1987 5202; x_wconf 88' lang='lat' dir='ltr'><strong>hoc</strong></span> <span class='ocrx_word' id='word_1_765' title='bbox 2017 5165 2152 5220; x_wconf 68' lang='lat' dir='ltr'><strong>con:</strong></span> 
     </span>
    </p>
   </div>
   <div class='ocr_carea' id='block_1_100' title="bbox 517 5238 2149 5306">
    <p class='ocr_par' dir='ltr' id='par_1_100' title="bbox 517 5238 2149 5306">
     <span class='ocr_line' id='line_1_100' title="bbox 517 5238 2149 5306; baseline -0.004 -9"><span class='ocrx_word' id='word_1_766' title='bbox 517 5238 528 5305; x_wconf 51' lang='grc' dir='ltr'>ἃ</span> <span class='ocrx_word' id='word_1_767' title='bbox 578 5241 832 5298; x_wconf 88' lang='lat' dir='ltr'><strong>tendcudi</strong></span> <span class='ocrx_word' id='word_1_768' title='bbox 861 5241 1048 5293; x_wconf 81' lang='lat' dir='ltr'><strong>lurore</strong></span> <span class='ocrx_word' id='word_1_769' title='bbox 1078 5238 1392 5294; x_wconf 76' lang='lat' dir='ltr'><strong>abduxerit.</strong></span> <span class='ocrx_word' id='word_1_770' title='bbox 1426 5238 1542 5304; x_wconf 88' lang='lat' dir='ltr'><strong>Qua</strong></span> <span class='ocrx_word' id='word_1_771' title='bbox 1575 5240 1640 5293; x_wconf 89' lang='lat' dir='ltr'><strong>de</strong></span> <span class='ocrx_word' id='word_1_772' title='bbox 1675 5255 1751 5306; x_wconf 88' lang='lat' dir='ltr'><strong>re,</strong></span> <span class='ocrx_word' id='word_1_773' title='bbox 1788 5250 1848 5294; x_wconf 89' lang='lat' dir='ltr'><strong>ut</strong></span> <span class='ocrx_word' id='word_1_774' title='bbox 1868 5241 2005 5294; x_wconf 89' lang='lat' dir='ltr'><strong>alias</strong></span> <span class='ocrx_word' id='word_1_775' title='bbox 2038 5244 2149 5296; x_wconf 77' lang='lat' dir='ltr'><strong>dis-</strong></span> 
     </span>
    </p>
   </div>
   <div class='ocr_carea' id='block_1_101' title="bbox 575 5331 2152 5403">
    <p class='ocr_par' dir='ltr' id='par_1_101' title="bbox 575 5331 2152 5403">
     <span class='ocr_line' id='line_1_101' title="bbox 575 5331 2152 5403; baseline -0.003 -10"><span class='ocrx_word' id='word_1_776' title='bbox 575 5339 745 5398; x_wconf 88' lang='lat' dir='ltr'><strong>serui.</strong></span> <span class='ocrx_word' id='word_1_777' title='bbox 811 5336 884 5391; x_wconf 86' lang='lat' dir='ltr'><strong>ita</strong></span> <span class='ocrx_word' id='word_1_778' title='bbox 965 5347 1143 5403; x_wconf 85' lang='lat' dir='ltr'><strong>neque</strong></span> <span class='ocrx_word' id='word_1_779' title='bbox 1208 5331 1368 5386; x_wconf 90' lang='lat' dir='ltr'><strong>modo</strong></span> <span class='ocrx_word' id='word_1_780' title='bbox 1445 5332 1831 5401; x_wconf 87' lang='lat' dir='ltr'><strong>supersedebo.</strong></span> <span class='ocrx_word' id='word_1_781' title='bbox 1914 5333 2152 5390; x_wconf 85' lang='lat' dir='ltr'><strong>Tametsi</strong></span> 
     </span>
    </p>
   </div>
   <div class='ocr_carea' id='block_1_102' title="bbox 575 5425 2156 5499">
    <p class='ocr_par' dir='ltr' id='par_1_102' title="bbox 575 5425 2156 5499">
     <span class='ocr_line' id='line_1_102' title="bbox 575 5425 2156 5499; baseline -0.001 -13"><span class='ocrx_word' id='word_1_782' title='bbox 575 5431 812 5486; x_wconf 78' lang='lat' dir='ltr'><strong>maxime</strong></span> <span class='ocrx_word' id='word_1_783' title='bbox 849 5427 1070 5499; x_wconf 83' lang='lat' dir='ltr'><strong>quidam</strong></span> <span class='ocrx_word' id='word_1_784' title='bbox 1128 5441 1192 5482; x_wconf 82' lang='lat' dir='ltr'><strong>ex</strong></span> <span class='ocrx_word' id='word_1_785' title='bbox 1243 5426 1308 5482; x_wconf 90' lang='lat' dir='ltr'><strong>iis</strong></span> <span class='ocrx_word' id='word_1_786' title='bbox 1342 5427 1431 5495; x_wconf 91' lang='lat' dir='ltr'><strong>qui</strong></span> <span class='ocrx_word' id='word_1_787' title='bbox 1485 5425 1620 5480; x_wconf 91' lang='lat' dir='ltr'><strong>alios</strong></span> <span class='ocrx_word' id='word_1_788' title='bbox 1669 5425 1864 5480; x_wconf 86' lang='lat' dir='ltr'><strong>docere</strong></span> <span class='ocrx_word' id='word_1_789' title='bbox 1895 5442 1954 5481; x_wconf 92' lang='lat' dir='ltr'><strong>se</strong></span> <span class='ocrx_word' id='word_1_790' title='bbox 2000 5443 2156 5496; x_wconf 84' lang='lat' dir='ltr'><strong>posse</strong></span> 
     </span>
    </p>
   </div>
   <div class='ocr_carea' id='block_1_103' title="bbox 575 5519 2154 5593">
    <p class='ocr_par' dir='ltr' id='par_1_103' title="bbox 575 5519 2154 5593">
     <span class='ocr_line' id='line_1_103' title="bbox 575 5519 2154 5593; baseline -0.001 -17"><span class='ocrx_word' id='word_1_791' title='bbox 575 5521 920 5593; x_wconf 89' lang='lat' dir='ltr'><strong>pollicentur,</strong></span> <span class='ocrx_word' id='word_1_792' title='bbox 947 5533 1070 5575; x_wconf 88' lang='lat' dir='ltr'><strong>cum</strong></span> <span class='ocrx_word' id='word_1_793' title='bbox 1097 5521 1205 5574; x_wconf 90' lang='lat' dir='ltr'><strong>siut</strong></span> <span class='ocrx_word' id='word_1_794' title='bbox 1248 5519 1348 5587; x_wconf 88' lang='lat' dir='ltr'><strong>ipsi</strong></span> <span class='ocrx_word' id='word_1_795' title='bbox 1379 5519 1641 5573; x_wconf 66' lang='lat' dir='ltr'><strong>doctrinm</strong></span> <span class='ocrx_word' id='word_1_796' title='bbox 1674 5520 1854 5573; x_wconf 86' lang='lat' dir='ltr'><strong>muuis</strong></span> <span class='ocrx_word' id='word_1_797' title='bbox 1884 5530 2154 5588; x_wconf 72' lang='lat' dir='ltr'><strong>expertes,</strong></span> 
     </span>
    </p>
   </div>
   <div class='ocr_carea' id='block_1_104' title="bbox 576 5610 2160 5682">
    <p class='ocr_par' dir='ltr' id='par_1_104' title="bbox 576 5610 2160 5682">
     <span class='ocr_line' id='line_1_104' title="bbox 576 5610 2160 5682; baseline -0.002 -13"><span class='ocrx_word' id='word_1_798' title='bbox 576 5621 635 5669; x_wconf 90' lang='lat' dir='ltr'><strong>et</strong></span> <span class='ocrx_word' id='word_1_799' title='bbox 665 5625 782 5667; x_wconf 87' lang='lat' dir='ltr'><strong>mea</strong></span> <span class='ocrx_word' id='word_1_800' title='bbox 829 5626 1056 5682; x_wconf 84' lang='lat' dir='ltr'><strong>carpere</strong></span> <span class='ocrx_word' id='word_1_801' title='bbox 1094 5610 1318 5676; x_wconf 86' lang='lat' dir='ltr'><strong>audent,</strong></span> <span class='ocrx_word' id='word_1_802' title='bbox 1354 5626 1474 5680; x_wconf 72' lang='lat' dir='ltr'><strong>qua:</strong></span> <span class='ocrx_word' id='word_1_803' title='bbox 1507 5618 1683 5664; x_wconf 88' lang='lat' dir='ltr'><strong>tamen</strong></span> <span class='ocrx_word' id='word_1_804' title='bbox 1715 5611 1918 5664; x_wconf 81' lang='lat' dir='ltr'><strong>imitari</strong></span> <span class='ocrx_word' id='word_1_805' title='bbox 1945 5612 2160 5666; x_wconf 85' lang='lat' dir='ltr'><strong>deside-</strong></span> 
     </span>
    </p>
   </div>
   <div class='ocr_carea' id='block_1_105' title="bbox 578 5701 2162 5772">
    <p class='ocr_par' dir='ltr' id='par_1_105' title="bbox 578 5701 2162 5772">
     <span class='ocr_line' id='line_1_105' title="bbox 578 5701 2162 5772; baseline -0.002 -12"><span class='ocrx_word' id='word_1_806' title='bbox 578 5712 724 5766; x_wconf 86' lang='lat' dir='ltr'><strong>rant,</strong></span> <span class='ocrx_word' id='word_1_807' title='bbox 753 5703 987 5760; x_wconf 83' lang='lat' dir='ltr'><strong>amentis</strong></span> <span class='ocrx_word' id='word_1_808' title='bbox 1012 5702 1238 5759; x_wconf 80' lang='lat' dir='ltr'><strong>forsitan</strong></span> <span class='ocrx_word' id='word_1_809' title='bbox 1270 5717 1391 5758; x_wconf 83' lang='lat' dir='ltr'><strong>esse</strong></span> <span class='ocrx_word' id='word_1_810' title='bbox 1418 5703 1624 5767; x_wconf 82' lang='lat' dir='ltr'><strong>dicant,</strong></span> <span class='ocrx_word' id='word_1_811' title='bbox 1657 5703 1802 5772; x_wconf 91' lang='lat' dir='ltr'><strong>quod</strong></span> <span class='ocrx_word' id='word_1_812' title='bbox 1829 5701 2050 5758; x_wconf 68' lang='lat' dir='ltr'><strong>Graeciae</strong></span> <span class='ocrx_word' id='word_1_813' title='bbox 2076 5716 2162 5757; x_wconf 89' lang='lat' dir='ltr'><strong>me</strong></span> 
     </span>
    </p>
   </div>
   <div class='ocr_carea' id='block_1_106' title="bbox 581 5793 2161 5864">
    <p class='ocr_par' dir='ltr' id='par_1_106' title="bbox 581 5793 2161 5864">
     <span class='ocr_line' id='line_1_106' title="bbox 581 5793 2161 5864; baseline 0.001 -17"><span class='ocrx_word' id='word_1_814' title='bbox 581 5795 949 5849; x_wconf 78' lang='lat' dir='ltr'><strong>calamitatum</strong></span> <span class='ocrx_word' id='word_1_815' title='bbox 1001 5809 1131 5848; x_wconf 87' lang='lat' dir='ltr'><strong>cura</strong></span> <span class='ocrx_word' id='word_1_816' title='bbox 1187 5802 1374 5864; x_wconf 81' lang='lat' dir='ltr'><strong>tangat</strong></span> <span class='ocrx_word' id='word_1_817' title='bbox 1422 5793 1622 5861; x_wconf 85' lang='lat' dir='ltr'><strong>aliqua,</strong></span> <span class='ocrx_word' id='word_1_818' title='bbox 1669 5794 1822 5862; x_wconf 89' lang='lat' dir='ltr'><strong>quasi</strong></span> <span class='ocrx_word' id='word_1_819' title='bbox 1862 5809 1981 5848; x_wconf 81' lang='lat' dir='ltr'><strong>mea</strong></span> <span class='ocrx_word' id='word_1_820' title='bbox 2035 5808 2161 5850; x_wconf 86' lang='lat' dir='ltr'><strong>ora-</strong></span> 
     </span>
    </p>
   </div>
   <div class='ocr_carea' id='block_1_107' title="bbox 580 5885 2159 5958">
    <p class='ocr_par' dir='ltr' id='par_1_107' title="bbox 580 5885 2159 5958">
     <span class='ocr_line' id='line_1_107' title="bbox 580 5885 2159 5958; baseline 0.001 -16"><span class='ocrx_word' id='word_1_821' title='bbox 580 5886 729 5943; x_wconf 81' lang='lat' dir='ltr'><strong>tione</strong></span> <span class='ocrx_word' id='word_1_822' title='bbox 758 5885 946 5942; x_wconf 85' lang='lat' dir='ltr'><strong>tneiius</strong></span> <span class='ocrx_word' id='word_1_823' title='bbox 978 5901 1102 5942; x_wconf 86' lang='lat' dir='ltr'><strong>cum</strong></span> <span class='ocrx_word' id='word_1_824' title='bbox 1149 5887 1237 5943; x_wconf 81' lang='lat' dir='ltr'><strong>illa</strong></span> <span class='ocrx_word' id='word_1_825' title='bbox 1271 5886 1357 5958; x_wconf 83' lang='lat' dir='ltr'><strong>agi</strong></span> <span class='ocrx_word' id='word_1_826' title='bbox 1407 5887 1660 5958; x_wconf 81' lang='lat' dir='ltr'><strong>deinceps</strong></span> <span class='ocrx_word' id='word_1_827' title='bbox 1698 5887 1870 5958; x_wconf 72' lang='lat' dir='ltr'><strong>possit</strong></span> <span class='ocrx_word' id='word_1_828' title='bbox 1892 5897 1985 5942; x_wconf 87' lang='lat' dir='ltr'><strong>aut</strong></span> <span class='ocrx_word' id='word_1_829' title='bbox 2014 5887 2159 5945; x_wconf 72' lang='lat' dir='ltr'><strong>dete-</strong></span> 
     </span>
    </p>
   </div>
   <div class='ocr_carea' id='block_1_108' title="bbox 2260 5048 3850 5128">
    <p class='ocr_par' dir='ltr' id='par_1_108' title="bbox 2260 5048 3850 5128">
     <span class='ocr_line' id='line_1_108' title="bbox 2260 5048 3850 5128; baseline -0.006 -19"><span class='ocrx_word' id='word_1_830' title='bbox 2260 5056 2652 5128; x_wconf 76' lang='grc' dir='ltr'>καὶπρότερον</span> <span class='ocrx_word' id='word_1_831' title='bbox 2707 5056 2926 5126; x_wconf 76' lang='grc' dir='ltr'>εἴρηκα,</span> <span class='ocrx_word' id='word_1_832' title='bbox 2974 5053 3070 5106; x_wconf 77' lang='grc' dir='ltr'><strong>καὶ</strong></span> <span class='ocrx_word' id='word_1_833' title='bbox 3114 5052 3211 5105; x_wconf 82' lang='grc' dir='ltr'>νῦν</span> <span class='ocrx_word' id='word_1_834' title='bbox 3243 5053 3545 5122; x_wconf 80' lang='grc' dir='ltr'>ποιήσομαι</span> <span class='ocrx_word' id='word_1_835' title='bbox 3589 5050 3719 5111; x_wconf 80' lang='grc' dir='ltr'>τοὺς</span> <span class='ocrx_word' id='word_1_836' title='bbox 3760 5048 3850 5101; x_wconf 82' lang='grc' dir='ltr'><strong>λό-</strong></span> 
     </span>
    </p>
   </div>
   <div class='ocr_carea' id='block_1_109' title="bbox 2259 5139 3850 5216">
    <p class='ocr_par' dir='ltr' id='par_1_109' title="bbox 2259 5139 3850 5216">
     <span class='ocr_line' id='line_1_109' title="bbox 2259 5139 3850 5216; baseline -0.006 -16"><span class='ocrx_word' id='word_1_837' title='bbox 2259 5163 2410 5216; x_wconf 77' lang='grc' dir='ltr'>γους.</span> <span class='ocrx_word' id='word_1_838' title='bbox 2472 5147 2582 5202; x_wconf 83' lang='grc' dir='ltr'>Καί</span> <span class='ocrx_word' id='word_1_839' title='bbox 2627 5147 2710 5200; x_wconf 86' lang='grc' dir='ltr'><strong>τοί</strong></span> <span class='ocrx_word' id='word_1_840' title='bbox 2766 5161 2911 5208; x_wconf 85' lang='grc' dir='ltr'>τινες</span> <span class='ocrx_word' id='word_1_841' title='bbox 2966 5144 3074 5196; x_wconf 89' lang='grc' dir='ltr'><strong>τῶν</strong></span> <span class='ocrx_word' id='word_1_842' title='bbox 3131 5143 3399 5214; x_wconf 79' lang='grc' dir='ltr'>μηδεμιᾶς</span> <span class='ocrx_word' id='word_1_843' title='bbox 3465 5141 3566 5212; x_wconf 83' lang='grc' dir='ltr'>μὲν</span> <span class='ocrx_word' id='word_1_844' title='bbox 3593 5139 3850 5201; x_wconf 89' lang='grc' dir='ltr'>παιδείας</span> 
     </span>
    </p>
   </div>
   <div class='ocr_carea' id='block_1_110' title="bbox 2263 5229 3850 5310">
    <p class='ocr_par' dir='ltr' id='par_1_110' title="bbox 2263 5229 3850 5310">
     <span class='ocr_line' id='line_1_110' title="bbox 2263 5229 3850 5310; baseline -0.006 -19"><span class='ocrx_word' id='word_1_845' title='bbox 2263 5237 2699 5310; x_wconf 70' lang='grc' dir='ltr'>μετεσχηκότων,</span> <span class='ocrx_word' id='word_1_846' title='bbox 2751 5235 3012 5290; x_wconf 88' lang='grc' dir='ltr'>δύνασθαι</span> <span class='ocrx_word' id='word_1_847' title='bbox 3061 5235 3117 5288; x_wconf 82' lang='grc' dir='ltr'><strong>δέ</strong></span> <span class='ocrx_word' id='word_1_848' title='bbox 3161 5232 3438 5288; x_wconf 82' lang='grc' dir='ltr'>παιδεύειν</span> <span class='ocrx_word' id='word_1_849' title='bbox 3479 5231 3608 5294; x_wconf 85' lang='grc' dir='ltr'><strong>τούς</strong></span> <span class='ocrx_word' id='word_1_850' title='bbox 3645 5229 3850 5293; x_wconf 75' lang='grc' dir='ltr'>ἄλλους</span> 
     </span>
    </p>
   </div>
   <div class='ocr_carea' id='block_1_111' title="bbox 2264 5321 3848 5400">
    <p class='ocr_par' dir='ltr' id='par_1_111' title="bbox 2264 5321 3848 5400">
     <span class='ocr_line' id='line_1_111' title="bbox 2264 5321 3848 5400; baseline -0.007 -17"><span class='ocrx_word' id='word_1_851' title='bbox 2264 5329 2740 5400; x_wconf 80' lang='grc' dir='ltr'>ὑπισχνουμένων,</span> <span class='ocrx_word' id='word_1_852' title='bbox 2781 5328 2870 5380; x_wconf 69' lang='grc' dir='ltr'><strong>καὶ</strong></span> <span class='ocrx_word' id='word_1_853' title='bbox 2897 5326 3084 5396; x_wconf 69' lang='grc' dir='ltr'>ψέγειν</span> <span class='ocrx_word' id='word_1_854' title='bbox 3127 5325 3223 5395; x_wconf 79' lang='grc' dir='ltr'><strong>μὲν</strong></span> <span class='ocrx_word' id='word_1_855' title='bbox 3254 5325 3323 5378; x_wconf 82' lang='grc' dir='ltr'>τὰ</span> <span class='ocrx_word' id='word_1_856' title='bbox 3344 5324 3454 5392; x_wconf 83' lang='grc' dir='ltr'><strong>ἐμά</strong></span> <span class='ocrx_word' id='word_1_857' title='bbox 3486 5321 3848 5392; x_wconf 84' lang='grc' dir='ltr'>τολμώντων,</span> 
     </span>
    </p>
   </div>
   <div class='ocr_carea' id='block_1_112' title="bbox 2267 5409 3850 5494">
    <p class='ocr_par' dir='ltr' id='par_1_112' title="bbox 2267 5409 3850 5494">
     <span class='ocr_line' id='line_1_112' title="bbox 2267 5409 3850 5494; baseline -0.006 -19"><span class='ocrx_word' id='word_1_858' title='bbox 2267 5421 2551 5494; x_wconf 84' lang='grc' dir='ltr'>μιμεῖσθαι</span> <span class='ocrx_word' id='word_1_859' title='bbox 2595 5420 2653 5473; x_wconf 83' lang='grc' dir='ltr'>δὲ</span> <span class='ocrx_word' id='word_1_860' title='bbox 2702 5419 3040 5490; x_wconf 85' lang='grc' dir='ltr'>γλιχομένων</span> <span class='ocrx_word' id='word_1_861' title='bbox 3075 5434 3087 5448; x_wconf 83' lang='grc'><em>’</em></span> <span class='ocrx_word' id='word_1_862' title='bbox 3141 5417 3283 5487; x_wconf 79' lang='grc' dir='ltr'>τάχα</span> <span class='ocrx_word' id='word_1_863' title='bbox 3349 5417 3414 5470; x_wconf 86' lang='grc' dir='ltr'><strong>ἂν</strong></span> <span class='ocrx_word' id='word_1_864' title='bbox 3465 5415 3666 5485; x_wconf 88' lang='grc' dir='ltr'>μανίαν</span> <span class='ocrx_word' id='word_1_865' title='bbox 3707 5409 3850 5466; x_wconf 77' lang='grc' dir='ltr'>εἶναι</span> 
     </span>
    </p>
   </div>
   <div class='ocr_carea' id='block_1_113' title="bbox 2264 5506 3849 5587">
    <p class='ocr_par' dir='ltr' id='par_1_113' title="bbox 2264 5506 3849 5587">
     <span class='ocr_line' id='line_1_113' title="bbox 2264 5506 3849 5587; baseline -0.008 -18"><span class='ocrx_word' id='word_1_866' title='bbox 2264 5516 2495 5587; x_wconf 80' lang='grc' dir='ltr'>φήσαιεν</span> <span class='ocrx_word' id='word_1_867' title='bbox 2528 5513 2590 5567; x_wconf 79' lang='grc' dir='ltr'><strong>τὸ</strong></span> <span class='ocrx_word' id='word_1_868' title='bbox 2623 5513 2810 5585; x_wconf 82' lang='grc' dir='ltr'>μέλειν</span> <span class='ocrx_word' id='word_1_869' title='bbox 2843 5513 2966 5582; x_wconf 75' lang='grc' dir='ltr'>ἐμοὶ</span> <span class='ocrx_word' id='word_1_870' title='bbox 2992 5511 3102 5564; x_wconf 89' lang='grc' dir='ltr'><strong>τῶν</strong></span> <span class='ocrx_word' id='word_1_871' title='bbox 3132 5511 3229 5580; x_wconf 79' lang='grc' dir='ltr'>τῆς</span> <span class='ocrx_word' id='word_1_872' title='bbox 3271 5509 3490 5570; x_wconf 85' lang='grc' dir='ltr'>ἐλλὰδος</span> <span class='ocrx_word' id='word_1_873' title='bbox 3524 5506 3849 5576; x_wconf 66' lang='grc' dir='ltr'>συμφορῶν,</span> 
     </span>
    </p>
   </div>
   <div class='ocr_carea' id='block_1_114' title="bbox 2263 5601 3852 5680">
    <p class='ocr_par' dir='ltr' id='par_1_114' title="bbox 2263 5601 3852 5680">
     <span class='ocr_line' id='line_1_114' title="bbox 2263 5601 3852 5680; baseline -0.008 -17"><span class='ocrx_word' id='word_1_874' title='bbox 2263 5609 2453 5680; x_wconf 84' lang='grc' dir='ltr'>ὥσπερ</span> <span class='ocrx_word' id='word_1_875' title='bbox 2478 5607 2631 5678; x_wconf 81' lang='grc' dir='ltr'>παρὰ</span> <span class='ocrx_word' id='word_1_876' title='bbox 2657 5607 2784 5671; x_wconf 78' lang='grc' dir='ltr'>τοὺς</span> <span class='ocrx_word' id='word_1_877' title='bbox 2841 5606 3011 5675; x_wconf 79' lang='grc' dir='ltr'><strong>ἐμούς</strong></span> <span class='ocrx_word' id='word_1_878' title='bbox 3039 5605 3233 5672; x_wconf 84' lang='grc' dir='ltr'>λόγους</span> <span class='ocrx_word' id='word_1_879' title='bbox 3288 5603 3321 5674; x_wconf 80' lang='grc' dir='ltr'>ἢ</span> <span class='ocrx_word' id='word_1_880' title='bbox 3355 5602 3564 5671; x_wconf 81' lang='grc' dir='ltr'>βέλτιον</span> <span class='ocrx_word' id='word_1_881' title='bbox 3598 5601 3631 5670; x_wconf 80' lang='grc' dir='ltr'><strong>ἢ</strong></span> <span class='ocrx_word' id='word_1_882' title='bbox 3667 5602 3852 5669; x_wconf 84' lang='grc' dir='ltr'>χεῖρον</span> 
     </span>
    </p>
   </div>
   <div class='ocr_carea' id='block_1_115' title="bbox 2264 5689 3854 5772">
    <p class='ocr_par' dir='ltr' id='par_1_115' title="bbox 2264 5689 3854 5772">
     <span class='ocr_line' id='line_1_115' title="bbox 2264 5689 3854 5772; baseline -0.008 -17"><span class='ocrx_word' id='word_1_883' title='bbox 2264 5702 2435 5772; x_wconf 75' lang='grc' dir='ltr'>αὐτὴν</span> <span class='ocrx_word' id='word_1_884' title='bbox 2471 5696 2783 5772; x_wconf 78' lang='grc' dir='ltr'>πράξουσαν</span> <span class='ocrx_word' id='word_1_885' title='bbox 2813 5715 2828 5728; x_wconf 84' lang='grc'>·</span> <span class='ocrx_word' id='word_1_886' title='bbox 2873 5689 2948 5751; x_wconf 84' lang='grc' dir='ltr'>ὧν</span> <span class='ocrx_word' id='word_1_887' title='bbox 2993 5698 3219 5760; x_wconf 83' lang='grc' dir='ltr'>δικαίως</span> <span class='ocrx_word' id='word_1_888' title='bbox 3259 5695 3324 5750; x_wconf 85' lang='grc' dir='ltr'><strong>ἂν</strong></span> <span class='ocrx_word' id='word_1_889' title='bbox 3360 5695 3599 5757; x_wconf 70' lang='grc' dir='ltr'>ἅπαντες</span> <span class='ocrx_word' id='word_1_890' title='bbox 3644 5692 3854 5763; x_wconf 82' lang='grc' dir='ltr'>πολλὴν</span> 
     </span>
    </p>
   </div>
   <div class='ocr_carea' id='block_1_116' title="bbox 2267 5787 3852 5865">
    <p class='ocr_par' dir='ltr' id='par_1_116' title="bbox 2267 5787 3852 5865">
     <span class='ocr_line' id='line_1_116' title="bbox 2267 5787 3852 5865; baseline -0.008 -17"><span class='ocrx_word' id='word_1_891' title='bbox 2267 5793 2559 5865; x_wconf 80' lang='grc' dir='ltr'>ἀνανδρίαν</span> <span class='ocrx_word' id='word_1_892' title='bbox 2605 5793 2700 5846; x_wconf 80' lang='grc' dir='ltr'>καὶ</span> <span class='ocrx_word' id='word_1_893' title='bbox 2745 5790 3116 5862; x_wconf 67' lang='grc' dir='ltr'>μικροψυχίαν</span> <span class='ocrx_word' id='word_1_894' title='bbox 3170 5790 3491 5857; x_wconf 84' lang='grc' dir='ltr'>καταγνοῖεν</span> <span class='ocrx_word' id='word_1_895' title='bbox 3539 5787 3622 5838; x_wconf 80' lang='grc' dir='ltr'>ὃτι</span> <span class='ocrx_word' id='word_1_896' title='bbox 3677 5801 3852 5855; x_wconf 81' lang='grc' dir='ltr'>προσ-</span> 
     </span>
    </p>
   </div>
   <div class='ocr_carea' id='block_1_117' title="bbox 2274 5875 3848 5958">
    <p class='ocr_par' dir='ltr' id='par_1_117' title="bbox 2274 5875 3848 5958">
     <span class='ocr_line' id='line_1_117' title="bbox 2274 5875 3848 5958; baseline -0.008 -17"><span class='ocrx_word' id='word_1_897' title='bbox 2274 5886 2586 5958; x_wconf 85' lang='grc' dir='ltr'>ποιούμενοι</span> <span class='ocrx_word' id='word_1_898' title='bbox 2630 5885 2972 5954; x_wconf 67' lang='grc' dir='ltr'>φιλοσοφεῖν,</span> <span class='ocrx_word' id='word_1_899' title='bbox 3005 5883 3159 5936; x_wconf 77' lang='grc' dir='ltr'>αὐτοὶ</span> <span class='ocrx_word' id='word_1_900' title='bbox 3183 5881 3282 5954; x_wconf 72' lang='grc' dir='ltr'><strong>μὲν</strong></span> <span class='ocrx_word' id='word_1_901' title='bbox 3313 5880 3406 5933; x_wconf 68' lang='grc' dir='ltr'><strong>ἐπὶ</strong></span> <span class='ocrx_word' id='word_1_902' title='bbox 3450 5880 3667 5950; x_wconf 83' lang='grc' dir='ltr'>μικροῖς</span> <span class='ocrx_word' id='word_1_903' title='bbox 3695 5875 3848 5946; x_wconf 64' lang='grc' dir='ltr'>φιλοο</span> 
     </span>
    </p>
   </div>
  </div>
