4090 6414
270 382 373 451 ιιι

1412 387 1934 453 BIBLIOTHECA.
1972 415 2045 429 -·
2080 393 2247 457 COD.
2280 396 2447 462 CLX-

3436 390 3543 454 449.

268 497 558 569 τιμοῦνται
597 514 614 531 ·
643 496 773 562 τοὺς
808 496 868 552 δὲ
910 496 1241 568 δυναμένους
1273 500 1402 571 περ).
1438 500 1545 554 τῶν
1578 504 1847 573 μεγίστων

1974 503 2094 559 ius.
2150 504 2296 572 Quos
2355 500 2554 560 merito
2607 519 2739 560 sane
2780 504 2960 574 pusilli
3013 504 3200 571 nimis,
3240 517 3304 559 ac
3350 518 3539 572 parum

271 584 666 659 συμϐουλεύειν
701 585 1023 655 φθονοῦντες
1052 586 1407 641 διατελοῦσιν.
1445 582 1604 643 Οὗτοι
1631 590 1727 660 μὲν
1756 586 1849 645 οῦν

270 675 599 748 βοηθοῦντες
650 679 770 740 ταῖς
811 675 992 731 αὐτῶν
1030 675 1359 741 ἀσθενείαις,
1407 678 1502 732 καὶ
1552 679 1850 751 ῥᾳθυμίαις

269 768 402 831 ῐσως
439 766 650 821 τοιαῦτ’
703 765 938 838 ἐροῦσιν.
987 766 1129 835 Ἐγὼ
1172 766 1230 821 δὲ
1272 766 1446 826 οὕτως
1499 769 1587 822 ἐπ’
1625 769 1851 842 ἐμαυτῷ

270 860 419 931 μέγα
460 859 664 931 φρονῶ,
701 859 903 932 καίπερ
941 859 1035 931 ἔτη
1068 859 1307 929 γεγονὼς
1345 861 1704 931 ὀγδοήκοντα,
1757 864 1852 917 καὶ

265 951 623 1005 παντάπασιν
670 949 1029 1022 ἀπειρηκὼς,
1109 950 1251 1003 ὥστε
1311 945 1465 1020 οἶμαι
1527 952 1621 1004 καὶ
1674 952 1852 1019 λέγειν

265 1041 394 1111 ἐμοὶ
448 1041 748 1111 προσήκειν
797 1041 1032 1110 μάλιστα
1085 1041 1215 1111 περὶ
1264 1041 1491 1107 τούτων,
1535 1042 1628 1094 καὶ
1671 1041 1853 1105 καλῶς

267 1132 666 1205 βεὸουλεῦσθαι
700 1135 838 1204 πρὸς
871 1134 932 1186 σὲ
963 1132 1284 1204 ποιούμενον
1329 1133 1456 1193 τοὺς
1484 1134 1674 1202 λόγους
1701 1150 1715 1165 ·
1760 1135 1854 1188 καὶ

265 1226 434 1297 τυχὸν
465 1226 559 1280 ὑπ’
586 1226 768 1281 αὐτῶν
789 1224 1121 1296 γενήσεσθαί
1145 1242 1196 1278 τι
1219 1224 1327 1282 τῶν
1359 1224 1607 1280 δεόντων.
1660 1225 1854 1292 Ἡγοῦ-

269 1334 369 1385 μαι
409 1316 469 1370 δὲ
499 1317 595 1371 καὶ⁵
623 1319 749 1380 τοὺς
778 1315 973 1378 ἄλλους
1001 1315 1253 1385 ἓλληνας,
1297 1316 1345 1368 εί
1378 1316 1618 1386 δεήσειεν
1658 1317 1855 1380 αὐτοὺς

266 1407 327 1475 ἐξ
375 1409 639 1463 ἁπάντων
696 1406 1015 1472 ἐκλέξασθαι
1054 1408 1146 1461 τόν
1193 1424 1253 1460 τε
1296 1407 1374 1479 τῷ
1406 1407 1549 1478 λόγῳ
1593 1407 1856 1463 κάλλιστα

266 1501 573 1571 δυνηθέντα
616 1499 1000 1570 παρακαλέσαι
1032 1498 1160 1563 τοὺς
1208 1498 1438 1570 ἒλληνας
1480 1500 1574 1553 ἐπὶ
1618 1499 1716 1571 τὴν
1747 1499 1858 1552 τῶν

269 1591 571 1663 βαρϐάρων
610 1590 924 1662 στρατείαν,
969 1590 1176 1644 καὶτὸν
1209 1592 1439 1661 τάχιστα
1471 1591 1732 1661 μέλλοντα
1758 1590 1859 1655 τὰς

270 1684 507 1753 πράξεις
568 1682 839 1737 ἐπιτελεῖν
910 1682 1009 1745 τὰς
1075 1683 1378 1753 συμφέρειν
1432 1682 1661 1749 δοξάσας
1691 1721 1707 1744 ,
1756 1680 1858 1735 οὐκ

269 1778 335 1833 ἂν
361 1778 565 1841 ἄλλους
593 1778 711 1833 ἀνθ’
747 1776 905 1848 ἡμῶν
932 1777 1318 1849 προκριθῆναι.
1353 1776 1461 1831 Καί
1494 1793 1574 1830 τοι
1614 1775 1733 1840 πῶς
1758 1775 1859 1830 οὐκ

1954 595 2130 649 virilis
2161 596 2324 650 animi
2372 610 2565 652 omnes
2606 611 2761 666 aeque
2802 607 3097 661 censeant;
3149 598 3293 665 quod
3321 611 3382 650 se
3411 596 3536 665 phi-

1953 685 2206 756 losophos
2228 687 2565 754 iactitantes,
2602 704 2707 743 non
2740 688 2915 744 solum
2971 689 3068 758 ipsi
3099 688 3280 758 parvis
3314 702 3345 741 e
3377 686 3538 741 rebus

1953 777 2232 848 gloriolam
2264 779 2501 849 aliquam
2537 790 2828 845 venentur,
2860 781 2953 834 sed
3007 780 3128 834 aliis
3167 793 3405 849 quoque,
3447 779 3539 846 qui

1952 868 2021 924 de
2069 868 2365 938 majoribus
2389 872 2616 927 consilia
2656 886 2950 942 suggerere
2978 872 3207 941 possint,
3242 886 3350 924 non
3385 870 3536 924 desi-

1954 971 2085 1016 nant
2129 963 2389 1019 invidere.
2435 964 2611 1033 Atque
2653 964 2730 1018 illi
2781 963 3020 1033 quidem,
3069 962 3427 1018 imbecillitati
3486 971 3542 1016 et

1957 1054 2186 1123 ignaviae
2212 1057 2578 1123 obsequentes
2604 1070 2714 1110 sua:
2760 1056 2892 1110 talia
2930 1054 3113 1109 forsan
3147 1054 3341 1109 dicturi
3374 1060 3539 1108 sunt:

1952 1160 2053 1215 ego
2089 1160 2238 1211 vero,
2286 1161 2597 1215 quanquam
2648 1146 3041 1215 octogesimum
3086 1146 3198 1214 jam
3255 1153 3415 1199 natus
3444 1160 3544 1198 an-

1954 1251 2084 1290 unm
2126 1236 2342 1306 penitus
2391 1237 2583 1303 defeci,
2623 1237 2910 1305 magnifice
2962 1246 3140 1290 tamen
3183 1235 3319 1290 adeo
3350 1237 3417 1290 de
3446 1251 3534 1289 me

1953 1324 2132 1376 adhuc
2157 1324 2351 1386 sentio,
2380 1333 2441 1377 ut
2469 1332 2652 1393 putem
2680 1338 2787 1376 non
2829 1333 3038 1377 tantum
3091 1322 3194 1377 mei
3228 1322 3313 1377 vel
3343 1324 3396 1376 in
3427 1322 3541 1390 pri-

1956 1416 2061 1470 nnis
2091 1416 2260 1472 fuisse
2299 1418 2544 1472 muneris
2572 1419 2637 1471 de
2674 1417 2757 1471 his
2788 1416 2995 1479 dicere,
3024 1419 3120 1470 sed
3151 1415 3315 1470 etiam
3356 1422 3538 1469 tecum

1958 1506 2164 1576 agendo
2210 1506 2468 1576 praeclara
2517 1507 2853 1577 suggessisse
2906 1505 3159 1567 consilia,
3208 1521 3273 1560 ac
3308 1504 3542 1559 fortasse

1957 1611 2055 1665 per
2085 1598 2197 1652 haec
2224 1598 2405 1668 aliqua
2441 1609 2588 1654 recte
2612 1614 2734 1655 esse
2772 1600 3029 1668 gerenda.
3068 1598 3208 1664 Quin
3234 1607 3285 1651 et
3311 1607 3543 1652 caeteros

1957 1700 2058 1756 ego
2082 1685 2301 1742 Graecos
2346 1688 2619 1752 existimo,
2665 1688 2710 1743 si
2764 1703 2827 1742 ex
2876 1689 3021 1741 omni
3054 1703 3279 1741 suorum
3312 1700 3544 1740 numero

1961 1778 2223 1846 deligendi
2252 1780 2385 1849 ipsis
2415 1789 2748 1843 essent,cnm
2769 1780 2860 1848 qui
2885 1779 3103 1835 Graecos
3132 1786 3313 1850 posset
3339 1778 3545 1848 optime

270 1871 337 1922 ἃν
390 1869 625 1940 αἰσχρὸν
662 1870 1013 1940 ποιήσαιμεν,
1065 1866 1238 1931 οὕτως
1280 1866 1517 1938 ὲντίμων
1557 1867 1748 1930 ὄντων,
1785 1859 1861 1921 ὧν

1974 1869 2211 1923 oratione
2232 1884 2328 1923 sua
2365 1869 2595 1925 incitare
2620 1870 2685 1925 ad
2719 1871 3049 1927 invadendos
3072 1871 3211 1925 bello
3244 1869 3541 1937 Barbaros,

268 1962 515 2025 ἅπαντες
545 1960 612 2014 ἂν
645 1962 791 2030 ἡμᾶς
810 1959 1133 2027 ἀξιώσειανς
1169 1961 1232 2013 τὸ
1275 1959 1372 2030 μὲν
1419 1956 1516 2014 οὖν
1548 1960 1678 2031 ἐμὸν
1706 1961 1863 2014 ἔλατ-

269 2053 359 2107 τόν
394 2056 553 2106 ὲστιν
579 2068 595 2083 ·
635 2052 1017 2123 ἀποφήνασθαι
1042 2052 1151 2123 γὰρ
1180 2053 1217 2107 ἃ
1245 2053 1505 2121 γινώσκει
1537 2071 1642 2119 τις,
1671 2054 1731 2107 ού
1760 2054 1865 2108 πά-

270 2161 331 2195 νυ
372 2143 487 2195 τῶν
536 2140 791 2212 χαλεπῶν
842 2140 1078 2209 πέφυκε.
1122 2142 1215 2194 Σοὶ
1252 2141 1309 2194 δὲ
1372 2143 1642 2213 προσήκει
1691 2161 1863 2213 προσ-

269 2232 451 2303 έχοντι
474 2232 569 2285 τὸν
590 2230 715 2285 νοῦν
734 2233 847 2294 τοῖς
870 2230 1110 2301 ὑπ’ὲμοῦ
1134 2230 1448 2301 λεγομένοις
1473 2232 1865 2302 βουλεύσασθαι

270 2321 511 2393 πότερον
560 2317 927 2391 ὀλιγωρητέον
969 2320 1088 2372 ἐστὶ
1129 2317 1240 2371 τῶν
1269 2318 1568 2388 ἐλληνικῶν
1602 2321 1867 2389 πραγμά-

270 2432 402 2476 των,
441 2412 693 2482 γεγονότι
732 2412 832 2482 μὲν
862 2411 1051 2482 ὥσπερ
1082 2411 1249 2481 ὀλίγῳ
1284 2410 1549 2482 πρότερον
1585 2410 1695 2479 ἐγὼ
1718 2411 1867 2481 διῆλ-

272 2507 361 2561 θον
394 2523 411 2538 ·
466 2504 699 2576 ἡγεμόνι
739 2503 796 2557 δὲ
847 2503 1280 2573 λακεδαιμονίων
1330 2502 1447 2556 ὄντι
1484 2517 1498 2531 ·
1556 2501 1765 2571 βασιλεῖ
1809 2501 1867 2554 δὲ

273 2596 812 2669 προσαγορευομένῳ
846 2612 861 2627 °
904 2595 1171 2665 μεγίστην
1201 2595 1259 2648 δὲ
1290 2594 1399 2648 τῶν
1424 2595 1663 2665 ὲλλήνων
1689 2594 1867 2664 ἔχοντι

1964 1968 2076 2014 tum
2136 1960 2227 2027 qui
2287 1961 2573 2018 celerrime
2653 1962 2923 2018 conficere
2967 1973 3181 2031 posset,
3243 1977 3364 2032 quae
3445 1964 3545 2014 uti-

1962 2049 2087 2106 liter
2116 2056 2349 2123 gerenda
2374 2055 2704 2122 viderentur,
2755 2055 2933 2110 ntulos
2964 2055 3185 2109 omnino
3220 2054 3355 2107 alios
3390 2053 3545 2106 nobis

1961 2146 2367 2214 przzeposituros.
2408 2147 2473 2201 Et
2516 2164 2648 2203 vero
2684 2150 2954 2219 quomodo
2986 2163 3095 2201 non
3156 2146 3360 2216 alioqui
3425 2153 3545 2197 tur-

1964 2251 2084 2306 pem
2114 2252 2337 2306 prorsus
2372 2254 2485 2295 rem
2528 2243 3012 2302 committeremus,
3071 2254 3193 2293 cum
3247 2234 3544 2291 honoriﬁca

1967 2329 2147 2385 forent
2180 2334 2315 2385 adeo
2346 2332 2458 2398 illa,
2514 2333 2715 2402 quibus
2755 2348 2852 2387 nos
2877 2333 3120 2386 omnium
3145 2330 3350 2399 judicio
3381 2344 3548 2382 orna-

1968 2424 2193 2476 remur?
2239 2424 2350 2477 Etsi
2402 2440 2430 2477 a
2476 2441 2560 2478 me
2599 2426 2741 2494 quod
2777 2425 3048 2494 proficisci
3087 2433 3285 2493 potest,
3321 2420 3549 2476 minoris

1966 2512 2021 2567 id
2048 2530 2181 2568 sane
2205 2516 2461 2570 momenti
2505 2528 2614 2583 est;
2650 2533 2770 2571 cum
2808 2533 2922 2571 non
2956 2518 3028 2571 ita
3060 2517 3229 2571 soleat
3278 2530 3399 2569 esse
3458 2528 3552 2567 ar-

1966 2605 2153 2669 duum,
2187 2620 2337 2659 suam
2394 2607 2459 2660 de
2508 2623 2565 2661 re
2615 2608 2864 2676 quapiam
2909 2608 3240 2662 sententiam
3285 2605 3550 2675 proferre.

270 2690 432 2753 δόξαν
461 2705 478 2719 ·
534 2689 718 2761 ἢτῶν
750 2688 851 2758 μὲν
906 2685 1223 2741 ἐνεστώτων
1305 2687 1648 2758 πραγμάτιον
1700 2686 1872 2759 ὑπερ-

1974 2694 2104 2748 Cum
2148 2705 2297 2748 tuum
2334 2697 2404 2748 sit
2457 2698 2523 2749 ad
2560 2711 2620 2750 ea
2642 2700 2902 2762 animum,
2929 2714 3049 2766 quae
3079 2697 3237 2751 modo
3293 2693 3555 2749 indicavi—

270 2781 491 2844 οπτέον,
531 2781 745 2851 μείζοσι
776 2779 821 2832 δ’
851 2778 1250 2852 ἐπιχειρητέον.
1282 2777 1423 2845 Ἐγὼ
1467 2777 1565 2847 μὲν
1592 2777 1701 2846 γάρ
1726 2795 1869 2847 φημι

1974 2799 2113 2848 mus,
2178 2786 2545 2840 advertentem
2616 2788 2900 2855 dispicere,
2952 2787 3247 2843 Graeciaene
3315 2800 3405 2840 res
3458 2798 3555 2838 ne-

272 2868 477 2939 χρῆναί
510 2884 571 2920 σε
598 2868 817 2920 πάντων
846 2868 1121 2936 ἀφέμενον
1148 2866 1256 2919 τῶν
1278 2866 1475 2930 ἄλλων,
1495 2866 1640 2919 δυοῖν
1659 2866 1871 2920 τούτοιν

1974 2875 2230 2945 gligendaa
2277 2876 2370 2929 tibi
2415 2878 2545 2942 sint,
2568 2892 2633 2931 eo
2674 2881 2815 2947 quod
2862 2878 3021 2947 paulo
3045 2888 3171 2932 ante
3215 2877 3324 2931 dixi
3358 2887 3560 2945 genere

274 2960 573 3031 προσέχειν
599 2961 691 3013 τὸν
712 2998 713 3003 η
734 2959 859 3013 νοῦν
897 2976 911 2990 ο
943 2960 1092 3022 ὅπως
1128 2960 1255 3022 τοὺς
1303 2957 1402 3026 μὲν
1434 2957 1665 3028 ἓλληνας
1697 2959 1872 3013 ἁπαλ-

1976 2978 2125 3033 nato,
2151 2967 2680 3024 Lacedzemoniorum
2704 2970 2847 3033 duci,
2880 2971 2989 3041 regi
3019 2984 3234 3039 quoque
3259 2968 3560 3031 declarato,

271 3050 447 3120 λάξῃς
506 3050 620 3104 τῶν
676 3051 952 3121 πολέμων,
997 3050 1095 3104 καὶ
1133 3050 1242 3103 τῶν
1282 3050 1458 3105 ἄλλων
1503 3050 1713 3112 κακῶν,
1764 3051 1872 3104 τῶν

1974 3066 2027 3111 et
2078 3059 2373 3112 maximum
2427 3061 2568 3113 inter
2618 3060 2834 3115 Graecos
2865 3075 3061 3115 nomen
3119 3058 3431 3121 sustinenti,
3492 3071 3561 3108 an

273 3143 372 3197 νῦν
401 3144 594 3206 αὐτοῖς
654 3145 941 3214 παρόντων
968 3160 984 3175 ο
1031 3144 1159 3207 τοὺς
1201 3143 1258 3196 δὲ
1303 3144 1613 3214 βαρϐάρους
1655 3144 1872 3214 παύσῃς

1978 3148 2157 3217 potius
2210 3152 2495 3217 prazsentia
2547 3151 2658 3204 sint
2706 3150 3005 3204 omittenda
3054 3149 3299 3217 negmia,
3326 3163 3435 3217 quo
3468 3146 3559 3200 his

272 3234 630 3305 ὑϐρίζοντας,
676 3235 846 3288 πλείω
880 3234 1254 3305 κεκτημένους
1304 3234 1489 3301 ἀγαθὰ
1548 3231 1644 3285 τοῦ
1703 3250 1872 3303 προσ-

1982 3238 2189 3306 majora
2218 3242 2503 3310 suspicias.
2537 3240 2619 3295 De
2647 3242 2845 3310 quibus
2868 3255 3003 3296 sane
3028 3256 3130 3311 ego
3156 3239 3288 3294 illud
3357 3237 3556 3296 sentio.

273 3328 534 3397 ήκοντος.
581 3327 670 3391 Ὠς
693 3327 739 3380 δ’
775 3328 893 3381 ἐστὶ
930 3327 1105 3380 ταῦτα
1136 3326 1357 3389 δυνατὰ,
1382 3326 1515 3397 ἐμὸν
1541 3326 1701 3399 ἔργον
1729 3325 1872 3381 διδά-

1981 3328 2034 3382 in
2059 3329 2174 3384 haec
2206 3331 2313 3386 duo
2342 3333 2705 3401 potissimum,
2729 3334 2940 3389 caeteris
2954 3333 3208 3388 omnibus
3229 3331 3565 3401 praetermis-

275 3415 369 3480 ξαι
394 3417 531 3488 περὶ
558 3418 739 3471 αὐτῶν
767 3419 939 3472 ἐστίν.

1980 3421 2076 3485 sis,
2150 3436 2272 3477 esse
2322 3425 2420 3479 tibi
2502 3426 2947 3493 incnmbendum,
3007 3435 3068 3481 ut
3128 3424 3347 3480 Graacos
3414 3421 3571 3475 hisce

275 3508 461 3575 bellis,
514 3525 581 3566 ac
633 3511 889 3574 miseriis.
934 3512 1256 3580 quibuscum
1306 3512 1465 3567 hodie
1508 3512 1913 3579 conﬂictantur,
1971 3514 2221 3572 liberes:
2265 3526 2429 3581 utque
2460 3518 2815 3573 barbarorum
2878 3532 3136 3574 coerceas
3199 3514 3569 3575 insolentiam,
3676 3526 3677 3529 ‘

277 3605 371 3671 qui
403 3604 517 3672 jam
575 3603 843 3673 pluribus,
890 3618 1051 3673 quam
1095 3619 1192 3674 par
1236 3605 1328 3671 sit,
1371 3604 1531 3660 bonis
1569 3604 1864 3660 abundant.
1897 3603 1953 3661 ld
1985 3621 2167 3663 autem
2199 3609 2422 3664 confieri
2462 3624 2641 3679 posse,
2678 3624 2829 3666 meas
2877 3619 3060 3681 partes
3087 3609 3220 3665 duxi
3254 3618 3572 3664 commone-

276 3696 485 3753 facere.

995 3788 1118 3844 ΡΞ’.

278 3883 569 3950 Χορικιου
595 3881 894 3962 Σρςοέ-στρῦ
909 3882 1081 3962 λόγοι
1101 3880 1398 3962 διάςρρροι,
1422 3882 1520 3961 καὶ
1544 3885 1886 3962 Προκοπίορ

354 3951 664 4020 σοφιστοῦ
708 3951 905 4020 Γάζης
945 3953 1178 4021 στίχων
1216 3951 1540 4021 Ὁμηρικῶν
1574 3954 1889 4024 Μεταφρά-

352 4038 515 4087 σεις.
832 4049 844 4067 .

350 4113 488 4187 [3'56
522 4112 617 4185 R.]
636 4113 977 4187 Ἀνεγνώσθη
996 4116 1255 4189 Χορικίου
1283 4117 1538 4188 σοφιστοῦ
1560 4117 1740 4187 Γάζης
1763 4120 1877 4172 Meo

282 4209 457 4260 ,λέται
482 4206 583 4260 καὶ
603 4206 931 4274 Συντάξεις
951 4209 1151 4279 λόγων
1177 4209 1470 4279 διάφοροι.
1505 4204 1671 4273 Οὗτος
1704 4210 1885 4281 χαίρει
1910 4270 1917 4277 κ

288 4296 393 4367 μὲν
416 4297 709 4379 εὖκρινείᾳ
750 4300 846 4352 καὶ
881 4299 1237 4372 καθαρότητι,
1274 4305 1353 4366 εἰς
1396 4302 1460 4355 τὸ
1510 4303 1784 4374 χρήσιμον
1829 4302 1885 4355 δὲ

288 4390 387 4442 καὶ
431 4391 503 4459 τῇ
553 4388 815 4462 περιϐολῇ
862 4392 1200 4462 κεχρημένος
1244 4392 1321 4465 τῷ
1384 4411 1443 4447 τε
1504 4395 1751 4465 εὐκαίρῳ
1791 4394 1886 4447 καὶ

2706 3788 2867 3846 CLX.

1986 3878 2219 3953 Chorigii
2251 3880 2513 3953 Sophiste
2548 3880 2959 3934 declamationes
3006 3881 3188 3953 varia,
3240 3890 3291 3934 et
3328 3878 3577 3947 Procopii

2130 3949 2744 4007 Cawi'llornericorum
2777 3969 3019 4006 versuum
3047 3949 3431 4020 Metuphrases.

2055 4109 2237 4168 Lecta:
2260 4119 2391 4165 sunt
2422 4109 2665 4165 Choricii
2701 4109 2973 4179 Sophista:
3000 4108 3182 4164 Gazzci
3216 4107 3576 4163 Declamatio-

1994 4222 2082 4259 nes
2143 4204 2556 4272 Orationumque
2603 4202 2800 4257 classes
2858 4204 3022 4256 varia:
3070 4200 3205 4272 (67)).
3252 4200 3463 4255 Gaudet
3491 4202 3579 4255 hic

1994 4303 2251 4351 accurata
2275 4296 2621 4350 distinctione
2666 4303 2827 4363 atque
2866 4293 3107 4361 puritate
3142 4309 3155 4345 :
3189 4307 3253 4346 ac
3286 4293 3331 4346 si
3361 4292 3579 4360 quando

1997 4388 2247 4442 utilitatis
2286 4388 2514 4456 alicujus
2561 4386 2732 4456 gratia
2760 4386 2923 4440 etiam
2964 4383 3442 4438 circnmdnctione
3475 4383 3581 4435 uiti-

287 4480 368 4552 τῷ
386 4480 437 4512 ⁸⁵
478 4480 557 4552 μὴ
585 4484 665 4545 εἰς
688 4483 864 4553 μῆκος
892 4485 1147 4555 περιόδου
1184 4485 1389 4552 ταύτην
1416 4486 1773 4555 παρατείνειν
1797 4486 1872 4538 ού-

1999 4490 2103 4546 tur,
2185 4488 2293 4533 tam
2359 4494 2480 4533 eam
2560 4486 2861 4546 opportune
2935 4475 3179 4542 adhibet,
3240 4474 3293 4527 in
3368 4473 3578 4543 periodi

289 4573 379 4627 δὲν
431 4576 501 4645 τῇ
540 4575 811 4646 σαφηνείᾳ
866 4574 1208 4646 λυμαίνεται,
1250 4577 1370 4647 ἤθει
1419 4594 1478 4630 τε
1523 4577 1618 4631 καὶ
1664 4576 1892 4647 ἀληθείᾳ

293 4666 712 4738 συγκέκραται,
760 4666 881 4719 οὐδὲ
939 4668 1038 4737 τῆς
1099 4667 1512 4738 γνωμολογικῆς
1559 4666 1605 4701 ⁸⁵
1656 4665 1891 4735 σπουδῆς

293 4758 571 4829 ἀστοχῶν.
590 4758 654 4811 Ἦ
684 4758 740 4811 δέ
771 4775 835 4826 γε
870 4759 1011 4824 λέξις
1039 4758 1188 4829 αὐτῷ
1219 4760 1329 4811 τῶν
1364 4759 1604 4839 λργὰδων
1627 4758 1763 4829 [175
1794 4754 1887 4827 η]

293 4848 434 4903 οὖσα
469 4850 531 4901 ὲν
569 4848 786 4912 πολλοῖς
814 4849 915 4901 οὐκ
942 4849 1031 4901 ἀεὶ
1061 4849 1120 4902 τὸ
1148 4850 1370 4920 γνήσιον
1391 4848 1579 4901 διώκει
1612 4865 1626 4879 ο
1653 4848 1769 4900 ἐσθ’
1796 4849 1887 4900 ὅτε

296 4942 407 5013 γὰρ
436 4941 531 4995 διὰ
575 4940 676 5011 τὴν
722 4942 963 5011 ἄκρατον
992 4940 1093 5010 τῆς
1135 4941 1346 5011 τροπῆς
1390 4941 1437 4973 ⁸⁸
1485 4939 1763 5010 ἐκτροπὴν
1807 4941 1895 5001 εἰς

295 5032 671 5105 ψυχρολογίαν
693 5034 970 5089 ἐκπίπτει.
1002 5034 1110 5086 Καὶ
1139 5033 1272 5102 πρὸς
1298 5033 1360 5085 τὸ
1384 5033 1813 5103 ποιητικώτερον
1840 5031 1896 5083 δὲ

301 5127 453 5179 ἔστιν
501 5119 565 5179 οὗ
624 5125 1029 5196 παρασύρεται.
1082 5112 1372 5194 Χρῆσιμος
1422 5124 1479 5176 δέ
1530 5126 1681 5175 ἐστιν
1735 5122 1898 5185 αὐτὸς

302 5217 504 5272 ἑαυτοῦ
549 5218 750 5287 μᾶλλον
806 5219 1107 5285 ἐκφράσεις
1156 5216 1252 5267 καὶ
1306 5214 1559 5286 ἐγκώμια
1611 5214 1897 5284 διερχόμε-

305 5330 397 5375 νος
424 5312 495 5366 ⁸⁷.
532 5314 688 5364 Ἔστι
714 5311 770 5364 δὲ
793 5311 888 5364 καὶ
913 5311 1010 5378 τῆς
1040 5310 1327 5372 εὐσεϐείας
1360 5310 1620 5380 ἐραστὴς,
1663 5310 1730 5360 τὰ
1761 5308 1899 5376 Χρι-

308 5403 545 5458 στιανῶν
602 5403 768 5475 ὄργια
824 5403 921 5457 καὶ
969 5401 1176 5472 τεμένη
1225 5400 1402 5472 τιμῶν
1433 5417 1447 5431 ·
1498 5400 1641 5470 πλὴν
1676 5399 1775 5451 οὐκ
1804 5392 1900 5451 οἷδ’

1999 4571 2391 4640 longitudinem
2430 4584 2771 4639 nequaquam
2803 4567 3163 4629 excurrendo,
3193 4565 3327 4619 nihil
3361 4574 3419 4618 nt
3452 4579 3579 4633 per-

1992 4663 2333 4732 spicuitatem
2371 4661 2548 4714 laedat.
2583 4659 2763 4714 Mitior
2793 4660 2919 4713 item
2973 4658 3200 4711 affectus
3228 4657 3369 4725 apud
3406 4659 3578 4723 ipsum

1990 4755 2212 4824 egregio
2255 4755 2496 4807 catulore
2546 4761 2903 4820 temperatur,
2940 4765 3113 4817 neque
3167 4760 3344 4802 tamen
3379 4750 3499 4801 ideo
3548 4764 3579 4800 ει

1995 4849 2152 4900 docta
2186 4845 2395 4899 ret-edit
2426 4844 2731 4911 diligentia.
2783 4841 3012 4895 Selectis
3050 4842 3220 4892 utitur
3265 4838 3584 4908 plermntute

2001 4937 2245 5001 vocibus,
2271 4936 2376 4989 etsi
2418 4950 2528 4987 non
2560 4948 2777 5000 semper
2805 4930 3097 5001 genuinum
3145 4929 3247 4984 illae
3278 4944 3435 4982 snmn
3470 4943 3588 4983 ser-

2004 5040 2131 5082 vent
2179 5044 2354 5081 usum.
2408 5026 2680 5079 Interdum
2719 5026 2861 5077 enim
2911 5023 2981 5078 ob
3041 5023 3236 5075 mulam
3294 5022 3589 5090 figurarum

2003 5120 2357 5174 deﬂexinncnt
2403 5120 2455 5171 in
2509 5116 2762 5181 frigidam
2810 5117 2998 5169 incidit
3045 5115 3375 5168 dictionem:
3427 5121 3595 5169 etest

2008 5213 2099 5266 ubi
2149 5213 2216 5266 ad
2271 5211 2545 5279 poeticum
2593 5209 2774 5277 potius
2816 5210 3017 5279 stylnrn
3069 5205 3363 5261 delabitur.
3416 5202 3595 5257 Vincit

2008 5313 2187 5357 autem
2224 5303 2484 5370 scipsmn,
2518 5300 2970 5370 praestantiorqne
3003 5313 3110 5362 est,
3139 5303 3264 5353 dum
3307 5301 3357 5352 in
3387 5298 3591 5352 descri-

2014 5395 2294 5465 ptionibus
2325 5411 2389 5449 ηε
2412 5393 2825 5449 laudationibus
2842 5404 3109 5450 versatur.
3133 5391 3431 5463 Religionis
3461 5390 3589 5445 item

1636 5537 1875 5595 VARUE
1915 5537 2317 5594 LECTIONES.

382 5634 434 5672 “
462 5635 542 5709 τῷ
571 5646 691 5707 post
712 5636 808 5690 καὶ
834 5651 945 5692 om.
970 5638 1033 5690 A.
1112 5636 1158 5669 ⁸⁵
1187 5630 1534 5706 γνωμονικῆς
1555 5633 1595 5687 C
1620 5648 1683 5696 ς.
1756 5630 1803 5663 ⁸⁸
1826 5628 2141 5701 προτροπῆς
2165 5644 2226 5695 ς.
2305 5626 2347 5663 ⁸⁷
2380 5625 2786 5699 διεξερχόμενος
2822 5644 2883 5692 ς.

1802 5741 2037 5800 ΝυΤᾹΣ.

395 5842 508 5914 (63)
560 5843 847 5908 Συπθταῆεις
876 5845 1062 5916 quales
1097 5859 1217 5901 mox
1248 5854 1488 5914 qumque
1520 5848 1893 5897 nuutcruutur.
