4090 6480
504 424 612 490 443
709 483 714 487 .

1634 428 1898 491 PHOTII
1928 425 2430 490 PATRIARClLE
2462 425 2568 486 CP.

3633 414 3748 480 444

507 547 720 595 amans,
767 531 1197 589 Christianorum
1242 549 1398 589 sacra
1445 536 1689 604 ritusque
1745 547 2076 592 veneratur:

2203 535 2330 598 ἱπως
2374 533 2653 604 ὀλιγώρως
2697 531 2792 585 καὶ
2844 531 2986 602 λόγῳ
3023 529 3120 585 σὺν
3172 530 3350 586 οὐδενὶ
3399 529 3602 602 μύθους
3653 532 3765 587 καὶ

510 624 614 678 nisi
648 625 791 687 quod
825 625 1012 678 nescio
1033 641 1137 694 qua
1157 627 1496 695 negligentia,
1531 638 1582 682 et
1612 629 1730 682 sine
1763 629 1865 680 ulla
1897 643 2080 691 causa,

509 730 633 768 cum
688 714 907 768 minime
953 715 1130 779 decet,
1155 715 1363 771 fabulas
1411 718 1774 785 historiaeque
1800 717 2080 787 gentilium

511 804 728 871 Scriptis
783 803 895 856 suis
938 803 1285 858 admisceat:
1331 805 1597 858 interdum
1646 804 1809 858 etiatn
1852 819 1973 856 cum
2018 805 2086 856 de

513 897 674 947 rebus
728 894 899 948 sacris
937 895 1177 950 disserit.
1223 893 1382 948 Varia
1423 904 1602 949 autem
1641 895 1979 963 plurimaque
2018 893 2086 946 ab

515 987 609 1040 illo
673 986 980 1040 litterarum
1033 987 1395 1041 monumentis
1453 985 1662 1054 prodita
1737 985 1788 1037 in
1837 983 2086 1036 manibus

515 1088 822 1133 versantur.
864 1077 1125 1146 Reperias
1164 1078 1307 1131 enim
1339 1077 1454 1145 ejus
1499 1075 1748 1129 lictorum
1781 1073 1895 1142 (64)
1925 1087 2085 1142 argu-

516 1180 820 1226 mentorum
851 1171 1123 1224 orationes
1151 1171 1500 1240 panegyricas
1528 1166 1662 1238 (65),
1692 1165 2086 1227 lamentabiles,

518 1260 804 1327 nuptiales,
862 1259 1252 1323 refutationes,
1289 1270 1341 1312 et
1379 1259 1428 1312 id
1473 1273 1644 1327 genus
1674 1256 1796 1310 alia.
1837 1254 2087 1324 Equalis

519 1351 621 1404 fuit
664 1349 957 1404 Justiniani
1011 1350 1263 1420 Augusti,
1317 1349 1611 1416 discipulus
1655 1363 1785 1402 vero
1839 1345 2088 1411 Procopii

519 1440 754 1493 rhetoris
803 1439 932 1509 (non
971 1439 1111 1492 illius
1159 1437 1269 1509 (66)
1299 1437 1646 1491 Caesariensis
1678 1436 1876 1506 tamen)
1898 1436 2090 1505 103a

523 1530 682 1583 unius
724 1546 754 1584 e
793 1531 1018 1584 summis
1061 1529 1187 1583 viris
1224 1547 1237 1583 :
1285 1529 1372 1596 qui
1423 1528 1751 1598 temporibus
1783 1528 1888 1580 illis
1925 1527 2091 1580 multa

521 1629 578 1674 et
641 1621 790 1673 utilia
855 1621 1178 1684 scribendo,
1238 1628 1550 1687 perpetuam
1621 1621 1702 1672 sui
1775 1618 2090 1671 memoriam

523 1710 832 1764 hominibus
884 1710 1156 1778 paululum
1202 1709 1364 1762 modo
1405 1707 1815 1762 humanioribus
1855 1708 2091 1775 reliquit.

2186 625 2425 694 ἱστορίας
2471 624 2806 694 Ἑλληνικάς,
2837 624 2896 675 οὐ
2929 622 3048 676 δέον
3092 622 3158 684 ⁸⁸,
3185 621 3618 691 ἐγκαταμίγνυσι
3642 623 3763 685 τοῖς

2183 715 2378 770 ἐαυτοῦ
2413 714 2842 786 συγγράμμασιν
2883 714 3009 787 [557
3045 713 3142 786 IL]
3185 713 3328 767 ἐστιν
3359 714 3448 768 ὅτε
3479 714 3574 767 καὶ
3613 715 3762 784 ίερο-

2183 807 2379 876 λογῶν.
2403 807 2630 860 Ποικίλα
2651 806 2707 860 δὲ
2728 806 2893 860 αὐτοῦ
2915 807 3009 859 καὶ
3031 805 3204 860 πολλὰ
3229 803 3637 876 συγγράμματα
3663 802 3766 872 φέο

2188 916 2342 970 ρεται
2369 899 2808 969 ’πλασματικοίς
2838 914 2898 950 τε
2939 897 3044 970 γὰρ
3085 897 3181 950 καὶ
3221 898 3618 968 πανηγυρικοῖς
3659 893 3766 948 καὶ

2189 987 2478 1058 μονῳδίαις
2505 989 2598 1040 καὶ
2627 987 3013 1058 ἐπιθαλαμίοις
3039 989 3134 1041 καὶ¹
3158 988 3564 1058 ἀντιρῤητικοῖς
3607 984 3766 1038 ἔστιν

2187 1079 2350 1132 αὑτοῦ
2376 1078 2556 1147 λόγοις
2585 1080 2822 1149 ἐντυχεῖν
2849 1081 2942 1132 καὶ
2965 1078 3225 1140 τοιούτοις
3251 1078 3477 1148 ἑτέροις.
3500 1078 3767 1145 Ἦκμασε

2186 1171 2243 1224 δέ
2274 1171 2331 1222 ἐν
2355 1173 2467 1234 τοῖς
2505 1170 2882 1224 Ἰουστινιανοῦ
2922 1171 3155 1242 χρόνοις.
3190 1172 3384 1240 Γέγονε
3420 1171 3475 1225 δὲ
3508 1169 3772 1242 μαθητὴς

2190 1259 2495 1330 Προκοπίου
2531 1261 2778 1331 ῥήτορος,
2809 1260 2928 1324 ἐνὸς
2957 1261 3067 1314 τῶν
3118 1262 3378 1333 ἀρίστων,
3407 1263 3469 1316 οὐ
3505 1261 3600 1314 τοῦ
3624 1263 3772 1315 Και-

2191 1351 2399 1420 σαρέως
2422 1350 2497 1414 δὲ,
2528 1350 2586 1413 ὃς
2609 1351 2690 1412 είς
2724 1352 2865 1421 μέγα
2894 1353 3082 1423 κτῆμα
3108 1353 3200 1407 καὶ
3222 1353 3414 1423 ὄφελος
3435 1353 3556 1408 κατ’
3585 1354 3770 1407 ἐκεῖνο

2190 1440 2384 1510 καιροῦ
2405 1440 2504 1504 τὰς
2535 1443 2813 1512 ἱστορικὰς
2833 1443 2878 1474 ⁸⁸
2906 1442 3126 1513 γραφάς
3152 1443 3417 1510 συντάξας
3431 1444 3770 1516 ἀείμνηστον

2191 1530 2355 1585 αὐτοῦ
2389 1531 2543 1594 κλέος
2565 1535 2677 1596 τοῖς
2709 1532 3148 1604 σπουδαιοτέροις
3180 1534 3570 1588 καταλέλοιπεν
3604 1551 3620 1565 ⁶
3647 1535 3773 1587 ἐτέ-

2193 1643 2272 1694 ρῳ
2297 1625 2352 1677 δέ
2405 1642 2512 1677 τινι
2562 1625 2979 1696 προσωμίλησεν
3027 1628 3084 1678 ἐν
3113 1629 3179 1698 τῇ
3212 1627 3346 1698 αὑτῇ
3405 1626 3630 1696 πατρίδι
3669 1627 3774 1679 xui.

2193 1716 2340 1785 αὐτῷ
2377 1716 2590 1784 λαχόντι
2625 1718 2988 1785 σοφιστεύειν,
3025 1719 3083 1781 ὃς
3111 1719 3205 1771 καὶ
3235 1721 3313 1782 εἰς
3342 1720 3518 1790 γῆρας
3561 1717 3772 1780 ἐλάσας

523 1799 711 1852 Altero
741 1798 852 1867 (67)
899 1799 1024 1851 item
1059 1800 1110 1851 itt
1140 1814 1203 1852 ea
1236 1800 1347 1866 ipsa
1389 1814 1484 1852 sua
1519 1798 1690 1865 patria
1715 1799 1934 1850 doctore
1964 1810 2093 1848 usus

2203 1806 2367 1877 ἡδέως
2407 1803 2555 1877 εἶχεν
2583 1809 2715 1878 όρᾷν
2745 1807 2862 1861 ἀνθ’
2894 1807 3087 1861 ἑαυτοῦ
3107 1811 3198 1862 τὸν
3231 1809 3493 1880 ὁμιλητὴν
3519 1809 3620 1879 τῆς
3645 1826 3777 1878 σχο-

522 1902 627 1954 θει,
660 1893 884 1958 perinde
916 1892 1148 1954 rhetore,
1189 1893 1272 1944 cui
1297 1893 1406 1958 jam
1445 1901 1604 1943 astate
1634 1888 1825 1942 alfecta
1851 1889 2093 1955 gratissi—

2203 1865 2295 1967 λῆς
2330 1865 2710 1970 ἐξηγούμενον.
2737 1899 2940 1952 Τούτου
2969 1901 3116 1968 λόγοι
3144 1865 3393 1952 πολλοίώ
3407 1865 3467 1953 τὲ
3495 1865 3777 1954 καί-πεῖν-

524 2000 669 2038 mum
725 1986 920 2040 accidit
966 1985 1289 2052 discipulum
1328 2000 1482 2037 suum
1525 1985 1710 2037 videre
1745 1984 1966 2037 docendi
1996 1997 2092 2050 pro

2203 1989 2422 2042 τοδαποὶ
2450 1991 2726 2060 φέρονται,
2749 1990 2897 2054 ἄξιον
2919 1990 3086 2060 ζήλου
3115 1993 3210 2043 καὶ
3240 1993 3523 2063 μιμήσεως
3554 1991 3774 2061 χρῆμα,

523 2092 584 2132 se
638 2093 832 2132 munus
877 2087 1250 2144 occupantem.
1301 2074 1469 2140 Hujus
1513 2090 1729 2143 quoque
1782 2073 1901 2127 libri
1941 2071 2094 2126 multi

2203 2082 2294 2134 καὶ
2324 2081 2387 2150 δὴ
2414 2082 2505 2133 καὶ
2538 2080 2740 2150 βιϐλίον
2777 2083 2918 2148 ὅλον,
2959 2083 3186 2151 στίχων
3228 2079 3558 2150 Ὁμηρικῶν
3584 2084 3779 2136 Μετα-

524 2171 637 2239 (68)
671 2171 940 2239 variarque
965 2169 1225 2222 doctrina:
1253 2165 1734 2229 circumferuntur,
1762 2165 1898 2218 lectu
1926 2175 2094 2234 atque

2203 2171 2453 2242 φράσεις
2484 2173 2563 2231 είς
2597 2173 2847 2234 ποικίλας
2878 2172 3054 2240 λόγων
3091 2172 3234 2235 ἰδέας
3271 2171 3780 2243 ἐκμεμορφωμέναι

527 2263 828 2316 imitatione
858 2262 1024 2328 digni.
1064 2261 1157 2313 Est
1191 2259 1317 2311 item
1350 2258 1483 2311 liber
1517 2257 1631 2324 ejus
1665 2258 1873 2324 integer
1908 2256 2100 2311 Home-

2203 2263 2258 2314 αἳ
2288 2261 2520 2330 μάλιστα
2549 2261 2646 2330 τὴν
2674 2261 2767 2313 τοῦ
2807 2262 3000 2332 ἀνδρὸς
3043 2262 3176 2331 περ).
3209 2260 3502 2332 ῥητορικὴν
3541 2260 3781 2328 δύναμιν

527 2354 756 2406 ricorum
813 2367 1053 2405 versuum
1109 2349 1468 2417 Illelaplirases
1501 2349 1635 2418 (69),
1675 2348 1842 2402 variis
1889 2348 2100 2402 dicendi

2204 2355 2302 2406 καὶ
2336 2353 2565 2422 μελέτην
2603 2354 2785 2406 ἱκαναὶ
2821 2354 3124 2422 πεφύκασιν
3151 2354 3515 2422 ἀπαγγέλλειν
3545 2371 3559 2384 ·
3592 2347 3654 2406 οὗ
3691 2370 3780 2404 τι·

529 2444 721 2498 formis
751 2452 1116 2505 commutatae,
1152 2457 1270 2507 qua:
1297 2457 1564 2493 summam
1608 2440 1705 2492 viri
1735 2454 1860 2492 cum
1891 2440 2100 2494 dicendi

2205 2461 2312 2507 νος,
2339 2444 2412 2506 ὡς
2434 2443 2548 2496 ἔστι
2568 2443 2789 2496 δυνατὸν
2821 2445 3056 2514 μαθητῇ,
3082 2445 3334 2514 Χορίκιος
3363 2443 3606 2513 μιμητὴς
3632 2443 3784 2495 κατὰ

529 2533 866 2598 facultatem,
931 2543 1040 2585 tum
1099 2529 1481 2584 declamitandi
1536 2531 1640 2582 vim
1701 2531 1837 2583 satis
1895 2545 1990 2598 per
2047 2545 2100 2585 se

2204 2537 2331 2598 τοὺς
2359 2535 2547 2602 λόγους
2567 2535 2808 2602 γέγονεν.
2845 2537 3046 2604 ’Ἄμφω
3065 2536 3119 2588 δὲ
3148 2536 3316 2606 ήστην
3351 2534 3648 2597 εὐσεϐέε⁹¹,
3679 2534 3783 2585 καὶ

529 2634 732 2692 queant
774 2625 1078 2686 ostendere,
1127 2638 1288 2691 quam
1351 2623 1624 2682 virtutem,
1687 2623 1859 2689 quoad
1907 2623 2022 2691 ejus
2069 2637 2099 2676 a

2208 2627 2476 2697 πολλαχοῦ
2505 2631 2616 2691 τοίς
2663 2627 2839 2695 λόγοις
2885 2627 3084 2692 αὐτῶν,
3135 2629 3256 2681 οὐδὲ
3286 2628 3600 2698 παρέργως,
3645 2625 3784 2693 περὶ

530 2715 796 2782 discipulo
826 2714 940 2768 ﬁeri
987 2721 1180 2783 potest,
1223 2714 1273 2765 in
1309 2712 1657 2767 Orationibus
1687 2712 1972 2767 Choricius
2005 2729 2100 2768 ex-

2203 2719 2302 2788 τῆς
2337 2720 2489 2787 ἱερᾶς
2533 2717 2908 2790 εἰκονουργίας
2955 2719 3432 2789 διαλαμϐάνουσιν.
3488 2719 3681 2785 Γέγονε
3722 2716 3786 2768 δὲ

532 2808 750 2876 pressit.
786 2806 1028 2876 Uterque
1063 2806 1185 2874 pius
1215 2816 1317 2869 est,
1359 2818 1422 2856 ac
1461 2819 1829 2872 saepenumero
1879 2805 1932 2856 itt
1988 2805 2100 2859 suis

2203 2810 2446 2882 Χορικίῳ
2496 2811 2592 2865 καὶ
2643 2813 2675 2883 ἡ
2723 2809 2819 2864 τοῦ
2854 2810 3177 2866 διδασκάλου
3228 2812 3453 2883 τελευτὴ
3487 2808 3785 2878 ἐπιταφίου

531 2899 894 2965 orationibus,
943 2914 1116 2967 neque
1163 2897 1259 2952 abs
1312 2914 1387 2959 re,
1439 2897 1504 2950 de
1545 2910 1700 2948 sacro
1738 2896 2100 2950 faciendarum
2205 2901 2484 2966 ὑπόθεσις.

534 2992 824 3060 imaginum
905 3008 1000 3046 usu
1038 2993 1334 3047 disserunt.
1389 2991 1467 3045 Ex
1511 2988 1766 3060 Procopii
1816 3005 1943 3045 vero
1989 2997 2337 3064 prmeeptoris
2417 2998 2572 3054 obitu
2622 3000 2883 3072 epitaphii
2968 3005 3342 3069 argumentum
3398 2994 3649 3049 Choricio
3697 3004 3788 3048 est

533 3086 795 3142 oblatum.

1216 3175 1400 3232 CLXI.
2856 3179 3009 3236 ΡΞΑ.

709 3271 926 3342 Sopatri
963 3272 1341 3336 Excerptorum
1375 3270 1638 3323 variorum
1668 3268 1790 3322 libri
1821 3284 1919 3323 xu.

2284 3271 2606 3342 Σωπάτρου
2633 3273 2907 3342 Ἐκλογαὶ
2941 3272 3212 3343 διάφοροι
3235 3271 3307 3325 ἐν
3328 3270 3591 3335 βιϐλίοις
3617 3270 3714 3333 ιβ’.

606 3367 788 3421 Lecta:
814 3375 940 3418 sunt
983 3361 1193 3432 Eclogce
1233 3363 1392 3415 varia:
1435 3361 1689 3413 doctrina.-
1722 3359 1875 3414 lihris
1904 3359 2100 3414 duode-

2293 3363 2736 3437 ’Δνεγνὼσθησαν
2779 3366 3053 3436 Ἐκλογαὶ
3076 3364 3347 3434 διάφοροι
3379 3364 3438 3416 ἐν
3471 3362 3697 3429 βιϐλίοις
3725 3363 3777 3394 ⁹¹

537 3458 644 3515 cim
698 3455 918 3524 Sopatri
987 3454 1244 3525 sophista:
1298 3451 1431 3521 (70).
1497 3451 1724 3521 Collegit
1781 3461 1958 3506 autent
2012 3453 2100 3506 hoc

2215 3457 2280 3526 ιβ’
2341 3457 2638 3528 Σωπάτρου
2692 3457 2970 3526 σοφιστοῦ.
3030 3455 3378 3509 Συνείλεκται
3428 3456 3486 3508 δὲ
3535 3453 3686 3524 αὐτῷ
3730 3453 3797 3505 τὸ

538 3566 678 3620 opus
706 3565 736 3603 e
767 3549 950 3602 multis
983 3557 1040 3600 et
1083 3545 1316 3599 diversis
1356 3545 1652 3608 historicis,
1682 3556 1843 3612 atque
1880 3546 2110 3612 scripto-

539 3645 709 3698 ribus.
743 3640 955 3694 Primtts
987 3639 1168 3706 itaque
1196 3637 1332 3690 liber
1361 3639 1425 3690 de
1451 3635 1710 3690 fabulosis
1738 3636 1974 3702 gentium
2011 3634 2114 3688 diis

540 3735 676 3803 agit.
730 3732 907 3784 Electa
967 3729 1082 3782 haec
1129 3743 1194 3782 ex
1249 3727 1555 3796 Apollodori
1601 3726 1711 3796 (7|)
1769 3723 1904 3777 lihro
1957 3726 2114 3779 tertio

546 3825 622 3878 De
664 3823 790 3883 diis,
825 3820 915 3889 qui
968 3819 1141 3889 patria
1187 3818 1534 3872 Atheniensis
1584 3816 1986 3884 grammaticam
2021 3817 2116 3869 do-

540 3915 676 3972 cuit.
709 3911 821 3968 Nec
857 3928 983 3965 vero
1015 3927 1044 3965 e
1084 3911 1248 3964 tertio
1287 3911 1551 3964 duntaxat
1580 3909 1717 3962 libro
1749 3908 1862 3962 haec
1895 3905 2113 3976 selegit;

543 4011 639 4067 sed
682 4019 737 4063 et
763 4025 794 4063 e
835 4018 1054 4077 quarto,
1086 4007 1296 4076 quinto,
1337 4021 1399 4059 ac
1447 4021 1610 4060 nono.
1658 4003 1790 4057 ltem
1839 4017 1870 4057 e
1918 4003 2114 4072 primo,

545 4100 886 4166 duodecimo,
921 4101 1130 4154 decimo
1155 4098 1363 4168 quinto,
1395 4108 1448 4152 et
1494 4097 1704 4151 decimo
1744 4107 1918 4157 sexto,
1951 4109 2118 4164 usque

545 4193 614 4246 ad
668 4201 917 4260 quartum
972 4201 1026 4246 et
1080 4191 1412 4244 vicesimum.
1463 4187 1669 4255 Quibus
1737 4188 2116 4254 collectaneis,

547 4298 669 4351 qua:
699 4282 766 4335 de
797 4282 896 4336 diis
940 4281 1184 4334 fabulose
1227 4280 1347 4334 licta
1402 4289 1550 4343 sunt,
1593 4293 1820 4348 quaeque
1865 4277 2120 4330 historice

547 4383 863 4434 narrantur,
889 4371 1264 4440 complectitur
1291 4372 1564 4434 universa,
1591 4379 1649 4421 ut
1673 4378 1727 4422 et
1754 4368 1820 4422 de
1845 4368 2116 4432 heroibus,

548 4478 614 4518 ac
660 4462 936 4517 Dioscuris
985 4462 1135 4532 (7‘2),
1178 4462 1244 4517 de
1293 4463 1358 4515 iis
1404 4463 1552 4524 item,
1600 4459 1688 4528 qni
1733 4459 1870 4526 apud
1921 4457 2121 4513 inferos

2216 3547 2418 3618 βιϐλίον
2471 3549 2535 3601 ἐκ
2596 3547 2805 3601 πολλῶν
2868 3549 2965 3602 καὶ
3041 3547 3313 3616 διαφόρων
3384 3543 3633 3616 ἱστοριῶν
3694 3545 3798 3596 καὶ

2213 3638 2578 3708 γραμμάτων.
2608 3638 2682 3691 Τὸ
2713 3638 2810 3708 μὲν
2835 3634 2927 3691 οὖν
2955 3638 3173 3709 πρῶτον
3198 3636 3327 3705 περὶ
3376 3635 3486 3687 τῶν
3540 3632 3798 3702 παρ”ἓλ-

2214 3729 2338 3798 λησι
2379 3729 2862 3800 μυθολογουμένων
2914 3729 3065 3781 Θεῶν
3113 3727 3468 3796 διαλαμϐάνει
3496 3741 3511 3756 ·
3546 3724 3575 3778 δ
3613 3725 3798 3776 συνεί-

2215 3822 2402 3874 λεκται
2431 3823 2494 3873 ἐκ
2522 3821 2629 3873 τῶν
2671 3819 3073 3890 Ἀπολλοδώρου
3135 3819 3274 3887 Περὶ
3335 3813 3496 3871 Θεῶν
3549 3813 3599 3885 γ’
3632 3815 3798 3884 λόγου

2219 3915 2532 3984 (Ἀθηναῖος
2559 3913 2616 3966 δὲ
2650 3914 2677 3964 ὁ
2718 3911 3136 3981 Ἀπολλόδωρος,
3165 3911 3259 3963 καὶ
3288 3907 3672 3981 γραμματικὸς
3693 3907 3799 3976 τὴν

2217 4006 2454 4076 τέχνην).
2477 4007 2590 4059 Οὐκ
2613 4007 2677 4057 ἐκ
2714 4004 2808 4058 τοῦ
2834 4005 3019 4075 τρίτου
3052 4003 3109 4056 δὲ
3138 4003 3296 4074 μόνον
3322 4003 3355 4072 ἡ
3386 4001 3609 4070 διαλογὴ
3643 3998 3800 4069 αὐτῷ

2220 4097 2533 4167 πεποίηται,
2569 4095 2705 4148 am
2752 4094 2816 4165 δὴ
2850 4098 2944 4149 καὶ
2972 4096 3036 4147 ἐκ
3057 4091 3099 4148 δ’
3127 4095 3220 4147 καὶ
3244 4099 3283 4144 ε’
3321 4093 3415 4146 καὶ
3443 4090 3509 4157 θ’,
3535 4089 3630 4143 τοῦ
3661 4106 3719 4142 τε
3753 4089 3800 4120 ⁹³

2219 4186 2268 4238 α’
2296 4185 2456 4240 πάλιν
2490 4187 2582 4238 καὶ
2619 4186 2682 4254 ιβ’
2713 4191 2774 4237 ιε’
2807 4185 2853 4215 ’⁸
2880 4201 2938 4236 τε
2968 4184 3062 4237 καὶ
3100 4188 3173 4248 ις’
3207 4183 3251 4214 ⁸³
3270 4182 3363 4233 καὶ
3385 4179 3546 4250 μέχρι
3568 4177 3660 4230 τοῦ
3687 4177 3798 4232 κδ’.

2234 4274 2320 4326 Ἐν
2421 4273 2650 4344 συλλογῇ
2692 4273 2762 4326 τά
2798 4291 2857 4325 τε
2917 4271 3161 4342 μυθικῶς
3203 4271 3330 4343 περὶ
3372 4268 3509 4322 θεῶν
3535 4267 3580 4300 ⁹⁶
3611 4267 3806 4320 διαπε-

2223 4365 2527 4435 πλασμένα,
2569 4366 2660 4418 καὶ
2689 4364 2743 4416 εἴ
2791 4382 2844 4417 τι
2889 4364 3012 4417 καθ’
3045 4360 3288 4432 ἱστορίαν
3316 4361 3551 4432 εἴρηται,
3587 4359 3802 4429 περιεί-

2220 4457 2382 4526 ληφε,
2416 4456 2544 4527 περί
2571 4475 2629 4509 τε
2661 4456 2769 4508 τῶν
2798 4458 2929 4525 παρ’
2958 4456 3142 4518 αὐτοῖς
3177 4453 3374 4524 ἡρώων
3418 4453 3512 4506 καὶ
3542 4449 3800 4503 Διοσκούο

547 4555 779 4624 degunt,
839 4553 1050 4621 aliaque
1109 4552 1159 4605 id
1214 4567 1381 4621 genus
1437 4551 1687 4618 plurima.
1737 4547 1955 4614 Colligit
2009 4549 2100 4602 haec

2226 4563 2334 4614 ρων
2354 4584 2368 4604 ,
2405 4546 2498 4598 καὶ
2552 4547 2681 4616 περὶ
2712 4547 2820 4598 τῶν
2854 4548 2913 4598 ἐν
2941 4545 3112 4610 ἁϊδου,
3143 4545 3236 4598 κα)⁸
3276 4545 3375 4596 ὅσα
3416 4542 3801 4614 παραπλήσια.

550 4659 768 4715 quoque
816 4660 847 4700 e
885 4644 1120 4700 secundo
1173 4643 1311 4698 libro
1357 4641 1506 4694 .lubae
1544 4640 1656 4709 (7'5)
1693 4638 1767 4692 De
1807 4639 2034 4709 ρίειιινα,
2068 4647 2121 4692 et

2235 4637 2353 4689 Ἔτι
2382 4638 2440 4690 δέ
2489 4639 2583 4691 καὶ
2633 4638 2971 4692 συνείλεκται
3004 4637 3154 4708 αὐτῷ
3179 4639 3214 4709 ή
3264 4635 3444 4707 βίϐλος
3491 4635 3588 4689 καὶ
3614 4636 3679 4688 ἐκ
3707 4633 3806 4687 τοῦ

1853 4794 2086 4849 VARUE
2125 4793 2526 4850 LECTIONES.

629 4897 676 4930 ⁸⁸
701 4896 819 4950 δέον
841 4896 899 4948 ὅν
928 4895 1048 4962 ἐγκ.
1081 4911 1142 4957 ς.
1214 4891 1265 4962 ίθῗ
1300 4888 1578 4958 ἱστορικὰς
1601 4888 1721 4962 add.
1752 4889 1819 4943 A.
1899 4888 1944 4920 '°
1970 4887 2120 4962 λόγοι
2154 4885 2856 4962 πολλοίῙνίιιηΒοίεεοηευι.
2890 4887 2955 4940 ad
2987 4885 3184 4962 ΜξινίιιΓ
3213 4899 3266 4952 p.
3294 4883 3380 4938 76.
3444 4885 3502 4962 ’θ’
3541 4899 3597 4935 εε
3629 4882 3682 4962 in
3712 4880 3808 4962 εύ-

555 4967 711 5020 σεϐἐε
739 4982 882 5020 corr.
915 4961 978 5019 A.
1080 4966 1124 4996 ³³
1169 4961 1374 5034 βίϐλοις
1416 4963 1482 5016 A.

549 5039 597 5070 ’δ
627 5035 784 5109 θεῶν]
805 5037 1006 5089 αὐτῶν.
1048 5035 1116 5088 Α.

1591 4960 1636 4992 ³³
1659 4975 1721 5013 τε
1754 4966 1875 5029 post
1903 4956 1997 5010 τοῦ
2024 4971 2138 5012 om.
2170 4957 2236 5011 A.

2339 4951 2386 4991 ⁵³
2417 4976 2474 5012 νε
2501 4960 2542 5012 Α
2580 4977 2594 5011 :
2626 4961 2719 5012 καὶ
2756 4963 2821 5011 ιε’
2854 4975 2917 5022 ς’.
3015 4957 3061 4988 ’⁸
3095 4956 3192 5008 καὶ
3219 4951 3346 5009 ξηιῑο
3389 4952 3552 5025 μέχρι
3578 4952 3706 5006 addo
3740 4951 3806 5002 Αο

2055 5158 2291 5216 ΝΟΤᾸΕ.

629 5266 739 5337 (64)
774 5261 1075 5337 Μονῳδίας,
1106 5273 1241 5326 quas
1274 5255 1527 5337 describit
1553 5254 1767 5337 Suidas,
1797 5253 2012 5322 aliique.

627 5325 742 5408 (65)
772 5325 965 5408 Quem
993 5325 1253 5408 litasti-em
1288 5327 1483 5408 S_t.t.itlas
1517 5325 1778 5408 notniuat.

629 5393 842 5473 (GGiUt
895 5401 1252 5454 Historiarum
1318 5397 1520 5460 libros,
1573 5396 1640 5449 de
1699 5393 1896 5464 quibus
1978 5407 2126 5462 supr.

552 5475 1050 5616 coci67gsi’rocopio
1084 5537 1295 5616 Ganeo,
1327 5533 1569 5616 exilii};
1599 5532 1858 5616 Marqunii
1900 5532 2128 5587 scbolio.

657 5604 746 5681 68)
779 5613 924 5676 Quos
953 5604 1274 5681 habesinl‘r.
1309 5606 1429 5681 cod.
1457 5604 1570 5681 206
1597 5616 1649 5658 et
1681 5605 1803 5681 207.

657 5619 746 5681 68)
779 5619 924 5676 Quos
953 5619 1117 5661 habes
1151 5619 1274 5659 Inlr.
1309 5619 1429 5658 con.
1466 5619 1570 5657 200
1597 5619 1649 5658 et
1681 5619 1803 5657 ‘ZUI.

633 5619 749 5757 i69)
784 5683 1003 5757 Qualem
1034 5677 1318 5757 scripsisse
1346 5677 1629 5757 Doriottcm
1656 5673 1898 5757 meminit
1921 5671 2129 5757 Seneca

564 5744 754 5811 rhetor
808 5744 1034 5808 Suasor.
1087 5762 1123 5812 ι,
1171 5748 1238 5803 ad
1298 5761 1456 5816 quem
1507 5745 1680 5801 locum
1740 5744 1920 5816 plures
1977 5750 2133 5795 nola-

565 5841 760 5882 \‘llllllS.

2309 5247 2420 5317 (70)
2459 5248 2626 5313 Quem
2672 5245 2824 5301 Snid.
2869 5245 3284 5313 Apameensem,
3322 5241 3439 5295 sive
3480 5239 3811 5293 Alexandri-

2235 5335 2362 5374 num
2401 5320 2576 5384 potius
2612 5327 2781 5385 ptttat.

2334 5377 2420 5458 7|)
2464 5391 2555 5440 list
2600 5377 2987 5458 liujus_tnent_io
3023 5381 3151 5458 i_t_il‘r_.
3187 5380 3306 5458 cod.
3338 5378 3464 5458 .186,
3507 5379 3559 5430 in
3597 5377 3814 5458 litie._et

2237 5448 2725 5521 inl’rolegontctiis
2759 5456 2956 5511 Bened.
3001 5451 3144 5520 .Egii
3191 5451 3257 5503 ad
3303 5450 3542 5519 ejusdem
3585 5448 3812 5515 Apollo-

2237 5531 2352 5586 dori
2387 5529 2792 5581 Biblimhecatn.

2311 5599 2421 5665 ('72)
2460 5596 2705 5656 Castore,
2737 5606 2790 5648 et
2822 5594 3054 5665 Polluce.

2309 5657 2420 5739 (75)
2455 5665 2595 5735 Legi:
2635 5665 2876 5739 Δεοιιὶιιειιιι
2924 5665 2992 5739 de
3019 5663 3147 5739 _ho_e_
3177 5672 3364 5739 regum
3399 5657 3728 5739 doctissimo
3764 5665 3818 5714 et

2241 5729 2423 5798 multis
2453 5729 2816 5796 eruditissime
2849 5733 3063 5802 scriptis
3098 5731 3247 5786 libris
3277 5729 3606 5784 clarissimo.
