3964 6400
218 390 310 454 M5

1277 387 1804 450 BIBLIOTHECA.
1834 415 1906 427 -
1937 391 2102 454 COD.
2139 392 2342 456 CLXI.

3343 384 3451 454 446

217 495 442 566 δευτέρου
469 493 622 562 λόγου
639 492 750 548 τῶν
769 492 816 526 ’⁷
843 492 984 562 Περί
1023 493 1319 565 γραφικῆς
1350 497 1509 559 Ἰόϐα,
1538 497 1635 551 καὶ
1659 496 1768 568 μὴν

1894 515 2000 555 ὀι-ο
2032 502 2196 556 etiam
2237 516 2304 556 ex
2335 499 2581 556 Διιποηωί
2615 499 2944 556 Naucratitte
2969 499 3064 556 lilii
3099 499 3452 572 Dipnosophi-

218 590 298 644 καὶ
323 587 366 620 ’⁸
394 586 456 639 ἐκ
482 585 589 639 τῶν
627 584 919 657 Ἀθηναίου
966 585 1062 640 τοῦ
1099 588 1486 660 Ναυκρατίτου
1530 593 1769 644 Δειπνο-

1869 595 1984 648 stis.
2030 593 2099 648 Et
2138 609 2206 648 ex
2242 594 2328 648 his
2376 593 2596 664 quidem
2651 595 2863 661 primus
2909 593 3046 648 liber
3094 595 3452 663 coutptisitus,

219 677 523 750 σοφιστῶν.
549 678 660 731 Καὶ
679 681 709 732 ό
743 679 842 750 μὲν
862 678 1082 750 πρῶτος
1102 679 1260 749 λόγος
1279 682 1343 734 ὲκ
1362 680 1568 736 τούτων
1583 683 1650 754 ἡθ
1658 683 1770 755 ροί-

1894 687 2320 755 antumdemque
2353 687 2782 758 comprehendit.

216 775 300 843 σοη
329 773 418 824 καὶ
449 771 571 824 τάδε
602 773 1024 843 περιλαμϐάνει.

284 865 337 918 '0
389 864 445 917 δὲ
485 862 736 934 δεύτερος
790 864 854 919 ἔκ
905 883 963 919 τε
1009 863 1117 919 τῶν
1151 865 1434 938 Σωτηρίδα
1475 866 1770 937 Παμφίλης

220 953 528 1024 Ἐπιτομῶν
559 955 776 1028 πρώτου
828 955 987 1026 λόγου
1045 961 1140 1012 καὶ
1189 959 1428 1029 καθεξῆς
1460 959 1622 1029 μέχρι
1675 958 1769 1011 τοῦ

211 1049 436 1113 δεκάτου,
456 1047 549 1101 καὶ
567 1045 696 1120 [176
723 1046 790 1119 Η]
817 1049 882 1102 ἐκ
908 1047 1020 1102 τῶν
1045 1049 1390 1120 ’Δρτέμωνος
1411 1049 1506 1102 τοῦ
1541 1049 1772 1120 Μάγνη-

211 1159 288 1205 τος
321 1139 439 1194 Τῶν
461 1140 591 1194 κατ’
622 1140 844 1210 ἀρετὴν
875 1141 1115 1210 γυναιξὶ
1145 1141 1772 1212 πεπραγματευμένων

211 1231 584 1302 διηγημάτων,
610 1231 766 1286 ἔτιδὲ
799 1231 896 1286 καὶ
927 1233 992 1286 ὲκ
1017 1232 1128 1286 τῶν
1151 1233 1436 1302 Διογένους
1465 1230 1560 1286 τοῦ
1601 1234 1771 1286 Κυνι-

213 1325 294 1379 κοῦ
331 1323 846 1394 Ἀκοφθετμάτωγ,
883 1325 980 1379 καὶ
1021 1323 1128 1395 μὴν
1160 1325 1258 1378 καὶ
1291 1323 1351 1388 ἐξ
1378 1323 1556 1378 ἄλλων
1581 1323 1773 1395 διαφό-

214 1435 322 1490 ρων,
351 1415 484 1470 ἀλλά
514 1433 582 1484 γε
614 1417 708 1470 καὶ
731 1416 838 1470 ἀπὸ
860 1417 1046 1496 ὀγδόου
1068 1416 1230 1486 λόγου
1265 1417 1312 1450 ⁸⁸
1341 1417 1444 1486 τῆς
1472 1414 1730 1486 Σαπφοῦς
1752 1431 1770 1449 ·

211 1514 258 1566 ἐν
279 1505 351 1573 οἷς
377 1509 473 1562 καὶ
498 1510 535 1580 ή
578 1507 811 1580 δευτέρα
842 1507 1027 1580 βίϐλος
1056 1508 1166 1562 τῶν
1194 1506 1491 1577 συλλόγων.

1942 870 2115 925 Aliter
2139 869 2336 925 deinde
2370 869 2508 925 liber
2541 884 2572 924 e
2604 867 2913 938 Pamphiles
2934 867 3044 939 (74)
3067 868 3332 925 Soteridze
3358 868 3454 925 lllii

1873 961 2242 1033 Epilomarum
2267 962 2410 1018 libro
2455 962 2654 1030 primo,
2687 977 2750 1016 ac
2777 961 3034 1029 deinceps
3077 961 3144 1014 ad
3185 962 3453 1016 decimum

1873 1071 2065 1126 usque,
2084 1065 2139 1112 et
2163 1073 2228 1112 ex
2256 1057 2569 1110 Artemonis
2619 1055 2885 1122 Magnetis
2915 1054 3008 1109 lilii
3042 1053 3455 1108 Narrationibus

1873 1149 1938 1202 de
1969 1160 2106 1202 recte
2142 1148 2300 1216 factis
2339 1147 2639 1202 mulierum.
2675 1149 2752 1202 Ad
2797 1148 2910 1202 haec
2944 1145 3109 1200 etiam
3143 1161 3174 1200 e
3207 1144 3458 1214 Diogenis

1873 1242 2064 1312 Cynici
2096 1241 2591 1310 Apophthegmatis,
2610 1239 2837 1308 aliisque
2865 1239 3115 1294 diversis.
3138 1237 3278 1306 Quin
3306 1247 3362 1294 et
3390 1251 3460 1292 ex

1873 1345 2067 1391 octavo
2089 1335 2228 1390 libro
2253 1333 2525 1405 Sapphus.
2548 1333 2678 1402 Qua:
2707 1333 2928 1389 secundi
2959 1331 3084 1388 libri
3127 1330 3460 1386 collectanea

1875 1437 2022 1484 ϐυιιῐ.

278 1693 330 1746 '0
357 1692 413 1747 δὲ
446 1693 636 1766 τρίτος
674 1693 834 1761 λόγος
867 1691 1188 1762 συλλέγεται
1231 1691 1382 1764 αὐτῷ
1412 1695 1476 1746 ἐκ
1525 1691 1623 1762 τῆς
1665 1692 1773 1744 Φα-

1952 1692 2141 1765 103b
2182 1693 2400 1748 Tertius
2450 1701 2561 1746 tum
2611 1690 2751 1747 liber
2816 1689 3016 1758 legitur
3065 1703 3134 1744 ex
3163 1686 3459 1758 Omnigena

211 1786 413 1856 ϐωρίνου
443 1785 850 1854 Παντοδαπῆς
871 1787 1055 1852 "mm;
1083 1787 1123 1850 ³,
1159 1784 1224 1838 ἐκ
1255 1803 1314 1839 τε
1349 1785 1443 1838 τοῦ
1469 1803 1497 1838 ν
1531 1785 1625 1839 καὶ
1641 1784 1773 1837 τοῦ³

1894 1785 2130 1840 Favorini
2164 1783 2315 1839 Silva
2354 1783 2488 1854 (75),
2523 1797 2590 1838 ex
2630 1784 2768 1853 ejus,
2801 1784 3045 1850 inquam,
3075 1779 3140 1845 Ν,
3169 1778 3231 1844 Ξ,
3273 1790 3329 1834 et
3371 1793 3461 1833 or-

211 1845 337 1942 ξιίαὶ
390 1877 650 1949 καθεξῆς,
684 1845 964 1950 πλὴν-τοῦ
1099 1845 1264 1950 μέχρι
1325 1878 1421 1932 τοῦ
1459 1897 1524 1944 ω,
1577 1881 1634 1931 ἐν
1688 1874 1770 1942 οἷς

1894 1880 2003 1934 line
2055 1845 2408 1947 sequentibus
2428 1845 2611 1941 ,μυιιο
2659 1845 2888 1944 excepto
2941 1873 3007 1937 T,
3055 1886 3229 1943 usque
3280 1871 3347 1926 ad
3397 1871 3460 1923 Ω.

209 1970 428 2039 διάψοροι
459 1971 699 2040 ἱστορίαι
729 1971 825 2024 καὶ
858 1971 969 2025 τῶν
1000 1972 1143 2026 κατὰ
1176 1972 1246 2024 τὰ
1294 1972 1536 2042 ὀνόματα
1571 1972 1776 2026 Θέσεων

1894 1973 2053 2028 Varia:
2095 1975 2182 2027 hic
2209 1971 2510 2026 ail'eruntur
2555 1971 2817 2032 historiae,
2860 1978 2914 2022 et
2950 1968 3330 2036 impositorum
3364 1980 3465 2019 no-

211 2059 505 2129 αἱτιολογέαι
545 2063 642 2115 καὶ
692 2062 919 2116 τοιαῦτα
963 2063 1130 2134 ἔτερα
1155 2080 1171 2096 ο
1213 2065 1294 2128 εἰς
1325 2063 1362 2120 ἃ.
1389 2064 1483 2118 καλ⁸
1521 2065 1550 2116 ό
1591 2064 1779 2134 τρίτος

1894 2069 2087 2121 minum
2129 2066 2391 2130 rationes,
2429 2075 2593 2134 atque
2633 2063 2685 2118 id
2730 2078 2898 2131 genus
2941 2061 3068 2128 alia,
3097 2061 3150 2115 in
3181 2073 3302 2130 quae
3337 2066 3464 2112 ter-

210 2152 332 2222 αὒτῷ
356 2154 794 2224 συμπεραίνεται
826 2155 1003 2224 λόγος.

1894 2165 1989 2218 Lins
2017 2160 2222 2216 desinit
2255 2161 2410 2214 liber.

274 2241 328 2296 ’0
353 2242 408 2296 δὲ
437 2242 709 2316 τέταρτος
739 2245 888 2317 αὐτῷ
914 2247 1072 2314 λόγος
1089 2237 1169 2299 ’ἐκ
1198 2263 1257 2300 τε
1279 2246 1658 2316 ἀνεπιγράφου
1684 2246 1781 2300 αὐ-

1953 2254 2194 2320 Quartns
2225 2263 2406 2306 autem
2451 2265 2517 2304 ex
2551 2247 2742 2302 incerti
2798 2245 3036 2299 auctoris
3073 2242 3212 2297 libro
3245 2241 3465 2297 concin-

210 2337 270 2408 τῷ
296 2337 500 2407 βιϐλίου
533 2339 900 2411 συνηθροίσθη
932 2340 1284 2410 (Θαυμὰτων
1316 2341 1376 2394 δὲ
1431 2340 1595 2410 μόνον
1653 2341 1778 2392 ἐπι-

1894 2359 2063 2412 natus,
2092 2345 2246 2412 cujus
2272 2343 2462 2398 titulus
2487 2349 2570 2396 est
2595 2357 2610 2394 :
2635 2338 3084 2392 Admirandorum
3109 2335 3464 2399 Collectanea,

209 2431 454 2501 γράφεται
481 2432 818 2503 Συνατωγὴ
835 2433 894 2485 τὺ
923 2432 1051 2505 [540
1083 2431 1179 2504 IL]
1211 2432 1438 2505 βιϐλίον)
1463 2434 1558 2486 καὶ
1577 2434 1642 2486 ἐκ
1673 2433 1783 2486 τῶν

1894 2449 1938 2496 et
1963 2455 2029 2495 ex
2060 2437 2374 2494 Aristoxeni
2411 2435 2526 2506 (76)
2559 2433 3018 2487 Miscellaneorum
3049 2426 3463 2489 commentariis,

207 2521 283 2574 τοῦ
324 2524 703 2593 Ἀριστοξένου
754 2527 1112 2595 Συμμίκτων
1171 2525 1654 2594 ὑπομνημάτων,
1682 2525 1784 2578 οὐκ

1894 2549 1950 2588 ac
2007 2548 2074 2588 ne
2128 2531 2195 2586 iis
2253 2529 2473 2599 quidem
2533 2525 2804 2587 omnibus,
2848 2525 2941 2577 sed
2991 2537 3021 2575 a
3065 2521 3276 2576 decimo
3311 2530 3466 2574 sexto

206 2618 259 2670 ἐκ
288 2617 506 2671 πάντων
547 2618 628 2683 δὲ,
670 2619 787 2672 ἀλλ’
817 2619 881 2672 ἐκ
929 2636 992 2687 γε
1039 2619 1135 2672 τοῦ
1186 2619 1576 2672 έκκαιδεκάτου
1624 2618 1784 2686 λόγου

1894 2627 2148 2681 duntaxat
2197 2623 2358 2687 lihro,
2401 2629 2566 2687 atque
2615 2632 2681 2671 ex
2732 2626 2924 2671 octavo
2971 2614 3110 2668 libro
3147 2611 3290 2676 Rnli,
3327 2609 3466 2663 Dra-

209 2709 373 2778 μόνου,
403 2711 501 2763 καὶ
535 2712 602 2763 ἐκ
633 2711 727 2764 τοῦ
757 2712 942 2780 ὀγδόου
971 2711 1131 2780 λόγου
1162 2711 1263 2782 τῆς
1299 2712 1319 2743 ³
1364 2711 1598 2781 Ῥούφου
1632 2715 1778 2779 Apa-

1894 2719 2094 2773 maticw
2139 2714 2416 2768 Historiae.
2464 2710 2564 2766 llic
2609 2707 2944 2763 incredibilia
2985 2715 3148 2775 atque
3190 2703 3464 2772 inopinata

202 2804 439 2872 μωικῆς
501 2807 816 2873 ἱστορίας·
850 2801 932 2867 οἷς
979 2805 1263 2876 παράδοξά
1310 2823 1370 2858 τε
1404 2807 1499 2859 καὶ
1543 2806 1784 2860 ἀπίθανα

1894 2808 2122 2862 maxime
2163 2804 2426 2873 reperias,
2459 2812 2654 2855 etcum
2699 2799 3088 2868 tragmdornm,
3118 2805 3228 2848 tum
3265 2808 3468 2848 οοιηωο

208 2895 420 2960 μάλιστα
446 2895 665 2948 ἔνεστιν
687 2896 708 2928 ⁸
735 2897 939 2966 εὑρεῖν,
969 2896 1063 2949 καὶ
1108 2897 1405 2968 τραγῳδῶν
1439 2897 1534 2950 καὶ
1579 2913 1784 2966 κωμῳ-

1894 2900 2080 2954 dorum
2122 2897 2268 2950 varia
2305 2904 2482 2963 gesta,
2513 2906 2814 2954 sermones,
2850 2890 3084 2957 vitaeque
3119 2887 3383 2948 instituta,
3413 2892 3470 2937 et

205 2986 293 3040 δῶν
340 2989 684 3058 διαφόρους⁵
742 2988 969 3060 πράξεις
1031 3006 1091 3042 τε
1143 2990 1238 3042 καὶ
1269 2989 1461 3055 λόγους
1495 2989 1598 3041 καὶ
1660 2991 1788 3041 ὲπι-

204 3081 525 3151 τηδεύματα,
558 3081 654 3134 καὶ
704 3080 912 3135 τοιαῦθ’
941 3082 1128 3152 ἕτερα.
1177 3079 1316 3134 Ἀλλ’
1351 3082 1410 3134 ἐν
1441 3080 1652 3144 τούτοις
1689 3080 1789 3152 μὲν

206 3172 285 3226 καὶ
335 3174 364 3225 ό
403 3171 699 3242 τέταρτος.

277 3263 331 3316 '0
366 3264 426 3315 δὲ
480 3265 742 3333 πέμπτος
788 3262 1077 3330 σύγκειται
1107 3261 1258 3334 αύτῷ
1292 3262 1356 3316 ἔκ
1391 3279 1452 3316 τε
1482 3262 1584 3332 τῆς
1627 3259 1784 3313 Ῥού-

207 3371 293 3422 φου
324 3353 649 3421 Μουσικῆς
700 3354 1000 3422 Ἱστορίας
1041 3353 1263 3423 πρώτου
1293 3355 1386 3406 καὶ
1411 3353 1665 3424 δευτέρου
1689 3352 1788 3406 καὶ

206 3446 373 3515 τρίτου
407 3447 626 3516 βιϐλίου
648 3439 692 3515 ᾧ
721 3447 1002 3516 τραγικῶν
1035 3463 1098 3499 τε
1123 3448 1218 3500 καὶ
1238 3447 1504 3516 κωμικῶν
1529 3446 1786 3517 ποικίλην

209 3536 433 3607 ἱστορίαν
459 3537 724 3606 εὑρήσεις
743 3553 756 3566 ·
781 3537 843 3589 οὐ
875 3537 1037 3607 μόνον
1060 3539 1080 3567 °
1108 3536 1186 3601 δὲ,
1221 3537 1357 3590 ἀλλὰ
1385 3539 1478 3590 καὶ
1521 3536 1791 3608 διθυραμο

206 3627 430 3680 ϐοποιῶν
479 3645 543 3681 τε
585 3628 680 3682 καὶ
727 3628 978 3698 αὐλητῶν
1013 3630 1110 3683 καὶ
1135 3629 1456 3701 κιθαρῳδῶν
1480 3672 1494 3696 ,
1522 3631 1788 3685 ἐπιθαλα-

209 3719 331 3788 μίων
379 3737 440 3774 τε
479 3719 644 3791 ᾠδῶν
670 3719 767 3773 καὶ
796 3721 1074 3791 ὑμεναίων
1103 3723 1198 3774 καὶ
1232 3723 1638 3794 ὑποχρημάτων
1679 3725 1788 3792 ὰφ-

206 3811 413 3878 ήγησιν,
439 3810 582 3881 περί
610 3827 669 3863 τε
693 3813 978 3883 ὀρχηστῶν
999 3813 1225 3867 καὶτῶν
1254 3813 1429 3868 ἄλλων
1454 3814 1565 3867 τῶν
1590 3817 1647 3867 ὲν
1679 3817 1790 3880 τοῖς

215 3903 548 3975 Ἑλληνικοῖς
593 3904 848 3975 Θεάτροις
906 3905 1350 3974 ἀγωνιζομένων,
1405 3907 1529 3959 ὅθεν
1591 3923 1653 3960 τε
1694 3905 1791 3960 καὶ

205 3996 339 4060 ὅπως
381 3998 434 4050 oi
493 3995 708 4049 τούτων
743 3997 836 4050 ἐπὶ
891 3995 1037 4066 μέγα
1092 3997 1252 4059 κλέος
1283 3999 1415 4068 παρ’
1444 3998 1632 4061 αὐτοῖς
1664 3998 1792 4051 ἀνα·

207 4085 501 4156 δραμόντες
547 4087 863 4154 γεγόνασιν,
888 4089 998 4140 εἴτε
1031 4087 1262 4159 ἄρρενες
1289 4087 1400 4141 εἴτε
1426 4090 1522 4143 καὶ
1549 4090 1650 4160 τὴν
1697 4089 1792 4161 θή-

205 4177 341 4230 λείαν
369 4178 546 4248 φύσιν
603 4177 1084 4248 διεκληρώσαντο·
1149 4180 1294 4244 τίνες
1344 4199 1404 4234 τε
1471 4182 1632 4236 τίνων
1671 4184 1792 4236 ἐπι-

206 4269 560 4337 τηδευμάτων
588 4269 732 4339 ἀρχὴ
769 4269 1199 4341 διεγνὼσθησαν,
1237 4271 1331 4324 καὶ
1360 4270 1568 4324 τούτων
1593 4271 1650 4325 δὲ
1705 4272 1790 4324 τί-

205 4375 284 4422 νες
308 4361 596 4430 τυράννων
625 4359 658 4430 ἢ
691 4359 957 4428 βασιλέων
987 4362 1216 4430 ἐρασταὶ
1247 4364 1342 4416 καὶ
1381 4362 1528 4430 φίλοι
1557 4363 1790 4431 γεγόνα-

210 4460 285 4497 σιν
315 4462 330 4477 °
369 4448 434 4500 οὐ
472 4449 584 4518 μὴν
614 4448 751 4501 ἀλλὰ
783 4449 880 4501 καλ⁸
930 4450 1076 4514 τινες
1105 4467 1167 4504 τε
1189 4454 1237 4504 οί
1263 4453 1474 4520 ἀγῶνες
1510 4453 1606 4506 καὶ
1635 4453 1788 4520 ὅθεν,

1810 3199 1857 3260 C

1887 2987 2107 3053 similia,
2144 3003 2208 3043 ex
2244 2986 2442 3058 quibus
2475 2991 2707 3054 quartus
2740 2981 2876 3036 liber
2910 2978 3218 3035 coniicitur.

1960 3253 2196 3322 Quintus
2240 3265 2371 3306 vero
2414 3246 2677 3305 collectus
2720 3260 2752 3300 ο
2799 3242 2924 3298 Rufi
2971 3239 3195 3296 Musirw
3240 3237 3475 3292 historia:

1888 3347 2044 3403 libris
2099 3344 2296 3415 primo,
2345 3339 2608 3404 secundo,
2652 3347 2709 3394 et
2751 3336 2932 3402 tertio,
2981 3333 3070 3387 ubi
3119 3333 3473 3403 tragicorum,

1887 3456 1950 3493 ac
1980 3440 2318 3494 comicorum
2367 3435 2574 3490 variam
2615 3431 2858 3487 invenies
2900 3426 3204 3482 historiam.
3239 3423 3377 3491 Quin
3420 3431 3477 3476 et

1888 3533 2266 3604 dithyrambos
2295 3527 2655 3584 scribentium
2678 3566 2694 3593 ,
2725 3533 2780 3579 et
2819 3522 3161 3578 aulaadorum
3201 3534 3265 3573 ac
3299 3517 3476 3573 citha-

1889 3629 2190 3691 roedorum,
2224 3620 2810 3694 epithalamiorumque
2841 3615 3168 3679 carminum,
3196 3622 3252 3667 et
3288 3611 3477 3682 hyme-

1890 3734 2156 3783 tneorum,
2193 3725 2354 3784 atque
2401 3712 2796 3768 cantilenarum
2845 3708 2898 3762 in
2939 3706 3137 3762 chorea
3183 3716 3473 3757 enumera-

1889 3813 2113 3865 tionem.
2146 3805 2277 3861 ltem
2308 3805 2376 3860 de
2403 3801 2776 3864 saltatoribns,
2809 3799 3040 3868 aliisque
3075 3796 3127 3850 in
3157 3793 3473 3850 Graecorum

1893 3903 2126 3960 theatris
2167 3900 2385 3954 usitatis
2420 3893 2836 3953 certaminibus.
2875 3891 3028 3946 Unde
3066 3889 3220 3953 item,
3265 3894 3320 3940 et
3369 3897 3476 3953 quo

1891 4009 2092 4066 genere
2117 3993 2228 4047 nati
2256 3991 2480 4056 fuerint,
2502 3989 2593 4057 qui
2625 3986 2766 4056 apud
2795 3984 2941 4054 ipsos
2963 3979 3063 4035 viri
3090 3979 3205 4034 sive
3237 3974 3474 4040 femlttm,

1890 4091 1956 4145 ad
1976 4102 2254 4144 summum
2286 4085 2339 4139 in
2374 4084 2458 4138 his
2479 4083 2642 4137 decus
2665 4072 3290 4150 pervenerunt.Qninam
3312 4069 3475 4124 etiam

1890 4179 2229 4250 singulorum
2278 4183 2534 4230 auctores
2572 4187 2636 4228 ac
2673 4169 2947 4242 principes
2982 4165 3284 4221 studiorum
3307 4161 3478 4216 exsti-

1891 4274 2059 4328 terint
2090 4287 2107 4328 :
2143 4279 2196 4325 et
2239 4267 2332 4338 qui
2368 4267 2564 4321 horum
2599 4262 2816 4333 regibus
2845 4268 2938 4313 ant
2968 4255 3386 4328 imperatoribus
3417 4252 3471 4305 in

1893 4365 2123 4430 deliciis,
2154 4372 2210 4417 et
2239 4359 2403 4415 amici
2438 4356 2663 4412 fuerint.
2697 4353 2810 4409 lloc
2852 4351 3102 4421 amplius,
3132 4349 3222 4418 qui
3260 4345 3391 4409 ludl,
3416 4352 3472 4398 et

1895 4455 2064 4520 unde,
2102 4452 2154 4506 in
2191 4451 2386 4521 quibus
2421 4455 2594 4502 artem
2635 4446 2869 4514 quisque
2906 4455 3059 4497 suam
3099 4438 3356 4493 ostendit.
3405 4435 3478 4488 De

205 4537 257 4589 ἐν
283 4532 362 4602 οἷς
390 4539 635 4602 ἕκαστος
660 4539 728 4591 τὰ
758 4540 859 4609 τῆς
893 4542 1090 4613 τέχνης
1117 4545 1485 4598 ἐπεδείκνυτο.
1515 4545 1628 4600 Καὶ
1655 4547 1784 4617 περὶ

1900 4548 2057 4602 festis
2083 4558 2300 4614 quoque
2325 4540 2540 4604 diebus,
2572 4538 2665 4608 qtti
2712 4552 2741 4589 a
2789 4545 2898 4589 toto
2931 4529 3244 4586 Atheniensi
3281 4526 3478 4596 populo

206 4629 400 4697 ἑορτῶν
425 4631 508 4696 δὲ,
533 4632 658 4684 ὅσαι
681 4634 956 4704 πάνδημοι
998 4639 1110 4699 τοῖς
1150 4637 1475 4706 Ἀθηναίοις.
1513 4638 1699 4692 Ταῦτα
1723 4639 1788 4710 δὴ

207 4721 398 4786 πάντα,
433 4724 532 4776 καὶ⁵
585 4722 639 4776 ei
672 4742 724 4776 τι
761 4726 967 4795 ὅμοιον,
998 4728 1026 4780 ό
1053 4727 1302 4800 πέμπτος
1353 4730 1790 4800 ἀναγινώσκοντι

207 4827 282 4865 σοι
303 4815 656 4885 παραστήσει
675 4815 854 4883 λόγος.

279 4905 337 4958 Ὁ
367 4905 428 4958 δὲ
467 4905 629 4970 ἕκτος
674 4908 826 4979 αὐτῷ
889 4909 1154 4981 συνελέγη
1185 4911 1342 4981 λόγος
1369 4912 1432 4966 ἐκ
1478 4931 1538 4967 τε
1573 4916 1745 4986 αὐτῆς
1769 4919 1789 4950 ⁷

213 4992 443 5068 Ῥούφου
477 5001 799 5070 Μουσικῆς
827 5004 1052 5067 ,βίϐλου
1085 5006 1347 5077 πέμπτης
1371 5006 1467 5059 καὶ
1500 5009 1792 5078 τετάρτης,

1898 4640 2268 4695 celebrantur.
2308 4635 2434 4690 Haec
2475 4633 2640 4702 igitur
2665 4630 2868 4693 omnia,
2897 4636 2953 4682 et
2983 4626 3028 4679 si
3063 4623 3192 4694 quid
3226 4621 3314 4676 bis
3340 4620 3479 4676 forte

1895 4732 2095 4798 simile,
2124 4730 2426 4800 legentibus
2459 4728 2682 4797 quintus
2712 4723 2868 4786 liber,
2919 4718 3156 4776 exhibet.

1967 4913 2168 4968 Sextus
2209 4912 2276 4965 ab
2314 4909 2412 4966 illo
2444 4908 2705 4963 collectus
2748 4906 2908 4969 liber,
2941 4918 3009 4958 ex
3057 4900 3300 4972 ejusdem
3355 4897 3478 4952 lluli

1896 5005 2122 5061 Mus-ica:
2157 5003 2393 5058 historia:
2427 5002 2569 5056 libro
2598 5009 2816 5068 quarto,
2847 5005 2902 5052 et
2929 4994 3140 5064 quinto.
3174 4990 3479 5045 Tibicinnnt

205 5088 453 5162 αὐλητῶν
481 5093 538 5146 δὲ
570 5097 665 5147 καὶ
712 5095 1048 5166 αὐλημάτων
1097 5099 1381 5169 ἀφήγησιν
1439 5100 1574 5170 ἔχει,
1603 5101 1784 5171 ἄνδρες

1894 5112 2047 5160 vero,
2083 5105 2137 5150 et
2163 5095 2490 5158 carminum,
2521 5107 2640 5160 quae
2675 5088 2756 5142 vel
2791 5102 2820 5141 a
2861 5086 3020 5150 viris,
3058 5084 3142 5138 vel
3187 5097 3216 5136 a
3265 5081 3482 5136 feminis

205 5197 259 5235 τε
286 5183 389 5238 ὅσα
419 5185 671 5259 ηὕλησαν
709 5189 803 5242 καὶ
839 5189 905 5261 δὴ
936 5191 1031 5243 καὶ
1078 5193 1357 5258 γυναῖκες.
1392 5194 1504 5246 Καὶ
1541 5193 1793 5262 Ὄμηρος

1897 5193 1963 5243 ad
1998 5188 2185 5243 tibiam
2215 5193 2433 5240 cantata
2467 5183 2642 5247 luere,
2668 5178 2910 5235 narratio
2939 5177 3266 5234 instituitur.
3293 5173 3480 5229 Home-

1500 5325 1736 5382 VARIXE
1774 5320 2160 5379 LECTlONES
2205 5361 2218 5374 .

303 5413 350 5487 ξτ
385 5412 646 5487 navigas
679 5414 744 5468 A.

209 5479 231 5514 ⁸
259 5483 356 5548 τῆς
387 5483 486 5536 τοῦ
505 5479 616 5540 ’”Ρ.
643 5504 704 5550 ς’.

209 5551 371 5606 αὐτοῦ
398 5555 470 5612 Α.

846 5417 892 5448 ’⁸
928 5418 1022 5469 καὶ
1055 5427 1176 5472 ante
1214 5420 1276 5471 ἐκ
1322 5434 1432 5472 om.
1463 5423 1528 5472 Α.
1611 5421 1656 5451 ⁸⁸
1689 5418 1848 5485 λόγου
1883 5417 1972 5471 At}
2005 5435 2018 5469 :

823 5487 843 5516 ‘
877 5488 1116 5558 μάλιστα
1185 5489 1395 5542 ἔνεστιν
1424 5493 1463 5542 Α
1503 5507 1518 5544 :
1553 5488 1703 5542 ἔστιν
1871 5489 1892 5520 ³
1921 5481 2211 5558 διαφόρους
2241 5484 2366 5540 add.
2402 5481 2472 5536 Δ.

2435 5409 2453 5441 ¹
2492 5409 2666 5479 πύλης
2691 5406 2752 5461 C.
2836 5407 2865 5479 _'
2894 5405 3006 5479 τοῦΔ
3031 5411 3160 5479 ante
3193 5403 3484 5479 ξ-υιΙιΑΙκΛ,

2574 5481 2595 5512 ⁸
2622 5475 2789 5550 ’μόνον
2819 5477 2866 5532 Α
2899 5496 2913 5534 :
2949 5476 3060 5550 μὴν
3093 5475 3158 5532 τί.
3235 5475 3258 5510 ¹¹
3291 5476 3486 5546 αὐτῆςι

2108 5415 2252 5466 ίϐλου
2286 5428 2347 5475 ς’.

1743 5675 1975 5732 NOTAE.

278 5762 393 5834 (74)
433 5763 506 5816 De
537 5780 646 5834 quo
680 5766 844 5818 etiam
881 5765 1004 5820 infr.
1041 5765 1162 5820 cod.
1198 5763 1282 5823 75.
1317 5774 1369 5818 et
1410 5763 1562 5818 Suid.

284 5832 399 5904 (75)
448 5832 719 5891 Videndus
765 5835 832 5890 de
877 5837 981 5892 hoc
1021 5835 1238 5899 Snidas,
1279 5844 1331 5889 et
1386 5834 1636 5905 frequens
1679 5838 1793 5907 ejus

1899 5769 2038 5840 apud
2077 5769 2224 5840 Agel.
2261 5766 2484 5822 mentio.

1974 5840 2088 5907 (76)
2121 5833 2292 5906 Quem
2322 5840 2406 5895 vel
2435 5853 2505 5894 ex
2537 5833 2702 5894 Suida
2737 5833 2975 5890 noveris.
