3964 6450
387 397 504 465 M7

1562 406 1828 469 ΡΗΟΤΙΙ
1872 406 2070 468 PATR
2080 401 2384 464 [ΑΒΟΗᾸΞ
2420 401 2526 465 CP.

3581 393 3689 461 με

397 529 494 569 rus
543 514 696 578 item,
727 511 1014 577 Hesiodus,
1045 522 1103 570 et
1146 513 1510 571 Antimachus
1556 529 1753 587 pueta‘,
1796 516 1994 585 aliique

2120 512 2155 565 ἑὲ
2182 511 2332 582 αὐτῷ
2354 512 2452 566 κα)⁸
2485 509 2728 575 Ἡσίοδος
2756 511 2851 567 καὶ
2884 511 3213 583 Ἀντίμαχος
3241 511 3292 566 oi
3336 513 3565 583 ποιηταὶ
3590 514 3690 582 τῆς

396 605 617 674 plurimi
661 621 728 660 ex
783 607 888 662 hoc
939 617 1224 678 poetarum
1272 623 1494 680 genere,
1539 625 1790 680 tuaguam
1838 608 1998 676 hujus

398 695 734 750 narrationis
778 704 990 766 partem
1038 696 1304 754 efﬁciunt.
1347 697 1512 753 Addit
1550 713 1680 754 vero
1715 706 1770 752 et
1809 698 1876 752 de
1916 696 1998 752 fe-

400 787 567 842 minis
614 787 949 843 vaticinandi
1001 799 1120 844 arte
1168 790 1351 844 claris.
1394 790 1529 857 Qua:
1571 790 1726 856 item,
1756 800 1811 845 et
1854 793 1998 844 unde

400 879 559 935 dicta:
592 878 831 952 Sibyllae.
858 882 1036 952 Atque
1065 883 1179 937 haec
1208 883 1426 953 quidem
1453 900 1481 936 a
1513 884 1653 938 Rufo
1694 892 1993 938 mutuatur.

401 967 585 1026 Sumit
616 981 669 1026 et
696 987 726 1028 e
753 973 995 1028 secundo
1026 973 1164 1028 libro
1196 973 1388 1046 104a
1423 975 1767 1029 llalieuticon
1800 975 1996 1030 Damo-

403 1063 562 1118 strati
597 1064 734 1134 (77).
769 1063 910 1132 Quin
941 1074 997 1120 et
1025 1081 1090 1119 ex
1121 1064 1372 1137 Diogenis
1403 1065 1606 1121 Laertii
1649 1066 1722 1121 De
1759 1067 1998 1137 philoso-

402 1155 630 1226 phorum
661 1157 792 1221 rita,
820 1156 959 1211 libro
997 1158 1196 1228 primo,
1227 1159 1440 1226 quinto,
1482 1174 1648 1220 nono.
1680 1169 1736 1214 et
1761 1159 1998 1226 decimo,

417 1247 506 1302 ubi
561 1247 1008 1318 philosophorum
1070 1265 1157 1303 res
1217 1252 1464 1318 exponit.
1525 1248 1677 1306 Unde
1737 1251 2000 1306 nimirum

405 1347 535 1392 nata
585 1340 822 1409 primum
876 1340 1060 1394 divina
1120 1341 1208 1396 illa
1268 1357 1354 1396 res
1409 1343 1786 1412 pbilosOphia,
1835 1355 2003 1414 utque

404 1433 687 1505 viguerit:
721 1434 810 1504 qui
855 1451 1088 1506 quarum
1127 1443 1402 1490 sectarum
1444 1447 1698 1492 auctores
1742 1452 1808 1491 ac
1849 1437 2003 1506 prin-

404 1525 560 1595 cipes
605 1527 944 1590 exstiterint,
987 1541 1126 1594 quos
1169 1528 1401 1595 quisque
1448 1528 1529 1580 sui
1583 1529 1880 1590 studiosos,
1911 1536 2005 1582 aut

405 1618 546 1671 artis
587 1617 817 1671 forsitan
865 1618 1090 1672 annulus
1119 1618 1388 1680 habuerit.
1419 1634 1557 1688 quos
1593 1605 1789 1691 singuli
1824 1633 2004 1673 mores

409 1725 523 1781 pra:
571 1726 631 1765 se
681 1709 932 1776 tulerint,
979 1711 1122 1764 unde
1175 1725 1348 1780 genus
1396 1714 1681 1778 duxerint;
1729 1713 1888 1783 quale
1935 1715 2003 1768 ab

410 1804 571 1858 initio
614 1804 735 1859 vita:
779 1819 953 1875 genus
991 1805 1182 1858 sectati
1219 1805 1356 1872 sint,
1393 1805 1703 1875 quibusque
1744 1807 2005 1877 tempori-

2099 604 2410 674 διηγήσεως
2461 602 2650 673 μέρος,
2692 603 2921 656 καὶτῶν
2952 603 3130 658 ἄλλων
3168 603 3415 657 πλεῖστοι
3467 604 3576 657 τῶν
3608 607 3692 668 είς

2099 693 2259 746 τοῦτο
2309 692 2371 746 τὸ
2427 695 2582 762 γένος
2637 694 2746 747 τῶν
2777 695 3019 764 ποιητῶν
3067 697 3446 766 ἀναγομένων.
3489 697 3695 750 Ἕτιδὲ

2101 784 2196 837 καὶ
2226 786 2360 850 περ).
2407 785 2685 853 γυναικῶν
2736 787 3016 854 μαντικῶν
3055 788 3386 856 ἀναγράφει,
3428 787 3576 851 τίνες
3631 805 3694 840 τε

2101 876 2196 929 καὶ
2223 875 2348 930 ὅθεν
2386 878 2442 930 αί
2469 877 2804 948 καλούμεναι
2841 877 3118 943 Σίϐυλλαι,
3149 881 3246 934 καὶ
3273 879 3450 934 ταῦτα
3492 880 3592 949 μὲν
3617 881 3693 943 ὡς

2100 967 2209 1022 ἀπὸ
2266 967 2376 1020 τῶν
2413 967 2671 1037 Ῥούφου,
2722 969 3010 1038 σύγκειται
3063 971 3120 1024 δὲ
3161 970 3308 1040 αὑτῷ
3363 971 3461 1025 καὶ
3484 973 3552 1024 ἐκ
3581 969 3692 1024 τῶν

2101 1061 2491 1132 Δαμοστράτου
2531 1062 2916 1118 Ἀλιευτικῶν
2963 1064 3216 1134 δευτέρου
3251 1064 3412 1132 λόγου
3434 1064 3478 1129 ⁸,
3505 1063 3601 1117 καὶ
3630 1065 3694 1117 ἐκ

2101 1152 2211 1207 τῶν
2258 1154 2532 1225 Λαερτίου
2568 1156 2858 1224 Διογένους
2887 1159 3252 1226 Φιλοσόφων
3271 1158 3429 1221 βίων
3481 1157 3692 1228 βιϐλίου

2104 1243 2322 1314 πρώτου
2367 1246 2462 1298 καὶ
2519 1247 2777 1317 πέμπτου
2827 1248 3052 1301 ὲννάτου
3083 1265 3143 1301 τε
3169 1250 3190 1280 ³
3220 1249 3314 1302 καὶ
3355 1249 3606 1313 δεκάτου,
3636 1251 3694 1301 ὲν

2105 1330 2185 1398 οἷς
2207 1336 2276 1389 τά
2305 1338 2436 1408 περὶ
2466 1337 2576 1391 τῶν
2610 1338 2918 1408 φιλοσόφων
2950 1339 3232 1406 διέξεισιν,
3258 1340 3383 1394 ὅθεν
3412 1357 3472 1394 τε
3507 1339 3572 1394 τὸ
3603 1359 3696 1410 φι-

2105 1428 2366 1497 λοσοφίας
2430 1429 2575 1500 ἱερὸν
2622 1432 2814 1502 χρῆμα
2869 1430 2969 1502 τὴν
3015 1431 3192 1504 ἀρχὴν
3239 1431 3365 1502 ἔφυ,
3405 1432 3500 1486 καὶ
3543 1433 3700 1495 ὅπως

2105 1519 2347 1592 ἤκμασε,
2381 1521 2527 1585 τίνες
2555 1539 2614 1576 τε
2647 1521 2814 1577 τίνων
2840 1523 3107 1594 αἱρέσεων
3147 1523 3385 1596 ἀρχηγοὶ
3429 1525 3525 1579 καὶ
3561 1542 3702 1592 προ-

2109 1613 2302 1667 στάται
2359 1614 2723 1685 κατέστησαν,
2750 1614 2903 1679 τινας
2951 1632 3013 1668 τε
3073 1615 3232 1685 ἔσχον
3299 1617 3538 1687 ἐραστὰς
3605 1619 3706 1669 καὶ

2108 1707 2259 1772 τίνας
2309 1708 2658 1779 ἀντιτέχνους
2703 1709 2871 1774 τίνες,
2901 1710 3053 1764 ποῖόν
3082 1727 3141 1762 τε
3176 1710 3407 1773 ἕκαστος
3442 1709 3570 1782 ξΙἹἹ
3602 1709 3704 1782 11.]

2108 1801 2290 1855 αὐτῶν
2317 1801 2671 1855 ἐπεδείκνυτο
2704 1797 2858 1875 ἦθος,
2889 1803 2987 1855 καὶ
3031 1803 3196 1857 πόθεν
3231 1797 3382 1856 εἷλκε
3425 1803 3486 1856 τὸ
3515 1803 3706 1872 γένος,

411 1895 514 1949 bus
569 1895 874 1952 ﬂoruerint.
928 1895 1067 1952 Hinc
1115 1898 1180 1952 de
1233 1898 1566 1962 rhetoribus.
1621 1901 1892 1969 rebusque
1934 1901 2003 1955 ad

2120 1895 2201 1948 ttat
2223 1889 2335 1949 οἷον
2353 1896 2414 1948 τὸ
2435 1895 2494 1960 ἐξ
2510 1897 2688 1967 ἀρχῆς
2717 1896 3083 1967 ἐπιτήδευμα,
3109 1897 3207 1950 καὶ
3225 1896 3358 1950 πότε
3381 1895 3584 1967 καιροῦ
3603 1896 3714 1966 ἧκ-

409 1999 584 2043 artem
633 1988 849 2044 dicendi
895 1990 1322 2059 pertinentibus,
1359 2008 1427 2045 ex
1468 1994 1570 2046 hoc
1607 2007 1904 2063 cognoscas
1941 1992 2004 2046 li-

411 2081 512 2136 bro
542 2081 688 2135 licet.
721 2081 864 2136 Idem
897 2083 1064 2136 etiam
1094 2099 1157 2138 ex
1196 2081 1324 2137 IElii
1359 2083 1600 2154 Dionysii
1637 2083 1748 2155 (78)
1780 2085 2005 2155 scriptis

411 2173 492 2229 De
521 2173 850 2228 Alexandria
891 2177 1022 2229 urbe
1049 2177 1337 2246 decerptus
1369 2177 1528 2235 liber.
1554 2187 1607 2231 et
1641 2194 1706 2232 ex
1739 2176 2004 2233 Hellanici

413 2263 776 2336 ﬁgyptiacis.
807 2265 849 2319 Ε
876 2268 1078 2336 quibus
1112 2266 1199 2321 ubi
1245 2266 1489 2323 fabulosa
1521 2278 1575 2322 et
1602 2269 1792 2324 ﬁctilia
1835 2269 2003 2323 multa

413 2375 540 2416 cum
585 2361 820 2415 aliorum
873 2360 1004 2414 item
1051 2375 1249 2430 magna
1303 2362 1564 2418 varietate
1603 2361 1909 2432 collegeris,
1952 2361 2006 2416 in

416 2454 558 2508 sexti
594 2453 807 2508 tandem
837 2453 958 2509 libri
990 2464 1296 2510 extremum
1330 2455 1555 2512 incides.

495 2628 778 2698 Septimus
807 2642 993 2701 postea
1024 2631 1163 2686 liber
1189 2647 1254 2685 ex
1286 2629 1542 2686 llerodoti
1576 2629 1832 2688 Historia
1862 2630 2010 2687 velut

423 2736 456 2775 e
482 2720 706 2776 ﬂoribus
737 2721 1014 2792 eleganter
1044 2737 1109 2776 ac
1138 2723 1292 2778 varie
1321 2730 1606 2777 contextus
1635 2733 1738 2779 est.

495 2813 735 2869 Octavus
769 2824 950 2868 autem
993 2813 1131 2869 liber
1169 2825 1425 2883 excerpta
1471 2815 1718 2869 continet
1766 2829 1798 2870 e
1841 2814 2008 2869 veteri

419 2903 658 2976 quodam
678 2905 864 2960 codice
878 2903 1118 2974 (79),qui
1149 2905 1237 2958 ille
1257 2905 1390 2973 ipse,
1414 2907 1498 2960 cui
1529 2905 1836 2976 colligentis
1869 2907 2009 2961 ltutttl

423 3007 508 3051 est
542 2997 843 3068 ascriptum
879 3014 1095 3052 nomen.
1137 2998 1392 3054 chinas
1435 2999 1526 3053 hic
1565 3010 1836 3066 recenset,
1878 3017 2015 3069 qua-

423 3101 545 3145 rum
585 3090 814 3144 illustris
860 3091 1029 3160 gloria
1075 3091 1331 3162 famaque
1369 3104 1559 3147 esset:
1597 3094 1835 3146 virorum
1885 3093 2011 3147 item

2110 2004 2273 2058 μασε.
2303 1988 2416 2041 Καὶ
2436 1987 2566 2056 περὶ
2593 1987 2841 2059 ρητόρων
2865 1988 2921 2042 δὲ
2949 1989 3044 2042 καὶ
3077 1987 3375 2059 ῥητορικῆς
3414 1988 3484 2040 τὰ
3523 2004 3716 2058 παρα-

2107 2080 2314 2150 πλήσιά
2346 2097 2428 2133 σοι
2459 2080 2605 2133 ἔστιν
2631 2083 2843 2133 ἐκεῖθεν
2892 2079 3324 2150 ἀναλαμϐάνειν.
3367 2081 3488 2133 Ἔτι
3523 2078 3637 2150 μὴν
3667 2078 3714 2110 ¹⁶

2109 2171 2397 2237 σύγκειται
2448 2173 2477 2225 ὁ
2509 2173 2672 2235 αὐτὸς
2698 2173 2855 2241 λόγος
2899 2173 2996 2227 καὶ
3039 2175 3104 2226 ἐκ
3144 2174 3254 2226 τῶν
3284 2173 3469 2226 Αἰλίου
3500 2173 3632 2226 Δίου
3669 2174 3714 2203 ³⁸

2108 2263 2246 2333 Περὶ
2301 2247 2805 2332 Ἀλεξανδρείας,
2861 2266 2956 2317 καὶ
3007 2266 3071 2318 ἐκ
3116 2264 3227 2318 τῶν
3275 2262 3714 2334 Αἰγυπτιακῶν

2121 2353 2435 2408 Ἑλλανίκου
2473 2355 2516 2384 ³⁸
2543 2396 2559 2420 ,
2585 2355 2655 2407 δι’
2691 2347 2767 2407 ὧν
2820 2354 3026 2424 μυθικά
3074 2373 3133 2408 τε
3190 2357 3288 2408 καὶ
3341 2356 3720 2426 πλασματικά

2110 2445 2282 2499 πολλὰ
2309 2445 2582 2510 συλλέξας
2612 2446 2707 2499 καὶ
2743 2446 2978 2516 διάφορα
3007 2447 3173 2519 ἕτερα
3197 2448 3280 2510 είς
3307 2446 3371 2501 τὸ
3418 2449 3572 2510 τέλος
3609 2447 3718 2500 τοῦ

2109 2539 2270 2594 ἕκτου
2300 2539 2460 2608 λόγου
2493 2541 2877 2611 καταντήσεις.

2191 2633 2252 2686 '0
2280 2633 2337 2685 δὲ
2357 2631 2590 2701 ἕϐδομος
2613 2633 2764 2704 αὐτῷ
2791 2633 2950 2704 λόγος
2975 2633 3278 2706 διήνθισται
3309 2636 3374 2687 ἐκ
3400 2636 3501 2706 τῆς
3545 2633 3722 2704 Ἡρο-

2111 2724 2264 2779 δότου
2305 2724 2618 2791 Ἰστορίαςι

2192 2817 2252 2870 '0
2313 2817 2372 2870 δὲ
2426 2817 2611 2885 ὄγδοος
2670 2818 2734 2871 ἐκ
2783 2818 2953 2887 τόμου
2993 2818 3139 2881 τινδς
3175 2817 3407 2889 ἀρχαίου
3435 2833 3448 2846 ·
3482 2817 3726 2886 ὲκλογαὶ

2115 2909 2211 2965 καὶ
2261 2909 2394 2964 αὐτὸ
2454 2909 2716 2979 τυγχάνει
2762 2910 2823 2962 τὸ
2855 2910 3084 2979 βιϐλίον,
3112 2911 3214 2963 οὐκ
3243 2910 3368 2980 ἕχον
3401 2911 3726 2981 ἐπιγραφό-

2119 3019 2280 3074 μενον
2309 3002 2401 3056 τὸν
2436 3001 2834 3073 συνηθροικότα
2863 3019 2876 3032 ο
2920 3004 2977 3054 έν
3011 2997 3092 3064 οἷς
3122 3004 3223 3066 τὰς
3252 3005 3334 3067 εἰς
3363 3004 3507 3074 μέγα
3549 3004 3726 3070 δόξης

2116 3095 2215 3148 καὶ
2248 3095 2421 3164 ὄνομα
2447 3094 2703 3164 λαμπρὸν
2740 3094 3003 3164 ἁρθείσας
3056 3098 3326 3163 γυναῖκας
3389 3096 3723 3163 καταλέγει,

422 3185 782 3253 quorumdam
821 3183 1081 3252 pra'clare
1109 3194 1282 3254 gesta,
1315 3194 1369 3238 et
1401 3185 1468 3238 ab
1516 3186 1598 3238 liis
1644 3186 1889 3239 instituta
1926 3185 2011 3238 di-

2120 3189 2216 3241 καὶ
2246 3186 2458 3257 ἀνδρῶν
2491 3187 2651 3240 ἐνίων
2689 3186 2851 3256 ἔργα,
2885 3189 2978 3240 καὶ
3005 3188 3099 3240 ἐπὶ
3129 3187 3348 3257 παιδείᾳ
3373 3187 3550 3254 λόγων
3585 3203 3728 3238 συν-

426 3273 583 3327 ceudi
612 3272 747 3326 artis
773 3275 945 3342 gratia
981 3272 1271 3342 colloquia.
1316 3274 1586 3328 Amicitia:
1625 3289 1838 3344 quoque
1879 3277 2011 3340 vim,

424 3373 483 3421 et
560 3366 851 3436 proborum
929 3365 1209 3419 hominum
1283 3366 1742 3436 apoplitbcgmata
1822 3366 2013 3424 refert.

429 3458 682 3526 Sublegit
729 3459 844 3513 hinc
896 3457 1172 3513 Plutarchi
1221 3458 1482 3527 opuscula
1527 3458 1642 3530 (80)
1681 3477 1696 3512 :
1741 3457 2016 3523 Quomodo

427 3551 810 3605 adolescentem
867 3551 1054 3604 audire
1105 3550 1284 3604 deceat
1329 3561 1549 3621 poetas;
1607 3551 1678 3606 De
1723 3561 1921 3606 natura
1968 3563 2017 3605 et

429 3642 724 3698 laboribus.
779 3643 845 3698 Ut
893 3645 1147 3700 nimirum
1203 3647 1356 3701 multi
1407 3661 1781 3716 smpenumero
1832 3647 2020 3700 labore

428 3736 684 3792 vitiosam
736 3749 987 3791 naturam
1034 3741 1408 3806 correxerint;
1453 3739 1547 3793 alii
1591 3748 1780 3794 contra
1823 3738 2017 3792 bonam

431 3828 648 3899 ignavia
684 3831 1031 3899 corruperint
1063 3847 1080 3885 :
1122 3838 1289 3900 utque
1330 3831 1384 3884 iu
1433 3830 1640 3892 utultis,
1672 3830 1762 3898 qui
1796 3830 1850 3884 in
1889 3846 2021 3900 pue-

434 3923 562 3978 ritia
619 3923 758 3977 tardi
809 3922 1062 3977 oumibus
1106 3922 1453 3986 videbantur,
1498 3935 1660 3992 atque
1703 3923 1890 3991 inepti,
1927 3922 2024 3975 flo-

433 4025 743 4084 remeqiost
787 4027 945 4070 mtate
991 4015 1174 4072 acrius
1219 4016 1497 4085 ingenium
1544 4032 1608 4071 ac
1657 4015 2024 4086 perspicacius

432 4110 742 4166 emicuerit.
775 4109 998 4164 Librum
1029 4111 1180 4174 item,
1230 4110 1305 4164 De
1342 4110 1520 4164 inutili
1568 4111 1915 4174 verecundia;
1953 4110 2026 4164 De

432 4202 788 4274 garrulitate;
827 4203 901 4256 De
932 4202 1249 4268 iracundia;
1285 4203 1562 4268 Quomodo
1600 4205 1720 4274 quis
1747 4219 1812 4258 ex
1845 4204 2026 4256 inimi-

433 4298 510 4350 cis
543 4295 823 4350 utilitatem
870 4297 1084 4364 capiat;
1118 4296 1192 4350 De
1234 4298 1399 4350 animi
1425 4298 1843 4368 tranquillitate;
1882 4295 2029 4350 Poli-

435 4383 571 4437 ticas
601 4384 766 4450 ipsius
801 4385 1209 4452 pra'ceptioues;
1241 4387 1257 4404 '
1300 4383 1374 4437 De
1397 4386 1592 4436 divitiis
1617 4401 1634 4448 ;
1663 4383 1940 4448 Quomodo
1975 4399 2030 4436 se

435 4476 555 4545 quis
585 4477 642 4529 in
674 4476 864 4529 virtute
893 4477 1146 4545 proﬁcere
1175 4477 1393 4532 sentiat.
1430 4477 1662 4529 Rursum
1703 4475 2029 4530 l’aletudinis

2117 3279 2329 3343 ουσίας,
2366 3280 2572 3349 ἀρετήν
2632 3295 2690 3330 τε
2726 3274 2794 3331 αὖ
2841 3279 3049 3346 φιλίας,
3099 3280 3196 3332 καὶ
3242 3279 3355 3331 τῶν
3399 3279 3728 3330 σπουδαίων

2115 3372 2520 3442 ἀποφθέγματα
2543 3370 2660 3442 [541
2691 3371 2780 3444 ll].
2816 3373 3104 3439 Σύγκειται
3135 3373 3193 3425 δὲ
3219 3372 3368 3442 αὐτῷ
3388 3371 3481 3424 καὶ
3511 3371 3578 3423 ἐκ
3604 3370 3731 3423 τῶν

2119 3463 2469 3532 Πλουτάρχου
2498 3463 2639 3530 Περὶ
2670 3461 2776 3516 τοῦ
2818 3461 2945 3527 πῶς
2991 3461 3082 3514 δεῖ
3119 3461 3229 3514 τὸν
3274 3460 3418 3514 νέον
3464 3460 3732 3514 ἀκούειν

2118 3554 2466 3624 ποιημάτων
2491 3595 2504 3609 .
2543 3556 2682 3623 Περί
2720 3573 2784 3608 τε
2805 3555 3044 3624 φύσεως
3080 3554 3180 3606 καὶ
3218 3554 3444 3618 πόνων,
3471 3553 3629 3614 ὅπως
3659 3569 3728 3604 τε

2123 3647 2309 3702 πολλοὶ
2340 3647 2606 3710 πολλάκις
2634 3647 2784 3717 πόνῳ
2821 3647 2928 3717 τὴν
2983 3646 3146 3715 φύσιν
3175 3647 3278 3699 οὐκ
3309 3645 3371 3698 εὖ
3400 3644 3732 3715 φερομένην

2121 3739 2411 3810 ὤρθωσαν,
2445 3739 2624 3810 ἕτεροι
2650 3738 2707 3790 δὲ
2739 3738 2924 3802 καλῶς
2959 3739 3202 3808 ἔχουσαν
3228 3737 3287 3802 ἐξ
3326 3737 3602 3806 ἀμελείας
3633 3737 3732 3788 δι-

2123 3830 2404 3901 ἐςθειραν,
2445 3829 2593 3892 ὅπως
2627 3846 2685 3882 τε
2720 3829 2855 3882 ἔνιοι
2907 3830 2966 3882 ὲν
3021 3828 3120 3899 μὲν
3169 3829 3311 3890 νέοις
3369 3826 3587 3897 βραδεῖς
3635 3827 3734 3877 ὲν·

2123 3924 2346 3994 ωρῶντο
2379 3926 2512 3977 πᾶσι
2542 3923 2816 3985 ἀσύνετοι,
2845 3923 3216 3994 ἀκμασάντων
3279 3921 3336 3972 δὲ
3380 3921 3462 3982 είς
3490 3919 3554 3972 τὸ
3577 3919 3733 3987 ταχὺ

2125 4016 2222 4068 καὶ
2260 4019 2480 4069 συνετὸν
2525 4017 2710 4078 αὐτοῖς
2736 4017 2769 4085 ἡ
2821 4015 2984 4082 φύσις
3035 4012 3308 4082 ἐξέλαμψε
3336 4027 3347 4040 ·
3379 4011 3474 4064 καὶ
3503 4013 3570 4063 ὲκ
3627 4009 3733 4063 τοῦ

2125 4107 2266 4176 Περὶ
2307 4108 2622 4172 δυσωπίας
2667 4107 2724 4160 δὲ
2757 4107 2944 4176 λόγου,
2996 4105 3091 4158 καὶ
3127 4105 3265 4172 Περὶ
3319 4103 3732 4170 ἀδολεσχίας,

2129 4199 2224 4253 κα).
2252 4199 2392 4266 Περὶ
2427 4197 2632 4266 ὀργῆς,
2676 4201 2770 4251 καὶ
2805 4201 2866 4251 ἐκ
2894 4198 2988 4250 τοῦ
3023 4198 3156 4261 Πῶς
3186 4197 3264 4249 ἄν
3311 4214 3401 4262 τις
3445 4195 3570 4250 ὑπὸ
3621 4195 3738 4261 ἐχ-

2129 4289 2285 4357 θρῶν
2344 4289 2654 4358 ὠφελοῖτο,
2687 4290 2782 4342 καὶ
2830 4288 2970 4356 Περὶ
2997 4289 3286 4357 εὐθυμίας
3323 4285 3400 4351 δὲ,
3435 4287 3530 4338 καὶ
3593 4284 3739 4340 Τῶν

2130 4382 2458 4436 πολιτικῶν
2495 4382 2684 4436 αὐτοῦ
2707 4379 3240 4450 παραγγελμάτων,
3269 4380 3405 4446 Περὶ
3434 4395 3493 4430 τε
3539 4392 3584 4429 π
3610 4379 3741 4431 ἰού-

2133 4493 2262 4541 τσυ,
2295 4478 2393 4528 καὶ
2426 4475 2630 4540 ’Ὀπως
2660 4474 2739 4528 ἄν
2774 4492 2865 4540 τις
2891 4475 3289 4528 συναίσθοιτο
3323 4469 3544 4525 ἑαυτοῦ
3572 4472 3740 4537 πρός

436 4569 684 4634 tuendis,
740 4576 796 4621 et
847 4565 1163 4638 Conjugales
1213 4567 1449 4638 ejusdem
1507 4569 1899 4634 prwceptiones.
1966 4569 2011 4621 lt:

2129 4566 2354 4635 ἀρετὴν
2410 4566 2805 4633 ἐπιδιδόντος,
2862 4567 2926 4618 ἐκ
2949 4583 3012 4618 τε
3043 4565 3152 4617 τῶν
3183 4561 3488 4633 Ὑγιεινῶν
3538 4563 3740 4616 αὐτοῦ
3775 4557 3778 4562 ’

439 4660 638 4729 quibus
682 4660 916 4730 plurima
966 4664 1211 4731 reperias
1261 4677 1386 4716 cum
1434 4673 1586 4730 gesta
1639 4661 2028 4729 praedicatione

442 4752 632 4822 digna,
668 4761 781 4806 tum
823 4752 890 4806 ad
920 4755 1087 4807 multa
1119 4753 1213 4806 tibi
1247 4754 1526 4823 perutilia.
1560 4752 1686 4807 Haec
1725 4753 1838 4808 fere
1877 4764 2021 4809 octa-

443 4858 547 4900 vus
574 4844 714 4900 liber
745 4845 1146 4915 complectitur.

513 5028 633 5085 1am
675 5043 852 5084 nonus
877 5043 945 5083 ex
975 5027 1218 5095 ejusdem
1248 5024 1500 5082 similiter
1527 5024 1801 5080 Plutarchi
1833 5023 2029 5080 libellis

442 5122 766 5194 compendio
795 5121 994 5176 factus.
1035 5117 1104 5174 Ut
1129 5133 1198 5174 ex
1230 5117 1491 5188 apusculo
1523 5116 1600 5172 De
1628 5133 1749 5172 sera
1777 5115 2030 5172 Numinis

2129 4659 2228 4710 καὶ
2271 4656 2542 4727 γαμικῶν
2605 4656 3147 4726 παραγγελμάτων.
3195 4657 3284 4707 Ἐν
3326 4649 3408 4717 οἷς
3457 4653 3610 4706 ἔστιν
3643 4654 3741 4705 εὑ-

2133 4751 2248 4820 ρεῖν
2281 4749 2508 4802 πλεῖστα
2529 4750 2626 4800 καὶ
2645 4747 2877 4817 ἁξιομνη
2887 4749 3143 4818 μόνευτα,
3173 4747 3363 4814 λόγους
3385 4745 3480 4798 καὶ
3498 4745 3544 4776 ¹³
3562 4744 3736 4814 ἔργα,

2129 4842 2223 4895 καὶ
2259 4841 2397 4912 πρὸς
2452 4841 2630 4894 πολλά
2670 4857 2754 4893 σοι
2785 4839 3218 4910 χρησιμεύοντα.
3248 4838 3437 4890 Ταῦτα
3479 4836 3584 4908 μὲν
3637 4839 3741 4890 καὶ

2131 4936 2196 4988 ὲκ
2227 4936 2429 4988 τούτων
2455 4935 2552 4989 καὶ
2594 4936 2637 4966 ⁸⁸
2659 4935 2688 4987 ὁ
2715 4934 2904 5001 ὄγδοος
2934 4934 3115 5000 λόγος.

2211 5027 2322 5080 Καὶ
2343 5027 2406 5097 δὴ
2437 5028 2535 5080 καὶ
2568 5028 2596 5080 ὁ
2623 5027 2844 5089 έννατος
2879 5024 3028 5095 αὐτῷ
3071 5025 3274 5095 ὁμοίιος
3308 5025 3373 5076 ὲκ
3399 5023 3515 5077 τῶν
3548 5023 3741 5076 Πλου-

2135 5119 2342 5190 τάρχου
2389 5120 2726 5190 συνετμήθη,
2761 5119 2827 5173 ἐκ
2855 5136 2915 5172 τε
2962 5117 3059 5171 τοῦ
3093 5119 3222 5171 Ὀτι
3273 5116 3536 5185 βράδιον
3599 5121 3661 5171 oi
3702 5119 3742 5148 ¹⁵
3810 5175 3814 5178 ,

1718 5234 1952 5291 νΑΒΙᾹζ
1995 5237 2406 5296 LECTIONES.

517 5333 541 5366 ⁸
567 5336 633 5388 ἐκ
664 5331 759 5387 τοῦ
783 5331 1039 5403 δευτέρου
1067 5329 1231 5403 λόγου
1267 5327 1379 5403 τῶν
1420 5331 1562 5401 Δαμ.
1716 5348 1777 5394 ς.

517 5334 541 5366 ⁸
567 5336 633 5388 ἐκ
664 5334 759 5387 τοῦ
783 5334 1039 5403 δευτέρου
1067 5334 1231 5397 λόγου
1267 5334 1379 5380 τῶν
1420 5334 1562 5401 Δαμ.
1590 5334 1678 5382 ἀλ.
1716 5348 1777 5394 ς.
1892 5334 1913 5362 ⁵
1941 5348 2004 5385 τε
2037 5349 2148 5388 om.
2185 5349 2270 5401 pr.
2303 5334 2370 5388 A.

447 5405 658 5462 chelius
679 5402 980 5460 Διονυσίου.
1060 5402 1104 5433 ¹²
1131 5400 1384 5454 έλανίκου
1421 5403 1490 5454 Α.
1567 5401 1612 5432 ¹²
1639 5400 1830 5468 λόγους
1873 5401 1968 5454 καὶ
1998 5406 2037 5456 Α
2066 5423 2077 5435 υ
2109 5408 2166 5457 ἐν
2199 5405 2378 5474 λόγοις
2404 5423 2467 5470 ς.

2477 5333 2521 5365 ¹⁰
2555 5333 2653 5403 μὲν
2691 5352 2751 5398 ς’.
2867 5335 2911 5366 ’ί
2941 5333 3066 5387 Δίου
3112 5333 3155 5385 Α
3187 5349 3200 5385 :
3251 5329 3319 5382 δι’
3352 5321 3419 5403 οὗ
3454 5347 3512 5394 ς.
3562 5327 3742 5381 lim-.5-

2565 5399 2611 5437 “
2651 5406 2746 5458 nat‘.
2776 5405 3102 5464 anteoadd.
3148 5404 3214 5457 Α.
3328 5399 3369 5429 ⁸⁸
3395 5401 3446 5452 οἱ
3493 5400 3628 5452 add.
3673 5403 3740 5455 Α.

1981 5492 2214 5552 NOTAE.

524 5587 640 5657 (7'7)
679 5585 783 5657 Qui
834 5595 892 5640 et
938 5601 966 5639 a
1016 5584 1181 5657 Sttida
1239 5582 1580 5657 referuntur.
1605 5581 1867 5657 Meminit
1905 5585 2034 5639 item

453 5654 660 5716 Elian.
693 5655 836 5710 Hist.
869 5654 1090 5710 animal.
1126 5655 1219 5709 lib.
1252 5670 1372 5720 xm,
1402 5669 1525 5723 cap.
1553 5654 1644 5707 2t.

530 5727 645 5798 (78)
674 5727 854 5780 Αἰλίου
883 5725 1196 5798 Διονουσίου
1230 5724 1461 5798 emendo
1497 5723 1655 5794 cujus
1685 5739 1838 5796 supr.
1875 5724 2037 5784 Lexi-

457 5793 561 5857 con
593 5793 890 5853 Atticarum
921 5813 1111 5852 vocum
1146 5796 1294 5866 legas
1320 5793 1448 5850 259..

533 5869 646 5940 (79)
682 5869 974 5942 Superiore
1009 5884 1130 5939 pag.
1169 5864 1394 5924 forsitan
1429 5865 1720 5923 indicatus.

2217 5589 2235 5654 (
2260 5589 2360 5658 80)
2388 5587 2628 5654 Quorum
2657 5587 2899 5642 omnium
2924 5585 3242 5658 Catalogum
3264 5585 3432 5658 texuit
3451 5581 3747 5651 Lamprias

2145 5674 2175 5712 a
2200 5655 2363 5713 Suida
2392 5659 2641 5711 laudatus
2693 5668 2748 5711 et
2778 5673 2950 5726 nuper
2975 5656 3270 5724 evulgatus.
3307 5685 3366 5694 —
3393 5655 3524 5719 Qua:
3555 5665 3687 5710 ante
3715 5674 3745 5704 ιι

2143 5744 2209 5782 ex
2243 5730 2330 5809 his
2385 5729 2818 5794 interciderunt,
2853 5744 2916 5782 ea
2977 5726 3072 5782 tibi
3126 5726 3391 5781 asterisco
3447 5726 3745 5778 indicanda

2143 5809 2350 5872 putavi.
