4090 6416
205 500 209 502 _
291 427 398 491 449

1405 433 1934 495 BIBLIOTHECA.
1971 462 2042 474 -
2062 435 2227 496 COD.
2253 435 2455 497 CLXI.

3477 433 3588 500 450

292 544 412 598 θεοί
463 545 882 614 τιμωροῦνται,
918 547 1014 600 καὶ
1045 545 1112 618 δὴ
1160 546 1254 601 καὶ
1298 547 1363 600 ὲκ
1409 546 1503 600 τοῦ
1536 548 1661 600 Βίου
1687 549 1882 620 Δημηο

1991 549 2238 608 vindicta,
2268 563 2299 601 e
2320 546 2444 600 Vita
2490 543 2758 600 Demetrii
2789 559 2854 600 ac
2877 543 3032 599 Bruti
3061 543 3324 612 Romani;
3351 559 3418 601 ex
3440 543 3581 601 libro

287 636 442 707 τρίου
470 638 568 690 καὶ
603 637 843 710 Βρούτου
875 639 968 692 τοῦ
1015 640 1315 710 Ῥωμαίου,
1355 640 1449 692 καὶ
1487 641 1552 694 ὲκ
1577 640 1674 693 τοῦ
1720 642 1879 710 λόγου

288 730 348 794 ὃς
397 731 804 803 ἐπιγέγραπται
881 733 1052 801 αὐτῷ,
1098 732 1352 801 Ἀνδρῶν
1393 732 1662 796 ἐνδόξων
1707 735 1885 789 Ἀπο-

291 823 616 893 sedentum,
680 825 744 879 ἐκ
801 843 863 878 τε
913 826 1010 878 τοῦ
1065 826 1206 894 Περι
1250 827 1534 897 ποταμῶν
1561 827 1680 860 ¹⁸ο¹⁸
1717 869 1732 892 ,
1786 831 1884 881 καὶ

289 916 423 982 Πῶς
455 916 535 970 ἇν
557 934 650 984 τις
679 917 1001 987 διακρίνειε
1031 919 1138 973 τὸν
1166 921 1400 974 κόλακα
1426 919 1534 999 τοῦ
1556 920 1762 989 φίλου,
1789 921 1884 972 καὶ

292 1009 400 1080 μὴν
460 1012 556 1064 καὶ
604 1013 668 1064 ὲκ
696 1014 791 1064 τοῦ
824 1012 1127 1081 Κράτητος
1155 1012 1322 1078 βίου,
1377 1013 1716 1081 Δαϊφάντου
1744 1029 1808 1066 τε
1841 1012 1884 1044 ⁸⁸

287 1102 385 1155 καὶ
418 1101 741 1171 Πινδάρου,
769 1105 866 1157 καὶ
903 1107 969 1158 ἐκ
1032 1104 1128 1158 τοῦ
1165 1104 1374 1175 βιϐλίου
1433 1104 1488 1158 δὲ
1521 1105 1549 1159 ὃ
1585 1106 1883 1175 ὲπιγέγρα⁴

285 1209 421 1246 πται
451 1193 602 1262 αύτῷ
619 1195 930 1248 Βασιλέων
965 1195 1061 1249 καὶ
1090 1194 1445 1266 στρατηγῶν
1481 1196 1886 1265 Ἀποφθέγμα-

284 1303 380 1347 τα,
413 1288 512 1340 σὺν
535 1282 618 1350 οἷς
646 1288 740 1341 καὶ
777 1290 840 1340 ὲκ
867 1288 975 1340 τῶν
1002 1288 1448 1358 Συμποσιακῶν
1482 1287 1647 1341 αὑτοῦ
1680 1289 1788 1342 ἀπό
1824 1305 1885 1341 τε

282 1376 380 1430 τοῦ
433 1375 657 1448 πρώτου
688 1378 783 1431 καὶ
843 1379 1046 1448 ἐφεξῆς
1090 1380 1254 1452 μέχρι
1280 1379 1374 1433 τοῦ
1402 1381 1612 1449 ὀγδόου.
1640 1380 1752 1433 Καὶ
1776 1378 1886 1433 ἀπὸ

295 1469 400 1538 μὲν
432 1469 546 1521 τῶν
571 1469 920 1541 Πλουτάρχου
947 1473 1013 1524 ὲκ
1043 1473 1253 1525 τούτων
1281 1486 1296 1501 ⁸
1339 1472 1681 1526 συνείλεκται
1705 1471 1760 1524 δὲ
1791 1470 1887 1525 καὶ

297 1561 365 1611 ἐκ
387 1560 491 1630 τῆς
505 1558 734 1630 Ῥούφου
753 1561 1082 1632 Ῥωμαῖκῆς
1101 1563 1387 1631 Ἱστορίας
1410 1563 1628 1635 πρώτου
1651 1563 1744 1616 καὶ
1765 1562 1887 1615 δευ-

282 1653 450 1724 τέρου
501 1655 598 1732 καὶτ
661 1657 848 1726 τρίτου
883 1657 1092 1728 βιϐλίου
1122 1657 1218 1710 καὶ
1255 1658 1540 1728 τετάρτου,
1567 1660 1625 1710 ὲν
1653 1651 1735 1720 οἷς
1767 1656 1884 1709 ἔστι

285 1750 606 1818 περιτυχεῖν
659 1749 879 1812 πολλοῖς
948 1749 1274 1817 ἀξιολόγοις,
1307 1751 1355 1802 εἰ
1416 1751 1510 1802 καὶ
1545 1749 1662 1802 ἔνια
1701 1748 1882 1800 αὐτῶν

1987 637 2324 707 cujusindex
2347 646 2431 694 est
2452 635 2644 708 10ηὸ
2674 635 2957 690 Clarorum
2978 640 3214 691 virorum
3271 637 3585 708 Apophthe-

1982 741 2182 800 gmata.
2203 728 2284 783 ‘Ex
2312 729 2497 784 libello
2533 727 2608 782 De
2638 729 2950 797 ﬂuminibus
2992 728 3149 798 (81);
3185 730 3462 794 Quomodo
3493 745 3585 783 as-

1982 831 2302 874 sentatorem
2335 820 2400 872 ab
2434 821 2606 872 amico
2652 820 2946 874 discernat.
2981 819 2998 840 ¹
3030 820 3267 873 llnrsum
3297 832 3365 872 ex
3395 819 3586 875 Crate-

1986 914 2056 968 tis
2079 913 2221 978 Vita,
2253 916 2270 935 ‘
2300 912 2723 980 Daiphanliqne,
2751 921 2804 966 et
2835 913 2851 932 ⁶
2872 911 3094 966 Pindari
3128 933 3140 965 :
3169 921 3223 964 et
3253 927 3317 965 ex
3350 925 3585 980 apuscu-

1986 1003 2061 1070 lo,
2097 1006 2239 1074 quod
2281 1003 2477 1074 Regum
2512 1012 2669 1072 atque
2709 1002 3092 1071 imperatorum
3121 1000 3584 1072 ApOpIttItegmata

1987 1096 2296 1167 inscripsit;
2355 1108 2519 1166 atque
2565 1110 2630 1148 ex
2685 1093 3057 1148 Convivalium
3101 1093 3219 1164 ejus
3266 1091 3583 1148 Sermonari:

1989 1190 2166 1257 libris,
2199 1205 2226 1243 a
2274 1191 2449 1260 primo
2488 1190 2554 1242 ad
2599 1197 2854 1243 octavum
2896 1203 3090 1257 usque.
3135 1186 3260 1243 llaec
3299 1188 3414 1242 fere
3451 1186 3579 1241 Plu-

1993 1286 2215 1335 tarchus
2262 1281 2653 1351 suppeditavit.
2698 1279 2876 1334 Allata
2915 1293 3044 1332 vero
3091 1278 3351 1333 nonnulla
3394 1295 3425 1332 e
3462 1277 3585 1330 Rati

1990 1372 2243 1428 Historia:
2277 1372 2539 1426 Romana:
2571 1372 2749 1437 libris,
2789 1373 2993 1441 primo,
3039 1373 3303 1436 secundo,
3340 1373 3502 1426 tertio
3530 1379 3587 1426 ct;

1991 1480 2236 1538 quarto:
2275 1465 2328 1518 iu
2380 1465 2577 1534 quibus
2627 1471 2917 1518 occurrent
2970 1464 3228 1533 pleraque
3280 1470 3584 1518 memoratu

1992 1577 2100 1614 non
2130 1559 2370 1628 indigna,
2407 1558 2619 1611 tametsi
2655 1558 2849 1612 horum
2888 1557 3132 1626 qumdam
3175 1557 3227 1610 in
3257 1555 3469 1610 fabulas
3500 1555 3587 1607 iu—

1989 1652 2199 1716 cidant,
2238 1660 2294 1703 et
2342 1645 2668 1718 prolixiores
2735 1662 2926 1716 nugas.
2973 1649 3051 1700 Ita
3095 1660 3154 1700 se
3198 1657 3376 1700 nonus
3422 1639 3587 1696 habet

1992 1745 2151 1799 liber.

286 1841 367 1902 εἰς
405 1839 610 1909 μύθους
655 1842 749 1894 καὶ
805 1841 1017 1912 μακρὸν
1059 1842 1392 1895 ἐκπίπτουσι
1423 1843 1464 1872 ⁸⁸
1495 1841 1684 1913 λῆρον.
1730 1839 1873 1893 Ἀλλ’
1902 1831 2004 1893 ὦδε
2035 1837 2135 1908 μὲν
2162 1837 2254 1890 καὶ
2280 1838 2308 1890 ὁ
2333 1836 2580 1901 ἔννατος.

370 1931 431 1984 ’0
456 1932 684 1996 δέκατος
712 1933 767 1986 δὲ
797 1933 1168 2006 συνηθροίσθη
1204 1934 1268 1988 ἔκ
1291 1953 1362 2015 τε
1390 1937 1489 2006 τῆς
1521 1933 1875 2002 Κεφαλίωνος

2054 1930 2303 1986 Decimus
2347 1946 2475 1986 vero
2501 1930 2757 1986 coaluité
2800 1926 3147 1999 Cephalionis
3173 1927 3193 1999 (
3224 1927 3342 1999 82)
3395 1927 3586 1996 Erato,

297 2023 584 2094 Ἐρατοῦς,
643 2024 1119 2097 διαλαμϐανούσης
1184 2027 1253 2081 τὰ
1307 2027 1451 2080 κατὰ
1506 2026 1876 2098 Ἀλέξανδρον,

289 2116 389 2168 καὶ
427 2116 493 2186 δὴ
529 2117 629 2169 καὶ
681 2118 745 2170 ὲκ
776 2117 887 2171 τῶν
940 2117 1306 2172 Ἀπολλωνίου
1327 2120 1421 2172 τοῦ
1444 2119 1713 2185 Στωϊκοῦ,
1755 2121 1879 2172 ὅσαι

286 2211 553 2274 γυναῖκες
597 2209 996 2281 ἐφιλοσόφησαν
1045 2211 1080 2283 ἢ
1137 2213 1230 2264 καὶ
1265 2212 1309 2244 ¹⁹
1361 2213 1537 2276 ἄλλως
1597 2231 1652 2264 τι
1700 2213 1878 2266 ἐπίδοι

289 2301 378 2368 ξον
445 2301 835 2375 διέπράξαντο,
895 2305 989 2357 καὶ
1043 2305 1111 2358 δι’
1139 2303 1204 2368 5t;
1260 2306 1432 2359 οἰκίαι
1460 2307 1504 2337 ²⁰
1537 2307 1618 2366 εἰς
1663 2305 1879 2360 εὔνοιαν

291 2395 738 2466 συνεκράθησαν,
772 2395 870 2448 καὶ
897 2397 961 2449 ὲκ
990 2397 1099 2448 τῶν
1131 2397 1439 2466 Θεαγένους
1463 2398 1519 2451 δὲ
1549 2397 1879 2452 Μακεδονι-

289 2486 416 2539 κῶν
443 2489 741 2556 πατρίων,
771 2488 834 2541 ἐκ
859 2506 918 2542 τε
950 2490 1059 2541 τῶν
1077 2489 1432 2562 Πλουτάρχου
1467 2491 1600 2562 περ)⁵
1629 2490 1760 2561 βίων
1781 2491 1880 2544 Νι-

290 2580 412 2630 κίου
443 2578 542 2631 καὶ
577 2579 917 2634 Ἀλκιϐιάδου
953 2580 1079 2652 [178
1114 2580 1208 2653 ll],
1237 2582 1669 2652 Θεμιστοκλέους
1697 2601 1754 2635 τε
1785 2583 1881 2636 καὶ

290 2670 520 2738 θησέως
564 2672 657 2724 καὶ
694 2671 1046 2744 Λουκούργου
1097 2673 1337 2739 Σόλωνός
1387 2693 1447 2728 τε
1493 2675 1589 2728 καὶ
1626 2673 1880 2741 Ἀλεξάν-

286 2762 419 2832 δρου
475 2762 573 2815 τοῦ
626 2762 918 2831 Φιλίππου,
950 2764 1013 2818 ἐκ
1045 2783 1104 2818 τε
1159 2767 1269 2820 τῶν
1313 2766 1444 2836 βίων
1487 2766 1743 2837 Κίμωνος
1784 2767 1881 2820 καὶ

288 2856 628 2927 Περικλέους
663 2859 756 2910 καὶ
789 2859 1085 2913 Πελοπίδου
1129 2860 1224 2913 καὶ
1268 2860 1557 2925 Φωκίωνος
1594 2861 1690 2914 καὶ
1733 2862 1882 2930 Ἀρι-

288 2948 526 3014 στείδου,
554 2941 632 3001 ὧν
663 2948 733 3002 τὰ
763 2949 994 3003 πλεῖστα
1028 2950 1380 3022 ἀξιαφήγητά
1413 2968 1470 3005 τε
1502 2951 1597 3005 καὶ
1624 2950 1885 3022 ἀξιομνη-

289 3041 553 3111 μόνευτα.
572 3042 712 3094 Ἀλλ’
752 3045 811 3096 ὲν
841 3043 1057 3108 τούτοις
1098 3047 1196 3116 μὲν
1226 3045 1322 3098 καὶ
1351 3045 1379 3097 ὁ
1411 3044 1661 3108 δέκατος.

391 3136 435 3186 0
490 3133 550 3187 δὲ
601 3135 887 3201 ἑνδέκατος
946 3136 1072 3207 ἔσχε
1115 3139 1217 3209 τὴν
1245 3139 1568 3208 συναγωγὴν
1598 3136 1799 3208 ὁμοίως
1824 3135 1885 3201 ἐξ

1982 2041 2090 2095 quo
2118 2023 2254 2078 libro
2276 2024 2567 2079 Alexandri
2597 2033 2746 2095 gesta
2780 2023 3112 2078 referuntur.
3148 2019 3284 2076 Item
3321 2037 3387 2076 ex
3416 2021 3587 2090 Apol-

1982 2115 2110 2171 lonii
2145 2115 2310 2171 Stoici
2348 2116 2540 2180 libris,
2574 2131 2693 2186 qua:
2733 2118 2841 2170 sint
2880 2129 3115 2182 unquam
3175 2113 3432 2167 mulieres
3467 2113 3590 2182 phi-

1982 2208 2310 2279 losOphatzc,
2354 2209 2551 2278 quidve
2595 2209 2739 2263 aliud
2781 2209 3038 2275 praeclare
3065 2211 3369 2278 gesserint,
3402 2220 3457 2263 et.
3493 2225 3591 2281 per

1983 2317 2120 2372 quas
2141 2302 2359 2356 fatniliae
2387 2301 2678 2371 aliquando
2727 2301 2780 2354 in
2812 2301 3160 2354 concordiam
3219 2302 3467 2364 redactae,
3518 2316 3588 2357 ex

1981 2392 2287 2462 Theogenis
2311 2407 2526 2462 quoque
2554 2390 2914 2445 Macedonicis
2938 2391 3388 2458 patriileursum
3414 2409 3445 2445 e
3464 2391 3589 2445 Plu-

1985 2484 2159 2538 tarchi
2197 2483 2334 2539 Vitis
2372 2481 2576 2547 Niciaa,
2613 2482 2947 2546 Alcibiadis,
2981 2481 3360 2538 Themistoclis
3384 2521 3401 2547 ,
3445 2481 3588 2536 The-

1985 2577 2087 2640 sei,
2108 2576 2368 2647 Lycurgi,
2389 2576 2604 2632 Solonis
2631 2585 2684 2629 et
2707 2575 2999 2628 Alexandri
3021 2573 3266 2644 ,Philippi
3299 2575 3416 2630 lilii.
3445 2575 3580 2630 item

1983 2668 2170 2725 eVitis
2205 2670 2492 2740 Cymonis,
2528 2683 2592 2724 ac
2628 2667 2892 2739 Lysandri
2921 2708 2936 2732 ,
2973 2667 3357 2723 Demosthenis
3379 2710 3394 2735 ,
3428 2668 3586 2723 Peri-

1984 2762 2084 2817 clis
2110 2805 2124 2829 ,
2146 2761 2412 2831 Pelopidae
2431 2799 2446 2824 ,
2467 2760 2758 2815 Phocionis
2784 2801 2799 2827 ,
2823 2768 2878 2814 et
2894 2760 3145 2816 Aristidae
3174 2778 3188 2814 :
3219 2776 3447 2831 quorum
3471 2759 3588 2829 ple-

1984 2868 2153 2922 raque
2185 2851 2530 2905 memoranda
2550 2889 2566 2916 ,
2595 2851 3065 2921 admirationeque
3087 2851 3268 2920 digna.
3288 2851 3464 2922 Atque
3501 2853 3592 2912 bie

1991 2943 2236 2999 decimus
2272 2941 2412 2996 liber
2445 2950 2550 2996 est.

2056 3124 2390 3180 Undecimus
2419 3121 2641 3192 perinde
2662 3135 2692 3177 e
2719 3121 2992 3176 Plutarchi
3024 3117 3162 3174 Vitis
3209 3115 3408 3174 selecta
3457 3133 3595 3174 con-

286 3218 364 3278 ὧν
397 3226 747 3298 Πλούταρχος
771 3229 1031 3295 συνέταξε
1066 3230 1221 3300 βίων,
1271 3229 1683 3301 Ἐπαμινώνδου
1715 3230 1761 3260 ²¹
1786 3229 1884 3283 καὶ

1991 3219 2156 3285 tinet,
2185 3229 2314 3286 puta
2368 3217 2788 3287 Epaminondae,
2825 3215 3014 3270 Dionis
3071 3213 3340 3282 Agesilai,
3374 3211 3590 3301 Agidis,

288 3317 495 3381 Δίωνος
525 3289 632 3372 καὶ.
655 3289 1110 3391 ζἈγησιλάου-κάει
1143 3289 1362 3392 Ἀ’γιδος
1395 3289 1490 3376 καὶ
1515 3321 1881 3392 Κλεομένους,

1991 3308 2294 3364 Cleomenis
2313 3345 2328 3371 ,
2356 3307 2615 3360 Eumenis
2638 3303 2916 3370 Cardiani,
2943 3301 3387 3373 Philopmmeuis,
3406 3299 3596 3355 Timo-

289 3411 578 3480 Εὐμένους
635 3429 695 3465 τε
738 3413 834 3466 τοῦ
878 3413 1184 3484 Καρδιανοῦ
1221 3413 1317 3469 καλ⁸
1355 3414 1745 3486 Φιλοποίμενος
1793 3414 1887 3469 καὶ

289 3502 787 3574 Τιμολέοντοςκαὶ
827 3505 1083 3578 Ἀράτου,
1109 3508 1168 3572 ὃς
1221 3508 1555 3579 δημαγωγὸς
1607 3507 1888 3571 καταστὰς

289 3597 406 3650 τῶν
453 3599 696 3669 Ἀχαιῶν
733 3601 1204 3666 ὲπτακαιδεκάκις
1234 3604 1292 3655 ὲν
1316 3603 1500 3666 αὐτοῖς
1547 3602 1890 3672 ἐστρατήγη-

291 3707 379 3756 σε,
419 3691 633 3761 μεγάλα
659 3692 874 3764 πράξας
907 3695 1227 3766 στρατηγῶν
1252 3693 1391 3765 ἔργα
1428 3713 1443 3726 ·
1487 3696 1577 3748 ναὶ
1612 3695 1676 3766 δὴ
1703 3695 1797 3748 καὶ
1821 3696 1888 3748 ἐκ

292 3782 392 3836 τοῦ
427 3782 549 3852 βίου
579 3784 801 3857 Πύρρου
850 3785 944 3840 τοῦ
979 3785 1317 3857 Ἠπειρώτου
1338 3825 1354 3850 ,
1385 3785 1522 3840 ἀλλὰ
1557 3786 1664 3858 μὴν
1694 3787 1790 3840 καὶ
1821 3787 1888 3840 ὲκ

292 3874 406 3930 τῶν
448 3875 880 3946 Ἀριστοφάνους
938 3879 1034 3932 τοῦ
1088 3879 1482 3950 γραμματικοῦ
1528 3879 1670 3947 Περὶ
1729 3878 1889 3941 ζώων

297 3968 512 4037 βιϐλίου
569 3969 794 4040 πρώτου
849 3973 944 4025 καὶ
995 3971 1276 4042 δευτέρου,
1306 3979 1400 4026 καὶ
1429 3973 1494 4026 ὲκ
1535 3972 1634 4043 τῆς
1659 3972 1704 4003 ’⁸
1745 3970 1891 4026 Ἰόϐα

293 4062 394 4116 τοῦ
426 4061 696 4134 βασιλέως
722 4062 1046 4133 Θεατρικῆς
1084 4064 1382 4134 Ἱστορίας
1419 4063 1889 4118 ἑπτακαιδεκάτου

293 4155 486 4223 λόγου.
519 4154 678 4208 υῦτω
713 4157 812 4225 μὲν
842 4157 936 4210 καὶ
967 4159 996 4210 ὁ
1033 4157 1345 4220 ἑνδέκατος.

387 4245 446 4298 Ὀ
481 4244 538 4298 δὲ
575 4245 876 4310 δωδέκατος
903 4247 1054 4319 αύτῷ
1083 4246 1246 4315 λόγος
1295 4245 1682 4317 συνήθροισται
1711 4243 1770 4311 ἐξ
1796 4244 1892 4300 ἆλ-

296 4336 408 4390 λων
475 4354 536 4390 τε
583 4336 879 4407 διαφόρων,
907 4340 1002 4393 καὶ
1037 4342 1102 4392 ὲκ
1129 4339 1232 4411 τῆς
1288 4339 1619 4404 Καλλιξένου
1658 4339 1892 4409 Ζωγρά-

296 4444 431 4489 φων
467 4444 532 4480 τε
569 4428 616 4460 ³³
653 4429 751 4482 καὶ
793 4429 1306 4498 ἀνδριαντοποιῶν
1349 4431 1740 4502 ’Ararpasoﬁc,
1796 4433 1891 4487 καὶ

296 4533 362 4568 εκ
393 4516 506 4568 τῶν
551 4517 925 4586 Ἀριστονίκου
957 4519 1005 4552 ’⁸
1039 4521 1179 4589 Περὶ
1228 4521 1335 4576 τοῦ
1367 4522 1437 4575 ἐν
1475 4521 1892 4590 Ἀλεξανδρείᾳ

292 4609 616 4675 μουσείου,
653 4611 749 4662 καὶ
805 4610 872 4664 ἐκ
929 4613 1036 4666 τῶν
1077 4613 1487 4682 Ἀριστοτέλους
1543 4612 1888 4680 Πολιτειῶν,

296 4671 611 4754 θετταλῶν⁷
650 4702 714 4753 τέ
769 4719 912 4772 φημι
958 4703 1052 4756 καὶ
1095 4671 1332 4780 ’Ᾰχαιῶν
1366 4671 1482 4757 κοιλ.⁷
1509 4704 1734 4774 Παρίων
1762 4671 1892 4776 [544
1925 4671 1969 4726 D

296 4793 394 4866 ιι]
428 4794 653 4849 Λυκίων
686 4812 744 4847 τε
771 4796 868 4849 καὶ
903 4795 1074 4860 Κίων,
1109 4797 1204 4849 καὶ
1230 4790 1306 4850 ὧν
1349 4799 1558 4862 ἐκεῖνος
1595 4797 1784 4859 ἁπλῶς
1830 4799 1892 4851 ἐν

295 4891 411 4952 τοῖς
459 4887 762 4951 πολιτικοῖς
807 4889 974 4941 αὐτοῦ
1030 4889 1388 4958 διαλαμϐάνει
1420 4905 1436 4920 ·
1469 4883 1546 4943 ὧν
1590 4890 1651 4941 τὸ
1693 4893 1887 4961 χρήσι-

1991 3401 2187 3456 leontis
2214 3439 2229 3466 ,
2261 3399 2485 3456 etArati
2524 3438 2538 3463 ,
2576 3399 2665 3466 qui
2700 3393 3022 3450 Achaeorum
3078 3405 3294 3450 creatus
3343 3394 3596 3450 tribunus

1989 3494 2164 3566 plebis
2191 3494 2369 3548 decies
2398 3493 2599 3563 septies
2625 3492 2807 3560 copias
2839 3505 3026 3544 eorum
3051 3488 3224 3552 duxit,
3251 3485 3416 3542 multa
3445 3487 3499 3541 in
3530 3502 3596 3542 co

1992 3587 2218 3654 imperio
2249 3583 2504 3654 praeclare
2529 3597 2746 3653 gerens.
2776 3580 3012 3635 Rursum
3035 3595 3065 3634 c
3089 3581 3209 3634 Vita
3246 3577 3440 3650 Pyrrhi
3462 3577 3597 3645 Epi-

1993 3687 2237 3733 rotarum
2269 3677 2432 3745 regis.
2469 3675 2612 3742 Quin
2645 3686 2701 3728 et
2722 3690 2790 3729 ex
2820 3672 3202 3740 Aristophanis
3229 3670 3249 3743 (
3273 3669 3344 3727 83
3367 3669 3387 3742 )
3412 3681 3600 3741 graui-

1993 3770 2175 3825 matici
2198 3809 2214 3834 ,
2246 3767 2325 3822 De
2359 3768 2682 3822 animalibus
2707 3766 2844 3823 libro
2876 3767 3054 3836 primo
3082 3805 3098 3830 ,
3124 3774 3178 3818 ct
3205 3765 3446 3820 secundo
3468 3805 3484 3830 ,
3514 3747 3615 3825 κί’
3639 3749 3653 3760 ’

1995 3876 2101 3932 que
2153 3877 2218 3917 ex
2256 3861 2511 3916 Historia:
2550 3860 2822 3915 theatricw
2865 3857 3021 3932 (84)
3069 3857 3221 3912 Juba:
3271 3859 3414 3937 regis
3457 3857 3598 3912 lioro

1994 3953 2208 4009 decimo
2244 3953 2502 4024 septimo.
2537 3955 2718 4023 Atque
2747 3950 2833 4007 bis
2862 3951 3082 4022 quidem
3110 3951 3430 4008 umiecituns
3459 3949 3597 4004 liber

1999 4053 2234 4100 constat.

2074 4247 2433 4304 Duodecimus
2449 4246 2684 4320 denique
2704 4256 3056 4350 coapervatus
3081 4257 3166 4304 est
3190 4264 3220 4302 e
3245 4247 3413 4302 variis
3439 4263 3455 4303 :
3481 4256 3540 4301 ut
3564 4260 3598 4302 ο

2000 4340 2270 4396 Callixeni
2322 4340 2603 4396 Pictorum
2633 4339 3138 4396 ac'wtrituariorum
3191 4339 3496 4406 Relatione;
3527 4354 3597 4395 ex

1999 4430 2341 4492 Aristonico,
2374 4431 2450 4484 De
2480 4430 2662 4486 Museo
2714 4428 3111 4493 Alexandrino;
3149 4444 3216 4483 ex
3251 4419 3594 4491 Aristotelis,

2001 4521 2246 4578 Politicis
2271 4539 2286 4589 ;
2313 4522 2722 4589 Thessalorum,
2741 4523 2985 4590 inquam,
3009 4521 3328 4575 Achaeorum
3351 4559 3364 4582 ,
3405 4517 3596 4587 105a

1998 4612 2281 4669 Pariorum
2299 4643 2325 4676 ,-
2343 4594 2666 4686 Lyciorum;
2696 4611 2978 4678 Chiorum,
3010 4625 3172 4681 atque
3199 4611 3334 4664 adeo
3355 4614 3595 4663 omnium

2000 4703 2123 4776 (85)
2150 4719 2288 4773 quos
2320 4704 2410 4760 ille
2434 4706 2548 4760 suis
2575 4705 2628 4758 iu
2653 4704 2898 4760 Politicis
2918 4711 3337 4766 commemorat,
3367 4714 3596 4770 quorum

2004 4812 2109 4850 non
2135 4795 2412 4865 vulgarem
2447 4811 2568 4850 esse
2600 4810 2758 4849 usum
2790 4803 3025 4850 constat.
3053 4793 3169 4860 Qua
3206 4793 3258 4847 in
3292 4807 3350 4848 re
3379 4791 3596 4862 Sopau'l

1996 4886 2148 4941 labor
2177 4888 2280 4941 hoc
2306 4887 2626 4941 duodecimo
2651 4888 2767 4954 ejus
2788 4885 2925 4941 libro
2950 4884 3307 4941 consumitur.

301 4998 404 5052 μον
455 4982 560 5037 οὐκ
589 4982 807 5051 ἄδηλον.
845 4983 992 5037 Ἀλλ’
1026 4986 1085 5038 ἐν
1113 4983 1324 5048 τούτοις
1367 4985 1466 5057 μὲν
1490 4985 1776 5057 Σωπάτρῳ
1798 4988 1894 5040 καὶ
1925 4989 1954 5041 ὁ
1976 4983 2280 5047 δωδέκατος
2307 4982 2417 5037 τῶν
2445 4981 2721 5052 συλλογῶν
2750 4982 2933 5046 πόνος.

1607 5125 1693 5181 VA
1703 5125 1842 5183 RUE
1874 5121 2285 5181 LECTIONES.

371 5213 419 5246 “
450 5212 704 5282 ποταμοῦ
757 5213 824 5267 Α.
937 5214 978 5247 ν’
1011 5231 1072 5267 τε
1100 5216 1226 5269 add.
1258 5217 1328 5271 A.

1404 5219 1448 5249 ¹⁸
1478 5219 1836 5272 ἐπιπίπτουσι
1861 5237 1922 5285 ς.

2013 5217 2184 5288 ινκαι
2214 5225 2337 5285 post
2368 5215 2402 5288 ἢ
2430 5229 2543 5272 om,
2573 5230 2657 5286 pr.
2693 5218 2763 5288 Α,
2849 5217 2896 5249 ὀ
2923 5217 3092 5271 οἰκίαι
3123 5211 3210 5271 AC
3237 5233 3252 5272 :
3281 5211 3491 5276 οἰκείας
3528 5229 3591 5277 ςο

301 5283 342 5313 ²¹
391 5283 835 5354 Ἐπαμεινώνδου
865 5301 928 5349 ς’.
1002 5287 1049 5316 ’⁸
1075 5284 1197 5357 τῆς]
1224 5289 1324 5357 τῆς
1355 5287 1450 5342 τοῦ
1483 5307 1544 5354 ς.
1624 5290 1670 5322 ³³
1696 5283 1896 5362 ζωγρ.]
1927 5289 2025 5344 καὶ
2063 5283 2236 5359 ζωγρζ
2264 5304 2326 5352 ς.
2391 5283 2452 5320 ’³⁵
2491 5283 2864 5359 άρίοτονείκον
2890 5287 2957 5342 A.

1825 5404 2057 5462 NOTAE.

374 5495 487 5572 (_8_li
505 5496 573 5552 Et
593 5499 903 5572 montibus;
929 5510 1216 5572 exstatque
1231 5501 1418 5567 hodie,
1437 5501 1530 5556 sed
1555 5501 1779 5558 alterius
1801 5517 1888 5556 cs-

304 5578 364 5619 se
389 5567 668 5638 Plutarchi
695 5572 870 5626 critici
887 5567 1153 5638 iudicant.

377 5637 725 5712 (8%)Qnem
752 5637 942 5696 novem
975 5641 1244 5697 Musarum
1277 5642 1638 5712 appellatione
1671 5643 1891 5697 histori-

309 5706 747 5783 gam__Epitonteu
800 5714 1082 5783 scripsisse
1125 5726 1284 5780 supra
1312 5706 1737 5767 i‘éllllill’ltolius
1767 5714 1890 5767 cod.

309 5772 398 5855 σε.
430 5772 607 5832 Unum
629 5791 811 5855 autem
848 5772 972 5855 hinc
997 5772 1322 5855 elementum
1343 5799 1378 5837 α
1402 5783 1600 5855 fugisse
1629 5783 1892 5855 suspice-

313 5851 519 5903 riscum
552 5851 864 5919 κεφαλαίων
884 5853 954 5909 ibi
979 5854 1154 5909 dictus
1187 5853 1285 5918 sit,
1331 5855 1432 5910 nisi
1457 5851 1596 5925 apud
1622 5851 1773 5912 Suid.
1800 5869 1864 5908 κε

1991 5497 2202 5571 φαλίων
2217 5498 2266 5571 ᾼῆ
2288 5498 2540 5568 κεφάλων
2558 5501 2849 5571 legeretur.

2066 5567 2374 5640 (85),C_iijns
2396 5571 2536 5636 apud
2569 5567 2792 5640 Stiidam
2829 5569 3053 5625 mentio.

2066 5632 2206 5708 (84)
2235 5632 2406 5707 llujus
2434 5632 2620 5707 operis
2673 5638 2864 5696 librum
2910 5655 2963 5694 IV
3007 5642 3076 5696 ab
3097 5641 3356 5696 Athench
3405 5632 3595 5686 lauda-

1993 5718 2105 5765 tum
2140 5710 2380 5777 reperies
2411 5709 2502 5763 lib.
2537 5725 2589 5763 tv
2614 5751 2628 5764 .

2061 5777 2174 5849 (85)
2205 5767 2444 5851 Duorum
2483 5779 2702 5851 nomina
2722 5778 2924 5851 aliquot
2947 5778 3155 5849 collegit
3195 5775 3482 5843 diligenter
3518 5767 3592 5824 Is.

1999 5848 2125 5907 Cas.
2145 5848 2265 5906 eod.
2294 5848 2497 5906 Laertii
2521 5849 2613 5905 lib.
2652 5865 2703 5904 v.
