4090 6430
558 421 657 488 451

1694 418 1958 481 ΡΙΙΟΤΙΙ
1997 419 2510 482 ΡΛΤΗῘΑΒΟΗᾸΞ
2553 422 2662 482 CP.

3750 421 3847 488 452

631 534 877 603 Magnam
926 548 1058 590 sane
1090 533 1377 589 utilitatem
1414 532 1529 587 hzec
1559 531 1864 601 legentibus
1900 532 2146 587 lucubra-

2325 534 2532 607 Πολλὴν
2559 534 2617 588 δὲ
2639 538 2737 604 τὴν
2758 531 2950 603 χρείαν
2978 531 3139 586 τοῦτο
3167 532 3231 604 δὴ
3255 531 3315 586 τὸ
3353 530 3631 603 φιλοπόνη
3642 550 3716 603 μα
3736 538 3840 600 τοῖς

561 630 635 683 tio
678 628 857 682 aﬂ‘ert.
886 627 998 681 Et—si
1028 627 1170 680 enim
1208 625 1407 680 fabulis
1428 666 1443 690 ,
1477 624 1739 695 prodigiis
1761 664 1777 689 ,
1808 626 2106 681 mendaciis
2129 666 2145 691 ,

561 734 728 789 atque
751 718 1157 774 incredibilibus
1187 758 1203 782 ,
1235 727 1293 770 ut
1316 718 1511 786 saepius
1542 732 1570 769 a
1617 732 1704 771 me
1746 717 1946 770 dictum
1969 758 1983 782 ,
2042 732 2147 770 non

556 821 727 873 caret,
765 825 833 864 ex
886 809 969 863 his
1003 809 1130 877 ipsis
1151 818 1329 863 tamen
1356 847 1371 871 ,
1404 804 1539 877 qua:
1569 808 1636 861 ad
1680 808 1881 861 variam
1915 808 2078 861 veluti
2119 823 2151 863 e

558 918 698 972 penu
723 902 905 972 aliquo
961 902 1310 970 premendam
1348 902 1647 955 doctrinam
1704 902 1947 967 faciunt,
1983 902 2145 955 etiam

558 995 625 1047 ad
654 995 910 1049 virtutem
943 1004 1103 1062 atque
1134 992 1475 1046 honestatem
1536 990 1790 1046 facientia
1856 992 2148 1062 decerpere

555 1100 716 1154 quam
738 1083 964 1155 plurima
988 1084 1129 1139 licet.
1149 1085 1230 1137 Ad
1257 1088 1393 1138 bene
1420 1084 1630 1139 dicendi
1663 1100 1789 1139 vero
1809 1082 2146 1150 facultatem,

558 1186 618 1229 ut
648 1176 877 1247 ipsemet
912 1177 979 1231 ad
1015 1178 1220 1231 amicos
1261 1176 1546 1245 praefatur,
1594 1192 1699 1230 non
1733 1179 2006 1232 modicmn
2055 1194 2142 1233 ea-

556 1270 680 1325 dem
738 1268 972 1325 aﬂ‘erunt
1021 1270 1483 1336 emolumentum,
1515 1271 1894 1338 insignemque
1941 1270 2146 1324 utilita-

559 1372 666 1416 tem
704 1360 900 1432 legenti
927 1361 1163 1431 pariunt.
1196 1360 1369 1414 Dictio
1395 1361 1511 1430 ejus
1552 1361 1699 1413 varia
1728 1400 1743 1425 ,
1770 1375 1946 1431 neque
1980 1360 2141 1415 unius

557 1455 782 1518 formas,
815 1452 1026 1506 tametsi
1057 1451 1501 1521 perspicuitatem
1529 1452 1581 1505 in
1614 1450 1865 1506 omnibus
1887 1451 2141 1507 servarit.

1292 1565 1499 1623 CLXII.

555 1660 769 1716 Eusebii
824 1660 1049 1731 episcopi
1088 1659 1569 1732 (Thessalonicm)
1618 1676 1802 1715 contra
1864 1659 2137 1715 Andream

1088 1736 1367 1802 quemdam
1404 1732 1527 1785 libri
1563 1748 1616 1786 κ.

626 1848 776 1905 Lecti
826 1858 950 1904 sunt
980 1847 1197 1903 Eusebii
1246 1848 1559 1917 cujusdam,
1616 1855 1675 1900 ut
1727 1847 1986 1918 dignitate
2021 1844 2138 1916 epi—
2172 1876 2220 1937 Β

552 1943 699 2010 scopi
723 1939 860 2012 (86),
881 1940 962 1994 sic
981 1950 1036 1993 et
1055 1940 1161 1993 fide
1188 1938 1498 2004 orthodoxi,
1522 1939 1706 1991 decem
1743 1936 1863 1991 libri
1887 1936 2145 1990 adversus

551 2037 823 2090 Andream
851 2036 1139 2104 quemdam
1204 2032 1470 2088 inclusum
1494 2032 1606 2102 (87)
1633 2074 1649 2097 ,
1706 2032 1797 2100 qui
1847 2031 2037 2084 horum
2072 2029 2145 2083 illi
2183 2075 2186 2078 .

552 2128 960 2184 scribendorum
1009 2141 1229 2181 causam
1278 2124 1445 2179 dedit.
1485 2124 1791 2193 Scripserat
1850 2125 1992 2177 enim
2060 2122 2147 2176 hic

553 2222 629 2276 ad
659 2220 944 2275 Eusebituu
1018 2217 1340 2289 epistolam,
1396 2231 1555 2286 quam
1624 2215 2148 2287 παραναγνωστικδν

555 2312 861 2367 nominarat
893 2309 1039 2381 (88),
1101 2306 1461 2379 jurejurando
1513 2309 1689 2379 ipsum
1759 2312 1825 2362 ad
1887 2325 2007 2364 eam
2068 2307 2146 2361 le-

552 2404 780 2471 gendam
839 2403 1083 2469 adigens.
1140 2400 1258 2467 Qua
1321 2401 1501 2465 lecta,
1579 2402 1846 2457 Eusebius
1914 2403 2145 2470 primum

554 2494 767 2562 quidem
798 2493 1068 2548 hominem
1116 2492 1398 2563 increpat,
1452 2493 1773 2563 imperitiam
1822 2494 1972 2547 iuxta
2031 2494 2149 2563 ejus

553 2586 704 2656 (89),
757 2600 920 2655 atque
989 2586 1268 2640 audaciam
1325 2587 1751 2655 reprehendens,
1814 2587 2149 2641 ostendendo

549 2671 607 2732 iu
636 2678 767 2743 ipsis
792 2680 953 2733 etiam
972 2678 1190 2746 syllabis
1216 2678 1421 2747 lapsum
1447 2695 1461 2745 ;
1487 2688 1541 2733 et
1563 2695 1681 2732 cum
1697 2693 1914 2733 versum
1940 2679 2148 2732 nullum

552 2771 789 2841 potuerit
806 2774 923 2825 sine
943 2770 1248 2825 solmcismo
1268 2769 1552 2835 facere,'ad
1588 2770 1933 2825 scribendum
1966 2780 2145 2824 tamen

551 2878 673 2919 sese
696 2863 955 2918 extulisse
974 2902 991 2927 ,
1024 2860 1254 2917 instituti
1283 2862 1387 2925 sui,
1413 2861 1643 2915 simulet
1673 2862 1872 2931 quietis
1901 2862 2145 2917 oblitum.

555 2955 873 3010 llaereticam
932 2953 1053 3009 dein
1104 2954 1248 3009 illius
1314 2954 1641 3009 sententiam
1694 2955 1937 3023 pluribus
1987 2954 2149 3009 refel-

554 3050 663 3105 lere
693 3050 1025 3119 aggreditur.
1068 3046 1201 3101 Erat
1224 3047 1366 3101 enim
1416 3048 1505 3101 ille
1539 3062 1606 3101 ex
1649 3062 1838 3101 eorum
1885 3064 2146 3115 numero,

547 3144 637 3215 qui
666 3142 733 3196 ab
760 3142 1000 3209 improba
1018 3155 1179 3210 quam
1215 3139 1467 3194 tenebant
1487 3138 1741 3207 opinione
1762 3179 1777 3201 ,
1822 3140 2151 3207 Apin/carm.

2250 626 2691 693 ἀναγινώσκουσι
2728 624 3066 693 παρέχεταιο
3118 625 3166 676 εί
3204 624 3315 694 γὰρ
3368 623 3469 676 καὶ
3523 623 3711 694 μύθων
3757 628 3847 681 καὶ

2250 718 2498 789 τεράτων
2530 718 2745 788 ψευδῶν
2773 735 2830 770 τε
2864 718 2960 771 καὶ
2999 716 3302 781 ἀπιθάνων,
3346 715 3427 779 ὥς
3464 735 3559 787 μοι
3594 718 3845 783 πολλάκις

2250 810 2490 881 εἴρηται,
2514 811 2575 863 οὐ
2610 810 2928 879 καθαρεύει,
2975 810 3091 864 ἀλλ’
3120 806 3215 861 οὖν
3247 811 3306 862 ὲν
3336 807 3425 872 οἷς
3464 827 3527 862 τε
3577 812 3658 872 είς
3688 810 3846 863 πολυ-

2253 904 2486 971 μάθειαν
2516 906 2580 958 ὲκ
2628 905 2720 957 τοῦ
2762 905 2981 974 ἑτοίμου
3034 905 3298 968 συντελεῖ,
3335 906 3435 957 καὶ
3472 906 3616 977 πρὸς
3646 905 3839 975 ἀρετὴν

2251 998 2346 1049 καὶ
2394 995 2805 1063 καλοκάγαθίαν
2838 996 3069 1049 πλεῖστα
3111 996 3258 1050 ἔστιν
3300 997 3494 1051 αὐτῶν
3546 999 3843 1051 ἀπανθίσα-

2251 1089 2419 1152 σθαι,
2454 1089 2592 1158 πρός
2639 1105 2697 1141 τε
2737 1089 2797 1141 τὸ
2850 1090 3170 1159 ῥητορεύειν
3205 1090 3298 1142 καὶ
3351 1090 3704 1158 σοφιστεύειν
3753 1091 3843 1161 (ὡς

2248 1181 2344 1234 καὶ
2370 1181 2535 1243 αὐτὸς
2558 1183 2672 1244 τοῖς
2698 1181 2939 1251 ἑταίροις
2957 1183 3002 1213 ’⁸
3020 1182 3246 1253 γράφων
3276 1182 3728 1253 προοιμιάζεται)
3749 1185 3842 1237 οὐκ

2248 1275 2539 1346 ἐλαχίστην
2588 1275 2747 1346 φέρει
2803 1277 2978 1347 ῥοπὴν
2996 1278 3061 1340 ³⁸,
3100 1278 3285 1329 ἱκανὸν
3348 1279 3433 1340 είς
3479 1278 3676 1348 χρείαν
3722 1279 3842 1332 καθ-

2248 1370 2501 1440 έστηκεν.
2532 1369 2599 1421 Ἣ
2632 1369 2685 1421 δὲ
2720 1368 2921 1440 φράσις
2959 1369 3109 1439 αὐτῷ
3143 1370 3365 1439 ποικίλη
3406 1374 3504 1422 καὶ
3534 1370 3596 1422 ού
3631 1368 3727 1441 μία
3745 1371 3836 1441 τὴν

2252 1462 2420 1528 ίδέαν,
2449 1464 2495 1515 εἰ
2522 1462 2617 1515 καὶ
2652 1461 2741 1515 διὰ
2775 1462 2956 1531 πάσης
2988 1462 3049 1514 τὸ
3086 1462 3258 1531 σαφὲς
3289 1461 3523 1515 ὥδευεν.

2960 1575 3120 1642 ΡΞΒ’,

2246 1670 2545 1725 Εὑσεὸίου
2593 1669 2929 1723 ἐπισκόπου
2962 1668 3114 1723 κατὰ
3175 1666 3463 1738 Ἀνδρέου
3525 1668 3691 1736 τινὸς
3734 1670 3833 1725 10'-

2940 1758 3031 1810 γοι
3070 1747 3123 1794 ι’.

2330 1852 2778 1926 Ἀνεγνώσθησαν
2810 1852 3071 1907 Εὐσεὸίου
3101 1853 3246 1917 τινὸς
3267 1852 3598 1925 (ἐπίσκοπος
3625 1848 3692 1924 ἦν
3715 1853 3757 1884 ’⁷
3775 1853 3832 1907 τὸ

2247 1948 2468 2018 ἀξίωμα
2517 1946 2614 2000 καὶ
2668 1946 2767 2016 τὴν
2816 1946 3000 2000 πίστιν
3049 1945 3380 2018 ὀρθόδοξος)·
3411 1948 3590 2018 τούτῳ
3629 1947 3772 2016 λόγοι
3802 1951 3830 1999 t'

2249 2043 2391 2095 κατά
2429 2040 2677 2111 Ἀνδρέου
2712 2040 2859 2102 τινὸς
2912 2039 3232 2108 ὲγκλειστοῦ
3263 2040 3711 2111 συνεγράφησαν,
3739 2038 3830 2110 τὴν

2250 2131 2432 2186 αἰτίαν
2468 2130 2727 2193 λαϐόντες
2758 2131 2822 2183 ὲκ
2846 2129 2941 2182 τοῦ
2977 2131 3269 2199 εἰρημένου
3297 2130 3647 2200 ὲγκλειστοῦ.
3670 2122 3828 2194 Οὗτος

2248 2223 2359 2293 γὰρ
2391 2221 2633 2294 ἔγραψεν
2664 2220 2957 2292 ἐπιστολὴν
2989 2221 3236 2292 Εύσεὸίῳ
3282 2222 3826 2295 (παραναγνωστικδν

2248 2315 2307 2369 δὲ
2339 2314 2497 2368 καλεῖ
2516 2314 2616 2385 τὴν
2649 2314 3000 2385 ἐπιστολὴν),
3038 2315 3225 2386 ὅρκοις
3254 2315 3422 2369 αὐτὸν
3458 2316 3540 2379 είς
3571 2315 3670 2387 τὴν
3704 2313 3822 2369 ταύ-

2248 2426 2347 2480 της
2383 2408 2692 2478 ἀνάγνωσιν
2721 2406 3161 2477 ἐκκαλούμενος*
3189 2408 3258 2478 ἥν
3282 2407 3549 2470 Εὐσέϐιος
3572 2406 3827 2474 ἀναγνοὺς

2250 2503 2465 2573 πρῶτον
2503 2502 2602 2571 μὲν
2642 2501 2734 2554 τὸν
2785 2501 3071 2573 ἄνθρωπον
3114 2501 3385 2569 ἐπιτιμᾷ,
3431 2498 3677 2570 ἀμαθίαν
3716 2499 3823 2566 ἅμα

2250 2596 2344 2647 καὶ
2392 2592 2591 2662 θράσος
2625 2590 2921 2655 ἐπικαλῶν,
2975 2590 3070 2643 καὶ
3102 2588 3319 2651 δεικνὺς
3364 2586 3464 2641 καὶ
3499 2586 3629 2657 περὶ
3667 2585 3825 2646 αὐτὰς

2250 2686 2515 2739 πταίοντα
2555 2683 2653 2745 τὰς
2686 2681 2980 2745 συλλαϐὰς,
3019 2682 3116 2734 καὶ
3147 2682 3229 2734 ὅτι
3258 2679 3467 2751 μηδένα
3503 2679 3683 2747 στίχον
3705 2676 3823 2731 ἀσό-

2249 2779 2431 2832 λοικον
2462 2779 2637 2830 εἰπεῖν
2667 2774 3049 2844 δεδυνημένος,
3080 2775 3109 2826 ὁ
3138 2773 3194 2826 δὲ
3223 2772 3317 2825 καὶ⁵
3356 2773 3452 2823 ἐπὶ
3482 2770 3543 2843 το
3597 2767 3826 2837 συγγρά-

2250 2888 2371 2939 φειν
2405 2868 2571 2941 ἤρθη,
2607 2866 2700 2919 τοῦ
2750 2864 3170 2934 ἐπαγγέλματος
3218 2862 3450 2930 καὶτῆς
3501 2861 3560 2912 ὲν
3606 2859 3821 2927 ἀσκήσει

2251 2962 2484 3034 ἡσυχίας
2530 2958 2998 3027 ἐπιλελησμένος·
3063 2952 3181 3008 εἶτα
3230 2954 3290 3006 τὸ
3340 2951 3624 3025 αἱρετικὸν
3670 2946 3822 3003 αὑτοῦ

2252 3056 2513 3127 φρόνημα
2540 3053 2626 3106 διὰ
2655 3049 2868 3103 πολλῶν
2898 3048 3218 3117 ἁπελέγχει.
3245 3042 3360 3100 Ἦν
3390 3046 3449 3099 δὲ
3480 3046 3588 3115 ἄρα
3619 3044 3723 3096 τῶν
3746 3040 3824 3093 λε-

2249 3148 2500 3217 γομένων
2530 3144 2637 3201 ἀπὸ
2659 3145 2758 3214 τῆς
2789 3142 3002 3211 φαύλης
3022 3142 3181 3211 δόξης
3207 3141 3313 3192 τῶν
3346 3137 3825 3211 ἐχόντωνἊρθαρ-

547 3238 744 3290 docetw
766 3233 893 3303 (90)
928 3241 1058 3288 sunt
1111 3232 1259 3286 dicti.
1316 3230 1555 3285 Primum
1591 3231 1773 3298 itaque
1801 3233 2038 3285 ostendit
2068 3228 2142 3285 illi

2248 3237 2608 3306 τοδοκητῶν.
2625 3238 2733 3290 Καὶ
2756 3235 2972 3307 πρῶτον
3000 3236 3099 3305 μὲν
3121 3234 3399 3288 δείκνυσιν
3422 3232 3587 3286 αὐτὸν
3610 3227 3824 3288 εὐθύνας

547 3328 815 3385 rationem
838 3340 961 3382 esse
992 3324 1362 3391 reddendam,
1418 3338 1515 3377 cur
1560 3323 1612 3376 in
1650 3338 1755 3376 una
1789 3324 2051 3378 duntaxat
2073 3325 2145 3379 si-

547 3420 901 3491 gnilicatione
929 3417 1282 3486 corruptionis
1321 3415 1582 3469 vocabulo
1631 3425 1887 3484 accepto,
1924 3415 1990 3468 de
2028 3416 2144 3470 solo

551 3515 603 3569 id
645 3520 870 3584 peccato
917 3509 1023 3565 dici
1054 3509 1353 3563 arbitretur
1408 3526 1422 3563 :
1458 3523 1577 3562 cum
1615 3522 1714 3561 suo
1750 3509 2140 3563 vocabulorum

549 3623 647 3661 usu
674 3592 845 3660 sancti
871 3602 1061 3657 Patres
1092 3599 1445 3665 tradiderint,
1475 3602 1541 3655 ad
1577 3602 1752 3655 varias
1806 3604 2028 3656 omnino
2054 3617 2145 3657 res

550 3701 690 3754 hanc
710 3711 895 3752 vocem
918 3694 1155 3749 extendi.
1190 3691 1461 3759 Secundo,
1502 3694 1643 3762 quod
1710 3694 2049 3759 immortale,
2089 3702 2144 3748 et

551 3790 876 3861 irnpatibile,
907 3796 960 3842 et
992 3786 1399 3855 incorrttptihile
1427 3801 1492 3839 ex
1517 3786 1631 3854 ipsa
1659 3787 1906 3842 unitione
1941 3802 2143 3855 corpus

548 3882 749 3938 Christi
782 3880 993 3935 Domini
1030 3878 1263 3943 dixerit,
1295 3878 1750 3947 quemadmodum
1806 3888 1854 3933 ct
1896 3878 2142 3935 Julianus

550 3989 716 4029 ausus
735 3973 847 4045 (9i)
870 3982 953 4027 est
968 3984 1236 4033 asserere,
1254 3984 1376 4024 cum
1391 3980 1569 4024 tamen
1585 3972 1638 4025 in
1660 3973 1844 4027 eadem
1874 3973 1974 4026 hac
1993 3970 2141 4026 amr-

550 4077 661 4122 met
687 4064 914 4136 epistola
943 4076 1131 4119 contra
1174 4064 1433 4119 Severum
1457 4063 1795 4119 etJulianum
1818 4105 1833 4129 ,
1860 4065 2001 4118 hunc
2022 4078 2050 4117 a
2082 4079 2142 4119 se

548 4165 860 4224 susceptum
897 4168 1019 4208 esse
1072 4151 1347 4219 laborem,
1394 4162 1452 4207 ut
1482 4153 1570 4222 qui
1605 4154 1738 4207 duas
1774 4164 2032 4219 naturas,
2057 4152 2141 4206 vel

546 4248 885 4304 substantias
932 4247 1066 4301 duas
1091 4245 1144 4298 in
1174 4244 1389 4302 Christo
1432 4246 1617 4302 dicere
1668 4262 1771 4299 non
1804 4246 2138 4311 sustineant,

547 4356 723 4410 neque
768 4341 901 4396 duas
945 4312 1324 4411 proprietates:
1346 4354 1520 4408 neque
1553 4339 1796 4393 actiones
1826 4337 1983 4390 duas.
2003 4334 2141 4389 Ter-

549 4439 625 4489 tio
652 4435 793 4506 quod
815 4435 1005 4491 Adami
1035 4450 1233 4505 corpus
1281 4443 1492 4489 asserat
1521 4442 1648 4486 ante
1686 4431 1892 4499 lapsum
1919 4470 1936 4496 ,
1965 4443 2141 4498 neque

551 4529 751 4599 105b
785 4528 1017 4584 mortale
1037 4542 1160 4583 esse
1185 4528 1483 4587 conditum,
1516 4539 1690 4593 neque
1723 4532 1912 4592 suapte
1946 4531 2137 4575 natura

546 4623 934 4693 corruptibile,
966 4632 1027 4677 ut
1063 4621 1318 4675 nimirum
1349 4633 1413 4672 ex
1449 4618 1571 4682 hoc,
1596 4630 1694 4684 pro
1710 4616 1898 4682 °ipsius
1925 4614 2132 4682 opinio-

546 4726 619 4768 ne
640 4752 656 4778 ,
691 4713 820 4767 illttd
853 4713 979 4767 item
1013 4719 1370 4780 sequeretur,
1426 4706 1702 4760 Christum
1734 4705 2015 4759 Dominum
2066 4720 2132 4759 ex

546 4807 662 4877 ipsa
689 4806 1077 4879 conjunctione
1109 4798 1522 4871 incorruptibile
1560 4813 1759 4868 corpus
1782 4838 1798 4866 ,
1835 4808 1999 4867 atque
2031 4798 2133 4852 im-

2249 3334 2518 3403 ὑπέχοντα
2543 3371 2559 3397 ,
2592 3330 2675 3383 ὅτι
2716 3328 2916 3400 μονοσή
2929 3344 3130 3398 μαντον
3162 3326 3223 3379 τὸ
3255 3326 3362 3396 τῆς
3399 3324 3605 3395 φθορᾶς
3631 3318 3824 3387 ἐξειλη-

2247 3425 2363 3495 φὼς
2404 3424 2576 3494 ὄνομα
2625 3424 2719 3475 ἐπὶ
2770 3422 2938 3492 μόνης
2969 3420 3248 3491 ἁμαρτίας
3298 3421 3477 3473 οἴεται
3522 3413 3819 3471 τάττεσθαι.

2244 3514 2354 3566 τῶν
2385 3514 2555 3582 ἁγίων
2583 3513 2845 3582 Πατὲρων
2870 3511 3049 3582 ἡμῶν,
3100 3509 3166 3563 δι’
3206 3504 3283 3564 ὧν
3328 3514 3459 3574 ταῖς
3489 3510 3691 3578 φωναῖς
3721 3506 3820 3557 ἁπ-

2245 3606 2575 3676 εχρήσαντο,
2636 3603 2780 3657 κατὰ
2831 3604 3108 3673 διαφόρων
3164 3603 3518 3673 πραγμάτων
3570 3598 3692 3672 [179
3733 3592 3818 3665 Η.]

2244 3697 2404 3752 τοῦτο
2447 3698 2508 3750 τὸ
2554 3696 2727 3768 ὄνομα
2760 3696 3027 3767 φέρεσθαι
3080 3696 3576 3766 παραδεδωκότων.
3604 3693 3656 3744 B'
3685 3688 3820 3744 ὃτι¹⁸

2244 3788 2519 3843 ἀθάνατον
2547 3790 2646 3842 καὶ⁹
2672 3789 2884 3851 ἀπαθὲς
2936 3788 3031 3841 καὶ
3074 3786 3355 3859 ἄφθαρτον
3403 3787 3464 3854 ἐξ
3530 3784 3698 3852 αὐτῆς
3743 3782 3821 3833 ὲν-

2244 3882 2432 3944 ώσεως
2465 3882 2525 3933 τὸ
2566 3881 2726 3952 σῶμα
2758 3880 2851 3933 τοῦ
2884 3879 3122 3949 Κυρίου,
3152 3880 3340 3950 ὥσπερ
3362 3880 3407 3912 ²⁹
3457 3880 3485 3932 ὁ
3528 3871 3818 3935 Ἰουλιανὸς,

2245 3973 2546 4042 ἐτόλμησεν
2598 3971 3007 4041 ἀποφήνασθαι,
3054 3970 3232 4024 καίτοι
3252 3970 3295 4001 ³ο
3335 3967 3734 4035 διατεινόμενος
3764 3960 3818 4011 ἐν

2244 4064 2395 4133 αὐτῷ
2440 4064 2518 4134 τῷ
2549 4065 2840 4134 γράμματι
2871 4063 3011 4116 κατὰ
3047 4061 3290 4132 Σεδήρου
3307 4061 3349 4092 ⁸⁸
3404 4060 3502 4114 καὶ
3542 4048 3817 4111 Ἰουλιανοῦ

2243 4156 2335 4209 τὸν
2374 4154 2617 4208 τοιοῦτον
2678 4153 2827 4223 αὐτῷ
2878 4151 3315 4221 διαπεπονῆσθαι
3361 4151 3545 4212 πόνον,
3597 4146 3689 4200 ατε
3732 4140 3818 4194 δύο

2244 4246 2490 4318 φύσειςῆ
2522 4246 2617 4299 δύο
2649 4246 2840 4309 οὐσίας
2870 4246 2967 4298 ἐπὶ
2995 4244 3233 4314 Χριστοῦ
3264 4245 3443 4298 εἰπεῖν
3476 4241 3699 4295 ἐκείνων
3725 4233 3817 4286 οὐκ

2242 4338 2612 4408 ἀνεχομένων,
2645 4336 2767 4389 οὐδὲ
2795 4334 2891 4389 δύο
2925 4335 3221 4405 ἰδιότητας,
3249 4335 3372 4389 οὐδὲ
3403 4333 3500 4387 δύο
3532 4324 3814 4401 ἐνεργείαςο

2243 4429 2298 4482 I"
2323 4430 2407 4482 ὅτι
2434 4428 2542 4499 πρὸ
2567 4428 2664 4498 τῆς
2695 4427 3069 4498 παραϐάσεως
3097 4427 3159 4479 τὸ
3181 4426 3275 4481 τοῦ
3308 4428 3485 4497 Ἀδὰμ
3515 4423 3673 4491 σῶμα
3703 4415 3815 4471 οὔτε

2244 4522 2436 4592 θνητὸν
2466 4522 2617 4589 λέγει
2671 4520 3075 4575 διαπεπλάσθαι
3104 4519 3229 4573 οὔτε
3264 4519 3507 4599 φθαρτὸν
3535 4515 3713 4587 φύσει,
3754 4506 3814 4562 ἶν’

2243 4615 2310 4668 ἐκ
2341 4614 2533 4667 τούτου
2579 4613 2703 4667 καθ’
2730 4613 2850 4667 ὁδὸν
2879 4613 3030 4684 αὐτῷ
3046 4613 3089 4644 ⁸³
3124 4614 3353 4686 χωρήσῃ
3381 4612 3445 4664 τὸ
3469 4611 3563 4664 καὶ
3586 4609 3673 4662 τὸν
3699 4604 3815 4673 Χρι·

2245 4704 2371 4757 στὸν
2405 4705 2464 4769 ἐξ
2490 4705 2663 4775 αὐτῆς
2699 4705 2948 4767 ἑνώσεως
2983 4705 3144 4774 σῶμα
3174 4703 3456 4774 ἄφθαρτον
3486 4694 3814 4769 ἀνειληφέναι

2242 4799 2335 4850 καὶ
2382 4798 2617 4862 ἀπαθὲς,
2673 4797 2791 4851 δέον
2847 4797 2941 4851 καὶ
2998 4799 3141 4850 νοεῖν
3187 4798 3283 4849 καὶ
3317 4796 3500 4866 λέγειν
3536 4794 3612 4855 ὡς
3637 4790 3697 4843 τὸ
3725 4779 3811 4838 τοῦ

1838 4956 2078 5014 VARUE
2128 4958 2536 5015 LECTIONES.

616 5087 660 5118 η
690 5083 901 5155 ἑτέροις
930 5099 994 5155 ς2
1072 5076 1120 5155 ’ξ
1133 5073 1325 5155 ’ῥοπὴν
1353 5071 1450 5155 καί
1481 5071 1664 5125 ἱκανὸν
1692 5088 1770 5155 QQ
1832 5066 1977 5155 "'ijv
2013 5074 2107 5155 A_:_
2127 5064 2281 5155 οἶξτος
2306 5067 2460 5155 ᾖνῇς.
2495 5145 2507 5155 ⁵
2538 5073 2583 5105 ³⁸
2607 5071 2713 5143 ὅτι]
2747 5070 3046 5155 οίξβιιίιίηξ
3069 5088 3120 5128 v.
3155 5070 3446 5135 Ἰουλιανὸς
3477 5054 3811 5135 ’Λλικαρνασ’

546 5156 692 5221 σεύς.
784 5143 838 5187 ἠ
866 5143 1059 5222 κυρίου
1095 5143 1311 5213 ἐξεῖπεν
1342 5143 1534 5213 ὥσπερ
1562 5159 1623 5208 ς.

1725 5142 1770 5173 ⁸⁰
1799 5142 1979 5196 καίτοι
2006 5144 2132 5198 add.
2162 5145 2229 5199 Α.
2306 5145 2347 5177 ³¹
2376 5145 2618 5216 Σευήρου
2660 5142 2724 5208 ς.

2802 5143 2846 5174 ³³
2873 5143 3039 5197 αὑτοῦ
3066 5161 3131 5207 ς.

2046 5279 2290 5336 NOTAE.

617 5403 1173 5489 (86):[|le_§_83lgniw
1192 5438 1209 5467 ,
1234 5406 1297 5457 ut
1324 5407 1378 5456 te
1400 5396 1618 5454 docebit
1644 5395 1707 5449 Β.
1738 5396 1966 5467 Gregor.
1988 5394 2133 5466 Mag.

544 5476 967 5556 epidemus.
997 5476 1052 5531 9.
1944 5536 1956 5548 .
2002 5537 2014 5550 .

620 5548 1090 5623 (87)Mouachum
1115 5542 1203 5600 ad.
1231 5542 1291 5599 S.
1310 5541 1537 5597 Paulum
1591 5537 1894 5604 Romae,ut
1944 5539 2015 5592 tbi
2067 5535 2131 5590 Β.

544 5626 706 5691 Greg.

545 5750 762 5821 diverso
781 5750 859 5812 ἐι
898 5750 1224 5812 altrinsecus
1250 5772 1369 5809 cum
1398 5750 1625 5809 aliorum
1651 5751 1873 5820 scriptis
1894 5750 2124 5817 legatur,

547 5844 603 5888 ut
637 5850 697 5887 ea
728 5833 867 5885 inter
904 5844 965 5883 se
990 5838 1407 5897 componantur.

622 5902 726 5975 (89
752 5901 772 5974 )
814 5890 1129 5972 lmperituui
1157 5898 1455 5955 litterarum
1477 5938 1492 5966 ,
1523 5905 1578 5954 et
1611 5893 1805 5951 divinae
1834 5890 2131 5963 Scriptura:

2243 5395 2483 5450 nescium
2517 5395 2836 5464 appellatB.
2873 5395 3036 5463 Greg.
3074 5410 3191 5464 sup.

2317 5448 2426 5528 ίθθ
2521 5448 2689 5533 (idem
2716 5467 2867 5520 dicas
2884 5448 3311 5535 iiitcorritptionis
3369 5470 3665 5535 assertores.
3732 5448 3799 5500 De

2240 5537 2437 5606 quibus
2456 5531 2714 5606 legendus
2742 5535 2969 5605 Niceph.
2999 5534 3098 5588 lib.
3119 5531 3237 5590 'xvtt
3262 5578 3278 5604 ,
3298 5551 3421 5602 cap.
3451 5531 3538 5585 29.

2312 5606 2408 5672 (91
2446 5610 2461 5675 )
2508 5593 2694 5675 Ϊῦριεε.
2746 5593 3278 5672 ΗυΙίἇυι-ηυεεοιιεὶεξ
3316 5593 3405 5675 qui
3445 5616 3562 5655 cum
3612 5593 3796 5675 Severo

618 5660 731 5764 δέ)
761 5684 1389 5758 Quasijnxtalegendum
1412 5685 1672 5764 scriptum
1696 5679 1872 5762 dicas,
1894 5677 2042 5764 Iquod
2065 5694 2133 5733 ex
2236 5660 2678 5758 Chalcedonense
2712 5679 2997 5764 concilium
3032 5660 3795 5764 prac‘dicere'abnueusnﬁ.1::

2236 5728 2642 5816 gii.’.a5.‘.a"a;.;;;:
2656 5728 2808 5804 'sc'de
2826 5728 3045 5816 ausus“
3073 5728 3192 5814 esi,
3214 5728 3283 5802 ἰιι
3308 5728 3323 5731 ⁷
3340 5744 3413 5801 ait
3436 5728 3700 5796 Liberatus
3744 5728 3792 5780 in

2236 5814 2543 5885 Breviario,
2583 5814 2715 5889 cap.
2748 5818 2835 5874 19.
