4090 6460
256 452 357 516 453
406 516 415 529 ,η

1380 436 1901 498 BIBLIOTHECA.
1945 434 2106 495 COD.
2160 431 2390 493 CLXII.

3407 419 3513 484 454

268 558 438 627 Ἀδὰμ
467 555 628 626 σῶμα
662 551 854 623 θνητὸν
880 545 950 623 ἦν
988 549 1148 619 φύσει
1182 547 1278 602 καὶ
1322 547 1587 618 παθητὸν,
1624 546 1747 614 θείᾳ
1774 544 1831 596 δὲ
1863 595 1867 604 ,

1974 540 2159 595 atibile
2193 538 2569 606 assumpsisse.
2604 536 2706 593 Ubi
2777 535 3117 590 sentiendum
3155 534 3255 603 ipsi
3306 534 3512 587 fuerat.

256 652 435 721 χάριτι
469 647 738 702 ἀθάνατον
788 641 1172 713 διεφυλάττετο
1220 639 1317 692 καὶ
1367 636 1601 701 ἀπαθὲς,
1638 636 1831 707 μέχρις

256 742 319 796 ἂν
346 739 487 795 αὐτὸ
515 740 549 808 ἡ
599 735 915 806 παράϐασις
961 734 1061 803 τῆς
1109 730 1361 801 φυλακῆς
1398 727 1827 796 ἁπεγύμνωσεν·

255 833 399 887 οὕτω
460 833 572 901 γὰρ
634 831 731 883 καὶ
782 828 811 880 ὁ
853 826 962 879 τῶν
1010 823 1183 893 ἁγίων
1239 822 1399 892 χορὸς
1448 819 1829 888 ἀποφαίνεται.

242 886 307 979 ³ιδ’
334 928 422 980 ὅτι
447 886 552 979 τὸν.
568 921 813 990 παρόντα
843 919 1047 988 κόσμον
1060 886 1352 986 ’ἄφθαρτον
1401 913 1497 967 καὶ
1530 886 1835 980 ἀνώλεθρον

258 1020 428 1086 λέγει,
458 1018 579 1071 δέον
610 1015 814 1068 εἰδέναι
857 1013 939 1065 ὅτι
979 1009 1218 1080 φθαρτός
1254 1009 1371 1059 ἐστι
1406 1005 1500 1059 καὶ
1525 1001 1835 1063 ἀλλοιωτός.

260 1110 370 1166 Καὶ
396 1109 443 1141 ³⁸
501 1107 663 1175 ἕτερα
696 1104 753 1156 δὲ
804 1103 901 1155 σὺν
956 1099 1166 1162 τούτοις
1213 1097 1484 1164 κεφάλαια
1537 1094 1681 1146 κατὰ
1736 1090 1839 1160 τὴν

261 1201 490 1274 πρώτην
517 1195 859 1265 ἀντιγραφὴν
885 1195 914 1246 6
942 1192 1261 1254 ἐπίσκοπος,
1285 1188 1350 1241 τὰ
1374 1185 1473 1257 μὲν
1498 1183 1746 1274 ἀσαφῶς,
1772 1179 1842 1233 τὰ

260 1294 315 1346 δὲ
348 1292 397 1323 ⁸⁵
449 1287 790 1361 βλασφήμως
844 1281 1154 1349 ἀπελέγξας
1209 1279 1426 1350 ἔχοντα,
1479 1273 1841 1346 διορθωθῆναι

263 1381 702 1452 παρηγγυήσατο
721 1375 767 1408 ³⁸
798 1372 890 1427 τὸν
928 1371 1207 1443 Ἀνδρέαν.

337 1638 475 1711 [545
508 1635 603 1708 R.]
645 1634 704 1690 Ὀ
733 1633 790 1688 δὲ
841 1630 1135 1699 δεξάμενος
1169 1628 1266 1698 τὴν
1311 1626 1404 1680 ἐπὶ
1454 1628 1519 1696 τῇ
1563 1622 1847 1694 διορθώσει

271 1729 600 1800 παραίνεσιν
650 1726 745 1778 ἐπὶ
795 1723 855 1776 τὺ
906 1725 1087 1793 χεῖρον
1137 1719 1440 1782 ἀπέκλινε,
1494 1716 1589 1769 καὶ
1645 1714 1850 1785 βιϐλίον

268 1823 526 1893 δεύτερον
572 1817 896 1881 συνέταξεν,
941 1816 1000 1867 ὲν
1033 1808 1077 1881 ᾧ
1116 1813 1212 1865 καὶ
1258 1812 1328 1865 τὰ
1379 1808 1851 1880 προγεγραμμένα

1939 642 2103 701 atque
2153 631 2439 684 dicendum
2483 629 2677 683 Adami
2712 642 2906 697 corpus
2924 626 3151 680 mortale
3181 625 3395 693 quidem
3415 637 3517 677 ua-
3546 674 3617 686 γρ

1940 732 2061 778 tura
2103 738 2199 777 sua
2238 722 2439 785 fuisse,
2476 736 2540 775 ac
2589 718 2847 789 patibile,
2880 732 3065 773 verum
3112 716 3291 770 divina
3343 714 3520 785 gratia

1940 813 2245 870 immortale
2279 822 2440 881 atque
2469 812 2537 865 im
2554 812 2771 880 patibile
2803 810 3151 872 custoditum,
3187 809 3359 861 donec
3395 818 3518 858 eum

1941 906 2313 975 prmvaricatio
2336 904 2578 959 custodia
2613 904 2703 956 illa
2745 900 2996 972 pt’ivavit.
3028 900 3154 954 Haec
3211 899 3354 951 enim
3389 911 3521 951 con-

1942 1011 2066 1049 cors
2102 1007 2187 1050 est
2207 1005 2516 1050 sanctorum
2553 993 2770 1047 Patrum
2790 993 3076 1047 sententia.
3108 991 3343 1056 Quarto,
3377 988 3520 1056 quod

1945 1088 2088 1142 hunc
2118 1088 2375 1142 mundum
2417 1086 2901 1156 iucorruptibilem,
2936 1084 3295 1149 interitusque
3323 1094 3522 1150 exper-

1947 1189 2053 1235 tem
2090 1188 2334 1245 asserat,
2376 1194 2497 1234 cum
2535 1177 2831 1232 tenendum
2868 1177 2936 1231 sit
2971 1172 3378 1242 corruptibilem
3398 1186 3521 1223 eum

1949 1287 2093 1337 esse,
2139 1282 2301 1341 atque
2351 1271 2684 1327 mutabilem.
2718 1268 2877 1322 Plura
2904 1267 2953 1321 id
2987 1282 3154 1337 genus
3182 1264 3283 1318 alia
3315 1263 3525 1331 capita,

1949 1366 2127 1433 prima
2160 1365 2261 1417 hac
2285 1363 2639 1432 responsione
2668 1360 2982 1429 episcopus,
3019 1357 3212 1427 partim
3262 1355 3489 1409 obscure
3509 1393 3526 1417 ,

1952 1456 2146 1525 partim
2176 1454 2488 1522 blaspheme
2516 1452 3106 1522 dictalreprebendeus,
3127 1449 3398 1517 corrigere
3417 1447 3530 1500 haec

1954 1548 2141 1601 eadem
2175 1545 2445 1599 Andream
2486 1544 2796 1598 cohortatus
2826 1551 2932 1596 est.

2034 1633 2224 1688 Verum
2265 1634 2372 1697 ille,
2404 1642 2622 1702 accepta
2656 1632 2719 1685 de
2759 1627 3113 1685 emendandis
3138 1627 3250 1679 suis
3282 1625 3531 1678 admoni-

1959 1727 2122 1789 tione,
2160 1727 2211 1778 in
2267 1725 2541 1777 sinistram
2576 1722 2874 1785 inclinavit,
2906 1733 2959 1774 et
3001 1718 3269 1771 deteriora
3305 1716 3535 1779 arripuit

1958 1820 2089 1888 (92).
2118 1818 2359 1870 Alterum
2384 1816 2524 1868 enim
2554 1830 2673 1867 mox
2709 1814 2904 1867 librum
2930 1813 3166 1881 scripsit,
3190 1826 3296 1877 quo
3325 1806 3535 1876 planius

270 1916 425 1988 αὐτῷ
442 1915 489 1946 ³⁸
516 1911 850 1980 πλατύτερον
876 1907 972 1961 xal.
1003 1905 1099 1978 (ὡς
1132 1904 1326 1973 οἴεται)
1356 1904 1423 1957 δι’
1453 1901 1784 1967 ἀποδείξεων
1810 1898 1851 1929 ³⁷

1972 1926 2023 1967 ea
2073 1925 2194 1978 qua:
2224 1910 2373 1979 prius
2410 1915 2733 1973 asseruerat,
2761 1915 2815 1961 et
2854 1914 2933 1968 (ut
2962 1901 3277 1971 arbitratur)
3316 1901 3536 1955 demon-

271 2009 591 2078 συγκροτεῖ.
616 2002 754 2058 Καθ’
789 1998 850 2055 οὗ
875 1999 941 2071 δὴ
970 2000 1066 2052 καὶ
1089 1998 1187 2069 τὴν
1221 1998 1343 2065 είρη
1355 1995 1523 2065 μένην
1557 1993 1852 2059 δεκάλογον

269 2104 296 2153 6
326 2097 568 2168 εὐσεϐὴς
597 2093 854 2154 Εὐσέϐιος
887 2090 1194 2156 συντάττει,
1240 2090 1307 2142 δι’
1340 2082 1408 2159 ἦς
1436 2086 1650 2156 ἐλέγχει
1675 2086 1719 2117 ³⁸
1753 2084 1852 2155 μὲν

273 2190 441 2244 αὐτὸν
470 2188 549 2252 ὡς
580 2186 653 2259 μὴ
685 2183 984 2255 ἁρεσθέντα
1011 2187 1094 2253 τῷ
1126 2182 1225 2251 τῆς
1267 2180 1505 2243 πίστεως
1538 2180 1670 2250 ὅρῳ,
1700 2177 1759 2229 ὃν
1798 2177 1856 2229 αἱ

274 2284 431 2351 ἅγιαι
492 2279 741 2344 ἐξέθεντο
789 2275 1033 2341 σύνοδοι,
1088 2273 1225 2327 ίδίαν
1271 2271 1329 2325 δέ
1384 2288 1508 2324 τινα
1567 2267 1859 2340 τολμηρῶς

277 2372 690 2441 συνταξάμενον
744 2367 959 2423 ἔκθεσιν
1009 2366 1282 2428 πίστεως·
1341 2359 1460 2417 εἶτα
1512 2364 1569 2417 δὲ
1624 2362 1721 2416 καὶ
1775 2362 1859 2415 ὅτι

279 2466 452 2521 πολλὰ
481 2465 595 2518 τῶν
641 2463 811 2533 ἁγίων
832 2463 876 2495 ³⁸
925 2458 1322 2530 ἀποσπαράξας
1361 2457 1502 2527 ῥητὰ
1551 2458 1646 2509 καὶ
1679 2472 1860 2525 παρα-

279 2554 655 2625 ποιησάμενος
697 2552 778 2615 είς
822 2549 921 2621 τὴν
975 2549 1111 2603 ίδίαν
1155 2546 1425 2618 ὑπόληψιν
1456 2546 1859 2611 agamagam“,

280 2649 374 2699 καὶ
402 2647 489 2698 ὅτι
527 2642 870 2697 ἐναντιοῦται
913 2644 978 2712 τῇ
1012 2657 1071 2693 τε
1109 2640 1205 2710 νέᾳ
1244 2641 1337 2692 καί
1366 2638 1574 2709 παλαιᾷ
1590 2637 1632 2669 ⁸¹
1670 2638 1861 2708 Γραφῇ

281 2737 376 2790 καὶ
404 2738 526 2797 τοῖς
574 2734 751 2802 ἁγίοις
784 2731 941 2803 ἡμῶν
990 2731 1269 2800 Πατράσιν
1312 2729 1590 2799 ἄφθαρτον
1625 2729 1717 2780 καὶ
1771 2729 1866 2780 ἀν-

282 2828 524 2898 ώλεθρον
555 2826 649 2879 τὸν
682 2824 885 2894 κόσμον
913 2821 1307 2888 δοξάζων.Ἒτι
1330 2820 1385 2871 δὲ
1414 2821 1509 2871 καὶ
1536 2820 1618 2872 ὅτι
1645 2817 1744 2887 τὴν
1766 2817 1865 2871 ἁλι

281 2918 505 2972 λοίωσιν
537 2917 634 2968 καὶ
662 2915 1143 2984 μεταστοιχείωσιν
1194 2911 1290 2964 καλ⁸
1321 2911 1505 2981 ρεὓσιν
1541 2909 1868 2978 εὐδιάϐλητσι

287 3005 427 3062 εἶναι
454 3007 612 3074 λέγει
646 3005 834 3073 ὥσπερ
866 3004 936 3057 τὰ
964 3004 1072 3057 ἀπὸ
1111 3002 1310 3063 κακίας
1338 2999 1484 3071 πάθη
1509 3041 1523 3064 ,
1556 3000 1651 3052 καὶ
1679 2998 1746 3071 δὴ
1775 2999 1872 3052 καὶ

285 3102 377 3154 διὰ
418 3099 587 3152 τοῦτο
618 3097 708 3150 τὸν
728 3098 772 3127 δ’
807 3094 1016 3166 Κύριον
1068 3093 1228 3164 ἡμῶν
1266 3092 1476 3163 Ἰησοῦν
1506 3090 1742 3159 Χριστὸν
1772 3090 1871 3143 άν-

1954 2004 2218 2059 stratioue
2268 2003 2499 2070 quadam
2549 2001 2764 2055 astruit.
2797 2001 2854 2054 lu
2904 2015 3062 2066 quem
3116 1998 3310 2051 librum
3349 1996 3537 2051 decem

1956 2098 2081 2161 bos,
2140 2096 2216 2149 uti
2261 2095 2525 2160 diximus,
2581 2096 2700 2163 pius
2746 2092 2834 2147 ille
2862 2091 3123 2145 Eusebius
3168 2087 3538 2156 conscripsit:

1958 2189 2154 2257 quibus
2203 2187 2394 2255 probat
2426 2187 2598 2255 ipsum
2651 2200 2755 2237 non
2786 2190 3100 2236 contentum
3135 2181 3240 2235 illis
3276 2179 3396 2233 ﬁdei
3430 2187 3541 2232 ter-

1960 2281 2141 2341 minis,
2177 2295 2312 2349 quos
2359 2294 2515 2333 sacra
2558 2278 2789 2333 concilia
2831 2276 3169 2339 statuissent,
3214 2273 3543 2343 peculiarem

1961 2370 2244 2439 quamdam
2274 2369 2395 2423 ﬁdei
2434 2369 2825 2437 expositionem
2854 2368 3111 2421 audacter
3136 2364 3501 2433 composuisse
3523 2377 3542 2416 :

1963 2460 2128 2515 multa
2182 2475 2397 2529 quoque
2458 2469 2773 2515 Sanctorum
2828 2459 3049 2513 Patrum
3104 2459 3241 2512 dicta
3293 2458 3549 2524 decerpta

1966 2562 2127 2620 atque
2161 2552 2483 2615 adulterata,
2524 2553 2574 2605 vi
2616 2552 2667 2605 in
2703 2566 2853 2605 suam
2881 2552 3173 2606 detersisse
3202 2549 3548 2604 sententiam.

1967 2640 2146 2696 Veteri
2172 2643 2237 2693 ad
2262 2641 2393 2705 lure,
2415 2653 2468 2695 et
2491 2641 2637 2694 Novo
2667 2640 3033 2705 Testamento,
3060 2642 3265 2694 sanctis
3290 2638 3546 2691 Patribus

1968 2747 2089 2787 eum
2138 2732 2433 2795 adversari,
2489 2734 2613 2786 dum
2647 2732 3111 2800 incorruptibilem
3165 2741 3222 2785 et
3271 2736 3550 2800 expertem

1970 2824 2220 2879 interitus
2275 2824 2532 2876 mundum
2599 2824 2812 2877 asserit.
2869 2822 3222 2876 Mutationem
3292 2830 3548 2891 praeterea

1971 2914 2143 2979 illum,
2176 2915 2728 2981 transformationem,
2760 2930 2824 2970 ac
2856 2914 3081 2977 ﬂuxum,
3114 2914 3555 2984 reprehendenda

1972 3021 2091 3062 esse
2121 3007 2319 3072 dicere,
2348 3021 2451 3059 nou
2486 3008 2665 3060 minus
2689 3022 2849 3076 quam
2882 3007 2985 3059 illa).
3014 3021 3135 3074 quae
3161 3020 3227 3059 ex
3260 3003 3557 3058 vitiositate

1974 3107 2153 3151 crtum
2181 3099 2381 3151 habent
2415 3098 2786 3165 perpessiones
2820 3112 2924 3163 ;ac
2960 3097 3235 3151 Christum
3275 3104 3558 3164 propterea

287 3190 589 3245 αλλοίωτον
619 3188 715 3241 καὶ
752 3187 963 3249 ἀπαθὲς
995 3186 1090 3239 καὶ
1140 3184 1416 3253 ἄφθαρτον
1445 3183 1539 3236 καὶ
1572 3183 1867 3253 ἄῤῥευστον

1982 3186 2264 3240 Dominum
2299 3196 2540 3239 nostrum
2600 3187 2931 3241 immutabile
2985 3202 3200 3255 corpus,
3248 3195 3408 3254 atque
3456 3185 3561 3238 im-

290 3281 589 3335 ἁναλαϐεῖν
620 3279 801 3349 σῶμα.
821 3244 1122 3330 Καὶνπάλιν
1151 3244 1376 3329 είπόντα
1408 3244 1677 3341 διελέγχει
1707 3271 1867 3324 ἀΐδιοι

1983 3278 2220 3348 patibile.
2252 3289 2305 3331 et
2334 3278 2731 3347 incorruptum,
2769 3279 3095 3348 minimeque
3120 3280 3316 3331 ﬂuxum
3345 3293 3558 3332 assum-

291 3376 386 3428 καὶ
418 3374 706 3442 ἄφθαρτον
756 3371 853 3424 καὶ
906 3370 1173 3440 ἀγένητον
1205 3370 1296 3421 τὸν
1326 3368 1551 3437 κόσμον,
1580 3366 1679 3433 τὴν
1705 3364 1761 3418 δὲ
1790 3365 1879 3416 λε-

293 3468 542 3538 γομένην
577 3463 715 3534 πρὸς
746 3462 806 3515 τὸ
835 3462 1007 3515 ἀΐδιον
1053 3461 1220 3514 αὐτοῦ
1270 3457 1754 3530 μεταστοιχείωσιν
1803 3456 1879 3526 μὴ

294 3554 752 3626 παραδεχόμενον
776 3592 791 3617 ,
835 3552 931 3604 ἆτε
962 3552 1057 3604 καὶ
1101 3550 1272 3619 αὐτῆς
1306 3550 1417 3602 τῶν
1446 3548 1815 3616 εὐδιαϐλὴτων
1834 3547 1881 3578 ⁵³

298 3651 494 3705 παθῶν
518 3648 652 3718 παρ’
675 3645 824 3716 αὐτῷ
849 3642 1333 3713 δογματιζομένης.
1354 3643 1463 3695 Καὶ
1492 3642 1575 3695 ὅτι
1600 3639 1694 3692 τοῦ
1712 3638 1883 3707 Ἀδὰμ

299 3742 591 3811 ἄφθαρτον
647 3738 742 3793 καὶ
795 3735 1063 3789 ἀθάνατον
1110 3734 1252 3787 κατὰ
1296 3732 1457 3803 φύσιν
1518 3732 1615 3786 καὶ
1673 3731 1884 3793 ἀπαθὲς

296 3830 706 3899 διαπλασθῆναι
749 3828 897 3895 λέγει
927 3826 988 3879 τὸ
1037 3825 1220 3896 σῶμα,
1274 3825 1369 3877 κα)⁸
1415 3824 1474 3876 οὐ
1510 3822 1668 3877 τοῦτο
1702 3823 1881 3892 μόνον,

301 3926 417 3981 ἄλλ’
471 3922 699 3995 ὅτιικαὶ
750 3921 911 3985 αὐτὸς
958 3921 986 3973 6
1031 3918 1161 3989 χοῦς
1209 3917 1487 3987 ἄφθαρτος
1514 3912 1602 3988 ἦν,
1640 3916 1697 3982 ἐξ
1736 3908 1798 3969 οὗ
1825 3914 1885 3967 τὸ

303 4017 469 4088 σῶμα
502 4012 829 4083 διεπλάσθη.
861 4010 1031 4065 Πάλιν
1061 4010 1277 4079 ἐλέγχει
1325 4008 1488 4060 αὐτὸν
1539 4007 1886 4077 μονοσήμαν-

301 4127 397 4162 τον
430 4109 496 4160 τὸ
513 4105 627 4173 ἐῆς
664 4100 888 4173 φθορᾶς
914 4103 1083 4171 ὄνομα
1113 4098 1455 4169 ἐξειληφότα,
1482 4099 1538 4150 ἐν
1570 4092 1613 4166 ᾧ
1646 4099 1738 4151 καὶ
1776 4096 1886 4149 δεί-

303 4216 505 4254 κνυσιν
540 4198 623 4250 ὅτι
645 4196 768 4249 οὐτε
813 4194 1020 4265 φθορᾶς
1047 4192 1172 4246 οὐτε
1197 4191 1428 4244 θανάτου
1463 4189 1585 4242 οὐτε
1611 4188 1704 4241 τοῦ
1742 4187 1884 4241 κατὰ

301 4290 509 4345 κακίαν
558 4287 767 4349 πάθους
790 4325 807 4351 ,
853 4284 969 4338 ἀλλ’
1012 4283 1132 4337 οὐδὲ
1162 4283 1273 4336 τῶν
1299 4279 1694 4352 ἁμαρτητικῶν
1728 4280 1886 4346 λογι-

305 4383 472 4453 σμῶν
514 4378 729 4441 οὐδενὸς
776 4375 985 4430 τούτων
1018 4374 1351 4445 δημιουργὸς
1411 4371 1647 4441 ὑπάρχει
1679 4373 1707 4424 6
1733 4370 1885 4434 Θεὸς,

304 4473 356 4523 εί
393 4467 499 4523 καὶ
519 4467 630 4519 τῶν
663 4463 921 4535 φθαρτῶν
968 4463 1063 4515 καὶ
1087 4462 1195 4514 τῶν
1211 4461 1259 4493 ⁸³
1289 4460 1499 4531 θνητῶν
1532 4458 1729 4513 οὐσιῶν
1757 4458 1890 4512 καθ-

306 4564 519 4631 ἔστηκε
564 4554 927 4627 δημιουργός·
976 4554 1160 4605 ἐκεῖνα
1191 4552 1300 4621 γὰρ
1341 4551 1469 4624 [180
1518 4549 1610 4622 IL]
1642 4550 1753 4603 τῶν
1798 4550 1891 4602 ἀν-

1986 3370 2177 3440 psisse.
2215 3369 2451 3426 Rursum
2485 3381 2663 3425 autem
2706 3385 2828 3425 cum
2859 3374 3223 3439 reprebeudit,
3260 3374 3385 3426 dum
3419 3369 3565 3424 allir-

1988 3468 2101 3514 mat
2132 3462 2387 3514 mundum
2422 3461 2562 3514 hunc
2588 3470 2848 3515 aeternum
2889 3476 3028 3527 esse,
3055 3472 3109 3516 et
3142 3462 3560 3533 iugenerabiletn

1989 3563 2153 3621 atque
2201 3552 2663 3620 iucorruptibilcm
2706 3569 2721 3619 ;
2755 3568 2931 3622 neque
2964 3564 3140 3609 tamen
3173 3554 3561 3609 elementorum

1990 3644 2133 3698 illam
2166 3647 2666 3699 trausmutationem
2705 3647 2917 3717 recipit,
2950 3664 3070 3714 quae
3111 3649 3178 3702 ad
3210 3647 3562 3702 aeternitatem

1992 3736 2135 3789 illius
2158 3736 2592 3789 constituendam
2617 3736 2857 3803 affertur,
2885 3749 3067 3807 utpote
3088 3742 3230 3807 quod
3256 3739 3370 3793 bmc
3402 3740 3564 3793 etiam

1992 3827 2134 3880 inter
2172 3827 2289 3881 illas
2344 3829 2621 3895 passiones
2644 3829 2749 3893 sit,
2779 3846 2912 3898 quas
2960 3830 3412 3900 reprehensibiles
3465 3832 3567 3886 illae
3598 3894 3603 3899 ι

1992 3935 2113 3975 esse
2137 3929 2285 3974 certo
2319 3922 2491 3975 docet.
2533 3923 2733 3977 Deinde
2766 3926 2907 3993 quod
2945 3926 3211 3978 Adamum
3256 3927 3571 3995 incorrupto

1994 4020 2048 4065 et
2085 4010 2378 4065 immortali
2433 4022 2622 4081 suapte
2667 4016 2738 4077 vi,
2772 4025 2826 4068 et
2860 4016 3138 4084 impatibili
3183 4031 3418 4086 corpore
3456 4017 3568 4072 elli-

1993 4111 2139 4155 ctum
2192 4101 2389 4156 dicat:
2443 4103 2543 4156 hoc
2594 4106 2825 4172 amplius
2872 4107 3089 4171 addito,
3139 4108 3313 4177 ipsum
3358 4124 3571 4178 quoque

1997 4198 2154 4245 terrae
2181 4190 2373 4255 lutum,
2414 4209 2480 4248 ex
2512 4209 2618 4262 quo
2651 4194 2935 4249 formatum
2981 4212 3178 4265 corpus
3208 4208 3344 4266 erat,
3379 4216 3571 4255 corru-
3642 4202 3653 4209 ’

1994 4281 2196 4350 ptiouis
2233 4299 2426 4353 expers
2471 4284 2658 4340 fuisse.
2692 4285 3059 4355 Reprehendit
3096 4290 3344 4345 eumdem
3374 4292 3571 4347 iterum

1996 4371 2138 4439 quod
2173 4373 2529 4441 corruptionis
2585 4375 2865 4443 vocabulo,
2898 4378 3108 4431 unicam
3147 4379 3409 4435 duntaxat
3444 4383 3577 4436 sub-

1996 4477 2116 4518 esse
2170 4466 2443 4520 notionem
2478 4469 2793 4523 asseruerit.
2830 4468 2930 4524 Ubi
2981 4472 3144 4525 etiam
3181 4472 3310 4527 illud
3350 4474 3577 4528 demon-

1997 4560 2158 4617 strat,
2213 4569 2387 4623 neque
2444 4557 2829 4627 corruptionis,
2885 4559 3045 4630 106
3090 4577 3122 4613 a
3168 4576 3340 4628 neque
3388 4564 3578 4615 monis

306 4626 679 4720 υπάρκτωνλε
712 4647 831 4699 ἐστὶ
858 4645 957 4699 καὶ
988 4642 1110 4697 καθ’
1155 4642 1325 4696 ἑαυτὰ
1365 4643 1441 4712 μὴ
1488 4642 1722 4711 ἐχόντων
1759 4640 1865 4694 ὑπό

1972 4644 1975 4667 ’
2004 4659 2180 4713 neque
2206 4645 2410 4701 vitiosm
2439 4647 2667 4714 alicujus
2701 4651 2987 4716 passionis,
3022 4652 3115 4706 sed
3152 4626 3328 4720 neque
3351 4653 3575 4721 culpan-

310 4757 537 4796 στάσιν.
569 4730 709 4791 Ἔτι
731 4735 790 4789 δὲ
818 4734 1084 4803 διελέγχει
1117 4733 1280 4786 αὐτὸν
1326 4732 1390 4786 τὸ
1442 4731 1705 4799 κυριακὸν
1735 4731 1895 4801 σῶμα

310 4834 378 4899 ἐξ
410 4830 591 4900 αὐτῆς
635 4827 883 4889 ἐνὼσεως
934 4825 1148 4888 ἀπαθὲς
1181 4825 1278 4878 καὶ
1311 4822 1590 4893 ἄφθαρτον
1616 4823 1709 4875 καὶ
1737 4823 1898 4877 ἀναλ-

311 4924 549 4978 λοίωτον
575 4919 1012 4988 ἀποφαινόμενον
1033 4934 1046 4949 ·
1076 4917 1216 4984 ὅπερ
1256 4914 1343 4968 ἵνα
1372 4914 1635 4987 συστήσῃ,
1676 4913 1751 4978 ὡς
1783 4914 1895 4967 sva.

317 5031 474 5087 μισε,
520 5011 793 5066 δείκνυσιν
837 5009 997 5062 αὐτὸν
1028 5008 1124 5061 καὶ
1161 5007 1262 5078 τὴν
1297 5004 1466 5076 ἄλλην
1503 5004 1737 5059 ἀτοπίαν
1767 5006 1895 5078 περί

310 5121 377 5158 τε
406 5100 510 5154 τοῦ
548 5101 755 5169 κόσμου
806 5097 1022 5151 καὶτοῦ
1060 5096 1234 5165 Ἀδὰμ
1266 5093 1742 5174 ἀποφθέγξασθαι.
1783 5096 1903 5148 Δεί-

2002 4734 2194 4789 darum
2249 4737 2463 4805 quidem
2505 4741 2887 4809 cogitationum
2915 4754 3187 4797 auctorem
3234 4758 3353 4799 esse
3388 4745 3575 4811 Deum,

2004 4827 2216 4880 tametsi
2256 4828 2684 4897 corruptibilium
2723 4847 2786 4886 ac
2820 4833 3125 4888 mortalium
3150 4838 3578 4893 substantiarum

2003 4925 2193 4970 auctor
2220 4919 2448 4971 exsistat
2476 4937 2492 4974 :
2541 4922 2683 4989 quod
2714 4922 2800 4976 illa
2843 4924 2908 4978 de
2939 4939 3041 4979 non
3070 4927 3441 4982 exsisteutium
3474 4944 3580 4983 nu-

2004 5022 2152 5061 mero
2192 5008 2323 5074 sint,
2358 5019 2413 5062 et
2442 5023 2537 5078 per
2567 5025 2625 5063 se
2658 5013 2767 5079 ipsa
2800 5013 3209 5069 subsistentiam
3252 5016 3449 5070 nullam
3479 5018 3578 5072 ha-

2000 5096 2183 5153 beant.
2220 5097 2407 5167 Carpit
2442 5100 2567 5154 item
2606 5101 2874 5155 Andream
2897 5143 2913 5167 ,
2958 5107 3098 5172 quod
3132 5106 3333 5160 Christi
3368 5106 3579 5163 Domini

316 5208 489 5249 κνυσι
517 5191 576 5246 δὲ
604 5192 663 5244 έν
686 5188 872 5260 ταύτῷ
898 5191 927 5243 6
950 5187 1207 5252 Εὐσέϐιος
1234 5187 1329 5245 καὶ
1365 5186 1427 5239 τὸ
1450 5185 1550 5255 τῆς
1575 5185 1780 5259 φθορᾶς
1810 5203 1867 5239 xc

2006 5202 2204 5257 corpus
2243 5206 2311 5244 ex
2347 5192 2460 5260 ipsa
2497 5192 2658 5247 Verbi
2700 5195 2945 5251 unitioue
2988 5197 3302 5268 itupatibile,
3332 5198 3582 5255 incorru-

1672 5342 1918 5400 VARIE
1966 5342 2378 5402 LECTlONES.’

395 5441 447 5473 ³³
470 5438 566 5493 καὶ
590 5452 699 5493 om.
726 5436 792 5491 A.
866 5435 914 5468 “
941 5435 1024 5501 δὲ]
1048 5435 1104 5488 δὲ
1132 5436 1228 5490 καὶ
1251 5455 1311 5501 ς.

320 5529 416 5635 χει
449 5511 493 5564 Α
530 5527 544 5563 :
574 5510 727 5590 λέγει
754 5524 817 5571 ς.

364 5595 506 5635 unus
535 5598 548 5633 :
577 5578 699 5632 ltbrt
729 5577 817 5630 ὲνδ

1417 5437 1463 5469 ³⁵
1496 5436 1925 5506 παρεγγυήσατο
1951 5436 2015 5492 Α.

2118 5439 2165 5471 ³⁸
2191 5438 2341 5520 αὐτῷ
2372 5453 2482 5520 om.
2510 5455 2594 5520 pr.
2724 5512 2735 5520 -
2789 5444 2834 5475 ³⁷
2859 5444 3178 5520 ἀποδείξεως
3197 5468 3255 5514 ς’.
3348 5453 3393 5485 ³⁸
3429 5452 3583 5520 ἐλέγ-

920 5506 963 5592 ξθ
992 5505 1279 5592 ἁγίωνἈΞ
1314 5505 1458 5592 ξδίων
1494 5524 1554 5592 ςς.
1580 5505 1587 5506 “
1612 5506 1677 5592 ⁸⁸⁸
1707 5507 2082 5592 παρεϐιάσατο
2117 5526 2179 5592 ς.
2249 5505 2538 5592 ςξπαλέιιᾷ
2562 5514 2656 5592 καὶ
2681 5512 2776 5592 νέᾳ
2806 5533 2865 5579 ς.
2954 5517 2997 5592 ⁸)
3023 5505 3346 5592 εὐδιάϐλητοι
3382 5505 3585 5578 Casau-

343 5570 506 5635 ioutts
535 5598 548 5633 :
577 5570 699 5632 libri
729 5570 1069 5646 ὲνδιάϐλητα.
1150 5576 1195 5608 ⁸³
1221 5574 1334 5648 τὸν]
1364 5578 1459 5629 καὶ
1484 5570 1577 5629 τὸν
1600 5575 1667 5630 Α.
1744 5570 1867 5629 ⁸⁸⁷τὲ

1972 5577 2072 5632 tdd.
2104 5570 2170 5632 Ᾱ.
2248 5578 2292 5612 ⁸⁵
2315 5595 2405 5634 an.
2427 5570 2567 5637 forte
2593 5570 2989 5654 ἑνυπᾶρκτωνῖ

1862 5685 2100 5745 NOTIE.

326 5850 429 5906 ﬁn.

408 5782 517 5853 (92)
566 5781 743 5850 Quare
776 5794 874 5836 nec
920 5782 1086 5840 multo
1116 5794 1239 5856 post
1276 5785 1559 5840 damnatus
1602 5783 1659 5839 in
1689 5782 1883 5842 concil.
1923 5782 2103 5849 llom.,
2146 5795 2203 5841 ut
2239 5786 2404 5845 refert
2447 5788 2594 5845 card.
2632 5788 2831 5847 Baron.
2880 5792 2947 5847 ad
2979 5806 3103 5847 anu.
3159 5792 3286 5849 Chr.
3323 5792 3444 5860 601,
3482 5768 3582 5851 θευι»
