4090 6432
553 417 661 482 455

1685 412 1951 475 ΡΗΟἹῚΙ
1980 413 2487 475 PATRIARCHE
2522 414 2630 478 CP.

3723 416 3818 480 456

556 525 766 600 ptibile,
815 533 871 580 et
900 523 1347 580 incommutabile
1389 522 1636 593 dixerit;
1671 524 2019 593 ostenditque
2064 525 2145 594 ip-

2257 526 2602 599 καταφθορᾶς
2625 527 2721 581 καὶ
2747 526 2812 598 δὴ
2839 528 2935 581 καὶ
2957 526 3005 560 ⁸⁸
3029 526 3134 597 τῆς
3176 525 3475 599 διαφθορᾶς
3531 523 3702 598 ὄνομα
3735 528 3821 587 ἐπὶ

556 637 677 676 sunt
720 620 786 673 ad
820 621 920 674 hoc
956 617 1361 683 stabiliendum,
1393 627 1453 670 ut
1492 617 1711 687 quidem
1742 617 1985 686 putabat,
2014 616 2144 670 reii-

556 728 664 783 qna
709 712 796 765 illa
838 712 906 765 de
952 710 1176 776 mundo,
1209 718 1263 763 et
1295 710 1503 763 Adamo
1554 710 1791 764 absurde
1837 709 2143 763 tradidisse.

558 807 907 861 Demonstrat
942 814 1118 857 autem
1152 804 1341 857 eodem
1390 803 1493 858 hoc
1540 803 1592 857 in
1643 818 1807 873 opere
1853 803 2142 869 Eusebius,

558 909 690 967 quot
723 897 1045 967 quantisque
1069 896 1377 951 notionibus
1412 897 1774 965 corruptionis
1804 896 2061 951 vocabula
2089 896 2142 950 in

559 1004 735 1043 sacris
786 987 1005 1041 Litteris
1057 996 1408 1055 usurpentur.
1456 987 1669 1041 Etenim
1705 984 1811 1039 dici
1844 985 1919 1039 ait
1952 985 2019 1039 de
2047 1000 2147 1039 tta-

561 1079 827 1133 turalibus
859 1078 1191 1147 minimeque
1234 1076 1695 1146 reprehendendis
1742 1074 2145 1143 aﬂ'ectionibns,

561 1182 617 1225 et
642 1173 707 1225 de
740 1170 946 1235 labore,
969 1169 1176 1233 morbo,
1207 1180 1369 1236 atque
1392 1178 1674 1223 senectute
1700 1168 1977 1238 usurpari.
2013 1167 2147 1223 Nam

562 1271 618 1314 et
644 1263 1029 1317 adolescentiae
1052 1262 1331 1330 corruptio
1357 1273 1611 1314 senectus
1640 1272 1745 1326 est,
1775 1271 1832 1314 ut
1859 1271 1913 1315 et
1931 1260 2147 1315 labores

562 1352 1025 1423 fatigationesque
1074 1354 1237 1407 robur
1280 1355 1525 1421 corporis
1566 1353 1875 1407 destruunt.
1943 1352 2150 1407 Dicitur

564 1447 788 1511 insuper
843 1446 907 1498 de
964 1446 1207 1514 corporis
1268 1446 1558 1500 alllictione
1619 1448 1670 1500 in
1726 1446 2031 1509 Asceticis.
2086 1463 2149 1504 ac

563 1538 789 1605 Spiritali
853 1540 1169 1591 certamine.
1232 1536 1323 1593 Sic
1381 1540 1524 1593 enim
1584 1540 1726 1608 loqui
1778 1542 2146 1613 Apostolum:

570 1648 588 1683 ι
625 1627 778 1684 Licet
832 1631 897 1696 is,
934 1634 1025 1701 qni
1086 1634 1218 1688 foris
1261 1642 1362 1699 est,
1420 1644 1604 1687 noster
1629 1637 1789 1689 homo
1828 1652 2149 1706 corrumpa-

565 1738 654 1782 tur
680 1767 694 1793 ,
733 1739 907 1781 tamen
961 1729 1025 1789 is,
1058 1727 1148 1796 qui
1186 1727 1331 1780 intus
1385 1738 1486 1789 est,
1527 1738 1821 1781 renovatur
1877 1730 1941 1782 de
1982 1731 2066 1783 die
2094 1730 2147 1782 in

564 1826 704 1880 diem
734 1844 747 1879 :
786 1843 804 1875 ι
853 1835 908 1878 et
938 1840 1059 1893 quae
1110 1833 1435 1891 sequuntur.
1463 1823 1722 1877 Adhiberi
1763 1839 1977 1893 quoque
2010 1824 2151 1879 alliu-

565 1926 677 1971 mat
734 1918 786 1969 in
839 1916 985 1970 illata
1038 1918 1251 1983 corpori
1305 1915 1618 1978 afﬂictione,
1647 1917 1763 1969 sive
1813 1916 1866 1970 in
1923 1915 2044 1970 tabe
2098 1927 2152 1972 et

562 2007 754 2078 plagis,
795 2017 957 2076 atque
1001 2008 1302 2075 punitione.
1334 2006 1446 2060 Dici
1478 2021 1608 2060 vero
1638 2015 1691 2060 et
1740 2007 1808 2061 de
1855 2023 1995 2061 noxa
2036 2009 2153 2064 sive

562 2111 735 2175 partis
764 2107 877 2157 sive
906 2101 1069 2155 totius
1110 2102 1162 2153 in
1196 2099 1584 2158 animantibus.
1621 2099 1827 2153 semine
1869 2115 1933 2153 ac
1963 2099 2152 2168 stirpi-

562 2199 665 2251 hns
696 2214 712 2250 :
744 2198 853 2250 imo
884 2194 1022 2247 etde
1064 2200 1237 2245 morte
1287 2191 1425 2259 ipsa.
1462 2191 1665 2245 Adhmc
1695 2190 1763 2245 de
1797 2191 2155 2247 dissolutione

564 2289 841 2355 usurpari,
877 2300 939 2338 ac
970 2285 1034 2337 de
1068 2283 1212 2335 llttxn
1253 2297 1564 2352 corporum,
1592 2299 1709 2352 qua:
1748 2283 1894 2337 humi
1923 2284 2156 2341 conditis

564 2379 813 2433 accidere
838 2376 993 2430 solet.
1016 2374 1279 2429 Praeterea
1308 2376 1372 2427 de
1396 2374 1586 2428 vitiosa
1630 2389 1845 2444 quoque
1867 2376 1919 2429 in
1952 2376 2154 2429 malum

563 2468 872 2531 atl'ectiuue,
922 2468 1039 2520 sive
1086 2468 1150 2521 de
1196 2465 1454 2534 peccatis.
1488 2465 1591 2519 Tot
1640 2466 1804 2535 igitur
1833 2467 2007 2521 mndis
2037 2484 2155 2521 cor-

562 2562 825 2629 ruptionis
863 2574 1058 2614 nomen
1100 2559 1345 2612 adhiberi
1382 2574 1503 2612 cum
1545 2560 1737 2629 possit,
1775 2558 1982 2628 lapsum
2033 2574 2158 2614 csse

563 2654 763 2708 merito
809 2654 1079 2705 Andream
1133 2650 1389 2716 ostendit,
1425 2652 1515 2720 qui
1548 2667 1710 2704 unam
1767 2652 2031 2707 duntaxat
2073 2654 2157 2709 his

562 2744 805 2798 v0cibus
837 2744 1061 2798 subesse
1088 2742 1536 2810 signiﬁcationem
1567 2744 1867 2800 tradiderit.

633 2835 933 2893 Confirmat
957 2839 1151 2893 deinde
1168 2838 1332 2893 hasce
1371 2852 1499 2891 suas
1554 2838 2021 2908 Reprehensiones
2046 2839 2160 2894 eli-

563 2935 677 2991 bris
698 2950 868 2989 sacrae
884 2930 1404 3001 Scripturaa,veteris
1412 2931 1593 3000 juxta,
1616 2946 1678 2984 ac
1697 2932 1817 2985 novi
1834 2931 2162 2987 instrumen-

565 3030 641 3083 ti:
679 3027 903 3082 Patrum
927 3027 1054 3078 item
1079 3023 1501 3078 lectissimorum
1528 3023 2159 3090 sententiis,Athanasii,

561 3131 619 3176 et
665 3122 829 3173 trium
895 3116 1305 3185 Gregoriorum,
1351 3115 1835 3181 admirandnrum,
1904 3116 2158 3183 inquam,

2246 618 2411 673 τίνων
2438 621 2535 674 καὶ
2580 621 2766 675 πόσων
2800 621 3226 692 σημαινομένων
3255 623 3289 691 ἡ
3319 620 3441 673 θεία
3472 619 3667 690 Γραφὴ
3700 621 3822 675 ἀπο-

2246 712 2484 782 δέχεται,
2520 713 2615 767 καί
2643 731 2813 785 φησιν
2838 714 2920 769 ὅτι
2959 715 3186 785 φέρεται
3217 713 3316 782 μὲν
3342 712 3572 766 ἐπὶτῶν
3595 714 3825 782 φυσικῶν

2248 808 2344 857 καὶ
2371 804 2715 877 ἀδιαϐλήτων
2758 805 2972 869 παθῶν,
3007 806 3103 859 καὶ
3141 805 3233 857 ἐπί
3272 821 3332 857 τε
3362 803 3471 856 τῶν
3518 802 3626 856 ἀπὸ
3664 805 3822 858 κόπου

2248 901 2344 953 καὶ
2375 899 2628 970 καμάτου
2668 900 2765 953 καὶ
2809 900 3014 971 γήρους
3032 898 3078 930 ⁸⁷
3100 917 3114 931 ·
3154 898 3251 952 καὶ
3281 900 3388 969 γὰρ
3424 896 3603 969 φθορὰ
3636 898 3731 967 μὲν
3767 898 3822 952 τὺ

2248 993 2431 1063 γῆρας
2483 992 2738 1062 νεότητος
2788 994 2882 1046 καὶ
2925 992 2976 1044 οί
3028 991 3191 1044 κόποι
3236 991 3424 1044 δὲκαὶ
3475 989 3708 1060 κάματοι
3736 989 3822 1043 τοῦ

2251 1085 2569 1155 σωματικοῦ
2599 1086 2779 1139 τόνου.
2815 1086 2938 1138 Ἔτι
2966 1085 3022 1137 δὲ
3050 1084 3144 1137 ἐπὶ
3164 1084 3208 1115 ⁸⁸
3240 1083 3341 1154 τῆς
3373 1081 3471 1136 τοῦ
3507 1082 3753 1152 σώματος
3771 1084 3823 1136 ὲν

2249 1177 2477 1248 ἀσκήσει
2514 1178 2608 1231 καὶ
2642 1179 3039 1246 πνευματικοῖς
3068 1175 3245 1245 ἀγῶσι
3285 1173 3701 1238 ταπεινώσεως
3737 1176 3822 1229 καὶ

2248 1272 2359 1341 γάρ
2410 1288 2577 1341 φησιν
2621 1272 2650 1324 ὁ
2692 1268 3047 1333 Ἀπόστολος·
3118 1288 3136 1321 ι
3174 1268 3299 1321 Ei“
3333 1269 3430 1322 καὶ
3474 1270 3503 1321 ὀ
3546 1267 3651 1333 ἔξω
3679 1266 3823 1337 ἡμῶν

2250 1362 2542 1433 ἄνθρωπος
2572 1362 2879 1433 φθείρεται,
2926 1360 3045 1415 ἀλλ’
3092 1362 3121 1414 ὀ
3166 1360 3275 1414 ἔσω
3325 1359 3767 1423 ἁνακαινοῦνται,
3802 1377 3820 1412 ι

2250 1456 2346 1510 καὶ
2381 1456 2508 1526 ἑξῆς
2524 1456 2590 1510 ⁵ο.
2618 1455 2887 1527 Φέρεσθαι
2934 1455 2991 1508 δέ
3027 1471 3160 1525 φησι
3211 1454 3304 1507 καὶ
3354 1452 3451 1506 ἐπὶ
3487 1451 3591 1522 τῆς
3624 1453 3825 1521 ἐγγινο-

2253 1548 2424 1619 μένης
2455 1546 2533 1617 τῷ
2572 1546 2786 1617 σώματι
2820 1546 3208 1609 ταπεινώσεως
3246 1544 3366 1614 ἦτοι
3396 1544 3685 1613 τηκεδόνος
3726 1544 3825 1597 ἀπό

2250 1657 2411 1692 τινων
2439 1638 2635 1692 αίκιῶν
2660 1639 2754 1690 καὶ
2777 1637 3054 1692 κολάσεων
3075 1653 3088 1666 ·
3133 1635 3214 1689 ἔτι
3236 1635 3294 1688 δὲ
3326 1636 3422 1688 καὶ
3457 1635 3553 1687 ἐπὶ
3576 1634 3672 1706 τῆς
3705 1633 3825 1705 βλά-

2252 1733 2354 1802 ϐης
2399 1732 2500 1803 τῆς
2532 1730 2892 1802 ἐγγινομένης
2927 1734 3038 1795 τοῖς
3074 1731 3236 1796 ζώοις
3273 1732 3369 1784 καὶ
3406 1729 3688 1802 σπέρμασι
3741 1728 3826 1782 καὶ

2255 1823 2465 1889 φυτοῖς,
2517 1822 2619 1890 τῆς
2668 1839 2730 1875 τε
2771 1821 3005 1892 μερικῆς
3045 1822 3140 1874 καὶ
3174 1823 3274 1890 τῆς
3325 1819 3586 1873 καθόλου.
3617 1818 3691 1871 Ού
3731 1816 3827 1888 μὴν

2255 1914 2393 1968 ἀλλὰ
2424 1915 2516 1968 καὶ
2544 1914 2633 1967 ἐπ’
2660 1915 2827 1968 αὑτοῦ
2855 1914 2949 1969 τοῦ
2983 1914 3219 1969 Θανάτου
3254 1914 3315 1967 τὸ
3352 1913 3527 1983 ὄνομα
3557 1909 3825 1982 φέρεσθαι,

2254 2010 2350 2063 καὶ
2395 2009 2476 2062 ἔτι
2521 2010 2691 2081 χωρἰς
2724 2009 2833 2061 τῶν
2869 2008 3185 2079 εἰρημένων
3215 2009 3309 2061 ἐπὶ
3332 2007 3377 2039 ⁸⁸
3408 2006 3508 2077 τῆς
3550 2004 3828 2066 διαλύσεως

2254 2104 2351 2157 καὶ
2382 2102 2621 2172 ρεύσεως
2650 2101 2761 2155 τῶν
2790 2102 3063 2171 σωμάτων
3094 2102 3192 2170 τῆς
3243 2103 3303 2154 ὲν
3332 2101 3447 2163 τοῖς
3475 2099 3667 2167 τάφοις
3705 2114 3829 2168 συμ-

2257 2194 2579 2265 ϐαινούσηςο
2629 2192 2765 2246 ἀλλὰ
2814 2194 2910 2246 καὶ
2962 2192 3176 2263 παρὰ⁵¹
3211 2190 3388 2245 ταῦτα
3439 2189 3533 2244 ἐπὶ
3566 2187 3661 2242 τοῦ
3699 2184 3828 2239 κατὰ

2256 2286 2458 2339 κακίαν
2488 2284 2695 2348 πάθους
2719 2285 2839 2354 ἢτοι
2862 2282 2971 2336 τῶν
3005 2282 3448 2353 ἁμαρτημάτων.
3483 2274 3828 2346 Τοσαυταχῶς

2257 2377 2409 2432 οὖν⁵³
2458 2376 2572 2446 τῆς
2606 2376 2835 2446 φθορᾶς
2874 2376 2971 2431 καὶ
3016 2374 3370 2444 καταφθορᾶς
3410 2373 3508 2428 καὶ
3548 2368 3843 2456 διαφθορᾶς.

2256 2469 2632 2539 λαμϐάνεσθαι
2680 2467 2989 2539 δυναμένης
3020 2464 3148 2539 [548
3183 2464 3278 2538 IL]
3324 2467 3552 2527 εἰκότως
3587 2459 3829 2532 διεσφάλ-

2259 2562 2348 2615 θαι
2375 2562 2613 2616 δεικνύει
2643 2560 2737 2614 τὸν
2765 2560 3024 2631 Ἀνδρέαν
3052 2561 3127 2624 ὡς
3162 2557 3501 2631 μονοσὴμοις
3531 2556 3827 2625 ἀποκεχρη-

2264 2656 2424 2727 μένον
2455 2658 2575 2719 ταῖς
2600 2655 2805 2722 λέξεσι.

2332 2834 2677 2906 Παρατίθησι
2700 2834 2761 2887 δὲ
2784 2832 2885 2897 τὰς
2915 2831 3061 2887 κατὰ
3090 2833 3219 2897 τοὺς
3252 2830 3513 2903 ἐλέγχους
3542 2824 3830 2891 ἀποδείξεις

2262 2926 2328 2980 ἔκ
2354 2945 2414 2980 τε
2443 2927 2541 2998 τῆς
2564 2926 2774 2990 θείαςσδ
2805 2927 3051 2997 Γραφῆς,
3080 2925 3325 2989 Παλαιᾶς
3357 2942 3417 2978 τε
3445 2924 3540 2977 καὶ
3568 2920 3725 2984 Νέας,
3748 2916 3831 2969 καὶ

2263 3022 2328 3073 ὲκ
2351 3019 2457 3073 τῶν
2489 3018 2730 3087 λογάδων
2765 3018 2911 3072 Πατέ
2921 3037 3050 3089 ρων,
3069 3017 3392 3072 Ἀθανασίου
3424 3015 3519 3070 καὶ
3544 3014 3650 3067 τῶν
3675 3006 3829 3080 τριῶν

2262 3099 2605 3187 Γρηῖὀρέωνν
2656 3113 2750 3167 τοῦ
2782 3130 2839 3165 τε
2858 3116 2903 3146 ⁸⁵
2947 3110 3369 3183 θαυματουργοῦ
3422 3110 3568 3178 λέγω
3615 3104 3705 3161 καὶ
3746 3098 3830 3154 τοῦ

564 3213 710 3268 illius
746 3211 1061 3281 patratoris,
1095 3218 1148 3263 et
1173 3208 1417 3278 Gregorii
1444 3207 1724 3277 Theologi,
1761 3224 1823 3263 ac
1857 3208 1999 3263 beati
2026 3209 2152 3280 Nys-

2265 3207 2532 3275 (θεολόγου
2565 3205 2660 3261 καὶ
2688 3204 2784 3259 τοῦ
2816 3204 3110 3277 θεσπεσίου
3161 3204 3416 3273 Νύσσης,
3470 3197 3744 3255 Βασιλείου
3779 3208 3833 3245 τε

563 3308 681 3362 seni
734 3305 997 3374 episcopi.
1052 3302 1238 3357 Basilii
1287 3302 1539 3355 similiter
1566 3302 1828 3358 Cazsareae
1872 3305 2153 3371 antistitis,

562 3411 620 3456 et
650 3399 875 3454 Joannis
900 3396 1296 3467 Chrysostomi,
1325 3394 1513 3467 Cyrilli
1534 3396 1897 3459 Alexandriae.
1926 3406 1980 3451 et
2009 3396 2157 3453 Con-

563 3493 1063 3561 stantinopolitanae
1106 3490 1250 3543 sedis
1287 3488 1536 3559 prmsulis
1582 3487 1758 3543 Procli
1811 3488 1947 3559 (95),
1981 3490 2155 3545 sancti

565 3587 751 3641 adhazc
806 3583 1063 3655 martyris
1117 3581 1373 3635 Methodii
1423 3580 1577 3650 (94),
1630 3589 1686 3635 et
1753 3580 1972 3635 Codrati
2023 3581 2155 3651 (95).

564 3678 933 3744 Quorumdam
982 3673 1129 3727 enim
1174 3688 1237 3728 ex
1287 3674 1369 3727 his
1421 3673 1561 3727 dicta
1616 3675 1860 3743 qumdam
1914 3675 2161 3728 Andreas

565 3769 864 3824 avulserat.
903 3782 966 3821 ac
1008 3776 1369 3834 perverterat,
1422 3766 1694 3836 simulque
1742 3766 2032 3830 malitiose,
2070 3780 2163 3822 aut

564 3861 814 3929 imperite
866 3860 1297 3929 interpretando,
1345 3874 1586 3914 errorem
1621 3875 1777 3915 suum
1827 3876 1893 3917 ex
1934 3862 2061 3928 illis,
2104 3873 2164 3918 ttt

564 3953 670 4009 sibi
724 3952 939 4021 quidem
973 3951 1263 4022 persuasit,
1310 3952 1681 4009 conﬁrmarat.
1715 3952 1914 4009 Verum
1947 3955 2015 4009 ob
2044 3956 2162 4012 haec

562 4045 769 4109 omnia,
808 4061 928 4114 quae
955 4047 1114 4101 modo
1146 4047 1278 4112 dixi,
1302 4046 1478 4113 justas
1502 4046 1738 4101 Eusebio
1768 4062 1957 4117 ptenas
1984 4049 2152 4113 dedit,

567 4136 758 4208 ιθθὸ
789 4139 858 4192 ob
916 4138 1368 4192 adulterationem
1399 4138 1535 4209 (96),
1574 4139 1816 4207 inquam,
1841 4151 2153 4195 sanctorum

562 4225 808 4291 Patrum,
836 4239 888 4281 et
916 4228 1342 4296 improbitatem,
1368 4239 1532 4298 atque
1564 4230 1872 4284 inscitiam:
1900 4232 2154 4300 quodque

559 4319 941 4376 haereticorum
995 4322 1139 4376 dicta
1184 4323 1430 4391 quaedam
1482 4323 1802 4391 contpilans,
1837 4323 2046 4379 sanctis
2089 4338 2154 4378 ea

559 4407 815 4465 Patribus
847 4410 1149 4466 attribuere
1197 4412 1271 4465 sit
1303 4426 1487 4467 ausus.

629 4501 884 4557 Ostendit
910 4509 1093 4569 postea
1118 4517 1184 4556 ex
1218 4503 1303 4565 iis,
1328 4518 1449 4571 quae
1480 4503 1786 4571 ineptiendo
1817 4505 2153 4575 proferebat,

2264 3299 2357 3353 τοῦ
2384 3300 2721 3370 Καισαρείας
2752 3299 2846 3353 καὶ
2881 3297 3130 3351 Ἰωάννου
3166 3296 3262 3350 τοῦ
3311 3293 3705 3366 Χρυσοστόμου
3733 3289 3833 3342 Κυ-

2260 3391 2450 3462 ’ρίλλου
2495 3407 2555 3442 τε
2575 3390 2620 3421 ⁵⁸
2653 3389 2748 3443 τοῦ
2791 3387 3206 3460 Ἀλεξανδρείας
3235 3388 3332 3441 καὶ
3363 3386 3466 3440 τοῦ
3517 3386 3837 3439 Κωνσταντι-

2265 3482 2575 3545 νουπόλεως
2604 3482 2876 3552 Πρόκλου,
2909 3480 3045 3535 ἀλλὰ.
3070 3480 3136 3551 δὴ
3165 3480 3261 3534 καὶ
3289 3480 3566 3533 Μεθοδίου
3596 3475 3685 3530 τοῦ
3710 3474 3836 3542 lepo-

2268 3578 2549 3649 μάρτυρος
2577 3578 2670 3629 καὶ
2700 3575 3007 3643 Κοδράτου·
3045 3568 3121 3629 ὧν
3160 3574 3322 3629 ἐνίων
3357 3576 3457 3628 καὶ
3482 3573 3668 3645 ῥήσεις
3695 3563 3834 3626 τινὰς

2263 3671 2291 3722 ὁ
2327 3669 2580 3741 Ἀνδρέας
2613 3667 3011 3738 ἁποσπαράξας
3044 3667 3139 3721 καὶ
3167 3666 3694 3739 παραπλασάμενος,
3721 3656 3756 3712 ἃ
3781 3655 3832 3709 δὲ

2264 3760 2360 3813 καὶ
2392 3759 2717 3831 κακούργως
2762 3761 2795 3831 ἢ
2846 3761 2942 3813 καὶ
2996 3761 3239 3831 ἀνοήτως
3285 3756 3612 3829 ὲξειληφὼς,
3640 3750 3832 3808 ἐκεῖθεν

2267 3851 2363 3921 (ὡς
2387 3849 2547 3921 ᾣετο)
2568 3850 2667 3922 τὴν
2693 3851 2903 3905 οἰκείαν
2937 3852 3147 3923 πλάνην
3179 3851 3506 3925 ὲκράτυνεν.
3523 3843 3681 3902 Ἀλλὰ
3706 3840 3831 3895 πάν-

2264 3962 2376 3999 των
2426 3945 2615 3998 ἕνεκεν
2658 3944 2767 3998 τῶν
2813 3945 3125 4016 εἰρημένων
3176 3944 3429 4017 Εὑσεὸίῳ
3457 3943 3638 3999 δίδωσι
3668 3938 3831 3997 δίκας,

2266 4037 2369 4108 τῆς
2398 4054 2459 4090 τε
2487 4039 2919 4111 παραποιήσεώς
2970 4056 3116 4110 φημι
3159 4039 3257 4092 καὶ
3302 4037 3642 4111 κακουργίας
3677 4032 3709 4102 ἢ
3746 4024 3832 4082 καὶ

2268 4129 2479 4194 ἀνοίας,
2510 4132 2605 4184 καὶ
2634 4131 2716 4185 ὅτι
2746 4131 3040 4202 αἱρετικῶν
3073 4131 3217 4203 ῥητά
3245 4148 3373 4186 τινα
3405 4125 3830 4203 παραλεεάμενος

2268 4225 2381 4286 τοῖς
2416 4222 2593 4293 ἁγίοις
2652 4224 2813 4296 ἡμῶν
2870 4223 3152 4295 Πατράσιν
3211 4224 3518 4297 ἐτόλμησεν
3570 4216 3830 4279 ἀναθεῖναι

2266 4329 2461 4370 ταυτα.

2348 4511 2475 4567 Ἐπὶ
2498 4513 2717 4580 τούτοις
2744 4515 3020 4572 δείκνυσιν
3049 4517 3235 4581 αὑτὸν,
3256 4517 3317 4585 te
3343 4508 3422 4571 ὧν
3448 4506 3826 4588 ἑματαιολὸγιιν

560 4603 806 4650 Statuere
875 4595 1022 4649 illum
1084 4604 1272 4659 certo,
1327 4595 1461 4647 nihil
1521 4594 1799 4651 Christum
1866 4598 2152 4653 Dominum

2263 4601 2560 4670 δοξάζοντα
2592 4606 2674 4661 ὅτι
2710 4608 2786 4679 μὴ
2817 4607 3136 4673 ἁλλοιωθεὶς
3164 4609 3193 4660 ὁ
3215 4583 3425 4677 Κύριος
3454 4583 3612 4679 ημῶν
3638 4596 3827 4671 Ἰησοῦς

558 4687 898 4757 resurgendo
927 4697 1191 4740 mutatum
1217 4689 1282 4741 de
1312 4688 1666 4757 corruptione
1703 4689 1754 4741 in
1788 4690 2151 4761 incorruptio-

560 4797 707 4847 nem,
743 4797 897 4850 azque
926 4797 1046 4836 esse
1099 4782 1455 4851 impatibilem
1507 4782 1559 4836 in
1615 4782 1977 4848 humanitate,
2013 4793 2070 4838 ut
2101 4784 2154 4840 in

561 4873 849 4926 divinitate
873 4890 886 4927 :
913 4887 1215 4942 ausumque
1240 4871 1586 4941 blaspltetnos
1613 4871 1885 4940 appellare
1903 4885 2152 4939 caeteros,

562 4967 654 5037 qui
673 4966 940 5020 sentirent
962 4977 1015 5021 et
1036 4965 1307 5031 dicerent,
1335 4965 1554 5019 mortali
1580 4981 1644 5018 ac
1674 4966 1898 5034 patibile
1928 4982 2156 5035 corpore

2264 4696 2503 4766 Χριστὸς
2532 4698 2624 4753 διὰ
2650 4701 2749 4771 τῆς
2779 4701 3133 4764 ἀναστάσεως
3189 4702 3254 4753 ἐκ
3284 4698 3493 4770 φθορᾶς
3531 4699 3610 4761 είς
3636 4690 3829 4761 ἀφθαρ-

2265 4788 2391 4843 σίαν
2420 4790 2686 4856 ὡσαύτως
2742 4792 2892 4846 ἐστὶν
2942 4794 3163 4865 ἀπαθὴς
3215 4794 3421 4848 κατὰδτ
3448 4793 3547 4863 τὴν
3572 4780 3827 4858 ἀνθρωπό-

2263 4897 2428 4950 τητα.
2477 4882 2668 4956 ὥσπερ
2698 4885 2846 4939 ἐστὶν
2878 4885 3102 4955 ἀπαθὴς
3131 4886 3277 4939 κατὰ
3310 4884 3410 4956 τὴν
3458 4884 3709 4952 θεότητα,
3741 4869 3826 4927 καὶ

2264 4970 2349 5025 ὅτι
2379 4974 2651 5046 ἐτόλμησε
2681 4974 3038 5047 βλασφήμους
3076 4975 3420 5029 ἀποκαλέσαι
3444 4974 3569 5036 τοὺς
3587 4960 3826 5042 φρονοῦν

1850 5081 2088 5138 VARIB
2128 5083 2538 5148 LECTIONES.

630 5170 798 5259 ξ⁸θκοξὶ
822 5187 912 5226 ³η·
943 5171 1045 5259 τῇς
1068 5188 1184 5259 οῐῐιἶ
1358 5173 1595 5259 "ﬁtpr
1633 5192 1694 5259 gi.
1750 5176 1829 5259 ,⁸⁸
2067 5178 2291 5259 επις..
2337 5185 2383 5218 υ
2410 5186 2486 5259 εἰ]
2518 5186 2557 5241 ll
2572 5184 2698 5243 Cor.
2721 5203 2796 5253 Iv,
2819 5187 2907 5243 16.
2982 5187 3032 5220 ⁸⁸
3065 5187 3252 5259 καὶτὰ
3283 5186 3413 5256 ὲξῆς
3452 5203 3512 5251 ςο
3586 5172 3746 5259 ’Ἐπὶ

559 5245 655 5296 καὶ⁵
687 5245 779 5296 ἐπὶ
810 5260 871 5307 ς.

561 5316 656 5367 καὶ
691 5312 832 5367 κατὰ
858 5314 923 5370 Α.

969 5242 1016 5275 ⁸¹
1046 5246 1263 5314 ωράΑ
1289 5263 1302 5299 ε
1336 5241 1556 5318 περἵο
1634 5244 1682 5277 ⁸⁸
1717 5241 1811 5301 οὖν
1842 5251 1965 5303 add.
1996 5254 2060 5305 A.
2137 5249 2186 5281 “
2207 5241 2360 5321 θείας
2390 5241 2517 5313 add.
2548 5241 2665 5314 Δί
2692 5259 2739 5291 ⁵⁵
2766 5241 2967 5315 ιὲέὸίη.
3000 5259 3067 5313 Α.
3142 5258 3188 5291 ⁸⁸
3219 5274 3282 5311 τε
3305 5241 3432 5313 add.
3460 5241 3532 5309 λ.

3614 5249 3657 5283 ⁸⁷
3677 5237 3821 5308 κατὰ]

2089 5392 2334 5452 ΝΟΤΑΞΙ.

561 5475 978 5601 Ξόῖἱξὲζὲἷρΐηυο
1003 5477 1204 5538 Baron.
1231 5481 1381 5537 card.
1414 5480 1479 5549 ν,
1513 5491 1567 5538 et
1586 5479 1740 5539 Notis
1768 5487 1841 5539 ad
1868 5485 2147 5558 Martyrol.

2252 5490 2424 5561 tyrol.
2445 5490 2607 5561 Rom.
2643 5491 2713 5546 26
2742 5490 2896 5561 Maii.
2926 5489 3004 5561 De
3032 5488 3117 5561 his
3142 5487 3399 5561 omnibus
3423 5485 3539 5561 lege
3561 5470 3772 5561 Niceplt:

2323 5532 2627 5631 atrata.
2645 5532 2713 5615 7.:
2734 5532 2962 5616 satis
2975 5532 3822 5631 i.6365561?'sé'IEbéstzainngg

632 5617 747 5702 (9i)
772 5617 941 5702 Cujus
965 5621 1213 5702 meminit
1244 5620 1311 5702 Br.
1341 5622 1565 5702 lliperon;
1591 5625 1643 5702 in
1682 5623 1942 5702 _Catalogo
1973 5628 2149 5684 sancti
2249 5617 2530 5702 B.‘Greg.
2578 5632 2861 5700 epistolam
2897 5617 3151 5702 comi-pit
3180 5617 3232 5682 οἱ
3260 5617 3820 5702 ἐυτηιοιιιέεέθιῖζῼῐυξξξ

564 5685 1066 5759 Epipbanfhteres.
1106 5692 1218 5759 6i;
1278 5692 1474 5750 Snittas
1523 5695 1743 5750 Tabula:
1786 5685 1955 5753 sacra:
2004 5715 2151 5753 mar-

564 5758 864 5829 tyrnntti8
895 5760 1201 5829 Septembr.
1226 5774 1282 5817 et
1314 5764 1437 5817 infr.
1469 5767 1624 5821 i’ltot.

633 5827 743 5897 (95)
768 5827 871 5901 Pro
894 5827 1174 5901 Quadrati,
1204 5846 1259 5889 ut
1292 5834 1491 5893 Latini.
1525 5839 1583 5893 ν.
1621 5838 1676 5891 Β.
1701 5835 1848 5893 llier.
1878 5842 1926 5894 in
1952 5840 2129 5896 Calai.

560 5896 758 5954 Euseb.
795 5900 889 5957 lib.
922 5896 977 5959 tv
1002 5902 1141 5959 Hist.
1162 5896 1385 5964 εοεαε.
1430 5927 1549 5980 cap.
1590 5911 1623 5966 3
1654 5919 1706 5966 et
1737 5911 1884 5979 alibi,
1922 5924 1974 5967 et
2006 5912 2148 5966 Mar-

2250 5680 2747 5771 pl—en'o-svvejusde'm'
2760 5680 2862 5771 iis};
2872 5680 2959 5754 tif:
2972 5680 2985 5684 —
2999 5680 3122 5754 ἰιόἷιὶ
3133 5680 3276 5771 ine]
3277 5680 3305 5751 :1
3314 5680 3395 5753 lvso
3433 5686 3747 5771 iIISETiPSiE’n

2251 5756 2538 5841 propterea
2571 5756 2882 5825 damna'tnm
2907 5771 2959 5824 in
2987 5772 3193 5840 synodo
3227 5766 3470 5825 Romana
3505 5761 3660 5827 Greg.
3689 5756 3819 5807 anno

2243 5842 2308 5897 12
2338 5859 2365 5899 c
2397 5842 2685 5913 superiore
2717 5842 2897 5898 discas
2935 5844 3097 5911 epist.
