4090 6412
199 397 295 461 457

1253 402 1775 467 BIBLIOTHECA.
1809 433 1869 443 -
1911 406 2079 471 COD.
2120 410 2380 470 CLXIII.

3321 408 3425 471 458

195 530 283 574 τας
338 508 434 563 καὶ
487 509 745 576 λέγοντας
776 510 955 580 θνητῷ
1004 513 1097 564 καὶ
1152 513 1379 585 παθητῷ
1415 515 1626 584 σώματι
1661 517 1753 568 τὸν

1875 529 2127 571 rersalutn
2183 520 2235 571 iu
2294 518 2454 573 terris
2488 518 2759 572 Cltristum
2805 517 3108 585 Domitium,
3152 534 3271 573 cum
3320 521 3434 589 ipse

194 602 395 673 Κύριον
422 602 582 671 ἡμῶν
620 601 829 671 Ἰησοῦν
861 603 1095 673 Χριστὸν
1130 605 1186 656 έν
1214 604 1292 675 τῷ
1351 608 1541 676 κόσμῳ
1604 608 1757 659 πολι-

192 695 504 755 τεύσασθαι,
540 695 703 758 αὐτὸς
750 696 850 749 οὐκ
883 696 1151 766 ἐρυθριῶν
1203 697 1340 764 μετὰ
1365 698 1521 769 νίκην
1572 700 1760 752 παθῶν

192 788 283 841 καὶ
312 786 550 839 θανάτου
582 787 674 839 καὶ
725 786 932 858 φθορᾶς
976 786 1256 854 ἀναίρεσιν
1305 787 1546 858 παθητὸν
1573 790 1637 843 τὸ
1666 809 1761 844 κυ-

198 880 380 950 ριακὸν
406 877 797 946 τερατεύεσθαι
841 879 1021 949 σῶμα,
1075 880 1169 932 καὶ
1210 878 1239 929 ό
1266 880 1312 911 ³⁸
1346 880 1759 951 φθαρτολάτρας

197 969 495 1040 ἐνυϐρίζων
524 971 651 1033 τοὺς
670 970 981 1040 ὀρθοδόξους
998 968 1223 1041 λέληθεν
1256 971 1420 1026 αὐτὸν
1440 971 1560 1044 [181
1580 972 1671 1045 Η.]
1693 975 1759 1028 δι’

196 1054 265 1113 ὧν
296 1062 452 1128 λέγει
480 1061 896 1132 παθητολάτρης
927 1062 1142 1131 ἀληθῶς
1166 1064 1621 1134 ἁπελεγχόμενος.
1640 1065 1759 1119 Ἐν-

198 1152 380 1203 τεῦθέν
412 1170 471 1204 τε
500 1153 834 1223 παρατίθησι
870 1155 1031 1208 πάλιν
1061 1155 1245 1223 φωνὰς
1261 1157 1306 1212 'P
1338 1158 1632 1229 πατρικὰς,
1665 1165 1761 1213 καὶ

198 1244 493 1313 παρίστησι
545 1244 787 1314 παθητὸν
836 1248 930 1298 καὶ
982 1244 1175 1313 θνητὸν
1233 1248 1330 1300 καὶ
1390 1249 1531 1301 κατὰ
1594 1249 1758 1302 τοῦτο

199 1332 435 1402 φθαρτὸν
459 1335 521 1387 τὸ
554 1336 818 1405 κυριακὸν
858 1336 1018 1406 σῶμα
1066 1336 1171 1395 ἓως
1223 1339 1322 1407 τῆς
1354 1338 1517 1392 αὑτοῦ
1550 1340 1760 1405 ἐνδόξου

196 1425 565 1488 ἀναστάσεως,
610 1426 821 1480 ἐκεῖθεν
866 1428 922 1481 δὲ
972 1429 1041 1481 δι’
1086 1428 1257 1496 αὐτῆς
1309 1430 1645 1501 μεταϐληθὲν
1684 1434 1763 1494 εἰς

198 1515 497 1570 ἀθανασίαν
529 1518 624 1571 καὶ
652 1517 943 1572 ἀπάθειαν.
975 1520 1139 1585 Λέγει
1191 1522 1247 1575 δὲ
1297 1521 1372 1584 ὡς
1418 1522 1768 1591 ματαιολογεῖ

199 1607 612 1678 φθαρτολάτρας
639 1609 667 1660 ὁ
715 1608 971 1679 Ἀνδρέας
1000 1610 1351 1679 ἐπιφημίζων
1380 1612 1504 1675 τοὺς
1545 1610 1763 1681 όρθοδό-

199 1700 344 1762 ξους·
394 1698 591 1768 ’Δρείῳ
615 1698 724 1768 γὰρ
752 1700 850 1752 καὶ
887 1700 1075 1770 Ἀετίῳ
1102 1702 1196 1755 καὶ
1225 1703 1495 1773 Εὐνομίῳ,
1523 1704 1767 1758 ’Λπολλι-

196 1789 363 1859 ναρίῳ
398 1806 458 1842 τε
497 1792 589 1843 καὶ
621 1792 922 1862 Νεστορίῳ,
955 1792 1070 1843 ἀλλ’
1100 1793 1157 1845 οὐ
1204 1796 1317 1857 τοῖς
1340 1794 1586 1849 εὐσεϐέσι
1628 1814 1763 1849 κατ-

1862 624 1964 660 ιιοιι
1985 610 2347 671 erubesceret,
2380 612 2540 662 etiam
2573 620 2691 679 post
2730 619 3009 678 superatos
3048 598 3350 678 cruciatus,
3379 620 3435 667 et

1862 706 2088 750 mortem
2136 713 2199 753 ac
2235 700 2630 764 corruptionem
2691 698 2977 761 sublatam,
3040 699 3258 767 patibile
3314 713 3436 753 esse

1864 789 2074 843 Domini
2115 804 2312 859 corpus
2341 791 2650 859 prodigioso
2687 791 2971 845 mendacio
2998 805 3266 856 asserere,
3302 792 3435 845 nihil

1862 878 2078 935 interim
2141 882 2467 946 advertens,
2528 882 2653 934 dum
2713 882 3048 937 orthodoxos
3095 880 3439 937 Phthartola-s

1863 980 1971 1025 tras
1991 968 2101 1043 (97)
2130 986 2224 1040 per
2247 971 2496 1041 injuriam
2530 972 2782 1041 appellat,
2801 976 2912 1028 suis
2936 974 3106 1043 ipsum
3136 976 3314 1030 verbis
3340 977 3439 1030 Pa-

1861 1062 2406 1132 thetolatram(98)se
2433 1078 2619 1117 revera
2648 1067 3069 1135 prohare.Addit
3092 1068 3212 1122 dein
3243 1068 3436 1121 iterum

1862 1164 2172 1207 sanctorum
2194 1152 2413 1206 Patrum
2438 1156 2754 1213 sententias.
2771 1160 3115 1223 ostenditque
3142 1157 3361 1223 patibile
3376 1171 3439 1210 ac

1863 1242 2114 1305 mortale,
2152 1254 2205 1297 et
2239 1245 2380 1311 quod
2409 1245 2533 1298 hinc
2566 1248 2831 1310 sequitur.
2858 1248 3206 1313 corruptibile
3236 1248 3437 1302 Christi

1863 1350 2057 1402 corpus
2090 1335 2279 1399 fuisse,
2310 1351 2476 1405 usque.
2503 1337 2569 1389 ad
2606 1337 2895 1405 gloriosam
2929 1338 3045 1407 ejus
3083 1341 3440 1392 resurrectio-

1864 1444 1984 1481 nem
2028 1446 2041 1480 :
2100 1428 2224 1481 inde
2262 1443 2390 1481 vero
2425 1428 2730 1482 immortale
2776 1441 2936 1498 atque
2990 1430 3286 1498 itnpatibile
3347 1444 3443 1498 per

1865 1520 2035 1589 ipsam
2077 1533 2195 1573 esse
2236 1520 2523 1574 redditum.
2577 1519 2782 1573 Vanum
2840 1522 2964 1571 item
3009 1536 3128 1573 esse
3172 1522 3439 1574 Andream

1867 1611 2091 1674 indicat,
2119 1611 2207 1679 qui
2231 1610 2545 1662 orthodoxis
2572 1611 2889 1679 probrosum
2917 1609 3441 1665 I'hthartolatrarum

1866 1700 2086 1766 obiiciat
2129 1709 2584 1767 cognomentum;
2634 1701 2685 1752 in
2738 1701 2923 1752 Arium
2981 1701 3144 1762 enim,
3205 1701 3440 1764 Aetium,

1872 1792 2214 1857 Eunontium,
2258 1792 2648 1861 Apollinarium
2686 1802 2846 1860 atque
2878 1790 3207 1856 Nestorium,
3242 1808 3346 1846 non
3387 1793 3441 1846 iu

198 1881 424 1951 ἀλληλος
456 1883 551 1934 καὶ
579 1883 758 1935 οἰκεία
793 1886 824 1953 ὴ
857 1883 1083 1950 τοιαύτη
1114 1884 1324 1953 κλῆσις.
1361 1887 1687 1954 Δογματίζει
1712 1888 1767 1940 δὲ

1878 1891 2016 1955 pios,
2076 1887 2214 1940 hanc
2264 1887 2534 1953 quadrare
2576 1884 3008 1953 appellationem.
3054 1884 3185 1940 Illud
3232 1900 3447 1954 quoque

203 1975 286 2025 καὶ
317 1972 501 2039 τοῦτο,
530 1974 608 2036 ὠς
640 1978 669 2027 ό
703 1975 905 2046 Κύριος
936 1980 1029 2030 καὶ
1076 1977 1207 2040 Θεὸς
1262 1979 1418 2047 ἡμῶν
1461 1981 1527 2033 τὰ
1560 1983 1764 2047 φυσικὰ

206 2066 293 2134 μὲν
320 2067 423 2119 καὶ
449 2066 747 2138 ἀδιάϐλητα
778 2066 922 2137 πάθη
949 2068 1025 2131 ὡς
1058 2069 1155 2138 τῆς
1180 2069 1398 2137 φύσεως
1426 2073 1768 2143 Δημιουργδς

205 2156 485 2220 ἀνεδέξατο
514 2158 570 2226 (ἂ
594 2158 717 2210 οὐδὲ
744 2158 949 2229 κυρίως
980 2159 1285 2228 πάθη,ἀλλ’
1310 2161 1446 2231 ἔργα
1476 2160 1543 2215 ἂν
1576 2162 1769 2214 οἰκειό-

205 2266 348 2318 τερον
378 2248 599 2301 καλοῖτο
629 2251 727 2317 τῆς
756 2250 971 2317 φύσεως
996 2256 1011 2317 )
1038 2292 1052 2314 ,
1085 2252 1195 2305 τῶν
1233 2253 1288 2306 δὲ
1315 2254 1519 2320 κυρίως
1557 2254 1767 2316 παθῶν,

209 2338 312 2406 ἦτοι
337 2338 455 2390 τῶν
482 2338 594 2391 ἀπὸ
624 2340 841 2403 κακίας,
872 2341 1154 2403 παντελῶς
1179 2340 1529 2404 ἁνεπίδεκτος
1555 2337 1642 2411 ἦν·
1674 2343 1770 2394 καὶ

206 2431 275 2482 ὅτι
299 2432 423 2500 οὐχ,
468 2430 546 2492 ὼς
595 2432 702 2499 πρὸ
732 2431 831 2491 τῆς
860 2432 1207 2495 ἀναστάσεως
1237 2432 1391 2501 ἤσθιε
1426 2434 1520 2485 καὶ
1562 2434 1767 2496 ἔπινεν,

210 2521 336 2574 οὕτω
371 2521 471 2574 καὶ
500 2521 639 2592 μετὰ
664 2520 762 2592 τὴν
793 2522 1392 2594 ἀνάστασινσυνέφαγε
1424 2525 1517 2577 καὶ
1549 2526 1771 2578 συνέπιε

213 2615 306 2674 τοῖς
341 2615 641 2684 μαθηταῖς,
702 2615 837 2667 ἀλλὰ
860 2616 920 2668 τὸ
951 2616 1051 2685 μὲν
1079 2617 1316 2685 ἔπραττε
1347 2618 1498 2687 νόμῳ
1536 2619 1770 2687 φύσεως,

212 2709 291 2777 τὴν
339 2708 578 2778 ῥέουσαν
612 2708 789 2777 σάρκα
840 2708 1038 2779 βρώσει
1086 2711 1181 2763 καὶ
1229 2711 1385 2763 πόσει
1434 2710 1509 2773 ὼς
1560 2711 1775 2780 άληθῶς

211 2799 594 2868 ἀνακτώμενος
620 2802 715 2853 καὶ
750 2801 1119 2873 περικρατῶν,
1150 2802 1211 2856 τὸ
1239 2803 1295 2854 δὲ
1322 2803 1568 2855 ἐτέλεσεν
1606 2805 1773 2872 ὑπερ-

213 2895 351 2956 ςυῗκ
387 2894 457 2945 δι’
492 2894 827 2962 οἰκονομίαν,
862 2895 945 2946 ἵνα
970 2898 1081 2957 τοῖς
1115 2895 1381 2965 μαθηταῖς
1413 2895 1772 2965 πιστώσηται,

208 2986 290 3037 καὶ
310 2985 380 3037 δι’
408 2985 591 3038 αὐτῶν
616 2986 748 3037 πᾶσι
780 2987 1011 3049 πιστοῖς,
1039 2986 1114 3047 ὡς
1143 2986 1274 3039 αὐτὸ
1298 2986 1359 3039 τὸ
1392 2988 1655 3049 πεπονθὸς
1682 2988 1776 3039 καὶ

212 3078 522 3147 σταυρωθὲν
566 3077 764 3146 ἀνέστη
838 3078 1018 3146 σῶμα.
1071 3078 1187 3129 ἀλλ’
1251 3080 1348 3149 οὐχ
1393 3079 1578 3149 ἕτερον
1643 3079 1773 3147 παρ’

1872 1981 2025 2033 docet
2076 1977 2363 2039 Eusebius,
2411 1977 2691 2029 Dominum
2749 1974 3025 2045 Deumque
3079 1985 3343 2039 nostrum,
3389 1986 3449 2030 ut

1872 2070 2169 2131 naturales,
2195 2071 2525 2136 minimeque
2549 2068 3021 2133 reprehendemlas
3049 2070 3445 2137 perpessiones,

1871 2171 2123 2230 tanquam
2150 2171 2355 2216 natura)
2388 2162 2563 2227 opifex
2594 2173 2753 2228 atque
2781 2160 3109 2214 architectus
3160 2162 3451 2228 assumpsit

1872 2251 2013 2320 (qua:
2045 2266 2147 2304 non
2179 2250 2459 2317 passiones
2487 2250 2597 2320 (99)
2633 2251 2867 2319 proprie,
2907 2250 2998 2303 sed
3032 2264 3196 2318 opera
3242 2260 3446 2303 naturae

1871 2343 2042 2411 magis
2075 2342 2290 2410 proprie
2336 2340 2714 2410 appellentur),
2747 2342 2827 2395 sic
2880 2342 3093 2409 proprie
3123 2340 3294 2395 dictas
3326 2357 3453 2410 pas~
3494 2346 3499 2353 '

1871 2434 2075 2495 siones,
2125 2433 2290 2487 sivea
2346 2433 2639 2487 vitiositate
2689 2434 2979 2499 profectas,
3015 2433 3240 2487 omnino
3272 2433 3449 2487 susci-

1872 2541 2001 2594 pere
2036 2541 2139 2579 non
2178 2525 2455 2595 potuisse:
2488 2542 2589 2579 non
2633 2526 2756 2577 item
2795 2540 2902 2595 quo
2940 2533 3067 2579 ante
3101 2527 3454 2578 resurrectim

1874 2633 1994 2670 uem
2045 2618 2231 2669 ederat
2273 2631 2338 2671 ac
2384 2616 2594 2668 biberat
2627 2618 2802 2680 modo,
2848 2617 3009 2669 etiam
3048 2624 3168 2683 post
3212 2630 3457 2669 resurre-

1873 2710 2107 2763 ctionem
2161 2725 2282 2763 cum
2327 2710 2604 2777 discipulis
2631 2725 2734 2761 una
2773 2709 2949 2761 edisse
2993 2723 3053 2760 ac
3087 2707 3332 2771 bibisse;
3365 2709 3455 2759 sed

1876 2800 2023 2867 prius
2054 2799 2177 2851 illud
2201 2799 2415 2865 quidem
2456 2814 2522 2852 ex
2555 2806 2762 2851 natura:
2788 2797 2993 2867 legibus
3026 2795 3235 2858 fecisse,
3258 2791 3455 2847 ﬂuxam

1874 2903 2093 2941 carnem
2180 2889 2302 2943 cibo
2364 2903 2426 2942 ac
2474 2899 2601 2957 potu
2658 2903 2845 2941 revera
2927 2887 3229 2952 reparando
3297 2895 3461 2952 atque

1875 2980 2309 3045 corrohorando,
2362 2978 2462 3032 hoc
2523 2993 2652 3033 vero
2712 2993 2871 3047 supra
2931 2988 3138 3031 tiaturle
3206 2976 3458 3029 ordinetu

1874 3071 2225 3140 procuranda:
2270 3068 2456 3122 salutis
2486 3081 2685 3122 nostra
2714 3068 2886 3137 gratia
2928 3066 3181 3135 gessisse,
3213 3074 3269 3117 ut
3302 3065 3463 3118 disci-

212 3168 372 3221 έκεῖνο
397 3211 414 3231 ,
452 3170 501 3220 εί
537 3169 631 3221 καὶ
673 3167 809 3237 πρὸς
865 3167 1173 3239 ἀφθαρσίαν
1203 3170 1295 3222 καὶ
1334 3169 1601 3223 ἀπάθειαν
1643 3187 1771 3239 μετ-

1880 3163 1989 3234 puli
2048 3164 2353 3223 crederent,
2405 3172 2461 3215 et
2508 3174 2603 3228 per
2647 3160 2766 3213 illos
2825 3159 3009 3212 ﬁdeles
3053 3172 3266 3218 omnes,
3318 3157 3461 3212 idem

1895 3269 1905 3271 _
1938 3268 1964 3271 ,-
1994 3255 2101 3271 ,9;-
2170 3264 2358 3271 --_-.__-
2430 3251 2565 3271 _--.-_l
2621 3248 2940 3271 -_..-:-4:I..--
2998 3245 3433 3271 -_-A_..2ﬂ..-s..m

213 3260 581 3329 εποιχειώθη.
642 3258 830 3313 Ταῦτα
901 3261 1162 3329 φιλοθέως
1215 3261 1773 3333 ὲπιδογματισάιιενος

212 3351 345 3414 τέλος
384 3352 672 3422 ἐπιτίθησι
715 3352 781 3422 τῇ
837 3352 1134 3422 δεκαλόγῳ.
1170 3353 1325 3407 Ἔστι
1367 3354 1424 3408 δὲ
1468 3354 1645 3426 σαφὴς
1682 3356 1778 3408 καὶ

215 3443 406 3502 ἁπλοῦς
444 3444 547 3512 τὴν
597 3444 815 3509 φράσιν,
866 3442 1197 3515 καθαρότητι
1239 3444 1542 3516 χρώμενος,
1602 3447 1694 3499 καὶ
1730 3447 1782 3499 εί

213 3551 301 3587 που
324 3536 461 3595 δέοι,
488 3534 586 3587 καὶ
613 3535 907 3603 εὐκρινείᾳ.

1884 3255 2109 3310 omnino
2164 3264 2381 3320 corpus,
2426 3251 2566 3319 quod
2615 3248 2943 3304 cruciatibus
2994 3245 3460 3311 excarniﬁcatum,

1883 3328 2043 3417 atque
2063 3347 2117 3399 in
2157 3360 2371 3399 crucem
2392 3353 2571 3397 actum
2594 3343 2799 3409 fuisset,
2823 3358 2851 3394 a
2876 3342 3103 3396 mortuis
3125 3340 3458 3394 surrexisse:

1884 3452 2061 3504 neque
2109 3434 2251 3488 aliud
2291 3448 2413 3488 esse
2461 3436 2528 3486 ah
2572 3433 2683 3497 illo,
2716 3434 3064 3503 quantumvis
3120 3433 3231 3501 jam
3264 3431 3330 3485 ad
3376 3431 3461 3484 in-

1885 3528 2287 3595 corruptionem
2332 3535 2387 3579 et
2417 3526 2763 3578 indolentiam
2812 3522 3253 3578 transformatum
3289 3535 3451 3578 esset.

214 3624 323 3678 ":ec
357 3627 456 3677 ubi
508 3626 772 3679 Eusebius
827 3624 1007 3677 divine
1042 3622 1247 3687 docuit,
1272 3624 1537 3678 decimum
1575 3625 1790 3679 tandem
1823 3622 2018 3675 librum
2069 3617 2323 3671 absolvit.
2401 3617 2585 3687 Stylus
2635 3617 2683 3671 ei
2737 3616 2919 3671 clarus
2965 3628 3070 3680 est,
3121 3626 3177 3670 et
3235 3616 3459 3685 simplex

214 3732 451 3787 puroque
482 3717 696 3770 dicendi
730 3730 924 3786 genere
960 3718 1149 3781 utitur,
1181 3726 1364 3785 atque,
1397 3717 1486 3770 ubi
1522 3731 1660 3788 opus
1693 3726 1799 3783 est,
1831 3715 1994 3770 etiam
2020 3711 2159 3763 bene
2186 3707 2460 3763 distincto.

962 3804 1124 3860 ΡΞΓ’.

217 3895 567 3965 Οὐινσανίοίυ
592 3893 942 3965 Ἀνατολίου
969 3893 1237 3965 Βηρυτοῦ
1268 3894 1590 3963 ivra-fatri;
1618 3911 1791 3965 γεωρ-

392 3964 594 4036 τικῶν
618 3963 1100 4032 ἐπιτηδευμάτων
1133 3963 1203 4016 ἐν
1235 3965 1437 4032 τόμοις
1467 3966 1567 4028 ιβ’.

273 4058 391 4131 [549
442 4052 896 4128 Β.]Ἀνεγνώσθη
926 4054 1239 4107 υὺινδανίου
1276 4055 1580 4108 Ἀνατολίου
1606 4055 1781 4127 Βηρὶθ-

212 4164 295 4201 του
321 4151 364 4181 ⁸⁸
399 4151 529 4202 Συν
541 4145 739 4216 αγωγὴ
765 4142 1093 4213 τεωγρικῶν
1114 4144 1626 4214 ἐπιτηδευμάτων-⁸
1648 4164 1776 4199 συν-

2567 3798 2796 3853 CLXIII.

1902 3897 2149 3953 Vimlam'i
2174 3894 2411 3948 Anatolii
2458 3889 2637 3961 Beryti
2670 3893 3115 3947 Collecmneorum
3145 3894 3209 3946 de
3228 3893 3462 3962 agricul-

2305 3978 2438 4018 tura:
2484 3964 2763 4029 disciplina
2793 3964 2914 4015 libri
2947 3979 3043 4016 xu.

1953 4058 2079 4127 Legi
2115 4054 2367 4111 Vindanii
2396 4052 2631 4107 Anatolii
2662 4052 2842 4121 Beryti
2896 4052 2973 4106 De
3011 4051 3347 4121 agricultura
3378 4051 3463 4105 di-

1878 4149 2105 4217 sciplina
2135 4146 2475 4200 collectanea.
2516 4142 2709 4211 107a
2751 4140 3026 4194 Conﬂatus
3067 4148 3247 4193 autem
3278 4138 3365 4193 hic
3395 4141 3463 4193 ab

216 4242 493 4312 ἡθροισται
528 4240 586 4291 δὲ
613 4238 760 4308 αὐτῷ
784 4238 845 4290 τὸ
884 4237 1089 4307 βιϐλίον
1120 4237 1183 4289 ἔκ
1210 4255 1269 4291 τε
1301 4238 1410 4290 τῶν
1438 4238 1771 4308 Δημοκρίτου

1881 4258 1948 4296 eo
1979 4241 2113 4294 liber
2139 4247 2223 4293 est
2253 4251 2282 4290 e
2306 4234 2593 4288 Democriti
2624 4244 2679 4287 et
2706 4231 2947 4285 Africani
2994 4239 3157 4299 atque
3183 4227 3460 4282 Tarantini

228 4331 552 4405 Ἀφρικανοῦ
583 4348 643 4383 τε
674 4331 770 4383 καὶ
818 4330 1150 4398 Ταραντίνου
1191 4331 1285 4383 καὶ
1327 4329 1649 4400 Ἀπουληϊου
1688 4332 1771 4382 xui

1882 4332 2125 4400 scriptis,
2185 4326 2397 4397 Apuleii
2467 4339 2681 4393 quoque
2733 4332 2800 4377 et'
2842 4320 3124 4387 Florentii,
3188 4320 3453 4382 Valentis,

217 4426 549 4497 Φλωρεντίου
601 4423 697 4475 καὶ
740 4422 1036 4484 υὺάλεντος
1066 4422 1162 4473 καὶ
1188 4420 1413 4482 Λέοντος
1439 4422 1534 4472 καὶ
1565 4421 1771 4489 Παμφί-

1882 4423 2080 4477 Leonis
2108 4417 2371 4487 Pamphili
2402 4416 2501 4487 (l);
2523 4426 2634 4470 tum
2669 4415 2750 4469 vel
2792 4415 3029 4467 maxime
3066 4428 3133 4467 ex
3167 4410 3463 4478 Di0phanis

219 4520 317 4580 λου,
341 4520 437 4572 καὶ
471 4518 540 4585 δὴ
567 4517 660 4569 καὶ
678 4518 741 4567 ἐκ
770 4513 877 4567 τῶν
903 4514 1197 4582 Διοφάνους
1220 4512 1599 4580 Παραδοξων·
1628 4514 1771 4584 τόμοι

1893 4512 2220 4566 Paradoxis.
2255 4508 2402 4577 Opus
2432 4506 2713 4560 duodecim
2764 4504 3064 4558 absolvitur
3108 4502 3284 4562 libris,
3334 4499 3465 4553 utile
3562 4572 3578 4585 Ψ

221 4611 266 4661 δέ
288 4612 388 4662 εἰσι
411 4610 476 4662 τὸ
514 4606 721 4678 βιϐλίον
752 4604 841 4674 ιβ’.
866 4606 1148 4674 Χρήσιμον
1177 4604 1234 4657 δὲ
1257 4604 1317 4656 τὸ
1348 4604 1663 4674 βιϐλίον,ώς
1692 4608 1771 4659 κα¹

1892 4618 2048 4666 sane,
2091 4612 2148 4655 ut
2181 4603 2294 4670 ipsa
2330 4614 2429 4653 nos
2462 4597 2788 4664 experientia
2820 4598 2872 4649 in
2924 4594 3107 4647 multis
3153 4593 3360 4651 docuit,
3396 4590 3462 4643 ad

222 4702 293 4755 διὰ
318 4661 527 4772 πείρας
551 4700 721 4769 αὐτῆς
742 4661 837 4750 ἐπὶ
1107 4661 1506 4767 εἶδομενίπρὺς
1531 4697 1627 4759 τὰς
1649 4700 1771 4751 κατέ

1896 4704 2092 4746 terram
2131 4688 2502 4749 excolendam,
2531 4686 2851 4750 laboresque
2892 4684 3144 4747 rusticos;
3182 4679 3321 4744 Quin
3351 4679 3465 4730 fere

224 4794 312 4860 γῆν
343 4792 616 4864 ἐργασίας
644 4792 737 4842 καὶ
767 4791 892 4851 τοὺς
919 4790 1259 4859 γεωργικοὺς
1287 4789 1475 4852 πόνους
1495 4828 1510 4851 ,
1538 4790 1631 4841 καὶ
1663 4806 1787 4859 σχε-

225 4883 295 4934 ἰόν
318 4900 368 4935 τι
398 4879 831 4953 χρησιμώτερον
863 4879 971 4931 τῶν
1001 4878 1195 4941 ἄλλων,
1225 4879 1339 4930 ὅσοι
1372 4879 1469 4947 τῆς
1493 4879 1664 4946 αὐτῆς
1692 4881 1788 4930 αὺ-

226 4973 289 5040 np
331 4972 731 5044 πραγματείας
790 4970 1020 5041 ἥψαντο.
1048 4970 1203 5038 Ἔχει
1247 4968 1292 5020 δ’
1337 4969 1487 5039 ὅμως
1528 4969 1645 5021 ἔνια
1693 4968 1789 5022 καὶ

227 5063 364 5116 τοῦτο
410 5064 477 5115 τὸ
539 5061 747 5131 βιϐλίον
807 5057 1088 5128 τερατώδη
1150 5057 1246 5111 καὶ
1302 5058 1505 5111 ἄπιστα
1544 5059 1637 5111 καὶ
1688 5060 1786 5125 τῆς

240 5153 549 5224 Ἑλληνικῆς
600 5153 811 5220 πλάνης
843 5150 1090 5203 ὑπόπλεα
1114 5190 1130 5216 ,
1168 5150 1203 5203 ἃ
1230 5150 1310 5202 δεῖ
1333 5151 1424 5203 τὸν
1452 5151 1650 5219 εὐσεϐῆ
1691 5166 1792 5218 γη-

233 5247 371 5298 πόνον
405 5244 816 5315 ἐκτρεπόμενον
851 5241 958 5295 τῶν
990 5241 1214 5304 λοιπῶν,
1250 5240 1529 5308 συλλέγειν
1554 5241 1621 5293 τὰ
1652 5241 1787 5311 χρή-

1895 4783 2106 4837 εαειετῑε
2136 4781 2317 4833 utilior
2350 4778 2439 4831 hic
2474 4775 2629 4839 liber,
2664 4783 2929 4842 quotquot.
2954 4773 3008 4826 in
3034 4787 3095 4826 ea
3131 4774 3245 4840 ipsa
3269 4787 3327 4825 re
3352 4770 3465 4824 ela-

1896 4877 2178 4930 borarunt.
2206 4873 2461 4926 Continet
2483 4880 2661 4924 tamen
2684 4868 2938 4923 nonnulla
2961 4866 3219 4934 prodigiis
3242 4864 3463 4929 similia,

1896 4970 2163 5035 iidemque
2188 4964 2529 5027 excedentia,
2563 4972 2619 5016 et
2648 4962 2849 5015 Graecis
2878 4960 3077 5013 referta
3104 4958 3319 5022 fabulis,
3346 4974 3465 5026 quae

1895 5064 2171 5132 prmterire
2226 5060 2371 5129 pittm
2399 5058 2555 5112 decet
2579 5055 2907 5126 agricolam,
2938 5063 3133 5108 caetera
3169 5066 3290 5122 quze
3346 5050 3462 5105 usui

1903 5150 2083 5204 futura
2123 5151 2256 5214 sint,
2288 5150 2657 5218 arripientem.
2682 5148 2746 5201 Et
2772 5161 2903 5199 vero
2924 5145 3013 5198 alii
3044 5158 3257 5206 omnes,
3285 5144 3376 5211 qui
3403 5143 3469 5195 de

1896 5257 1958 5297 re
1993 5244 2198 5297 rustica
2220 5243 2575 5311 scripserunt,
2604 5241 2790 5294 eadem
2821 5239 2934 5293 fere
2962 5237 3027 5293 de
3056 5238 3265 5299 iisdem,
3294 5251 3467 5303 quan-

1510 5375 1739 5430 V'AIIIAS
1816 5377 2221 5434 LECTIONES.

291 5478 335 5511 ⁸⁸
358 5481 389 5531 ὁ
420 5477 551 5531 add.
589 5473 699 5528 AC.
796 5472 841 5503 "
876 5470 1037 5523 πάλιν
1065 5470 1393 5541 παρατίθησι
1430 5488 1489 5534 ς.

1580 5473 1625 5504 ⁶⁰
1653 5475 1929 5544 Βηρύττου
1960 5478 2025 5533 Α.

1722 5590 1957 5649 NOTAE.

298 5666 405 5734 (9'7)
438 5662 621 5734 Quasi
644 5662 791 5713 dicas
808 5657 1337 5734 Corruptiltilieolas.

299 5728 410 5799 (93')
444 5728 571 5786 Pari
605 5732 774 5782 forma
808 5729 1198 5799 l’atibilienlam
1233 5728 1450 5781 dixeris.

306 5798 415 5873 (ea)
441 5805 473 5856 'I
493 5802 700 5866 heologi
731 5802 897 5851 nostri
932 5801 980 5850 in
1009 5798 1209 5849 scholis
1238 5800 1393 5851 hodie
1421 5799 1799 5867 I’ropassiones

567 5898 827 5956 Paruos.
872 5893 989 5951 Gn.
1029 5891 1182 5949 Cll].

1902 5676 2219 5803 "Orfidii;
2269 5734 2393 5788 huic
2432 5731 2802 5801 Ceorgicamm
2834 5728 2998 5781 libros
3033 5724 3220 5780 tribuit
3248 5721 3465 5777 Suidas.

2962 5890 3128 5947 ‘13
