4090 6426
626 358 731 423 459

1796 358 2061 419 ΡΙΙΟΤΙΙ
2100 357 2608 420 ΡΑΤΗΙΑΒΟΗᾹΞ
2644 359 2748 420 CP.

3780 349 3885 414 460

627 478 739 520 tum
774 466 957 523 videre
982 466 1550 537 potui,prodiderunt,
1578 482 1752 537 neque
1780 468 1831 521 in
1866 469 2049 523 multis
2072 469 2190 522 adet

2312 489 2466 541 σιμα.
2499 471 2609 525 Καὶ
2642 472 2692 523 οἱ
2724 470 2872 524 ἄλλοι
2905 469 2961 523 δὲ
2994 470 3101 523 τῶν
3132 468 3231 532 τάς
3275 465 3588 538 γεωργικὰς
3621 482 3885 537 πραγμα-

626 560 973 615 dissentiunt.
1014 560 1221 626 Quibus
1249 569 1426 614 autem
1459 561 1603 615 inter
1633 577 1689 614 se
1716 561 2001 626 dissident,
2031 561 2082 614 in
2120 560 2190 614 his

2311 565 2464 627 τείας
2499 562 2976 637 συγγραψαμένων
3007 563 3191 634 σχεδόν
3236 580 3289 615 τι
3334 562 3400 615 τὰ
3427 562 3569 615 αὑτά
3612 561 3742 631 περὶ
3781 559 3889 612 τῶν

624 651 825 708 Leonis
852 652 1227 723 experimenta
1255 653 1468 708 eteteris
1492 662 1898 722 anteponuntur
1927 652 2200 707 omnibus.

1305 924 1530 980 CLXIV.

973 1015 1202 1072 Galenus
1231 1017 1305 1071 De
1335 1019 1486 1071 sectis
1518 1017 1859 1071 medicorum.

696 1108 954 1183 Legimus
999 1111 1187 1166 Galeni
1222 1111 1417 1163 librmn
1452 1108 1528 1162 De
1558 1108 1730 1163 sectis.
1761 1107 1991 1161 Disserit
2020 1114 2199 1159 autem

622 1209 687 1261 de
715 1208 878 1261 sectis
904 1220 1027 1275 qua:
1056 1204 1109 1258 in
1142 1210 1269 1257 arte
1294 1201 1499 1256 medica
1544 1201 1681 1254 inter
1704 1215 1761 1254 se
1788 1200 2197 1267 conspirarunt.

615 1296 723 1354 Eas
754 1309 862 1353 tres
887 1299 962 1351 ait
993 1312 1112 1352 esse
1146 1294 1476 1363 potissimas.
1531 1292 1704 1348 Unam
1744 1292 1969 1359 logicum
2002 1290 2186 1359 appel—

616 1390 803 1451 latam,
839 1402 1003 1457 quam
1040 1396 1094 1440 et
1125 1386 1477 1455 dogmaticam
1523 1383 1856 1450 agnominat,
1910 1391 1966 1434 et
2012 1380 2201 1433 analo-

2310 657 2509 720 αὐτῶν,
2542 659 2642 711 ὅσα
2676 658 2774 727 ἐμὲ
2803 657 3019 717 ειδέναι,
3056 656 3468 724 ἀποφαίνονται,
3502 654 3604 707 οὐκ
3631 653 3725 705 ἐπὶ
3759 652 3889 704 πολ-

2312 751 2423 813 λοῖς
2456 751 2511 803 δὲ
2546 751 2932 820 διαφωνοῦσιν.
2984 750 3070 802 Ἐν
3100 746 3180 810 οἷς
3209 748 3266 801 δὲ
3306 747 3815 817 διαπεφωνήκασιν,
3854 745 3888 814 ἠ

2308 844 2399 897 τοῦ
2431 843 2657 906 Λέοντος
2691 843 2797 895 τῶν
2833 842 3007 895 ἄλλων
3036 840 3387 911 προκρίνεται
3420 841 3604 911 πεῖρα.

2983 931 3136 987 ΡΞΔ’.

2694 1027 2981 1093 Γαληνοῦ
3015 1027 3147 1094 περὶ
3183 1026 3496 1093 αἱρέσεων.

2389 1119 2726 1190 ’Λνεγνώσθη
2778 1118 3020 1189 Γαληνοῦ
3055 1118 3196 1197 Περὶ
3238 1118 3548 1187 αἱρέσεων.
3577 1120 3715 1188 Περὶ
3736 1119 3889 1187 αἱρέ-

2307 1232 2443 1265 σεων
2473 1213 2529 1266 δὲ
2560 1212 2668 1265 τῶν
2695 1212 2837 1265 κατὰ
2869 1211 2966 1281 τὴν
3004 1210 3256 1281 ἰατρικὴν
3286 1212 3385 1280 τὴν
3425 1209 3685 1262 σύστασιν
3720 1211 3888 1278 ἐσχη-

2304 1305 2474 1358 κυιῶν
2493 1304 2874 1374 διαλαμϐάνει,
2898 1304 2991 1357 καί
3012 1321 3145 1374 φησι
3162 1304 3309 1374 τρεῖς
3332 1302 3452 1357 κατ’
3478 1302 3733 1373 ἰατρικὴν
3758 1301 3888 1354 καθ-

2301 1396 2487 1459 ολικάς
2499 1396 2739 1467 αἱρέσεις
2755 1413 2817 1447 συ
2827 1395 3035 1464 στῆναι,
3050 1396 3148 1464 τήν
3163 1412 3219 1447 τε
3240 1394 3583 1463 καλουμένην
3602 1391 3885 1461 λογικὴν,

617 1482 882 1551 gisticam.
943 1479 1181 1533 Alteram
1242 1490 1371 1530 vero
1402 1476 1707 1544 empiricam
1754 1474 2000 1527 dictam:
2059 1472 2190 1526 hanc

2301 1492 2365 1563 ἧν
2391 1491 2482 1542 καὶ
2502 1490 2868 1559 δογματικὴν
2888 1490 3233 1558 ἐπονομάζει,
3256 1490 3335 1543 ἔτι
3380 1490 3435 1541 δὲ
3483 1489 3574 1541 καὶ
3601 1489 3886 1557 ἀναλογι-

619 1574 1015 1628 observatricem
1076 1581 1292 1641 quoque
1372 1584 1434 1623 ac
1484 1567 1839 1621 memorialem
1904 1566 2194 1619 nominat.

2301 1584 2539 1651 στικήνο
2574 1584 2833 1654 δευτέραν
2888 1584 2947 1637 δὲ
2988 1584 3087 1655 τὴν
3134 1583 3475 1654 καλουμένην
3504 1580 3883 1652 ἐμπειρικὴν,

617 1659 856 1721 Tertiam
902 1664 1136 1733 denique
1165 1660 1531 1715 methodicam.
1567 1658 1829 1711 Diﬂ'erunt
1853 1666 2030 1709 autem
2057 1656 2190 1709 inter

2298 1678 2419 1748 ἥτις
2454 1675 2547 1730 καὶ
2580 1676 2865 1744 τηρητικὴ
2900 1677 2996 1730 καὶ⁸
3028 1675 3478 1746 μνημονευτικὴ
3514 1676 3882 1728 ἐπικαλεῖται·

616 1777 673 1812 se
704 1774 826 1813 cum
865 1757 986 1811 aliis
1017 1754 1201 1816 rebus,
1234 1763 1345 1806 tum
1376 1750 1704 1805 inventionis
1752 1751 1931 1804 modo.
1960 1747 2194 1817 Dogma-

2297 1768 2485 1837 τρίτην
2509 1766 2636 1839 [182
2654 1766 2746 1837 Η.]
2763 1766 2820 1818 δὲ
2852 1765 2950 1837 τὴν
2976 1765 3326 1835 μεθοδικὴν.
3352 1765 3678 1837 Διαφέρουσι
3708 1765 3766 1817 δὲ
3789 1764 3886 1818 ἀλ-

616 1853 754 1905 ticus
784 1849 927 1904 enim
956 1847 1220 1908 medicus,
1262 1859 1329 1898 ex
1376 1858 1442 1897 eo
1496 1843 1637 1909 quod
1690 1840 2065 1895 ratiocinandn
2095 1854 2190 1892 cu-

2297 1860 2472 1930 λὴλων
2507 1853 2669 1915 αὗται
2700 1860 2880 1922 ἄλλοις
2901 1877 2961 1912 τε
2995 1859 3089 1911 καὶ
3118 1858 3195 1929 τῷ
3226 1858 3417 1929 τρόπῳ
3436 1858 3536 1925 τῆς
3568 1858 3877 1928 εὑρέσεως·

616 1941 770 1995 randi
829 1938 1113 1993 ntelhodos
1167 1935 1422 2005 reperiat,
1460 1944 1633 1988 artem
1681 1949 1832 1988 suam
1881 1933 2191 1987 constituit.

613 2026 921 2102 Empiricos
935 2044 1062 2083 vero
1082 2042 1184 2082 non
1211 2026 1649 2090 ratiocinatione,
1677 2025 1770 2078 sed
1819 2024 2195 2093 experimento

616 2136 779 2194 atque
803 2122 1185 2178 observatione
1218 2127 1392 2172 artem
1420 2116 1647 2185 colligit.
1683 2113 1800 2169 Jam
1829 2115 2189 2178 methodicus,

616 2220 707 2288 qui
740 2229 795 2273 et
823 2217 1035 2271 ratione
1085 2227 1241 2270 usum
1272 2225 1354 2274 se,
1381 2219 1436 2265 et
1464 2210 1837 2279 experimento
1883 2208 2191 2277 proﬁtetur,

616 2311 715 2364 etsi
748 2310 940 2363 horum
993 2316 1184 2360 neutro
1215 2303 1349 2358 satis
1399 2309 1655 2355 accurate
1691 2308 1894 2363 utatur,
1933 2298 2000 2352 ab
2032 2298 2195 2353 utris-

611 2419 721 2473 que
753 2401 859 2455 illis
893 2400 1084 2453 merito
1116 2397 1402 2452 distinctus
1433 2394 1765 2449 censebitur.

689 2494 852 2549 Liber
876 2492 965 2546 hic
995 2501 1104 2545 tres
1138 2491 1187 2543 in
1224 2498 1409 2558 partes
1437 2495 1655 2541 secatur
1691 2504 1705 2541 :
1739 2500 1966 2553 quarum
1996 2484 2047 2537 in
2083 2493 2192 2552 pri-

614 2602 701 2639 ma
733 2585 946 2652 quidem
976 2581 1292 2648 empiricam
1327 2590 1488 2647 atque
1537 2577 1895 2646 dogmaticam
1932 2575 2190 2644 graphice

616 2677 878 2733 describit
912 2691 925 2727 :
962 2675 1052 2727 ubi
1101 2673 1290 2735 etiam,
1334 2670 1511 2739 qualis
1550 2670 1837 2736 utriusque
1870 2678 2061 2720 natura
2095 2666 2183 2730 sit,

613 2768 869 2823 ostendit.
904 2766 1086 2819 Altera
1145 2777 1275 2816 vero
1328 2770 1482 2830 parte
1537 2761 1673 2815 duas
1732 2757 1961 2811 invicem
2013 2766 2189 2811 sectas

612 2861 769 2914 valde
798 2857 1208 2915 contendentes,
1240 2863 1296 2907 et
1322 2852 1388 2907 de
1407 2850 1709 2920 principatu
1733 2859 2011 2904 certantes
2041 2863 2189 2900 com-

612 2955 783 3024 penit.
821 2950 1005 3003 Tertia
1040 2947 1273 3015 denique
1307 2944 1667 2998 methodicam
1698 2940 1966 3011 producit,
1999 2948 2053 2993 et
2078 2938 2191 3008 qui-

613 3047 734 3100 dem
767 3059 889 3098 cum
944 3041 1065 3094 aliis
1114 3036 1502 3107 suprascriptis
1555 3035 1763 3089 duabus
1818 3041 2188 3102 pugnantem,

613 3138 853 3209 qualibet
879 3152 909 3189 e
936 3135 1108 3189 tribus
1131 3134 1300 3188 sectis
1334 3146 1429 3186 sua
1463 3129 1582 3200 jura
1620 3127 1952 3197 proferente,
1985 3134 2039 3180 et
2066 3125 2193 3179 reli-

613 3248 747 3303 quas
796 3231 1018 3285 vincere
1050 3236 1350 3295 satagente.
1381 3223 1559 3291 Atque
1594 3221 1682 3274 hic
1714 3221 1858 3275 tertii
1894 3219 2015 3274 libri
2070 3217 2193 3272 ﬁnis

612 3334 716 3379 est.
746 3323 877 3377 Illud
919 3322 1147 3383 clarum,
1180 3331 1314 3384 opus
1345 3316 1449 3369 hoc
1495 3315 1637 3367 inter
1669 3324 1864 3366 cmlera
1906 3312 2039 3366 artis
2082 3324 2194 3364 me-

614 3417 747 3468 dicae
776 3413 976 3480 scripta
1012 3409 1265 3463 omnibus
1299 3404 1545 3474 ιιι-πίεντί
1595 3416 1869 3471 oportere.
1916 3402 2190 3471 Siquidem

614 3509 826 3561 discere
849 3502 1122 3563 convenit,
1154 3513 1273 3568 quae
1301 3504 1447 3551 secta
1482 3496 1625 3550 inter
1656 3510 1844 3549 omnes
1872 3495 2071 3563 Optima
2099 3496 2190 3559 sit,

611 3609 673 3650 ut
701 3612 819 3651 eam
846 3593 1040 3648 deinde
1072 3592 1318 3645 secteris.
1356 3590 1583 3645 Videtur
1614 3598 1794 3642 autem
1832 3603 1938 3641 non
1975 3586 2194 3655 proprie

616 3689 856 3741 medicus
879 3683 1159 3738 habendus
1184 3682 1319 3734 liber
1339 3680 1447 3744 hic,
1475 3680 1566 3733 sed
1597 3677 1842 3748 prommii
1865 3678 2033 3729 vicem
2057 3692 2193 3744 pra:-

615 3784 788 3841 bere,
852 3785 1011 3844 atque
1061 3775 1126 3826 ad
1178 3770 1576 3841 philosophiam
1650 3770 1829 3839 potius
1895 3770 2187 3837 pertinere.

617 3871 805 3940 107!)
848 3868 1066 3922 Certum
1102 3865 1229 3919 item
1276 3864 1427 3927 illud,
1460 3863 1525 3916 ad
1571 3862 1866 3916 dictionem
1894 3860 2035 3929 quod
2068 3859 2191 3913 aui-

614 3976 724 4027 net,
772 3972 938 4027 atque
989 3956 1457 4027 compositionem,
1518 3970 1711 4024 purum
1748 3968 1870 4006 eum
1928 3967 2071 4014 esse,
2128 3966 2191 4005 ac

611 4063 923 4107 venustum.
962 4051 1161 4104 Harum
1193 4050 1335 4103 enim
1367 4047 1569 4116 ubique
1590 4044 1889 4099 formarum
1913 4044 2189 4098 studiOsns

614 4145 881 4212 imprimis
929 4142 1169 4197 Galenus
1226 4141 1455 4206 exstitit,
1507 4138 1719 4192 tametsi
1795 4137 1847 4190 in
1917 4135 2189 4204 plerisque

611 4234 833 4303 scriptis
862 4232 1258 4299 intempestivis
1286 4232 1399 4286 suis
1423 4229 1765 4285 sermonibus
1803 4241 1865 4280 ac
1890 4227 2186 4296 digressio-

612 4328 789 4391 nibus,
826 4325 1223 4396 praelongisque
1262 4325 1497 4393 periodis
1546 4336 1652 4374 non
1685 4321 1807 4375 sine
1837 4318 2081 4372 molestia
2121 4317 2189 4371 li-

610 4423 739 4477 bros
785 4419 1158 4483 commiscent,
1222 4418 1492 4473 dictorum
1520 4428 1741 4468 sensum
1807 4411 2079 4475 obscuret,
2134 4419 2187 4464 et

2296 1954 2324 2005 ὀ
2356 1950 2454 2020 μὲν
2474 1952 2583 2021 γὰρ
2598 1951 2924 2020 δογματικδς
2947 1950 3090 2020 λόγῳ
3123 1949 3459 2020 κεχρημένος
3480 1948 3576 2002 καὶ
3612 1947 3714 2011 τὰς
3744 1947 3881 2015 μεθ-

2296 2043 2447 2105 ὁδους
2502 2042 2602 2113 τῆς
2651 2043 2895 2111 ἰατρείας
2932 2042 3199 2113 εὑρίσκων
3244 2040 3340 2111 τὴν
3390 2043 3587 2110 τέχνην
3623 2039 3878 2109 συνίστη-

2298 2150 2401 2196 σιν,
2430 2133 2458 2184 ὁ
2481 2133 2538 2186 δὲ
2572 2133 2893 2204 ἐμπειρικὸς
2918 2134 3100 2186 οὐκέτι
3129 2130 3207 2202 τῷ
3253 2131 3418 2201 λόγῳ,
3456 2132 3591 2185 ἀλλά
3614 2134 3682 2201 τῇ
3710 2130 3882 2201 πείρᾳ

2296 2226 2389 2278 καὶ
2414 2230 2481 2296 τῇ
2514 2226 2745 2297 τηρήσει
2764 2243 2778 2255 '
2813 2227 2840 2280 ὁ
2867 2227 2922 2279 δὲ
2951 2225 3227 2295 μεθοδικδς
3277 2223 3752 2295 ἐπαγγελλόμενος
3780 2226 3878 2276 καὶ

2293 2317 2439 2387 λόγῳ
2467 2319 2562 2370 καὶ
2611 2321 2776 2389 πείρᾳ
2822 2318 3143 2388 κεχρῆσθαι,
3193 2316 3435 2387 ἀκριϐῶς
3483 2316 3540 2369 δὲ
3592 2314 3880 2386 μηδετέρῳ

2294 2410 2599 2481 χρώμενος,
2629 2410 2857 2473 εἰκότως
2888 2411 3088 2479 ἀμφοῖν
3115 2409 3329 2463 διοίσει.

2369 2503 2461 2565 El;
2484 2508 2529 2569 γ’
2549 2502 2604 2553 δὲ
2627 2504 2891 2572 τμήματα
2915 2503 3205 2573 διαιρεῖται
3226 2504 3287 2555 τὸ
3314 2504 3487 2574 παρὸν
3513 2503 3741 2573 βιϐλίον.
3760 2506 3872 2557 Καὶ

2300 2596 2357 2647 ὲν
2403 2594 2501 2664 μὲν
2528 2593 2604 2663 τῷ
2649 2594 2848 2664 πρώτῳ
2877 2595 2975 2663 τὴν
3004 2595 3261 2648 σύστασιν
3290 2596 3388 2665 τῆς
3415 2596 3747 2666 ὲμπειρικῆς
3778 2596 3876 2647 καὶ

2297 2684 2634 2755 δογματικῆς
2695 2686 3021 2756 ἀναγράφει,
3063 2686 3121 2739 ὲν
3162 2679 3206 2754 ᾧ
3238 2689 3333 2740 καὶ
3362 2688 3581 2759 ὀποίαή
3635 2690 3877 2757 ἑκάστης

2298 2777 2744 2831 οὐσίαδιδάσκειο
2776 2780 2833 2830 ὲν
2863 2778 2918 2830 δὲ
2951 2777 3029 2849 τῷ
3076 2778 3314 2849 δευτέρῳ
3377 2780 3587 2848 εἰσάγει
3637 2780 3739 2843 τὰς
3784 2780 3879 2832 δίο

2299 2868 2797 2937 διαφιλονεικούσας
2832 2869 3076 2941 αἱρέσεις
3106 2871 3363 2942 ἀλλήλαις
3392 2871 3615 2925 καὶτῶν
3646 2872 3690 2903 ⁶¹
3722 2890 3882 2944 πρω-

2296 2960 2456 3013 τείων
2486 2962 2966 3032 ἁμφισϐητούσαςο
2992 2965 3050 3016 ὲν
3076 2964 3133 3017 δὲ
3159 2965 3239 3036 τῷ
3264 2970 3311 3033 γ’
3358 2966 3606 3035 τμήματι
3636 2968 3740 3039 τὴν
3772 2985 3879 3021 κα-

2297 3048 2568 3119 λουμένην
2632 3052 2856 3122 θείσάγει
2915 3052 3209 3124 μεθοδικὴν
3266 3058 3386 3118 ταῖς
3446 3058 3883 3129 προειρημέναις

2297 3140 2419 3192 δυσὶ
2455 3143 2791 3214 μαχομένην,
2821 3145 3082 3207 κάκείνας
3112 3148 3156 3179 ⁶²
3191 3149 3328 3219 πρὸς
3352 3149 3577 3220 ταύτην,
3635 3153 3884 3223 ἑκάστης

2296 3232 2403 3286 τῶν
2428 3235 2593 3303 τριῶν
2623 3237 2691 3291 τὰ
2713 3239 2887 3290 οίκεῖα
2908 3240 3356 3313 προϐαλλομένης
3379 3243 3561 3297 δίκαια
3586 3246 3682 3298 καὶ
3710 3262 3814 3299 σπε
3827 3270 3885 3298 υ-

2293 3326 2489 3397 δούσης
2532 3331 2612 3392 εἰς
2643 3330 2740 3402 τὴν
2772 3332 2912 3385 κατά
2943 3334 3052 3386 τῶν
3098 3335 3408 3389 ὑπολοίπων
3446 3337 3626 3408 νίκην.
3673 3339 3765 3391 Ἐν
3798 3335 3881 3401 οἷς

2294 3420 2387 3470 καὶ
2417 3419 2476 3471 τὸ
2505 3422 2688 3491 τρίτον
2732 3424 3097 3495 ἀπαρτίζεται
3146 3427 3363 3496 τμῆμα.
3401 3428 3570 3498 Δῆλον
3624 3428 3668 3481 δ’
3700 3430 3785 3481 ὅτι
3821 3431 3884 3482 τὸ

2296 3510 2497 3579 βιϐλίον
2548 3513 2707 3567 τοῦτο
2737 3514 2846 3569 τῶν
2882 3518 3023 3570 κατά
3054 3518 3153 3588 τὴν
3214 3519 3465 3588 ἰατρικὴν
3512 3521 3883 3591 ἀνάγνωσμα-

2293 3621 2402 3656 των
2430 3606 2649 3660 πάντων
2688 3609 3087 3678 προτάττεσθαι
3124 3610 3350 3678 ὀφείλει,
3382 3614 3543 3684 εἴπερ
3574 3612 3656 3665 δεῖ
3680 3615 3884 3683 μαθεῖν

2297 3696 2421 3748 ποία
2463 3698 2653 3751 πασῶν
2682 3699 2879 3770 ἀρίστη
2940 3703 3172 3771 αἵρεσις,
3208 3703 3309 3756 είθ’
3371 3704 3514 3757 οὕτω
3572 3706 3749 3778 ταύτῃ
3778 3724 3881 3757 κε-

2294 3788 2551 3857 χρῆσθαι.
2592 3790 2689 3862 Εῖη
2723 3791 2767 3844 δ’
2796 3790 2864 3844 ἂν
2892 3793 3013 3846 οὐδὲ
3041 3795 3245 3864 κυρίως
3288 3796 3532 3866 ἰατρικὸν
3556 3797 3617 3849 τὸ
3640 3797 3878 3867 βιϐλίον,

2291 3880 2427 3933 ἀλλὰ
2468 3884 2757 3953 προοιμίου
2786 3886 2949 3937 τόπον
2998 3886 3192 3957 ἐπέχον
3220 3889 3316 3942 καὶ
3344 3890 3633 3961 φιλοσοφίᾳ
3668 3892 3881 3957 μᾶλλον

2292 3971 2672 4043 ἀνακείμενον.
2720 3975 2888 4045 Δῆλον
2921 3977 2976 4030 δὲ
3020 3978 3123 4040 ὅτι,
3148 3980 3249 4032 ὅσα
3297 3998 3358 4049 γε
3386 3982 3478 4033 tut
3512 4000 3570 4035 τε
3593 3981 3736 4048 λέξει
3777 3986 3882 4037 καὶ

2294 4065 2567 4131 συντάξει,
2615 4068 2853 4139 καθαρόν
2894 4070 3010 4122 ἐστι
3049 4072 3138 4124 καὶ
3181 4073 3469 4142 εὐκρινές·
3520 4074 3729 4127 τούτων
3762 4078 3878 4146 γάρ

2290 4157 2437 4209 ἐστιν
2462 4160 2518 4210 ὲν
2549 4160 2714 4212 πᾶσιν
2736 4164 2763 4213 ὁ
2787 4161 3023 4231 Γαληνὸς
3063 4165 3412 4235 φροντιστὴς,
3449 4167 3497 4218 εἰ
3532 4166 3625 4219 καὶ
3651 4167 3709 4218 έν
3739 4168 3873 4219 πολ-

2291 4246 2401 4309 λοῖς
2455 4248 2618 4301 αὐτοῦ
2662 4250 2769 4303 τῶν
2822 4257 3272 4322 συγγραμμάτων
3308 4254 3719 4325 ἀκαιρολογίαις
3773 4256 3875 4307 καὶ

2293 4343 2710 4409 παρεκτροπαῖς
2735 4341 2861 4413 [552
2894 4342 2988 4415 IL]
3021 4345 3114 4396 καὶ
3148 4343 3225 4415 τῷ
3257 4346 3366 4399 τῶν
3398 4346 3665 4415 περιόδων
3722 4363 3875 4416 σχοι-

2292 4434 2497 4483 νοτενεῖ
2516 4434 2787 4502 φορτίζων
2814 4435 2859 4465 ⁸³
2892 4435 2960 4488 τὰ
3011 4436 3188 4505 βιϐλία
3217 4439 3409 4506 συγχεῖ
3435 4439 3529 4491 καὶ
3554 4441 3739 4491 σκοτοῖ
3761 4439 3874 4492 τῶν

608 4513 871 4568 orationis
904 4511 1101 4565 seriem
1134 4505 1532 4577 quodammodo
1581 4506 1890 4572 abrumpat,
1921 4502 2179 4556 lectorem

2296 4524 2694 4592 γεγραμμένων
2718 4525 2807 4577 τὸν
2832 4526 2981 4589 νοῦν,
3012 4502 3113 4596 τήν
3138 4546 3190 4580 τε
3219 4502 3535 4600 σύμῇιρρασιν
3568 4532 3732 4583 οἱονεὶ
3761 4531 3874 4584 διας

610 4606 775 4659 etiam
812 4605 985 4672 ipsum
1029 4599 1360 4669 longioribus
1387 4598 1539 4651 hisce
1581 4596 1948 4649 deliramentis
2001 4594 2055 4648 in
2090 4607 2184 4647 ne-

2288 4610 2525 4675 κόπτων,
2558 4613 2745 4677 καὶείς
2768 4615 3000 4685 ἀκηδίαν
3027 4616 3176 4685 ἄγων
3210 4618 3297 4671 διὰ
3332 4618 3423 4671 τοῦ
3462 4619 3675 4689 μακροῦ
3698 4618 3870 4689 λήρου

610 4696 919 4765 gligentiam
969 4692 1244 4747 ahducens
1278 4708 1293 4745 :
1326 4690 1524 4759 quibus
1582 4687 1775 4744 saltem
1825 4686 1970 4741 vitiis
2033 4694 2189 4740 vacat

2296 4700 2378 4753 τὸν
2419 4704 2689 4775 ἀκροατήν
2709 4722 2723 4736 ο
2780 4701 2855 4761 ὧν
2885 4708 3022 4771 τέως
3053 4709 3111 4762 τὸ
3146 4708 3319 4779 παρὸν
3373 4686 3593 4779 βιϐλίον
3623 4686 3875 4781 ἀπήλλα-

609 4789 712 4841 hoc
747 4788 813 4843 de
852 4787 1020 4841 sectis
1064 4799 1220 4854 opus.

1298 4874 1504 4931 CLXV.

890 4968 1118 5022 Himerii
1165 4968 1413 5035 sophista:
1453 4965 1901 5019 Declamationes.

679 5057 859 5112 Lecta:
881 5067 1007 5113 sunt
1033 5057 1259 5111 llimerii
1282 5056 1359 5125 (2)
1378 5055 1633 5123 sophista:
1664 5053 2082 5107 Declamationer
2112 5054 2189 5124 (5)

605 5166 701 5207 seu
724 5151 1002 5204 Orationes
1034 5151 1220 5204 varice.
1250 5148 1521 5204 Suasorite
1553 5148 1702 5208 duae,
1728 5147 2014 5214 iudiciales
2042 5159 2186 5201 tres:

607 5257 840 5314 quarum
885 5244 1049 5295 etiam
1082 5240 1195 5294 edit
1246 5248 1561 5309 argumenta
1590 5236 1691 5307 (4).
1725 5236 1791 5291 Et
1814 5239 2180 5293 suasoriarum

2291 4810 2434 4846 κται.

2919 4888 3078 4944 ΡΞΕ¹.

2520 4975 2772 5045 Ἰμερίου
2796 4980 3098 5048 σοφιστοῦ
3135 4984 3314 5051 Λόγοι
3344 4985 3638 5054 διάφοροι.

2380 5065 2822 5136 Ἀνεγνώσθησαν
2885 5067 3117 5140 Ἱμερίου
3184 5072 3440 5140 σοφιστοῦ
3473 5073 3755 5138 Maktar,
3782 5076 3878 5127 καὶ

2294 5154 2471 5220 ἄλλως
2523 5158 2697 5229 Λόγοι
2746 5160 3035 5228 διάφοροι,
3065 5155 3140 5216 ὧν
3179 5163 3225 5195 ⁸⁸
3260 5164 3717 5235 συμϐουλευτικατ¹
3776 5168 3879 5237 μὲν

2292 5245 2405 5311 δύο,
2426 5248 2702 5304 δικανικαὶ
2723 5251 2779 5305 δὲ
2808 5253 3029 5323 μελέται
3052 5258 3231 5327 τρεῖς·
3271 5257 3475 5311 τούτων
3511 5258 3569 5312 δὲ
3601 5260 3698 5313 καὶ
3734 5278 3878 5332 προσ

1896 5355 2129 5411 VARUE
2173 5359 2575 5424 LECTIONES.

675 5451 716 5480 ⁸⁸
753 5452 848 5502 καὶ
874 5451 980 5503 τῶν
1004 5450 1092 5503 AC
1122 5468 1135 5503 :
1159 5448 1403 5517 καὶπερὶ
1429 5448 1536 5500 τῶν
1567 5467 1626 5512 ς’.
1734 5450 1777 5478 ⁸²
1802 5448 2060 5521 κάκείνην
2091 5469 2151 5515 ς.

2249 5456 2294 5486 ⁸³
2327 5460 2629 5529 φροντίζων
2660 5481 2721 5527 ς.

2822 5466 2867 5497 ⁸⁸
2895 5460 2970 5519 ὧν
3037 5468 3162 5522 add.
3202 5469 3267 5521 A.

2125 5570 2359 5631 NOT/E.

686 5662 759 5729 f2)
792 5661 923 5716 Vide
962 5660 1205 5715 Suidam.

604 5735 757 5856 ags,
792 5733 991 5787 Earum
1038 5741 1291 5801 excerpta
1342 5732 1588 5801 quaedam
1640 5732 1735 5788 inf.
1790 5734 2030 5802 reperies
2063 5737 2184 5789 cod.

2301 5671 2858 5799 ὧέἐλυῗροοεωριας,
2899 5678 3053 5748 quasi
3108 5680 3453 5750 praefationes
3501 5684 3567 5739 ad
3621 5701 3685 5741 ea
3754 5701 3879 5755 qua
