4090 6424
242 364 343 432 461

1169 370 1782 433 ΒΙΒΕΙΟΤΗΕ(ῘΑ,“
1818 370 2035 431 CODD.
2060 368 2306 447 CLXiV,
2334 373 2545 433 CLXV.

3398 369 3507 434 462

244 480 479 549 Θεωρίας
523 480 815 534 ἐκτίθεται.
871 481 984 535 Καὶ
1042 482 1153 535 τῶν
1200 482 1676 554 συμδουλευτικῶν
1734 481 1833 549 μὲν

1964 479 2152 547 (“idem
2193 479 2424 548 primam
2459 478 2715 549 Hyperiili
2751 478 2955 548 afﬁngit
2977 519 2992 541 ,
3021 480 3172 549 quasi
3209 496 3369 550 super
3403 483 3507 537 De-

244 575 341 643 ’ξῆν
376 572 609 644 πρώτην
654 575 734 636 εἰς
777 572 1070 644 Ὑπερίδην
1124 576 1438 629 διατυποῖθδ
1486 575 1647 644 δῆθεν
1690 576 1830 645 ὑπὲρ

247 665 627 734 Δημοσθένους
658 665 1155 735 συμϐουλεύουσαν,
1182 667 1281 738 τὴν
1331 667 1388 719 δὲ
1448 669 1527 730 εἰς
1551 667 1830 736 Δημοσθέ-

248 775 344 827 νην
379 757 547 809 αὑτὸν
583 757 724 827 ὑπὲρ
772 758 1026 827 Αἰσχίνου
1056 759 1154 829 τὴν
1213 759 1521 830 συμϐουλὴν
1567 758 1834 829 σχηματί-

252 847 432 911 ζοντα.
480 848 543 900 Οἱ
597 846 654 900 δὲ
687 848 864 900 λοιποὶ
914 851 1080 917 τρεῖς,
1114 851 1142 901 6
1188 849 1286 918 μὲν
1334 852 1456 903 κατ’
1505 848 1831 918 Ἐπικούρου

249 938 645 993 διαπλάττεται
701 941 956 1004 ἀσεϐείας
979 941 1197 1012 γραφὴν
1244 942 1445 994 ὡσανεὶ
1467 941 1782 1009 φεύγοντος,
1807 942 1836 992 ό

250 1030 304 1082 δὲ
331 1031 480 1083 κατὰ
520 1033 800 1098 πλουσίου,
856 1034 1089 1105 πένητος
1140 1034 1335 1103 ἀνδρὸς
1363 1034 1541 1087 οἰκίαν
1565 1035 1693 1102 ὃλην
1729 1051 1836 1102 μυ-

253 1123 441 1190 σαροῖς
474 1121 815 1186 κενώσαντος
871 1124 1137 1194 δράμασι,
1186 1125 1282 1176 καὶ
1309 1125 1473 1176 αὑτὸν
1504 1124 1712 1191 εἰσάγει
1747 1124 1838 1176 τὸν

253 1220 467 1283 πένητα
512 1214 1000 1286 διαγωνιζόμενον·
1050 1218 1078 1269 ό
1122 1217 1180 1269 δὲ
1234 1216 1417 1286 τρίτος
1470 1216 1840 1286 Θεμιστοκλέα

254 1306 499 1377 παράγει
528 1307 739 1377 βασιλεί
773 1309 997 1377 Περσῶν
1038 1310 1409 1377 ἀντιλέγοντα,
1452 1309 1685 1387 ςνξπειδὲιν
1711 1310 1845 1361 ὑπο-

257 1402 473 1468 σχέσεις
503 1400 711 1462 ὲκεῖνος
742 1399 1065 1471 προῦτεινεν
1097 1402 1141 1432 ⁸⁸
1170 1402 1309 1471 ὑπὲρ
1350 1401 1451 1469 τῆς
1474 1401 1569 1454 τοῦ
1604 1400 1842 1470 πολέμου

256 1489 631 1553 καταλύσεως.

328 1577 493 1635 Οὗτοι
528 1582 593 1654 δὴ
648 1582 797 1652 αὐτῷ
843 1583 892 1636 οἱ
923 1582 1071 1652 λόγοι
1112 1584 1213 1654 τήν
1264 1601 1325 1635 τε
1350 1585 1405 1636 ἐν
1433 1584 1613 1652 λόγοις
1646 1584 1846 1657 ἀρετὴν

260 1674 425 1726 αὐτοῦ
473 1676 571 1727 καὶ
604 1676 712 1728 τῶν
770 1678 1063 1746 νοημάτων
1106 1671 1166 1728 τὸ
1200 1675 1436 1746 ἀνθηρὸν
1478 1678 1574 1730 καὶ
1603 1672 1736 1749 ἧκον
1769 1678 1849 1737 εἰς

258 1764 489 1833 δύναμιν
541 1766 744 1836 μᾶλλον
777 1766 886 1818 τῶν
939 1764 1116 1821 ἄλλων
1172 1766 1442 1820 δεικνύειν
1476 1784 1595 1830 πως
1649 1767 1846 1838 ἐμελε-

1935 572 2217 624 mosthene
2277 571 2597 625 deliberatio
2646 572 2738 623 sil.
2786 571 3029 625 Alteram
3087 586 3216 626 vero
3250 574 3351 643 ipsi
3408 571 3509 626 De-

1941 663 2252 725 mostheni,
2313 663 2763 718 consum-itionem
2815 679 2976 732 super
3034 664 3293 720 Eschine
3346 665 3509 720 effor-

1940 757 2129 811 manti.
2154 754 2337 810 Trium
2376 755 2703 823 reliquarum
2751 756 2926 824 prima
2961 770 3148 810 contra
3196 757 3509 827 Epicurum,

1942 849 2089 903 velut
2123 848 2413 917 impietatis
2448 862 2599 901 reum
2647 849 2971 903 instituitur.
3014 849 3198 902 Altera
3253 850 3513 904 adversus

1940 941 2187 1004 divitem,
2249 941 2341 1011 qui
2394 941 2647 1009 pauperis
2705 942 2969 1011 integram
3013 942 3229 995 domum
3269 942 3516 996 scelestis

1943 1034 2058 1086 suis
2090 1032 2421 1087 facinoribus
2444 1034 2791 1097 exhauserat,
2822 1034 3106 1101 ipsumque
3148 1034 3283 1087 adeo
3315 1049 3514 1102 paupe-

1949 1140 2060 1177 rem
2100 1126 2305 1179 inducit
2337 1139 2553 1179 causam
2586 1129 2721 1179 hanc
2759 1135 3125 1195 perorantem.
3160 1125 3340 1179 Tertia
3375 1126 3515 1179 The-

1947 1218 2245 1271 mistoclem
2275 1218 2401 1273 facit
2416 1218 2674 1272 adversus
2693 1218 2976 1272 Persarum
2998 1234 3177 1287 regem
3195 1219 3517 1272 sententiam

1946 1310 2236 1374 dicentem,
2267 1311 2486 1378 quando
2515 1310 2601 1363 hic
2644 1310 2709 1364 ad
2742 1309 3105 1365 amoliendum
3152 1309 3351 1364 bellum
3393 1325 3520 1379 pro-

1948 1401 2111 1455 missa
2146 1402 2295 1467 pacis
2328 1402 2610 1456 afferebat.

1964 1629 1987 1651 ,
2028 1584 2121 1637 Hae
2186 1591 2363 1637 autem
2408 1582 2477 1636 ab
2506 1598 2572 1637 eo
2614 1591 2742 1636 sunt
2787 1583 3063 1637 orationes
3092 1583 3432 1651 conscriptae,
3465 1590 3525 1637 ut

1951 1677 2005 1731 in
2041 1679 2106 1730 iis
2150 1678 2573 1745 quodammodo,
2605 1677 2726 1745 plus
2753 1691 2914 1745 quam
2963 1677 3013 1728 in
3048 1678 3278 1737 Cteteris,
3308 1677 3524 1731 dicendi

1952 1772 2059 1822 vim
2086 1786 2262 1832 suam,
2290 1770 2793 1837 sententiarumque
2834 1770 3017 1822 florem
3059 1784 3156 1837 pro
3192 1769 3399 1823 viribus
3431 1785 3527 1823 ex-

259 1857 542 1927 τήθησαν·
596 1859 911 1928 περιδολαῖς
936 1877 997 1911 τε
1029 1860 1137 1929 γὰρ
1183 1861 1323 1913 κατὰ
1362 1861 1526 1930 ζῆλον
1570 1859 1848 1931 Δημοσθέ-

1964 1862 2178 1917 iiberet.
2210 1862 2288 1913 Ad
2328 1862 2682 1914 imitatimicm
2715 1862 2857 1915 enim
2894 1862 3272 1916 Demosthenis
3289 1863 3528 1916 circurn—

261 1966 385 2012 νους
420 1951 735 2016 πλεονάζει,
771 1954 864 2004 καὶ
897 1952 975 2021 τῷ
1031 1955 1526 2025 πολυσχηματίστῳ
1572 1954 1848 2007 ποικίλλε-

260 2060 371 2107 ται,
414 2044 513 2097 καὶ
541 2047 661 2103 ταῖς
708 2044 878 2108 ἰδέαις
908 2044 1089 2108 καλῶς
1121 2047 1248 2109 τοὺς
1295 2046 1488 2115 λόγους
1528 2047 1845 2116 κεράννυσι,

261 2139 337 2207 τῷ
373 2138 603 2208 μεγάλῳ
635 2139 680 2169 ⁸⁷
712 2139 910 2207 μᾶλλον
938 2138 1269 2208 ὑψούμενος’
1325 2142 1419 2192 καὶ
1444 2140 1587 2203 λέξει
1622 2139 1678 2192 δὲ
1708 2139 1849 2209 χρῆ-

265 2243 375 2292 ται,
410 2231 539 2281 ὅσον
576 2229 673 2299 μὲν
702 2232 783 2293 εἰς
806 2228 976 2283 τύπον
1007 2228 1138 2301 [185
1169 2229 1263 2302 1].]
1283 2232 1376 2284 καὶ
1402 2234 1469 2301 τῇ
1504 2232 1627 2284 καθ’
1651 2230 1851 2301 ἑαυτὴν

271 2321 519 2392 σημασίᾳ
549 2321 644 2374 καὶ
674 2322 930 2391 ἐμφάσει,
960 2322 1111 2377 οὐδὲν
1136 2323 1182 2354 ⁸⁸
1208 2322 1302 2376 τοῦ
1338 2322 1543 2392 σαφοῦς
1601 2323 1854 2393 λειπομέ-

269 2426 362 2485 νῃ·
398 2413 459 2466 τὸ
488 2413 546 2464 δὲ
574 2413 757 2475 λύσεις
787 2412 957 2475 αὑτὰς
989 2414 1270 2483 ὀνομάτων
1297 2414 1372 2476 ὡς
1402 2414 1494 2466 ἐπὶ
1519 2413 1580 2466 τὸ
1605 2414 1853 2465 πλεῖστον

270 2501 411 2556 εἶναι
440 2502 638 2568 ξενίζει
666 2505 764 2574 μὲν
804 2505 943 2571 μετὰ
989 2506 1085 2557 τοῦ
1111 2506 1265 2576 ἡδέος
1291 2506 1388 2575 τὴν
1413 2506 1604 2576 ἀκοὴν,
1627 2507 1688 2558 ού
1724 2507 1855 2576 μέν·

271 2604 351 2645 τοι
403 2594 519 2654 τοῖς
554 2592 770 2657 πολλοῖς
801 2595 888 2645 ἐπ’
924 2594 1045 2664 ἴσης
1078 2595 1378 2665 παρέχεται
1401 2596 1499 2666 τὴν
1527 2596 1850 2665 κατάληψιν.

274 2684 460 2755 Σαφὴς
498 2684 558 2738 δὲ
588 2685 817 2749 καὶτοῖς
845 2687 942 2757 τῆς
971 2688 1281 2758 εύκρινείας
1315 2687 1592 2758 ἰδιώμασι.
1626 2689 1861 2759 Χρώμε-

272 2794 360 2839 νος
422 2777 495 2840 δ’,
519 2776 593 2839 ὡς
618 2778 774 2847 ἔφην,
810 2777 1068 2848 περιϐολῇ
1091 2782 1157 2849 τῇ
1186 2797 1245 2830 τε
1264 2780 1383 2831 κατ’
1411 2780 1741 2847 αἰτιολογίαν
1765 2780 1861 2832 καὶ

273 2870 449 2933 ἄλλως
522 2869 888 2942 [κεχρημένος
930 2872 999 2943 ⁸⁸]
1061 2873 1351 2940 φαίνεται·
1412 2875 1635 2941 γοργοίς
1677 2870 1861 2942 μέντοι

274 2968 389 3030 τοῖς
441 2968 724 3035 σχήμασιν
772 2966 1059 3029 ἀποδιδοὺς
1088 2966 1186 3037 τὴν
1219 2965 1266 2996 ⁷⁸
1302 2962 1554 3018 ἐντεῦθεν
1594 2967 1863 3030 ἀσάφειαν

276 3059 621 3128 ἐκκαθαίρει.
655 3058 765 3111 Καὶ
802 3056 1095 3129 ὑπερϐατῷ
1129 3058 1186 3111 δὲ
1214 3059 1307 3112 καὶ
1340 3062 1541 3130 τροπῇ,
1574 3059 1624 3110 εἰ
1648 3060 1863 3127 καὶτῆς

280 3147 577 3217 περιϐολῆς
604 3148 691 3200 ἐπ’
722 3148 966 3214 ἔλαττον,
999 3150 1148 3219 ὅμως
1183 3149 1417 3203 ἐνταῦθα
1450 3150 1620 3219 πολλῇ
1656 3152 1750 3203 καὶ
1776 3151 1867 3201 εὺσ

282 3241 432 3305 φυῶς
466 3242 692 3309 χρῆται.
727 3242 839 3293 Καὶ
880 3241 1132 3303 σύντονος
1176 3243 1235 3294 ὲν
1267 3238 1477 3305 τούτοις
1507 3245 1601 3296 καὶ
1641 3243 1861 3313 γοργὸς,

279 3330 412 3381 ὅπου
443 3330 651 3400 δεήσοι.
688 3330 831 3383 Ἀλλ’
856 3333 913 3384 ὲν
947 3331 1045 3401 μὲν
1070 3333 1182 3394 τοῖς
1207 3333 1517 3404 εἰρημένοις
1546 3334 1725 3403 λόγοις
1758 3352 1866 3388 τοι-

279 3438 459 3485 ουτος.

1951 1956 2380 2026 ductionibus(5)
2405 1955 2664 2018 abundat,
2685 1972 2747 2010 ac
2777 1956 2958 2010 multis
2984 1956 3351 2011 schematibus
3377 1958 3528 2010 varie

1953 2047 2319 2115 distinguitur.
2343 2046 2480 2100 [deis
2516 2047 2644 2099 item
2679 2046 2903 2115 pulchre
2926 2048 3205 2101 orationes
3237 2057 3527 2114 temperat,

1954 2138 2170 2194 sublimi
2206 2153 2264 2191 se
2304 2137 2516 2191 dicendi
2575 2153 2776 2207 genere
2812 2139 2982 2206 magis
3030 2137 3283 2192 efferens.
3338 2135 3531 2191 Verbis

1955 2232 2019 2283 ad
2048 2232 2161 2285 limc
2194 2231 2383 2295 utitur,
2422 2244 2544 2298 quae
2585 2230 2673 2299 (ad
2723 2230 2949 2283 formam
2987 2230 3177 2284 saltem
3228 2229 3371 2298 quod
3403 2231 3531 2282 atti-

1958 2324 2071 2394 net)
2112 2339 2285 2393 neque
2316 2324 2385 2377 ob
2416 2323 2693 2393 prepriam
2724 2338 2877 2377 suam
2916 2323 3215 2386 notionem,
3257 2337 3435 2385 neque
3463 2323 3534 2374 ob

1958 2415 2258 2483 emphasim
2318 2429 2347 2467 a
2405 2415 2795 2483 perspicuitate
2856 2415 3169 2468 recedunt:
3207 2414 3353 2478 etsi,
3403 2414 3533 2482 quin

1962 2507 2235 2559 nominum
2314 2506 2699 2561 dissolutiones
2752 2505 2829 2575 (6)
2903 2516 2961 2559 ut
3022 2506 3314 2574 plurimum
3378 2514 3530 2567 sunt,

1962 2610 2123 2649 aures
2193 2596 2410 2664 quidem
2484 2611 2607 2649 cum
2659 2595 3005 2663 jucunditate
3076 2595 3365 2663 peregrino
3438 2608 3538 2648 suo

1962 2703 2096 2742 sono
2144 2687 2342 2742 feriunt
2400 2706 2415 2742 :
2475 2691 2570 2743 sed
2639 2703 2745 2741 non
2802 2702 2956 2757 aeque
3017 2702 3046 2741 a
3138 2689 3299 2757 vulgo
3341 2686 3538 2741 inteili-

1964 2790 2179 2850 guntur.
2245 2780 2437 2834 Clarus
2519 2794 2732 2848 quoque
2782 2789 2865 2835 est
2933 2796 3119 2835 earum
3190 2796 3371 2835 rerum
3441 2780 3544 2835 ob-

1965 2874 2297 2936 servatione,
2331 2887 2451 2939 quae
2505 2872 2574 2924 ad
2621 2872 2932 2926 distinctam
2981 2874 3281 2925 orationem
3325 2871 3545 2940 proprie

1966 2965 2259 3033 pertinent.
2298 2962 2481 3019 Utitur
2516 2965 2707 3026 etiam,
2764 2972 2823 3015 ut
2870 2963 3132 3027 diximus,
3166 2963 3546 3032 complexione

1968 3069 2090 3107 cum
2120 3053 2269 3116 alibi,
2308 3060 2421 3106 tum
2476 3051 2564 3104 ubi
2616 3052 2693 3105 rei
2753 3049 2984 3115 alicujus
3038 3051 3301 3103 rationem
3347 3049 3542 3102 reddit.

1972 3143 2107 3198 Dum
2168 3160 2297 3198 vero
2373 3143 2616 3197 incitatis
2665 3142 3035 3196 schematibus
3078 3156 3232 3195 suam
3283 3139 3547 3194 redditio-

1972 3254 2091 3292 uem
2125 3237 2370 3306 apponit,
2395 3237 2557 3291 simul
2579 3239 2741 3290 etiam
2771 3249 3010 3298 omnem,
3038 3248 3158 3302 qua:
3182 3248 3250 3287 ex
3294 3232 3399 3286 illis
3425 3242 3546 3285 orta

1972 3330 2170 3396 fuerat,
2210 3330 2594 3383 obscuritatem
2638 3327 2797 3380 tollit.
2846 3325 3214 3397 Hyperbatum
3264 3335 3547 3393 prazterea,

1975 3440 2037 3480 ac
2065 3436 2298 3493 tropum,
2334 3423 2535 3492 108a
2578 3422 2678 3475 etsi
2712 3422 2887 3478 rarius
2909 3437 3072 3490 quam
3094 3420 3547 3491 complexionem,

286 3519 605 3588 frequenter
642 3530 818 3573 tamen
852 3520 944 3574 hic
982 3526 1036 3573 et
1090 3520 1225 3573 scite
1281 3520 1526 3585 adhibet,
1591 3536 1697 3575 non
1749 3518 1865 3573 sine
1904 3520 2254 3575 contentione
2281 3528 2444 3587 atque
2474 3517 2783 3580 velocitate,
2836 3533 2959 3571 cum
2993 3517 3213 3586 quidem
3279 3516 3352 3569 ita
3412 3530 3551 3585 opus

283 3621 389 3664 est.
431 3609 621 3663 Talem
658 3612 822 3679 igitur
850 3627 907 3665 se
936 3611 989 3664 in
1020 3611 1103 3673 iis,
1137 3626 1273 3679 quas
1318 3612 1655 3675 enumeravi,
1697 3613 2041 3666 orationibus
2069 3610 2312 3664 exhibet.

369 3702 606 3772 Ἐφεξῆς
657 3704 714 3755 δὲ
740 3703 943 3755 τούτων
1000 3701 1185 3755 τάττει
1231 3702 1322 3753 τὸν
1351 3700 1785 3772 Πολεμαρχικὸν,
1816 3701 1876 3765 ὃς

288 3797 568 3866 ἐγκώμιόν
605 3798 721 3848 ἐστι
753 3794 861 3848 τῶν
895 3796 1033 3865 ὑπὲρ
1067 3794 1379 3864 ἐλευθερίας
1410 3796 1546 3865 πρὸς
1571 3796 1783 3863 Πέρσας
1821 3797 1876 3846 ὲν

289 3893 442 3959 μάχῃ
479 3887 759 3941 πεσόντων
795 3888 889 3940 καὶ
929 3888 1165 3955 πολέμου
1199 3886 1445 3947 ἔπαινος.
1476 3886 1614 3939 Μεθ’
1639 3888 1696 3937 ὅν
1730 3887 1877 3937 ἐστιν

290 3983 317 4032 6
355 3977 810 4047 Ἀρεοπαγιτικὸς
843 3975 875 4045 ἢ
902 3978 993 4027 καὶ
1018 3973 1444 4045 ὲλευθερωτικὸς
1482 3972 1762 4041 Ῥουφίνου
1783 3971 1877 4024 τοῦ

289 4070 497 4124 οἰκείου
531 4068 673 4121 υίοῦ.
697 4062 865 4129 Οὗτος
891 4068 952 4119 ού
976 4067 1021 4097 τί
1045 4063 1445 4136 πλασματικὸς,
1471 4065 1578 4118 οὐδ’
1606 4065 1633 4115 6
1653 4066 1874 4134 ἑφεξῆς,

292 4164 325 4232 ἡ
356 4164 440 4223 εἰς
486 4162 583 4214 τὸν
619 4158 781 4214 αὑτὸν
828 4160 941 4211 υἱὸν
991 4158 1393 4229 τελευτήσαντα
1446 4152 1702 4228 μονῳδία.
1739 4153 1878 4209 Εἶτα

291 4253 661 4322 ὲπιθαλὰμιος
680 4256 757 4315 εἰς
778 4248 992 4323 ἑταῖρον
1016 4252 1254 4321 Σεὸἧρον
1270 4267 1286 4283 ο
1320 4248 1427 4303 οὐδ’
1458 4248 1501 4282 ⁷⁸
1520 4246 1672 4313 οὗτος
1698 4250 1753 4302 δὲ
1781 4252 1878 4317 δη-

291 4344 472 4398 λονότι
520 4344 630 4396 τῶν
664 4340 712 4375 ’³³
740 4342 1159 4413 πλασματικῶν.
1213 4342 1416 4394 Τούτου
1459 4343 1515 4395 δὲ
1562 4342 1723 4394 πάλιν
1786 4341 1881 4394 καὶ

293 4436 539 4507 θεωρίαν
596 4436 1047 4513 προκαθίστησιν.
1091 4437 1204 4503 Ἐφ’
1238 4430 1316 4497 οἷς
1376 4437 1633 4505 Διογένης
1670 4436 1704 4505 ἦ
1742 4452 1878 4502 προ-

295 4530 615 4600 πεμπτικός
637 4548 650 4561 ⁸
686 4529 1010 4598 σεμνύνεται
1043 4529 1097 4581 δὲ
1128 4528 1221 4581 καὶ
1241 4521 1395 4590 οὗτος
1424 4529 1754 4600 προθεωρίᾳ,
1789 4526 1882 4580 καί

2050 3701 2284 3769 Subjicit
2316 3700 2381 3756 iis
2411 3698 2882 3753 Polemarchicum
2914 3697 2999 3771 [ut
3030 3698 3207 3770 vocat]
3242 3718 3257 3755 :
3291 3714 3411 3768 quin
3432 3703 3553 3770 qui-

1976 3796 2095 3847 dem
2121 3794 2294 3847 oratio
2325 3808 2512 3846 eorum
2543 3794 2632 3861 qui
2663 3807 2759 3857 pro
2788 3792 2976 3860 patrize
2998 3792 3250 3846 libertate
3274 3807 3395 3846 cum
3425 3792 3555 3847 Per-

1976 3886 2052 3940 sis
2084 3884 2300 3938 fortiter
2337 3886 2622 3954 pugnando
2664 3885 3000 3950 ceciderunt,
3057 3885 3299 3938 laudatio
3345 3895 3449 3952 est,
3501 3898 3556 3938 et

1978 3978 2102 4031 belli
2131 3976 2289 4031 simul
2344 3977 2562 4029 brevem
2617 3976 2829 4029 laudem
2863 3979 3131 4031 continet.
3169 3978 3319 4031 Hanc
3353 3980 3558 4048 excipit

1986 4070 2385 4139 Areopagitica,
2425 4069 2542 4123 sive
2592 4084 2690 4137 pro
2732 4069 2985 4123 libertate
3035 4069 3212 4122 Rufini
3269 4070 3386 4133 ﬁlii,
3437 4086 3559 4140 qme

1987 4165 2171 4217 fictitia
2204 4180 2305 4218 non
2342 4172 2441 4225 est,
2492 4172 2549 4216 ut
2602 4178 2777 4231 neque
2825 4178 3057 4230 sequens
3103 4165 3154 4217 in
3208 4164 3456 4218 eumdem
3498 4166 3560 4216 fi-

1989 4253 2118 4308 lium
2155 4270 2343 4310 recens
2370 4258 2472 4308 vita
2509 4255 2752 4308 functum
2792 4257 3063 4308 mouodia.
3106 4255 3314 4309 Dehinc
3352 4255 3563 4323 epitlia-

1990 4351 2185 4405 lamius
2240 4364 2419 4417 sermo
2468 4351 2522 4402 in
2555 4350 2814 4404 Severum
2857 4351 3099 4411 socium,
3156 4350 3245 4416 qui
3310 4365 3408 4403 nec
3441 4349 3556 4417 ipse

1993 4442 2214 4495 fictitius
2240 4416 2343 4505 est:
2368 4452 2422 4493 et
2442 4443 2634 4494 iterum
2666 4454 3041 4509 argumentum
3064 4441 3344 4510 pratﬁxum
3379 4441 3558 4494 habet.

1994 4534 2253 4601 Deinceps
2288 4534 2680 4604 Diogenes,seu
2705 4533 3115 4601 Propempticns
3138 4533 3236 4603 (7).
3270 4532 3393 4585 Haec
3424 4548 3563 4599 quo-

294 4639 362 4689 γε
398 4623 494 4675 καὶ
528 4623 603 4684 ὼς
635 4619 869 4690 διαλόγῳ
896 4621 1160 4674 τυποῦται
1181 4621 1570 4691 πλαττόμενος.
1601 4617 1732 4673 Εἶτα
1753 4621 1855 4691 πρὸ

1964 4638 2097 4693 ‘que
2136 4634 2458 4694 argumento
2490 4636 2721 4678 ornatur
2764 4640 2828 4677 ac
2855 4626 3190 4693 dialogorum
3229 4638 3383 4677 more
3425 4623 3565 4676 fictis

296 4716 429 4775 τοὺς
449 4710 701 4782 ἑταίρους
726 4714 1139 4783 συντακτήριος,
1172 4714 1261 4765 ὅτε
1296 4712 1441 4783 ἐξῄει
1484 4715 1563 4774 είς
1596 4712 1879 4783 Κόρινθον.

298 4803 475 4858 Πάλιν
525 4806 607 4865 εἰς
656 4801 954 4855 Φλαὸιανὸν
1012 4803 1488 4873 προπεμπτήριος,
1542 4802 1884 4872 προαχθέντα

1992 4716 2238 4783 personis
2271 4716 2607 4770 conformata
2643 4726 2744 4770 est.
2784 4715 2919 4771 Hinc
2955 4718 3021 4769 ad
3066 4718 3254 4782 socios:
3284 4713 3567 4793 Syutacle-

1995 4806 2106 4860 rius
2145 4808 2243 4877 (8),
2281 4808 2502 4876 quando
2553 4808 2874 4862 Corinthum
2911 4807 3375 4876 proficiscebatur.
3427 4804 3565 4860 Pro-

1613 4917 1845 4971 VARl/E
1882 4918 2287 4974 LECTIONES.

366 5041 420 5071 “
453 5036 680 5090 ἐκτυποῖ
709 5053 771 5101 ς.
846 5033 891 5064 ⁶⁶
923 5030 1253 5101 προτείνειεν
1278 5047 1337 5101 ςῗ

1414 5030 1459 5104 ΫΪ
1490 5030 1850 5104 μεγαλ-είῳμς.
1928 5033 1974 5065 ³⁸
2002 5032 2122 5085 οὐδὲ
2148 5039 2205 5097 ς.
2268 5033 2312 5064 ⁸³
2348 5033 2684 5104 κεχρημένος
2704 5048 2814 5089 om.
2849 5049 2933 5102 pr.
2956 5032 3017 5088 C.

299 5129 360 5165 τε
398 5128 460 5175 ς.
510 5099 856 5174 Stephanus:
887 5099 1006 5156 libri
1033 5104 1081 5156 6.
1156 5102 1202 5131 ’⁸⁸
1232 5099 1340 5152 οὐδ’
1361 5101 1483 5153 add.
1512 5099 1577 5152 A.
1651 5101 1696 5131 "
1720 5101 1826 5154 τῶν
1853 5119 1960 5156 om.
1996 5106 2061 5157 A.

3126 5035 3169 5067 το
3194 5033 3291 5105 τὴν
3332 5031 3416 5086 A:
3469 5033 3570 5104 τήν

1851 5222 2082 5281 ΝΟΤΑΕ.

379 5318 459 5387 (5)
490 5315 827 5388 περιδολαϊς.
885 5314 960 5370 De
1037 5314 1236 5384 quibus
1295 5313 1681 5386 Hermogenes,
1735 5317 1829 5373 lib.
1878 5334 1894 5371 ι

304 5390 691 5527 Μῗὲἷηιίθύσσεις
718 5455 1020 5525 ὀνομάτων,
1080 5471 1215 5527 quas
1270 5455 1571 5511 Demetrius
1599 5457 1896 5527 Phalarcus

309 5523 446 5582 fieri
466 5530 690 5598 scripsit
717 5523 972 5587 λυθέντος
1004 5526 1266 5598 ὀνόματος
1296 5529 1379 5598 εἰς
1410 5527 1566 5594 λόγον
1600 5523 1711 5580 οἷον
1747 5532 1895 5581 σίτου

310 5599 547 5666 πομπὴ,
586 5594 752 5666 ’ἀντὶ
839 5596 1257 5666 σιτουπομπίας.
1338 5594 1470 5666 Υίύυ
1542 5599 1611 5651 ibi
1670 5603 1893 5653 doctiss.

312 5662 627 5722 PfViciorii
656 5663 953 5721 Comment.
990 5678 1043 5719 et
1070 5662 1301 5719 Aristot.
1336 5662 1549 5721 Rlielor.
1592 5667 1684 5722 lib.
1719 5685 1803 5723 in.

386 5739 469 5802 (7)
498 5738 599 5803 Qui
652 5737 814 5790 fausti
889 5737 1087 5792 ominis
1118 5752 1283 5792 causa
1331 5738 1400 5792 ad
1453 5739 1727 5794 hominem
1773 5754 1896 5794 mox

314 5807 565 5877 profectu
575 5824 695 5862 rum
726 5807 973 5862 habetur.

2079 5320 2154 5389 (8)
2194 5319 2339 5374 Idem
2371 5319 2916 5390 quiﬁmmxrﬁptog,
2944 5326 3010 5390 ut
3031 5316 3186 5390 docet
3212 5316 3433 5390 doctiss.
3461 5311 3573 5365 Bil-

2005 5385 2111 5445 lius
2136 5385 2205 5444 ad
2232 5385 2450 5446 SJoan.
2473 5385 2795 5443 Damasceni
2816 5400 2957 5443 orat.
2979 5387 3052 5440 De
3096 5386 3297 5454 ﬁdelib.
3330 5385 3567 5454 defunct.

2004 5462 2171 5535 schol.
2202 5461 2378 5535 ἀξίαι
2407 5459 2462 5514 S.
2484 5460 2666 5535 _Greg._
2686 5460 2922 5535 Νηιὶιιιι.⁸
2943 5453 3181 5535 orsum
3210 5453 3567 5535 describitur:

2016 5532 2076 5583 '0
2112 5533 2167 5583 ἐν
2208 5532 2410 5595 ἐξόδοις
2441 5532 2548 5583 τῶν
2582 5526 2792 5583 πόλεων
2842 5531 2935 5582 ἐπὶ
2971 5527 3077 5581 τῶν
3110 5526 3386 5596 ἀρχόντων
3431 5526 3579 5596 ἀλποοη

2007 5594 2381 5672 χαιρετισμός.
2408 5600 2545 5655 Vide
2583 5603 2646 5653 de
2672 5601 3048 5672 lioc,ialiisque
3099 5594 3238 5666 apud
3274 5594 3572 5672 _H_imeriutu

2006 5666 2316 5725 oraiionuin
2374 5673 2706 5740 generibus,
2765 5666 3113 5724 Menandrum
3170 5666 3467 5735 sopliistam
3521 5666 3577 5713 iu

2008 5740 2350 5812 Epidicticis.
