4090 6460
502 410 608 474 463

1596 411 1863 471 ΡΙῙΟΤΙΙ
1904 409 2418 470 ΡΛΤΒΙΑΒΟΗᾹΞ
2446 409 2556 469 CP.

3664 395 3772 459 461»

505 520 831 589 pertinuerius
902 528 1036 571 alter
1098 518 1163 571 ad
1224 517 1541 571 Flavianum
1602 520 1744 572 Asia:
1806 517 2082 572 consulem

2196 518 2282 587 τῆς
2312 517 2495 581 Ἀσίας
2531 516 2755 569 ὕπατον.
2793 511 3022 583 Ὲιρεξῆς
3051 515 3131 577 είς
3174 513 3301 575 τοὺς
3356 512 3486 581 περὶ
3517 510 3770 564 Πείσωνα

508 617 730 668 tactum.
765 611 967 666 Deinde
996 612 1047 664 in
1079 609 1329 665 Pisonem
1386 612 1646 664 advenam
1719 610 1817 679 (9).
1852 610 2087 662 Rursum

518 706 891 774 Protreptira,
946 720 1066 774 qua:
1122 713 1176 757 et
1256 704 1507 773 Diogenes
1561 702 1893 757 inscribitur.
1953 699 2089 753 Hinc

506 778 784 851 Schedium
812 794 958 865 (10),
979 793 1049 847 ob
1081 794 1479 848 contentionem
1511 793 1564 846 in
1608 790 1792 845 schola
1819 799 2086 844 exortam.

506 892 560 944 In
593 890 890 961 Cyprorum
922 892 1230 944 adventum.
1266 887 1320 941 In
1358 888 1586 957 primum
1611 901 1767 940 suum
1796 900 1827 939 e
1878 884 2089 952 Cappa-

504 981 661 1035 docia
717 980 1039 1034 auditorem.
1098 980 1227 1033 Mox
1286 978 1488 1048 ingenii
1580 976 1855 1047 quoddam
1916 974 2092 1045 speci-

505 1086 653 1135 men,
693 1070 913 1141 quando
941 1078 998 1123 ut
1021 1070 1227 1125 diceret
1274 1077 1498 1137 rogatus
1523 1067 1793 1121 recusavit
1821 1066 2085 1137 primum:

508 1164 574 1217 de
598 1178 705 1232 quo
743 1172 920 1215 tamen
956 1162 1071 1229 ipso
1097 1173 1279 1227 postea
1313 1162 1568 1215 disseruit
1600 1199 1615 1223 ,
1647 1158 1877 1213 Pulchra
1908 1159 2089 1212 omnia

508 1258 669 1307 etiam
710 1268 831 1307 esse
863 1269 1008 1305 rara.
1036 1251 1091 1305 In
1124 1252 1426 1306 Musonium
1460 1251 1570 1322 (ll)
1607 1251 1832 1307 Graeciae
1862 1264 2092 1319 procan-

509 1345 712 1409 sulem;
745 1345 797 1397 in
832 1342 1092 1398 Severum
1137 1358 1349 1413 quoque
1382 1344 1671 1404 advenam,
1716 1339 2092 1410 Symplegada:

508 1435 845 1505 praefectum.
902 1434 1038 1489 Hinc
1103 1436 1489 1489 sermocinatio
1522 1435 1666 1506 (12);
1720 1436 1771 1488 in
1806 1435 2090 1490 Ursacium

508 1528 795 1594 comitem;
834 1529 887 1582 in
919 1526 1178 1582 Severum
1210 1526 1486 1592 sodalem;
1518 1528 1569 1581 in
1606 1528 1913 1599 Scrylacium
1941 1525 2091 1581 Grae-

509 1622 607 1674 ciaa
638 1622 1052 1689 proconsulem;
1078 1621 1131 1672 in
1157 1620 1419 1688 Ephesios
1467 1620 1732 1688 hospites,
1765 1634 1828 1672 ac
1881 1618 2082 1689 Mysos,

508 1714 811 1782 Lconisque
832 1713 1010 1778 cives;
1057 1713 1109 1766 in
1145 1711 1359 1767 sodales
1384 1726 1413 1766 e
1442 1713 1651 1782 patria;
1687 1712 1738 1765 in
1776 1712 2089 1765 Athenmum

508 1806 797 1869 comitem;
853 1805 906 1859 in
948 1804 1227 1858 Privatum
1303 1803 1648 1866 Romanum,
1715 1803 1807 1872 qui
1859 1802 2087 1871 Ampelii

2192 610 2472 677 νεηλυδας.
2534 609 2703 661 Πάλιν
2739 606 3154 678 προπεμπτικὸς
3182 605 3228 636 ⁷⁵
3255 606 3287 671 ἢ
3322 602 3628 671 Διογένης.
3660 600 3768 655 Καὶ

2193 703 2400 772 σχέδιον
2449 702 2647 771 ἐφεξῆς
2686 702 2779 754 ἐπὶ
2807 704 2873 769 τῇ
2922 699 3187 769 γενομένῃ
3216 699 3402 752 στάσει
3436 699 3494 749 ἐν
3525 695 3653 767 [555
3676 692 3774 765 Β.)

2190 799 2256 866 τῇ
2275 795 2546 865 διατριϐῇ,
2570 795 2649 858 είς
2678 812 2738 848 τε
2768 794 2865 864 τὴν
2894 794 3003 847 τῶν
3027 792 3291 862 Κυπρίων
3327 789 3645 859 ἐπιδημίαν,
3677 786 3775 839 καὶ

2192 891 2270 950 είς
2287 888 2378 939 τὸν
2404 887 2621 957 πρῶτον
2659 888 2722 939 ἐκ
2750 885 3144 947 Καππαδοκίας
3197 882 3364 937 αὐτοῦ
3413 881 3774 951 ἀκροασάμε-

2191 999 2299 1034 νον.
2326 976 2457 1033 Εἷτα
2482 981 2761 1047 ἐπίδειξις,
2780 981 2902 1034 ὅστε
2924 978 3362 1048 ἀναϐαλλόμενος
3392 977 3566 1028 εἰπεῖν
3594 973 3776 1038 ἀξιού-

2195 1090 2354 1143 μενος
2378 1074 2456 1137 είς
2473 1073 2603 1126 αύτδ
2631 1074 2789 1127 τοῦτο
2808 1072 3121 1133 διείλεκται,
3141 1072 3223 1125 ὅτι
3258 1070 3469 1123 Σπάνια
3493 1068 3561 1121 τὰ
3604 1066 3771 1121 καλά.

2194 1166 2304 1220 Καὶ
2332 1167 2411 1229 είς
2456 1165 2774 1221 Μουσώνιον
2807 1165 2863 1218 δὲ
2905 1166 2995 1218 τὸν
3031 1163 3339 1218 ἀνθύπατον
3376 1161 3646 1224 Ἑλλάδος,
3680 1161 3777 1213 καὶ

2192 1261 2269 1323 είς
2303 1261 2541 1329 Σεὸἦρον
2574 1259 2764 1329 νέηλυν
2784 1259 3084 1311 ἐπιστάντα
3121 1255 3490 1326 συμπληγάδι.
3526 1249 3658 1306 Εἶτα
3681 1252 3777 1306 λα⁶

2192 1354 2301 1417 λιά,
2328 1354 2421 1407 καὶ
2456 1355 2535 1416 είς
2561 1353 2654 1405 τὸν
2684 1352 2898 1422 κόμητα
2934 1351 3263 1420 Ούρσάκιον,
3299 1350 3395 1402 καὶ
3422 1350 3505 1411 είς
3532 1346 3777 1417 Σεϐῆρον

2191 1445 2468 1515 ἓτερονπ,
2521 1444 2617 1496 καὶ
2668 1445 2750 1503 είς
2796 1442 3097 1496 Σκυλάκιον
3157 1438 3465 1493 ἀνθύπατον
3500 1437 3777 1502 Ἑλλάδος,

2193 1540 2287 1591 καὶ
2311 1540 2391 1600 εἰς
2410 1534 2677 1607 ’νεήλυδας
2718 1534 3002 1604 Ἐφεσίους
3043 1534 3138 1588 καὶ
3164 1534 3385 1597 Μυσοὺς
3414 1532 3510 1585 καὶ
3548 1530 3780 1593 πολίτας

2192 1627 2284 1681 τοῦ
2306 1628 2552 1688 Λέοντος.
2583 1622 2716 1679 Εἶτα
2740 1627 2819 1687 είς
2848 1627 2974 1688 τοὺς
2998 1628 3062 1678 ἐκ
3092 1625 3355 1694 πατρίδος
3380 1625 3650 1694 ἑταίρους,
3680 1625 3780 1677 καὶ

2193 1722 2272 1781 εἰς
2314 1719 2597 1789 Ἀθήναιον
2624 1719 2862 1787 κὸμητα,
2903 1718 3001 1770 καὶ
3052 1719 3132 1780 είς
3193 1717 3466 1788 Πριὸἆτον
3505 1716 3780 1785 Ῥωμαῖον

2194 1812 2519 1864 παιδεύοντα
2573 1810 2664 1862 τὸν
2700 1810 2867 1863 παῖδα
2925 1809 3220 1877 Ἀμπελίου
3285 1809 3377 1863 τοῦ
3438 1809 3780 1871 ἀνθυπάτου,

508 1897 849 1967 proconsulis
867 1895 1033 1950 lilium
1056 1895 1404 1961 instituebat;
1436 1896 1488 1948 in
1516 1894 1746 1949 reditum
1800 1894 2084 1958 Corintho;

2196 1903 2285 1956 καὶ
2306 1902 2369 1971 δὴ
2403 1902 2495 1954 καὶ
2524 1904 2603 1965 εἰς
2623 1902 2721 1967 τὴν
2742 1901 2848 1953 ἀπὸ
2871 1875 3142 1971 Κορίνθου
3172 1900 3454 1962 ἐπάνοδον,
3475 1902 3569 1952 καὶ
3591 1901 3672 1963 είς
3687 1901 3785 1952 τὸν

508 1994 560 2045 in
594 1989 856 2046 Phrrbum
886 1989 1181 2044 Alexandri
1218 1986 1555 2056 proconsulis
1590 1986 1790 2040 lilium:
1828 1986 1881 2038 in
1923 1985 2078 2040 Arca-

506 2083 654 2137 dium
689 2082 961 2137 medicqu
1012 2091 1067 2136 et
1120 2082 1397 2135 comitem.
1462 2078 1653 2135 Oratio
1708 2095 1922 2150 quoque
1959 2095 2085 2148 proo

507 2178 777 2247 pemptica
828 2176 879 2230 in
931 2175 1161 2238 amicos,
1208 2175 1297 2243 qui
1357 2190 1528 2243 nuper
1580 2183 1870 2239 venerant;
1918 2172 2087 2225 altera

508 2273 636 2325 item
670 2272 722 2325 in
756 2268 1105 2333 Flavianum;
1142 2266 1575 2337 Epithalamium
1617 2280 1833 2333 quoque
1886 2265 2088 2318 dictum

508 2366 562 2418 in
600 2362 1046 2416 Panathenzeum.
1080 2359 1215 2412 llinc
1262 2358 1645 2411 sermocinatio
1675 2371 1777 2409 una
1805 2396 1820 2420 ,
1869 2366 1923 2407 et
1959 2356 2086 2407 item

509 2455 702 2509 altera.
758 2454 1065 2523 Disputatio
1124 2451 1306 2505 habita
1340 2450 1623 2519 Philippis,
1678 2466 1798 2503 cum
1830 2459 2089 2502 evocatos

506 2564 541 2603 a
574 2547 789 2603 Juliano
814 2547 1146 2615 imperatore
1181 2544 1285 2597 iter
1316 2544 1441 2597 illac
1474 2545 1718 2597 haberet.
1758 2541 1885 2594 Post
1914 2542 2088 2595 oratio

510 2640 697 2696 habita
724 2638 778 2691 in
823 2638 977 2701 urbe,
1010 2636 1063 2689 iu
1098 2634 1269 2705 ipsius
1307 2633 1807 2701 Constantinopolis
1850 2633 2087 2695 laudem,

510 2749 574 2787 ac
609 2729 811 2785 Juliani
854 2730 1104 2783 Caesaris.
1169 2727 1225 2780 In
1282 2726 1610 2782 sacrificium
1663 2724 1897 2796 Mythrae
1949 2724 2084 2794 (15).

511 2823 833 2881 Dissertatio
873 2822 925 2875 in
963 2820 1282 2874 Sallustium
1320 2817 1654 2888 prmfectum,
1705 2819 1790 2871 cui
1822 2827 1876 2871 et
1924 2833 2091 2884 argu-

512 2925 749 2970 mentum
802 2927 1109 2977 annexum;
1152 2911 1348 2964 iterum
1385 2910 1435 2963 in
1491 2908 1808 2961 Flavianum
1852 2924 2090 2977 procon-

512 3012 717 3077 sulem;
746 3011 797 3063 iu
827 3008 1028 3065 sodalis
1063 3010 1147 3063 sui
1193 3008 1427 3063 natalem
1481 3008 1641 3063 diem.
1698 3007 2092 3061 Sermocinatio

513 3114 729 3171 quoque
758 3100 809 3152 in
842 3100 1131 3153 sanitatem
1167 3098 1334 3159 socii;
1379 3096 1433 3150 in
1474 3095 1836 3160 insidiantes;
1882 3092 2091 3162 108b

511 3194 569 3249 iu
612 3192 867 3247 Basilium
900 3187 1313 3259 proconsulem;
1356 3186 1408 3239 in
1458 3184 1708 3238 emudem
1744 3198 1996 3249 rursum;
2040 3185 2090 3233 in

514 3287 908 3354 llerluogenem
965 3282 1190 3350 pariter,
1228 3280 1321 3348 qui
1382 3279 1604 3333 Graecia:
1654 3275 2092 3346 proconsulatum

513 3378 733 3448 gerebat
758 3394 771 3441 ;
796 3376 848 3429 in
880 3374 1188 3427 Plotiauum
1223 3371 1406 3426 itidem
1430 3368 1846 3439 proconsulem;
1880 3369 2101 3419 iterum-

516 3486 620 3540 que
651 3471 702 3523 in
730 3468 1030 3537 Aunpelium
1052 3464 1162 3536 (14)
1192 3464 1603 3535 proconsulem;
1644 3462 1698 3515 in
1731 3460 1954 3515 Graecia
1980 3474 2102 3524 pro-

516 3563 791 3617 consulem
822 3560 1235 3622 Praatextatum,
1269 3566 1433 3628 atque
1468 3557 1705 3611 sodales.
1736 3554 1874 3609 Hinc
1905 3554 1970 3606 ad
2004 3551 2098 3605 Ju-

518 3654 721 3707 2iauum
780 3651 1164 3719 imperatorem
1198 3650 1497 3703 discessum
1533 3648 1826 3702 adornatis.
1896 3645 2101 3699 Deinde

519 3744 849 3798 Nicomedia:
908 3742 1093 3796 habita
1150 3741 1324 3794 oratio
1374 3740 1599 3794 hortatu
1648 3741 1896 3809 praetoris
1942 3736 2103 3791 Pom-

520 3835 721 3905 peiani.
779 3832 896 3886 Mox
956 3832 1009 3885 in
1069 3833 1341 3899 advenas;
1402 3846 1614 3885 rursum
1675 3831 1726 3883 in
1797 3830 2098 3893 advenam;

522 3924 718 3979 deinde
744 3924 796 3976 in
824 3923 1099 3976 Zenonem
1146 3923 1461 3986 sociutu;et
1522 3920 1575 3972 in
1606 3917 1948 3987 Aphobinum
2008 3916 2099 3969 ad.

519 4029 751 4079 venam;
791 4014 845 4068 in
876 4028 998 4066 eum
1035 4011 1129 4081 qui
1159 4026 1189 4065 a
1220 4008 1453 4079 Neptuni
1492 4009 1715 4063 oraculo
1766 4016 2099 4070 reverterat;

520 4101 575 4155 in
606 4115 700 4156 eos
734 4101 941 4169 pariter
1002 4101 1092 4168 qui
1123 4114 1187 4153 ex
1224 4099 1371 4155 lonia
1406 4097 1826 4163 adventassent;
1860 4097 1912 4149 in
1946 4092 2102 4148 lonas

521 4193 784 4263 hospites.
830 4190 909 4245 Ex
940 4202 1186 4259 tempore
1218 4183 1432 4259 diroque
1484 4191 1536 4243 in
1580 4190 1853 4243 sociorum
1887 4188 2099 4240 laudem

517 4286 828 4340 recitatum.
862 4282 1073 4347 Oratio,
1097 4299 1261 4353 quam
1299 4282 1478 4336 amico
1497 4280 2102 4349 Constantinopolinmo

522 4378 762 4433 tradidit.
812 4374 1004 4430 Sermo
1044 4390 1259 4445 quoque
1294 4373 1441 4427 inter
1465 4373 1672 4427 amicos
1716 4382 1837 4439 post
1870 4372 2099 4426 reditum

518 4487 550 4526 e
583 4470 779 4539 patria.
808 4468 881 4523 De
912 4484 1009 4521 suo
1044 4466 1269 4521 docendi
1306 4479 1531 4520 munere
1562 4463 1951 4532 extemporalis
1991 4463 2103 4516 dis-

2204 1995 2554 2063 Ἀλεξάνδρου
2607 1994 2701 2047 τοῦ
2735 1994 3047 2047 ἀνθυπάτου
3099 1994 3268 2046 παῖδα
3326 1992 3538 2056 Φοῖϐον,
3566 1994 3662 2045 καὶ
3700 1994 3785 2054 είς

2203 2086 2485 2157 ’Λρκάδιον
2515 2086 2606 2140 τὸν
2633 2085 2817 2156 ἰατρὸν
2856 2087 2951 2139 καὶ
2981 2086 3219 2156 κόμητα.
3259 2086 3369 2138 Καὶ
3403 2086 3783 2154 προπεμπτή-

2194 2197 2308 2251 ριος
2336 2181 2415 2241 είς
2436 2180 2561 2241 τοὺς
2612 2178 3012 2249 προσελθόντας
3052 2178 3325 2247 ἑταίρους,
3358 2178 3787 2247 προπεμπτικός

2188 2288 2249 2323 τε
2282 2272 2363 2334 είς
2396 2270 2714 2337 Φλασιανὺν,
2742 2272 2836 2324 καὶ
2865 2270 3228 2339 ἐπιθαλάμιος
3263 2268 3447 2340 ῥηθεὶς
3502 2270 3583 2331 είς
3617 2269 3785 2320 Πάν-

2189 2362 2471 2433 αθήναιον.
2510 2358 2641 2416 Εἶτα
2674 2362 2857 2424 λαλιά,
2920 2362 3084 2431 ἑτέρα
3121 2360 3414 2426 λαλιὰ,κα).
3446 2360 3684 2426 διάλεξις
3723 2361 3788 2412 ἐν

2190 2455 2499 2519 Φιλίπποις,
2525 2456 2613 2509 ὅτε
2634 2454 2799 2526 ἀπῄει
2833 2453 2985 2525 παρὰ
3032 2452 3323 2507 Ἰουλιανοῦ
3372 2452 3643 2522 βασιλέως
3682 2470 3787 2505 κα-

2191 2548 2473 2620 λούμενος,
2521 2545 2641 2603 εἶτα
2691 2548 2879 2618 ῥηθεὶς
2926 2549 2985 2599 ἐν
3011 2546 3591 2600 Κωνσταντινουπόλει
3620 2545 3666 2576 ’⁸
3702 2547 3787 2609 είς

2191 2645 2363 2713 αὐτήν
2403 2661 2459 2696 τε
2484 2643 2583 2715 τὴν
2610 2642 2764 2695 πόλιν
2796 2643 2839 2672 ⁷⁷
2877 2640 2973 2694 καὶ
3004 2640 3050 2672 ⁷⁸
3085 2640 3372 2693 Ἰουλιανδν
3407 2639 3499 2691 τὸν
3533 2638 3785 2705 βασιλέα,

2190 2735 2289 2787 καὶ
2322 2736 2402 2796 εἰς
2430 2734 2530 2804 τὴν
2569 2733 2781 2803 Μίθρου
2802 2732 3048 2801 τελετήν.
3073 2731 3320 2797 Διάλεξις
3352 2732 3431 2793 εἰς
3456 2729 3790 2782 Σαλούστιον

2194 2828 2456 2897 ἔπαρχον,
2509 2821 2578 2897 ἧς
2606 2828 2722 2878 ἐστι
2769 2826 2865 2879 καὶ
2896 2824 3122 2895 θεωρία.
3152 2825 3245 2887 Εἰς
3282 2824 3585 2878 Φλαϐιανδν
3616 2824 3789 2877 πάλιν

2194 2918 2284 2971 τὸν
2312 2919 2639 2983 ἀνθύπατον,
2696 2917 2788 2970 καὶ
2815 2920 2895 2980 είς
2924 2918 3023 2988 τὴν
3078 2916 3356 2986 γενέθλιον
3405 2915 3501 2969 τοῦ
3538 2916 3788 2984 ἑταίρου.

2196 3014 2303 3064 Καὶ
2333 3012 2491 3065 λα).ιά
2533 3014 2614 3074 εἰς
2643 3012 2702 3064 τὸ
2752 3013 3019 3078 ὑγιαίνειν
3073 3010 3165 3064 τὸν
3192 3011 3433 3081 ἑταῖρον.
3471 3011 3594 3062 Ἔτι
3620 3008 3676 3061 δέ
3705 3011 3791 3072 εἰς

2196 3107 2322 3167 τοὺς
2350 3103 2821 3167 ἐπιϐουλεύοντας,
2856 3104 2953 3156 καὶ
2997 3105 3078 3166 εἰς
3124 3103 3216 3156 τὸν
3262 3102 3569 3157 ἀνθύπατον
3621 3101 3792 3155 Βασί-

2127 3224 2170 3279 C
2205 3198 2366 3261 λειον,
2394 3200 2488 3250 καὶ
2512 3197 2675 3250 πάλιν
2707 3198 2786 3259 είς
2834 3196 2925 3249 τὸν
2951 3196 3114 3249 αὑτὸν
3151 3195 3457 3251 Βασίλειον.
3518 3196 3611 3257 Είς
3660 3192 3789 3263 Ἐρο

2207 3288 2442 3357 μογένην
2496 3306 2555 3340 τε
2584 3289 2675 3341 τὸν
2728 3290 2827 3358 τῆς
2869 3284 3119 3351 Ἑλλάδος
3179 3288 3511 3351 ἀνθύπατον,
3562 3286 3657 3340 καὶ
3705 3288 3792 3350 είς

2207 3379 2500 3433 Πλοκιανδν
2528 3380 2617 3432 τὸν
2657 3380 2989 3435 ἀνθύπατον.
3035 3378 3205 3432 Πάλιν
3242 3380 3324 3442 είς
3368 3377 3662 3446 Ἀμπέλιον
3695 3377 3791 3431 τὸν

2204 3471 2533 3531 ἀνθύπατον,
2579 3468 2675 3522 καὶ
2738 3470 2816 3533 είς
2880 3469 2969 3521 τὸν
3027 3468 3341 3522 ἀνθύπατον
3397 3467 3497 3535 τῆς
3539 3464 3797 3529 Ἑλλάδος

2206 3560 2332 3633 [ιὸι
2366 3559 2458 3632 IL]
2486 3561 2925 3630 Πραιτεκστάτον
2960 3560 3053 3612 καὶ
3105 3558 3232 3623 τοὺς
3264 3557 3514 3627 ἑταίρους
3546 3558 3613 3610 ⁷⁹.
3651 3552 3793 3609 Εἶτα

2204 3655 2338 3723 πρὸς
2368 3656 2459 3707 τὸν
2496 3652 2719 3723 βασιλέα
2765 3653 3053 3705 Ἰουλιανδν
3076 3652 3336 3723 ἀπαίρειν
3364 3651 3595 3721 μέλλων.
3656 3646 3795 3702 Εἶτα

2204 3747 2260 3798 ἐν
2283 3746 2646 3816 Νικομηδείᾳ,
2676 3747 3018 3817 προτραπεὶς
3056 3746 3162 3798 ὑπὸ
3184 3744 3278 3798 τοῦ
3316 3745 3495 3797 ἐκεῖσε
3526 3743 3796 3812 ἄρχοντος

2205 3838 2585 3908 Πεμπηῖανοῦ.
2623 3838 2759 3892 Μεθ’
2797 3838 2856 3891 ὃν
2879 3840 2906 3891 ὁ
2928 3840 3007 3903 είς
3037 3838 3321 3908 νεήλυδας.
3354 3834 3486 3890 Εἶτα
3533 3836 3613 3900 είς
3659 3836 3796 3904 νέη-

2202 3932 2321 3984 λυν.
2362 3932 2487 3983 Ἐπὶ
2515 3930 2729 3995 τούτοις
2757 3931 2784 3984 ὁ
2804 3933 2885 3993 είς
2919 3932 3143 4001 Ζήνωνα
3169 3931 3261 3984 τὸν
3285 3931 3521 4000 ἑταῖρον,
3550 3929 3643 3982 καὶ
3668 3927 3799 3996 μετ’

2203 4022 2366 4076 αὑτὸν
2392 4024 2437 4055 ⁸ο
2468 4024 2845 4093 είςἈφοδῖνον
2868 4023 3085 4093 νέηλυν,
3107 4022 3205 4077 καὶ
3248 4022 3329 4086 είς
3347 4022 3438 4075 τὸν
3460 4022 3526 4074 ὲκ
3550 4019 3642 4074 τοῦ
3656 4036 3796 4091 χρη-

2205 4116 2343 4183 σμοῦ
2361 4116 2453 4169 τοῦ
2472 4117 2798 4179 Ποσειδῶνος
2817 4118 3171 4186 φοιτήσαντα,
3198 4113 3279 4177 είς
3300 4131 3360 4166 τε
3381 4114 3509 4176 τοὺς
3525 4114 3632 4165 ἀπὸ
3648 4113 3797 4163 Ἰωνο

2207 4206 2760 4277 ίαςὲπιδημήσαντας,
2781 4208 2875 4259 κα).
2904 4208 2983 4268 εἰς
3007 4206 3133 4270 τοὺς
3154 4206 3346 4265 Ἴωνας
3381 4203 3563 4268 ξένους
3581 4203 3645 4256 ⁸³.
3678 4200 3794 4253 Καὶ⁵

2205 4300 2285 4361 εἰς
2314 4300 2439 4361 τοὺς
2491 4298 2739 4368 ἑταίρους
2767 4299 2974 4367 σχέδιον
3021 4297 3208 4367 ῥηθέν.
3248 4296 3361 4349 Καὶ
3393 4296 3461 4367 ἢν
3526 4295 3793 4361 ἐξέδωκεν

2203 4390 2407 4458 ἑταίρῳ
2434 4388 3062 4458 Κωνσταντινουπολίτῃ.
3088 4387 3332 4452 Διάλεξίς
3347 4403 3406 4439 τε
3432 4387 3488 4437 ἐν
3505 4389 3616 4441 τοῖς
3641 4384 3794 4438 ἑταί-

2208 4495 2322 4547 ροις
2358 4478 2494 4547 μετὰ
2546 4477 2643 4547 τὴν
2675 4478 2783 4530 ἀπὸ
2830 4477 2931 4547 τῆς
2965 4477 3226 4548 πατρίδος
3272 4475 3557 4540 ἐπάνοδον,
3589 4476 3683 4527 καὶ
3710 4477 3792 4538 είς

522 4565 751 4632 putatio.
783 4561 1099 4632 Objurgatio
1134 4574 1322 4614 eorum
1370 4559 1462 4627 qui
1509 4556 1848 4625 negligenter
1899 4555 2093 4609 oratio-

2206 4570 2303 4641 τὴν
2338 4569 2504 4623 αὐτοῦ
2541 4570 2825 4641 διατριόὴν
2878 4569 2938 4634 ἐξ
2989 4568 3340 4638 αὐτοσχεδίου
3387 4567 3647 4633 διάλεξις.
3677 4565 3793 4619 Καὶ

518 4669 615 4709 nes
648 4654 919 4710 audirent.
974 4653 1271 4707 Schedium
1329 4652 1385 4704 in
1422 4650 1683 4718 quosdam
1718 4648 1785 4703 ad
1820 4664 1879 4703 se
1932 4648 2108 4701 venti-

523 4747 701 4801 lantes
758 4745 1073 4816 discipulos,
1108 4749 1199 4812 qui
1259 4759 1516 4813 respuere
1551 4742 1733 4797 frenos
1764 4741 2107 4796 videbantur.

2209 4665 2500 4735 ἐπίπληξις
2560 4668 2671 4730 τοῖς
2717 4666 2985 4737 ῥᾳθύμως
3038 4664 3411 4736 ἀκροωμένοις
3437 4663 3546 4719 τῶν
3591 4663 3791 4730 λόγων,

2210 4756 2302 4809 καὶ
2330 4758 2538 4827 σχέδιον
2563 4758 2643 4821 είς
2669 4775 2823 4821 τινας
2877 4757 2985 4810 τῶν
3010 4756 3321 4825 φοιτώντων
3348 4752 3608 4821 δόξαντας
3647 4756 3793 4823 ἀφηο

517 4840 573 4893 In
611 4838 901 4909 Cytianum
942 4853 1065 4891 cum
1112 4838 1297 4900 sociis,
1330 4837 1421 4904 qui
1476 4850 1599 4889 cum
1634 4833 1933 4903 petulantia
1982 4848 2093 4887 eun

2208 4844 2435 4911 νιάζειν,
2467 4849 2564 4901 καὶ
2597 4850 2677 4911 εἰς
2707 4850 2833 4911 τοὺς
2863 4849 2993 4919 περὶ
3019 4846 3287 4901 Κυτιανὸν
3328 4846 3580 4909 ἀτάκτως
3622 4844 3793 4898 ἀκού-

518 4932 826 4997 audierant,
863 4933 991 4984 dum
1020 4931 1305 4985 schedium
1329 4944 1487 4984 suum
1526 4930 1803 4983 recitaret.
1832 4928 2107 4983 Adhorta-

2214 4956 2438 5003 σαντας,
2471 4941 2559 4993 ὅτε
2590 4941 2652 4994 τὸ
2686 4940 2893 5011 σχέδιον
2924 4936 3067 4993 εἶπε.
3101 4940 3213 4993 Καὶ
3242 4938 3527 5011 προτροπὴ
3566 4937 3703 5007 πρὸς
3733 4936 3796 4989 τὸ

1804 5086 2044 5143 VARIAS
2090 5090 2493 5149 LECTIONES.

590 5210 638 5242 ⁷⁸
668 5207 1070 5280 προτρεπτικὸς
1101 5224 1162 5280 ς.
1268 5207 1315 5280 "l
1345 5207 1559 5280 ἑταῖρον
1589 5221 1648 5280 ς.

518 5282 564 5313 ⁷⁸
590 5282 684 5333 τὸν
709 5275 833 5333 ante
877 5276 1157 5331 Ἰουλιανὸν
1189 5278 1341 5345 ponit
1370 5278 1433 5328 Α.
1511 5275 1554 5305 ⁷⁹
1585 5275 1805 5345 ἐτέρους
1834 5291 1895 5337 ς.

1757 5204 1804 5234 ’⁸
1830 5205 2245 5259 Κωνσταντίνου
2284 5208 2325 5258 A

2380 5225 2392 5261 :
2441 5206 2507 5279 τῇ
2567 5227 2627 5273 ς.
2679 5210 2775 5279 Ar"
2802 5209 2954 5261 πόλιν
2996 5208 3037 5259 Α
3079 5204 3698 5262 εΚωνσταντινούπολιν
3734 5219 3798 5265 ς.

2002 5275 2049 5305 ⁸⁰
2077 5277 2216 5345 μετὰ
2242 5276 2429 5330 τοῦτον
2456 5275 2519 5342 cf.
2594 5279 2637 5309 ⁸¹
2673 5276 2860 5342 ξένους
2892 5279 3090 5341 Ἴωνας
3120 5295 3181 5342 ς.

2038 5387 2275 5445 NOTAE.

596 5490 673 5554 (9)
706 5487 829 5540 llaec
865 5485 951 5536 illa
1005 5483 1229 5537 forsitan
1256 5491 1358 5546 est,
1397 5498 1516 5550 quae
1545 5483 1688 5534 inter
1726 5490 2004 5554 excerpta,
2034 5480 2099 5533 In

520 5552 776 5615 aduertam
808 5554 1123 5624 ngyptium
1152 5553 1470 5607 inscribitur
1501 5554 1599 5624 inl'.
1621 5554 1757 5624 Acod.
1792 5552 1918 5604 245.

595 5628 708 5696 (10)
747 5626 828 5681 Ea:
876 5622 1107 5691 (corpore
1148 5625 1341 5675 dictum
1381 5623 1556 5676 reddit
1607 5622 1855 5675 Glossar.
1901 5632 2054 5675 vetus
2093 5664 2107 5687 ,

522 5702 623 5755 iul.
658 5696 1009 5764 αὐτοσχέδιον
1042 5702 1221 5751 vocat.

596 5768 721 5833 (Η)
754 5767 824 5817 De
861 5780 967 5832 quo
999 5766 1194 5817 Suidas
1216 5802 1231 5817 .

594 5830 711 5909 (12)
735 5830 911 5900 λαλιά,
949 5836 1013 5889 de
1061 5850 1161 5903 qua
1207 5834 1369 5887 multa
1412 5833 1559 5901 legas
1590 5832 1728 5901 apud
1760 5830 2110 5884 .ilcuzunlrnm

2203 5485 2424 5553 SOphist
2472 5486 2525 5539 in
2569 5484 2905 5553 Epidlcticis.

2280 5549 2391 5626 (l5)
2436 5549 2626 5623 Quem
2675 5555 2892 5626 Pet-me
2938 5556 3105 5609 solem
3165 5561 3375 5622 putant.
3439 5550 3578 5626 Lege
3611 5549 3797 5626 Suid.,

2211 5622 2538 5707 Brissonﬁet
2567 5627 2702 5681 alios
2740 5644 2755 5680 :
2808 5625 2899 5696 qui
2942 5627 3079 5679 hanc
3129 5638 3314 5678 vocem
3351 5638 3445 5691 per
3495 5622 3630 5676 ἰῶτα
3684 5622 3798 5676 fere

2215 5707 2573 5761 scripserunt.

2290 5767 2403 5837 (Η)
2438 5767 2810 5837 Propemptica
2846 5769 2911 5819 ad
2970 5766 3273 5833 Ampeliuut
3307 5762 3399 5817 inf.
