4090 6410
312 428 412 491 465

1335 438 1860 503 BIBLIOTHECA.
1900 467 1969 477 -
2008 444 2171 505 COD.
2202 446 2448 508 CLXVI-

3458 455 3563 520 466

314 547 507 614 χρῆναι
530 542 629 614 τὴν
654 543 712 597 ἐν
742 546 860 607 τοῖς
886 545 931 578 ⁸⁸
960 545 1142 615 λόγοις
1196 551 1472 605 ποικιλίαν
1520 554 1885 618 ἀσπάζεσθαι.

1995 556 2069 613 ιίο
2101 573 2317 629 quoque
2349 561 2415 613 ad
2446 574 2624 614 rerum
2655 560 2974 615 varietatem
3004 562 3057 616 in
3088 562 3315 619 dicendo
3346 574 3564 621 sectan-

316 635 469 705 Καὶή
502 634 644 704 μετὰ
665 634 766 703 τὴν
793 635 886 688 τοῦ
939 637 1258 709 τραύματος
1306 641 1603 712 θεραπείαν
1626 645 1886 713 διάλεξις.

314 722 446 779 Εἶτα
481 727 511 779 ό
542 725 680 796 μετὰ
708 727 809 796 τὴν
845 729 955 782 ἀπὸ
986 731 1257 800 Κορίνθου
1315 734 1595 802 ἐπάνοδον,
1622 739 1701 802 εἷς
1741 757 1801 793 τε
1829 742 1892 795 τὸ

312 819 575 888 γραφεῖον
604 817 700 871 καὶ
732 820 858 883 τοὺς
892 820 1164 891 ἑταίρους,
1222 824 1317 878 καὶ
1355 828 1433 890 είς
1461 828 1564 900 τὴν
1614 832 1890 886 Λακεδαι-

314 910 515 980 μονίων
567 911 745 976 πόλιν,
798 912 887 965 ὅτε
918 913 1160 986 ὀνείρατι
1212 919 1537 990 πειθόμενος
1576 924 1656 994 τῷ
1721 926 1889 997 Ἀμυ-

311 1000 485 1071 κλαίῳ
512 1001 619 1074 θεῷ
634 1002 920 1075 ἐφοίτησεν
944 1005 1225 1071 εὔξασθαι.
1246 1012 1356 1063 Καὶ
1374 1012 1455 1066 ὅτι
1478 1015 1539 1067 οὐ
1559 1015 1642 1068 δεῖ
1669 1016 1889 1083 πάντως

305 1093 544 1165 δημοσία
590 1095 689 1159 τὰς
711 1097 1003 1167 ἀκροάσεις
1027 1101 1416 1171 ἀπαγγέλλειν.
1452 1108 1563 1161 Καὶ
1587 1106 1746 1164 λαλιά
1805 1111 1888 1164 ὅτι

307 1183 389 1235 δεῖ
409 1186 468 1237 ἐν
487 1188 812 1256 γυμνασίοις
845 1186 1007 1248 εἶναι.
1037 1195 1148 1247 Καὶ
1186 1195 1345 1251 λαλιὰ
1368 1198 1426 1251 ἐν
1455 1199 1706 1273 Κορίνθῳ
1727 1203 1883 1256 ἐκδε-

305 1273 535 1347 ὼμένη.

376 1368 620 1433 Τούτους
647 1366 804 1440 οἶμαι
838 1374 965 1437 τοὺς
990 1373 1183 1444 λόγους
1214 1379 1407 1449 μόνους
1438 1380 1485 1413 ⁸³
1509 1382 1601 1434 τοῦ
1632 1386 1888 1452 σοφιστοῦ

315 1456 582 1528 Ἰμερίου,
628 1462 757 1532 περί
789 1481 890 1518 που
922 1465 965 1519 o'
998 1466 1182 1532 ὄντας,
1225 1471 1367 1524 κατὰ
1394 1475 1684 1542 πρόσωπον
1732 1476 1890 1547 ἡμῶν

306 1552 403 1621 τὴν
433 1553 538 1621 σὴν
570 1556 889 1623 φιλοπονίαν
941 1560 1334 1629 ἀνεγνωκέναι.
1377 1566 1466 1620 Ἐν
1497 1562 1577 1631 οἷς
1602 1570 1719 1623 ἐστὶ
1751 1572 1889 1625 πᾶσι

304 1646 396 1736 τὸν
432 1648 539 1717 μὲν
588 1650 689 1720 τῆς
716 1651 916 1717 λέξεως
940 1654 1110 1709 τύπον
1140 1658 1236 1710 καὶ
1269 1659 1329 1713 τὸ
1373 1661 1505 1715 αὐτὸ
1539 1664 1727 1734 σχῆμα
1786 1684 1889 1736 φυ-

305 1733 543 1799 λάττων,
576 1743 641 1811 τῇ
674 1759 733 1794 τε
768 1744 1026 1817 περιϐολῇ
1061 1746 1156 1801 καὶ
1180 1752 1245 1819 τῇ
1294 1754 1467 1823 τροπῇ
1494 1733 1809 1824 χρώμενος,⁷
1841 1760 1890 1811 εί

304 1827 400 1879 καὶ
427 1830 529 1882 τὸν
559 1831 720 1901 κόρον
750 1834 850 1886 οὐκ
870 1835 1057 1890 ἔτεκεν
1089 1840 1121 1910 ἡ
1153 1842 1271 1909 μετ’
1299 1842 1527 1911 εὐφυΐας
1576 1847 1771 1916 χρῆσις
1793 1848 1889 1901 καὶ

1994 648 2143 703 dam.
2170 649 2491 705 Dissertatio
2522 662 2640 718 post
2670 653 2909 707 vulneris
2933 653 3216 708 medelam.
3237 655 3366 710 Dein
3384 659 3563 711 oratio

1991 751 2113 811 post
2155 744 2382 797 reditum
2439 743 2719 798 Corintho.
2780 742 2836 799 lu
2874 744 3088 817 Stylum
3143 761 3208 802 ac
3256 750 3451 803 socios.
3508 749 3563 803 lu

1993 836 2178 889 urbem
2195 836 2750 905 Lacedaemoniorum,
2771 841 2986 908 quando
3007 841 3219 895 somnio
3238 842 3560 911 obsequens,

1991 925 2303 981 Amiclaeum
2342 929 2453 1000 (l5)
2509 930 2668 984 deum
2702 940 3022 998 precaturus
3052 934 3289 988 accessit
3320 953 3333 989 :
3365 944 3420 989 et
3457 951 3560 988 nou

1992 1023 2243 1083 oportere
2272 1019 2638 1086 zrecilationes
2685 1036 2874 1077 omnes
2920 1023 3133 1092 publice
3186 1026 3559 1093 pronuntiare.

1994 1107 2410 1178 Sermocinatio,
2442 1122 2692 1183 oportere
2718 1115 2772 1170 in
2813 1116 3093 1185 gymnasio
3131 1117 3358 1173 versari.
3381 1119 3562 1173 Altera

1992 1199 2238 1256 Corinthi
2266 1203 2431 1257 edita.

2064 1383 2194 1450 Has,
2250 1395 2398 1454 puto,
2462 1402 2561 1443 nec
2612 1390 2792 1459 plures
2843 1393 3121 1449 orationes
3190 1394 3415 1450 Himerii
3473 1411 3565 1451 so-

1994 1475 2187 1545 phista:
2255 1474 2370 1531 fere
2420 1482 2755 1549 septuaginta
2800 1481 2956 1551 (l6),
2986 1498 3071 1537 me
3109 1495 3400 1553 praesente,
3454 1498 3565 1540 stu-

1992 1565 2145 1621 diose
2190 1565 2365 1637 legiSti
2414 1568 2549 1641 (l7).
2588 1569 2642 1623 ln
2693 1572 2899 1638 qhibus
2950 1574 3201 1629 omnibus
3246 1576 3434 1631 eadem
3484 1579 3565 1631 dio

1991 1657 2187 1713 ctionis
2247 1657 2446 1724 forma,
2478 1661 2774 1729 eademque
2827 1662 2999 1730 ﬁgura
3039 1672 3284 1731 servata;
3333 1666 3567 1722 circum-
3610 1714 3620 1729 .

1993 1752 2297 1805 ductionem
2361 1753 2432 1806 ita
2493 1766 2558 1805 ac
2607 1760 2818 1823 tr0pum
2879 1756 3133 1822 adhibet,
3205 1759 3417 1812 taedium
3506 1770 3564 1814 ut

1995 1843 2195 1896 nullum
2232 1844 2408 1913 pariat
2456 1845 2766 1915 ingeniosus
2813 1856 2869 1901 et
2917 1850 3074 1919 quasi
3131 1849 3410 1906 familiaris
3444 1856 3565 1906 red-

302 1920 590 1984 οἰκείωσις
620 1923 721 1993 τῆς
750 1928 988 1998 τροπῆς⁹
1018 1908 1118 1984 καὶὴ
1141 1908 1283 1987 κατά
1330 1908 1394 2003 γε
1792 1938 1886 2014 R.]

1994 1932 2138 1988 ditus
2193 1942 2468 2004 troporum
2517 1952 2663 1991 usus.
2731 1939 2841 1991 lmo
2892 1953 3054 1993 nemo
3112 1939 3393 2005 hactenus,
3445 1957 3562 1995 mea

302 2011 519 2081 εἴδησιν
540 2015 719 2081 οὐδεὶς
752 2018 925 2083 οὕτως
956 2020 1002 2053 ⁸⁸
1031 2018 1229 2093 (οἶμαι)
1254 2026 1599 2097 χρησάμενος
1618 2033 1685 2100 τῇ
1709 2011 1889 2104 τροπῇ

302 2105 493 2169 καλῶς
538 2107 682 2163 οὕτω
716 2111 809 2165 καὶ
835 2114 1007 2184 ἡδέως
1037 2117 1336 2187 ἀπήλλαξε.
1389 2122 1805 2196 Παραδείγμασι
1829 2130 1888 2183 δὲ

302 2196 358 2261 ἐξ
391 2198 646 2269 ἱστορίας
669 2218 729 2254 τε
750 2206 844 2256 καὶ
862 2205 926 2258 ἐκ
959 2205 1145 2275 μύθων
1184 2210 1541 2266 παντοδαπῶν
1585 2217 1761 2285 μεστὰ
1786 2220 1887 2272 αὐ-

300 2288 390 2381 τοῦ
422 2292 693 2381 τυγχάνει
730 2294 799 2348 τὰ
828 2297 1205 2372 γράμματα,ἢ
1228 2303 1364 2373 πρὸς
1387 2306 1666 2372 ἀπόδειξιν
1700 2309 1731 2379 ἢ
1755 2311 1892 2381 πρὸς

300 2377 607 2451 ὁμοιότητα
642 2382 832 2455 ἢπρὸς
862 2387 1055 2459 ἡδονὴν
1083 2391 1178 2444 καὶ
1218 2393 1417 2458 κάλλος
1449 2388 1525 2449 ὧν
1568 2377 1738 2467 λέγει,
1772 2377 1891 2454 τού-

301 2486 412 2534 τοις
443 2473 778 2529 ἀπευθύνων
805 2477 899 2531 τὸν
953 2478 1111 2549 λόγον
1161 2483 1257 2537 καὶ
1288 2486 1721 2558 ποικιλλόμενος.
1778 2493 1891 2546 Καὶ

300 2559 366 2614 τὰ
380 2565 662 2636 προοίμια
687 2569 859 2624 δὲκαὶ
885 2573 934 2624 οἱ
968 2574 1231 2643 ἐπίλογοι,
1263 2576 1378 2631 ἔστι
1406 2579 1463 2631 δὲ
1491 2575 1553 2635 οὗ
1576 2584 1670 2635 καὶ
1698 2585 1747 2636 οἱ
1776 2579 1891 2639 οἷον

301 2654 523 2749 ἀγῶνες
547 2658 656 2745 άπδ
689 2660 895 2716 τούτων
937 2665 1088 2735 αὐτῷ
1117 2667 1590 2734 διασκευάζονται.
1624 2676 1800 2749 Πολλῇ
1831 2679 1889 2733 δὲ

304 2744 579 2817 κέχρηται
630 2744 727 2804 καὶ
776 2756 842 2823 τῇ
865 2755 1324 2825 προδιατυπώσει.
1369 2761 1529 2815 Ἀλλὰ
1558 2744 1889 2830 τοιοῦτοξῶν

301 2836 357 2889 ἐν
378 2841 495 2901 τοῖς
524 2840 703 2908 λόγοις
733 2844 935 2916 ἀσεϐὴς
964 2846 1059 2917 (ὡς
1087 2848 1268 2921 δῆλον)
1288 2853 1405 2905 ἐστὶ
1434 2854 1534 2923 τὴν
1566 2854 1887 2927 θρησκείαν,

302 2929 349 2980 εί
372 2932 471 2983 καὶ
494 2931 626 2996 τοὺς
648 2932 942 3006 λαθραίους
964 2942 1214 3008 μιμεῖται
1244 2945 1353 2997 τῶν
1385 2946 1564 2999 κυνῶν
1588 2948 1714 3001 καθ’
1731 2950 1888 3019 ἡμῶν

302 3020 581 3078 ὑλακτῶν.
619 3026 875 3096 Ἤκμασε
904 3029 961 3083 δὲ
994 3032 1085 3085 ἐπὶ
1112 3035 1491 3092 Κωνσταντίου
1523 3043 1619 3096 καὶ
1644 3046 1738 3099 τοῦ
1767 3048 1893 3099 δυσ-

302 3114 641 3168 σεϐεστάτου
684 3118 999 3186 Ἰουλιανοῦ,
1050 3125 1143 3178 καὶ
1183 3127 1276 3180 τοῦ
1320 3131 1379 3184 ἐν
1425 3132 1681 3208 Ἀθήνῃσι
1743 3139 1887 3195 κατὰ

303 3208 604 3275 ῥητορείαν
630 3210 874 3281 προῦσττπ
901 3213 1292 3275 διδασκαλείου.

1016 3487 1203 3556 Ρεςο.

310 3560 634 3621 Ἀντωνίου
663 3570 980 3657 Διογένους
1009 3577 1131 3657 τῷν
1155 3583 1306 3657 ὑπὲρ
1332 3587 1571 3657 Θούλην
1600 3589 1889 3649 Ἀπία-των

858 3647 1031 3715 λόγοι
1061 3648 1111 3701 δ’
1140 3652 1238 3705 καὶ
1267 3647 1342 3709 κ’.

364 3727 831 3803 ’ἀνεγνώσθησαν
900 3737 1186 3796 ⁹Λντωνίου
1242 3747 1527 3815 Διογένους
1575 3750 1698 3805 Τῶν
1734 3755 1889 3825 ὑπὲρ

303 3822 558 3917 Θούᾲλην
587 3825 889 3881 Ἀπιστων
918 3831 1091 3900 λόγοι
1122 3833 1230 3891 κδ’.
1260 3839 1606 3910 Δραματικὸν
1636 3846 1683 3897 οἱ
1717 3822 1889 3917 λόγοι,

301 3914 477 3986 σαφὴς
507 3919 539 3988 ή
570 3918 795 3990 φράσις,
846 3924 940 3977 καὶ
984 3925 1129 3981 οὕτω
1193 3931 1408 4002 καθαρὰ
1436 3934 1513 3998 ὡς
1550 3937 1637 3989 ἐπ’
1668 3914 1889 3998 ἔλαττον

301 4007 617 4077 εὐκρινείας
643 4011 870 4081 δεῖσθαι,
901 4019 996 4071 καὶ
1016 4020 1139 4074 τότε
1171 4023 1315 4077 κατὰ
1340 4026 1439 4089 τὰς
1472 4030 1747 4102 ἐκτροπὰς
1776 4035 1886 4089 τῶν

300 4097 683 4195 διηγημάτων.
742 4106 874 4172 Ταῖς
899 4109 955 4162 δέ
974 4110 1020 4143 ⁸⁸
1054 4112 1316 4178 διανοίαις
1344 4097 1595 4177 πλεῖστον
1659 4125 1885 4195 ἔχειτοῦ

302 4191 473 4297 seex,
510 4195 614 4250 ἅτε
650 4198 837 4267 μύθων
863 4204 1029 4272 ἐγγὺς
1059 4209 1153 4260 καὶ
1179 4209 1424 4265 ἀπίστων
1453 4215 1511 4268 ἐν
1541 4191 1885 4297 πιθανωτάτῃ

301 4285 499 4379 πλάσει
553 4290 651 4343 καὶ
673 4290 933 4368 διασκευῇ
961 4297 1088 4370 ὃλην
1125 4301 1289 4374 ἑαυτῇ
1322 4304 1678 4379 διηγημάτων
1711 4285 1890 4367 ποιούςἰ

304 4378 461 4448 μένη.

370 4473 677 4570 Είσάγεται
727 4480 909 4534 τοίνυν
961 4484 1132 4556 ὄνομα
1180 4490 1391 4555 Δεινίας
1446 4495 1589 4549 κατὰ
1656 4498 1886 4570 ζήτησιν

1993 2025 2210 2094 quidem
2269 2027 2562 2091 sententia,
2622 2037 2714 2081 aut
2770 2030 3064 2094 venustius,
3129 2040 3223 2084 aut
3270 2031 3565 2100 jucundius

1992 2117 2165 2187 tropis
2206 2133 2336 2174 usus
2365 2128 2476 2174 est.
2510 2119 2786 2188 Exemplis
2809 2136 2971 2190 porro
3009 2137 3075 2177 ex
3104 2122 3350 2189 historia,
3408 2123 3565 2178 fabu-

1992 2208 2165 2281 lisque
2189 2211 2489 2282 omnigenis
2522 2214 2723 2282 scripta
2751 2215 2867 2281 ejus
2909 2214 3106 2271 referta
3163 2226 3306 2281 sunt,
3359 2218 3440 2272 vel
3497 2218 3563 2272 ad

1992 2303 2530 2370 demonstrationem,
2572 2306 2654 2360 vel
2701 2308 3140 2375 similitudinem,
3195 2309 3280 2364 vel
3316 2310 3566 2379 volupta-

1993 2405 2120 2457 tem.
2172 2407 2227 2451 et
2271 2397 2720 2466 pulchritudinem
2748 2401 2849 2464 rei,
2878 2399 2943 2455 de
2969 2414 3072 2468 qua
3118 2401 3336 2468 agitur:
3372 2402 3562 2470 quibus

1991 2489 2289 2543 orationem
2341 2505 2495 2543 suam
2546 2500 2601 2544 et
2629 2493 3050 2547 emendatiorem
3110 2494 3293 2561 cilicit,
3328 2504 3382 2550 et
3419 2497 3565 2548 varie

1991 2588 2239 2633 exornat.
2286 2578 2424 2646 Quin
2472 2589 2525 2636 et
2582 2584 2803 2637 exordia
2859 2585 3133 2640 interdum
3196 2589 3336 2656 ipsa,
3402 2599 3565 2657 atque

1991 2669 2206 2739 epilogi,
2230 2680 2284 2724 et
2313 2687 2431 2741 qua:
2460 2674 2611 2741 quasi
2644 2676 3017 2731 contentiones
3045 2677 3158 2748 (18)
3194 2680 3455 2749 (vocant,)
3479 2679 3566 2734 his

1991 2761 2059 2814 ab
2106 2777 2171 2815 eo
2214 2763 2374 2817 rebus
2426 2774 2756 2820 exornantur
2808 2782 2821 2818 :
2872 2783 2977 2821 non
3039 2784 3162 2824 raro
3222 2770 3440 2839 insuper
3498 2770 3565 2825 iis

1992 2862 2148 2907 antea
2190 2853 2471 2909 delineatis
2519 2872 2642 2925 qua:
2686 2869 2803 2927 post
2849 2869 3177 2916 tractaturus
3208 2872 3309 2919 est.
3366 2864 3563 2918 Verum

1993 2946 2045 2999 in
2103 2946 2332 3000 dicendo
2412 2946 2534 3002 talis
2597 2958 2885 3020 lautusque
2949 2967 3069 3007 cum
3127 2966 3271 3009 esset
3324 2955 3562 3025 109a.

1992 3037 2156 3108 impie
2194 3048 2370 3094 tamen
2405 3041 2471 3094 de
2501 3041 2761 3112 religione
2790 3045 3026 3099 sensisse
3062 3050 3405 3117 perspicuum
3456 3061 3561 3117 est,

2003 3130 2346 3200 latenterque
2379 3136 2690 3189 mordentes
2749 3136 2989 3192 imitatus
3050 3154 3236 3205 canes,
3293 3139 3563 3194 Christia-

1916 3246 1960 3304 α
1996 3240 2093 3281 nos
2144 3225 2427 3281 allatravit.
2480 3227 2622 3281 Vixit
2670 3228 2989 3285 Constantio
3044 3241 3100 3287 et
3131 3233 3448 3302 impiissimo
3469 3233 3566 3287 Ju-

1993 3315 2137 3371 liano
2165 3318 2600 3386 imperatoribus,
2646 3330 2806 3390 atque
2846 3322 3071 3378 Athenis
3093 3322 3411 3393 eloquentia
3439 3324 3564 3379 ludo

1991 3409 2185 3464 doctor
2235 3408 2470 3479 praefuit.

2652 3507 2878 3563 CLXVI.

1992 3598 2204 3652 Antonii
2274 3596 2525 3667 Diogenis
2583 3598 2978 3723 Ιιιςὶνᾳιιίὸίίὶιιηι
3042 3604 3107 3655 de
3166 3602 3329 3657 Thule
3384 3602 3564 3658 insula

2629 3688 2644 3722 ι
2683 3689 2724 3723 τι
2757 3687 2914 3723 xxiv.

2629 3687 2724 3723 wrt
2757 3687 2879 3724 XXIV
2900 3711 2914 3725 .

2063 3764 2211 3821 Lecti
2271 3776 2398 3821 sunt
2451 3765 2670 3821 Antonii
2731 3765 2985 3836 Diogenis
3042 3764 3444 3820 lncredibitium
3497 3768 3566 3822 de

1997 3855 2159 3911 Thule
2182 3858 2293 3928 (l9)
2318 3857 2493 3912 insula
2533 3858 2655 3911 libri
2701 3868 2929 3926 quatuor
2973 3868 3020 3911 et
3073 3859 3279 3929 viginti.
3334 3857 3562 3913 Drama-

1994 3950 2082 4004 tici
2116 3958 2263 4014 sunt,
2292 3957 2349 4004 et
2380 3950 2547 4005 dictio
2575 3950 2689 4019 ipsa
2718 3950 2793 4005 ita
2822 3948 2990 4013 clara,
3041 3950 3111 4003 ita
3162 3967 3319 4020 pura,
3368 3961 3427 4004 ut
3464 3952 3564 4003 mi-

1990 4057 2091 4096 nus
2119 4053 2275 4111 egeat
2302 4043 2708 4112 perspicuitate.
2773 4043 2877 4097 Per
2915 4043 3288 4097 narrationum
3345 4058 3561 4112 quoque

1991 4134 2309 4191 diverticula
2367 4135 2727 4205 iucunditatis
2793 4135 3086 4206 plurimum
3152 4136 3328 4192 sensis
3387 4138 3559 4191 inest:

1989 4227 2206 4295 quando
2258 4238 2314 4283 et
2336 4229 2404 4284 ad
2451 4228 2660 4285 fabulas
2690 4228 2913 4299 prapius
2955 4228 3166 4283 accedit
3224 4229 3479 4293 elocutio,
3508 4237 3565 4282 et

1991 4319 2385 4375 incredibilium
2420 4321 2792 4376 narrationum
2849 4321 3064 4385 silvam,
3098 4336 3219 4375 cum
3279 4320 3562 4376 verisimili

1991 4419 2171 4466 tamen
2233 4412 2450 4467 fictione
2508 4423 2672 4483 atque
2733 4423 2995 4483 apparatu
3045 4415 3148 4469 sibi
3221 4414 3562 4482 suppeditat.

2058 4503 2336 4558 lnducitur
2384 4504 2567 4574 itaque
2602 4504 2786 4560 Dinias
2815 4506 3032 4575 quidam
3062 4505 3300 4570 nomine,
3339 4515 3398 4558 ut
3447 4505 3567 4558 exli-

303 4562 560 4664 ἱστορίας.
608 4568 727 4664 ἅμα
765 4571 845 4643 τῷ
878 4575 1027 4628 παιδὶ
1074 4580 1370 4655 Δημοχάρῃ
1432 4583 1559 4655 [I85
1587 4586 1678 4659 IL]
1711 4562 1881 4645 dato-

1990 4596 2150 4664 gebat
2214 4562 2600 4659 historia,.una
2659 4610 2781 4650 cum
2831 4562 2940 4651 filio
2984 4595 3318 4650 Demochare
3384 4597 3579 4664 patria.

301 4654 607 4755 πλανηθεὶς
631 4662 730 4730 τῆς
758 4666 1036 4735 πατρίδος,
1064 4672 1159 4722 καὶ
1186 4672 1276 4726 διὰ
1298 4654 1390 4726 τοῦ
1415 4654 1617 4730 Ιίόντου
1648 4654 1744 4733 καὶ
1773 4683 1884 4736 ἀπὸ

1990 4654 2260 4755 profugus,
2288 4688 2378 4756 qui
2402 4654 2498 4756 per
2523 4688 2775 4751 Pontum,
2803 4697 2857 4741 et
2883 4703 2911 4741 a
2936 4687 3135 4756 Caspio
3162 4696 3325 4758 atque
3352 4654 3558 4759 Ifyrca-

300 4745 397 4849 τῇς
424 4751 577 4804 κατά
605 4751 859 4808 Κασπίαν
884 4758 976 4809 καὶ
1019 4758 1310 4826 Ὑρκανίαν
1341 4764 1615 4838 θαλάσσης
1655 4770 1792 4840 πρὸς
1817 4772 1886 4827 τὰ

1990 4780 2075 4834 nio
2138 4779 2275 4832 mari
2333 4780 2400 4833 ad
2460 4779 2735 4849 Riphaeos,
2773 4792 2832 4834 ut
2888 4792 3172 4845 vocantur,
3221 4791 3456 4842 montes,
3508 4790 3566 4837 et

313 4837 541 4894 Ῥιπαῖα
597 4843 909 4917 καλούμενα
952 4849 1051 4922 ὅρη
1093 4856 1185 4906 καὶ
1218 4856 1312 4908 τοῦ
1347 4837 1608 4924 Τανάϊδος
1637 4837 1885 4935 ποταμοῦ

1990 4870 2182 4923 Tanais
2243 4869 2479 4925 fluminis
2532 4837 2673 4925 ostia
2728 4876 2960 4940 primum
3017 4871 3565 4942 delati:ingentibus

299 4932 394 5034 τὰς
418 4935 659 4999 ἐκὸολὰς
693 4939 1003 5012 ἀφιγμένοι,
1034 4939 1151 4999 εἶτα
1182 4947 1270 5001 διὰ
1302 4949 1362 5002 τὸ
1399 4951 1532 5004 πολὺ
1559 4952 1653 5007 τοῦ
1682 4932 1888 5026 ψύχους

1990 4959 2180 5015 deinde
2235 4962 2413 5016 adacti
2480 4932 2750 5032 rigoribus
2808 4962 2875 5017 ad
2926 4963 3240 5034 Scythicum
3308 4932 3563 5020 conversi

302 5022 392 5075 ἐπὶ
432 5025 532 5081 τὸν
578 5027 844 5084 Σκυθικὸν
897 5034 1327 5107 ἐπιστραφέντες
1381 5041 1643 5111 ὠκεανὸν,
1820 5047 1885 5120 δὴ

1992 5050 2286 5113 Oceanum,
2317 5062 2479 5122 atque
2506 5022 2634 5107 hinc
2663 5054 2728 5109 ad
2777 5022 3107 5111 Orientalem
3158 5057 3563 5124 tendentes,.ad

1583 5181 1818 5239 VARIE
1856 5183 2259 5246 LECTIONES.

363 5256 410 5285 "
440 5259 564 5320 τοῖς
590 5260 713 5315 add.
747 5263 812 5319 A.
881 5264 926 5297 ⁸³
957 5265 1151 5336 μόνους
1178 5283 1293 5325 om.
1313 5270 1373 5325 C.
1448 5271 1496 5303 ⁸⁸
1525 5272 1706 5340 οὔπως
1746 5292 1806 5339 ς’.
1880 5276 1925 5308 ⁸⁵
1950 5276 2008 5329 δὲ
2036 5279 2159 5333 add.
2184 5279 2252 5335 Δ.

1819 5366 2053 5427 NOTAE.

372 5441 490 5509 (15)
524 5442 825 5510 Apollinem
864 5449 952 5529 qui
986 5450 1224 5522 Amyclis
1257 5452 1542 5511 Laconicis
1574 5458 1878 5519 colebatur.
2060 5465 2172 5537 (l7)
2213 5466 2501 5524 Tarasium
2544 5471 2763 5527 fratrem
2804 5473 3115 5546 alloquitur.

304 5508 436 5556 Nam
479 5526 603 5556 alia).
631 5516 917 5556 nmvprhm
947 5522 1292 5556 ομιοιηυιηηηι
1350 5526 1578 5556 Ληιυηιηη
1651 5529 1702 5556 ε..
1736 5529 1757 5556 ι
1784 5533 1887 5556 ...ελ
2065 5537 2169 5556 Im.
2208 5538 2251 5556 π
2296 5539 2329 5556 .,
2407 5538 2443 5556 η
2523 5541 2549 5556 ρ
2678 5543 2710 5556 ,.

306 5516 603 5609 liam-quae
631 5516 917 5584 proverbio
947 5516 1292 5578 celebrantur
1343 5526 1600 5596 Amyclas,
1651 5529 1705 5584 in
1734 5516 1889 5585 Latio
2208 5516 2851 5609 viiga'cb'im'érmizheil

306 5537 436 5564 mult
479 5537 603 5579 qua:
631 5537 917 5584 proverbio
947 5537 1292 5578 celebrantur
1343 5537 1600 5596 Amyclae,
1651 5537 1705 5584 in
1734 5537 1889 5585 Latio
2086 5537 2173 5604 l8)
2208 5538 2378 5608 Vulgo
2402 5538 2851 5609 Con/irmationes.
2933 5537 2946 5546 ’

302 5578 692 5682 Ῐυῗξιξξξιῖιηη,
724 5670 881 5682 mn“
946 5671 1124 5682 η-,μ
1232 5675 1269 5682 ,ν
1338 5667 1351 5682 ,
1376 5667 1388 5679 ,
1793 5670 1832 5682 _
1993 5676 2005 5682 _
2062 5537 2177 5682 219)
2203 5609 2301 5682 Adi
2330 5614 2663 5682 geographos
2689 5614 2754 5667 de
2789 5614 2887 5669 hac
2910 5617 3119 5672 veriora
3149 5626 3482 5682 narraturos,
3508 5628 3562 5672 et

711 5670 883 5751 illi)?
944 5664 1281 5751 septuaginta
1338 5667 1422 5721 hic
1469 5683 1715 5751 numero.
1791 5670 1890 5751 βξ·
1992 5651 2308 5751 ἰιινρνιύιῖίίἕ
2330 5651 3119 5751 iivr‘b'é'o"p".""i;3:7.i£3¥u§'"fi?

304 5727 1289 5828 ξςὲνιὲιέθτιοηιπιιῗωὲ,προεξιοψέ
1322 5740 1888 5828 prater-itaruntuinf.
1993 5727 2228 5828 d‘iadnin
2268 5727 2540 5828 theatro;
2556 5752 2830 5828 Plutarch.
2868 5756 2957 5809 lih.
2998 5728 3109 5821 lll,’
3142 5758 3301 5828 epist.
3342 5756 3555 5823 ίςϐιιιι

305 5792 601 5921 ξᾲηέίυξιιὲὺ
625 5794 839 5922 claudio,
873 5792 1380 5876 ett-Propemptic'o,
1428 5820 1481 5864 et
1521 5825 1586 5864 cx
1643 5792 1887 5868 oratio—nc

605 5882 637 5919 u
727 5882 755 5921 c
792 5886 873 5922 ns.

727 5882 806 5922 COl
812 5886 822 5923 I
829 5886 873 5925 S.
