4090 6410
623 426 724 490 467

1686 417 1972 480 ,ΡΗΟΤΙΙ
2010 411 2513 476 ΡΑΤΒΙΑΒΟΙῙ.·Ε
2539 415 2647 472 CP.

3753 411 3854 476 468

623 542 757 597 solis
783 536 1008 593 orientis
1041 545 1224 604 partes
1255 544 1538 601 venerunt;
1569 533 1714 588 unde
1769 533 1975 587 circulo
2025 531 2178 594 facto,

2293 529 2388 583 καὶ
2412 529 2493 591 εἰς
2517 528 2606 580 τὸν
2641 524 2775 597 ἑῷον
2810 523 3140 596 ἐμϐαλόντες
3163 521 3258 576 καὶ
3291 521 3427 593 πρὸς
3451 524 3574 585 ταῖς
3593 521 3686 576 τοῦ
3713 524 3852 595 ἡλίου

622 632 866 690 exterius
897 647 1046 686 mare
1074 630 1235 702 longo
1280 639 1543 698 tempore,
1598 630 1875 698 variisque
1910 625 2191 681 erroribus

624 726 969 782 circumiere.
1036 726 1294 780 Errorum
1342 724 1473 780 socii
1522 723 1654 776 liunt
1703 719 2020 782 Carmanes,
2078 714 2192 770 Me-

623 817 804 872 niscus
853 827 906 872 et
931 817 1150 872 Azulis:
1205 826 1364 885 atque
1420 816 1472 870 in
1509 813 1680 868 Thule
1731 811 1958 878 denique
2019 807 2190 863 insula

621 911 908 962 stationem
977 908 1193 963 interim
1241 921 1486 962 errorum
1547 904 1833 974 quamdam
1885 901 2188 956 constitue-

622 1009 767 1053 runt.
811 999 868 1053 ln
940 1002 1040 1054 hac
1095 1002 1210 1068 ipsa
1247 999 1417 1053 insula
1461 1013 1581 1052 cum
1621 994 1918 1066 Dercyllide
1957 991 2188 1064 quadam

623 1089 807 1145 Dinias
858 1093 1300 1146 consuetudinem
1344 1090 1558 1145 habuit:
1609 1103 1726 1156 qum
1761 1101 1957 1155 genere
2004 1083 2187 1154 Tyria,

621 1193 675 1234 et
698 1183 856 1237 claris
897 1185 948 1237 in
979 1199 1041 1237 ea
1093 1185 1225 1238 urbe
1253 1184 1520 1236 natalibus
1558 1192 1698 1244 orta,
1737 1197 1856 1234 cum
1890 1178 2057 1233 fratre
2075 1176 2188 1246 (90)

622 1272 880 1327 Mantinia
909 1274 1014 1328 hoc
1049 1276 1100 1327 in
1137 1274 1255 1328 loco
1285 1276 1622 1328 versabatur.
1685 1273 1818 1328 Cum
1873 1271 1960 1326 illa
2030 1270 2191 1339 igitur

622 1363 807 1420 Dinias
830 1381 1207 1431 consuescens,
1225 1369 1342 1436 ejus
1362 1368 1512 1421 audit
1532 1366 1823 1435 fratrisque
1846 1363 2187 1435 jactationes,

621 1466 676 1512 et
729 1468 928 1527 quanta
987 1460 1123 1515 mala
1190 1459 1836 1531 Paastius(21)quidam,
1900 1455 2188 1526 {Egyptius

619 1551 975 1618 sacrificulus,
1029 1554 1303 1630 intulerit.’
1336 1554 1434 1608 llic
1479 1554 1623 1607 enim
1660 1566 1780 1605 cum
1817 1559 2024 1604 vastata
2073 1549 2190 1617 ejus

619 1644 816 1712 patria,
873 1643 1072 1715 Tyrum
1119 1645 1433 1716 migrasset,
1475 1652 1529 1698 et
1577 1643 1808 1711 hospitio
1859 1650 2112 1709 acceptus
2156 1655 2185 1694 a

619 1734 930 1802 parentibus
984 1735 1173 1790 borum
1235 1735 1486 1799 fratrum,
1538 1734 1808 1789 Mantinite
1857 1742 2020 1801 atque
2057 1730 2188 1786 Der-

617 1825 854 1895 cyllidis,
887 1827 1181 1883 benevolus
1207 1829 1440 1897 primum
1472 1827 1523 1880 in
1557 1828 1696 1882 bene
1729 1826 1795 1881 de
1824 1841 1884 1880 se
1935 1827 2184 1890 meritos,

2295 623 2578 685 ἀνατολαῖς
2612 620 2916 689 γεγονότες,
2965 616 3217 672 ἐντεῦθέν
3241 633 3298 668 τε
3338 615 3524 687 κύκλῳ
3572 614 3669 686 τὴν
3708 617 3851 681 ἐκτὸς

2295 714 2668 786 περιελθόντες
2725 712 2998 766 Θάλασσαν
3030 713 3088 765 ὲν
3115 710 3328 781 χρόνοις
3361 711 3592 780 μακροῖς
3625 708 3717 761 καὶ
3739 726 3849 761 ποι-ι

2292 808 2468 870 κίλαις
2521 806 2751 869 πλάναις
2789 822 2805 837 ·
2869 801 2951 868 οἷς
3006 803 3438 871 συνεφάπτονται
3497 801 3598 869 τῆς
3659 799 3850 869 πλάνης

2293 900 2597 970 Καρμάνης
2622 901 2712 952 καὶ
2735 899 3011 968 Μηνίσκος
3030 897 3123 950 καί
3143 894 3412 961 Ἀζουλις.
3429 893 3672 946 Γίνονται
3696 891 3749 944 δὲ
3764 892 3849 944 καὶ

2292 995 2350 1046 ὲν
2379 990 2552 1063 ϐούλῃ
2600 989 2665 1062 τῇ
2713 993 2880 1062 νήσῳ,
2937 989 3169 1043 ἐνταῦθα
3227 988 3364 1044 τέως
3405 985 3502 1039 καὶ
3562 982 3788 1052 σταθμὸν
3807 982 3849 1014 ⁸⁸

2292 1086 2598 1156 ὥσπερτῆς
2639 1086 2848 1154 πλάνης
2906 1083 3029 1136 τινὰ
3083 1079 3417 1149 ποιούμενοι.
3475 1079 3568 1132 Ἐν
3594 1075 3760 1144 ταύτῃ
3785 1075 3847 1142 τῇ

2291 1179 2464 1250 Θούλῃ
2519 1178 2732 1238 Δεινίας
2773 1176 2892 1230 κατ’
2923 1176 3124 1247 ἔρωτος
3153 1174 3315 1243 νόμον
3343 1170 3523 1240 ὁμιλεῖ
3553 1165 3847 1237 Δερκυλλίδι

2290 1275 2397 1326 τινὶ
2437 1273 2767 1342 καλουμένῃ,
2815 1272 2935 1340 ἥτις
2984 1269 3131 1338 γένει
3168 1267 3268 1337 μὲν
3297 1265 3511 1332 ὑπῆρχε
3566 1260 3733 1331 Τυρία
3751 1257 3847 1311 τῶν

2292 1364 2435 1420 κατὰ
2465 1365 2562 1434 τὴν
2593 1365 2747 1417 πόλιν
2771 1360 3131 1432 εὐπατριδῶν,
3159 1357 3373 1428 ἀδελφῷ
3395 1357 3439 1387 ⁸⁷
3463 1356 3521 1407 δὲ
3552 1353 3714 1423 συνῆν
3739 1353 3846 1404 ὄνο-

2295 1476 2372 1528 μα
2420 1457 2706 1526 Μαντινίᾳ.
2772 1454 2958 1525 Ταύτῃ
3006 1451 3216 1512 Δεινίας
3262 1448 3467 1519 ὁμιλῶν
3500 1443 3846 1514 ἀναμανθάνει

2289 1553 2390 1622 τήν
2426 1568 2485 1604 τε
2520 1550 2630 1602 τῶν
2660 1547 2904 1617 ἀδελφῶν
2962 1545 3189 1615 πλάνην,
3219 1543 3313 1598 καὶ
3345 1543 3446 1597 ὅσα
3485 1537 3752 1600 Παάπιςιη
3773 1554 3848 1598 τις

2295 1646 2470 1712 ἱερεὺς
2499 1642 2814 1711 Αἰγύπτιος,
2837 1641 2936 1710 τῆς
2965 1638 3218 1709 πατρίδος
3255 1634 3421 1690 αὐτοῦ
3441 1631 3847 1705 λεηλατηθείσης

2291 1738 2386 1791 καὶ
2449 1735 2786 1804 παροικήσας
2843 1731 3020 1802 Τύρον
3077 1730 3173 1783 καὶ
3221 1725 3593 1795 φιλοξενηθεὶς
3623 1722 3722 1776 ὐπὸ
3749 1721 3850 1772 τῶν

2289 1827 2556 1882 τεκόντων
2602 1825 2728 1886 τούς
2755 1823 3017 1890 ἀδελφοὺς
3044 1817 3374 1890 Δερκυλλίδα
3412 1818 3510 1868 καὶ
3541 1811 3850 1873 Μαντινίαν,

619 1918 984 1986 familiamque
1031 1918 1166 1974 adeo
1222 1919 1526 1972 universam
1579 1933 1702 1972 esse
1747 1919 2056 1971 videretur:
2109 1916 2178 1969 in-

2290 1921 2384 1974 καὶ
2407 1919 2563 1984 δόξας
2588 1918 2654 1971 τὰ
2673 1917 2864 1988 πρῶτα
2891 1915 3079 1977 εὔνους
3106 1909 3245 1966 εἶναι
3271 1913 3382 1974 τοῖς
3417 1907 3728 1978 εὐεργέταις
3760 1904 3842 1956 καί

617 2008 868 2077 gentibus
923 2019 1108 2078 postea
1154 2008 1312 2063 malis
1342 2011 1578 2073 domttm,
1627 2010 1835 2077 hosque
1887 2017 1942 2063 et
1992 2023 2182 2063 eorum

618 2110 868 2168 parentes
911 2100 1115 2155 aﬂecit.
1167 2099 1356 2156 Refert
1400 2101 1592 2155 deinde
1646 2103 1914 2170 quomodo
1960 2103 2014 2157 in
2038 2102 2186 2156 Rho-

618 2198 767 2258 tlttm,
809 2205 931 2264 post
987 2205 1164 2250 tantas
1213 2195 1428 2249 familiae
1495 2194 1855 2260 calamitates,
1909 2211 2028 2250 cum
2078 2195 2188 2251 fra-

622 2297 703 2341 tre
728 2286 957 2341 abducta
983 2287 1313 2355 sit,indeqne
1340 2287 1390 2340 in
1415 2285 1625 2341 Cretam
1653 2303 1840 2343 errore
1866 2289 2041 2343 delata
2069 2290 2188 2343 fne-

617 2377 710 2443 rit,
761 2393 881 2431 mox
912 2377 978 2431 ad
1022 2377 1330 2449 Tyrrhenos
1367 2388 1421 2432 et
1458 2395 1672 2433 rursum
1704 2379 1828 2434 inde
1857 2381 1925 2434 ad
1951 2381 2188 2436 Cimme-

618 2471 750 2534 rios,
822 2485 960 2539 quos
1018 2472 1332 2534 nominant,
1390 2485 1555 2539 utque
1630 2474 1769 2542 apud
1825 2475 1926 2528 hos
1983 2476 2185 2531 inferos

618 2563 897 2627 spectarit,
927 2570 981 2615 et
1007 2576 1193 2616 eorum
1223 2563 1410 2627 multa,
1441 2580 1562 2633 qua:
1609 2566 1806 2619 ibidem
1865 2578 2010 2634 sunt,
2043 2569 2183 2622 didi-

615 2657 803 2709 cerit:
850 2655 1024 2728 Myrto
1072 2657 1325 2725 magistra
1376 2673 1495 2723 usa,
1565 2659 1754 2730 109!)
1807 2675 1900 2714 sna
1952 2662 2182 2730 quadam

615 2750 928 2818 pedisequa,
991 2766 1112 2820 quae
1183 2751 1311 2806 olim
1373 2751 1482 2805 vita
1535 2753 1763 2819 abierat,
1817 2763 1872 2807 et
1918 2768 1948 2806 a
2009 2765 2184 2809 morte

618 2842 890 2896 dominam
921 2840 1168 2897 docebat.

688 2929 815 2997 Haec
845 2932 1025 3002 itaque
1056 2950 1282 2989 narrare
1313 2935 1500 3006 incipit
1522 2935 1708 2991 Dinias
1737 2936 1952 3008 Cymba:
1967 2938 2180 2994 cuidam

619 3022 858 3088 nomine,
887 3025 1047 3079 domo
1089 3028 1339 3092 Arcadia,
1393 3043 1553 3098 quem
1577 3043 1862 3083 commune
1906 3029 2179 3085 Arcadum

613 3112 850 3183 legatum
898 3117 1122 3175 miserat
1159 3118 1384 3188 Tyrum,
1423 3119 1634 3173 Diniam
1679 3120 1752 3174 ibi
1799 3133 2074 3188 rogantes,
2125 3134 2182 3176 ut

2287 2013 2393 2084 ὅλῳ
2413 2013 2490 2081 τῷ
2517 2013 2670 2082 οἴκῳ,
2699 2009 2837 2080 μετά
2862 2006 3033 2061 ταῦτα
3059 2007 3158 2059 ὅσα
3185 2003 3332 2058 κακά
3363 2002 3454 2054 τόν
3478 2017 3536 2052 τε
3571 1992 3714 2052 οἷκον
3759 1995 3842 2048 καὶ

2287 2104 2483 2166 αὐτοὺς
2512 2103 2605 2155 καὶ
2628 2101 2820 2159 αὐτῶνῖ
2851 2099 3045 2168 γονέας
3074 2095 3403 2166 είργάσατο’
3441 2092 3591 2153 ὅπως
3622 2089 3701 2150 εἰς
3735 2086 3840 2139 Ῥό-

2285 2198 2374 2251 δον
2403 2197 2510 2251 ἀπὸ
2529 2195 2628 2264 τῆς
2648 2192 2790 2248 κατὰ
2819 2191 2910 2243 τὸν
2947 2186 3096 2242 οἷκον
3146 2185 3434 2255 συμφορᾶς
3474 2184 3571 2236 σύν
3599 2181 3676 2250 τῷ
3701 2177 3839 2232 ἀδελ-

2286 2293 2372 2362 φῷ
2402 2291 2640 2361 ἀπήχθη,
2708 2285 2958 2341 κάκεῖθεν
3007 2284 3087 2346 είς
3139 2281 3364 2352 Κρήτην
3413 2269 3840 2346 ὲπλανήθη,εῖτα

2285 2389 2363 2448 εἰς
2393 2383 2730 2456 Τυρρηνοὺς,
2784 2377 3078 2433 κάντεῦθεν
3105 2379 3187 2445 εἰς
3210 2373 3556 2444 Κιμμερίους
3582 2371 3720 2424 οὓτω
3747 2383 3839 2420 κα-

2283 2480 2576 2548 λουμένους
2596 2495 2610 2508 ·
2646 2476 2738 2530 καὶ
2762 2474 2836 2538 ὡς
2864 2474 2931 2526 τά
2952 2474 3009 2524 ἐν
3054 2470 3216 2541 ’ᾼδου
3264 2469 3397 2539 παρ’
3427 2469 3611 2530 αὐτοῖς
3639 2465 3731 2519 ἴδοι
3757 2461 3839 2514 καὶ

2284 2573 2454 2628 πολλὰ
2489 2571 2596 2623 τῶν
2623 2571 2799 2623 ὲκεῖσε
2834 2567 3013 2635 μάθοι.
3039 2564 3343 2633 διδασκάλῳ
3391 2561 3647 2632 χρωμένη
3703 2555 3838 2621 Μύρ-

2281 2667 2415 2737 τῳ⁸⁹
2469 2661 2810 2734 θεραπαινίδι
2857 2659 3064 2729 οἰκείᾳ,
3116 2656 3284 2709 πάλαι
3337 2656 3432 2708 τὸν
3481 2654 3594 2724 βίον
3657 2650 3836 2704 ἀπολι-

2282 2759 2458 2829 πούσῃ
2502 2760 2597 2810 καὶ
2625 2755 2822 2809 ἐκτῶν
2882 2753 3091 2824 νεκρῶν
3148 2752 3246 2821 τὴν
3283 2748 3577 2802 δέσποιναν
3610 2742 3839 2798 ἀναδιδα-

2284 2851 2506 2922 σκούσῃ.

2353 2943 2476 3015 [557
2500 2941 2589 3014 3-]
2640 2938 2826 2994 Ταῦτα
2853 2939 3034 2993 τοίνυν
3071 2937 3379 3007 ἀπάρχεται
3410 2931 3622 2995 Δεινίας
3652 2925 3839 2997 διηγεῖςι

2283 3035 2405 3088 σθαι
2450 3034 2654 3103 Κύμὸα
2681 3034 2789 3085 τινὶ
2814 3032 3037 3098 ὀνόματι
3069 3029 3125 3095 ὲξ
3153 3026 3450 3097 Ἀρκαδίας
3484 3019 3754 3093 πατρίδος,
3783 3015 3840 3067 ὃν

2282 3125 2504 3178 στείλειε
2531 3123 2590 3176 τὸ
2627 3122 2804 3176 κοινὸν
2859 3120 2969 3173 τῶν
3007 3118 3284 3188 ’Δρκάδων
3317 3117 3376 3180 ἐς
3431 3114 3628 3182 Τύρον,
3671 3104 3836 3162 αἱτοῦιτ

613 3209 679 3265 ad
699 3209 843 3275 ipsos
875 3208 926 3261 in
948 3211 1178 3276 patriam
1230 3227 1382 3266 suam
1432 3213 1655 3267 rediret.
1697 3214 1769 3268 At
1808 3216 2061 3283 quoniam
2097 3217 2178 3286 ip-

2285 3233 2435 3289 μενοι
2467 3215 2677 3268 Δεινίαν
2717 3213 2851 3280 πρὸς
2890 3211 3085 3273 αὐτούς
3115 3227 3174 3262 τε
3205 3209 3299 3262 καὶ
3355 3206 3591 3278 πατρίδα
3647 3204 3838 3254 ἐπαναομ

2289 3310 2314 3319 ι.
2348 3309 2406 3319 -ο-
2533 3307 2588 3319 επ
2664 3307 2676 3319 ι
2709 3306 2749 3319 με
2838 3306 2850 3319 ι
2883 3303 2910 3319 ³1
3013 3302 3029 3319 ο
3066 3303 3124 3319 ηρ
3297 3298 3344 3319 ,,-
3402 3300 3436 3319 ,1
3465 3315 3561 3319 __._
3597 3293 3812 3319 ι-..’.⁶......

611 3310 731 3357 sum
758 3297 870 3364 jam
895 3300 1078 3372 gravis
1103 3301 1238 3354 senii
1271 3313 1402 3356 aetas
1441 3305 1782 3372 prohibebat,
1837 3307 2057 3377 ﬁngitur
2089 3309 2177 3364 hic

2282 3309 2488 3374 ζεῦξαι.
2533 3307 2685 3358 Ἐπεὶ
2705 3306 2760 3358 δὲ
2792 3303 2953 3359 αὐτὸν
2981 3302 3040 3356 τὸ
3066 3303 3228 3373 βάρος
3252 3298 3347 3352 τοῦ
3373 3300 3561 3368 γήρως
3593 3293 3834 3355 ἐκώλυεν,

614 3386 836 3452 referre,
867 3398 976 3443 tum
1027 3405 1087 3444 ea
1125 3407 1243 3460 qua:
1275 3393 1500 3460 ipsemet
1529 3397 1808 3454 erroribus
1826 3397 2063 3465 jactatus
2083 3401 2179 3451 vi-

608 3479 783 3544 derat,
816 3489 928 3533 tum
957 3496 1078 3550 qua:
1109 3484 1175 3537 ab
1209 3484 1330 3537 aliis
1377 3497 1662 3555 conspecta
1692 3501 1997 3556 acceperat,
2030 3507 2176 3558 qna:-

606 3587 712 3638 qne
741 3587 768 3623 ο
803 3571 1105 3643 Dercyllide
1152 3574 1202 3628 in
1239 3574 1412 3630 Thule
1463 3589 1678 3632 narrata
1733 3581 1995 3635 didicerat
2031 3599 2043 3634 :
2081 3597 2176 3635 su-

607 3665 934 3730 pradictum,
971 3667 1213 3733 inquam,
1237 3667 1354 3735 ejus
1380 3684 1643 3732 errorem,
1686 3682 1851 3740 ntqtte
1877 3683 1996 3742 post
2015 3689 2171 3726 suum

608 3755 696 3808 illa
716 3756 946 3810 reditum
983 3759 1051 3812 ab
1084 3759 1293 3825 inferis,
1335 3777 1454 3816 cum
1485 3762 1696 3833 Ceryllo
1718 3775 1772 3817 et
1805 3767 2014 3820 Astrteo
2042 3766 2170 3836 (jam

605 3846 755 3901 enim
791 3861 820 3898 a
847 3847 1012 3904 fratre
1037 3864 1311 3920 segregata
1344 3854 1483 3926 erat)
1507 3859 1574 3909 ad
1611 3857 1828 3912 Sirenes
1855 3861 2060 3913 venerit
2081 3878 2168 3915 se-

606 3937 887 4006 pulcrum;
927 3950 980 3994 et
1037 3958 1156 4010 qua!
1195 3960 1406 3998 rursum
1436 3947 1547 4016 ipsa
1584 3964 1648 4003 ex
1686 3951 1879 4004 Astraei
1924 3967 2172 4006 sermone

605 4027 918 4092 cognoverit
943 4029 1008 4082 de
1037 4028 1365 4100 Pythagora,
1397 4043 1452 4087 et
1483 4034 1801 4092 Mnesarcho
1833 4058 1847 4093 :
1881 4040 2064 4108 qualia
2090 4041 2171 4094 νὶ-

602 4112 786 4174 cissim
811 4115 1058 4171 Astraaus
1085 4135 1149 4176 ex
1192 4119 1460 4178 Philotide
1497 4125 1768 4186 didicerit.
1805 4138 1862 4182 et
1912 4132 1963 4182 in
2001 4131 2172 4185 oculis

604 4204 776 4272 ipsius
830 4220 1126 4276 spcctrum,
1179 4216 1459 4282 visumque
1499 4217 1653 4284 plane
1713 4219 2009 4274 fabulosum
2054 4240 2069 4275 :
2118 4231 2172 4276 et

601 4312 955 4368 quascunque
988 4319 1200 4359 rursum
1237 4307 1496 4378 Dercyllis
1525 4311 1591 4361 ad
1622 4325 1748 4363 suos
1772 4326 1984 4365 reversa
2015 4328 2170 4367 erro-

599 4400 689 4446 res
720 4389 921 4455 retulit,
967 4401 1024 4447 ut
1073 4395 1123 4446 in
1177 4395 1458 4450 hominum
1508 4397 1784 4452 civitatem
1832 4401 2084 4454 inciderit
2114 4403 2168 4454 in

597 4477 795 4547 Iberia,
825 4486 914 4553 qui
937 4496 1094 4540 noctu
1119 4487 1334 4556 quidem
1365 4490 1616 4543 viderent
1650 4507 1663 4543 :
1694 4491 1930 4544 interdiu
1986 4503 2164 4548 autem

2279 3403 2558 3468 εἰσάγεται
2611 3398 2965 3468 διηγούμενος
3039 3398 3180 3466 ἅπερ
3220 3412 3278 3446 τε
3337 3393 3502 3455 αὐτὸς
3555 3386 3692 3442 κατά
3744 3382 3835 3452 τὴν

2277 3493 2488 3562 πλάνην
2528 3490 2836 3559 θεάσοιτοῆ
2877 3489 2972 3542 καὶ
3028 3488 3202 3542 ἀλλων
3229 3484 3582 3555 θεασαμένων
3621 3479 3833 3547 ἀκήκοε,

2276 3584 2370 3637 καὶ
2413 3582 2448 3635 ἃ
2503 3579 2854 3651 Δερκυλλίδος
2876 3579 2934 3631 ἐν
2965 3577 3142 3648 Θούλῃ
3167 3574 3537 3646 διηγουμένης
3592 3563 3832 3636 άνέμαθε.

2275 3674 2417 3739 λέγω
2453 3674 2516 3745 δὴ
2552 3675 2650 3744 τήν
2679 3689 2738 3724 τε
2763 3672 2808 3702 ’θ
2841 3668 3248 3740 προειρημένην
3281 3667 3494 3736 πλάνην
3521 3661 3705 3728 αὐτῆς,
3749 3653 3834 3708 καί·

2281 3767 2430 3828 ὅπως
2468 3765 2606 3834 μετά
2635 3765 2734 3831 τὴν
2756 3763 2814 3827 ἐξ
2846 3763 3009 3834 ’ᾼδου
3033 3761 3198 3836 αὐτῆς
3231 3758 3578 3832 ἀναχώρησιν
3612 3752 3702 3804 σὺν
3727 3748 3830 3814 Κη-

2278 3857 2454 3929 ρύλλῳ
2511 3857 2606 3908 κειιί⁵
2661 3855 2954 3925 Ἀστραίῳ,
3013 3852 3114 3923 ἤδη
3141 3850 3233 3917 τοῦ
3254 3851 3296 3882 ⁹¹
3332 3846 3564 3915 ἀδελφοῦ
3613 3843 3830 3929 διασπα-

2276 3928 2483 4010 σθεῖσα,
2508 3947 2600 3999 ἐπὶ
2630 3945 2721 3999 τδν
2754 3945 3023 4014 Σειρήνης
3049 3941 3364 4008 ἀφίκοντοΜ
3398 3939 3567 4006 τάφον
3587 3949 3600 3962 ·
3633 3929 3722 3984 καί
3743 3928 3836 3981 ὅσα.

2273 4040 2434 4093 πάλιν
2485 4038 2620 4108 αὐτὴ
2649 4036 2707 4102 ἐξ
2744 4034 3028 4104 Ἀστραίου
3085 4033 3329 4098 λέγοντος
3371 4031 3594 4100 ἤκουσε,
3626 4017 3834 4108 περίῗτεν

2272 4129 2590 4197 Πυθαγόρου
2612 4107 2615 4108 ν
2641 4144 2713 4196 φη
2724 4127 2782 4196 μὶ
2820 4125 2912 4178 καὶ
2956 4122 3290 4192 Μνησάρχου
3312 4136 3327 4150 ⁸
3363 4115 3454 4173 οἷά
3481 4134 3540 4170 τε
3563 4107 3829 4197 Φιλώτιδρς

2272 4195 2742 4288 αὐτὺςήἋστραῖος
2779 4217 3002 4286 ἤκουσε,
3055 4212 3150 4266 καὶ
3183 4211 3243 4265 τὸ
3268 4210 3413 4264 κατὰ
3462 4209 3588 4267 τοὺς
3640 4195 3824 4268 ὀφθαλ-

2275 4315 2408 4383 μοὺς
2427 4313 2473 4344 ³³
2505 4307 2671 4364 αὐτοῦ
2735 4307 2983 4378 μυθῶδες
3034 4305 3213 4375 θέαμα
3234 4320 3246 4332 °
3275 4302 3369 4355 καὶ
3397 4303 3498 4354 ὅσοι
3540 4292 3690 4355 αὐθις
3711 4293 3828 4383 Δερ-

2273 4377 2460 4464 νυλλις
2486 4402 2580 4454 ἐπὶ
2603 4401 2698 4470 τὴν
2733 4377 2941 4452 οἰκείαν
2979 4395 3277 4449 ἐπανιοῦσα
3315 4393 3526 4459 πλάνην
3565 4377 3826 4454 ἀπήγγελ-

2272 4496 2386 4565 λεν,Ι
2403 4495 2477 4558 ὡς
2495 4493 2777 4563 περιπέσοι
2803 4487 3104 4560 ἀνθρώπων
3130 4485 3441 4538 πόλεικατὰ
3471 4483 3567 4553 τὴν
3589 4473 3826 4565 Ἰϐηρίανν

595 4573 836 4640 quotidie
866 4577 1200 4634 caecutirent.
1249 4578 1379 4643 Qua:
1437 4579 1563 4632 item
1616 4579 1688 4636 ibi
1737 4579 1980 4636 Astraeus
2029 4584 2160 4637 tibia

2282 4587 2320 4640 si
2344 4563 2529 4654 ἐῶρων
2555 4583 2652 4654 μὲν
2682 4585 2739 4636 ὲν
2763 4582 2938 4645 νυκτὶ,
2958 4581 3146 4648 τυφλοὶ
3169 4580 3224 4632 δὲ
3248 4578 3352 4632 ὐπὸ
3379 4576 3558 4648 ἡμέρᾳ
3582 4563 3831 4633 ἑκάστη⁹“

595 4679 817 4731 canens,
876 4667 1120 4722 hostibus
1169 4685 1354 4726 eorum
1391 4668 1603 4735 fecerit,
1683 4680 1848 4738 utque
1917 4673 2164 4728 benevoli

595 4755 721 4812 inde
747 4758 955 4824 dimissi
979 4760 1030 4818 in
1055 4759 1234 4814 Celtas
1268 4760 1576 4825 inciderint,
1634 4774 1848 4828 gentem
1875 4763 2164 4819 immanem

594 4862 658 4900 ac
681 4848 956 4914 stolidam,
1016 4865 1152 4919 quos
1180 4852 1233 4906 in
1257 4854 1412 4921 equis
1440 4853 1540 4921 ipsi
1583 4853 1892 4924 effugerint,
1941 4870 2166 4926 quaeque

593 4938 647 5003 in
678 4951 883 4997 mutato
916 4959 1177 5012 equorum
1210 4945 1390 4999 colore
1432 4946 1772 5001 acciderint:
1803 4957 1862 5001 ut
1916 4949 2041 5003 hinc
2096 4949 2162 5002 ad

587 5035 893 5106 Aquitanos
918 5037 1277 5104 penetrarint,
1314 5047 1652 5106 quantosque
1686 5041 1920 5095 honores
1947 5041 2020 5094 ibi
2040 5041 2163 5094 ade-

587 5129 664 5197 pti
722 5130 831 5184 sint
858 5129 1120 5198 Dercyllis
1151 5141 1312 5201 atque
1345 5131 1626 5202 Ceryllus;
1680 5142 1734 5186 et
1782 5133 1889 5187 hoc
1932 5134 2164 5202 amplius

588 5220 856 5304 Astraeus,
917 5224 1059 5301 quod
1107 5224 1385 5296 oculorum
1437 5240 1658 5281 suorum
1710 5226 2047 5294 incremento
2078 5237 2160 5280 at-

2268 4653 2565 4747 ἐτύγχανον
2580 4693 2594 4706 ”
2645 4676 2738 4728 καὶ
2761 4675 2861 4727 ὅσα
2910 4674 3028 4726 ἐκεῖ
3053 4673 3337 4741 Ἀστραῖος
3357 4669 3534 4722 αὐλῶν
3555 4666 3662 4725 τοῖς
3685 4653 3826 4710 πολε·

2271 4769 2414 4839 μίοις
2461 4767 2684 4820 ἐκείνων
2747 4765 3066 4835 εἰργάσατο.
3120 4763 3230 4816 Καὶ
3253 4763 3328 4826 ὡς
3367 4760 3655 4830 ἀφεθέντες
3681 4749 3826 4815 εὐμε-

2265 4862 2372 4924 νῶς
2397 4860 2606 4914 ἐκεῖθεν
2657 4854 3116 4928 περιπεπτώκασι
3168 4857 3280 4917 τοῖς
3328 4854 3551 4912 Κελτοῖς
3573 4849 3640 4909 ⁸⁸,
3699 4839 3824 4892 ἔθνει

2265 4952 2400 5023 ὠμῷ
2430 4954 2522 5005 καὶ
2543 4951 2755 5021 ἠλιθίῳ,
2783 4951 2967 5012 ἵπποις
2990 4966 3049 5000 τε
3075 4949 3273 5010 αὐτοὺς
3313 4946 3592 5014 ἐξέφυγον,
3625 4935 3711 4990 καὶ
3737 4931 3826 4982 ὅσα

2272 5047 2456 5107 αὐτοῖς
2484 5044 2612 5112 περὶ
2641 5043 2739 5112 τῆς
2772 5042 2914 5095 κατὰ
2950 5040 3047 5111 τὴν
3077 5040 3242 5110 χρόαν
3279 5037 3386 5090 τῶν
3419 5038 3597 5089 ἵππων
3618 5023 3823 5112 ἐναλλο-

2271 5137 2375 5206 γῆς
2431 5110 2704 5204 ἐγεγόνει..
2745 5135 2934 5194 Ὅπως
2955 5110 3014 5184 τε
3047 5132 3187 5185 κατὰ
3209 5129 3336 5192 τοὺς
3371 5121 3690 5182 Ἀκυτανοὺς
3716 5110 3798 5179 ὲγέ

2272 5244 2446 5288 νοντο,
2508 5228 2603 5279 καὶ
2653 5225 2768 5287 οἵας
2827 5225 2947 5276 ἐκεῖ
2999 5223 3163 5294 τιμῆς
3219 5220 3348 5293 [186
3376 5218 3470 5292 ΙΙ.]
3524 5212 3822 5283 ἀπήλαυσαν

1887 5361 2124 5417 νΑΒυΕ
2163 5359 2458 5416 LECTION
2463 5360 2565 5414 ES.

681 5474 732 5552 _"'
758 5477 855 5552 καὶ
894 5475 1568 5552 σταθμὸν-τ-ποιούμενοι
1597 5482 1638 5534 Α
1686 5499 1700 5535 :
1739 5481 1998 5552 σταθμίον
2037 5513 2104 5522 —-
2137 5481 2438 5552 ποιούμενα
2464 5498 2522 5544 ς.

2648 5479 2692 5510 ⁸⁷
2726 5478 2924 5546 ἀδελφῇ
2957 5494 3017 5540 ς.
3119 5475 3163 5506 ⁸⁸
3193 5472 3431 5543 Παάπις]
3480 5454 3814 5546 “diuidit:

587 5527 854 5622 παάστιός
1006 5527 1699 5622 ἠδέΫΜύρθῳ-ξγτδῂἑοξι-Ιὶξοιί
2044 5553 2090 5587 ὀ
2459 5527 2543 5622 ᾉῦέί
2574 5548 2666 5622 τοῦ
2966 5527 3307 5622 υθέ-ἀφίκοντο
3327 5527 3681 5622 ιιρδςτομιιυιιι
3708 5527 3817 5578 Ste-

584 5615 750 5708 phani
781 5633 795 5668 :
823 5616 1103 5685 ἀφίκοιντο
1129 5614 1207 5682 ς’.’
1247 5614 1311 5654 "7'
1341 5614 1652 5706 όφθαλμοίἷς
1678 5627 1722 5677 A
1748 5642 1763 5678 :
1791 5614 2051 5701 ἀδελφούς
2079 5622 2121 5691 C.
2149 5641 2208 5687 ς.
2285 5621 2330 5668 ἰδ
2363 5620 2575 5691 ἡμέραν
2607 5619 2841 5688 ἑκάστην
2868 5635 2928 5682 ς.
3005 5616 3049 5648 ⁸⁸
3082 5614 3286 5685 βελτοίς
3318 5616 3382 5666 Α.

2059 5736 2292 5812 Noras.

665 5845 779 5921 (20)
812 5851 1027 5930 ἀδελφῷ
1080 5855 1367 5926 legendum,
1425 5857 1619 5920 docent
1659 5858 1957 5928 sequentia.

2344 5851 2455 5924 (21)
2504 5852 2602 5919 Qui
2650 5853 2848 5924 Paapi:
2892 5855 3147 5928 deinceps
3194 5865 3454 5927 perpetuo
3504 5839 3815 5904 nominatur.
