4090 6418
241 413 347 480 469

1272 406 1799 467 BIBLIOTHECA.
1836 428 1908 445 -·
1933 404 2096 468 COD.
2130 407 2373 470 CLXVI.

3392 401 3506 471 ιτα

239 522 538 596 Δερκυλλίς
564 539 625 575 τε
641 521 738 574 καὶ
762 518 849 588 Kl]
861 515 1073 588 ρυλλος,
1090 515 1187 569 καὶ
1204 514 1284 569 έτι
1305 516 1504 587 μᾶλλον
1532 503 1823 585 Ἀστραῖος

1930 529 2031 582 qne
2071 519 2439 581 decremento,
2478 517 2619 573 lunae
2648 532 2863 590 quoque
2907 518 3217 588 designaret
3260 516 3499 573 alterna-

237 622 304 689 τῇ
338 616 473 686 περὶ
533 615 661 677 τοὺς
711 610 946 673 οἰκείους
982 608 1297 678 ὀφθαλμοὺς
1327 607 1689 677 αύξομειώσει
1726 604 1826 668 τὰς

242 705 571 777 σεληνιακὰς
601 702 882 772 σημαίνων
911 698 1331 770 αύξομειώσεις,
1361 700 1457 752 καὶ
1483 697 1626 751 λύων
1648 697 1827 766 ἔριδος

238 799 363 861 τοὺς
415 798 598 849 ἐκεῖσε
634 793 763 861 περὶ
799 792 900 861 τῆς
954 790 1129 863 ἀρχῆς
1159 790 1422 860 βασιλεῖς,
1458 789 1506 842 οἳ
1546 788 1638 842 δύο
1672 787 1827 852 ὅντες

242 890 382 943 κατὰ
410 889 481 941 τὰ
512 885 737 940 τοιαῦτα
759 885 857 954 τῆς
884 883 1113 953 σελήνης
1132 883 1548 953 πάθηιάλλήλων
1576 880 1829 935 ἀντικαθ-

245 981 462 1033 ίσταντο
493 978 729 1047 διάδοχοι
749 992 763 1006 ⁸
789 975 857 1029 δι’
892 975 929 1029 ἃ
956 976 1100 1028 καὶὸ
1133 975 1323 1033 ἐκεῖσε,
1347 974 1517 1046 δῆμος
1540 975 1655 1036 τοῖς
1696 973 1826 1042 περὶ

254 1079 538 1148 Ἀστραῖον
565 1075 804 1146 ἔχαιρον.

319 1167 606 1221 Ἐντεῦθεν
645 1162 1039 1233 ὲπιμυθεύεται
1061 1162 1212 1226 ὅπως
1235 1161 1307 1215 τά
1333 1179 1398 1214 τε
1422 1160 1561 1215 ἄλλα
1582 1159 1825 1230 Δερκυλ-

246 1261 321 1323 λὶς
338 1256 449 1312 εἶδέ
474 1277 534 1313 τε
556 1259 649 1312 καὶ¹
680 1258 979 1328 ὑπήνεγκε,
1016 1256 1114 1308 καὶ
1133 1254 1210 1318 ὡς
1229 1243 1640 1325 ἐν”Αρτάὁροις
1660 1252 1827 1329 ἤχθη,

248 1349 589 1420 οῦγυναίκες
646 1352 745 1421 μὲν
800 1347 1151 1418 πολεμοῦσιν,
1202 1347 1393 1418 ἄνδρες
1422 1345 1479 1399 δὲ
1517 1344 1828 1416 οίκουροῦσι

246 1447 333 1498 καὶ
358 1445 430 1497 τὰ
452 1443 724 1513 γυναικῶν
747 1440 1156 1509 ἐπιμελοῦνται.
1184 1438 1309 1492 Ἐπὶ
1334 1437 1549 1496 τούτοις
1575 1429 1666 1489 οἷα
1682 1435 1828 1489 κατὰ

243 1537 363 1599 τοὺς
396 1535 695 1605 Ἀστύρους
714 1534 775 1587 τὸ
796 1533 950 1596 ἔθνος
973 1532 1109 1601 αὐτῇ
1146 1546 1207 1583 τε
1238 1530 1333 1583 καὶ
1359 1527 1631 1600 Κηρύλλῳ
1697 1543 1826 1579 συνο

243 1628 506 1698 εκύρησε,
562 1626 657 1681 καὶ
710 1626 791 1678 ἐτι
829 1625 929 1678 ὅσα
973 1623 1118 1685 ίδίως
1162 1622 1433 1693 Ἀστραίῳ
1490 1622 1820 1693 συνηνέχθη,

243 1719 334 1769 καὶ
363 1716 442 1780 ὼς
490 1715 622 1788 παρ’
686 1715 909 1778 ἐλπίδας
957 1713 1137 1776 πάσας
1188 1712 1315 1776 τοὺς
1339 1715 1396 1765 ἐν
1415 1711 1701 1783 Ἀστύροις
1735 1729 1829 1765 συ-

241 1806 400 1874 χνοῦς
423 1805 704 1868 κινδύνους
735 1804 1138 1873 ἐκπεφευγότες
1160 1802 1446 1873 Κήρυλλος
1468 1804 1565 1855 σὺν
1583 1802 1824 1873 Δερκυλ-

1927 609 2125 674 tiones,
2154 611 2405 681 quodque
2422 612 2826 667 contentionem
2863 611 3163 677 dirimeret,
3201 611 3334 666 duos
3360 612 3500 664 inter

1929 713 2083 770 reges
2133 702 2200 754 de
2237 702 2540 771 principatu
2576 702 2990 766 contendentes,
3038 701 3127 770 qui
3167 700 3319 772 juxta
3363 700 3499 754 tales

1928 791 2069 846 lunae
2095 792 2502 848 vicissitudines
2556 793 2790 848 invicem
2848 791 3218 848 succedebant
3245 792 3298 847 in
3329 791 3499 860 impe-

1928 885 2030 949 rio,
2082 885 2232 939 utob
2259 886 2360 940 ista
2405 885 2568 941 etiam
2627 885 2828 957 populo
2890 886 2968 941 illi
3013 885 3253 941 Astraeus
3301 883 3500 938 charus

1927 984 2291 1046 acceptusque
2315 976 2497 1033 fuerit.

1998 1155 2201 1211 Narrat
2234 1167 2429 1226 praeter
2479 1160 2591 1214 haec
2634 1160 2840 1228 Dinias,
2893 1160 3194 1234 Dercyllida
3238 1177 3357 1216 cum
3396 1162 3498 1214 alia

1928 1247 2130 1303 vidisse
2191 1258 2355 1319 atque
2406 1251 2715 1320 pertulisse,
2768 1261 2879 1306 tum
2907 1254 3052 1308 utad
3097 1254 3499 1324 Artabros(22)

1929 1340 2261 1408 pervenerit,
2304 1342 2392 1395 ubi
2430 1342 2644 1399 feminae
2696 1332 2834 1399 bella
2893 1356 3110 1415 gerunt,
3174 1346 3276 1400 viri
3319 1356 3501 1400 autem

1928 1429 2147 1484 domum
2197 1435 2529 1505 custodiunt,
2588 1452 2651 1493 ac
2704 1438 2985 1492 muliebria
3044 1454 3268 1509 quaaqne
3300 1441 3504 1494 obeunt

1929 1522 2103 1576 otlicia
2130 1540 2145 1576 :
2180 1538 2297 1592 quae
2327 1525 2454 1578 item
2480 1527 2619 1596 apud
2642 1528 2895 1582 Astnrum
2931 1541 3145 1598 gentem
3178 1531 3277 1600 ipsi
3311 1530 3507 1601 Ceryl-.

1929 1613 2096 1683 loque
2139 1617 2489 1687 contigerint,
2519 1628 2573 1674 et
2603 1634 2722 1689 quae
2748 1622 2957 1677 Astraeo
2985 1638 3200 1693 quoque
3245 1624 3501 1692 privatim

1929 1707 2231 1762 acciderint
2261 1725 2275 1761 :
2309 1720 2475 1777 utque
2504 1720 2699 1780 praeter
2748 1727 2963 1767 omnem
3015 1729 3163 1782 spem
3198 1714 3499 1785 frequentia

1930 1799 2067 1867 apud
2090 1798 2317 1856 Asturos
2334 1802 2571 1871 pericula
2604 1818 2725 1858 cum
2759 1803 3075 1875 effugissent
3114 1805 3359 1873 Ceryllus
3375 1820 3500 1860 cum

239 1862 337 1950 λίδι
364 1862 467 1967 τὴν
520 1862 1340 1967 δίκην-ὃμωςίῆνΙάδικήματος
1374 1862 1605 1948 παλαιοῦ
1640 1862 1825 1964 ὦφληο

1932 1862 2251 1961 ῡει-ςΥΙΙίἀο,
2308 1862 2528 1961 poenam
2561 1903 2740 1949 tamen
2768 1862 2899 1960 ille:
2940 1898 3133 1975 110a
3180 1862 3340 1967 quam
3394 1898 3501 1951 im-

242 1989 350 2051 κὼς
407 1988 725 2058 ἐτύγχανεν,
768 1989 868 2041 οὐκ
908 1988 1220 2055 ἀπέφυγεν,
1246 1986 1383 2040 ἀλλὰ
1413 1986 1565 2057 παρὰ
1604 1985 1761 2052 δόξαν
1780 1988 1827 2021 ⁸⁸

244 2082 424 2133 πᾶσαν
455 2080 533 2143 ὡς
554 2079 732 2149 ἐσώθη
779 2079 889 2133 τῶν
927 2077 1211 2143 κινδύνων,
1248 2078 1391 2131 οὓτω
1436 2080 1532 2132 καὶ
1558 2078 1823 2148 ἐκρεουρ-

243 2170 405 2240 γήθη.
439 2170 600 2224 Μετὰ
660 2170 836 2225 ταῦτα
879 2164 969 2224 οἷα
996 2172 1137 2223 κατὰ
1168 2170 1265 2239 τὴν
1291 2169 1523 2224 Ἰταλίαν
1547 2171 1641 2223 καὶ
1667 2171 1826 2223 Σικε-

242 2262 358 2315 λίαν
416 2262 747 2332 πλανωμένη
812 2260 1097 2324 ἐθεάσατο,
1148 2261 1244 2314 καὶ
1269 2260 1345 2325 ὡς
1394 2262 1452 2315 ἐν
1488 2262 1687 2332 Ἔρυκι
1736 2278 1827 2329 γε·

244 2355 443 2425 νομένη
495 2354 649 2409 πόλει
713 2354 968 2417 Σικελίας
1033 2354 1473 2424 συλλαμϐάνεται
1536 2354 1632 2408 καὶ
1691 2354 1830 2425 πρὸς

244 2445 612 2515 Αίνησίδημον
627 2446 673 2478 ⁸⁷
707 2446 1011 2516 (ἐτυράννει
1032 2446 1087 2499 δὲ
1118 2446 1241 2499 τότε
1286 2446 1583 2499 Λεοντίνων
1649 2440 1827 2511 οὗτος)

244 2536 541 2603 ἀπάγεται.
600 2530 760 2604 Ἐνῷ
790 2537 954 2591 πάλιν
1008 2537 1247 2591 Παάπιδι
1297 2536 1375 2608 τῷ
1424 2537 1826 2609 τρισαλιτηρίῳ

245 2628 566 2696 περιπίπτει
591 2627 668 2699 τῷ
689 2629 1044 2700 τυραννοῦντι
1100 2630 1335 2693 συνόντι,
1368 2630 1585 2699 καὶτῆς
1613 2631 1825 2700 ἀπροσ-

242 2718 474 2789 δοκήτου
503 2722 787 2792 συμφορᾶς
817 2721 1143 2775 ἀνέλπιστον
1169 2722 1415 2791 εὑρίσκει
1470 2722 1827 2793 παραμυθίαν

240 2813 326 2863 τὸν
372 2811 609 2880 ἀδελφὸν
654 2814 975 2875 Μαντινίαν,
1038 2814 1097 2877 ὃς
1138 2813 1307 2868 πολλὰ
1351 2815 1671 2883 πλανηθεὶς,
1737 2814 1831 2867 καλ⁸

240 2901 455 2954 πολλῶν
507 2904 887 2959 ἀπιστοτάτων
944 2904 1236 2975 θεαμάτων
1266 2905 1476 2975 περίτε
1506 2904 1829 2976 ἀνθρώπους

241 2992 335 3044 καὶ
359 2993 530 3064 ἕτερα
558 2992 675 3057 ζῶα
707 2996 836 3066 περί
868 3013 929 3048 τε
958 2996 1120 3050 αὑτὸν
1144 2996 1299 3067 ἥλιον
1328 2995 1423 3049 κοιλ⁸
1462 2996 1693 3067 σελήνην
1736 2997 1830 3048 καὶ

241 3086 387 3153 φυτὰ
438 3086 535 3139 καὶ
557 3086 753 3156 νήσους
792 3088 1028 3156 μάλιστα
1054 3086 1326 3158 ἐξηγητὴς
1354 3088 1490 3158 αὐτῇ
1524 3088 1822 3153 καταστὰς,

1926 1984 2214 2054 probitatis
2240 1985 2371 2040 olim
2398 2000 2562 2041 causa
2614 1989 2965 2042 commeritus
3018 1998 3180 2055 esset,
3239 2004 3343 2043 non
3375 1987 3503 2043 effn-

1927 2077 2105 2146 gerit,
2144 2078 2237 2133 sed
2268 2088 2323 2131 ut
2363 2081 2646 2149 inopinato
2667 2081 2908 2149 pericula
2968 2081 3084 2136 haec
3127 2080 3383 2145 evaserit,
3424 2081 3509 2133 ita

1926 2169 2087 2222 etiam
2128 2170 2341 2224 tandem
2397 2173 2856 2241 excarnificatum}
2885 2172 3071 2228 fuisse.
3097 2171 3284 2229 Refert
3313 2182 3497 2243 postea

1927 2272 2176 2326 quaenam
2208 2273 2304 2328 per
2336 2258 2545 2313 ltaliarn
2601 2258 2949 2330 Siciliamque
2993 2262 3253 2316 oberrans
3305 2261 3391 2314 illa
3425 2262 3500 2314 vi-

1928 2348 2089 2403 derit.
2146 2347 2214 2404 Ut
2274 2350 2327 2404 in
2386 2350 2561 2420 Eryce
2594 2349 2793 2407 Sicilia:
2817 2352 3035 2407 civitate
3088 2353 3508 2421 comprehensa,

1928 2440 1994 2494 ad
2018 2441 2458 2506 Saenisidemum,
2516 2443 2609 2513 qui
2669 2454 2798 2498 tunc
2845 2443 3122 2499 Leontinis
3174 2444 3499 2512 imperabat,

1928 2530 2163 2586 adducta
2196 2533 2357 2588 fuerit
2390 2552 2404 2588 :
2438 2535 2528 2589 ubi
2549 2550 2762 2589 rursum
2782 2534 2835 2589 in
2859 2534 3171 2605 Paapiilem,
3202 2534 3503 2590 sceleratis-

1931 2624 2125 2678 simum
2158 2624 2306 2678 illum
2334 2626 2628 2689 hominem,
2687 2628 2827 2696 apud
2867 2642 3046 2697 regem
3074 2636 3319 2696 agentem
3370 2628 3503 2681 inci-

1930 2716 2031 2779 dit,
2058 2717 2367 2785 reperitque
2391 2733 2488 2772 nec
2506 2721 2725 2786 opinato
2744 2717 3068 2773 calamitatis
3095 2718 3329 2789 ingentis
3356 2718 3502 2772 sola-

1933 2804 2101 2871 tium,
2164 2806 2477 2860 Mantiniam
2540 2806 2805 2873 fratrem,
2855 2812 2947 2877 qui
3012 2809 3101 2863 diu
3165 2811 3506 2878 multumque

1927 2894 2185 2964 jactatus,
2202 2897 2351 2950 varia
2372 2913 2586 2967 quoque
2602 2908 2654 2952 et
2672 2900 3030 2963 incredibilia,
3050 2914 3169 2965 quae
3192 2916 3313 2955 cum
3337 2901 3388 2953 in
3416 2902 3507 2953 ho-

1934 2988 2171 3044 minibus
2219 3003 2284 3044 ac
2338 2990 2554 3045 caneris
2577 2991 2961 3057 animantibus,
2989 3002 3097 3045 tum
3130 2993 3276 3047 circa
3336 2993 3503 3048 solem

1934 3078 2108 3148 ipsum
2145 3089 2198 3135 et
2249 3080 2448 3145 lunam,
2513 3083 2853 3151 plantasque,
2918 3093 2970 3136 et
3016 3085 3225 3139 insulas
3282 3084 3505 3153 potissi-

241 3179 376 3247 ῦλην
397 3178 634 3248 ἄφθονον
658 3179 902 3250 παρέσχε
935 3178 1254 3249 μυθοποιίας
1269 3181 1634 3249 ἀπαγγέλλειν
1666 3180 1820 3233 ὕστε-

1936 3190 2080 3229 ηιιιιη
2113 3184 2403 3243 spectarat,
2434 3178 2606 3231 sorori
2658 3178 3129 3243 commemoravit,
3175 3179 3509 3247 uberemqne

245 3289 337 3340 ρον
392 3272 475 3341 τῷ
524 3271 707 3342 Δεινίᾳ.
744 3288 759 3303 ’
816 3272 961 3341 ἅπερ
1014 3272 1177 3335 αὐτὸς
1241 3273 1508 3344 συνείρων
1547 3272 1824 3341 εἰσάγεται

241 3363 604 3435 διηγούμενος
627 3364 703 3435 τῷ
740 3364 971 3434 Ἀρκάδι
1009 3364 1235 3436 Κύμϐᾳ.

318 3544 558 3596 Ἔπειτα
596 3541 671 3605 ὡς
722 3542 979 3605 λαϐόντες
1043 3542 1344 3605 Μαντινίας
1392 3542 1487 3595 καὶ
1536 3540 1831 3610 Δερκυλλὶς

242 3637 310 3688 ἐκ
342 3635 648 3688 Λεοντίνων
669 3635 713 3666 ’⁸
735 3635 795 3687 τὸ
833 3634 1111 3697 Παάπιδος
1148 3634 1397 3705 πηρίδιον
1455 3637 1592 3705 μετὰ
1636 3635 1745 3687 τῶν
1770 3638 1828 3688 ἐν

243 3727 398 3798 αὐτῷ
436 3727 680 3797 βιὸλίων,
705 3726 929 3781 καὶτῶν
964 3726 1202 3796 βοτανῶν
1262 3727 1387 3798 [360
1438 3724 1533 3800 IL]
1580 3726 1640 3779 τὺ
1674 3728 1835 3781 κιϐώ-

244 3839 379 3886 τιον,
412 3820 745 3891 ἀπαίρουσιν
785 3821 866 3881 ei;
899 3821 1118 3890 Ῥήγιον
1142 3819 1394 3872 >9ἄκεῖθεν
1434 3821 1514 3881 είς
1545 3820 1833 3873 Μεταπόν-

246 3932 379 3978 τιον,
410 3907 546 3981 ὲνῗῷ
574 3914 773 3975 αὐτοὺς
815 3914 1102 3982 Ἀστραΐος
1166 3912 1583 3967 ἐπικαταλαϐὼν
1639 3913 1833 3983 μηνύει

247 4006 389 4058 κατὰ
429 4006 602 4065 πόδας
631 4004 848 4058 διώκειν
880 4006 1118 4057 Παάπιν.
1158 4004 1267 4057 Καὶ
1300 4004 1376 4066 ὡς
1402 4006 1835 4075 συναπαίρουσιν

246 4095 396 4165 αῦεῷ
450 4096 547 4149 ἐπὶ
601 4095 819 4166 θρᾷκας
846 4098 939 4148 καὶ
974 4095 1341 4161 Μασσαγέτας
1357 4096 1424 4160 99,
1457 4093 1594 4165 πρὸς
1627 4095 1836 4163 Ζάμολ-

247 4188 327 4249 ξιν
361 4186 457 4238 τὸν
486 4187 705 4256 ἑταῖρον
745 4186 910 4238 αὑτοῦ
937 4187 1171 4241 ἀπιόντι.
1204 4187 1343 4238 Ὀσα
1375 4203 1435 4238 τε
1459 4185 1600 4239 κατὰ
1630 4186 1836 4255 ταύτην

246 4278 342 4349 τὴν
391 4279 707 4349 ὁδοιπορίαν
761 4280 955 4332 ίδοιεν¹
990 4280 1084 4333 καὶ
1133 4280 1281 4342 ὅπως
1308 4279 1521 4349 ἐντύχοι
1552 4280 1831 4351 Ἀστραῖος

248 4369 539 4440 Ζαμόλξιδι
586 4369 737 4439 παρὰ
784 4371 976 4434 Γέταις
1001 4386 1015 4401 ⁸
1042 4371 1142 4441 ήδη
1191 4370 1311 4438 Θεῷ
1334 4370 1680 4442 νομιζομένῳ
1699 4388 1712 4400 ο
1741 4371 1835 4423 καὶ

247 4464 345 4517 ξσα
398 4464 579 4516 είπεῖν
626 4462 776 4532 αὐτῷ
826 4462 922 4515 καὶ
990 4462 1248 4532 δεηθῆναι
1304 4462 1598 4533 Δερκυλλίς
1634 4480 1694 4515 τε
1741 4462 1835 4515 καὶ

1900 3270 1903 3271 ⁷
1933 3266 2222 3321 admodum
2257 3268 2486 3335 praebuit
2522 3266 2824 3322 fabularum
2851 3269 3157 3335 materiam,
3224 3281 3361 3338 quas
3414 3268 3508 3323 Di-

1933 3358 2035 3412 nia:
2068 3360 2409 3426 postmodum
2437 3359 2524 3413 illa
2553 3359 2800 3425 referret,
2858 3375 2977 3429 quae
3030 3361 3118 3416 hic
3172 3361 3350 3415 omnia
3396 3361 3509 3431 ipse

1882 3490 1885 3499 λ
1933 3452 2319 3518 connexuisse,
2346 3464 2401 3506 et
2434 3451 2655 3524 Cymbaa
2687 3454 2885 3507 Arcadi
2914 3454 3164 3508 retulisse
3194 3454 3433 3524 ﬁngitur.

2003 3545 2169 3599 Addit
2194 3544 2413 3611 dehinc,
2437 3556 2495 3600 ut
2519 3546 2807 3600 lllantinias
2842 3562 2964 3600 cum
3010 3544 3317 3617 Dercyllide
3348 3547 3509 3618 (Paag

1934 3634 2075 3703 pidis
2096 3650 2221 3701 pera
2243 3652 2364 3689 cum
2406 3637 2577 3702 libris,
2607 3637 3006 3707 herbarumque
3056 3622 3239 3693 arcula
3272 3638 3510 3707 sublata)

1935 3725 2202 3794 Rhegium
2233 3742 2263 3781 e
2294 3726 2573 3783 Leontinis
2606 3728 2936 3795 trajecerint,
2963 3730 3196 3801 indeque
3234 3730 3513 3801 Metapone

1937 3819 2094 3882 tium,
2132 3819 2220 3873 ubi
2248 3834 2343 3874 eos
2396 3821 2637 3875 Astraeus
2685 3833 2989 3887 assecutus,
3028 3822 3228 3893 Paapin
3285 3826 3511 3893 vestigia

1934 3924 2123 3962 eorum
2164 3911 2417 3979 subsequi
2474 3912 2813 3981 significarit,
2848 3924 3014 3982 utque
3066 3916 3335 3969 Astraeum
3364 3916 3417 3968 hi
3453 3917 3509 3977 in

1936 4000 2244 4069 Thraciam,
2280 4013 2331 4055 et
2365 4004 2688 4074 Massagetas
2719 4007 2783 4058 ad
2815 4004 3097 4063 Zamolxin
3154 4008 3266 4079 (25)
3305 4009 3511 4061 socium

1934 4092 2368 4158 proﬁciscentem
2428 4095 2595 4147 secuti
2630 4095 2759 4149 sint.
2807 4094 2947 4161 Quid
3007 4096 3135 4150 item
3196 4098 3285 4150 ille
3318 4098 3419 4151 hac
3461 4099 3515 4150 in

1934 4183 2269 4250 profectione
2301 4186 2667 4255 conspexerit,
2706 4202 2769 4242 ac
2808 4189 3080 4257 quomodo
3113 4188 3165 4242 in
3200 4188 3515 4245 Zamolxida

1937 4275 2206 4340 inciderit,
2242 4277 2382 4347 apud
2434 4276 2599 4333 Getas
2631 4278 2751 4350 jam
2815 4289 2924 4333 tum
2955 4295 3051 4345 pro
3110 4280 3212 4334 deo
3264 4281 3512 4335 cultum:

1936 4379 2169 4435 qumque
2194 4369 2395 4433 dicere,
2439 4384 2501 4422 ac
2529 4369 2802 4436 postulare
2832 4385 2931 4437 pro
2959 4384 3023 4423 se
3049 4370 3318 4424 Astraeum
3341 4370 3518 4437 jussu-

1938 4461 2045 4514 rint
2090 4461 2353 4529 Dercyllis
2400 4473 2560 4531 atque
2614 4461 2950 4527 Mantinias;
3014 4471 3070 4514 ut
3114 4462 3186 4515 ibi
3236 4461 3514 4523 oraculum

248 4556 552 4618 Μαντινίας
584 4556 868 4626 Ἀστραῖον
922 4555 1061 4625 ὑπὲρ
1090 4555 1268 4608 αὐτῶν
1297 4554 1535 4625 ἠξίωσαν
1561 4571 1574 4585 °
1620 4554 1714 4608 καὶ
1758 4556 1828 4618 ὡς

1940 4552 2046 4607 illis
2093 4554 2274 4607 datum
2347 4556 2439 4618 sit,
2482 4554 2535 4608 in
2584 4552 2792 4607 Thulen
2845 4554 3075 4607 insulam
3136 4553 3335 4607 deferri
3392 4552 3517 4605 fatis

246 4647 501 4717 χρησμὸς
545 4646 727 4710 αὐτοῖς
781 4646 990 4700 ἐκεῖθεν
1019 4646 1276 4711 ἐξέπεσεν
1318 4646 1413 4698 ἐπὶ
1442 4646 1653 4717 Θούλην
1692 4642 1831 4700 εἶναι

246 4737 613 4809 πεπρωμένον
666 4737 862 4801 ἐλθεῖν,
906 4737 999 4790 καὶ
1030 4737 1103 4799 ὡς
1131 4738 1187 4801 ἐς
1218 4737 1444 4808 ὕστερον
1471 4739 1565 4789 καὶ
1598 4738 1831 4808 πατρίδα

247 4830 492 4896 δίο-[ται.
552 4829 817 4899 πρότερον
861 4830 995 4883 ἄλλα
1021 4847 1079 4882 τε
1112 4828 1649 4899 ἐνταλαιπωροῦντες
1675 4869 1691 4894 ,
1734 4832 1829 4883 καὶ

247 4920 399 4990 δίκην
434 4920 537 4989 τῆς
564 4922 622 4983 ἐς
648 4922 772 4985 τοὺς
798 4922 991 4985 τοκέας
1018 4923 1364 4992 ἀνοσιότητος
1387 4922 1457 4990 (εί
1483 4922 1577 4974 καὶ
1610 4922 1833 4987 ἄκοντες

249 5014 521 5083 ἥμαρτον)
564 5013 837 5077 τιννύντες
861 5013 941 5084 τῷ
964 5014 1054 5066 τὸν
1084 5014 1197 5083 βίον
1228 5014 1411 5075 αὐτοῖς
1438 5014 1518 5076 είς
1557 5012 1702 5083 ζωὴν
1736 5018 1830 5068 καὶ

252 5104 486 5159 θάνατον
531 5106 973 5179 διαμερισθῆναι,
1027 5108 1124 5161 καὶ
1158 5107 1257 5179 ζῇν
1312 5109 1411 5177 μὲν
1442 5109 1500 5159 ἐν
1524 5108 1702 5175 νυκτὶ,
1738 5126 1828 5161 νε-

1940 4662 2060 4701 esse
2084 4646 2413 4701 desﬁnatum
2450 4666 2462 4701 :
2503 4648 2719 4701 tandem
2752 4658 2929 4700 tamen
2988 4647 3040 4699 in
3091 4649 3320 4713 patriam
3370 4647 3515 4700 redi-

1942 4748 2109 4801 turos,
2166 4738 2261 4792 sed
2314 4754 2435 4793 cum
2472 4738 2573 4791 alia
2606 4740 2756 4808 prius
2795 4740 3021 4792 adversa
3066 4751 3348 4815 passuros,
3400 4742 3513 4801 tni‘n

1940 4830 2231 4898 impietatis
2280 4831 2331 4884 in
2392 4840 2645 4899 parentes
2676 4831 2914 4900 (tametsi
2951 4830 3311 4899 deliquissent
3338 4830 3516 4903 inviti)

1939 4936 2128 4991 pmnas
2167 4922 2432 4976 daturos:
2469 4923 2631 4977 vitam
2692 4923 2945 4975 nimirum
3000 4922 3131 4990 ipsis
3177 4937 3299 4975 cum
3342 4934 3520 4978 morte

1938 5016 2162 5069 alternis
2218 5015 2426 5071 vicibus
2453 5026 2842 5071 commutatum
2896 5016 2984 5079 iri,
3014 5025 3069 5075 et
3108 5024 3268 5073 noctu
3299 5016 3516 5085 quidem

1936 5108 2173 5161 victuros
2210 5107 2349 5178 (25),
2392 5108 2625 5164 interdiu
2681 5123 2806 5163 vero
2863 5122 3080 5178 semper
3128 5119 3372 5163 mortuos
3426 5107 3516 5159 fu-

1542 5220 1789 5283 VARIIE,
1818 5220 2225 5279 LECTIUNES.

334 5312 387 5389 ’ξ
413 5313 546 5380 περὶ
574 5329 635 5375 ς’.
693 5312 1147 5389 ,θζ-Αίνησίδᾷημον
1188 5313 1438 5368 Leicltius
1472 5328 1526 5383 p.
1556 5329 1610 5367 Ix
1634 5331 1646 5366 :
1674 5315 2015 5385 αἰνισίδημον
2046 5317 2126 5371 A:
2161 5317 2533 5389 σαινισίδημον
2557 5318 2597 5371 C
2630 5337 2688 5383 ς.

256 5382 497 5449 σαγέτας
524 5399 590 5446 ς’.
691 5383 707 5413 ί
737 5383 833 5436 ἴδοι
857 5382 918 5447 ςις
996 5385 1015 5413 ¹
1048 5384 1217 5447 Γέτας
1252 5402 1312 5448 ς’.

2769 5319 2814 5351 9⁸
2845 5318 3169 5373 Λεοντιόνων
3196 5337 3258 5384 ς.
3335 5320 3380 5352 ⁹⁹
3398 5321 3517 5379 May

1703 5473 1934 5532 ΝΟΤᾸΞ.

327 5564 642 5631 (29.)Hodie
677 5563 818 5618 Cabo
859 5568 922 5620 de
978 5565 1268 5634 Finistera,
1326 5577 1611 5623 nautarum
1670 5567 1831 5633 vulgo

261 5638 397 5760 guilt]
435 5634 611 5756 Oli-tri.
652 5635 705 5689 in
750 5634 1039 5692 Thesauro.
1069 5640 1367 5695 Meminere
1398 5638 1561 5702 Plin.,
1608 5635 1827 5701 Strabo,

313 5720 341 5749 τι
369 5722 393 5755 n
428 5722 456 5754 οε
507 5720 535 5755 a
566 5721 620 5758 ιι.
1584 5750 1587 5755 ι

336 5746 753 5849 de
784 5777 886 5831 hoc
918 5780 1056 5849 apud
1105 5782 1283 5838 Strab.
1323 5780 1417 5837 lib.
1471 5750 1824 5849 vn,‘Suirlan.

268 5850 317 5895 rt
356 5844 611 5899 llct'odot.
647 5843 986 5915 Melpomene.

2005 5572 2116 5633 (24)
2154 5572 2229 5625 De
2250 5588 2353 5640 qua
2380 5586 2493 5638 seq.
2530 5586 2651 5639 pag.

2015 5642 2129 5712 (23$)
2162 5639 2276 5707 Qua
2305 5644 2512 5695 ratione
2538 5651 2724 5695 noctes
2752 5640 2955 5696 vixisse
2988 5639 3056 5694 60
3112 5658 3273 5711 supra
3305 5641 3529 5707 septin—_

1937 5712 2500 5787 gentassepulcrnles
2544 5712 2815 5768 docebunt
2861 5712 3245 5787 inscriptiones
3316 5712 3411 5764 inf.
3452 5712 3526 5775 im

1938 5786 2044 5839 line
2071 5781 2227 5851 hujus
2247 5782 2469 5839 codicis.
