4090 6420
605 638 772 696 Getas
806 643 856 695 in
888 645 1290 707 existimatione
1349 656 1585 714 relictis:
1628 676 1748 729 quae
1802 664 1927 718 item
1974 670 2041 723 ad
2075 667 2179 722 Bo-

606 748 751 787 ream
792 735 978 794 videre
1030 742 1347 805 admiranda
1408 759 1574 821 atque
1624 756 1815 811 audire
1866 760 1999 829 ipsis
2044 776 2175 816 con-

676 912 799 969 ilzec
822 932 944 972 cum
976 923 1161 978 omnia
1202 924 1389 983 Diuias
1425 930 1476 984 in
1509 931 1680 988 Thule
1710 934 2014 1009 Dercyllide
2048 958 2177 998 nar-

602 1012 757 1059 rante
786 1010 1044 1079 audisset,
1076 1020 1262 1072 eadem
1315 1038 1457 1078 nunc
1489 1027 1691 1082 referre
1744 1034 1918 1102 pergit
1956 1035 2173 1107 Cymhze

599 1096 817 1194 Arcadi.
838 1102 916 1155 Ad
937 1104 1049 1159 haec
1066 1109 1249 1176 etiam,
1277 1121 1333 1164 nt
1360 1112 1573 1185 Paapis,
1601 1096 1920 1192 Dercj'llidis
1949 1096 2173 1198 vestigia

602 1183 898 1252 insecutus,
938 1192 988 1247 in
1040 1212 1101 1250 ea
1139 1199 1331 1277 ιιοὺ
1384 1204 1558 1260 insula
1606 1208 1738 1277 ipsis
1770 1220 2169 1283 supervenerit,

597 1283 651 1327 et
676 1286 797 1332 arte
823 1295 917 1334 sna
946 1288 1150 1356 magica
1190 1291 1290 1345 hoc
1330 1292 1592 1361 effecerit,
1621 1310 1678 1352 ut
1722 1301 1953 1358 interdiu
1992 1324 2171 1361 more-

597 1376 807 1433 rentur,
859 1385 1016 1430 nocte
1072 1394 1201 1434 vero
1260 1387 1552 1441 accedente
1610 1393 2020 1463 reviviscerent,
2069 1399 2171 1455 hoc

596 1467 802 1514 tantum
832 1463 934 1519 ritu
971 1469 1037 1521 ad
1065 1469 1192 1526 illud
1228 1475 1563 1534 elﬁciendum
1597 1500 1748 1549 usus,
1777 1490 1917 1556 quod
1958 1492 2169 1558 publice

593 1548 647 1604 in
681 1552 893 1611 illorum
929 1558 1122 1615 faciem
1183 1580 1529 1639 conspueret.
1591 1575 1968 1636 Thruscanum
2033 1584 2166 1639 item

590 1646 899 1714 quemdam,
963 1649 1135 1710 Thule
1198 1660 1512 1727 oriundum,
1588 1666 1909 1740 Dercyllidis
1980 1689 2167 1733 aumre

588 1746 827 1805 captum,
872 1743 987 1797 viso
1020 1758 1254 1805 amatam
1281 1768 1430 1809 suam
1460 1756 1710 1827 Paapidis
1746 1765 1900 1820 malis
1951 1768 2162 1825 artibus

592 1825 646 1879 in
674 1843 798 1883 eum
833 1835 1081 1892 morbum
1138 1842 1419 1911 incidisse,
1476 1849 1748 1921 ingentem
1800 1864 1934 1913 adeo
1981 1875 2046 1914 ex
2097 1878 2162 1917 eo
2192 1851 2237 1904 Β

590 1920 800 1988 cepisse
822 1924 1086 1994 dolorem,
1126 1943 1185 1986 ut
1218 1937 1397 1993 subito
1426 1920 1662 2011 Paapida
1698 1947 1961 2005 invadens
1984 1953 2166 2021 gladio

593 2020 941 2087 percusserit,
1003 2033 1167 2093 atque
1213 2028 1567 2090 interfecerit.
1604 2036 1758 2093 Hunc
1810 2042 1897 2096 vix
1952 2020 2203 2101 tandem'

593 2100 786 2172 Tyrios
823 2111 1085 2168 malormn
1112 2122 1376 2187 reperisse
1408 2126 1631 2184 exitum.
1673 2128 2051 2190 Thruscanum
2089 2147 2169 2190 ta-

592 2209 715 2247 men
757 2211 1040 2271 postquam
1081 2206 1380 2277 Dercyllida
1430 2227 1658 2273 mortuae
1711 2222 1943 2279 similem
1979 2225 2166 2293 jacere

592 2292 893 2358 conspexit,
927 2306 1153 2353 mortem
1186 2302 1287 2356 sibi
1347 2321 1560 2378 quoque
1626 2316 1980 2377 conscivisse.
2042 2318 2167 2376 Haec

592 2378 756 2447 igitur
780 2386 985 2451 omnia,
1018 2402 1072 2442 et
1111 2393 1217 2447 alia
1263 2395 1315 2451 id
1370 2416 1540 2470 genus
1572 2404 1824 2474 plurima,
1869 2422 1929 2464 ut
1976 2427 2164 2467 eorum

591 2472 943 2541 sepulturam,
975 2491 1027 2533 et
1052 2499 1083 2535 e
1118 2487 1321 2542 tnmnlo
1352 2493 1835 2562 reditum,amores
1870 2501 2163 2572 Mantiniae,

591 2577 819 2633 quaeque
858 2568 981 2623 hinc
1016 2574 1119 2629 illis
1155 2579 1489 2649 acciderunt,
1519 2595 1573 2640 et
1600 2588 1719 2655 ejus
1774 2590 1965 2645 farina:
1993 2596 2164 2651 multa

590 2667 714 2707 cum
752 2657 935 2714 Dinias
966 2663 1017 2716 in
1059 2663 1231 2722 Thule
1274 2671 1473 2739 insula,
1522 2674 1828 2750 Dercyllide
1864 2683 2163 2753 referente,

590 2748 953 2816 cognovisset,
988 2752 1264 2811 inducitur
1320 2778 1462 2820 nunc
1502 2748 1691 2823 eadem
1718 2769 1937 2842 Cymba:
1965 2775 2162 2833 Arcadi

590 2848 1043 2898 counnemorans.
1080 2846 1256 2917 Atque
1289 2852 1378 2906 hic
1415 2858 1632 2913 tandem
1693 2862 1818 2917 linis
1870 2874 1952 2919 est
2016 2869 2162 2922 tertii

588 2935 644 2979 et
665 2928 902 2985 vicesimi
931 2934 1073 3004 libri,
1114 2937 1333 2998 Antonii
1371 2947 1624 3019 Diogenis
1646 2950 2053 3010 [incredibilium
2101 2961 2164 3013 de

592 3014 760 3075 Thule
784 3022 1053 3096 inscripti,
1077 3046 1200 3086 cum
1235 3035 1364 3090 nihil
1407 3054 1565 3109 pene,
1597 3057 1661 3097 ac
1701 3046 1803 3098 nisi
1834 3062 2006 3115 pauca
2042 3060 2162 3102 tan-

588 3120 698 3179 tutn
744 3116 814 3171 ab
852 3118 1006 3175 initio
1039 3124 1195 3195 hujus
1226 3135 1406 3198 operis
1447 3137 1513 3190 de
1545 3137 1644 3192 hac
1680 3140 1856 3195 insula
1883 3146 2158 3199 memoria:

586 3205 907 3272 prodiderit.

657 3299 894 3367 Quartus
925 3324 1055 3361 vero
1084 3322 1139 3366 et
1188 3314 1478 3371 vicesimus
1522 3318 1661 3374 liber
1715 3322 1926 3378 inducit
1964 3326 2160 3382 Aznlin

588 3405 919 3462 narrantem,
976 3412 1138 3472 atque
1189 3405 1313 3460 inde
1337 3410 1502 3462 etiam
1536 3412 1743 3468 Diniam
1795 3418 1861 3470 ad
1906 3434 1970 3473 ea
2042 3435 2163 3488 qua:

585 3493 741 3550 antea
768 3486 987 3558 Cymbze
1014 3496 1306 3560 retulisset,
1334 3499 1577 3558 Azulidis
1599 3518 1748 3574 gesta
1771 3486 2158 3569 cumulantem.

585 3574 866 3640 Quomodo
897 3583 1149 3638 nimirum
1186 3592 1580 3660 przcstigiarum
1620 3598 1830 3653 illarum
1889 3604 2156 3660 rationem

584 3667 1024 3739 deprehenderit,
1056 3680 1253 3746 quibus
1307 3681 1503 3751 Paapis
1559 3689 1860 3761 Dercyllida
1909 3706 1965 3749 et
2005 3695 2158 3750 Man-

585 3756 773 3821 tiniam
804 3760 1127 3833 ludilicarat,
1168 3782 1325 3827 nocte
1348 3777 1565 3842 quidem
1602 3787 1659 3832 ut
1696 3756 1957 3838 vviventes
1988 3801 2159 3855 appa-

585 3860 787 3915 rerent,
828 3854 1064 3911 interdiu
1119 3877 1250 3918 vero
1284 3869 1525 3924 mortui:
1559 3881 1725 3941 utque
1780 3877 1979 3931 malum
2027 3879 2158 3934 illud

582 3940 871 4012 depulerit,
906 3964 1028 4002 cum
1061 3944 1287 4008 modum
1323 3972 1388 4011 ac
1434 3961 1700 4015 rationem
1739 3964 1897 4034 hujus
1947 3970 2159 4023 crucia-

584 4043 691 4096 tus,
720 4036 944 4107 ejnsque
974 4046 1197 4098 curandi
1230 4049 1369 4103 viam
1409 4053 1685 4109 didicisset
1720 4072 1786 4110 ex
1816 4059 2001 4127 perula
2028 4061 2161 4123 Paa-

586 4125 747 4191 pidis,
776 4144 937 4197 quam
978 4147 1165 4195 secum
1210 4137 1501 4197 Mantinias
1530 4155 1690 4214 atque
1721 4125 1982 4220 Dercyllis
2018 4162 2160 4207 attu-

580 4217 778 4273 lerant.
842 4221 1031 4294 Neque
1076 4227 1176 4282 hoc
1222 4233 1416 4300 solum,
1460 4237 1554 4291 sed
1601 4250 1656 4295 et
1715 4217 1874 4295 illud-
1926 4246 2155 4313 reperit.

581 4314 856 4378 quomodo
887 4314 1152 4387 Dercyllis
1192 4328 1248 4374 et
1290 4322 1576 4379 Mautinias
1619 4342 1872 4395 parentes
1910 4331 2157 4398 jacentes

580 4402 786 4472 ingenti
847 4408 987 4461 malo
1026 4410 1261 4467 liberare
1312 4427 1549 4484 possent.
1603 4418 1713 4475 Hos
1761 4422 1906 4476 enim
1967 4424 2041 4479 illi
2088 4442 2156 4482 ex

580 4493 833 4565 Paapidis
884 4503 1226 4571 praescripto,
1274 4508 1429 4573 quasi
1497 4510 1599 4564 hoc
1650 4513 1752 4567 sibi
1807 4514 2148 4583 profuturum

581 4688 826 4748 tempore
865 4693 1200 4739 mortuorum
1233 4688 1600 4756 instarjacere
1623 4692 1897 4750 fecissent.
1932 4699 2158 4754 Accedit

579 4771 703 4836 huc,
739 4773 814 4825 uti
866 4773 1148 4846 Dcrcyllis,
1186 4789 1241 4833 et
1274 4779 1562 4837 Mantinias
1621 4785 1672 4838 in
1725 4788 1959 4855 patriam
2017 4807 2155 4859 pro-

578 4865 844 4940 perarint,
907 4870 1222 4936 parentibus
1275 4881 1333 4929 ut
1395 4875 1559 4929 vitam
1631 4878 1973 4950 salutemque
2026 4886 2150 4939 red-

578 4956 787 5029 derent.

651 5044 836 5101 Dinias
875 5049 1089 5104 interim
1120 5068 1220 5104 una
1258 5068 1379 5108 cum
1404 5055 1671 5115 Carmaue
1690 5070 1744 5114 et
1768 5062 2029 5133 Menisco,
2059 5082 2151 5121 se-

575 5148 769 5205 parato
790 5141 859 5193 ab
886 5142 1016 5210 ipsis
1040 5144 1287 5215 Azulide,
1337 5148 1476 5200 ultra
1539 5150 1707 5218 ipsam
1741 5153 1950 5212 Thulen
1984 5161 2151 5213 etiam

575 5229 852 5285 oberravit
877 5248 892 5297 ;
924 5249 1032 5303 quo
1054 5238 1271 5309 quidem
1297 5240 1348 5292 in
1370 5256 1555 5296 errore
1582 5259 1702 5313 qua:
1750 5264 1912 5319 supra
1940 5251 2151 5307 Thulen

578 5320 916 5380 incredibilia
950 5329 1163 5395 viderit,
1194 5347 1333 5387 nunc
1364 5335 1634 5393 inducitur
1665 5340 1863 5409 referre
1889 5344 2106 5414 Cymlne
2134 5366 2147 5401 :

575 5427 638 5466 ea
672 5414 927 5471 nimirum
959 5434 987 5472 a
1038 5436 1099 5475 se
1145 5438 1436 5495 conspecta
1487 5445 1608 5496 esse
1656 5432 1866 5501 dicens,
1927 5452 2047 5504 quae
2095 5451 2153 5493 et

2279 680 2376 734 σὺν
2437 685 2672 756 Ζαμόλξι
2734 691 3055 758 λείποντες³
3108 698 3214 751 ὑπὸ
3248 700 3428 753 Γετῶν
3476 680 3862 773 δοξαζόμενον·

2276 772 2371 824 καὶ
2420 773 2522 828 ὅσα
2579 781 2709 849 περὶ
2766 782 2979 854 Βορρᾶν
3018 785 3201 851 αὐτοῖς
3253 790 3515 860 τεράστια
3577 772 3707 845 ίδείν
3762 796 3865 849 καὶ

2274 860 2506 919 ἀκοῦσαι
2536 870 2856 943 συνηνέχθη.

2343 956 2528 1013 Ταῦτα
2554 962 2733 1016 πάντα
2758 965 2973 1030 Δεινίας
3006 967 3149 1021 κατὰ
3171 968 3300 1041 [187
3334 970 3429 1043 Η.]
3455 972 3664 1045 Θούλην
3690 977 3862 1030 ἁκού-

2276 1068 2373 1114 σας
2435 1052 2799 1124 διηγουμένης
2833 1059 3186 1130 Δερκυλλίδος
3231 1062 3511 1131 εἰσάγεται
3540 1065 3636 1118 νῦν
3666 1068 3854 1137 ἀπαγ-

2271 1142 2477 1207 γέλλων
2520 1143 2599 1214 τῷ
2654 1146 2877 1216 Ἀρκάδι
2924 1148 3147 1220 Κύμσᾳ,
3200 1150 3323 1205 Ἐπὶ
3370 1152 3581 1219 τούτοις
3626 1156 3722 1209 καὶ
3779 1158 3860 1220 ὡς

2271 1234 2491 1298 Παάπις
2536 1235 2746 1290 διώκων
2810 1239 2927 1307 μετ’
2984 1241 3128 1309 ἴχνια
3181 1244 3310 1307 τοὺς
3361 1247 3492 1316 περὶ
3522 1249 3859 1319 Δερκυλλίδα

2271 1325 2473 1396 ἐπέστη
2522 1327 2705 1389 αὐτοῖς
2732 1330 2789 1381 ἐν
2834 1334 2899 1401 τῇ
2949 1335 3137 1405 νήσῳ,
3176 1336 3273 1391 καὶ
3317 1336 3380 1390 τὸ
3432 1339 3604 1403 πάθος
3646 1342 3859 1406 ἐκεῖνος

2268 1418 2432 1488 τέχνῃ
2470 1423 2678 1491 μαγικῇ
2723 1422 2981 1493 ἐπέθηκε,
3015 1425 3268 1498 θνήσκειν
3314 1430 3411 1500 μὲν
3445 1432 3682 1502 ἡμέρας,
3718 1435 3859 1487 ἁνα-

2268 1509 2523 1564 6ιώσκειν
2577 1511 2635 1565 δὲ
2687 1516 2879 1579 νυκτὸς
2927 1517 3332 1590 ἐπιγινομένης.
3395 1524 3507 1575 Καὶ
3562 1524 3624 1577 τὸ
3679 1527 3858 1588 πάθος

2267 1602 2453 1667 αὐτοῖς
2481 1604 2740 1676 ἐνέθηκεν
2786 1608 3074 1677 ἐμπτύσας
3115 1613 3297 1665 αὐτῶν
3351 1615 3493 1668 κατὰ
3517 1615 3576 1668 τὸ
3606 1618 3856 1685 ἐμφανὲς

2265 1696 2380 1747 τοῖν
2430 1697 2742 1766 προσώποιν
2760 1697 2801 1751 ⁸.
2836 1701 2945 1754 Καὶ
2974 1701 3049 1765 ὡς
3082 1704 3426 1775 Θρουσκανός
3452 1726 3535 1771 τις
3560 1709 3850 1779 Θουλίτης,

2265 1787 2501 1859 ἐραστὴς
2551 1788 2814 1861 διάπυρος
2862 1795 3237 1865 Δερκυλλίδος,
3304 1799 3424 1852 ἰδὼν
3455 1801 3736 1855 πεσοῦσαν
3772 1803 3852 1871 τῷ

2272 1881 2335 1933 ἐκ
2361 1882 2637 1946 Παάπιδος
2670 1884 2833 1939 πάθει
2867 1887 2966 1956 τὴν
2994 1888 3277 1959 ἐρωμένην
3306 1892 3400 1943 καὶ
3428 1893 3846 1963 ὑπεραλγήσας,

2269 1973 2465 2044 ἀθρόον
2485 1977 2584 2027 τε⁸
2638 1978 2888 2043 ἐπιστάς,
2952 1981 3103 2034 παίει
3144 1982 3287 2051 ξίφει
3334 1987 3397 2037 ἐκ
3435 1985 3528 2038 τοῦ
3570 1987 3849 2054 αἰφνιδίου

2266 2063 2358 2117 τὸν
2389 2066 2606 2121 Παάπιν
2639 2070 2734 2121 καὶ
2761 2070 2992 2140 ἀναιρεῖ,
3057 2072 3219 2127 τοῦτο
3265 2076 3418 2144 μόλις
3470 2078 3578 2129 τῶν
3630 2078 3848 2147 μυρίων

2266 2158 2491 2211 κακῶν⁶
2538 2159 2689 2223 τέλος
2739 2162 3059 2231 εὑράμενον.
3092 2167 3203 2218 Καὶ
3221 2167 3296 2230 ὡς
3328 2168 3695 2237 Θρουσκανὸς,
3723 2170 3848 2223 ἐπεὶ

2264 2250 2559 2318 Δερκυλλὶς
2605 2251 2783 2308 ἔκειτο
2816 2256 3050 2309 δοκοῦσα
3100 2260 3290 2329 νεκρὰ,
3329 2262 3519 2314 ἑαυτὸν
3571 2264 3850 2315 ἐπικατα-

2266 2342 2514 2408 σφάττει.
2541 2344 2728 2398 Ταῦτα
2753 2347 2930 2401 πάντα
2960 2350 3055 2402 καὶ
3086 2350 3291 2404 τούτων
3326 2352 3491 2423 ἕτερα
3524 2355 3695 2407 πολλὰ
3733 2373 3850 2407 πα·-

2266 2436 2562 2506 ραπλήσια,
2615 2438 2715 2507 τήν
2767 2456 2826 2490 τε
2879 2442 3052 2509 ταφὴν
3100 2441 3280 2495 αὐτῶν
3333 2445 3428 2498 καὶ
3478 2444 3577 2515 τὴν
3628 2446 3849 2500 ἐκεῖθεν

2265 2528 2689 2599 ὑπαναχώρησιν
2717 2530 2957 2593 καὶτοὺς
2990 2531 3198 2602 ἔρωτας
3232 2534 3527 2588 Μαντινίου
3545 2537 3588 2601 ⁷,
3618 2539 3715 2590 καὶ
3740 2538 3849 2593 ὅσα

2262 2620 2349 2674 διὰ
2381 2621 2540 2674 τοῦτο
2570 2623 2788 2694 συνέϐη,
2816 2626 2909 2676 καὶ
2937 2624 3099 2696 ἔτερα
3132 2628 3295 2697 ὅμοια
3328 2627 3471 2682 κατὰ
3497 2629 3707 2697 Θούλην
3739 2632 3845 2700 τὴν

2262 2710 2427 2779 νῆσον
2471 2712 2683 2775 Δεινίας
2740 2712 2929 2783 μαθὼν
3013 2716 3420 2787 μυθολογούσης
3482 2720 3847 2791 Δερκυλλίδας

2262 2801 2539 2868 είσάγεται
2590 2804 2684 2856 νῦν
2734 2807 3076 2874 συνυφαίνων
3117 2811 3183 2878 τῇ
3216 2810 3436 2880 Ἀρκάδι
3478 2811 3714 2883 Κύμϐᾳο
3745 2830 3851 2871 και

2263 2894 2675 2965 συμπληροῦται
2725 2897 2994 2970 Ἀντωνίῳ
3036 2901 3277 2967 Διογένει
3344 2902 3373 2953 ὁ
3427 2904 3671 2967 εἰκοστὸς
3726 2905 3853 2975 τρί-

2259 3001 2351 3047 τος
2426 2986 2583 3053 λόγος
2646 2986 2768 3040 Τῶν
2840 2988 2992 3055 ὑπὲρ
3051 2991 3293 3057 8015.1111-
3375 2992 3851 3063 ἐπιγραφομένων

2261 3074 2572 3139 Ἀπιστων,
2616 3079 2795 3130 καίτοι
2827 3079 3046 3150 μηδὲνῆ
3081 3080 3287 3151 βραχέα
3331 3084 3453 3136 κατ’
3499 3084 3674 3155 ἀρχὰς
3712 3085 3854 3155 περὶ

2190 3213 2235 3272 c
2265 3166 2475 3239 Θούλης
2505 3169 2606 3240 τῆς
2630 3172 2955 3243 συγγραφῆς
2980 3172 3428 3244 ὑποδηλωσάσης.

2344 3346 2403 3399 '0
2423 3346 2477 3399 δὲ
2508 3347 2749 3409 εἰκοστὸς
2805 3347 3065 3418 τέταρτος
3124 3349 3280 3421 λόγος
3338 3352 3552 3421 εἰσάγει
3586 3353 3787 3415 Ἀζουλ
3804 3370 3851 3406 ιν

2260 3438 2638 3506 διηγούμενον,
2673 3442 2927 3495 κάκεῖθεν
2953 3443 3169 3496 Δεινίαν
3192 3447 3308 3507 τοῖς
3342 3444 3655 3515 ἔμπροσθεν
3687 3448 3849 3517 αὐτῷ

2265 3531 2677 3600 μυθολογηθεῖσι
2727 3533 2863 3602 πρὸς
2916 3534 3149 3603 Κύμὸαν
3213 3536 3530 3605 συνείροντα
3562 3535 3849 3601 τὰἈζούο

2260 3621 2423 3687 λιδος,
2452 3622 2527 3685 ὡς
2551 3626 2874 3695 κατανοήσοι
2922 3626 3024 3696 τῆς
3052 3627 3307 3698 γοητείας
3330 3630 3420 3681 τὸν
3449 3628 3673 3699 τρόπον,
3717 3630 3847 3684 καθ’

2259 3715 2318 3766 ὃν
2340 3716 2555 3777 Παάπις
2587 3719 2876 3786 ἐγοήτευσε
2900 3720 3233 3787 Δερκυλλίδα
3258 3722 3353 3775 καὶ
3398 3722 3699 3776 Μαντινίαν
3755 3743 3848 3777 νυ,

2263 3808 2353 3857 xci.
2384 3806 2482 3875 μὲν
2523 3805 2732 3871 ζῶντας
2757 3811 2813 3862 ἐν
2835 3811 2944 3879 ήμέ
2957 3828 3024 3881 pa
3044 3812 3065 3842 ⁸
3097 3812 3153 3864 δέ
3179 3815 3407 3881 νεκροὺς
3431 3810 3593 3876 εἶναι,
3636 3814 3734 3867 καὶ
3769 3815 3847 3878 ὡς

2263 3896 2576 3964 ἀπήλλαξεν
2600 3901 2796 3963 αὐτοὺς
2818 3900 2912 3953 τοῦ
2932 3902 3160 3966 πάθους,
3197 3904 3285 3956 τόν
3313 3921 3374 3957 τε
3401 3905 3602 3975 τρόπον
3636 3906 3736 3974 τῆς
3763 3924 3849 3959 τι·

2263 3989 2474 4058 μωρίας
2495 3988 2698 4060 ταύτης
2714 3992 2808 4044 καὶ
2828 3992 2891 4061 δὴ
2914 3994 3005 4045 καὶ
3017 3996 3114 4063 τῆς
3136 3996 3333 4058 ἰάσεως
3360 3999 3425 4049 ἐκ
3445 3995 3540 4048 τοῦ
3584 3996 3843 4065 πηριδίου

2260 4079 2501 4150 ἀνευρὼν
2524 4082 2615 4133 τοῦ
2672 4084 2969 4150 Παάπιδος,
2997 4086 3026 4138 ὃ
3057 4088 3491 4158 συνεπεφέροντο
3535 4090 3844 4150 Μαντινίας

2259 4174 2354 4225 καὶ
2378 4174 2690 4243 Δερκυλλίς.
2711 4176 2785 4227 Οὐ
2808 4176 2965 4245 μόνον
2990 4178 3067 4240 δέ,
3087 4178 3203 4233 ἀλλ’
3221 4173 3348 4249 εὗρε
3364 4179 3458 4233 καὶ
3487 4182 3636 4242 ὅπως
3653 4182 3674 4211 ⁹
3708 4183 3843 4249 Δερη

2259 4264 2443 4328 κυλλὶς
2473 4268 2565 4319 καὶ
2632 4269 2932 4332 Μαντινίας
2983 4271 3354 4337 ἀπαλλάξειαν
3387 4272 3625 4341 μεγάλου
3660 4274 3839 4325 κακοῦ

2257 4357 2384 4418 τοὺς
2438 4358 2631 4421 τοκέας
2666 4360 2984 4429 κειμένους,
3033 4362 3127 4425 οὓς
3174 4363 3481 4435 ὑποθήκαις
3533 4365 3837 4429 Παάπιδος.

2259 4444 2379 4517 [561
2413 4448 2503 4521 IL]
2528 4450 2604 4512 ὡς
2629 4450 2695 4505 ἂν
2739 4453 2833 4505 ἐπὶ
2870 4453 2949 4526 τῷ
3007 4454 3232 4508 ἐκείνων
3286 4457 3645 4528 συμφέροντι,
3679 4460 3839 4511 αὐτοὶ

2185 4562 2227 4618 ι)
2256 4536 2618 4609 ἐλυμήναντο,
2638 4544 2729 4596 ἴσα
2746 4546 2958 4598 κεῖσθαι
2989 4550 3201 4617 νεκροῖς
3228 4550 3441 4617 μακρὸν
3470 4549 3665 4619 χρόνον
3700 4568 3837 4603 κατ-

577 4599 741 4655 esset,
768 4592 919 4661 gravi
970 4592 1267 4649 affecerant
1304 4599 1671 4668 incommodo,
1719 4619 1841 4659 cum
1871 4606 2033 4673 longo
2058 4624 2151 4666 eos

2261 4592 2637 4702 εργίισάμενοί.

2665 4632 2799 4689 Εἶτα
2847 4637 2919 4700 ὡς
2948 4640 3157 4691 ἐκεῖθεν
3174 4642 3470 4709 Δερκυλλὶς
3515 4642 3633 4712 ἅμα
3680 4644 3837 4694 Μαν-

2252 4724 2397 4792 τινίᾳ
2427 4726 2519 4777 ἐπὶ
2538 4728 2639 4796 τὴν
2664 4728 2901 4797 πατρίδα
2926 4729 3186 4784 ἔσπευδον
3218 4733 3313 4784 ἐπὶ
3334 4735 3399 4802 τῇ
3425 4732 3535 4784 τῶν
3562 4734 3837 4786 τεκόντων

2251 4815 2545 4871 ἀναϐιώσει
2574 4820 2669 4879 καὶ
2716 4822 2981 4897 σωτηρίᾳ.

2318 5074 2531 5139 Δεινίας
2556 5076 2612 5128 δὲ
2640 5075 2757 5145 ἅμα
2783 5078 3054 5150 Καρμάνῃ
3095 5081 3189 5139 καὶ
3218 5081 3503 5153 Μηνίσκῳ,
3556 5084 3830 5153 ἀποχωρι-

2250 5167 2467 5230 σθέντος
2486 5168 2669 5231 αὐτοῖς
2693 5168 3017 5235 Ἀζούλιδος,
3050 5172 3186 5241 πρὸς
3215 5174 3282 5226 τά
3305 5174 3445 5244 ὑπὲρ
3493 5173 3593 5246 τὴν
3622 5175 3830 5246 Θούλην

2247 5258 2347 5328 τὴν
2402 5258 2608 5327 πλάνην
2640 5259 2904 5323 ἐξέτεινον
2924 5278 2939 5293 '
2973 5262 3093 5316 καθ’
3116 5264 3183 5334 ἢν
3205 5264 3414 5335 πλάνην
3447 5267 3515 5320 τά
3536 5268 3679 5338 ὑπὲρ
3731 5272 3830 5334 τὴν

2248 5347 2457 5418 Θοὺλην
2484 5350 2687 5403 ἄπιστα
2718 5351 3018 5405 θεάσασθαι
3053 5354 3148 5409 νῦν
3170 5357 3532 5425 ἀπαγγέλλων
3551 5361 3830 5427 εἰσάγεται

2251 5439 2474 5512 Κύμὸᾳ,
2508 5443 2710 5517 ,ἐκεῖνα
2767 5443 2937 5514 λέγων
2971 5447 3100 5501 ίδείν
3143 5447 3291 5502 ἂκαὶ
3320 5451 3369 5503 oi
3399 5452 3497 5521 τῆς
3523 5452 3826 5523 ἁστροθεά-

1858 5590 2095 5646 νΑιιιίΕ
2136 5593 2541 5656 LECTIONES.

1250 5653 1265 5673 ο

664 5688 955 5775 ξλιπόντες
984 5692 1053 5775 ΑΣ
1084 5766 1096 5775 .
1149 5694 1574 5775 ᾗὼᾼπρόσωπον
1606 5722 1664 5767 ς.
1772 5708 1791 5736 ⁸
1820 5724 1876 5759 τε
1915 5710 2038 5763 add.
2081 5710 2145 5768 A.

2256 5715 2508 5795 ξτούτων
2538 5718 2713 5790 μόνων
2745 5720 2849 5776 τῶν
2876 5722 3077 5795 τυρίων
3114 5726 3283 5785 κακὸν
3306 5760 3373 5769 --
3401 5729 3721 5805 εὑραμένων
3762 5747 3818 5797 τη

576 5758 861 5829 ’ίΜαντίον
895 5779 953 5827 ς.
1032 5764 1054 5797 ⁸
1081 5766 1137 5819 ἐν
1176 5758 1358 5841 ἡμέρᾷ
1387 5773 1426 5825 A
1462 5791 1472 5825 :
1502 5758 1709 5845 ἡμέρας
1744 5794 1800 5839 ς.
1834 5758 1895 5810 ην
2180 5800 2191 5836 :
2219 5758 2430 5852 73(7):}:
