4090 6432
215 434 321 500 473

1242 436 1763 500 BIBLIOTHECA.
1798 467 1869 479 --
1903 440 2066 502 COD.
2097 441 2342 503 CLXVI.

3363 438 3469 503 474

222 567 384 621 μονος
417 549 619 621 τέχνης
643 548 978 603 σπουδασταὶ
1001 548 1369 613 ὑποτίθενται,
1397 546 1509 605 οἷον
1537 553 1613 616 ὡς
1642 552 1790 607 ἐστιν

1908 566 2161 610 astrorum
2195 555 2422 609 studiosi
2460 555 2655 610 docere
2702 558 2896 609 solent.
2933 555 3120 623 Qualia
3168 566 3293 611 sunt
3314 559 3457 613 ista:

219 642 382 704 ἐνίοις
425 642 652 697 δυνατὸν
688 643 831 695 κατά
884 640 1131 710 κορυφὴν
1160 640 1258 710 τὴν
1280 642 1481 713 ἄρκτον
1506 638 1668 708 εἶναι,
1699 645 1796 697 καὶ

218 735 320 805 τὴν
357 734 536 788 νύκτα
585 733 862 804 μηνιαίαν,
894 738 989 786 καὶ
1021 730 1241 785 ἔλαττον
1264 732 1321 785 δὲ
1348 734 1444 787 καὶ
1486 733 1669 799 πλέον,
1701 734 1797 789 καὶ

221 825 586 894 ἑξαμηνιαίαν
605 825 685 889 δὲ,
727 824 821 879 καὶ
844 824 906 877 τὸ
934 823 1165 893 ἔσχατον
1216 825 1556 880 ἑνιαυσιαίαν
1576 841 1591 857 ⁸
1614 828 1673 879 οὐ
1697 826 1795 897 μό-

147 923 151 926 ’
222 933 312 968 νον
338 916 518 986 δὲτὴν
550 917 720 969 νύκτα
765 916 857 968 ἐπὶ
902 915 1156 970 τοσοῦτον
1185 917 1621 985 παρατείνεσθει,
1656 917 1796 972 ἀλλά

224 1010 317 1060 καὶ
344 1006 448 1075 τὴν
494 1006 707 1076 ἡμέραν
746 1006 975 1069 ταύταις
1028 1007 1345 1076 συμϐαίνειν
1377 1008 1668 1076 ἀνάλογον·
1700 1009 1797 1062 καὶ

223 1099 386 1168 ἔτερα
412 1098 470 1150 δὲ
496 1098 825 1165 ἀπαγγέλλει
862 1099 989 1151 [δεῖν
1022 1099 1205 1167 ὃμοια.
1254 1097 1379 1170 [188
1412 1097 1501 1170 IL]
1543 1099 1654 1152 Kal.
1700 1100 1798 1153 άν-

224 1188 479 1256 θρὼπους
509 1189 565 1241 δὲ
594 1189 721 1242 ἰδεῖν
750 1190 843 1242 καὶ
862 1189 1027 1259 ἕτερά
1054 1206 1173 1241 τινα
1206 1189 1580 1258 τερατεύεται,
1613 1189 1650 1243 ἃ
1691 1208 1797 1261 μη-

226 1281 330 1342 δεὶς
392 1284 533 1352 μήτε
581 1283 709 1335 ἰδεῖν
748 1282 849 1352 ἔφη
879 1282 1016 1353 μήτε
1046 1282 1296 1343 ἀκοῦσαι,
1322 1282 1455 1335 ἀλλὰ
1484 1282 1617 1352 μηδὲ
1659 1300 1797 1351 φαν-

228 1374 445 1437 τασίαις
494 1374 904 1429 άνετυπὼσατο.
937 1375 1042 1427 Καὶ
1069 1375 1128 1428 τὸ
1147 1375 1369 1435 πάντων
1414 1376 1795 1439 ἀπιστότατον,

227 1467 305 1519 ὅτι
331 1468 696 1538 πορευόμενοι
723 1468 861 1539 πρὸς
893 1468 1100 1538 Βορρᾶν
1148 1468 1241 1520 ἐπὶ
1292 1469 1540 1539 σελήνην,
1575 1467 1651 1530 ὡς
1703 1466 1797 1520 ὲπί

224 1573 344 1608 τινα
376 1556 485 1627 γῆν
529 1559 947 1628 καθαρωτάτην,
988 1557 1213 1626 πλησίον
1264 1558 1509 1627 ἐγένοντο
1533 1597 1549 1621 ,
1589 1560 1707 1612 ἐκεῖ
1732 1576 1794 1612 τε

226 1648 514 1717 γενόμενοι
538 1650 699 1703 ῐδοιεν
724 1648 761 1703 ἃ
787 1649 933 1712 εἰκὸς
960 1644 1028 1719 ἦν
1058 1650 1185 1702 ίδεῖν
1209 1649 1303 1702 τὸν
1349 1648 1604 1719 τοιαύτην
1628 1651 1798 1721 ὑπερ-

225 1737 390 1807 ϐολὴν
424 1738 777 1808 πλασμάτων
797 1741 1311 1809 προαναπλάσαντα.
1352 1737 1485 1795 Εἶτα
1526 1742 1621 1794 καὶ
1652 1740 1728 1803 ὡς
1758 1742 1793 1811 ἡ

1898 644 2142 698 habitare
2176 641 2436 713 quosdam
2454 658 2608 711 posse
2636 643 2736 697 sub
2766 642 2888 712 polo
2914 644 3139 706 arctico,
3175 654 3227 695 et
3254 654 3465 695 noctem

1897 735 2129 789 inveniri
2184 734 2341 788 unius
2381 734 2603 798 mensis,
2659 733 2929 803 aliamque
2970 749 3075 801 qua
3141 735 3467 797 breviorem,

1901 827 2094 895 111a
2116 841 2219 894 qua
2276 826 2596 895 longiorem,
2633 836 2690 879 ut
2748 840 2840 879 sex
2886 826 3048 880 etiam
3086 828 3374 886 mensium,
3416 834 3473 879 et

1895 932 2166 971 summum
2201 917 2325 970 anni
2357 919 2515 971 unius
2567 918 2799 984 spatium
2860 927 3056 970 teneat.
3096 915 3280 986 Neque
3333 932 3464 969 vero

1896 1017 2108 1063 noctem
2159 1008 2332 1063 solum
2365 1024 2429 1062 eo
2465 1024 2634 1077 usque
2672 1010 2912 1077 produci,
2942 1008 3036 1063 sed
3096 1009 3236 1062 diem
3297 1010 3466 1061 etiam

1897 1099 2072 1169 ipsum
2097 1103 2342 1155 noctibus
2367 1102 2449 1154 his
2477 1101 2817 1170 proportione
2853 1101 3183 1169 respondere
3210 1118 3223 1154 :
3260 1099 3471 1167 aliaque

1897 1193 1949 1247 id
1976 1208 2143 1261 genus
2170 1207 2199 1245 a
2231 1208 2288 1247 se
2309 1193 2418 1247 visa
2444 1194 2672 1246 nuntiat.
2703 1193 2959 1248 Homines
2983 1196 3106 1247 item
3128 1193 3472 1261 conspexisse

1901 1299 1981 1346 se,
2045 1292 2100 1338 et
2133 1285 2377 1351 qna-dam
2411 1285 2513 1338 alia
2576 1286 2864 1348 fabulatur,
2924 1285 3101 1355 qualia
3163 1285 3468 1345 mortalium

1897 1391 2055 1431 nemo
2106 1376 2262 1442 vidit,
2316 1391 2414 1431 uec
2465 1377 2693 1441 audivit,
2750 1377 2844 1431 sed
2900 1392 2966 1430 ne
3025 1386 3202 1430 mente
3252 1376 3469 1444 quidem

1896 1468 2119 1525 emnxlt.
2153 1468 2264 1523 Hoc
2299 1480 2475 1523 autem
2505 1472 2743 1523 onminm
2769 1472 3001 1525 maxime
3027 1486 3239 1523 onmem
3259 1471 3473 1525 excedit

1895 1560 2079 1625 iidem,
2131 1563 2273 1631 quod
2342 1561 2563 1614 Boream
2624 1576 2812 1615 versus
2882 1560 3106 1630 profecti
3168 1562 3235 1614 ad
3286 1562 3469 1615 lunam

1898 1652 2139 1719 propius,
2201 1660 2453 1720 tauquam
2488 1652 2551 1703 ad
2581 1651 2919 1717 purissimam
2962 1650 3253 1720 quamdam
3302 1649 3475 1705 tellu-

1899 1756 2011 1794 rem
2046 1738 2181 1811 (26),
2230 1741 2579 1802 accesserint,
2624 1740 2967 1807 imlidemqne
3020 1753 3246 1793 cernere
3270 1749 3466 1807 potue-

226 1828 458 1887 Σίϐυλλα
485 1830 586 1898 τὴν
620 1831 888 1901 μαντικὴν
906 1831 1014 1885 ἀπὸ
1042 1830 1338 1900 Καρμάνου
1363 1829 1610 1883 ἀνέλαϐε.
1643 1829 1797 1883 Μετὰ

224 1922 280 1974 δὲ
308 1920 485 1975 ταῦτα
527 1922 609 1975 ὅτι
654 1922 820 1992 εὐχὰς
860 1922 997 1985 ιδίας
1054 1924 1282 1985 ἕκαστος
1308 1920 1529 1991 ηὔξατο,
1567 1921 1795 1982 καὶτοῖς

229 2012 326 2080 μὲν
354 2013 543 2076 ἄλλοις
575 2014 790 2084 ἑκάστῳ
822 2014 1117 2068 συνέπεσεν
1156 2014 1345 2083 ὥσπερ
1374 2013 1599 2084 ηὔξατο,
1632 2013 1796 2066 αὑτὸν

1908 2021 2225 2075 vaticinandi
2281 2033 2455 2074 artem
2506 2036 2534 2075 a
2572 2019 2845 2074 Carmane
2875 2018 3133 2073 didicisse
3184 2018 3373 2082 tradit,
3408 2031 3473 2071 ac

226 2104 279 2156 δέ
299 2121 469 2174 φησιν
501 2105 711 2158 ἐκεῖθεν
730 2105 1131 2173 ἀφυπνώσαντα
1156 2108 1238 2168 είς
1269 2103 1444 2176 Τύρον
1472 2105 1554 2167 είς
1580 2103 1672 2157 τὸν
1699 2102 1794 2155 τοῦ

1908 2123 2023 2166 vota
2055 2119 2176 2181 post
2210 2113 2310 2166 ista
2361 2126 2627 2182 quemque
2653 2126 2749 2165 sua
2806 2119 2861 2165 et
2906 2125 3095 2178 preces
3135 2109 3472 2177 concepisse,

237 2194 533 2265 Ἡρακλέος
549 2194 684 2249 νεὼν
704 2196 1014 2268 εὑρεθῆναι,
1037 2196 1248 2250 ἐκεῖθέν
1267 2214 1324 2250 τε
1360 2195 1671 2249 ἀναστάντα
1696 2196 1797 2265 τήν

1908 2213 2062 2272 atque
2091 2213 2150 2258 ut
2181 2213 2448 2271 optarant,
2477 2218 2563 2258 res
2589 2204 2711 2257 dein
2738 2202 2965 2272 singulis
2997 2201 3262 2255 cecidisse
3288 2219 3302 2255 :
3342 2199 3470 2254 hinc

227 2301 281 2338 τε
300 2286 635 2355 Δερκυλλίδα
658 2289 753 2341 καὶ
772 2289 863 2342 τὸν
893 2289 1187 2346 Μαντινίαν
1208 2294 1458 2360 ἀνευρεῖν
1484 2286 1545 2344 εὖ
1588 2308 1803 2361 πεπρα-

1908 2296 2048 2348 enim
2103 2309 2135 2349 e
2185 2310 2375 2350 somno
2431 2296 2506 2348 ait
2551 2295 2845 2349 excitatum
2896 2308 2954 2347 se
3007 2291 3135 2363 Tyri
3178 2294 3230 2346 in
3274 2290 3476 2360 templo

230 2376 388 2446 χότας
420 2380 519 2431 καὶ
544 2379 673 2444 τούς
692 2397 749 2434 τε
774 2384 953 2448 γονεῖς
990 2383 1083 2436 τοῦ
1135 2383 1346 2453 μακροῦ
1387 2382 1803 2447 ἁπαλλάξαντας

1908 2386 2153 2441 llerculis
2209 2386 2323 2457 (27)
2360 2396 2679 2453 repertum:
2744 2386 2884 2440 unde
2931 2401 3053 2439 cum
3114 2386 3467 2447 surrexisset,

231 2466 420 2533 ὕπνου,
463 2471 664 2540 μᾶλλον
692 2472 748 2525 δὲ
776 2472 1019 2543 ὀλέθρου,
1062 2477 1157 2530 καὶ
1199 2472 1370 2530 τᾶλλα
1416 2476 1803 2547 εὐδαιμονοῦν-

1909 2478 2079 2548 ipsam
2112 2494 2323 2548 quoque
2356 2478 2651 2549 Dert-yllida
2688 2487 2741 2531 et
2792 2478 3112 2530 Mantiniam
3176 2477 3474 2545 reperisse,

232 2574 341 2619 τας·
1911 2584 2030 2623 cum
2057 2579 2249 2624 caetera
2299 2569 2437 2623 belle
2484 2572 2742 2623 hactenus
2799 2570 2999 2638 egisse,
3061 2579 3169 2621 tum
3228 2577 3479 2638 parentes

235 2668 413 2709 sitose
446 2655 610 2723 longo
638 2654 729 2709 illo
756 2656 871 2710 sive
919 2671 1133 2724 somno,
1162 2659 1277 2714 sive
1327 2659 1551 2714 interitu
1610 2660 1813 2728 potius,
1865 2660 2097 2716 feliciter
2145 2664 2415 2717 excitasse
2444 2662 2556 2730 (28)
2589 2662 2913 2730 beatamque
2967 2662 3124 2715 modo
3182 2659 3236 2713 iu
3300 2662 3479 2712 0mm-

235 2745 327 2798 bus
354 2746 525 2798 vitam
549 2748 764 2803 ducere.

294 2836 486 2890 Ταῦτα
508 2836 711 2909 Κύμϐᾳ
729 2838 940 2904 Δεινίας
962 2840 1039 2894 διε
1048 2841 1400 2913 μυθολόγησε,
1422 2844 1517 2897 καὶ
1536 2860 1805 2915 κυπαριτ-

1976 2845 2098 2899 Haec
2130 2842 2345 2914 Cymba:
2379 2843 2566 2897 Dinias
2610 2842 2859 2896 fabulose
2898 2841 3109 2901 retulit,
3149 2838 3482 2908 prolatisque

230 2929 383 2992 τίνας
439 2930 660 2992 δέλτους
724 2932 1073 3002 προενεγκὼν
1132 2936 1407 3006 ἐγγράψαι
1463 2935 1663 2999 ταύτας
1713 2937 1806 2989 τὸν

1908 2935 2236 3004 cupressinis
2293 2933 2515 2995 tabulis,
2556 2932 2853 2985 inscribere
2922 2945 3019 2985 eas
3077 2929 3233 2997 jubet
3293 2929 3479 2982 Erasi-

242 3021 532 3091 Ἀθηναῖον
598 3022 939 3095 Ἐρασινίδην
977 3026 1022 3057 ’⁸
1070 3028 1430 3097 συνεπόμενον
1473 3027 1552 3098 τῷ
1606 3027 1807 3099 Κύμϐᾳ

1908 3029 2084 3083 nidem
2111 3027 2513 3089 Atheniensem,
2546 3023 2762 3095 Cymbze
2821 3022 3097 3085 comitem,
3175 3020 3484 3073 litterarum

233 3106 322 3181 (ἦν
352 3112 468 3184 γὰρ
504 3114 755 3184 τεχνίτης
794 3115 988 3187 λόγων)
1036 3118 1491 3185 παρεκελεύσατο.
1528 3118 1807 3183 ’Υπέδειξε

1908 3136 2014 3175 non
2046 3120 2374 3188 imperitum.
2401 3116 2648 3172 Ostendit
2668 3115 2832 3169 etiam
2861 3114 2992 3182 ipsis
3006 3112 3303 3181 Dercyllida
3338 3110 3486 3179 (hac

234 3205 291 3257 δὲ
338 3206 530 3268 αὐτοῖς
578 3209 673 3261 καὶ
709 3207 807 3278 τὴν
845 3210 1206 3280 Δερκυλλίδαο
1238 3210 1377 3282 αὕτη
1422 3212 1532 3282 γὰρ
1579 3211 1672 3265 καὶ
1712 3210 1807 3274 τάς

1913 3210 2055 3264 enim
2085 3207 2430 3277 cnpressinas
2461 3206 2581 3260 illas
2640 3204 2852 3259 tabulas
2904 3201 3106 3271 attulit)
3158 3201 3487 3271 Cymbzeque

1898 1834 2091 1886 rintea
2144 1848 2263 1899 qua».
2293 1832 2494 1885 vidisse
2519 1846 2619 1901 par
2670 1841 2753 1884 est
2791 1848 2913 1885 eun:
2957 1832 3045 1899 qui
3084 1846 3258 1898 nugas
3286 1829 3476 1894 hujus-

1900 1924 2041 1979 modi
2065 1940 2222 1992 supra
2255 1924 2411 1977 [idem
2460 1922 2799 1976 confinxerit.
2836 1922 2915 1975 Ad
2973 1923 3086 1975 lucc
3124 1933 3177 1975 ct
3210 1919 3470 1988 Sibyllam

238 3296 642 3365 κυπαριττίνας
696 3299 916 3363 δέλτους
971 3301 1189 3372 ἦνεγκε.
1250 3302 1560 3373 Προσέταξέ
1618 3318 1679 3354 τε
1734 3301 1812 3371 τῷ

239 3385 444 3458 Κύμϐᾳ
478 3387 606 3457 δίχα
634 3390 805 3443 ταῦτα
831 3391 900 3444 τά
941 3391 1470 3463 διαμυθολογηθέντα
1498 3393 1812 3465 ἀναγράψα-

238 3477 381 3541 σθαι,
414 3480 513 3531 καὶ
541 3478 772 3550 θατέραν
803 3481 903 3550 μὲν
931 3482 1040 3535 τῶν
1069 3482 1267 3537 δέλτων
1297 3485 1459 3537 αὐτὸν
1507 3484 1671 3553 ἔχειν,
1714 3484 1813 3555 τὴν

237 3569 431 3639 ἑτέραν
463 3570 549 3634 δὲ,
578 3570 699 3623 καθ’
725 3572 784 3623 δν
813 3573 1059 3644 ἁποϐιῴη
1111 3574 1320 3645 καιρὸν,
1351 3576 1451 3646 τὴν
1484 3576 1812 3646 Δερκυλλίδα

238 3659 466 3727 πλησίον
495 3661 592 3713 τοῦ
618 3661 791 3730 τάφου
820 3663 1061 3735 κιϐωτίῳ
1093 3665 1436 3734 ἐμϐαλοῦσαν
1471 3666 1807 3722 καταθεῖναι.

316 3750 377 3806 '0
404 3752 542 3820 γοῦν
571 3754 612 3787 ¹⁸
633 3756 908 3827 Διογένης,
933 3758 961 3810 ὁ
985 3758 1078 3810 καὶ
1110 3757 1414 3825 Ἀντώνιος,
1436 3759 1610 3812 ταῦτα
1636 3761 1814 3813 πάντα

238 3846 450 3899 Δεινίαν
502 3848 813 3917 εἰσαγαγὼν
856 3850 993 3920 πρὸς
1036 3851 1269 3921 Κύμϐαν
1312 3853 1813 3922 τερατευσάμενον,

241 3940 387 4007 ὅμως
416 3941 627 4010 γράφει
649 3943 925 4012 Φαυστίνῳ
952 3945 1033 3997 ὃτι
1060 3961 1119 3996 τε
1151 3943 1435 3997 συντάττει
1470 3946 1514 3976 ⁸⁸
1550 3945 1677 4014 περ).
1708 3944 1816 3997 τῶν

242 4031 379 4101 ὑπὲρ
403 4031 621 4102 Θούλην
647 4034 915 4099 ἀπίστων,
960 4037 1056 4088 καὶ
1102 4036 1183 4089 ὅτι
1212 4038 1276 4105 τῇ
1317 4036 1518 4106 ἀδελφῇ
1566 4035 1815 4105 Ἰσιδώρᾳ

241 4125 563 4195 φιλομαθῶς
592 4127 789 4198 ἐχούσῃ
818 4128 886 4181 τὰ
921 4129 1174 4198 δράματα
1208 4132 1537 4199 προσφωνεῖ.
1566 4128 1727 4194 Λέγει
1760 4128 1817 4179 δὲ

243 4217 433 4270 ἑαυτὸν
462 4219 550 4269 ὅτι
582 4220 813 4290 ποιητής
854 4220 969 4271 ἐστι
1001 4219 1288 4301 κωμῳδίας
1329 4220 1583 4283 παλαιᾶς,
1612 4222 1705 4271 καὶ
1735 4220 1815 4272 ὅτι

243 4311 290 4361 εἰ
318 4310 413 4362 καὶ
464 4310 676 4364 ἄπιστα
727 4310 1017 4381 καὶψευδῆ
1063 4312 1310 4376 πλάττοι,
1344 4311 1457 4364 ἀλλ’
1484 4308 1578 4365 οὖν
1625 4311 1736 4380 ἔχει
1772 4310 1817 4342 ¹³

246 4404 371 4472 περὶ
397 4403 512 4455 τῶν
538 4401 805 4455 πλείστων
828 4401 976 4471 αὐτῷ
1006 4402 1483 4472 μυθολογηθέντων
1514 4403 1557 4435 ⁸⁸
1590 4406 1815 4474 ἀρχαιο-

244 4494 418 4563 τέρων
466 4494 796 4564 μαρτυρίας,
823 4492 883 4558 ἐξ
926 4488 1001 4547 ὧν
1051 4494 1147 4547 σὺν
1172 4496 1403 4563 καμάτῳ
1443 4494 1614 4547 ταῦτα
1649 4511 1815 4547 συναρ

1914 3302 2189 3371 negatiutu
2230 3300 2401 3366 dedit,
2436 3308 2493 3352 ut
2543 3299 2745 3365 duplici
2791 3296 3047 3365 exemplo
3097 3294 3177 3349 eis
3226 3294 3487 3347 hactenus

1914 3402 2129 3447 narrata
2173 3391 2641 3445 inscriberentur:
2674 3399 2730 3443 et
2759 3388 2985 3443 alteram
3019 3386 3238 3456 quidem
3263 3382 3489 3438 tabella-

1914 3498 2031 3536 rum
2066 3482 2157 3536 ille
2190 3496 2356 3548 penes
2384 3496 2442 3534 se
2487 3481 2750 3533 haberet:
2803 3480 3030 3532 alteram
3070 3492 3199 3530 vero
3255 3476 3480 3545 Dercyl-

1915 3574 2019 3626 lida
2059 3589 2179 3626 cum
2207 3586 2239 3627 ε
2276 3573 2384 3626 vita
2438 3572 2783 3636 decessisset,
2817 3584 2915 3625 suo
2937 3569 2989 3623 in
3017 3567 3221 3622 tumulo
3254 3565 3490 3636 capsula:

1914 3666 2221 3735 impositam
2261 3665 2675 3719 collocaturatn.

1986 3757 2253 3826 Diogenes
2294 3757 2484 3823 igitur,
2540 3757 2790 3823 idemque
2828 3753 3117 3815 Antonius,
3179 3752 3270 3823 qui
3326 3751 3493 3806 hasce

1915 3862 2101 3904 omnes
2143 3848 2397 3917 prodigiis
2427 3848 2632 3901 similes
2652 3847 2860 3900 fabulas
2894 3847 3101 3900 Diniam
3124 3845 3494 3913 facitCymbte

1917 3951 2250 4003 narrantem,
2290 3940 2548 3993 Faustino
2594 3949 2770 3992 tamen
2819 3939 3008 3993 scribit
3049 3957 3061 3992 :
3100 3937 3176 3991 De
3212 3937 3497 3989 incredibi—

1916 4034 2050 4088 libus
2088 4047 2168 4095 se,
2203 4048 2321 4098 mue
2346 4032 2491 4084 ultra
2525 4028 2727 4083 Thulen
2767 4039 2955 4093 essent,
2984 4029 3245 4088 scribere,
3290 4035 3345 4079 et
3395 4024 3495 4076 lsi-

1917 4129 2062 4181 done
2089 4125 2279 4186 sorori,
2317 4124 2510 4176 litteris
2570 4138 2692 4175 cum
2749 4121 2942 4191 primis
2972 4120 3187 4182 dedilaa,
3218 4119 3331 4171 haec
3381 4118 3495 4183 ipsa

1916 4216 2186 4269 dedicare.
2248 4211 2453 4265 Veteris
2521 4222 2782 4278 prteterea
2828 4209 3107 4263 comoedia:
3181 4216 3390 4276 poetam
3436 4219 3497 4256 se

1919 4304 2235 4371 proﬁtetur:
2272 4301 2476 4354 aclicet
2501 4299 2652 4365 falsa,
2678 4312 2849 4366 eaque
2877 4295 3214 4351 incredibilia
3259 4292 3496 4357 ﬁnxerit,

1920 4394 2117 4447 habere
2152 4402 2331 4447 tamen
2358 4392 2427 4447 de
2460 4392 2543 4445 his
2584 4390 2718 4458 ipsis
2746 4388 2944 4443 fabulis
2987 4396 3149 4442 testes
3170 4385 3325 4452 longe
3356 4382 3496 4433 auti-

1918 4487 2160 4553 quiores,
2196 4500 2226 4538 e
2260 4499 2488 4553 quorum
2513 4483 2729 4550 scriptis
2762 4496 2975 4534 summo
3000 4480 3115 4533 hmc
3151 4478 3334 4530 labore
3365 4487 3498 4526 cou-

247 4585 483 4655 θροίσειε
512 4602 527 4616 ο
560 4588 851 4655 προτάττει
883 4586 939 4639 δὲ
958 4586 1055 4640 καὶ
1072 4587 1303 4639 ἑκάστου
1341 4586 1543 4655 βιϐλίου
1572 4588 1694 4648 τοὺς
1723 4587 1807 4639 ἄν⁴

1920 4578 2119 4633 tulerit.
2158 4578 2393 4647 Singulis
2431 4577 2623 4630 deinde
2660 4575 2814 4629 libris
2846 4583 3097 4627 auctores
3135 4570 3339 4630 laudat,
3393 4564 3489 4635 qui

248 4676 375 4746 δρας
403 4678 455 4730 οἳ
489 4675 562 4730 τὰ
613 4677 837 4730 τοιαῦτα
889 4680 1366 4748 προαπεφήναντο,
1411 4678 1487 4741 ὡς
1535 4679 1608 4749 μὴ
1649 4678 1824 4731 δοκεῖν

254 4768 562 4837 μαρτυρίας
586 4768 843 4837 χηρεύειν
875 4770 944 4822 τά
978 4769 1201 4824 ἄπιστα.
1253 4768 1568 4838 Ἐπιστολὴν
1604 4767 1703 4836 μὲν
1731 4762 1824 4818 οὖν

253 4862 368 4913 κατ’
403 4861 585 4930 ἀρχὰς
633 4861 727 4913 τοῦ
771 4860 974 4929 βιϐλίου
1009 4864 1211 4931 γράφει
1260 4861 1399 4931 πρὸς
1443 4859 1541 4932 τὴν
1591 4858 1824 4927 ἀδελφὴν

264 4950 564 5021 Ἱσιδώραν,
592 4952 660 5005 δι’
680 4948 747 5023 ἧς
773 4954 819 5004 εἰ
847 4953 888 4984 ³⁸
914 4954 1006 5006 καὶ
1032 4955 1129 5022 τὴν
1150 4952 1536 5024 προσφώνησιν
1560 4950 1695 5019 αὐτῇ
1716 4948 1826 5001 τῶν

257 5042 708 5113 συγγραμμάτων
733 5043 1006 5097 δείκνυται
1035 5044 1419 5114 πεποιημένος,
1446 5042 1559 5095 ἀλλ’
1591 5035 1684 5093 οὖν
1710 5039 1825 5091 εἰσ-

1924 4671 2113 4724 eadem
2163 4680 2319 4724 antea
2366 4670 2418 4723 in
2452 4670 2659 4723 litteras
2696 4668 2961 4729 miserint,
3005 4679 3068 4717 ue
3116 4671 3251 4716 teste
3281 4658 3492 4711 scilicet

1924 4761 2119 4815 idoneo
2186 4775 2372 4814 carere
2425 4761 2589 4813 etiam
2650 4757 2986 4811 incredibilia
3028 4754 3111 4807 illa
3163 4751 3496 4804 viderentur.

1924 4851 2045 4919 ipso
2079 4850 2243 4921 igitur
2304 4851 2482 4917 operis
2559 4850 2713 4903 initio
2760 4847 3042 4916 epistolam
3105 4844 3171 4896 ad
3236 4841 3496 4894 lsidoram

1923 4957 2164 4997 sororem
2190 4942 2398 5006 scribit,
2430 4956 2533 5011 qua
2581 4941 2709 4994 licet
2743 4941 2845 4993 hoc
2878 4936 3070 5006 ιιιὺ
3137 4933 3211 4987 illi
3253 4932 3502 4984 volumen

1924 5033 2243 5103 inscriptum
2284 5048 2406 5088 esse
2468 5031 2740 5097 ostendat,
2790 5029 3072 5098 Balagrutn
3110 5025 3279 5081 nihilo
3325 5022 3505 5077 secius

1596 5173 1756 5230 VARI
1768 5172 1831 5228 ΑΞ
1861 5170 2160 5226 LECTION
2166 5169 2271 5225 ES.

324 5270 366 5301 "
400 5269 745 5339 Ἐρασινίδην
769 5268 1021 5337 άθηναῖον
1053 5271 1139 5339 Α,
1197 5269 1240 5300 ¹¹
1268 5266 1420 5337 γοῦνι
1442 5266 1613 5339 γὰρᾼ
1640 5265 1854 5318 :utaliut
1882 5263 1929 5317 δ’
1959 5258 2072 5315 οὖν.
2143 5264 2187 5295 ³³
2216 5263 2491 5317 συντάττω
2523 5261 2590 5323 Α.
2666 5260 2711 5294 ¹³
2732 5258 2844 5330 ἔχοι
2868 5275 2929 5324 ς.
3007 5256 3053 5290 ⁸⁸
3083 5249 3427 5327 μυθολ.αύτῷ
3444 5266 3508 5314 ς.

262 5336 564 5394 addendum
596 5336 721 5393 ante
755 5356 1045 5407 pronomen
1075 5338 1205 5394 τῶν.
1286 5340 1327 5372 ¹⁵
1357 5336 1540 5391 είοιιι.
1569 5336 1637 5392 Α.

1744 5444 1977 5501 ΝΟΤᾸΞ.

334 5549 447 5616 (26)
474 5547 718 5601 llahltari
747 5550 799 5601 in
833 5548 981 5609 luna,
1010 5561 1236 5615 eamque
1264 5560 1385 5601 esse
1446 5553 1645 5616 terram
1682 5540 1823 5594 ntul-

267 5612 439 5671 tarum
466 5618 680 5672 urbium
735 5630 788 5671 et
818 5619 1074 5670 montium
1115 5612 1248 5669 dixit
1289 5618 1414 5669 olim
1445 5612 1825 5681 XenOphanes,

266 5697 321 5741 ut
355 5689 513 5741 t-elcrl
543 5687 681 5749 Cic..
717 5687 881 5740 Acad.
912 5684 1136 5749 Quwst.,
1166 5696 1356 5749 quaest.
1384 5686 1437 5738 4.

2008 5539 2120 5609 (28)
2154 5540 2347 5595 Herhis
2393 5540 2557 5593 etiam
2612 5537 2959 5609 hominesad
3022 5534 3186 5609 vitam
3224 5537 3510 5609 revocatos

1937 5602 2212 5663 fabulatur
2243 5609 2380 5664 Plin.
2432 5610 2525 5662 lib.
2559 5623 2683 5675 xxv,
2715 5623 2831 5673 cap.
2856 5608 2912 5669 (Ξ,
2944 5614 2999 5659 et
3029 5603 3278 5672 Apollud.
3320 5602 3421 5675 ⁸ΙίΙ).
3450 5615 3508 5653 ιιι

1940 5678 2196 5739 Βὶὸιίοιιι.
2231 5681 2494 5734 Glaucum
2519 5671 2715 5739 Minois
2742 5671 2909 5739 lilium
2944 5676 3021 5733 sic
3049 5671 3266 5745 quoque
3284 5671 3406 5725 vita:
3425 5686 3512 5723 re-

338 5758 447 5821 (27)
478 5756 611 5811 Vide
664 5758 906 5822 Arrium,
941 5758 1122 5822 Cum,
1164 5756 1347 5826 Greg.,
1392 5752 1615 5823 Gyrald.
1640 5751 1705 5807 de
1727 5750 1829 5805 hoc
1939 5754 2186 5807 stitulmn
2224 5752 2408 5804 refert.

270 5824 515 5894 Hercule.
