4090 6474
648 436 755 503 479

1808 429 2074 490 PHOTlI
2104 428 2605 490 PATRIARCH/E
2640 432 2749 491 CP.
3847 426 3941 490 480

650 552 877 608 loribtts.
925 546 1010 606 1⁸7.
1062 550 1140 607 De
1194 548 1451 605 mistione
1514 556 1567 601 et
1621 555 2074 614 temperamento.
2130 542 2219 595 18.

2328 543 2616 609 κινήσεως.
2654 541 2911 595 Είκοστὸν
2954 540 3012 595 δὲ
3071 541 3199 611 περὶ
3237 538 3537 608 γενέσεως
3582 536 3686 589 καὶ
3724 534 3941 607 φθορᾶς,

659 644 731 696 lie
755 657 945 707 vacuo,
976 643 1115 706 loco,
1149 652 1205 696 et
1227 640 1423 707 spatio.
1456 639 1543 692 19.
1582 637 1655 693 De
1686 647 1854 690 motu.
1882 635 1977 689 20.
2006 634 2079 687 De
2101 642 2225 687 ortu

659 746 826 803 atque
846 734 1090 788 interittr.
1115 733 1207 790 2i.
1231 732 1307 786 De
1332 734 1566 794 mundo;
1592 739 1668 791 et,
1685 729 2043 782 Animatusne
2070 726 2144 779 sit
2163 740 2227 781 ac

657 823 1003 879 Providentia
1033 835 1274 894 regatur,
1308 833 1472 892 atque
1494 821 1581 875 ubi
1617 819 1973 888 principatum
2004 818 2224 883 habeat,

655 927 710 970 et
753 919 895 972 unde
948 918 1241 972 nutriatur.
1276 916 1369 970 22.
1424 915 1497 968 De
1542 912 1727 967 mundi
1775 912 2010 977 ordine;
2046 918 2101 964 et
2144 911 2226 963 Aa

657 1024 822 1062 unum
868 1009 941 1063 sit
981 1010 1313 1063 universum.
1348 1008 1440 1063 25.
1472 1005 1545 1059 De
1578 1006 1700 1061 cceli
1736 1014 1928 1058 natura
1978 1017 2043 1058 ac
2088 1002 2227 1057 divi—

652 1101 828 1154 sione.
875 1100 967 1154 ει.
1004 1099 1081 1154 De
1112 1101 1350 1155 siderum
1395 1109 1607 1162 natura,
1637 1100 1830 1167 iigura,
1856 1106 2028 1159 motu,
2054 1094 2227 1165 signi-

658 1192 927 1247 ﬁcatione.
976 1193 1069 1248 25.
1126 1192 1201 1246 De
1269 1193 1399 1247 solis
1451 1202 1667 1255 natura,
1720 1189 2111 1258 magnitudine,
2166 1186 2230 1240 li-

655 1300 810 1351 gura,
867 1286 1333 1349 conversionibus,
1411 1283 1664 1346 defectu,
1721 1284 1891 1353 signis
1941 1290 1998 1336 et
2054 1287 2225 1333 motu.

653 1376 744 1427 ‘26.
802 1376 876 1431 De
929 1376 1069 1431 luna:
1106 1387 1319 1441 natura,
1356 1377 1744 1446 magnitudine,
1789 1378 1956 1445 ligura
2001 1385 2055 1429 et
2105 1374 2229 1427 illu-

655 1468 937 1531 stratione,
1007 1470 1179 1537 deque
1221 1468 1429 1538 eclipsi,
1473 1469 1713 1537 ejusdem
1780 1466 2063 1521 intervallo
2093 1466 2225 1538 (42),

657 1574 722 1611 ac
752 1560 940 1626 signis.
972 1558 1060 1612 27.
1091 1560 1164 1613 De
1193 1559 1361 1613 lactea
1404 1561 1510 1614 via.
1540 1559 1631 1613 28.
1668 1559 1739 1613 De
1768 1561 2015 1622 cometis,
2050 1566 2230 1614 trans-

656 1650 963 1704 volantibus
1016 1651 1210 1716 stellis,
1257 1665 1321 1706 ac
1376 1652 1669 1706 similibus.
1709 1650 1801 1705 29.
1834 1651 1907 1706 De
1953 1653 2227 1718 tonitruis,

655 1741 975 1808 fulguribus,
1013 1742 1351 1806 fulminibus,
1391 1743 1563 1812 igneis
1592 1744 1922 1808 turbinibus,
1952 1753 2007 1798 et
2041 1744 2230 1815 typho-

653 1830 813 1885 nibus
840 1831 974 1902 (45).
1005 1832 1095 1887 50.
1151 1834 1225 1889 De
1270 1833 1432 1897 iride,
1483 1834 1549 1890 de
1592 1848 1823 1900 corona,
1889 1837 2116 1904 parelio,
2164 1852 2229 1891 ac

534 1970 546 1980 .
649 1924 836 1992 virgis.
873 1925 961 1979 51.
999 1925 1127 1980 Item
1178 1926 1244 1980 de
1280 1925 1538 1992 nubibus,
1564 1927 1782 1993 nebula,
1818 1927 2037 1996 pluviis,
2085 1944 2225 1995 rore,

650 2015 804 2082 nive,‘
844 2018 1058 2085 pruina,
1109 2029 1165 2072 et
1214 2019 1499 2088 grandine.
1545 2019 1638 2074 52.
1688 2020 1760 2073 De
1791 2022 1988 2074 ventis.
2035 2020 2120 2074 55.
2156 2022 2228 2075 De

652 2118 797 2161 terra
836 2124 850 2161 :
880 2108 1023 2162 sitne
1066 2125 1194 2171 una,
1225 2121 1281 2164 et
1314 2112 1485 2165 ﬁnita.
1518 2111 1606 2165 54.
1637 2111 1863 2176 Quantae
1898 2113 2226 2181 magnitudi-

650 2198 736 2251 nis
769 2208 909 2252 terra
933 2200 1026 2263 sit,
1068 2200 1242 2268 deque
1276 2202 1394 2268 ejus
1442 2203 1571 2256 situ.
1602 2203 1695 2257 55.
1746 2204 1819 2258 De
1854 2204 2020 2274 ligura
2058 2205 2227 2272 ipsius

651 2301 831 2344 terrae.
858 2292 949 2345 56.
988 2291 1193 2346 Fixaue
1219 2302 1359 2347 terra
1394 2293 1467 2348 sit
1512 2307 1676 2364 atque
1718 2294 1965 2359 immota,
2009 2311 2075 2348 an
2113 2312 2229 2349 mo-

651 2383 796 2438 bilis.
834 2386 924 2439 57.
961 2386 1034 2440 De
1079 2400 1239 2442 terra:
1288 2396 1455 2442 motu.
1506 2388 1600 2445 58.
1645 2390 1719 2443 De
1772 2390 1939 2453 mari;
1988 2405 2225 2456 quonam

652 2487 809 2542 pacto
849 2487 1016 2532 aestus
1041 2477 1156 2546 ejus
1182 2480 1358 2534 ‘modo
1393 2484 1632 2545 recedat,
1668 2482 1826 2536 modo
1861 2484 2102 2536 accedat.
2136 2480 2224 2535 59.

655 2570 727 2622 lie
754 2571 930 2638 aquis.
968 2571 1060 2625 40.
1104 2570 1179 2626 De
1218 2574 1491 2628 universo.
1522 2574 1612 2629 41.
1651 2574 1723 2629 De
1763 2586 1983 2636 natura,
2017 2574 2225 2629 causis-

650 2674 756 2725 que
785 2675 852 2714 ex
888 2674 950 2714 ea
990 2663 1146 2716 ortis.
1181 2663 1268 2716 42.
1313 2664 1386 2717 De
1425 2665 1780 2718 auimantimn
1834 2667 2210 2735 generatione,

650 2752 974 2821 «aderisque
1000 2752 1135 2824 (44).
1168 2753 1259 2808 45.
1289 2756 1433 2821 Quot
1466 2758 1574 2809 sint
1602 2757 1955 2809 animantium
1988 2770 2224 2824 genera:

650 2853 727 2906 et,
759 2844 840 2897 An
882 2846 1064 2898 omnia
1107 2847 1317 2900 ratione
1380 2862 1653 2915 sensuque
1712 2847 1970 2915 praadita?
2017 2847 2111 2901 44.
2156 2848 2228 2900 De

652 2949 849 2988 somno
877 2945 931 2989 et
967 2947 1161 2990 morte.
1210 2936 1301 2991 45.
1345 2935 1420 2991 De
1447 2938 1705 3006 stirpibus
1734 2937 1865 3008 (45).
1894 2939 1983 2992 46.
2020 2941 2090 2991 De
2114 2940 2231 2991 ani-

652 3027 917 3079 mantium
965 3029 1320 3091 nutrimento,
1371 3030 1677 3097 edendique
1727 3030 1989 3097 appetitu.
2029 3029 2117 3083 47.
2153 3030 2228 3083 De

653 3129 843 3172 natura
883 3120 1141 3175 hominis.
1176 3122 1265 3176 48.
1306 3125 1380 3175 De
1415 3134 1613 3177 mente.
1645 3122 1733 3177 49.
1770 3123 1845 3176 De
1878 3124 2057 3175 anima
2091 3123 2224 3192 (46).

2326 634 2457 702 περὶ
2489 634 2717 703 κόσμου,
2744 632 2840 685 καὶ
2871 633 2919 684 εί
2946 631 3190 701 ἔμψυχος
3215 632 3312 684 καὶ
3354 628 3613 700 προνοίᾳ
3648 628 3944 697 διοικούμε-

2327 739 2436 786 νος,
2462 725 2558 779 xai.
2590 722 2695 777 ποῦ
2739 723 2853 794 ἔχει
2894 724 2955 777 τὸ
2988 724 3336 793 ἡγεμονικὸν,
3371 722 3482 776 καὶ
3536 721 3715 773 πόθεν
3764 722 3943 793 τρέφε-

2326 830 2451 868 ται·
2486 815 2617 886 περὶ⁵
2664 815 2871 882 τάξεως
2911 814 3007 869 τοῦ
3038 816 3246 886 κόσμου
3269 833 3284 848 ·
3318 816 3375 869 εί
3409 814 3477 866 ἓν
3518 813 3585 867 τὸ
3637 813 3752 866 πᾶν
3774 833 3787 845 ⁸
3823 817 3941 884 περὶ

2327 908 2428 977 τῆς
2458 907 2690 980 οὐρανοῦ
2746 909 2935 973 οὐσίας
2988 908 3084 963 καὶ
3131 908 3514 977 διαιρέσεωςο
3570 908 3709 976 περὶ
3764 907 3940 969 οὐσίας

2328 998 2544 1070 ἄστρων
2574 999 2670 1053 καὶ
2696 1000 2991 1069 σχημάτων
3014 999 3283 1070 κινήσεώς
3307 1016 3375 1052 τε
3404 1000 3512 1053 καὶ
3539 998 3936 1066 ἐπισημασίας

2329 1094 2458 1161 περὶ
2491 1091 2678 1156 οὐσίας
2737 1092 2883 1163 ἡλίου
2924 1094 3019 1146 καὶ
3072 1093 3338 1163 μεγέθους
3399 1092 3711 1163 σχήματός
3755 1108 3815 1144 τε
3852 1094 3938 1145 καὶ

2328 1184 2547 1254 τροπῶν
2584 1184 2678 1238 καὶ
2708 1183 3005 1255 ἐκλείψεως
3034 1185 3129 1237 καὶ
3173 1186 3434 1256 σημείων
3478 1186 3585 1239 καὶ
3636 1185 3934 1256 κινήσεως

2331 1276 2459 1345 περὶ
2483 1275 2715 1347 σελήνης
2760 1276 3242 1352 οὐσίαςιμσγέθους
3294 1277 3400 1330 καὶ
3451 1278 3757 1346 σχήματος
3785 1294 3939 1346 φωτι-

2331 1367 2485 1440 σμῶν
2511 1387 2594 1434 τε,
2627 1371 2717 1423 καὶ
2756 1368 2887 1441 περὶ
2930 1369 3222 1439 ἐκλείψεως
3268 1371 3372 1424 καὶ
3404 1371 3724 1441 ἐμφάσεως
3755 1370 3817 1434 ³⁸,
3849 1372 3934 1424 καὶ

2330 1461 2461 1531 περὶ
2491 1461 2894 1530 ἀποστημάτων
2938 1460 3033 1513 καὶ
3077 1460 3323 1532 σημείων
3352 1475 3370 1491 ⁸
3430 1461 3577 1530 περὶ
3626 1458 3931 1528 γάλακτος·

2330 1556 2458 1625 περὶ
2502 1554 2757 1624 κομητῶν
2811 1554 2905 1608 καὶ
2958 1553 3283 1607 διαττόντων
3335 1552 3588 1607 καὶτῶν
3636 1554 3890 1606 τοιούτων
3916 1569 3929 1583 ⁸

2330 1647 2461 1719 περὶ
2495 1648 2755 1719 βροντῶν,
2804 1647 3124 1718 ἀστραπῶν,
3186 1645 3514 1717 κεραυνῶν,
3578 1647 3929 1717 πρηστήρων,

2326 1739 2612 1810 τυφώνων.
2641 1741 2976 1810 Τριακοστὸν
2999 1740 3059 1794 δὲ
3088 1740 3217 1809 περὶ
3252 1739 3457 1810 ἴριδος,
3516 1739 3657 1810 περὶ
3689 1739 3805 1792 ἅλω
3845 1741 3929 1791 καὶ

2261 1888 2302 1942 Β
2331 1832 2600 1903 παρηλίου
2627 1832 2723 1886 καὶ
2765 1832 2998 1903 ῥάϐδων,
3032 1833 3123 1886 καὶ
3146 1832 3209 1903 δὴ
3254 1834 3353 1889 καὶ
3393 1832 3539 1903 περὶ
3572 1830 3782 1896 νεφῶν,
3812 1831 3925 1901 ὁμί-

2329 1925 2483 1996 χλης,
2520 1924 2709 1989 ὑετῶν,
2732 1924 2945 1995 δρόσου,
2981 1924 3179 1994 χιόνος,
3210 1926 3455 1995 πάχνης,
3491 1924 3747 1994 χαλάζης
3766 1941 3779 1955 ·
3806 1924 3927 1994 mpi

2327 2018 2583 2087 ἀνέμων
2636 2017 2763 2087 περὶ
2791 2017 2914 2087 γῆς,
2964 2019 3014 2069 εί
3066 2017 3163 2087 μία
3200 2017 3297 2071 καὶ
3341 2016 3804 2087 πεπερασμένηο
3843 2016 3926 2069 καὶ

2332 2106 2485 2180 [περὶ
2512 2106 2579 2181 ιι]
2629 2108 2784 2161 ποίου
2837 2106 3120 2177 μεγέθους,
3154 2110 3248 2161 καὶ
3280 2108 3418 2179 περὶ
3477 2107 3695 2170 Θέσεως
3741 2107 3919 2175 αὐτῆς,

2328 2202 2423 2255 καὶ
2452 2202 2579 2272 περὶ
2609 2202 2889 2271 σχήματος
2919 2202 3024 2269 γῆς
3053 2201 3118 2234 ³³·
3149 2201 3243 2262 καὶ
3274 2200 3500 2271 πότερα
3534 2201 3695 2271 μένει
3723 2201 3757 2268 ή
3797 2199 3865 2267 γῆ
3891 2197 3920 2269 ἢ

2330 2295 2594 2347 κινεῖται·
2627 2291 2755 2363 περί
2799 2309 2858 2345 τε
2895 2293 3137 2362 σεισμῶν
3163 2292 3205 2325 ³⁷
3239 2293 3373 2362 γῆς·
3410 2293 3514 2346 καὶ
3557 2292 3693 2359 περὶ
3739 2290 3920 2343 θαλάτ-

2326 2404 2446 2458 της,
2477 2387 2595 2449 πῶς
2639 2388 2894 2458 ἄμπωτις
2920 2387 3017 2440 καὶ
3065 2388 3403 2459 πλημμῦραι
3438 2387 3699 2456 γίνονται
3744 2400 3757 2414 ο
3802 2383 3919 2451 περὶ

2328 2479 2559 2543 ὑδάτων,
2587 2479 2718 2549 περὶ
2745 2479 2840 2533 τοῦ
2866 2479 3089 2543 παντὸς,
3115 2481 3247 2552 περὶ
3272 2479 3503 2549 φύσεως
3532 2480 3632 2533 καὶ
3657 2478 3767 2532 τῶν
3793 2494 3916 2545 συμ-

2329 2573 2622 2627 ϐαινόντων
2660 2573 2720 2637 ἐξ
2753 2573 2924 2642 αὐτῆς
2956 2574 3167 2638 αἰτίων,
3200 2573 3331 2642 περὶ⁸
3364 2575 3473 2646 τῆς
3499 2573 3616 2625 τῶν
3650 2570 3804 2635 ζώων
3831 2585 3915 2636 γε-

2329 2666 2550 2729 νέσεως,
2582 2666 2678 2718 καὶ
2711 2667 2780 2719 τά
2808 2666 2934 2737 ἑξῆς
2954 2684 2968 2699 ο
3006 2665 3135 2739 [568
3167 2664 3261 2738 R.]
3282 2666 3432 2719 πόσα
3466 2665 3610 2735 γένη
3630 2663 3803 2729 ζώων,
3830 2661 3913 2715 καὶ

2329 2762 2378 2813 εί
2418 2760 2595 2814 πάντα
2632 2760 2827 2829 λογικά
2864 2759 2958 2813 καὶ
2991 2760 3260 2830 αἰσθητόν
3301 2759 3440 2831 περὶ
3486 2760 3664 2812 ὕπνου
3703 2756 3797 2810 καὶ
3824 2755 3911 2808 θα·

2330 2854 2491 2908 νάτου
2517 2871 2530 2885 ·
2561 2854 2690 2926 περὶ
2736 2854 2942 2923 φυτῶν,
2987 2854 3119 2925 περὶ
3146 2854 3352 2925 τροφῆς
3402 2852 3507 2906 καὶ
3547 2852 3782 2922 ὀρέξεως
3814 2846 3911 2902 τῶν

2330 2946 2506 3011 ζώων,
2538 2947 2666 3018 περὶ
2711 2947 2924 3017 φύσεως
2979 2946 3302 3018 ἀνθρώπων,
3347 2947 3486 3016 περὶ
3520 2944 3643 3017 [191
3685 2940 3776 3014 [1.]
3806 2938 3906 3001 νοῦ,

2331 3038 2463 3108 περὶ
2485 3038 2682 3109 ψυχῆς,
2732 3038 2860 3109 περὶ
2914 3038 3220 3109 αἰσθήσεως
3260 3038 3355 3091 καὶ
3384 3037 3713 3117 μίσθητῶν,
3753 3033 3839 3087 καὶ
3864 3030 3907 3083 εί

2332 3131 2550 3199 ἀληθεῖς
2584 3131 2639 3183 ai
2671 3130 2987 3200 αἰσθήσεις’
3019 3131 3182 3183 πόσαι
3211 3130 3351 3182 εἰσὶν
3384 3132 3448 3183 αἱ
3483 3130 3789 3200 αἰσθήσεις,
3824 3124 3908 3178 καὶ

653 3208 743 3263 50.
780 3209 852 3264 De
876 3212 1147 3274 sensibus,
1176 3222 1232 3266 et
1258 3228 1514 3268 sensuum
1540 3214 1767 3284 objectis
1798 3233 1811 3271 ε
1839 3225 1914 3281 et,
1946 3215 2025 3270 An
2061 3219 2225 3270 etiam

2332 3220 2491 3285 ποίας
2517 3221 2705 3285 οὐσίας
2743 3222 2839 3274 καὶ
2881 3222 3163 3293 ἐνεργείας
3211 3222 3459 3293 ὲκάστη⁶
3499 3220 3635 3293 περὶ
3681 3219 3907 3291 ὁράσεως

653 3315 797 3355 vera:
831 3303 943 3356 sint
994 3305 1317 3358 sensioues?
1351 3304 1444 3359 51.
1479 3306 1622 3370 Quot
1655 3307 1760 3359 sint
1808 3322 2021 3366 sensus.
2051 3306 2230 3375 cujus-

652 3408 757 3459 que
789 3404 998 3448 natura:
1035 3396 1253 3462 singuli,
1283 3410 1444 3463 atque
1474 3398 1750 3452 eﬂicacizc.
1786 3397 1875 3453 52.
1909 3400 1982 3454 De
2014 3403 2152 3464 visu,
2178 3412 2231 3455 et

653 3484 940 3548 speciebus
990 3485 1314 3539 visibilibus.
1346 3487 1435 3541 55.
1472 3486 1548 3542 De
1581 3491 1791 3542 auditu.
1842 3491 1932 3547 54.
1984 3492 2057 3545 De
2101 3495 2232 3545 udo-

655 3588 803 3629 ratu.
831 3576 919 3631 55.
948 3576 1023 3632 De
1049 3587 1290 3648 gustatu.
1322 3580 1409 3634 56.
1441 3580 1518 3636 De
1543 3591 1712 3636 tactu.
1736 3582 1826 3637 57.
1856 3581 1931 3638 De
1972 3600 2131 3649 voce;
2154 3594 2229 3649 et,

651 3670 737 3720 Au
777 3670 1023 3737 corporis
1051 3685 1272 3740 expers,
1301 3687 1367 3727 ac
1403 3675 1533 3743 quid
1564 3676 1635 3728 sit
1665 3676 1719 3728 in
1760 3689 1822 3729 ea
1873 3677 2228 3746 praecipuum.

654 3759 746 3815 58.
782 3759 857 3815 De
892 3762 1304 3833 imaginatione,
1345 3780 1409 3820 ac
1446 3766 1779 3837 dijudicandi
1818 3769 2094 3824 facultate.
2124 3769 2232 3824 No-

654 3868 784 3907 num
826 3869 954 3910 vero
983 3866 1037 3910 et
1069 3857 1577 3930 quinquagesimum
1606 3878 1621 3915 :
1652 3860 1727 3915 De
1753 3863 2027 3933 opinione.
2059 3862 2229 3917 Sexa-

654 3946 921 4016 gesimum
953 3948 1188 4019 denique
1222 3968 1236 4005 :
1272 3952 1346 4007 De
1382 3954 1746 4022 respiratione
1773 3965 1935 4024 atque
1962 3955 2123 4028 [eius]
2145 3956 2230 4009 al“-

654 4039 1003 4095 l'ectionibus.
1033 4040 1099 4095 Et
1129 4044 1244 4099 haec
1278 4047 1495 4114 quidem
1527 4047 1650 4102 libri
1680 4048 1840 4117 primi
1876 4048 2054 4117 capita
2082 4057 2228 4113 sunt,

655 4134 889 4203 taliaque
933 4138 1232 4202 continent,
1266 4140 1333 4193 ad
1372 4150 1620 4193 naturam
1656 4140 1910 4194 nimirum
1952 4140 2232 4209 pertinen-

652 4232 747 4296 tia,
780 4232 932 4298 pauci
963 4233 1227 4287 duntaxat
1249 4233 1403 4287 initio
1420 4236 1684 4304 exceptis,
1713 4251 1832 4304 qua:
1861 4237 1926 4289 ad
1949 4220 2231 4305 metapby-l

652 4324 762 4375 sica
784 4324 1050 4393 quispiam
1072 4328 1275 4382 rectius
1296 4328 1568 4383 retulerit.
1594 4327 1699 4382 Per
1723 4328 1838 4382 haec
1867 4343 1997 4396 ergo
2027 4328 2229 4396 capita,

651 4432 711 4474 ut
752 4420 1008 4485 diximus,
1044 4435 1287 4480 veterum
1313 4427 1634 4491 sententias,
1662 4424 1780 4481 sive
1805 4425 2230 4492 consentientes,

2331 3315 2428 3369 καὶ
2493 3315 2880 3387 κατοπτρικῶν
2937 3315 3267 3385 ἐμφάσεων,
3331 3316 3475 3387 περὶ
3533 3315 3736 3385 ἀκοῆς,
3791 3308 3907 3381 περὶ

2329 3408 2676 3478 ὀσφρήσεως,
2719 3409 2849 3476 περὶ
2873 3406 3138 3476 γεύσεως,
3174 3406 3307 3479 περὶ
3336 3408 3490 3478 ἀφῆς
3511 3423 3527 3439 ’
3562 3406 3693 3477 περὶ
3716 3404 3902 3474 φωνῆς,

2331 3501 2427 3553 καὶ
2461 3502 2509 3553 εί
2537 3499 2829 3569 ἀσώματος
2859 3502 2892 3571 ἡ
2932 3500 3105 3570 φωνὴ,
3143 3500 3238 3553 καὶ
3264 3500 3317 3552 τί
3349 3500 3533 3570 αὐτῆς
3570 3500 3634 3555 τὸ
3661 3500 3903 3567 ἡγεμονι-

2331 3594 2456 3644 κὸν’
2488 3590 2617 3661 περὶ
2645 3591 2946 3660 φαντασίας
2973 3590 3069 3645 καὶ
3098 3591 3385 3663 κριτηρίου
3412 3608 3430 3623 ’
3464 3591 3545 3645 νϐ’
3578 3588 3711 3661 περὶ
3741 3585 3901 3654 δόξης,

2330 3683 2425 3736 καὶ
2455 3684 2497 3750 ξ’
2531 3684 2660 3755 περὶ
2690 3684 2963 3754 ἀναπνοῆς
2993 3684 3087 3737 xai.
3114 3683 3323 3738 παθῶν.
3352 3686 3469 3738 Καὶ
3504 3683 3576 3737 τὰ
3626 3683 3723 3754 μὲν
3751 3677 3837 3732 τοῦ
3861 3693 3891 3728 α

2332 3776 2539 3848 βιϐλίου
2575 3776 2848 3845 κεφάλαια
2878 3776 3118 3830 τοσαῦτα
3146 3776 3398 3846 καὶπερὶ
3432 3776 3668 3839 τούτων,
3700 3771 3791 3825 καὶ
3818 3769 3902 3838 δη-

2330 3869 2503 3922 λονότι
2539 3868 2764 3938 φυσικὰ,
2801 3868 2941 3940 πλὴν
2992 3870 3149 3922 ὲνίων
3194 3868 3302 3921 τῶν
3335 3871 3393 3921 ὲν
3449 3871 3620 3940 ἀρχῇ,
3650 3865 3685 3920 ἃ
3716 3862 3900 3935 μᾶλλον

2331 3959 2398 4013 ἀν
2426 3978 2509 4024 τις
2540 3962 2617 4023 είς
2645 3960 2711 4013 τὰ,
2727 3960 2773 3991 ³⁸
2809 3961 3031 4030 μετάτά
3056 3961 3262 4027 φυσικὰ
3278 3960 3726 4027 ἀνάξοι.Τούτοις
3753 3953 3901 4019 δὲ,ὼς

2330 4054 2562 4124 ἔφημεν,
2613 4053 2710 4115 τὰς
2753 4055 2862 4107 τῶν
2902 4052 3149 4107 παλαιῶν
3201 4052 3378 4119 δόξας,
3434 4056 3546 4106 εἴτε
3593 4047 3897 4118 συμφώνους

2331 4147 2494 4211 οὐσας
2522 4146 2631 4201 εἴτε
2660 4147 2753 4200 καὶ
2773 4148 2815 4180 ⁸⁸
2832 4147 3154 4216 διαφώνους,
3182 4147 3578 4217 παρατίθησιν.
3613 4145 3699 4197 Ἐν
3730 4139 3895 4210 μέντοι

2331 4242 2508 4310 τούτῳ
2525 4241 2602 4312 τῷ
2629 4240 2841 4311 βιϐλίῳ,
2860 4241 2966 4309 πρὸ
2988 4238 3082 4293 τοῦ
3112 4242 3223 4303 τοῖς
3255 4240 3572 4310 εἰρημένοις
3600 4231 3894 4304 κεφαλαίοις

2334 4333 2633 4397 ἐπιϐαλεῖν,
2654 4351 2719 4384 πε
2727 4333 2782 4404 pi.
2812 4332 2905 4386 δύο
2924 4331 3233 4400 κεφαλαίων
3247 4330 3634 4401 διαλαμϐάνει,
3652 4320 3724 4379 ὧν
3737 4324 3791 4375 τὸ
3811 4319 3896 4389 μὲν

2334 4424 2553 4487 ἔπαινός
2603 4427 2722 4478 ἐστι
2776 4422 3127 4494 φιλοσοφίας,
3168 4423 3264 4476 καὶ
3314 4418 3472 4484 οὗτος
3529 4424 3595 4474 ὲκ
3646 4415 3894 4483 διαφόρων

651 4514 768 4569 sive
818 4528 1183 4587 repugnantes
1220 4517 1478 4586 legendas
1519 4518 1764 4572 Stobaeus
1813 4518 2083 4587 apposuit.
2118 4516 2229 4572 Hoc

2338 4514 2487 4586 αὐτῷ
2519 4514 3006 4585 συνηρανισμένος,
3046 4515 3106 4567 τὸ
3145 4514 3201 4567 δὲ
3233 4515 3363 4583 περὶ
3391 4515 3502 4568 τῶν
3534 4508 3654 4566 κατ’
3679 4503 3835 4575 αὐτὴν
3857 4500 3894 4531 ⁸⁸

652 4606 771 4676 ipso
804 4618 983 4664 tamen
1008 4610 1471 4679 libro,antequam
1510 4626 1596 4677 ea,
1619 4627 1740 4681 quae
1770 4613 1931 4665 modo
1958 4610 2225 4676 recensui,

651 4704 997 4770 aggrediatur
1027 4705 1225 4771 capita,
1264 4703 1459 4773 113a
1489 4704 1556 4758 de
1589 4703 1711 4757 aliis
1735 4704 1945 4758 duobus
1989 4704 2229 4759 disserit.

652 4794 895 4861 Quorum
926 4799 1158 4867 primum
1184 4800 1533 4867 philosophia:
1559 4798 1793 4852 laudatio
1814 4808 1921 4860 est,
1942 4806 1996 4851 et
2014 4812 2075 4850 ea
2102 4798 2227 4866 qui-

2258 4558 2312 4618 D

2341 4611 2749 4679 συνεστηκυιῶν
2788 4609 3073 4679 αἱρέσεων.
3124 4608 3212 4661 Ἐν
3262 4600 3306 4676 ᾧ
3363 4608 3462 4661 καὶ
3522 4606 3650 4676 περὶ
3701 4611 3893 4670 γεωμε-

2340 4703 2498 4776 τρίας
2526 4702 2620 4756 καὶ
2654 4703 2915 4773 μουσικῆς
2946 4701 3041 4755 καὶ
3087 4701 3461 4772 ἀριθμητικῆς
3499 4700 3655 4766 δόξας
3686 4688 3895 4748 παλαιὰς

2338 4797 2770 4864 συναναγρὰφει.

653 4890 775 4943 dem
802 4905 869 4943 ex
884 4892 1051 4946 variis
1065 4901 1321 4960 congesta
1350 4891 1733 4960 scriptoribus.
1754 4891 1999 4944 Alterum
2016 4904 2147 4944 vero
2169 4890 2236 4943 de
2274 4891 2460 4953 sectis,
2495 4904 2617 4958 qua:
2634 4891 2683 4942 iu
2712 4906 2771 4944 ea
2794 4888 3305 4960 conspirarunt.Ubi
3326 4889 3537 4958 pariter
3554 4870 3890 4941 vetcrumopl'

654 4990 847 5047 niunes
870 4988 935 5041 de
972 4988 1289 5057 geometria,
1329 4989 1535 5044 musica
1595 4998 1651 5044 et
1677 4990 2022 5044 arithmetica
2059 4985 2336 5042 describit.

1980 5142 2216 5198 VARI/l3
2264 5140 2681 5197 LECTIONES.

727 5270 772 5304 ³⁸
800 5269 989 5323 καινοῦ
1020 5270 1085 5326 Α.
1161 5269 1208 5303 ⁸⁸
1231 5269 1329 5322 καὶ
1359 5267 1653 5337 ἐμφάσεως
1673 5268 1798 5322 add.
1846 5266 1913 5320 A.

655 5342 701 5382 ³⁷
731 5340 957 5410 σεισμοῦ
990 5358 1063 5405 ςε
1096 5340 1375 5409 θαλάσσης
1393 5356 1455 5404 ς’.

2013 5264 2058 5296 ³⁸
2088 5264 2216 5333 περὶ
2249 5274 2376 5317 ante
2406 5264 2560 5317 ποίου
2585 5263 2845 5333 expungit
2873 5264 2937 5316 A.

1534 5338 1578 5370 ³⁸
1601 5339 1673 5392 τὰ
1695 5348 1816 5408 post
1848 5334 1986 5409 μετά
2011 5350 2123 5393 αιιι.
2160 5351 2245 5404 pr.
2281 5338 2346 5389 A.
2424 5335 2467 5365 "
2494 5337 2589 5387 xci.
2615 5352 2725 5390 om.
2759 5336 2823 5387 A.

3052 5264 3098 5295 "
3133 5264 3238 5333 γῆς
3266 5265 3307 5318 A
3342 5283 3355 5319 :
3392 5260 3563 5334 αὐτῆς
3593 5258 3689 5328 τῆς
3714 5251 3807 5323 γῆς
3833 5261 3865 5310 ς

2900 5334 2946 5366 ⁸⁸
2986 5334 3128 5389 κατὰ
3152 5335 3361 5407 ταύτην
3392 5352 3453 5400 ς.

2210 5448 2443 5507 NOTAE.

735 5580 848 5646 (42)
880 5578 1045 5633 Addit
1073 5577 1228 5633 Cant.
1258 5579 1396 5634 liber
1422 5578 1640 5633 Faciem
1670 5596 1685 5635 :
1723 5579 1791 5634 de
1817 5591 1923 5650 qua
1942 5542 2234 5629 Plutarchi

659 5655 713 5709 in
750 5651 1027 5717 upuStzulis
1055 5650 1282 5703 libellus.

698 5715 847 5847 l(43)
880 5724 1010 5792 περί
1042 5721 1396 5793 πρηστήρων.
1431 5720 1566 5777 Vide
1599 5719 1741 5775 Plin.
1775 5717 1870 5773 lib.
1904 5734 1964 5785 tt,
2015 5732 2133 5787 cap.
2167 5715 2235 5770 48

662 5810 692 5853 e
744 5808 861 5858 seq.

741 5863 1201 5937 (44)(1υ1ιιειιιοι1ἰ
1255 5863 1369 5927 illa,
1414 5880 1533 5936 «ιιιω
1591 5862 1732 5933 apud
1767 5860 1890 5917 Gul.
1942 5861 2241 5917 Canterum

2350 5568 2748 5634 inscribuntur,
2783 5570 2857 5625 De
2879 5571 3053 5625 causis
3076 5570 3443 5625 similitudinis
3469 5560 3861 5636 parentumgf’if’

2423 5640 2535 5711 (45)
2574 5642 2686 5695 Iluc
2725 5629 2903 5696 refero
2940 5642 3157 5697 Canteri
3198 5642 3327 5697 illud
3368 5661 3382 5695 ;
3421 5629 3683 5706 Quomodo
3721 5629 3883 5685 mnes

2348 5711 2566 5767 alantur
2592 5722 2638 5764 et
2664 5713 2939 5767 animalia.
3754 5763 3763 5772 _
3819 5755 3843 5772 ..

2666 5758 3113 5849 aug—duodecim
3156 5792 3422 5840 tractasse
3466 5776 3721 5834 SlOll'JIlllll
3754 5758 3873 5817 indi-

2360 5869 2443 5911 cat
2472 5857 2627 5911 Cant.
2664 5854 2854 5910 codex.
