4090 6430
205 399 297 465 481

1221 415 1747 476 BIBLIOTHECA.
1785 439 1855 451 --
1892 413 2055 473 COD.
2091 412 2371 472 CLXVII.

3338 410 3446 474 482

270 519 340 571 Τὸ
356 516 411 571 δὲ
426 517 473 589 β’
489 519 694 590 βιϐλίον
712 540 774 575 συ
784 524 931 596 μπλη
942 526 1128 598 ροῦται
1148 529 1245 598 μὲν
1260 532 1573 600 κεφαλαίοις
1590 535 1645 599 ς
1655 533 1765 585 ’καὶ

1942 530 2095 585 Alter
2115 530 2236 584 dein
2260 529 2396 583 liber
2414 544 2534 584 xm
2565 529 2865 584 absolvitur
2881 530 3153 599 capitibus
3176 530 3306 601 (47).
3329 530 3449 586 Pri-

198 613 285 664 M“
306 612 664 683 διαλαμϐάνει
679 616 736 669 δὲ
758 618 972 689 πρῶτον
991 621 1087 692 μὲν
1104 624 1358 694 περὶτῶν
1377 623 1445 678 τὰ
1463 624 1581 678 θεῖα
1598 626 1772 695 ἑρμηο

196 704 482 769 νευόντων,
520 708 615 759 καὶ
642 708 717 771 ὡς
746 711 830 782 εἴη
861 713 1169 784 ἀνθρώποις
1195 717 1576 789 ἀκατάληπτος
1602 721 1633 789 ἡ
1663 719 1772 773 τῶν

193 794 402 863 νοητῶν
426 797 570 850 κατὰ
588 800 688 869 τὴν
719 802 907 855 οὐσίαν
928 804 1175 876 ἀλήθεια,
1204 804 1322 861 εἷτα
1348 809 1477 881 περὶ
1507 809 1773 864 διαλεκτι-

192 884 319 953 κῆς,
356 888 457 940 καὶ
483 890 615 960 περὶ
641 894 960 966 ῥητορικῆς.
993 898 1087 950 καὶ
1124 901 1250 970 περὶ
1276 899 1435 970 λόγου
1465 903 1558 955 καὶ
1593 920 1775 973 γραμ-

193 978 403 1046 μάτων,
433 982 563 1051 περὶ
608 986 919 1055 ποιητικῆς,
955 990 1083 1059 περὶ
1118 993 1460 1062 χαρακτῆρος
1510 993 1616 1047 τῶν
1666 1011 1774 1050 πα-

186 1068 444 1135 λαιῶνδί,
495 1074 626 1145 περὶ
675 1077 769 1130 τοῦ
821 1078 1012 1148 ἠθικοῦ
1062 1083 1232 1146 εἴδους
1282 1084 1381 1153 τῆς
1434 1085 1772 1156 φιλοσοφίας,

189 1163 315 1229 περὶ
349 1163 464 1214 τῶν
492 1166 578 1233 ἐφ’
610 1167 761 1236 ἡμῖν,
795 1169 877 1224 ὅτι
915 1173 1088 1237 οὐδεὶς
1120 1176 1262 1228 ἑκὼν
1291 1177 1527 1246 πονηρὸς
1547 1218 1561 1241 ,
1594 1180 1775 1233 ὁποῖον

189 1253 293 1320 χρὴ
321 1248 468 1307 εἶναι
501 1256 592 1309 τὸν
619 1260 926 1329 φιλόσοφον,
957 1265 1039 1317 ὅτι
1066 1264 1171 1335 χρὴ
1206 1267 1382 1320 σέϐειν
1415 1268 1475 1321 τὸ
1505 1269 1666 1336 θεῖον,
1694 1272 1776 1325 ὅτι

189 1345 298 1404 τοῖς
327 1345 583 1400 εὐσεϐέσι
619 1349 715 1400 καὶ
742 1350 973 1415 δικαίοις
1000 1352 1186 1423 βοηθεῖ
1217 1355 1277 1408 τὸ
1321 1359 1568 1427 κρεῖττον
1588 1374 1601 1387 ·
1646 1360 1776 1430 περὶ

196 1437 465 1505 μαντικῆς
490 1452 505 1466 ·
559 1439 639 1493 ὅτι
670 1441 775 1513 χρὴ
810 1445 939 1514 περὶ
974 1445 1168 1498 πολλοῦ
1198 1448 1469 1503 ποιεῖσθαι
1518 1451 1617 1514 τὰς
1666 1452 1775 1505 τῶν

192 1526 368 1593 σοφῶν
426 1532 745 1597 συνουσίας,
775 1535 1046 1589 ἐκκλίνειν
1079 1538 1194 1592 seu
1238 1543 1364 1607 τοὺς
1412 1543 1648 1613 φαύλους
1682 1545 1778 1599 καὶ

188 1618 563 1685 ἀπαιδεύτους
582 1637 595 1651 ’
630 1625 759 1694 περὶ
785 1626 878 1679 τοῦ
909 1627 1086 1683 δοκεῖν
1114 1630 1208 1682 καὶ
1233 1632 1329 1686 τοῦ
1365 1628 1504 1687 εἶναι
1528 1673 1544 1699 ,
1580 1636 1673 1689 καὶ
1697 1637 1778 1689 ὅτι

186 1712 245 1762 οὐ
298 1711 379 1783 τῷ
433 1713 579 1783 λόγῳ
633 1718 740 1788 χρὴ
797 1719 1004 1790 κρίνειν
1051 1722 1143 1776 τὸν
1186 1724 1492 1797 ἄνθρωπον,
1524 1727 1660 1781 ἀλλά
1703 1729 1780 1800 τῷ

188 1804 375 1874 τρόπῳ
398 1821 412 1834 ε
449 1806 529 1859 ὅτι
560 1808 608 1860 οἱ
642 1808 821 1873 ἄλλοις
861 1812 1304 1880 ἐπιϐουλεύοντες
1330 1818 1554 1883 ἑαυτοὺς
1584 1819 1779 1875 λανθά-

186 1913 333 1949 νουσι.
369 1898 850 1966 καταϐλάπτοντες
870 1919 883 1931 ·
920 1906 1048 1975 περὶ
1074 1906 1315 1973 εὐδοξίας
1340 1924 1356 1940 ’
1389 1911 1515 1981 περὶ
1546 1912 1737 1983 φήμης
1755 1929 1770 1942 ·

188 1988 266 2039 ὅτι
306 1990 517 2058 μέτρον
566 1990 828 2062 ἄριστον⁸
880 1997 963 2051 ὅτι
1016 1998 1456 2071 δυσκατόρθωτον
1501 2004 1535 2075 ἡ
1582 2006 1771 2076 ἀρετὴ,

189 2080 673 2152 εὐμεταχείριστον
703 2087 816 2157 δὲὴ
855 2089 1021 2143 κακία
1042 2106 1055 2120 ·
1082 2093 1163 2144 ὅτι
1188 2093 1248 2145 οὐ
1279 2093 1384 2165 χρὴ
1414 2094 1572 2164 λόγον
1603 2101 1774 2151 ποιεῖ-

191 2172 309 2223 σθαι
344 2172 520 2242 τῆς⁶³
550 2176 657 2229 τῶν
686 2179 963 2234 ἀσυνέτων
997 2182 1353 2253 δοκιμασίαςο
1381 2187 1464 2240 ὃτι
1509 2188 1606 2260 τὴν
1642 2190 1776 2244 ὑπό-

188 2278 385 2350 κρισιν,
425 2267 541 2329 τοῖς
588 2270 951 2339 κεχρημένοις
986 2272 1256 2344 ἐπιϐλαϐἦ
1290 2267 1455 2329 οὖσαν
1500 2279 1594 2333 καὶ
1637 2280 1775 2350 πρὸς

187 2349 278 2414 οὓς
304 2352 553 2418 γίνεται,
586 2355 688 2425 τῆς
734 2357 914 2428 ψυχῆς
969 2359 1259 2431 ὲκϐλητέον
1281 2378 1294 2392 ·
1332 2363 1414 2416 ὅτι
1445 2363 1507 2416 οὐ
1538 2363 1643 2435 χρὴ
1677 2349 1774 2417 πο·-

188 2441 596 2515 λυπραγμονεῖν
615 2488 630 2513 ,
665 2450 859 2518 φθόνου
895 2454 1003 2522 γὰρ
1031 2456 1126 2508 καὶ
1147 2455 1458 2528 διαϐολικῆς
1488 2457 1664 2513 αἴτιον
1685 2459 1773 2528 γίο

191 2552 331 2588 νεται
360 2536 425 2589 τὸ
455 2539 699 2592 τοιοῦτον
717 2559 730 2572 ·
759 2542 839 2596 ὅτι
877 2544 934 2595 ὲν
960 2540 1043 2610 οἷς
1069 2546 1382 2618 πλημμελεῖ
1407 2566 1493 2613 τις
1516 2548 1578 2603 τδ
1604 2568 1774 2621 μετα-

193 2628 468 2695 μελείσθαι
500 2631 786 2686 κάλλιστον
808 2651 822 2665 σ
854 2640 985 2707 περ).
1012 2628 1299 2711 λοιδορίας,
1325 2642 1400 2705 ὼς
1422 2642 1520 2697 οὐκ
1548 2644 1770 2712 ἀγαθόν·

186 2720 263 2773 ὅτι
294 2722 350 2772 ἐν
388 2722 473 2791 τῷ
507 2723 863 2794 λοιδορεῖσθαι
897 2729 1003 2799 χρὴ
1043 2734 1270 2786 σκοπεῖν
1319 2732 1394 2804 μὴ
1436 2736 1549 2798 τοῖς
1592 2735 1775 2799 αὐτοῖς

182 2813 691 2885 περιπεπτὼκαμεν
733 2815 1115 2891 ἐλαττώμασι·
1201 2823 1329 2894 περὶ
1378 2823 1625 2892 ἀνάγκης
1673 2825 1774 2888 τῆς

180 2903 318 2955 κατά
343 2905 441 2956 τὸν
474 2905 592 2976 βίον
612 2924 627 2937 ·
659 2908 740 2960 ὅτι
774 2910 1046 2982 εὐκαίρως
1079 2912 1161 2966 δεῖ
1188 2914 1449 2984 πράττειν
1473 2931 1488 2945 ο
1520 2916 1647 2985 περὶ
1678 2914 1771 2967 τοῦ

179 2993 510 3062 βούλεσθαι·
560 2999 641 3051 ὅτι
673 3000 734 3052 οὐ
766 3002 846 3053 δεῖ
878 3002 954 3065 ὡς
993 3003 1184 3075 ἔτυχεν
1218 3007 1616 3060 ἀναϐάλλεσθαι
1638 3023 1653 3038 ’
1689 3010 1771 3061 ὅτι

176 3087 234 3138 τὸ
278 3087 628 3159 δυστυχῆσαι
662 3092 924 3159 πολλάκις
964 3096 1244 3165 ἐπωφελὲς
1278 3100 1510 3168 γίνεται,
1542 3099 1638 3154 καὶ
1670 3100 1774 3170 μά·-

1873 636 2017 675 mum
2049 620 2265 689 quidem
2304 621 2370 673 de
2410 634 2689 674 sacrorum
2738 621 3139 689 interpretibus,
3167 627 3386 692 etquod
3414 637 3447 679 a

1878 713 2196 768 mortalibus
2237 713 2603 780 spiritualium
2650 729 2776 768 vera
2826 724 3018 767 natura
3061 717 3445 783 comprehendi

1875 814 2123 873 nequeat.
2158 804 2209 857 2.
2254 803 2391 859 llinc
2421 806 2489 859 de
2524 814 2640 859 arte
2699 806 3022 860 disserendi.
3091 808 3146 862 5.
3186 809 3258 861 De
3312 811 3448 865 bene

1875 897 2085 951 dicendi
2133 896 2415 954 facultate.
2447 901 2500 955 4.
2540 900 2613 953 De
2642 899 2919 967 Oratione,
2961 917 3025 955 ac
3059 902 3258 956 litteris
3312 904 3446 973 (48).

1875 985 1928 1039 5.
1958 985 2035 1041 De
2087 997 2204 1041 arte
2265 989 2496 1057 poetica.
2528 991 2581 1045 6.
2619 991 2694 1045 De
2745 993 3081 1057 charactere,
3130 1008 3224 1046 seu
3277 994 3449 1048 forma

1875 1076 2160 1132 orationis.
2197 1077 2249 1130 7.
2291 1078 2364 1132 De
2408 1095 2614 1133 morum
2662 1082 2997 1150 philosophia
3032 1083 3141 1153 (49)
3171 1083 3224 1138 8.
3261 1086 3334 1139 De
3384 1086 3451 1139 iis

1876 1186 1997 1239 qua:
2028 1170 2080 1226 in
2129 1182 2315 1227 nostra
2362 1183 2485 1228 sunt
2522 1183 2816 1244 potestate.
2854 1177 2907 1231 9.
2947 1177 3224 1232 Neminem
3259 1189 3452 1247 Sponte

1878 1278 2000 1317 esse
2039 1263 2363 1331 improbum.
2413 1266 2502 1321 10.
2537 1267 2759 1333 Qualem
2806 1269 2998 1323 deceat
3042 1284 3165 1324 esse
3216 1271 3455 1339 philoso-

1877 1357 2189 1424 phnm.11_.
2225 1357 2483 1412 Pietatem
2546 1375 2671 1429 erga
2732 1361 2896 1415 Deum
2962 1362 3245 1416 colendam
3307 1376 3451 1417 esse.

1882 1448 1967 1501 12.
1997 1447 2108 1503 Piis
2142 1466 2205 1505 ac
2226 1451 2389 1520 justis
2412 1451 2613 1507 Numen
2646 1454 2848 1507 auxilio
2879 1457 3123 1511 esse.15.
3150 1457 3223 1509 De
3259 1455 3455 1508 vatici-

1883 1541 1991 1594 nio.
2018 1542 2104 1594 14.
2135 1540 2448 1612 Sapientum
2494 1548 2944 1602 consuetudinem
2992 1550 3172 1618 magni
3221 1564 3343 1603 esse
3370 1547 3452 1602 fa-

1881 1632 2124 1687 ciendam
2154 1652 2166 1689 :
2198 1633 2483 1704 fugiendos
2508 1652 2659 1700 vero,
2685 1655 2748 1693 ac
2783 1640 3141 1695 declinandos
3178 1642 3453 1707 improbos

1885 1733 2047 1792 atque
2071 1725 2371 1794 imperitos.
2406 1728 2494 1783 15.
2521 1728 2595 1783 De
2618 1745 2682 1784 eo
2712 1733 2856 1799 quod
2881 1734 3098 1787 videtur
3134 1743 3363 1800 tantum,
3398 1743 3455 1790 et

1884 1817 1951 1871 de
1990 1833 2054 1872 eo
2078 1820 2220 1888 quod
2259 1836 2386 1875 vere
2429 1833 2531 1879 est.
2570 1825 2655 1877 16.
2690 1823 2807 1879 Non
2843 1841 2871 1879 e
2902 1828 3103 1891 verbis,
3142 1829 3236 1883 sed
3287 1829 3457 1883 mori-

1882 1908 2078 1964 busde
2108 1911 2326 1967 homine
2357 1927 2477 1967 esse
2516 1914 2888 1982 jndicandnm.
2920 1920 3007 1974 17.
3053 1920 3158 1974 Eos
3193 1921 3284 1989 qui
3327 1920 3452 1974 aliis

1876 1999 2218 2067 insidientur,
2296 2004 2503 2073 seipsos
2554 2008 2735 2076 potius
2805 2009 3172 2078 imprudentes
3229 2012 3443 2066 hedera.

1878 2088 1965 2144 18.
1987 2091 2059 2145 De
2077 2092 2309 2146 nominis
2327 2094 2517 2163 gloria.
2538 2096 2623 2153 19.
2657 2098 2729 2151 De
2767 2096 2935 2156 fama.
2962 2101 3051 2157 20.
3086 2101 3297 2156 Modum
3329 2118 3453 2157 esse

1877 2183 2158 2249 optimum.
2191 2184 2280 2238 21.
2309 2185 2576 2241 Virtutem
2627 2205 2769 2257 aegre
2808 2192 2985 2260 parari
3023 2211 3036 2247 :
3084 2194 3272 2247 vitium
3319 2211 3448 2248 con-

1881 2281 1961 2325 tra
1988 2274 2145 2329 facile
2168 2279 2397 2346 acquiri.
2423 2280 2511 2335 22.
2532 2282 2650 2335 Non
2674 2292 2927 2351 uporterc
2952 2285 3238 2339 stultorum
3258 2286 3450 2356 judicii

1877 2368 2141 2422 rationem
2191 2373 2409 2427 habere.
2453 2373 2543 2428 25.
2611 2373 2906 2431 Fictionem
2954 2377 3068 2433 sive
3112 2378 3449 2449 hypocrisin,

1876 2472 1995 2524 qua:
2033 2475 2135 2512 non
2174 2460 2240 2514 iis
2290 2471 2495 2516 tantum
2530 2466 2666 2533 apud
2701 2482 2835 2534 quos
2852 2478 3156 2534 exercetur,
3190 2471 3285 2524 sed
3323 2474 3451 2541 ipsis

1876 2564 2089 2618 quoque
2119 2552 2441 2619 [ingentibus
2478 2566 2656 2620 nocet,
2685 2572 2752 2611 ex
2777 2560 2958 2612 animo
2977 2575 3097 2615 esse
3123 2562 3447 2630 pellendam.

1874 2641 1964 2695 24.
2019 2643 2407 2699 Curiosilatem
2476 2664 2594 2702 esse
2643 2650 2916 2703 vitandam
2981 2652 3092 2725 (50)
3147 2671 3161 2707 :
3209 2653 3451 2722 praebere

1876 2736 2017 2789 enim
2053 2753 2243 2791 ansam
2273 2738 2509 2803 invidiw,
2529 2750 2692 2810 atque
2710 2745 2993 2800 calumniae
3024 2745 3158 2818 (51).
3188 2748 3277 2802 23.
3302 2746 3454 2816 Opti-

1878 2841 2022 2878 mum
2083 2842 2203 2882 esse
2252 2830 2594 2897 resipiscere,
2628 2832 2680 2884 in
2725 2833 2921 2900 quibus
2969 2834 3085 2904 ipse
3130 2836 3448 2906 deliqueris.

1875 2913 1965 2967 26.
2001 2912 2319 2968 Convicium
2360 2918 2581 2972 minime
2614 2936 2736 2974 esse
2777 2921 2998 2977 bonum.
3034 2926 3123 2979 27.
3173 2924 3229 2978 In
3270 2928 3456 2979 convi-

1876 3011 2068 3065 ciando
2093 3012 2565 3081 considerandum,
2596 3032 2662 3069 ne
2692 3018 2743 3070 in
2778 3018 2965 3073 eadem
2993 3019 3092 3088 ipsi
3119 3022 3456 3091 quandoque

1840 3128 1847 3141 κ
1876 3113 2054 3156 errata
2090 3103 2460 3161 inciderimus.
2484 3108 2573 3163 28.
2594 3107 2670 3161 De
2695 3110 2816 3163 vita:
2852 3114 3191 3166 necessitate.
3225 3113 3317 3168 29.
3344 3112 3455 3182 0p-

179 3177 333 3233 λιστα
359 3185 480 3241 τοῖς
513 3184 714 3252 ἄφροσι
733 3202 746 3215 ο
783 3190 913 3257 περὶ
940 3188 1164 3259 ἀγωγῆς
1195 3193 1288 3244 καὶ
1306 3192 1349 3223 ⁵⁸
1380 3192 1659 3255 παιδείας*
1695 3193 1773 3261 ὅτε

1881 3217 2115 3277 portune
2143 3220 2228 3261 res
2262 3204 2345 3276 agi
2376 3202 2596 3257 debere.
2621 3202 2710 3256 '50.
2740 3202 2814 3255 De
2847 3202 3159 3256 voluntate:
3185 3217 3292 3257 non
3329 3218 3455 3258 esse

180 3270 466 3324 κάλλιστον
488 3275 524 3344 ἡ
551 3274 701 3342 φιλία
731 3276 840 3331 τῶν
866 3277 1085 3347 ἀγαθῶν
1111 3297 1124 3311 ·
1162 3280 1289 3353 [569
1314 3283 1406 3355 11.]
1433 3285 1513 3339 ὅτι
1534 3287 1566 3355 ἡ
1587 3285 1771 3355 ὁμοιό-

177 3377 272 3432 της
298 3363 406 3416 τῶν
430 3366 655 3436 τρόπων
684 3372 782 3438 τὴν
803 3370 846 3401 ⁸⁸
878 3371 1061 3439 φιλίαν
1084 3374 1458 3444 ἀπεργάζεται
1482 3395 1496 3407 ⁸
1529 3377 1655 3451 [192
1674 3376 1768 3451 Η.]

178 3454 257 3504 ὅτι
290 3458 397 3524 χρὴ
432 3457 493 3508 ἐν
526 3460 649 3520 ταῖς
677 3459 990 3532 δυστυχίαις
1022 3464 1115 3517 καὶ
1140 3469 1254 3530 τοῖς
1277 3468 1541 3533 κινδύνοις
1564 3472 1639 3543 μὴ
1672 3490 1771 3525 πε-

182 3548 366 3616 ριορᾷν
393 3549 525 3611 τοὺς
550 3549 732 3618 (pilae;
749 3566 762 3579 '
790 3553 871 3606 ὅτι
900 3555 959 3607 οὐ
988 3557 1092 3628 χρὴ
1115 3558 1417 3612 συναδικεῖν
1441 3564 1553 3625 τοῖς
1573 3564 1766 3631 φίλοις·

180 3640 306 3707 περὶ
334 3641 582 3708 γνησίων
594 3641 640 3673 ⁸⁸
667 3644 763 3696 καὶ
790 3645 1063 3701 ἀϐεϐαίων
1089 3649 1258 3718 φίλων
1277 3668 1289 3680 ·
1315 3652 1396 3704 ὅτι
1425 3653 1530 3724 χρὴ
1552 3656 1772 3726 ταχείας

181 3732 454 3785 ποιεῖσθαι
484 3734 586 3797 τὰς
624 3735 758 3804 πρὸς
790 3739 915 3801 τοὺς
948 3739 1137 3808 φίλους
1164 3742 1473 3811 διαλλαγὰς,
1498 3745 1564 3799 τὰ
1592 3747 1771 3818 ἀμαρ-

178 3825 399 3893 τήματα
422 3826 608 3878 αὐτῶν
634 3830 762 3899 ῥᾷον
792 3831 1060 3902 φέροντας
1089 3836 1227 3904 μετὰ
1250 3840 1348 3906 τῆς
1370 3839 1675 3910 ἀμνηστίας
1690 3841 1733 3873 ⁸⁷
1752 3857 1768 3873 ·

178 3918 257 3970 ὅτι
285 3920 343 3969 ἐν
372 3922 499 3983 ταῖς
534 3921 785 3991 ἀτυχίαις
816 3925 940 3988 τοὺς
966 3926 1226 3995 γνησίους
1256 3928 1364 3980 τῶν
1398 3928 1568 3997 φίλων
1602 3930 1775 4000 διαγι-

178 4009 493 4080 νιῦσκομενσ
536 4013 727 4081 φιλικά
770 4017 1209 4087 παραγγέλματα
1235 4036 1249 4049 ·
1282 4021 1409 4090 περὶ
1455 4020 1652 4092 ἔχθρας
1677 4023 1774 4076 καὶ

175 4102 270 4153 τοῦ
305 4105 496 4156 ὁποῖόν
528 4112 652 4158 τινα
674 4108 780 4179 χρὴ
806 4103 946 4161 εἶναι
965 4109 1009 4141 ⁸⁸
1040 4112 1176 4183 πρὸς
1203 4113 1329 4177 τοὺς
1361 4115 1618 4186 ἐχθρούςο
1647 4119 1774 4188 περὶ

178 4193 268 4245 τοῦ
305 4194 425 4258 πῶς
457 4196 607 4250 ἐστιν
636 4200 729 4251 ἀπ’
760 4200 972 4271 ἐχθρῶν
1001 4202 1347 4275 ὠφεληθῆναι
1370 4224 1384 4239 ο
1418 4208 1661 4276 περὶτοῦ
1683 4210 1774 4262 εὑ-

179 4289 425 4354 εργετεῖν
445 4303 460 4316 ·
491 4290 578 4341 ὅτι
613 4291 815 4359 μείζων
842 4296 875 4364 ἡ
902 4296 1063 4365 χάρις
1092 4297 1148 4350 ἐν
1171 4298 1348 4367 καιρῷ
1370 4299 1583 4352 δοθεῖσα
1602 4316 1616 4330 ·
1645 4318 1775 4373 περι

177 4378 268 4429 τοῦ
294 4380 742 4451 ἀντευεργετεῖν·
768 4384 991 4452 ὅτιοτοὺς
1011 4389 1279 4457 πονηροὺς
1301 4389 1360 4441 οὺ
1387 4391 1491 4460 χρὴ
1515 4387 1575 4444 εὖ
1601 4394 1773 4446 ποιεῖν

178 4466 294 4519 οὐδὲ
314 4470 451 4539 παρ’
472 4470 653 4523 αὐτῶν
677 4471 1100 4543 εὑεργετείσθαι,
1118 4478 1211 4530 καὶ
1231 4477 1289 4531 τὸ
1316 4480 1622 4534 τελευταῖον
1644 4482 1773 4555 περὶ

180 4561 509 4629 ἀχαριστίας
532 4560 596 4617 ⁸⁹.
617 4564 704 4617 Ἐν
740 4560 818 4629 οἷς
859 4568 955 4620 καὶ
985 4568 1054 4622 τὰ
1081 4569 1175 4622 τοῦ
1212 4571 1260 4639 β’
1298 4573 1588 4641 κεφάλαια.

1876 3316 1995 3355 eam
2075 3312 2278 3354 temere
2342 3296 2718 3352 differendam.
2780 3296 2868 3349 51.
2950 3296 3209 3350 Adversis
3289 3293 3453 3363 afﬂigi

1872 3407 2081 3447 sunmze
2127 3404 2505 3460 saepenumero
2547 3389 2766 3442 utilitati
2808 3402 2933 3443 esse
2979 3405 2993 3443 :
3043 3387 3280 3441 maxime
3326 3402 3456 3441 vero

1876 3484 2331 3554 imprudentibus.
2376 3483 2467 3538 52.
2512 3484 2588 3538 De
2631 3482 2955 3538 educatione
3026 3491 3187 3551 atque
3236 3480 3457 3534 institu-

1877 3574 2046 3626 tione.
2081 3571 2171 3625 55.
2204 3568 2481 3639 Optimum
2529 3570 2792 3625 bonorum
2834 3570 3073 3625 omnium
3109 3584 3229 3626 esse
3259 3569 3455 3623 amici-

1878 3662 2035 3715 tiam.
2082 3661 2172 3715 54.
2209 3660 2415 3713 Murum
2463 3659 2874 3714 similitudinem
2928 3659 3218 3712 amicitiam
3264 3659 3456 3709 conci—

1877 3753 2033 3809 liare.
2064 3750 2235 3806 55.1n
2272 3751 2516 3804 adversis
2555 3750 2668 3803 suis
2695 3760 2858 3817 atque
2888 3749 3140 3816 periculis
3200 3762 3302 3799 non
3332 3761 3453 3800 esse

1876 3842 2232 3912 negligendos
2263 3842 2489 3895 anticus.
2518 3839 2607 3894 56.
2638 3837 2754 3892 Non
2786 3853 2907 3892 esse
2935 3839 3136 3891 amicos
3157 3837 3449 3905 jnvaudos,

1874 3950 1994 3988 cum
2024 3935 2151 4003 quid
2186 3923 2387 4002 injuste
2414 3931 2719 3986 faciendum
2750 3931 3074 3998 suscipiunt.
3107 3929 3196 3983 57.
3229 3930 3302 3982 De
3330 3928 3452 3982 fidis

1874 4037 2037 4095 atque
2067 4026 2247 4080 inﬁdis
2295 4025 2504 4079 amicis.
2556 4023 2644 4078 '58.
2694 4024 2813 4077 Cito
2867 4037 2987 4077 esse
3006 4036 3128 4077 cum
3172 4021 3362 4075 amicis
3396 4021 3449 4075 in

1874 4120 2107 4186 gratiam
2163 4118 2517 4180 redeundum,
2564 4129 2861 4182 eorumque
2888 4113 3017 4167 vitia
3053 4112 3296 4174 ferenda,
3325 4127 3449 4165 cum

1876 4219 2183 4263 erratorum
2218 4209 2512 4261 oblivione.
2552 4206 2640 4261 '59.
2669 4204 2726 4257 ln
2756 4204 3001 4258 adversis
3026 4204 3156 4256 [idos
3180 4201 3449 4271 explorari

1878 4301 2106 4358 amicos.
2142 4301 2233 4356 40.
2266 4299 2542 4367 Praecpta
2588 4297 2860 4352 amicitiae.
2893 4295 2983 4350 41.
3014 4295 3088 4349 De
3128 4293 3453 4355 inimicitiis,

1876 4404 1952 4457 et,
1999 4393 2186 4462 ιιεὸ
2214 4409 2321 4462 quo
2361 4409 2419 4446 se
2458 4393 2579 4461 quis
2612 4391 2771 4445 modo
2797 4405 2920 4443 cum
2971 4390 3125 4443 hoste
3156 4396 3328 4456 gerat.
3358 4384 3450 4438 42.

1878 4490 1992 4550 Qua
2036 4488 2247 4541 ratione
2304 4502 2369 4540 ex
2427 4485 2660 4538 inimicis
2704 4483 2816 4554 (52)
2858 4482 2973 4551 capi
3009 4480 3183 4551 possit
3225 4478 3453 4532 utilitas.

1804 4560 1847 4613 Ῑ)
1877 4577 1970 4632 45.
2002 4577 2074 4631 De
2102 4578 2488 4631 benemerendi
2542 4577 2744 4630 studio.
2778 4575 2869 4629 44.
2914 4572 3087 4641 Maius
3128 4586 3247 4627 esse
3289 4574 3453 4624 bene-

184 4656 360 4708 licium
407 4657 554 4724 quod
604 4658 655 4711 in
708 4670 945 4729 tempore
972 4664 1270 4719 confertur.
1299 4666 1389 4721 45.
1416 4669 1490 4721 De
1522 4671 1935 4725 remunerandis
1972 4671 2273 4727 beneﬁciis.
2330 4671 2421 4726 46.
2482 4670 2598 4724 Non
2660 4685 2779 4725 esse
2838 4670 3071 4740 benigne
3146 4666 3458 4720 iaciendum

1510 4826 1746 4882 VARIAS
1774 4827 2181 4887 LECTIONES.

248 4960 291 4987 δ’
317 4961 441 5040 τῶνΔ
465 4961 719 5040 παλαιῶν
749 4966 874 5018 add.
896 4966 968 5040 _A.
1044 4966 1090 4998 “
1111 4966 1167 5019 δὲ
1194 4982 1307 5040 tm].
1339 4968 1402 5022 A.
1480 4967 1528 5040 5’
1557 4969 1659 5038 τῆς
1681 4970 1719 5023 A
1752 4988 1767 5024 :
1803 4971 1933 5040 περὶ
1962 4972 2062 5040 τῆς
2101 4987 2163 5034 ς.
2241 4969 2437 5040 δεκαὶ]
2476 4970 2602 5040 περί
2631 4969 2693 5023 Α.
2770 4968 2817 5000 ⁸⁸
2839 4968 2937 5038 τὴν
2957 4967 3080 5021 add.
3114 4967 3180 5022 A.
3254 4965 3302 5040 δέ
3327 4967 3460 5040 περὶ

187 5029 257 5097 μὴ
292 5047 380 5096 γν.
415 5034 480 5086 Δ.
560 5034 602 5064 ⁵⁷
640 5035 974 5105 ἀμνηστείας
1000 5055 1059 5101 ς.
1100 5068 1103 5069 ν
1167 5038 1215 5069 ⁴⁸
1235 5034 1375 5091 εἶναι
1402 5039 1507 5109 χρὴ
1534 5057 1595 5103 ς.

1695 5041 1741 5073 δ’
1769 5037 2123 5112 εὐχαριστίας
2156 5058 2215 5104 ς.
2249 5039 2320 5095 cf.
2353 5037 2629 5095 Gaisfoi'd.
2662 5039 2819 5094 Stob.
2852 5037 2907 5106 4,
2948 5044 3179 5109 appcnd.
3206 5052 3258 5107 p.
3293 5037 3361 5093 50
3395 5054 3451 5092 u.

1707 5190 1941 5247 NOTAE.

260 5326 372 5392 (47)
410 5324 485 5378 De
517 5326 713 5393 quibus
741 5327 828 5380 vix
885 5326 987 5399 tria
1023 5327 1159 5389 haec,
1187 5329 1445 5395 primum,
1481 5329 1770 5399 septimum

188 5407 238 5445 ct
272 5407 527 5468 m-tavum
562 5411 598 5468 :_
623 5408 897 5468 utcunque
941 5397 1149 5468 integra
1199 5400 1499 5464 posteriore
1543 5397 1775 5468 Egloga-

190 5480 303 5516 rum
336 5467 476 5517 libro
504 5482 531 5516 a
560 5466 718 5519 Cant.
761 5467 907 5519 edito
946 5466 1091 5533 legas
1138 5484 1152 5519 :
1186 5473 1425 5536 quinque
1473 5466 1614 5521 inter
1659 5466 1773 5523 lizrc

184 5540 389 5587 mediis
421 5539 720 5606 capitibus,
746 5537 941 5605 partim
984 5537 1235 5601 turbatis,
1273 5541 1473 5606 partim
1536 5539 1641 5592 alio
1686 5555 1772 5590 re-

182 5608 366 5667 jectis.
420 5605 644 5673 Reliqua
681 5622 841 5673 porro
869 5606 945 5677 587
984 5607 1146 5675 hujus
1169 5605 1292 5660 libri
1320 5608 1546 5661 alterius
1573 5610 1772 5677 capita,

188 5690 389 5741 magno
436 5691 569 5728 sane
614 5678 815 5728 damno
864 5676 1080 5742 publico
1108 5680 1377 5746 .periisse,
1404 5678 1485 5730 vel
1519 5676 1651 5731 solae
1683 5680 1769 5731 in-

183 5746 516 5807 scriptiones
551 5747 633 5797 hze
666 5756 952 5799 testantur.

258 5814 377 5880 (48)
411 5813 525 5868 Huc
550 5815 708 5883 plane
740 5818 1014 5885 pertinent
1037 5832 1154 5884 quae
1180 5833 1345 5871 serui.
1395 5817 1485 5882 80,
1510 5818 1568 5871 8|
1600 5818 1759 5883 et82,

1880 5330 1933 5385 in
1969 5329 2202 5383 Cnnradi
2228 5330 2358 5385 edit.
2389 5330 2658 5399 hodieque
2690 5330 2958 5400 leguntur.

1954 5400 2067 5470 (59)
2097 5400 2194 5454 Cui
2243 5417 2454 5454 rursum
2510 5404 2684 5470 capita
2734 5403 2971 5469 quinque
3021 5402 3237 5471 subjicit
3274 5405 3436 5462 Cant.

1879 5475 2083 5543 codex,
2104 5486 2332 5543 quorum
2359 5482 2538 5523 tamen
2565 5473 2811 5525 nltinmm
2844 5474 2969 5526 illud
3004 5485 3107 5538 est,
3138 5478 3278 5543 quod
3297 5489 3449 5531 octa-

1878 5556 2003 5595 vum
2037 5542 2122 5593 hic
2157 5541 2331 5594 locmn
2364 5543 2591 5595 obtinet.

1950 5611 2061 5681 (50)
2104 5609 2236 5664 Vide
2266 5610 2615 5664 Plutarchum
2653 5612 2833 5666 libello
2867 5612 2946 5664 De
2980 5614 3305 5671 curiositate.

1953 5682 2064 5753 (51)
2096 5681 2238 5750 Lege
2272 5681 2495 5735 Luciani
2527 5681 2693 5736 libell.
2731 5681 2852 5736 Non
2879 5700 2989 5736 esse
3031 5688 3310 5740 caluumiw
3334 5704 3448 5741 cre-v

1876 5753 2122 5805 demtum.

1939 5822 2052 5893 (5’2)
2089 5823 2159 5875 Ue
2183 5838 2288 5891 quo
2326 5832 2379 5876 ct
2408 5821 2679 5876 l‘lutzirchi
2706 5822 2940 5879 libellus.
