3964 6480
590 358 700 426 483
1742 364 2005 426 ΡΗΟΤΙΙ
2034 360 2545 427 ΡΑΤΒῙΑΒΟΗᾹΞ
2574 360 2686 421 CP.
3749 353 3849 433 181

594 470 875 540 improbis,
908 487 1081 542 neque
1112 473 1271 530 abiis
1319 472 1639 530 beneﬁcium
1682 477 1849 532 ullum
1898 474 2555 548 accipiendum.Denique
2600 475 2665 528 de
2697 470 3026 543 gratitudine
3076 469 3213 542 (55).
3254 469 3428 541 Atque
3481 470 3595 525 haec
3643 486 3848 528 summa

590 568 825 636 capitum
857 567 1075 621 secundi
1112 568 1251 621 libri.

569 711 576 717 ,
673 658 891 713 Tertius
926 657 1119 711 dehinc
1148 658 1325 727 capita
1363 657 1607 711 continet
1631 674 1737 713 ml
1765 658 1897 727 (51).
1926 656 2134 710 Primur

2352 657 2441 709 Ἐν
2489 656 2546 709 δὲ
2587 653 2663 725 τῷ
2708 655 2755 722 γ’
2788 652 3107 724 περιέχεται
3162 649 3436 719 κεφάλαια
3467 651 3603 717 MB',
3638 652 3854 721 πρῶτον

594 754 661 806 de
691 752 913 804 virtute.
937 751 1186 805 Alterum
1216 752 1282 805 de
1310 751 1461 805 vitio.
1489 752 1544 808 5.
1576 749 1653 804 De
1680 751 1985 820 prudentia.
2013 752 2065 805 ιι.
2095 751 2159 805 De

2292 746 2399 819 :591
2422 748 2639 816 ἀρετῆς,
2669 742 2786 799 εἷτα
2818 743 2944 814 7:591
2971 743 3189 806 κακίας,
3216 744 3345 811 7:591
3366 744 3705 814 φρονήσεως,
3731 748 3857 813 7:591

590 842 976 910 imprudentia.
1003 841 1055 895 5.
1081 841 1157 895 De
1182 842 1619 908 temperantiaﬁ.
1640 842 1713 896 De
1735 842 2155 910 intemperantia.

2293 835 2602 905 ιφροσύνης,
2634 834 2761 904 7:591
2796 832 3169 905 σωφροσύνης,
3207 833 3334 903 7:591
3372 833 3697 899 ἀκολασίας,
3730 840 3858 906 περὶ

590 935 641 987 7.
686 934 758 987 De
797 932 1137 986 fortitudine.
1175 931 1230 985 8.
1272 932 1347 985 De
1399 933 1711 985 timiditate.
1747 933 1799 986 9.
1841 930 2155 1001 Dejustitia.

2289 926 2514 997 ινδρίας,
2538 924 2665 995 7:591
2696 925 2920 988 δειλίας,
2952 925 3081 993 7:591
3103 923 3471 994 δικαιοσύνης,
3504 927 3633 996 περὶ
3663 926 3854 978 πλεονο

589 1025 681 1078 10.
712 1026 786 1079 De
834 1025 1070 1079 habendi
1122 1024 1419 1091 cupiditate
1471 1033 1634 1091 atque
1663 1022 1945 1089 injustitia.
1978 1024 2060 1077 11.
2094 1023 2154 1079 De

2291 1020 2413 1083 Eia;
2445 1021 2538 1071 καὶ
2565 1016 2800 1077 ἀδικίας,
2835 1018 2964 1087 7:591
2992 1016 3270 1087 ἀληθείας,
3301 1017 3429 1084 7:591
3447 1016 3700 1085 ψεύδους,
3729 1020 3856 1087 7:59".

584 1120 839 1172 veritate.
862 1119 947 1172 12.
973 1119 1048 1172 De
1071 1117 1372 1171 mendacio.
1402 1116 1489 1170 15.
1516 1116 1593 1171 De
1622 1116 1871 1185 loquendi
1897 1116 2144 1171 libertate

2291 1111 2615 1181 παρρησίας,
2649 1107 2775 1178 7:591
2827 1106 3140 1171 κολακείας,
3178 1108 3307 1178 7:591
3357 1108 3595 1171 ἀσωτίας
3615 1109 3682 1173 ⁸⁸,
3728 1109 3856 1177 περὶ

589 1214 673 1267 11.
705 1213 779 1267 De
824 1213 1213 1267 assentatione.
1267 1210 1352 1265 15.
1392 1212 1465 1264 De
1511 1209 1910 1277 prodigalitate.
1966 1210 2048 1265 16.
2093 1211 2154 1266 De

2293 1200 2572 1263 ›ειδωλίας,
2632 1199 2760 1269 7:591
2810 1200 3158 1269 ἐγκρατείας,
3204 1202 3330 1271 7:591
3379 1200 3677 1271 ἀκρασίας,
3727 1203 3858 1269 7:591

584 1306 919 1375 parcimouia
956 1303 1084 1375 [seu
1136 1301 1484 1372 tenacitate].
1520 1303 1607 1356 17.
1664 1301 1739 1355 De
1801 1304 2149 1357 continentia.

2290 1290 2634 1357 ινεξικακίας,
2686 1291 2815 1361 περὶ
2861 1291 3051 1359 ὀργῆς,
3086 1290 3215 1361 7:591
3264 1288 3358 1343 τοῦ
3411 1291 3582 1358 γνῶθι
3635 1292 3855 1348 σαυτὴν,

586 1399 669 1453 18.
703 1396 778 1451 De
803 1396 1215 1452 incontinentia.
1246 1395 1331 1450 l9.
1364 1395 1436 1447 De
1462 1396 1721 1463 patientia
1748 1392 1866 1467 [seu
1899 1395 2151 1448 malorum

2292 1386 2392 1455 :591
2427 1384 2748 1455 ὑπεροψίας,
2785 1384 2913 1454 7:591
2947 1383 3254 1452 φιλαυτίας,
3293 1385 3421 1454 7:591
3468 1385 3561 1437 τοῦ
3610 1384 3857 1438 συνειδὸο

583 1487 916 1559 tolerantia].
958 1487 1051 1540 20.
1098 1486 1171 1539 De
1217 1486 1517 1540 iracundia.
1546 1488 1635 1540 21.
1673 1486 1746 1539 De
1789 1486 2148 1553 cognoscendt

2294 1494 2371 1542 ος,
2421 1472 2551 1546 7:591
2603 1480 2845 1545 μνήμης,
2892 1474 3020 1545 7:591
3068 1474 3259 1545 λήθης,
3310 1477 3435 1546 περὶ
3485 1477 3671 1546 ὅρκου,
3722 1479 3854 1544 περῖ

579 1584 839 1647 seipsum.
891 1580 981 1633 22.
1021 1578 1094 1632 De
1129 1577 1296 1633 fastu.
1362 1578 1456 1632 25.
1512 1579 1585 1631 De
1632 1593 1777 1630 cmeo
1824 1577 1903 1629 sui
1952 1587 2144 1630 amore.

2291 1569 2565 1639 πιορκίας,
2603 1569 2731 1639 7:591
2768 1568 3101 1636 φιλοπονίας,
3140 1569 3269 1639 7:591
3314 1570 3531 1655 ἀργίας,
3581 1570 3714 1638 περὶ
3768 1572 3854 1621 αξη

575 1669 668 1723 24.
706 1668 778 1722 De
806 1668 1168 1722 conscientia.
1205 1666 1297 1721 25.
1338 1668 1409 1721 De
1448 1668 1728 1719 memoria.
1770 1666 1860 1719 26.
1899 1668 1969 1720 De
2017 1664 2140 1717 obli«

2290 1661 2403 1723 οὖς,
2429 1662 2557 1732 7:591
2586 1660 2884 1722 ἀναιδείας,
2920 1660 3047 1730 7:591
3084 1661 3263 1730 σιγῆς,
3295 1660 3540 1730 περὶτοῦ
3572 1662 3855 1731 εὐκαίρως

578 1762 761 1815 vioue.
794 1761 887 1814 27.
918 1759 994 1814 De
1021 1759 1402 1827 jurejurando.
1435 1758 1528 1813 28.
1577 1760 1647 1812 De
1674 1758 1936 1823 Difl'jlll'iO.
1963 1758 2053 1811 29.
2084 1755 2143 1811 De

2292 1754 2458 1820 ἐγειν,
2516 1753 2644 1825 7:591
2699 1752 3082 1824 βραχυλογίας,
3138 1752 3264 1822 7:591
3314 1752 3667 1822 ἀδολεσχίας,
3724 1753 3857 1819 7:591

577 1851 779 1904 laboris
844 1852 1043 1905 studio.
1106 1850 1197 1904 50.
1251 1849 1326 1902 De
1382 1850 1616 1919 ignavia.
1664 1846 1752 1903 51.
1798 1850 1869 1901 De
1926 1848 2142 1915 pudore.

2296 1846 2646 1917 ρηστότητος,
2727 1847 2857 1919 7:591
2906 1846 3134 1914 φθόνου,
3185 1846 3314 1917 7:591
3368 1847 3665 1917 πατρίδος,
3725 1845 3858 1915 7:591

576 1942 668 1996 52.
703 1943 774 1995 lie
820 1941 1186 2007 impudentia.
1220 1940 1309 1992 55.
1352 1938 1429 1992 De
1456 1938 1691 1991 silentio.
1726 1937 1815 1990 51.
1853 1936 1925 1989 De
1955 1947 2141 2002 tempe-

2133 1966 2155 1976 -
2259 1937 2437 2007 ξένης,
2472 1938 2598 2009 περὶ
2628 1939 2977 2011 ἀπορρήτων,
3006 1940 3099 1991 καὶ
3134 1938 3220 2007 μβ¹
3258 1938 3387 2007 7:591
3416 1937 3698 2005 διαϐολῆς.

581 2038 719 2091 stiva
751 2037 1023 2087 oratione.
1048 2032 1138 2086 55.
1171 2031 1247 2085 De
1274 2031 1488 2085 dicendi
1521 2030 1805 2084 brevitate.
1840 2027 1937 2082 56.
1970 2026 2044 2081 De
2066 2028 2384 2098 garrulitate
2423 2028 2559 2099 (55).
2629 2030 2722 2084 57.
2772 2030 2847 2083 De
2903 2031 3257 2100 benignitate.
3322 2029 3413 2083 58.
3488 2029 3562 2083 De
3626 2028 3857 2092 invidia.

574 2132 670 2189 3t).
708 2129 780 2181 De
811 2127 1005 2195 patria.
1034 2123 1123 2178 Μ).
1156 2122 1230 2177 De
1275 2120 1557 2190 peregrina
1612 2132 1778 2175 terra.
1816 2120 1906 2177 41.
1946 2120 2024 2176 De
2049 2121 2288 2187 arcanis,
2324 2130 2382 2174 et
2408 2121 2499 2176 42.
2540 2122 2613 2175 De
2645 2121 2941 2176 calumnia.

646 2221 835 2287 Quarti
867 2219 1099 2285 denique
1131 2217 1249 2269 libri
1275 2216 1454 2284 capita
1506 2214 1620 2267 haec
1651 2225 1796 2267 sunt.
1821 2214 2059 2268 Primum
2097 2214 2162 2268 de
2194 2228 2211 2281 ι

2336 2213 2418 2267 Τά
2441 2213 2499 2266 δὲ
2528 2215 2622 2267 τοῦ
2650 2214 2692 2266 δ’
2726 2212 2932 2283 βιϐλίου
2959 2215 3077 2267 ἐστὶ
3104 2213 3275 2268 ταῦτα
3295 2256 3309 2279 ,
3343 2215 3559 2286 πρῶτον
3588 2214 3727 2281 περὶ
3757 2231 3857 2265 πο-

575 2309 851 2378 republica
878 2306 1014 2377 (56),
1035 2306 1262 2359 alterum
1287 2306 1352 2357 de
1398 2303 1607 2372 legibus
1655 2313 1709 2356 et
1737 2302 2140 2357 consuetudini-

2291 2306 2474 2369 ιτείας,
2503 2306 2752 2376 δεύτερον
2785 2307 2912 2377 7:591
2945 2306 3125 2376 νόμων
3158 2308 3253 2359 καὶ
3280 2305 3419 2359 ἐθῶν
3438 2344 3452 2367 ,
3490 2309 3618 2376 περὶ
3646 2306 3856 2376 δήμου,

576 2405 697 2455 bus.
727 2402 780 2454 5.
808 2400 880 2453 De
910 2399 1062 2467 plebe
1094 2396 1235 2466 (57).
1279 2397 1334 2449 ι.
1370 2395 1443 2448 De
1481 2394 1791 2462 potentibus
1823 2394 1874 2447 in
1907 2395 2141 2453 civitate.

2295 2398 2379 2470 591
2405 2396 2514 2449 τῶν
2544 2400 2599 2450 ἐν
2629 2401 2748 2460 ταῖς
2783 2398 2971 2451 πόλεσι
2998 2398 3243 2452 δυνατῶν
3260 2398 3327 2464 ⁸¹,
3362 2399 3492 2469 περὶ
3517 2398 3697 2469 ἀρχῆς
3720 2438 3737 2461 ,
3763 2399 3860 2450 καὶ

575 2490 630 2545 5.
664 2490 738 2545 De
790 2491 1133 2558 principatu;
1176 2497 1231 2540 et
1285 2485 1507 2551 Qualem
1552 2499 1676 2539 esse
1727 2486 2023 2553 principem
2085 2501 2140 2539 ac

2299 2488 2380 2558 591
2407 2484 2501 2540 τοῦ
2529 2490 2711 2539 ὁποῖον
2744 2487 2848 2557 χρὴ
2878 2484 3015 2541 εἶναι
3050 2488 3140 2540 τὸν
3167 2485 3421 2559 ἄρχοντα,
3446 2489 3526 2541 ὃτι
3558 2488 3864 2542 κάλλιστον

578 2585 956 2652 magistratum
986 2582 1197 2635 deceat.
1230 2578 1281 2631 6.
1326 2575 1603 2647 Optimum
1628 2591 1746 2629 esse
1790 2577 1950 2631 unius
1982 2577 2143 2644 impe-

2314 2579 2600 2648 μοναρχία,
2634 2578 2905 2646 ὑποθῆκαι
2941 2579 3070 2648 7:591
3101 2576 3398 2649 βασιλείας,
3433 2578 3602 2648 ψόγος
3647 2596 3863 2649 τυραν-

576 2675 741 2727 rium.
771 2673 822 2727 7.
860 2670 1036 2742 Regni
1074 2669 1485 2724 administrandi
1521 2670 1930 2737 praeceptiones.
1970 2668 2023 2723 8.
2066 2669 2141 2722 νίς

2305 2666 2414 2732 δος,
2457 2669 2584 2739 7:591
2622 2668 2861 2738 πολέμου
2883 2711 2897 2735 ,
2929 2670 3060 2740 περὶ
3093 2670 3299 2739 τόλμης
3327 2713 3340 2733 ,
3394 2671 3524 2738 περὶ
3572 2670 3866 2739 νεότητος,

576 2765 845 2834 tuperatio
865 2764 1254 2834 tyrannidis.9.
1279 2762 1350 2814 De
1381 2761 1537 2814 bello.
1557 2760 1643 2814 10.
1661 2759 1734 2813 De
1757 2761 1979 2815 audacia
2015 2761 2141 2831 (58).

2304 2761 2381 2832 591
2415 2761 2756 2831 στρατηγῶν,
2792 2761 2883 2815 καὶ
2916 2762 3042 2832 περὶ
3069 2761 3177 2813 τῶν
3206 2760 3350 2814 κατὰ
3385 2759 3626 2831 πόλεμον
3650 2763 3869 2831 χρειῶν

574 2858 663 2913 11.
694 2860 769 2913 De
801 2858 1085 2925 juventute
1114 2856 1250 2927 (59).
1288 2856 1376 2908 12.
1412 2854 1488 2909 De
1523 2854 1647 2907 belli
1686 2855 2139 2922 imperatoribus;

2302 2854 2549 2921 ποθῆκαι,
2579 2855 2708 2925 7:591
2757 2855 2997 2924 εἰρήνης,
3034 2854 3161 2925 7:591
3206 2853 3501 2924 γεωργίας,
3531 2855 3663 2923 7:591
3727 2854 3867 2922 ἡσυ-

570 2962 649 3015 et,
680 2953 751 3005 De
776 2953 840 3006 iis
859 2967 976 3019 quae
997 2952 1203 3003 militiae
1226 2949 1344 3002 usui
1364 2963 1481 3001 esse
1498 2948 1707 3016 possint
1727 2958 1996 3015 praecepta
2014 2947 2135 3016 (60).

2304 2965 2395 3010 ag,
2431 2949 2557 3016 7:591
2601 2946 2895 3011 ναυτιλίας,
2933 2948 3061 3017 περὶ
3109 2948 3337 3017 τεχνῶν,
3396 2948 3521 3017 7:591
3569 2947 3869 2999 δεσποτῶν

575 3041 663 3095 15.
699 3042 773 3095 De
800 3056 948 3108 pace.
984 3041 1070 3095 14.
1110 3041 1182 3093 De
1221 3038 1610 3107 agricultura‘.
1655 3038 1739 3092 15.
1770 3037 1843 3090 De
1886 3038 2140 3105 tranquil-

2306 3039 2347 3090 r1
2391 3036 2614 3102 δούλων,
2651 3038 2779 3109 7:591
2836 3039 3157 3108 Ἀφροδίτης
3206 3038 3491 3108 πανδήμου
3535 3038 3700 3091 καὶ⁸⁸
3735 3038 3871 3107 7:591

574 3130 741 3183 litate.
783 3131 872 3184 16.
934 3130 1011 3184 De
1065 3129 1409 3199 navigatione
1453 3131 1531 3197 (et
1575 3126 1899 3196 naufragio).
1945 3127 2032 3180 17.
2079 3128 2139 3181 De

2302 3147 2454 3192 δωτος
2497 3130 2606 3182 τῶν
2651 3131 2791 3182 κατά
2837 3130 2897 3183 τὸ
2943 3128 3102 3198 σῶμα
3152 3128 3375 3199 ἡδονῶν,
3415 3131 3541 3195 7:591
3589 3129 3867 3192 κάλλους,

571 3224 834 3276 artihus‘.
868 3221 955 3276 18.
993 3220 1068 3275 De
1113 3220 1345 3274 dominis
1392 3230 1447 3275 et
1494 3220 1682 3274 servis.
1717 3220 1804 3273 19.
1836 3221 1907 3273 De
1944 3219 2136 3274 Venere

2297 3224 2382 3292 591
2412 3223 2612 3289 γάμου,
2642 3222 2738 3274 καὶ
2767 3222 2835 3275 τὰ
2864 3223 2991 3295 ὲξῆς
3022 3222 3114 3275 τοῦ
3146 3220 3443 3289 κεφαλαίου
3479 3221 3703 3275 τούτου.
3744 3223 3859 3274 Γα-

572 3312 778 3380 vulgari
806 3313 945 3381 (qua:
976 3312 1345 3380 generationis
1388 3312 1637 3364 humanae
1672 3311 1785 3380 (6|)
1813 3327 2036 3364 causam
2070 3310 2137 3363 fo-

2310 3313 2390 3365 ,κὰ
2425 3313 2883 3383 παραγγέλματα,
2915 3314 3009 3367 καὶ
3042 3312 3170 3383 7:591
3206 3315 3431 3378 παίδων,
3464 3318 3558 3367 καὶ
3608 3315 3684 3368 τά
3738 3316 3875 3380 ὲξῆς

573 3404 706 3471 vet).
739 3403 832 3459 20.
872 3404 944 3457 De
990 3418 1175 3456 amore
1229 3403 1560 3470 voluptatum
1611 3404 1857 3471 corporis
1891 3402 2024 3473 (62).
2056 3403 2138 3457 21.

2308 3404 2345 3457 ιῦ
2378 3405 2675 3473 κεφαλαίου
2717 3405 2929 3459 τούτου.
2979 3407 3086 3459 Καὶ
3130 3407 3212 3459 ὅτι
3244 3402 3352 3477 χρὴ
3385 3408 3512 3470 τοὺς
3541 3411 3734 3476 γονεῖς
3766 3413 3873 3479 τῆς

576 3493 652 3547 De
677 3492 1140 3562 pulchritudine‘.
1177 3491 1268 3545 22.
1307 3493 1379 3544 De
1427 3492 1648 3559 nuptiis,
1694 3502 1747 3545 et
1792 3490 1911 3559 ejus
1958 3492 2141 3559 capitis

2306 3497 2604 3566 ιθηκούσης
2635 3497 2801 3566 τιμῆς
2841 3495 3225 3561 καταξιοῦσθαι
3259 3498 3409 3569 παρά
3451 3499 3561 3553 τῶν
3604 3500 3834 3553 τέκνων
3856 3519 3871 3531 ⁸

571 3598 767 3640 caetera
805 3586 940 3656 (65).
962 3585 1053 3639 25.
1077 3584 1430 3639 Conuubialia
1470 3595 1755 3654 praecepta.
1782 3584 1872 3636 21.
1906 3585 1976 3636 lle
2012 3584 2136 3636 libe-

2311 3590 2468 3651 τοίους
2505 3589 2608 3660 χρὴ
2653 3584 2791 3641 εἶναι
2830 3590 2955 3652 τοὺς
2989 3590 3234 3658 πατέρας
3264 3590 3394 3659 7:591
3422 3590 3489 3643 τὰ
3520 3590 3876 3645 τέκνα.Ὀτι

573 3681 671 3743 ris,
701 3688 756 3732 et
793 3679 910 3747 ejus
941 3678 1154 3747 generis
1184 3677 1391 3747 reliqua
1423 3676 1559 3747 (65).
1591 3676 1685 3730 25.
1722 3676 1912 3729 Debito
1952 3691 2138 3743 paren-

2315 3679 2536 3733 ιλλιστον
2568 3682 2601 3751 ὴ
2640 3681 2962 3750 φιλαδελφία
3008 3678 3103 3734 καὶ
3140 3684 3173 3751 ἡ
3208 3680 3337 3752 7:591
3383 3683 3509 3746 τοὺς
3563 3689 3880 3753 συγγενεῖς

575 3778 658 3823 tes
702 3769 904 3823 honore
952 3784 981 3820 a
1021 3768 1207 3822 liberis
1254 3783 1375 3822 esse
1426 3768 1735 3821 alliciendos
1786 3766 1887 3838 (et,
1933 3766 2015 3819 An
2058 3783 2140 3834 per

2313 3774 2508 3836 ίιθεσις.
2545 3774 2919 3844 υίκονομικός.
2957 3772 3092 3842 Περὶ
3120 3776 3435 3842 εὐγενείας,
3482 3777 3581 3828 καὶ
3612 3779 3690 3828 τὰ
3732 3778 3878 3843 ἑξῆς

572 3861 754 3913 omnia
802 3862 882 3914 eis
935 3861 1158 3915 obedire
1212 3858 1550 3930 conveniat].
1600 3858 1693 3913 26.
1736 3859 1932 3926 Quales
1963 3860 2137 3912 deceat

2315 3866 2340 3919 ὖ
2374 3864 2669 3935 κεφαλαίου
2709 3865 2896 3919 τούτου
2920 3880 2933 3896 ⁸
2973 3867 3102 3936 7:591
3130 3867 3464 3935 δυσγενείας.
3502 3870 3643 3939 Περὶ
3686 3870 3880 3921 πλού-

572 3969 695 4009 esse
726 3964 977 4021 parentes
1019 3968 1143 4024 erga
1187 3954 1386 4008 liberos
1414 3954 1548 4023 (61),
1578 3951 1657 4024 [et
1702 3954 1843 4020 quod
1896 3952 2137 4018 utrinque

2313 3975 2363 4020 υ,
2394 3955 2486 4009 καὶ
2512 3956 2579 4009 τὰ
2609 3956 2735 4026 ἑξῆς
2760 3953 2855 4010 τοῦ
2881 3958 3179 4027 κεφαλαίου
3204 3959 3394 4012 τούτου
3419 3976 3433 3989 ’
3462 3962 3591 4030 7:591
3618 3962 3841 4023 πενίας
3862 3978 3877 3992 ο

572 4048 804 4100 naturali
869 4049 1107 4115 quadam
1170 4047 1497 4101 necessitate
1558 4057 1745 4099 mutuo
1783 4043 2137 4115 aﬂiciautur].

2315 4068 2544 4118 ιγκρισις
2578 4052 2769 4115 πενίας
2815 4052 2909 4105 καὶ
2953 4052 3338 4107 πλούτου.”οτι
3370 4054 3398 4106 ὁ
3431 4054 3544 4121 βίος
3587 4053 3730 4125 [195
3768 4054 3880 4126 11.]

566 4137 658 4193 27.
708 4138 1026 4192 Fraternum
1074 4155 1348 4205 amorem,
1395 4149 1449 4192 et
1480 4139 1645 4191 animi
1692 4137 1968 4203 allectum,
2019 4152 2131 4206 erg:

2319 4144 2463 4211 καχὺς
2491 4145 2586 4196 καὶ
2616 4144 2912 4215 φροντίδων
2940 4145 3264 4214 ἀνάμεστος.
3300 4145 3428 4218 [572
3457 4145 3551 4217 R.]
3585 4146 3732 4216 Περὶ
3770 4144 3884 4199 λύ-

570 4238 833 4299 eognatos
867 4246 988 4284 esse
1039 4231 1482 4285 honestissimum
1532 4228 1809 4301 [quodque
1858 4229 1910 4281 hi
1961 4244 2135 4281 neces-

2319 4251 2382 4301 ις,
2415 4234 2497 4288 ὃτι
2544 4235 2667 4289 λέαν
2718 4236 2988 4307 μοχθηρά.
3036 4238 3169 4306 Περὶ
3211 4240 3370 4291 νόσου
3415 4240 3508 4291 καὶ
3560 4238 3779 4302 ἰάσεως
3802 4242 3884 4301 ⁸³,

570 4325 700 4377 sarii
740 4324 893 4396 sint.]
942 4324 1035 4378 28.
1076 4326 1150 4378 De
1201 4326 1278 4378 rei
1323 4322 1604 4377 familiaris
1652 4324 1860 4377 tuendae
1917 4324 2135 4377 ratione.

2330 4326 2383 4395 91
2413 4327 2623 4395 ὑγιείας
2655 4329 2744 4380 καὶ
2768 4326 3029 4399 διαμονῆς
3065 4330 3256 4399 αὐτῆς,
3295 4330 3423 4401 7:591
3457 4330 3685 4401 ἰατρῶν.
3716 4333 3807 4384 [Ιε
3821 4332 3886 4402 ρὶ

568 4416 659 4471 59.
695 4416 768 4470 De
795 4418 1078 4469 nobilitate
1106 4415 1341 4486 [nobiles
1377 4415 1497 4468 illos
1522 4430 1670 4476 esse,
1705 4415 1795 4484 qui
1830 4430 1895 4467 ex
1930 4414 2133 4467 virtutis

2325 4415 2620 4487 δαιμονίας,
2651 4420 2777 4487 περὶ
2806 4417 3228 4491 κακοδαιμονίας
3249 4437 3261 4449 '
3295 4422 3377 4474 ὅτι
3401 4422 3664 4486 ἀϐέϐαιος
3688 4424 3721 4493 ἡ
3752 4426 3890 4477 τῶν

566 4510 881 4579 praescripto
916 4508 1121 4575 vivant,
1148 4509 1366 4562 tametsi
1402 4523 1499 4561 nec
1531 4507 1692 4561 bonis
1734 4507 1973 4561 moribus
2008 4522 2131 4574 prae-

2326 4508 2558 4576 Ορὼπων
2583 4508 2881 4577 εὐπραξία⁶
2912 4512 3041 4580 7:591
3068 4512 3179 4564 τῶν
3210 4510 3338 4581 παρ’
3365 4512 3523 4578 ἀξίαν
3547 4515 3891 4583 εὐτυχούν-

563 4602 695 4655 ditis
724 4600 1045 4670 parentibus
1085 4600 1193 4655 orti
1237 4596 1371 4669 sint]
1408 4608 1461 4652 et
1510 4598 1716 4653 relicua
1764 4598 2006 4667 ejusdem
2053 4615 2128 4651 ar-

2332 4619 2393 4655 ν·
2430 4603 2560 4671 7:591
2613 4604 2722 4657 τῶν
2772 4602 2904 4674 παρ’
2935 4600 3092 4670 ἀξίαν
3137 4603 3581 4674 δυστυχούντων·
3635 4608 3725 4660 ὅτι
3797 4608 3897 4661 δεῖ

1885 4732 2123 4787 VARle
2163 4732 2568 4790 LECTIONES;

632 4831 679 4863 ⁸⁸
711 4826 976 4890 ἁσωτείας
1006 4843 1066 4890 ς.
1143 4826 1187 4857 ⁸¹
1218 4824 1460 4879 δυνατῶν
1481 4824 1569 4880 AC
1596 4841 1611 4877 :
1637 4825 1913 4880 δυναστῶν
1941 4842 2001 4890 ς.
2075 4827 2121 4857 ⁸⁸
2154 4827 2249 4878 καὶ
2279 4827 2402 4881 add.
2438 4826 2505 4881 A.
2582 4828 2628 4859 ⁸³
2660 4828 2856 4881 ἱάσεων
2891 4843 2952 4890 ς.

2079 4942 2312 4998 ΝΟΤΛΕ.

622 4998 631 5023 ι

638 5035 752 5104 (55)
785 5037 965 5093 Unica
1001 5040 1054 5092 in
1095 5039 1325 5094 menade
1368 5052 1396 5091 a
1434 5037 1719 5103 superiore
1762 5033 1971 5089 calculo
2004 5035 2160 5087 aber—
2193 5039 2234 5091 D
2266 5034 2319 5087 in
2354 5034 2561 5104 laudem
2588 5049 2651 5088 ac
2677 5035 3129 5104 vituperationem
3160 5035 3480 5099 reperimus.

564 5109 829 5164 ravimus.
862 5110 1048 5174 Quem
1102 5109 1261 5162 facile
1301 5123 1548 5162 errorem
1593 5107 1855 5174 corriget,
1900 5106 1990 5173 qui
2022 5105 2152 5159 olim
2342 5104 2453 5174 (59)
2480 5103 2538 5158 In
2574 5103 2905 5160 Stobaeu’est
2935 5106 3045 5169 hic,
3077 5106 3153 5159 De
3183 5104 3385 5158 Militia
3423 5116 3471 5157 et
3495 5104 3710 5160 viribus
3748 5122 3915 5163 cor-

567 5179 712 5234 hunc
744 5179 943 5232 librmn
977 5181 1133 5234 nobis
1158 5182 1426 5246 integrum
1453 5178 1506 5230 in
1534 5175 1705 5229 lucem
1734 5175 1903 5227 dabit.
2039 5244 2061 5246 ξ
2254 5179 2417 5242 poris.

648 5247 761 5317 (54)
793 5248 922 5314 Quae
955 5251 1180 5303 totidem
1214 5243 1491 5301 et'iisdem
1536 5246 1990 5317 inscriptionibus
2025 5244 2156 5298 Ser-
2331 5246 2445 5317 (60)
2476 5244 2752 5315 Evnlgatis
2785 5246 2937 5299 libris
2976 5246 3080 5299 hoc
3114 5243 3379 5317 additum.

575 5315 791 5373 manum
822 5321 1066 5382 nomine,
1104 5334 1208 5372 una
1253 5334 1375 5371 cum
1417 5327 1615 5385 quarto
1644 5316 1781 5385 libi-0
1809 5315 1955 5367 edita
2003 5318 2154 5369 luere
2270 5384 2277 5385 ί
2324 5316 2436 5385 (61)
2478 5316 2531 5368 ln
2562 5318 2725 5370 editis
2752 5317 2946 5385 legitur
2977 5315 3300 5382 prazcedenti
3330 5315 3513 5383 capite
3550 5326 3605 5369 et
3643 5319 3924 5374 subau-

585 5391 803 5456 saepius,
832 5389 1020 5443 Graece
1050 5384 1670 5450 Venetiis,Graéro-Lat.
1698 5384 2028 5456 Tigurinon
2063 5403 2151 5438 se-
2249 5384 2424 5450 ditur,
2461 5386 2793 5455 Viluperatio
2832 5384 3067 5450 Veneris,
3097 5396 3143 5439 et
3175 5389 3315 5454 quod
3345 5388 3517 5439 malus
3553 5389 3620 5438 sit
3645 5405 3893 5455 amor,

567 5455 675 5513 mel
726 5474 791 5513 ac
849 5460 1082 5528 denique
1132 5457 1475 5513 Francofurti
1525 5472 1649 5511 cum
1712 5459 1843 5509 Ant.
1889 5455 2146 5519 Melissa,
2248 5472 2312 5509 ac
2339 5458 2623 5528 multarunt
2646 5459 2909 5509 malarum
2934 5466 3138 5510 auctor.

569 5529 814 5599 aliisque
840 5526 1200 5599 gnoniologis.
2337 5526 2448 5599 (62)
2488 5528 2561 5599 De
2591 5528 2789 5599 quibus
2823 5542 2916 5581 sex
2947 5529 3143 5599 habent
3180 5528 3359 5594 capita
3398 5526 3525 5581 libri
3562 5528 3755 5583 editi.

796 5596 867 5673 p_é
893 5614 1014 5673 qua
1042 5596 1316 5673 Plutarch.
1346 5599 1533 5673 etiam.
1920 5670 1970 5673 __
2334 5596 2454 5673 (65)
2499 5598 2631 5663 Qua:
2672 5598 2794 5651 libri
2836 5598 2966 5651 editi
3021 5612 3117 5665 per
3165 5599 3269 5651 tria
3318 5600 3611 5651 distributa
3672 5614 3927 5673 cap;t..

640 5669 752 5735 (56)
796 5668 968 5723 Hodie
1004 5671 1054 5723 in
1082 5672 1298 5726 Stobreo
1331 5671 1545 5738 vulgato
1585 5685 1764 5723 sermo
1794 5679 1878 5721 est
1905 5670 1995 5723 45.
2257 5670 2537 5738 exhibent.

642 5738 757 5810 (57)
790 5739 888 5803 Qui
921 5756 1100 5794 sermo
1135 5742 1186 5794 itt
1216 5741 1373 5794 libris
1408 5736 1573 5794 etlitis
1601 5756 1703 5792 non
1737 5752 1935 5793 exstat.
2258 5808 2286 5810 η
2331 5739 2445 5807 (64)
2477 5737 2614 5810 Tres
2660 5737 2747 5810 hic
2802 5738 3040 5792 insertos
3089 5754 3374 5793 sermones
3419 5738 3509 5799 80,
3542 5736 3635 5797 81,
3678 5741 3816 5810 89.,
3864 5747 3929 5800 in

642 5808 759 5881 (58)
794 5810 907 5866 Hoc
934 5810 1092 5879 signo
1126 5814 1453 5876 notavimus,
1475 5827 1597 5880 qua:
1629 5812 1680 5864 in
1711 5811 1873 5865 editis
1898 5811 2152 5865 distim-ta
2256 5808 2409 5862 libris
2437 5809 2654 5863 aliunde
2694 5809 3004 5877 inrepsisse,
3026 5811 3138 5875 jam
3175 5824 3293 5876 sup.
3329 5810 3759 5866 indicavimus.
