4090 6432
271 374 375 441 485
1254 381 1780 444 BIBLIOTIIECA.
1818 412 1884 423 -
1916 386 2082 448 COD.
2124 389 2401 451 CLXVII.
3419 388 3530 455 486

267 490 526 560 γενναίως
556 490 746 558 φέρειν
765 492 836 547 τά
855 494 1269 565 προσπίπτοντα
1292 512 1307 526 ·
1338 497 1420 548 ὅτι
1450 495 1529 547 δεῖ
1553 496 1652 559 τὰς
1686 497 1830 550 εὐτυ-

1953 501 2195 570 guuteltti
2226 501 2360 571 (65).
2398 500 2491 557 50.
2524 502 2599 555 De
2635 501 2999 573 ignobilitate.
3039 505 3127 559 '51.
3166 503 3240 560 De
3263 504 3471 560 divitiis
3507 526 3527 574 ι

265 584 385 656 χίας
436 585 782 653 προφαίνειν,
813 584 915 649 τὰς
949 586 994 638 δ’
1020 587 1247 657 ἀτυχίας
1278 586 1561 658 κρύπτειν.
1594 590 1729 659 Περὶ
1761 589 1830 643 et.

1950 599 2006 643 et
2069 591 2227 658 hujus
2286 592 2503 661 generis
2552 592 2766 647 caeteris
2826 591 2962 663 (66).
3013 592 3102 647 32.
3178 593 3250 647 De
3312 594 3533 663 inopia.

261 680 412 743 πίδος
433 697 450 710 ο
488 684 619 752 περ).
650 679 762 733 τῶν
792 682 923 750 παρ’
945 681 1287 736 ὲλπίδα.⁶’οτι
1317 685 1378 736 οὐ
1404 684 1509 753 χρὴ
1540 685 1830 756 ὲπιχαίρειπ

1953 682 2045 735 ‘55.
2079 682 2400 735 Divitiarum
2442 685 2887 752 paupertatisque
2934 686 3295 755 comparatio.
3320 686 3409 742 54.
3440 686 3537 740 Vi—

258 774 367 834 τοίς
422 771 713 840 ἀτυχοῦσιν
748 788 761 802 ο
810 772 894 825 ὅτι
936 775 996 855 1oi
1050 773 1375 843 ἀτυχοῦντες
1420 774 1680 845 χρῄζουσι
1739 777 1830 829 τῶς

1960 781 2068 827 tam
2106 787 2228 827 esse
2277 774 2616 843 perbrevem,
2655 789 3023 842 curarumque
3068 776 3302 843 plenam.
3338 776 3428 830 35.
3458 775 3534 829 De

260 865 717 934 συμπασχόντων.
754 866 887 936 Περὶ
918 865 1126 937 γήρως,
1163 868 1259 919 καὶ
1298 867 1363 920 τὰ
1396 867 1521 937 ἑξῆς
1554 868 1646 921 τοῦ
1678 886 1830 937 κεφαη

1959 866 2207 930 tristitia,
2232 865 2460 934 ejusque
2487 866 2758 921 molestia.
2790 866 2878 921 56.
2915 866 2991 922 De
3052 869 3242 921 morbo
3275 866 3465 938 114a
3484 876 3539 920 et

256 955 407 1008 λαίου
455 955 668 1010 τούτου.
697 957 832 1027 Περὶ
881 958 1136 1021 θανάτου,
1165 962 1294 1029 περὶ
1342 957 1522 1028 ζωῆς·
1556 959 1830 1030 σύγκρισις

1954 955 2202 1011 medelis.
2240 955 2335 1009 57.
2371 953 2449 1010 De
2481 955 2807 1021 valetudine,
2846 955 3072 1024 ejusque
3124 959 3533 1025 permansione.

257 1045 403 1113 ζωῆς
438 1048 535 1099 καὶ
561 1048 814 1101 θανάτου.
845 1049 980 1120 Περὶ
1010 1050 1234 1112 πένθους
1258 1089 1273 1115 ,
1307 1050 1437 1119 περ).
1462 1051 1654 1120 ταφῆς.
1693 1053 1830 1122 Παρ-

1949 1047 2039 1101 58.
2081 1048 2157 1103 De
2199 1049 2428 1103 medicis
2455 1088 2470 1114 ,
2528 1058 2582 1103 et
2624 1049 2915 1103 medicina.
2962 1048 3049 1103 59.
3116 1048 3191 1103 De
3247 1047 3531 1103 felicitate.

257 1141 529 1209 ητορικά·
568 1141 648 1193 ὅτι
677 1141 738 1193 οὐ
771 1142 876 1213 χρὴ
925 1145 1201 1212 παροινεῖν
1244 1144 1323 1204 είς
1364 1142 1491 1206 τοὺς
1534 1144 1830 1210 τετελευτη-

1948 1142 2038 1195 4υ.
2075 1141 2151 1195 De
2187 1142 2533 1197 infelicitate.
2569 1143 2656 1197 41.
2692 1140 3003 1196 lnstabilem
3055 1157 3179 1197 esse
3221 1140 3534 1195 mortalium

258 1234 461 1297 κότας·
517 1237 599 1289 ὅτι
652 1236 760 1289 τῶν
794 1236 1065 1291 πλείστων
1104 1238 1243 1308 μετὰ
1294 1238 1523 1291 θάνατον
1574 1240 1608 1309 ή
1656 1242 1830 1310 μνήμτ

1950 1236 2398 1305 prosperitatem.
2431 1234 2521 1291 ιε.
2564 1235 2639 1289 De
2674 1236 2757 1289 his
2792 1235 2884 1305 qui
2930 1246 3122 1305 prazter
3168 1234 3422 1288 meritum
3460 1234 3539 1285 le-

251 1326 334 1378 δια
341 1328 373 1396 ῤ
381 1329 471 1396 ρετ
503 1328 735 1399 ταχέως.

1948 1327 2083 1382 lices
2115 1337 2261 1382 sunt.
2302 1328 2394 1382 45.
2430 1328 2503 1382 De
2539 1329 2629 1383 his
2659 1329 2751 1399 qui
2781 1338 2979 1398 praeter
3003 1329 3256 1383 meritqu
3287 1327 3534 1384 infelices

251 1425 400 1473 sunt.
458 1419 552 1474 44.
611 1420 959 1490 Quaecunque.
1011 1422 1293 1487 accidunt,
1346 1432 1667 1478 constanter
1712 1436 1832 1476 esse
1859 1421 2078 1476 ferenda
2132 1418 2492 1491 (hominibus,
2528 1434 2756 1488 quorum
2827 1428 2911 1474 est
2968 1435 3035 1474 ex
3082 1421 3282 1474 virtute
3361 1420 3533 1471 vitam

250 1511 588 1587 instituere].
623 1516 712 1571 45.
755 1516 1033 1571 Secundas
1074 1533 1160 1571 res
1212 1518 1423 1571 ostendi
1485 1518 1620 1587 (67),
1680 1517 1943 1570 adversas
1995 1524 2184 1568 contra
2251 1512 2355 1582 tegi
2403 1523 2683 1581 oportere,
2741 1510 2821 1583 [et
2891 1512 3054 1567 rebus
3138 1513 3535 1581 prazstantibus

248 1614 399 1659 recte
436 1606 747 1679 utendum].
773 1610 865 1665 46.
916 1607 989 1663 De
1024 1624 1139 1678 spe.
1160 1609 1353 1663 47.οε
1417 1608 1710 1677 insperatis
1760 1606 2067 1661 eventibus.
2117 1604 2209 1659 48.
2258 1605 2332 1659 De
2376 1604 2606 1658 aliorum
2652 1603 2948 1658 infortunio
3008 1603 3355 1675 gaudendum
3423 1621 3530 1660 non

246 1714 391 1753 esse.
425 1700 519 1754 49.
567 1701 812 1756 infelices
859 1702 1105 1771 indigere
1148 1701 1579 1756 condolentibus.
1619 1700 1707 1755 50.
1748 1699 1821 1753 De
1855 1708 2137 1753 senectute
2163 1696 2296 1766 (68),
2328 1697 2543 1765 aliaque
2591 1697 2694 1750 huc
2729 1697 3032 1763 spectantia
3100 1695 3235 1768 (69).
3305 1696 3395 1751 51.
3456 1699 3535 1751 De

245 1801 449 1854 morte,
471 1791 551 1863 [et
571 1807 687 1846 eam
712 1795 903 1848 evitari
925 1810 1029 1848 non
1059 1793 1257 1865 posse].
1278 1794 1367 1849 52.
1396 1793 1470 1849 De
1498 1793 1639 1849 Vita.
1665 1794 1756 1849 55.
1785 1791 2028 1861 Vita(70)
2057 1802 2109 1846 et
2136 1808 2283 1847 mors
2316 1792 2547 1846 invicem
2574 1800 2910 1860 comparata.
2932 1790 3115 1846 54.De
3145 1791 3313 1845 luctu.
3337 1791 3427 1845 55.
3459 1794 3534 1846 De

249 1886 553 1953 sepultura.
589 1888 680 1942 56.
709 1887 1105 1943 Consolatnria.
1138 1890 1225 1944 57.
1250 1887 1304 1941 111
1337 1890 1447 1943 vita
1475 1888 1691 1943 functos
1735 1903 1839 1941 non
1870 1902 1992 1942 esse
2032 1888 2395 1942 exercendam
2438 1886 2861 1951 contumeliam.
2936 1884 3026 1939 58.
3081 1883 3459 1941 Plurimorutn
3499 1896 3531 1935 a

249 1988 428 2031 morte
456 1982 777 2034 memoriam
807 1982 916 2034 cito
953 1996 1305 2036 evanescere.

328 2066 500 2136 Ὁμοῦ
532 2069 600 2123 τὰ
632 2070 898 2137 κεφάλαια
928 2071 1022 2124 τοῦ
1049 2073 1309 2142 τετάρτου
1339 2073 1472 2137 NH’,
1500 2073 1609 2126 τῶν
1640 2072 1697 2125 δὲ
1721 2090 1830 2125 τεσ-

2018 2066 2145 2122 Ηειξο
2176 2067 2357 2136 quarti
2388 2065 2511 2120 libri
2538 2082 2669 2121 Lvnt
2706 2067 2880 2135 capita
2911 2075 3035 2122 sunt
3072 2086 3086 2121 :
3131 2082 3251 2121 cum
3297 2076 3533 2137 quatuor

250 2160 433 2229 σάρων
457 2159 678 2228 βιϐλίων
704 2168 807 2232 ση’.
839 2159 935 2225 Οἷς
963 2164 1350 2234 παρατίθησιν,
1381 2165 1456 2228 ὡς
1488 2164 1592 2235 ἔφη
1603 2182 1721 2235 μεν,
1743 2168 1771 2217 ὁ
1788 2164 1830 2196 ⁸⁸

1944 2161 2183 2228 ipsorum
2234 2158 2496 2212 librorum
2558 2160 2609 2213 in
2670 2160 2988 2213 universum
3040 2169 3165 2212 octo
3205 2160 3315 2213 sint
3365 2175 3527 2228 supra

258 2250 516 2319 Ἰωάννης
568 2250 630 2303 ἐκ
677 2267 737 2304 τε
780 2252 888 2303 τῶν
938 2254 1177 2321 ὲκλογῶν
1207 2254 1439 2308 καὶτῶν
1472 2255 1830 2324 ἀποφθεγμά-

1937 2251 2167 2306 ducenta
2202 2249 2339 2319 (71),
2365 2251 2588 2318 quibus,
2615 2249 2691 2302 uti
2731 2247 2999 2310 diximus,
3025 2249 3345 2313 sententias,
3378 2250 3529 2303 testi-

248 2360 354 2395 των
402 2344 501 2396 καὶ
549 2342 657 2397 τῶν
704 2344 993 2416 ὑποθηκῶν
1022 2346 1179 2414 δόξας
1222 2366 1280 2401 τε
1327 2350 1423 2402 καὶ
1463 2350 1687 2420 χρήσεις
1740 2347 1830 2401 καὶ

1936 2342 2143 2406 monia,
2176 2352 2230 2395 et
2290 2341 2505 2396 cbreias
2566 2357 2631 2396 ex
2674 2341 2879 2411 eclogis
2931 2352 2987 2396 et
3026 2342 3525 2413 apophthegmatis,

251 2434 466 2504 χρείας.
1935 2451 1997 2491 ac
2031 2437 2154 2490 vita:
2187 2437 2477 2505 praeceptis
2511 2433 2760 2491 Stobaeus
2782 2437 3054 2504 proponit.

2004 2527 2319 2597 Philosophi
2373 2537 2577 2592 autem,
2631 2544 2697 2583 ex
2747 2531 2946 2598 quibus
3012 2530 3113 2583 ista
3178 2529 3416 2601 collegit,
3469 2530 3521 2584 hi

1934 2620 2259 2673 feresunt:
2306 2618 2603 2689 Egimmus
2640 2621 2776 2692 (72),
2828 2621 3118 2677 [Escbines
3184 2621 3525 2685 Socraticus,

1934 2710 2182 2775 Albinus,
2209 2712 2471 2774 Amulius,
2499 2712 2855 2775 Anacharsis,
2876 2713 3248 2783 Anaxagoras,
3277 2714 3524 2768 Anaxar-

1934 2804 2089 2868 chus,
2109 2804 2527 2869 Anaximander,
2552 2805 2933 2866 Anaximenes,
2965 2807 3248 2877 Antipater
3292 2807 3525 2872 lstiazus,

1935 2892 2304 2959 Antisthenes,
2340 2896 2965 2965 Apelles,Apol|odorus,
2989 2896 3325 2965 Apollonius,
3356 2896 3528 2963 Apol-

1938 2981 2236 3055 lophanes,
2284 2987 2591 3043 Arcesilaus
2627 3028 2643 3052 ,
2689 2988 3081 3052 Art-ltaznetus,
3130 2988 3525 3054 Archedemus,

1939 3076 2238 3144 Hecataeus,
2266 3078 2585 3141 Archelaus,
2620 3080 2995 3145 Archimedes,
3031 3080 3321 3150 Archytas,
3366 3080 3524 3132 Aria-

1939 3184 2062 3232 nus,
2090 3169 2462 3239 Aristagoras,
2496 3169 2842 3231 Aristander,
2876 3170 3247 3235 Aristarchus,
3283 3169 3521 3237 Aristip-

328 2526 567 2597 Ἀγείρει
610 2526 667 2580 δὲ
709 2528 911 2592 ταύτας
956 2529 1065 2583 ἀπὸ
1118 2530 1216 2600 μὲν
1267 2531 1592 2601 φιλοσόφων,
1622 2535 1730 2587 άπό
1774 2552 1833 2588 τε

247 2620 499 2689 Αἰσχίνου
532 2619 624 2673 τοῦ
658 2622 1007 2691 Σωκρατικοῦ
1043 2623 1136 2675 καὶ
1169 2623 1501 2695 Ἀναξάρχου
1544 2627 1638 2679 καὶ
1675 2627 1833 2679 Ἀνα-

244 2712 522 2781 χάρσιδος,
550 2713 955 2783 Ἀριστωνύμου
1010 2716 1102 2767 καὶ
1145 2716 1525 2781 Ἀπολλωνίου,
1559 2718 1833 2772 Ἀντισθέ-

239 2821 366 2865 νους
417 2805 515 2856 καὶ
550 2806 928 2873 Ἀριστίππου,
966 2808 1290 2878 Ἀρίστωνος
1337 2812 1431 2865 καὶ
1466 2811 1834 2881 Ἀριστοξένου

240 2896 339 2947 καὶ
370 2895 654 2967 Ἀρχύτου,
686 2899 1112 2969 Ἀριστοτέλους,
1144 2903 1593 2976 Ἀναξιμάνδρου,
1623 2905 1835 2971 Ἀναξι-

243 2988 463 3056 μένους,
482 2991 800 3060 Ἀρχελάου,
821 2992 1179 3065 Ἀναξαγόρα,
1198 2996 1564 3066 ⁹Αρχαινέτου,
1584 2998 1638 3049 Ἀ
1650 3015 1834 3067 ρκεσι-

239 3081 396 3145 λάου,
414 3083 703 3154 Ἀρριανοῦ
716 3088 784 3152 ⁸⁸,
803 3088 1159 3159 Ἀντιπάτρου
1174 3089 1443 3151 Ἱστιαίου,
1462 3091 1832 3160 Ἀντιφάνους,

241 3175 737 3247 Ἀπολλοδώρου,Ἀ
747 3180 1555 3252 ριστάρχου,Ἀσκληπιάδου,Ἀ
1566 3184 1832 3255 ρισταίου,

239 3263 583 3336 Ἀρχεδήμου
636 3270 918 3323 Ἑκαταίου
941 3272 1004 3337 ⁵⁸,
1038 3272 1467 3341 Ἀπολλοφάνους
1492 3313 1507 3337 ,
1553 3274 1831 3343 Αἰγιμίου,

240 3358 498 3427 Δίααρος,
532 3360 803 3425 Ἀττικοῦ,
836 3363 1107 3433 Ἀμελίου,
1145 3365 1409 3431 Ἀλϐίνου,
1430 3367 1809 3437 Ἀριστάνδρου

1938 3274 2058 3327 pus,
2087 3261 2493 3326 Aristobrotus,
2532 3262 2769 3323 Ariston,
2811 3262 3219 3334 Aristonymus,
3252 3263 3523 3316 Aristote-

1943 3352 2041 3415 les,
2056 3352 2432 3413 Aristoxenus,
2448 3354 2792 3421 Asclepiades
2814 3354 3053 3418 Aristaei,
3074 3354 3214 3410 filius
3236 3372 3251 3419 ;
3275 3354 3519 3420 Atticus;

254 3420 728 3516 Ἀρποκρατίωνος
748 3420 815 3513 ⁵⁷⁷,
861 3420 1151 3517 Ἀπελλοῦς
1172 3493 1186 3516 ,
1230 3420 1620 3526 Ἀρισταγύρου
1640 3497 1654 3515 ,
1690 3420 1830 3527 ’Apt:

1944 3444 2223 3506 Beronice,
2255 3445 2507 3512 Berosus,
2538 3446 2680 3508 Bias,
2708 3447 2863 3511 Bion,
2903 3446 3157 3513 Boethus,
3222 3448 3519 3516 Brotiuus;

244 3538 609 3608 στομϐρὸτου,
640 3542 1022 3611 Ἀρχιμήδους,
1070 3543 1297 3612 Βοηθοῦ,
1344 3545 1588 3611 Βίαντος,
1639 3547 1833 3617 Βηρώ-

242 3644 337 3679 σου
356 3628 427 3693 ⁸⁸,
464 3628 783 3699 Βερονίκης,
834 3631 1108 3699 Βροτίνου,
1161 3631 1379 3697 Βίωνος,
1430 3634 1747 3703 Γλαύγωνος
1765 3635 1832 3700 δ’,

234 3722 633 3791 Δημώνακτος,
667 3725 1002 3792 Δημητρίου,
1034 3725 1346 3795 Δαμίππου,
1375 3726 1679 3793 Διογένους,
1717 3729 1836 3778 Διο-

237 3814 433 3881 δώρου,
460 3815 882 3884 Δημοκρίτουδθ,
908 3815 1182 3885 Διοτίμου,
1210 3817 1512 3880 Διοκλέους,
1541 3817 1835 3887 Δαμαρμέ-

238 3919 360 3966 νους
383 3946 397 3966 ,
429 3903 667 3974 Διδύμου
692 3945 705 3969 ,
738 3904 957 3971 Δίωνος,
991 3906 1133 3971 Δίου,
1168 3907 1481 3971 Εὐκλείδου,
1520 3909 1834 3979 Εὐφράτου,

252 3994 619 4065 Ἐπιχάρμου,
646 3996 1019 4064 Ἐπανδρίδου,
1052 3999 1504 4069 Ἐρασιστράτου,
1533 4000 1832 4063 Ἐκπώλου,

249 4086 580 4156 Ἐπικούρου
610 4087 935 4158 Γαργητίου,
956 4091 1305 4160 Ἐπικτήτου,
1324 4090 1547 4162 Ἑρμοῦ,
1568 4092 1834 4161 Ἐμπεδο-

235 4170 450 4233 κλέους,
468 4173 795 4244 Ἐπικούρου
830 4176 1135 4247 Ἀθηναίου,
1167 4178 1452 4243 Εὐσεϐίου,
1489 4179 1735 4249 Εὐρύσου
1757 4181 1823 4246 ⁸³,

247 4262 694 4330 Ἐρατοσθένους,
739 4266 1144 4338 Εὐρυστράτου,
1172 4268 1496 4338 Ἐκφάντου,
1524 4271 1823 4337 Ἐπιδίκου,

232 4350 835 4423 Εὐδόξου,Ἐπιγένους,
871 4356 1123 4427 Εὐηνίου,
1146 4358 1500 4430 Εὐρυφάμου,
1526 4361 1823 4424 Ζαλεύκου,

1938 3529 2334 3595 Callicratides,
2362 3533 2752 3598 Callimachus,
2788 3534 3123 3602 Carneades,
3155 3536 3349 3602 Cebes,
3382 3539 3522 3592 Cha-

1938 3626 2160 3690 rondas,
2210 3623 2449 3691 Chilon,
2512 3626 2709 3689 Chion,
2768 3627 3152 3698 Chrysippus,
3202 3628 3518 3694 Cleanthes,

1937 3715 2249 3781 Cleobulus,
2269 3717 2506 3784 Cliueas,
2539 3719 2927 3784 Clitomachus,
2955 3720 3232 3787 Coriscus,
3264 3720 3515 3785 Crantur,

1937 3809 2155 3872 Critias,
2187 3810 2486 3877 Critolaus,
2522 3812 2735 3875 Criton,
2766 3813 3171 3878 Damarmenes,
3196 3813 3513 3884 Damippus,

1936 3901 2278 3969 Demetrius,
2343 3903 2787 3977 [Democritus,]
2867 3907 3182 3969 Demonax,
3232 3908 3515 3978 Didymus,

1935 3993 2169 4061 Diocles,
2234 3996 2522 4059 Diodorus,
2578 3998 2870 4067 Diogenes,
2925 3998 3169 4073 [Dion,]
3224 4000 3512 4067 Diotimus,

1935 4089 2081 4151 Dius,
2111 4086 2441 4156 Ecphantus,
2468 4088 2719 4158 Ecpolus,
2741 4090 3116 4158 Empedocles,
3149 4092 3505 4160 Epaudrides,

1932 4180 2307 4250 Epicharmus,
2367 4181 2665 4250 Epictetus,
2728 4184 2994 4251 Epicurus
3050 4182 3329 4251 Gargilius
3365 4184 3504 4253 (75),

1932 4272 2198 4343 Epicurus
2228 4274 2598 4340 Atheniensis,
2646 4276 2922 4345 Epidicus,
2984 4276 3274 4346 Epigenes,
3328 4275 3511 4329 Erasi-

1935 4376 2161 4429 stratus,
2200 4366 2611 4432 Eratostbcnes.
2647 4369 2852 4439 Erysus
2887 4368 3025 4441 (74),
3077 4368 3351 4434 Euclides,
3400 4367 3510 4421 En-

1552 4474 1784 4530 VARUE
1819 4478 2232 4537 LECTIONES.

306 4560 354 4645 δι’
386 4558 416 4610 ὁ
447 4560 673 4641 θιίιΙηΑ,
750 4563 797 4641 f'
816 4562 1180 4645 “’Apst‘avogC
1216 4582 1302 4645 g1:
1332 4569 1610 4645 Αξστιαίου
1638 4571 1700 4622 A.
1752 4570 2120 4645 Ἀντιφάνους,
2162 4574 2495 4645 Ἀρχεδήμου
2534 4576 2844 4642 Ἑκαταίου,
2884 4573 3314 4643 Ἀπολλοφάνους
3357 4574 3509 4639 Αἰγι-

238 4630 425 4714 μαίοιυ,
483 4632 699 4714 Ἦιιξξεὶε
755 4634 889 4714 infra
946 4635 1049 4687 illis
1089 4635 1296 4714 Ἀρχεδ.
1325 4640 1687 4714 έτ-Αἴσαρος,Δ
1724 4658 1760 4703 ς
1822 4630 1941 4693 Cum
1983 4630 2184 4714 ί]ἀίἰεί
2226 4630 2407 4709 ’δυυᾶ
2434 4648 2687 4714 Αἰγιμίου
2745 4630 2844 4701 εδ(
2883 4647 2933 4699 in
2974 4647 3037 4701 C.

235 4716 319 4765 pr.
346 4701 419 4752 Α.
494 4700 539 4731 ⁵⁷
578 4701 1014 4786 Ἀποκρατίωνος
1049 4722 1131 4786 ρι’.
1242 4706 1533 4786 Ἀπέλλους
1566 4700 1649 4762 A.
1676 4700 2089 4786 :A'pta'robpd'co'u
2124 4732 2183 4777 ς.
2261 4700 2307 4748 έθ
2336 4700 2613 4786 Βηρόέσόυ
2649 4736 2709 4781 ς.

3139 4646 3185 4676 ⁸⁸
3219 4646 3507 4697 αἰκαταίου

2816 4716 2862 4748 ⁸³
2896 4717 3210 4785 Γλαύγωνος
3237 4717 3278 4766 Α
3298 4730 3312 4766 :
3332 4714 3507 4767 Γλαύ-

234 4786 406 4832 τωνος
432 4775 781 4838 superaddtto
812 4789 848 4841 γ
872 4774 951 4844 τῷ
989 4790 1017 4825 τ
1056 4774 1117 4829 C.
1152 4776 1190 4827 Γ
1193 4777 1495 4842 λαύττωνος
1537 4796 1597 4843 ς.
1674 4781 1717 4810 ⁶⁰
1741 4774 2089 4851 ’Δημοκρίτου
2119 4774 2177 4839 et
2203 4801 2327 4841 mox
2351 4774 2550 4849 Δίωνος
2574 4774 2699 4841 add.
2735 4786 2802 4840 A.
2876 4788 2920 4819 “
2963 4774 3283 4859 Ἐρύσους.

1802 4878 2031 4933 NOTAE.

462 4957 663 5039 Tribus
703 4962 975 5039 explicata
1002 4967 1269 5035 capitibus
1302 4968 1354 5022 in
1383 4969 1535 5024 libris
1567 4971 1752 5025 editis.

328 5029 424 5101 6(3)
454 5030 591 5101 Quae
620 5031 673 5082 in
716 5035 819 5082 duo
845 5037 1019 5101 capita
1053 5029 1424 5093 distraxerunt
1452 5041 1563 5094 alii.

303 5100 423 5180 (67)
453 5100 709 5180 luserunt
734 5102 836 5155 huc
862 5100 984 5159 loco
1018 5108 1215 5178 vulgati
1244 5109 1367 5164 libri
1392 5123 1554 5180 caput
1606 5111 1685 5165 De
1725 5127 1826 5180 pu-

236 5169 624 5220 sillammttate.

302 5240 419 5317 (62$)
456 5238 671 5293 Uivulsa
714 5240 839 5317 hinc
895 5245 1163 5317 videntur,
1207 5264 1327 5317 qua;
1366 5252 1417 5304 in
1452 5250 1613 5305 editis
1674 5252 1827 5305 libris

236 5308 557 5362 distinctum
582 5326 698 5377 cap.
737 5312 981 5370 faciunt:
1018 5308 1260 5373 Facilius
1304 5337 1416 5375 esse
1449 5320 1610 5374 alium
1649 5326 1826 5375 admo-

238 5395 380 5438 nere,
410 5395 572 5447 quam
606 5383 854 5447 seipsum.

312 5448 428 5530 (69)
465 5450 609 5528 hibri
637 5454 765 5530 editi
812 5456 1071 5523 singulari
1105 5473 1225 5526 cap.
1265 5469 1572 5530 proponunt
1602 5480 1615 5513 :
1664 5460 1818 5524 Quod

234 5520 518 5599 senectutis
542 5520 1140 5600 m‘olestinmfr-udentia
1163 5520 1336 5598 tollat,
1357 5520 1628 5600 ipsamque
1654 5520 1820 5585 multa

238 5589 774 5663 reuerentiadignam
801 5589 951 5663 effici.

1853 4976 1906 5033 D
1936 4974 2194 5028 librorum
2242 4974 2435 5028 calculi
2476 4974 2687 5029 collecti
2735 4977 3050 5031 conficiunt.
3104 4973 3320 5030 Erroris
3374 4992 3502 5034 ansa

1935 5045 2182 5098 fortassis
2208 5061 2274 5099 ex
2318 5062 2664 5099 numerorum
2690 5048 2833 5100 ttOtis
2871 5048 3100 5115 objecta.
3142 5046 3409 5101 Caeterum
3438 5068 3506 5105 ex

1931 5115 2016 5188 bis
2049 5115 2122 5169 28
2174 5118 2397 5169 secundi
2428 5116 2573 5181 libri,
2597 5132 2717 5185 quae
2747 5116 3161 5183 interciderunt,
3204 5120 3381 5188 capita
3413 5116 3508 5175 dc-

1928 5187 2252 5242 sideramus.

2005 5256 2120 5325 (72)
2147 5255 2502 5311 Commodum
2529 5256 2621 5309 libi
2654 5255 2792 5322 fore,
2824 5257 3019 5319 lector,
3039 5259 3337 5315 arbitratus
3359 5276 3502 5326 sum,

1930 5325 1973 5377 si
1995 5330 2296 5395 neglectum
2327 5327 2524 5383 alicubi
2559 5327 2949 5383 elementorqu
2976 5331 3223 5384 ordinem
3248 5325 3504 5387 accurate

1928 5408 2288 5451 restituerem.

1999 5467 2113 5535 (7'5)
2150 5466 2205 5523 2.
2232 5468 2293 5522 C.
2326 5466 2391 5524 ll.
2426 5469 2507 5525 St.

2000 5537 2320 5609 (74)}Nimis
2375 5556 2509 5595 sane
2548 5540 2855 5595 liberaliter
2882 5539 3109 5595 Photius
3152 5542 3289 5597 duos
3346 5543 3504 5598 nobis

1925 5606 2104 5663 offert
2128 5607 2412 5677 Epicurus,
2432 5627 2554 5665 cum
2587 5626 2725 5665 unus
2757 5611 3024 5679 idemque.
3058 5612 3125 5664 ab
3168 5613 3299 5665 urbe
3338 5614 3504 5666 Athe-

471 5657 693 5713 Αάάυίιιι
749 5657 852 5717 hic"
888 5667 1028 5736 ιγρίε
1076 5670 1245 5724 excisi
1294 5680 1478 5740 caput,
1538 5671 1609 5725 De
1659 5672 1820 5726 laude
1929 5657 3504 5779 §.:§:;§t.j§}ié§ia§;:§1;i'{Moesiam3.17.}.Gaza.

234 5730 442 5781 mortis.

311 5798 431 5866 (7|)
462 5800 624 5869 Atqui
658 5816 751 5855 sex
780 5813 988 5861 tantum
1021 5823 1182 5876 supra
1208 5810 1443 5867 ducenta
1468 5812 1812 5883 singulorum

1928 5746 2118 5805 Laert.
2152 5750 2245 5806 lib.
2274 5766 2330 5818 ι,
2356 5746 2471 5806 init.
