4090 6422
238 381 338 443 493

1110 373 1639 438 BlBLIOTHECA;
1677 377 1999 438 *‘CODD.
2058 376 2370 450 CLXVIII,
2407 380 2657 440 CLXIX.

3407 381 3514 446 491

241 496 312 566 μὴ
355 494 434 556 ὡς
456 495 508 524 ³³
542 492 846 563 ἐλάχιστον,
878 492 1194 562 ἐκφέρεται,
1228 492 1353 545 οὔτε
1409 491 1652 562 ἀσαφείᾳ
1694 508 1820 543 σκο-

1931 492 2046 559 Etsi
2075 500 2256 545 autem
2306 490 2474 559 tropis
2532 494 2636 547 hoc
2676 494 2836 549 modo
2884 494 3164 560 abundet,
3215 494 3514 566 ipsumque

236 589 368 650 τίζει
406 585 470 638 τὸ
509 586 714 655 νόημα,
768 583 904 639 ἀλλὰ
958 587 1024 655 τῇ
1061 584 1360 655 βραχύτητι
1398 585 1446 614 ’³
1480 583 1590 635 τῶν
1633 581 1824 634 κώλων

235 683 325 732 καὶ
361 677 472 730 τῶν
503 678 772 749 περιόδων
802 677 896 731 καὶ
937 680 1002 748 τῇ
1035 679 1272 748 ἐμφάσει
1320 677 1431 730 τῶν
1483 677 1684 742 λέξεων
1725 679 1824 745 τῆς

231 769 599 840 τροπολογίας
639 771 1009 842 περιαιρεῖται
1046 769 1108 822 τὸ
1137 770 1466 839 δύσληπτον.
1517 767 1672 819 Ἀλλ’
1704 762 1818 830 οὖν,

233 862 370 932 ὅπερ
401 860 566 933 ἔφην,
588 863 617 915 6
642 862 803 934 κόρος
829 863 928 932 τὴν
953 861 1116 932 χάριν
1138 860 1425 932 ἀμϐλύνει,
1446 860 1539 914 καὶ
1562 860 1622 911 τὸ
1648 857 1819 929 ἄκρα-

233 970 320 1005 τον
340 955 445 1023 τῆς
471 955 686 1025 τροπῆς
706 954 834 1018 τοὺς
867 954 1069 1024 νόμους
1089 953 1189 1024 τῆς
1227 955 1423 1023 τέχνης
1447 953 1546 1004 οὐκ
1573 952 1640 1022 ἐᾷ
1671 952 1815 1021 παῤ-

237 1045 629 1114 ῥησιάσασθαι.

1931 580 2067 634 adeo
2117 579 2512 650 tropologicum
2548 581 2762 636 dicendi
2801 597 2973 652 genus
3009 583 3177 637 fontis
3213 583 3268 638 in
3303 599 3510 640 morem

1929 674 2192 740 effundat,
2227 689 2506 744 nunquam
2534 683 2718 730 tamen
2748 675 2872 729 ideo
2902 677 2985 730 vel
3021 677 3074 729 in
3106 675 3365 744 frigidum
3389 693 3511 733 ser-

1931 780 2170 830 monem,
2202 765 2302 820 nisi
2341 780 2568 835 perraro
2603 766 2898 832 delabitur,
2925 767 3011 821 vel
3037 767 3376 822 obscuritate
3407 768 3511 822 ali;

1929 872 2035 926 qua
2061 874 2284 911 sensum
2313 858 2601 913 obumbrat
2633 876 2647 912 :
2686 859 2781 912 sed
2807 859 2852 912 si
2887 859 3014 923 quid
3050 860 3121 912 ob
3149 858 3510 928 tropologiam

1930 951 2160 1020 intelligi
2190 951 2368 1005 minus
2392 951 2679 1006 commode
2711 960 2944 1020 poterat,
2983 952 3033 1004 id
3060 966 3184 1005 cum
3203 950 3509 1005 accelerata

1929 1041 2171 1096 membra
2228 1051 2390 1108 atque
2441 1042 2685 1110 periodi,
2741 1051 2852 1098 tum
2922 1044 3223 1098 dictionum
3273 1048 3512 1116 ipsarum

237 1135 597 1206 signiﬁcantia
653 1136 812 1192 facile
859 1136 1017 1189 tollit.
1073 1135 1366 1201 Caeterum,
1412 1145 1470 1190 ut
1519 1134 1631 1206 jam
1680 1134 1817 1197 dixi,
1858 1135 2082 1188 satietas
2145 1134 2378 1203 gratiam
2455 1148 2670 1188 onmem
2717 1137 2959 1199 hebetat,
3014 1147 3070 1191 et
3114 1153 3374 1207 purorum
3419 1139 3513 1192 illa

245 1238 525 1294 troporum
558 1228 836 1284 atlluentia
871 1231 1088 1284 artiﬁcii
1119 1230 1329 1296 legibus
1361 1229 1560 1283 nullam
1609 1229 1821 1283 dicendi
1867 1227 2172 1282 libertatem
2204 1227 2477 1284 concedit.

307 1322 497 1376 Ἐοικε
535 1322 594 1374 δέ
621 1318 774 1386 οὗτος
805 1324 1004 1394 μᾶλλον
1035 1319 1174 1378 εἶναι
1200 1326 1233 1398 ἢ
1270 1328 1297 1378 ό
1332 1325 1670 1396 Καισαρείας
1721 1325 1817 1394 μέ-

238 1431 337 1480 γας
403 1414 704 1478 Βασίλειος,
772 1418 802 1468 6
847 1416 926 1486 τῷ
978 1418 1431 1488 τρισμακάριστῳ
1466 1417 1686 1490 Ἰωάννῃ
1742 1417 1821 1488 τῷ

239 1508 610 1576 Χρυσοστόμῳ
641 1509 792 1577 φίλος
813 1509 1052 1578 γεγονὼς
1086 1513 1182 1564 καὶ
1214 1511 1548 1581 ὁμωρόφιος,
1585 1512 1723 1584 πρὸς
1761 1512 1820 1565 ὃν

241 1599 331 1651 καὶ
355 1601 384 1651 6
419 1602 549 1670 περὶ
580 1601 627 1630 ⁸⁸
673 1600 975 1672 ἱερωσύνης
1019 1601 1175 1669 λόγος
1210 1603 1568 1656 συντέτακται
1596 1619 1609 1632 ·
1653 1601 1822 1656 πολλὰ

237 1691 344 1761 γὰρ
380 1692 507 1760 ἴχνη
533 1691 642 1744 τῶν
671 1693 884 1745 ἐκείνου
914 1694 1010 1744 καὶ
1054 1693 1229 1762 λόγων
1269 1696 1315 1725 ’⁵
1369 1695 1462 1747 καὶ
1511 1696 1819 1766 νοημάτων,

2008 1319 2106 1374 llic
2133 1330 2312 1374 autem
2346 1323 2526 1390 potius
2551 1322 2802 1388 Basilius,
2835 1339 2997 1394 quam
3025 1323 3251 1394 Magnus
3284 1326 3374 1381 ille
3393 1326 3516 1380 Cale

1933 1429 2101 1469 sarea:
2125 1413 2412 1482 episcopus
2441 1415 2572 1486 (79),
2596 1417 2810 1472 videtur
2830 1419 3514 1491 beatissimiCbrysostomi

1932 1505 2145 1559 amicus
2171 1504 2280 1568 ille,
2311 1517 2364 1558 et
2399 1508 2806 1563 contubernalis
2835 1508 3027 1574 fuisse,
3063 1511 3126 1563 ad
3155 1526 3312 1577 quem
3341 1515 3507 1564 etiam

1932 1596 2132 1651 librum
2177 1597 2249 1651 De
2280 1601 2584 1652 sacerdotio
2613 1602 2872 1669 scriptum
2909 1603 3138 1657 miserit.
3170 1603 3332 1657 Multa
3362 1605 3510 1659 enim

1932 1689 1984 1742 in
2017 1688 2176 1756 hujus
2208 1688 2393 1743 Basilii
2443 1691 2784 1747 orationibus
2817 1693 3041 1762 vestigia
3082 1701 3345 1762 apparent
3385 1707 3512 1747 ora-

238 1786 329 1834 καὶ
383 1783 624 1851 μάλιστα
680 1783 792 1837 τῶν
838 1786 978 1838 κατὰ
1001 1785 1100 1856 τὴν
1133 1786 1283 1840 Θείαν
1316 1787 1561 1858 Γραφὴν,
1612 1790 1670 1840 ἐν
1715 1790 1828 1850 τοῖς

1936 1783 2140 1836 tionum
2180 1797 2246 1836 ac
2290 1797 2548 1838 sensuum
2592 1783 2738 1838 illius
2778 1784 2914 1854 (80),
2957 1800 3144 1839 eorum
3180 1787 3509 1854 praesertim,

237 1871 330 1924 τοῦ
380 1872 668 1927 Βασιλείου
702 1875 882 1943 λόγοις
913 1877 1282 1945 ἐπιφαίνεται,
1332 1877 1409 1940 ὼς
1463 1877 1530 1932 ἂν
1573 1879 1682 1930 ἀπὸ
1724 1880 1826 1945 τῆς

240 1965 414 2034 αὐτῆς
448 1967 639 2035 πηγῆς
672 1967 781 2020 τῶν
815 1968 1159 2039 μαθημάτων
1189 1969 1553 2040 ἀρυσαμένων
1581 1971 1626 2002 ⁸⁸
1659 1971 1826 2041 ἄμφω

239 2056 303 2108 τὰ
337 2056 650 2127 πρόσφορα.
687 2059 799 2110 Καὶ
836 2059 937 2128 τῆς
962 2061 1173 2130 τροπῆς
1216 2061 1272 2114 δέ
1326 2062 1358 2132 ή
1406 2060 1527 2112 κατ’
1587 2060 1824 2131 ἔμφασιν

241 2149 332 2200 καὶ
374 2149 655 2202 οἰκείωσιν
691 2151 1064 2222 μεταχείρισις
1098 2153 1198 2222 τῆς
1255 2152 1505 2206 Ἰωάννου
1538 2154 1824 2217 συνουσίας

243 2241 332 2291 καὶ
365 2239 834 2308 συναναγνώσεως
862 2244 964 2296 οὐκ
991 2243 1274 2313 ἐλάχιστον
1325 2245 1562 2314 ὑπάρχει
1614 2248 1824 2316 τεκμή-

247 2348 357 2402 ριον
385 2348 400 2362 ο
427 2335 697 2403 κέχρηται
721 2333 829 2404 γάρ
858 2334 1032 2408 ταύτῃ
1061 2337 1154 2389 καὶ
1181 2338 1209 2389 6
1247 2336 1389 2400 θεῖος
1421 2339 1628 2401 ἐκεῖνος
1661 2339 1822 2408 ἀνὴρ,

243 2425 288 2476 εἰ
313 2427 410 2479 καὶ
442 2426 760 2498 κεκραμένη
806 2429 902 2480 καὶ
934 2427 1056 2480 λίαν
1101 2429 1427 2500 ἐπικαίρως,
1453 2432 1548 2484 καὶ
1587 2435 1652 2503 τῇ
1686 2433 1823 2502 ἀφε-

241 2517 356 2586 λείᾳ
386 2518 480 2570 τὸν
515 2519 726 2571 ἐκεῖθεν
761 2520 924 2585 ὄγκον
965 2521 1161 2590 μιγνύς
1190 2523 1235 2553 ⁸⁷
1267 2539 1328 2575 τε
1371 2524 1464 2577 καὶ
1509 2524 1826 2579 διαλεαίνων

243 2608 478 2678 εὐφυῶς,
525 2611 620 2663 καὶ
659 2611 750 2663 τὸν
794 2611 914 2664 ὅλον
943 2612 1102 2682 λόγον
1126 2615 1406 2668 πολιτικοῦ
1446 2617 1605 2686 λόγου
1640 2619 1827 2674 εἰκόνα

243 2703 567 2774 ποιούμενος
587 2705 654 2758 ’³.

311 2795 556 2848 Ἐστιδέ
598 2797 876 2863 Βασίλειος
900 2792 1056 2864 οὗτος
1083 2802 1112 2854 6
1164 2804 1260 2854 καὶ
1320 2802 1538 2874 μέτροις
1588 2804 1827 2868 ἐντείνας

239 2886 307 2939 τά
333 2888 436 2957 τῆς
469 2891 943 2962 πρωτομάρτυρος
989 2893 1200 2962 Θέκλης
1243 2893 1380 2964 ἔργα
1417 2897 1514 2948 καὶ
1553 2891 1691 2948 ἆθλα
1733 2897 1828 2950 καὶ

240 2981 541 3051 νικητήρια
570 2996 584 3010 ο
629 2981 720 3034 καὶ
767 2983 902 3036 ἄλλα
952 2984 1010 3038 δέ
1055 2984 1222 3038 αὐτοῦ
1283 2987 1696 3058 συγγράμματα
1728 2989 1827 3057 φέ-

243 3087 428 3144 ρονται
471 3073 540 3126 ’⁸.

968 3169 1135 3225 ΡΞΘν.

249 3255 356 3338 To?
399 3259 471 3311 ἐν
519 3259 711 3338 ἁγίοις
759 3262 1073 3338 [dimidiati
1122 3265 1285 3317 Κατὰ
1330 3265 1450 3338 τῶν
1502 3268 1829 3338 Νεστορίου

310 3326 679 3404 δυσφημὶῷν
706 3326 963 3399 τόμόιεκ
1019 3333 1364 3387 Ἐπιστολαὶ
1417 3336 1516 3387 καὶ
1570 3326 1829 3404 Σχόξλιον

309 3401 444 3466 περὶ
469 3401 584 3466 τῆς
609 3401 1119 3469 ἐντινθρωπήσεως
1147 3405 1253 3458 τοῦ
1281 3401 1684 3475 Μονογενοῦξ.

321 3491 774 3561 Ἀνεγνώσθησαν
813 3493 905 3546 τοῦ
949 3495 1006 3546 ἐν
1041 3495 1218 3564 ἁγίοις
1257 3497 1520 3568 Κορίλλου
1548 3499 1687 3551 κατὰ
1720 3499 1828 3552 τῶν

243 3582 542 3654 Νεστορίου
594 3584 918 3656 δυσφημιῶν
974 3588 1131 3657 τόμοι
1181 3587 1242 3653 ε’,
1285 3585 1359 3642 ὢν
1399 3592 1427 3643 ό
1473 3590 1572 3659 μέν
1612 3590 1828 3660 πρῶτος

242 3679 541 3748 ἀνατρέπει
575 3681 672 3750 τῆς
696 3681 993 3751 Νεστορίου
1015 3681 1363 3752 βλασφημίας
1381 3681 1654 3750 κεφάλαια
1674 3683 1824 3747 δέκα,

241 3771 271 3822 6
293 3771 346 3824 δὲ
380 3771 637 3842 δεύτερος
670 3773 934 3841 κεφάλαια
987 3775 1072 3838 ιδ’,
1115 3775 1144 3826 6
1172 3775 1228 3827 δὲ
1261 3776 1442 3846 τρίτος
1487 3785 1560 3841 ς’,
1595 3777 1623 3828 6
1651 3777 1707 3828 δέ
1735 3775 1826 3828 τὲ·-

243 3878 435 3934 ταρτος
483 3863 552 3929 ζ’,
601 3866 628 3917 6
662 3864 718 3917 δὲ
751 3866 1002 3935 πέμπτος
1041 3867 1137 3920 καὶ
1167 3866 1330 3929 αὐτὸς
1369 3867 1435 3929 ζ’.
1476 3867 1714 3920 Ἔστιδέ
1767 3867 1828 3920 τὸ

241 3956 335 4023 τῆς
366 3955 672 4025 ἑρμηνείας
696 3956 842 4026 αὐτῷ
872 3955 1010 4020 εἶδος
1047 3957 1189 4010 κατὰ
1210 3958 1307 4028 τὴν
1333 3956 1640 4021 ἰδιάζουσαν
1662 3958 1825 4011 αὐτοῦ

240 4047 346 4099 τῶν
373 4048 554 4116 λόγων
591 4047 734 4101 ἰδέαν
766 4050 1293 4119 ἐκμεμορφωμένον,
1331 4050 1504 4121 βραχὺ
1528 4051 1585 4104 δέ
1613 4069 1666 4104 τι
1690 4050 1826 4122 πρὸς

239 4139 298 4192 τὸ
330 4141 718 4212 ταπεινότερον
749 4139 1194 4212 ὑπενηνεγμένον
1225 4141 1289 4194 ³ο.

305 4313 440 4385 [580
466 4313 564 4386 R.]
603 4316 1014 4387 Ἐμπεριείχετο
1044 4319 1099 4372 δὲ
1141 4321 1207 4390 τῇ
1251 4319 1418 4390 βίϐλῳ
1445 4321 1538 4372 καὶ
1563 4321 1698 4390 πρὸς
1724 4321 1822 4373 αύ-

239 4406 326 4460 τὶν
358 4407 661 4476 Νεπόριον
709 4408 992 4479 ἐπιστολὴ,
1049 4408 1402 4480 ἐπιχειροῦσα
1444 4409 1607 4480 δῆθεν
1660 4411 1823 4463 αὑτὸν

242 4499 597 4565 μεταπείθειν
655 4501 748 4552 καὶ
791 4499 1017 4568 φιλικῶς
1079 4501 1443 4572 διορθοῦσθαι.
1512 4502 1672 4555 Ἀλλὰ
1728 4503 1821 4555 καὶ

240 4591 541 4658 Νεστορίου
579 4591 712 4661 πρὸς
753 4592 1018 4662 Κύριλλον
1070 4591 1193 4664 [197
1229 4592 1320 4665 11.]
1366 4593 1721 4664 ἀντίγραφον,
1755 4595 1823 4647 τά

243 4684 296 4735 ἐν
318 4685 386 4755 τῇ
416 4683 680 4757 ἐπιστολῇ
715 4685 986 4753 κεφάλαια
1027 4687 1377 4756 ἐμφερόμενα
1414 4685 1735 4756 ποιούμενον
1767 4688 1824 4738 ἐν

1928 1874 2126 1943 quibus
2161 1890 2374 1929 sacram
2416 1877 2672 1945 explanat
2721 1876 3061 1948 Scripturam
3097 1895 3111 1944 ;
3176 1889 3234 1931 ut
3278 1887 3511 1946 uterque

1930 1967 2030 2022 sibi
2071 1967 2225 2021 utilia
2277 1983 2343 2021 ex
2396 1969 2588 2022 eodem
2638 1968 2790 2025 fonte
2837 1970 3088 2024 hausisse
3127 1971 3396 2024 videatur.
3444 1968 3514 2022 Et

1930 2074 2062 2113 vero
2099 2060 2397 2129 ﬁgurarum
2429 2061 2522 2116 ille
2545 2076 2666 2116 cum
2692 2061 3056 2130 signiﬁcantia
3085 2073 3195 2116 tum
3228 2063 3514 2118 familiaris

1931 2165 2083 2216 usus,
2125 2166 2478 2222 permagnum
2507 2161 2596 2207 est
2628 2155 2920 2224 singularis
2975 2169 3098 2209 cum
3130 2155 3340 2210 Joanne
3389 2170 3514 2210 con-

1927 2242 2255 2307 Suetudinis,
2301 2243 2678 2312 tectorumque
2729 2244 2992 2297 librorum
3047 2243 3168 2312 ejus
3217 2259 3511 2313 argumen-s

1933 2341 2064 2386 tum.
2100 2332 2285 2387 lltitur
2319 2335 2466 2388 enim
2503 2334 2698 2388 iisdem
2748 2346 2803 2388 et
2833 2336 3050 2390 divinus
3096 2335 3184 2388 ille
3219 2336 3326 2398 vir,
3382 2333 3513 2390 licet

1929 2427 2208 2482 moderate
2242 2437 2296 2482 et
2325 2438 2653 2497 opportune.
2706 2438 2870 2497 atque
2897 2428 2993 2492 ita,
3038 2437 3177 2482 utet
3219 2436 3509 2488 tumorem,

1929 2519 2020 2586 qui
2057 2533 2122 2572 ex
2150 2518 2256 2574 illis
2281 2520 2542 2584 nascitur,
2581 2519 2934 2588 simplicitate
2966 2528 3233 2588 temperet
3265 2519 3513 2587 ingenio;

1930 2625 2099 2679 seque
2127 2610 2355 2676 molliat,
2383 2621 2438 2666 et
2469 2613 2774 2665 orationem
2805 2627 2959 2665 suam
2998 2613 3308 2666 universam
3355 2612 3506 2666 civili

1929 2702 2166 2756 sermoni
2191 2702 2522 2770 persimilem
2547 2701 2765 2756 efﬁciat.

2006 2795 2200 2866 1161)
2260 2796 2404 2850 Idem
2460 2811 2592 2849 vero
2645 2798 2732 2850 hic
2796 2795 3028 2850 Basilius
3079 2798 3170 2850 ille
3228 2806 3360 2862 est,
3417 2798 3510 2866 qui

1931 2888 2121 2957 prima:
2151 2889 2410 2959 martyris
2445 2889 2664 2942 Thecla:
2689 2889 2950 2958 praeclare
2971 2899 3120 2958 gesta
3143 2885 3279 2959 (81),
3309 2899 3364 2943 et
3391 2905 3514 2944 cer-

1933 2979 2157 3042 lamina,
2205 2988 2368 3048 atque
2407 2981 2666 3036 victorias
2694 2983 2884 3050 meris
2916 2982 3261 3050 persequitur
3305 2999 3319 3037 :
3357 2981 3513 3051 cujus

1933 3069 2063 3125 item
2100 3071 2208 3125 alia
2243 3071 2446 3141 scripta
2487 3070 2711 3144 [praeter
2749 3071 2876 3144 ista]
2911 3072 3399 3128 circumferuntur.

2591 3164 2829 3220 CLXIX.

1933 3256 2084 3327 Beati
2127 3256 2319 3327 Cyrilli
2355 3256 2552 3312 Contra
2600 3256 2838 3327 Nestorii
2875 3255 3227 3327 blasphemia;
3281 3260 3401 3327 libri
3455 3275 3506 3315 ν.

2002 3325 2260 3394 Ερίδιὸίω
2301 3330 2484 3392 varice,
2517 3337 2564 3381 et
2595 3325 2843 3382 Scholion
2875 3327 2939 3382 de
2962 3325 3327 3383 incarnatione
3369 3325 3508 3383 Uni-

2002 3399 2182 3468 geniti.

1997 3491 2315 3545 Leeti-sunt
2347 3493 2519 3545 sancti
2548 3491 2736 3562 Cyrilti
2768 3493 3028 3546 Adversus
3080 3492 3317 3547 Nestorii
3364 3493 3510 3546 btas-'

1928 3583 2165 3648 placatius
2195 3583 2314 3636 libri
2343 3583 2600 3653 quinque,
2631 3599 2862 3653 quorum
2893 3584 3100 3655 primus
3152 3585 3370 3653 quidem
3417 3601 3510 3637 ca»

1930 3675 2259 3729 lumniarum
2327 3675 2559 3730 Nestorii
2614 3677 2796 3745 capita
2849 3679 3036 3732 decem
3084 3676 3302 3732 refellit.
3353 3678 3508 3731 Alter

1930 3771 2124 3825 deinde
2173 3772 2605 3838 quatuordeeim.
2671 3771 2888 3826 Tertius
2930 3788 3058 3826 vero
3108 3788 3224 3826 sex.
3269 3772 3509 3840 Quartus"

1930 3863 2163 3929 denique
2190 3878 2254 3916 ac
2277 3863 2500 3932 quintus
2533 3863 2730 3932 singuli
2753 3875 2982 3932 septem.
3005 3863 3376 3919 Elocutiouem
3403 3881 3502 3919 au-

1930 3961 2037 4007 tem
2078 3955 2248 4022 ipsam
2286 3955 2374 4009 hic
2407 3955 2473 4008 ad
2503 3955 2834 4024 peculiarem
2869 3955 3020 4010 illum
3046 3973 3224 4022 sutnu,
3258 3974 3419 4028 quem
3453 3959 3506 4012 in

1927 4043 2272 4100 orationibus
2309 4047 2579 4115 sequitur,
2633 4049 2844 4102 dicendi
2902 4038 3116 4103 modum
3167 4051 3240 4103 ita
3293 4049 3510 4105 confor-

1931 4137 2119 4203 mavit,
2148 4137 2425 4207 paululum
2451 4149 2509 4192 ut
2537 4140 2714 4208 magis
2749 4141 2816 4194 ad
2845 4141 3052 4196 humile
3084 4141 3298 4196 dicendi
3335 4155 3508 4211 genus

1930 4227 2134 4282 tendat.

1957 4317 1964 4327 “
2001 4321 2131 4376 Erat
2161 4322 2216 4376 in
2251 4323 2440 4378 eodem
2476 4323 2750 4380 volumine
2779 4325 2843 4378 ad
2867 4325 3040 4394 ipsum
3072 4339 3288 4392 quoque
3315 4320 3509 4378 Nesto-

1934 4412 2072 4466 rium
2109 4413 2363 4483 epistola,
2391 4431 2494 4485 qua
2519 4417 2570 4470 in
2605 4418 2745 4470 viam
2777 4417 2924 4470 illum
2957 4419 3235 4483 reducere,
3256 4424 3310 4470 et
3333 4414 3508 4468 amice

1929 4505 2205 4574 corrigere
2243 4504 2456 4562 nititur.
2485 4507 2623 4572 Quin
2655 4519 2710 4563 et
2738 4508 2972 4563 Nestorii
3007 4510 3072 4561 ad
3116 4508 3372 4578 Cyrillum
3417 4522 3509 4561 re-

1931 4600 2294 4668 sponsio,qua
2333 4602 2510 4670 capita
2547 4601 2662 4666 illa,
2688 4617 2809 4672 quae
2846 4617 2942 4654 sua
2975 4602 3062 4656 hic
3099 4602 3326 4670 epistola
3356 4615 3508 4654 com-

1934 4690 2126 4758 plexus
2171 4691 2375 4757 fuerat,
2431 4693 2740 4746 damnanda
2771 4708 2892 4747 esse
2916 4701 3120 4748 censet.
3147 4693 3331 4745 Altera
3379 4690 3506 4742 item

1519 4818 1747 4873 VARUS
1783 4819 2186 4878 LECTIONES.

305 4946 352 4975 "
390 4943 467 5004 ὡς
493 4942 541 4994 Λ
565 4957 582 4994 :
608 4944 685 5003 είς
713 4952 773 5008 ς.
873 4939 920 4970 ’³
951 4939 1250 5009 τραχύτητι
1283 4955 1344 5001 ς.

248 5015 389 5083 μένω
420 5031 482 5076 ς.
585 5013 630 5083 1⁷
666 5007 860 5081 μιγνύς
884 5007 1199 5083 τεκαίΛλ
1224 5007 1511 5076 μιγνύεται
1541 5026 1602 5072 ς’.

247 5079 689 5154 ἆπενηνεγμένον
716 5121 728 5135 .
755 5083 826 5136 cf.
851 5097 905 5150 ρ.
939 5081 1039 5136 119
1068 5097 1102 5133 a
1134 5079 1222 5133 28.

1455 4937 1500 4969 ’³⁵
1523 4939 1552 4990 6
1611 4938 1743 5012 περί
1778 4938 1822 4991 Α
1859 4942 2028 5012 επερί
2051 4942 2150 5009 τῆς
2181 4959 2239 5004 ς.

1701 5009 1747 5038 ’⁸
1781 5009 2104 5082 ποιούμενος
2147 5012 2308 5078 λόγου
2341 5013 2530 5066 εἰκόνα
2564 5030 2625 5076 ς’.

2355 4943 2400 4974 ’⁵
2430 4943 2526 4993 καὶ
2552 4950 2679 4997 ante
2703 4942 2875 5008 λόγων
2905 4943 3025 4994 add.
3059 4940 3123 4994 A.

2742 5015 2786 5045 ’9
2813 5013 3039 5082 φέρεται
3078 5030 3139 5076 ς.

3227 4943 3272 4974 ³⁸
3301 4941 3507 5010 ἀρυσα-

3237 5013 3282 5043 ”
3323 5013 3504 5064 malim

1741 5193 1976 5249 ΝΟΤΛΕ.

313 5293 429 5362 (79)
465 5291 617 5360 Quod
636 5291 846 5359 putavit
875 5289 1073 5359 Georg.
1095 5289 1361 5362 Alexand.
1395 5289 1517 5362 cod.
1542 5289 1610 5342 96
1631 5305 1696 5341 ex
1725 5287 1824 5341 So-

247 5359 381 5420 crat.
414 5359 516 5416 lib.
552 5377 628 5425 νι,
662 5378 781 5431 cap.
812 5363 866 5423 5,
890 5372 944 5415 et
971 5362 1078 5414 alii.
1113 5362 1246 5414 Cum
1279 5359 1474 5413 Pbotio
1503 5371 1682 5413 tamen
1705 5375 1824 5411 seu-

252 5438 309 5489 tit
339 5434 539 5488 Suidas
589 5431 800 5485 calamo
841 5443 1095 5485 exaratus
1124 5431 1472 5483 Bibliotheca:
1504 5439 1702 5482 nostra:
1734 5443 1824 5480 so-

248 5508 371 5558 ciet.
407 5507 674 5571 Antuerp.
695 5501 892 5556 Verum
931 5503 990 5556 D.
1022 5503 1222 5554 Baron.
1244 5500 1393 5552 card.
1427 5507 1465 5553 t.
1508 5493 1592 5551 lV.
1623 5493 1818 5571 Agunt.

253 5576 397 5630 Eccl.
430 5575 498 5628 ad
541 5568 672 5626 anu.
721 5573 923 5627 Christi
953 5572 1059 5626 582
1089 5571 1308 5624 tertium
1341 5573 1630 5637 quemdam
1664 5568 1818 5620 Basi-

254 5649 379 5698 lium
418 5647 635 5714 qua-rit.
661 5643 794 5714 Vide
827 5659 946 5714 qua:
975 5642 1185 5714 notavit
1215 5650 1398 5694 uoster
1423 5638 1821 5714 Clattd."D:u_ts-

255 5709 450 5782 qneius'
469 5715 539 5768 ad
571 5715 712 5768 beati
751 5709 934 5767 Basilii
977 5712 1190 5767 Seleuc.
1243 5725 1379 5780 quas
1406 5711 1562 5764 vertit
1603 5709 1821 5762 Oratio-

254 5803 366 5846 nes.
405 5799 583 5838 llllllO.

322 5856 430 5928 (80)
457 5855 825 5923 Quamobrem
851 5854 1146 5911 etiamnum
1176 5851 1334 5908 hodie
1361 5849 1647 5908 Orationes
1670 5867 1817 5922 qua-—

1933 5288 2054 5340 dam
2096 5287 2406 5355 promiscue
2453 5285 2669 5355 utrique
2712 5285 3044 5350 tribuuntur,
3097 5295 3157 5340 ut
3199 5285 3266 5342 59
3300 5303 3362 5341 ac
3398 5298 3507 5344 tres

1931 5372 2085 5424 seqq.
2121 5361 2172 5412 in
2209 5358 2362 5411 libris
2393 5357 2579 5412 editis.
2773 5419 2776 5422 ι

2003 5429 2113 5498 (81)
2162 5428 2345 5482 Estin
2381 5427 2738 5498 Bibliothecis‘
2764 5425 2878 5481 haec
2919 5427 3041 5480 Vita
3082 5426 3269 5482 Graece
3310 5428 3507 5482 Basilio

1931 5494 2213 5564 inscripta,
2261 5501 2356 5551 sed
2389 5497 2564 5550 soluta
2602 5494 2848 5565 oratione
2886 5511 2991 5565 non
3027 5509 3198 5550 metro
3232 5517 3246 5549 :
3275 5505 3507 5565 edetque

1932 5570 1984 5621 iu
2036 5563 2207 5623 lucem
2254 5566 2402 5622 Petr.
2435 5567 2700 5621 Paulinus
2727 5564 2791 5619 V.
2822 5567 2900 5620 Cl.
2949 5563 3114 5620 Porro
3152 5567 3214 5624 Β.
3250 5563 3504 5621 Theclam

1928 5640 2182 5706 templum
2214 5640 2468 5693 habuisse
2519 5639 2734 5692 celebre
2777 5638 3065 5706 admodum
3099 5637 3362 5692 Seleuciae
3426 5647 3506 5691 te-

1928 5705 2103 5762 statur
2142 5711 2332 5763 beatus
2357 5709 2582 5779 Gregor.
2617 5707 2751 5779 Naz.
2786 5709 2838 5762 in
2877 5705 3057 5761 Carm.
3087 5708 3150 5762 de
3172 5709 3276 5762 vita
3306 5725 3404 5762 sua
3450 5717 3506 5760 et

1928 5779 2221 5849 Ncepbor.
2255 5781 2348 5835 Iih.
2386 5777 2494 5846 im,
2523 5795 2642 5848 cap.
2678 5777 2732 5832 8.
3225 5785 3232 5796 '
