4090 6430
564 362 669 425 495

1721 354 1982 414 ΡΙΙΟΤΙΙ
2014 349 2518 411 ΡΛΤΒΙΛΗΕΙΙΑΈ
2551 350 2659 410 (ἷΡ.

3712 348 3823 411 496

566 475 751 548 Cyrilli
815 473 1041 543 epistola
1100 470 1214 543 [ibi
1270 466 1589 537 legebatur]
1651 482 1717 521 ex
1776 464 2139 537 Alexandrina

2248 462 2522 524 εύθύναις.
2557 463 2665 514 Καὶ
2696 460 2759 532 δὴ
2787 460 2946 531 ἑτέρα
2984 458 3242 530 ἐπιστολὴ
3275 459 3568 530 Κυρίλλου,
3609 461 3683 523 ὡς
3708 462 3823 515 ἀπὸ

566 568 773 641 synodo
801 568 866 621 ad
898 564 1209 619 Nestorium
1238 565 1425 627 missa,
1444 577 1563 630 quae
1585 560 1863 614 duodecim
1892 573 2013 611 eum
2046 572 2138 610 ca-

567 665 737 729 pitum
770 671 991 713 errores
1041 656 1295 724 abjurare
1322 653 1567 722 jubebat.
1611 651 1790 705 Tertia
1822 663 2036 717 quoque
2070 648 2137 701 ad

568 736 840 807 valerium
893 751 1203 819 episcopum
1238 748 1500 800 adversus
1544 742 1877 802 Nestorium,
1913 741 2140 809 ejusque

566 848 836 913 dogmata.
878 842 1012 896 ltem
1079 842 1142 894 ad
1194 839 1452 893 Acacium
1502 834 1759 891 Melitinze
1822 832 2137 901 episcopum

564 937 866 1003 dogmatica
913 933 1180 1002 epistola,
1250 930 1335 984 vel
1386 927 1632 997 apologia
1687 924 1864 995 potius
1922 922 2140 977 uniouis

565 1036 731 1096 atque
761 1027 1065 1081 concordia:
1084 1040 1205 1076 cum
1236 1022 1443 1077 Joanne
1462 1019 1762 1073 Antiochia;
1783 1014 2090 1085 patriarcha
2122 1028 2137 1065 :

566 1120 791 1186 aliaeque
824 1117 988 1171 variae
1027 1116 1267 1182 ejusdem
1317 1112 1621 1182 argumenti
1668 1110 1881 1173 litterae,
1910 1120 2139 1175 quarum

566 1212 703 1265 hinze
726 1210 964 1265 divinam
1000 1221 1212 1276 quoque
1239 1204 1470 1258 Niczenze
1500 1202 1689 1273 synodi
1714 1200 2017 1255 doctrinam
2044 1214 2141 1252 ex-

565 1303 807 1370 planant.
848 1299 903 1353 in
940 1300 1137 1367 quibus
1172 1297 1390 1365 quidem
1431 1295 1707 1358 oumibus,
1757 1290 2141 1346 contentiusne

563 1402 708 1461 agat,
751 1406 817 1444 an
869 1390 1168 1451 remissius,
1209 1386 1481 1455 propriam
1532 1384 1735 1453 ubique
1760 1380 1975 1435 dicendi
2029 1378 2137 1433 for-

565 1500 707 1536 tnam
740 1492 908 1537 tenet.

635 1575 839 1628 Eratet
864 1572 950 1627 hic
973 1572 1199 1641 epistola
1242 1570 1308 1624 ad
1336 1569 1592 1622 Acacium
1639 1566 1953 1637 episcopum
2002 1562 2135 1633 Scy—

566 1664 977 1733 thopolitanum,
1026 1662 1103 1717 De
1146 1661 1431 1716 emissario
1456 1660 1568 1729 (82)
1599 1674 1785 1727 capro.
1818 1657 1970 1711 Alter
2011 1656 2135 1709 item

564 1757 700 1810 liber
724 1756 803 1811 sic
835 1756 1129 1823 inscriptus
1162 1772 1175 1810 :
1209 1752 1462 1809 Scholion
1497 1754 1561 1805 de
1592 1750 1861 1821 Unigenui
1889 1751 2137 1802 incarna-

2241 555 2341 623 τῆς
2378 556 2434 605 ὲν
2478 554 2855 625 Ἀλεξανδρείᾳ
2903 552 3122 605 συνόδου
3155 552 3293 622 πρὸς
3325 553 3622 621 Νεστόριον
3676 555 3822 607 άποο

2244 646 2520 708 σταλεῖσα,
2553 646 2675 713 ἥτις
2698 644 3092 715 ἀναθεματίσαι
3134 644 3295 697 αὑτὸν
3346 644 3497 712 ἠξίου
3544 645 3826 713 ἀναθεμα-

2241 740 2470 809 τισμοὺς
2520 738 2586 807 ιβ’
2634 738 2969 806 κεφαλαίων.
3026 740 3147 790 Ἔτι
3192 738 3247 790 δὲ
3285 738 3380 790 καὶ
3411 739 3576 807 ἑτέρα
3602 739 3642 768 ³¹
3681 740 3825 811 ’πρὸς

2243 831 2537 903 Οὐαλέριον
2562 830 2860 883 ἐπίσκοπον
2894 830 3035 883 κατὰ
3062 830 3359 899 Νεστορίου
3395 833 3489 882 καὶ
3517 831 3623 882 τῶν
3653 832 3823 882 αὑτοῦ

2241 922 2527 991 δογμάτων
2555 939 2567 951 ο
2602 922 2694 974 καὶ
2730 921 2868 991 πρὸς
2907 922 3166 975 Ἀκάκιον
3193 919 3490 972 ἐπίσκοπον
3511 920 3827 990 Μελιτηνῆς

2241 1012 2575 1083 δογματικὴ,
2638 1012 2841 1081 μᾶλλον
2885 1012 2941 1064 δὲ
2997 1002 3295 1079 ἀπολογίαν
3344 1011 3675 1082 περιέχουσα
3722 1012 3828 1081 τῆς

2242 1107 2378 1176 προς
2434 1105 2689 1173 Ἰωάννην
2740 1104 2831 1157 τὸν
2891 1104 3223 1173 Ἀντιοχείας
3253 1104 3499 1166 ἐνώσεως
3546 1104 3641 1155 καὶ
3693 1107 3829 1171 ὀμο-

2242 1196 2410 1259 νοίας.
2460 1197 2570 1249 Καὶ
2601 1197 2787 1267 ἕτεραι
2816 1196 3065 1264 διάφοροι
3111 1197 3239 1266 περὶ
3268 1196 3367 1265 τῆς
3393 1195 3565 1264 αὐτῆς
3622 1194 3825 1247 ὑποθέ-

2242 1307 2404 1354 σεως,
2442 1282 2517 1343 ὧν
2544 1289 2602 1341 ἐν
2632 1289 2752 1343 δυσί¹
2787 1289 2883 1342 καὶ
2912 1290 3055 1341 τὸέν
3094 1289 3299 1359 Νικαίᾳ
3328 1288 3674 1359 διερμηνεύει
3705 1286 3829 1340 θεό-

2240 1398 2404 1451 σοφον
2438 1380 2688 1451 μάθημα.
2733 1382 2822 1435 Ἐν
2844 1375 2923 1443 οἷς
2957 1382 3128 1433 ἆπασι
3152 1380 3260 1433 τῶν
3286 1380 3503 1433 οἰκείων
3525 1379 3703 1447 λόγων
3731 1378 3827 1431 τὸν

2239 1474 2571 1543 χαρακτῆρα
2604 1470 2892 1524 ἐπιτείνων
2920 1471 2952 1539 ἢ
2991 1471 3164 1533 ἀνιεὶς
3202 1471 3351 1540 ὅμως
3377 1471 3752 1539 διαφυλάττει.

2310 1563 2740 1634 Συμπεριείχετο
2793 1563 2849 1617 δὲ
2905 1564 2999 1616 καὶ
3029 1564 3062 1631 ἡ
3098 1561 3235 1633 πρὸς
3276 1562 3533 1616 ’Δκάκιον
3592 1564 3824 1617 ἐπίσκο-

2240 1674 2343 1709 πον
2370 1657 2758 1719 Σκυθοπόλεως
2790 1656 2920 1727 περὶ
2971 1654 3067 1708 τοῦ
3112 1654 3525 1724 άποπομπαίου.
3578 1656 3690 1709 Καὶ
3743 1657 3828 1710 ἔτι

2244 1750 2429 1820 ἕτερος
2470 1748 2645 1817 λόγος,
2685 1749 3125 1820 ἐπιγραφόμενος
3153 1763 3170 1780 ο
3196 1766 3214 1799 ι
3254 1748 3451 1818 Σχόλια
3468 1749 3512 1780 ³³
3545 1750 3675 1819 περὶ
3720 1749 3827 1818 τῆς

562 1849 723 1913 tione,
748 1861 855 1915 quo
887 1847 1002 1901 haec
1029 1845 1142 1899 fere
1172 1855 1551 1915 exponuntur:
1580 1844 1719 1909 Quid
1745 1851 1827 1897 est
1858 1841 2135 1896 Christus?

2241 1842 2699 1913 ὲνανθρωπήσεως
2720 1841 2815 1893 τοῦ
2842 1839 3197 1905 Μονογενοῦς,
3234 1858 3252 1891 ι
3301 1842 3359 1893 ἐν
3412 1834 3455 1907 ᾧ
3494 1839 3826 1907 διασαφοῦν-

561 1937 675 2003 Qua
710 1938 914 1991 ratione
947 1936 1327 2005 intelligendus
1354 1934 1673 1989 Emmanuel
1700 1934 1723 1988 ?
1752 1932 1891 1999 Quid
1935 1942 2019 1985 est
2048 1931 2137 1985 Je-

562 2044 655 2084 sus
688 2028 981 2083 Christus?
1023 2027 1183 2083 Juxta
1214 2028 1340 2095 quid
1388 2026 1481 2081 Dei
1534 2025 1770 2079 Verbum
1817 2026 2018 2078 dictum
2054 2034 2137 2077 est

564 2122 766 2175 homo?
792 2119 955 2174 Juxta
992 2120 1119 2188 quid
1144 2130 1465 2173 evacuatum
1497 2132 1619 2173 esse
1658 2117 1749 2172 Dei
1783 2117 2023 2171 Verbum
2052 2114 2137 2170 di-

564 2214 749 2268 citur?
777 2213 1059 2279 Quomodo
1090 2212 1219 2266 item
1251 2211 1502 2266 Christus
1531 2226 1669 2264 unus
1694 2209 1814 2265 est?
1856 2208 2138 2275 Quomodo

563 2307 723 2362 etiam
748 2321 887 2360 unus
917 2314 1001 2359 est
1031 2303 1387 2357 Emmanuel?
1408 2303 1710 2369 Quamnam
1749 2303 1979 2356 dicimus
2016 2315 2139 2355 esse

564 2398 987 2451 exinanitionem
1020 2394 1173 2465 (85)?
1199 2393 1328 2449 Item
1363 2393 1430 2447 de
1460 2394 1631 2463 ignito
1657 2393 1891 2447 carbone
1917 2391 2031 2445 viso
2069 2392 2137 2443 ab

563 2488 702 2542 Isaia
738 2488 805 2553 ²⁶,
836 2488 1052 2557 aliaque
1082 2497 1366 2556 praeterea,
1394 2486 1479 2540 bis
1517 2496 1693 2538 tamen
1726 2484 1927 2548 allinia,
1958 2482 2137 2552 capita

565 2582 773 2633 decem.
810 2576 1170 2647 Permagnam
1201 2590 1327 2631 vero
1357 2575 1661 2646 legentibus
1680 2574 1967 2629 utilitatem
1998 2572 2138 2626 liber

567 2671 656 2726 hic
693 2669 889 2723 alierre
918 2676 1117 2737 petest.

1252 2758 1460 2815 CLXX.

564 2853 825 2924 Anonymi
864 2849 1647 2974 Testimoniorumrtze.Cltristo
1673 2867 1699 2904 e
1738 2850 1973 2921 gentium
1996 2847 2135 2901 scri-

1172 2933 1273 2974 vtts
1324 2938 1336 2973 ι
1382 2936 1425 2973 rt
1460 2936 1550 2974 xv.

1171 2933 1273 2991 pns
1301 2933 1425 2974 non
1460 2936 1550 2975 xv.

639 3085 835 3155 117a
883 3083 1010 3152 Legi
1061 3098 1195 3153 Opus
1230 3081 1519 3134 multorum
1555 3092 1829 3141 versuum,
1858 3075 1940 3129 vel
1974 3075 2141 3128 libro-

2236 1952 2323 1987 ται
2352 1934 2399 1965 ³³
2428 1933 2637 1987 ταῦτα·
2672 1933 2739 1985 Τί
2768 1936 2886 1986 ἐστι
2928 1932 3162 2003 Χριστός
3190 1951 3204 1998 ;
3236 1931 3354 1985 τίνα
3408 1949 3467 1985 τε
3521 1932 3567 1964 ³⁸
3618 1934 3826 2003 τρόπον

2238 2026 2501 2094 προσήκει
2549 2024 2867 2078 νοεῖσθαιτὸ
2904 2024 3420 2095 Ἐμμανουήλ;Καὶ
3447 2025 3499 2077 τί
3532 2027 3680 2078 ἐστιν
3719 2026 3828 2093 Ἰη-

2240 2116 2365 2180 σοῦς
2396 2119 2439 2149 ³⁵
2479 2120 2507 2170 6
2539 2116 2813 2188 Χριστόςς
2850 2117 2943 2170 καὶ
2976 2116 3117 2169 κατὰ
3166 2118 3219 2170 τί
3272 2119 3485 2187 εἴρηται
3532 2117 3824 2185 ἄνθρωπος

2237 2211 2264 2261 6
2290 2209 2382 2261 τοῦ
2412 2208 2547 2261 Θεοῦ
2585 2210 2755 2274 Λόγος
2783 2224 2799 2274 ;
2825 2205 2958 2260 Εἶτα
2982 2210 3125 2263 κατὰ
3152 2210 3203 2262 τί
3234 2210 3570 2263 κεκενῶσθαι
3599 2209 3825 2279 λέγεται

2236 2302 2265 2352 6
2290 2300 2381 2353 τοῦ
2413 2300 2547 2353 Θεοῦ
2585 2301 2790 2367 Λύγοςς
2821 2301 2931 2353 Καὶ
2968 2300 3083 2363 πῶς
3116 2296 3196 2364 εἷς
3229 2304 3256 2354 6
3285 2301 3539 2372 Χριστὸς,
3574 2302 3673 2354 καὶ
3702 2302 3825 2365 πῶς

2238 2388 2317 2456 εἷς
2352 2396 2379 2445 6
2420 2391 2800 2463 Ἐμμανουήλς
2834 2395 2942 2446 Καὶ
2967 2394 3087 2447 τίνα
3110 2394 3339 2465 λέγομεν
3380 2389 3520 2447 εἶναι
3550 2395 3647 2464 τὴν
3682 2395 3821 2449 ἓνω·

2242 2505 2325 2539 σιν
2357 2487 2446 2552 ³⁸;
2498 2488 2587 2539 καὶ
2626 2487 2884 2558 περὶτοῦ
2942 2487 3211 2559 ἄνθρακος
3260 2488 3319 2541 ὃν
3370 2485 3509 2541 εἶδεν
3565 2488 3819 2554 Ἡσαΐας,

2240 2578 2333 2630 καὶ
2361 2576 2524 2647 ἕτερα
2562 2578 2917 2646 παραπλήσια
2946 2578 3157 2642 τούτοις
3187 2578 3216 2632 ι’
3251 2578 3547 2647 κεφάλαια.
3581 2579 3723 2633 Πολὺ
3762 2578 3822 2631 δὲ

2238 2666 2300 2720 τὸ
2320 2670 2590 2737 χρήσιμον
2612 2660 2768 2731 οὗτος
2786 2669 2813 2720 6
2844 2668 3000 2735 λόγος
3031 2669 3167 2739 ἔχει.

2879 2760 3002 2814 PO'.

2252 2851 2687 2917 Ἀνεπίγραςέον
2704 2850 2947 2913 βιϐλίον
2967 2851 3039 2904 ἐν
3075 2844 3123 2918 ᾧ
3173 2850 3422 2919 χρήσεις
3466 2852 3823 2916 Ἑλληνικαί

2310 2921 2409 3043 :32
2440 2920 2729 3005 ,ϐάρϐαροι
2757 2920 2867 2989 τῆς
2890 2919 3009 2974 τῶν
3034 2921 3405 2989 Χριστιανῶν
3428 2924 3712 2987 πίστεως,
3745 2924 3817 2975 ἐν

2388 3008 2512 3043 τοίο
2545 3006 2596 3042 ιε
2617 3029 2631 3043 ο

2388 3008 2512 3058 τοῖς
2545 3006 2596 3042 ιε
2617 3029 2631 3043 .

2314 3081 2654 3151 Ἀνεγνῶσθη
2707 3080 2912 3152 βιϐλίον
2955 3081 3298 3153 πολύστιχον,
3337 3082 3536 3154 μᾶλλον
3564 3081 3620 3135 δὲ
3654 3080 3826 3133 πολύ-

567 3194 683 3230 rum
709 3176 1110 3246 potius,(libros
1154 3172 1295 3227 enim
1314 3169 1622 3241 quindecim
1651 3171 1888 3237 quinque
1917 3166 2139 3221 volumi-

2246 3168 2446 3231 6ι6λον,
2471 3170 2540 3245 ἐνα
2557 3169 2736 3237 λόγοις
2773 3171 2873 3240 μέν
2907 3176 2990 3236 ιε’,
3020 3170 3235 3241 τεύχεσι
3265 3171 3323 3223 δὲ
3365 3178 3425 3236 ε’,
3463 3172 3522 3225 ὲν
3555 3164 3634 3235 οἷς
3678 3187 3825 3241 μαρ-

568 3268 726 3322 nibus
755 3265 1117 3335 continebat),
1146 3263 1198 3316 in
1226 3262 1425 3331 quibus
1456 3258 1786 3320 testimonia,
1814 3258 2038 3327 locaque
2062 3258 2143 3311 in.

568 3368 843 3428 tegrorum
870 3357 1034 3411 etiam
1062 3354 1345 3418 librorum,
1385 3367 1488 3406 non
1528 3350 1687 3405 modo
1711 3350 1899 3405 Graeca
1952 3365 2141 3404 verum

564 3448 732 3503 etiam
782 3446 999 3501 Persica
1020 3484 1037 3510 ,
1078 3443 1340 3497 Thracica
1363 3482 1379 3509 ,
1431 3440 1681 3511 [Egyptia
1709 3479 1725 3504 ,
1768 3440 2096 3510 Babylonica
2124 3479 2141 3503 ,

566 3537 884 3601 Chaldaica,
924 3536 1054 3605 quin
1084 3544 1139 3588 et
1168 3531 1381 3599 ltalica,
1407 3547 1471 3585 ex
1507 3532 1576 3585 iis
1611 3533 1701 3600 qui
1729 3529 1871 3598 apud
1899 3528 2141 3595 singulas

568 3628 763 3681 harum
814 3627 1054 3695 gentium
1104 3624 1355 3678 doctrina
1410 3620 1546 3675 clari
1597 3619 1978 3673 haberentur:
2022 3632 2143 3686 quae

567 3713 785 3783 quidem
820 3713 911 3767 hic
943 3712 1177 3781 scriptor
1216 3724 1439 3777 sanetae,
1490 3707 1698 3764 etelesti
1756 3717 1916 3777 atque
1946 3708 2143 3764 divina:

565 3802 1005 3860 Christianorum
1046 3802 1294 3873 religioni
1340 3816 1444 3855 non
1483 3800 1695 3855 inutilia
1752 3816 1873 3855 esse
1911 3810 2145 3855 conatur

568 3897 879 3950 ostendere.
921 3895 1237 3965 Cuiusmodi
1275 3892 1452 3956 aliert,
1492 3892 1563 3948 de
1608 3894 1723 3962 ipsa
1771 3907 1986 3962 quoque
2014 3908 2139 3946 san-

568 3986 810 4042 ctissima
843 3995 899 4042 et
938 3985 1385 4041 consubstantiali
1427 3982 1737 4052 Trinitatc;
1767 3985 2036 4052 quomodo
2063 3984 2145 4037 ni-

569 4080 769 4135 mirum
813 4094 909 4149 per
952 4078 1171 4134 eosdem
1233 4077 1359 4133 illos
1393 4076 1717 4148 praedicetur
1759 4088 1921 4148 atque
1974 4091 2146 4130 enun-

2240 3259 2419 3330 τυρίαι
2457 3260 2618 3329 δῆθεν
2662 3263 2756 3315 καὶ
2803 3264 3033 3333 χρήσεις
3097 3263 3409 3335 ὁλοκλήρων
3465 3264 3660 3333 λόγων,
3718 3266 3823 3335 οὐχ

2252 3351 2559 3423 Ἑλληνικαὶ
2617 3356 2813 3424 μόναι,
2865 3357 3000 3410 ἀλλὰ
3033 3357 3125 3410 καὶ
3160 3358 3428 3427 Περσικαὶ
3458 3360 3552 3411 καὶ
3589 3358 3823 3429 Θρᾴκιοι

2241 3442 2336 3496 καὶ
2372 3443 2663 3512 Αἰγύπτιοι
2718 3447 2814 3501 καὶ
2861 3448 3277 3503 Βαδυλωνιακαὶ
3300 3451 3342 3481 ³⁷
3396 3452 3490 3505 καὶ
3516 3451 3825 3504 Χαλδαῖκαὶ

2242 3528 2337 3582 καὶ
2362 3530 2425 3599 δὴ
2466 3532 2562 3583 καὶ
2611 3533 2804 3585 Ἰταλοὶ
2832 3536 2895 3587 ἐκ
2923 3534 3031 3588 τῶν
3072 3537 3202 3608 παρ’
3234 3538 3486 3601 ἑκάστοις
3514 3537 3825 3591 δοκούντων

2241 3618 2437 3687 λογίων
2470 3622 2952 3694 κατεστρώθησαν,
2991 3625 3054 3689 ἃς
3078 3628 3105 3679 6
3139 3628 3491 3698 συγγραφεὺς
3544 3646 3826 3699 συμφερο-

2246 3711 2411 3782 μένας
2438 3718 2694 3785 πειρᾶται
2723 3716 2991 3769 δεικνύειν
3020 3720 3085 3789 τῇ
3108 3717 3215 3771 τῶν
3245 3721 3591 3791 Χριστιανῶν
3621 3721 3825 3792 ἁχράν-

2242 3822 2322 3875 τῳ
2366 3806 2462 3860 καὶ
2489 3808 2763 3877 ὑπερφυεῖ
2816 3809 2910 3861 καὶ
2966 3808 3225 3884 θειοτάτῃ
3257 3810 3547 3883 θρησκεία,
3586 3813 3719 3881 περί
3756 3832 3821 3867 τε

2244 3898 2412 3968 αὐτῆς
2442 3899 2537 3969 τῆς
2556 3900 2883 3971 ὑπερουσίου
2914 3903 3311 3973 καὶὸμοουσίου
3340 3906 3589 3978 Τριάδος,
3621 3906 3696 3968 ὠς
3724 3907 3823 3959 καὶ

2245 3991 2335 4043 ὑπ’
2359 3993 2581 4045 ἐκείνων
2611 3993 2939 4064 κηρύττεται
2978 3994 3069 4046 καὶ
3097 3993 3545 4062 καταγγέλλεται,
3598 3994 3725 4066 περί
3758 4012 3823 4048 τε

2243 4084 2341 4153 τῆς
2366 4084 2425 4136 ὲν
2456 4085 2620 4155 σαρκὶ
2665 4086 2763 4139 τοῦ
2808 4085 2984 4154 Λόγου
3018 4088 3343 4157 παρουσίας,
3371 4087 3482 4140 τῶν
3529 4105 3589 4140 τε
3622 4088 3822 4159 θεοση-

570 4170 758 4224 tietur.
791 4167 920 4222 Item
950 4170 1016 4222 de
1060 4164 1223 4222 Verbi
1262 4170 1312 4221 in
1363 4182 1527 4221 carne
1561 4167 1817 4229 adventu,
1864 4167 2139 4235 signisque

2248 4172 2416 4240 μειῶν
2443 4174 2645 4226 καὶτοῦ
2666 4174 2900 4245 σταυροῦ
2924 4176 3020 4229 καὶ
3041 4177 3135 4229 τοῦ
3162 4176 3367 4241 πάθους
3393 4178 3486 4231 καὶ
3518 4179 3616 4247 τῆς
3637 4182 3821 4249 ταφῆς

570 4261 787 4327 divinis,
822 4272 877 4314 et
910 4262 977 4315 de
1015 4276 1200 4324 cruce,
1244 4259 1578 4314 cruciatibus
1614 4273 1679 4312 ac
1725 4257 1999 4327 sepultura
2030 4298 2045 4323 ,
2079 4259 2139 4312 de

2246 4262 2341 4314 καὶ
2375 4264 2472 4331 τῆς
2511 4264 2859 4328 ἀναστάσεως
2890 4268 2990 4336 τῆς
3020 4283 3079 4318 τε
3132 4267 3450 4338 ἀναλήψεως
3474 4270 3567 4322 καὶ
3596 4270 3695 4339 τῆς
3722 4271 3820 4325 τοῦ

570 4353 991 4415 resurrectione,
1042 4362 1205 4420 atque
1247 4351 1586 4415 ascensione,
1621 4358 1676 4404 et
1708 4348 1773 4403 de
1812 4349 2139 4403 sanctissimi

2246 4354 2510 4421 παναγίου
2547 4354 2863 4426 Πνεύματος
2894 4356 3149 4427 πυρίναις
3178 4357 3452 4426 γλώσσαις
3478 4361 3820 4432 ἐπιχορηγη-

571 4443 811 4515 Spiritus
842 4442 1026 4512 ignitis
1074 4442 1271 4510 linguis
1317 4441 1370 4495 in
1423 4440 1722 4509 discipulos
1774 4438 2138 4507 inexplicabili

2247 4445 2432 4515 θείσης
2458 4448 2567 4509 τοῖς
2594 4445 2863 4515 μαθηταῖς
2899 4448 3036 4517 ὑπὲρ
3069 4449 3227 4517 λόγον
3261 4450 3501 4521 χάριτος,
3525 4452 3618 4505 καὶ
3640 4452 3704 4522 δὴ
3725 4454 3822 4507 καὶ

572 4537 733 4590 modo
772 4534 1187 4603 superveniente
1239 4533 1410 4601 gratia
1451 4547 1551 4586 nec
1597 4549 1703 4587 non
1752 4532 1819 4585 de
1856 4531 2139 4585 tremendo

2246 4539 2345 4608 τῆς
2376 4501 2612 4607 ᾦοὸερᾶς
2641 4501 2877 4607 Χριστοῦ
2910 4501 3018 4590 τοῦΙ
3041 4501 3175 4593 Θεοί)
3206 4501 3818 4616 ήξῖῶν

570 4626 777 4682 Christi
825 4624 1037 4678 Domini
1090 4625 1256 4678 nostri
1295 4624 1534 4680 secundo
1582 4624 1859 4689 adventu,
1913 4631 2139 4676 mortuo-

2242 4627 2431 4691 ουσίας
2453 4631 2545 4680 καὶ
2577 4629 2677 4698 τῆς
2700 4628 2808 4682 τῶν
2852 4630 3064 4701 νεκρῶν
3096 4632 3447 4697 ἀναδιώσεως
3470 4636 3564 4688 κα)⁸
3588 4636 3824 4707 κρίσεως

572 4733 800 4788 rumque
820 4716 1219 4772 resurrectione
1248 4731 1310 4770 ac
1352 4716 1584 4785 judicio,
1620 4724 1673 4769 et
1707 4717 2139 4770 remuneratione

2248 4717 2344 4771 καὶ
2362 4716 2597 4787 ἀμοιϐῆς
2615 4710 2689 4769 ὧν
2719 4717 2948 4782 ἕκαστος
2980 4720 3039 4771 ἐν
3096 4718 3195 4789 βίῳ
3221 4719 3569 4792 διεπράξατο.
3617 4724 3692 4776 Οὐ
3721 4725 3821 4794 μό-

573 4824 759 4864 eorum
796 4824 915 4877 quae
962 4808 1015 4861 in
1064 4807 1179 4861 vita
1217 4808 1447 4876 quisque
1498 4806 1754 4877 gesserit.
1802 4807 1882 4861 Ad
1922 4807 2039 4861 ham
2084 4808 2139 4862 de

2248 4825 2337 4862 νον
2354 4807 2409 4861 δὲ
2432 4807 2567 4861 ἀλλὰ
2588 4809 2683 4863 καὶ
2714 4810 2841 4879 περὶ
2874 4809 2919 4841 ³⁸
2943 4810 3042 4879 τῆς
3091 4810 3184 4863 τοῦ
3219 4812 3423 4876 παντὸς
3460 4812 3822 4885 δημιουργίας

574 4900 817 4955 universi
850 4899 1074 4965 fabrica,
1095 4900 1160 4954 de
1186 4898 1549 4967 providentia,
1577 4899 1642 4952 de
1673 4899 1949 4967 paradiso,
1975 4899 2139 4968 deque

2250 4900 2343 4954 καὶ
2381 4900 2659 4969 προνοίας,
2693 4901 3023 4970 παραδείσου
3041 4918 3097 4953 τε
3126 4904 3220 4955 καὶ
3241 4902 3350 4954 τῶν
3384 4905 3679 4974 συστοίχων
3701 4907 3827 4958 τού-

576 4989 866 5045 similibus.
909 4989 1048 5056 Quin
1078 4998 1131 5044 et
1176 4988 1244 5043 de
1293 4988 1493 5044 virtute
1528 4987 1960 5044 Christianorum
2018 5005 2139 5059 pro-

2253 5009 2390 5055 τοις,
2428 4993 2523 5045 καὶ
2554 4992 2619 5062 δὴ
2668 4993 2762 5045 καὶ
2788 4994 2915 5063 περὶ
2939 4994 3141 5064 ἀρετῆς
3164 4995 3263 5065 τῆς
3292 4995 3445 5066 παρὰ
3471 4997 3822 5067 Χριστιανοῖς

576 5080 694 5151 pria
739 5080 861 5135 etsi
887 5080 1017 5148 quid
1048 5080 1175 5135 huic
1209 5081 1495 5135 ﬁnitimum
1518 5089 1621 5136 est.
1653 5079 1729 5134 De
1754 5081 1839 5135 his
1892 5081 2139 5136 omnibus

2254 5082 2621 5153 ἀσκουμένης,
2646 5082 2740 5135 καὶ
2766 5082 2881 5136 εῐτι
2904 5082 3108 5155 ταύτης
3137 5086 3537 5155 παραπλήσιον,
3554 5088 3680 5157 περὶ
3699 5087 3825 5140 τού-

650 5172 695 5203 ³⁶
729 5171 838 5225 lsa.
876 5187 952 5237 vt,
982 5170 1036 5227 6.

1846 5264 2082 5323 VARIAS
2124 5265 2531 5322 LECTIONES.

677 5357 930 5442 ""éfspat
956 5358 1320 5442 apographum
1364 5357 1644 5442 Stephani.
1724 5358 1767 5388 ³²
1799 5358 2088 5442 σχόλια-ιδ,
2132 5359 2297 5442 σχολς
2349 5359 2868 5442 (3,.ειιροτεετῑριρ]
2906 5377 2934 5442 ἰ
2954 5360 3160 5442 σχόλιον
3177 5378 3263 5442 ςτ-
3314 5362 3357 5442 ῗ
3383 5362 3723 5442 διασαφεξται
3765 5380 3826 5426 ς’.

580 5425 741 5561 :a'fsg]
771 5426 1264 5569 δέιξ.πιέἓίέἒᾶότόχ
1285 5444 1345 5491 ς.
1423 5428 1467 5460 ³⁵
1489 5428 1517 5480 6
1544 5430 1667 5483 add.
1709 5442 1790 5497 pr.
1826 5425 1891 5482 Ᾱ.
1968 5428 2014 5461 ³⁸
2040 5425 2234 5482 ἕνωσιν
2258 5430 2301 5482 Α
2327 5425 2589 5485 εκὲνωσιν
2626 5431 2667 5485 C
2696 5425 2755 5493 εξ.
2776 5425 3025 5501 Ἡσαΐας]
3053 5446 3171 5502 eup.
3200 5429 3285 5499 Vl,
3318 5433 3371 5487 6.
3447 5433 3488 5465 ³⁷
3524 5425 3829 5487 Βαϐυλωνι-

2056 5588 2289 5646 ΝΟΤΑΕ.

802 5682 970 5763 Cujus
1003 5683 1222 5763 emissio
1249 5694 1412 5755 atque
1444 5687 1781 5742 caeremoniae
1804 5686 1983 5745 Levit.
2024 5704 2113 5744 xvt
2157 5696 2492 5763 praescripta.

656 5752 768 5823 (85)
792 5752 878 5806 Al.
919 5752 1203 5809 Unionem.
