4090 6460
219 474 310 537 497

1267 474 1790 535 BIBLIOTHECA.
1825 501 1896 511 -·
1934 475 2097 536 COD.
2157 477 2378 544 CLXX.

3393 472 3502 535 498

219 599 328 636 των
358 583 618 635 ἁπάντων
651 583 696 614 ³⁹
727 582 961 652 ’Ἕλλησί
985 598 1045 635 τε
1064 584 1157 636 καὶ
1189 585 1514 652 Αἰγυπτίοις
1540 586 1635 638 καὶ
1659 586 1806 637 Χαλ-
1840 639 1842 647 ι

1946 586 2167 650 ιι-θεοοε,
2211 584 2537 655 Aﬁgyptios,
2580 583 2904 650 Chaldaeos,
2941 593 2996 638 et
3041 598 3180 652 quos
3225 584 3498 638 nominavi

218 676 387 736 δαίοις
432 675 530 727 καὶ
573 677 686 736 τοῖς
725 674 1143 744 προειρημένοις
1176 673 1299 745 [581
1341 675 1390 729 Ιὶ
1514 673 1805 736 πεφιλοσο-

217 765 428 836 φῆσθαί
482 783 541 818 τε
572 767 667 818 καὶ
703 765 1136 835 διακεκηρῦχθαι
1165 767 1224 820 ἐν
1267 767 1420 829 ἰδίοις
1459 765 1642 819 αὐτῶν
1687 781 1808 818 πει-

224 862 386 932 ρᾶται
441 858 720 912 δεικνύναι
768 857 1221 929 συγγράμμασιν.
1280 859 1354 911 Οὐ
1415 858 1579 929 μόνον
1619 858 1676 911 δὲ
1702 859 1811 912 ἀπὸ

222 952 329 1005 τῶν
353 952 666 1022 εἰρημένων
693 952 739 983 ⁸ο
761 951 978 1021 ἀγείρει
1030 952 1126 1004 καὶ
1157 951 1439 1020 συντίθησι
1466 951 1566 1014 τὰς
1604 967 1813 1022 μαρτυ-

227 1044 370 1115 ρίας,
404 1043 544 1106 ἀλλά
568 1044 664 1097 καὶ
689 1043 799 1096 ἀπὸ
843 1042 954 1096 τῶν
974 1042 1342 1113 χειμευτικῶν
1363 1042 1406 1074 ¹⁸¹
1439 1041 1694 1110 Ζωσίμου
1725 1043 1815 1094 λόο

229 1154 339 1204 γων
371 1137 631 1207 (Θηϐαῖος
659 1137 703 1190 δ’
741 1132 808 1208 ἦν
834 1131 991 1199 οὗτος
1032 1136 1427 1208 Πανοπολίτης)
1454 1137 1555 1189 οὐκ
1589 1137 1634 1167 δ’
1667 1136 1818 1206 ἐφεί-

231 1248 361 1283 σατο
385 1228 454 1283 τὰ
479 1230 607 1299 [198
637 1228 730 1302 Η.]
785 1229 925 1283 αύτά
967 1229 1438 1294 κατασκευάζεινο
1474 1231 1534 1281 ἐν
1585 1223 1666 1291 οἷς
1725 1230 1819 1282 καὶ

241 1320 554 1391 Ἑϐραϊκῶν
599 1319 798 1383 λέξεων
827 1321 872 1353 ’⁵³
927 1321 1204 1375 ἐκτίθεται
1243 1320 1549 1392 σημασίας,
1591 1320 1820 1374 καὶτῶν

233 1407 551 1460 ἀποστόλων
581 1407 809 1470 ἕκαστος
837 1407 967 1461 ἔνθα
1001 1425 1062 1460 τε
1096 1406 1144 1439 δ”
1170 1407 1230 1460 τὸ
1267 1410 1539 1480 σωτήριον
1583 1408 1822 1478 ἐκήρυξε

236 1505 493 1574 μάθημα,
530 1503 625 1556 καὶ
673 1503 732 1555 ἐν
879 1504 1029 1572 τόπῳ
1077 1504 1187 1556 τῶν
1233 1503 1591 1573 ἀνθρωπίνων
1645 1504 1824 1556 πόνων

233 1594 608 1650 ἀνεπαύσατο.
655 1596 776 1648 Ἐπὶ
797 1596 941 1648 τέλει
967 1596 1025 1648 δέ
1055 1595 1163 1648 τῶν
1195 1595 1372 1663 λόγων
1430 1596 1524 1648 καὶ
1554 1593 1823 1664 παραίνε-

238 1705 320 1738 σιν
356 1686 496 1739 ἰδίαν
518 1687 903 1749 κατατίθεται,
931 1687 1340 1757 γνωμολογίαις
1373 1704 1433 1740 τε
1463 1687 1574 1741 τῶν
1596 1687 1702 1752 ἔξω
1731 1688 1828 1741 καί¹

237 1779 539 1848 Γραφικοῖς
589 1779 796 1846 λογίοις
849 1779 1058 1849 ταύτην
1119 1779 1462 1848 συνυφαίνων
1507 1781 1601 1832 καὶ
1645 1779 1829 1834 διαπι-

241 1872 366 1925 στού
377 1889 540 1942 μενος
561 1889 573 1900 ·
630 1875 688 1926 ἐν
829 1872 1065 1945 μάλιστα
1097 1873 1159 1926 τὸ
1195 1874 1490 1944 φιλάρετον
1513 1871 1610 1926 τοῦ
1637 1873 1830 1945 ἀνδρὸς

239 1967 332 2019 καὶ
365 1967 428 2019 τὸ
464 1968 546 2030 εἰς
579 1967 868 2030 εὐσέϐειαν,
895 1967 1215 2038 ἀδιάϐλητον
1245 1967 1396 2023 ἐστιν
1431 1968 1753 2036 ἐπιγνῶναι.

323 2059 390 2111 ἸΙ
414 2059 473 2111 δὲ
518 2059 626 2112 τῶν
652 2059 825 2128 λόγων
849 2059 1018 2113 αὑτοῦ
1047 2059 1092 2092 ⁸⁵
1128 2059 1239 2112 ἰδέα
1283 2059 1393 2114 οὐκ
1417 2059 1697 2129 ἀφέστηκε
1733 2059 1830 2113 τοῦ

248 2148 388 2217 μηδὲ
426 2149 539 2201 ίδέα
569 2144 708 2202 εἶναι
727 2165 742 2180 ο
781 2149 816 2218 ἦ
855 2166 914 2201 τε
936 2149 1044 2219 γάρ
1061 2148 1308 2219 συνθήκη
1339 2151 1398 2203 ἐν
1421 2149 1637 2214 πολλοῖς
1657 2149 1834 2214 οὕτως

249 2242 630 2313 ἁπημέληται,
677 2243 770 2296 καὶ
814 2244 847 2314 ὴ
887 2242 1032 2309 λέξις
1057 2243 1150 2296 ἐπὶ
1205 2243 1484 2308 τοσοῦτον,
1521 2243 1665 2297 ὥστε
1698 2244 1835 2315 μηδὲ

249 2331 358 2382 τῶν
389 2332 458 2384 ἐκ
502 2332 714 2403 τριόδου
775 2335 1036 2404 ῥημάτων
1083 2333 1253 2388 ἐνίοτε
1311 2334 1609 2404 φείδεσθαι.
1651 2336 1760 2389 Καὶ
1808 2337 1837 2388 ὁ

252 2423 375 2486 νοῦς
396 2424 454 2476 δὲ
494 2425 604 2477 τῶν
637 2427 1002 2496 γραφομένων
1027 2426 1178 2497 αὐτῷ
1202 2427 1461 2489 πολλάκις
1489 2427 1642 2480 οὐδὲν
1671 2428 1838 2498 ἀμεί-

250 2533 378 2570 νων.
403 2518 516 2570 Καὶ
544 2517 634 2570 τὸν
669 2517 768 2586 μὲν
818 2517 912 2570 τοῦ
952 2517 1145 2588 ἀνδρὸς
1190 2519 1352 2572 πόνον
1394 2521 1487 2572 καὶ
1520 2520 1611 2572 τὸν
1637 2519 1839 2574 σκοπὸν

251 2610 350 2662 οὐκ
381 2609 448 2662 ἄν
473 2626 556 2672 τις
582 2609 942 2679 εύγνωμονῶν
959 2610 1352 2680 ἐπιμέμφοιτο,
1375 2610 1558 2664 οὐκέτι
1573 2611 1617 2664 δ’
1639 2613 1840 2683 ὁμοίως

255 2703 347 2755 καὶ
396 2703 462 2755 τὸ
495 2702 674 2774 ἔργον.
731 2704 806 2756 Οὐ
847 2705 987 2774 ῥητά
1017 2704 1124 2773 γὰρ
1184 2705 1342 2775 μόνον
1373 2708 1432 2758 ἐν
1482 2705 1695 2770 πολλοῖς
1747 2708 1842 2760 καὶ

258 2795 520 2857 πολλάκις
549 2795 871 2865 ἀνάρμοστα
896 2798 1008 2859 τοῖς
1035 2795 1328 2867 ἡμετέροις
1358 2796 1524 2860 θείοις
1576 2797 1844 2868 δόγμασιν

257 2886 595 2960 ἐφαρμόζειν
624 2887 964 2954 ἐκϐιάζεται,
1004 2888 1141 2941 ἁλλά
1171 2891 1266 2942 καὶ
1326 2888 1529 2959 μύθους
1555 2889 1652 2943 καὶ
1705 2890 1845 2941 ὀνεί-

261 2998 383 3050 ρους
407 2983 540 3044 τοὺς
571 2980 703 3052 παρ’
754 2981 935 3034 αὐτῶν
979 2982 1207 3034 ἐκείνων
1238 2982 1348 3034 τῶν
1371 2982 1640 3035 τεκόντων
1675 2982 1846 3050 γελωο

263 3073 457 3142 μένους
492 3071 581 3138 ἂν,
605 3072 719 3140 εἴγε
753 3075 1051 3143 σωφρονεῖν
1091 3072 1336 3144 ἔμελλον.
1388 3074 1445 3127 '0
1479 3073 1535 3128 δὲ
1565 3074 1686 3127 οὐδὲ
1721 3073 1846 3126 τού-

261 3183 384 3230 τους
402 3168 590 3235 λέγειν
623 3170 974 3237 παραιτεῖται
999 3169 1065 3236 τῇ
1098 3167 1347 3237 ἡμετέρᾳ
1404 3167 1665 3236 θεοσοφίᾳ.
1711 3183 1845 3234 συμο-

265 3258 552 3327 φέρεσθαι,
611 3259 745 3312 ἀλλὰ
773 3259 869 3311 καὶ
904 3261 1125 3312 σπεύδει
1153 3259 1252 3328 τὴν
1277 3262 1332 3311 ἐν
1371 3261 1483 3321 τοῖς
1514 3257 1706 3328 μύθοις
1753 3258 1846 3311 καὶ

263 3351 496 3421 ὀνείροις
534 3351 824 3406 ἀλλόκοτον
855 3351 1066 3405 ἔννοιαν
1093 3354 1172 3416 εἰς
1195 3352 1293 3414 τὰς
1326 3352 1552 3422 ἀληθεῖς
1582 3353 1675 3404 καὶ
1727 3352 1844 3404 θεο-

265 3447 496 3514 πρεπείς
525 3444 622 3497 καὶ
655 3444 1133 3514 ἀπαραγράπτους
1184 3443 1278 3496 καὶ
1331 3442 1578 3513 καθαρὰς
1641 3443 1851 3503 ἐννοίας

265 3537 355 3590 τοῦ
387 3537 542 3590 θείου
568 3537 840 3607 δόγματος
891 3536 1242 3591 ἀνατίθεσθαι
1279 3549 1296 3564 ⁸
1331 3534 1390 3600 ἐξ
1420 3528 1498 3588 ὧν
1528 3535 1715 3606 κέρδος
1755 3536 1854 3604 μὲν

269 3630 373 3683 οὐδ’
399 3629 586 3683 ὁτιοῦν
609 3632 676 3700 τῇ
703 3629 981 3699 εὐσεϐείᾳ,
1021 3628 1278 3697 ἀφορμὰς
1307 3627 1363 3680 δὲ
1396 3628 1569 3698 λαϐῆς
1602 3629 1724 3680 κατ’
1757 3627 1855 3680 αύ-

269 3723 363 3791 τῆς
383 3725 500 3784 τοῖς
553 3721 840 3791 φιλαιτίοις
867 3725 969 3774 οὐκ
1000 3721 1066 3774 ἂν
1096 3720 1307 3788 ἀλόγως
1329 3720 1459 3789 δόξῃ
1491 3719 1811 3790 πορίζεσθαι
1838 3758 1853 3783 ,

269 3816 381 3883 είγε
421 3817 519 3868 καὶ
546 3814 617 3867 τά
665 3813 834 3884 μηδὲν
875 3813 1244 3883 προσήκοντα,
1300 3811 1438 3865 ἀλλά
1463 3813 1557 3866 καὶ
1597 3812 1674 3874 ὡς
1703 3811 1857 3863 πλεῖ-

278 3926 402 3963 στον
432 3908 874 3978 ἁπεμφαίνοντα,
908 3905 1326 3978 ἐπιχειροῦντας
1348 3923 1498 3968 τινας
1520 3904 1629 3958 τῶν
1656 3907 1687 3972 ἡ
1698 3904 1859 3973 μετέ-

273 4022 384 4075 ρων
411 4004 598 4068 ’έξουσι
630 4003 895 4056 δεικνύειν
942 4005 1022 4064 εἰς
1053 4001 1337 4054 σύστασιν
1389 4001 1487 4071 τῆς
1522 4000 1861 4070 ἁπροσδεοῦς

271 4099 368 4149 καὶ
399 4097 573 4167 μόνης
604 4097 856 4164 καθαρᾶς
890 4095 986 4148 καὶ
1016 4094 1251 4165 ἀληθοῦς
1278 4093 1538 4164 λατρείας
1576 4093 1757 4163 ἡμῶν,
1793 4091 1864 4145 τὰ

207 4203 215 4211 ‘
271 4190 502 4242 ἐκείνων
524 4188 952 4258 ἐκϐιαζομένους
991 4189 1086 4241 καὶ
1145 4187 1561 4258 ἐπιχειροῦντας
1588 4189 1667 4250 εἰς
1719 4203 1864 4256 συμ-

273 4284 485 4352 φωνίαν
519 4283 697 4351 ἄγειν,
719 4283 755 4336 ἃ
780 4282 942 4335 πλέον
974 4283 1112 4353 πρὸς
1136 4283 1203 4334 τὰ
1233 4283 1480 4352 ἡμέτερα
1514 4280 1546 4350 ἢ
1577 4281 1635 4333 τὸ
1672 4281 1863 4343 σκότος

272 4379 416 4448 πρὸς
439 4377 501 4428 τὸ
545 4376 662 4443 φῶς
695 4376 1010 4444 διέστηκενο
1043 4375 1209 4428 ὑπέδυ
1248 4375 1306 4427 δέ
1371 4374 1462 4427 τὸν
1521 4373 1866 4442 πολύμοχθον

273 4470 467 4523 τοῦτον
499 4470 525 4520 ὁ
567 4467 857 4536 ἄνθρωπος
886 4469 1071 4530 πόνον,
1100 4467 1176 4529 ὡς
1210 4466 1374 4528 αὐτὸς
1427 4465 1691 4528 πολλάκις
1743 4465 1868 4535 ἐδή-

275 4561 474 4625 λωσεν,
536 4557 626 4611 ἴνα
665 4555 848 4622 δείξας
897 4555 958 4607 τὸ
1002 4557 1346 4626 Χριστιανῶν
1389 4556 1569 4626 δόγμα
1599 4557 1656 4609 ἐν
1698 4557 1867 4608 πᾶσιν

1912 687 2140 733 caeteros
2186 677 2639 746 philos0phatos,
2713 676 3014 744 eademque
3072 676 3188 730 suis
3254 678 3500 744 ipsorum

1912 771 2137 840 scriptis
2185 770 2519 841 divulgasse,
2559 770 2850 824 ostendere
2879 769 3092 822 nititur.
3137 767 3330 838 Neque‘
3367 782 3501 822 vero

1915 864 2110 918 horum
2174 863 2552 918 tantummodo
2612 863 2923 917 testimonia
2976 870 3230 929 congesta
3279 859 3503 923 laudat,

1915 965 2080 1027 atque
2128 957 2378 1021 advocat,
2411 954 2648 1010 sedete
2679 953 2891 1024 [rigidis
2936 951 3049 1024 (84)
3095 951 3299 1006 Zosimi
3348 950 3504 1006 libris

1916 1048 2106 1118 petita.
2140 1047 2430 1102 Thebanus
2459 1045 2562 1101 fuit
2589 1047 2680 1102 hic
2709 1045 3057 1115 Panopolita,
3094 1047 3185 1115 qui
3216 1059 3392 1113 neque
3412 1058 3505 1098 ar-

1921 1138 2192 1208 gumentis
2223 1141 2414 1192 eadem
2438 1138 2672 1207 probare
2697 1137 2959 1208 neglexit,
2990 1138 3046 1193 in
3073 1139 3272 1208 quibus
3308 1149 3362 1193 et
3393 1137 3504 1190 lle-

1924 1231 2237 1285 braicarum
2271 1244 2466 1284 vocum
2483 1229 2916 1301 signiﬁcationes
2943 1231 3190 1300 exponit,
3225 1239 3282 1284 et
3309 1230 3509 1299 singuli

1921 1319 2142 1374 ubinam
2195 1319 2435 1374 locorum
2462 1319 2692 1390 apostoli
2723 1319 3024 1374 salutarem
3045 1320 3348 1374 doctrinam
3373 1335 3510 1389 pra:-

1925 1414 2176 1480 dlcariut,
2221 1427 2438 1484 quaque
2473 1413 2685 1466 ratione
2734 1412 2989 1466 humanis
3020 1412 3167 1466 curis
3215 1425 3278 1465 ac
3311 1410 3511 1464 labori-

1925 1507 2025 1560 bus
2075 1507 2188 1561 sint
2237 1506 2497 1560 defuncti.
2538 1508 2717 1560 Donec
2743 1506 2810 1558 ad
2857 1505 3016 1559 ﬁnem
3060 1507 3278 1558 tandem
3317 1505 3510 1558 horum

1926 1598 2210 1664 librorum,
2252 1613 2406 1653 suam
2442 1613 2658 1668 quoque
2688 1597 2851 1653 aﬁ‘ert
2874 1597 3322 1660 admonitionem,
3347 1609 3511 1664 quam

1929 1691 2167 1760 gentium
2213 1690 2543 1755 sententiis,
2603 1705 2668 1746 ac
2724 1689 3022 1760 Scriptura;
3083 1689 3223 1742 locis
3268 1687 3514 1741 contexit

1930 1794 2092 1853 atque
2123 1783 2410 1838 conﬁrmat
2444 1802 2458 1838 :
2491 1784 2543 1836 in
2573 1798 2679 1853 qua
2727 1782 3069 1852 potissimum
3101 1780 3337 1836 hominis
3371 1780 3514 1834 illius

1934 1892 2055 1930 cum
2084 1877 2302 1930 virtutis
2326 1876 2588 1941 studium,
2608 1887 2718 1930 tum
2745 1875 2876 1930 nulli
2900 1874 3192 1930 obnoxiam
3224 1871 3512 1928 calumnia:

1935 1969 2188 2040 pietatem
2225 1969 2353 2023 licet
2387 1983 2704 2040 agnoscere.

2003 2062 2088 2117 Ad
2139 2061 2405 2117 orationis
2441 2075 2570 2116 vero
2614 2061 2733 2130 ejus
2764 2060 2944 2115 ideam
2999 2060 3142 2129 quod
3183 2059 3400 2123 attinet,
3453 2071 3516 2110 ea

1937 2155 2083 2210 nulla
2115 2171 2238 2211 esse
2277 2169 2436 2223 posse
2466 2154 2700 2208 videtur.
2737 2152 2874 2206 Nam
2915 2165 2970 2207 et
2994 2152 3315 2220 compositio
3357 2152 3428 2204 ita
3463 2150 3516 2203 it

1938 2247 2210 2318 plerisque
2258 2246 2503 2317 neglecta
2545 2253 2649 2309 est,
2687 2244 2927 2313 ipsaeque
2969 2245 3103 2296 adeo
3133 2242 3424 2302 dictiones,
3462 2254 3521 2292 ut

1940 2356 2038 2396 nec
2073 2355 2103 2394 a
2130 2339 2438 2395 trivialibus
2482 2339 2756 2393 interdum
2786 2338 2965 2392 verbis
2988 2336 3300 2392 abstineat:
3334 2344 3390 2386 et
3427 2345 3522 2386 eo-

1938 2446 2059 2486 rum
2089 2429 2218 2486 item
2258 2445 2378 2500 quae
2412 2429 2606 2486 scribit
2635 2430 2903 2484 sententia
2926 2427 3095 2482 nihilo
3114 2425 3200 2480 his
3225 2421 3519 2493 aliquando

1941 2521 2135 2577 melior
2169 2523 2372 2577 evadit.
2418 2521 2600 2590 Quare
2658 2521 2757 2575 etsi
2796 2521 3035 2575 laborem
3062 2519 3187 2582 viri,
3225 2518 3416 2586 117i:
3457 2529 3522 2570 ac

1940 2627 2165 2681 scopum
2213 2615 2471 2669 cordatus
2510 2629 2670 2668 nemo
2705 2613 2904 2668 merito
2937 2613 3320 2681 reprehendat,
3349 2611 3523 2677 ipsum

1946 2714 2128 2758 tamen
2155 2719 2294 2772 Opus
2331 2718 2434 2756 non
2471 2703 2695 2771 perinde
2726 2717 2784 2756 se
2818 2702 2999 2755 habet.
3041 2698 3155 2754 Non
3185 2699 3359 2752 solum
3380 2695 3526 2749 enim

1943 2796 2287 2850 dissentanea
2327 2808 2470 2864 saepe
2499 2794 2555 2848 in
2597 2793 2781 2846 multis
2815 2794 2959 2846 dicta
2993 2791 3191 2844 divina:
3228 2796 3431 2842 nostrae
3459 2787 3527 2841 ﬁ-

1945 2889 2029 2944 dei
2063 2889 2478 2943 accommodare
2513 2887 2740 2951 nititur;
2776 2900 2964 2940 verum
3006 2885 3172 2937 etiam
3217 2881 3431 2936 fabulas
3465 2895 3530 2936 ac

1946 2985 2176 3048 somnia,
2207 2999 2330 3053 quae
2358 2981 2444 3037 vel
2475 2981 2542 3036 ab
2569 2981 2839 3050 ipsismet,
2873 2979 2966 3047 qui
2993 2977 3349 3046 prodiderunt
3388 2975 3532 3029 scri-

1949 3077 2221 3144 ptoribus,
2251 3075 2446 3144 siquid
2476 3081 2760 3142 saperent,
2788 3072 3123 3126 it'rideautur
3158 3085 3172 3122 ι
3201 3082 3321 3137 quae
3347 3074 3527 3120 tamen

1948 3169 2038 3224 ille
2066 3168 2388 3223 Christianae
2433 3176 2634 3221 nostra;
2681 3165 2804 3220 ﬁdei
2847 3165 3156 3219 conducere
3209 3160 3344 3214 adeo
3382 3157 3532 3211 allir-

1954 3277 2102 3316 [nare
2132 3277 2241 3316 non
2273 3270 2516 3327 veretur,
2544 3271 2602 3314 ut
2624 3259 2870 3314 studiose
2896 3271 3112 3326 quoque
3148 3253 3456 3309 fabularum
3478 3261 3536 3306 et

1953 3353 2290 3407 somniorum
2343 3352 2580 3408 alienum
2615 3365 2835 3406 sensum
2862 3350 2914 3404 in
2938 3362 3116 3413 veros,
3166 3346 3307 3416 pios,
3337 3356 3536 3414 puros-

1954 3463 2060 3516 que
2089 3461 2155 3500 ac
2195 3446 2442 3500 sinceros
2489 3443 2656 3499 divini
2702 3441 2972 3512 dogmatis
3007 3453 3202 3495 sensus
3243 3438 3534 3492 traducat:

1956 3536 2099 3592 unde
2145 3544 2204 3590 ut
2249 3536 2679 3591 emolumentum
2724 3535 2950 3589 omnino
2993 3531 3198 3586 nullum
3241 3543 3383 3585 verae
3408 3527 3539 3582 reli-

1957 3628 2100 3700 gioni
2141 3627 2408 3690 attulisse,
2443 3627 2514 3681 ita
2551 3625 2879 3680 criminandi
2907 3623 3253 3678 occasionem
3278 3619 3541 3674 cavillan-

1961 3722 2102 3775 tibus
2144 3720 2482 3788 praebuisse,
2527 3734 2633 3772 non
2679 3716 2878 3784 injuria
2929 3715 3198 3768 videatur.
3238 3711 3541 3769 Ostendere

1959 3811 2229 3881 siquidem
2275 3809 2536 3879 deinceps
2566 3817 2755 3879 gentes
2787 3816 3044 3877 poterunt
3078 3821 3110 3861 e
3149 3805 3349 3860 nostris
3373 3819 3542 3875 quos-

1961 3904 2104 3968 dam,
2154 3903 2246 3973 qui
2283 3904 2352 3956 ad
2400 3901 2889 3958 commendandam
2939 3899 3256 3967 religionem
3302 3906 3543 3952 nostram

1964 3997 2105 4066 (quae
2129 3995 2244 4049 sola
2270 4010 2404 4064 pura
2433 4005 2520 4049 est
2557 4009 2620 4049 ac
2663 4009 2816 4057 vera,
2849 4007 3025 4061 neque
3052 3991 3157 4044 ulla
3192 3999 3452 4060 praeterea
3485 4003 3546 4041 re

1963 4101 2098 4155 opus
2131 4086 2316 4151 habet)
2355 4085 2624 4154 ejusmodi
2666 4085 2979 4148 adhibeant,
3017 4097 3138 4151 quae
3171 4079 3306 4134 nihil
3337 4079 3404 4132 ad
3429 4093 3543 4133 rem

1963 4178 2293 4248 pertineant,
2341 4179 2474 4247 quin
2511 4177 2803 4231 maximam
2838 4176 3019 4245 potius
3062 4182 3274 4244 partem
3325 4185 3547 4241 prorsus

1966 4271 2147 4324 aliena
2179 4271 2312 4336 sint,
2346 4270 2471 4338 quia
2501 4285 2587 4322 res
2613 4269 2829 4322 illorum
2855 4266 3154 4322 conciliare
3184 4279 3306 4319 cum
3338 4262 3542 4317 nostris

1968 4371 2256 4428 conentur,
2291 4377 2320 4415 a
2347 4361 2550 4432 quibus
2584 4370 2764 4414 tamen
2799 4358 3175 4418 nihilominus,
3208 4369 3372 4424 quam
3405 4369 3434 4406 a
3463 4352 3549 4405 lu-
3624 4416 3635 4430 .

1969 4455 2118 4507 mine
2159 4453 2416 4514 tenebrae,
2462 4450 2746 4518 disjunctae
2797 4449 2928 4502 sint.
2969 4445 3148 4501 Subiit
3176 4459 3308 4499 vero
3353 4443 3441 4497 ille
3464 4441 3552 4495 in-

1970 4556 2182 4616 gentem
2212 4547 2355 4598 hunc
2381 4543 2643 4606 laborem,
2669 4543 2811 4608 quod
2839 4542 2954 4609 ipse
2974 4537 3270 4592 identidem
3299 4545 3549 4595 testatur,

279 4652 460 4704 ἔθνεσι
492 4646 978 4721 προκαταγγελθέν
1006 4648 1158 4720 παρά
1179 4647 1287 4701 τῶν
1304 4649 1363 4699 ἐν
1389 4648 1642 4709 ἑκάστοις
1667 4647 1842 4714 λογίωτ

1974 4647 2031 4692 ut
2064 4647 2304 4702 ostenso,
2348 4636 2783 4691 Christianorum
2845 4635 3148 4689 doctrinam
3199 4632 3253 4684 in
3302 4627 3553 4683 omnibus

279 4748 372 4799 καὶ
403 4743 946 4814 προκηρυττὸμενον,
1003 4739 1444 4808 ἀναπολογήτους
1496 4739 1689 4808 ἐλέγξῃ
1735 4737 1864 4800 τοὺς

281 4840 337 4902 ἐξ
387 4836 586 4898 ἐθνῶν,
613 4837 728 4888 ὅσοι
775 4834 850 4904 μὴ
893 4833 970 4904 τῷ
1001 4831 1128 4901 θείῳ
1183 4831 1491 4902 προσῆλθον
1521 4831 1863 4901 κηρύγματι.

284 4932 438 4983 lian
506 4929 606 5000 μὲν
643 4928 845 4992 σκοπὸς
879 4926 1182 4991 ἐπαινετὸς,
1220 4925 1320 4978 οὐκ
1346 4923 1452 4976 ἔδει
1499 4925 1556 4976 δὲ
1585 4923 1652 4975 δι’
1691 4916 1767 4976 ὧν
1799 4920 1867 4993 ἦν

285 5024 492 5095 ἄπορόν
517 5039 576 5075 τε
607 5023 702 5076 καὶ
715 5021 1000 5085 ἀπίθανον,
1034 5020 1170 5074 ἀλλά
1199 5019 1266 5072 δι’
1314 5011 1389 5071 ὧν
1417 5016 1674 5089 ἐνεχώρει
1713 5017 1805 5070 καὶ
1834 5018 1869 5087 ὴ

285 5118 469 5177 πίστις
496 5113 805 5177 συνείπετο,
837 5111 1028 5164 τοῦτον
1053 5108 1438 5180 περαίνεσθαι.

1974 4727 2228 4796 gentibus
2254 4726 2675 4795 przenuntiatam
2703 4723 2895 4790 fuisse,
2929 4733 2984 4778 et
3005 4725 3072 4778 ab
3089 4718 3555 4792 eloquentissimis

1973 4819 2280 4889 quibusque
2309 4819 2361 4872 in
2391 4818 2620 4887 singulis
2651 4817 2964 4871 nationibus
2995 4814 3367 4884 praedicatam,
3401 4811 3554 4864 inex-

1973 4914 2246 4970 cusabiles
2276 4927 2370 4967 eos
2392 4928 2584 4966 onmes
2612 4914 2753 4965 inter
2802 4920 2990 4980 gentes
3016 4923 3137 4963 esse
3183 4905 3555 4970 convinceret,

1977 5009 2068 5077 qui
2109 5007 2305 5062 divina:
2351 5021 2458 5060 non
2497 5007 2607 5060 sint
2635 5005 2841 5059 assensi
2871 5002 3154 5056 doctrinae.
3194 4999 3297 5065 Qui
3338 4996 3554 5068 quidem

1981 5118 2180 5171 scopus
2212 5101 2511 5156 laudandus
2535 5115 2668 5154 sane
2701 5107 2803 5161 est,
2845 5096 2946 5151 etsi
2975 5111 3079 5148 non
3106 5092 3390 5161 oportebat
3434 5103 3556 5144 eum

285 5224 379 5275 per
401 5209 572 5261 dubia
612 5216 666 5259 et
696 5204 1033 5260 incredibilia
1063 5203 1282 5267 conﬁci,
1309 5205 1401 5256 sed
1435 5217 1529 5271 per
1562 5216 1623 5254 ea
1656 5209 1864 5253 tantum
1900 5211 2134 5267 quorum
2177 5205 2233 5248 et
2268 5193 2500 5249 facultas
2543 5192 2807 5263 ejusmodi
2870 5200 3039 5256 esset,
3094 5197 3149 5241 et
3197 5200 3319 5256 qua:
3397 5183 3558 5238 ﬁdem

290 5301 623 5355 invenirent.

358 5393 434 5444 Τὸ
466 5392 655 5459 μέντοι
670 5389 842 5458 ὄνομα
870 5386 965 5440 τοῦ
996 5388 1384 5456 συντεταχότος
1423 5387 1491 5438 τὰ
1516 5385 1683 5454 τεύχη
1712 5385 1872 5454 μέχρι

291 5481 383 5534 νῦν
409 5483 512 5534 οὐκ
540 5479 774 5550 ἔσχομεν
804 5479 1002 5532 εείδὲναι
1021 5495 1035 5508 ο
1065 5479 1126 5530 οὐ
1155 5476 1265 5546 γὰρ
1296 5475 1587 5546 ἐνεφέρετο
1624 5476 1735 5536 τοῖς
1790 5475 1871 5542 βι-

2053 5380 2185 5447 Ejus
2210 5389 2388 5432 autem
2415 5377 2504 5445 qui
2537 5375 2653 5429 haec.
2675 5371 2950 5428 volumina
2980 5368 3222 5437 collegit,
3247 5377 3442 5419 nomen
3475 5377 3562 5415 cn-

1983 5489 2242 5545 guoscere
2293 5472 2360 5525 ad
2410 5471 2552 5525 hanc
2581 5468 2721 5524 diem
2758 5481 2862 5520 non
2895 5463 3042 5533 potui
3072 5464 3192 5532 (nec
3238 5458 3384 5513 enim
3414 5455 3559 5523 libri,

1561 5586 1801 5642 νΑιιιΛε
1844 5585 2253 5641 LECTIONES.

367 5687 408 5718 "’
443 5686 668 5739 πάντων
707 5703 768 5749 ς.
810 5685 854 5715 ’⁵ο
886 5683 1299 5753 προειρημένων
1328 5697 1391 5743 ς.

294 5755 347 5789 ⁸³⁵
378 5775 436 5810 τε
469 5759 600 5812 add.
634 5758 698 5810 A.
776 5755 819 5785 ⁸⁵
853 5753 1003 5824 αύτῷ
1031 5771 1089 5817 ς.

1498 5682 1542 5713 ’νί
1569 5679 1913 5753 χυμευτικῶν
1942 5693 2087 5736 corr.
2120 5679 2185 5735 A.

2263 5680 2306 5712 δ’
2330 5679 2429 5734 οὐκ
2463 5681 2505 5732 Α
2534 5696 2546 5736 :
2573 5675 2632 5739 ὃς
2659 5673 2757 5727 οὐκ
2787 5692 2846 5739 ς.
2925 5673 2969 5702 ⁵³
3004 5670 3199 5733 λέξεων
3242 5663 3288 5718 Λ
3334 5681 3348 5718 :
3388 5659 3567 5731 λόγων

1791 5843 2023 5902 NOTxE.

378 5944 483 6014 (Si)
514 5942 592 6000 De
625 5941 778 6013 cujus
804 5943 1032 6000 historia
1070 5942 1226 6001 Phot.
1253 5957 1386 6020 ευρ.
1424 5941 1545 5999 cod.
1569 5940 1675 6031 88.7
