4038 6408
537 468 642 529 499

1693 470 1957 529 ΡΗΟΤΙΙ
1996 467 2496 527 ΡΑΤΙῖΙΛΙῖΟΙ-ΙᾸΞ
2529 467 2638 526 CP.

3689 453 3798 514 500

537 589 672 642 quos
706 573 961 641 vidimus,
1001 574 1052 628 id
1093 575 1516 644 praeferebant);
1553 573 1683 629 illud
1718 585 1947 637 tantum,
1974 574 2104 628 Con-

2221 572 2408 637 6λίοις,
2445 573 2546 626 ὅσα
2581 572 2816 641 εἴδομεν,
2867 571 3006 640 πλὴν
3040 584 3103 636 γε
3129 567 3194 636 δὴ
3238 567 3319 618 ὅτι
3349 567 3800 619 Κωνσταντινού-

538 665 891 734 stantinopoli
923 680 980 719 se
1007 682 1127 722 cmn
1157 682 1327 722 uxore
1353 682 1415 720 ac
1438 667 1626 722 liberis
1650 682 1714 722 ex
1748 683 1812 721 ea
1848 666 2117 734 susceptis

539 757 809 823 habitare,
870 768 1032 826 atque
1112 764 1232 828 post
1282 757 1516 812 .lleraclii
1593 768 1836 828 tempora
1916 756 2117 809 vixisse

535 849 792 903 ostendit.

1208 960 1444 1015 CLXXI.

537 1049 801 1103 Euslratii
851 1049 1062 1119 Magum
1092 1055 1274 1106 eccles.
1330 1052 1524 1120 presb.,
1555 1051 1633 1104 De
1672 1052 1779 1104 vita
1813 1052 2117 1118 functorum

610 1122 803 1173 animis
851 1133 1112 1175 tractatus
1167 1138 1250 1176 Ill.
1295 1153 1365 1162 -—-
1401 1121 1679 1190 Chrysippi
1713 1122 2115 1190 Hierosolymo-

611 1208 726 1242 rum
770 1192 937 1259 presb.
975 1190 1217 1244 Historia
1252 1193 1316 1245 de
1347 1190 1704 1247 Gamalieleet
1730 1192 2042 1246 Nicodemo.

609 1366 867 1436 Legimus
905 1368 1104 1422 librum
1140 1357 1398 1423 Eustratii
1439 1367 1645 1439 Magna:
1676 1368 1932 1423 ecclesiae
1994 1382 2115 1435 pre-

539 1458 768 1526 slryteri,
787 1459 876 1527 qui
904 1460 1152 1512 oratione
1184 1459 1402 1528 quidem
1421 1474 1551 1514 usus
1576 1469 1661 1513 est
1679 1459 1899 1514 minime
1923 1458 2107 1514 lauda-

539 1549 655 1614 bili,
691 1549 785 1603 sed
840 1553 1174 1618 argumentis
1207 1566 1315 1605 non
1360 1553 1648 1605 admodum
1697 1551 1980 1620 culpandis
2011 1568 2026 1604 :
2063 1559 2116 1605 et

540 1641 706 1702 dictio
740 1643 856 1711 ipsa
887 1643 1172 1711 perspicua
1199 1652 1306 1698 est.
1351 1643 1479 1697 Tria
1517 1643 1857 1711 potissimum
1882 1643 1954 1697 illi
1984 1659 2116 1713 pro~

536 1734 736 1802 posita.
780 1735 1020 1789 Primum
1051 1737 1290 1805 quidem,
1324 1737 1606 1790 beatorum
1634 1736 1872 1801 animas,
1908 1752 2029 1789 mox
2055 1744 2114 1787 ut

535 1839 764 1894 corpore
803 1829 992 1882 soluta:
1031 1829 1162 1892 sint,
1213 1830 1470 1898 operari:
1504 1844 1603 1883 nec
1645 1829 1928 1883 beatorum
1974 1831 2114 1883 dun-

2221 665 2375 716 πολιν
2399 664 2552 735 ᾣκει,
2572 663 2790 730 γυναικί
2828 680 2886 715 τε
2911 663 3060 731 νόμῳ
3085 661 3263 730 γάμου
3292 658 3523 728 συνῴκει
3559 660 3655 719 καὶ
3679 663 3798 722 τοῖς

2220 759 2276 822 ἐξ
2303 758 2471 826 αὐτῆς
2502 757 2666 810 αὑτοῦ
2692 756 2868 820 παισὶ,
2907 756 3001 807 καὶ
3029 756 3110 805 ὅτι
3139 751 3277 822 μετὰ
3304 752 3431 812 τοὺς
3471 751 3799 820 Ἡρακλείου

2220 849 2441 918 χρόνους
2469 847 2564 901 τὸν
2595 847 2707 917 βίον
2729 850 2980 917 διήνυσεν
2999 847 3062 899 δθ.

2901 966 3068 1020 POA'.

2219 1061 2592 1125 Εὑστρατίου
2646 1059 3054 1127 πρεσϐυτέρου
3106 1059 3384 1126 Μεγάλης
3436 1057 3804 1123 Ἐκκλησίας

2289 1129 2430 1195 Περὶ
2490 1129 2664 1197 τριῶν
2724 1146 2901 1182 τινων
2959 1131 3299 1198 ’κεφαλαίων
3364 1128 3668 1195 διάληψις.
3727 1154 3802 1198 -_-

2287 1196 2638 1265 Χρύσιππος
2695 1196 3097 1268 πρεσϐύτερος
3164 1201 3598 1268 Ἰεροσολύμων
3653 1196 3803 1266 Περὶ

2290 1269 2396 1322 τοῦ
2428 1269 2746 1338 Γαμαλιὴλ
2778 1267 2880 1322 καὶ
2903 1269 3264 1339 Νικοδήμου.

2289 1384 2417 1457 [584
2442 1383 2534 1456 IL]
2570 1385 2912 1457 ’Λνεγνὼσθη
2951 1383 3152 1455 βιϐλίον
3189 1383 3523 1454 Εύστρατίου
3554 1383 3804 1454 πρεσϐυ-

2217 1478 2376 1547 τέρου
2419 1477 2521 1545 τῆς
2547 1477 2792 1546 μεγάλης
2830 1476 3180 1546 Ἐκκλησίας,
3219 1475 3539 1543 φράσειμὲν
3574 1472 3806 1540 συγκεί⁴

2221 1585 2380 1636 μενον
2427 1568 2527 1618 οὐκ
2576 1568 2856 1636 ὲπαινετῇ,
2886 1567 3166 1636 λογισμοῖς
3193 1565 3248 1617 δὲ
3296 1564 3357 1616 ού
3391 1563 3510 1616 λίαν
3533 1563 3761 1631 ψεκτοίς
3782 1580 3798 1593 ο

2219 1657 2396 1724 σαφὴς
2451 1655 2495 1706 δ’
2526 1656 2553 1705 ὁ
2584 1655 2760 1723 λόγος.
2804 1655 2868 1707 Ἠ
2897 1654 2954 1706 δὲ
3005 1654 3261 1725 πρόθεσις
3313 1651 3391 1722 τῷ
3445 1651 3600 1722 ἀνδρὶ
3665 1651 3801 1716 τρία

2214 1750 2386 1802 ταῦτα
2415 1749 2700 1818 συστῆσαι,
2731 1748 2788 1801 ἓν
2820 1746 2918 1816 μὲν
2948 1747 3030 1799 ὅτι
3065 1747 3199 1816 μετὰ
3225 1744 3320 1814 τὴν
3342 1743 3665 1811 ἀπαλλαγὴν
3698 1741 3800 1792 τοῦ

2219 1841 2471 1911 σώματος
2515 1841 2712 1894 αὐτίκα
2769 1839 3086 1906 ἐνεργοῦσιν
3107 1839 3164 1892 αἱ
3196 1838 3302 1890 τῶν
3333 1835 3461 1908 [199
3489 1833 3585 1905 Η.]
3621 1833 3802 1901 ἁγίων

535 1926 709 1980 laxat,
741 1917 834 1974 sed
871 1931 928 1974 et
974 1921 1224 1985 omnino,
1263 1932 1422 1990 prout
1465 1923 1697 1991 quisque
1741 1922 1966 1976 meritus
2015 1922 2104 1985 sit,

2215 1931 2404 2001 ψυχαὶ,
2429 1931 2490 1983 ού
2514 1932 2672 2000 μόνον
2701 1929 2758 1981 δὲ
2786 1928 2896 1981 τῶν
2917 1929 3108 1997 ἁγίων,
3128 1928 3264 1982 ἀλλὰ
3290 1927 3383 1980 καὶ
3413 1926 3620 1991 ἁπλῶς,
3653 1925 3804 1978 κατὰ

530 2012 776 2068 Omnium
812 2011 1116 2072 hominum.
1156 2010 1384 2078 Animas
1418 2011 1560 2076 illas,
1580 2028 1700 2081 quae
1731 2012 1915 2065 multis
1942 2027 2108 2078 smpe-

529 2121 758 2158 uumero
781 2120 924 2170 sese,
970 2106 1248 2172 variisque
1289 2105 1466 2159 modis
1517 2106 1928 2175 conspiciendas
1973 2104 2109 2160 olle-

529 2207 677 2260 runt,
708 2198 759 2250 in
793 2212 888 2251 sua
917 2212 1190 2266 quamque
1218 2205 1413 2250 natura
1443 2213 1727 2268 apparere,
1769 2214 2109 2268 nequaquam

526 2304 659 2349 vero
683 2289 920 2343 divinam
949 2291 1205 2344 virtutem
1238 2291 1291 2344 in
1316 2289 1522 2348 fortnas
1558 2300 1871 2346 sanctarum
1899 2293 2110 2346 anima-

530 2398 650 2440 rum
686 2383 987 2436 traductam
1023 2383 1218 2452 118a
1253 2385 1602 2454 operationes
1669 2385 1789 2444 illas
1827 2386 2106 2440 exhibere.

528 2472 666 2544 Quid
707 2473 852 2527 enim
895 2472 1098 2541 ﬁngere
1122 2474 1318 2528 attinet
1356 2490 1453 2528 seu
1491 2475 1717 2542 formas,
1758 2491 1854 2531 seu
1885 2477 2104 2544 ﬁguras,

527 2582 650 2619 cum
676 2566 982 2635 promptius
1014 2583 1076 2622 ea
1116 2570 1330 2637 possint
1365 2568 1467 2641 [a]
1505 2571 1712 2624 sanctis
1744 2569 1852 2624 illis
1879 2571 2102 2634 animis,

524 2673 646 2726 qua;
676 2658 883 2713 numini
909 2660 1022 2713 visa
1045 2670 1194 2724 sunt,
1218 2661 1404 2729 perﬁci
1425 2661 1448 2714 ?
1467 2662 1619 2728 Quod
1647 2662 1866 2732 quidem
1891 2672 2104 2715 utrum—

524 2767 632 2820 que
665 2763 830 2822 caput
865 2769 987 2808 cum
1034 2755 1244 2809 Veteris
1273 2769 1337 2808 ac
1387 2753 1522 2808 Novi
1559 2753 1896 2809 Testamenti
1934 2754 2102 2818 locis,

527 2855 640 2898 tum
685 2861 819 2901 vero
863 2847 1202 2902 diversorum
1242 2847 1467 2902 Patrum
1524 2849 1852 2903 testimoniis
1903 2850 2105 2904 couﬁr-

524 2953 676 2995 mare
714 2941 929 2994 nititur.
977 2940 1217 2996 Tertium
1247 2942 1481 3008 denique
1515 2953 1676 3010 caput
1710 2943 1811 2996 hoc
1861 2942 2106 2996 studiose

523 3035 888 3103 persequitur,
914 3036 1098 3091 oblata
1136 3053 1234 3106 pro
1254 3036 1485 3107 iis-(85),
1517 3037 1608 3105 qui
1639 3037 1693 3090 in
1719 3037 1827 3090 ﬁde
1854 3038 2107 3093 obierant

522 3141 552 3176 a
582 3127 958 3182 sacerdotibus
979 3130 1272 3195 sacriﬁcia,
1312 3139 1474 3200 atque
1508 3132 1757 3196 donaria,
1786 3131 1871 3184 vel
1913 3147 2103 3200 preces

525 3215 790 3285 alioquin,
853 3221 1410 3291 supplicationesque,
1458 3231 1513 3276 et
1554 3223 1952 3292 eleemosynas,
2005 3239 2103 3290 pro

524 3305 716 3367 iisdem
769 3308 944 3379 factas
987 3312 1056 3366 ad
1109 3313 1344 3368 ﬁdeliqu
1385 3316 1638 3380 salutem,
1671 3331 1735 3370 ac
1779 3316 2102 3373 delictorum

525 3403 904 3458 remissionem
935 3405 1002 3460 iis
1041 3405 1221 3461 valere
1252 3388 1495 3470 omnino,
1521 3424 1621 3477 pro
1653 3410 1854 3480 quibus
1877 3410 1994 3465 haec
2023 3410 2104 3464 ol-

523 3491 790 3548 ferantur.
827 3495 886 3551 ln
931 3499 1016 3552 his
1054 3509 1235 3553 autem
1278 3501 1434 3556 tertia
1471 3501 1668 3557 oll'erre
1721 3517 1876 3558 sacra
1911 3503 2102 3570 refert,

523 3587 616 3653 qui
647 3586 942 3646 Dominica)
959 3606 1021 3646 ac
1045 3592 1308 3647 triduana:
1340 3597 1758 3652 resurrectionis
1781 3599 2098 3667 mysterium

525 3679 578 3731 in
611 3683 939 3748 precationis
969 3685 1270 3741 subsidium
1299 3696 1463 3757 atque
1495 3689 1754 3744 auxilium
1790 3702 2096 3746 assumant.

522 3765 893 3828 Novemdialia
925 3774 1198 3841 similiter,
1246 3779 1392 3848 quod
1422 3789 1544 3848 post
1579 3788 1830 3834 octavum
1867 3797 1894 3835 a
1925 3797 2103 3836 resur-

524 3860 766 3915 rectione
791 3862 934 3916 diem
968 3865 1116 3920 visus
1147 3866 1344 3922 iterum
1361 3877 1489 3922 esta
1522 3869 1800 3938 discipulis
1826 3871 2098 3928 Christus.

525 3948 796 4007 Praeterea
847 3955 1230 4024 quadraginta,
1273 3959 1418 4028 quod
1472 3969 1597 4029 post
1645 3961 1762 4016 dies
1806 3963 2030 4033 totidem
2069 3981 2098 4019 a

2213 2024 2312 2094 τὴν
2347 2025 2552 2076 οἰκείαν
2576 2022 2782 2091 ἑκάστη
2819 2020 3064 2086 ἀξίωσιν,
3092 2022 3242 2073 πᾶσα
3277 2019 3591 2091 ἀνθρωπίνη
3615 2021 3798 2088 ψυχή.

2213 2117 2322 2168 Καὶ
2349 2117 2430 2168 ὅτι
2470 2114 2893 2184 ἐπιφαινόμεναι
2945 2112 3160 2174 πολλοῖς
3213 2110 3473 2172 πολλάκις
3522 2108 3620 2161 καὶ¹
3650 2109 3801 2160 κατὰ

2211 2208 2500 2278 διαφόρους
2519 2208 2756 2275 τρόπους
2785 2207 2828 2242 δ”
2852 2204 3095 2276 αίψυχαὶ
3119 2203 3282 2256 αὑταὶ
3305 2201 3428 2257 κατ’
3458 2201 3594 2254 ἰδίαν
3616 2198 3802 2268 ὓπαρ-

2213 2296 2293 2362 ξιν
2321 2295 2718 2366 ἐπιφαίνονται,
2767 2293 2882 2347 ἀλλ’
2928 2293 3049 2362 ούχὶ
3093 2289 3320 2360 δύναμίς
3372 2305 3455 2351 τις
3485 2286 3530 2319 ’⁸⁸
3562 2286 3684 2339 θεία
3716 2286 3800 2348 εἰς

2209 2389 2412 2451 τύπους
2461 2385 2907 2456 σχηματιζομένη
2943 2385 3052 2438 τῶν
3087 2382 3258 2451 ἁγίων
3287 2382 3476 2452 ψυχῶν
3502 2378 3604 2442 τὰς
3634 2379 3798 2449 ἐνερ-

2209 2483 2362 2551 γείας
2392 2481 2726 2535 ἐπιδείκνυσι
2747 2494 2763 2508 ·
2793 2480 2845 2532 τί
2889 2477 2997 2548 γὰρ
3028 2475 3372 2546 ὑποκρίσεως
3398 2475 3480 2528 δεῖ
3527 2472 3623 2526 καὶ
3655 2487 3797 2541 σχη-

2214 2577 2398 2644 μάτων
2462 2573 2558 2626 xui.
2608 2571 2835 2636 τύπων,
2881 2571 3000 2625 ἐνὸν
3071 2569 3420 2636 ἑτοιμότερον
3479 2564 3548 2617 δι’
3607 2562 3796 2616 αὐτῶν

2209 2669 2431 2721 ἐκείνων
2468 2665 2576 2718 τῶν
2610 2664 2782 2732 ἁγίων
2806 2663 2994 2732 ψυχῶν
3051 2661 3121 2714 τὰ
3145 2659 3444 2729 δεδογμένα
3479 2658 3556 2726 τῷ
3606 2655 3801 2726 κρείτ-

2208 2778 2320 2813 τονι
2359 2759 2725 2813 ἐπιτελεῖσθαι
2754 2757 2832 2823 ⁴⁹;
2869 2757 3136 2826 Πειρᾶται
3171 2754 3228 2806 δὲ
3263 2753 3524 2822 ἑκάτερον
3555 2749 3665 2802 τῶν
3714 2750 3800 2801 εἱ-

2212 2855 2464 2925 ρημένων
2486 2850 2918 2916 κατασκευάζειν
2945 2849 3009 2903 ἐκ
3051 2866 3112 2902 τε
3150 2849 3400 2919 χρήσεων
3425 2845 3524 2914 τῆς
3551 2843 3802 2905 Παλαιᾶς

2208 2947 2430 3018 Γραφῆς
2456 2945 2552 2998 καὶ
2584 2945 2684 3014 τῆς
2707 2943 2874 3006 Νέας,
2907 2945 3001 2995 καὶ
3023 2941 3087 3012 δὴ
3115 2941 3208 2992 καὶ
3244 2935 3568 3010 μαρτυρίαις
3604 2935 3800 3002 Statoris

2209 3056 2320 3110 ρων
2358 3040 2639 3109 Πατέρων.
2691 3035 2886 3106 Τρίτον
2929 3034 2988 3086 δὲ
3017 3032 3166 3101 αὐτῷ
3206 3031 3497 3101 κεφάλαιον
3555 3029 3802 3081 σπουδά-

2209 3132 2380 3197 ζεται,
2403 3133 2487 3185 ὅτι
2515 3131 2736 3192 πάντως
2755 3129 2813 3182 αἱ
2831 3126 2972 3197 ὑπὲρ
2993 3126 3101 3180 τῶν
3125 3127 3182 3177 ἐν
3206 3125 3390 3177 πίστει
3410 3121 3800 3174 τελευτώντων

2205 3227 2317 3287 τοῖς
2353 3222 2585 3294 ἱερεῦσιν
2613 3216 3025 3288 ἐπιτελούμεναι
3058 3218 3104 3249 ³ο
3129 3215 3308 3270 θυσίαι
3331 3215 3424 3268 καὶ
3457 3213 3799 3284 προσφοραὶ.

2218 3316 2447 3386 ἢᾰλλως
2483 3315 2697 3384 δεήσεις
2735 3313 2829 3365 καὶ
2859 3310 3061 3364 ίκεσίαι
3084 3310 3181 3362 καὶ
3225 3308 3589 3377 ἐλεημοσύναι
3649 3304 3801 3375 ὑπὲρ

2213 3405 2392 3459 αὐτῶν
2439 3404 2592 3474 παρὰ
2617 3406 2661 3437 ³η
2693 3403 2806 3456 τῶν
2855 3401 3084 3465 πιστῶν,
3121 3397 3440 3467 ἐλευθερίαν
3472 3395 3568 3450 καὶ
3633 3412 3803 3448 πται-

2214 3499 2435 3570 σμάτων
2489 3497 2682 3565 ἄφεσιν
2709 3495 3186 3564 καταπράττονται
3239 3494 3351 3554 τοῖς
3382 3490 3523 3560 ὑπὲρ
3565 3481 3641 3542 ὧν
3670 3488 3802 3540 επις

2210 3594 2445 3645 τελεῖται
2473 3589 2677 3643 ταῦτα’
2731 3591 2788 3640 ἐν
2823 3582 2905 3650 οἷς
2931 3586 3028 3640 καὶ
3060 3584 3129 3637 τὰ
3173 3582 3334 3652 τρίτα
3383 3581 3483 3651 μὲν
3527 3578 3800 3632 ἐπιτελεῖ-

2211 3685 2336 3740 σθαί
2366 3701 2498 3756 φησι
2521 3723 2535 3746 ,
2587 3681 2964 3752 λαμϐάνοντας
2995 3677 3057 3730 τὸ
3092 3675 3389 3746 μυστήριον
3448 3671 3550 3743 τῆς
3581 3673 3797 3724 Δεσπος

2208 3780 2368 3848 τικῆς
2421 3778 2519 3830 καὶ
2544 3773 2847 3847 τριημέρου
2896 3771 3172 3842 ὲγὲρσεως
3229 3769 3310 3829 εἰς
3364 3766 3658 3837 συνεργίαν
3695 3765 3797 3817 καὶ

2209 3869 2556 3940 ὲπιϐοήθειαν
2593 3867 2692 3934 τῆς
2755 3862 2966 3925 ἱκεσίας
2997 3859 3109 3914 ’τὰ
3165 3859 3222 3912 δὲ
3275 3857 3471 3912 ἐννατα
3526 3854 3796 3917 ὡσαύτως

2209 3960 2357 4033 (μεθ’
2389 3959 2602 4031 ἡμέρας
2626 3959 2671 3989 ⁵⁸
2695 3955 2804 4026 γὰρ
2833 3960 2883 4024 η’
2916 3953 3018 4022 τῆς
3037 3951 3310 4023 ὲγέρσεως
3331 3947 3488 4020 ὤφθη
3513 3947 3559 3979 ⁸⁸
3590 3945 3652 4000 τὸ
3671 3946 3796 3999 δεύο

525 4041 812 4112 discipulis
839 4056 1177 4114 postremum
1216 4051 1388 4116 visus.
1426 4051 1478 4106 in
1508 4052 1675 4109 cmlos
1697 4069 1818 4110 cum
1865 4055 2101 4112 humana

2215 4070 2360 4126 τερον
2385 4053 2499 4114 τοῖς
2531 4049 2801 4121 μαθηταῖς
2846 4048 2874 4100 ὁ
2909 4044 3212 4113 Δεσπότης)
3249 4059 3266 4074 ο
3300 4043 3376 4095 τὰ
3419 4041 3476 4094 δὲ
3518 4056 3794 4108 τεσσαρα-

529 4145 718 4201 nostra
752 4148 948 4200 natura
975 4143 1244 4216 ascendit.

2209 4145 2380 4199 κοστὰ
2403 4145 2451 4176 ⁵⁸
2478 4143 2700 4213 ὁμοίως,
2745 4141 2828 4192 ὅτι
2858 4138 2997 4209 μετὰ
3039 4135 3311 4197 τοσαύτας
3362 4133 3576 4204 ἡμέρας
3606 4132 3670 4185 τὸ
3699 4148 3793 4184 τε-

2210 4238 2456 4290 λευταῖον
2482 4237 2595 4298 τοῖς
2641 4232 2912 4304 μαθηταῖς
2943 4230 3163 4300 ὁραθεὶς
3225 4227 3364 4298 μετὰ
3393 4227 3486 4279 τοῦ
3517 4224 3792 4297 ἡμετέρου

2213 4329 2534 4401 φυράματος
2564 4323 2862 4397 ἀνελήφθη.

590 4477 788 4546 lteperi
811 4493 1027 4548 quoque
1052 4481 1106 4535 in
1131 4484 1322 4545 eodem
1357 4483 1450 4548 illo
1476 4485 1684 4551 codice,
1711 4485 1862 4542 Pauli
1892 4489 1945 4542 in
1975 4489 2092 4560 lege

2267 4488 2440 4557 Ευρον
2479 4487 2535 4540 δὲ
2561 4487 2620 4539 ὲν
2653 4483 2789 4555 τῷδε
2820 4481 2897 4553 τῷ
2950 4481 3142 4552 βιϐλίῳ
3176 4482 3270 4535 καὶ
3321 4481 3414 4533 τὸν
3448 4478 3541 4532 τοῦ
3568 4479 3787 4532 Παύλου

517 4570 834 4640 magistrum
885 4571 1262 4640 Gamalielem,
1300 4586 1354 4628 et
1385 4576 1709 4641 credidisse,
1757 4587 1812 4633 et
1853 4579 2098 4648 baptiza-

519 4670 630 4715 tum
654 4661 842 4717 l'uisse.
882 4662 1234 4719 Nicodemuut
1267 4669 1395 4720 item
1429 4677 1753 4722 nocturnum
1776 4670 2095 4742 (quondam)

517 4753 779 4827 amicum,
839 4755 1094 4821 diurnum
1145 4758 1309 4822 etiam
1375 4760 1671 4832 redditum,
1724 4763 2099 4832 martyrioque

518 4855 865 4910 coronatum,
910 4863 1072 4915 queat
1104 4861 1156 4903 et
1187 4849 1502 4913 Gamalielis
1552 4853 1851 4922 patruelem
1878 4856 1994 4910 haec
2021 4842 2100 4910 te-

516 4944 692 4988 statur
726 4939 968 5002 historia.
991 4940 1325 5009 Baptizatum
1355 4959 1483 4999 vero
1507 4956 1797 5018 utrumque
1819 4963 1848 5001 a
1865 4946 2094 5014 Joanne,

516 5040 572 5102 et
604 5028 788 5093 Petro,
842 5046 950 5098 una,
981 5050 1102 5086 eum
1137 5033 1454 5092 Gamalielis
1501 5038 1634 5104 ﬁlio,
1663 5041 1752 5093 cui
1787 5040 1968 5106 Abibo,
1999 5057 2094 5095 no-

516 5139 662 5195 men.
715 5123 939 5195 lleatutn
995 5126 1160 5195 igitur
1205 5127 1560 5202 Nicodemum
1602 5149 1631 5186 a
1679 5130 1915 5200 Judaeis,
1971 5150 2094 5188 cum

2205 4582 2345 4636 κατὰ
2381 4581 2472 4633 τὸν
2517 4579 2680 4648 νόμον
2731 4574 3053 4630 διδάσκαλον
3113 4572 3398 4643 Γαμαλιὴλ
3433 4572 3529 4624 καὶ
3558 4571 3790 4624 πιστεύ-

2207 4689 2376 4724 σαντα
2397 4671 2490 4724 καὶ
2513 4667 2902 4739 βαπτισθέντα,
2938 4667 3032 4718 καὶ
3065 4665 3378 4734 Νικόδημον
3408 4663 3500 4715 τὸν
3537 4679 3792 4731 νυκτερι-

2204 4766 2295 4818 νὸν
2330 4765 2482 4832 φίλον
2504 4764 2598 4816 καὶ
2624 4759 2882 4831 ἡμερινὸν
2912 4759 3173 4826 γεγονότα
3227 4759 3320 4810 καὶ.
3355 4755 3642 4827 μαρτυρίῳ
3696 4772 3788 4806 τεο

2205 4856 2519 4918 λειωθέντα,
2551 4854 2610 4906 ὃν
2632 4853 2726 4906 καὶ
2755 4850 2978 4920 ἀνεψιὸν
3007 4849 3261 4917 γενέσθαι
3285 4848 3380 4902 τοῦ
3417 4847 3704 4918 Γαμαλιὴλ
3751 4849 3785 4917 ἡ

2207 4947 2418 5018 ἱστορία
2477 4946 2755 4999 διδάσκει·
2820 4943 3189 5014 βαπτίσασθαι
3247 4941 3304 4993 δὲ
3363 4941 3626 5011 ἑκάτερον
3677 4941 3788 4993 ὑπὸ

2215 5038 2464 5091 Ἰωάννου
2505 5039 2600 5092 καὶ
2629 5038 2862 5108 Πέτρου,
2894 5037 2953 5089 ού
2995 5037 3156 5105 μόνον
3187 5034 3245 5087 δὲ
3269 5033 3407 5087 ἁλλὰ
3432 5034 3527 5088 καὶ
3567 5034 3660 5087 τὸν
3687 5034 3788 5086 Γα-

2206 5130 2406 5202 μαλιὴλ
2446 5131 2608 5184 παῖδα
2633 5129 2878 5192 ¹⁹Α6ι6ος
2919 5128 3088 5199 ὄνομα
3119 5125 3312 5197 αὐτῷ).
3344 5126 3447 5180 Τὸν
3491 5125 3622 5195 γοῦν
3679 5143 3785 5196 μα-

1819 5263 2058 5341 VARUE
2099 5261 2506 5319 LECTIONES.

587 5373 630 5404 ⁸⁸
664 5374 881 5444 διήνυεν
914 5391 974 5437 ς’.
1055 5374 1100 5406 ’⁵⁷
1136 5375 1318 5429 malim
1347 5377 1567 5439 τόπους.

1646 5378 1691 5408 ⁵⁸
1730 5395 1833 5440 τις,
1882 5389 1934 5432 et
1982 5379 2141 5445 paulo
2176 5389 2294 5446 post
2325 5376 2392 5430 δι’
2409 5377 2588 5429 αὐτῶν
2630 5375 2768 5446 add.
2797 5377 2864 5428 A.

2944 5370 3400 5444 δ’,ὲπιμελεϊσθαι
3419 5375 3481 5429 Α,
3577 5375 3622 5407 ⁸ο
3651 5377 3777 5431 ἐπι.-

517 5441 845 5530 μελούμεναι
864 5460 944 5511 pr.
964 5445 1030 5498 A.
1094 5446 1162 5530 ‘5:
1187 5448 1339 5530 παρά
1368 5449 1412 5498 Α
1441 5466 1454 5501 :
1487 5447 1614 5530 περί
1635 5466 1696 5511 ς.
1861 5441 2217 5530 μεθ”ήμέρας
2247 5449 2356 5518 γάρ
2384 5448 2428 5502 Α
2462 5464 2478 5502 :
2513 5447 2633 5501 καθ’
2666 5445 2883 5517 ἡμέρας
2923 5464 2985 5510 ς.
3061 5441 3322 5513 ⁸³’ὢφθη1
3346 5441 3504 5519 ὤφθη
3539 5448 3780 5518 Χριστός

514 5515 577 5566 Α.
612 5514 675 5565 τὸ
708 5515 961 5585 δεύτερον
992 5525 1111 5584 post
1135 5514 1401 5587 δεσπότης
1438 5514 1588 5586 ponit
1623 5536 1682 5581 ς.

1759 5520 1803 5550 ⁵³
1834 5520 2246 5590 τεσσαράκοντα
2275 5535 2337 5582 ς’.

1976 5631 2210 5690 NOTAE.

586 5747 700 5816 (85)
736 5748 1030 5817 Antiquum
1073 5751 1163 5805 hic
1193 5752 1324 5806 mihi
1353 5767 1557 5806 morem
1599 5761 1747 5815 nota,
1808 5753 1914 5805 vita
1961 5754 2082 5807 l'un-

519 5829 599 5892 tos
628 5820 935 5892 sacriﬁciis2
964 5823 1240 5889 precibus,
1261 5833 1422 5890 atque
1451 5823 1809 5892 eleemosynis
1833 5823 2078 5891 juvaudi.

518 5887 593 5958 De
616 5905 722 5960 quo
751 5901 803 5945 et
831 5890 885 5960 δ.
909 5887 1132 5956 Joannis
1158 5887 1473 5950 Damaéceni
1506 5887 1869 5956 exstatoratio
1899 5894 1952 5950 in
1981 5909 2089 5972 qua

2192 5755 2354 5808 etiam
2405 5755 2502 5808 tria
2573 5755 2686 5808 haec
2744 5754 3092 5815 sacriﬁcandi
3146 5748 3433 5812 intervalla
3488 5755 3771 5812 observari

2195 5825 2322 5881 olim
2348 5826 2509 5882 solita
2539 5825 2767 5881 videbis.
