4090 6410
250 419 342 486 501

1089 412 1616 475 BlBLlOTHECA.
1653 437 1668 447 ο
1719 434 1721 437 ’
1755 407 1972 468 CODD.
2004 407 2561 471 CLXXI-CLXXIV.

3399 391 3503 457 502

251 536 438 603 κάριον
477 532 811 601 Νικόδημον,
845 530 968 582 ἐπεὶ
995 527 1257 582 ἐπύθοντο
1278 528 1327 579 οἱ
1360 525 1406 556 ⁵³
1430 523 1674 577 Ἰουδαῖοι
1729 520 1828 590 βα·
1860 561 1866 578 ι

1971 521 2269 588 aptizatnm
2309 536 2432 574 eum
2460 519 2819 576 inandisscnt.
2853 513 3026 582 plagis
3063 509 3245 562 multis
3283 521 3502 575 percus-

250 628 572 689 πτίσασθαι,
599 626 686 678 διὰ
707 624 863 678 τοῦτο
907 623 1142 692 πληγαῖς
1165 620 1385 679 πολλαῖς
1415 615 1710 675 ὑπέϐαλον,
1741 607 1828 673 αἷς

254 719 496 792 στερρῶς
529 717 832 786 ἐναθλήσας
863 716 978 784 μετ’
1006 713 1188 779 ὀλίγον
1246 707 1557 774 ἐτελειώθη.
1610 702 1830 771 Ταύτην

252 813 348 881 τὴν
381 810 623 881 ἱστορίαν
648 810 890 876 περιεῖχε
925 805 1022 875 μὲν
1048 803 1108 856 τδ
1166 801 1391 872 βιϐλίον,
1434 796 1744 869 Χρυσίππῳ
1774 795 1832 848 δὲ

256 903 428 972 αὐτὴν
459 901 720 954 ἀνετίθει.
745 897 1121 970 Πρεσϐύτερος
1145 893 1188 945 δ’
1245 892 1273 944 6
1305 890 1628 959 Χρύσιππος
1667 887 1834 958 Ἰεροο

260 995 532 1063 σολύμων,
555 993 614 1055 ὃς
645 994 873 1060 γράφων
902 987 1177 1057 ἐγκώμιον
1202 985 1282 1048 εἰς
1306 984 1398 1037 τὸν
1433 983 1685 1051 μάρτυρα
1705 977 1837 1032 Θεό-

258 1085 430 1151 δωρον
475 1083 550 1144 ὡς
577 1083 633 1133 ὲν
660 1078 994 1150 παρεκϐάσει
1022 1072 1320 1130 Λουκιανοῦ
1349 1088 1500 1133 τινος
1537 1070 1834 1139 μέμνηται,

261 1175 356 1226 καὶ
385 1173 549 1225 αὐτοῦ
584 1173 682 1241 τῆς
734 1170 903 1239 αὐτῆς
957 1166 1256 1236 ἐκκλησίας
1309 1164 1416 1216 τῶν
1448 1161 1842 1232 Ἱεροσολύμων

264 1267 707 1336 χρηματίσαντος
754 1260 1146 1332 πρεσϐυτέρου,
1209 1259 1298 1310 ὅτε
1342 1258 1370 1308 6
1434 1254 1687 1322 Ἰωάννης
1741 1253 1842 1321 τῆς

266 1359 449 1410 ἐκεῖσε
500 1354 910 1426 ἀρχιερωσύνης
957 1348 1309 1420 προεστήκει.
1341 1337 1506 1407 Οὗτος
1564 1343 1610 1396 δ’
1639 1344 1668 1396 6
1708 1343 1844 1395 Λου-

267 1449 455 1510 κιανὸς
484 1450 540 1499 ὲν
574 1448 670 1516 μιᾷ
709 1445 816 1496 τῶν
863 1441 1094 1507 νυκτῶν,
1136 1438 1264 1508 περ)¹
1292 1436 1480 1506 τρίτην
1509 1435 1680 1504 ὥραν,
1721 1431 1844 1485 καθ’

270 1543 424 1612 ῦπαρ
450 1539 564 1593 ἀλλ’
596 1540 696 1590 οὐκ
729 1535 881 1605 ὄναρ,
920 1534 1140 1600 λέγεται
1194 1529 1262 1582 τά
1300 1527 1674 1599 προειρημένα
1701 1539 1847 1592 μυη-

269 1635 434 1704 θῆναι
452 1645 468 1660 ⁶
500 1629 793 1684 ἐπιστάντα
825 1627 932 1695 γάρ
967 1621 1114 1692 αὐτῷ
1134 1621 1224 1674 τὸν
1251 1618 1534 1688 Γαμαλιὴλ
1555 1616 1725 1670 ταῦτα
1747 1615 1850 1685 ἑμ-

271 1703 606 1792 φανίσαι,ὡ;
640 1719 724 1787 εἴη
784 1717 880 1786 μὲν
913 1709 1387 1780 αύτὺςΓαμαλιὴλ,
1408 1709 1502 1761 καὶ
1524 1705 1598 1770 ὡς
1630 1703 1853 1758 ἐϐαπτί-

275 1827 432 1874 σατο,
465 1809 558 1861 καὶ
593 1807 680 1874 ὑφ’
709 1799 805 1868 ὧν,
838 1803 924 1871 εἴη
984 1801 1042 1854 δὲ
1077 1801 1171 1853 καὶ
1204 1797 1430 1858 ’Ᾱϐιϐος
1461 1796 1489 1849 6
1545 1797 1695 1861 παῖς,
1756 1793 1852 1846 καὶ

270 1902 348 1963 ὡς
376 1901 517 1969 θήκῃ
550 1899 647 1968 μὲν
680 1898 772 1967 μιᾷ
795 1894 948 1948 αύτοὶ
975 1891 1430 1953 ὲναποτέθεινται,
1461 1887 1588 1960 [585
1621 1885 1714 1957 R.]
1737 1885 1853 1937 ἔστι

271 1993 328 2044 δὲ
368 1991 463 2043 καὶ
488 1987 758 2054 Στέφανος
783 1987 811 2037 6
851 1982 1066 2054 πρῶτος
1100 1979 1399 2051 μαρτύρων
1423 1975 1566 2030 κατὰ
1593 1974 1692 2044 τὴν
1722 1973 1856 2026 ἀνα-

271 2080 500 2148 τολικὴν
528 2073 1024 2146 τεθησαυρισμένος
1054 2070 1226 2140 θήκην
1247 2083 1260 2095 ’
1292 2059 1353 2120 οὗ
1401 2065 1555 2135 παρὰ
1581 2065 1707 2125 τοὺς
1755 2063 1857 2114 πό-

273 2174 375 2236 δας
409 2173 466 2223 ἐν
495 2170 656 2240 ἑτέρᾳ
683 2167 822 2238 θήκῃ
838 2165 1168 2234 Νικόδημος,
1199 2163 1299 2216 ὅσα
1315 2177 1372 2212 τε
1397 2159 1558 2213 πάθοι
1593 2155 1725 2229 [‘200
1762 2151 1857 2225 Η.]

274 2265 377 2316 καὶ
401 2261 488 2329 ἐφ’
519 2255 600 2322 οἷς
637 2259 732 2312 καὶ
787 2257 891 2310 ὑπὸ
920 2255 1108 2308 τίνωνο
1141 2255 1176 2323 ἡ
1228 2253 1286 2305 δὲ
1322 2250 1458 2322 μετὰ
1490 2249 1664 2303 ταῦτα
1703 2246 1843 2316 θήκη

276 2353 450 2407 αὐτοῦ
485 2370 544 2406 τε
579 2352 672 2404 καὶ
726 2348 820 2402 τοῦ
853 2347 1038 2410 παιδός
1090 2347 1226 2398 ἐστι.
1290 2341 1478 2396 Ταῦτα
1510 2338 1734 2393 εἰπόντα
1768 2337 1860 2390 τὸν

275 2442 569 2514 Γαμαλιήλ
613 2439 911 2509 ἐπισκῆψαι
964 2438 1041 2507 τῷ
1083 2433 1368 2506 Λουκιανῷ
1415 2433 1488 2504 μὴ
1519 2431 1745 2502 ἀμελεῖν
1781 2428 1861 2482 ἔτι

276 2537 394 2590 τῶν
442 2535 732 2604 λειψάνων,
783 2531 917 2603 μηδὲ
941 2531 1035 2599 ὲᾷν
1065 2529 1201 2598 ἡλίῳ
1234 2527 1328 2579 καὶ
1363 2525 1590 2596 ὄμϐροις
1619 2521 1865 2590 διαφθεί-

281 2627 503 2700 ρεσθαι.
536 2627 766 2694 Σεισμόν
797 2641 856 2675 τε
900 2621 1153 2688 γενέσθαι
1187 2620 1485 2690 σύνδρομον
1509 2619 1574 2685 τῇ
1606 2614 1862 2685 ὀπτασίᾳ,

279 2720 387 2772 καὶ
421 2717 623 2778 πολλάς
651 2714 859 2767 πολλῶν
909 2713 1230 2782 νοσημάτων
1291 2711 1462 2772 ἰάσεις
1517 2705 1867 2774 ἐπιτελεσθῆ-

281 2827 403 2872 ναι,
436 2807 529 2860 τοῦ
554 2805 1018 2876 πρωτομάρτυρος
1052 2803 1288 2874 μάλιστα
1319 2802 1418 2872 τῆς
1451 2802 1625 2872 θήκης
1682 2800 1750 2852 τὰ
1781 2798 1868 2852 ἰά-

286 2919 442 2974 ματα
480 2899 815 2970 προχεούσης
849 2899 922 2951 ⁸³.

961 2990 1307 3048 ΡυΒ’-ΡΟΔ’.

296 3088 590 3144 Ἰωάννου
627 3088 732 3142 τοῦ
755 3086 1181 3157 Χρυσοστόμοι)
1224 3083 1488 3157 Ὀμιλίαι-
1509 3085 1595 3147 εἰς
1621 3080 1737 3147 τὴν
1764 3078 1871 3133 Γέ-

613 3155 806 3211 reatu
824 3158 934 3222 ξω,
969 3158 1038 3210 ἐν
1067 3156 1305 3224 τεύχεσι
1333 3155 1546 3223 τρισίν.

379 3251 831 3321 Ἀνεγνώσθησαν
871 3250 964 3302 τοῦ
1000 3248 1385 3321 Χρυσοστόμου
1416 3246 1625 3316 ὁμιλίαι
1664 3247 1744 3308 εἰς
1778 3243 1873 3312 τὴν

289 3347 513 3411 γένεσιν
563 3343 604 3408 ξ’
638 3345 733 3397 καὶ
789 3343 908 3413 μία,
950 3345 1006 3394 ὲν
1049 3341 1269 3410 τεύχεσι
1300 3340 1500 3411 τρισὶν,
1533 3331 1609 3391 ὧν
1663 3338 1724 3389 τὸ
1778 3336 1877 3406 μὲν

292 3436 518 3504 πρῶτον
536 3435 755 3505 ὁμιλίας
781 3437 1056 3502 περιεῖχεν
1084 3432 1155 3496 κ’,
1178 3432 1239 3484 τὸ
1260 3431 1511 3501 δεύτερον
1526 3430 1583 3482 δὲ
1603 3429 1795 3493 δεκαὲξ
1811 3429 1876 3494 ⁵⁷,

293 3531 399 3583 καὶ
423 3529 473 3561 ⁸³
502 3530 563 3581 τὸ
582 3528 766 3596 τρίτον
821 3532 920 3578 κε’.
963 3524 1323 3594 Ἐμφαίνεται
1375 3523 1432 3576 δὲ
1465 3525 1522 3575 ἐν
1571 3523 1648 3590 τῷ
1680 3520 1881 3591 πρώτῳ

293 3621 378 3680 ὡς
401 3617 496 3670 ἀπ’
517 3618 692 3687 ἀρχῆς
722 3616 820 3684 τῆς
857 3616 1308 3684 τεσσαρακοστῆς
1347 3612 1648 3682 ἀρξάμενος
1676 3611 1882 3679 ὁμιλεῖν

298 3718 381 3784 μή
413 3731 502 3765 πω
541 3709 1073 3781 συναπαρτισθείσης
1116 3707 1290 3774 αὐτῆς
1348 3709 1473 3768 τούς
1528 3723 1586 3758 τε
1616 3704 1663 3757 κ’
1692 3705 1884 3771 λόγους

295 3806 528 3866 τούτους
554 3805 652 3857 καὶ
683 3803 873 3865 ἄλλους
901 3801 1050 3863 τινάς
1073 3806 1119 3867 γ’
1142 3800 1174 3868 ἢ
1207 3799 1269 3863 δ’,
1306 3796 1510 3866 μεταξὺ
1555 3796 1662 3848 τῶν
1686 3798 1763 3858 εἰς
1787 3795 1886 3864 τὴν

296 3899 526 3952 Γένεσιν
556 3896 750 3964 λόγων,
796 3893 1004 3964 χρείας,
1028 3891 1102 3955 ὼς
1130 3890 1300 3954 εἰκὸς,
1327 3887 1791 3959 παρεμπεσούσης
1811 3887 1888 3956 τῷ

296 3990 422 4058 λαῴ
463 3986 903 4058 προσωμίλησεν.
940 3985 1156 4037 Ἕνεστι
1190 3982 1247 4035 δὲ
1300 3980 1534 4033 συνιδεῖν
1581 3981 1656 4043 ὼς
1698 3980 1887 4043 είκαὶ,

299 4082 511 4147 Λόγοι,
554 4077 665 4147 ἔχει
685 4075 782 4146 τὴν
813 4074 1124 4145 ἐπιγραφὴν
1146 4071 1206 4125 τὸ
1238 4070 1440 4140 βιϐλίον
1473 4070 1637 4142 (οὓτω
1663 4070 1774 4140 γὰρ
1803 4065 1891 4123 εὖ·

261 4181 266 4240 ς
303 4188 402 4240 ρον
430 4172 489 4220 ἐν
521 4163 602 4230 οἷς
631 4167 915 4236 ἀνέγνων),
947 4165 1082 4220 ἀλλὰ
1116 4165 1315 4236 μᾶλλον
1345 4166 1586 4217 ἐοίκασιν
1628 4163 1888 4233 ὁμιλίαις,

297 4263 376 4315 τά
409 4279 469 4312 τε
494 4260 628 4313 ἄλλα
656 4259 750 4312 καὶ
767 4260 849 4312 ὅτι
881 4261 936 4311 ὲν
961 4257 1175 4322 πολλοῖς
1205 4256 1464 4318 πολλάκις
1489 4255 1564 4318 ὡς
1617 4255 1896 4324 παρόντας

329 4352 455 4425 καὶ]
482 4355 526 4385 ⁸³
553 4352 694 4421 ὀρῶν
727 4353 854 4415 τοὺς
875 4351 1172 4420 ἀκροατὰς,
1204 4348 1346 4402 οὕτω
1376 4349 1514 4419 πρὸς
1535 4347 1736 4410 αὐτοὺς
1762 4346 1893 4399 ἁπο-

304 4443 547 4496 τείνεται
579 4442 672 4493 καὶ
694 4442 875 4512 ἐρωτᾷ
904 4441 998 4492 καὶ
1027 4438 1384 4510 ἀποκρίνεται
1405 4439 1498 4491 καὶ
1523 4439 1892 4506 ὑπισχνεῖται,

87 3607 172 3904 l

87 3904 230 4097 ἱ

136 4097 294 4358 ὶ

188 4358 320 4549 Ιέ

224 4549 308 4731 1

345 4731 388 4769 Ut

248 4731 388 5005 ξε

308 4625 436 4679 καθ’
500 4625 719 4694 ὁμιλίαν
755 4623 826 4676 τὰ
855 4621 1079 4675 τοιαῦτα
1115 4619 1470 4691 σχηματίζειν
1498 4622 1593 4674 καὶ
1624 4619 1895 4674 ἐνδείκνυ-

345 4717 464 4780 θαι,
494 4715 556 4767 ού
618 4715 724 4785 μὴν
777 4714 912 4767 ἀλλὰ
942 4713 1002 4765 τὸ
1037 4712 1275 4782 συνεχῶς
1315 4713 1408 4765 καὶ
1437 4711 1713 4779 ὲπιμόνως
1741 4710 1902 4764 τοῦτο

339 4811 516 4873 ποιεῖν,
546 4809 640 4860 καὶ
669 4807 790 4877 οὐχὶ
829 4808 924 4858 σὺν
945 4804 1228 4874 οἰκονομίᾳ
1257 4805 1384 4868 τινὶ,
1428 4802 1760 4872 παρίστησιν
1780 4801 1903 4869 ὁμι-

347 4907 439 4968 ίας
499 4904 696 4965 αὐτοὺς
731 4903 776 4933 ⁶⁰
808 4896 968 4953 εἶναι.
1009 4897 1216 4968 Ὠμίλει
1245 4897 1302 4949 δὲ
1329 4897 1534 4958 ταύτας
1570 4895 1648 4966 τῷ
1681 4894 1900 4965 πλήθει,

369 5015 389 5060 ς
420 4996 538 5049 ἔστι
569 4994 763 5065 μαθεῖν
793 4992 852 5056 ἐξ
883 4991 1062 5044 αὐτῶν
1091 4989 1316 5054 τούτων,
1353 4987 1614 5050 πολλάκις
1647 4986 1747 5056 μὲν
1777 4985 1898 5040 καθ’

349 5088 587 5158 κάστην,
627 5086 741 5139 ἔσθ’
761 5085 849 5138 ὅτε
875 5083 932 5137 δὲ
960 5085 1056 5136 καὶ
1085 5082 1226 5153 ὑπὲρ
1251 5081 1484 5150 ἡμέραν.
1527 5079 1684 5133 Οὕτω
1713 5079 1810 5148 μὲν
1840 5079 1899 5132 τὸ

367 5180 540 5252 ρῶτον
572 5178 798 5250 βιϐλίον,
857 5179 914 5231 ὲν
939 5168 982 5244 ᾧ
1015 5176 1072 5228 αἱ
1099 5176 1143 5207 ⁸⁸
1179 5180 1227 5227 κ’
1256 5174 1486 5243 ὁμιλίαι.
1529 5172 1602 5225 Τὸ
1636 5173 1681 5226 δ’
1715 5173 1904 5244 ἕτερον

324 5482 396 5542 Α,
424 5477 800 5549 προσχεούσης

326 5552 375 5584 ⁸⁷
415 5543 607 5616 δεκαὲξ
641 5551 690 5601 Δ
727 5543 1069 5602 ε’ὲκκαίδεκα
1101 5543 1160 5611 ς;
1236 5543 1287 5577 ⁵⁸⁷
1315 5543 1410 5598 καὶ
1453 5560 1562 5599 om.
1607 5546 1673 5597 Α.

339 5826 538 5890 anitum
585 5826 788 5890 Christi
853 5832 959 5886 4ίὸ
1011 5826 1070 5886 et
1114 5830 1234 5885 Not.
1269 5827 1491 5900 Martyr.
1527 5826 1560 5881 5
1598 5828 1849 5897 Augusti.

1932 630 2092 682 sum;
2128 629 2266 682 quas
2289 628 2408 666 cunt
2449 611 2659 664 fortiter
2687 609 2803 677 ipse
2843 605 3146 667 tolerasset,
3171 615 3202 654 e
3238 600 3356 650 vita-
3385 605 3507 665 post

1934 722 2040 760 non
2075 706 2164 760 ditt
2189 706 2510 760 decessisse.
2548 701 2699 755 Hanc
2728 698 2896 753 codex
2932 695 3038 749 iste
3065 692 3378 746 continebat
3424 689 3507 740 hl-

1935 799 2184 863 storiam,
2226 811 2453 866 eamque
2485 793 2789 864 Chrysippo
2821 787 3148 848 ascribebat,
3189 777 3506 848 Hierosoly-

1937 905 2150 945 morum
2229 889 2591 958 presbytero,
2630 885 2722 956 qui
2780 883 2830 936 in
2890 877 3201 934 laudatione
3236 869 3529 927 Theodori

1939 981 2220 1051 martyris,
2256 980 2410 1048 quasi
2436 978 2580 1031 aliud
2616 989 2800 1046 agens,
2834 969 3058 1026 aniani
3091 963 3372 1033 cuiusdam
3399 973 3514 1013 me-

1940 1074 2118 1138 minit,
2156 1071 2402 1142 ejusdem
2437 1084 2588 1139 azque
2613 1066 2869 1121 Ecclesia
2894 1059 3230 1133 presbyteri,
3248 1068 3355 1126 quo
3377 1061 3516 1107 tem-

1941 1179 2072 1234 pore
2105 1162 2344 1217 Joannes
2371 1161 2567 1230 praesul
2596 1173 2714 1213 eam
2744 1156 2925 1210 sedem
2964 1151 3158 1208 tenuit.
3190 1145 3290 1201 llic
3320 1143 3512 1198 Lucia-

1944 1255 2171 1326 nus(86)
2197 1264 2354 1309 nocte
2383 1253 2640 1322 quadam,
2671 1251 2799 1304 hora
2830 1246 2944 1301 fere
2960 1243 3140 1304 tertia,
3169 1252 3378 1303 revera,
3407 1249 3512 1288 non

1947 1349 2000 1402 in
2036 1347 2260 1408 somnis,
2303 1344 2502 1398 dicitur
2533 1356 2594 1396 ea
2628 1355 2746 1410 qua:
2781 1338 3039 1400 diximus,
3083 1332 3358 1388 didicisse.
3390 1325 3516 1380 Haec

1947 1441 2092 1495 enim
2115 1447 2385 1494 astantem
2419 1435 2522 1506 ipsi
2568 1430 2920 1489 Gamalieletn
2961 1427 3146 1482 omnia
3185 1421 3458 1478 revelasse
3499 1437 3536 1471 :~

1953 1531 2145 1601 1181)
2179 1544 2364 1584 verum
2398 1525 2654 1581 nimirum
2684 1537 2804 1577 esse
2836 1536 2894 1576 se
2927 1516 3277 1573 Gamalielem
3309 1552 3324 1576 ,
3351 1527 3382 1566 a
3429 1524 3522 1564 su-

1951 1622 2212 1695 pradictis
2229 1618 2509 1691 apostolis,
2529 1631 2636 1670 una
2669 1629 2789 1669 cum
2817 1609 2991 1665 Abibo
3021 1607 3132 1661 lilio
3163 1603 3518 1673 baptizatum,

1953 1726 2008 1770 et
2042 1716 2094 1769 in
2119 1713 2310 1770 eadem
2356 1725 2519 1786 capsa
2547 1707 2892 1762 collocatum.
2923 1702 3060 1756 Esse
3098 1705 3153 1752 et
3188 1695 3522 1763 Stephanum

1955 1814 2404 1878 protomartyrem
2434 1785 2488 1855 in
2515 1801 2665 1855 theca
2706 1797 2967 1850 orientem
2993 1804 3189 1845 versus
3211 1785 3484 1841 conditum
3506 1821 3520 1842 ,

1961 1909 2120 1968 atque
2141 1899 2205 1951 ad
2224 1896 2342 1965 ejus
2376 1893 2542 1964 pedes
2580 1893 2631 1944 in
2663 1890 2836 1944 altero
2861 1884 3120 1942 scriniolo
3165 1877 3521 1934 Nicodemum

1954 1988 2156 2059 jacere,
2191 2005 2310 2058 qua:
2353 1988 2481 2041 item
2539 1999 2634 2054 per
2672 1996 2830 2050 quos,
2867 1987 2920 2032 et
2972 1975 3074 2031 sub
3103 1970 3296 2042 quibus
3334 1979 3529 2038 passus

1960 2091 2134 2148 esset,
2181 2079 2438 2134 indicavit
2475 2096 2488 2131 :
2532 2079 2857 2142 thecamqne
2909 2077 3030 2139 post
3070 2067 3185 2120 hac
3227 2060 3529 2131 proximam

1962 2189 2118 2228 suum
2153 2189 2216 2228 ac
2245 2171 2338 2225 lilii
2377 2185 2575 2240 corpus
2605 2168 2906 2223 continere.
2943 2160 3041 2214 His
3079 2156 3236 2212 dictis
3259 2149 3533 2208 Gamalie-

1962 2267 2068 2320 lem
2091 2264 2412 2334 praecepisse
2441 2260 2700 2324 Luciano,
2731 2273 2797 2312 nc
2844 2255 3071 2324 posthac
3124 2247 3385 2316 reliquias
3413 2240 3534 2296 illas

1965 2357 2018 2411 in
2051 2357 2182 2418 sole,
2235 2365 2290 2410 et
2326 2353 2508 2424 pluvia
2543 2348 2814 2418 corrumpi
2850 2361 2945 2416 per
2976 2341 3354 2412 negligentiam
3391 2334 3537 2389 sine-

1966 2455 2069 2505 ret.
2097 2447 2283 2503 Terra:
2319 2455 2521 2499 motum
2546 2446 2768 2512 insuper
2797 2440 2863 2494 ad
2907 2441 3008 2492 hoc
3045 2437 3223 2490 visum
3259 2436 3533 2485 exortum,

1967 2541 2242 2609 multaque
2268 2538 2621 2608 plurimorum
2645 2548 2843 2603 genera
2882 2530 3194 2585 morborum
3237 2524 3325 2578 hic
3348 2527 3535 2575 curata

1968 2646 2109 2694 esse,
2157 2625 2574 2701 protomartyris
2622 2622 2852 2678 maxime
2886 2621 3042 2674 theca
3093 2610 3356 2670 medelam
3408 2603 3539 2662 alle-

1970 2733 2146 2777 rente.

2486 2976 3027 3040 CLXXII-CLXXIV.

1973 3085 2128 3141 Beati
2166 3080 2390 3137 Joannis
2417 3075 2773 3199 Chrysosltomi
2822 3070 3176 3125 Ilomiliarum
3215 3067 3272 3121 in
3307 3065 3544 3122 Genesim

2566 3164 2627 3199 υο
2654 3161 2833 3198 umma
2871 3157 2950 3195 ιιι.

2566 3157 2833 3201 volumina
2871 3157 2950 3195 Ill.

2049 3247 2300 3314 Legimus
2330 3237 2703 3312 Chrysostomi
2733 3233 2992 3289 Ilomilt'as
3017 3234 3071 3286 in
3117 3229 3360 3288 Geneu'm
3383 3242 3545 3281 unam

1978 3348 2034 3393 et
2060 3336 2380 3404 sexaginta,
2441 3333 2493 3386 in
2541 3330 2646 3384 tria
2675 3326 2997 3383 distributas
3033 3321 3303 3376 volumina
3351 3337 3366 3373 :
3412 3332 3550 3386 quo-

1981 3445 2106 3484 rum
2135 3430 2366 3496 primum
2394 3421 2610 3492 quidem
2654 3417 2866 3488 viginti,
2920 3414 3148 3469 alterum
3181 3410 3374 3464 deinde
3428 3423 3551 3462 sex-

1983 3519 2414 3587 tlecitn,-tertium
2440 3517 2679 3586 quinque
2709 3522 2763 3567 et
2799 3509 2986 3580 viginti
3021 3504 3350 3562 continebat.
3372 3500 3551 3570 Signi-

1985 3613 2113 3668 ﬁcat
2138 3621 2315 3666 autem
2362 3609 2414 3663 in
2448 3608 2637 3660 horum
2668 3604 2865 3674 primo,
2898 3598 3338 3668 Quadragesimte
3370 3593 3552 3649 statim

1987 3705 2139 3759 initio
2161 3700 2473 3758 concionari
2506 3697 2768 3767 cmpisse,
2804 3704 2966 3761 atque
2998 3699 3125 3746 ante
3167 3687 3360 3760 jejunii
3412 3697 3552 3741 tem-

1989 3814 2089 3870 pus
2119 3797 2248 3851 illud
2277 3795 2584 3855 decursum,
2620 3788 2810 3858 viginti
2857 3789 2958 3840 hos
2984 3797 3266 3839 sermones
3294 3794 3397 3834 una
3433 3793 3554 3844 cunt

1990 3890 2112 3944 aliis
2145 3888 2275 3942 item
2311 3885 2485 3938 tribus
2526 3888 2850 3950 quatuorve,
2912 3876 2967 3930 in
3004 3873 3185 3929 medio
3233 3871 3558 3926 concionutn

1992 3983 2043 4033 in
2070 3979 2320 4034 Genesim
2349 3975 2481 4044 (usu
2519 3973 2615 4035 ita,
2648 3977 2706 4023 ut
2738 3977 2983 4037 apparet,
3033 3962 3320 4029 veniente)
3349 3958 3561 4026 interie-

1991 4070 2117 4133 ctis,
2136 4069 2202 4124 ad
2222 4065 2472 4137 populum
2492 4055 3302 4118 declamitasseAnimadverlas
3323 4064 3560 4120 quoque,

1994 4161 2098 4216 etsi
2132 4159 2456 4216 Orationum
2492 4166 2688 4209 nomen
2717 4148 3009 4221 praeferant
3042 4145 3096 4201 hi
3124 4143 3244 4199 libri
3287 4143 3395 4213 (sic
3416 4141 3565 4196 enim

1995 4253 2052 4306 in
2089 4253 2154 4307 iis
2185 4248 2361 4319 reperi
2383 4244 2808 4314 exemplaribus,
2849 4255 2969 4310 quae
2999 4237 3175 4308 legi),
3202 4233 3440 4290 homiliis
3482 4242 3566 4286 ta-

1997 4358 2120 4398 men
2152 4339 2356 4397 similes
2392 4337 2568 4406 ntagis
2606 4351 2762 4398 esse,
2801 4348 2922 4388 cum
2955 4331 3170 4386 caeteris
3202 4327 3400 4390 rebus,
3453 4335 3567 4378 tutn

1999 4436 2141 4506 quod
2195 4444 2567 4502 saepenumero
2617 4438 2873 4498 tanquam
2927 4433 3225 4492 praesentes
3273 4414 3567 4485 respiciens

304 4533 617 4604 ὓυναμένου
646 4511 746 4602 μὲν
783 4533 876 4584 καὶ
904 4531 1077 4593 ἄλλως
1108 4530 1324 4600 ἔχοντος
1353 4528 1448 4583 τοῦ
1500 4528 1664 4597 λόγου
1714 4528 1807 4584 καὶ
1833 4545 1866 4579 0‘

1971 4529 2296 4588 lauditores,
2334 4536 2642 4579 sermonem
2675 4521 2742 4574 ad
2785 4533 2880 4572 eos
2914 4513 3209 4575 convertit,
3246 4511 3568 4575 interrogat,

2001 4616 2313 4688 respondet,
2359 4629 2423 4668 ac
2451 4609 2930 4680 pollicitationibus
2954 4605 3143 4659 utitur.
3171 4601 3242 4658 Et
3295 4608 3351 4653 ιιι
3399 4595 3575 4668 possit

2003 4709 2241 4764 maxime
2270 4705 2376 4759 alio
2427 4704 2482 4757 in
2514 4700 2728 4756 dicendi
2777 4711 2996 4768 genere,
3039 4709 3200 4764 quam
3229 4689 3576 4746 homiliarutn

2005 4797 2367 4866 isto,similia
2401 4794 2642 4849 formare
2692 4801 2854 4860 atque
2901 4787 3181 4850 exhibere,
3231 4782 3575 4852 quiatamen

2005 4893 2134 4949 illud
2163 4889 2381 4944 assidue
2427 4892 2845 4950 constanterque
2890 4880 3009 4934 sine
3059 4877 3166 4931 ullo
3203 4873 3582 4944 dispositionis

2004 4985 2194 5040 ordine
2215 4991 2418 5044 servat,
2450 4977 2706 5034 hontilias
2735 4973 2856 5029 illas
2878 4986 3000 5026 esse
3025 4969 3158 5024 satis
3185 4981 3452 5036 superque
3481 4965 3577 5018 de-

2005 5078 2198 5131 clarat.
2231 5073 2433 5128 Habuit
2467 5079 2646 5124 autem
2669 5081 2763 5121 eas
2809 5064 2877 5120 ad
2909 5063 3187 5132 populum,
3215 5069 3271 5112 ut
3301 5057 3579 5126 exsingu-

2011 5167 2076 5222 lis
2107 5162 2500 5233 deprehendas,
2539 5173 2680 5229 saepe
2707 5155 2970 5227 quotidie,
3019 5152 3288 5206 interdum
3329 5146 3575 5202 alternis.

1616 5305 1853 5362 VARl/E
1896 5301 2308 5361 LECTIONES.

411 5411 460 5443 ”
485 5409 555 5474 οί,
589 5417 645 5462 et
670 5406 809 5490 infra
827 5407 938 5490 μὲν
963 5415 1086 5461 ante
1106 5403 1312 5490 τὺ,ςτῶν
1342 5411 1466 5490 ante
1500 5402 1907 5490 :lspocoiduwv,
1932 5405 1961 5456 6
1989 5411 2113 5490 ante
2154 5395 2748 5490 ’lwdvvng,\a610‘:‘post
2767 5387 3005 5461 μιᾷειιιιί.
3031 5386 3094 5437 A.
3170 5382 3217 5412 "
3245 5376 3585 5452 προχεούσης

1476 5489 1480 5490 ,
1638 5489 1643 5490 ,
1721 5475 1756 5490 η
1815 5475 1912 5490 νυν
1963 5473 2016 5490 η.
2113 5487 2149 5490 _,
2171 5487 2244 5490 .-μ
2266 5485 2285 5490 -
2319 5485 2344 5490 ._
2371 5485 2438 5490 --μ
2509 5466 2589 5490 Α..-
2659 5479 2738 5490 -..-
2779 5463 2892 5490 -..τι
2924 5455 3247 5490 ηηηηένηιιηι
3281 5450 3584 5490 τιθηνεῖται-

954 5450 1324 5548 ἆξόἓεῖὁύᾶιξ
1771 5450 2348 5541 ἐἶιὲξδέζγσωῖἦρία
2365 5450 2463 5520 ’καὶ
2507 5450 2744 5534 ὠφέλεια
2767 5450 2892 5522 ’τοῖς
2924 5455 3248 5527 προσέχουσι
3281 5450 3584 5519 προχεῖται.

902 5547 1069 5600 ιίδεκα
1101 5564 1160 5600 ς.
1236 5545 1283 5577 ⁵⁸
1315 5543 1410 5598 καὶ
1453 5560 1562 5599 om.
1607 5546 1673 5597 Α.
1750 5543 1794 5576 ⁸³
1829 5546 1923 5597 καὶ
1957 5558 2068 5597 οιιι.
2099 5539 2162 5596 C.
2241 5539 2287 5570 ⁸ο
2319 5536 2515 5600 αὐτούς
2547 5533 2635 5589 AC
2674 5551 2686 5587 :
2727 5531 2897 5593 αὑτάς
2925 5545 2987 5592 ς.
3063 5527 3106 5556 δι
3149 5524 3206 5575 αἱ
3238 5519 3324 5574 AC
3356 5538 3370 5574 :
3401 5518 3493 5572 καί
3520 5533 3584 5581 ς.

1827 5657 2060 5713 NOTIE.

1827 5657 1870 5713 Ν
2045 5697 2060 5713 .

411 5761 710 5834 (86)Cujus
737 5769 791 5834 et
820 5761 1156 5834 debacipsa
1190 5756 1498 5834 “epistola
1527 5764 1728 5834 _ex‘stat
1766 5656 2059 5834 ettvygi‘iﬁ.
2118 5755 2252 5813 Vide
2299 5755 2425 5811 Sur.
2477 5764 2605 5808 tom.
2638 5749 2726 5812 IV,
2779 5757 2833 5803 et
2892 5745 2953 5799 ι).
3002 5742 3197 5795 Baron.
3253 5744 3381 5790 tom.
3418 5729 3462 5785 V
3518 5728 3588 5784 ad

3063 5518 3128 5556 ⁶ί⁷
3149 5524 3206 5575 αἱ
3238 5518 3370 5574 Λαίς
3401 5518 3493 5572 καί
3520 5533 3584 5581 ς.
