3964 6462
477 415 582 484 503
1639 413 1904 476 PHOTII
1945 407 2456 473 PATRIARCILE
2484 414 2594 472 GP.
3613 423 3706 488 504

474 528 552 583 ita
576 543 636 582 se
665 525 899 596 primum
935 524 1037 579 hoc
1068 522 1258 594 viginti
1292 522 1643 578 homiliarum
1673 522 1920 578 volumen
1953 522 2054 576 ha-

2161 519 2391 592 βιὸλίον,
2426 519 2550 591 ἔχον
2579 528 2653 586 ις’
2681 521 2892 593 λόγους,
2913 521 3041 586 τοὺς
3069 523 3167 592 μὲν
3183 524 3434 592 πρώτους
3464 527 3506 591 ζ’
3532 529 3605 584 ἔτι
3628 535 3715 604 τῆς

474 626 584 677 het.
627 622 874 674 Alterum
908 617 1106 672 deinde
1152 617 1388 670 sedecim
1416 618 1702 672 orationes
1741 617 2056 685 complecti-

2157 612 2610 683 τεσσαρακοστῆς
2649 613 3009 684 ἐνισταμένης
3068 615 3332 687 ὑπεδήλου
3368 621 3716 695 καθομιληθῆ..

472 725 591 774 tur,
619 725 850 781 quarum
881 708 1092 779 priores
1141 718 1350 776 septem
1406 709 1642 762 durante
1685 708 1861 762 adhuc
1909 705 2055 772 Qua-

2157 721 2267 764 ναι,
2297 702 2372 766 ὡς
2413 701 2702 768 εἶναιτοὺς
2729 705 2798 758 δι’
2827 706 2954 774 ὅλης
2980 706 3129 776 αὑτῷ
3163 708 3262 778 τῆς
3293 719 3716 788 τεσσαρακοστῆς

472 805 773 874 dragesima
828 799 1080 865 habitas,
1119 809 1366 867 apparet,
1410 809 1470 852 ut
1539 798 1707 852 totius
1741 797 2054 867 Quadrage-

471 900 624 953 sima:
702 905 944 962 tempore
1021 907 1190 962 usque
1269 893 1334 946 ad
1417 887 1769 944 hebdomadis
1854 897 2055 941 sanctze

471 988 662 1041 feriam
695 993 966 1054 quartam,
1022 980 1208 1052 viginti
1239 989 1444 1048 septem
1472 979 1526 1032 in
1563 976 1814 1031 Genesim
1846 976 2051 1030 oratio-

471 1093 568 1133 nes
599 1077 854 1131 habuisse
883 1081 1118 1129 constet.
1172 1070 1359 1140 Neque
1400 1083 1530 1125 vero
1576 1067 1799 1123 secundi
1824 1066 2052 1120 volumi—

472 1174 558 1227 nis
586 1185 872 1226 sermones
901 1168 1096 1238 reliqui
1140 1181 1356 1229 novem,
1393 1173 1447 1218 et
1479 1163 1627 1221 tertii
1666 1159 1856 1231 viginti
1887 1158 2050 1228 quin-

472 1279 578 1333 que
603 1300 621 1326 ,
671 1261 855 1316 statim
889 1269 1054 1330 atque
1086 1256 1429 1312 continenter
1466 1253 1663 1324 119a
1689 1261 1812 1322 post
1842 1251 2048 1306 Pascha

475 1354 668 1410 habiti.
722 1353 856 1406 Nam
891 1361 1015 1420 post
1071 1349 1352 1405 homiliam
1407 1346 1540 1400 feria
1585 1355 1777 1416 quarta
1827 1342 2050 1413 majoris

473 1443 824 1505 hebdomadis
863 1441 1104 1496 habitam
1125 1478 1143 1506 ,
1189 1454 1309 1509 quae
1337 1439 1388 1492 in
1426 1436 1682 1492 Genesim
1710 1437 1940 1504 septima
1967 1443 2050 1489 est

471 1547 634 1607 atque
668 1535 951 1604 vicesima,
983 1532 1342 1607 conciouatus
1368 1537 1453 1584 est
1478 1529 1734 1596 deinceps
1760 1528 1826 1581 de
1858 1535 2046 1582 saneta

470 1599 655 1693 cruce,
687 1626 814 1681 hinc
849 1625 915 1678 de
937 1599 1250 1694 proditione
1288 1619 1438 1675 Iudae
1473 1637 1488 1675 :
1522 1629 1686 1687 atque
1732 1616 1808 1672 ita
1858 1616 2049 1671 ordine

470 1725 634 1787 prout
666 1715 787 1768 festi
818 1715 956 1780 dies,
989 1714 1104 1768 sive
1138 1718 1457 1780 argumenta
1487 1708 1837 1772 inciderunt,
1871 1706 2047 1760 horni-

468 1812 553 1871 lire
585 1823 802 1880 quoque
826 1817 1022 1878 aptata:
1046 1814 1192 1863 sunt.
1218 1802 1336 1858 Jam
1359 1811 1479 1873 post
1504 1800 1920 1858 resurrectionis
1945 1800 2043 1858 ho-

2156 795 2321 866 μέχρι
2344 795 2443 864 τῆς
2483 795 2728 867 μεγάλης
2761 798 3018 868 τετράδος
3040 798 3148 852 τῶν
3170 801 3249 863 εἰς
3281 802 3376 872 τὴν
3405 803 3615 858 Γένεσιν
3635 806 3714 861 λό-

2152 902 2288 952 γους
2318 887 2423 949 xC’.
2455 888 2521 940 Οἱ
2547 887 2604 939 δὲ
2637 888 2919 944 ὑπόλοιποι
2947 889 3102 958 λόγοι
3151 891 3307 945 ἐννέα
3354 893 3446 947 τοῦ
3473 897 3646 969 ἐτέρου
3678 901 3715 931 θ’

2159 976 2370 1046 βιϐλίου
2397 979 2490 1032 καὶ
2522 980 2570 1032 οἱ
2597 980 2777 1032 λοιποὶ
2803 987 2882 1034 κε’
2929 980 3023 1035 τοῦ
3051 981 3236 1052 τρίτου
3270 983 3371 1036 οὑκ
3404 984 3562 1049 εὐθὺς
3592 989 3714 1058 ὡμι-

2153 1067 2422 1139 λήθησαν,
2447 1070 2570 1123 οὑδὲ
2593 1072 2833 1142 συνεχῶς
2849 1071 2986 1141 μετὰ
3012 1073 3072 1125 τὸ
3096 1072 3307 1142 Πάσχα.
3333 1074 3489 1127 Μετὰ
3509 1075 3608 1146 γὰρ
3628 1078 3713 1147 τὴν

2151 1163 2214 1215 ὲν
2265 1163 2338 1231 τῇ
2377 1162 2589 1234 μεγάλῃ
2625 1163 2842 1233 τετράδι
2868 1163 3109 1232 ὁμιλίαν,
3142 1165 3265 1235 ἥτις
3293 1160 3361 1234 ἦν
3392 1165 3498 1217 τῶν
3525 1169 3597 1227 εἰς
3631 1170 3714 1237 τὴν

2149 1250 2371 1304 Γένεσιν
2389 1251 2493 1316 κζ’,
2517 1250 2791 1321 ὡμίληται
2814 1253 2964 1324 αὑτῷ
2986 1254 3030 1286 ⁵³
3052 1257 3118 1325 τῇ
3145 1254 3347 1323 ἐφεξῆς
3367 1255 3446 1317 είς
3469 1255 3556 1308 τὸν
3576 1275 3715 1312 σταν-

2152 1343 2267 1414 ρδν,
2301 1340 2422 1398 εἶτα
2455 1347 2536 1408 είς
2559 1345 2660 1415 τὴν
2683 1346 2997 1416 προδοσίαν,
3031 1348 3126 1400 καὶ
3153 1347 3341 1401 λοιπὸν
3364 1347 3558 1419 ἐφεξῆς
3589 1354 3714 1406 κατὰ

2146 1435 2248 1498 τὰς
2280 1436 2704 1500 ἀνακυπτούσας
2751 1437 2864 1490 τῶν
2901 1437 3126 1508 ἡμερῶν
3176 1438 3515 1511 πανηγύρεις
3551 1458 3603 1493 τε
3630 1444 3712 1496 καὶ

2148 1525 2436 1589 ὑποθέσεις
2493 1527 2772 1595 ἀναλόγως
2807 1530 2863 1581 αἱ
2892 1529 3102 1598 ὁμιλίαι
3151 1530 3413 1598 ἐγίνοντο.
3455 1531 3561 1584 Καὶ
3593 1533 3714 1603 μετὰ

2143 1619 2244 1681 τὰς
2272 1619 2404 1689 περὶ
2429 1619 2780 1682 ἀναστάσεως
2807 1620 3025 1690 ὁμιλίας
3047 1619 3326 1690 ὡμίλησεν
3359 1622 3439 1684 εἰς
3464 1622 3558 1686 τὰς
3586 1624 3717 1695 Πρά-

2146 1711 2258 1778 ξεις
2284 1715 2544 1785 συνεχῶς,
2580 1715 2656 1777 ὡς
2683 1715 2727 1746 ⁸⁵
2773 1716 2937 1779 αὐτὸς
2962 1717 3170 1780 ἐκεῖνος
3199 1717 3502 1788 ἀρχόμενος
3525 1719 3611 1771 τοῦ
3641 1718 3716 1789 κη’

2150 1804 2309 1875 λόγου
2325 1807 2433 1858 τῶν
2461 1807 2541 1868 εἰς
2561 1806 2658 1877 τὴν
2689 1806 2908 1859 Γένεσιν
2928 1807 3352 1878 ἐπισημαίνεται
3389 1825 3403 1841 ο
3432 1808 3510 1874 ὃν,
3537 1808 3608 1871 ὡς
3635 1809 3714 1880 δῆ-

467 1901 646 1958 ιηίιὶιιε
694 1877 745 1952 in
780 1877 1146 1968 apo5tolorum
1171 1895 1306 1950 Acta
1336 1893 1677 1949 continenter
1708 1890 1873 1948 verba
1905 1890 2053 1958 fecit,

2157 1895 2266 1960 λον,
2321 1897 2416 1950 καὶ
2451 1897 2583 1961 τοὺς
2619 1899 2716 1951 σὺν
2759 1897 2907 1969 αὑτῷ
2944 1899 3082 1969 μετὰ
3133 1899 3301 1953 πολὺν
3339 1901 3526 1970 χρόνον
3568 1919 3714 1972 προσ-

468 1989 923 2060 quemadmodum
956 1989 1069 2056 ipse
1105 1997 1350 2042 octavam
1378 1999 1539 2052 supra
1568 1983 1903 2046 vicesimam,
1927 1995 2046 2050 quae

469 2081 714 2149 sequitur
743 2079 796 2133 in
824 2078 1080 2134 Genesim
1109 2077 1412 2132 orationem
1437 2074 1751 2142 auspicatus
1780 2074 2042 2138 ostendit,

469 2189 653 2241 quam,
679 2184 740 2226 ut
764 2181 1009 2242 apparet,
1055 2186 1176 2226 cum
1218 2169 1441 2238 reliquis
1470 2167 1673 2240 [hujus
1706 2164 2046 2238 argumenti]

470 2266 633 2331 longo
675 2274 797 2332 post
829 2273 1072 2332 tempore
1102 2260 1308 2315 habuit.
1333 2259 1736 2328 Quinquaginta
1768 2257 1911 2312 enim
1943 2256 2049 2310 illis

473 2357 528 2431 in
580 2355 716 2414 Acta
742 2353 987 2413 homiliis
1024 2352 1313 2410 recitandis
1346 2366 1510 2405 unum
1538 2349 1709 2404 ferme
1734 2363 1933 2402 amium
1965 2349 2049 2401 in-

469 2449 722 2518 sumpsit,
755 2462 878 2501 cum
909 2461 1017 2500 non
1070 2443 1310 2514 quotidie
1341 2457 1526 2508 unam,
1588 2441 1682 2496 sed
1714 2441 1904 2509 quinto
1935 2450 2052 2492 tan-

471 2549 586 2594 tum
622 2547 716 2593 aut
749 2539 982 2607 septimo
1016 2537 1124 2603 die,
1162 2544 1217 2590 et
1246 2533 1537 2604 aliquando
1569 2533 1748 2587 rarius
1769 2531 1930 2587 etiam
1957 2546 2052 2586 eas

467 2631 717 2689 recitarit
749 2647 764 2685 :
795 2641 852 2686 et
896 2629 1136 2698 quidam,
1188 2635 1246 2680 ut
1280 2627 1510 2695 ipsemet
1543 2625 1726 2691 tradit,
1778 2639 1900 2679 cum
1943 2633 2054 2676 ter-

467 2720 606 2785 tium
632 2719 977 2788 jam,annum
1008 2716 1201 2786 praesul
1233 2725 1397 2770 esset.
1453 2716 1600 2780 Quas
1629 2729 1757 2769 vero
1789 2714 1842 2767 in
1877 2712 2048 2768 Gene-

468 2814 571 2867 sim
605 2813 844 2883 scripsit,
869 2825 975 2880 quo
997 2811 1107 2864 sint
1161 2818 1402 2876 tempore
1455 2807 1671 2871 habitae,
1758 2822 1866 2861 non
1900 2803 2055 2875 potui

473 2917 828 2974 cognoscere.
874 2901 1106 2956 Tantum
1149 2899 1192 2954 si
1225 2900 1346 2954 illas
1378 2914 1407 2952 a
1462 2913 1522 2953 se
1562 2898 1776 2953 habitas
1804 2898 2056 2952 homilias

471 3007 724 3050 sermone
758 2993 847 3048 illo
887 3007 1057 3047 xxvut
1091 2990 1364 3055 meminit,
1407 3003 1543 3058 quas
1575 2989 1735 3043 tertio
1764 2989 2056 3058 episcopa-

471 3097 562 3141 tus
593 3101 737 3141 anno
796 3085 1140 3154 composuit:
1171 3097 1344 3153 neque
1375 3082 1442 3137 de
1481 3082 1602 3136 aliis
1622 3096 1782 3152 quam
1825 3082 1879 3134 in
1921 3081 2056 3134 Acta

471 3180 710 3249 scriptis,
742 3177 816 3234 ibi
874 3176 1208 3233 mentionem
1257 3174 1386 3230 facit
1415 3174 1577 3245 (quod
1639 3173 1887 3243 equidem
1931 3172 2059 3228 hac-

2146 1985 2440 2057 ωμίλησεν.
2465 1988 2534 2040 Ai
2582 1987 2692 2058 γὰρ
2717 1988 2798 2051 είς
2825 1989 2925 2051 τὰς
2952 1988 3188 2058 Πράξεις
3217 1989 3427 2059 ὁμιλίαι
3451 1996 3523 2042 νε¹
3555 1990 3598 2022 ⁶¹⁵
3628 1992 3715 2061 μέν

2150 2081 2281 2144 εἰσι,
2313 2079 2497 2150 σχεδὸν
2522 2079 2578 2132 δὲ
2603 2080 2670 2133 δι’
2697 2080 2819 2133 ὅλου
2867 2081 3018 2151 αὑτῷ
3053 2081 3149 2134 τοῦ
3195 2081 3447 2135 ἐνιαυτοῦ
3493 2083 3712 2155 ἐρρήθη-

2152 2189 2251 2226 σαν
2277 2185 2294 2204 ⁸
2323 2173 2392 2225 οὑν
2419 2171 2528 2243 γὰρ
2567 2173 2690 2226 καθ’
2719 2173 2936 2244 ἡμέραν
2960 2173 3188 2239 ταύτας,
3217 2173 3358 2228 ἀλλὰ
3393 2175 3486 2228 καὶ
3515 2175 3642 2247 ὑπὲρ
3670 2173 3705 2227 ε’

2150 2264 2247 2317 καὶ
2276 2264 2417 2334 ὑπὲρ
2441 2264 2485 2327 ζ’
2532 2263 2658 2336 [588
2697 2263 2789 2336 3.]
2820 2266 2915 2318 καὶ
2942 2266 3114 2319 πλείω
3153 2267 3478 2337 καθωμίλει.
3511 2269 3604 2330 “Ag
3629 2267 3710 2335 δῆ-

2151 2355 2241 2406 λον
2295 2355 2456 2418 αὑτὸς
2511 2358 2650 2408 ποιεῖ
2706 2355 2786 2408 ὅτι
2839 2357 3250 2428 ἀρχιερατεύων
3297 2357 3438 2411 κατὰ
3471 2357 3528 2410 τὸ
3549 2358 3711 2428 τρίτον

2153 2443 2271 2505 ἔτος
2297 2443 2562 2512 ὡμίλησε.
2597 2444 2710 2507 Τάς
2743 2444 2863 2515 [τοι
2900 2445 2991 2517 Η.]
3016 2446 3062 2500 δ’
3091 2450 3172 2510 εἰς
3221 2447 3320 2518 τὴν
3365 2447 3580 2502 Γένεσιν
3624 2449 3712 2504 οὑκ

2154 2533 2384 2603 ἔσχομεν
2409 2535 2612 2602 γνῶναι
2641 2535 2803 2588 ὁπότε
2829 2537 3114 2606 ὁμιλήσειε
3145 2539 3221 2570 ⁸⁸·
3257 2537 3399 2609 πλὴν
3429 2540 3476 2591 εἰ
3509 2538 3710 2592 ἐκείνοιν

2157 2629 2428 2698 μέμνηται
2449 2627 2560 2680 τῶν
2600 2628 2825 2698 ὁμιλιῶν
2866 2631 2923 2682 ἐν
2952 2631 3033 2701 τῷ
3067 2638 3152 2700 κη’
3174 2631 3318 2702 λόγῳ
3347 2632 3614 2703 ὁμιλῆσαι,
3656 2631 3711 2692 ἃς

2154 2720 2242 2774 διὰ
2267 2719 2361 2773 τοῦ
2387 2720 2571 2790 τρίτου
2603 2719 2759 2780 ἔτους
2788 2721 2887 2792 τῆς
2913 2723 3325 2793 ἀρχιερωσύνης
3367 2723 3527 2778 αὑτοῦ
3561 2722 3712 2791 ἐξειρ-

2155 2808 2382 2875 γάσατο,
2418 2807 2555 2860 ἀλλὰ
2587 2807 2662 2878 μὴ
2704 2807 2910 2878 ἐτέρων
2949 2810 3113 2863 τινῶν
3150 2812 3304 2883 παρὰ
3327 2814 3369 2845 ⁸⁷
3392 2812 3588 2874 ταύτας
3619 2810 3714 2880 (οὑ-

2157 2917 2245 2951 πω
2282 2900 2391 2968 γάρ
2417 2899 2573 2952 τοῦτο
2612 2899 2827 2970 ἔγνων),
2857 2900 3014 2970 δῆλον
3037 2903 3117 2955 ὅτι
3145 2906 3235 2956 καὶ
3260 2903 3462 2966 ταύτας
3489 2906 3715 2974 ἀρχιερα-

2157 2989 2328 3042 τεύων
2381 2991 2782 3053 κατεσκεύασε,
2834 2991 2934 3053 τὰς
2968 2992 3066 3062 μὲν
3110 2992 3194 3058 κζ’
3236 2997 3307 3066 τῇ
3330 2997 3712 3066 τεσσαρακοστῇ

2157 3081 2252 3134 τοῦ
2280 3081 2532 3153 δευτέρου
2560 3082 2734 3147 ἔτους,
2769 3082 2870 3148 τάς
2905 3084 2963 3138 δὲ
2992 3084 3186 3151 λοιπάς
3213 3087 3288 3141 λδ⁹
3317 3091 3375 3142 ἐν
3399 3087 3473 3158 τῷ
3499 3088 3717 3159 τετάρτῳ

2160 3172 2292 3228 ἔτει.
2767 3201 2786 3230 ο

473 3283 632 3340 tenus
665 3287 772 3328 non
803 3271 952 3340 potui
987 3265 1444 3338 deprehendere),
1469 3263 1664 3334 pracsul
1693 3263 1948 3317 nimirum
1981 3277 2102 3317 cum
2131 3271 2296 3327 esset,
2323 3263 2485 3317 etiam
2506 3265 2604 3320 has
2639 3267 3011 3333 contexuerit;
3044 3269 3234 3340 viginti
3285 3271 3502 3341 quidem
3540 3282 3592 3326 et
3642 3290 3719 3328 sc-

472 3381 617 3444 ptem
671 3368 894 3426 secundi
940 3365 1068 3421 anni
1130 3363 1572 3434 Quadragesima,
1599 3369 1824 3416 caeteras
1900 3357 2022 3413 dein
2081 3358 2302 3428 triginta
2334 3367 2592 3427 quatuor,
2632 3375 2774 3414 anno
2804 3369 3026 3429 quarto.

544 3466 722 3522 Dictio
752 3464 842 3518 hic
873 3463 1018 3516 illius
1045 3463 1111 3515 de
1135 3473 1288 3514 more
1321 3457 1609 3530 perspicua
1629 3463 1683 3510 et
1703 3468 1855 3524 pura,
1877 3452 2058 3523 splen-
2081 3464 2127 3525 ρ

475 3559 597 3614 dida
651 3560 874 3626 insuper
919 3570 982 3608 ac
1022 3553 1196 3607 ﬂuens
1257 3558 1525 3621 apparet,
1554 3547 1781 3603 multam
1836 3544 2056 3599 interim

477 3667 600 3710 cum
657 3662 915 3706 sensuum
985 3646 1308 3702 varietatem
1348 3683 1364 3708 ,
1435 3651 1547 3696 tum
1625 3637 2055 3709 gratissimorum

477 3739 848 3809 exemplorum
872 3736 1086 3806 copiam
1119 3733 1404 3789 exhibens.
1436 3731 1491 3785 In
1523 3729 1729 3784 humile
1755 3736 1934 3781 tamen
1968 3725 2058 3780 hic

481 3830 692 3886 dicendi
725 3843 894 3900 genus
924 3827 1090 3880 dictio
1121 3824 1350 3894 pronior
1400 3829 1555 3876 tanto
1605 3829 1689 3875 est
1722 3835 1808 3882 ea,
1844 3833 1952 3890 qua
2002 3818 2058 3871 in

477 3921 716 3978 homiliis
773 3919 826 3983 in
883 3920 1018 3986 Acta
1076 3916 1442 3987 apostolorum
1503 3914 1715 3979 utitur,
1782 3911 2054 3975 inferior,

477 4025 682 4084 quanto
695 4013 810 4067 haec
829 4029 856 4065 a
876 4009 1193 4065 Commenta
1205 4009 1299 4062 riis
1327 4007 1380 4062 in
1398 4005 1796 4076 Apostolumac
1818 4003 2058 4058 Psalmos

480 4113 788 4174 superatur.
819 4103 954 4157 Cum
986 4104 1131 4156 enim
1165 4101 1366 4169 ubique
1399 4098 1703 4154 orationem
1745 4109 1960 4166 puram,
1995 4095 2060 4148 il-

481 4194 707 4247 lustrem
731 4207 795 4246 ac
826 4192 963 4246 bene
991 4189 1312 4260 dispositam
1343 4203 1452 4242 nou
1477 4187 1596 4243 sine
1620 4187 1898 4256 voluptate
1924 4184 2059 4240 arti-

482 4286 668 4340 ﬁciose
688 4292 942 4339 contexat
970 4299 985 4338 :
1017 4281 1070 4336 in
1102 4281 1187 4335 his
1216 4279 1456 4336 maxime
1499 4278 1720 4348 scriptis
1767 4275 2060 4331 virtutibus

483 4375 611 4440 illis,
643 4374 1127 4444 exemplorumque
1155 4372 1436 4436 ubertate,
1493 4378 1658 4439 atque
1688 4369 2060 4439 enthymema-

483 4477 596 4522 tum
641 4467 824 4534 copia,
889 4472 944 4519 et
972 4479 1093 4518 cum
1127 4463 1199 4517 ita
1230 4475 1368 4531 opus
1414 4468 1542 4526 est,
1588 4460 1754 4514 etiam
1794 4458 2061 4528 gravitate

484 4558 718 4614 excellit.
744 4557 910 4624 Quin,
941 4564 1000 4611 ut
1027 4554 1198 4612 semel
1238 4553 1414 4609 dicam
1435 4592 1451 4618 ,
1486 4552 1668 4606 verbis
1719 4553 1833 4605 haec
1867 4564 2060 4603 monu-

483 4664 684 4717 menta,
719 4649 1131 4720 compositione,
1167 4648 1450 4708 methodo,
1475 4645 1745 4709 sensibus,
1779 4653 1834 4696 et
1871 4642 1924 4696 id
1967 4656 2060 4712 ge-

482 4758 583 4798 nus
616 4753 910 4813 apparatu,
943 4739 1393 4811 praestantissime
1423 4744 1686 4792 exornata
1725 4735 1915 4790 edidit.
1947 4733 2064 4788 Cae-

2244 3452 2309 3505 Ἦ
2335 3453 2389 3506 δὲ
2420 3453 2620 3524 φράσις
2652 3455 2802 3526 αὑτῷ
2831 3456 2971 3526 μετά
3005 3457 3108 3528 τῆς
3150 3458 3417 3528 συνήθους
3449 3458 3716 3530 σαφηνείας

2161 3545 2255 3597 καὶ
2285 3544 2658 3616 καθαρότητος
2688 3548 2782 3600 καὶ
2816 3548 2877 3600 τὸ
2911 3550 3174 3622 λαμπρὸν
3205 3553 3302 3602 κοιλ⁵
3328 3550 3518 3622 εὔρουν
3569 3551 3718 3605 ἐνδεί-

2159 3654 2370 3702 κνυται,
2429 3638 2491 3690 τὸ
2549 3639 2821 3708 πολύχουν
2869 3641 2977 3693 τῶν
3023 3644 3315 3713 νοημάτων
3362 3646 3455 3697 καὶ
3493 3643 3584 3714 τὴν
3626 3643 3718 3696 τῶν

2159 3729 2624 3800 παραδειγμάτων
2673 3733 3136 3804 προσφυεστάτην
3186 3735 3452 3804 εὑπορίαν
3509 3751 3718 3792 συνυπο·

2159 3820 2443 3889 φαίνουσα.
2489 3821 2824 3878 Ἢλάττωται
2865 3825 2923 3879 δὲ
2953 3826 3103 3894 ὅμως
3131 3826 3231 3895 τῆς
3265 3827 3324 3877 ἐν
3355 3829 3473 3889 ταῖς
3505 3826 3718 3896 Πράξεσι

2159 3911 2420 3980 φράσεως
2459 3913 2551 3966 ἐπὶ
2585 3913 2651 3966 τὸ
2700 3917 3086 3987 ταπεινότερον
3123 3918 3572 3989 ἀπενηνεγμένη,
3614 3918 3720 3970 ὅσον

2158 4001 2267 4054 τῶν
2300 4006 2382 4066 είς
2431 4004 2522 4059 τὸν
2557 4005 2881 4060 Ἀπόστολον
2923 4009 3231 4078 ἐρμηνειῶν
3273 4009 3370 4062 καὶ
3405 4010 3482 4062 ἐτι
3527 4008 3627 4062 τῶν
3652 4009 3719 4069 εἰς

2158 4091 2250 4146 τὸν
2277 4094 2545 4165 Ψαλτῆρα
2574 4098 2986 4168 ὑπομνημάτων
3015 4101 3048 4170 ἡ
3082 4101 3140 4152 ἐν
3171 4104 3290 4164 ταῖς
3321 4097 3582 4173 Πράξεσιν
3606 4100 3720 4152 ὑπο-

2159 4182 2425 4238 λείπεται.
2454 4185 2740 4256 Πανταχοῦ
2767 4187 2876 4257 γὰρ
2903 4191 3015 4251 τοῖς
3065 4189 3248 4257 λόγοις
3285 4191 3449 4243 αὑτοῦ
3481 4190 3540 4243 τὸ
3567 4189 3719 4242 καθα-

2167 4276 2258 4346 ρὸν
2314 4276 2410 4329 καλ⁴
2467 4277 2718 4348 λαμπρὸν
2791 4283 2886 4334 καὶ
2934 4281 3185 4352 εὑκρινὲς
3243 4284 3384 4350 μετά
3440 4282 3533 4337 τού
3585 4281 3720 4352 ἡδέος

2159 4367 2524 4438 τεχνουργῶν,
2568 4371 2778 4434 τούτοις
2827 4388 2886 4423 τε
2919 4372 3159 4426 ἐνταῦθα
3192 4373 3428 4443 μάλιστα
3455 4371 3719 4442 διαπρέπει

2162 4461 2259 4512 καὶ
2292 4462 2358 4528 τῇ
2396 4459 2508 4512 τῶν
2543 4463 3010 4533 παραδειγμάτων
3043 4465 3276 4537 εὐπορίᾳ
3307 4465 3400 4517 καλ⁸
3423 4467 3486 4535 τῇ
3517 4464 3620 4516 τῶν
3644 4464 3719 4514 ὲν-

2162 4548 2499 4619 θυμημάτων
2520 4549 2752 4622 ἀφθονίᾳ
2782 4553 2897 4618 καὶ,
2930 4554 3106 4609 εἵπου
3148 4555 3278 4622 δέοι,
3321 4557 3416 4609 καὶ
3443 4556 3717 4624 δεινότητι,

2163 4643 2257 4693 καὶ
2285 4641 2474 4704 ἁπλῶς
2495 4641 2552 4696 ἐν
2594 4659 2653 4694 τε
2698 4643 2844 4707 λέξει
2884 4646 2979 4697 καὶ
3017 4645 3262 4717 συνθήκῃ
3292 4647 3388 4700 καὶ
3418 4646 3618 4717 μεθόδῳ
3640 4644 3720 4697 καὶ

2166 4733 2402 4803 νοήμασι
2437 4733 2531 4786 καὶ
2551 4737 2618 4804 τῇ
2659 4735 2751 4809 ὅλῃ
2787 4736 2832 4768 ⁸⁸
2871 4741 3187 4808 κατασκευῇ
3218 4740 3414 4809 ἄριστα
3459 4739 3613 4792 τάσδε
3636 4735 3721 4799 τὰς

484 4848 658 4893 terum
683 4849 927 4906 quamam
959 4835 1013 4888 in
1047 4830 1289 4902 Apostoli
1311 4828 1584 4897 Epistolas
1605 4826 1908 4882 Antiochia:
1931 4826 2056 4884 dum

2167 4826 2488 4896 συγγραφάς
2515 4827 2878 4894 ὑπεστήσατο.
2919 4829 3076 4882 Ἀλλά
3094 4831 3191 4894 τὰς
3221 4832 3318 4900 μὲν
3342 4833 3421 4894 είς
3453 4832 3542 4884 τὸν
3581 4829 3720 4883 Ἀπό-

484 4937 688 5000 ageret,
708 4925 1089 4992 elaboraverit,
1113 4933 1168 4979 et
1191 4921 1530 4979 accuratiora
1556 4920 1772 4990 quidem
1804 4917 1913 4982 illa,
1943 4931 2063 4985 quae

487 5023 615 5096 item
646 5020 842 5089 praesul
881 5015 1286 5085 conscripserit,
1319 5028 1382 5068 ex
1409 5013 1514 5068 illis
1537 5011 1668 5081 ipsis
1694 5009 1849 5065 facile
1888 5019 2065 5078 potest

488 5113 753 5184 diguosci.
801 5112 931 5176 Quae
981 5116 1161 5163 autem
1201 5107 1266 5159 ad
1309 5104 1591 5159 historiam
1633 5102 2065 5156 Commentario-

488 5222 605 5260 rum
631 5205 682 5258 in
707 5202 951 5256 Psalmos
971 5198 1260 5267 pertinent,
1277 5209 1607 5265 cognoscere
1628 5193 1862 5247 nondum
1888 5191 2063 5256 licuit,

489 5297 592 5353 nisi
616 5295 736 5366 quis
756 5293 896 5348 forte
932 5291 1042 5344 vim
1067 5328 1082 5352 ,
1118 5288 1360 5356 aliasque
1392 5285 1604 5340 dicendi
1635 5287 1862 5338 virtutes
1888 5282 2067 5351 suspi-

491 5393 638 5452 ciens
660 5430 677 5456 ,
705 5389 936 5443 otiosum
961 5383 1047 5438 illa
1067 5382 1270 5453 potius,
1299 5395 1459 5450 quam
1494 5378 1722 5448 publicis
1750 5378 2065 5432 immersum

493 5480 722 5551 negotiis
740 5517 756 5543 ,
781 5477 1092 5532 elaborasse
1109 5471 1358 5526 atlirmet.
1379 5468 1533 5537 Quod
1567 5468 1736 5524 sicubi
1766 5469 2064 5525 sententia-

2173 4917 2358 4970 στολον
2389 4918 2535 4971 ἐστιν
2564 4918 2625 4982 ἐξ
2664 4919 2841 4971 αὑτῶν
2884 4920 3108 4973 ἐκείνων
3151 4923 3472 4989 ἐπιγνῶναι,
3504 4921 3642 4975 ποῖαί
3667 4937 3717 4972 τε

2171 5008 2350 5063 αὑτῶν
2389 5011 2448 5062 ἐν
2506 5011 2809 5082 Ἀντιοχείᾳ
2861 5012 3196 5083 διατρίϐοντι
3235 5015 3646 5086 ἐξεπονήθησαν,
3673 5010 3722 5066 σί

2171 5103 2266 5156 καὶ
2299 5102 2500 5170 μᾶλλον
2546 5102 2955 5172 διηκρίϐωνται,
2985 5105 3077 5158 καὶ
3106 5108 3256 5159 ποῖαι
3305 5104 3722 5177 ἀρχιερατεύοντι

2175 5194 2515 5264 ἐποιήθησαν
2541 5209 2556 5223 ⁸
2594 5193 2694 5257 τάς
2720 5195 2778 5247 δὲ
2807 5196 2887 5258 εἰς
2913 5196 3039 5258 τοὺς
3064 5197 3328 5267 Ψαλμοὺς
3354 5195 3503 5249 οὔπω
3549 5195 3723 5264 ἔχομεν

2172 5287 2296 5338 ὅσον
2324 5285 2368 5316 ⁸³
2395 5284 2516 5337 καθ’
2559 5285 2799 5356 ἱστορίαν
2832 5286 3059 5354 γνῶναι,
3087 5287 3228 5357 πλὴν
3265 5288 3318 5340 εἴ
3345 5305 3428 5351 τις
3461 5288 3554 5356 τὴν
3584 5284 3723 5338 δύνα-

2177 5395 2268 5448 μιν
2292 5377 2388 5430 καὶ
2416 5375 2515 5448 τὴν
2545 5376 2714 5447 ἄλλην
2748 5377 2951 5448 ἀρετὴν
2976 5378 3071 5432 τοῦ
3105 5379 3264 5447 λόγου
3290 5379 3577 5448 θαυμάζων
3615 5390 3720 5445 σχο-

2171 5470 2405 5541 λάζοντα
2438 5469 2602 5523 αὑτὸν
2631 5469 2833 5540 μᾶλλον
2861 5471 2977 5524 ἀλλ’
3005 5472 3070 5524 οὑ
3106 5471 3396 5544 πράγμασι
3427 5472 3614 5532 κοινοῖς
3642 5470 3718 5519 ἐν.

1815 5643 2052 5710 VARUE
2093 5644 2390 5701 LECTION
2399 5646 2501 5703 ES.

568 5777 613 5808 “
645 5773 832 5844 ἐτέρου
864 5773 903 5826 Α
938 5789 950 5824 :
977 5772 1351 5844 δευτέρους-ι-
1433 5768 1477 5844 εξ
1505 5765 1655 5844 αὑτῷ
1705 5767 1829 5823 add.

501 5849 542 5880 cr
585 5839 806 5916 παράἈ
841 5861 856 5900 ε
899 5843 1026 5913 περί
1059 5839 1152 5908 ς,’
1226 5841 1268 5873 ⁵⁸
1309 5840 1406 5914 ὅλῃ
1442 5842 1486 5894 Α
1523 5839 1684 5910 τᾶλλῃ
1713 5857 1773 5903 ς.

2054 5768 2098 5800 ⁸⁸
2122 5769 2181 5821 ὂν
2209 5786 2322 5842 om.
2361 5789 2439 5842 pr.
2479 5771 2544 5826 Δ.

1875 5841 1917 5870 ⁵³
1948 5841 2070 5892 ὅσον
2097 5857 2205 5896 om.
2240 5841 2300 5898 C.

2657 5773 2700 5803 θη
2723 5775 2764 5822 ε’
2789 5769 2913 5827 add.
2938 5770 3003 5826 A.
3112 5775 3156 5807 “
3187 5775 3460 5850 ὡμίλησεν
3492 5787 3622 5830 corr.
3659 5766 3716 5825 Ac.
