4038 6414
576 412 680 473 507

1193 537 1488 612 CLXXVL]

833 625 1147 696 Theopompi
1186 628 1538 684 Historiarum
1569 633 1693 686 libri
1720 651 1837 693 Lttt.

648 711 899 786 Legimus
932 716 1260 789 Tltmpompi
1298 723 1409 792 (90)
1443 723 1586 793 Opus
1616 727 1926 782 historicum
1979 728 2146 783 libro-

578 819 697 857 rum
750 808 909 860 trium
962 817 1016 863 et
1068 811 1477 883 quinquaginta,
1505 817 1597 885 qui
1633 818 1822 888 reliqui
1847 827 1973 874 sunt
2004 819 2142 891 (9|).

578 894 923 954 lutercidisse
975 915 1105 956 vero
1149 914 1386 969 sextum,
1449 908 1772 976 septimum,
1818 919 1873 965 et
1919 925 2143 976 nonum,

579 986 894 1042 vicesimum
955 1002 1117 1060 atque
1160 996 1516 1063 tricesimum,
1577 1002 1739 1054 etiam
1786 1013 1998 1056 veteres
2027 1003 2149 1072 qui-

579 1077 699 1129 dam
747 1079 1127 1139 aliirmaruut:
1161 1101 1333 1155 neque
1380 1103 1511 1144 sane
1562 1090 1693 1144 mihi
1746 1091 1930 1146 videre
1982 1092 2148 1148 hosce

580 1170 822 1239 contigit.
861 1170 1222 1241 Menopbaues
1245 1188 1447 1244 autem,
1474 1190 1628 1236 vetus
1660 1189 1714 1234 et
1744 1181 1876 1249 ipse,
1900 1182 2149 1238 minime-

577 1275 685 1328 que
716 1269 1141 1322 contemnendus
1172 1280 1378 1335 auctor,
1421 1271 1510 1326 ubi
1558 1273 1624 1327 de
1657 1271 2011 1344 Theopompo
2033 1275 2150 1329 dis-

580 1355 732 1417 serit,
784 1355 1157 1413 duodecimum
1194 1378 1406 1431 quoque
1452 1366 1679 1432 periisse
1722 1366 1933 1431 scribit,
1988 1382 2148 1437 quem

585 1453 761 1500 tamen
805 1463 908 1503 nos
956 1464 1078 1504 cum
1120 1453 1240 1507 aliis
1268 1454 1516 1524 legimus.
1580 1455 1775 1511 Narrat
1801 1460 2152 1518 duodecimus

583 1536 669 1591 hic
694 1537 828 1592 liber
849 1554 934 1594 res
956 1553 1134 1608 gestas
1154 1543 1429 1600 Pacoridis
1449 1546 1820 1618 ngyptiorum
1852 1550 1992 1619 regis
2013 1550 2149 1623 (9‘2),

583 1638 639 1682 ut
676 1643 794 1685 cum
822 1631 1056 1687 Barcaeis
1101 1634 1279 1690 fat-dus
1326 1637 1528 1704 inierit,
1560 1646 1614 1693 et
1639 1655 1736 1708 pro
1770 1639 2009 1712 Evagora
2044 1641 2153 1715 Cy-

580 1720 700 1786 prio
735 1722 992 1778 adversus
1014 1724 1207 1780 Persas
1234 1729 1465 1783 steterit.
1500 1730 1613 1796 Qua
1645 1731 1854 1786 ratione
1875 1733 2153 1802 inopinato

581 1808 897 1879 Cypriorum
932 1816 1155 1884 imperio
1189 1820 1389 1886 potitus
1417 1821 1488 1875 sit
1518 1821 1809 1892 Evagoras,
1837 1824 2153 1896 Andymone

1703 425 1966 485 ΡΗΟἹἹΙ
2004 428 2507 523 PATRIARCILE
2536 429 2644 490 Cl’.

2176 551 2224 606 Δ

3706 432 3827 497 508

2848 548 3033 615 Poqm

2450 639 2800 707 Θεοπόμπου
2828 641 3004 704 Λόγοι
3031 640 3318 708 ἱστορικοὶ
3345 645 3394 710 γ’
3421 639 3520 696 καὶ
3547 638 3616 696 r'.

2327 728 2764 799 ’Δνεγνώσθησαν
2787 730 3108 800 Θεοπόμπου
3140 730 3307 800 Λόγοι
3336 730 3625 799 ἱστορικοί
3644 749 3661 764 ⁸
3691 730 3735 784 ν’
3766 731 3829 784 δὲ

2246 822 2341 874 καὶ
2362 827 2410 889 γ’
2441 821 2577 873 εἰσιν
2620 824 2669 874 ot
2720 821 3015 891 σωζόμενοι
3047 822 3211 875 αὑτοῦ
3251 822 3358 875 τῶν
3408 821 3698 894 ἱστορικῶν
3726 822 3831 875 λό-

2245 926 2364 979 γοι·
2400 910 2842 967 διαπεπτωκέναι
2882 913 2940 966 δὲ
2972 915 3067 967 καὶ
3102 913 3211 967 τῶν
3237 912 3484 967 παλαιῶν
3513 930 3658 976 τινες
3682 911 3829 982 ἔφη·

2249 1021 2346 1057 σαν
2372 1004 2472 1075 τήν
2523 1022 2581 1056 τε
2632 1004 2796 1072 ἕκτην
2829 1006 2924 1058 καὶ
2970 1005 3227 1076 ἑϐδόμην,
3263 1007 3358 1059 καὶ
3380 1004 3445 1075 δὴ
3495 1006 3592 1058 καὶ
3629 1006 3676 1037 ⁷³
3723 1004 3832 1071 τὴν

2250 1097 2445 1167 ἐνάτην
2501 1096 2595 1150 κα)⁸
2643 1095 2893 1167 εἰκοστὴν
2938 1097 3031 1151 καὶ
3095 1096 3193 1168 την
3249 1097 3598 1168 τριακοστήν.
3661 1095 3835 1149 Ἀλλὰ

2249 1190 2451 1253 ταύτας
2478 1189 2577 1260 μὲν
2602 1188 2710 1243 οὐδ’
2739 1191 2898 1260 ἡμεῖς
2922 1190 3155 1260 εἴδομεν,
3184 1189 3520 1262 Μηνοφάνης
3558 1188 3617 1242 δέ
3644 1206 3732 1251 ⁶τις
3760 1189 3835 1241 τὰ

2249 1280 2380 1351 περὶ
2407 1280 2731 1351 Θεόπομπον
2763 1279 2975 1344 διεξιὼν
2997 1281 3242 1350 (ἀρχαῖος
3264 1280 3321 1334 δὲ
3345 1281 3443 1334 καὶ
3467 1281 3567 1334 οὐκ
3587 1280 3835 1334 εὐκατα-

2251 1373 2515 1443 φρόνητος
2540 1375 2568 1426 6
2605 1372 2765 1445 ἀνὴρ)
2801 1374 2894 1426 καὶ
2933 1375 3031 1445 τὴν
3059 1374 3366 1444 δωδεκάτην
3418 1374 3836 1427 συνδιαπεπτω-

2251 1463 2405 1517 κέναι
2430 1463 2576 1532 λέγει
2612 1479 2629 1496 ⁸
2680 1464 2858 1518 καίτοι
2889 1464 3056 1536 αὐτὴν
3079 1467 3239 1536 ἡμεῖς
3261 1469 3381 1529 ταῖς
3407 1464 3595 1528 ἄλλαις
3631 1479 3838 1517 συναν-

2251 1556 2519 1625 έγνωμεν.
2552 1556 2661 1609 Καὶ
2714 1556 2962 1627 περιέχει
2998 1559 3026 1611 6
3063 1557 3362 1621 δωδέκατος
3397 1557 3555 1626 λόγος
3607 1556 3742 1626 περί
3772 1573 3837 1609 τε

2252 1647 2538 1719 Πακὼριος
2557 1648 2605 1681 ⁸ο
2639 1648 2734 1703 τοῦ
2773 1650 3086 1718 Αἰγυπτίων
3126 1650 3412 1722 βασιλέως,
3457 1650 3533 1713 ὡς
3580 1649 3724 1721 πρός
3773 1666 3839 1702 τε

2251 1740 2378 1803 τοὺς
2430 1740 2736 1811 Βαρκαίους
2768 1741 2811 1773 ⁸⁸
2867 1743 3179 1809 ἐσπείσατο,
3229 1742 3324 1796 καὶ
3373 1742 3512 1813 ὐπέρ
3547 1741 3839 1812 Εὐαγόρου

2254 1830 2493 1902 ἔπραττε
2522 1831 2616 1885 τοῦ
2670 1833 2942 1904 Κυπρίου,
2984 1834 3199 1887 ἐναντία
3222 1834 3480 1904 πράττων
3501 1833 3578 1903 τῷ
3598 1834 3795 1906 Πέρσῃ
3822 1849 3837 1863 ⁸

582 1903 755 1958 Citico
779 1904 913 1973 (95),
937 1907 1029 1977 qui
1058 1923 1181 1962 eam
1213 1912 1453 1978 tenebat,
1482 1889 1660 1984 capto.
1696 1915 1809 1982 Qua
1839 1889 2149 1974 arte'Gratci

2257 1923 2312 1976 ὃν
2329 1889 2393 1975 τε
2430 1922 2634 1993 τρόπον
2670 1889 2821 1994 παρα
2850 1889 3009 1990 δόέαν
3040 1924 3085 1956 ⁸⁸
3112 1889 3396 1997 Εὐαγόρας
3433 1889 3840 1997 τῆς

583 1995 1040 2062 Agamemnonem
1081 2001 1250 2055 secuti
1278 2000 1510 2073 Cyprum
1542 2007 1878 2076 occuparint,
1919 2009 2154 2081 Cinnyra

582 2099 703 2139 cum
732 2087 846 2141 suis
877 2087 1069 2156 ejecto,
1122 2106 1349 2159 quorum
1386 2097 1587 2164 posteri
1617 2097 1808 2169 reliqui
1833 2109 1962 2155 sunt
1991 2100 2156 2155 Ama-

584 2176 772 2231 tbusii.
811 2178 884 2235 Ut
918 2196 1012 2235 rex
1036 2198 1160 2237 cum
1187 2182 1427 2256 Evagnra
1461 2187 1659 2243 bellum
1686 2206 1874 2260 gerere
1915 2194 2156 2250 animum

584 2267 876 2337 induxerit,
927 2272 1252 2342 imperatore
1304 2287 1487 2332 creato
1529 2278 1934 2350 Autophradate
1977 2283 2159 2356 Lydiae

582 2369 834 2427 satrapa,
883 2362 1160 2418 Navarcho
1229 2382 1357 2423 vero
1384 2369 1739 2439 ﬁllccatomno
1782 2374 1893 2445 (ΕΗ)
1929 2395 1943 2432 :
1977 2385 2032 2432 et
2092 2380 2160 2432 de

584 2463 717 2516 pace
747 2464 905 2518 quam
954 2454 1195 2522 palmarii
1260 2458 1375 2511 vice
1430 2459 1632 2516 Graecis
1696 2464 1937 2533 donavit,
1986 2478 2159 2538 utque

583 2539 761 2594 acrius
820 2557 939 2597 cum
1002 2545 1243 2617 Evagora
1301 2551 1587 2617 dimicarit,
1616 2571 1679 2610 ac
1740 2557 1807 2613 de
1872 2560 2048 2616 navali
2090 2562 2160 2616 ad

582 2630 815 2702 Cyprum
875 2651 1049 2705 pugna
1104 2639 1237 2710 (95).
1298 2641 1805 2702 UtAtheniensium
1854 2651 2045 2707 civitas
2105 2653 2159 2707 in

585 2727 787 2781 [cedere
810 2744 931 2783 cum
962 2747 1086 2801 rege
1112 2733 1246 2788 inito
1272 2749 1623 2804 perseverare
1658 2740 1950 2799 studuerit.
1988 2742 2161 2799 Lace—

584 2818 834 2874 daemonii
860 2838 1008 2889 vero,
1043 2826 1295 2881 secundis
1325 2829 1487 2883 rebus
1508 2830 1660 2897 elati,
1693 2844 1849 2901 pacta
1890 2847 2160 2892 conventa

581 2912 846 2980 ruperint.
883 2913 1160 2979 Quomodo
1179 2918 1303 2972 item
1339 2922 1438 2975 sub
1468 2922 1751 2978 Antalcida
1804 2927 1952 2995 pacis
1986 2926 2161 2985 fmdus

583 3007 968 3071 percusserint.
1039 3007 1111 3064 Ut
1161 3009 1461 3067 Teribazus
1535 3013 1734 3069 bellum
1789 3020 2052 3087 gesserit,
2093 3022 2161 3075 'et

580 3093 836 3163 Evagorae
902 3099 1126 3156 insidias
1193 3105 1495 3171 struxerit,
1571 3115 1735 3175 utque
1781 3110 1921 3176 apud
1976 3126 2157 3182 regem

579 3186 977 3260 (96)Evag0ras
1004 3191 1151 3246 illum
1184 3196 1478 3260 accusarit,
1500 3211 1564 3251 ac
1586 3212 1708 3252 eum
1740 3197 1943 3256 Oronte
1975 3211 2154 3258 trans-

2275 3203 2615 3257 Ἀνταλκίδου
2672 3203 2855 3256 ἔθεντο
2911 3203 3133 3276 εἰρήνην
3192 3220 3207 3236 ⁸

2255 2012 2434 2083 ἀρχῆς
2466 2013 2660 2085 ἐπέϐη,
2719 2012 3021 2085 Ἀϐδύμονα
3056 2014 3103 2048 ”
3145 2015 3436 2086 κατασχὼν
3468 2016 3562 2069 τὸν
3607 2014 3837 2077 Κιτιέα.

2255 2102 2458 2174 ταύτης
2502 2103 2849 2176 ἐπάρχοντα·
2899 2105 3023 2159 τίνα
3066 2123 3126 2160 τε
3146 2105 3192 2137 ⁸⁸
3221 2106 3421 2177 τρόπον
3467 2106 3732 2175 Ἕλληνες
3790 2107 3844 2160 οι

2258 2197 2356 2251 σὺν
2371 2198 2737 2269 Ἀγαμέμνονι
2764 2200 2862 2270 τὴν
2887 2199 3111 2271 Κύπρον
3142 2201 3426 2272 κατέσχον,
3457 2200 3845 2263 ἀπελάσαντες

2255 2291 2382 2354 τοὺς
2432 2289 2568 2359 μετὰ
2609 2289 2899 2362 Κιννύρου,
2945 2282 3021 2343 ὧν
3062 2292 3198 2343 εἰσιν
3229 2290 3511 2354 ὑπολιπεῖς
3562 2290 3848 2361 ’Δμαθού-

2259 2399 2364 2435 σιοι
2385 2398 2399 2410 ⁸
2430 2383 2577 2446 ὅπως
2607 2398 2666 2435 τε
2687 2383 2716 2435 6
2747 2379 2999 2453 βασιλεὺς
3027 2380 3280 2453 Εὐαγόρᾳ
3308 2382 3634 2451 συνεπείσθη
3671 2382 3848 2435 πολε-

2261 2474 2452 2543 μῆσαι,
2479 2472 2781 2543 στρατηγὸν
2812 2472 3113 2545 ἐπιστήσας
3150 2471 3573 2544 Αὐτοφραδάτην
3596 2471 3689 2527 τὸν
3721 2473 3845 2525 Λυ-

2258 2564 2378 2627 δίας
2427 2563 2713 2636 σατράπην
2748 2563 2820 2628 ⁸⁸,
2873 2563 3146 2635 ναύαρχον
3204 2563 3261 2616 δὲ
3297 2564 3642 2635 Ἐκατόμνων
3668 2579 3684 2595 ⁸
3741 2562 3848 2618 καὶ

2261 2655 2388 2726 περί
2414 2654 2512 2726 τῆς
2536 2654 2761 2727 εἰρήνης
2783 2654 2850 2726 ἦν
2885 2655 3046 2718 αὐτὸς
3067 2655 3440 2726 τοῖςἜλλησιν
3466 2654 3810 2725 ἐϐράϐευσεν
3831 2671 3846 2684 ⁸

2259 2751 2408 2813 ὅπως
2440 2767 2499 2804 τε
2536 2750 2674 2820 πρὸς
2725 2749 3009 2821 Εὐαγόραν
3052 2749 3514 2821 ἐπικρατέστερσν
3554 2748 3853 2819 ἐπολέμει,

2262 2840 2512 2910 καὶπερὶ
2540 2841 2638 2909 τῆς
2676 2841 2733 2892 ἐν
2771 2839 2983 2911 Κύπρῳ
3029 2840 3341 2910 ναυμαχίας
3368 2856 3384 2872 ⁸
3418 2843 3514 2894 καὶ
3561 2839 3639 2905 ὼς
3676 2840 3852 2910 Ἀθη-

2262 2930 2426 2986 ναίων
2453 2933 2488 3004 ἠ
2521 2932 2675 2995 πόλις
2689 2932 2811 2993 ταῖς
2836 2932 2975 3004 πρὸς
3005 2932 3230 3003 βασιλέα
3253 2933 3550 3003 συνθήκαις
3577 2934 3863 3004 ἐπειρᾶτο.

2263 3022 2559 3092 ἐμμένειν,
2601 3024 3019 3095 Λακεδαιμόνιοι
3077 3022 3132 3076 δὲ
3190 3025 3468 3094 ὑπέρογκα
3515 3023 3855 3095 φρονοῦντες

2265 3113 2600 3185 παρέϐαινον
2645 3113 2746 3176 τὰς
2773 3113 3046 3184 συνθήκας
3074 3131 3089 3146 ⁸
3135 3113 3261 3168 τίνα
3287 3132 3345 3167 τε
3392 3113 3591 3185 τρόπον
3618 3113 3718 3185 τὴν
3746 3115 3854 3168 ἐπὶ

3264 3204 3360 3258 καὶ
3418 3205 3498 3268 ὡς
3547 3196 3852 3273 Τιρίϐαζος

578 3282 771 3350 egerit.
828 3280 898 3337 Ut
955 3298 986 3337 a
1017 3282 1297 3341 Nectenibi
1329 3287 1441 3360 (97)
1474 3299 1738 3359 occupato
1769 3291 2151 3363 Egyptiorum

2260 3296 2636 3365 ἐπολέμησεν,
2699 3297 2847 3361 ὅπως
2899 3313 2959 3349 τε
3010 3297 3058 3329 ⁸⁸
3116 3297 3370 3368 Εὐαγόρᾳ
3427 3284 3850 3357 ἐπεϐούλευσεν,

578 3388 766 3442 regno,
824 3377 889 3430 ad
918 3374 1359 3435 Lacedaemonios
1384 3379 1661 3453 Evagoras
1695 3384 1897 3452 legatos
1925 3386 2153 3451 miserit,

578 3480 792 3536 quaque
851 3470 1064 3525 ratione
1116 3472 1368 3543 Cyprium
1441 3476 1639 3532 bellum
1700 3480 2015 3534 confecerit.
2080 3480 2155 3536 De

573 3555 932 3615 Nicocreonte
965 3562 1099 3631 (98),
1128 3564 1221 3634 qui
1245 3565 1467 3622 insidias
1497 3567 1720 3633 lacarat,
1755 3572 2023 3640 quomodo
2047 3587 2148 3628 nec

578 3650 798 3719 epiuato
867 3654 1232 3722 deprehensus
1301 3659 1371 3712 sit
1431 3658 1801 3730 eﬂ‘ugeritquc.
1869 3662 2147 3729 Quomodo

581 3757 703 3796 cum
769 3742 887 3814 ejus
947 3748 1052 3800 lilia
1109 3749 1317 3815 virgine
1358 3752 1546 3807 relicta
1581 3796 1596 3820 ,
1658 3766 1713 3809 et
1762 3756 2036 3826 Evagoras
2095 3767 2151 3812 ct

584 3834 744 3902 hujus
803 3837 942 3893 lilius
999 3839 1322 3912 Prytagoras
1362 3844 1513 3916 (99),
1547 3846 1684 3902 clam
1715 3848 1976 3904 alterutro
2029 3864 2153 3905 con-

585 3926 890 3993 cuhueriut,
950 3925 1265 3990 Thrasidaeo
1322 3940 1573 3993 eunucho
1610 3940 1723 4009 (qui
1773 3956 1971 4010 genere
2001 3943 2160 3999 Eleus

583 4021 721 4089 erat)
783 4020 971 4093 120b
1003 4026 1241 4084 viciSsim
1285 4030 1393 4085 illis
1430 4032 1809 4087 subservieute
1856 4035 1924 4089 ad
1968 4035 2160 4104 puella:

584 4126 867 4167 amorem:
901 4127 1066 4186 utque
1118 4120 1234 4177 haec
1278 4121 1410 4191 ipsis
1452 4123 1701 4178 interitus
1760 4140 1922 4179 causa
1974 4126 2158 4193 fuerit,

583 4202 913 4277 Thrasydzeo
945 4226 1132 4268 necem
1166 4215 1271 4272 illis
1296 4228 1641 4285 procurante.
1664 4218 1852 4275 Refert
1871 4220 2019 4286 dein,
2055 4235 2162 4291 qua

582 4298 789 4354 ratione
829 4302 1024 4358 Acoris
1054 4304 1341 4377 lEgyptius
1389 4324 1511 4364 cum
1542 4307 1739 4366 Pisidis
1767 4311 1895 4365 belli
1924 4313 2159 4367 societa-

583 4399 688 4442 tem
722 4390 921 4459 inierit,
939 4395 1112 4466 deque
1142 4398 1384 4467 ipsorum
1410 4400 1648 4469 regione,
1670 4410 1724 4456 et
1755 4403 1822 4458 de
1838 4402 2151 4472 Aspendiis.

2258 3389 2407 3450 ὅπως
2460 3405 2520 3440 τε
2568 3388 2731 3441 αὐτὸν
2776 3388 3056 3458 Εὐαγόρας
3106 3387 3240 3458 πρὸς
3291 3385 3515 3456 βασιλέα
3571 3384 3855 3439 διαϐαλὼν

2262 3481 2520 3534 συνέϐαλε
2545 3482 2588 3513 ⁸⁷
2629 3481 2745 3552 μετ’
2778 3481 3028 3552 Ὀρόντου
3054 3497 3069 3511 ⁸
3112 3478 3239 3551 [59⁵2
3268 3478 3361 3552 R.]
3400 3478 3494 3530 καὶ
3523 3476 3599 3539 ὡς
3637 3476 3856 3529 Νεκτε-

2261 3573 2430 3637 νίϐιος
2500 3573 2897 3645 παρειληφότος
2956 3572 3055 3644 τὴν
3116 3573 3391 3640 Αἰγύπτου
3446 3569 3492 3603 ⁸⁸
3561 3569 3854 3640 βασιλείαν

2254 3665 2395 3738 πρὸς
2420 3664 2879 3735 Λακεδαιμονίους
2901 3664 3159 3735 πρέσϐεις
3192 3662 3512 3716 ἀπέστειλεν
3533 3660 3850 3731 Εὐαγόραςο

2254 3758 2376 3811 τίνα
2395 3774 2454 3810 τε
2474 3756 2675 3827 τρόπον
2696 3756 2724 3807 6
2744 3756 2873 3826 περὶ
2902 3754 3124 3826 Κύπρον
3153 3754 3301 3825 αὐτῷ
3323 3752 3556 3823 πόλεμος
3585 3752 3815 3821 διελύθη
3832 3762 3853 3780 ⁸

2257 3852 2353 3905 καὶ
2383 3851 2512 3922 περ).
2546 3848 2675 3920 [205
2714 3846 2807 3920 11.]
2846 3848 3262 3919 Νικοκρέοντος,
3311 3846 3388 3909 ὡς
3422 3846 3851 3910 ἐπεϐούλευσεν,

2262 3941 2337 4006 ὡς
2399 3940 2715 4013 παραδόξως
2774 3939 3054 4010 ἐφωράθη,
3107 3938 3182 4002 ὡς
3235 3938 3404 4007 ἔφυγε
3468 3952 3482 3968 ⁸
3518 3939 3612 3992 καὶ⁵
3656 3937 3735 4001 ὡς
3776 3940 3850 4010 τῇ

2265 4034 2477 4089 ἐκείνου
2528 4033 2684 4087 παιδὶ
2718 4031 3142 4102 καταλειφθείσῃ
3169 4031 3310 4105 κόρῃ
3352 4029 3632 4100 Εὐαγόρας
3657 4047 3719 4083 τε
3751 4033 3852 4084 καὶ.

2265 4126 2295 4179 6
2326 4124 2516 4178 τούτου
2550 4125 2682 4188 παῖς
2734 4123 3118 4194 Πνυταγόρας,
3164 4122 3514 4186 λανθάνοντες
3555 4120 3851 4192 ἀλλήλους,

2269 4214 2681 4280 συνεκάθευδον,
2743 4216 3078 4288 Θρασυδαίου
3142 4214 3240 4268 τοῦ
3289 4213 3542 4284 εὐνούχου
3564 4211 3635 4277 ⁸³,
3670 4212 3734 4276 δς
3777 4207 3851 4283 ἦν

2279 4310 2487 4374 Ἠλεῖος
2510 4309 2572 4363 τὸ
2599 4309 2775 4378 γένος,
2827 4310 3009 4372 αὐτοῖς
3034 4308 3186 4378 παρὰ
3213 4307 3377 4377 μέρος
3400 4307 3673 4377 ὐπηρετου
3682 4304 3847 4375 μένου

2264 4405 2332 4475 τῇ
2364 4402 2501 4474 πρὸς
2558 4401 2655 4474 τὴν
2689 4401 2859 4473 κόρην
2892 4400 3158 4471 ἀκολασίᾳ
3184 4416 3199 4432 ⁸
3231 4400 3325 4454 καὶ
3373 4399 3448 4464 ὼς
3475 4392 3634 4452 τοῦτο
3660 4399 3848 4461 αὐτοῖς

580 4481 657 4536 De
711 4488 934 4545 medicis
988 4505 1205 4562 quoque
1232 4492 1377 4561 Cois,
1430 4502 1486 4550 et
1504 4493 1735 4564 Cnidiis,
1785 4498 1927 4566 quod
1969 4494 2154 4551 Ascle-

2264 4492 2435 4547 αῖτιον
2455 4492 2678 4564 ὀλέθρου
2694 4493 2907 4562 γέγονε,
2943 4490 3283 4564 Θρασυδαίου
3321 4489 3421 4561 τὴν
3451 4488 3676 4542 ἐκείνων
3693 4488 3849 4543 ἀναί-

1850 4675 2085 4733 ὙΑΚΙΔΕ
2118 4673 2526 4732 LECTIONES.

649 4786 694 4865 ζξ
718 4786 813 4838 καὶ
851 4795 981 4865 post
1022 4788 1087 4865 δὴ
1132 4804 1245 4865 om.
1275 4790 1340 4844 A.
1417 4791 1463 4823 ⁸ο
1482 4791 1789 4865 Πακώριος]
1847 4794 2072 4865 ’ᾼκορις
2098 4790 2328 4865 Diodoro
2366 4791 2471 4865 lib.
2528 4792 2617 4859 15,
2673 4799 2734 4865 ut
2759 4862 2767 4865 Α
2791 4793 2911 4865 item
2940 4791 3025 4845 hic
3064 4790 3517 4865 mae-"Among.-
3565 4785 3841 4865 Scitnttus.

578 4856 622 4888 δι
653 4855 993 4994 Βαρκαίουςέ

578 4926 793 4994 τράπην
825 4926 869 4979 Α
894 4944 907 4981 :
936 4929 961 4979 ἐ

577 4926 803 4999 τράπην
825 4926 869 4979 Α
888 4944 907 4999 7:
936 4926 1246 4999 ἐξατράπην
1276 4931 1316 4986 C
1334 4960 1339 4967 -
1355 4949 1417 4996 ς.

579 4996 716 5050 doro
750 4994 936 5052 Siculo
966 4994 1139 5066 15,8.
1202 4994 1260 5032 ’⁸⁸
1293 4994 1607 5070 Αἰγυπτίων
1641 5022 1701 5070 ς.

1020 4854 1326 4933 βάρδάρους
1357 4876 1502 4917 (201⁵1³.
1538 4862 1605 4917 Α.
1654 4854 1719 4894 ’⁸³
1748 4854 1904 4933 ⁷’τῗειὶιρὸι
1943 4854 2098 4927 δόξαν
2117 4863 2185 4917 Α.
2206 4864 2507 4933 παράδοξον
2534 4854 2613 4933 ς(
2663 4862 2715 4933 *⁸³
2741 4861 3027 4933 Αὐδύμονα
3053 4877 3114 4925 ς.
3189 4857 3235 4889 ⁸⁸
3258 4874 3317 4933 τε
3338 4854 3431 4933 Α)
3462 4854 3520 4909 δέ
3547 4873 3612 4933 ς.
3689 4855 3846 4933 “iga.

1517 4933 1563 5004 9'
1594 4924 2044 5004 priorem'uom}
2078 4935 2144 4989 A.
2185 4932 2261 5004 A‘"
2288 4924 2623 5004 ’συνέϐαλλεν
2649 4930 2712 5004 ᾼ.
2745 4942 2801 4985 at
2830 4924 3113 5002 legendum
3165 4928 3429 4983 συνέλαϐε
3474 4927 3678 4981 collato
3716 4924 3844 4979 Dio-

1798 5004 1844 5036 ⁸⁹
1877 5001 2133 5076 εὐνούχου
2165 5002 2214 5057 Α
2241 5019 2255 5056 :
2283 5003 2615 5075 ἡμιάρρενος
2646 4999 2688 5057 C
2722 5019 2787 5066 ς.

2082 5138 2317 5196 NOTAE.

650 5255 765 5327 (90)
808 5255 881 5327 D_e
902 5254 1255 5326 TheOpompo
1276 5256 1535 5327 legendus
1558 5256 1925 5313 Halicarnass.
1953 5255 2009 5312 in
2034 5253 2155 5313 Cri-

583 5325 721 5386 ticis.
748 5325 804 5381 et
833 5325 1049 5380 Suidas.

651 5397 766 5466 (91)
801 5396 998 5451 Suidas
1023 5395 1092 5449 72
1117 5406 1382 5452 recenset.

595 5467 758 5559 “(92)
798 5467 1022 5536 Ἀκορις
1069 5466 1291 5532 Diodor,
1348 5466 1435 5523 lib.
1474 5482 1564 5529 xv,
1612 5479 1673 5522 ut
1714 5469 1843 5523 item
1890 5465 1981 5520 hic
2028 5478 2153 5518 mox

609 5537 1105 5678 ﬁgiﬁﬁswwa
1136 5607 1369 5676 Θύρσιον
1402 5618 1561 5664 vocat
1588 5607 1867 5678 Diodorus
1896 5604 2034 5661 liber
2061 5618 2152 5658 xw

583 5673 835 5757 [tibliotlu
865 5673 1134 5735 ubi'etiam
1153 5673 1393 5750 plura‘de
1410 5679 1652 5751 Evagora
1673 5694 1690 5746 ;
1710 5686 1763 5732 et
1778 5679 1829 5732 in
1851 5673 2152 5732 lsocratum

587 5748 984 5891 ωὲἵῦναάστὶω
1011 5821 1264 5891 praefecto
1304 5821 1443 5893 apud
1475 5818 1767 5877 Diodorum
1799 5833 1950 5888 supr.
1973 5816 2063 5888 qui
2094 5824 2148 5872 ct

2256 5252 2407 5309 solus
2437 5250 2506 5305 ibi
2534 5248 2675 5305 bello
2704 5247 2987 5316 praefuisse
3016 5246 3236 5303 dicitur.

2328 5320 2440 5391 (95)
2475 5319 2647 5391 Quam
2672 5315 2840 5373 refert
2868 5318 3090 5374 Diodor.
3124 5318 3230 5391 lib._
3253 5315 3527 5391 "initio.

2327 5386 2440 5461 (96)
2473 5386 2555 5461 Ab
2584 5387 3113 5461 Oronteaccusatum
3145 5388 3311 5461 refert
3332 5386 3600 5443 Diodorus
3624 5404 3780 5457 supr.

2326 5455 2438 5531 (97)
2479 5455 2862 5531 Νεκτανεῖϐὠςξ
2897 5456 3131 5515 Diodoro
3159 5459 3253 5515 lib.
3289 5474 3358 5513 xv
3381 5468 3650 5531 extremo.

2319 5527 2431 5603 (98)
2471 5531 2554 5584 Ab
2580 5532 2680 5585 hoc
2701 5528 2864 5603 Cypri
2891 5538 3122 5603 tyranno
3149 5539 3417 5584 memorat
3446 5527 3635 5584 Laert.
3657 5529 3754 5584 lib.
3785 5545 3837 5584 ιι

2255 5601 2634 5671 Anaxarchum
2666 5601 3342 5671 pbilosophﬁumgnecatum.

2328 5670 2441 5742 (99)
2483 5668 2847 5741 Pythagoras,
2877 5668 2893 5671 ⁷
2928 5669 3162 5727 Diodoro
3232 5683 3353 5740 sup.
3412 5669 3638 5727 Isocrati
3707 5683 3833 5725 vero

2259 5741 2606 5815 Pretagoras.
