4038 6420
232 470 330 530 ἴθ’)

1244 468 1767 528 BlBLIOTl-IEC.\.
1802 493 1872 505 -
1909 471 2073 532 COD.
2106 471 2404 531 CLXXVI.

3393 463 3498 530 510

230 594 374 645 ρεσιν
408 577 896 646 κατεργασαμένου
923 591 938 605 ·
961 572 1082 628 εἶτα
1098 547 1233 628 1τίνα
1265 578 1468 648 τρόπον
1503 578 1749 649 Ἀκωρις
1777 579 1804 630 ὁ

1932 581 2080 635 dada:
2126 581 2235 635 sint
2269 599 2283 634 :
2321 579 2571 648 quodque
2636 593 2667 634 e
2719 577 2900 649 Syrno
2962 577 3166 646 posteri
3234 575 3495 631 Podalirii

226 669 525 736 Αἰγύπτιος
555 668 688 738 πρὸς
717 669 842 731 τοὺς
882 667 1102 730 Πισίδας
1130 668 1424 737 ἐποιήσατο
1466 668 1806 738 συμμαχίαν,

229 761 355 828 περί
411 778 472 813 τε
515 761 617 830 τῆς
665 759 848 830 χώρας
888 759 1070 813 αὐτῶν
1125 757 1220 811 καὶ
1273 758 1382 811 τῶν
1443 759 1807 813 Ἀσπενδίωνο

228 851 354 920 περί
379 869 442 904 τε
489 851 599 904 τῶν
630 853 688 904 ἐν
727 850 823 920 Κῷ
851 849 948 902 καὶ
980 848 1158 919 Κνίδῳ
1200 849 1419 920 ίατρῶν,
1449 849 1526 912 ὡς
1579 849 1796 918 Ἀσκλη-

231 943 422 995 πιάδαι
455 944 523 1006 ⁹⁰,
549 943 646 996 καὶ
673 944 749 1005 ὡς
773 944 837 994 ἐκ
862 942 1064 1011 Σύρνου
1088 943 1137 994 οἱ
1162 941 1368 1011 πρῶτοι
1393 941 1651 1008 ἀφίκοντο
1676 941 1814 994 ἀπό-

224 1053 371 1101 τόνοι
403 1035 754 1104 Ποδαλειρίου
778 1051 792 1065 ⁶
820 1034 917 1088 καὶ
949 1035 1076 1104 περὶ
1103 1033 1291 1103 Μόψου
1321 1032 1415 1086 τοῦ
1444 1033 1688 1103 μάντεως
1719 1033 1812 1085 καὶ

225 1129 334 1182 τῶν
373 1129 694 1198 θυγατέρων
755 1126 942 1197 Ῥόδης
987 1126 1081 1179 καὶ
1122 1125 1394 1194 Μηλιάδος
1438 1125 1534 1177 καὶ
1578 1125 1811 1192 Παμφυ-

226 1223 364 1286 λέας,
395 1223 456 1287 ἐξ
487 1215 562 1275 ὧν
586 1222 621 1291 ἦ
652 1237 713 1274 τε
762 1220 1106 1286 Μοψουεστία
1134 1219 1228 1271 καὶ
1277 1220 1310 1286 ἡ
1334 1219 1392 1269 ἐν
1417 1217 1592 1288 Λυκίᾳ
1634 1215 1812 1269 Ῥοδία

229 1316 321 1365 καὶ
345 1316 378 1382 ἡ
419 1311 720 1382 Παμφυλία
749 1310 902 1381 χώρα
930 1310 1028 1372 τὰς
1074 1308 1391 1377 ἐπωνυμίας
1422 1307 1634 1360 ἔλαϐονο
1690 1306 1813 1360 τίνα

226 1422 284 1456 τε
311 1405 518 1473 τρόπον
571 1403 660 1472 ὑφ’
710 1403 978 1474 Ἑλλήνων
1025 1403 1058 1472 ἠ
1105 1401 1404 1470 Παμφυλία
1452 1399 1767 1469 κατῳκίσθη
1794 1415 1809 1433 ο

1916 673 2074 742 primi
2095 673 2445 727 accesserint.
2470 671 2543 727 De
2572 671 2756 740 Mopso
2785 672 2862 743 (l)
2882 680 3024 735 vate,
3044 670 3267 740 ejusque
3287 669 3502 724 filiabus

1916 763 2128 828 Rhode,
2159 764 2385 820 Meliade
2426 780 2489 819 ac
2506 764 2844 835 Pamphylia.
2869 763 2952 817 Ab
2975 765 3059 817 his
3090 761 3496 830 Mapsuestiam,

1918 863 1974 907 et
2003 855 2054 908 in
2087 852 2248 924 Lycia
2278 855 2562 920 Rhodiam,
2593 855 3076 925 Pamphyliamque
3097 855 3374 924 regionem
3404 869 3504 906 no-

1918 961 2042 1000 men
2064 947 2356 1015 accepisse.
2372 943 2441 1001 Ut
2459 963 2487 1000 a
2502 945 2706 1001 Graecis
2725 945 2954 999 habitari
2974 945 3286 1014 Pamphylia
3304 953 3502 1011 empta,

1921 1047 2110 1090 mutuo
2124 1037 2265 1091 bello
2277 1038 2503 1092 arserit:
2525 1037 2861 1106 etquomodo
2877 1034 3027 1105 Lycii
3041 1049 3163 1088 cum
3178 1032 3504 1094 Telmissiis,

1920 1127 2044 1182 belli
2075 1129 2209 1183 duce
2234 1129 2444 1183 Pericle
2477 1144 2661 1182 eorum
2705 1144 2853 1198 rege,
2895 1127 3188 1196 pugnarint
3224 1145 3238 1180 :
3265 1140 3364 1178 nec
3395 1139 3508 1177 ma-

1922 1233 2024 1272 nus
2070 1232 2362 1273 conserere
2409 1217 2696 1281 desierint,
2735 1217 2910 1270 donec
2941 1216 3086 1283 ipsos
3132 1213 3274 1267 intra
3321 1225 3507 1264 muros

1921 1309 2230 1379 compulsos
2248 1309 2314 1365 ad
2335 1311 2686 1365 concordiam
2707 1310 3023 1378 adegerunt.
3048 1307 3170 1360 llaec
3191 1304 3508 1357 duodecimo

1921 1401 2010 1455 illo
2041 1401 2197 1468 libro,
2216 1417 2373 1472 quem
2407 1401 2774 1470 MenOphanes
2817 1417 2922 1455 non
2950 1401 3106 1461 vidit,
3136 1398 3504 1453 continentur.

228 1496 377 1549 καὶὸ
402 1499 544 1566 πρὸς
573 1496 836 1566 ἀλλήλους
859 1495 1096 1564 πόλεμος
1122 1493 1166 1525 ⁹¹
1193 1510 1207 1523 ο
1245 1495 1338 1546 καὶ
1375 1493 1450 1555 ὡς
1475 1492 1667 1546 Λύκιοι
1689 1492 1823 1562 πρὸς
1857 1492 2204 1563 Τελμισσεῖς,
2251 1494 2556 1566 ἡγουμένου
2607 1495 2790 1557 αὐτοῖς
2865 1492 2960 1546 τοῦ
3021 1490 3170 1559 σφῶν
3245 1481 3507 1556 βοισιλέως

227 1591 586 1662 Περικλέους,
613 1591 984 1662 ἐπολέμησαν,
1019 1591 1112 1643 καὶ
1138 1589 1237 1642 οὐκ
1264 1589 1476 1657 ἀνῆκαν
1511 1589 1875 1658 πολεμοῦντες
1908 1590 2015 1653 ἓως
2069 1591 2269 1652 αὐτοὺς
2318 1592 2597 1662 τειχήρεις
2650 1591 2978 1660 ποιήσαντες
3030 1586 3155 1639 καθ’
3215 1582 3504 1655 ὁμολογίαν

228 1685 672 1753 παρεστήσαντο.
713 1684 778 1734 Ἃ
829 1681 926 1751 μὲν
951 1676 1046 1733 οὖν
1091 1681 1119 1732 ό
1147 1679 1517 1749 ἠφανισμένος
1543 1680 1590 1711 ’⁸
1631 1679 1951 1748 Μηνοφάνει
1989 1681 2290 1743 δωδέκατος
2321 1681 2478 1748 λόγος
2509 1678 2771 1751 περιέχει,
2805 1678 2980 1732 ταῦτά
3007 1679 3177 1731 ἐστιν.

307 1779 468 1830 Ἔστι
502 1777 560 1828 δὲ
584 1775 906 1843 Θεόπομπος
963 1776 1093 1836 Χῖος
1126 1773 1225 1844 μὲν
1247 1774 1306 1826 τὸ
1355 1773 1535 1841 γένος,
1565 1771 1678 1834 υίὸς
1710 1775 1818 1824 Δα-

1998 1775 2380 1844 Theopompus
2413 1775 2499 1828 hic
2527 1773 2694 1828 Chius
2728 1787 2927 1842 genere
2960 1770 3078 1832 fuit,
3114 1768 3324 1836 genitus
3355 1775 3508 1835 patre

232 1870 572 1939 μοστράτου,
613 1869 802 1934 φυγεῖν
827 1867 883 1918 δὲ
917 1865 1137 1933 λέγεται
1173 1865 1272 1934 τῆς
1299 1864 1559 1932 πατρίδος
1589 1862 1707 1933 ἅμα
1737 1863 1816 1934 τῷ

1932 1865 2266 1920 Dantostrate
2296 1864 2395 1935 (2).
2439 1865 2622 1919 Patria
2655 1878 2786 1917 vero
2813 1877 2936 1917 cum
2960 1870 3185 1932 parente
3207 1859 3509 1913 excessisse

229 1960 430 2030 πατρὶ,
464 1958 560 2010 ἐπὶ⁸
593 1956 936 2026 Λακωνισμῷ
967 1955 1061 2008 τοῦ
1096 1955 1301 2026 πατρὸς
1331 1955 1568 2019 ἁλόντος,
1604 1955 1817 2008 ἀνασω⁴

230 2051 395 2120 θῆναι
427 2049 484 2102 δέ
509 2051 577 2117 τῇ
601 2049 818 2118 πατρίδι
843 2047 1268 2117 τελευτήσαντος
1295 2046 1444 2116 αὑτῷ
1462 2046 1556 2099 τοῦ
1586 2047 1814 2116 πατρὸς,

230 2142 330 2212 τὴν
356 2142 414 2194 δὲ
449 2141 676 2194 κάθοδον
710 2140 1058 2210 Ἀλεξάνδρου
1089 2140 1182 2192 τοῦ
1201 2139 1528 2193 Μακεδόνων
1555 2138 1819 2208 βασιλέως

231 2234 301 2285 δι’
326 2232 632 2286 ἐπιστολῶν
657 2232 766 2285 τῶν
790 2232 927 2302 πρὸς
954 2234 1078 2295 τοὺς
1107 2233 1270 2295 Χίους
1293 2231 1816 2302 καταπραξαμένου’

232 2327 374 2378 ἐτῶν
403 2325 464 2378 δέ
521 2321 662 2377 εἶναι
689 2325 809 2377 τότε
845 2326 936 2377 τὸν
973 2326 1298 2396 Θεόπομπον
1337 2323 1378 2378 ε’
1407 2324 1504 2378 καὶ
1548 2331 1620 2394 μ’.
1665 2324 1822 2378 Μετά

231 2419 413 2483 δὲπτὺν
453 2419 809 2490 Ἀλεξάνδρου
854 2418 1086 2472 θάνατον
1115 2419 1458 2488 πανταχόθεν
1508 2419 1822 2472 ἐκπεσόντα

233 2514 316 2576 είς
344 2512 628 2580 Αἴγυπτον
665 2511 980 2580 ἀφικέσθαι,
1024 2511 1357 2581 Πτολεμαῖον
1391 2512 1448 2566 δὲ
1487 2511 1580 2564 τὸν
1620 2510 1823 2580 ταύτης

236 2603 471 2673 βασιλέα
501 2603 563 2655 ού
601 2603 923 2674 προσίεσθαι
961 2603 1053 2656 τὸν
1078 2603 1268 2674 ἄνδρα,
1301 2603 1439 2656 ἀλλά
1479 2605 1574 2656 καὶ
1609 2603 1684 2666 ὡς
1724 2620 1824 2656 πο·-

233 2697 606 2766 λυπρὰγμονα
652 2695 861 2748 ἀνελεῖν
893 2695 1170 2766 ἐθελῆσαι,
1217 2697 1266 2747 εἰ
1299 2697 1374 2764 μή
1403 2713 1546 2756 τινες
1580 2696 1688 2747 τῶν
1730 2695 1824 2762 φί-

233 2789 341 2840 λων
372 2789 848 2858 παραιτησάμενοι
881 2787 1228 2842 διεσώσαντο.
1270 2789 1625 2857 Συνακμάσαι
1653 2787 1709 2839 δὲ
1739 2785 1826 2838 λέ-

230 2899 322 2948 γει
350 2881 521 2944 αὐτὸς
554 2881 744 2933 ἑαυτὸν
774 2882 820 2912 ⁹³
879 2881 1175 2952 Ἰσοκράτει
1217 2897 1276 2932 τε
1303 2879 1382 2950 τῷ
1437 2879 1701 2949 Ἀθηναίῳ
1733 2877 1826 2932 καὶ

231 2972 511 3043 Θεοδέκτῃ
555 2971 632 3041 τῷ
659 2971 935 3043 Φασηλίτῃ
970 2973 1062 3024 καὶ
1105 2972 1420 3041 Ναυκράτει
1451 2971 1497 3003 ⁵⁸
1542 2971 1618 3041 τῷ
1666 2974 1828 3043 Ἐρυ-

233 3064 436 3134 θραίῳ,
469 3066 566 3117 xui.
593 3063 816 3127 τούτους
844 3065 962 3134 ἅμα
982 3063 1131 3134 αὐτῷ
1155 3065 1223 3116 τὰ
1246 3067 1486 3134 πρωτεῖα
1519 3065 1618 3134 τῆς
1651 3068 1708 3119 έν
1741 3065 1830 3118 λό-

232 3174 356 3224 γοις
387 3157 641 3220 παιδείας
681 3156 825 3226 ἔχειν
857 3158 914 3209 ἐν
939 3158 1052 3219 τοῖς
1077 3156 1370 3226 Ἕλλησιν·
1402 3157 1537 3210 ἀλλά
1583 3158 1829 3228 Ἰσοκρά-

235 3269 337 3320 την
371 3252 473 3320 μὲν
520 3251 586 3303 δι’
617 3251 854 3318 ἀπορίαν
890 3250 1005 3318 βίου
1049 3250 1147 3302 xui.
1171 3250 1472 3322 Θεοδέκτην
1517 3251 1710 3322 μισθοῦ
1742 3251 1830 3304 λό-

237 3358 370 3406 γους
409 3340 645 3409 γράφειν
689 3342 782 3393 καὶ
837 3341 1197 3410 σοφιστεύειν,
1236 3330 1661 3407 ἐκπαιδέύοντας
1705 3347 1832 3408 τοὺς

235 3432 400 3494 νέους
434 3433 692 3485 κάκεῖθεν
729 3433 1149 3504 καρπουμένους
1199 3436 1300 3498 τὰς
1337 3437 1625 3505 ὠφελείας,
1670 3439 1832 3491 αὑτὸν

239 3523 298 3576 δὲ
338 3526 436 3576 καὶ
473 3525 814 3596 Ναυκράτην
853 3526 1144 3598 αὐτάρκως
1170 3526 1392 3596 ἔχοντας
1426 3529 1486 3582 ἐν
1509 3531 1716 3594 τούτοις
1749 3529 1836 3582 ἀεὶ

238 3618 341 3685 τὴν
362 3617 650 3689 διατριϐὴν
679 3621 736 3671 ὲν
756 3617 834 3688 τῷ
858 3619 1169 3688 φιλοσοφεῖν
1191 3621 1284 3672 καὶ
1311 3621 1631 3690 φιλομαθεῖν
1661 3625 1834 3675 ποιεῖ-

242 3708 393 3763 σθαι.
435 3709 548 3762 Καὶ
584 3710 660 3772 ὡς
685 3711 785 3763 οὐκ
807 3711 872 3764 ἂν
901 3711 986 3780 είη
1023 3710 1170 3781 αὑτῷ
1193 3711 1502 3782 παράλογον
1529 3714 1838 3766 ἁντιποιουυ

242 3802 394 3871 μένῳ
432 3801 546 3853 τῶν
571 3803 875 3874 πρωτείων,
900 3803 1000 3854 οὐκ
1026 3804 1325 3856 ἐλαττόνων
1358 3803 1507 3874 μὲνῆ
1535 3805 1838 3875 δισμυρίων

241 3893 394 3946 ἐπῶν
426 3893 556 3954 τοὺς
588 3893 987 3957 ἐπιδεικτικοὺς
1019 3893 1128 3946 τῶν
1153 3893 1328 3961 λόγων
1358 3895 1800 3966 συγγραψαμένῳ
1820 3938 1835 3961 ,

243 3987 467 4045 πλείους
489 3986 548 4038 δὲ
579 3986 612 4056 ἢ
647 3993 708 4039 ιε’
748 3986 1035 4056 μυριάδας,
1072 3988 1130 4040 ἐν
1163 3982 1242 4047 οἷς
1267 3987 1364 4047 τὰς
1393 4004 1452 4038 τε
1495 3986 1604 4038 τῶν
1646 3987 1839 4058 Ἐλλή-

241 4098 349 4133 νων
376 4081 476 4132 xui
501 4079 798 4150 βαρϐάρων
838 4080 1071 4150 πράξεις
1117 4079 1280 4149 μέχρι
1305 4078 1401 4132 νῦν
1431 4081 1842 4151 ἀπαγγελλομέ-

240 4186 342 4230 νας
373 4168 495 4220 ἔστι
534 4168 719 4220 λαϐεῖν
758 4184 772 4198 ο
805 4167 884 4220 ἔτι
930 4169 985 4221 δὲ
1024 4170 1119 4220 καὶ
1147 4168 1280 4220 διότι
1325 4168 1498 4232 οὐδείς
1532 4171 1646 4223 ἐστι
1677 4171 1841 4234 τόπος

242 4259 424 4322 κοινὸς
471 4259 583 4311 τῶν
626 4258 891 4328 Ἑλλήνων
917 4259 1038 4312 οὐδὲ
1087 4259 1244 4322 πόλις
1288 4260 1608 4331 ἀξιόχρεως,
1642 4262 1722 4324 είς
1747 4259 1844 4324 οὓς

245 4351 409 4413 αὐτὸς
446 4353 552 4404 οὐκ
585 4352 871 4424 ἐπιδημῶν
924 4352 1020 4404 καὶ
1061 4354 1160 4414 τὰς
1189 4352 1298 4404 τῶν
1327 4352 1503 4421 λόγων
1543 4355 1840 4418 ἐπιδείξεις

247 4444 580 4512 ποιούμενος
615 4445 735 4512 οὐχὶ
766 4443 896 4514 [204
927 4443 1022 4516 Η.]
1050 4445 1195 4513 μέγα
1225 4445 1384 4508 κλέος
1415 4447 1510 4498 καὶ
1535 4446 1838 4516 ὑπόμνημα

1925 1958 2117 2024 fertur,
2152 1973 2272 2012 cum
2300 1957 2577 2011 Laconum
2609 1955 2700 2010 ille
2748 1954 2910 2008 rebus
2959 1954 3180 2008 studere
3223 1950 3508 2006 convictus

1927 2053 2256 2120 fuisset,quo
2280 2060 2492 2104 mortuo
2519 2049 2704 2118 patriae
2734 2047 3044 2102 restitutum
3069 2045 3240 2110 aiunt,
3265 2044 3506 2096 Alexan-

1925 2144 2026 2199 dro
2078 2143 2433 2198 Macedonum
2482 2155 2609 2211 rege
2670 2155 2767 2211 per
2810 2138 3092 2208 epistolam
3135 2138 3200 2190 ad
3244 2137 3508 2190 Chienses

1928 2236 2161 2291 reditum
2209 2235 2308 2304 ipsi
2369 2233 2714 2300 impetrante,
2775 2231 2950 2284 aetatis
2981 2226 3310 2296 Theopompi
3363 2239 3508 2280 anno

1929 2329 2120 2396 quinto
2142 2333 2196 2380 et
2220 2321 2858 2395 quadragesimoﬁlerum
2884 2331 3098 2374 mortuo
3123 2318 3244 2372 dein
3274 2317 3513 2370 Alexan-

1930 2422 2046 2483 dro,
2106 2419 2342 2482 undique
2416 2415 2752 2470 exsulantem
2819 2414 2871 2467 in
2928 2411 3223 2481 Egyptum
3297 2409 3512 2462 venisse

1931 2519 2178 2575 narrant,
2222 2509 2403 2576 ibique
2450 2521 2631 2576 regem
2665 2504 3010 2558 Ptolemazum
3049 2518 3154 2556 non
3195 2501 3366 2556 solum
3411 2499 3510 2552 ho-

1931 2603 2128 2655 minem
2155 2615 2259 2652 non
2295 2599 2592 2664 excepisse,
2629 2597 2722 2649 sed
2754 2595 2919 2648 etiam
2952 2595 3099 2648 velut
3130 2593 3294 2646 nimis
3332 2589 3513 2644 curio-

1933 2709 2052 2747 sum
2082 2691 2270 2745 tollere
2295 2689 2362 2743 de
2384 2689 2558 2742 medio
2591 2687 2844 2751 voluisse,
2897 2685 2999 2739 nisi
3056 2684 3354 2736 amicormn
3394 2694 3513 2748 pre-

1936 2783 2090 2838 cibus
2131 2789 2380 2835 servatus
2439 2779 2656 2831 fuisset.
2709 2774 2971 2844 IEquales
3008 2774 3085 2842 (5)
3123 2786 3249 2825 suos
3283 2770 3513 2837 ipsemet

1935 2879 2181 2931 nominat
2215 2892 2230 2928 :
2269 2873 2556 2927 Isocratem
2581 2870 2656 2942 (ὦ)
2695 2869 3107 2927 Atheniensem,
3145 2862 3513 2916 Theodectem

1934 2969 2284 3034 Pliaselitem,
2343 2975 2397 3019 et
2455 2963 2778 3016 Naucratem
2835 2959 3204 3029 Erythrautm,
3268 2967 3404 3020 quos
3461 2961 3517 3004 et

1937 3045 2120 3116 secum
2169 3061 2224 3113 in
2264 3059 2472 3113 dicendi
2509 3055 2762 3109 facultate
2804 3050 3165 3120 principatum
3219 3045 3271 3098 in
3306 3041 3516 3097 Graecia

1940 3153 2178 3209 tenuisse
2211 3151 2395 3204 refert.
2452 3147 2558 3202 Sed
2593 3147 2885 3201 Isocratem
2921 3141 3136 3211 quidem
3171 3137 3246 3192 rei
3290 3134 3518 3189 familia-

1857 3214 1902 3275 Ο
1939 3246 2014 3301 ris
2055 3243 2328 3313 angustia,
2391 3240 2466 3294 uti
2518 3249 2572 3293 et
2603 3236 2970 3299 Theodecten,
3028 3233 3206 3302 pretio
3241 3228 3518 3284 orationes

1937 3337 2349 3406 conscripsisse,
2404 3349 2468 3387 ac
2519 3332 2648 3385 ludo
2701 3338 2890 3398 aperto
2943 3324 3314 3380 adolescentes
3354 3321 3521 3375 infor-

1939 3445 2136 3496 masse,
2195 3429 2429 3497 indeque
2481 3425 2689 3479 lucrum
2745 3429 3094 3489 reportasse:
3127 3431 3188 3470 se
3225 3429 3358 3468 vero
3394 3427 3519 3466 cum

1936 3520 2230 3583 Naucrate,
2286 3517 2429 3587 quod
2467 3517 2632 3570 vitam
2671 3512 2808 3567 tueri
2840 3513 3065 3564 beneste
3093 3515 3332 3576 possent,
3385 3503 3522 3556 assi-

1938 3616 2043 3667 due
2081 3613 2134 3666 in
2175 3611 2282 3673 his,
2319 3611 2372 3662 in
2417 3606 2774 3678 philosoiibia,
2808 3605 3054 3672 inquam,
3095 3614 3159 3654 ac
3197 3596 3409 3652 dicendi
3446 3593 3525 3648 fa-

1937 3705 2139 3758 cultate
2170 3701 2491 3756 exercitum.
2531 3696 2731 3766 Neque.
2753 3709 2884 3749 vero
2913 3703 3117 3746 temere
3148 3704 3229 3751 se,
3260 3697 3352 3742 aut
3378 3701 3522 3756 prte-

1941 3808 2021 3852 ter
2045 3797 2307 3850 rationem
2341 3795 2543 3862 primas
2573 3791 2673 3845 sibi
2706 3788 3003 3850 vindicare,
3033 3798 3156 3838 cum
3176 3782 3521 3836 demonstra-

1943 3891 2034 3944 tivi
2072 3890 2287 3960 generis
2314 3887 2588 3940 orationes
2619 3898 2725 3938 non
2784 3879 3096 3954 pauciores,
3143 3889 3304 3945 quam
3333 3869 3522 3938 viginti

1941 3983 2168 4036 millium
2236 3994 2490 4034 versuum
2560 3973 2993 4044 conscripserit:
3041 3969 3172 4039 quin
3215 3976 3270 4021 et
3331 3963 3524 4032 121a

1942 4089 2104 4143 supra
2132 4071 2441 4143 quindecim
2465 4084 2716 4124 versuum
2753 4065 3046 4137 myriadas,
3084 4061 3139 4115 in
3167 4059 3362 4128 quibus
3378 4054 3524 4110 Grae-

1943 4183 2128 4224 corum
2160 4181 2224 4220 ac
2253 4165 2616 4218 Barbarorum
2639 4175 2727 4214 res
2771 4168 2952 4230 gestas
2978 4157 3247 4209 hactenus
3277 4155 3524 4204 narratas

1944 4265 2123 4331 lugere
2157 4261 2339 4315 liceat.
2400 4257 2482 4311 Ad
2518 4257 2631 4310 haec
2656 4268 2786 4308 vero
2825 4252 3028 4304 nullam
3052 4261 3175 4302 esse
3203 4244 3279 4298 ait
3303 4239 3525 4297 Gracia:

1945 4355 2175 4422 alicujus
2197 4350 2353 4422 pretii
2389 4349 2565 4404 locum
2603 4347 2884 4408 urbemve,
2906 4357 3013 4412 quo
3043 4355 3152 4395 non
3184 4338 3299 4406 ipse
3333 4347 3522 4402 perve-

1944 4450 2108 4510 nerit,
2135 4444 2455 4515 publiceque
2483 4452 2744 4509 perorans
2777 4448 3033 4503 magnum
3053 4433 3242 4490 decus,
3261 4441 3326 4480 ac
3349 4423 3526 4477 virtu-

247 4534 350 4604 τῆς
400 4537 460 4587 ἐν
495 4533 680 4602 λόγοις
731 4513 898 4588 αύτοῦ
958 4513 1252 4588 κατέλιπεν
1308 4537 1531 4606 ἀρετῆς.
1579 4513 1709 4607 [5θὸ

1946 4541 2014 4592 tis
2070 4513 2389 4590 indicendo
2443 4546 2554 4588 sua:
2586 4537 2996 4585 monumentum
3033 4519 3334 4588 reliquerit.
3403 4513 3528 4568 Haec

250 4627 440 4679 Ταῦτα
476 4625 642 4688 αὐτὸς
679 4626 810 4697 περὶ
839 4625 1002 4678 αὑτοῦ
1026 4627 1072 4658 ⁹⁵
1102 4625 1276 4694 λέγων
1302 4668 1317 4692 ,
1348 4628 1474 4690 τοὺς
1505 4629 1564 4680 ἐν
1595 4631 1708 4691 τοῖς
1743 4629 1841 4699 Ep.-

249 4720 494 4790 πρόσθεν
517 4719 734 4789 χρόνοις
760 4719 983 4790 ἔχοντας
1010 4721 1068 4771 ἐν
1092 4719 1270 4786 λόγοις
1289 4720 1350 4772 τὸ
1374 4723 1678 4789 πρωτεύειν
1703 4723 1842 4775 πολὺ

250 4813 719 4880 καταδεεστέρους
761 4813 1125 4881 ἀποφαίνεται
1167 4813 1278 4864 τῶν
1326 4812 1450 4864 καθ’
1483 4813 1674 4866 ἐαυτὸν
1721 4815 1844 4867 οὐδὲ

249 4901 351 4966 τῆς
377 4902 535 4956 δευτέ
547 4919 646 4972 ρας
673 4903 877 4966 τάξεως
919 4904 1257 4972 ἀξιουμένων
1279 4904 1346 4967 ³⁸,
1377 4903 1468 4956 καὶ
1501 4903 1659 4956 τοῦτο
1686 4904 1843 4974 δῆλον

253 4984 392 5043 εἷναί
424 5007 563 5061 φησι
609 4990 702 5044 καὶ
736 4993 794 5058 ἐξ
847 4993 1027 5045 αὐτῶν
1059 4994 1168 5046 τῶν
1196 4995 1326 5064 παρ’
1368 4995 1652 5064 ἑκατέροις
1681 4995 1845 5046 ἐκπε-

255 5083 586 5151 πονημένων
621 5084 716 5137 καὶ
753 5085 1267 5158 καταλελειμμένων
1311 5088 1483 5156 λόγων
1515 5103 1529 5116 ·
1566 5087 1767 5158 πολλὴν
1795 5088 1841 5120 ⁸⁷

1949 4629 2017 4682 de
2044 4641 2103 4681 se
2129 4626 2261 4691 ipsis
2282 4622 2663 4694 pronuntians,
2683 4633 2780 4674 eos
2808 4618 2900 4685 qui
2921 4614 3063 4683 apud
3092 4609 3348 4666 saeculum
3378 4605 3529 4672 prius

1949 4718 2177 4772 dicendo
2211 4717 2545 4777 claruerunt,
2595 4711 2774 4766 aetatis
2796 4708 2872 4780 (5)
2898 4722 3011 4761 sua:
3034 4702 3344 4758 oratoribus
3373 4697 3530 4764 longe

1950 4807 2243 4875 p05tponit,
2272 4821 2336 4859 ac
2353 4818 2420 4858 ne
2445 4806 2499 4858 in
2525 4799 2783 4857 secundis
2805 4798 3024 4868 quidem
3053 4791 3354 4848 subsistere
3373 4798 3532 4854 posse

1951 4899 2203 4963 alIirmat,
2245 4898 2563 4964 clarumque
2611 4896 2663 4950 id
2696 4908 2818 4949 esse
2851 4889 2936 4944 vel
2960 4905 2990 4944 e
3012 4885 3230 4956 scriptis
3256 4891 3536 4936 utrorum-

1950 5005 2078 5059 que,
2128 4999 2183 5042 et
2213 4989 2551 5043 orationibus
2581 4989 2645 5041 ad
2679 4995 2925 5056 posteros
2980 4976 3338 5034 transmissis.
3402 4973 3535 5028 Cre-

1955 5086 2096 5138 visse
2129 5099 2362 5152 namque
2396 5084 2719 5136 immensum
2751 5087 3012 5149 quantum
3063 5087 3159 5129 sua
3200 5079 3359 5126 aetate
3396 5068 3536 5121 hanc

1539 5222 1779 5278 VARl/E
1834 5219 2249 5278 LECTIONES.

352 5357 399 5388 ’°
445 5356 822 5426 Ἀςκληπιάδα
844 5375 902 5422 ς.
983 5359 1028 5390 ⁹¹
1059 5357 1178 5412 ἀλλ.
1209 5357 1438 5427 συνέστη

1479 5355 1603 5410 πόλ.
1640 5355 1681 5410 C
1710 5374 1771 5420 ς.

264 5427 410 5496 λέγει
440 5445 504 5491 ς.
571 5429 619 5459 ⁸⁸
652 5429 955 5500 Ναυκράτῃ
983 5447 1044 5493 ς.

1384 5376 1438 5437 Er]
1479 5355 1681 5437 πόλλα
1710 5374 1771 5437 ςῖ.
1825 5358 1926 5437 .-ξ’
1951 5360 2326 5437 ἠφανισμένος
2359 5369 2480 5427 post
2525 5357 2681 5437 λόγος
2706 5353 2867 5437 ponit
2906 5369 2967 5436 ςι

1141 5429 1187 5459 ’⁸⁵
1215 5428 1410 5480 ἑαυτοῦ
1429 5420 1512 5491 ’ςκ
1585 5429 1633 5460 ’⁸
1663 5429 1758 5480 καὶ
1785 5429 1905 5482 οὐδὲ
1930 5420 2384 5501 -ξάξιουμένους
2417 5446 2479 5494 ς.
2556 5420 2608 5460 ⁸⁷⁷
2634 5420 2859 5497 πολλὴν]
2885 5421 3052 5475 πάλιν
3079 5420 3146 5472 Α.

1786 5562 2019 5620 NOTAE.

333 5682 406 5762 (ί)
445 5681 674 5762 θευςιυο
725 5691 780 5734 et
829 5681 1028 5738 Strabo
1071 5682 1168 5736 lib.
1196 5699 1308 5748 xiv,
1371 5683 1434 5738 ad
1469 5679 1850 5754 ‘Cololilioncm

272 5750 446 5817 Ioniae,
484 5751 686 5819 aliique
716 5767 876 5820 saepe.

341 5822 417 5892 (2)
457 5821 912 5884 Damasistratum
945 5823 1142 5884 Suidas
1170 5825 1433 5878 nominat.

348 5883 424 5964 (ὃ)
468 5892 545 5950 De
573 5893 771 5963 quibus
803 5895 921 5951 vide
955 5896 1177 5964 Dionys.
1212 5895 1484 5951 Halicarn.

2029 5677 2105 5748 (4)
2146 5677 2264 5742 Quo
2296 5685 2352 5730 et
2382 5680 2720 5748 iprzeceptore
2767 5684 2896 5748 usus
2925 5676 3062 5748 teste
3089 5665 3266 5748 (liccr‘,
3295 5663 3534 5748 ρίου-ς.

1957 5734 2119 5818 atque
2157 5734 2455 5801 l’lutarcl'ii.
2495 5734 2777 5812 Legendus
2807 5747 2988 5794 autem
3021 5738 3087 5818 de
3111 5734 3432 5818 ltiiSttidns.

2032 5805 2110 5888 ξεί)
2149 5818 2334 5888 Simile
2383 5805 2599 5870 tractat“
2617 5820 2992 5888 argumentum
3025 5809 3141 5888 sive
3173 5805 3537 5888 Fabiushsive

1975 5877 2237 5946 Tacitus;
2273 5885 2382 5943 Cur
2421 5902 2515 5947 azvi
2554 5885 2638 5938 sui
2675 5877 2905 5938 oratores
2934 5877 3190 5936 veteribus
3222 5877 3535 5932 concedant.
