4038 6414
553 418 654 486 511

1692 414 1957 477 PHOTII
1994 410 2501 494 eammeam;
2540 410 2649 473 CP.

3705 413 3813 478 512

551 536 722 606 ipsam
751 530 966 588 dicendi
998 529 1329 585 facultatem.
1372 528 1575 584 Verum
1600 529 1749 597 'quos
1785 536 1943 583 aetate
1984 526 2132 596 prio-

2249 524 2346 595 γὰρ
2377 525 2477 594 τὴν
2509 523 2769 593 τοιαύτην
2800 526 3082 581 παίδευσιν
3112 528 3353 583 ἐπίδοσιν
3390 530 3575 584 λαϐεῖν
3607 532 3750 584 κατὰ
3767 532 3816 564 ³⁸

552 644 643 685 res
692 626 957 687 nominet.
980 625 1229 693 equidem
1262 631 1448 692 aperte
1479 637 1583 677 non
1615 622 1793 690 capio.
1840 618 1957 673 Non
1988 618 2133 672 enim

553 720 716 776 credo
740 718 1109 790 perstringere
1150 716 1345 769 audeat
1375 714 1706 768 Herodotum
1739 720 1901 781 atque
1919 710 2137 780 Thucy-

553 813 755 875 didam,
792 809 1091 879 quibusille
1122 808 1251 862 viris
1293 806 1447 876 longe
1474 804 1722 859 facundia
1769 803 1993 857 inferior
2026 811 2132 856 est.

554 905 666 960 Nisi
718 904 949 958 fortasse
979 901 1313 956 Hellanicum
1341 899 1440 971 (6),
1474 908 1567 953 aut
1590 898 1878 953 Philistum
1909 896 2136 951 histori-

554 1010 651 1050 cos
702 994 897 1058 innuit,
949 993 1030 1046 vel
1082 992 1358 1061 Gorgiam,
1416 1004 1468 1045 et
1514 990 1759 1062 Lysiam,
1802 999 2138 1057 caeterosque

554 1089 700 1142 aetati
734 1102 844 1142 suae
877 1086 1186 1147 viciniores.
1211 1085 1442 1137 obscure
1470 1084 1743 1153 signiﬁcat
1775 1102 1788 1138 :
1825 1097 2135 1151 quanquam

556 1196 625 1235 ne
672 1180 721 1233 hi
795 1179 1012 1245 quidem
1061 1178 1196 1230 adeo
1251 1176 1463 1229 dicendi
1520 1175 1709 1245 inopes
1758 1175 1995 1231 fuerunt.
2058 1172 2137 1228 Ita

556 1270 935 1341 Theopompus
958 1270 1183 1341 jndicat.

622 1537 829 1594 Ferunt
873 1554 996 1594 eum
1047 1554 1154 1591 una
1217 1552 1340 1593 cum
1396 1537 1614 1605 Ephoro
1662 1535 1919 1591 Isocratis
1973 1537 2139 1593 fuisse

552 1634 879 1697 auditorem,
925 1640 983 1685 ut
1034 1639 1089 1687 et
1135 1630 1259 1685 libri
1301 1630 1401 1700 ipsi
1474 1630 1609 1684 satis
1648 1630 1951 1685 declarant.
2005 1628 2140 1685 Fre-

552 1740 723 1792 quens
772 1725 918 1779 enim
958 1733 1043 1779 est
1084 1726 1137 1778 in
1185 1723 1515 1792 TheOpompi
1567 1724 1784 1791 scriptis
1832 1724 2140 1778 lsocraticaa

552 1817 739 1870 formae
769 1816 1023 1881 imitatio,
1063 1815 1276 1870 tametsi
1308 1816 1361 1869 in
1389 1815 1572 1882 operis
1602 1815 1950 1869 accuratione
1977 1814 2135 1884 longe

551 1925 582 1963 a
622 1920 774 1980 tergo
817 1910 1041 1963 haereat.
1075 1907 1142 1961 Et
1171 1922 1303 1963 vero
1344 1908 1602 1961 narrandi
1655 1917 1971 1978 argumenta
2002 1923 2138 1978 prae-
2167 1884 2210 1939 Β

487 2053 496 2062 ,
551 2013 827 2072 ceptorem
864 2002 1081 2070 utrique
1126 2002 1425 2069 praebuisse
1477 2001 1682 2066 volunt,
1730 2002 2029 2071 superioris
2059 2000 2135 2073 (7)

551 2096 771 2164 quidem
836 2094 1014 2149 aetatis
1064 2093 1318 2163 Ephoro,
1368 2094 1718 2165 Theopompo
1775 2108 1957 2149 autem
2020 2106 2140 2165 post

553 2186 925 2258 Thucydidem
958 2183 1034 2256 (8)
1070 2201 1157 2240 res
1193 2184 1530 2249 Graecorum,
1558 2202 1654 2256 pro
1698 2187 1983 2255 utriusque
2032 2188 2141 2242 sci-

552 2282 682 2335 licet
732 2290 914 2349 captu,
966 2280 1131 2333 etiam
1188 2280 1364 2349 reipsa
1418 2280 1847 2334 accommodata.
1901 2278 2043 2334 Hinc
2087 2288 2142 2334 et

555 2373 917 2428 Historiarum
972 2371 1236 2441 prooemia
1276 2371 1524 2440 utrisque
1557 2386 1680 2426 cum
1728 2372 1976 2427 sensibus
2028 2382 2138 2427 tum

554 2467 678 2521 aliis
716 2468 881 2520 rebus
923 2478 1044 2520 esse
1094 2463 1392 2527 simillima,
1426 2463 1571 2517 velut
1616 2464 1683 2517 ab
1738 2464 1929 2517 iisdem
1978 2464 2141 2519 stadii

554 2558 892 2623 carceribus,
929 2557 995 2612 ad
1031 2556 1235 2611 calcem
1290 2572 1460 2624 usque
1512 2556 1742 2610 historia
1794 2557 2139 2611 decurrente.

554 2650 993 2721 Digressionibus
1022 2650 1204 2718 itaque
1235 2650 1399 2703 varia:
1428 2648 1669 2703 historiae
1699 2648 2138 2719 quamplurimis,

551 2744 841 2799 historicos
863 2757 990 2797 suos
1028 2742 1213 2810 implet
1242 2742 1407 2795 libros
1433 2741 1833 2811 TheOpompus.
1865 2740 2140 2806 Quamob-

552 2852 666 2892 rem
699 2844 754 2891 et
801 2835 1084 2905 Philippus
1114 2833 1216 2905 (9),
1258 2833 1350 2888 ille
1374 2834 1463 2904 qui
1495 2848 1617 2887 cum
1650 2832 1913 2887 Romanis
1939 2832 2137 2888 bellum

550 2930 741 3004 gessit,
773 2928 1207 2998 digressionibus
1236 2929 1386 2982 hisce
1411 2927 1661 2993 sublatis,
1690 2937 1743 2982 et
1771 2926 1998 2997 Philippi
2026 2927 2137 2998 (10)

550 3026 712 3080 rebus
766 3020 953 3094 gestis,
1007 3036 1143 3091 quas
1191 3020 1573 3090 Theopompus
1623 3019 1769 3090 lli)
1823 3020 2142 3074 scribendas

548 3115 893 3184 potissimum
938 3120 1281 3180 susceperat,
1327 3112 1610 3177 collectis,
1663 3110 1718 3165 in
1759 3112 1996 3166 sedecim
2048 3126 2142 3167 eas

2234 617 2335 687 τὴν
2385 618 2551 671 αὑτοῦ
2587 617 2822 689 ἠλικίαν.
2853 619 3018 673 Ἀλλὰ
3073 621 3226 685 τίνας
3254 621 3402 691 λέγει
3447 624 3573 685 τοὺς
3617 625 3678 677 ἐν
3706 627 3819 686 τοῖς

2235 709 2547 781 ἔμπροσθεν
2577 711 2821 781 χρόνοις,
2861 713 2963 766 οὑκ
3004 712 3112 782 ἔχω
3142 714 3329 783 σαφῶς
3372 716 3675 786 συμϐαλεῖν
3709 732 3723 747 ο
3754 717 3819 769 οὑ

2237 801 2345 871 γὰρ
2382 800 2444 870 δή
2492 817 2557 869 γε
2586 801 2857 871 τολμῆσαι
2888 804 3051 857 αὑτὸν
3081 805 3451 876 ὑπολαμϐάνω
3475 808 3558 869 εἰς
3593 807 3821 878 Ἠρόδο-

2236 910 2326 947 τον
2358 894 2451 947 καὶ
2478 892 2803 965 Θουκυδίδην
2828 896 3235 963 ἁποτείνεσθαι,
3261 898 3393 952 πολὺ
3425 898 3520 952 καὶ
3558 899 3727 952 αὑτοῦ
3762 900 3825 951 ἐν

2238 986 2449 1050 πολλοῖς
2474 986 2701 1041 ἐκείνων
2730 986 2839 1040 τῶν
2873 988 3085 1059 ἀνδρῶν
3122 989 3537 1061 ἐλαττουμένου.
3574 990 3651 1044 ’Ἦ
3678 990 3825 1060 τάχα

2238 1078 2375 1149 πρὸς
2422 1078 2732 1134 Ἑλλάνικον
2770 1082 2866 1134 καί
2920 1082 3167 1134 Φίλιστον
3210 1084 3393 1155 ἀφορᾷ
3448 1086 3574 1147 τοὺς
3617 1085 3826 1154 ἱστορι-

2239 1173 2389 1239 κοὺς,
2440 1173 2473 1243 ἢ
2528 1173 2765 1246 Γοργίαν
2812 1174 2907 1227 καὶ
2959 1174 3164 1227 Λυσίαν
3200 1176 3295 1228 καὶ
3346 1177 3476 1240 τοὺς
3518 1176 3825 1245 τοιούτους,

2238 1265 2405 1332 ἐγγὺς
2435 1263 2535 1333 τῆς
2576 1265 2742 1318 αὑτοῦ
2782 1266 2999 1337 ἡλικίας
3034 1268 3459 1337 προγεγονότας,
3500 1270 3825 1330 αἰνίττεται.

2238 1356 2346 1410 οὐδ’
2369 1357 2592 1411 ἐκείνων
2614 1358 2868 1411 τοσοῦτον
2892 1359 3235 1430 ἐνδεέστερον
3260 1360 3491 1430 ἐχόντων
3530 1362 3669 1431 πρὸς
3697 1363 3830 1427 τοὺς

2238 1451 2451 1516 λόγους.
2498 1452 2657 1506 Ἀλλὰ
2677 1452 3004 1522 Θεόπομπος
3039 1452 3138 1523 μέν
3160 1453 3357 1508 ταῦτα.

2308 1547 2445 1599 Φασὶ
2476 1546 2531 1599 δὲ
2565 1546 2727 1599 αὑτόν
2759 1562 2818 1598 τε
2865 1547 2959 1598 καὶ
3002 1547 3239 1617 Ἔφορον
3274 1544 3622 1617 Ἰσοκράτους
3667 1546 3831 1615 γενέ-

2243 1633 2367 1687 σθαι
2402 1634 2669 1705 μαθητάς.
2698 1634 2870 1701 Δῆλον
2896 1635 2952 1687 δὲ
2992 1634 3151 1689 τοῦτο
3183 1636 3401 1690 ποιοῦσι
3435 1639 3531 1691 καὶ
3563 1637 3785 1712 οίλόγρι
3812 1653 3830 1669 ο

2240 1725 2376 1778 πολὺ
2397 1728 2441 1758 ⁹⁹
2469 1726 2577 1796 γὰρ
2605 1727 2664 1779 ἐν
2686 1729 2797 1789 τοῖς
2821 1727 3150 1797 Θεοπόμπου
3180 1730 3214 1799 ἡ
3259 1730 3403 1783 κατὰ
3426 1733 3661 1801 μίμησιν
3713 1730 3832 1783 ίδέα

2241 1819 2347 1872 τῶν
2378 1820 2507 1890 παρ’
2534 1819 2855 1889 Ἰσοκράτει,
2886 1821 2934 1873 εί
2966 1822 3060 1873 καὶ
3087 1822 3339 1875 λείπεται
3400 1823 3499 1893 τῆς
3554 1822 3699 1876 κατὰ
3729 1822 3833 1891 τὴν

2240 1910 2505 1981 ἐργασίαν
2525 1910 2830 1981 ἀκριϐείας.
2858 1912 2971 1965 Καὶ
3001 1910 3101 1975 τὰς
3143 1914 3423 1984 ἱστορικὰς
3450 1915 3509 1967 δὲ
3534 1913 3835 1976 ὑποθέσεις

2241 2004 2332 2058 τὸν
2354 2004 2675 2057 διδάσκαλον
2698 2004 2713 2034 ¹
2746 2005 2929 2068 αὑτοῖς
2962 2005 3280 2069 προϐαλεῖν,
3310 2007 3411 2069 τὰς
3447 2006 3544 2076 μὲν
3579 2007 3693 2060 ἄνω
3719 2005 3834 2057 τῶν

2240 2097 2451 2168 χρόνων
2492 2095 2727 2169 Ἐφόρῳ,
2763 2097 3074 2168 Θεοπόμπῳ
3103 2098 3160 2150 δὲ
3202 2098 3299 2161 τὰς
3337 2098 3473 2168 μετὰ
3493 2098 3835 2165 Θουκυδίδην

2253 2189 2593 2260 Ἑλληνικὰς,
2627 2189 2765 2259 πρὸς
2793 2190 2891 2261 τὴν
2927 2188 3193 2259 ἐκατέρου
3242 2190 3407 2256 φύσιν
3451 2188 3632 2242 καὶτὸ
3665 2188 3835 2257 ἔργον

2243 2281 2649 2352 ἁρμοσάμενον.
2674 2280 2766 2333 Διὸ
2796 2281 2889 2333 καὶ
2916 2280 2983 2336 τά
3010 2280 3275 2350 προοίμια
3300 2280 3486 2341 αὑτοῖς
3528 2279 3639 2333 τῶν
3681 2280 3836 2331 ίστοο

2244 2374 2378 2446 ριῶν
2402 2376 2469 2444 τῇ
2504 2391 2565 2427 τε
2596 2374 2809 2444 διανοίᾳ
2845 2374 2941 2428 καὶ
2972 2376 3087 2438 τοῖς
3109 2373 3293 2436 ἄλλοις
3318 2372 3467 2425 ἐστὶν
3496 2370 3830 2442 ὁμοιότατα,

2241 2466 2317 2531 ὡς
2337 2466 2403 2520 ἂν
2421 2466 2529 2520 ἀπὸ
2551 2467 2648 2535 τῆς
2665 2466 2834 2537 αὑτῆς
2864 2466 3169 2537 ἀφετηρίας
3201 2464 3590 2536 ἐκδραμόντων
3608 2466 3629 2495 ¹
3692 2464 3837 2517 ἐκα-

2242 2557 2403 2627 τέρου
2435 2557 2575 2627 πρὸς
2602 2557 2664 2610 τὸ
2694 2556 2908 2610 στάδιον
2940 2557 3039 2628 τῆς
3070 2557 3334 2627 ἱστορίας.
3397 2555 3691 2617 Πλιίσταις
3731 2553 3841 2623 μὲν

2243 2643 2338 2703 οὖν
2377 2649 2753 2721 παρεκϐάσεσι
2785 2650 3137 2719 παντοδαπῆς
3178 2648 3421 2720 ἱστορίας
3468 2648 3596 2710 τοὺς
3627 2647 3841 2717 ἱστορι-

2244 2742 2374 2803 κοὺς
2405 2740 2571 2795 αὑτοῦ
2615 2741 2807 2809 λόγους
2831 2742 3153 2811 Θεόπομπος
3201 2740 3543 2812 παρατείνει.
3579 2739 3671 2793 Διὸ
3738 2736 3843 2791 καὶ

2243 2833 2507 2898 Φίλιππος
2530 2836 2558 2888 ό
2588 2835 2726 2905 πρὸς
2775 2833 3083 2904 Ῥωμαίους
3106 2834 3450 2904 πολεμήσας,
3476 2831 3679 2897 ἐξελὼν
3701 2832 3845 2885 ταύο

2245 2945 2347 2990 τας
2371 2927 2470 2980 καὶ
2526 2926 2631 2989 τὰς
2672 2926 2944 2981 Φιλίππου
3008 2926 3410 2996 συνταξάμενος
3470 2924 3722 2996 πράξεις,
3782 2921 3844 2976 αἶ

2248 3020 2449 3082 σκοπός
2489 3020 2595 3073 εἱσι
2624 3018 2954 3089 Θεοπόμπῳ,
3009 3022 3091 3081 είς
3121 3024 3196 3083 ις’
3252 3017 3469 3088 βίϐλους
3507 3016 3699 3086 μόνας,
3732 3032 3848 3086 μη-

2245 3112 2333 3165 δὲν
2362 3110 2494 3181 παρ’
2529 3111 2724 3165 ἐαυτοῦ
2755 3110 3011 3181 προσθεὶς
3046 3110 3078 3180 ἢ
3110 3108 3345 3177 ἀφελὼν,
3382 3107 3522 3177 πλὴν
3559 3108 3639 3169 ὡς
3677 3107 3844 3177 εἴρη-

548 3210 814 3263 duutaxat
862 3205 1229 3276 libros(nihil
1263 3204 1331 3260 de
1368 3220 1468 3259 suo
1510 3205 1739 3270 addens,
1798 3214 1891 3259 aut
1945 3212 2144 3274 praeter

2249 3220 2361 3268 ται,
2396 3202 2507 3257 τῶν
2540 3201 2961 3274 παρεκτροπῶν,
2996 3200 3096 3263 τὰς
3127 3199 3307 3263 πάσας
3328 3200 3625 3270 ἀπήρτισε.

542 3300 935 3367 digressiones,
965 3306 1026 3351 ut
1056 3296 1316 3369 diximus,
1360 3296 1659 3351 detrahens
1687 3298 1704 3366 )
1730 3296 1961 3365 redegit.

620 3392 778 3447 Duris
814 3400 993 3446 autem
1025 3389 1243 3444 Samius
1278 3390 1417 3444 libro
1464 3390 1641 3458 primo
1676 3389 2034 3444 Historiarum
2067 3389 2146 3445 sic

544 3484 616 3536 de
662 3482 756 3536 illo
796 3480 987 3535 scribit
1046 3497 1059 3534 :
1111 3478 1359 3547 Ephorus
1412 3490 1466 3535 et
1523 3480 1713 3548 1211:
1765 3480 2148 3551 Theopompus

546 3573 922 3642 superioribus
944 3572 1100 3642 longe
1133 3582 1259 3627 sunt
1293 3572 1598 3627 inleriores.
1647 3572 1969 3628 lmitationis
2000 3574 2145 3628 enim

546 3666 719 3733 gratia
751 3665 1134 3731 destituuntur,
1160 3675 1457 3733 carenlqne
1480 3664 1692 3719 dicendi
1724 3676 2029 3731 venustate,
2055 3666 2150 3721 de-

549 3757 838 3812 scribendo
866 3767 1072 3813 tantum
1102 3758 1342 3813 solliciti.
1375 3758 1488 3811 Etsi
1531 3757 1693 3811 Duris
1719 3758 1836 3828 ipse
1864 3758 1917 3812 in
1949 3760 2144 3814 eadem

549 3850 635 3902 illa
683 3849 1035 3919 dispositione
1069 3850 1226 3920 longe
1269 3860 1390 3919 post
1426 3850 1545 3914 hos,
1582 3864 1719 3919 quos
1771 3850 1947 3920 carpit
1982 3850 2148 3916 viros,

536 3941 837 4015 intervallo
902 3941 1248 4011 relinquitur.
1302 3941 1501 3995 Verum
1553 3956 1618 3995 an
1682 3941 1809 3995 huic
1871 3943 2153 4012 arroganti

550 4033 887 4104 Theopompi
923 4050 1173 4089 censura:
1219 4036 1237 4104 (
1267 4051 1369 4104 qua
1408 4036 1683 4090 veteribus
1718 4038 1987 4092 secundas
2028 4038 2155 4107 qui-

548 4128 673 4181 dem
733 4126 1051 4198 tribuebat)
1110 4129 1212 4181 hoc
1259 4128 1544 4197 obiecerit,
1585 4144 1693 4181 non
1739 4128 1913 4184 habeo
1948 4128 2151 4186 dicere.

558 4216 675 4273 Hoc
728 4226 936 4274 tantum
995 4219 1079 4273 vel
1140 4220 1377 4273 maxime
1441 4219 1850 4285 contenderim,
1902 4231 2156 4275 neutrqu

554 4312 793 4377 ipsorum
838 4310 983 4378 juste
1029 4310 1163 4364 satis
1223 4310 1944 4377 reprehemlendumfuisse.
1999 4309 2157 4367 Cleo-

551 4400 747 4454 chares
806 4414 935 4454 vero
994 4399 1347 4471 Smyrleanns
1398 4401 1463 4456 de
1512 4399 1859 4467 lsocraticis,
1915 4402 2158 4471 opinor,

2318 3380 2513 3452 Δοῦρις
2547 3379 2644 3451 μὲν
2673 3372 2766 3431 οὖν
2788 3379 2815 3429 ὁ
2847 3375 3051 3446 Σάμιος
3084 3376 3141 3427 ἐν
3164 3376 3230 3445 τῇ
3267 3373 3464 3445 πρώτῃ
3513 3372 3625 3426 τῶν
3658 3370 3840 3424 αὑτοῦ

2260 3476 2534 3547 Ἰστοριῶν
2572 3474 2715 3527 οὑτω
2768 3474 2955 3543 φησίν·
3012 3473 3251 3541 Ἔφορος
3287 3470 3343 3521 δὲ
3378 3470 3472 3522 καὶ
3509 3466 3848 3533 Θεόπομπος⁹

2248 3571 2356 3623 τῶν
2385 3567 2694 3638 γενομένων
2723 3568 2743 3597 ³
2774 3565 3025 3618 πλεῖστον
3078 3562 3491 3631 ἀπελείφθησαν
3518 3574 3531 3587 '
3568 3555 3693 3609 οὑτε
3728 3554 3848 3625 γὰρ

2255 3666 2539 3735 μιμήσεως
2598 3659 2891 3731 μετέλαϐον
2941 3658 3199 3727 οὐδεμιᾶς
3249 3653 3373 3708 οὔτε
3428 3651 3624 3723 ἡδονῆς
3673 3651 3735 3701 ἐν
3764 3647 3851 3719 τῷ

2252 3754 2484 3827 φράσαι,
2517 3751 2683 3804 αὑτοῦ
2710 3750 2767 3803 δὲ
2792 3747 2885 3802 τοῦ
2928 3749 3164 3818 γράφειν
3202 3744 3363 3816 μόνον
3395 3737 3848 3810 ἐπεμελήθησαν.

2253 3846 2447 3900 Καίτοι
2480 3844 2673 3916 Δοῦρις
2705 3843 2800 3895 καὶ
2828 3842 2929 3911 τῆς
2959 3843 3016 3893 ἐν
3040 3841 3225 3901 αὑτοῖς
3259 3836 3469 3897 τούτοις
3499 3832 3847 3901 οἰκονομίας,

2254 3935 2335 4003 οἷς
2368 3940 2628 4000 αἰτιᾶται,
2673 3935 2842 3988 πολλὰ
2898 3933 3006 3986 τῶν
3072 3930 3285 4001 ἀνδρῶν
3336 3928 3680 3996 λειπόμενος’
3727 3922 3851 3976 ἀλλ’

2256 4033 2304 4085 εἰ
2349 4033 2448 4101 μὲν
2516 4028 2651 4102 πρὸς
2695 4027 2786 4079 τὸν
2847 4023 3203 4095 ὑπερήφανον
3258 4019 3465 4071 ἐκεῖνον
3513 4012 3852 4079 Θεοπόμπου

2255 4123 2437 4191 λόγον,
2488 4120 2547 4183 ὃς
2581 4120 2707 4181 τοὺς
2752 4115 3144 4186 ἀρχαιοτέρους
3188 4111 3310 4164 οὑδὲ
3357 4109 3467 4161 τῶν
3524 4102 3853 4173 δευτερείων

2259 4215 2432 4285 ἠξίου,
2470 4210 2631 4263 τοῦτο
2657 4207 2987 4280 ἀπέρριψεν,
3021 4206 3122 4258 οὑκ
3166 4204 3274 4272 ἔχω
3303 4201 3483 4267 λέγειν
3510 4213 3524 4228 ο
3576 4194 3718 4265 πλὴν
3768 4193 3851 4246 ὃτι

2260 4306 2545 4373 οὐδέτερος
2574 4301 2755 4353 αὐτῶν
2800 4296 3189 4371 προσηκόντως
3238 4292 3555 4352 ἐπελάϐετο,
3610 4289 3708 4341 καὶ
3745 4286 3852 4356 μά-

2260 4398 2419 4451 λιστα
2454 4397 2520 4448 ἂν
2546 4391 3015 4462 διισχυρισαίμην.
3042 4385 3363 4454 Κλεοχάρης
3392 4383 3450 4435 δὲ
3484 4382 3511 4431 ὁ
3562 4378 3851 4449 Σμυρλεα-

546 4492 803 4547 omnibus
832 4492 1058 4562 loquens
1089 4494 1106 4562 (
1138 4493 1239 4547 hoc
1277 4493 1422 4547 enim
1470 4492 1546 4546 illi
1584 4502 1688 4558 est,
1728 4494 1781 4548 iu
1804 4495 2144 4564 comparatio

2263 4490 2375 4553 νὸς,
2407 4490 2548 4560 ὑπὲρ
2581 4486 2689 4539 τῶν
2734 4479 3120 4552 ’ἰσοκρατικῶν
3149 4478 3429 4539 ἁπάντων,
3468 4465 3649 4540 οἶμαι,
3672 4468 3851 4538 λέγων

550 4597 620 4637 ne
684 4598 808 4639 cum
838 4583 1205 4639 Demosthene
1234 4600 1340 4639 non
1372 4595 1677 4653 postremas
1695 4586 1799 4640 illis
1823 4586 2001 4657 dare),
2024 4588 2100 4641 ait
2131 4602 2144 4639 :

2260 4582 2439 4655 (τοῦτο
2461 4581 2570 4650 γάρ
2599 4580 2713 4630 ἐστι
2744 4575 2804 4628 τὸ
2838 4575 2894 4625 ἐν
2922 4574 2988 4642 τῇ
3009 4571 3029 4602 ³⁵
3060 4569 3195 4640 πρὸς
3219 4568 3311 4620 τὸν
3338 4562 3692 4657 Δημοσθένην
3716 4575 3854 4657 συγ-

548 4676 912 4732 Demosthenis
947 4679 1159 4747 quidem
1190 4680 1456 4732 orationes
1485 4678 1715 4732 militum
1742 4679 1953 4748 corpori
1996 4682 2148 4734 simi-

548 4769 625 4823 les
667 4770 895 4823 maxime
949 4767 1133 4834 videri,
1177 4766 1435 4822 Isocratis
1465 4785 1583 4823 vero
1626 4769 1949 4824 athletarum
2009 4770 2145 4842 (l2).

2259 4652 2440 4745 κρίσει
2477 4670 2551 4742 μὴ
2586 4670 2655 4723 τὰ
2690 4668 2881 4738 πόρρω
2903 4664 3085 4724 αὑτοῖς
3138 4657 3471 4728 παρασχεῖν)
3509 4654 3648 4723 φησὶ
3700 4652 3846 4715 τοὺς

2253 4766 2373 4838 μὲν
2421 4758 2904 4833 Δημοσθενικοὺς
2948 4757 3172 4824 λόγους
3214 4750 3336 4815 τοῖς
3386 4748 3503 4802 τῶν
3560 4762 3852 4813 στρατιω-

1836 4928 2078 4983 ΥΔΙῖΙΑΞ
2117 4924 2533 4982 LECTIONES.

623 5018 668 5051 ³⁸
696 5017 880 5091 λαϐεῖν
910 5018 1043 5087 φησὶ
1060 5017 1202 5072 κατά
1231 5036 1293 5083 ς.
1370 5020 1415 5053 ⁹⁹
1448 5010 1538 5074 an.
1562 5020 1729 5091 πολλή
1744 5019 1767 5072 ?
1844 5022 1858 5051 ί
1887 5019 2208 5073 διδάσκοντα
2232 5036 2293 5083 ς.
2370 5019 2390 5047 ²
2418 5013 2796 5085 ἐνδραμόντων
2832 5028 2892 5074 ς.
2970 5006 2989 5036 ³
3019 5000 3437 5073 προγενομένων
3462 4995 3852 5052 Casaubonus.

554 5090 577 5126 ⁵
597 5092 665 5162 τῇ
694 5089 819 5144 add.
850 5088 917 5139 A.

2023 5201 2259 5259 NOTAE.

626 5327 704 5397 (6)
731 5326 865 5382 Vide
895 5326 1116 5395 Dionys.
1150 5324 1424 5381 llalicarn.
1452 5326 1652 5381 Crilica
1681 5335 1736 5397 et
1763 5324 1944 5397 Cicer.

628 5396 705 5469 (ἶ)
745 5398 1018 5469 Cumanus
1061 5396 1851 5469 EphorusliuquitDiodorus
1894 5396 1988 5449 lib.
2047 5408 2139 5447 xvr

558 5466 825 5526 Bibltolh.‘
848 5468 916 5522 ad
956 5483 1156 5521 annum
1209 5467 1441 5534 Philippi
1486 5467 1575 5535 xx)
1626 5466 1915 5519 Historiam
1962 5479 2138 5527 suam,

556 5555 682 5596 cum
706 5541 773 5593 ad
794 5538 1040 5593 Perinthi
1063 5538 1516 5609 oppugnationem
1541 5537 1897 5609 pervenisset,
1922 5535 2139 5588 desinit.

557 5612 610 5666 Is
650 5610 703 5663 in
738 5610 1024 5665 scribenda
1047 5626 1109 5664 ea
1140 5607 1648 5663 ab'Heraclidarum
1679 5607 1856 5662 reditu
1892 5618 2142 5669 exorsus,

558 5679 871 5735 Graecorum
902 5690 958 5735 et
996 5680 1356 5735 llarbarorum
1389 5695 1475 5734 res
1519 5686 1700 5749 gestas
1735 5689 2003 5731 annorum
2034 5675 2144 5731 ler-

558 5765 648 5809 me
677 5751 773 5806 101
808 5751 961 5806 libris
992 5750 1060 5806 50
1091 5750 1367 5805 describit.

635 5823 713 5892 (8)
745 5822 993 5893 Scriptor
1022 5822 1114 5879 ille
1156 5821 1245 5891 (de
1274 5820 1623 5893 Theopompo
1667 5817 1836 5873 refert
1864 5816 2019 5871 Diod.
2053 5815 2148 5893 lib.

564 5887 657 5951 aur
695 5887 963 5953 suum.
992 5894 1012 5967 )
1048 5911 1076 5951 a
1112 5887 1298 5965 proelio
1338 5893 1405 5949 ad
1430 5887 1772 5961 Cynossema
1827 5903 2056 5946 exorsus
2085 5887 2153 5943 ad

2246 5316 2389 5387 quod
2460 5308 2813 5382 Thucydides
2867 5308 3143 5387 negotium
3204 5306 3562 5368 destituerat,
3613 5300 3854 5357 sedecim

2250 5379 2521 5441 anulorum
2557 5379 2777 5449 tempus,
2799 5379 3141 5448 perscripsit.

2320 5458 2396 5527 (9)
2436 5448 2694 5510 Demetrii
2728 5448 2894 5512 lilius,
2926 5460 2979 5502 et
3006 5449 3474 5505 Macedonicorum
3502 5460 3685 5515 regum
3718 5460 3853 5515 pen-

2252 5529 2498 5583 ultimus.

2353 5601 2439 5668 lt);
2462 5598 2714 5669 Amynta:
2744 5596 2837 5669 lilii
2871 5594 3041 5667 patris
3069 5591 3379 5669 Alexandri
3400 5588 3679 5669 Magni.m_
3705 5658 3738 5669 η

2354 5657 2440 5736 ll')
2474 5657 2628 5734 Quod
2675 5674 2730 5719 et
2757 5657 3024 5722 Diodorus
3070 5671 3301 5719 testatur
3331 5664 3422 5719 lib.
3455 5676 3543 5715 xvt
3591 5657 3852 5712 Biblioth.

2257 5736 3002 5810 ud'annumPhilippixviii.
3081 5806 3093 5810 _
3296 5803 3310 5810 _
3448 5801 3480 5810 __
3819 5801 3828 5808 ,

2330 5809 2443 5880 (l2)
2477 5801 2873 5881 Philippo'r'egi
2910 5806 3262 5865 Macedonum
3296 5803 3399 5860 hoc
3430 5801 3634 5858 dictum
3664 5801 3858 5859 tribuit

2260 5880 2610 5943 Plutarchus.
