4038 6426
222 386 321 447 513

1236 384 1765 447 BIBLIOTIIECA.
1787 407 1856 418 -
1894 382 2057 444 COD.
2088 383 2423 446 CLXXVII.

3381 374 3485 441 514

222 493 336 547 τῶν
365 494 630 549 ἐοικέναι
653 496 925 567 μάλιστα
959 498 1222 568 σώμασι,
1256 498 1403 565 τοὺς
1421 499 1491 551 δὲ
1532 499 1790 565 Ἰσοκρα-

1922 499 2026 553 llud
2079 499 2309 565 clarum,
2356 497 2764 567 TlieOpompum
2818 494 3033 549 nemine
3068 506 3189 549 esse
3226 491 3483 548 Isocratis

220 588 429 654 τικοὺς
462 590 590 654 τοῖς
610 589 732 642 τῶν
756 590 1058 659 ἀθλητῶν.
1082 591 1249 663 Δῆλον
1283 591 1341 644 δὲ
1372 591 1447 654 ὡς
1476 592 1799 662 Θεόπομπος

219 680 434 744 οὐδενὸς
465 682 574 735 τῶν
644 684 1028 755 Ἰσοκρατικῶν
1079 685 1161 749 είς
1194 686 1320 748 τοὺς
1368 678 1562 753 λόγους
1606 685 1801 755 ἀτιμό-

220 790 400 841 τερος.

291 864 363 916 Τὸ
399 865 500 934 μὲν
532 860 625 919 οῦν
651 868 978 939 Θεοπόμπου
1013 870 1167 938 γένος
1195 868 1291 921 καὶ
1333 870 1366 939 ἡ
1399 868 1680 932 παίδευσις
1708 869 1802 923 καὶ

222 959 247 1008 ό
273 956 599 1022 διδάσκει).ος
627 959 755 1030 [205
785 960 877 1033 11.]
908 962 1003 1015 καὶ
1024 962 1072 1014 οἱ
1105 961 1553 1032 συνακμάσαντες
1606 963 1703 1015 καὶ
1752 963 1802 1015 οἱ

223 1049 369 1116 λόγοι
402 1052 498 1102 καὶ
526 1053 558 1122 ή
590 1054 835 1107 πολιτεία
861 1056 955 1108 καὶ
997 1056 1109 1125 ἡὲν
1150 1059 1265 1119 τοῖς
1313 1056 1495 1123 λόγοις
1549 1055 1663 1109 ἰδέα
1709 1056 1805 1108 καὶ

222 1141 569 1211 προαίρεσις,
606 1145 748 1197 κατά
788 1147 1136 1219 κεφαλαιώδη
1189 1150 1593 1218 ἀπαρίθμησιν,
1647 1149 1742 1202 καὶ
1769 1149 1799 1201 ό

224 1232 346 1283 καθ’
380 1232 440 1285 ὃν
468 1236 691 1304 ἤκμασε
722 1237 931 1306 χρόνος,
959 1238 1056 1291 καὶ
1105 1240 1207 1294 ὅσα
1266 1239 1417 1310 αὐτῴ
1457 1238 1797 1310 συνεκύρησε

225 1326 370 1377 κατά
398 1325 494 1377 τὸν
530 1325 669 1396 βίον,
705 1328 797 1380 ἐπὶ
819 1328 1094 1385 τοσοῦτον.

883 1420 1053 1475 ΡΟΖ’.

225 1507 549 1583 Θεοδώρου
574 1509 924 1583 Ἀντιοχέως
948 1512 1099 1578 πρὸς
1126 1511 1268 1583 τοὺς
1286 1511 1577 1581 λέγοντας
1602 1516 1802 1583 φύσει,

358 1581 460 1631 καὶ
488 1581 562 1632 οὺ
599 1580 824 1650 γνώμῃ,
874 1583 1110 1635 πταίειν
1132 1582 1275 1648 τοὺς
1301 1580 1672 1652 ἀνθρώπούς.

296 1664 431 1737 [596
460 1665 557 1738 R.]
599 1668 942 1739 Ἀνεγνώσθη
968 1669 1171 1739 βιϐλίον
1192 1667 1254 1726 οὗ
1275 1673 1308 1741 ή
1336 1673 1643 1746 ἐπιγραφὴ,
1668 1678 1805 1729 880-

220 1756 417 1823 δώρου
435 1756 777 1826 Ἀντιοχέως
799 1763 819 1792 ⁵
846 1760 995 1828 πρὸς
1018 1761 1159 1828 τοὺς
1180 1763 1473 1834 λέγοντας
1487 1767 1688 1834 φύσει,
1710 1766 1809 1820 καὶ

1903 592 2293 661 discipulorum
2329 592 2383 645 in
2427 589 2656 645 dicendo
2689 586 3023 642 inferiorem.

1975 863 2247 919 Caeterum
2271 858 2604 929 Theopompi
2632 872 2827 929 genus,
2844 855 3258 919 institutionem,
3276 869 3482 923 praece-

1904 966 2135 1025 ptorem,
2191 950 2449 1021 aequales,
2488 950 2677 1012 libros,
2709 946 2919 1000 civilem
2962 944 3481 1009 vitam,orationum

1904 1044 2156 1107 formam,
2182 1053 2345 1111 atque
2379 1041 2685 1096 institutum
2714 1038 3024 1109 singulatim
3051 1038 3480 1099 adnumerandn,

1905 1137 2101 1207 quibus
2134 1136 2370 1203 denique
2419 1132 2750 1202 temporibus
2796 1132 3047 1201 viguerit,
3082 1147 3200 1200 qua:
3232 1133 3360 1187 item
3408 1132 3484 1185 illi

1905 1229 1960 1283 in
1999 1228 2105 1283 vita
2136 1228 2481 1298 contigerint,
2511 1228 2771 1281 hactenus
2795 1227 3234 1295 exposuerimus.

2548 1402 2852 1459 CLXXVII.

1910 1500 2171 1554 Theodori
2206 1498 2514 1552 Antiocheni
2547 1497 2742 1551 Contra
2763 1505 3053 1551 asserentes
3086 1512 3297 1563 peccare
3316 1497 3487 1548 Itami-

2187 1586 2274 1623 nes
2300 1577 2519 1632 natura,
2548 1585 2650 1621 non
2681 1568 2967 1631 voluntate,
3000 1566 3124 1620 libri
3155 1582 3205 1620 v.

1977 1662 2198 1717 Lectum
2235 1670 2317 1713 est
2359 1674 2495 1728 opus
2526 1658 2798 1712 Theodori
2848 1656 3175 1713 Antiocheni
3205 1656 3223 1722 (
3259 1656 3346 1723 qui
3378 1654 3490 1708 Mo-

1910 1765 2163 1824 psuestus
2214 1752 2301 1806 ille
2331 1751 2620 1819 episcopus
2669 1757 2772 1812 cst,
2818 1758 2875 1803 ut
2922 1764 2987 1804 ex
3020 1748 3136 1817 ejus
3170 1748 3489 1817 quibusdam

218 1850 295 1902 οὐ
320 1848 554 1917 γνώμῃ,
582 1852 823 1905 πταίειν
841 1854 983 1921 τοὺς
1002 1856 1371 1925 ἀνθρώπους.
1395 1860 1810 1930 Διαπεραίνεται

1922 1846 2156 1915 epistolis
2190 1844 2496 1911 colligimus
2525 1840 2543 1913 )
2582 1843 2681 1896 hoc
2726 1839 2880 1894 titulo
2914 1857 2928 1893 :
2975 1839 3171 1893 Contra
3204 1850 3490 1891 asserentes

226 1941 330 2009 μὲν
363 1941 517 2011 αὐτῷ
548 1944 575 1994 ό
608 1945 747 2014 πρὸς
777 1945 974 2009 αὐτοὺς
1008 1946 1159 2015 ἀγὼν
1183 1950 1240 2001 ἐν
1273 1949 1453 2019 λόγοις
1491 1956 1557 2016 ε’,
1591 1954 1727 2021 πρὸς
1755 1952 1811 2005 δὲ

219 2032 351 2094 τοὺς
382 2031 495 2084 ἀπὸ
534 2033 633 2102 τῆς
656 2032 870 2096 Δύσεως
908 2036 1062 2090 τοῦτο
1090 2039 1152 2091 τὸ
1197 2039 1410 2111 νόσημα
1453 2043 1813 2112 νενοσηκότας

220 2124 432 2193 γράφει
460 2123 527 2176 τὸ
562 2124 767 2194 βιϐλίον
799 2143 813 2156 ·
852 2122 927 2181 ὧν
970 2131 1065 2183 καὶ
1105 2132 1205 2202 τῆς
1255 2134 1519 2204 αἱρέσεως
1572 2136 1814 2207 ἀρχηγὸν

220 2215 374 2283 λέγει
409 2217 693 2284 γενέσθαι,
720 2218 931 2273 ἐκεῖθεν
970 2222 1068 2292 μὲν
1121 2226 1467 2296 ὁρμώμενον,
1489 2229 1600 2291 τοῖς
1625 2227 1681 2280 δὲ
1716 2231 1815 2300 τῆς

225 2304 531 2375 ’Δνατολῆς
562 2309 995 2379 ἐπιχωριάζοντα
1047 2311 1255 2378 τόποις,
1312 2314 1405 2366 καὶ
1456 2314 1815 2368 συντάττοντα

223 2396 423 2465 λόγους
474 2398 617 2470 ὑπὲρ
666 2402 765 2470 τῆς
820 2403 1301 2476 καινοποιηθείσης
1354 2405 1506 2476 αὑτῷ
1550 2408 1815 2476 αἱρέσεως

223 2489 569 2559 διαπέμπειν
600 2493 713 2555 τοῖς
743 2493 802 2545 τὸ
824 2492 1081 2566 πατρῴον
1110 2496 1304 2565 ἔδαφος
1328 2498 1593 2564 οίκοῦσιν,
1627 2502 1717 2569 ὑφ’
1741 2495 1816 2555 ὧν

225 2582 323 2633 καὶ
352 2581 590 2645 πολλοὺς
621 2583 730 2637 τῶν
759 2585 779 2615 ⁸
813 2586 993 2639 ἐκεῖσε
1045 2588 1182 2658 πρὸς
1212 2589 1271 2642 τὸ
1329 2592 1529 2644 οἰκεῖον
1561 2593 1815 2662 φρόνημα

227 2672 482 2734 ἐλκῦσαι,
525 2674 603 2738 ὡς
633 2677 730 2728 καὶ
766 2676 1096 2749 Ἐκκλησίας
1144 2680 1273 2744 ὅλας
1324 2684 1418 2735 τοῦ
1463 2684 1816 2754 ἁτοπήματος

226 2764 618 2835 πληρωθῆναι.
643 2767 824 2838 Ἀρὰμ
853 2770 910 2822 δὲ
938 2771 1030 2823 τὸν
1082 2774 1325 2843 ἀρχηγὸν
1370 2776 1551 2829 αὐτῶν
1596 2777 1677 2847 (οὑ
1708 2776 1817 2849 γὰρ

225 2858 337 2925 ἔχω
383 2856 578 2924 σαφῶς
608 2861 805 2928 είπείν)
840 2861 951 2914 εἴτε
984 2863 1240 2933 ὀνομάζει
1300 2866 1408 2919 εἴτε
1465 2867 1814 2938 ἐπονομάζει.

224 2947 438 3001 Τοῦτον
468 2949 528 3002 δὲ
558 2950 816 3018 πέμπτον
833 2952 1163 3021 Εὑαγγέλιον
1179 2957 1627 3025 προσαναπλάσαι
1648 2958 1817 3027 λέγει,

222 3041 287 3091 ἐν
323 3044 448 3103 ταῖς
476 3041 740 3099 Εὑσεϐίου
768 3042 862 3102 τοῦ
900 3046 1256 3104 Ιιαλαιστινοῦ
1288 3048 1658 3121 βιὸλιοθήκαις
1696 3053 1821 3107 ὑποο

224 3130 608 3201 πλαττόμενον
642 3135 823 3205 εὑρεῖν
849 3152 863 3174 ν
894 3138 990 3193 καὶ
1020 3138 1344 3193 ἀπώσασθαι
1395 3141 1496 3212 μὲν
1545 3144 1644 3214 τῆς
1667 3143 1818 3209 θείας

226 3224 327 3275 καὶ
357 3222 613 3288 Παλαιᾶς
646 3225 871 3297 Γραφῆς
909 3228 977 3299 ἣν
1003 3230 1051 3281 οἱ
1084 3230 1487 3303 Ἐϐδομήκοντα
1523 3234 1818 3304 συνεληλυ-

228 3316 391 3380 θότες
415 3317 759 3372 ἐκδεδώκασι
798 3322 1165 3391 μετάφρασιν,
1200 3324 1295 3377 καὶ
1327 3324 1390 3395 δὴ
1422 3326 1515 3378 καὶ
1547 3326 1647 3396 τὴν
1672 3326 1819 3397 Συμ-

231 3411 414 3480 μάχου
442 3410 541 3463 καὶ
590 3411 796 3463 Ἀκύλα
826 3413 1052 3466 καὶτῶν
1082 3415 1279 3478 ἄλλων,
1313 3416 1451 3470 ἰδίαν
1474 3417 1532 3471 δέ
1561 3435 1685 3471 τινα
1727 3419 1821 3472 καὶ

232 3502 431 3568 καινὴν
504 3502 816 3572 ἐπαρθῆναι
883 3505 1140 3569 συντάξαι
1197 3508 1335 3578 μήτε
1394 3508 1492 3577 τὴν
1553 3508 1821 3581 Ἐϐραίων

232 3587 430 3658 ὥσπερ
443 3590 647 3647 ἐκεῖνοι
663 3596 727 3647 ἐκ
744 3595 934 3660 παιδὸς
951 3597 1259 3665 ἀσκηθέντα
1279 3599 1415 3669 μήτε
1438 3599 1528 3653 τὸν
1553 3601 1651 3669 τῆς
1673 3600 1823 3664 θείας

235 3680 470 3751 Γραφῆς
511 3686 639 3736 νοῦν
696 3686 1099 3758 ἐκδιδαχθέντα,
1144 3690 1414 3759 Ἐὅραίων
1457 3692 1515 3746 δέ
1574 3710 1685 3746 τισι
1714 3694 1825 3747 τῶν

236 3774 607 3842 χαμαιπετῶν
664 3776 856 3832 ἑαυτὸν
891 3780 1224 3835 ἐκδεδωκότα
1285 3782 1495 3838 ἐκεῖθεν
1550 3784 1823 3856 θαρρῆσαι

239 3864 379 3916 ἰδίαν
406 3864 625 3918 ἔκδοσιν
657 3868 1013 3940 ἀναγράφειν.
1050 3872 1208 3926 Ἔστι
1230 3872 1286 3926 δὲ
1317 3872 1387 3926 τά
1412 3876 1510 3945 τῆς
1562 3876 1826 3946 αἱρέσεως

236 3954 448 4020 αὑτοῖς,
478 3955 557 4018 ὡς
590 3956 647 4008 ἐν
667 3960 949 4031 κεφαλαίῳ
975 3962 1163 4029 φάναι,
1188 3961 1364 4018 ταῦτα
1383 3980 1397 3995 ο
1432 3965 1617 4029 Φύσει,
1641 3966 1737 4019 καὶ
1765 3967 1824 4019 οὐ

237 4045 459 4117 γνώμῃ,
492 4048 709 4101 πταίειν
738 4053 907 4119 φασὶ⁷
938 4056 1065 4117 τοὺς
1096 4055 1442 4127 ἀνθρώπους,
1485 4057 1643 4127 φύσει
1672 4059 1729 4112 δέ
1766 4060 1826 4112 οὑ

236 4140 356 4190 κατ’
386 4138 614 4210 ἐκείνην
637 4142 694 4193 ἐν
733 4136 927 4215 ᾖκατά
969 4146 1193 4210 πρώτας
1240 4149 1669 4219 δημιουργηθεὶς
1726 4151 1830 4204 ὑπ-

237 4231 370 4301 έστη
396 4234 426 4284 ό
458 4232 636 4303 Ἀδὰμ
656 4234 889 4307 (ἐκείνην
919 4238 1028 4310 γὰρ
1050 4242 1259 4313 ἀγαθὴν
1281 4242 1486 4309 ἀγαθοῦ
1508 4244 1643 4298 Θεοῦ
1666 4245 1825 4317 ποίη-

243 4338 320 4391 μα
340 4320 401 4376 οῦ
411 4325 518 4378 σάν
542 4327 752 4399 φασιν),
777 4329 913 4383 ἀλλὰ
936 4332 1057 4385 κατ’
1083 4334 1297 4405 ἐκείνην
1318 4336 1384 4406 ἢν
1405 4334 1631 4407 ὕστερον
1651 4337 1829 4408 ἁμαρ-

240 4413 417 4483 τήσας
473 4412 852 4485 ἐκληρώσατο,
897 4424 963 4493 τῇ
1005 4425 1137 4494 περὶ
1188 4426 1250 4477 τὸ
1288 4426 1458 4482 κακὸν
1490 4429 1689 4499 πράξει
1734 4428 1831 4481 καὶ

1912 1956 2126 2009 peccare
2156 1938 2389 1992 homines
2423 1946 2639 1997 natura,
2664 1950 2765 1986 non
2793 1932 3079 1987 voluntate.
3104 1931 3175 1985 Ea
3202 1931 3492 1999 disputatio

1912 2034 2151 2103 quinque
2200 2032 2354 2085 libris
2398 2031 2717 2093 absolvitur.
2762 2045 2896 2099 quos
2941 2030 3196 2083 adversus
3228 2026 3493 2082 Occiden-

1915 2126 2050 2179 tales
2080 2126 2181 2180 hac
2210 2124 2326 2179 labe
2348 2125 2578 2179 iul‘eCtos
2607 2123 2845 2191 scripsit.
2875 2121 3001 2176 Inde
3031 2124 3173 2177 enim
3203 2121 3492 2175 oriundum

1914 2217 2140 2271 haeresis
2169 2215 2328 2285 hujus
2346 2224 2621 2270 auctorem
2652 2215 2702 2266 in
2728 2211 2967 2268 Orientis
2996 2211 3152 2266 modo
3186 2211 3495 2279 regionibus

1915 2310 2145 2375 versari,
2181 2307 2455 2377 librosque
2481 2310 2546 2362 de
2570 2322 2760 2361 recens
2783 2308 2849 2361 ab
2882 2322 2941 2361 se
2966 2306 3271 2374 excogitata
3302 2303 3490 2357 haeresi

1916 2401 2243 2471 compositos
2277 2401 2342 2455 ad
2369 2400 2653 2470 populares
2685 2414 2814 2454 suos
2859 2398 2912 2452 in
2944 2397 3174 2468 patriam
3214 2395 3495 2449 transmit-

1916 2502 2031 2548 tere
2080 2502 2285 2559 narrat,
2319 2493 2509 2563 utjam
2538 2492 2610 2546 ibi
2660 2491 2857 2545 multos
2906 2505 3002 2558 per
3052 2491 3195 2543 hanc
3233 2498 3404 2541 artem
3442 2487 3493 2540 in

1918 2601 2072 2640 suam
2132 2586 2459 2655 pertraxerit
2514 2585 2839 2640 sententiam
2878 2623 2894 2648 ,
2959 2583 3310 2651 integrasque
3362 2581 3497 2633 adeo

1918 2678 2191 2734 Ecclesias
2217 2679 2469 2734 absurdis
2498 2678 2604 2733 illis
2636 2678 2895 2732 imbuerit
2924 2677 3289 2746 opinionibus.
3332 2675 3496 2728 Aram

1915 2784 2047 2825 vero
2087 2770 2296 2825 illorum
2328 2771 2589 2826 librorum
2636 2779 2909 2825 auctorem
2952 2770 3068 2823 sive
3117 2767 3356 2830 nomine,
3383 2766 3498 2820 sive

1919 2862 2239 2934 c0gnomine
2285 2863 2439 2932 (15),
2493 2863 2755 2916 incertum
2819 2861 3073 2929 appellat.
3125 2859 3277 2914 llunc
3333 2858 3496 2912 etiam

1919 2957 2167 3025 quintum
2220 2953 2567 3025 Evangelium
2623 2953 2980 3016 cantinxisse,
3031 2952 3268 3020 illudque
3324 2966 3383 3005 se
3442 2950 3497 3004 in

1919 3047 2135 3102 Eusebii
2170 3045 2443 3101 Palaestini
2469 3045 2827 3101 7Bib|iotltecis
2858 3050 3124 3113 reperisse
3149 3046 3244 3098 ait.
3276 3042 3497 3109 Rejecta

1920 3149 2179 3209 praeterea
2235 3138 2400 3192 divini
2454 3151 2517 3193 ac
2561 3137 2771 3192 Veteris
2820 3135 3151 3191 Testamenti
3200 3136 3441 3190 versione
3480 3152 3497 3200 ;

1920 3245 2082 3299 quam
2125 3227 2475 3299 Septuaginta
2529 3230 2851 3298 interpretes
2897 3229 3055 3282 simul
3119 3228 3501 3282 convenientes

1921 3320 2229 3387 ediderunt,
2272 3330 2329 3373 ut
2360 3329 2414 3374 et
2453 3320 2789 3391 Symmachi,
2820 3328 2875 3375 et
2902 3320 3127 3389 Aquilae,
3164 3319 3500 3389 aliorumque

1924 3410 2387 3479 interpretatione,
2406 3413 2675 3481 propriam
2707 3413 2996 3480 quamdam
3019 3428 3172 3467 suam
3201 3426 3501 3480 novamque

1929 3502 2121 3570 122a
2151 3502 2421 3557 coniicere
2452 3518 2641 3557 ausum
2676 3522 2689 3558 :
2717 3519 2838 3557 cum
2865 3518 3037 3573 neque
3087 3503 3361 3557 Hebraica:
3394 3502 3501 3556 lin-

1924 3610 2061 3663 guae,
2085 3604 2142 3649 ut
2163 3595 2303 3662 illi,a
2331 3608 2499 3665 puero
2517 3596 2866 3659 assuevisset,
2885 3611 3059 3665 neque
3081 3604 3313 3650 mentem
3335 3609 3503 3650 sacras

1926 3687 2221 3758 Scriptura:
2259 3690 2535 3744 didicisset
2568 3708 2583 3743 :
2620 3689 2863 3743 Hebraeis
2889 3689 3259 3744 tantummodo
3279 3688 3504 3758 quibus-

1927 3780 2047 3835 dam
2095 3780 2321 3850 abjecta:
2356 3782 2519 3835 sortis
2551 3781 2605 3834 in
2634 3782 2972 3850 disciplinam
3010 3796 3068 3836 se
3095 3780 3399 3845 tradidisse,
3423 3789 3504 3833 at-

1926 3889 2032 3943 que
2080 3872 2205 3928 hinc
2239 3873 2511 3942 propriam
2552 3872 2653 3927 sibi
2691 3872 2980 3928 editionem
3024 3872 3369 3927 conscribere
3418 3885 3504 3938 ag-

1927 3981 2192 4037 gressum.
2231 3964 2407 4020 Secta
2445 3979 2576 4019 vero
2610 3965 2754 4019 illius
2790 3980 2998 4020 summa
3027 3967 3201 4033 capita
3230 3966 3344 4019 haec
3392 3965 3504 4018 fere

1929 4067 2056 4111 sunt
2109 4057 2366 4111 llomines
2445 4066 2637 4111 natura
2688 4097 2704 4124 ,
2762 4073 2867 4112 non
2924 4058 3198 4113 voluntate
3257 4074 3501 4127 peccare.

1930 4148 2154 4215 Natura,
2212 4148 2432 4218 inquam
2462 4187 2477 4213 ,
2534 4164 2638 4203 non
2687 4163 2749 4201 ea
2781 4163 2886 4217 qua
2936 4149 3193 4217 praeditus
3241 4148 3313 4203 ab
3351 4149 3505 4202 initio

1931 4244 2288 4312 conditusque
2317 4250 2400 4297 est
2448 4242 2622 4295 Adam
2678 4242 2846 4313 (illam
2878 4242 3023 4296 enim
3056 4240 3271 4304 bonam,
3298 4252 3353 4296 et
3381 4242 3506 4295 boui

1929 4333 2021 4389 Dei
2053 4348 2189 4402 Opus
2229 4347 2351 4388 esse
2378 4331 2673 4404 asserunt),
2692 4333 2785 4388 sed
2814 4348 2875 4386 ea
2901 4349 3059 4402 quam
3090 4344 3207 4402 post
3229 4343 3504 4403 peccatum

1930 4422 2156 4490 adeptus
2198 4421 2270 4475 sit
2314 4438 2328 4488 ;
2386 4422 2601 4491 quando
2652 4436 2750 4493 per
2802 4422 3297 4491 praevaricationem
3346 4431 3507 4491 atque

244 4503 502 4605 ἀμαρτξᾳ
526 4504 709 4605 κακήν
767 4522 827 4557 τε
848 4512 979 4605 ἀντί
1013 4514 1226 4584 ἀγαθῆς
1264 4517 1444 4589 ἐαυτῷ
1479 4523 1574 4573 καὶ
1628 4519 1818 4591 θνητὴν

1933 4522 2207 4581 peccatum
2250 4512 2446 4566 malam
2506 4528 2604 4583 pro
2651 4515 2814 4576 bona,
2852 4513 3239 4582 mortalemque
3276 4527 3372 4581 pro
3407 4511 3509 4564 im-

244 4594 366 4647 ἀντὶ
388 4595 493 4663 τῆς
516 4594 787 4649 ἀθανάτου
811 4596 1183 4670 ἀλλαξάμενος
1204 4621 1218 4634 ·
1249 4607 1420 4679 ταύτῃ
1440 4625 1521 4662 τοι
1542 4611 1638 4663 καὶ
1663 4613 1818 4680 φύσει

1932 4606 2145 4659 mortali
2191 4607 2562 4661 commutavit.
2625 4605 2736 4660 [lac
2799 4606 2996 4674 quippe
3048 4605 3255 4658 ratione
3317 4612 3505 4656 natura

247 4686 553 4754 γεγονότας
584 4688 788 4753 κακοὺς
814 4690 877 4743 ἐκ
905 4691 1000 4744 τοῦ
1021 4693 1317 4766 ὑποστῆναι
1371 4698 1531 4768 φύσει
1561 4702 1827 4774 πρότερον

246 4778 517 4847 ἀγαθοὺς,
547 4782 609 4831 ἐν
636 4783 701 4851 τῇ
722 4782 905 4850 φύσει,
932 4787 1027 4840 καὶ
1057 4788 1156 4841 οὐκ
1190 4790 1247 4842 ἐν
1272 4793 1337 4862 τῇ
1361 4795 1705 4862 προαιρέσει,
1733 4813 1829 4848 κε-

249 4869 491 4937 κτῆσθαι
538 4871 643 4941 τὴν
671 4874 970 4944 ἁμαρτίαν.
1006 4881 1270 4952 Δεύτερον
1324 4884 1620 4938 ἀκόλουθον
1646 4887 1831 4950 αὐτοῖς

247 4956 427 5024 λέγειν
457 4963 598 5031 μηδὲ
636 4963 704 5017 τὰ
723 4968 934 5033 παιδία,
959 4971 1065 5023 κᾶν
1093 4971 1528 5047 ἀρτιγέννηταῇ,
1561 4976 1637 5047 μὴ
1655 4976 1829 5047 ἁπηλο

248 5047 446 5119 λάχθαι
488 5052 787 5122 ἁμαρτίας,
822 5057 919 5110 ἆτε
952 5058 1060 5112 ἀπὸ
1082 5060 1182 5130 τῆς
1221 5062 1316 5114 τοῦ
1366 5063 1541 5133 ’Λδάμ
1581 5064 1832 5134 παραϐά-

252 5155 387 5205 σεως
415 5146 522 5212 τῆς
554 5144 769 5211 φύσεως
804 5149 862 5201 ἐν
885 5149 1183 5221 ἁμαρτίαις
1210 5152 1543 5225 ὑποστάσης,
1605 5156 1698 5207 καὶ⁸
1752 5157 1831 5218 είς

252 5234 359 5286 πᾶν
387 5234 450 5288 τὸ
492 5234 554 5300 ἐξ
586 5237 793 5291 ἐκείνου
821 5240 978 5307 γένος
1005 5242 1106 5311 τῆς
1149 5243 1483 5315 ἀμαρτωλῆς
1526 5246 1621 5315 (ὠς
1653 5245 1720 5300 ἂν
1752 5246 1831 5299 εἴ-

252 5325 447 5378 ποιεν⁸
480 5326 704 5399 ἐκεῖνοι)
740 5331 955 5398 φύσεως
996 5334 1485 5404 παρατεινομένης.
1530 5335 1721 5406 Φέρειν
1772 5354 1831 5390 τε

1933 4712 2147 4767 quoque
2196 4698 2472 4766 improbos
2516 4694 2764 4760 eﬂectos,
2811 4696 2900 4767 qui
2951 4705 3108 4749 antea
3156 4703 3343 4747 natura
3384 4692 3507 4747 boui

1935 4787 2187 4854 fuissent,
2248 4787 2301 4840 in
2352 4796 2543 4841 natura
2569 4785 2702 4853 jam,
2744 4794 2799 4837 et
2839 4800 2944 4837 non
2992 4784 3042 4837 in
3078 4782 3351 4836 voluntate
3386 4771 3551 4850 pec-i

1938 4891 2117 4935 catum
2161 4879 2261 4934 sibi
2322 4879 2693 4948 acquisivisse.
2725 4876 2966 4931 Alterum
3013 4874 3207 4929 deinde
3253 4884 3412 4944 caput
3443 4888 3510 4927 ex

1934 4972 2024 5026 illo
2056 4972 2364 5025 deductum.
2393 4968 2653 5036 Infantes,
2693 4969 2905 5023 tametsi
2944 4982 3131 5022 recens
3166 4975 3345 5032 natos,
3386 4981 3512 5037 pec-

1936 5065 2043 5119 cati
2076 5065 2343 5118 immunes
2385 5077 2488 5117 nou
2518 5077 2659 5125 esse,
2688 5078 2812 5115 cum
2846 5062 2917 5116 ob
2956 5062 3083 5116 Adze
3115 5059 3511 5129 prtevaricatio.

1936 5169 2083 5219 nem,
2141 5166 2332 5208 natura
2357 5154 2410 5206 in
2435 5154 2671 5222 peccatis
2710 5154 3029 5215 constituta,
3066 5153 3130 5207 ad
3167 5166 3354 5205 omnes
3398 5151 3512 5219 ejus

1941 5255 2186 5314 posteros
2244 5246 2523 5315 peccatrix
2564 5248 2645 5315 (ut
2691 5244 2791 5314 ipsi
2827 5243 3141 5313 loquuntur)
3173 5250 3356 5295 natura
3389 5254 3512 5308 pro-

1939 5346 2187 5405 pagetur.
2212 5337 2423 5394 Allerre
2452 5346 2632 5393 autem
2666 5338 2810 5405 ipsos
2832 5347 2888 5392 et
2920 5336 3049 5391 illud
3073 5338 3151 5409 ait
3182 5351 3198 5389 :
3231 5351 3249 5383 ι
3288 5331 3427 5386 Ecce
3456 5331 3509 5384 in

1533 5471 1768 5528 VARIAS
1813 5474 2227 5531 LECTIONES.

342 5555 373 5645 ξ
391 5556 754 5645 -ἒΔντιοχέιοῄ
787 5560 815 5645 ό
847 5559 1223 5645 Dictynneo-alar;
1248 5562 1418 5629 ἐστὶν,
1459 5564 1536 5629 ὼς
1563 5566 1671 5620 ἀπὸ
1699 5586 1862 5622 τινων
1895 5571 2192 5627 ἐπιστολῶν
2229 5572 2507 5645 ἐμάθομεν
2534 5586 2643 5642 mg.
2683 5568 2727 5624 A
2767 5585 2781 5622 :
2816 5580 2925 5622 0m-
2947 5566 3009 5624 C-

257 5620 279 5653 "
306 5628 440 5691 φασὶ
489 5620 624 5681 εειόῖ
647 5620 753 5683 ΑΪ
790 5628 811 5660 ⁸
847 5620 1051 5683 εῐπὸιεν
1078 5631 1145 5685 ἄν

1686 5745 1917 5817 nom,

332 5829 443 5899 (l3)
472 5830 557 5886 Ab
601 5832 833 5888 infausta
868 5833 1094 5890 forsitan
1124 5833 1238 5899 τοῦ,
1270 5835 1377 5905 ἀρά
1421 5834 1834 5905 signiﬁcatione.

3108 5563 3129 5595 ‘
3157 5561 3265 5616 τῶν
3299 5559 3419 5615 add.
3444 5558 3511 5613 A.
