4038 6448
593 390 696 455 515

1723 390 1985 453 PIIOTII
2028 387 2534 448 PATRIARCILE
2594 389 2704 448 CP.
3768 388 3851 450 διε

596 507 978 576 iniquitatibus
1031 514 1327 575 conceptus
1373 521 1491 560 sum
1539 508 1606 570 ⁸⁷,
1654 527 1671 557 ι
1726 520 1779 562 et.
1818 508 1862 561 si
1912 522 2033 576 qua:
2063 520 2189 565 sum

2317 502 2497 567 ιὺτοὺς
2544 505 2624 567 τὸ,
2665 524 2682 555 ι
2736 503 2822 555 Ἐν
2853 502 3149 574 ἁμαρτίαις
3172 504 3193 535 ³
3219 501 3543 574 ἐγεννήθην,
3576 521 3592 552 ›
3626 504 3715 556 xui.
3746 506 3854 558 εἴτι

593 597 805 668 generis
852 596 1118 667 ejusdem,
1158 608 1404 652 sanctum
1441 598 1506 651 ad
1546 600 1658 652 haec
1697 598 1989 666 baptisma,
2020 597 2186 649 sacri-

593 705 699 758 que
734 690 984 759 corporis
1038 690 1475 744 communionem
1519 691 1570 744 in
1602 701 1945 759 peccatorum
1991 691 2188 744 remis-

594 776 825 835 sionem.
867 782 1009 847 Quin
1041 782 1203 835 etiam
1236 782 1365 851 ipsis
1396 780 1695 835 infantibus
1722 781 1879 835 allata
1914 780 2028 835 [nec
2057 796 2189 850 prte-

590 875 747 937 bere,
771 876 835 929 ad
859 876 1087 944 propria:
1103 874 1375 944 opinionis
1397 875 1885 930 confirmationem.
1909 874 2188 927 Neminem

598 977 857 1033 praeterea
884 967 1189 1019 mortalium
1215 981 1334 1021 esse
1353 965 1579 1033 justum.
1606 966 1759 1032 Quod
1784 967 1953 1035 ipsum
1981 967 2104 1019 item
2123 981 2189 1019 ex

599 1072 686 1118 eo,
716 1057 857 1124 quod
885 1057 1039 1111 initio
1063 1069 1380 1127 posuerunt,
1411 1060 1803 1127 consequitur:
1842 1076 1860 1109 ‹
1897 1056 2010 1111 Νοιι
2040 1058 2185 1111 enim

598 1150 1020 1219 jnstiiicabitur,
1076 1151 1250 1219 inquit
1293 1150 1583 1218 Propheta,
1641 1151 1692 1203 in
1739 1161 2030 1218 conspectu
2094 1158 2185 1202 tuo

603 1241 778 1294 omnis
852 1240 1076 1307 caro",
1114 1260 1133 1292 ι
1183 1250 1237 1294 et
1274 1240 1355 1294 his
1395 1241 1592 1295 similia
1647 1240 1781 1311 (14).
1826 1239 2086 1306 Quartum
2142 1243 2195 1302 (ο

607 1330 950 1403 blasphemas
969 1347 1127 1386 voces
1156 1341 1209 1384 et
1234 1332 1458 1400 impias!
1491 1333 1531 1398 ),
1559 1346 1629 1385 ne
1662 1333 1943 1387 Christum
1977 1332 2193 1401 quidem

606 1421 795 1485 Deum,
851 1432 1125 1493 assumpta
1156 1426 1409 1478 nimirum
1456 1426 1694 1493 peccatis
1731 1425 1928 1479 infecta
1978 1435 2194 1488 natura,

606 1515 829 1569 sceleris
861 1532 1053 1585 purum
1089 1532 1226 1571 esse.
1263 1517 1585 1586 Quanquam
1616 1518 1748 1572 etin
1791 1517 1912 1572 aliis
1945 1517 2185 1586 ipsormn

605 1608 954 1678 blasphemiis
990 1610 1283 1665 observare
1325 1610 1468 1677 licet,
1525 1612 1703 1680 inquit
1759 1610 1868 1675 ille,
1918 1626 2022 1663 non
2072 1624 2198 1664 vere

610 1702 708 1752 ltus
755 1708 809 1751 et
846 1706 1059 1763 natura,
1096 1702 1190 1755 sed
1240 1702 1409 1771 figura
1458 1700 1725 1755 duntaxat
1760 1702 2055 1755 humanam
2084 1703 2183 1771 ipsi

611 1800 856 1845 naturam
912 1794 1233 1848 attribuere.
1272 1794 1571 1861 Quintum,
1624 1796 2053 1860 matrimonium,
2111 1796 2193 1850 vel

612 1892 761 1938 certe
810 1886 1187 1953 congrediendi
1220 1886 1591 1955 cupiditatem,
1650 1896 1703 1941 et
1731 1888 1955 1943 seminis
1989 1888 2200 1943 missio-

618 1990 761 2040 nem,
806 1977 1094 2044 omniaque
1142 1977 1362 2042 similia,
1402 1978 1597 2046 quibus
1641 1980 1987 2033 successione
2031 1995 2202 2049 genus

614 2066 909 2119 humanmn
944 2077 1297 2137 prOpagatur,
1335 2082 1610 2136 perversae
1642 2080 1850 2123 natura:
1879 2084 2043 2136 opera
2080 2084 2203 2123 esse

614 2165 909 2210 asserunt:
967 2157 1018 2209 in
1079 2172 1237 2225 quam
1298 2160 1516 2227 quidem
1562 2173 1658 2227 per
1708 2168 1986 2227 peccatum
2022 2157 2205 2229 lapsus

614 2246 809 2313 Adam,
843 2258 1049 2301 natura
1094 2266 1215 2302 mox
1246 2250 1377 2304 vitio
1404 2250 1668 2303 malorum
1701 2253 1942 2305 omnium
1973 2266 2203 2306 exarnen

618 2338 674 2390 in
707 2353 765 2392 se
800 2341 1122 2409 susceperit.
1167 2339 1291 2395 Haec
1324 2341 1679 2395 sectariorum
1704 2342 1955 2412 dogmata
1987 2354 2135 2398 sunt.

686 2517 860 2573 Porro
898 2516 1219 2574 Theodorus
1263 2520 1348 2573 hic
1404 2528 1549 2574 recte
1601 2520 1816 2588 quidem
1870 2522 2023 2587 facit,
2063 2524 2206 2592 quod

618 2610 734 2664 hate
764 2611 878 2679 ipsa
915 2611 1215 2664 detestetur
1245 2626 1307 2663 ac
1334 2610 1566 2679 rejiciat,
1587 2611 1971 2680 interdumque
2004 2614 2207 2681 optime

622 2717 685 2755 ac
736 2700 914 2755 valide
956 2702 1147 2770 12211
1193 2701 1435 2771 ipsorum
1484 2703 1747 2755 absurdas
1777 2710 1830 2756 et
1864 2702 2211 2771 blasphemas

622 2794 903 2862 opiniones
944 2794 1173 2859 refellat,
1226 2809 1327 2849 nec
1367 2809 1474 2848 non
1518 2810 1691 2849 sacra:
1725 2794 2025 2865 Scriptura:
2054 2798 2207 2861 locis,

623 2886 821 2956 quibus
854 2886 927 2938 illi
964 2886 1115 2940 abusi
1152 2894 1300 2950 sunt,
1350 2887 1604 2955 proprios
1641 2902 1838 2942 sensus
1884 2888 2209 2955 adaptando,

624 2989 685 3032 ut
717 2980 939 3034 omnino
969 2979 1250 3047 imperitos
1284 2983 1598 3048 redargual.
1631 2977 1833 3033 Verum
1870 2980 1973 3035 hoc
2002 2981 2052 3035 ei
2090 2996 2215 3050 per-

624 3083 845 3141 petuum
875 3088 979 3127 non
1015 3081 1099 3127 est
1132 3091 1147 3127 :
1183 3088 1305 3125 nam
1331 3081 1387 3127 et
1419 3072 1654 3127 Nestorii
1683 3083 1888 3127 sectam
1942 3074 1998 3128 in
2032 3074 2216 3128 multis

628 3167 900 3237 parturire
949 3168 1105 3221 nobis
1153 3167 1301 3221 visus
1348 3176 1453 3231 est,
1493 3176 1547 3220 et
1587 3166 1859 3234 Origenis,
1907 3168 2098 3223 saltem
2148 3171 2212 3222 de

631 3258 733 3311 fine
810 3257 1224 3326 suppliciorum,
1309 3258 1600 3311 mussitare
1652 3260 2006 3314 sententiam.
2058 3226 2286 3325 Quodc

632 3362 812 3405 autem
858 3352 1054 3405 asserit
1087 3361 1350 3421 pratterea
1395 3352 1527 3423 (jam
1561 3354 1683 3408 inde
1712 3356 1778 3407 ab
1818 3355 1974 3409 initio
1998 3357 2214 3423 quidem

630 3441 923 3496 formatum
962 3458 1085 3498 esse
1129 3443 1411 3498 mortalem
1438 3445 1630 3509 Adam,
1662 3446 1752 3500 sed
1792 3444 1984 3510 Deum,
2015 3458 2072 3500 ut
2114 3448 2219 3502 sci-

634 3537 759 3590 licet
799 3545 1085 3603 peccatum
1142 3537 1465 3601 odissemus,
1519 3537 1591 3590 ita
1652 3547 1858 3591 tantmn
1905 3538 2213 3604 simulasse,

634 3627 795 3693 quasi
849 3642 946 3694 pro
981 3638 1205 3695 peccato
1254 3644 1429 3698 paena:
1474 3628 1590 3682 loco
1635 3646 1784 3685 mors
1822 3630 2073 3699 imposita
2110 3632 2221 3685 fue-

636 3718 754 3786 rit),
790 3718 925 3772 mihi
968 3733 1101 3772 sane
1153 3729 1359 3773 rectam
1408 3722 1737 3774 sententiam
1765 3722 1972 3774 nullam
1999 3722 2217 3787 aﬂerre,

636 3811 730 3863 sed
777 3812 959 3864 multis
1009 3811 1186 3879 potius
1233 3813 1505 3881 objectum
1561 3828 1681 3868 esse
1724 3814 2219 3882 criminationibus,

637 3901 682 3957 si
713 3902 833 3971 quis
862 3902 1100 3958 rationes
1127 3903 1346 3973 exigere
1370 3904 1519 3970 velit,
1553 3905 1769 3959 videtur
1804 3928 1816 3962 :
1847 3911 2219 3975 quantumvis,

637 4003 697 4045 ut
729 3994 841 4063 ipse
870 3994 1089 4060 dixerit,
1139 3996 1274 4050 satis
1318 3997 1523 4050 acriter
1573 3997 1883 4063 huiusmodi
1915 4001 2099 4068 Opinio
2137 4005 2224 4055 ad-

636 4102 828 4141 versus
880 4089 1165 4143 haereticos
1219 4099 1439 4159 pugnet.
1486 4090 1600 4144 Non
1647 4093 1814 4157 enim,
1850 4093 1894 4147 si
1942 4095 2069 4163 quid
2101 4112 2221 4149 cum

639 4180 904 4233 deteriori
943 4192 1163 4251 pugnet,
1195 4183 1457 4235 cominuo
1487 4182 1688 4235 bonum
1716 4193 1797 4237 est
1832 4200 1847 4239 :
1883 4188 2082 4240 etenim
2110 4204 2226 4241 ma-

641 4273 747 4323 lum
805 4287 1021 4341 quoque
1068 4289 1251 4327 secmn
1303 4275 1476 4343 ipsum
1552 4286 1801 4344 pugnat:
1855 4279 1950 4332 sed
1998 4280 2043 4332 si
2098 4280 2223 4348 quid

639 4369 799 4417 rectae
848 4366 1044 4418 rationi
1117 4378 1563 4434 consentaneum,
1628 4370 2226 4442 ηιιιιιὶΐρειυιιιψιολεῑι

640 4456 814 4510 sacris
843 4456 1088 4524 Litteris,
1142 4459 1273 4512 illud
1304 4461 1518 4515 demum
1565 4464 1956 4532 recipiendum,
2012 4467 2225 4522 tametsi

642 4548 784 4602 nulla
821 4551 1043 4606 hmresis
1068 4552 1116 4607 ei
1150 4554 1433 4607 sententia:
1465 4554 1720 4610 resistere
1756 4559 1972 4613 audeat.

706 4639 815 4694 Nec
852 4642 978 4694 illud
1026 4644 1152 4697 item
1207 4660 1307 4712 ego
1348 4644 1565 4699 curiose
1621 4647 1844 4712 dictum,
1882 4658 1935 4703 et
1967 4648 2223 4705 Ecclesia:

640 4731 735 4785 Dei
764 4732 1088 4798 inauditum,
1140 4735 1193 4788 in
1222 4737 1469 4790 veritatis
1519 4737 1861 4808 dogmatibus
1908 4758 2229 4795 numerave-

641 4827 765 4889 rim,
789 4843 910 4881 cum
945 4830 1078 4882 duas
1102 4843 1221 4883 esse
1251 4840 1600 4897 peccatorum
1625 4834 1976 4890 remissiones
2008 4839 2224 4891 asserit.

639 4917 882 4971 Alteram
962 4919 1178 4987 quidem
1241 4923 1306 4974 de
1372 4924 1739 4979 commissis:
1809 4926 2035 4983 alteram
2098 4946 2227 4984 vero

641 5011 827 5077 (quam
886 5012 1071 5066 nescio
1110 5012 1200 5078 qui
1254 5014 1633 5069 remissionem
1685 5018 1976 5086 quiSpiam,
2034 5031 2093 5074 ut
2138 5022 2227 5076 ille

641 5098 906 5169 loquitur,
935 5100 1208 5169 appellare
1237 5102 1430 5173 possit)
1465 5104 1880 5174 impeccantiam
1911 5110 2021 5180 (15)
2058 5111 2224 5180 ipsam

712 5237 755 5267 ’⁷
784 5236 927 5291 Psal.
960 5254 1010 5300 L,
1042 5238 1096 5290 7.
1174 5241 1217 5271 ’⁸
1251 5239 1395 5295 Psal.
1424 5258 1592 5310 CXLII,
1625 5242 1659 5296 2

2306 596 2569 660 τοιοῦτον,
2598 599 2692 650 καὶ
2718 596 2847 650 αὐτὸ
2879 596 2939 650 τὸ
2974 596 3127 664 ἆγιον
3160 596 3449 666 βάπτισμα
3509 597 3603 649 καὶ
3650 596 3740 667 τὴν
3778 600 3855 651 τοῦ

2298 689 2570 759 ἁχρὰντου
2598 688 2851 758 σώματος
2886 689 3172 742 κοινωνίαν
3202 690 3280 753 εἰς
3308 688 3513 757 ἄφεσιν
3550 689 3817 759 ἁμαρτιῶν
3843 707 3856 722 ο

2293 780 2390 831 καὶ
2424 781 2538 843 τοῖς
2593 780 2854 851 βρέφεσιν
2896 781 3270 851 ἐπιφερόμενα
3303 782 3485 835 ταῦτα
3534 783 3859 851 προκομίζειν

2295 872 2391 924 ἐπὶ
2419 872 2732 941 βεϐαιώσει,
2761 874 2895 944 φησὶ
2926 876 2990 939 ¹⁰,
3044 876 3144 945 τῆς
3187 874 3399 938 οἰκείας
3439 876 3720 944 νομίσεως.
3760 877 3859 929 Ἔτι

2300 963 2357 1015 δὲ
2392 965 2485 1015 καὶ
2509 964 2589 1016 ὅτι
2628 965 2805 1028 οὐδεὶς
2840 966 2898 1018 ἐν
2924 966 3234 1037 ἀνθρώποις
3268 967 3390 1020 ἐστὶ
3439 966 3665 1028 δίκαιος.
3726 967 3859 1017 Ἀκό-

2296 1055 2489 1107 λουθον
2524 1056 2579 1109 δὲ
2614 1058 2707 1109 καὶ
2745 1057 2905 1111 τοῦτο
2935 1059 3175 1127 δηλονότι
3206 1060 3302 1127 τῆς
3340 1059 3439 1113 ἀπ’
3485 1060 3657 1128 ἀρχῆς
3708 1059 3861 1111 αὐτῶν

2300 1150 2504 1215 θέσεως
2535 1168 2548 1181 ·
2589 1171 2608 1203 ‹
2652 1154 2727 1204 Οὐ
2776 1153 3203 1222 δικαιωθήσεται
3238 1155 3278 1184 ¹¹
3320 1154 3433 1224 γὰρ
3486 1152 3614 1224 [206
3655 1150 3739 1223 IL]
3790 1154 3862 1203 ἐν-

2298 1240 2469 1295 ώπιόν
2492 1261 2607 1307 σου,
2632 1245 2784 1313 φησὶ,
2806 1245 2955 1296 πᾶσα
2977 1243 3133 1315 σὰρξ,
3165 1264 3182 1294 ι
3206 1245 3297 1295 καὶ
3326 1243 3397 1297 τὰ
3415 1241 3661 1294 τοιαῦτα.
3690 1242 3864 1310 Τέταρ-

2303 1354 2395 1389 τον
2434 1336 2498 1405 (ὣ
2558 1337 2893 1407 βλασφήμων
2937 1338 3033 1392 καὶ
3088 1338 3370 1389 δυσσεϐὦν
3412 1334 3747 1404 στομάτωνῖ)
3798 1334 3865 1386 ὅτι

2298 1429 2408 1483 οὐδ’
2439 1431 2467 1482 ὁ
2500 1430 2741 1496 Χριστὸς
2772 1432 2867 1481 καὶ
2894 1430 3026 1493 Θεὸς
3078 1430 3259 1500 ἡμῶν,
3298 1429 3397 1482 ἆτε
3432 1428 3534 1498 τὴν
3568 1426 3864 1497 ἡμαρτημέ-

2300 1538 2399 1592 νην
2429 1522 2590 1591 φύσιν
2621 1522 3028 1593 προσειληφὼς,
3071 1522 3179 1575 οὐδ’
3209 1523 3373 1583 αὐτὸς
3405 1519 3738 1585 ἐκαθάρενεν
3776 1517 3864 1572 ἀπὸ

2307 1614 2827 1685 ἁμαρτίας.Καίτοι
2877 1614 3108 1683 ἀλλαχοῦ
3169 1614 3266 1683 τῆς
3310 1612 3670 1682 βλασφημίας
3708 1610 3862 1663 αὐτῶν

2302 1705 2449 1760 ἐστιν
2480 1707 2678 1769 αὐτοὺς
2710 1708 2858 1769 ἰδεῖν,
2887 1706 2961 1767 ὦς
2986 1724 3171 1773 φησιν,
3189 1705 3295 1757 οὐδ’
3333 1704 3569 1775 ἀληθείᾳ
3592 1704 3681 1755 καὶ
3702 1702 3859 1770 φύσει,

2307 1801 2552 1870 σχήματι
2614 1800 2671 1853 δέ
2709 1800 2869 1869 μόνον
2904 1801 2948 1830 ¹²
2982 1798 3223 1861 διδόντας
3260 1797 3416 1867 αὑτῷ
3469 1796 3570 1866 τὴν
3624 1794 3865 1864 ἐνανθρώ-

2308 1909 2497 1963 πησιν.
2534 1890 2660 1963 [597
2693 1891 2789 1963 IL]
2818 1892 3097 1961 Πέμπτον,
3136 1890 3219 1942 ὅτι
3253 1890 3345 1940 τὸν
3390 1888 3591 1958 γάμον,
3632 1888 3743 1957 ἢτοι
3786 1886 3867 1954 τὴν

2308 1986 2407 2053 τῆς
2440 1985 2639 2055 μίξεως
2669 1984 2848 2054 ὄρεξιν
2873 1986 2968 2038 καὶ
2994 1986 3093 2055 τὴν
3124 1984 3219 2037 τοῦ
3246 1982 3568 2054 σπέρματος
3590 1980 3867 2049 καταϐολὴν

2312 2081 2405 2133 καὶ
2435 2079 2621 2132 πάντα
2647 2080 2710 2149 δὴ
2738 2078 2804 2131 τὰ
2836 2079 3083 2141 τοιαῦτα,
3116 2078 3209 2146 ἀφ’
3236 2070 3426 2147 ὧνπερ
3478 2076 3618 2128 κατὰ
3646 2074 3863 2142 διαδοχὴν

2310 2172 2373 2226 τὸ
2404 2172 2675 2241 ἡμέτερον
2710 2170 2865 2239 γένος
2891 2169 3133 2235 αὒξεται,
3157 2169 3255 2238 τῆς
3288 2169 3576 2239 μοχθηρᾶς
3603 2166 3730 2237 ἔργα
3759 2165 3867 2232 φατὶ

2314 2264 2553 2334 φύσεως,
2583 2266 2661 2327 εἰς
2694 2266 2760 2334 ἢν
2789 2263 2877 2315 διὰ
2900 2262 3001 2328 τῆς
3026 2261 3303 2331 ἁμαρτίας
3338 2259 3525 2313 πεσὼν
3571 2262 3598 2312 ό
3637 2257 3791 2326 Ἀδὰμ
3811 2259 3863 2324 τῇ

2319 2357 2417 2425 τῆς
2449 2355 2665 2424 φύσεως
2717 2355 2887 2425 κακίᾳ.
2927 2356 3016 2408 τὸν
3057 2354 3224 2425 ἐσμὸν
3267 2352 3499 2417 ἐδέξατο
3542 2348 3649 2403 τῶν
3691 2347 3865 2401 κακῶν.

2327 2447 2489 2500 ’Λλλὰ
2521 2447 2590 2498 τὰ
2619 2447 2715 2516 μὲν
2748 2445 2855 2498 τῶν
2878 2445 3265 2516 αἱρετιζόντων
3286 2443 3537 2495 τοιαῦτα.

2396 2540 2456 2592 Ὀ
2483 2538 2537 2591 δὲ
2562 2538 2837 2608 Θεόδωρος
2866 2530 3019 2600 οὗτος
3056 2536 3116 2590 εὖ
3147 2538 3244 2605 μὲν
3272 2537 3422 2587 ποιεῖ
3441 2532 3866 2603 ἀποπεμπόμενος

2316 2634 2477 2698 αὐτὰ,
2514 2631 2733 2701 ἐνιαχοῦ
2756 2632 2813 2683 δὲ
2847 2632 2941 2683 καὶ
2971 2632 3170 2701 ἄριστα
3195 2630 3381 2682 αὐτῶν
3404 2628 3499 2680 καὶ
3528 2630 3622 2680 σὺν
3656 2623 3783 2692 ἰσχύϊ
3822 2621 3869 2673 τὸ

2315 2726 2612 2779 ἀλλόκοτον
2644 2726 2738 2777 καὶ
2775 2724 3095 2793 βλάσφημον
3147 2722 3256 2773 τῶν
3301 2720 3625 2790 ὑπολήψεων
3670 2716 3867 2783 ἐπιρρα-

2317 2819 2487 2883 πίζει,
2522 2819 2615 2871 καὶ
2652 2820 2771 2879 ταῖς
2796 2817 3101 2887 Γραφικαῖς
3132 2815 3363 2884 φωναῖς,
3397 2813 3464 2877 ἃς
3489 2814 3678 2866 ἐκεῖνοι
3715 2807 3870 2867 κακῶς

2319 2914 2711 2984 ἐξελάμϐανον,
2768 2912 2868 2973 τὰς
2938 2910 3307 2979 καταλλήλους
3376 2907 3589 2969 ἐννοίας
3649 2902 3870 2973 ἁρμόζων

2319 3007 2553 3075 ἀμαθεῖς
2578 3004 2777 3066 αὐτοὺς
2798 3002 3019 3065 τελείως
3042 3002 3342 3069 ἐξελέγχει.
3375 3001 3492 3052 Οὐκ
3521 2997 3607 3051 ἀεὶ
3655 2996 3726 3058 δὲ,
3760 2991 3870 3044 ἀλλὰ

2320 3101 2420 3168 τήν
2445 3116 2505 3151 τε
2530 3096 2831 3166 Νεστορίου
2891 3096 3102 3165 αἵρεσιν
3153 3094 3363 3146 ὠδίνων
3422 3093 3555 3162 ἡμῖν
3606 3091 3660 3141 ἐν
3689 3084 3870 3142 πολλοῖς

2322 3185 2523 3253 ὦπται,
2556 3190 2649 3242 καὶ
2669 3188 2768 3256 τὴν
2815 3186 3122 3257 Ὠριγένους
3190 3186 3335 3237 κατὰ
3379 3200 3444 3253 γε
3484 3184 3543 3236 τὸ
3585 3180 3730 3241 τέλος
3762 3178 3871 3228 ὑπο-

2325 3284 2521 3351 φωνεῖν
2554 3280 2650 3349 τῆς
2678 3278 2974 3339 κολάσεως.
3004 3276 3125 3329 Ἔτι
3151 3276 3207 3329 δὲ
3239 3275 3365 3328 οὐδὲ
3423 3274 3483 3328 τὸ
3520 3273 3693 3340 λέγειν
3737 3268 3872 3321 αὐτὸν

2326 3376 2418 3429 ἀπ’
2452 3373 2629 3443 ἀρχῆς
2660 3373 2756 3442 μὲν
2788 3372 2981 3441 θνητὸν
3014 3370 3328 3424 πεπλάσθαι
3364 3370 3458 3422 τὸν
3503 3367 3687 3435 Ἄδαμ,
3731 3358 3870 3414 ἐνδεί’

2328 3467 2408 3531 ξει
2439 3467 2495 3519 δὲ
2526 3466 2706 3535 μόνον,
2747 3464 2833 3516 ἵνα
2873 3464 3194 3532 μισήσωμεν
3222 3460 3321 3531 τὴν
3350 3460 3646 3531 ἁμαρτίαν,
3698 3462 3873 3517 σχημα“

2326 3564 2471 3613 τίσαι
2512 3557 2655 3612 οὕτω
2687 3557 2777 3609 τὸν
2808 3556 2957 3618 Θεὸν,
2996 3554 3070 3617 ὼς
3101 3554 3187 3607 διὰ
3219 3554 3317 3622 τὴν
3353 3553 3629 3623 ἁμαρτίαν
3674 3542 3783 3597 ἀντί
3812 3558 3875 3591 τι·

2332 3652 2544 3723 μωρίας
2581 3651 2919 3703 ἐπιτέθειται
2949 3650 2976 3701 ὀ
3009 3646 3260 3711 θάνατος,
3292 3648 3352 3697 οὐ
3395 3644 3495 3713 μὲν
3526 3641 3614 3694 οὖν
3650 3637 3759 3691 οὐδὲ
3777 3651 3875 3723 toa-

2327 3720 2387 3797 τό
2418 3720 2509 3813 μοι
2539 3742 2732 3795 δοκοῦν
2756 3743 2835 3804 εἰς
2864 3740 3057 3812 ὀρθοὺς
3083 3737 3385 3806 ἀναφέρειν
3429 3730 3733 3800 λογισμοὺς,
3765 3720 3876 3777 ἀλλὰ

2328 3835 2426 3889 καὶ
2456 3834 2657 3896 πολλὰς
2711 3832 2936 3902 ὑπέχειν
2987 3829 3087 3893 τὰς
3143 3828 3402 3890 εὐθύνας,
3445 3825 3611 3886 εἴτις
3659 3818 3876 3874 ἀπαιτεῖν

2330 3928 2526 3992 ἐθέλοι,
2560 3924 2683 3991 κᾶν,
2708 3925 2781 3986 ὡς
2804 3925 3012 3985 ἐκεῖνος
3036 3922 3202 3985 εἴποι,
3234 3919 3443 3981 ἱκανῶς
3474 3918 3505 3987 ἠ
3536 3910 3744 3978 τοιαύτη
3775 3904 3877 3965 δόξα

2330 4022 2468 4090 πρὸς
2500 4020 2625 4075 τοὺς
2651 4014 2978 4084 αἰρεσιώτας
3010 4012 3368 4082 ἁπομάχηται
3407 4010 3469 4063 ¹³.
3508 4007 3579 4061 Οὐ
3634 4003 3732 4070 γὰρ
3768 3999 3812 4049 εἴ
3836 4010 3877 4093 ξι

2330 4108 2750 4182 διαμάχεταιτῷ
2766 4107 2992 4177 χείρονι,
3018 4105 3224 4173 ἀγαθόν
3250 4120 3263 4133 ο
3294 4103 3394 4156 καὶ
3445 4100 3553 4171 γὰρ
3609 4096 3693 4148 καὶ
3728 4093 3877 4151 ἑαυτῳ

2336 4206 2568 4274 μάχεται
2599 4204 2660 4255 τὸ
2688 4202 2856 4254 κακόν
2882 4216 2895 4229 ’
2930 4198 3042 4251 ἁλλ’
3074 4198 3204 4249 εἴτι
3230 4195 3526 4265 σύμφωνον
3580 4186 3715 4259 ὀρθῷ
3758 4184 3877 4283 λογι-

2335 4296 2457 4367 σμῷ
2488 4295 2580 4348 καὶ
2607 4293 2884 4364 γνώριμον
2926 4294 3043 4353 ταῖς
3066 4289 3241 4352 θείαις
3271 4289 3542 4357 Γραφαῖς,
3586 4279 3734 4334 τοῦτο
3767 4286 3877 4373 atto-

2335 4366 2545 4453 δεκτὸν,
2572 4385 2674 4439 κᾶν
2705 4385 2934 4455 οὐδεμία
2967 4383 3177 4453 αἵρεσις
3231 4379 3510 4451 μάχεσθαι
3566 4366 3731 4438 τολμᾷ
3762 4366 3876 4429 πρὸς

2336 4480 2488 4533 αύτό.

2414 4658 2534 4709 Ἔτι
2564 4656 2620 4708 δὲ
2655 4656 2876 4707 κάκεῖνο
2904 4652 3004 4704 οὐκ
3050 4648 3291 4718 ἐγκρίνω
3344 4645 3522 4713 ἔγωγε
3586 4638 3691 4697 τοῖς
3735 4623 3876 4731 τηςΪ

2340 4748 2602 4818 ἀληθείας
2631 4747 2889 4814 δόγμασι,
2912 4717 3224 4812 περιέργως
3253 4758 3311 4792 τε
3344 4734 3634 4809 εἰρημένον
3666 4727 3747 4780 καὶ
3770 4717 3873 4818 οὐδὲ

2337 4814 2614 4906 γνώριμον
2654 4836 2722 4903 τῇ
2766 4832 3064 4901 Ἐκκλησία
3102 4830 3194 4882 τοῦ
3240 4829 3399 4890 θεοῦ,
3452 4826 3509 4879 τὸ
3556 4823 3645 4875 δύο
3688 4814 3879 4906 ἀφέσεις

2339 4928 2623 4998 ἁμαρτιῶν
2654 4924 2790 4978 εἶναι
2816 4923 3018 4991 λέγειν,
3036 4926 3133 4991 τὴν
3166 4924 3263 4990 μὲν
3284 4920 3389 4973 τῶν
3418 4909 3801 4980 πεπραγμένων
3822 4898 3875 5003 ζ’,

2335 5023 2436 5091 τὴν
2475 5021 2532 5075 δὲ
2562 5021 2662 5072 οὐκ
2691 5013 2789 5071 οἷδ’
2822 5019 2971 5078 ὅπως
3010 5017 3153 5068 εἴποι
3216 5030 3300 5076 τις
3331 5013 3396 5065 ἂν
3448 5010 3540 5063 καὶ
3569 5007 3767 5091 incest-V3
3816 5000 3878 5045 ως

2339 5086 2549 5175 ἐκεῖνος
2578 5111 2748 5177 λέγει,
2778 5110 2951 5179 αὐτὴν
2983 5106 3080 5176 τὴν
3116 5104 3528 5175 ἀναμαρτησίαν
3570 5099 3681 5167 ἦτοι
3710 5086 3763 5140 τὸ
3790 5092 3876 5149 μη¹

1938 5341 2173 5397 νΑῐὶΙιιΕ
2202 5338 2618 5397 LECTIONES.

733 5475 844 5550 δέν
863 5474 1186 5550 ἁμαρτίαις]
1225 5475 1370 5530 ΡεῐιΙ.
1403 5493 1457 5538 L.
1486 5478 1536 5530 7.
1620 5480 1662 5510 ¹⁰
1696 5478 1989 5549 βεϐαιώσει
2014 5482 2149 5550 φησί
2177 5482 2217 5533 Α
2255 5500 2266 5533 :
2304 5481 2596 5549 βεϐαίωσιν
2634 5498 2693 5544 ς.
2772 5480 2811 5508 ’ί
2854 5478 2914 5529 οὐ
2944 5475 3078 5547 δικ.]
3106 5474 3253 5531 Psal.
3281 5488 3445 5536 CXLII.
3469 5470 3523 5523 2.
3598 5462 3638 5493 ¹¹
3669 5454 3798 5527 μόνῳ
3821 5461 3871 5507 ς’

644 5544 921 5609 διαδόντας
944 5547 1007 5598 Α.
1089 5547 1130 5577 ¹³
1160 5544 1503 5618 ἀπομάχεται
1531 5550 1596 5604 Α.
1694 5544 1737 5581 ίδ
1767 5551 1868 5619 τῆς
1902 5544 2035 5605 add;
2064 5544 2126 5604 Ᾱ.

2234 5552 2275 5581 ’³
2307 5554 2415 5603 τών
2443 5568 2500 5602 τε
2528 5569 2695 5620 πεπρ.
2727 5566 2787 5611 ς.

2084 5661 2315 5715 ΝΟΤᾸΕ.

682 5754 828 5837 ,(14)
868 5757 1026 5811 Πᾶσα
1057 5756 1211 5828 σάρξ.
1246 5757 1298 5813 In
1328 5758 1544 5829 vulgata
1576 5761 1706 5816 cuit.
1744 5761 1850 5815 πᾶς
1892 5759 2019 5823 ζῶν.
2054 5762 2223 5815 omnis

648 5842 835 5881 vivens.

2408 5759 2521 5826 (t5)
2572 5758 2650 5810 Ita
2714 5772 2833 5810 cum
2887 5757 2945 5810 B.
3014 5755 3231 5807 Ilieron.
3311 5750 3566 5827 prooemio
3615 5731 3868 5795 commento

2354 5830 2406 5883 iu
2440 5829 2642 5883 Jcrcm.
2680 5829 2842 5883 redde
2866 5828 3300 5896 ἁναμαρτησὲαν.
