4038 6420
245 398 341 460 517

1231 392 1759 454 BIBLIOTHECA.
1791 414 1861 424 —
1904 387 2048 448 COD
2103 388 2435 449 CLXXVII.

3394 384 3498 450 518

243 508 359 559 κέτι
397 505 744 576 ἁμαρτάνειν
773 523 787 536 ο
821 505 902 558 δεῖ
935 504 1043 576 γὰρ
1066 505 1218 576 ἡμῖν,
1244 507 1318 569 ὡς
1341 506 1509 569 ἔοικε,
1537 507 1632 560 καὶ
1648 504 1828 558 πλειό-

1930 503 2043 558 sive
2087 518 2192 556 non
2248 501 2480 570 amplius
2534 511 2781 568 peccare.
2821 495 3050 568 Oportet
3094 500 3236 554 enim
3273 515 3390 559 nos.
3440 512 3500 558 ut

245 618 346 654 νων
375 597 793 670 σαφηνιστικῶν
815 597 1034 662 λέξεων,
1085 598 1172 650 ἵνα
1199 596 1297 668 τὴν
1351 598 1544 668 καινὴν
1606 595 1821 664 ἐκείνην

243 691 688 762 ὑποδηλώσωμεν
716 690 826 743 τῶν
867 689 1155 760 ἁμαρτιῶν
1194 690 1388 758 ἄφεσιν
1419 704 1433 718 ⁸
1483 691 1620 758 ὅπερ
1658 689 1686 740 6
1723 687 1821 756 μὲν

242 783 398 852 ὀρθὸς
433 782 594 851 λόγος
637 781 1056 853 ἀναμαρτησίαν
1096 776 1256 844 οἶδεν,
1296 773 1452 842 οὗτος
1510 779 1567 832 δέ
1626 778 1822 847 ἄφεσιν

244 873 538 942 ἁμαρτιῶν
577 874 792 926 τελείαν
827 875 924 926 καὶ
977 873 1324 943 κυριωτάτην
1386 872 1480 924 καὶ
1540 869 1822 940 ἀναίρεσιν

243 965 396 1017 καλεῖ
424 965 700 1035 ἁμαρτίας
752 966 1016 1031 παντελῆ.
1051 965 1148 1027 Τίς
1191 960 1344 1034 οὗνή
1379 963 1602 1032 τοιαύτη
1637 964 1822 1031 ἁμαρ-

241 1057 372 1109 τιῶν
400 1057 623 1124 ἄφεσις,
669 1057 766 1109 καὶ
816 1056 920 1109 ποῦ
981 1055 1255 1124 διδομένη,
1312 1053 1410 1106 καὶ
1443 1051 1610 1106 πόθεν
1655 1051 1824 1122 ἀρξα-

246 1146 414 1215 μένης
460 1147 701 1217 Ἤρξατο
722 1146 839 1216 μὲν,
882 1147 1046 1217 φησὶν
1068 1147 1132 1212 ὀ,
1167 1144 1563 1215 ἐμφανίζεσθαι
1600 1142 1706 1195 ἀπὸ
1725 1141 1821 1209 τῆς

244 1237 384 1290 κατά
417 1240 514 1290 τὸν
538 1239 818 1308 Δεσπότην
847 1238 1084 1309 Χριστὸν
1112 1237 1426 1306 οἰκονομίας
1451 1235 1546 1288 καὶ
1573 1236 1631 1286 ἐν
1658 1235 1826 1304 ἀρρα-

244 1325 414 1388 ὁὼνος
444 1329 578 1397 ημῖν
611 1327 850 1382 δίδοσθαι
893 1328 1068 1393 τάξει,
1104 1327 1305 1380 δίδοται
1371 1325 1427 1378 δὲ
1464 1324 1687 1386 τελείως
1729 1323 1824 1376 acati.

243 1416 324 1467 ἐπ’
355 1417 547 1480 αὐτοῖς
574 1417 759 1488 ἔργοις
784 1420 825 1449 ¹⁷
856 1420 913 1470 ἐν
937 1421 1002 1489 τῇ
1033 1418 1170 1488 μετά
1204 1416 1302 1488 τὴν
1351 1416 1649 1470 ἀνάστασιν
1684 1415 1824 1468 ἀπο-

244 1506 604 1570 καταστάσει,
635 1509 776 1580 ὑπὲρ
803 1504 890 1582 ἦς,
922 1510 1006 1562 ἵνα
1038 1508 1308 1578 τύχωμεν,
1341 1510 1436 1562 καὶ
1456 1510 1615 1578 ἡμεῖς
1636 1509 1729 1560 καὶ
1755 1506 1822 1560 τά

246 1595 424 1666 βρέφη
461 1597 859 1670 βαπτιζόμεθα.
890 1602 1051 1654 Ἀλλά
1078 1603 1144 1654 τά
1194 1602 1292 1672 μὲν
1345 1600 1712 1672 μέχριτούτου
1747 1600 1824 1664 ὼς

245 1689 445 1753 σεμνὰ,
477 1691 575 1744 καὶ
617 1693 907 1764 κεχηνέναι
953 1693 1112 1764 μόνον
1167 1692 1290 1764 οὐχὶ
1343 1695 1480 1762 πρὸς
1529 1693 1590 1745 τὸ
1648 1693 1823 1764 πέρας

243 1780 498 1844 ἅπαντας
528 1785 1042 1854 παρασκευάζοντα.
1093 1786 1229 1838 Εἰπὲ
1277 1784 1342 1856 δὴ
1387 1783 1572 1837 λοιπδν
1626 1785 1735 1837 Καὶ
1768 1783 1821 1836 τί

244 1871 435 1936 τοῦτο;
476 1849 646 1945 Ὀρθά
692 1876 801 1945 γάρ
834 1849 916 1929 σοι
948 1875 1298 1947 παρεχόμεθα
1328 1849 1418 1930 ’τά
1463 1872 1597 1932 ὦτα.
1634 1877 1729 1940 Τίς
1787 1880 1819 1948 ἡ
1849 1849 1896 1907 Β

241 1963 349 2014 τῶν
380 1965 676 2036 ἁμαρτιῶν
711 1969 904 2038 ἄφεσις
934 1967 1057 2041 [207
1088 1968 1180 2041 Η.]
1223 1971 1257 2040 ἡ
1299 1969 1568 2040 παντελὴς
1599 1969 1820 2038 ἐκείνης

250 2055 472 2120 Οὐκέτι,
507 2059 663 2127 φησὶ,
697 2060 836 2126 μετά
882 2061 978 2131 τὴν
1020 2061 1315 2114 ἀνάστασιν
1368 2059 1822 2132 ἁμαρτησόμεθα.

259 2146 421 2199 Ἀλλά
439 2148 552 2218 γάρ
578 2149 652 2210 ὡς
678 2152 734 2216 ἐξ
759 2152 886 2204 οἴων
925 2154 1072 2222 ἡμᾶς
1119 2152 1470 2216 κατέσπασας
1526 2153 1631 2206 τῶν
1667 2153 1823 2205 ἐλπί-

247 2240 351 2292 δων
387 2240 400 2292 !
450 2241 570 2293 Ἵνα
608 2243 718 2312 γὰρ
747 2243 841 2297 νῦν
890 2245 1037 2299 ἐάσω
1071 2244 1252 2316 ζητεῖν
1292 2246 1439 2304 ὅπως
1483 2245 1599 2298 ἐστι
1648 2244 1824 2312 λέγειν

246 2331 442 2398 ἄφεσιν
481 2334 770 2405 ἁμαρτιῶν
806 2335 983 2400 τοῦτο,
1013 2337 1191 2390 ἐκεῖνο
1251 2338 1530 2407 συντόμως
1577 2336 1687 2406 ἐρῶ
1715 2351 1729 2366 ·
1760 2335 1826 2389 Τί

247 2418 370 2487 οὗνς
399 2427 502 2478 Διά
534 2427 694 2480 τοῦτό
739 2445 820 2480 σοι
849 2429 1088 2498 Χριστὸς
1129 2428 1418 2500 ἐσαρκώθη
1473 2427 1569 2480 καὶ
1631 2430 1826 2480 ἐσταυ-

252 2516 424 2584 ρώθη,
447 2517 533 2569 ἵνα
565 2518 639 2588 μὴ
671 2519 880 2572 ἐκεῖθεν
905 2521 1144 2582 ἀναστὰς
1167 2521 1528 2591 άμαρτήσης;
1581 2519 1708 2590 [400
1731 2517 1820 2590 IL]

248 2610 567 2681 ἡμάρτανον
596 2611 654 2664 δὲ
683 2612 794 2682 ἄρα
830 2612 1040 2665 ἐκεῖθεν
1080 2614 1130 2665 οἱ
1176 2613 1689 2684 προκαταλύσαντες
1734 2614 1826 2666 τὸν

249 2698 381 2768 βίον,
423 2699 557 2769 πρὶν
593 2700 886 2772 ἢΧριστὸς
930 2704 1348 2774 ἐπιδημήσειεν;
1390 2706 1486 2759 Ἂν
1509 2705 1565 2758 δὲ
1592 2707 1665 2777 μὴ
1727 2706 1825 2776 βα-

248 2793 600 2860 πιζιῦμεθα,
631 2795 904 2864 ἁμαρτίας
938 2794 1018 2848 ἔτι
1041 2796 1460 2868 διαπραξόμεθά
1491 2816 1572 2852 σοι
1597 2801 1711 2852 ἐκεῖ
1733 2801 1826 2852 καὶ

245 2886 409 2954 ἡμεῖς
441 2886 538 2938 καὶ
564 2886 632 2939 τά
662 2886 866 2957 βρέφη;
894 2888 946 2940 τί
980 2888 1067 2953 se;
1107 2891 1156 2942 οἱ
1182 2889 1400 2944 ἄπιστοι
1423 2892 1626 2954 πάντες
1664 2894 1826 2947 πάλιν

246 2978 352 3028 κάν
374 2977 455 3046 τῷ
489 2977 734 3047 μέλλοντι
767 2979 922 3031 αξῶνι
941 2980 1034 3032 καὶ
1060 2981 1317 3050 κλέψουσι
1341 2984 1434 3036 καὶ
1464 2984 1821 3054 πορνεύσουσι

245 3069 344 3120 καὶ
380 3069 779 3142 δυσσεϐήσουσι
810 3074 903 3126 καὶ
935 3075 1292 3147 λῃστεύσουσι
1313 3077 1408 3128 καὶ
1438 3079 1620 3130 πᾶσαν
1641 3080 1822 3134 αὐτῶν

1899 2542 2085 2595 pem;
2122 2529 2322 2598 123a
2357 2527 2486 2580 illud
2526 2537 2731 2580 tantum
2773 2527 3011 2579 breviter
3062 2526 3262 2594 rogabo
3300 2542 3313 2577 :

1925 605 2168 666 apparet,
2221 594 2467 663 pluribus
2506 592 2926 660 explanantibus
2965 593 3245 648 vocabulis
3295 594 3396 657 uti.
3436 604 3496 645 ut

1926 703 2116 742 novam
2146 686 2295 742 illam
2330 694 2676 754 peccatorum
2722 684 3098 737 remissionem
3133 683 3495 739 declaramus.

1925 779 2080 846 Quod
2111 778 2256 832 enim
2293 784 2438 831 recta
2478 774 2726 845 loquendi
2762 775 2901 828 ratio
2952 774 3356 837 impeccanltam
3402 789 3499 827 no-

1925 874 2117 935 minat,
2151 871 2240 923 ille
2265 877 2609 938 peccatorum
2637 868 2848 921 veniam
2888 864 3206 937 perfectam,
3237 874 3292 918 et
3329 867 3500 919 maxi-

1927 981 2013 1018 tue
2047 974 2244 1026 ratam,
2275 964 2650 1030 integrumque
2695 959 2927 1028 appellat
2954 959 3161 1026 peccati
3196 959 3496 1012 interitum.

1927 1055 2248 1124 Ecquaanam
2282 1053 2446 1121 igitur
2483 1054 2592 1105 haec
2638 1061 2984 1118 peccatorum
3017 1051 3285 1111 remissio,
3313 1061 3368 1104 et
3409 1052 3499 1104 ubi

1927 1148 2095 1208 facta,
2131 1147 2378 1214 nudoque
2415 1144 2680 1213 originem
2730 1141 2922 1196 duxit?
2950 1142 3125 1210 Coepit
3157 1144 3374 1211 quidem
3409 1143 3498 1196 illa

1928 1236 2279 1290 manifestare
2310 1249 2387 1299 se,
2431 1235 2528 1300 ait,
2561 1249 2628 1287 ex
2657 1248 2762 1302 quo
2793 1233 3041 1287 Christus
3079 1232 3345 1287 Dominus
3377 1250 3500 1288 car-

1928 1343 2051 1382 nem
2086 1328 2280 1391 induit,
2312 1336 2365 1380 et
2409 1325 2739 1380 arrhabonis
2768 1325 2924 1379 nobis
2952 1325 3070 1378 loco
3104 1327 3240 1379 tradi
3268 1342 3281 1378 :
3320 1325 3502 1394 perfe-

1927 1431 2014 1475 cte
2065 1435 2193 1473 vero
2249 1420 2426 1485 datur,
2483 1433 2606 1473 cum
2644 1432 2741 1486 pro
2783 1418 2942 1471 bonis
2993 1405 3270 1486 operibus,
3303 1428 3413 1470 tum
3447 1419 3500 1471 in

1926 1513 2015 1568 illa
2052 1511 2465 1574 instauratione,
2513 1525 2631 1578 qum
2670 1519 2792 1578 post
2837 1509 3015 1562 carnis
3043 1512 3501 1564 resurrectionem

1926 1603 2105 1658 futura
2139 1615 2243 1665 est,
2272 1615 2379 1670 qua
2408 1611 2466 1653 ut
2495 1601 2786 1668 petiamur,
2834 1607 2940 1651 tam
2973 1613 3092 1662 nos,
3122 1613 3281 1666 quam
3313 1614 3502 1652 recens

1926 1697 2042 1750 nati
2095 1695 2326 1749 infantes
2373 1695 2737 1763 baptizamur.
2786 1689 2933 1746 Satis
2981 1690 3197 1760 quidem
3231 1690 3340 1755 illa,
3383 1704 3503 1759 quae

1929 1791 2069 1843 dicta
2106 1798 2230 1842 sunt
2261 1786 2547 1848 hactenus,
2592 1784 2876 1854 praeclara,
2920 1791 2974 1837 et
3007 1798 3126 1853 qua:
3159 1792 3363 1836 tantum
3395 1800 3501 1837 non

1925 1877 2132 1932 inhiare
2187 1876 2277 1929 (iui
2307 1891 2496 1930 omnes
2539 1874 2780 1942 jubeant.
2848 1874 2941 1926 Dic
3011 1888 3140 1942 ergo
3194 1872 3499 1941 deinceps:

1923 1971 1992 2025 Et
2029 1971 2158 2039 quid
2202 1969 2304 2022 hoc
2336 1967 2454 2022 rei:
2500 1981 2660 2021 aures
2697 1966 2844 2018 enim
2883 1965 2980 2019 tibi
3009 1976 3251 2019 arrectas
3296 1966 3503 2035 praebe-

1924 2079 2068 2118 mus.
2094 2062 2378 2129 Quaznam,
2416 2061 2660 2129 inquam,
2695 2061 2812 2113 haec
2845 2069 2931 2112 est
2957 2069 3301 2128 peccatorum
3329 2057 3505 2128 perfe-

1926 2165 2014 2212 cta
2067 2154 2361 2210 remissio?
2403 2153 2518 2207 Non
2566 2153 2820 2222 amplius,
2866 2153 3068 2220 inquis,
3104 2163 3222 2222 post
3255 2167 3503 2207 resurre-

1923 2251 2159 2304 ctionem
2205 2229 2568 2317 peccabimns.
2630 2247 2802 2312 Quam
2865 2262 2996 2301 sane
3030 2249 3097 2300 ab
3150 2247 3352 2315 ingenti
3405 2261 3502 2315 spe

1925 2359 2024 2398 nos
2072 2343 2408 2398 detnrbastii
2448 2351 2505 2394 ut
2546 2341 2690 2394 etiim
2743 2356 2886 2394 nunc
2931 2355 3179 2409 quzerere
3225 2339 3505 2406 omittam;

1925 2453 2162 2507 quonam
2205 2439 2362 2490 modo
2391 2436 2576 2490 dicere
2625 2435 2806 2500 liceat,
2835 2444 3186 2503 peccatorum
3216 2431 3506 2486 remissio-

3366 2523 3508 2589 Quid

1928 2620 2057 2675 ais?
2083 2619 2450 2688 Proptereane
2514 2616 2764 2671 Christus
2795 2616 2888 2670 tibi
2924 2616 3083 2669 homo
3113 2614 3285 2669 factus
3321 2623 3423 2678 est,
3454 2623 3509 2666 et

1927 2713 2077 2766 cruci
2105 2712 2319 2775 aflixus,
2372 2723 2440 2762 ne
2481 2719 2536 2762 tu
2576 2708 2646 2762 ibi
2678 2716 2797 2775 post
2823 2707 3279 2762 resurrectionem
3312 2706 3508 2759 iterum

1931 2803 2178 2872 pecces?
2215 2800 2593 2856 Peccahantne
2638 2798 2800 2866 igitur
2847 2797 2957 2850 illic
2986 2836 3001 2860 ,
3053 2797 3142 2866 qui
3199 2797 3305 2849 vita
3361 2797 3511 2864 prius

1932 2891 2202 2955 abierunt,
2234 2905 2396 2962 quam
2429 2889 2481 2943 in
2515 2887 2772 2942 mundum
2819 2885 3065 2941 Christus
3093 2885 3342 2946 veniret?
3368 2883 3432 2937 Et
3467 2884 3512 2937 si

1934 2985 2076 3039 forte
2115 2999 2220 3037 non
2273 2982 2634 3052 baptizcmur,
2675 2979 3021 3049 peccabimns
3055 2979 3124 3032 ibi
3171 2979 3348 3032 adhuc
3395 2975 3514 3048 [tuo

1934 3075 2160 3148 judicio]
2195 3085 2248 3130 et
2283 3091 2402 3142 nos,
2457 3085 2513 3129 et
2544 3073 2814 3128 infantes?
2859 3073 3037 3138 Quid?
3090 3069 3340 3125 lnﬁdeles
3393 3085 3515 3125 om-

252 3159 542 3230 μοχθηρὰν
567 3161 863 3232 ἐπιθυμίαν
893 3164 1316 3236 πληρώσουσιν;
1353 3167 1428 3220 Ού
1475 3168 1584 3239 γὰρ
1610 3169 1826 3234 δικαίας

1937 3186 2052 3236 nes,
2118 3183 2405 3223 rursumne
2457 3167 2638 3222 futuro
2696 3165 2915 3230 satculo,
2955 3175 3011 3219 et
3081 3165 3426 3229 furabuntur,
3463 3173 3518 3217 et

246 3265 313 3315 γε
334 3250 525 3314 αὐτοῖς
551 3251 658 3304 τῶν
683 3253 916 3307 ἐνταῦθα
955 3255 1515 3327 πεπλημμελημένων
1545 3258 1639 3312 καὶ
1670 3259 1833 3332 βαρυ-

244 3342 419 3404 τάτας
456 3341 676 3413 ἐξεῦρες
701 3343 800 3408 τὰς
837 3347 1126 3417 τιμωρίας.

1940 3265 2369 3329 fornicabnntur,
2408 3263 2676 3332 impieque
2716 3269 2894 3332 agent,
2937 3276 2999 3314 ac
3025 3259 3514 3321 latrocinabuntur,

1935 3369 2260 3424 omnemque
2307 3354 2440 3408 adeo
2489 3354 2569 3407 sui
2617 3352 2870 3407 desiderii
2923 3349 3218 3419 nequitiam
3251 3347 3517 3417 adimple-

260 3433 428 3487 διμιιῖ
479 3433 597 3490 Non
649 3436 793 3491 enim
846 3439 1017 3500 iustas
1068 3441 1203 3495 satis
1234 3439 1316 3495 vel
1355 3455 1567 3507 eorum,
1593 3457 1712 3512 qua:
1755 3444 1846 3500 hic
1881 3449 2290 3512 commiserunt,
2334 3446 2683 3517 quantumvis
2722 3445 3076 3516 gravissimas
3155 3458 3367 3513 pinnas,
3432 3459 3518 3497 re-

252 3521 456 3578 pcrias.

325 3605 471 3658 ⁹Λλλ⁹
506 3606 566 3672 ἐξ
604 3607 678 3661 ὧν
723 3615 768 3647 ιδ
799 3633 888 3686 μοι
923 3617 1023 3671 οὐκ
1055 3618 1339 3691 ἐγκριτέον
1389 3622 1554 3676 αὐτοῦ
1587 3625 1685 3694 τὴν
1727 3624 1838 3678 τῶν

250 3698 545 3766 ἁμαρτιῶν
569 3699 784 3768 ἄφεσιν,
827 3706 1200 3779 ἐνεδειξάμην.
1242 3713 1395 3782 Τάχα
1439 3714 1484 3767 δ’
1529 3715 1639 3767 οὐδ’
1675 3714 1837 3778 αὐτὸς

251 3791 396 3843 ἑκὼν
425 3792 709 3846 ἐπὶτοῦτο
753 3791 936 3866 ἦλθεν,
982 3799 1096 3852 ἀλλ’
1139 3803 1226 3856 ἵνα
1276 3805 1414 3878 λύσῃ
1460 3806 1558 3876 τὴν
1603 3807 1837 3878 ἀπορίαν

250 3883 361 3935 τὼν
383 3883 675 3953 λεγόντων,
714 3888 811 3941 Διὰ
843 3890 894 3942 τί
922 3891 988 3942 τά
1020 3891 1194 3964 βρέφη
1225 3900 1474 3950 κοινωνεῖ
1503 3897 1611 3951 τῶν
1639 3900 1840 3968 ἀχράν-

249 3992 360 4027 των
403 3976 766 4047 μυστηρίων;
807 3980 894 4035 διά
926 3983 979 4035 τί
1021 3985 1114 4037 τοῦ
1147 3985 1522 4058 βαπτίσματος
1569 3988 1834 4054 ἀξιοῦται,

248 4068 298 4118 εξ
351 4067 430 4138 μὴ
466 4069 560 4121 καὶ
588 4070 726 4124 αὐτὰ
755 4073 914 4142 γέμει
958 4077 1265 4148 ἁμαρτιῶν,
1309 4080 1368 4132 ἐν
1411 4083 1476 4151 τῇ
1531 4081 1688 4151 φύσει
1739 4082 1840 4150 τῆς

245 4157 530 4228 ἁμαρτίας
580 4166 1091 4238 κατεσπαρμένης;
1152 4170 1246 4224 καὶ
1289 4171 1396 4242 γάρ
1437 4174 1518 4237 είς
1562 4173 1757 4243 ἄφεσιν
1795 4177 1836 4208 ⁸⁸

248 4249 426 4304 ταῦτα
458 4252 659 4309 δίδοται
687 4257 996 4328 ἁμαρτιῶν.
1042 4261 1180 4315 Ἀλλ’
1217 4265 1384 4335 ἐχρῆν
1432 4265 1529 4320 καὶ
1564 4267 1663 4338 τὴν
1699 4271 1838 4322 ἀπο-

251 4341 407 4411 ρίαν,
471 4347 672 4411 zona;
721 4350 949 4420 ἔχουσαν
1003 4353 1211 4408 λύσεων
1251 4358 1526 4428 ἀφορμάς,
1571 4361 1838 4432 ἑτέρωθεν

250 4434 638 4495 ἐπιλύσασθαι,
678 4445 773 4492 καὶ
808 4444 877 4498 τὰ
906 4445 1147 4516 ἑπόμενα
1180 4451 1248 4519 τῇ
1278 4450 1472 4518 ἀφέσει
1508 4452 1617 4506 τῶν
1649 4455 1831 4524 ἁμαρ-

246 4524 381 4576 τιῶν
414 4524 582 4577 αὑτοῦ
605 4525 780 4579 ἄτοπα
809 4528 1258 4601 ὲπισκυπήταντα
1293 4540 1460 4611 μηδὲν
1503 4545 1831 4615 τερατεύσα-

252 4612 376 4667 σθαι
406 4613 667 4668 τοιοῦτον.

325 4788 483 4840 Ἔστι
520 4788 618 4880 μὲν
651 4784 800 4854 οὗτος
838 4793 866 4844 ό
891 4792 1165 4865 Θεόδωρος
1209 4799 1236 4850 6
1275 4801 1369 4853 καὶ¹
1408 4805 1530 4857 κατ’
1564 4807 1829 4880 Εὐνομίου

248 4881 306 4972 ἓν
335 4887 402 4972 κιᾼ
418 4881 512 4972 gat,
546 4878 594 4950 η’
618 4880 796 4972 λόγοις
825 4885 924 4937 οὐκ
947 4886 1189 4954 ἀγεννῶς
1207 4891 1636 4965 ἀγωνισάμενος,
1661 4878 1761 4972 την
1783 4906 1830 4937 ³ο

247 4969 534 5023 Βασὰείου
567 4971 662 5024 τοῦ
711 4972 1020 5041 θεσπεσίου,
1076 4979 1278 5048 μᾶλλον
1317 4983 1374 5038 δὲ
1408 4985 1508 5056 τῆς
1548 4969 1826 5061 ἀληθείας,

249 5062 537 5130 κρατύνων
567 5061 762 5126 δόξανο
801 5065 834 5134 ἦ
881 5082 942 5118 τε
985 5068 1093 5136 γὰρ
1141 5070 1285 5136 λέξις
1333 5075 1426 5128 καὶ
1473 5078 1583 5131 τῶν
1631 5081 1828 5147 λέξεων

248 5151 283 5218 ἡ
318 5151 562 5223 συνθήκη
591 5154 684 5206 καὶ
713 5155 742 5207 6
780 5154 905 5220 νοῦς
934 5159 1041 5212 τῶν
1084 5160 1369 5231 δογμάτων
1418 5171 1512 5222 καὶ
1551 5172 1614 5225 τὸ
1660 5176 1829 5230 πολύ-

249 5257 377 5308 χουν
410 5243 511 5312 τῆς
544 5244 857 5317 ἀνατροπῆς
903 5249 997 5302 καὶ
1030 5246 1197 5304 τᾶλλα
1228 5255 1348 5307 κατ’
1375 5259 1528 5312 οὐδὲν
1577 5263 1830 5321 διαλλάσ-

251 5348 353 5386 σει.
412 5335 654 5408 Ἀσαφὴς
701 5337 758 5392 δέ
807 5340 945 5405 ἐστι,
1004 5342 1179 5397 καίτοι
1235 5345 1376 5411 λέξει
1424 5352 1486 5404 οὐ
1547 5353 1830 5432 ξενιζούσῃ

2005 3626 2082 3679 En
2115 3626 2211 3680 tibi
2251 3641 2314 3680 ex
2365 3627 2563 3696 quibus
2614 3627 2770 3681 istam
2821 3627 2990 3698 ipsius
3035 3635 3380 3694 peccatorum
3429 3638 3519 3677 re-

1937 3715 2248 3770 missionem
2293 3718 2526 3785 probare
2576 3732 2682 3770 non
2711 3719 2935 3786 possim,
2984 3717 3095 3787 jam
3139 3715 3372 3770 ostendi.
3411 3714 3520 3769 Sed

1936 3808 2172 3864 fortasse
2207 3824 2276 3864 ne
2305 3811 2419 3878 ipse
2470 3809 2688 3877 quidem
2741 3809 2928 3864 volens
2980 3811 3086 3863 huc
3118 3809 3382 3863 deductus
3411 3819 3519 3874 ρει,

1936 3909 2254 3970 tantumque
2303 3909 2362 3954 ut
2399 3901 2593 3956 dubios
2633 3902 2712 3956 sic
2739 3903 3094 3970 quaerentium
3119 3903 3288 3955 nodos
3323 3900 3522 3955 dissol-

1935 3999 2026 4044 vat
2060 4010 2074 4046 :
2105 3992 2282 4058 Quare
2313 3993 2463 4060 pueri
2494 3994 2855 4049 sanctissimis
2897 3994 3172 4065 mysteriis
3215 3993 3522 4048 communi-

1936 4084 2100 4137 cant?
2127 4083 2238 4138 Cur
2286 4084 2611 4154 baptismate
2659 4086 2808 4153 digni
2853 4084 3216 4155 iudicantur?
3254 4084 3356 4138 nisi
3393 4086 3516 4155 quia

1935 4181 1989 4226 et
2019 4173 2122 4240 ipsi
2171 4175 2408 4242 peccatis
2459 4175 2756 4238 abundant,
2805 4175 2970 4228 insito
3017 4174 3129 4244 jam
3169 4174 3220 4227 in
3271 4183 3518 4227 naturam

1936 4263 2106 4334 ipsam
2138 4265 2403 4334 peccato?
2435 4265 2494 4319 In
2523 4275 2864 4332 peccatorum
2901 4266 3045 4321 enim
3091 4267 3205 4319 hzec
3229 4266 3520 4320 remissio-

1935 4371 2057 4410 nem
2091 4357 2460 4413 conferuntur.
2519 4357 2717 4413 Verum
2769 4359 3052 4428 oportebat
3085 4369 3140 4412 et
3188 4358 3332 4411 illam
3362 4356 3520 4410 dubio

1939 4451 2223 4516 tationem,
2255 4451 2454 4505 multas
2479 4452 2678 4522 alioqui
2715 4452 3003 4507 habentem
3023 4449 3352 4506 dissolvendi
3385 4449 3517 4507 vias,

1935 4542 2042 4597 alio
2098 4545 2258 4598 modo
2318 4545 2638 4608 dissolvere,
2696 4544 3058 4612 absurdisque
3115 4543 3238 4603 illis,
3286 4553 3405 4607 qua:
3449 4540 3514 4590 ad

1934 4630 2104 4700 ipsius
2139 4644 2482 4702 peccatorum
2517 4635 2892 4689 remissionem
2931 4639 3357 4699 consequuntur,
3388 4640 3518 4682 con-

1934 4724 2210 4786 sideralis.
2246 4726 2380 4779 nihil
2411 4725 2674 4794 ejusmodi
2705 4726 3012 4795 prodigiose
3042 4722 3370 4790 conﬁngere.

2006 4816 2150 4872 Idem
2194 4816 2283 4874 hic
2316 4814 2635 4871 Theodorus
2669 4817 2757 4870 ille
2787 4825 2890 4880 est,
2935 4814 3027 4884 qui
3053 4813 3313 4866 adversus
3339 4810 3517 4865 Euno-

1936 4911 2103 4964 mium
2141 4910 2300 4964 libris
2327 4921 2450 4964 octo
2490 4919 2544 4964 et
2572 4909 2760 4977 viginti
2805 4909 2917 4980 (l6)
2948 4923 3056 4962 non
3090 4905 3327 4976 segniter
3357 4904 3520 4973 depu-

1937 5003 2143 5071 gnavit,
2176 5011 2231 5056 et
2263 5002 2439 5055 sancti
2469 5000 2678 5065 Basilii,
2722 5000 2803 5055 vel
2839 5000 3124 5069 ipsiusmet
3162 4997 3340 5067 potius
3379 4998 3524 5049 veri-

1938 5094 2088 5160 tatis,
2124 5095 2447 5148 sententiam
2490 5093 2858 5148 coofirmavit.
2887 5092 3098 5146 Etenim
3129 5104 3302 5159 neque
3337 5101 3513 5151 voces,

1935 5201 2112 5255 neque
2142 5203 2333 5242 vocum
2385 5188 2729 5256 compositio,
2761 5201 2936 5255 neque
2981 5187 3286 5254 dogmatum
3339 5191 3514 5238 mens,

1939 5292 2118 5346 neque
2151 5279 2300 5333 varia
2338 5280 2423 5334 illa
2461 5290 2514 5334 et
2546 5279 2663 5334 fusa
2713 5279 2979 5333 refutandi
3016 5276 3173 5336 ratio,
3216 5285 3313 5324 nec
3353 5269 3402 5322 id
3428 5284 3520 5337 ge—

1939 5381 2042 5420 nus
2067 5369 2171 5422 alia
2203 5371 2482 5440 quidpiam
2512 5370 2786 5427 differunt.
2824 5372 2938 5424 Etsi
2982 5376 3161 5422 autem
3193 5361 3521 5417 dictionibus

1516 5485 1754 5546 VARUE
1813 5496 2225 5560 LECTIONES.

342 5612 387 5641 ¹⁶
417 5614 586 5685 φησιν
630 5613 757 5668 add.
791 5613 853 5668 A.
933 5617 975 5647 "
1004 5615 1183 5687 ἔργοις
1205 5620 1299 5674 καὶ
1329 5622 1386 5675 ἐν
1415 5642 1475 5688 ς.
1559 5627 1600 5659 ¹⁵
1630 5630 1688 5695 ἐξ
1716 5623 1789 5684 ὧν
1822 5635 1867 5686 Α
1897 5654 1911 5690 :
1952 5636 2079 5708 ἐξῆς
2114 5657 2174 5703 ς.
2254 5641 2296 5673 ¹⁹
2330 5642 2421 5696 καὶ
2447 5640 2556 5712 γάρ
2589 5640 2684 5695 καὶ
2712 5640 2788 5703 εἰς
2820 5655 2879 5703 ς.
2968 5639 3013 5670 ²⁰
3042 5635 3163 5708 τὴν]
3194 5637 3290 5691 καὶ
3327 5635 3425 5708 τὴν
3453 5653 3515 5701 ς’

1705 5748 1910 5806 NCT/Ii
1921 5797 1932 5810 .

325 5798 437 5868 (l6)
472 5799 606 5871 Sup.
633 5802 758 5858 cod.
795 5819 900 5860 xxv
932 5806 1194 5864 duntaxat
1222 5797 1564 5870 rclcruntur.

3555 4781 3560 4806 l
