4038 6418
588 353 693 417 519

1735 358 1997 419 PHOTlI
2036 355 2541 415 PATRIARCHE
2578 356 2685 417 (ΣΡ.

3741 354 3846 417 5Ξο

588 480 772 526 utatur
822 483 926 523 non
980 467 1282 535 inusitatis,
1324 471 1589 527 obscurus
1642 481 1822 526 tamen
1871 481 1973 526 est.
2028 468 2161 535 Quia

2274 471 2548 540 χρώμενος
2578 486 2593 502 ο
2626 469 2761 524 άλλά
2789 470 2868 541 τῷ
2895 472 3253 542 σχοινοτενέσι
3281 470 3515 542 χρῆσθαι
3534 470 3599 522 ἐκ
3625 467 3721 520 τοῦ
3752 472 3847 523 ἐπὶ

584 564 730 616 enim
790 572 1066 617 catenatas
1117 575 1177 617 ut
1212 562 1503 633 plurimum
1548 566 1767 620 adhibet
1816 566 2084 634 periodos,
2110 574 2164 618 et

2266 565 2519 619 πλεῖστον
2554 566 2825 635 περιόδοις
2860 566 2954 618 καὶ
2984 565 3359 636 παρεμϐολαῖς
3399 564 3847 635 άλλεπαλλὴλοις,

586 652 1026 721 interpositiones
1091 657 1349 722 crebras,
1401 673 1497 726 per
1561 674 1697 726 quas
1761 658 1923 711 etiam
1976 672 2165 711 sensus

2274 660 2331 712 St‘
2367 651 2441 712 ὧν
2464 662 2557 713 καὶ
2596 661 2677 722 είς
2702 660 2967 729 μήκιστον
2994 661 3023 711 ὁ
3053 659 3176 721 νοῦς
3203 658 3547 711 ἀποτείνεται
3576 656 3688 710 τῶν
3715 674 3852 726 προ-

587 760 748 812 quam
797 746 1114 815 longissime
1162 766 1189 801 a
1239 766 1300 804 re
1344 751 1621 825 proposita
1648 749 1899 803 recedit:
1946 764 2162 802 rursum

587 837 710 907 quia
759 841 1034 893 nominum
1078 840 1311 908 obliquis
1346 857 1410 896 ac
1450 840 1745 911 participiis
1788 841 2071 905 redundat,
2110 850 2165 894 ct

590 944 678 982 res
702 922 926 983 easdem
973 931 1283 1000 frequenter
1329 934 1526 1001 (neque
1563 933 1614 986 id
1649 933 1782 986 satis
1827 932 2040 1001 ornate)
2076 948 2163 985 rc-

587 1018 753 1071 volvit
794 1034 857 1074 ac
918 1023 1158 1090 repetit:
1196 1025 1320 1091 quia
1358 1026 1588 1092 denique
1631 1025 1981 1095 repetitioncs
2023 1024 2167 1079 illius

587 1110 851 1178 pluribus,
916 1130 1077 1183 quant
1130 1117 1469 1171 narrationes
1527 1118 1658 1185 ipsa:
1708 1119 1895 1188 (quod
1946 1122 2168 1174 omnino

588 1201 706 1254 sine
738 1204 991 1259 methodo
1048 1206 1128 1275 fit)
1161 1208 1591 1264 circumstantiis
1643 1210 1859 1265 referta:
1910 1222 2055 1278 sunt,
2092 1214 2167 1266 si-

591 1294 916 1365 milibusque
945 1314 1010 1351 ex
1067 1302 1247 1353 causis
1281 1317 1385 1355 non
1419 1318 1609 1370 parum
1641 1304 1995 1359 obscuritatis
2024 1306 2163 1358 scri-

589 1392 694 1457 ptis
723 1391 843 1444 suis
867 1394 1125 1462 aspergit.
1168 1396 1405 1464 Apparet
1440 1408 1620 1451 autem
1650 1398 1954 1452 studiosius
1984 1412 2168 1451 versa-

593 1492 704 1537 tum
741 1482 905 1539 fuisse
937 1485 985 1539 iu
1019 1502 1175 1540 sacra
1204 1499 1388 1541 nostra
1428 1490 1612 1543 divina
1648 1490 1953 1559 Scriptura,
1980 1491 2081 1544 etsi
2116 1490 2168 1543 in

591 1572 863 1646 plerisque
888 1592 915 1629 ιι
952 1578 1181 1633 veritate
1215 1579 1453 1633 aberret.

1212 1671 1537 1727 CLXXVIII.

756 1762 1082 1816 Dioscuridis
1130 1763 1204 1817 De
1234 1765 1458 1817 materia
1494 1766 1695 1817 medica
1720 1766 1840 1818 libri
1875 1781 1967 1819 vn.

662 1853 913 1923 Legimus
954 1854 1279 1907 Dioscoridis
1318 1853 1395 1906 De
1446 1857 1665 1908 materia
1722 1854 1971 1928 [medica]
2017 1855 2168 1910 volu-
2198 1832 2244 1890 Β

593 1960 718 1999 men
753 1944 944 2013 123b
1006 1954 1216 2012 septem
1253 1941 1568 1998 distinctum
1613 1946 1782 2000 libris.
1835 1949 2072 2013 Quorum
2116 1948 2168 2001 in

592 2038 863 2106 prioribus
889 2035 1123 2103 quinque
1158 2036 1268 2103 agit
1314 2036 1379 2089 de
1406 2037 1609 2103 herbis,
1648 2038 1928 2106 stirpibus,
1955 2053 2172 2092 aroma-

596 2131 761 2191 tibus,
795 2127 1243 2197 confectionequ
1270 2129 1371 2182 olei
1396 2140 1445 2182 et
1480 2132 1758 2197 unguenti.
1791 2130 1922 2184 Item
1957 2134 2023 2185 de
2055 2133 2173 2185 ani-

595 2221 871 2274 mantibus
908 2230 990 2283 ,et
1015 2220 1080 2273 de
1116 2221 1349 2289 partium
1380 2222 1594 2275 illorum
1638 2222 1890 2276 utilitate.
1923 2223 2173 2277 Dearbo-

598 2313 748 2365 ribus
789 2326 1023 2380 quoque,
1075 2322 1129 2366 et
1178 2314 1376 2376 succis,
1410 2328 1473 2367 ac
1499 2313 1774 2384 lacrymis.
1809 2313 2077 2367 Praeterea
2110 2316 2174 2369 de

597 2402 776 2463 melle,
824 2412 878 2455 et
920 2401 1080 2465 lacte,
1138 2411 1298 2469 atque
1330 2403 1521 2471 adipe:
1569 2404 1743 2471 deque
1781 2404 1868 2466 iis,
1914 2418 2033 2472 qua:
2063 2402 2175 2457 frti.

597 2501 874 2545 mentacea
901 2500 956 2546 et
997 2492 1246 2546 oleracea
1290 2500 1571 2547 vocantur.
1604 2493 1686 2545 Ad
1730 2494 1843 2547 lucc
1878 2494 1943 2547 de
1982 2495 2174 2547 radici-

592 2584 715 2647 bus,
752 2584 969 2652 plantis,
1006 2585 1262 2650 arbustis,
1302 2585 1505 2651 herbis,
1541 2593 1595 2639 et
1623 2600 1957 2654 quaecunque
1989 2601 2055 2640 ex
2088 2588 2172 2641 bis

594 2677 677 2730 vel
737 2675 998 2745 liquorem
1049 2678 1133 2731 vel
1170 2676 1402 2731 fructum
1447 2678 1515 2731 ad
1559 2679 1821 2731 medicam
1862 2678 2171 2733 facultatem

595 2768 780 2822 utilem
849 2768 1066 2822 habent.
1118 2768 1257 2834 Quin
1310 2778 1364 2822 et
1397 2768 1462 2823 de
1492 2769 1601 2823 vini
1650 2771 1963 2838 geeribus,
1998 2786 2061 2824 ac
2107 2770 2173 2825 de

594 2856 884 2912 metallicis
930 2872 1050 2926 qua:
1083 2857 1455 2924 nominantur,
1482 2860 1696 2912 abunde
1740 2869 1936 2914 tractat
1967 2869 2022 2914 et
2054 2859 2174 2929 plu-

593 2949 878 3012 rimorum,
922 2948 988 3002 de
1040 2948 1238 3017 quibus
1292 2948 1475 3003 dicere
1529 2950 1866 3016 instituerat,
1922 2950 2171 3020 ﬁguram,

594 3053 869 3105 naturam,
905 3051 1060 3097 ortus
1092 3043 1290 3106 locum,
1340 3058 1447 3112 quo
1502 3044 1824 3111 investigata
1879 3045 2041 3099 citius
2081 3060 2175 3098 co-

594 3142 945 3205 gnoscantur,
1005 3145 1259 3190 accurate
1306 3135 1579 3190 describit.
1644 3136 1864 3191 Parcius
1916 3139 2175 3192 duntaxat

596 3243 755 3285 nsum
788 3228 866 3282 rei
926 3228 1206 3297 cujusque,
1258 3229 1543 3298 minuSQue
1594 3239 1844 3283 accurate
1891 3231 2171 3284 historiam

592 3322 836 3375 ascribit.
870 3320 1132 3375 Vinorum
1183 3322 1305 3375 item
1340 3320 1549 3374 varium
1594 3322 1645 3375 in
1686 3323 1769 3376 his
1802 3324 1982 3391 prodit
2009 3339 2174 3393 appa-

591 3422 793 3465 ratum.
847 3412 1017 3466 Sexto
1082 3422 1262 3465 autem
1331 3411 1469 3467 libro
1524 3412 1593 3468 de
1641 3413 1708 3468 its
1766 3414 2175 3469 medicamentis

594 3500 834 3567 disserit,
861 3517 980 3571 qua:
1008 3512 1099 3554 aut
1135 3502 1296 3556 noxia
1328 3512 1475 3569 sunt,
1508 3514 1603 3557 aut
1624 3504 1903 3558 salutaria.
1933 3504 2175 3572 Septimo

595 3594 831 3663 denique
865 3606 920 3649 et
963 3595 1123 3662 hujus
1167 3595 1347 3664 operis
1377 3595 1490 3665 (18)
1538 3596 1752 3657 ultimo.
1783 3606 2174 3651 venenatorum

594 3687 951 3741 animantium
984 3687 1261 3741 historiam
1300 3687 1510 3753 scribit,
1560 3703 1625 3744 ac
1670 3703 1769 3757 per
1798 3702 2044 3757 quaenam
2084 3688 2176 3757 qui

598 3779 651 3831 in
676 3778 866 3832 horum
899 3778 1115 3848 aliquod
1158 3780 1467 3844 inciderint,
1497 3790 1589 3833 aut
1619 3780 1916 3850 perfectam
1952 3782 2179 3836 medici-

599 3886 749 3933 nam,
782 3881 876 3925 aut
905 3871 1167 3941 quidquid
1200 3872 1392 3925 saltem
1440 3872 1616 3926 solatii
1649 3871 1830 3927 all‘erri
1860 3876 2046 3943 possit,
2088 3890 2177 3927 re-

597 3964 831 4031 periant.
872 3962 1049 4030 Atque
1105 3963 1191 4016 hic
1248 3964 1421 4031 operi.
1450 3964 1574 4018 huic
1618 3980 1812 4034 scopus
1860 3965 2174 4035 pra-figitur.

602 4054 756 4120 Quod
795 4056 1145 4109 utilissimum
1200 4070 1335 4109 sane
1362 4066 1466 4123 est,
1529 4071 1633 4109 non
1688 4059 1909 4112 medicae
1966 4065 2177 4113 tantum

598 4141 846 4199 facultati
912 4145 1132 4209 deditis,
1198 4159 1386 4199 verum
1444 4145 1608 4200 etiam
1668 4146 2056 4214 philosophica:
2111 4162 2177 4201 ac

598 4237 832 4307 physica:
880 4238 1237 4307 speculationi
1285 4239 1528 4293 intentis.
1580 4237 1700 4293 Jam
1737 4249 2004 4309 quotquot
2057 4250 2179 4309 post

600 4328 747 4381 i|lum
778 4329 844 4382 de
893 4328 1227 4398 simplicibus
1275 4330 1687 4384 medicamentis
1736 4330 2025 4397 scripsisse
2074 4332 2176 4386 visi

596 4429 746 4483 Sunt,
799 4420 888 4473 alii
929 4420 1123 4475 librum
1177 4421 1321 4474 hunc
1371 4421 1634 4474 duntaxat
1695 4423 2171 4489 transcripserunt,

601 4509 721 4562 aliis
770 4524 835 4562 ne
880 4511 933 4565 in
985 4514 1098 4581 ipsa
1145 4512 1368 4580 quidem
1425 4527 1520 4566 sua
1552 4510 1852 4582 scriptione
1901 4515 2174 4569 accuratio

2284 4514 2657 4583 φροντίκασιν,
2686 4511 2823 4565 ἀλλὰ
2871 4509 2965 4558 καὶ

600 4614 747 4653 θυι-ιιι
789 4599 924 4665 fuit;
963 4602 1057 4655 sed
1108 4603 1416 4655 universam
1474 4604 1539 4656 de
1586 4603 1816 4671 singulis
1872 4604 2173 4659 doctrinam

603 4695 1025 4762 discerpserunt,
1072 4694 1199 4747 dum
1257 4692 1517 4757 formam,
1559 4706 1805 4749 naturam
1886 4706 1941 4750 et
1994 4706 2175 4750 ortum

601 4784 929 4851 simplicium
969 4784 1197 4839 seorsim
1256 4784 1561 4852 colligunt;
1595 4786 1929 4852 seorsimque
1960 4801 2175 4840 rursum

604 4893 666 4931 ac
698 4877 910 4931 divisim
948 4892 1101 4929 usum
1159 4877 1523 4931 etutilitatem
1559 4876 1918 4944 perscribunt.
1941 4876 2178 4930 Alexan-

601 4971 700 5021 der
754 4966 1235 5039 [Aphrodisiensis]
1290 4984 1442 5031 vero,
1478 4968 1674 5021 Paulus
1722 4966 2179 5039 [Egineta].Ae-

604 5061 730 5124 tius,
766 5058 1078 5129 similesque
1104 5076 1171 5114 ne
1202 5061 1385 5113 formae
1413 5059 1633 5127 quidem
1673 5060 1933 5112 rationem
1978 5061 2180 5111 habue-

606 5160 771 5204 runt:
813 5152 905 5205 sed
943 5152 1109 5205 solius
1160 5166 1288 5206 usus
1333 5166 1543 5203 summa
1598 5151 1862 5203 duntaxat
1893 5149 2055 5203 veluti
2087 5166 2178 5203 ca-

2266 753 2559 822 κειμένων,
2588 755 2707 814 ταῖς
2735 770 2795 805 τε
2832 751 2943 805 τῶν
2979 752 3257 821 ὀνομάτων
3304 750 3564 819 πλαγίαις
3600 752 3695 804 καὶ
3731 754 3853 812 ταῖς

2270 848 2585 916 μετοχικαῖς
2616 844 2795 911 λέξεσι
2826 844 3164 907 πλεονάζειν,
3198 845 3265 896 τὰ
3295 844 3433 897 αύτά
3480 860 3539 895 τε
3589 843 3854 905 πολλάκις

2267 935 2362 987 καὶ
2394 936 2514 987 οὐδὲ
2546 934 2643 987 σὺν
2680 935 2869 1003 κόσμῳ
2904 934 3327 998 ὲπανακυκλεῖν,
3363 935 3456 987 καὶ
3494 933 3594 996 τὰς
3642 936 3854 985 ἐπανα-

2267 1026 2459 1095 λήψεις
2496 1026 2659 1079 πλέον
2695 1026 2802 1079 τῶν
2830 1026 3134 1096 διηγήσεων
3176 1027 3333 1095 (ὅπερ
3363 1025 3625 1095 ἁμέθοδον
3649 1042 3855 1077 παντε-

2267 1118 2396 1189 λῶς)
2434 1121 2553 1182 ταῖς
2580 1118 2938 1190 περιστάσεσι
2973 1118 3379 1188 μεμεστῶσθαι,
3409 1118 3641 1179 καὶτοῖς
3674 1115 3857 1168 τοιούο

2268 1229 2383 1274 τοις
2412 1211 2512 1264 οὐκ
2541 1211 2719 1279 ὀλίγον
2742 1211 2906 1280 ζόφον
2926 1211 3035 1263 τῶν
3074 1209 3241 1264 αὐτοῦ
3277 1209 3623 1281 γραμμάτων
3683 1224 3857 1259 κατα-

2273 1304 2546 1367 σκεδάζει.
2584 1305 2769 1357 Ἔοικε
2810 1304 2866 1358 δὲ
2889 1302 3320 1372 φιλοπονώτερον
3375 1301 3501 1370 περὶ
3547 1299 3646 1370 τὴν
3701 1299 3855 1366 ἱερᾶν

2268 1398 2428 1467 ἡμῶν
2455 1397 2549 1449 καὶ
2580 1397 2732 1449 Θείαν
2756 1396 2977 1465 Γραφὴν
3003 1396 3340 1466 διατεθῆναι,
3363 1394 3412 1446 εί
3433 1393 3528 1446 καὶ
3550 1393 3609 1446 ὲν
3636 1390 3855 1451 πολλοῖς

2271 1488 2646 1558 παρασύρεται
2670 1488 2769 1557 τῆς
2793 1485 3072 1557 ἀληθείας.

2908 1668 3085 1720 POH’.

2573 1760 2962 1828 Διοσκορίδου
2989 1759 3125 1827 Περὶ
3146 1759 3301 1825 ὕλης
3327 1762 3499 1827 λόγοι
3530 1755 3593 1817 ζ’.

2357 1853 2696 1923 ’Ᾱνεγνώσθη
2729 1852 3073 1922 Διοσκορίδου
3106 1852 3241 1919 Περὶ
3267 1850 3414 1915 ὕλης
3456 1848 3660 1918 βιϐλίον
3699 1846 3744 1911 ζ’
3771 1845 3861 1897 λὸ-

2272 1962 2389 2013 γοις
2424 1946 2767 2018 διῃρημένον.
2812 1946 2899 1997 Ἐν
2935 1944 3033 2013 μὲν
3062 1942 3154 1995 οὖν
3182 1944 3293 2005 τοῖς
3328 1941 3365 1993 ε’
3397 1940 3522 2011 περί
3564 1957 3622 1991 τε
3694 1939 3862 2007 βοτα-

2273 2040 2380 2093 νῶν
2412 2039 2505 2093 καὶ
2535 2040 2718 2107 φυτῶν
2738 2039 3093 2107 διαλαμϐάνει
3116 2039 3421 2108 ἀρωμάτων
3446 2053 3505 2089 τε
3534 2036 3625 2087 καὶ
3655 2051 3862 2087 σκευα-

2276 2132 2400 2194 σίας
2432 2132 2630 2183 ἐλαίων
2670 2131 2765 2184 καὶ
2803 2130 3012 2200 μύρων,
3054 2128 3146 2181 καὶ
3194 2128 3257 2197 δὴ
3297 2128 3391 2180 καὶ
3434 2127 3588 2188 ζώων
3623 2126 3720 2178 καὶ
3756 2125 3865 2191 τῆς

2274 2226 2384 2278 ἀπὸ
2441 2224 2550 2277 τῶν
2602 2226 2661 2277 ἐν
2718 2224 2902 2286 αὐτοῖς
2954 2221 3157 2289 μορίων
3216 2220 3503 2287 ὠφελείας,
3561 2218 3699 2271 ἀλλὰ
3764 2218 3865 2269 καὶ

2273 2318 2507 2388 δένδρων
2542 2317 2635 2369 καὶ
2662 2315 2810 2367 ὀπῶν
2840 2314 2936 2367 καὶ
2964 2312 3237 2384 δακρύων,
3271 2313 3350 2364 ἔτι
3394 2312 3450 2363 δὲ
3498 2310 3717 2380 μέλιτος
3766 2310 3865 2362 καὶ

2278 2410 2550 2477 γάλακτος
2580 2409 2674 2461 καὶ
2710 2408 2951 2472 στέατος,
2984 2409 3079 2459 καὶ
3105 2407 3213 2459 τῶν
3239 2407 3586 2475 καλουμένων
3614 2422 3735 2473 σιτη
3748 2404 3865 2473 ρῶν

2274 2504 2369 2553 καὶ
2406 2500 2730 2569 λαχανικῶν,
2762 2500 2925 2568 ῥιζῶν
2958 2517 3016 2551 τε
3045 2500 3111 2563 ’³,
3141 2498 3322 2566 φυτῶν
3364 2497 3458 2548 καὶ
3499 2496 3722 2564 θάμνων
3768 2496 3867 2547 καὶ

2277 2589 2537 2659 βοτανῶν,
2594 2590 2691 2640 ὅσα
2742 2605 2803 2640 τε
2850 2587 3031 2641 αὐτῶν
3082 2587 3143 2640 τὸ
3182 2586 3419 2655 χύλισμα
3476 2586 3553 2646 είς
3605 2584 3868 2652 ἰατρικὴν

2274 2680 2465 2753 χρείαν
2493 2677 2777 2732 συντελούν
2808 2676 2982 2747 ἔχειῆ
3023 2677 3114 2729 τὸν
3154 2676 3365 2745 καρπόν
3394 2690 3409 2703 '
3461 2673 3590 2745 [9.08
3644 2671 3739 2743 11.]
3802 2673 3867 2724 ού

2278 2774 2383 2844 μὴν
2410 2772 2545 2826 ἀλλὰ
2574 2773 2667 2824 καὶ
2690 2772 2819 2842 περὶ
2845 2770 3000 2822 οἴνων
3029 2768 3251 2822 καὶτῶν
3277 2767 3625 2836 καλουμένων
3653 2764 3868 2835 μεταλ-

2276 2866 2447 2919 λικῶν
2475 2867 2560 2935 ἐφ’
2588 2864 2771 2918 ἱκανὸν
2796 2862 3176 2930 διαλαμϐάνει.
3208 2862 3317 2913 Καὶ
3340 2860 3450 2912 τῶν
3468 2876 3532 2927 γε
3557 2859 3865 2919 πλείστων,

2278 2953 2351 3011 ῶν
2384 2956 2650 3029 προῦθετο
2692 2956 2893 3023 λέγειν,
2939 2950 3077 3017 εἶδός
3105 2970 3165 3008 τε
3209 2954 3304 3006 καὶ
3352 2952 3513 3020 φύσιν
3550 2952 3644 3004 καλ⁹
3691 2951 3868 3003 τόπον

2276 3053 2546 3122 γενέσεως
2578 3054 2657 3113 είς
2695 3050 2757 3103 τὸ
2794 3048 3023 3119 ἀκριϐὲς
3045 3048 3181 3117 πρὸς
3214 3047 3507 3112 ἐπίγνωσιν
3539 3043 3632 3095 τοῦ
3658 3045 3869 3112 ζητουο

2202 3174 2244 3229 C
2280 3145 2440 3216 μένου
2471 3143 2812 3214 ἀναγράφειο
2844 3142 2931 3193 ἐπ’
2968 3140 3187 3194 ἔλαττον
3232 3140 3289 3191 δὲ
3323 3140 3421 3209 τήν
3457 3136 3645 3229 χρείαν
3688 3136 3871 3229 μόνην

2277 3238 2309 3309 ἢ
2352 3238 2452 3291 οὐκ
2504 3235 2711 3306 ἀκριϐῆ
2749 3233 2849 3303 τὴν
2908 3233 3150 3304 ἱστορίαν
3196 3231 3525 3300 ὑπογράφει.
3574 3228 3749 3281 Οἴνων
3808 3227 3869 3279 δὲ

2276 3330 2567 3400 διαφόρους
2631 3326 3001 3396 παραδίδωσιν
3060 3326 3117 3377 ὲν
3167 3322 3377 3381 τούτοις
3438 3320 3732 3382 σκευασίας

2279 3420 2401 3493 [401
2431 3418 2525 3491 IL]
2567 3419 2655 3470 ‘Ev
2689 3420 2869 3487 μέντοι
2900 3416 2978 3486 τῷ
3006 3422 3057 3479 ς’
3088 3416 3218 3486 περὶ
3248 3413 3556 3484 φαρμάκων
3578 3410 3863 3465 διέξεισιν.

2276 3514 2375 3566 ὅσα
2402 3512 2463 3566 τέ
2486 3515 2602 3565 ὲστι
2623 3509 2731 3563 τῶν
2759 3509 3100 3578 δηλητηρίων
3127 3508 3220 3559 καὶ
3240 3507 3339 3558 ὅσα
3360 3504 3467 3557 τῶν
3492 3496 3861 3559 ἀλεξικάκωνο

2278 3606 2336 3657 ὲν
2368 3604 2426 3657 δὲ
2448 3602 2527 3673 τῷ
2563 3604 2607 3668 ζ’
2646 3603 2740 3656 καὶ
2763 3601 2862 3669 τῆς
2892 3600 3020 3667 ὅλης
3060 3598 3369 3671 προθέσεως
3394 3587 3688 3673 τελευταίῳ
3721 3587 3864 3657 περὶ

2276 3696 2387 3749 τῶν
2446 3695 2665 3747 ἰοϐόλων
2712 3691 2867 3757 ζώων
2919 3694 3019 3760 τὴν
3070 3686 3312 3757 ἱστορίαν
3362 3684 3618 3745 ποιεῖται,
3663 3673 3747 3742 οἷς
3802 3696 3867 3731 τε

2278 3786 2328 3839 οἱ
2377 3784 2860 3855 περιπεπτωκότες
2900 3783 3006 3834 τινὶ
3047 3778 3255 3832 τούτων
3284 3775 3382 3846 τὴν
3410 3770 3643 3842 δυνατὴν
3678 3787 3869 3841 παρα-

2282 3877 2545 3948 μυθίανῆ
2578 3878 2671 3931 καὶ
2697 3875 2910 3928 τελείαν
2950 3874 3249 3943 εὑρήσουσι
3284 3863 3603 3936 θεραπείαν.
3659 3860 3721 3913 Ὀ
3761 3863 3871 3930 μὲν

2278 3968 2371 4023 οὖν
2398 3970 2621 4038 σύμπας
2648 3967 2743 4021 τοῦ
2778 3966 2984 4038 βιϐλίου
3020 3965 3220 4027 σκοπὸς
3254 3956 3428 4022 οὗτος,
3474 3957 3748 4027 χρήσιμον
3808 3952 3869 4004 δὲ

2279 4060 2341 4114 τὸ
2378 4061 2581 4131 βιϐλίον
2619 4062 2680 4113 οὐ
2738 4061 2875 4132 πρὸς
2920 4058 3173 4127 ἰατρικὴν
3211 4050 3525 4123 φιλοπονίαν
3575 4048 3621 4078 ’³
3675 4044 3869 4115 μόνον,

2279 4153 2417 4207 ἀλλὰ
2448 4156 2547 4206 καὶ
2577 4153 2713 4223 πρὸς
2745 4152 3107 4223 ἐμφιλόσοφον
3160 4147 3254 4201 καὶ
3308 4140 3543 4214 φυσικὴν
3601 4136 3868 4205 θεωρίαν.

2280 4244 2391 4296 Καὶ
2408 4244 2521 4295 ὅσοι
2550 4244 2605 4295 δὲ
2642 4243 2759 4313 μετ’
2782 4242 2949 4295 αὐτὸν
2980 4240 3107 4309 περὶ
3124 4235 3312 4291 ἁπλῶν
3338 4229 3644 4301 φαρμάκων
3674 4224 3868 4313 ἔδοξαν

2280 4330 2537 4401 γράφειν,
2570 4335 2618 4385 οί
2645 4311 2753 4401 ⁷μὲν
2782 4328 3132 4401 μετέγραψαν
3170 4325 3330 4392 μόνον
3368 4322 3429 4373 τὸ
3458 4316 3679 4401 βιϐλίον,
3724 4311 3772 4363 0i
3807 4311 3867 4362 δὲ

2287 4399 2417 4472 ούδὲή
2438 4419 2541 4472 κᾶν
2567 4423 2630 4490 τῇ
2655 4399 2995 4490 -μεταγραφῇ
3032 4416 3077 4447 ¹¹⁵
3115 4414 3176 4467 τδ
3202 4408 3426 4474 ἀκριεὲς
3465 4399 3727 4452 διασῶσαι
3760 4416 3865 4450 πε·

3011 4509 3057 4533 ’⁸
3099 4498 3398 4565 κατέτεμον
3450 4492 3511 4545 τὸ
3563 4491 3864 4561 ὁλόκληρον

2277 4580 2378 4675 τῆς
2405 4606 2535 4674 περὶ
2564 4605 2795 4654 ἑκάστου
2836 4591 3207 4655 διδασκαλίας,
3243 4589 3412 4659 χωρὶς
3450 4588 3547 4657 μὲν
3586 4580 3724 4645 εἶδος
3766 4583 3864 4635 καὶ

2283 4698 2448 4766 φύσιν
2482 4694 2575 4748 καὶ
2598 4692 2814 4759 γένεσιν
2838 4687 2947 4739 τῶν
2978 4683 3165 4738 ἁπλῶν
3206 4681 3639 4752 συναγείροντες,
3687 4679 3863 4743 χωρὶς

2280 4788 2338 4841 δὲ
2378 4787 2475 4840 κα)⁹
2516 4780 2939 4855 μεμερισμένως
2961 4778 3059 4848 τὴν
3102 4774 3293 4845 χρείαν
3328 4773 3420 4825 καὶ
3450 4769 3722 4840 ὠφέλειαν
3745 4767 3865 4818 δια-

2284 4879 2608 4947 γράφοντες.
2659 4871 3007 4941 Ἀλέξανδρος
3035 4868 3091 4920 δὲ
3134 4866 3229 4919 καὶ
3262 4863 3470 4924 Παῦλος
3510 4862 3604 4914 καὶ
3656 4861 3865 4920 ’Λέτιος

2286 4969 2385 5023 καὶ
2414 4970 2462 5021 οί
2486 4966 2720 5019 τοιοῦτοι
2757 4964 2879 5016 οὐδὲ
2911 4960 3003 5013 τοῦ
3042 4957 3214 5019 εἴδους
3247 4955 3402 5023 λόγον
3446 4953 3651 5016 ἔθεντο,
3692 4952 3865 5018 μόνην

2285 5060 2341 5112 δὲ
2396 5060 2497 5128 τὴν
2541 5058 2729 5127 χρείαν
2763 5052 3276 5125 ἁκρωτηριάσαντες
3322 5050 3433 5109 τοῖς
3472 5045 3622 5106 ίδίοις
3663 5042 3863 5095 συντάσ-

2285 5169 2490 5221 γμασιν
2525 5148 2867 5211 ὲναπέθεντο,
2900 5146 2947 5199 εἰ
2981 5146 3073 5198 καὶ
3109 5142 3303 5211 Παύλῳ
3323 5140 3382 5192 οὐ
3418 5137 3574 5209 μόνον
3605 5136 3758 5189 οὐδὲν
3790 5128 3865 5187 ὧν

1842 5279 1886 5334 V
1900 5280 2082 5335 ARUE
2138 5282 2440 5339 LECTION
2453 5284 2553 5338 ES.

1441 5371 1486 5403 ¹²
1522 5371 1911 5435 διασκευασίας
1938 5390 1997 5435 ς.

1441 5459 1502 5495 ειν
1532 5458 1593 5496 ς.
1670 5445 1714 5475 ⁸⁵
1748 5444 1843 5494 καὶ
1876 5444 2001 5496 add.
2032 5442 2073 5496 A

1748 5458 1843 5494 και
1876 5458 2001 5496 add.
2032 5458 2099 5496 Α.

700 5375 743 5405 ²¹
774 5388 833 5424 τε
861 5369 945 5441 φ.]
972 5389 1029 5423 τε
1059 5373 1154 5425 καὶ
1186 5389 1243 5438 φ.
1274 5390 1335 5435 ς.

611 5460 699 5498 σαι
737 5444 797 5495 τὸ
837 5443 1060 5511 ἀκριϐὲς
1092 5445 1502 5512 πεφρονὴκασιν
1532 5458 1593 5504 ς.

2116 5376 2160 5405 ²³
2204 5377 2520 5444 φιλοπονίαν
2552 5374 2593 5425 Α
2622 5392 2633 5425 :
2669 5371 2983 5442 φιλοσοφίαν
3010 5387 3069 5432 ς’

3166 5366 3209 5397 ’⁵
3237 5369 3303 5436 τῇ
3332 5366 3515 5435 γραφῇ
3546 5364 3587 5416 Α
3619 5378 3633 5414 :
3665 5359 3865 5412 διασῶ-

2120 5550 2357 5604 ΝΟΤίΕ.

683 5649 793 5715 (l7)
829 5645 893 5701 Ut
926 5644 1047 5699 libri
1074 5645 1203 5699 editi
1237 5653 1647 5713 repraesentant.

683 5721 793 5787 (l9)
825 5720 938 5784 Ipse
985 5715 1324 5769 Dioscorides
1375 5716 1493 5787 libri
1546 5732 1595 5769 νι
1653 5715 1925 5768 Prommio
1977 5723 2189 5787 sex-tum

618 5784 788 5861 ipsum
821 5792 1021 5844 diserte
1058 5788 1246 5842 statuit
1290 5787 1387 5856 τῆς
1427 5784 1553 5856 ὅλης
1589 5787 1967 5858 πραγματείας
2003 5784 2189 5836 τελευ-

2302 5645 2474 5695 ταῖον.
2514 5641 2812 5709 Septimum
2845 5650 3024 5692 autem
3052 5642 3193 5690 lmnc
3228 5637 3280 5709 in
3312 5639 3450 5709 duos
3478 5636 3634 5689 modo
3667 5636 3867 5691 distra-

2300 5726 2446 5768 ctum
2477 5706 2642 5767 libros
2683 5713 2735 5766 in
2771 5711 2999 5781 vulgatis
3031 5706 3427 5779 exemplaribus
3456 5709 3724 5762 videmus.
