4038 6448
233 403 330 471 521

1032 407 1567 470 BIBLIOTHECA.
1601 433 1672 444 —
1708 406 1926 468 CODD.
1970 383 2331 481 CLXXVIII,
2377 409 2682 468 CLXXIX.

3405 404 3512 471 522

231 518 622 591 Διοσκουρίδης
673 513 793 572 εἶπε
829 517 928 587 τῆς
973 518 1163 589 χρείας
1206 520 1486 588 παρεῖται,
1535 516 1672 571 ἀλλά
1727 515 1859 573 καὶ,

1945 516 2032 569 rita
2072 516 2328 583 libantes,
2374 517 2489 570 suis
2538 530 2600 570 ea
2653 515 2871 585 scriptis
2919 514 3287 573 inseruerunt.
3320 519 3509 587 Quan-

232 605 306 665 ὧν
333 612 548 674 ἐκεῖνος
576 611 678 664 ούκ
707 609 976 681 ἐμνήσθη,
1013 610 1115 663 οὐκ
1155 609 1355 678 ὀλίγων
1386 611 1434 643 ¹⁶
1467 612 1501 682 ἡ
1531 609 1692 680 χρεία
1732 608 1825 661 καὶ

231 703 291 756 τὸ
305 702 600 773 ’ὠφέλιμον
618 701 1007 773 συνηθροῖσθαι
1029 701 1118 754 “2
1136 701 1341 765 Ἀέτιος
1361 701 1418 756 δὲ
1444 701 1584 771 μετὰ
1602 700 1696 754 τοῦ
1716 716 1825 769 μη-

231 794 319 849 δὲν
343 794 690 865 προσθεῖναι,
724 795 818 847 καὶ
857 794 1030 849 πολλὰ
1059 786 1135 847 ὦν
1162 794 1544 865 Διοσκουρίδης
1589 792 1827 864 ἔγραψεν

232 886 337 940 οὐκ
364 880 487 939 οἶδα
514 886 632 939 ἀνθ’
678 886 801 939 ὅτου
843 884 1147 956 παρῆλθεν.
1208 885 1347 939 Ἀλλ’
1385 886 1493 940 οὐδ’
1545 887 1574 939 ὁ
1621 885 1827 940 τούτων

230 977 407 1032 δοκῶν
440 973 585 1031 εἶναι
618 976 1126 1050 πλατυντικὼτερος
1153 980 1198 1011 ³⁷
1242 977 1549 1047 Ὀριὸάσιος
1586 977 1825 1045 ἅπαντα,

232 1071 377 1123 ὅσων
413 1071 638 1141 μνήμην
667 1070 795 1140 ἔσχε
820 1072 1227 1142 Διοσκουρίδης,
1257 1074 1316 1127 ἐν
1348 1074 1470 1136 ταῖς
1498 1071 1656 1136 ἰδίαις
1699 1088 1827 1125 συν-

232 1164 484 1229 αγωγαίς
527 1161 901 1233 ἀνεγράψατο,
936 1161 1075 1216 ἀλλά
1117 1164 1214 1217 καὶ
1244 1163 1346 1233 τὴν
1391 1162 1581 1233 χρείαν
1617 1162 1713 1217 τοῦ
1750 1162 1827 1216 εί-

231 1254 359 1316 δους
387 1254 486 1308 καί
516 1254 616 1326 τῆς
653 1253 868 1323 φύσεως
902 1253 1121 1325 ἔτεμεν.
1162 1254 1271 1309 Καὶ
1301 1253 1540 1325 Γαληνὸς
1566 1253 1707 1325 μετά
1733 1253 1829 1307 τοῦ

234 1348 471 1402 πλεῖστα
496 1347 604 1401 τῶν
635 1347 875 1418 βοτανῶν
902 1347 1252 1418 παραλιπεῖν,
1289 1347 1456 1417 μόνην
1484 1345 1582 1418 τὴν
1601 1345 1830 1415 δύναμιν

233 1440 356 1511 ἦτοι
393 1440 498 1511 τὴν
536 1441 736 1512 χρῆσιν
773 1441 870 1494 καὶ
912 1433 989 1494 ὧν
1019 1440 1427 1510 ἐμνημόνευσεν
1461 1438 1693 1509 ἔγραφε,
1722 1437 1828 1506 ψυ-

234 1534 376 1603 χρὰν
404 1532 591 1586 αἰτίαν
608 1532 701 1587 τοῦ
727 1533 1083 1604 παραλιπεῖν,
1106 1526 1248 1597 εἶδός
1267 1549 1326 1585 τε
1350 1531 1446 1585 καὶ
1467 1534 1629 1600 φύσιν
1650 1529 1831 1583 αὐτῶν

233 1624 601 1689 ἀποδεδωκώς
624 1640 639 1656 ·
680 1625 857 1680 καίτοι
896 1626 1025 1697 περὶ
1054 1624 1165 1679 τῶν
1214 1622 1555 1696 μεταλλικῶν
1600 1621 1832 1692 διαλαμ-

240 1719 451 1784 ϐάνων,
482 1719 580 1773 καὶ
610 1717 1031 1789 περιεργότερον
1063 1716 1097 1791 ἢ
1132 1716 1275 1771 κατά
1313 1714 1699 1785 Διοσκουρίδην
1744 1713 1826 1767 δι-

235 1809 464 1874 έλαϐεν,
520 1812 623 1864 οὐκ
654 1810 924 1881 ἐλαχίστῳ
976 1809 1131 1881 μέρει
1173 1807 1422 1862 οὐδὲτοῦ
1456 1805 1729 1878 χρησίμου
1772 1807 1830 1859 ὲν

236 1903 454 1966 τούτοις
490 1902 582 1958 τὸν
614 1902 783 1974 ἄνδρα
821 1902 1423 1975 παρευδοκιμούμενος,
1458 1902 1559 1954 οὐκ
1587 1900 1677 1953 ἐπὶ
1704 1915 1832 1952 τοσ-

237 1996 400 2051 οῦτον
439 1996 502 2051 δὲ
531 1997 618 2065 ἐφ’
645 1997 771 2050 ὅσον
823 1996 953 2069 περὶ
999 1995 1111 2050 τῶν
1162 1992 1402 2065 βοτανῶν
1443 1992 1589 2064 λόγῳ
1640 1994 1835 2063 ὁρᾶται

241 2087 435 2141 τούτου
464 2087 920 2158 ἀπολειπόμενος.
963 2086 1151 2151 Ὥστε,
1201 2085 1302 2139 ὅσα
1347 2101 1412 2153 γε
1461 2083 1563 2153 ἐμὲ
1613 2082 1832 2148 εἰδέναι,

243 2182 323 2246 είς
354 2180 660 2250 ἐπίγνωσιν
705 2181 881 2243 είδους
918 2197 979 2233 τε
1019 2179 1114 2232 καὶ
1153 2178 1369 2247 φύσεως
1422 2179 1517 2231 καὶ
1565 2175 1837 2245 γενέσεως

243 2273 344 2327 οὐκ
370 2273 418 2306 ’⁸
455 2272 527 2329 ἄν
557 2290 643 2337 τις
661 2271 1091 2345 χρειωδεστέρου
1115 2271 1150 2343 ἢ
1181 2270 1563 2342 Διοσκουρίδου
1588 2266 1765 2341 τύχοι.

319 2456 481 2508 Ἐστι
507 2453 567 2508 δὲ
591 2454 621 2506 ὁ
652 2454 816 2525 ἀνὴρ,
862 2454 938 2517 ὡς
966 2453 1063 2507 κα)⁵
1086 2450 1327 2520 Γαληνὸς
1378 2445 1836 2519 ὲπιμαρτύρεται,

261 2546 633 2620 ’Δναζαρὸεύς
664 2565 678 2579 ·
712 2547 824 2617 ἐγὼ
873 2547 932 2601 δὲ
985 2545 1432 2617 ὲνέτυχόνῠτισιν
1479 2543 1529 2596 οἳ
1581 2542 1838 2595 Πεδάνιον

251 2641 366 2712 ἅμα
399 2643 503 2696 καὶ
544 2640 884 2713 ’Δναζαρδέα
922 2642 965 2674 ²⁹
994 2643 1116 2703 ταῖς
1145 2640 1483 2709 ἐπιγραφαῖς
1514 2636 1837 2691 ἐπεκάλουν.

257 2733 479 2789 Πολλῶν
512 2733 573 2788 δὲ
595 2735 690 2789 καὶ
717 2734 826 2806 πρὸ
863 2732 1029 2787 αὐτοῦ
1067 2732 1167 2803 τὴν
1202 2730 1375 2800 αὐτὴν
1404 2729 1665 2783 ὑπόθεσιν
1708 2744 1841 2798 συγ-

250 2828 637 2899 γεγραφότων,
693 2827 1086 2898 ἀκριϐέστερος
1125 2825 1385 2881 ἀπάντων
1410 2823 1458 2855 ³⁰
1501 2824 1598 2877 καὶ
1650 2839 1845 2894 χρειω-

251 2922 510 2995 δέστερος
543 2922 637 2975 πεί
644 2939 712 2994 pq.
742 2923 1095 2992 γινώσκεται.

967 3011 1135 3065 ΡΟΘ’.

672 3104 949 3176 Ἀταπίου
980 3104 1148 3172 λόγοι
1176 3110 1226 3171 γ’
1261 3101 1359 3156 καί
1384 3109 1458 3157 κ’.

1927 622 2090 676 quam
2135 606 2335 661 Paulus
2385 622 2489 661 non
2543 606 2717 661 solum
2763 622 2974 674 eorum,
3014 623 3132 678 qua:
3166 611 3511 668 Dioscorides

1929 698 2175 766 tradidit,
2226 714 2383 753 usum
2430 699 2655 755 minime
2708 700 2917 765 omisit,
2970 702 3066 756 sed
3102 710 3159 756 et
3189 704 3509 773 multorum,

1928 807 2157 863 quorum
2197 792 2285 847 ille
2327 808 2435 847 non
2466 794 2747 859 meminit,
2783 809 2942 848 usum
2987 793 3385 864 utilitatemque
3417 813 3482 853 ac

1930 885 2191 940 cumulat.
2228 885 2421 940 Aetius
2465 900 2594 942 vero
2641 896 3003 956 praeterquam
3047 887 3188 957 quod
3236 888 3367 943 nihil
3399 890 3511 959 ipse

1930 978 2112 1043 addat,
2158 977 2322 1032 multa
2372 978 2617 1047 insuper,
2669 994 2790 1048 quae
2824 981 3166 1035 Dioscorides
3192 982 3509 1051 scripserat,
3552 978 3558 982 ’

1930 1071 2117 1126 nescio
2156 1085 2264 1140 quo
2318 1071 2547 1128 consilio
2594 1073 2959 1142 prmtermislt.
3022 1072 3094 1127 At
3150 1088 3326 1143 neque
3387 1072 3514 1129 Ori-
3594 1114 3605 1119 ν

1929 1162 2136 1229 basius,
2160 1163 2251 1233 qui
2282 1164 2369 1219 his
2401 1165 2654 1219 omnibus
2702 1164 2921 1219 uberior
2951 1179 3073 1220 esse
3096 1164 3363 1231 videatur,
3394 1181 3513 1219 om-

1934 1256 2020 1310 nia
2056 1271 2286 1327 quormn
2339 1255 2688 1311 Dioscorides
2742 1256 3017 1320 meminit,
3066 1257 3120 1310 in
3174 1272 3271 1311 sua
3327 1257 3515 1312 retulit

1931 1348 2295 1416 collectanea;
2331 1350 2425 1404 sed
2460 1364 2615 1404 usum
2641 1365 2671 1403 a
2703 1347 2875 1404 forma
2911 1358 3210 1419 naturaque
3232 1348 3513 1417 disjunxit.

1931 1437 2169 1496 Galenus
2201 1439 2393 1513 125a
2436 1442 2564 1497 item
2600 1457 2720 1497 cum
2758 1442 3054 1499 herbarum
3106 1442 3269 1496 multa
3316 1457 3516 1513 genera

1931 1533 2206 1597 omiserit,
2271 1532 2582 1587 facultatem
2634 1538 2914 1601 duntaxat,
2965 1542 3059 1587 aut
3101 1548 3257 1587 usum
3306 1549 3514 1599 earum,

1932 1641 2165 1695 quarum
2198 1626 2415 1694 quidem
2472 1627 2738 1692 meminit,
2794 1627 3108 1697 descripsit,
3155 1628 3350 1698 frigida
3380 1643 3519 1681 sane

1933 1734 2119 1783 causa,
2155 1734 2253 1773 cur
2302 1720 2493 1772 barum
2530 1729 2585 1773 et
2628 1720 2880 1789 ﬁguram,
2919 1730 2973 1774 et
3008 1729 3257 1775 naturam
3296 1730 3520 1788 praeter-

1936 1814 2168 1874 miserit,
2214 1811 2397 1867 allata.
2452 1811 2564 1866 Etsi
2616 1812 2684 1867 de
2732 1812 3018 1867 metallicis
3072 1813 3343 1868 curiosius
3389 1828 3520 1867 sane

1935 1919 2095 1974 quam
2124 1904 2473 1958 Dioscorides
2514 1904 2646 1973 egit,
2694 1919 2797 1958 non
2855 1904 3076 1958 minima
3124 1920 3191 1959 ex
3241 1915 3417 1975 parte,
3466 1917 3523 1960 et

1935 1997 2150 2066 quidem
2198 1995 2338 2061 utili,
2381 1995 2558 2049 virum
2613 1996 2760 2050 illum
2805 2011 3091 2065 superans,
3143 2014 3247 2052 non
3279 2002 3413 2053 adeo
3437 2008 3522 2053 tu-

1937 2104 2082 2153 men,
2115 2099 2376 2159 quantum
2419 2090 2708 2144 herbarum
2749 2090 2819 2143 ab
2850 2089 2939 2143 illo
2982 2105 3142 2145 causa
3191 2092 3330 2145 vinci
3356 2092 3521 2146 vicis-

1936 2184 2039 2237 sim
2067 2182 2298 2237 videtur.
2330 2182 2692 2249 Quamobrem
2727 2196 2846 2235 mea
2890 2183 3106 2250 quidem
3132 2184 3423 2249 sententia,
3454 2185 3522 2236 ad

1939 2276 2143 2346 ﬁgurae,
2169 2284 2398 2337 naturae,
2431 2283 2592 2345 atque
2622 2285 2777 2329 ortus
2830 2275 3268 2346 intelligentiam,
3303 2277 3526 2333 Diosco-

1939 2368 2055 2422 ride
2087 2382 2246 2423 nemo
2275 2366 2435 2422 facile
2464 2367 2648 2421 utilior
2683 2367 3014 2423 inveniatur.
3435 2367 3449 2383 ‘

2012 2454 2261 2529 scriptor
2324 2459 2436 2523 hic,
2490 2468 2547 2513 ut
2601 2466 2656 2512 et
2712 2461 2951 2515 Galenus
3010 2461 3122 2532 (I9)
3178 2463 3520 2528 testiﬁcatur,

1940 2555 2344 2608 Anazarbensis
2403 2564 2507 2608 est.
2558 2553 2727 2608 Incidi
2788 2562 2967 2608 tamen
3017 2556 3307 2624 aliquando
3343 2556 3396 2611 in
3431 2571 3526 2611 eos

1942 2646 2129 2709 libros,
2161 2646 2251 2714 qui
2291 2644 2508 2700 Pedacii
2558 2644 2673 2714 (20)
2709 2646 2868 2699 simul
2906 2656 2961 2701 et
2998 2648 3300 2702 Anazarbei
3333 2662 3527 2702 nomen

1944 2740 1995 2792 in
2029 2737 2185 2792 titulo
2230 2737 2569 2807 praeferrent.
2631 2738 2895 2793 Omnibus
2944 2747 3144 2804 autem,
3174 2741 3267 2809 qui
3307 2752 3431 2794 ante
3465 2740 3529 2794 ii-

1944 2830 2055 2884 Ium
2092 2829 2247 2883 multi
2275 2844 2336 2884 ea
2380 2831 2446 2883 de
2483 2843 2542 2883 re
2580 2830 2944 2898 scripserunt,
2981 2832 3335 2886 accuratione
3364 2838 3529 2901 atque

1944 2923 2179 2978 utilitate
2211 2920 2541 2977 antecellere
2570 2922 2741 2975 videri
2776 2921 2892 2992 (21)
2923 2921 3127 2977 studet.

2597 3015 2882 3072 CLXXIX.

2475 3108 2669 3178 Δρομιίὶ
2692 3108 2814 3161 libri
2838 3122 2999 3161 xxttt.

327 3198 463 3275 [Ἆλθ
500 3198 597 3273 IL]
640 3197 983 3267 Ἀνεγνώσθη
1015 3195 1110 3249 τοῦ
1149 3194 1380 3265 μισητοῦ
1412 3194 1503 3248 καὶ
1553 3191 1848 3253 δυσσεϐοῦς

2018 3199 2151 3269 Legi
2206 3197 2422 3270 Agapii,
2465 3198 2592 3253 odio
2645 3196 2793 3265 digni
2851 3207 3016 3265 atque
3070 3195 3219 3264 impii
3277 3195 3531 3260 hominis,

269 3294 537 3364 ’Δγαπίου
574 3291 802 3362 βιϐλίον,
857 3288 1066 3357 λογίδια
1097 3286 1352 3357 περιέχον
1397 3291 1445 3355 γ’
1489 3286 1584 3340 καὶ
1633 3291 1702 3347 κ’,
1752 3284 1847 3338 xui.

254 3388 419 3461 ξηρά
438 3404 567 3441 τινα
585 3386 628 3417 εί
661 3383 933 3453 κεφάλαια
971 3379 1132 3450 δῆθεν
1163 3378 1207 3450 β’
1232 3378 1330 3433 καὶ
1365 3384 1432 3450 ρ’,
1475 3379 1535 3433 ὲν
1562 3373 1643 3443 οἷς
1675 3376 1849 3431 ἅπασι

254 3480 510 3534 δείκνυσι
558 3475 657 3549 μὲν
684 3473 877 3529 ἑαυτὸν
915 3471 1346 3542 ὑποκρινόμενον
1394 3471 1569 3540 ὄνομα
1619 3469 1681 3522 τὸ
1723 3471 1851 3540 Χρι-

256 3568 519 3631 στιανῶν,
550 3565 725 3630 οὐδεὶς
750 3564 793 3618 δ’
824 3563 968 3618 οὕτω
997 3563 1063 3616 δι’
1094 3561 1272 3615 αὐτῶν
1300 3561 1525 3615 ἐκείνων
1565 3559 1849 3631 ἐλέγχεται

135 3712 147 3728 ,
257 3660 620 3732 μισόχριστος
668 3654 765 3709 ῶν.
809 3655 1133 3725 Προσφωνεί
1157 3652 1215 3705 δὲ
1240 3652 1413 3706 ταῦτα
1461 3651 1702 3725 υύρανίᾳ
1747 3652 1852 3703 τινὶ

253 3753 499 3824 τοῦνομα
539 3748 783 3821 γυναικὶ,
813 3746 1216 3818 συμφιλόσοφον
1238 3744 1630 3815 ἀποσεμνύνων
1656 3744 1849 3814 αὐτὴν.

256 3847 449 3900 Πάντα
499 3841 636 3911 γοῦν
697 3840 959 3895 τάναντία
1013 3836 1362 3905 δογματίζων
1416 3838 1513 3889 καὶ
1567 3835 1853 3906 κρατύνων

256 3934 638 4005 Χριστιανοῖς,
672 3929 801 4003 [404
835 3928 931 4001 IL]
958 3929 1137 3999 ἀρχὴν
1167 3927 1412 3998 πονηρὰν
1440 3925 1852 3980 αύθυπόστατον

255 4027 647 4096 ἀντανίστησιν
672 4024 730 4089 ἐξ
751 4022 922 4078 ἀϊδίου
961 4020 1034 4091 τῷ
1061 4017 1201 4089 Θεῷ,
1235 4018 1302 4087 ἣν
1336 4019 1467 4070 ποτε
1511 4016 1610 4088 μὲν
1640 4018 1849 4086 φύσιν,

255 4121 452 4174 ἄλλοτε
479 4117 528 4171 δ’
551 4117 731 4184 ὕλην,
760 4114 854 4168 καὶ
878 4113 1067 4168 ἄλλοτε
1094 4111 1150 4164 δὲ
1174 4106 1451 4164 Σατανᾶν
1465 4109 1560 4162 καὶ
1577 4107 1855 4162 διάϐολον

256 4212 352 4266 καὶ
364 4210 637 4280 ἄρχοντα
659 4206 765 4261 τοῦ
782 4205 1013 4274 κόσμου
1032 4203 1126 4256 καὶ
1142 4201 1280 4257 θεὸν
1296 4200 1401 4254 τοῦ
1415 4198 1628 4267 αἰῶνος
1639 4200 1854 4254 τούτου

257 4305 355 4359 καὶ
406 4302 632 4376 μυρίοις
686 4300 730 4331 ⁸³
780 4298 963 4361 ἀλλοις
1013 4296 1302 4351 ἀποκαλεῖ.
1361 4294 1603 4366 Ἀνάγκη
1644 4310 1706 4346 τε
1761 4294 1857 4347 καὶ

256 4400 503 4459 ἄκοντας
527 4394 657 4456 τοὺς
689 4390 1014 4464 ἀνθρώπους
1051 4389 1269 4443 πταίειν
1297 4387 1643 4451 διατείνεται,
1668 4384 1761 4438 καὶ
1796 4385 1858 4437 τὸ

258 4491 427 4560 σῶμα
455 4487 560 4558 τῆς
584 4483 797 4555 φαύλης
828 4483 1026 4554 μοίρας
1049 4477 1214 4550 εἷναι,
1243 4479 1347 4550 τῆς
1370 4478 1521 4541 θείας
1545 4478 1602 4531 δὲ
1629 4476 1729 4549 τὴν
1750 4476 1856 4547 ψυ-

1950 3305 2086 3361 opus
2128 3291 2292 3345 trium
2336 3299 2391 3345 et
2429 3288 2617 3359 viginti
2673 3287 3002 3353 libellorum,
3039 3295 3093 3341 et
3126 3288 3229 3342 alia
3270 3296 3534 3357 prmterea

1951 3387 2129 3458 capita
2181 3387 2288 3441 duo
2338 3398 2498 3453 supra
2554 3391 2795 3436 centum.
2850 3380 3057 3447 Quibus
3101 3379 3353 3433 omnibus
3402 3379 3536 3432 satis

1956 3478 2221 3540 ostendit,
2262 3475 2399 3528 falso
2448 3490 2571 3529 eum
2602 3474 2705 3527 sibi
2739 3471 3032 3528 Christiani
3064 3485 3257 3526 nomen
3289 3469 3536 3524 vindica-

1954 3585 2035 3633 re,
2065 3582 2188 3622 cum
2224 3576 2403 3620 tantus
2455 3580 2613 3618 nemo
2640 3563 2883 3617 omnium
2914 3561 3114 3616 Christi
3148 3576 3276 3616 osor
3300 3569 3536 3630 quantus

1950 3662 2190 3732 Agapius
2237 3658 2321 3712 vel
2373 3672 2440 3712 ex
2472 3656 2557 3711 his
2612 3656 2744 3724 ipsis
2784 3654 3000 3715 libellis,
3055 3653 3532 3723 deprehendatur:

1957 3770 2095 3825 quos
2136 3753 2356 3808 Urania:
2402 3750 2619 3804 cuidam
2660 3747 2875 3802 feminae
2918 3754 3080 3800 sectae
3113 3761 3227 3800 sua:
3260 3745 3539 3815 studiique

1954 3847 2137 3907 sociae,
2186 3845 2263 3899 uti
2316 3842 2505 3914 jactat,
2565 3839 2835 3894 inscribit.
2911 3837 3045 3892 Cum
3110 3838 3274 3905 igitur
3329 3837 3536 3891 nullum

1954 3940 2148 4007 dogma
2184 3935 2493 3990 introducat
2534 3940 2698 4000 atque
2725 3929 3030 3993 confirmet,
3064 3930 3205 3998 quod
3236 3944 3339 3982 non
3376 3928 3539 3982 Chri-

1956 4030 2148 4083 stianae
2192 4025 2454 4081 doctrinm
2503 4024 2853 4083 adversetur,
2898 4020 3223 4089 principium
3266 4021 3537 4087 quoddam

1957 4122 2158 4177 malum
2197 4135 2293 4190 per
2320 4132 2378 4173 se
2404 4117 2728 4178 subsistens,
2755 4114 2822 4166 ab
2844 4123 3051 4167 aaterno
3082 4128 3202 4167 esse
3232 4111 3343 4167 Deo
3372 4128 3539 4183 oppo-

1958 4217 2124 4271 situm
2180 4213 2329 4278 vult,
2389 4209 2531 4281 quod
2595 4208 2863 4262 interdum
2916 4216 3199 4271 naturam,
3260 4207 3537 4260 materiam

1960 4318 2371 4373 nonnunquam,
2446 4301 2582 4355 alias
2662 4299 2825 4354 etiam
2893 4296 3173 4361 Satanam,
3245 4296 3535 4356 diabolum,

1960 4397 2143 4452 mundi
2214 4394 2527 4465 principem,
2601 4390 2783 4444 διεταίὶ
2842 4389 2999 4457 hujus
3054 4388 3232 4452 deum,
3312 4386 3539 4455 aliisque

1962 4488 2234 4545 sexcentis
2257 4484 2494 4555 appellat
2527 4481 2859 4536 nominibus.
2896 4480 3083 4533 Tradit
3107 4479 3315 4543 adhaec,
3345 4490 3538 4531 neces-

257 4585 383 4657 χὴν,
417 4583 519 4638 καὶ
566 4581 850 4651 ὀμοούσιον
880 4576 1002 4649 (φεύ
1032 4580 1131 4647 τῆς
1159 4576 1356 4647 μανίας
1379 4575 1432 4640 !)
1467 4572 1547 4644 τῷ
1575 4570 1715 4642 Θεῷ.
1748 4570 1858 4641 Τὴν

1963 4582 2111 4636 sario
2162 4589 2327 4648 atque
2391 4577 2592 4631 invitos
2640 4587 2868 4644 peccare
2924 4572 3212 4625 homines:
3246 4578 3301 4623 et
3346 4583 3543 4636 corpus

257 4677 312 4729 δὲ
339 4675 591 4729 παλαιάν
616 4672 836 4744 Γραφὴν
864 4669 1141 4740 κωμῳδεῖ,
1165 4666 1406 4722 Μωῡσέα
1424 4666 1468 4696 ³³
1484 4681 1545 4717 τε
1568 4663 1753 4729 αὐτὸν,
1770 4665 1865 4715 καὶ

257 4775 413 4838 τοὺς,
435 4769 754 4841 προφήτας,
790 4765 886 4819 καὶ⁹
939 4764 1004 4833 δὴ
1041 4763 1159 4839 καί
1192 4763 1284 4814 τὸν
1317 4760 1622 4830 πρόδρομον
1651 4758 1680 4809 ὁ
1717 4773 1869 4828 τρισ-

261 4864 451 4926 ἅθλιος
479 4858 805 4930 δυσφημῶψ
848 4857 1081 4911 ἀνάπτει
1102 4872 1160 4908 τε
1197 4854 1422 4917 τούτους
1457 4853 1552 4907 καὶ
1576 4851 1753 4905 πάντα
1787 4852 1857 4904 τὰ

261 4956 319 5007 ὲν
346 4956 417 5026 τῇ
452 4951 668 5021 παλαιᾷ
700 4948 1001 5019 λελεγμένα
1036 4964 1097 5000 τε
1128 4947 1223 4999 καὶ
1253 4944 1623 5015 πεπραγμένα
1662 4942 1729 5012 (ὣ
1755 4942 1859 5011 τῆς

258 5044 563 5114 ἀθεότητος
589 5044 711 5113 ῑρτῇ
749 5040 953 5112 χείρονι
989 5039 1084 5093 καὶ
1118 5038 1475 5108 ἀντικειμένῃ
1509 5035 1588 5107 τῷ
1611 5035 1732 5108 Θεῷ
1763 5036 1862 5103 ἀρ-

260 5146 355 5215 χῇ.
391 5144 507 5197 Καὶ
538 5141 603 5193 τὸ
633 5140 692 5193 ὲν
734 5137 1052 5209 παραδείσῳ
1082 5136 1250 5205 φυτὸν
1288 5134 1378 5187 τὸν
1433 5132 1666 5203 Χριστὸν
1720 5126 1862 5184 εἶναι

260 5234 645 5308 τερατολογεί,
703 5231 762 5285 δν
810 5231 907 5285 καὶ
952 5230 1158 5300 χείλεσι
1221 5228 1323 5291 μὲν
1373 5227 1538 5297 τιμᾷν
1586 5223 1858 5295 ὁμολογεῖ,

261 5331 453 5403 εργοις
504 5328 563 5381 δὲ
604 5329 699 5379 καὶ
725 5324 904 5392 δόξαις
936 5320 1048 5376 οὐδ’
1107 5320 1225 5374 ἔστι
1276 5320 1460 5389 λόγοις
1510 5317 1860 5387 παραστῆσαι

1958 4671 2249 4728 deterioris
2282 4683 2402 4723 esse
2431 4667 2625 4738 partis,
2664 4665 2861 4718 divinae
2894 4677 3022 4717 vero
3052 4676 3198 4716 aura:
3221 4660 3540 4729 particulam

1957 4779 2078 4820 esse
2098 4763 2361 4824 animam,
2412 4770 2571 4828 atque
2607 4758 2661 4828 (ο
2691 4758 2964 4826 ingentem
3004 4752 3362 4823 amentiam!)
3394 4751 3542 4821 ejus-

1959 4858 2083 4913 dem
2131 4871 2254 4909 cum
2308 4854 2417 4907 Deo
2468 4862 2697 4905 naturae.
2746 4850 2915 4905 Vetus
2955 4847 3078 4902 dein
3133 4846 3541 4901 Testamentum

1960 4948 2171 5008 irridet,
2205 4958 2271 4999 ac
2301 4943 2523 5014 Moysen
2570 4942 2747 5010 ipsum
2792 4954 2915 4993 cum
2958 4938 3271 5007 prophetis;
3319 4937 3451 5007 quin
3491 4948 3548 4991 et

1962 5037 2177 5092 Domini
2235 5048 2625 5106 praecursorem
2690 5029 3029 5085 miserrimus
3082 5028 3172 5083 ille
3222 5030 3542 5083 subsannat.

1964 5129 2074 5185 Hos
2104 5138 2285 5183 autem
2315 5129 2481 5197 ipsos,
2516 5134 2572 5180 et
2602 5123 2814 5177 Veteris
2838 5121 3173 5176 Testamenti
3207 5122 3349 5176 dicta
3378 5120 3549 5175 factav

1965 5240 2072 5294 que
2122 5222 2305 5276 omnia
2352 5224 2423 5290 (0
2476 5219 2805 5289 impietatem
2830 5215 3153 5287 summam!)
3195 5214 3337 5269 malo
3378 5214 3455 5268 illi
3487 5224 3547 5269 et

1967 5332 2091 5370 cum
2123 5314 2232 5368 Deo
2256 5314 2514 5383 pugnanti
2567 5309 2832 5381 principio
2862 5308 3110 5364 ascribit.
3147 5306 3390 5362 Paradisi
3414 5321 3551 5376 quo-

1552 5428 1789 5484 VARIZE
1816 5428 2228 5485 LECTIONES.

338 5540 392 5571 ἰ
424 5536 585 5607 ὀλίγη
619 5534 865 5607 εοηοΑ·
918 5527 1382 5607 1"s9va090590ﬂ
1411 5543 1471 5607 ς·
1547 5523 2143 5607 eaedem;-

2247 5521 2293 5552 ’⁸
2321 5518 2583 5592 οὑκῙ-τῶν
2632 5519 2756 5592 cod.
2794 5518 3159 5592 suprascript.
3185 5518 3313 5592 τοῦ,
3346 5519 3446 5572 οὐκ
3477 5519 3545 5573 Α.

263 5613 310 5646 ’³
345 5589 624 5665 Πεδάκιόν
653 5606 751 5658 καὶ
787 5589 1215 5673 Ἀναϐαρςέα’ς’.
1256 5599 1300 5629 ⁸ο
1327 5589 1608 5665 ἁπάντων]
1642 5594 1737 5645 ἀπ’
1761 5589 2035 5648 αὑτῶνἈ.
2071 5594 2110 5624 ³³
2139 5611 2262 5646 τινα
2287 5594 2415 5647 add.
2435 5589 2513 5645 Ἀ.
2543 5590 2587 5620 ³¹
2617 5591 2845 5661 μυρίους
2873 5589 3066 5653 ἄλλους
3095 5606 3156 5653 ς.
3182 5590 3224 5621 ³³
3252 5590 3455 5643 Μωσέα
3483 5604 3546 5654 ς.

1803 5684 2033 5743 NOTAE.

343 5796 463 5870 (I9)
493 5795 619 5851 Lib.
649 5808 701 5847 vr
737 5788 927 5870 Simpl.
971 5787 1248 5870 medicam.
1287 5786 1575 5870 Dromrnio.

348 5857 471 5942 {‘20)
498 5870 619 5936 Quo
666 5862 826 5919 modo
855 5861 907 5913 in
946 5860 1180 5928 vulgatis
1218 5858 1377 5912 hodie
1406 5858 1634 5928 legimus
1663 5857 1833 5913 Πιδα-

600 5960 871 6023 Parnm.
917 5956 1038 6017 Gn.
1068 5953 1231 6017 CIII.

1971 5783 2090 5838 κίου
2118 5780 2501 5853 ,Δίιοσκορίδουῄ
2531 5778 2911 5853 ἶΑναζαρϐἐως
2940 5782 3070 5853 περ).
3115 5780 3245 5853 ύλης
3278 5780 3547 5853 ἰατρικῆς.

2022 5852 2134 5924 (‘21)
2172 5852 2321 5908 Libri
2341 5851 2505 5921 primi
2533 5852 2831 5907 Prooemio.

3082 5951 3158 6007 17
