3964 6402
538 371 643 435 523

1677 376 1939 436 PHOTII
1982 378 2108 436 PA']

2212 373 2494 433 ‘ARCHAE
2532 371 2641 433 ΟΡ.
3660 383 3748 447 524

538 506 643 561 que
674 490 926 545 arborem
976 488 1118 544 illam
1164 488 1439 545 Christum
1467 505 1589 546 esse
1624 490 1920 558 fabulatur,
1953 508 2108 563 quem

2217 495 2341 545 ὅσον
2358 491 2689 562 βλασφημεῖ.
2718 490 2828 545 Kal
2866 490 3074 562 Τριάδα
3100 492 3157 545 δὲ
3189 491 3254 524 ³³⁸
3287 490 3559 562 ὁμοούσιον
3586 497 3612 549 ό
3637 518 3750 554 κατ.

537 584 635 639 etsi
687 598 785 637 ore
814 582 1030 651 quidem
1087 583 1333 635 venerari
1383 598 1442 636 se
1487 584 1661 653 ﬁngit,
1719 585 1877 639 factis
1934 596 2112 640 tamen

537 674 670 747 ipsis
699 682 753 726 et
781 672 1149 740 Opinionibus,
1206 686 1463 742 quantum
1510 677 1738 744 exprimi
1767 677 1946 731 verbis
1972 678 2114 733 haud

536 774 736 833 potest,
758 763 1115 832 blasphemat.
1136 762 1461 819 Trinitatem
1501 765 1725 833 insuper
1750 769 2113 823 consubstan-

540 856 718 911 tialem
754 855 914 910 fateri
950 872 1010 911 se
1043 856 1222 911 dicere
1268 857 1429 911 audet
1470 860 1836 914 exsecrandus
1881 860 1988 924 ille,
2019 861 2110 916 sed

536 948 643 1003 hoc
681 948 844 1017 impie
885 963 949 1003 ac
988 948 1280 1015 malitiose,
1321 959 1636 1021 tantumque
1663 961 1719 1005 ut
1754 953 1967 1020 pietatis
1998 955 2112 1009 his-

535 1054 598 1094 ce
647 1041 923 1095 vocabulis
976 1040 1239 1110 decipiat,
1302 1041 1602 1110 simplicius
1645 1058 1708 1098 ac
1758 1044 1948 1116 1241)
2006 1046 2110 1099 mi-

536 1148 638 1186 nus
675 1132 1066 1201 circumspecte
1109 1133 1174 1187 ad
1215 1147 1335 1187 eum
1384 1135 1725 1203 accedentes,
1758 1146 1925 1204 utque
1950 1137 2115 1206 pesti-

536 1224 681 1278 lente
708 1226 974 1293 dogmatis
1010 1240 1238 1291 veneno,
1281 1240 1344 1278 ac
1373 1227 1527 1294 quasi
1560 1227 1846 1283 dulcedine
1876 1230 2109 1297 quadam

536 1323 834 1383 temperata
874 1322 1036 1383 atque
1079 1315 1400 1383 commista,
1450 1317 1607 1387 hujus
1655 1318 1776 1373 illos
1801 1334 1954 1373 noxa;
1982 1335 2112 1375 con-

534 1402 711 1459 festim
746 1404 1057 1473 adimpleat.
1087 1403 1177 1460 Sic
1207 1414 1261 1460 et
1288 1422 1485 1477 corpus
1512 1422 1571 1462 se
1598 1407 1796 1464 Christi
1835 1410 2111 1467 honorare

534 1511 600 1550 ac
634 1497 929 1565 praedicare
976 1500 1074 1561 ait,
1110 1506 1168 1563 et
1202 1496 1476 1554 Christum
1529 1504 1675 1554 cruci
1718 1500 1958 1567 alﬁxum,
2003 1504 2110 1558 imo

537 1588 708 1657 ipsam
761 1605 1001 1656 crucem,
1044 1591 1396 1660 baptismum,
1432 1593 1788 1662 sepulturam,
1832 1607 1991 1665 atque
2022 1613 2108 1652 re-

536 1684 926 1738 surrectionem
960 1683 1099 1753 ejus,
1129 1696 1571 1754 mortuorumque
1600 1689 1735 1743 adeo
1757 1691 1998 1746 omnium
2026 1707 2109 1747 re-

536 1777 925 1830 surrectionem
969 1775 1352 1844 acjudicium;
1389 1787 1438 1831 et
1485 1787 1542 1831 ut
1567 1779 1736 1835 semel
1763 1780 1960 1848 dicam,
1999 1797 2110 1836 om-

535 1867 623 1922 nia
656 1866 770 1922 fere
818 1868 1037 1938 pietatis
1072 1884 1135 1923 ac
1163 1868 1489 1925 Christianae
1533 1871 1815 1941 religionis
1845 1876 2107 1952 vocabula
2143 1867 2183 1923 Β

538 1960 607 2014 ad
665 1960 821 2023 alios,
888 1960 971 2015 vel
1020 1962 1285 2017 absurdos
1340 1971 1501 2032 atque
1558 1964 1973 2032 abominandos,
2023 1968 2109 2023 vel

536 2052 741 2108 alienos
786 2067 851 2106 ac
875 2053 1090 2120 stultos,
1122 2053 1204 2107 vel
1245 2056 1456 2125 ineptos
1482 2045 1535 2111 et
1558 2056 1882 2128 incongruos
1918 2075 2110 2115 sensus

537 2141 872 2197 transferens
916 2151 1079 2210 atque
1118 2128 1425 2209 traducens,
1473 2161 1624 2200 suam
1650 2148 1721 2201 ita
1759 2149 1949 2202 nititur
1980 2165 2109 2204 con-

534 2232 755 2287 ﬁrmare
819 2233 1177 2302 impietatem.
1238 2233 1467 2291 Tantam
1523 2252 1652 2293 vero
1712 2240 1835 2295 dolo
1892 2243 2106 2298 mistam

537 2324 866 2390 impietatem
939 2326 1226 2380 meditatus
1294 2336 1398 2391 est,
1453 2338 1510 2381 ut
1582 2343 1705 2383 cum
1774 2331 2110 2389 intolerabile

535 2414 740 2477 odium,
772 2413 1080 2483 bellumque
1128 2416 1482 2487 implacabile,
1533 2432 1859 2493 cooperante
1892 2425 1964 2479 illi
1991 2427 2109 2481 dia-

538 2503 681 2570 bolo,
715 2520 837 2558 cum
869 2522 1080 2574 semper
1124 2507 1344 2577 Virgine
1375 2512 1539 2566 Maria
1582 2529 1647 2568 ac
1687 2524 1859 2570 matre
1906 2516 2106 2572 Christi

538 2598 631 2652 Dei
671 2600 843 2653 nostri
890 2612 1063 2669 gerat,
1104 2601 1283 2658 Mariae
1312 2612 1493 2660 tamen
1525 2624 1718 2663 nomen
1752 2625 1848 2680 per
1881 2612 2107 2667 simula-

538 2689 738 2743 tionem
780 2705 1063 2758 usurpare,
1126 2708 1353 2763 eamque
1386 2705 1610 2751 matrem
1656 2698 1860 2754 Christi
1888 2699 2112 2756 m'enda-

537 2782 676 2835 citer
707 2782 994 2851 appellare,
1040 2799 1139 2839 nec
1170 2785 1289 2853 Dei,
1320 2804 1420 2843 nec
1447 2790 1609 2845 ullius
1639 2792 1863 2847 omnino
1891 2794 2111 2862 pudoris

537 2880 685 2927 metu
732 2887 1002 2929 vereatur.
1038 2875 1400 2945 Quamobrem
1435 2893 1489 2937 et
1518 2886 1882 2941 venerandam
1914 2887 2110 2943 saluti-

536 2962 819 3035 feramque
851 2965 1052 3021 Christi
1087 2986 1305 3027 crucem
1350 2976 1497 3032 mille
1533 2980 1796 3034 conviciis
1840 2982 2108 3047 lacerans,

534 3066 700 3127 atque
743 3060 809 3114 ad
848 3059 1063 3117 Judaeos
1087 3066 1480 3134 propulsandos
1530 3072 1691 3127 telum
1733 3090 1829 3143 per
1854 3076 2110 3146 blasphe-

534 3148 699 3202 miam
754 3151 1050 3220 appellans,
1110 3155 1295 3211 dicere
1357 3160 1712 3218 nihilominus
1767 3165 2109 3234 impudenter

536 3240 718 3303 audet,
769 3242 977 3299 honore
1030 3248 1245 3316 dignam
1304 3264 1364 3305 se
1413 3267 1477 3306 ac
1508 3256 1857 3312 veneratione
1904 3259 2105 3314 Christi

532 3329 631 3386 Dei
661 3348 876 3389 crucem
913 3338 1135 3403 ducere,
1184 3340 1308 3395 aliis
1362 3343 1618 3400 nimirum
1660 3348 2111 3418 appellationibus

534 3437 625 3479 res
673 3440 927 3495 perverse
965 3432 1276 3487 enuntians.
1329 3431 1421 3488 Sic
1465 3445 1520 3490 et
1554 3452 1754 3507 corpus
1791 3449 1846 3495 et
1884 3445 2107 3513 sangui-

536 3530 659 3569 nem
686 3515 892 3572 Christi
931 3518 1227 3587 fabulatur,
1283 3540 1389 3579 non
1436 3526 1588 3593 illud,
1630 3530 1777 3598 quod
1813 3531 2108 3590 Christiani

529 3609 901 3676 agnoscimus,
955 3613 1046 3666 sed
1101 3616 1241 3683 quod
1305 3617 1496 3672 rabida
1566 3621 1736 3691 ipsius
1782 3639 1848 3679 ac
1903 3626 2109 3684 furiosa

535 3714 687 3753 tuens
717 3701 1018 3757 conﬁnxit:
1049 3720 1213 3760 voces
1251 3710 1471 3777 quidem
1502 3711 1710 3780 piorum
1749 3717 2107 3785 admittendo,

535 3805 622 3847 res
650 3807 777 3849 vero
810 3797 955 3864 ipsas
990 3797 1308 3856 allatrando.
1334 3802 1412 3858 De
1447 3804 1561 3859 sole
1602 3819 1867 3881 praeterea
1903 3822 1958 3867 et
1982 3813 2108 3869 luna

531 3886 651 3940 sine
689 3889 893 3955 pudore
943 3891 1106 3946 veluti
1157 3893 1224 3950 de
1284 3896 1389 3951 diis
1450 3900 1692 3963 disserit,
1756 3904 2110 3979 ejusdemque

531 3994 654 4033 cum
703 3979 815 4037 Deo
850 3998 973 4038 esse
1020 3993 1233 4041 natura:
1281 3991 1583 4059 praedicat:
1616 4009 1789 4066 neque
1819 4014 1981 4055 sensu
2019 4002 2110 4056 ho-

531 4087 648 4124 rum
680 4072 852 4129 lucem
890 4077 1117 4147 percipi,
1159 4081 1252 4135 sed
1296 4083 1408 4137 sola
1452 4098 1635 4141 mente
1663 4104 1821 4158 posse
1857 4092 2106 4165 intelligi,

532 4165 795 4219 mentitur
822 4169 985 4223 homo
1014 4186 1172 4227 sensu
1207 4189 1402 4231 carens
1426 4183 1720 4237 communi.
1749 4183 1891 4239 Hinc
1919 4197 1975 4241 et
2028 4188 2109 4241 in-

527 4271 787 4325 corporea
847 4260 1142 4332 formaeque
1198 4282 1262 4323 ac
1322 4270 1520 4326 coloris
1585 4278 1828 4345 expertia
1892 4280 2109 4351 hymnis

527 4349 830 4414 celebrans,
884 4355 1086 4410 cultum
1166 4358 1273 4414 illis
1332 4362 1779 4437 majestatemque
1838 4349 2105 4428 attribuit.

525 4442 926 4501 Abstinentiam
965 4464 1092 4505 vero
1139 4468 1168 4505 a
1217 4456 1476 4512 carnibus
1515 4470 1678 4528 atque
1720 4479 1748 4515 a
1801 4478 1861 4518 re
1890 4466 2104 4535 uxoria,

2220 587 2421 653 ἀρατος
2486 584 2637 653 λέγει
2678 585 2776 654 μὲν
2825 584 3135 654 ὁμολογεῖν,
3186 584 3322 637 ἀλλά
3369 584 3628 651 δυσσεϐῶς
3670 594 3752 646 καὶ

2217 677 2564 748 κακούργως,
2624 678 2713 732 ἵνα
2760 676 2919 747 μόνον
2970 677 3145 748 κλέψῃ
3203 677 3303 747 τῆς
3348 678 3616 745 εὐσεϐείας
3656 689 3751 750 τοῖς

2217 776 2424 845 ῥήμασι
2448 772 2577 837 τοὺς
2605 772 2972 844 ἁπλούστερον
2994 771 3195 843 αύτῷῆ
3223 771 3584 845 ἀμαθέστερον
3610 795 3755 848 προσ.

2215 865 2416 932 ιόντας,
2470 865 2566 919 καὶ
2623 864 2715 917 τὸν
2741 864 2985 936 ὀλέθριον
3024 863 3116 918 τοῦ
3150 863 3418 933 δόγματος
3458 864 3533 918 ίδν
3574 868 3755 935 τούτοις

2212 952 2323 1011 οἷον
2360 957 2629 1025 γλυκάνας
2660 957 2754 1010 καὶ¹
2808 955 3187 1028 κερασάμενος
3240 955 3434 1025 ἀθρόον
3471 956 3566 1026 τῆς
3614 962 3755 1016 αὑτοῦ

2215 1047 2483 1120 πληρώσῃ
2510 1048 2707 1118 λύμης.
2736 1046 2894 1102 Οὕτω
2913 1048 2978 1119 δὴ
3008 1049 3103 1101 καὶ
3138 1046 3297 1119 σῶμα
3325 1046 3473 1116 λέγει
3502 1052 3654 1122 τιμᾷν
3680 1056 3759 1108 καὶ

2218 1145 2520 1215 κηρύσσειν
2551 1143 2809 1215 Χριστοῦ,
2843 1143 2937 1197 καὶ
2967 1143 3201 1217 Χριστὸν
3228 1144 3645 1214 ἐσταυρωμένον,
3681 1150 3760 1203 καὶ

2215 1236 2449 1307 σταυρὸν
2474 1236 2566 1288 καὶ
2594 1235 2900 1305 βάπτισμα,
2924 1232 3018 1287 καὶ
3036 1230 3213 1304 ταφὴν
3245 1231 3504 1303 Χριστοῦ,
3535 1233 3624 1287 καὶ
3648 1235 3761 1289 ἀνά-

2217 1346 2424 1390 στασιν,
2449 1329 2540 1381 καὶ
2570 1328 2783 1399 νεκρῶν
2811 1329 3109 1380 ἀνάστασιν
3130 1325 3223 1377 καὶ
3251 1324 3431 1393 κρίσιν
3449 1338 3463 1352 ·
3483 1325 3573 1377 καὶ
3602 1326 3762 1391 ἁπλῶς

2214 1422 2398 1491 σχεδὸν
2417 1421 2631 1474 ἅπαντα
2652 1422 2721 1473 τὰ
2733 1421 2832 1491 τῆς
2852 1418 3134 1481 εὐσεϐείας
3148 1418 3246 1471 καὶ
3275 1415 3429 1487 παρά
3446 1416 3487 1468 Χ
3496 1421 3761 1487 ριστιανοῖς

2211 1515 2452 1584 ὀνόματα
2480 1512 2567 1565 ἐπ’
2593 1510 2778 1573 ἄλλαις
2809 1510 2842 1580 ἢ
2873 1499 3126 1572 ἐκτόποις
3150 1508 3244 1562 καὶ
3268 1508 3595 1579 βδελυκταίς,
3623 1508 3653 1577 ἥ
3681 1508 3759 1560 ἀλ-

2212 1606 2452 1669 λοκότοις
2476 1606 2571 1659 καὶ
2599 1606 2830 1675 μωραῖς,
2852 1603 2886 1675 ἢ
2907 1602 3273 1675 ἀναρμόστοις
3296 1601 3389 1655 καὶ
3411 1600 3764 1664 ἀνακολούθοις

2211 1699 2442 1762 ἐννοίαις
2477 1698 2803 1769 μεταφέρων
2835 1697 2931 1750 καὶ
2956 1695 3277 1767 περιτιθεὶς,
3306 1694 3448 1747 οὕτω
3466 1694 3561 1764 τὴν
3584 1693 3766 1746 οἰκείαν

2211 1790 2469 1843 ἀσέϐειαν
2519 1790 2776 1861 πειρᾶται
2830 1785 3141 1858 κρατύνειν.
3190 1787 3300 1839 Καὶ
3347 1783 3598 1837 τοσοῦτον
3638 1784 3765 1853 αὐτῷ

2211 1883 2271 1935 τὸ
2299 1881 2457 1936 ἄθεον
2487 1881 2626 1952 μετά
2655 1878 2753 1933 τοῦ
2794 1879 2970 1933 δολίου
3004 1878 3393 1949 μεμελέτηται,
3449 1875 3585 1930 ὥστε
3636 1879 3768 1946 μῖσος

2211 1977 2438 2045 ἄσχετον
2462 1974 2557 2028 καὶ
2585 1972 2824 2043 πόλεμον
2846 1970 3109 2025 ἄσπονδον
3139 1969 3316 2041 ἔχοντι
3343 1966 3485 2023 κατά
3514 1968 3611 2037 τῆς
3644 1968 3767 2022 Ἀει-

2212 2067 2490 2138 παρθένου
2537 2066 2758 2136 Μαρίας
2807 2065 2905 2120 καὶ
2955 2065 3163 2137 μητρὸς
3216 2061 3457 2135 Χριστοῦ
3516 2062 3607 2116 τοῦ
3650 2061 3768 2116 Θεοῦ

2212 2160 2369 2231 ἡμῶν
2420 2160 2504 2192 ³⁸⁸
2564 2160 2714 2229 ὅμως
2767 2158 3176 2228 συμπλάττεται
3217 2154 3367 2226 αύτῷ
3425 2154 3521 2208 καὶ
3573 2155 3770 2225 Μαρίας

2212 2253 2403 2324 ὄνομα,
2437 2252 2532 2306 καὶ
2563 2252 2776 2322 μητέρα
2796 2249 3039 2321 Χριστοῦ
3070 2248 3450 2319 τερατολογεῖν
3477 2247 3605 2303 αὐτὸ
3626 2248 3665 2279 ³⁸
3684 2246 3769 2300 οὐκ

2212 2345 2327 2398 ἐστι
2359 2345 2520 2413 φόϐος
2548 2343 2709 2409 Θεοῦ,
2744 2343 2867 2396 οὐδέ
2898 2361 2979 2408 τις
3019 2342 3157 2405 ὅλως
3183 2342 3439 2413 αἰσχύνη.
3463 2341 3553 2394 Διὸ
3576 2341 3666 2394 καὶ
3688 2340 3769 2393 τὸν

2212 2438 2392 2507 τίμιον
2438 2435 2534 2489 xal
2564 2436 2830 2506 σωτήριον
2852 2434 2946 2488 τοῦ
2995 2432 3235 2504 Χριστοῦ
3278 2432 3518 2503 σταυρὸν
3575 2430 3772 2502 μυρίαις

2213 2528 2401 2600 ὕϐρεσι
2432 2528 2661 2599 βάλλων,
2688 2528 2785 2580 καὶ
2807 2526 3141 2597 ἀμυντήριον
3179 2523 3459 2578 Ἰουδαίων
3474 2522 3768 2592 δυσφημῶν,

2211 2624 2359 2693 ὅμως
2408 2620 2757 2690 ἀναισχυντεῖ
2808 2615 2983 2686 λέγων
3037 2616 3203 2686 τιμῆς
3251 2611 3444 2679 ἀξιοῦν
3492 2612 3586 2667 καὶ
3630 2610 3773 2664 σεϐα-

2214 2713 2505 2783 σμιὸτητος
2546 2710 2637 2766 τὸν
2691 2709 2925 2780 σταυρὸν
2951 2707 3045 2761 τοῦ
3076 2707 3314 2779 Χριστοῦ
3344 2708 3415 2772 ³⁸,
3452 2706 3586 2759 ἄλλα
3615 2706 3773 2775 πράγ-

2216 2822 2362 2877 ματα
2415 2805 2625 2875 ἑτέροις
2658 2803 2889 2873 ὀνόμασι
2923 2800 3250 2871 κακούργως
3287 2799 3595 2870 ὑποδηλῶν.
3638 2797 3776 2851 Οὕτω

2214 2899 2307 2952 καὶ
2339 2897 2501 2969 σῶμα
2534 2898 2629 2951 καὶ
2661 2889 2802 2966 αἷμα
2828 2891 3068 2966 Χριστοῦ
3103 2894 3202 2964 οὐχ
3235 2893 3263 2947 ὃ
3297 2895 3465 2964 ἴσμεν
3500 2894 3547 2947 οἱ
3578 2892 3623 2923 ³⁷
3656 2892 3775 2960 Χρι-

2213 2992 2439 3052 στιανοὶ,
2468 2990 2580 3044 ἀλλ’
2604 2989 2633 3042 ὃ
2655 2991 2688 3059 ἡ
2728 2987 3008 3057 λυσσώδης
3033 2985 3199 3041 αὐτοῦ
3222 2986 3317 3040 καὶ
3349 2986 3560 3057 μανικὴ
3589 2984 3777 3039 διάνοια

2211 3082 2574 3147 ἀνεπλάσατο,
2607 3081 2914 3153 μυθολογεῖ,
2947 3080 3046 3143 τὰς
3074 3079 3174 3150 μὲν
3203 3079 3312 3133 τῶν
3344 3077 3588 3132 εὐσεϐῶν
3619 3077 3778 3142 λέξεις

2214 3174 2614 3246 συνομολογῶν,
2650 3174 2795 3229 κατὰ
2825 3174 2881 3227 δὲ
2929 3172 3111 3228 αὐτῶν
3150 3171 3259 3225 τῶν
3284 3172 3633 3244 πραγμάτων
3664 3170 3778 3223 ὑλα-

2213 3268 2376 3321 κτῶν.
2402 3268 2591 3321 ’Ἥλιον
2605 3267 2659 3321 δὲ
2677 3267 2773 3320 καὶ
2790 3267 3021 3337 σελήνην
3046 3265 3424 3336 ἀναισχύντως
3446 3264 3681 3331 θεολογεῖ
3697 3262 3777 3316 καὶ

2208 3360 2471 3430 όμοούσια
2498 3360 2758 3433 κηρύττει
2784 3359 2923 3430 Θεῷ,
2955 3359 3054 3413 οὐκ
3081 3357 3342 3431 αἰσθητὸν
3376 3359 3563 3414 αὐτῶν
3580 3357 3639 3412 τὸ
3659 3356 3778 3426 φῶς,

2211 3450 2339 3522 [210
2363 3450 2458 3523 Η.]
2498 3451 2635 3505 ἀλλὰ
2672 3452 2861 3513 νοητὸν
2888 3452 2917 3504 ὁ
2941 3449 3271 3522 ἀναίσθητος
3324 3450 3743 3522 τερατευόμενος
3763 3460 3778 3478 ⁸

2209 3544 2291 3596 διὸ
2321 3546 2414 3598 καὶ
2437 3544 2707 3614 ἀσώματα
2734 3542 2830 3595 καὶ
2860 3542 3253 3613 ἀσχημάτιστα
3281 3543 3379 3596 καὶ
3401 3541 3782 3612 ἀχρωμάτιστα

2210 3635 2349 3689 αὐτά
2382 3635 2648 3706 ἐξυμνῶν,
2677 3633 2739 3686 τὸ
2759 3633 2926 3697 σέϐας
2942 3635 3124 3697 αὐτοῖς
3154 3633 3412 3691 ἀνάπτει.
3446 3633 3712 3706 Νηστείαν
3732 3630 3781 3684 δὲ

2210 3728 2390 3798 κρεῶν
2422 3726 2518 3780 καὶ
2548 3726 2745 3797 γάμων
2781 3725 2996 3798 ἀποχὴν
3028 3726 3104 3790 ὡς
3140 3725 3416 3799 βδελυρῶν
3456 3729 3484 3782 ό
3532 3722 3781 3799 βδελυρώ-

2208 3838 2371 3882 τατος
2410 3820 2786 3892 ὑποκρίνεται,
2816 3822 2911 3874 καὶ
2941 3820 3031 3874 τὸν
3055 3817 3197 3874 οἶνον
3224 3820 3282 3873 δὲ
3315 3816 3405 3874 οία
3430 3821 3498 3892 δὴ
3540 3820 3783 3889 μεθυστι-

2209 3912 2304 3966 κὸν
2344 3912 2776 3986 ἀποστρέφεται,
2806 3913 2867 3965 οὐ
2900 3912 3143 3984 συνορῶν
3184 3913 3259 3976 ὡς
3290 3913 3391 3983 οὐχ
3421 3916 3451 3967 ό
3500 3907 3640 3974 οἶνός
3680 3912 3784 3963 ἐστι

2213 4006 2561 4076 μεθυστικὸς,
2606 4005 2720 4058 ἀλλ’
2769 4007 2803 4073 ὴ
2855 4005 3095 4078 ἄμετρος
3139 4005 3233 4059 καὶ
3286 4006 3446 4076 παρά
3490 4006 3553 4058 τὸ
3596 4005 3785 4075 πρέπον

2209 4100 2354 4170 χρῆσ
2361 4117 2408 4163 ις
2416 4140 2431 4164 9
2461 4098 2651 4167 ὥσπερ
2674 4099 2768 4152 καὶ
2791 4100 2997 4171 τροφῆς
3014 4099 3234 4170 ἀπάσης
3262 4101 3357 4153 καὶ
3382 4100 3581 4164 ὓδατος
3598 4102 3631 4172 ἡ
3650 4096 3787 4169 παρὰ

2208 4190 2269 4243 τὸ
2300 4189 2499 4261 μέτρον
2526 4190 2725 4260 χρῆσις
2762 4190 3049 4261 βλαϐερόν.
3105 4190 3234 4264 [405
3267 4190 3361 4263 Κ]
3403 4191 3663 4259 Θεολογεῖ
3687 4191 3737 4243 δὲ
3762 4191 3787 4242 ό

2208 4283 2469 4352 δύστηνος
2501 4286 2596 4334 καὶ
2637 4282 2729 4334 τὸν
2762 4282 2923 4354 ἀέρα,
2959 4282 3115 4336 κίονα
3163 4282 3327 4336 αὐτὸν
3367 4282 3468 4336 καὶ
3518 4282 3788 4354 ἄνθρωπον

2210 4374 2478 4447 ἐξυμνῶν.
2518 4374 2592 4427 Τὸ
2622 4373 2736 4446 πῦρ
2765 4374 2821 4427 δὲ
2866 4375 3204 4446 μυσάττεται
3249 4375 3345 4428 καὶ
3383 4375 3489 4445 τὴν
3541 4378 3667 4446 γῆν,
3718 4375 3789 4435 είς

2208 4472 2307 4540 τὴν
2359 4470 2580 4541 χείρονα
2613 4472 2807 4540 μοῖραν
2864 4469 3179 4523 συντάττων
3230 4469 3390 4526 αὐτά.
3444 4470 3560 4522 Kal
3612 4466 3788 4529 ἄλλους

525 4544 784 4604 tanquam
829 4555 858 4592 a
909 4541 1071 4597 rebus
1109 4545 1466 4614 detestandis,
1520 4553 1758 4609 maxime
1804 4556 1920 4625 ipse
1958 4560 2107 4615 dete-

2212 4560 2409 4633 λήρους
2436 4562 2529 4614 καὶ
2573 4559 2888 4629 φληνάφους
2933 4558 3161 4623 πολλοὺς
3214 4560 3279 4611 ὲκ
3312 4559 3418 4628 τῆς
3489 4557 3788 4628 Ἑλληνικῆς

523 4629 769 4697 standus,
826 4633 1069 4689 simulat.
1127 4636 1327 4693 Vinum
1368 4656 1583 4712 quoque
1641 4646 1788 4701 velut
1824 4649 2106 4707 ebrietatis

523 4737 743 4779 causam
789 4741 1094 4793 aversatur,
1138 4746 1245 4785 non
1287 4735 1639 4791 considerans
1680 4740 1804 4793 vino
1839 4741 1889 4796 id
1917 4744 2103 4798 vitium

522 4816 767 4883 minime,
797 4821 890 4875 sed
918 4822 1276 4878 immoderato
1305 4826 1689 4898 indecentique
1712 4833 1833 4886 usui
1866 4836 2106 4891 tribuen-

522 4908 673 4971 dum,
726 4919 867 4964 utet
921 4912 1167 4967 ciborum
1204 4916 1468 4982 omnium,
1501 4921 1610 4973 imo
1659 4933 1712 4976 et
1754 4925 1921 4994 ipsius
1952 4943 2106 4997 aquae

523 4997 843 5054 immodicus
889 5017 1019 5055 usus
1068 5009 1244 5058 nocet.
1300 5003 1376 5059 De
1438 5021 1564 5061 aere
1606 5010 1733 5063 item
1783 5013 1963 5067 inl‘elix
2019 5015 2105 5070 ille

524 5100 781 5161 tanquam
834 5093 899 5146 de
949 5096 1047 5147 deo
1091 5097 1347 5165 quopiam
1386 5098 1649 5168 disputat,
1703 5114 1761 5157 ut
1796 5106 2102 5162 columnam

519 5197 643 5237 eum
694 5195 749 5239 et
798 5188 1068 5241 hominem
1107 5190 1322 5260 hymnis
1368 5193 1668 5249 celebrans;
1714 5195 1892 5265 Ignem
1924 5209 2101 5256 tamen

520 5286 844 5343 aspernatur
893 5286 1226 5348 terramque,
1282 5291 1337 5336 et
1371 5282 1539 5351 pejori
1587 5285 1702 5339 haec
1749 5299 1902 5356 parte
1931 5291 2101 5345 collo-

519 5378 625 5421 cat.
660 5367 751 5422 Sic
779 5370 900 5424 aliis
939 5386 1152 5441 quoque
1184 5373 1557 5431 deliramentis
1591 5380 1855 5451 nugisque
1893 5387 2100 5449 multis,

518 5472 641 5510 cum
677 5474 707 5512 e
754 5458 1068 5515 Graecorum
1115 5466 1506 5532 superstitione
1556 5473 1935 5540 emendicatis,
1992 5486 2100 5529 tum

2214 4653 2608 4724 ὲρανισάμενος
2633 4651 3053 4722 δεισιδαιμονίας
3093 4650 3186 4705 καὶ
3224 4652 3288 4704 ὲκ
3334 4652 3437 4721 τῆς
3484 4652 3622 4715 ἰδίας
3670 4651 3789 4703 ἀνα-

2215 4745 2562 4815 πλασάμενος
2586 4743 2894 4813 τερατείας,
2921 4743 3155 4814 φορυτόν
3189 4744 3375 4798 κακῶν
3400 4745 3502 4799 καὶ
3550 4742 3790 4803 ἀσεϐείας

2214 4837 2442 4907 ἔσχατον
2471 4836 2530 4889 τὸ
2574 4837 2776 4889 οἰκεῖον
2811 4835 3112 4906 παρίστησι
3145 4836 3341 4905 δόγμα.
3408 4834 3789 4906 Ἀποσπαρὰσ-

2214 4946 2323 4982 σων
2369 4928 2427 4981 δὲ
2456 4928 2597 4998 ῥητά
2628 4943 2749 4980 τινα
2777 4925 2871 4979 τοῦ
2901 4927 3045 4980 θείου
3083 4927 3128 4959 ³⁸
3173 4928 3521 4997 Εὐαγγελίου
3555 4927 3649 4981 καὶ
3693 4926 3792 4978 τῶν

2211 5020 2514 5074 ἐπιστολῶν
2562 5020 2656 5073 τοῦ
2700 5020 2991 5073 θεσπεσίου
3047 5022 3283 5081 Παύλου.
3334 5027 3605 5096 πειρᾶται
3649 5039 3792 5094 στρε-

2214 5112 2377 5166 ϐλοῦν
2421 5112 2562 5165 αὐτὰ
2591 5114 2684 5165 καὶ
2710 5114 2843 5184 πρὸς
2869 5113 2968 5182 τὴν
2998 5115 3203 5168 οἰκείαν
3254 5117 3297 5148 ³³
3332 5118 3665 5173 δυσσέϐειαν
3719 5118 3796 5170 ἐλ-

2214 5224 2333 5259 κειν
2363 5222 2374 5233 ·
2423 5206 2519 5259 καὶ
2558 5207 2679 5268 ταῖς
2720 5205 3043 5277 λεγομέναις
3072 5208 3129 5261 δὲ
3159 5209 3395 5278 Πράξεσι
3432 5212 3549 5265 τῶν
3598 5210 3794 5265 δώδεκα

2211 5297 2548 5356 ἀποστόλων,
2606 5299 2700 5350 καὶ
2739 5298 2973 5367 μάλιστα
3008 5301 3263 5372 Ἀνδρέου
3311 5305 3605 5370 πεποιθὼς
3628 5307 3672 5337 ⁸ο
3695 5306 3795 5359 65i-

2215 5402 2427 5449 κνυται,
2465 5388 2720 5440 κάκεῖθεν
2746 5388 2885 5458 έχων
2914 5390 2974 5442 τὸ
3003 5392 3261 5463 φρόνημα
3282 5396 3552 5465 ἠρμένον.
3588 5396 3797 5465 Κρατύ-

2213 5496 2294 5529 νει
2345 5477 2403 5530 δὲ
2458 5478 2553 5531 καὶ
2594 5480 2693 5541 τὰς
2726 5479 3201 5551 μετεμψυχώσεις,
3227 5485 3355 5549 τοὺς
3386 5487 3494 5554 μὲν
3520 5489 3604 5549 είς
3638 5486 3799 5554 ἀκρον

1839 5589 2079 5646 VARIIE
2105 5591 2514 5650 LECTIONES.

589 5668 741 5763 ’δ’,ξὲ
772 5686 885 5763 om;
909 5671 976 5754 A;
1011 5675 1099 5763 ν³³
1130 5684 1250 5755 I305}
1281 5677 1593 5763 ἡμῶκζ-(ὶυοιιι
1622 5680 1681 5763 Α.
1700 5682 1883 5763 omisi,
1905 5700 2035 5763 qua:
2062 5687 2551 5763 vulgoAadduntur,
2587 5696 2869 5762 συνεργεῖν
2902 5692 3054 5763 αὐτῷ
3080 5692 3173 5745 τὸν
3202 5692 3472 5747 διάϐολον.
3556 5694 3604 5728 ³⁸
3640 5690 3797 5747 αὐτοῦ

519 5756 582 5804 ς.
620 5742 700 5836 Πξδ
734 5744 826 5795 τοῦ
845 5743 979 5828 φεοῦ
1011 5742 1247 5836 Χριστοῦ
1283 5742 1345 5836 ς.
1422 5742 2103 5836 3".oiet§n1,5?5ad§l‘..A..
2147 5742 2191 5788 δέ
2213 5742 2517 5836 ,Θεσπεσίου
2538 5742 2587 5814 'A
2619 5742 2644 5816 ζ
2667 5742 3281 5836 οέἐὸιῖέςΪῖοτοικείαν]
3316 5765 3455 5818 ἰδίαν
3484 5767 3555 5821 Α.
3631 5765 3679 5796 ιο
3710 5779 3799 5814 ηπε-

520 5811 725 5877 ποιθὼς
754 5844 817 5852 —-
854 5816 993 5885 ἔχων
1024 5811 1073 5870 Λ’
1103 5836 1114 5845 ·
1144 5819 1204 5870 οὑ
1242 5821 1400 5887 μόνον
1428 5822 1487 5873 οὐ
1520 5811 1851 5889 συντίθεται,
1885 5825 2020 5878 ἀλλά
2045 5826 2300 5884 κάκεῖθεν
2328 5830 2446 5900 ἔχει
2481 5850 2541 5897 ς.
