4038 6408
165 478 174 500 ,
208 428 308 491 525

1257 424 1766 485 BIBLIOTHECA
1818 447 1889 460 -
1925 422 2091 483 COD.
2120 425 2394 483 CLXXX.

3348 426 3456 490 526

211 532 412 604 ἀρετῆς
462 528 796 602 ἐληλακότας
854 531 937 593 είς
968 529 1103 584 Θεὸν
1126 530 1397 595 ἀναλύων,
1456 533 1583 595 τοὺς
1618 532 1663 584 δ’
1710 534 1787 594 είς

1905 531 2200 602 prodigiose
2230 549 2260 587 e
2292 549 2388 587 suo
2418 533 2661 588 conﬁctis
2699 534 2943 598 cerebro,
2996 536 3257 591 malorum
3287 537 3456 592 collu-

162 598 177 635 ³
207 598 424 695 ἔσχατον
472 625 516 655 ⁸¹
546 598 768 685 ⁷κακίας
796 624 930 691 πυρὶ
972 621 1148 684 διδοὺς
1179 625 1273 675 καὶ
1304 623 1503 693 σκότῳ,
1533 623 1662 686 τοὺς
1713 622 1770 674 δὲ

1905 627 2042 687 'iem,
2096 640 2258 697 atque
2298 629 2591 697 impietatis
2641 628 2870 697 apicem,
2910 645 3061 685 suam
3129 632 3334 686 stabilit
3371 648 3459 686 se-

210 718 384 784 μέσως
404 733 520 778 πως
539 714 1036 785 πολιτευσαμένους
1064 714 1229 767 πάλιν
1261 715 1341 778 είς
1374 714 1603 785 σώματα
1643 732 1776 767 κατ-

209 808 372 875 άγων.
400 807 681 877 Κέχρηται
709 806 766 858 δὲ
793 806 1062 878 μάρτυσιν
1095 806 1633 877 ἀπηρυθριασμένως
1685 807 1781 859 καὶ

208 901 311 959 τοῖς
336 898 435 968 τὴν
458 897 698 967 Ἕλληνα
735 898 1034 970 θρησκείαν
1054 898 1394 967 ἠγαπηκόσι,
1440 898 1675 967 μάλιστα
1717 895 1778 948 δέ

210 989 468 1050 Πλάτωνι,
498 990 633 1061 πρὸς
665 989 924 1043 σύστασιν
944 990 1042 1059 τῆς
1082 988 1215 1051 ἰδίας
1242 989 1562 1059 θεομαχίας,
1600 988 1779 1051 θείους

208 1082 401 1143 αὐτοὺς
429 1082 522 1134 καὶ
548 1082 749 1153 ἱεροὺς,
782 1081 972 1153 ῶσπερ
1001 1082 1095 1135 καὶ
1132 1080 1225 1133 τὸν
1259 1082 1390 1152 παρ’
1449 1080 1599 1152 αύτῷ
1645 1082 1780 1151 Χρι-

210 1174 324 1226 στὸν
345 1174 442 1225 καί¹
474 1174 725 1243 Σωτῆρα,
763 1173 1075 1228 ἀποκαλῶν.
1121 1174 1230 1226 Καὶ
1278 1172 1413 1228 ἄλλα
1465 1173 1523 1226 δὲ
1579 1172 1780 1241 πολλῆς

210 1268 386 1329 ἀνοίας
417 1268 511 1319 καὶ
574 1267 726 1319 δόλου
792 1268 887 1321 καὶ
967 1266 1257 1337 ἀθεότητος
1311 1265 1544 1337 ἔμπλεα.
1599 1264 1783 1335 Μάχε-

211 1360 328 1411 σοαι
374 1360 431 1412 δὲ
460 1359 610 1412 δοκεῖ
639 1360 775 1429 πρὸς
798 1360 897 1428 τὴν
930 1358 1196 1430 Εύνομίου
1244 1358 1587 1422 κακοδοξίαν,
1627 1358 1787 1421 αὐτὸς

210 1451 471 1505 οὐδ’ἐστιν
503 1455 677 1505 εἰπεῖν
700 1453 822 1505 ὅσον
848 1453 1056 1505 ἐκείνου
1086 1451 1392 1523 ἀθεώτερον
1426 1450 1784 1521 βλασφημῶν.

1888 730 2051 773 ctam.
2112 721 2324 775 Divellit
2370 729 2423 774 et
2485 721 2625 774 dicta
2666 722 2909 790 quaedam
2961 723 3153 793 125a
3207 739 3235 776 a
3300 737 3459 779 sacro

1890 810 2204 879 Evangelia,
2250 810 2599 878 epistolisqne
2641 810 2701 866 Β.
2756 811 2929 876 Pauli,
2966 829 3085 881 quae
3119 822 3174 867 el
3216 814 3329 882 ipsa
3359 817 3457 867 (le-

1892 912 2146 971 torquere
2190 902 2429 967 molitur,
2481 912 2642 969 atque
2672 902 2738 957 ad
2783 920 2939 957 suum
2983 906 3199 959 trahere
3235 906 3458 975 impium

1888 993 2102 1060 dogma.
2153 992 2303 1046 Actis
2353 993 2478 1045 item
2526 993 2650 1055 illis,
2720 1008 2840 1063 qua:
2885 994 3169 1049 duodecim
3236 1004 3460 1062 aposto-

1887 1083 2060 1139 lorum
2096 1083 2206 1153 (22)
2228 1092 2509 1147 vocantur,
2538 1092 2591 1136 et
2613 1085 2840 1138 Andreae
2863 1085 3116 1150 maxime,
3148 1100 3252 1139 non
3284 1085 3458 1140 solum

1889 1175 2205 1237 assentitur,
2236 1176 2328 1229 sed
2346 1175 2508 1228 etiam
2555 1175 2680 1229 inde
2713 1177 2963 1244 superbia
2994 1178 3290 1232 extollitur.
3325 1178 3463 1231 Pro~

1894 1267 1983 1321 bat
2010 1267 2233 1335 insuper
2276 1268 2582 1321 animarum
2620 1268 3017 1335 migrationes:
3052 1271 3190 1325 alios
3222 1272 3462 1339 quidem,

1894 1360 1983 1429 qui
2032 1361 2096 1413 ad
2141 1374 2412 1412 summum
2460 1361 2679 1415 virtutis
2724 1363 2938 1415 culmen
2991 1374 3375 1431 pervenerunt,
3411 1364 3464 1417 in

1895 1450 2064 1505 Deum
2103 1450 2419 1504 resolvendo
2446 1469 2459 1505 ε
2492 1452 2625 1505 alios
2662 1468 2810 1518 vero,
2841 1454 2930 1521 qui
2962 1468 3231 1507 summum
3266 1454 3467 1524 impro-

210 1543 382 1596 bitatis
409 1546 732 1612 attigerunt,
780 1543 889 1612 igni
928 1545 1192 1598 tradendo
1232 1558 1297 1597 ac
1331 1544 1615 1609 tenebris;
1643 1542 1779 1596 alios
1825 1542 2079 1609 denique,
2122 1542 2212 1610 qui
2245 1543 2422 1595 medio
2470 1544 2707 1612 quodam
2747 1545 2907 1599 modo
2977 1546 3142 1598 vitam
3213 1546 3466 1601 institue-

212 1650 352 1702 runt,
401 1640 454 1694 in
483 1655 715 1710 corpora
764 1640 959 1694 iterum
996 1640 1321 1695 revocando.
1356 1639 1609 1695 Testibus
1662 1647 1922 1710 praeterea
1975 1637 2094 1692 sine
2133 1637 2478 1703 verecundia,
2531 1638 2693 1691 etiam
2753 1640 2819 1692 iis
2866 1642 2932 1693 ad
2969 1655 3123 1693 suam
3184 1640 3468 1694 stabilien-

211 1732 325 1787 dam
372 1730 709 1801 impietatem
764 1732 955 1797 utitur,
1032 1732 1122 1801 qui
1169 1732 1410 1797 gentium
1464 1731 1779 1800 religionem
1814 1728 2033 1783 fuerunt
2065 1728 2340 1797 amplexi,
2382 1729 2725 1793 maximeque
2765 1729 3021 1797 Platone,
3079 1733 3294 1787 divinos
3352 1731 3472 1787 illos

213 1840 471 1880 acsacros
504 1823 726 1895 (quibus
754 1839 905 1893 aeque
935 1824 1246 1878 nominibus
1274 1822 1551 1877 Christum
1584 1820 1932 1877 Servatorem
1992 1818 2175 1889 allicit)
2228 1820 2530 1890 appellans.
2595 1821 2713 1875 Alia
2784 1837 2999 1891 quoque
3071 1824 3230 1881 all'ert
3284 1827 3474 1893 ingen-

215 1920 276 1973 tis
317 1921 594 1981 amentiae,
629 1916 861 1981 fraudis,
899 1926 1063 1986 atque
1114 1917 1412 1987 impietatis
1446 1914 1785 1986 plenissima.
1822 1915 1879 1969 In
1908 1914 2155 1969 Eunomii
2191 1913 2318 1968 item
2370 1927 2612 1969 errorem
2654 1915 2836 1970 invehi
2896 1916 3127 1984 videtur,
3182 1933 3303 1973 cum
3361 1920 3475 1989 ipse

224 2021 475 2081 quantum
513 2010 604 2063 vix
654 2010 798 2064 credi
854 2018 1051 2077 potest,
1100 2008 1263 2077 impie
1285 2007 1453 2076 magis
1494 2022 1656 2075 quam
1701 2006 1791 2061 ille
1820 2006 2176 2075 blasphemet.

278 2104 430 2155 Ἐστι
472 2101 533 2155 δὲ
579 2101 679 2171 τὴν
719 2100 863 2165 λέξιν
901 2100 997 2154 καὶ
1027 2099 1225 2170 φράσιν
1269 2099 1483 2169 ἐνιαχοῦ
1544 2100 1643 2169 μὲν
1685 2099 1785 2153 ούκ

1963 2099 2134 2154 Dictio
2156 2096 2273 2166 eius
2304 2108 2359 2154 et
2395 2099 2607 2168 phrasis
2638 2098 2907 2153 interdum
2942 2101 3157 2170 quidem
3196 2118 3299 2157 non
3340 2118 3476 2157 con-

215 2195 478 2264 ἀδύκιμος,
517 2193 617 2246 καὶ
654 2193 890 2265 μάλιστα
933 2191 1203 2263 ἐκφρασίν
1241 2209 1387 2255 τινος
1416 2190 1598 2245 εἵπου
1637 2193 1794 2264 μελε-

216 2287 336 2358 τῴη,
370 2290 428 2340 ἐν
458 2286 519 2339 δέ
556 2301 698 2338 τισιν
731 2284 963 2354 εὐτελὴς
994 2285 1087 2337 καὶ
1128 2283 1281 2336 οὐδὲν
1318 2282 1643 2354 διενηνοχὼς
1685 2283 1794 2337 τῶν

219 2380 275 2430 ἐκ
312 2378 552 2450 τριόδου.
600 2378 829 2446 Μετεῖχε
878 2375 935 2429 δέ
982 2376 1079 2428 καὶ
1100 2375 1146 2407 ⁸²
1197 2375 1502 2444 φιλοσόφων
1556 2374 1718 2428 τινῶν
1767 2376 1796 2428 ὁ

220 2472 386 2535 ἄθλιος
437 2470 806 2541 μαθημάτων,
844 2466 955 2522 οὐδ’
997 2468 1229 2531 ἐκείνοις
1267 2467 1328 2520 τὸ
1372 2467 1657 2520 ἀνόθευτον
1701 2466 1797 2519 καὶ

223 2565 431 2633 γνήσιον
474 2560 787 2625 διασώζων,
832 2559 969 2614 ἀλλά
1013 2560 1191 2613 πάντα
1225 2559 1412 2614 κυκῶν
1446 2561 1543 2614 καὶ
1582 2558 1797 2628 συμφύ-

226 2672 339 2724 ρων.
375 2655 488 2707 Καὶ
519 2653 905 2723 κακουργῆσαι
948 2652 1048 2723 μὲν
1082 2652 1316 2723 τάληθὲς
1348 2652 1442 2706 καὶ
1467 2652 1624 2716 εύθές
1657 2652 1703 2683 ⁸³
1734 2653 1795 2705 ού

226 2747 398 2818 πόρρω
425 2745 524 2799 τοῦ
556 2744 885 2816 δραστηρίου
915 2745 1008 2797 καὶ
1036 2744 1341 2808 δεινότατος
1372 2744 1442 2807 ⁸⁸,
1476 2745 1717 2815 ἐξευρεῖν
1741 2744 1800 2798 δέ

227 2840 308 2889 καὶ
334 2836 677 2906 κατανοῆσαι
713 2835 993 2899 παντελῶς
1025 2834 1228 2905 εὐήθης
1262 2837 1356 2889 καὶ
1387 2835 1615 2906 ἠλίθιος.
1653 2837 1801 2905 Χρη-

230 2928 423 2998 σιμεύει
458 2931 523 2984 δὲ
573 2930 634 2984 τὸ
672 2929 983 2984 ἀθεώτατον
1028 2928 1196 2984 αὑτοῦ
1250 2930 1348 2984 καὶ
1397 2930 1801 2999 ἀχρηστότατον

231 3024 501 3094 σύνταγμα
546 3025 631 3087 εἰς
681 3023 901 3093 ἔλεγχον
950 3023 1112 3090 μόνον
1158 3023 1253 3077 καὶ
1300 3022 1563 3093 αἰσχύνην
1592 3022 1703 3076 τῶν
1734 3024 1800 3093 τῇ

230 3115 627 3187 δυσσεϐεστάτη
677 3116 774 3169 καὶ
809 3115 958 3188 ἀθέῳ
1002 3114 1132 3187 δόξῃ
1186 3114 1298 3169 τῶν
1341 3115 1661 3187 Μανιχαίων
1707 3114 1805 3169 καὶ

236 3208 365 3279 αὐτῷ
395 3210 597 3277 ἐκείνῳ
632 3208 1174 3280 προσανακειμένων.

916 3389 1045 3442 PII'.

1897 2193 2181 2247 temnenda
2208 2234 2223 2258 ,
2252 2192 2557 2261 praesertim
2610 2191 2654 2245 si
2689 2192 2818 2260 quid
2872 2200 2965 2245 aut
3011 2193 3342 2258 describere,
3384 2204 3479 2249 aut

1894 2281 2165 2351 explicare
2200 2282 2436 2353 satagit;
2473 2282 2524 2334 in
2556 2282 2884 2351 quibusdam
2916 2296 3103 2336 rursus
3143 2282 3287 2351 vilis,
3308 2283 3477 2338 nihil-

1895 2386 2000 2440 que
2034 2387 2062 2423 a
2098 2372 2404 2426 trivialibus
2446 2371 2721 2427 differens.
2754 2372 2984 2442 Attiugit
3018 2381 3071 2429 et
3102 2373 3475 2444 philosophica

1898 2465 2142 2532 quaedam
2182 2465 2432 2531 dogmata
2461 2465 2627 2518 miser
2660 2464 2773 2528 ille,
2812 2466 2864 2519 in
2910 2467 3109 2535 quibus
3148 2464 3328 2523 tamen
3361 2482 3481 2539 ger-

1900 2571 2118 2609 manum
2156 2555 2289 2609 nihil
2315 2565 2408 2608 aut
2434 2557 2727 2624 genuinum
2763 2558 2978 2624 retinet,
3010 2561 3103 2613 sed
3126 2562 3306 2614 omnia
3346 2563 3480 2615 mis-

1900 2660 1987 2703 cet
2061 2658 2221 2717 atque
2294 2648 2601 2702 confundit.
2658 2650 2741 2702 Ad
2797 2651 3204 2718 depravandum
3278 2655 3481 2708 etenim

1900 2755 2087 2793 verum
2135 2748 2448 2809 rectumque
2498 2754 2603 2793 non
2646 2754 2834 2808 parum
2882 2742 2933 2795 in
2972 2744 3180 2810 agendo
3207 2752 3481 2811 strenuus,

1902 2828 1985 2883 vel
2026 2828 2078 2882 in
2114 2828 2343 2882 dicendo
2392 2828 2585 2894 solers,
2617 2831 2683 2884 ad
2725 2831 3105 2887 inveniendum
3131 2843 3292 2900 atque
3317 2850 3483 2889 exco-

1902 2918 2180 2987 gitandum
2201 2918 2427 2989 simplex
2456 2920 2679 2974 omnino
2700 2936 2764 2975 ac
2787 2922 3013 2977 stolidus
3035 2924 3483 2992 deprehenditur.

1904 3009 2132 3064 Prodest
2174 3019 2352 3064 autem
2394 3010 2617 3080 impium
2673 3011 2817 3067 illius
2873 3022 3038 3081 atque
3083 3013 3481 3083 ineptissimum

1903 3116 2042 3169 opus
2089 3101 2156 3156 ad
2205 3103 2714 3173 reprehendendum
2765 3105 3065 3167 duntaxat,
3120 3106 3489 3176 pudoremque

1906 3191 2300 3260 incutiendum,
2334 3210 2458 3248 cum
2491 3193 2910 3250 Manichaeorum
2944 3196 3324 3266 impiissimam
3360 3199 3489 3254 doc-

1910 3290 2131 3355 trinam,
2161 3296 2273 3341 tum
2309 3288 2450 3343 hunc
2480 3287 2657 3358 ipsum
2685 3289 3040 3345 sectantibus.

2564 3379 2826 3435 CLXXX.

246 3480 515 3538 Ἰωάννου
569 3439 940 3550 Λαύρεντίού
963 3439 1393 3551 -ιῖῦιλαδελφέἱυς
1440 3478 1548 3535 τοῦ
1603 3478 1799 3533 Λυδοῦ

1905 3468 2133 3523 Joannis
2152 3469 2426 3526 Laurentii
2445 3470 2902 3541 Philadelplunsis
2920 3473 3056 3545 Lydi
3078 3484 3341 3530 tractatus
3360 3484 3483 3531 tres.
3590 3498 3596 3506 ·

773 3551 1163 3621 πραγματεῖαι
1185 3558 1258 3620 γ’.

306 3640 749 3710 Ἀνεγνὼσθησαν
792 3640 1041 3692 Ἰωάννου
1072 3637 1403 3709 Λαυρεντίου
1429 3634 1803 3703 Φιλαδελφέως

238 3730 319 3782 τοῦ
356 3731 529 3785 Λυδοῦ
579 3731 960 3800 πραγματεῖαι
1005 3731 1180 3799 τρεῖς,
1238 3730 1372 3795 περὶ
1419 3723 1802 3794 διοσημειῶν,

241 3822 353 3887 περὶ
377 3821 614 3891 μηνῶν,
656 3820 787 3889 περὶ
828 3818 1031 3889 ἀρχῶν
1058 3816 1405 3872 πολιτικῶν.
1469 3817 1607 3869 Ἀλλ’
1640 3820 1672 3887 ἡ
1706 3818 1805 3885 μὲν

243 3914 351 3982 περὶ
378 3913 737 3984 διοσημειῶν,
773 3914 874 3966 ὅσα
905 3929 969 3981 γε
1003 3911 1129 3965 κατ’
1162 3910 1303 3981 ἐμὴν
1344 3910 1527 3980 κρίσιν
1560 3909 1655 3962 καὶ
1683 3911 1803 3961 πεῖο

244 4017 345 4068 ραν,
374 4005 529 4058 οὐδὲν
575 4004 608 4075 ἢ
642 4004 728 4056 ἐπ’
759 4002 936 4073 ὀλίγον
963 4002 1236 4071 διενήνοχε
1288 3998 1493 4071 μύθων·
1526 4002 1559 4069 ἡ
1591 4000 1647 4052 δὲ
1677 3999 1807 4069 περὶ

247 4093 428 4161 μηνῶν,
456 4096 506 4148 εί
553 4094 649 4147 καί
677 4092 813 4147 πολὺ
841 4093 901 4146 τὸ
934 4093 1206 4163 ἄχρηστον
1236 4090 1372 4160 ἔχει,
1408 4090 1523 4144 ἀλλ’
1552 4087 1645 4144 οὖν
1670 4089 1805 4160 πρὸς

245 4183 325 4253 τὴν
361 4186 457 4255 τῆς
502 4185 869 4255 ἀρχαιότητος
917 4184 1155 4254 μάθησιν
1194 4184 1420 4256 ἐπίχαρί
1447 4199 1509 4235 τε
1552 4183 1647 4235 καὶ⁹
1687 4182 1809 4235 λίαν

245 4275 497 4344 χρειῶδεςο
546 4279 583 4346 ἡ
618 4276 675 4329 δὲ
714 4278 842 4344 περὶ
892 4275 1189 4329 πολιτικῶν
1220 4276 1405 4345 ἀρχῶν
1440 4277 1551 4327 τοῖς
1583 4273 1713 4343 περὶ
1740 4272 1809 4324 τά

246 4365 444 4419 τοιαῦτα
470 4365 716 4436 μάλιστα
734 4364 1207 4434 φιλοτιμουμένοις
1229 4365 1329 4417 οὐκ
1364 4362 1485 4435 [211
1518 4360 1611 4434 Η.]
1636 4361 1811 4432 ἀκομ·

246 4450 328 4519 vim
356 4456 656 4525 παρέχεται
682 4453 726 4484 ⁸⁸
755 4451 855 4523 τὴν
888 4452 1153 4523 ἱστορίαν.

304 4545 581 4617 Κέχρηται
616 4543 661 4597 δ’
689 4536 844 4607 οὗτος
874 4546 903 4597 ὁ
934 4542 1289 4615 συγγραφεὺς
1315 4544 1548 4614 τροπαῖς
1577 4542 1812 4596 κατακό-

254 4649 358 4700 ρως,
381 4638 473 4689 καὶ
500 4634 775 4705 πολλαχοῦ
806 4634 905 4706 μὲν
928 4634 1151 4705 ψυχρῶς
1175 4634 1315 4703 ἄγαν
1342 4636 1437 4687 καὶ
1462 4633 1810 4705 παραϐόλωῖν

250 4724 345 4777 ἐστι
373 4726 414 4778 δ’
446 4726 581 4781 ἐνθα
611 4724 826 4789 οἰκείως
864 4727 958 4778 καὶ
1001 4726 1400 4796 ἐπαφροδίτως.
1449 4727 1568 4779 Κάν
1608 4725 1656 4757 ⁸⁸
1698 4728 1813 4786 τοῖς

1976 3619 2103 3691 Legi
2136 3620 2366 3677 Joannis
2391 3620 2667 3678 Laurentii
2694 3622 3158 3694 Philadelphensis
3184 3626 3319 3697 Lydi
3347 3634 3490 3680 trac-

1907 3722 2053 3767 tatus
2087 3724 2231 3769 tres:
2259 3714 2335 3768 De
2357 3716 2651 3785 prodigiis;
2683 3718 2746 3770 de
2772 3720 3058 3784 mensibus,
3082 3728 3135 3773 el.
3164 3723 3229 3773 de
3257 3719 3490 3789 politicis

1906 3805 2332 3874 magistratibus.
2358 3808 2427 3861 At
2460 3808 2549 3862 ille
2579 3808 2657 3862 De
2680 3811 2958 3881 prodigiis,
2983 3828 3098 3867 mea
3126 3814 3344 3882 quidem
3370 3828 3494 3868 sen-

1910 3897 2073 3949 tentia
2137 3907 2302 3967 atque
2348 3897 2592 3967 judicio,
2647 3916 2836 3970 parum
2885 3912 2979 3956 aut
3029 3904 3164 3958 nihil
3219 3920 3249 3957 a
3294 3904 3493 3959 fabulis

1908 3984 2108 4041 diﬂ‘ert.
2146 3988 2299 4043 Alter
2332 4004 2461 4044 vero
2493 3989 2570 4044 De
2608 3992 2893 4057 mensibus,
2926 3995 3029 4048 etsi
3064 3995 3276 4049 inutilia
3328 3996 3495 4050 multa

1909 4079 2175 4145 continet,
2200 4080 2267 4135 ad
2299 4082 2643 4152 antiquitatis
2671 4094 2851 4140 tamen
2884 4095 3092 4157 gratam
3120 4087 3497 4158 atquejucun-

1908 4169 2035 4224 dam
2066 4171 2434 4241 cognitionem
2470 4175 2826 4232 vehementer
2865 4180 3123 4247 prodesse
3163 4190 3360 4247 potest.
3395 4180 3499 4235 De-

1913 4260 2075 4330 nique
2097 4261 2170 4315 De
2193 4264 2595 4333 magistratibus
2613 4268 2844 4335 politicis
2868 4270 3025 4335 liber,
3048 4269 3114 4324 iis
3130 4271 3495 4337 potissimum,

1911 4355 2003 4421 qui
2035 4353 2300 4424 ejusmodi
2325 4356 2591 4424 ambiunt,
2618 4374 2725 4414 non
2753 4360 3109 4430 inelegantem
3144 4361 3301 4418 θεῖοι-ι
3328 4363 3499 4419 histo-

1914 4460 2077 4499 nam.

1992 4534 2173 4591 Utitur
2207 4547 2389 4593 autem
2434 4539 2525 4595 bic
2570 4540 2805 4611 scriptor
2837 4543 3124 4597 verborum
3166 4543 3500 4599 immutatio-

1922 4631 2080 4686 nibus
2131 4634 2199 4687 ad
2258 4633 2673 4698 satietatem,et
2723 4636 3038 4706 plerumque
3086 4636 3283 4708 frigide
3336 4638 3501 4693 nimis

1916 4733 2078 4791 atque
2104 4722 2402 4787 audacter,
2455 4724 2555 4777 etsi
2606 4725 2872 4778 interdum
2912 4740 3129 4794 quoque
3174 4727 3396 4795 proprie
3435 4743 3500 4782 ac

253 4813 407 4880 ἄλλοις
424 4817 479 4869 δὲ
512 4815 723 4885 πολλὴν
744 4818 890 4869 νοσεῖ
909 4816 1008 4887 τὴν
1029 4816 1367 4886 ἀνωμαλίαν,
1398 4815 1712 4887 ὑπερόπτης
1758 4816 1799 4867 ἐι

1925 4825 2170 4868 venuste.
2209 4814 2401 4883 1251)
2436 4814 2493 4868 In
2532 4815 2655 4870 aliis
2700 4816 2829 4871 item
2865 4817 3235 4885 inaequalitate
3264 4819 3499 4883 laborat,

253 4900 317 4967 οἷς
333 4909 389 4961 ού
411 4909 512 4974 δεῖ,
538 4909 636 4962 καὶ
664 4906 1025 4978 κατεπτηχὼς
1052 4908 1211 4962 πάλιν
1241 4909 1298 4961 ἐν
1318 4902 1400 4970 οἷς
1432 4907 1506 4977 μὴ
1526 4907 1628 4970 δεῖ,
1651 4906 1815 4973 κόλαξ

253 4999 408 5053 τετῶν
424 5018 488 5053 πε
499 5001 728 5071 ριόντων
744 5000 1169 5070 ἀπροφάσιστος,
1186 4998 1314 5071 [408
1326 4999 1369 5052 Β
1434 4999 1525 5051 καὶ
1534 4997 1643 5051 τῶν
1659 4999 1814 5051 ἀποι-

257 5091 495 5158 χομένων,
520 5094 617 5145 καί⁵
646 5090 779 5163 παρ’
799 5086 874 5146 ὧν
902 5092 962 5143 οὐ
988 5091 1197 5159 νομίζει
1222 5091 1376 5161 δίκην
1402 5089 1613 5161 ὕϐρεως
1636 5090 1812 5159 πράτ-

258 5181 440 5246 τεσθαι,
476 5187 556 5247 εἰς
578 5184 641 5236 τὸ
668 5182 1071 5254 φορτικώτατον
1100 5185 1227 5245 τοὺς
1254 5182 1481 5251 μώμους
1506 5184 1812 5252 καταχέων.

262 5271 354 5323 Καὶ
377 5273 515 5338 λέξει
555 5275 656 5345 μὲν
682 5274 828 5327 ἔστιν
866 5269 929 5328 οὗ
958 5274 1226 5351 κέχρηται
1251 5272 1437 5342 λογάδι
1466 5291 1525 5327 τε
1556 5274 1651 5326 καὶ
1680 5276 1737 5336 ἐς
1756 5274 1817 5325 τὸ

262 5358 618 5433 ἡττικισμένον
661 5365 965 5436 ἀνηγμένη,
1002 5364 1117 5417 ἐστι
1154 5363 1198 5417 δ’
1224 5364 1357 5417 ὃπου
1392 5367 1728 5435 χαμαιπετεῖ
1758 5383 1819 5418 τε

1925 4904 2053 4958 dum
2106 4903 2405 4958 fastuosum
2450 4906 2583 4975 agit,
2630 4907 2721 4959 ubi
2772 4922 2878 4960 non
2916 4917 3157 4977 oportet;
3207 4919 3264 4963 et
3311 4920 3503 4965 contra

1924 4994 2168 5062 abjectus
2219 5004 2323 5059 est,
2361 4995 2450 5049 ubi
2492 5006 2547 5051 et
2596 4998 2698 5051 hoc
2746 4998 2970 5053 minime
3017 4998 3193 5054 decet.
3238 5001 3505 5057 Adulator

1925 5087 2109 5142 adhaac
2135 5088 2489 5157 superstitum
2515 5090 2916 5157 inexcusabilis,
2940 5092 2993 5146 in
3016 5103 3352 5149 mortuorum
3376 5109 3504 5150 vero

1925 5194 1979 5238 et
2005 5200 2031 5235 a
2068 5185 2265 5252 quibus
2296 5184 2586 5240 vindictam
2620 5201 2724 5240 non
2750 5185 2991 5251 timeret,
3023 5188 3499 5256 reprehensiones,

1928 5276 2215 5329 immodice
2260 5273 2486 5331 eﬂ‘usus.
2524 5276 2769 5333 Dictione
2813 5287 3079 5350 praeterea
3122 5281 3294 5334 utitur
3337 5279 3507 5335 inter-

1930 5368 2054 5421 dum
2079 5367 2298 5437 quidem
2320 5366 2538 5433 selecta,
2560 5380 2724 5440 atque
2744 5370 3045 5427 Atticorum
3073 5386 3224 5428 more
3245 5371 3504 5428 sublimi:

1556 5502 1796 5560 VARIIE
1829 5506 2238 5565 LECTIONES.

318 5586 353 5617 “
389 5595 618 5676 ἔσχατον
640 5600 681 5651 Δ
707 5617 720 5653 :
749 5599 917 5676 ἄκρον
940 5618 1012 5676 ς.-
1079 5599 1409 5676 ’νῖκαί-σιω.
1450 5601 1546 5676 Α.-
1596 5600 1642 5630 ⁸³
1676 5601 1832 5666 εὐθές
1862 5602 1992 5658 AC:
2028 5603 2354 5676 llothomag.
2392 5606 2541 5661 εὐθύ.
2622 5606 2665 5638 ⁸⁸
2699 5606 3004 5672 δεινότατος
3040 5622 3187 5665 corr.
3212 5606 3297 5663 At
3334 5606 3507 5661 δεινό-

263 5672 403 5731 τητος
431 5684 493 5731 ς.
571 5669 619 5700 ⁸⁵
648 5672 963 5741 περιέχεται
987 5673 1051 5726 Α.
1130 5671 1176 5701 ⁸³
1210 5672 1312 5723 κάν
1336 5674 1379 5723 Λ
1415 5689 1430 5725 :
1462 5671 1553 5724 κα⁸
1585 5686 1648 5733 ς.

1748 5784 1980 5844 ΝΟΤιΕ.

1748 5787 1790 5839 Ν
1846 5787 1980 5844 ΤίΕ.

330 5867 435 5939 (‘22)
471 5872 544 5927 De
580 5877 774 5943 quibus
808 5877 1037 5947 coriiose
1072 5876 1134 5933 Ι).
1174 5875 1372 5933 llaron.
1412 5888 1449 5933 ι.
1486 5879 1524 5947 Ι,
1559 5879 1625 5935 ad
1656 5787 1857 5935 annui;
1890 5879 2096 5936 Christ.
2140 5881 2227 5935 44.
