3964 6392
513 424 613 487 527

1603 418 1876 479 PHORII
1916 416 2194 477 I'ATRIA
2206 414 2425 473 RCIIE
2461 414 2567 476 ΟΡ.

3650 420 3739 483 5ἓὸ

512 549 565 590 et
610 544 694 590 est
739 548 977 594 rursum,
1005 532 1091 585 nlii
1138 546 1198 582 ea
1234 539 1386 600 repat
1416 530 1596 593 ltumi,
1633 539 1796 599 atque
1841 528 2080 598 neglecta

2225 527 2279 578 αἱ
2316 523 2720 596 παρεωραμένῃ
2750 523 2843 577 καὶ
2875 523 3041 595 μηδὲν
3078 522 3284 594 ἐχούσῃ
3316 522 3425 575 τῶν
3459 523 3521 575 ἐκ
3549 530 3740 595 τριόδου

515 629 604 689 sit,
634 625 877 693 nihilque
901 638 1061 693 supra
1092 622 1360 676 trivialem
1388 620 1596 675 afferat.
1624 622 1817 675 Verum
1851 620 1902 673 in
1934 617 2083 671 libris

518 720 593 772 De
618 717 899 787 prodigiis,
926 730 987 769 ac
1007 716 1081 768 De
1107 714 1368 767 mensibus
1402 728 1559 767 nemo
1586 711 1833 765 fortassis
1879 710 2085 764 idcirco

515 812 690 881 ipsum
729 808 1015 863 admodum
1060 806 1511 876 reprehenderit:
1544 806 1759 871 quando
1799 813 1977 855 tamen
2020 800 2086 854 de

516 904 751 976 politicis
783 916 947 972 agens
982 900 1406 969 magistratibus,
1436 908 1490 953 et
1526 898 1814 952 historicas
1846 895 2088 949 referens

520 995 884 1056 narrationes,
908 1002 999 1047 ant
1035 993 1247 1061 aliquos
1277 990 1576 1044 laudandos
1604 988 1929 1055 suscipiens.
1948 1001 2089 1040 eam-

518 1090 638 1143 dem
668 1086 865 1141 retinet
889 1084 1102 1139 dicendi
1137 1082 1636 1152 intequabilitatem.
1660 1096 1781 1139 cum
1812 1079 1865 1133 in
1895 1078 2089 1132 dictio-

520 1180 677 1231 nibus
710 1185 869 1245 atque
903 1174 1175 1237 sensibus,
1207 1182 1319 1225 tum
1353 1171 1405 1224 in
1438 1168 1835 1237 compositione
1862 1166 2092 1235 scripto-

519 1285 661 1333 rum,
707 1267 908 1321 nullam
954 1280 1057 1335 ego
1102 1262 1313 1317 veniam
1349 1262 1605 1331 deinceps
1655 1258 1921 1329 ejusmodi
1961 1258 2092 1312 vitia

519 1361 715 1415 mereri
746 1360 923 1413 video.

589 1447 843 1501 Militavit
879 1447 965 1499 hic
995 1444 1082 1497 vir
1112 1444 1212 1496 sub
1238 1440 1506 1508 praefectis
1531 1455 1730 1494 annum
1762 1454 1932 1508 agens
1949 1441 2096 1495 vice-

521 1539 714 1592 simum
756 1537 1010 1606 primum.
1048 1533 1247 1588 IEtatis
1283 1548 1413 1586 vero
1450 1531 1865 1601 Quadragesimo
1907 1545 2099 1585 causas

520 1630 650 1697 egit,
697 1629 889 1683 deinde
943 1636 998 1680 et
1050 1624 1449 1678 matricularius
1492 1622 1605 1692 (25)
1658 1622 1781 1685 fuit,
1824 1632 1943 1691 post
1980 1636 2101 1689 quae

521 1731 759 1787 tempora
784 1726 838 1773 et
871 1728 1126 1773 tractatus
1150 1717 1269 1772 illos
1300 1732 1361 1771 se
1398 1717 1790 1785 conscripsisse
1833 1715 2017 1779 refert,
2048 1723 2102 1768 et

523 1811 867 1879 imperatoris
906 1810 1112 1878 judicio
1150 1809 1347 1878 palatio
1388 1807 1610 1877 dignum
1665 1822 1785 1862 esse
1836 1807 2097 1862 habitum.

2189 619 2370 671 πλέον.
2418 618 2556 670 Ἀλλ’
2590 619 2646 671 ἐν
2688 618 2786 685 μὲν
2823 620 2889 687 τῇ
2940 617 3073 685 περὶ
3122 614 3485 685 διοσημειῶν
3516 618 3743 691 καὶπερὶ

2182 710 2393 780 μηνῶν
2423 713 2712 781 συγγραφῇ
2753 709 2944 763 τούτου
2976 725 3038 778 γε
3068 710 3233 763 ἕνεκα
3260 711 3321 762 οὐ
3352 708 3497 778 μάλα
3525 709 3567 741 ⁸⁷
3591 712 3651 767 ἀν
3677 734 3747 781 τις

2190 802 2321 865 ἴσως
2354 801 2515 855 αὐτὸν
2548 803 2848 873 νεμεσήσηο
2898 801 2984 854 ὅτε
3032 801 3089 854 δὲ
3136 802 3231 854 καὶ
3274 801 3558 865 πολιτικὰς
3597 807 3748 876 ἀρχὰς

2190 895 2545 966 ἀναγράφων,
2589 898 2683 948 καὶ
2722 894 2787 964 δὴ
2831 895 2929 948 καὶ
2969 894 3276 965 ἱστορικοὺς
3310 893 3521 958 διεξιὼν
3560 894 3748 964 λόγους,

2192 987 2327 1042 ἀλλὰ
2348 987 2444 1040 καὶ
2470 989 2549 1049 είς
2572 988 2730 1039 ἐνίων
2754 985 3004 1056 ἐγκώμια
3024 985 3236 1047 καθιεὶς
3256 986 3468 1049 ἑαυτὸν,
3488 986 3582 1056 τῆς
3602 991 3752 1058 αὐτῆς

2195 1081 2310 1131 ἐστι
2346 1076 2497 1147 φίλος
2531 1076 2850 1146 ἀνωμαλίας
2881 1078 3009 1147 περί
3036 1095 3093 1130 τε
3115 1076 3211 1146 τὴν
3235 1074 3382 1140 λέξιν
3412 1075 3507 1128 καὶ
3535 1077 3620 1130 τὸν
3646 1080 3755 1134 νοῦν

2195 1170 2289 1221 καὶ
2311 1168 2409 1239 τὴν
2436 1166 2683 1233 σύνταξιν
2701 1169 2809 1223 τῶν
2836 1168 3261 1240 γεγραμμένων,
3287 1169 3368 1229 εἰς
3397 1167 3646 1237 οὐδεμίαν
3662 1172 3757 1225 λοι-

2197 1264 2298 1315 πὸν
2331 1262 2660 1334 συγγνώμην
2684 1262 2797 1333 ὁρῶ
2824 1264 2922 1333 τὴν
2949 1263 3210 1332 τοιαύτην
3238 1260 3618 1332 πλημμέλειαν
3646 1265 3758 1318 ἀνα-

2199 1354 2531 1425 φερομένην.

2280 1445 2715 1515 Ἑστρατεύσατο
2740 1446 2784 1499 δ’
2809 1439 2968 1510 οὗτος
3000 1448 3029 1499 ὁ
3063 1446 3200 1518 ἀνὴρ
3235 1447 3341 1499 ὑπὸ
3369 1448 3484 1510 τοῖς
3518 1446 3759 1517 ὑπάρχοις

2201 1539 2348 1606 ἄγων
2377 1539 2595 1609 ἡλικίας
2621 1546 2727 1602 κα’,
2761 1539 2853 1609 ἐτη
2893 1540 2950 1592 δὲ
2986 1546 3038 1609 μ’
3083 1539 3363 1608 δικολόγος
3394 1538 3493 1602 ὢν,
3536 1535 3649 1592 εἶτα
3684 1544 3764 1593 καὶ

2206 1630 2664 1701 ματρικουλάριος
2705 1630 2771 1661 ⁸⁸·
2824 1630 2941 1701 μεθ’
2972 1630 3031 1681 ὃν
3075 1631 3264 1701 χρόνον
3293 1630 3388 1683 καὶ¹
3430 1630 3528 1693 τάς
3566 1632 3765 1701 εἰρημέ-

2204 1738 2300 1784 νας
2336 1722 2654 1792 συγγράψαι
2690 1722 2840 1791 λέγει
2864 1721 2907 1753 ⁸⁹
2950 1723 3355 1793 πραγματείας,
3383 1722 3478 1775 καὶ
3508 1722 3603 1791 τῆς
3629 1722 3766 1791 βασι-

2204 1812 2365 1882 λικῆς
2401 1813 2569 1884 αὐλῆς
2598 1813 2766 1884 ψήφῳ
2806 1813 3074 1883 βασιλέως
3107 1814 3434 1885 ἀξιωθῆναι.
3465 1814 3667 1884 Χρόνος
3695 1815 3765 1877 δὲ,

525 1901 601 1957 De
632 1913 872 1972 tempore
906 1918 1013 1972 quo
1043 1901 1177 1955 vixit
1212 1919 1225 1956 :
1259 1900 1535 1954 Anastasii
1575 1900 1858 1969 imperium
1898 1900 2099 1969 attigit,

2218 1905 2327 1959 καθ’
2360 1904 2420 1958 ὃν
2449 1897 2608 1969 οὗτος
2638 1906 2787 1960 ὲϐίου
2812 1906 2879 1973 ⁵⁰,
2925 1908 3279 1962 Ἀναστασίου
3318 1909 3524 1979 ἥπτετο
3561 1908 3655 1977 τῆς
3683 1908 3769 1977 βα-

524 2004 578 2048 et
607 1991 803 2049 Justini
841 1996 1123 2064 transegit,
1155 1995 1511 2065 gubernantis
1544 1994 1767 2062 insuper
1792 2001 1913 2062 post
1950 1991 2098 2045 illum

522 2082 819 2143 Iustiniani
866 2087 1150 2142 emetiens.
1189 2086 1469 2155 Religione
1508 2100 1639 2139 vero
1675 2084 2104 2153 superstitiosior

526 2180 761 2234 videtur.
785 2177 1079 2233 Gentilium
1109 2180 1250 2234 enim
1280 2188 1480 2233 sectam
1504 2177 1632 2231 colit
1659 2177 1821 2231 simul
1863 2186 1918 2230 et
1944 2176 2102 2230 fidem

527 2281 795 2337 nostram,
834 2274 912 2326 sic
959 2281 1159 2338 tamen,
1201 2283 1259 2325 ut
1305 2272 1476 2325 lector
1527 2284 1633 2325 non
1680 2269 1838 2323 facile
1866 2268 2103 2339 colligat,

529 2373 709 2417 utrum
764 2363 846 2419 sic
884 2378 1010 2418 vere
1049 2364 1266 2428 sentiat,
1305 2377 1372 2417 an
1411 2362 1590 2432 potius
1628 2361 1795 2416 veluti
1843 2361 1897 2415 in
1942 2375 2106 2417 scena

530 2456 696 2512 ludat.

1172 2546 1459 2603 CLXXXI.

530 2639 802 2695 Damascii
829 2640 1147 2695 Damasceui
1170 2641 1321 2707 liber,
1347 2640 1421 2693 De
1443 2639 1638 2693 Isidori
1666 2637 1962 2708 philosophi
1982 2639 2108 2691 vita.

602 2798 798 2855 Lectus
822 2808 904 2853 est
932 2798 1245 2851 Damascius
1273 2796 1641 2850 Damascenus
1670 2795 1743 2848 De
1766 2793 1965 2848 Isidort'
1996 2792 2112 2862 phi-

533 2891 733 2959 losOphi
766 2892 873 2945 vita
908 2890 1042 2961 (24).
1076 2889 1238 2943 Liber
1276 2897 1360 2944 est
1407 2887 1699 2941 multorum
1732 2901 2009 2950 versuum,
2058 2885 2110 2939 in

532 2982 709 3051 capita
765 2982 879 3052 (25)
934 2980 1051 3035 fere
1104 2980 1385 3049 schginta
1434 2980 1663 3033 divisus.
1700 2976 1887 3031 lsidori
1932 2985 2114 3030 autem

532 3077 699 3129 vitam
725 3076 962 3130 scribere
991 3075 1303 3139 instituens,
1328 3072 1627 3127 Tlteodorte
1655 3071 1873 3126 cuidam
1901 3068 2118 3125 femina:

532 3180 668 3235 opus
700 3165 981 3231 inscribit,
1012 3165 1353 3219 ethnicorum
1400 3179 1558 3233 aeque
1593 3166 1796 3217 cultum
1848 3162 2115 3227 sectanti,

2204 1997 2415 2062 σιλείας
2459 1999 2553 2052 καὶ
2595 1999 2696 2070 τὴν
2754 1999 3045 2052 Ἰουστίνου
3104 2000 3386 2070 ὲπεραίου,
3436 2000 3649 2070 μετρῶν
3690 2001 3770 2054 καὶ

2202 2089 2296 2142 τοῦ
2334 2090 2449 2159 μετ’
2485 2090 2692 2141 ἐκεῖνον
2727 2088 3134 2143 Ἰουστινιανοῦ.
3173 2089 3285 2160 Τὴν
3324 2090 3381 2142 δὲ
3428 2090 3716 2161 Θρησκείαν
3748 2092 3772 2140 ὁ

2206 2181 2345 2252 ἀνὴρ
2382 2181 2527 2234 ἔοικε
2560 2181 2907 2251 δεισιδαίμων
2948 2177 3110 2235 εἶναι’
3139 2182 3358 2236 σέϐεται
3393 2184 3495 2253 μὲν
3521 2184 3625 2253 γὰρ
3647 2184 3686 2215 ⁵¹
3714 2184 3772 2235 τὰ

2220 2275 2491 2344 Ἑλλήνων
2521 2276 2615 2328 καὶ
2659 2274 2889 2339 Θειάζει,
2934 2273 3142 2339 θειάζει
3193 2274 3250 2328 δὲ
3292 2275 3389 2328 καὶ
3423 2276 3495 2329 τά
3525 2276 3773 2346 ἡμέτερα,

2212 2367 2287 2436 μὴ
2319 2366 2497 2428 διδοὺς
2539 2368 2653 2430 τοῖς
2697 2366 3169 2435 ἀναγινώσκουσιν
3202 2367 3266 2419 ἐκ
3295 2364 3388 2419 τοῦ
3420 2366 3621 2437 ῥᾴστου
3652 2383 3772 2436 συμ-

2212 2460 2393 2515 ϐαλεῖν
2412 2458 2641 2531 πότερον
2655 2458 2797 2515 οὕτω
2817 2458 3052 2530 νομίζων
3068 2458 3222 2525 θειάζ
3225 2478 3294 2525 ει,
3312 2459 3347 2530 ἢ
3364 2458 3439 2523 ὡς
3458 2458 3555 2511 ἐπὶ
3573 2459 3778 2529 σκηνῆς.

2928 2552 3110 2604 PHA'.

2212 2645 2558 2714 Δαμασκίου
2620 2642 3023 2713 Δαμασκηνοῦ
3075 2644 3163 2705 εις
3200 2642 3308 2694 τὸν
3350 2640 3657 2710 Ἶσιδώρου
3694 2639 3783 2695 τοῦ

2740 2715 3086 2783 φιλοσόφου
3112 2714 3283 2777 βίον.

2298 2806 2637 2877 Ἀνεγνώσθη
2721 2808 3042 2876 Δαμασκίου
3103 2804 3469 2875 Δαμασκηνοῦ
3546 2808 3632 2871 είς
3696 2803 3787 2857 τὸν

2228 2900 2527 2967 Ἰσιδώρου
2573 2898 2680 2952 τοῦ
2724 2898 3071 2967 φιλοσόφου
3113 2896 3281 2961 βίον·
3315 2897 3431 2950 ἐστι
3483 2896 3586 2967 μὲν
3622 2890 3708 2949 οὖν
3737 2908 3790 2946 το

2220 2992 2427 3063 βιϐλίον
2461 2990 2809 3061 πολύστιχον,
2846 2991 3012 3043 οἱονεὶ
3053 2991 3111 3043 δὲ
3145 2989 3467 3059 κεφαλαίοις
3500 2988 3541 3053 ξ’
3576 2989 3792 3059 ἀπαρτί-

2220 3086 2391 3150 ζεται.
2439 3084 2677 3155 Γράφειν
2721 3083 2778 3135 δὲ
2815 3082 2909 3135 τὸν
2961 3082 3231 3153 Ἰσιδὼρου
3285 3082 3398 3152 βίον
3449 3082 3789 3153 προθέμενος,

2220 3174 2473 3246 Θεοδώρᾳ
2495 3174 2603 3227 τινὶ
2626 3174 2686 3227 τὸ
2714 3172 3003 3244 σύνταγμα
3035 3174 3539 3244 προσπεφώνηκεν,
3575 3172 3796 3240 Ἕλληνα

535 3268 589 3314 et
618 3258 999 3328 philosOpbica:
1030 3258 1308 3323 doctrinm,
1351 3258 1707 3326 omniumque
1739 3257 1853 3311 sive
1884 3255 1951 3309 ad
1984 3270 2110 3323 poe-

2225 3269 2321 3337 μὲν
2348 3267 2443 3320 καλ⁸
2471 3267 2610 3335 αὐτῇ
2645 3265 2946 3335 Θρησκείαν
2974 3266 3214 3335 τιμώσῃ,
3251 3264 3599 3334 μαθημάτων
3626 3264 3679 3315 δὲ
3702 3262 3795 3315 τῶν

540 3350 721 3415 ticam,
741 3349 856 3404 sive
887 3349 952 3402 ad
979 3348 1388 3417 grammaticam
1419 3345 1729 3399 facultatem
1756 3345 2115 3413 spectantium

454 3502 459 3507 ς
538 3457 643 3495 non
674 3441 960 3511 imperitae,
998 3441 1107 3495 imo
1145 3449 1201 3495 et
1232 3442 1298 3493 ad
1324 3438 1711 3509 geometricam
1740 3448 1903 3506 atque
1948 3437 2120 3489 arith-

539 3533 792 3587 meticam
847 3531 1271 3601 speculationem
1326 3540 1565 3595 evecta};
1611 3545 1774 3599 quam
1824 3544 1933 3582 una
1996 3544 2118 3581 cum

533 3626 842 3697 junioribus
893 3625 1171 3680 sororibus
1229 3625 1469 3679 Isidorus
1527 3625 1641 3694 ipse
1689 3632 1850 3692 atque
1893 3622 2121 3675 Damas-

542 3718 659 3771 cius
710 3718 875 3772 variis
924 3719 1220 3771 docuerant
1272 3715 1627 3784 temporibus.
1670 3714 1807 3769 Filia
1857 3714 1971 3767 haec
2021 3712 2123 3766 fuit

547 3806 755 3878 126a
784 3806 1018 3876 Cyrinus,
1040 3815 1201 3875 atque
1226 3804 1501 3876 Diogenis,
1534 3806 1751 3861 Eusebii
1785 3803 1847 3857 F.
1876 3802 2119 3858 Flaviani

541 3897 679 3968 Nep.
709 3898 799 3967 qui
830 3913 1002 3967 genus
1036 3898 1188 3953 duxit
1220 3913 1250 3951 a
1286 3898 1746 3969 Sampsigeramo,
1778 3905 1834 3951 et
1864 3895 2120 3959 Monimo,

543 4008 572 4044 a
608 3992 807 4062 quibus
848 4002 902 4047 et
938 3990 1272 4046 Jainblielnts
1313 3991 1577 4061 originem
1614 3989 1827 4059 repetit,
1861 3988 1995 4041 viris
2033 3987 2123 4056 qui

542 4086 750 4155 primas
785 4086 836 4138 in
879 4084 1217 4139 idololatrica
1250 4084 1639 4153 superstitione
1669 4082 1929 4137 tulerunt.
1958 4082 2127 4151 igitur

545 4177 861 4231 Damascius
890 4175 1077 4230 lsidori
1130 4178 1294 4230 vitam
1331 4178 1456 4231 huic
1485 4175 1721 4239 dedicat,
1763 4174 1921 4244 cujus
1960 4174 2125 4228 etiam

541 4268 757 4339 petitio,
781 4269 1165 4325 accedentibus
1184 4281 1239 4323 et
1268 4270 1389 4323 aliis
1417 4271 1738 4339 quibusdam
1767 4268 1970 4331 causis,
1999 4281 2130 4320 anc-

546 4374 721 4415 torem
753 4364 818 4415 ad
850 4363 1197 4417 scribendum
1239 4363 1477 4432 impulit,
1512 4372 1568 4417 ut
1599 4372 1858 4417 testatum
1890 4361 2006 4429 ipse
2039 4375 2127 4414 re-

547 4453 723 4521 liquit.
776 4452 961 4522 Neque
1020 4464 1199 4508 tauien
1256 4453 1447 4508 lsidori
1489 4455 1662 4525 magis
1717 4456 1905 4517 vitam,
1962 4468 2128 4521 quant

2219 3374 2277 3409 τε
2316 3356 2458 3409 κατά
2505 3357 2854 3425 φιλοσοφίαν,
2906 3356 3001 3409 καὶ
3033 3356 3134 3407 ὅσα
3185 3356 3314 3424 περὶ⁴
3360 3354 3595 3422 ποιητάς
3628 3369 3684 3405 τε
3714 3352 3798 3404 καὶ

2220 3449 2617 3518 γραμματικὴν
2676 3448 2970 3519 στρέφεται
3036 3447 3352 3517 ἐμπειρίαν,
3409 3446 3515 3499 οὐκ
3574 3444 3798 3510 ἀπείρως

2221 3540 2442 3611 ἐχούσῃ,
2475 3541 2613 3594 ἀλλά
2650 3557 2715 3608 γε
2756 3540 2852 3593 καὶ
2885 3540 3021 3609 πρὸς
3049 3540 3441 3610 γεωμετρικήν
3480 3555 3544 3590 τε
3575 3537 3662 3589 καὶ
3695 3536 3802 3605 ἀρι-

2222 3634 2250 3687 0
2260 3634 2491 3705 μητικὴν
2512 3634 2796 3705 ἀνηγμένη
2817 3633 3070 3704 θεωρίαν,
3094 3633 3261 3687 αὑτοῦ
3282 3649 3340 3685 τε
3376 3635 3453 3684 Aa.
3463 3631 3698 3701 μασκίου
3720 3629 3803 3679 καὶ

2236 3725 2503 3795 Ίσιδώρου
2518 3725 2561 3756 ⁵²
2576 3726 2673 3795 τὴν
2688 3724 3036 3780 διδασκαλίαν
3050 3727 3184 3796 αὐτῇ
3203 3742 3263 3777 τε
3278 3725 3374 3777 καὶ⁸
3386 3726 3512 3786 ταῖς
3524 3722 3803 3790 νεωτέραις

2223 3816 2480 3885 ἀδελφαῖς
2502 3816 2643 3868 κατά
2670 3814 2962 3885 διαφόρους
2979 3813 3204 3885 χρόνους
3232 3812 3650 3881 πεποιημένων.
3671 3808 3807 3876 Αὕτη

2225 3909 2474 3977 Θυγάτηρ
2525 3907 2774 3976 ἐγεγόνει
2814 3907 3056 3977 Κυρίνας
3100 3909 3194 3959 καὶ
3235 3905 3529 3973 Διογένους
3576 3902 3671 3956 τοῦ
3713 3901 3805 3953 Εὐ-

2228 4000 2410 4051 σεῧίου
2442 3997 2534 4050 τοῦ
2562 3995 2887 4060 Φλαϐιανοῠ,
2913 3996 2971 4058 ὃς
3005 3990 3155 4049 εἷλκε
3184 3996 3245 4048 τὸ
3277 3995 3436 4063 γένος
3466 3994 3578 4047 ἀπὸ
3611 3990 3809 4062 Σαμψι-

2227 4089 2476 4159 γεράμου
2496 4087 2541 4119 ⁸³
2584 4104 2643 4138 τε
2686 4086 2781 4139 καὶ
2827 4085 3099 4156 Μονίμου,
3143 4086 3224 4148 είς
3266 4084 3361 4147 οὒς
3408 4086 3682 4152 ἀνάγεται
3727 4080 3811 4132 καὶ

2240 4180 2571 4249 Ἰάμϐλιχος,
2604 4178 2804 4248 ἄνδρας
2840 4178 2909 4229 τά
2942 4177 3135 4248 πρῶτα
3162 4179 3263 4247 τῆς
3325 4174 3815 4245 εἰδωλολατρούσης

2228 4271 2485 4333 ἀσεϐείας
2517 4271 3021 4340 ἁπενεγκαμένους.
3062 4271 3173 4341 Τὴν
3222 4270 3321 4340 μὲν
3355 4268 3451 4323 οὖν
3497 4266 3811 4339 βιογραφίαν

2244 4360 2518 4430 Ἰσιδώρου
2558 4361 2586 4411 ὁ
2612 4359 2661 4390 ⁵⁸
2703 4362 3019 4428 Δαμάσκιος
3054 4361 3224 4432 ταύτῃ
3260 4362 3603 4431 προσφωνεῖ,
3638 4373 3704 4429 ης
3732 4356 3815 4408 καὶ

2234 4454 2267 4522 ὴ
2302 4451 2552 4518 ἀξίωσις,
2585 4451 2679 4504 καὶ
2705 4451 2879 4506 ἄλλων
2913 4453 3073 4505 τινῶν
3110 4453 3403 4505 συναιτίων
3434 4449 3813 4520 γεγενημένων

546 4543 836 4597 multorum
867 4544 1120 4609 aliorum,
1148 4548 1240 4614 qui
1280 4547 1361 4599 vel
1395 4546 1584 4599 eadem
1613 4561 1733 4599 cum
1768 4560 1853 4606 eo,
1883 4543 1966 4595 vel
1988 4559 2110 4611 prte-

2234 4544 2333 4614 τῆς
2356 4547 2694 4615 προτροπῆς,
2712 4544 2859 4597 αἰτία
2880 4546 3117 4615 κατέστη
3136 4545 3214 4615 τῷ
3232 4547 3569 4613 συγγραφεῖ,
3592 4542 3718 4615 [2ιὲ
3734 4539 3815 4610 Η.]

2165 4602 2209 4656 1)

545 4637 768 4690 cedente
788 4645 946 4691 aetate
969 4637 1288 4701 floruerunt,
1311 4653 1414 4691 una
1440 4637 1702 4693 describit
1722 4655 1736 4690 :
1757 4639 1894 4689 actis
1915 4650 2110 4705 quoqut

2234 4636 2484 4708 καθάπερ
2511 4638 2671 4700 αὐτὸς
2702 4639 3161 4708 ἐπιμαρτύρεται,
3186 4638 3286 4708 τῆς
3320 4638 3588 4708 σπουδῆς.
3622 4638 3695 4689 Οὐ
3723 4635 3817 4705 μήν

545 4742 732 4783 eorum
765 4744 830 4783 ac
872 4731 1286 4784 narrationibus
1346 4745 1468 4785 cum
1517 4731 1953 4799 digressionibus
2008 4730 2131 4797 plu-

548 4822 702 4875 rimis
735 4823 802 4875 ad
831 4824 1137 4877 satietatem
1168 4823 1472 4892 .adjnnctis.
1508 4823 1587 4875 Ad
1618 4822 1934 4889 religionem
1971 4837 2133 4891 porro

547 4912 691 4979 quod
734 4913 949 4973 attinet,
974 4927 1186 4965 summe
1227 4912 1273 4966 is
1302 4913 1500 4979 impius
1538 4911 1659 4975 fuit,
1688 4921 1743 4965 et
1774 4913 1931 4965 novis
1971 4924 2134 4981 atque

547 5002 782 5056 anilibus
830 5002 1043 5057 fabellis
1077 5004 1316 5058 animum
1357 5004 1469 5073 {26)
1512 5002 1671 5057 simul
1702 5019 1766 5058 ac
1829 5018 2133 5057 sermonem

549 5094 809 5149 refertum
837 5110 1052 5163 gerens.
1089 5094 1268 5160 Quare
1298 5105 1351 5149 et
1382 5105 1629 5150 sanctam
1678 5095 1834 5150 fidem
1871 5106 2134 5156 nostrain,

2233 4746 2296 4799 γε
2330 4729 2531 4800 μᾶλλον
2575 4729 2845 4799 Ίσιδώρου
2877 4731 2991 4801 βίον
3021 4732 3053 4802 ἢ
3099 4730 3309 4785 πολλῶν
3337 4732 3543 4796 ἄλλων,
3584 4730 3693 4782 τῶν
3732 4729 3819 4797 μὲν

2238 4822 2675 4892 συνηκμακότων
2734 4824 2947 4895 τάνδρὶ,
2990 4823 3100 4876 τῶν
3145 4824 3205 4877 δὲ
3252 4824 3348 4877 καὶ
3389 4823 3817 4893 προγεγονότων,

2237 4916 2667 4984 συναναγράφει,
2725 4915 2955 4987 πράξεις
2994 4934 3053 4969 τε
3108 4918 3203 4970 καὶ
3250 4918 3579 4987 διηγήματα
3631 4916 3821 4968 τούτων

2246 5007 2602 5071 συνδιατιθεὶς
2626 5010 2720 5061 καὶ
2738 5009 2967 5082 πλείστῃ
2985 5008 3264 5079 χρώμενος
3288 5010 3380 5063 καὶ
3406 5010 3559 5063 κατά
3582 5009 3739 5078 κόρον
3762 5007 3820 5074 τῇ

2246 5098 2625 5168 παρεκδρομῇ.
2663 5100 2817 5151 Ἔστι
2850 5100 2907 5152 δὲ
2948 5102 3046 5170 τὴν
3084 5101 3184 5169 μὲν
3225 5102 3353 5170 περὶ
3384 5101 3455 5153 τὰ
3508 5101 3633 5153 θεῖα
3681 5096 3823 5160 δόξαν

1835 5212 2071 5266 νΑιιιΑς
2108 5211 2519 5269 LECTIONES.

622 5305 667 5337 ⁸⁷
702 5307 848 5376 μάλα
894 5308 935 5359 Α
973 5326 985 5359 :
1019 5308 1252 5377 μάλιστα
1297 5325 1355 5371 ς.
1414 5306 1563 5378 αὑτῷ
1595 5323 1743 5362 corr.
1786 5309 1850 5362 Α.
1960 5308 2004 5338 ⁴⁸

549 5377 759 5448 Joanne
786 5378 933 5448 Lydo
967 5395 1019 5447 p.
1048 5378 1212 5432 XXII.

549 5447 595 5478 ⁵³
630 5448 1062 5519 Σαμψιγεράμου
1090 5451 1176 5502 Au
1206 5467 1219 5502 :
1260 5447 1710 5519 Ζαμῴιγεράμου
1733 5467 1792 5512 ς.

2057 5310 2359 5381 ματρικουλ
2369 5306 2543 5381 ἀριος]

1292 5380 1335 5409 ⁸³
1366 5378 1515 5445 λέγει
1553 5379 1869 5450 συγγράψαι
1901 5396 1960 5441 ς.
2039 5378 2085 5409 ⁸⁸³
2114 5378 2245 5431 ἐϐίω
2275 5397 2337 5443 ς.

1292 5450 1694 5503 ἰαμιίιιγεοάιιου
1733 5467 1792 5503 ς.
1870 5450 1915 5479 ⁵⁸
1943 5449 1970 5500 ὁ
2002 5449 2127 5503 add.
2164 5454 2229 5502 A.

2590 5312 3035 5379 κορνικουλάριος
3087 5308 3286 5365 liasius
3335 5316 3714 5363 commentar.
3768 5305 3829 5356 de

2416 5381 2456 5411 ⁵¹
2488 5379 2597 5451 γὰρ
2624 5383 2749 5435 add.
2780 5383 2847 5434 Α.
2922 5384 2967 5411 δ’
3001 5380 3270 5449 Ἰσιδώρου
3301 5382 3393 5433 καὶ
3416 5379 3744 5449 Δαμασκίου
3772 5391 3827 5437 ς.

2077 5542 2315 5599 ΝΟΤΔΕ.

624 5630 735 5699 (2'5)
766 5633 937 5698 Fisci,
974 5635 1108 5700 fori,
1142 5651 1209 5689 an
1250 5636 1456 5689 militias
1514 5636 1708 5690 tabulis
1751 5636 1838 5690 hic
1879 5636 2135 5701 praafuil?

554 5701 763 5758 Indices
811 5708 953 5759 enim
995 5718 1049 5759 et
1096 5706 1370 5774 catalogus
1415 5708 1717 5776 juris-periti
1766 5710 2034 5771 matrices,
2069 5724 2131 5763 ac

554 5788 645 5843 per
680 5776 1117 5838 diminutionem,
1148 5776 1455 5831 matriculus
1490 5778 1753 5846 appellare
1783 5777 1949 5830 soliti.

622 5846 732 5913 (2i)
766 5846 1031 5919 Excerpta
1067 5850 1195 5904 inde
1236 5849 1331 5903 inf.
1369 5853 1606 5917 reperias
1632 5864 1749 5916 cap.
1781 5847 1909 5903 242.

2314 5636 2593 5721 (25)-ῼυε
2666 5636 2829 5691 etiam
2878 5638 3226 5691 distinctione
3278 5650 3404 5689 usus
3456 5634 3673 5688 dicitur
3720 5646 3834 5697 sup.

2238 5708 2635 5844 café6§oguem
2669 5779 2981 5843 apparuisse
3006 5778 3220 5833 vtdetur
3249 5785 3489 5846 quatuor
3530 5775 3645 5829 illis
3671 5772 3836 5827 Para-

2236 5851 2411 5903 doxon
2445 5847 2601 5902 libris
2622 5863 2739 5915 sup.
2773 5863 2889 5914 cap.
2920 5850 3039 5902 150.
