4038 6438
297 401 408 466 529

1331 395 1858 469 BIBLIOTHECA,
1879 420 1950 430 -
1978 393 2143 456 COD.
2181 395 2486 456 CLXXXI.

3433 394 3536 458 530

291 513 378 572 εἰς
430 509 599 579 ἄκρον
639 505 922 576 δυσσεϐὴς,
968 503 1171 558 καινῶν
1192 505 1239 536 ⁸⁵
1269 503 1327 559 δέ
1365 506 1460 559 καὶ
1505 502 1869 574 γραοπρεπῶν

1978 505 2190 559 tametsi
2241 505 2452 570 timide,
2509 512 2756 574 tectaque
2804 506 3209 572 malevolentia,
3260 523 3365 563 non
3414 524 3538 565 raro

295 601 589 673 μυθαρίων
615 601 778 653 αὐτόν
806 615 864 652 τε
895 599 986 652 τὸν
1011 600 1137 650 νοῦν
1163 597 1258 650 καὶ
1281 596 1408 661 τοὺς
1436 596 1629 665 λόγους
1657 596 1870 666 πεπλησ-

296 693 568 764 ρωμένος·
613 692 695 746 διὸ
730 691 827 746 καὶ
857 692 957 759 τῆς
984 692 1134 762 ἱερᾶς
1175 689 1354 760 ήμῶν,
1402 691 1450 742 εἰ
1488 689 1584 742 καὶ
1620 686 1872 758 δειλιώσῃ

290 789 389 840 καὶ
433 784 796 855 λιιθραιοτέριξ⁸
837 783 1243 854 κακοφροσύνῃ,
1293 782 1444 853 ὅμως
1487 781 1587 834 οὐκ
1626 781 1874 848 ὀλιγάκις

291 879 550 946 φαίνεται
573 875 621 908 ⁵⁸
655 875 1012 929 καθυλακτῶν
1037 874 1340 937 εὐσεϐείας.
1377 872 1502 945 [409
1525 871 1618 944 IL]
1649 873 1873 925 Πάντων

287 968 334 1020 δ’
355 969 520 1030 ὅσους
550 964 756 1035 ἐξαίρει
784 965 897 1026 τοῖς
923 963 1124 1032 λόγοις,
1143 965 1237 1016 καὶ
1265 961 1548 1032 κρείττους
1570 959 1602 1029 ἢ
1632 959 1754 1013 κατ’
1778 960 1872 1012 ἀν-

291 1059 535 1128 θρώπιον
565 1056 729 1125 φύσιν
763 1055 968 1120 θειάζει
1001 1053 1286 1122 γεγονέναι
1308 1055 1427 1116 ταῖς
1447 1069 1506 1106 τε
1538 1052 1584 1082 ⁸⁷
1608 1049 1718 1104 τῶν
1749 1051 1872 1102 ἐπι-

291 1149 522 1219 στημῶν
540 1148 900 1210 τελεωτάταις
919 1146 1200 1216 θεωρίαις,
1219 1145 1314 1198 καὶ
1337 1144 1416 1214 τῷ
1445 1143 1602 1213 τάχει
1624 1142 1724 1212 τῆς
1753 1142 1871 1194 διαο

289 1241 466 1304 νοίας,
496 1241 702 1295 τούτων
734 1240 966 1294 ἑκάστου
987 1240 1182 1310 κριτὴν
1213 1237 1408 1290 ἐαυτὸν
1441 1233 1806 1288 ἐπικαθιστῶν
1828 1230 1874 1264 ⁵⁸

288 1334 392 1386 οὐκ
417 1334 572 1386 ἐστιν
590 1335 715 1387 ὅτου
742 1334 816 1404 μὴ
845 1332 1150 1402 καθήψατο,
1175 1330 1259 1401 ἐφ’
1276 1331 1507 1385 ἑκάστου
1526 1328 1636 1382 τῶν
1660 1327 1874 1396 θαυμα-

289 1426 547 1494 ζομένων
571 1427 647 1496 μὴ
671 1427 1010 1495 ἐνδεέστερον
1037 1424 1201 1494 ἔχειν,
1235 1423 1330 1478 τοῦ
1357 1423 1455 1493 μὲν
1485 1424 1564 1485 εὶς
1592 1420 1875 1491 ἀγχίνοιαν

289 1515 602 1590 ἐξηρμένον
620 1516 687 1582 ⁵⁹,
717 1517 800 1568 ὅτι
841 1514 917 1586 μὴ
943 1515 1118 1568 πάντα
1141 1513 1418 1584 ἀγχίνους,
1448 1511 1542 1564 τοῦ
1572 1510 1616 1563 δ’
1644 1513 1724 1574 εἰς
1753 1513 1874 1562 ἐπι-

292 1607 516 1677 στήμας
549 1606 960 1679 ἀπαραϐλήτου,
985 1608 1065 1660 ὅτι
1102 1608 1176 1676 μὴ
1203 1607 1382 1660 πάντα
1413 1607 1753 1675 ἐπιστήμων,
1784 1603 1877 1656 καὶ

290 1698 354 1768 δὴ
388 1698 490 1750 καὶ
533 1697 628 1752 τοῦ
668 1700 748 1762 εἰς
780 1699 981 1770 ἀρετὴν
1011 1697 1319 1768 ἐγγίζοντος
1358 1696 1498 1767 Θεῷ,
1544 1698 1627 1752 ὅτι
1667 1696 1876 1749 πολλῶν

292 1790 505 1856 ἐνδεής.
567 1788 753 1852 Οὕτως
801 1790 1026 1842 ἐκείνων
1076 1789 1329 1854 ἕκαστον,
1389 1788 1483 1851 οὒς
1533 1788 1646 1842 ἀνω
1694 1788 1885 1858 φέρων,

292 1882 483 1950 ἐξῆρε,
518 1881 846 1952 κατασύρων
871 1883 964 1934 καὶ⁹
990 1880 1196 1952 ῥίπτων
1223 1880 1419 1952 χαμαὶ,
1439 1879 1500 1934 τὸ
1528 1882 1726 1952 κράτος
1753 1881 1878 1934 ἐαυ-

289 1971 370 2040 τῷ
401 1971 555 2025 κατὰ
589 1971 805 2024 πάντων
851 1972 942 2024 καὶ
984 1971 1077 2023 ἐπὶ
1116 1972 1251 2024 πᾶσι
1301 1970 1601 2041 λεληθότως
1643 1972 1874 2042 ἀναρτᾷ.

291 2064 382 2116 Διὸ
422 2065 524 2116 καὶ
556 2063 823 2136 Ἰσίδωρον
857 2064 956 2134 οὐχ
981 2058 1146 2135 ἦττον
1179 2063 1420 2118 ἐπαινῶν
1445 2063 1478 2135 ἢ
1506 2062 1695 2132 ψόγοις
1721 2079 1878 2132 περι-

292 2155 511 2209 ϐάλλων
550 2157 800 2211 διατελεῖ.
829 2160 1024 2210 Καίτοι
1044 2173 1107 2225 γε
1137 2155 1196 2221 ἐξ
1221 2149 1296 2210 ὧν
1325 2155 1610 2226 ἀλλοτρίας
1639 2171 1698 2208 τε
1732 2155 1879 2223 λογι-

292 2252 394 2313 κὰς
432 2251 677 2320 ἀπορίας
718 2251 814 2304 καὶ
853 2250 1035 2314 λύσεις
1074 2250 1149 2314 ὡς
1182 2249 1245 2321 δὴ
1290 2249 1626 2318 θαυμασίους
1674 2264 1876 2318 προκο-

297 2342 468 2412 μίζει,
521 2344 618 2396 καὶ
664 2344 731 2406 ἂς
781 2343 942 2408 αὐτὸς
990 2343 1082 2396 ἐπὶ
1127 2344 1283 2414 τάχει
1334 2343 1425 2396 νοῦ
1473 2342 1570 2395 καὶ
1621 2341 1878 2412 ἀκριϐείᾳ

293 2439 614 2510 ἐπιστήμης
643 2439 786 2510 μέγα
813 2441 1025 2510 φρονῶν
1071 2440 1151 2503 είς
1194 2439 1357 2508 μέσον
1385 2438 1640 2508 προάγει,
1674 2436 1796 2490 οὔτε
1815 2455 1878 2490 ει

290 2531 400 2584 τῶν
432 2547 505 2582 πε
518 2532 570 2601 ρὶ
606 2531 927 2600 φιλοσοφίαν
975 2531 1221 2600 συνήθων
1252 2530 1582 2602 ὑψηλότερον
1611 2530 1757 2584 ἐστιν
1786 2531 1877 2583 εὐ-

295 2624 407 2693 ρεῖν
442 2621 544 2674 τὸν
583 2622 868 2694 ἄνθρωπον
896 2621 1319 2692 κατωρθωκότα,
1349 2621 1472 2676 οὔτε
1505 2621 1612 2693 μὴν
1649 2625 1728 2685 είς
1764 2622 1875 2676 δει-

293 2716 500 2785 νότητα
533 2715 629 2766 καὶ
657 2714 1020 2784 ἀγχίστροφον
1057 2714 1296 2776 διανοίας
1336 2714 1520 2784 τάχος,
1553 2717 1651 2784 ὅση
1688 2731 1752 2782 γε
1783 2716 1876 2768 ἀν-

295 2806 575 2877 θρωπίνη,
635 2806 710 2876 μὴ
759 2809 843 2860 ὅτι
873 2807 917 2838 ⁶⁰
964 2823 1029 2873 γε
1067 2805 1340 2875 δαιμονία,
1393 2807 1720 2877 ἀνηγμένον,
1762 2807 1878 2860 ἀλλ’

293 2899 412 2952 οὐδέ
439 2915 572 2952 τινα
604 2899 712 2952 τῶν
763 2899 999 2970 μετρίως
1045 2915 1162 2961 πως
1195 2900 1324 2967 περὶ
1376 2898 1696 2969 φιλοσοφίαν
1727 2901 1879 2971 ἐχόν-

293 3010 418 3058 των,
459 2994 543 3064 μή
584 2994 638 3045 τί
669 3009 734 3062 γε
769 2991 837 3046 δι’
866 2992 1155 3061 ἀκριϐείας
1194 2991 1440 3057 ἐντελοῦς
1477 2993 1752 3064 ἡγμένων,
1798 2991 1878 3059 οἷς

294 3086 509 3148 ἐκεῖνος
535 3084 997 3156 ἐλλαμπρύνεται,
1039 3085 1458 3157 σεμνυνόμενον.

363 3175 482 3247 Τὴν
527 3176 710 3246 μέντοι
756 3178 954 3247 φράσιν
997 3179 1026 3231 ό
1064 3178 1204 3249 ἀνὴρ
1235 3179 1377 3232 κατά
1410 3196 1472 3248 γε
1515 3179 1576 3232 τὸ
1625 3180 1848 3233 πλεῖστο

239 3179 245 3192 ’
363 3175 482 3247 Τὴν
527 3176 710 3246 μέντοι
756 3178 954 3247 φράσιν
997 3179 1026 3231 ό
1064 3178 1204 3249 ἀνὴρ
1235 3179 1377 3232 κατά
1410 3196 1472 3248 γε
1515 3179 1576 3232 τὸ
1625 3173 1949 3398 πλεῖστοκΙο

228 3263 237 3342 ί
296 3267 461 3320 αὐτοῦ
519 3268 629 3322 τῶν
679 3268 878 3335 λέξεων
930 3269 992 3322 οὐ
1045 3269 1235 3341 πόρρω
1282 3273 1448 3324 τείνει
1495 3271 1591 3325 τοῦ
1649 3271 1856 3340 σαφοῦς

300 3357 449 3398 'Fvn
486 3355 547 3398 δέ
579 3373 632 3398 τι
675 3357 771 3398 ναὶ
799 3356 910 3398 τῶν
938 3357 1114 3398 ἄλλων
1155 3356 1309 3398 ἰδεῶν
1373 3359 1492 3398 Kn'ru
1542 3358 1851 3398 vana-[mni

300 3357 451 3426 Ἔχει
486 3355 547 3408 δέ
579 3373 632 3410 τι
675 3356 910 3410 καὶτῶν
938 3357 1114 3411 ἄλλων
1155 3356 1330 3423 ίδεῶν,
1373 3359 1494 3411 ὅσαι
1542 3358 1851 3428 χαρακτηρί

297 3447 487 3511 ζονται
518 3448 718 3516 λέξεσι,
743 3451 842 3520 τήν
869 3466 929 3501 τε
955 3449 1210 3519 τραχεῖάν
1237 3467 1404 3521 φημι,
1430 3450 1496 3503 δι’
1523 3445 1590 3522 ἦς
1611 3448 1879 3520 τραχύνε-

296 3559 382 3593 ται
407 3544 440 3612 ή
477 3539 624 3610 ἠχὼ,
657 3541 752 3594 καὶ
784 3541 848 3612 δὴ
882 3542 975 3594 καὶ
1013 3543 1112 3611 ὅση
1145 3541 1404 3595 πλατύνει
1436 3543 1535 3612 τὴν
1563 3542 1880 3613 φωνὴν,καὶ

297 3635 391 3700 τὴν
418 3635 515 3694 εἰς
544 3632 606 3685 τὸ
630 3632 1081 3704 ποιητικώτερον,
1111 3636 1160 3687 εί
1192 3634 1289 3688 καὶ
1318 3634 1631 3699 σπανιάκις,
1668 3634 1883 3687 ἐλευθε-

299 3724 625 3794 ριὰζουσαν.
665 3727 776 3778 Καὶ
812 3727 868 3778 αἱ
908 3727 1166 3796 τροπικαὶ
1194 3725 1251 3780 δὲ
1290 3725 1684 3796 διαμορφοῦσιν
1714 3725 1878 3780 αὐτοῦ

296 3818 417 3878 τοὺς
458 3815 680 3883 λόγους,
711 3817 814 3870 οὐκ
837 3818 916 3880 εἰς
944 3817 1184 3887 ἄμουσον
1210 3818 1578 3889 ψυχρολογίαν
1608 3819 1640 3890 ἢ
1673 3820 1880 3890 τροπὰς

298 3909 616 3977 ἀποτόμους
645 3909 1032 3980 ἐκφερόμεναι,
1063 3909 1181 3963 ἀλλ’
1207 3909 1271 3962 ἐκ
1298 3927 1362 3978 γε
1391 3911 1486 3963 τοῦ
1512 3913 1604 3964 ἐπὶ
1630 3912 1880 3967 πλεῖστον

231 4061 235 4080 θ
298 4002 354 4052 τὸ
379 4000 562 4070 γλυκύ
584 4017 644 4054 τε
674 4002 766 4054 καὶ
790 4001 979 4071 χαρίεν
1005 4003 1065 4054 τὸ
1091 4001 1214 4055 καθ’
1249 4002 1450 4067 ἑαυτὰς
1479 4005 1899 4098 παρεχόμεναι.γ

232 4095 238 4154 ζ
311 4093 471 4145 Ἀλλά
516 4093 693 4161 σαφὴς
722 4091 797 4143 ῶν
843 4091 921 4163 τῷ
959 4093 1195 4163 πλείστῳ
1239 4093 1397 4163 μέρει
1433 4094 1542 4146 τῶν
1578 4093 1780 4158 λέξεων
1806 4091 1906 4160 ⁶¹,²-.

299 4181 486 4234 οὐκέτι
515 4181 609 4233 καὶ
636 4184 702 4250 τῇ
721 4180 819 4253 ὅλῃ
847 4181 942 4234 τοῦ
973 4181 1131 4248 λόγου
1161 4183 1447 4254 οἰκονομίᾳ
1468 4184 1708 4247 τοιοῦτος
1739 4183 1876 4238 καθ-

299 4273 555 4343 έστηκενο
595 4273 629 4343 ἦ
671 4290 733 4325 τε
772 4275 881 4343 γὰρ
915 4274 1156 4346 συνθήκη
1203 4277 1264 4329 οὐ
1310 4276 1549 4347 συνθήκη
1619 4276 1878 4349 μᾶλλονῆ

299 4363 722 4434 καινοπρέπεια,
757 4366 908 4436 καὶή
951 4365 1212 4438 περιϐολὴ
1252 4366 1411 4438 κόρον
1443 4367 1749 4437 ἐμποιοῦσα
1787 4385 1880 4420 συ-

298 4459 418 4526 χνὸν
446 4458 516 4510 τό
545 4474 605 4509 τε
632 4458 714 4522 είς
749 4460 1044 4529 σαφήνειαν
1072 4459 1407 4527 ἐπηλυγάζει
1446 4461 1880 4530 προφαινόμενον

1975 607 2150 650 tamen
2191 596 2424 651 allatrat.
2461 597 2738 666 Quotquot
2767 610 2946 655 autem
2985 601 3164 654 verbis
3206 601 3446 670 extollit,
3483 612 3540 656 et

1973 703 2077 756 qua
2099 689 2168 744 ob
2195 688 2458 744 doctrinm
2483 690 2879 754 excellentiam,
2908 707 3012 759 qua
3038 693 3108 746 ob
3138 692 3334 760 ingenii
3364 694 3539 748 soler-

1976 779 2102 832 tiam
2129 793 2293 848 snpra
2333 779 2620 833 humanam
2662 780 3049 845 conditionem,
3077 794 3136 836 ut
3161 783 3372 837 divinos
3401 768 3542 838 celei

1973 870 2118 934 brat,
2154 871 2342 924 horum
2373 871 2884 942 cujusquejudicetn
2917 875 3153 941 seipsum
3183 877 3539 942 constituens,

1973 963 2178 1018 nullum
2207 979 2312 1020 non
2345 967 2676 1036 perstringit,
2716 967 2768 1020 in
2807 967 3034 1038 singulis
3058 968 3220 1022 etiam
3255 981 3392 1037 quos
3425 969 3543 1022 lau-

1973 1056 2150 1120 darat,
2179 1056 2384 1126 aliquid
2421 1057 2772 1114 desiderans:
2803 1061 2856 1114 in
2884 1061 2999 1115 acri
3038 1061 3254 1131 ingenio
3291 1063 3541 1131 praedito,

1972 1150 2116 1216 quod
2135 1165 2238 1204 non
2257 1166 2352 1220 per
2369 1151 2546 1205 omnia
2571 1167 2721 1220 aeque
2738 1139 2912 1208 solers
2935 1153 3036 1208 sit:
3060 1153 3111 1206 in
3141 1169 3206 1208 eo
3222 1155 3312 1223 qui
3337 1155 3544 1209 incom-

1972 1243 2198 1313 parabili
2227 1253 2310 1298 est
2342 1245 2589 1310 scientia,
2619 1246 2761 1314 quod
2787 1261 2891 1300 non
2921 1249 3101 1302 omnia
3137 1248 3307 1314 sciat;
3352 1249 3461 1302 imo
3489 1257 3546 1304 et

1975 1333 2029 1385 in
2059 1345 2142 1394 eo,
2173 1332 2262 1400 qui
2286 1331 2486 1386 virtute
2501 1330 2610 1386 Deo
2627 1333 2904 1402 proximus
2922 1335 3185 1400 videatur,
3202 1336 3343 1404 quod
3369 1336 3545 1390 adhuc

1975 1419 2141 1474 multa
2171 1422 2219 1475 ei
2244 1421 2440 1477 desint.
2475 1421 2549 1476 Ita
2575 1423 2816 1493 singulos
2854 1439 3064 1486 eorum,
3097 1440 3233 1495 quos
3258 1426 3312 1479 in
3345 1426 3544 1481 malum

1975 1523 2132 1567 antea
2159 1513 2475 1581 sustulerat,
2519 1529 2730 1569 rursum
2761 1516 3095 1571 detrahendo
3123 1519 3393 1587 humoque
3422 1519 3543 1572 alli-

1975 1605 2172 1672 dendo,
2210 1606 2496 1676 imperium
2525 1608 2625 1662 sibi
2663 1609 2714 1661 in
2760 1623 2950 1664 omnes
2988 1619 3043 1664 et
3075 1611 3143 1666 de
3183 1613 3436 1666 omnibus
3466 1612 3546 1665 la-

1979 1705 2155 1753 tenter
2176 1709 2417 1770 arrogat.
2435 1699 2799 1766 Quamobrem
2816 1700 3018 1756 lsidoru
3029 1719 3076 1756 m
3097 1718 3311 1774 quoque
3331 1705 3548 1761 assidue

1979 1807 2083 1845 non
2129 1792 2302 1860 magis
2352 1792 2554 1857 laudat,
2574 1807 2747 1864 .quam
2787 1794 3066 1863 vituperiis
3103 1807 3316 1851 onerat.
3362 1795 3549 1866 Neque

1980 1899 2108 1937 vero
2138 1899 2204 1939 ex
2235 1885 2424 1956 logicis
2447 1901 2567 1939 cum
2594 1888 3002 1955 quaestionibus,
3021 1898 3132 1942 tum
3164 1889 3544 1956 solutionibus,

1977 1991 2114 2046 quas
2140 1977 2222 2032 vel
2251 1992 2316 2030 ex
2343 1977 2463 2034 aliis
2489 1978 2577 2033 ille
2604 1995 2702 2049 pro
2723 1981 3076 2043 admirandis,
3099 1981 3185 2035 vel
3212 1982 3278 2036 de
3306 1995 3403 2036 suo
3425 1996 3552 2051 pec-

1981 2075 2097 2122 tore
2117 2067 2209 2138 (cb
2234 2069 2463 2124 celerem
2487 2071 2683 2124 mentis
2709 2071 3056 2140 agitationem
3084 2081 3138 2126 et
3157 2072 3547 2128 accuratiorem

1979 2160 2264 2216 scientiam
2297 2171 2616 2232 arroganter
2647 2177 2767 2217 sese
2795 2162 3048 2234 etl'erens)
3071 2165 3124 2217 in
3150 2165 3387 2219 medium
3420 2180 3549 2234 pro-

1980 2249 2148 2311 ducit,
2173 2249 2466 2318 quidquam
2500 2265 2663 2318 supra
2698 2266 2814 2315 eos,
2841 2253 2932 2321 qui
2967 2254 3018 2306 in
3052 2253 3395 2323 philosophia
3425 2270 3548 2309 ver-

1979 2340 2090 2394 sari
2121 2341 2278 2411 vulgo
2311 2343 2507 2406 solent,
2539 2343 2606 2396 ab
2634 2343 2735 2397 hoc
2757 2343 2974 2398 homine
3001 2347 3161 2413 paulo
3188 2345 3399 2401 felicius
3422 2362 3553 2402 con-

1981 2431 2178 2487 fectum
2224 2435 2496 2504 reperias;
2537 2445 2629 2490 aut
2674 2451 2887 2491 rursum
2931 2439 2997 2491 ad
3039 2453 3265 2493 acumen
3310 2454 3466 2506 eum,
3497 2451 3551 2495 et

1978 2526 2267 2580 volubilem
2331 2529 2528 2582 mentis
2588 2528 2979 2596 agitationem,
3037 2541 3298 2600 quantum
3359 2533 3549 2589 saltem

1977 2616 2184 2672 homini
2232 2618 2313 2673 ias
2362 2629 2465 2687 est,
2507 2621 2700 2675 nedum
2749 2632 3010 2690 quantum
3055 2622 3186 2690 Deo,
3216 2626 3550 2694 pervenisse,

1981 2710 2076 2762 sed
2105 2725 2280 2778 neque
2300 2710 2402 2764 alia
2424 2721 2720 2778 ostentare,
2742 2729 2861 2782 qua:
2884 2714 2966 2767 vel
2992 2716 3284 2769 mediocria
3312 2717 3364 2769 in
3388 2718 3552 2772 rebus

1979 2802 2367 2872 philosophicis
2399 2805 2530 2858 sint.
2564 2803 2719 2858 Mitto
2753 2819 2873 2874 ηοω
2903 2819 2997 2874 per
3027 2820 3295 2860 summam
3330 2821 3551 2862 accura-

1980 2895 2180 2949 tionem
2231 2894 2588 2955 deducantur.
2633 2895 2832 2966 quibus
2881 2903 3062 2950 tamen
3109 2895 3200 2951 ille
3245 2897 3554 2954 nominibus

1979 2986 2162 3042 clarus
2193 2987 2526 3058 illustrisque
2558 2989 2811 3044 habetur.

2051 3167 2133 3221 Ad
2166 3167 2362 3239 stylum
2398 3167 2540 3236 quod
2582 3168 2797 3232 attinet,
2830 3167 3086 3238 pleraque
3113 3167 3231 3236 ejus
3257 3169 3420 3224 verba
3448 3184 3552 3223 non

1983 3261 2166 3331 procul
2195 3277 2224 3314 a
2256 3261 2643 3331 perspicuitate
2674 3261 2980 3315 discedunt.
3009 3259 3330 3316 Habetitem
3352 3262 3555 3332 aliquid

1985 3355 2146 3425 126
2163 3354 2190 3406 b
2208 3354 2438 3407 aliarum
2464 3353 2794 3418 formarum,
2818 3367 2938 3421 qua:
2957 3353 3140 3408 verbis
3164 3353 3552 3421 designantur:

1979 3447 2350 3514 asperitatem,
2379 3448 2622 3514 inquam,
2658 3462 2763 3515 qua
2800 3446 3170 3515 pronuntiatio
3194 3447 3461 3516 asperior,
3495 3462 3559 3503 ac

1978 3554 2080 3594 vox
2113 3540 2270 3607 quasi
2289 3539 2498 3606 planior
2518 3538 2790 3603 redditur;
2819 3548 2873 3592 et
2896 3538 2947 3591 in
2983 3537 3257 3607 poeticum
3291 3546 3556 3607 prmterea

1981 3646 2162 3693 usum,
2196 3646 2371 3684 raram
2403 3631 2642 3699 quidem,
2665 3631 2759 3683 sed
2803 3629 3115 3684 liberiorem
3158 3630 3555 3700 evagationem.

1982 3723 2145 3792 Tropi
2178 3737 2305 3776 vero
2337 3723 2410 3776 ita
2442 3722 2559 3792 ejus
2602 3720 2890 3775 eﬂ‘ormant
2927 3723 3230 3775 orationem
3261 3732 3319 3775 ut
3359 3721 3413 3775 in
3450 3723 3559 3776 im-

1980 3817 2208 3884 peritam
2255 3819 2546 3885 quamdam
2603 3829 2666 3867 ac
2719 3813 2968 3882 frigidam
3040 3813 3424 3880 elocutionem,
3468 3823 3562 3867 aut

1983 3904 2256 3959 duriorem
2296 3904 2530 3972 aliquam
2574 3904 3004 3957 immutationem
3036 3918 3378 3973 nequaquam
3411 3903 3562 3958 defe-

1983 4004 2197 4059 rantur,
2247 3994 2342 4048 sed
2392 3994 2716 4048 suavitatem
2767 4002 2826 4046 ut
2871 3993 3165 4062 plurimum
3220 4003 3276 4048 et
3327 3994 3558 4064 gratiam

1981 4102 2051 4142 ex
2091 4086 2302 4154 seipsis.
2338 4085 2530 4140 saltem
2561 4085 2872 4139 concilient.
2911 4084 3112 4138 Verum
3153 4098 3211 4140 ut
3244 4088 3561 4156 perspicuus

1982 4179 2074 4244 sit,
2109 4178 2401 4232 maximam
2439 4192 2630 4230 vocum
2670 4186 2902 4246 partem,
2931 4177 3182 4231 universa
3217 4185 3396 4232 tamen
3432 4193 3560 4232 ora-

1983 4273 2147 4326 tionis
2173 4271 2336 4335 serie.
2375 4286 2480 4325 non
2514 4271 2664 4325 item.
2695 4269 2828 4324 Nam
2861 4279 2915 4324 et
2943 4271 3264 4340 compositio
3294 4272 3412 4341 ejus
3455 4288 3559 4326 non

1985 4377 2092 4423 tam
2143 4363 2486 4432 compositio,
2535 4378 2695 4432 quam
2732 4362 3013 4418 innovatio
3055 4364 3302 4435 quaedam
3346 4373 3468 4418 est:
3507 4374 3562 4417 et

1983 4459 2100 4530 ipsa
2149 4475 2310 4530 porro
2341 4457 2739 4512 circumductio
2781 4458 3054 4511 assiduam
3086 4457 3317 4512 efferens
3338 4458 3562 4512 satieta-

299 4549 518 4618 καὶτὴν
554 4547 722 4618 ἀλλην
760 4548 978 4602 ἃπασαν
1017 4548 1110 4602 τοῦ
1155 4549 1312 4617 λόγου
1355 4551 1613 4620 σπουδήν.
1658 4550 1750 4602 Διὸ
1784 4551 1877 4604 καὶ

1985 4564 2258 4613 ιοιη,ιιιοη
2291 4549 2697 4620 perspicuitatis
2728 4548 2886 4601 modo
2922 4547 3121 4602 factam
3161 4563 3333 4617 spem,
3371 4563 3559 4602 verum

299 4642 512 4711 χαρίεις
541 4640 606 4693 ἂν
629 4640 803 4704 ἄλλως
835 4643 864 4694 ὁ
892 4639 1049 4707 λόγος
1079 4636 1219 4694 εἶναι
1255 4640 1572 4710 δυνάμενος,
1616 4642 1714 4713 τὴν
1746 4644 1876 4714 ὅσην

300 4731 363 4783 ἂν
405 4731 637 4795 δυνατὸς
663 4727 733 4803 ἦν
771 4732 1192 4802 κεκολασμένων
1247 4731 1452 4784 τούτων
1495 4733 1654 4803 χάριν
1692 4750 1878 4804 παρα-

303 4829 446 4893 σχεῖν
484 4828 595 4889 τοίς
623 4825 934 4897 εἰρημένοις
961 4824 1259 4898 ἀφῄρηται.
1293 4827 1403 4879 Καὶ
1430 4826 1488 4878 αἱ
1515 4826 1798 4896 περιϐολαί
1819 4826 1876 4880 δέ

303 4919 414 4972 οὔτι
443 4935 508 4988 γε
538 4918 789 4988 δριμείας
809 4918 1066 4981 διανοίας,
1093 4915 1332 4989 [21511.]
1361 4917 1469 4970 οὐδ’
1502 4919 1874 4987 ἐπαφρόδιτοι,

305 5012 423 5064 οὐδὲ
452 5011 514 5064 τὸ
545 5010 743 5082 γοργὸν
776 5011 1194 5081 ὑποτρέχουσαι,
1236 5004 1326 5073 αἷς
1357 5009 1422 5063 ἄν
1449 5029 1534 5074 τις
1570 5012 1712 5065 κατὰ
1749 5012 1877 5084 τρό-

308 5123 402 5157 πον
435 5105 532 5158 καὶ
558 5104 984 5168 καλλωπίσαιτο,
1026 5101 1163 5160 ἀλλὰ
1196 5103 1403 5157 τούτων
1439 5103 1502 5175 δὴ
1530 5105 1639 5158 τῶν
1682 5105 1878 5159 κοινῶν

308 5198 399 5250 καὶ
430 5197 768 5250 ἐπιπολαίων
794 5197 888 5250 καὶ
911 5196 1031 5250 οὐδὲ
1057 5196 1118 5249 τὸ
1141 5197 1438 5265 ἀναγκαῖον
1460 5200 1526 5268 τῇ
1557 5199 1753 5269 χρήσει
1784 5199 1878 5252 καὶ

308 5293 421 5352 ταῖς
453 5289 840 5360 περιστάσεσιν
864 5289 1275 5357 ἀναφαινόντων
1300 5290 1344 5320 ⁸⁸
1375 5289 1752 5360 βλαστήματα.
1797 5289 1880 5343 Τὰ

307 5383 362 5435 δὲ
401 5387 656 5455 σχήματα
689 5385 740 5437 εί
777 5383 852 5454 μὴ
879 5383 1018 5437 κατά
1053 5383 1116 5437 τὸ
1154 5384 1448 5449 πλεονάζον
1487 5385 1580 5438 ἐπὶ
1613 5387 1878 5454 μήκιστον

310 5476 426 5538 ταῖς
472 5474 743 5544 περιόδοις
786 5473 1101 5541 ἐξετείνετο,
1143 5472 1254 5527 οὔτ’
1293 5474 1360 5528 ἂν
1406 5475 1547 5528 αὑτά
1583 5476 1644 5528 τὸ
1833 5477 1879 5508 ⁸⁸

1981 4644 2147 4699 etiam
2192 4659 2356 4699 omne
2398 4644 2620 4696 omnino
2664 4643 2718 4695 in
2750 4643 3000 4696 oratione
3045 4641 3279 4709 positum
3323 4641 3560 4695 studium

1983 4737 2260 4790 obscurat.
2296 4735 2476 4802 Quare
2520 4750 2642 4788 cum
2687 4734 2924 4804 jucunda
2967 4743 3154 4799 posset
3196 4733 3334 4786 alias
3385 4734 3562 4789 oratio

1983 4843 2127 4890 esse,
2171 4827 2317 4880 omni
2360 4826 2445 4880 illa
2478 4826 2671 4893 gratia,
2715 4839 2878 4893 quam
2933 4825 3016 4877 his
3069 4825 3319 4893 expolitis
3364 4824 3564 4880 habere

1984 4925 2218 4989 poterat,
2251 4931 2347 4985 per
2385 4929 2446 4968 ea
2479 4929 2600 4984 qua:
2641 4916 2874 4968 diximus
2912 4912 3142 4983 spoliata
3179 4925 3282 4969 est.
3313 4915 3562 4970 Circum-

1985 5009 2265 5062 ductiones
2297 5005 2506 5069 adbmc,
2542 5020 2718 5074 neque
2753 5006 3017 5060 acriorem
3058 5020 3276 5061 sensum
3308 5007 3562 5077 aliquem,

1986 5115 2164 5168 neque
2205 5107 2569 5164 venustatem,
2630 5111 2803 5165 neque
2855 5097 3199 5152 velocitatem
3256 5100 3339 5154 vel
3390 5101 3564 5154 obiter

1982 5192 2286 5260 attingunt;
2312 5188 2508 5258 quibus
2541 5197 2721 5241 tamen
2748 5187 2908 5241 rebus
2940 5201 3045 5241 non
3077 5187 3258 5257 inepte
3291 5187 3562 5257 quispiam

1982 5283 2246 5354 glorietur
2274 5299 2288 5335 :
2319 5295 2504 5334 verum
2537 5279 2904 5334 communium
2952 5280 3142 5332 horum
3179 5288 3342 5348 atque
3368 5279 3566 5332 levium

1944 5419 1956 5434 κ
1982 5382 2426 5430 ornamentorum
2463 5389 2528 5428 ne
2555 5388 2618 5428 ea
2641 5371 2854 5440 quidem
2886 5371 2970 5426 hic
3011 5383 3276 5441 apparent
3297 5372 3564 5439 germina,

1981 5483 2101 5537 qua:
2123 5469 2188 5521 ad
2215 5465 2579 5521 necessarium
2605 5480 2758 5520 usum
2783 5474 2948 5534 atque
2980 5463 3419 5519 circumstantias
3440 5478 3564 5531 per-

1581 5631 1821 5687 VARUE
1860 5628 2266 5689 LECTIONES.

378 5748 425 5780 ⁸⁸
463 5750 685 5823 καινῶν]
721 5753 904 5818 aptius
948 5752 1164 5806 videtur
1198 5752 1392 5808 κενῶν.

1488 5753 1536 5785 ⁸⁸
1559 5753 1808 5822 φαίνεται
1839 5751 1966 5822 add.
1998 5755 2061 5808 Α.

320 5818 474 5895 μένου
505 5831 555 5873 et
595 5818 686 5895 28',
718 5826 910 5892 ἐξῆρεν
933 5823 1175 5893 Scaliger
1208 5842 1220 5878 :
1260 5825 1383 5878 libri
1419 5818 1753 5895 ἐξῃρημένου
1782 5853 1852 5864 -
1882 5821 2085 5893 ἐξῄρει.

2186 5749 2231 5782 ⁵⁷
2259 5766 2319 5802 τε
2346 5746 2469 5802 add.
2509 5747 2572 5802 A.
2682 5749 2729 5781 ⁵⁸
2755 5743 3142 5801 ἀποκαθιστῶν
3187 5761 3248 5808 ς’.
3325 5743 3371 5774 ⁸⁹
3406 5739 3567 5810 ἐξηρ-

2166 5821 2212 5851 ⁶⁰
2240 5821 2315 5891 μὴ
2343 5819 2454 5890 ὅτι]
2482 5819 2591 5874 imo
2624 5819 2698 5888 μή
2730 5818 2802 5872 τί.
2881 5818 2923 5849 ⁸¹
2947 5815 3054 5869 τῶν
3084 5813 3281 5879 λέξεων
3315 5813 3470 5884 μέρει
3501 5828 3564 5876 ς.

319 5890 360 5918 ι’
386 5894 786 5960 ἀποφαινόντων
803 5890 856 5946 Ἀ
890 5911 901 5948 :
940 5890 1328 5964 ἀποφαίνονται
1353 5911 1414 5959 ς.
1488 5890 1535 5927 ’6³
1571 5890 1642 5965 μὴ
1665 5903 1788 5950 ante
1819 5890 2098 5949 κατὰιοιη.
2118 5893 2181 5946 Α.
