4038 6466
484 390 580 455 531
1622 395 1885 456 ΡΗΟΤΙΙ
1926 396 2433 458 ΡΑΤΒῙΑΗΕΗᾸΞ
2472 396 2580 456 CP.
3667 386 3778 452 532

487 503 713 555 tineant.
740 498 860 555 1am
912 500 1116 571 figurae,
1159 502 1260 558 nisi
1309 502 1627 574 longissime
1678 521 1801 560 cum
1852 505 2058 562 redun-

2168 506 2301 559 κατὰ
2336 506 2397 559 τὸ
2438 506 2639 576 μᾶλλον
2681 503 3075 575 μεγεθύνεσθαι
3105 504 3227 559 οὔτε
3257 505 3318 558 τὸ
3354 505 3425 576 μὴ
3464 503 3538 557 τὸ
3582 505 3777 555 ποικί-

422 658 425 669 ν
484 594 671 648 dantia
717 606 815 662 per
860 596 1094 650 ambitus
1145 595 1595 663 extenderentur,
1640 614 1917 668 nunquam
1965 614 2059 654 eas

2168 595 2251 648 λον
2276 596 2323 626 ⁸⁸
2365 595 2776 663 ἀπενέγκασθαι
2831 596 2931 648 οὐκ
2979 595 3046 649 ἂν
3094 596 3235 649 αὑτά
3279 596 3379 665 τῆς
3420 593 3778 664 συμμέτρου

481 686 628 739 vires
670 686 957 753 haberent,
992 686 1187 756 quibus
1235 701 1265 741 a
1310 688 1487 742 medio
1530 690 1895 760 decorumque
1940 705 2058 745 ser—

2168 684 2415 756 κράσεως
2462 686 2558 738 καὶ
2604 685 2667 738 τὸ
2710 686 2921 755 πρέπον
2975 685 3206 757 ἐχούσης
3251 687 3403 755 ἰσχὺν
3446 680 3615 754 εἶχεν
3662 686 3778 736 ἁπ-

484 788 647 835 vante
689 789 1118 850 temperamento
1159 782 1513 837 abducerent.
1551 781 1897 838 Veliementia
1929 784 2057 839 item

2168 779 2339 846 άγειν.
2383 778 2456 830 Τὸ
2482 778 2664 848 μέντοι
2694 775 2911 830 εὕτονον
2937 777 2984 810 ⁸⁸
3018 779 3114 831 καὶ
3137 777 3338 849 πικρὸν
3384 776 3658 847 περίεστι
3695 774 3776 843 τῷ

483 882 648 939 atque
691 873 972 927 amarities
1005 874 1216 928 abunde
1269 874 1355 927 his
1398 875 1537 928 inest
1581 874 1798 945 scriptis
1837 892 2058 945 :quan-

2168 870 2323 939 λόγῳ·
2355 868 2491 922 ἀλλὰ
2537 869 2629 923 καὶ
2668 868 2826 921 τοῦτο
2870 868 3134 933 πολλάκις
3182 867 3460 931 ἐκλύεται,
3506 867 3573 920 οὐ
3624 866 3777 936 μίξει

483 976 648 1029 quam
678 972 733 1016 et
760 962 845 1016 illa
894 979 1267 1033 smpenumeru
1308 965 1634 1035 languescit,
1668 982 1772 1020 non
1808 967 2060 1022 mistione

2168 964 2256 1015 καὶ
2285 963 2478 1033 κράσει
2503 962 2614 1015 τῶν
2660 961 2836 1025 ἰδεῶν,
2884 962 3021 1031 ὅπερ
3052 960 3298 1032 ἄριστον,
3330 960 3447 1014 ἀλλ’
3483 957 3773 1028 ἐπιλείψει

484 1069 550 1106 ac
585 1064 1012 1124 temperamento
1036 1056 1303 1126 idearum,
1325 1059 1464 1129 quod
1500 1058 1639 1112 foret
1660 1060 1943 1129 optimum,
1965 1061 2059 1115 sed

2168 1053 2630 1124 καταϐιαζόμενον
2664 1054 2710 1086 ⁸⁸
2764 1056 2873 1107 τῶν
2910 1054 3195 1107 τεινόντων
3239 1052 3337 1124 τὴν
3401 1053 3629 1126 φράσιν
3675 1052 3775 1105 καὶ

484 1145 788 1200 defectione
832 1147 1127 1202 dictionum
1173 1158 1228 1203 et
1283 1164 1469 1204 earum
1514 1152 1743 1219 partium
1789 1167 1909 1221 qua:
1938 1168 2057 1206 eam

2168 1142 2519 1212 διογκούντων
2557 1141 2761 1209 λέξεὼν
2803 1159 2863 1195 τε
2904 1142 3000 1195 καὶ
3038 1140 3147 1194 τῶν
3193 1140 3369 1195 ἄλλων
3420 1138 3631 1211 μερῶν
3670 1138 3777 1206 τῆς

484 1237 594 1289 vim
646 1237 870 1304 habent,
929 1249 986 1293 ut
1037 1240 1275 1310 pbrasim
1324 1241 1676 1296 valentiorem
1724 1242 1957 1298 reddant
1994 1258 2060 1299 ac

2168 1235 2415 1307 τοιαύτης
2450 1236 2651 1305 ίσχύος·
2694 1233 2823 1306 [412
2854 1233 2950 1307 R.]
2980 1233 3008 1286 ὃ
3036 1233 3252 1297 πολλοῖς
3289 1232 3389 1303 μὲν
3410 1234 3531 1285 τῶν
3564 1248 3635 1299 γε
3669 1229 3775 1300 τὴν

486 1325 876 1394 turgidiorem;
913 1330 1057 1398 quod
1092 1329 1277 1383 multis
1308 1329 1549 1399 quidem,
1578 1329 1843 1399 ejusmodi
1893 1346 2055 1400 pecu-

2168 1326 2417 1397 τοιαύτην
2475 1326 2805 1398 ίδιοτροπίαν
2857 1325 3354 1399 έπιτετηδευκότων
3411 1324 3659 1394 συνέϐη,
3707 1323 3772 1375 οὐ

483 1417 673 1472 liarem
730 1420 965 1487 aliquam
1013 1422 1267 1491 loquendi
1318 1420 1548 1475 formam
1596 1423 2057 1488 consectantibus,

2168 1419 2270 1491 μὴν
2302 1420 2437 1489 πρὸς
2479 1420 2706 1473 ἐπαίνου
2748 1435 2812 1487 γε
2833 1422 2948 1482 τοῖς
2987 1419 3061 1489 μὴ
3087 1417 3446 1472 διασεσωκόσι
3492 1416 3598 1469 τὸν
3624 1415 3773 1484 ὑπὲρ

482 1508 752 1580 contingit
798 1528 813 1565 :
863 1527 967 1566 non
1024 1522 1199 1567 tamen
1236 1514 1339 1567 hoc
1388 1528 1511 1567 cum
1563 1512 1719 1567 laude
1758 1513 1826 1568 iis
1866 1514 2058 1568 saltem

2168 1513 2319 1583 ἰσχὺν
2342 1514 2580 1584 ἠρμένον
2624 1514 2823 1584 φόρτον
2862 1512 3171 1565 ἀποϐαίνει.
3231 1510 3394 1564 Ἀλλὰ
3430 1507 3623 1562 ταῦτα
3669 1509 3773 1577 μὲν

482 1604 688 1667 evenit,
728 1603 819 1672 qui
867 1603 1135 1658 sustinere
1178 1619 1342 1673 supra
1376 1604 1523 1659 vires
1569 1614 1875 1675 susceptum
1919 1620 2060 1661 onus

2168 1606 2343 1676 κρίσις
2361 1607 2429 1670 ⁸⁷,
2453 1607 2528 1671 ὡς
2553 1608 2729 1660 εἰπεῖν
2754 1606 2943 1669 ἁπλῶς
2967 1621 3032 1674 γε
3056 1604 3237 1673 λόγου·
3265 1602 3360 1656 τοῦ
3387 1602 3444 1655 δὲ
3478 1600 3606 1672 βίον
3633 1600 3772 1670 γρά-

485 1707 594 1746 non
620 1701 930 1762 potuerunt.
952 1692 1065 1748 IIoc
1097 1695 1262 1764 igitur
1280 1704 1420 1757 esto,
1443 1706 1503 1749 ut
1523 1694 1842 1765 simpliciter
1863 1696 2056 1761 dicam,

2168 1714 2355 1767 φοντος
2386 1700 2529 1771 τάχα
2565 1700 2633 1754 ἂν
2675 1699 2762 1768 εἴη
2806 1699 2902 1753 καὶ
2936 1698 3101 1769 ἕτερα
3136 1695 3379 1749 πλείονα.
3409 1695 3476 1747 Τί
3513 1693 3637 1764 γὰρ
3671 1692 3772 1744 a6-

483 1786 552 1839 de
578 1785 696 1855 ejus
730 1785 965 1841 dictione
998 1786 1263 1854 judicium
1298 1804 1313 1839 :
1349 1802 1473 1859 nam
1524 1786 1576 1840 in
1631 1802 1731 1851 eo,
1766 1787 1855 1855 qui
1894 1786 2059 1841 vitam

2168 1786 2240 1860 τῷ
2276 1790 2460 1860 δεήσει
2497 1791 2679 1863 μορφὴ
2728 1790 2817 1844 διὰ
2854 1789 3121 1862 μεγέθους
3159 1789 3400 1859 ﬁmum;
3448 1785 3768 1857 νομοθέτου

482 1876 805 1943 conscribit,
852 1876 1054 1933 fuerint
1117 1889 1173 1934 et
1227 1878 1332 1933 alia
1393 1879 1622 1935 fortasse
1667 1881 1817 1949 plura
1869 1882 2061 1935 adver-

2168 1882 2273 1953 γὰρ
2302 1883 2401 1936 καὶ
2432 1884 2863 1955 προστάττοντος
2890 1883 3049 1937 τοῦτο
3076 1881 3255 1949 λόγου.
3285 1881 3351 1933 Τί
3379 1881 3436 1933 δὲ
3470 1880 3641 1942 τόνος
3672 1879 3771 1931 καὶ

481 1968 670 2023 tenda.
713 1967 853 2035 Quid
902 1968 1045 2023 enim
1093 1984 1229 2038 opus
1280 1970 1378 2040 ipsi
1436 1979 1554 2024 erat
1604 1972 1927 2039 granditatis
1980 1974 2055 2027 uti

2168 1974 2429 2047 περιϐολὴ
2451 1977 2690 2048 τοσαύτη
2721 1978 2815 2031 καὶ
2842 1977 2943 2048 τῆς
2964 1974 3240 2047 συνθήκης
3263 1973 3324 2027 τὸ
3349 1972 3553 2045 ᾶηθες;
3598 1972 3768 2027 Ἀλλὰ

481 2058 701 2113 forma?
729 2060 1057 2130 legislatoris
1104 2062 1249 2117 enim
1293 2077 1356 2115 ac
1393 2063 1790 2130 praescribentis
1824 2065 2056 2121 orationi

2168 2067 2342 2122 ταῦτα
2373 2070 2472 2140 μὲν
2502 2071 2595 2123 ἐπὶ
2624 2070 2899 2124 τοσοῦτον.

484 2157 590 2213 hoc
633 2159 929 2228 proprium.
978 2158 1116 2226 Quid
1163 2158 1285 2213 dein
1339 2159 1652 2230 contentio,|
1691 2170 1952 2231 tantaque
2016 2162 2448 2231 circumductio,
2497 2175 2554 2220 et
2601 2164 3019 2235 compositionis
3072 2162 3330 2218 inusitata
3417 2161 3614 2216 ratio?
3656 2159 3764 2215 Sed

483 2250 602 2305 haec
630 2252 911 2305 hactenus.

558 2343 874 2398 Damascius
898 2352 1077 2398 autem
1112 2343 1164 2398 in
1196 2344 1411 2399 dicendi
1440 2354 1555 2399 arte
1582 2355 1690 2400 tres
1718 2347 1863 2416 ipsos
1893 2362 2062 2403 annos

2245 2349 2305 2401 '0
2334 2349 2390 2403 δὲ
2424 2349 2739 2420 Δαμάσκιος
2762 2350 2864 2420 τήν
2895 2365 2956 2402 τε
2981 2346 3380 2420 ρητορεύουσαν
3406 2346 3620 2416 τέχνην
3655 2343 3763 2395 ὑπὸ

486 2431 692 2488 Theoni
721 2449 939 2501 operam
972 2434 1140 2501 dedit,
1173 2435 1499 2505 praafuitque
1537 2438 1818 2493 rhetoricis
1848 2441 2060 2494 exerci-

2168 2443 2330 2496 Βέωνι
2368 2443 2495 2515 τρία
2528 2442 2621 2513 ἐτη
2653 2442 2751 2495 ὅλα
2785 2441 3100 2512 διεπόνησε,
3129 2440 3224 2494 καὶ
3258 2437 3505 2513 προῦστη
3539 2438 3759 2504 διατρι-

487 2523 787 2580 tationibus
826 2539 996 2579 annos
1039 2524 1153 2579 fere
1193 2540 1409 2580 novem.
1441 2525 1765 2581 Geometriae
1797 2538 1851 2582 et
1888 2529 2062 2583 arith-

2168 2534 2271 2587 ϐῶν
2303 2534 2607 2606 ῥητορικῶν
2638 2534 2731 2588 ἐπὶ
2761 2533 2859 2603 ἔτη
2902 2533 2969 2598 θ’,
3001 2534 3347 2605 γεωμετρίας
3385 2529 3441 2586 δὲ
3482 2530 3587 2587 καὶ
3634 2530 3759 2602 ἀρι-

490 2616 705 2670 nieticae
762 2615 956 2684 127a
1019 2623 1456 2685 caaterarumque
1517 2620 1717 2672 artium
1780 2621 2059 2676 doctorem

2168 2626 2435 2696 θμητικῆς
2472 2627 2565 2679 καὶ
2606 2626 2715 2678 τῶν
2761 2625 2939 2679 ἄλλων
2989 2625 3328 2695 μαθημάτων
3369 2627 3623 2695 Μαρῖνον
3664 2622 3758 2674 τὸν

480 2707 678 2763 habuit
720 2708 982 2763 llarinnm
1018 2708 1130 2779 (Ἦ)
1162 2708 1390 2763 Athenis
1438 2708 1610 2764 Procli
1661 2726 2058 2769 successorem.

2168 2719 2407 2789 διάδοχον
2436 2718 2683 2789 Πρόκλου
2711 2718 2770 2771 ὲν
2816 2717 3070 2787 Ἀθήναις
3106 2717 3233 2787 ἔσχε
3261 2717 3608 2773 διδάσκαλον.
3643 2716 3756 2785 Τῆς

481 2801 543 2856 In
574 2801 961 2883 philosomiicis
993 2801 1314 2870 disciplinis,
1357 2801 1641 2859 Zenodoro
1673 2804 1900 2859 Athenis
1934 2821 2062 2862 usus

2168 2810 2221 2864 δὲ
2246 2809 2537 2878 φιλοσόφου
2568 2810 2803 2876 θεωρίας
2833 2810 2862 2861 ὅ
2898 2826 2958 2861 τε
3000 2808 3293 2875 Ζηνόδοτος
3328 2808 3478 2879 αὑτῷ
3508 2807 3757 2877 καθηγε·

482 2903 569 2950 est
598 2893 878 2965 magistro,
907 2894 997 2963 qui
1021 2910 1076 2949 et
1107 2895 1224 2963 ipse
1258 2905 1383 2964 post
1418 2896 1681 2951 Marinum
1716 2896 1904 2952 Proclo
1938 2914 2055 2955 suc-

2170 2902 2287 2974 μὼν
2334 2902 2593 2974 Ἀθήνῃσι
2634 2903 2729 2956 καὶ
2766 2902 2929 2965 αὐτὸς
2973 2902 3215 2969 ἐγεγόνει
3256 2901 3525 2971 (διάδοχος
3556 2900 3617 2953 δὲ
3658 2900 3755 2952 καὶ

482 2989 681 3053 cessit;
736 2987 1027 3043 Ammonio
1082 3003 1211 3044 vero
1266 2987 1497 3044 Hermiae
1532 2990 1642 3044 filio
1677 2990 1788 3061 ($8)
1830 2992 2065 3045 Alexan-

481 3086 634 3153 driae,
667 3101 827 3156 quem
858 3102 965 3140 non
1002 3101 1188 3156 parum
1222 3087 1434 3141 caeteris
1460 3104 1571 3142 suae
1602 3088 1779 3143 relatis
1829 3090 2065 3158 philoso-

2166 2990 2320 3059 οὗτος
2374 2995 2644 3065 Πρόκλου,
2693 2994 2759 3047 τὰ
2801 2993 3031 3062 δεύτερα
3078 2993 3326 3066 Μαρίνου
3380 2993 3619 3062 φέρων),
3661 2992 3755 3044 καὶ

2181 3086 2490 3158 Ἀμμώνιος
2523 3087 2582 3139 ὲν
2622 3086 3002 3158 Ἀλεξανδρείᾳ
3028 3089 3056 3140 6
3087 3086 3367 3157 Ἑρμείου,
3392 3086 3451 3138 6v
3472 3086 3538 3138 οὐ
3570 3081 3754 3155 μικρῷ

477 3178 606 3246 phis
624 3179 953 3233 antecellere
978 3179 1189 3247 scribit,
1212 3189 1268 3233 et
1291 3180 1523 3234 maxime
1552 3180 1604 3233 in
1638 3180 2058 3236 mathematicis.

2168 3180 2352 3251 μέτρῳ
2372 3177 2479 3231 τῶν
2504 3177 2627 3230 καθ’
2648 3177 2841 3231 ἑαυτὸν
2858 3179 2951 3251 ἐπὶ
2975 3176 3265 3249 φιλοσοφία
3289 3177 3423 3246 φησὶ
3441 3177 3750 3246 διαφέρειν,

482 3268 655 3338 Hujus
689 3271 741 3325 in
771 3270 1064 3325 Platonicis
1100 3286 1158 3325 se
1196 3271 1500 3326 auditorem
1541 3272 1710 3326 fuisse
1745 3271 2063 3326 Damascius

480 3361 691 3427 scribit,
746 3372 804 3417 ut
858 3372 914 3416 et
970 3359 1247 3417 Ptolemmi
1305 3378 1516 3433 magum
1567 3364 2061 3419 astronomicorum

482 3464 793 3527 syntaxeos.
835 3455 1135 3510 Dialectica:
1177 3463 1355 3508 tamen
1402 3455 1811 3511 exercitationis
1832 3456 2063 3525 vim'gusu

484 3562 548 3603 se
594 3561 659 3602 ac
703 3545 1075 3601 familiaritate
1117 3546 1307 3602 lsidori
1353 3556 1707 3602 consecutum
1759 3546 2060 3611 contendit,

482 3655 642 3710 quem
688 3648 743 3693 et
798 3639 850 3692 in
894 3640 995 3693 hac
1050 3639 1162 3707 ipsa
1214 3639 1513 3694 disserendi
1570 3638 1826 3693 facultate
1871 3651 2064 3693 omnes

482 3741 748 3802 quotquot
771 3730 899 3785 illud
928 3732 1184 3785 saeculum
1216 3730 1361 3797 tulit,
1382 3732 1572 3788 doctos
1599 3732 1848 3787 homines
1868 3730 2063 3786 obscu-

481 3836 636 3878 rasse
666 3832 1073 3878 commemorat.

1116 3999 1421 4056 CLXXXII.

486 4089 554 4146 B.
595 4089 829 4161 Eulogii,
876 4092 1184 4215 archiepisc.
1219 4093 1602 4216 ill'liazandrini,
1639 4093 1837 4150 Contra
1876 4094 2063 4152 Nava-

1120 4180 1207 4216 um
1254 4181 1268 4216 ι
1309 4180 1350 4215 rz
1376 4180 1451 4216 γι.

1120 4180 1207 4217 um
1231 4180 1350 4216 ιιυνι
1376 4180 1451 4219 γι.

551 4259 706 4316 Lecti
754 4268 880 4315 sunt
926 4259 987 4314 Β.
1020 4260 1232 4330 Eulogii
1276 4260 1630 4315 Alexandrini
1664 4261 2061 4333 archiepiscopi

481 4348 681 4407 Contra
709 4350 975 4405 Navatum
999 4352 1112 4423 (29)
1130 4362 1186 4406 et
1218 4351 1297 4407 De
1330 4354 1789 4409 administratione
1820 4354 1933 4425 (50)
1958 4354 2065 4427 [ec-

481 4442 798 4515 clesiastica]
846 4444 967 4498 libri
1021 4445 1265 4515 quinque
1318 4445 1456 4515 ('51).
1495 4443 1745 4500 IIominis
1787 4445 1952 4501 dictio
1994 4446 2061 4501 ad

2167 3274 2262 3326 καὶ
2287 3272 2525 3341 μάλιστα
2555 3272 2671 3335 τοῖς
2700 3271 3009 3342 μαθήμασι.
3043 3270 3244 3324 Τοῦτον
3274 3270 3496 3322 καὶτῶν
3520 3270 3750 3322 Πλατωο

2164 3364 2333 3418 νικῶν
2355 3363 2632 3435 ἐξηγητὴν
2658 3362 2806 3434 αὑτῷ
2826 3363 3155 3433 γεγενῆσθαι
3176 3362 3486 3432 Δαμάσκιος
3507 3359 3752 3429 ἀναγρά-

2166 3476 2279 3527 φει,
2321 3458 2417 3512 καὶ
2464 3460 2564 3528 τῆς
2608 3456 2916 3527 συντάξεως
2962 3456 3071 3508 τῶν
3105 3454 3518 3526 ἀστρονομικῶν
3549 3453 3751 3506 Πτολε-

2166 3546 2328 3615 μαίου
2373 3544 2615 3615 βιϐλίων.
2657 3545 2770 3613 Τῆς
2821 3545 3004 3613 μέντοι
3036 3543 3386 3613 διαλεκτικῆς
3431 3544 3633 3612 τριϐῆς
3654 3541 3752 3602 τὰς
3794 3536 3799 3541 ’

2177 3636 2450 3707 Ἰσιδώρου
2477 3636 2765 3701 συνουσίας
2793 3636 2894 3708 τὴν
2920 3636 3074 3706 ἰσχὺν
3100 3634 3250 3706 αὑτῷ
3279 3634 3615 3689 διατείνεται
3644 3648 3750 3685 πα-

2168 3735 2409 3802 ρασχεῖν,
2452 3733 2511 3786 ὃν
2544 3733 2639 3786 καὶ
2672 3733 2767 3787 ἐπὶ
2809 3735 2874 3803 τῇ
2915 3731 3138 3803 τοιαύτῃ
3181 3731 3290 3784 τῶν
3318 3730 3491 3799 λόγων
3519 3727 3750 3797 δυνάμει

2165 3822 2375 3885 πάντας
2403 3822 2751 3892 ἀνθρώπους,
2781 3823 2941 3882 ὅσους
2964 3824 2993 3875 6
3021 3821 3142 3875 κατ’
3175 3822 3393 3892 ἐκείνην
3422 3821 3524 3891 τὴν
3556 3817 3750 3889 γενεὰν

2162 3917 2363 3987 ἤνεγκε
2401 3916 2613 3987 χρόνος,
2646 3914 3071 3985 ἀποκρύψασθαι
3096 3930 3284 3984 φησιν.

2801 4006 2971 4059 ΡΠΒ’.

2166 4101 2489 4171 Εὐλογίου,
2530 4098 3009 4171 ἀρχιεπισκόπου
3059 4097 3545 4171 Ἀλεξανδρείας,
3600 4094 3748 4151 κατὰ

2661 4168 2940 4223 Ναυάτου
2971 4172 3141 4240 λόγοι
3179 4168 3254 4234 ς’.

2248 4260 2586 4330 Ἀνεγνώσθη
2611 4260 2867 4329 Εὑλογίου
2896 4259 2991 4313 τοῦ
3025 4263 3083 4313 ὲν
3112 4260 3288 4329 ἁγίοις
3313 4258 3744 4331 ἀρχιεπισκόπου

2176 4352 2582 4423 Ἀλεξανδρείας
2612 4353 2766 4406 κατὰ
2798 4352 3077 4405 Ναυάτου
3108 4353 3201 4405 καὶ
3234 4352 3366 4421 περὶ
3404 4351 3745 4421 οἰκονομίας

2162 4447 2331 4515 λόγοι
2370 4450 2431 4498 ε’.
2464 4446 2619 4497 Ἔστι
2643 4444 2744 4516 τὴν
2766 4444 2968 4516 φράσιν
2999 4446 3027 4497 ὁ
3056 4444 3216 4515 ἀνὴρ,
3252 4445 3354 4499 ὅσα
3385 4445 3483 4515 μὲν
3515 4448 3599 4508 εἰς
3654 4442 3742 4495 λέ-

478 4535 643 4590 verba
678 4536 821 4605 quod
854 4537 1082 4602 attinet,
1115 4535 1229 4592 fere
1272 4537 1626 4591 mediocriter
1652 4549 1737 4593 est
1760 4546 2015 4592 accurata
2042 4555 2057 4593 :

2168 4538 2247 4602 ξιν
2284 4538 2427 4607 ἦκει,
2464 4536 2560 4590 τοῦ
2598 4537 2822 4609 μετρίου
2851 4554 2970 4601 πως
3025 4537 3113 4589 ἐπ’
3166 4537 3383 4590 ἔλαττον
3441 4534 3744 4608 ἠκριϐωμέ-

477 4642 666 4684 verum
701 4631 1107 4685 constructione
1146 4646 1253 4685 non
1294 4630 1481 4699 procul
1512 4646 1655 4700 saepe
1685 4646 1712 4684 a
1747 4631 2059 4687 solcecismo

479 4719 740 4775 abscedit.
780 4720 1095 4775 Divinarum
1131 4721 1319 4775 adhaac
1365 4719 1765 4788 Scripturarnm
1820 4737 1924 4776 non
1973 4734 2060 4778 est

479 4812 785 4883 imperitus,
821 4827 1051 4884 quarum
1087 4812 1397 4868 testimonia
1422 4812 1656 4868 feliciter
1689 4822 1852 4883 atque
1891 4830 2060 4886 appo-

2167 4647 2278 4694 νος,
2309 4631 2410 4683 ὅσα
2434 4631 2491 4684 δὲ
2527 4630 2609 4693 είς
2632 4628 2934 4695 συντάξεις,
2954 4630 3123 4698 ἐγγὺς
3153 4630 3413 4692 πολλάκις
3442 4630 3551 4683 τῶν
3581 4628 3740 4682 σολοι-

2169 4721 2432 4785 κιζόντων
2465 4721 2795 4792 ἀφιγμένος,
2842 4722 2950 4775 τῶν
2984 4722 3042 4775 δὲ
3076 4721 3236 4774 θείων
3264 4723 3363 4774 οὐκ
3412 4721 3739 4791 ἀμελέτητος

2166 4813 2422 4883 Γραφῶν,
2454 4813 2590 4867 ἀλλὰ
2635 4814 2729 4868 καὶ
2759 4811 3032 4883 εὐστόχως
3060 4813 3253 4877 αὑταῖς
3283 4814 3425 4867 κατά
3451 4831 3511 4867 τε
3532 4814 3579 4844 ³⁸
3600 4812 3743 4866 Nam

1755 4929 1991 4987 VARIIE
2028 4929 2435 4987 LECTIONES.

547 5024 596 5059 “
620 5024 902 5081 ποικίλλον
929 5025 997 5081 Α.
1073 5022 1121 5057 ⁸³
1154 5021 1365 5077 ἔντονον
1394 5041 1454 5088 ς.
1489 5021 1595 5075 τῶν
1620 5020 1796 5089 λόγων
1832 5040 1893 5087 ς.

1991 5022 2037 5054 ⁸⁸
2058 5023 2199 5075 κατὰ
2231 5022 2292 5075 τὸ
2336 5021 2653 5092 βιαζόμενον
2683 5038 2746 5084 ς.

2843 5019 2887 5051 ⁸⁷
2915 5017 3093 5089 κρίσιν
3121 5019 3188 5072 Α.
3267 5018 3311 5049 ⁸⁸
3339 5034 3398 5070 τε
3432 5017 3555 5072 add.
3587 5015 3647 5070 A.

1998 5138 2228 5195 ΝΟΤᾸΕ.

550 5240 660 5311 (27)
699 5238 864 5306 Cujus
909 5237 1155 5311 libellus
1177 5237 1257 5311 _De
1303 5234 1479 5289 Procli
1534 5235 1795 5288 Diadochi
1855 5235 1962 5290 vita
2001 5236 2056 5290 in

478 5307 731 5365 manibus
760 5320 875 5374 est;
908 5309 1026 5377 lege
1061 5307 1216 5363 Suid.

548 5382 662 5451 (28)
695 5382 772 5433 Ad
799 5376 1210 5451 distinctionem
1250 5378 1414 5451 hujus
1446 5380 1511 5433 ab
1547 5376 1719 5431 altero
1752 5377 2060 5448 antiquiore

478 5449 769 5505 Ammonio
791 5449 981 5513 Sacca,
1019 5452 1085 5504 de
1117 5464 1224 5518 quo
1259 5449 1474 5504 Suidas.
1542 5468 1547 5471 ·

554 5520 669 5591 (29)
706 5520 1063 5591 Νογτοιίοιιοπι
1108 5516 1254 5574 hunc
1283 5520 1475 5585 fuisse,
1507 5519 1599 5575 sed
1628 5534 1656 5571 a
1684 5516 1895 5591 Novato
1924 5534 2061 5591 quo-

478 5588 601 5645 dam
645 5588 725 5646 VB.
769 5590 1027 5660 Cypriani
1087 5591 1267 5660 presh.
1342 5592 1623 5646 seductum
1673 5590 1813 5657 (qua:
1858 5588 2062 5644 Gracis

479 5661 622 5714 forte
667 5676 799 5716 ansa
833 5660 1195 5715 confundendi
1229 5662 1420 5716 horum
1472 5660 1736 5727 nomina),
1772 5660 1951 5715 disces
1995 5675 2063 5714 ex

479 5731 583 5783 BB.
617 5728 877 5800 Cornelii,
923 5730 1086 5800 Cypr.
1129 5730 1350 5788 Hieron.
1381 5743 1434 5787 et
1470 5733 1698 5786 aliorum
1740 5729 2059 5800 Latinorum

478 5799 1315 5883 scriptisjllidgEpiphanium
1369 5804 1558 5883 haeresi
1608 5802 1722 5865 59;
1785 5799 2058 5883 Theudor.

482 5870 685 5928 erel.
726 5871 836 5941 fab.
882 5872 977 5929 lib.
1008 5870 1091 5945 in,
1126 5882 1181 5930 et
1206 5874 1399 5929 Annal.
1437 5890 1475 5929 ιι
1520 5874 1717 5930 Baron.
1761 5872 1937 5939 card.,
1973 5870 2062 5929 Ni-

2165 5236 2485 5303 cephorum,
2516 5236 2642 5289 item
2675 5234 2883 5289 Callist.
2911 5244 2966 5286 et
2988 5230 3141 5285 Snid.

2237 5292 2351 5376 (50)
2384 5292 2519 5378 Περὶ
2555 5306 2902 5378 οἰκονομίας..
2925 5303 3171 5378 Intelligo
3196 5306 3518 5378 potestatem
3556 5292 3733 5378 Ecclcf-

2167 5362 2262 5431 sire
2305 5362 2357 5431 in
2406 5362 2957 5500 recyiieeuziys'lapsis.
3008 5374 3084 5428 De
3106 5362 3412 5439 ὀἰκονομίᾳ
3452 5368 3593 5421 idem
3642 5362 3728 5418 iul.

2169 5462 2386 5500 auoane
2428 5462 2492 5500 co
2536 5487 2549 5500 .
2698 5484 2712 5498 .

2169 5462 2386 5516 quoque
2428 5446 2549 5501 cod.
2586 5446 2712 5500 227.

2244 5503 2355 5588 (3i)
2389 5516 2465 5571 De
2491 5517 2687 5585 quibus
2712 5518 2927 5578 iterum,
2960 5513 3053 5567 sed
3082 5512 3322 5588 brevius,
3354 5508 3453 5588 inf.
3474 5508 3595 5562 cod.
3615 5503 3729 5557 2l8.

2170 5582 2374 5657 Eorum
2430 5582 2594 5656 porro
2630 5593 2908 5657 excerpta,
2944 5599 3064 5652 qua:
3098 5582 3323 5657 quidem
3357 5582 3430 5657 ad
3465 5589 3730 5657 sacrarum

2173 5646 2577 5727 Scripturarum
2629 5646 3036 5727 expositionem
3091 5646 3366 5727 facerent,
3418 5649 3601 5727 habes
3642 5646 3729 5727 inf.

2171 5717 2864 5801 cod.'250.Sextus_autem
2890 5724 2980 5801 qui
3010 5723 3164 5801 fictas
3191 5720 3260 5775 de
3286 5721 3492 5801 Navato
3534 5717 3731 5801 fabulas

2170 5800 2437 5869 confutat,
2463 5804 2652 5855 contra
2670 5798 2814 5869 ipsos
2840 5794 3020 5865 potius
3048 5795 3167 5866 ejus
3192 5800 3489 5851 sectatores
3509 5794 3728 5859 scriptus

2169 5868 2401 5925 videtur.
