  <div class='ocr_page' id='page_1' title='image "/cluster/home/n/w/nwhite01/storage/ocr_20150623/103/hvd.32044018872861/274.png"; bbox 0 0 4038 6476; ppageno 0'>
   <div class='ocr_carea' id='block_1_1' title="bbox 325 438 441 503">
    <p class='ocr_par' dir='ltr' id='par_1_1' title="bbox 325 438 441 503">
     <span class='ocr_line' id='line_1_1' title="bbox 325 438 441 503; baseline 0.017 -1"><span class='ocrx_word' id='word_1_1' title='bbox 325 438 441 503; x_wconf 78' lang='lat'><strong>533</strong></span> 
     </span>
    </p>
   </div>
   <div class='ocr_carea' id='block_1_2' title="bbox 1298 448 2515 514">
    <p class='ocr_par' dir='ltr' id='par_1_2' title="bbox 1298 448 2515 514">
     <span class='ocr_line' id='line_1_2' title="bbox 1298 448 2515 514; baseline 0.006 -7"><span class='ocrx_word' id='word_1_2' title='bbox 1298 448 1825 510; x_wconf 79' lang='lat' dir='ltr'><strong>BIBLIO’I‘HECA.</strong></span> <span class='ocrx_word' id='word_1_3' title='bbox 1867 473 1937 488; x_wconf 92' lang='lat'><strong>-</strong></span> <span class='ocrx_word' id='word_1_4' title='bbox 1969 449 2132 512; x_wconf 91' lang='lat' dir='ltr'><strong>COD.</strong></span> <span class='ocrx_word' id='word_1_5' title='bbox 2173 453 2515 514; x_wconf 83' lang='lat' dir='ltr'><strong>CLXXXII.</strong></span> 
     </span>
    </p>
   </div>
   <div class='ocr_carea' id='block_1_3' title="bbox 3478 447 3581 511">
    <p class='ocr_par' dir='ltr' id='par_1_3' title="bbox 3478 447 3581 511">
     <span class='ocr_line' id='line_1_3' title="bbox 3478 447 3581 511; baseline -0.019 0"><span class='ocrx_word' id='word_1_6' title='bbox 3478 447 3581 511; x_wconf 66' lang='lat'><strong>531</strong></span> 
     </span>
    </p>
   </div>
   <div class='ocr_carea' id='block_1_4' title="bbox 316 547 1917 631">
    <p class='ocr_par' dir='ltr' id='par_1_4' title="bbox 316 547 1899 626">
     <span class='ocr_line' id='line_1_4' title="bbox 316 547 1899 626; baseline 0.005 -25"><span class='ocrx_word' id='word_1_7' title='bbox 316 548 569 601; x_wconf 86' lang='grc' dir='ltr'>ατιανῶν</span> <span class='ocrx_word' id='word_1_8' title='bbox 598 547 694 601; x_wconf 79' lang='grc' dir='ltr'>καὶ</span> <span class='ocrx_word' id='word_1_9' title='bbox 722 548 809 602; x_wconf 77' lang='grc' dir='ltr'>ἐπ’</span> <span class='ocrx_word' id='word_1_10' title='bbox 844 550 1019 605; x_wconf 76' lang='grc' dir='ltr'>ἄλλων</span> <span class='ocrx_word' id='word_1_11' title='bbox 1045 551 1208 605; x_wconf 85' lang='grc' dir='ltr'>τινῶν</span> <span class='ocrx_word' id='word_1_12' title='bbox 1267 556 1625 626; x_wconf 82' lang='grc' dir='ltr'><strong>κεχρημένος,</strong></span> <span class='ocrx_word' id='word_1_13' title='bbox 1677 555 1899 619; x_wconf 78' lang='grc' dir='ltr'>πιθανὸς</span> 
     </span>
    </p>
   </div>
   <div class='ocr_carea' id='block_1_5' title="bbox 2021 547 3582 631">
    <p class='ocr_par' dir='ltr' id='par_1_5' title="bbox 2021 559 3582 631">
     <span class='ocr_line' id='line_1_5' title="bbox 2021 559 3582 631; baseline 0.001 -19"><span class='ocrx_word' id='word_1_14' title='bbox 2021 559 2105 615; x_wconf 72' lang='lat' dir='ltr'><strong>tite</strong></span> <span class='ocrx_word' id='word_1_15' title='bbox 2130 576 2252 615; x_wconf 91' lang='lat' dir='ltr'><strong>cum</strong></span> <span class='ocrx_word' id='word_1_16' title='bbox 2280 562 2545 617; x_wconf 90' lang='lat' dir='ltr'><strong>adversus</strong></span> <span class='ocrx_word' id='word_1_17' title='bbox 2578 561 2924 629; x_wconf 85' lang='lat' dir='ltr'><strong>Navatianos,</strong></span> <span class='ocrx_word' id='word_1_18' title='bbox 2963 571 3071 615; x_wconf 93' lang='lat' dir='ltr'><strong>tum</strong></span> <span class='ocrx_word' id='word_1_19' title='bbox 3120 560 3171 614; x_wconf 90' lang='lat' dir='ltr'><strong>in</strong></span> <span class='ocrx_word' id='word_1_20' title='bbox 3205 561 3325 615; x_wconf 87' lang='lat' dir='ltr'><strong>aliis</strong></span> <span class='ocrx_word' id='word_1_21' title='bbox 3355 562 3582 631; x_wconf 86' lang='lat' dir='ltr'><strong>quihus-</strong></span> 
     </span>
    </p>
   </div>
   <div class='ocr_carea' id='block_1_6' title="bbox 314 640 1902 714">
    <p class='ocr_par' dir='ltr' id='par_1_6' title="bbox 314 640 1902 714">
     <span class='ocr_line' id='line_1_6' title="bbox 314 640 1902 714; baseline 0.005 -19"><span class='ocrx_word' id='word_1_22' title='bbox 314 640 379 695; x_wconf 81' lang='grc' dir='ltr'>δὲ</span> <span class='ocrx_word' id='word_1_23' title='bbox 405 640 492 706; x_wconf 83' lang='grc' dir='ltr'>ὡς</span> <span class='ocrx_word' id='word_1_24' title='bbox 519 643 576 695; x_wconf 85' lang='grc' dir='ltr'>ὲν</span> <span class='ocrx_word' id='word_1_25' title='bbox 602 642 825 714; x_wconf 80' lang='grc' dir='ltr'>τοιαύτῃ</span> <span class='ocrx_word' id='word_1_26' title='bbox 863 646 1082 714; x_wconf 80' lang='grc' dir='ltr'><strong>φράσει,</strong></span> <span class='ocrx_word' id='word_1_27' title='bbox 1113 645 1490 713; x_wconf 85' lang='grc' dir='ltr'>διδασκαλικός</span> <span class='ocrx_word' id='word_1_28' title='bbox 1545 667 1605 703; x_wconf 90' lang='grc' dir='ltr'><strong>τε</strong></span> <span class='ocrx_word' id='word_1_29' title='bbox 1655 652 1748 703; x_wconf 61' lang='grc' dir='ltr'><strong>καὶ⁵</strong></span> <span class='ocrx_word' id='word_1_30' title='bbox 1794 651 1902 704; x_wconf 83' lang='grc' dir='ltr'>οὐδ’</span> 
     </span>
    </p>
   </div>
   <div class='ocr_carea' id='block_1_7' title="bbox 318 734 552 803">
    <p class='ocr_par' dir='ltr' id='par_1_7' title="bbox 318 734 552 803">
     <span class='ocr_line' id='line_1_7' title="bbox 318 734 552 803; baseline 0.009 -16"><span class='ocrx_word' id='word_1_31' title='bbox 318 734 552 803; x_wconf 80' lang='grc' dir='ltr'>ἄχαρις.</span> 
     </span>
    </p>
   </div>
   <div class='ocr_carea' id='block_1_8' title="bbox 390 825 1903 903">
    <p class='ocr_par' dir='ltr' id='par_1_8' title="bbox 390 825 1903 903">
     <span class='ocr_line' id='line_1_8' title="bbox 390 825 1903 903; baseline 0.005 -25"><span class='ocrx_word' id='word_1_32' title='bbox 390 825 563 895; x_wconf 78' lang='grc' dir='ltr'>Λέγει</span> <span class='ocrx_word' id='word_1_33' title='bbox 592 826 648 879; x_wconf 84' lang='grc' dir='ltr'>δὲ</span> <span class='ocrx_word' id='word_1_34' title='bbox 676 827 768 879; x_wconf 82' lang='grc' dir='ltr'><strong>τὸν</strong></span> <span class='ocrx_word' id='word_1_35' title='bbox 813 828 1064 883; x_wconf 87' lang='grc' dir='ltr'>Ναυάτον</span> <span class='ocrx_word' id='word_1_36' title='bbox 1087 830 1191 884; x_wconf 79' lang='grc' dir='ltr'><strong>ὑπὸ</strong></span> <span class='ocrx_word' id='word_1_37' title='bbox 1229 832 1528 903; x_wconf 81' lang='grc' dir='ltr'><strong>Κορνηλίου</strong></span> <span class='ocrx_word' id='word_1_38' title='bbox 1571 850 1732 887; x_wconf 86' lang='grc' dir='ltr'>παπα</span> <span class='ocrx_word' id='word_1_39' title='bbox 1769 833 1903 886; x_wconf 81' lang='grc' dir='ltr'><strong>Ῥώ-</strong></span> 
     </span>
    </p>
   </div>
   <div class='ocr_carea' id='block_1_9' title="bbox 322 919 1908 993">
    <p class='ocr_par' dir='ltr' id='par_1_9' title="bbox 322 919 1908 993">
     <span class='ocr_line' id='line_1_9' title="bbox 322 919 1908 993; baseline 0.003 -23"><span class='ocrx_word' id='word_1_40' title='bbox 322 934 436 987; x_wconf 84' lang='grc' dir='ltr'><strong>μης</strong></span> <span class='ocrx_word' id='word_1_41' title='bbox 469 919 848 988; x_wconf 83' lang='grc' dir='ltr'>ἀρχιδιάκονον</span> <span class='ocrx_word' id='word_1_42' title='bbox 882 922 982 991; x_wconf 82' lang='grc' dir='ltr'>τῆς</span> <span class='ocrx_word' id='word_1_43' title='bbox 1017 923 1304 993; x_wconf 85' lang='grc' dir='ltr'>Ῥωμαίων</span> <span class='ocrx_word' id='word_1_44' title='bbox 1332 923 1908 993; x_wconf 85' lang='grc' dir='ltr'>καθεστάναιἘκκλη-</span> 
     </span>
    </p>
   </div>
   <div class='ocr_carea' id='block_1_10' title="bbox 319 1010 1907 1085">
    <p class='ocr_par' dir='ltr' id='par_1_10' title="bbox 319 1010 1907 1085">
     <span class='ocr_line' id='line_1_10' title="bbox 319 1010 1907 1085; baseline 0.004 -23"><span class='ocrx_word' id='word_1_45' title='bbox 319 1010 476 1072; x_wconf 83' lang='grc' dir='ltr'>σίας,</span> <span class='ocrx_word' id='word_1_46' title='bbox 506 1011 587 1073; x_wconf 71' lang='grc' dir='ltr'><strong>εἰς</strong></span> <span class='ocrx_word' id='word_1_47' title='bbox 614 1010 673 1063; x_wconf 87' lang='grc' dir='ltr'><strong>ὃν</strong></span> <span class='ocrx_word' id='word_1_48' title='bbox 700 1013 727 1064; x_wconf 87' lang='grc' dir='ltr'>ὁ</span> <span class='ocrx_word' id='word_1_49' title='bbox 766 1013 1020 1084; x_wconf 85' lang='grc' dir='ltr'>τηνικάδε</span> <span class='ocrx_word' id='word_1_50' title='bbox 1074 1017 1244 1078; x_wconf 85' lang='grc' dir='ltr'>τύπος</span> <span class='ocrx_word' id='word_1_51' title='bbox 1269 1015 1488 1085; x_wconf 87' lang='grc' dir='ltr'>κρατῶν</span> <span class='ocrx_word' id='word_1_52' title='bbox 1547 1016 1907 1080; x_wconf 81' lang='grc' dir='ltr'><strong>τελευτῶντος</strong></span> 
     </span>
    </p>
   </div>
   <div class='ocr_carea' id='block_1_11' title="bbox 316 1101 1909 1181">
    <p class='ocr_par' dir='ltr' id='par_1_11' title="bbox 316 1101 1909 1181">
     <span class='ocr_line' id='line_1_11' title="bbox 316 1101 1909 1181; baseline 0.006 -28"><span class='ocrx_word' id='word_1_53' title='bbox 316 1101 418 1154; x_wconf 76' lang='grc' dir='ltr'><strong>τοῦ</strong></span> <span class='ocrx_word' id='word_1_54' title='bbox 478 1104 638 1156; x_wconf 85' lang='grc' dir='ltr'>πάπα</span> <span class='ocrx_word' id='word_1_55' title='bbox 670 1104 762 1157; x_wconf 87' lang='grc' dir='ltr'><strong>τὸν</strong></span> <span class='ocrx_word' id='word_1_56' title='bbox 794 1105 1180 1177; x_wconf 77' lang='grc' dir='ltr'>ἀρχιερατικὸν</span> <span class='ocrx_word' id='word_1_57' title='bbox 1209 1107 1411 1177; x_wconf 81' lang='grc' dir='ltr'>κλῆρον</span> <span class='ocrx_word' id='word_1_58' title='bbox 1447 1108 1608 1180; x_wconf 75' lang='grc' dir='ltr'>ἔφερε</span> <span class='ocrx_word' id='word_1_59' title='bbox 1635 1127 1649 1141; x_wconf 76' lang='grc' dir='ltr'><strong><em>ο</em></strong></span> <span class='ocrx_word' id='word_1_60' title='bbox 1687 1110 1777 1162; x_wconf 87' lang='grc' dir='ltr'><strong>τὸν</strong></span> <span class='ocrx_word' id='word_1_61' title='bbox 1800 1111 1909 1181; x_wconf 86' lang='grc' dir='ltr'>γὰρ</span> 
     </span>
    </p>
   </div>
   <div class='ocr_carea' id='block_1_12' title="bbox 316 1194 1907 1275">
    <p class='ocr_par' dir='ltr' id='par_1_12' title="bbox 316 1194 1907 1275">
     <span class='ocr_line' id='line_1_12' title="bbox 316 1194 1907 1275; baseline 0.008 -30"><span class='ocrx_word' id='word_1_62' title='bbox 316 1194 708 1263; x_wconf 82' lang='grc' dir='ltr'>ἀρχιδιάκονον</span> <span class='ocrx_word' id='word_1_63' title='bbox 761 1198 1076 1266; x_wconf 81' lang='grc' dir='ltr'>ἐνενόμιστο</span> <span class='ocrx_word' id='word_1_64' title='bbox 1102 1198 1230 1271; x_wconf 68' lang='grc'><strong>[214</strong></span> <span class='ocrx_word' id='word_1_65' title='bbox 1263 1198 1329 1271; x_wconf 82' lang='grc' dir='ltr'><strong>Η]</strong></span> <span class='ocrx_word' id='word_1_66' title='bbox 1357 1200 1599 1270; x_wconf 82' lang='grc' dir='ltr'><strong>διάδοχον</strong></span> <span class='ocrx_word' id='word_1_67' title='bbox 1656 1201 1750 1255; x_wconf 78' lang='grc' dir='ltr'>τοῦ</span> <span class='ocrx_word' id='word_1_68' title='bbox 1804 1204 1907 1275; x_wconf 83' lang='grc' dir='ltr'><strong>ἀρ-</strong></span> 
     </span>
    </p>
   </div>
   <div class='ocr_carea' id='block_1_13' title="bbox 317 1284 1912 1361">
    <p class='ocr_par' dir='ltr' id='par_1_13' title="bbox 317 1284 1912 1361">
     <span class='ocr_line' id='line_1_13' title="bbox 317 1284 1912 1361; baseline 0.009 -27"><span class='ocrx_word' id='word_1_69' title='bbox 317 1284 747 1355; x_wconf 82' lang='grc' dir='ltr'>χιερατεύοντος</span> <span class='ocrx_word' id='word_1_70' title='bbox 799 1287 1183 1344; x_wconf 88' lang='grc' dir='ltr'>καθίστασθαι,</span> <span class='ocrx_word' id='word_1_71' title='bbox 1232 1291 1393 1344; x_wconf 81' lang='grc' dir='ltr'>Ἀλλὰ</span> <span class='ocrx_word' id='word_1_72' title='bbox 1415 1290 1583 1361; x_wconf 83' lang='grc' dir='ltr'>τῦφον</span> <span class='ocrx_word' id='word_1_73' title='bbox 1616 1293 1660 1323; x_wconf 67' lang='grc'><strong>⁸³</strong></span> <span class='ocrx_word' id='word_1_74' title='bbox 1720 1311 1780 1346; x_wconf 91' lang='grc' dir='ltr'><strong>τε</strong></span> <span class='ocrx_word' id='word_1_75' title='bbox 1827 1313 1912 1347; x_wconf 87' lang='grc' dir='ltr'>νο-</span> 
     </span>
    </p>
   </div>
   <div class='ocr_carea' id='block_1_14' title="bbox 319 1376 1910 1456">
    <p class='ocr_par' dir='ltr' id='par_1_14' title="bbox 319 1376 1910 1456">
     <span class='ocr_line' id='line_1_14' title="bbox 319 1376 1910 1456; baseline 0.009 -28"><span class='ocrx_word' id='word_1_76' title='bbox 319 1376 529 1430; x_wconf 84' lang='grc' dir='ltr'>σὸὗντα</span> <span class='ocrx_word' id='word_1_77' title='bbox 562 1380 861 1451; x_wconf 85' lang='grc' dir='ltr'>Κορνήλιος</span> <span class='ocrx_word' id='word_1_78' title='bbox 894 1381 1073 1451; x_wconf 64' lang='grc' dir='ltr'>(φησι)</span> <span class='ocrx_word' id='word_1_79' title='bbox 1102 1384 1197 1437; x_wconf 80' lang='grc' dir='ltr'><strong>καὶ</strong></span> <span class='ocrx_word' id='word_1_80' title='bbox 1232 1384 1307 1455; x_wconf 83' lang='grc' dir='ltr'><strong>τῷ</strong></span> <span class='ocrx_word' id='word_1_81' title='bbox 1334 1385 1520 1455; x_wconf 86' lang='grc' dir='ltr'>οἰκείῳ</span> <span class='ocrx_word' id='word_1_82' title='bbox 1548 1387 1910 1456; x_wconf 78' lang='grc' dir='ltr'>ἐφεδρεύοντα</span> 
     </span>
    </p>
   </div>
   <div class='ocr_carea' id='block_1_15' title="bbox 317 1468 1913 1548">
    <p class='ocr_par' dir='ltr' id='par_1_15' title="bbox 317 1468 1913 1548">
     <span class='ocr_line' id='line_1_15' title="bbox 317 1468 1913 1548; baseline 0.009 -27"><span class='ocrx_word' id='word_1_83' title='bbox 317 1468 547 1540; x_wconf 85' lang='grc' dir='ltr'>θανάτῳ</span> <span class='ocrx_word' id='word_1_84' title='bbox 582 1472 790 1540; x_wconf 86' lang='grc' dir='ltr'>μαθὼν,</span> <span class='ocrx_word' id='word_1_85' title='bbox 829 1475 1202 1545; x_wconf 86' lang='grc' dir='ltr'>πρεσϐύτερον</span> <span class='ocrx_word' id='word_1_86' title='bbox 1254 1481 1571 1548; x_wconf 86' lang='grc' dir='ltr'>χειροτονεῖ,</span> <span class='ocrx_word' id='word_1_87' title='bbox 1607 1482 1786 1544; x_wconf 88' lang='grc' dir='ltr'>πάσας</span> <span class='ocrx_word' id='word_1_88' title='bbox 1813 1483 1913 1547; x_wconf 87' lang='grc' dir='ltr'>τὰς</span> 
     </span>
    </p>
   </div>
   <div class='ocr_carea' id='block_1_16' title="bbox 315 1564 1916 1642">
    <p class='ocr_par' dir='ltr' id='par_1_16' title="bbox 315 1564 1916 1642">
     <span class='ocr_line' id='line_1_16' title="bbox 315 1564 1916 1642; baseline 0.009 -29"><span class='ocrx_word' id='word_1_89' title='bbox 315 1564 399 1624; x_wconf 86' lang='grc' dir='ltr'><strong>εἰς</strong></span> <span class='ocrx_word' id='word_1_90' title='bbox 463 1564 561 1616; x_wconf 82' lang='grc' dir='ltr'><strong>τὸν</strong></span> <span class='ocrx_word' id='word_1_91' title='bbox 596 1566 643 1596; x_wconf 84' lang='grc'>⁷⁰</span> <span class='ocrx_word' id='word_1_92' title='bbox 673 1566 1058 1636; x_wconf 84' lang='grc' dir='ltr'>άρχιερατικὸν</span> <span class='ocrx_word' id='word_1_93' title='bbox 1090 1568 1276 1638; x_wconf 83' lang='grc' dir='ltr'>θρόνον</span> <span class='ocrx_word' id='word_1_94' title='bbox 1307 1572 1581 1642; x_wconf 78' lang='grc' dir='ltr'>φερούσας</span> <span class='ocrx_word' id='word_1_95' title='bbox 1622 1574 1787 1627; x_wconf 83' lang='grc' dir='ltr'>αὑτοῦ</span> <span class='ocrx_word' id='word_1_96' title='bbox 1818 1591 1916 1627; x_wconf 89' lang='grc' dir='ltr'>πε-</span> 
     </span>
    </p>
   </div>
   <div class='ocr_carea' id='block_1_17' title="bbox 321 1654 1917 1737">
    <p class='ocr_par' dir='ltr' id='par_1_17' title="bbox 321 1654 1917 1737">
     <span class='ocr_line' id='line_1_17' title="bbox 321 1654 1917 1737; baseline 0.009 -32"><span class='ocrx_word' id='word_1_97' title='bbox 321 1654 563 1723; x_wconf 76' lang='grc' dir='ltr'>ρικόψας</span> <span class='ocrx_word' id='word_1_98' title='bbox 596 1657 833 1720; x_wconf 80' lang='grc' dir='ltr'>ἐλπίδας.</span> <span class='ocrx_word' id='word_1_99' title='bbox 886 1658 943 1711; x_wconf 88' lang='lat'>&#39;0</span> <span class='ocrx_word' id='word_1_100' title='bbox 985 1659 1041 1712; x_wconf 82' lang='grc' dir='ltr'><strong>δὲ</strong></span> <span class='ocrx_word' id='word_1_101' title='bbox 1070 1661 1511 1731; x_wconf 82' lang='grc' dir='ltr'>καιροφυλακῶν,</span> <span class='ocrx_word' id='word_1_102' title='bbox 1538 1665 1661 1717; x_wconf 75' lang='grc' dir='ltr'>ἐπεὶ</span> <span class='ocrx_word' id='word_1_103' title='bbox 1704 1667 1917 1737; x_wconf 83' lang='grc' dir='ltr'>Κορνή-</span> 
     </span>
    </p>
   </div>
   <div class='ocr_carea' id='block_1_18' title="bbox 318 1745 1918 1826">
    <p class='ocr_par' dir='ltr' id='par_1_18' title="bbox 318 1745 1918 1826">
     <span class='ocr_line' id='line_1_18' title="bbox 318 1745 1918 1826; baseline 0.009 -29"><span class='ocrx_word' id='word_1_104' title='bbox 318 1745 437 1809; x_wconf 89' lang='grc' dir='ltr'>λιος</span> <span class='ocrx_word' id='word_1_105' title='bbox 469 1748 569 1799; x_wconf 74' lang='grc' dir='ltr'>ἐπὶ</span> <span class='ocrx_word' id='word_1_106' title='bbox 596 1747 876 1820; x_wconf 79' lang='grc' dir='ltr'>διαφόροις</span> <span class='ocrx_word' id='word_1_107' title='bbox 913 1752 1222 1822; x_wconf 77' lang='grc' dir='ltr'>πταίσμασι</span> <span class='ocrx_word' id='word_1_108' title='bbox 1274 1771 1422 1818; x_wconf 87' lang='grc' dir='ltr'>τινας</span> <span class='ocrx_word' id='word_1_109' title='bbox 1481 1755 1776 1826; x_wconf 80' lang='grc' dir='ltr'>δεξάμενος</span> <span class='ocrx_word' id='word_1_110' title='bbox 1837 1761 1918 1822; x_wconf 87' lang='grc' dir='ltr'><strong>εἰς</strong></span> 
     </span>
    </p>
   </div>
   <div class='ocr_carea' id='block_1_19' title="bbox 326 1839 1917 1917">
    <p class='ocr_par' dir='ltr' id='par_1_19' title="bbox 326 1839 1917 1917">
     <span class='ocr_line' id='line_1_19' title="bbox 326 1839 1917 1917; baseline 0.009 -28"><span class='ocrx_word' id='word_1_111' title='bbox 326 1839 631 1907; x_wconf 86' lang='grc' dir='ltr'>μετάνοιαν</span> <span class='ocrx_word' id='word_1_112' title='bbox 667 1842 760 1894; x_wconf 73' lang='grc' dir='ltr'><strong>καὶ</strong></span> <span class='ocrx_word' id='word_1_113' title='bbox 793 1845 907 1906; x_wconf 90' lang='grc' dir='ltr'>τοῖς</span> <span class='ocrx_word' id='word_1_114' title='bbox 950 1844 1246 1915; x_wconf 82' lang='grc' dir='ltr'>ἀνήκουσιν</span> <span class='ocrx_word' id='word_1_115' title='bbox 1281 1849 1577 1917; x_wconf 79' lang='grc' dir='ltr'>ἐπιτιμίοις</span> <span class='ocrx_word' id='word_1_116' title='bbox 1628 1849 1917 1903; x_wconf 82' lang='grc' dir='ltr'>ὑποϐαλὼν</span> 
     </span>
    </p>
   </div>
   <div class='ocr_carea' id='block_1_20' title="bbox 322 1931 1915 2012">
    <p class='ocr_par' dir='ltr' id='par_1_20' title="bbox 322 1931 1915 2012">
     <span class='ocr_line' id='line_1_20' title="bbox 322 1931 1915 2012; baseline 0.008 -30"><span class='ocrx_word' id='word_1_117' title='bbox 322 1931 426 1999; x_wconf 84' lang='grc' dir='ltr'><strong>τῆς</strong></span> <span class='ocrx_word' id='word_1_118' title='bbox 489 1932 604 1984; x_wconf 85' lang='grc' dir='ltr'><strong>τῶν</strong></span> <span class='ocrx_word' id='word_1_119' title='bbox 638 1933 923 2004; x_wconf 86' lang='grc' dir='ltr'>ἀχράντων</span> <span class='ocrx_word' id='word_1_120' title='bbox 989 1940 1307 2011; x_wconf 79' lang='grc' dir='ltr'>μυστηρίων</span> <span class='ocrx_word' id='word_1_121' title='bbox 1353 1941 1640 2005; x_wconf 85' lang='grc' dir='ltr'>κοινωνίας</span> <span class='ocrx_word' id='word_1_122' title='bbox 1695 1942 1915 2012; x_wconf 58' lang='grc' dir='ltr'><strong>⁴ἰιξίωσε,</strong></span> 
     </span>
    </p>
   </div>
   <div class='ocr_carea' id='block_1_21' title="bbox 320 2022 1916 2102">
    <p class='ocr_par' dir='ltr' id='par_1_21' title="bbox 320 2022 1916 2102">
     <span class='ocr_line' id='line_1_21' title="bbox 320 2022 1916 2102; baseline 0.007 -27"><span class='ocrx_word' id='word_1_123' title='bbox 320 2022 486 2077; x_wconf 80' lang='grc' dir='ltr'>τοῦτο</span> <span class='ocrx_word' id='word_1_124' title='bbox 519 2026 799 2095; x_wconf 87' lang='grc' dir='ltr'>πρόφασιν</span> <span class='ocrx_word' id='word_1_125' title='bbox 829 2028 1219 2100; x_wconf 79' lang='grc' dir='ltr'>ἁρπασάμενος</span> <span class='ocrx_word' id='word_1_126' title='bbox 1252 2032 1516 2102; x_wconf 78' lang='grc' dir='ltr'>ῥήγνυταί</span> <span class='ocrx_word' id='word_1_127' title='bbox 1552 2050 1612 2085; x_wconf 92' lang='grc' dir='ltr'><strong>τε</strong></span> <span class='ocrx_word' id='word_1_128' title='bbox 1650 2033 1748 2101; x_wconf 84' lang='grc' dir='ltr'>τῆς</span> <span class='ocrx_word' id='word_1_129' title='bbox 1790 2034 1916 2086; x_wconf 83' lang='grc' dir='ltr'>Ἐκ-</span> 
     </span>
    </p>
   </div>
   <div class='ocr_carea' id='block_1_22' title="bbox 322 2114 1917 2197">
    <p class='ocr_par' dir='ltr' id='par_1_22' title="bbox 322 2114 1917 2197">
     <span class='ocr_line' id='line_1_22' title="bbox 322 2114 1917 2197; baseline 0.008 -29"><span class='ocrx_word' id='word_1_130' title='bbox 322 2114 585 2188; x_wconf 86' lang='grc' dir='ltr'>κλησίας,</span> <span class='ocrx_word' id='word_1_131' title='bbox 623 2120 898 2173; x_wconf 78' lang='grc' dir='ltr'>ἐπικαλῶν</span> <span class='ocrx_word' id='word_1_132' title='bbox 929 2123 1213 2195; x_wconf 83' lang='grc' dir='ltr'>Κορνηλίῳ</span> <span class='ocrx_word' id='word_1_133' title='bbox 1240 2124 1340 2195; x_wconf 82' lang='grc' dir='ltr'>τὴν</span> <span class='ocrx_word' id='word_1_134' title='bbox 1378 2125 1485 2179; x_wconf 87' lang='grc' dir='ltr'><strong>τῶν</strong></span> <span class='ocrx_word' id='word_1_135' title='bbox 1514 2128 1917 2197; x_wconf 79' lang='grc' dir='ltr'>ἡμαρτηκότων</span> 
     </span>
    </p>
   </div>
   <div class='ocr_carea' id='block_1_23' title="bbox 324 2208 1918 2289">
    <p class='ocr_par' dir='ltr' id='par_1_23' title="bbox 324 2208 1918 2289">
     <span class='ocr_line' id='line_1_23' title="bbox 324 2208 1918 2289; baseline 0.008 -30"><span class='ocrx_word' id='word_1_136' title='bbox 324 2208 672 2280; x_wconf 80' lang='grc' dir='ltr'>παραδοχὴν,</span> <span class='ocrx_word' id='word_1_137' title='bbox 704 2214 797 2266; x_wconf 77' lang='grc' dir='ltr'><strong>καὶ</strong></span> <span class='ocrx_word' id='word_1_138' title='bbox 828 2212 964 2277; x_wconf 90' lang='grc' dir='ltr'>ἰδίας</span> <span class='ocrx_word' id='word_1_139' title='bbox 992 2215 1259 2286; x_wconf 83' lang='grc' dir='ltr'>αἱρέσεως</span> <span class='ocrx_word' id='word_1_140' title='bbox 1285 2217 1528 2289; x_wconf 67' lang='grc' dir='ltr'>ἀρχηγὸν</span> <span class='ocrx_word' id='word_1_141' title='bbox 1545 2208 1918 2272; x_wconf 85' lang='grc' dir='ltr'>ἀναδείκνυσιν</span> 
     </span>
    </p>
   </div>
   <div class='ocr_carea' id='block_1_24' title="bbox 321 2300 1916 2382">
    <p class='ocr_par' dir='ltr' id='par_1_24' title="bbox 321 2300 1916 2382">
     <span class='ocr_line' id='line_1_24' title="bbox 321 2300 1916 2382; baseline 0.009 -30"><span class='ocrx_word' id='word_1_142' title='bbox 321 2300 542 2366; x_wconf 68' lang='grc' dir='ltr'>ἑαυτὸν,</span> <span class='ocrx_word' id='word_1_143' title='bbox 576 2305 883 2373; x_wconf 82' lang='grc' dir='ltr'>Καθαροὺς</span> <span class='ocrx_word' id='word_1_144' title='bbox 917 2307 1016 2376; x_wconf 81' lang='grc' dir='ltr'><strong>μὲν</strong></span> <span class='ocrx_word' id='word_1_145' title='bbox 1047 2308 1174 2372; x_wconf 74' lang='grc' dir='ltr'>τοὺς</span> <span class='ocrx_word' id='word_1_146' title='bbox 1206 2311 1615 2373; x_wconf 84' lang='grc' dir='ltr'>συναποστάτας</span> <span class='ocrx_word' id='word_1_147' title='bbox 1648 2313 1916 2382; x_wconf 68' lang='grc' dir='ltr'>ἐπονομάο</span> 
     </span>
    </p>
   </div>
   <div class='ocr_carea' id='block_1_25' title="bbox 330 2398 1918 2475">
    <p class='ocr_par' dir='ltr' id='par_1_25' title="bbox 330 2398 1918 2475">
     <span class='ocr_line' id='line_1_25' title="bbox 330 2398 1918 2475; baseline 0.008 -31"><span class='ocrx_word' id='word_1_148' title='bbox 330 2409 451 2457; x_wconf 89' lang='grc' dir='ltr'>σας,</span> <span class='ocrx_word' id='word_1_149' title='bbox 512 2398 972 2465; x_wconf 77' lang='grc' dir='ltr'>Κορνηλιανοὺς</span> <span class='ocrx_word' id='word_1_150' title='bbox 1002 2399 1059 2453; x_wconf 81' lang='grc' dir='ltr'>δὲ</span> <span class='ocrx_word' id='word_1_151' title='bbox 1091 2402 1153 2453; x_wconf 81' lang='grc' dir='ltr'><strong>τὸ</strong></span> <span class='ocrx_word' id='word_1_152' title='bbox 1192 2402 1414 2472; x_wconf 86' lang='grc' dir='ltr'>σύμπαν</span> <span class='ocrx_word' id='word_1_153' title='bbox 1443 2404 1545 2466; x_wconf 79' lang='grc' dir='ltr'>τῆς</span> <span class='ocrx_word' id='word_1_154' title='bbox 1590 2404 1918 2475; x_wconf 87' lang='grc' dir='ltr'>Ἐκκλησίας</span> 
     </span>
    </p>
   </div>
   <div class='ocr_carea' id='block_1_26' title="bbox 323 2484 634 2555">
    <p class='ocr_par' dir='ltr' id='par_1_26' title="bbox 323 2484 634 2555">
     <span class='ocr_line' id='line_1_26' title="bbox 323 2484 634 2555; baseline 0.013 -18"><span class='ocrx_word' id='word_1_155' title='bbox 323 2484 634 2555; x_wconf 85' lang='grc' dir='ltr'>πλήρωμα.</span> 
     </span>
    </p>
   </div>
   <div class='ocr_carea' id='block_1_27' title="bbox 396 2575 1920 2657">
    <p class='ocr_par' dir='ltr' id='par_1_27' title="bbox 396 2575 1920 2657">
     <span class='ocr_line' id='line_1_27' title="bbox 396 2575 1920 2657; baseline 0.008 -27"><span class='ocrx_word' id='word_1_156' title='bbox 396 2575 531 2647; x_wconf 64' lang='grc'><strong>[415</strong></span> <span class='ocrx_word' id='word_1_157' title='bbox 561 2577 630 2651; x_wconf 77' lang='grc' dir='ltr'><strong>Β]</strong></span> <span class='ocrx_word' id='word_1_158' title='bbox 669 2581 756 2633; x_wconf 87' lang='grc' dir='ltr'><strong>Ἐν</strong></span> <span class='ocrx_word' id='word_1_159' title='bbox 786 2580 885 2651; x_wconf 81' lang='grc' dir='ltr'><strong>μὲν</strong></span> <span class='ocrx_word' id='word_1_160' title='bbox 914 2577 1007 2636; x_wconf 77' lang='grc' dir='ltr'><strong>οὖν</strong></span> <span class='ocrx_word' id='word_1_161' title='bbox 1063 2585 1176 2647; x_wconf 89' lang='grc' dir='ltr'>τοῖς</span> <span class='ocrx_word' id='word_1_162' title='bbox 1230 2585 1493 2657; x_wconf 80' lang='grc' dir='ltr'>τέσσαρσι</span> <span class='ocrx_word' id='word_1_163' title='bbox 1548 2586 1727 2656; x_wconf 83' lang='grc' dir='ltr'>λόγοις</span> <span class='ocrx_word' id='word_1_164' title='bbox 1781 2590 1920 2643; x_wconf 84' lang='grc' dir='ltr'>κατὰ</span> 
     </span>
    </p>
   </div>
   <div class='ocr_carea' id='block_1_28' title="bbox 323 2672 1919 2745">
    <p class='ocr_par' dir='ltr' id='par_1_28' title="bbox 323 2672 1919 2745">
     <span class='ocr_line' id='line_1_28' title="bbox 323 2672 1919 2745; baseline 0.005 -22"><span class='ocrx_word' id='word_1_165' title='bbox 323 2673 421 2739; x_wconf 86' lang='grc' dir='ltr'>τῆς</span> <span class='ocrx_word' id='word_1_166' title='bbox 455 2672 736 2741; x_wconf 80' lang='grc' dir='ltr'>αἱρέσεως</span> <span class='ocrx_word' id='word_1_167' title='bbox 766 2675 958 2737; x_wconf 84' lang='grc' dir='ltr'>κοινῶς</span> <span class='ocrx_word' id='word_1_168' title='bbox 986 2676 1029 2706; x_wconf 72' lang='grc' dir='ltr'>τί</span> <span class='ocrx_word' id='word_1_169' title='bbox 1055 2675 1149 2728; x_wconf 80' lang='grc' dir='ltr'>τοῦ</span> <span class='ocrx_word' id='word_1_170' title='bbox 1194 2676 1450 2729; x_wconf 87' lang='grc' dir='ltr'>Ναυάτου</span> <span class='ocrx_word' id='word_1_171' title='bbox 1508 2678 1836 2745; x_wconf 79' lang='grc' dir='ltr'>ἀγωνίζεται</span> <span class='ocrx_word' id='word_1_172' title='bbox 1891 2680 1919 2731; x_wconf 91' lang='grc' dir='ltr'><strong>ό</strong></span> 
     </span>
    </p>
   </div>
   <div class='ocr_carea' id='block_1_29' title="bbox 328 2765 1916 2840">
    <p class='ocr_par' dir='ltr' id='par_1_29' title="bbox 328 2765 1916 2840">
     <span class='ocr_line' id='line_1_29' title="bbox 328 2765 1916 2840; baseline 0.006 -26"><span class='ocrx_word' id='word_1_173' title='bbox 328 2765 716 2832; x_wconf 81' lang='grc' dir='ltr'>συγγραφεὺς,</span> <span class='ocrx_word' id='word_1_174' title='bbox 767 2769 1059 2836; x_wconf 80' lang='grc' dir='ltr'>γραφικοῖς</span> <span class='ocrx_word' id='word_1_175' title='bbox 1088 2767 1250 2821; x_wconf 70' lang='grc' dir='ltr'>αὑτὸν</span> <span class='ocrx_word' id='word_1_176' title='bbox 1281 2769 1627 2838; x_wconf 75' lang='grc' dir='ltr'>αἰκιζόμενος</span> <span class='ocrx_word' id='word_1_177' title='bbox 1659 2771 1916 2840; x_wconf 79' lang='grc' dir='ltr'>ῥήμασιν.</span> 
     </span>
    </p>
   </div>
   <div class='ocr_carea' id='block_1_30' title="bbox 337 2855 1921 2934">
    <p class='ocr_par' dir='ltr' id='par_1_30' title="bbox 337 2855 1921 2934">
     <span class='ocr_line' id='line_1_30' title="bbox 337 2855 1921 2934; baseline 0.006 -27"><span class='ocrx_word' id='word_1_178' title='bbox 337 2855 425 2907; x_wconf 87' lang='grc' dir='ltr'>Ἐν</span> <span class='ocrx_word' id='word_1_179' title='bbox 454 2856 518 2909; x_wconf 81' lang='grc' dir='ltr'>δὲ</span> <span class='ocrx_word' id='word_1_180' title='bbox 552 2856 631 2927; x_wconf 85' lang='grc' dir='ltr'><strong>τῷ</strong></span> <span class='ocrx_word' id='word_1_181' title='bbox 661 2859 896 2927; x_wconf 83' lang='grc' dir='ltr'>πέμπτῳ</span> <span class='ocrx_word' id='word_1_182' title='bbox 939 2859 1087 2922; x_wconf 82' lang='grc' dir='ltr'>ἰδίως</span> <span class='ocrx_word' id='word_1_183' title='bbox 1142 2860 1273 2931; x_wconf 82' lang='grc' dir='ltr'><strong>περί</strong></span> <span class='ocrx_word' id='word_1_184' title='bbox 1336 2861 1428 2913; x_wconf 74' lang='grc' dir='ltr'>τοῦ</span> <span class='ocrx_word' id='word_1_185' title='bbox 1463 2861 1573 2914; x_wconf 83' lang='grc' dir='ltr'>δεῖν</span> <span class='ocrx_word' id='word_1_186' title='bbox 1627 2865 1794 2934; x_wconf 86' lang='grc' dir='ltr'>τιμᾷν</span> <span class='ocrx_word' id='word_1_187' title='bbox 1853 2865 1921 2916; x_wconf 84' lang='grc' dir='ltr'>τὰ</span> 
     </span>
    </p>
   </div>
   <div class='ocr_carea' id='block_1_31' title="bbox 326 2942 1921 3022">
    <p class='ocr_par' dir='ltr' id='par_1_31' title="bbox 326 2942 1921 3022">
     <span class='ocr_line' id='line_1_31' title="bbox 326 2942 1921 3022; baseline 0.007 -27"><span class='ocrx_word' id='word_1_188' title='bbox 326 2942 432 2997; x_wconf 89' lang='grc' dir='ltr'><strong>τῶν</strong></span> <span class='ocrx_word' id='word_1_189' title='bbox 467 2944 773 3015; x_wconf 85' lang='grc' dir='ltr'>μαρτύρων</span> <span class='ocrx_word' id='word_1_190' title='bbox 802 2946 1033 3015; x_wconf 71' lang='grc' dir='ltr'>λείψανα</span> <span class='ocrx_word' id='word_1_191' title='bbox 1071 2948 1497 3016; x_wconf 74' lang='grc' dir='ltr'>ἐπαγωνίζεται,</span> <span class='ocrx_word' id='word_1_192' title='bbox 1534 2951 1561 3004; x_wconf 89' lang='grc' dir='ltr'>ὃ</span> <span class='ocrx_word' id='word_1_193' title='bbox 1592 2952 1667 3022; x_wconf 85' lang='grc' dir='ltr'>μὴ</span> <span class='ocrx_word' id='word_1_194' title='bbox 1729 2953 1921 3022; x_wconf 87' lang='grc' dir='ltr'>ἁνέχε-</span> 
     </span>
    </p>
   </div>
   <div class='ocr_carea' id='block_1_32' title="bbox 328 3035 1922 3111">
    <p class='ocr_par' dir='ltr' id='par_1_32' title="bbox 328 3035 1922 3111">
     <span class='ocr_line' id='line_1_32' title="bbox 328 3035 1922 3111; baseline 0.006 -23"><span class='ocrx_word' id='word_1_195' title='bbox 328 3035 451 3089; x_wconf 83' lang='grc' dir='ltr'>σθαι</span> <span class='ocrx_word' id='word_1_196' title='bbox 488 3037 762 3107; x_wconf 86' lang='grc' dir='ltr'>πράττειν</span> <span class='ocrx_word' id='word_1_197' title='bbox 795 3039 930 3109; x_wconf 78' lang='grc' dir='ltr'><strong>φησί⁸</strong></span> <span class='ocrx_word' id='word_1_198' title='bbox 951 3040 1079 3102; x_wconf 80' lang='grc' dir='ltr'>τοὺς</span> <span class='ocrx_word' id='word_1_199' title='bbox 1105 3040 1208 3093; x_wconf 85' lang='grc' dir='ltr'>ἀνὰ</span> <span class='ocrx_word' id='word_1_200' title='bbox 1228 3040 1327 3110; x_wconf 84' lang='grc' dir='ltr'><strong>τὴν</strong></span> <span class='ocrx_word' id='word_1_201' title='bbox 1369 3041 1777 3111; x_wconf 83' lang='grc' dir='ltr'>Ἀλεξάνδρειαν</span> <span class='ocrx_word' id='word_1_202' title='bbox 1809 3044 1922 3096; x_wconf 90' lang='grc' dir='ltr'>δια-</span> 
     </span>
    </p>
   </div>
   <div class='ocr_carea' id='block_1_33' title="bbox 329 3128 1924 3202">
    <p class='ocr_par' dir='ltr' id='par_1_33' title="bbox 329 3128 1924 3202">
     <span class='ocr_line' id='line_1_33' title="bbox 329 3128 1924 3202; baseline 0.005 -23"><span class='ocrx_word' id='word_1_203' title='bbox 329 3128 646 3197; x_wconf 79' lang='grc' dir='ltr'>σπαρέντας</span> <span class='ocrx_word' id='word_1_204' title='bbox 691 3129 1088 3194; x_wconf 80' lang='grc' dir='ltr'>Ναυατιανοὺς,</span> <span class='ocrx_word' id='word_1_205' title='bbox 1150 3131 1261 3183; x_wconf 78' lang='grc' dir='ltr'>εἴτε</span> <span class='ocrx_word' id='word_1_206' title='bbox 1301 3132 1505 3185; x_wconf 85' lang='grc' dir='ltr'>τούτων</span> <span class='ocrx_word' id='word_1_207' title='bbox 1558 3134 1733 3202; x_wconf 83' lang='grc' dir='ltr'>μόνων</span> <span class='ocrx_word' id='word_1_208' title='bbox 1758 3136 1800 3166; x_wconf 81' lang='grc'>⁷²</span> <span class='ocrx_word' id='word_1_209' title='bbox 1832 3136 1924 3189; x_wconf 72' lang='grc' dir='ltr'><strong>καὶ</strong></span> 
     </span>
    </p>
   </div>
   <div class='ocr_carea' id='block_1_34' title="bbox 2008 654 3584 722">
    <p class='ocr_par' dir='ltr' id='par_1_34' title="bbox 2008 654 3584 722">
     <span class='ocr_line' id='line_1_34' title="bbox 2008 654 3584 722; baseline 0.001 -16"><span class='ocrx_word' id='word_1_210' title='bbox 2008 654 2128 706; x_wconf 89' lang='lat' dir='ltr'><strong>dam</strong></span> <span class='ocrx_word' id='word_1_211' title='bbox 2158 656 2319 709; x_wconf 86' lang='lat' dir='ltr'><strong>rebus</strong></span> <span class='ocrx_word' id='word_1_212' title='bbox 2345 656 2583 709; x_wconf 88' lang='lat' dir='ltr'><strong>adhibet.</strong></span> <span class='ocrx_word' id='word_1_213' title='bbox 2615 654 2912 709; x_wconf 86' lang='lat' dir='ltr'><strong>Persuadet</strong></span> <span class='ocrx_word' id='word_1_214' title='bbox 2938 654 3085 719; x_wconf 89' lang='lat' dir='ltr'><strong>item,</strong></span> <span class='ocrx_word' id='word_1_215' title='bbox 3125 665 3182 708; x_wconf 92' lang='lat' dir='ltr'><strong>ut</strong></span> <span class='ocrx_word' id='word_1_216' title='bbox 3225 654 3339 722; x_wconf 82' lang='lat' dir='ltr'><strong>ejus</strong></span> <span class='ocrx_word' id='word_1_217' title='bbox 3371 655 3584 710; x_wconf 77' lang='lat' dir='ltr'><strong>dicendi</strong></span> 
     </span>
    </p>
   </div>
   <div class='ocr_carea' id='block_1_35' title="bbox 2008 746 2933 815">
    <p class='ocr_par' dir='ltr' id='par_1_35' title="bbox 2008 746 2933 815">
     <span class='ocr_line' id='line_1_35' title="bbox 2008 746 2933 815; baseline 0.002 -16"><span class='ocrx_word' id='word_1_218' title='bbox 2008 747 2197 814; x_wconf 85' lang='lat' dir='ltr'><strong>genius</strong></span> <span class='ocrx_word' id='word_1_219' title='bbox 2223 757 2328 809; x_wconf 80' lang='lat' dir='ltr'><strong>est,</strong></span> <span class='ocrx_word' id='word_1_220' title='bbox 2354 747 2621 815; x_wconf 84' lang='lat' dir='ltr'><strong>docetque</strong></span> <span class='ocrx_word' id='word_1_221' title='bbox 2650 762 2713 801; x_wconf 90' lang='lat' dir='ltr'><strong>ac</strong></span> <span class='ocrx_word' id='word_1_222' title='bbox 2736 746 2933 815; x_wconf 82' lang='lat' dir='ltr'><strong>placet.</strong></span> 
     </span>
    </p>
   </div>
   <div class='ocr_carea' id='block_1_36' title="bbox 2081 835 3587 907">
    <p class='ocr_par' dir='ltr' id='par_1_36' title="bbox 2081 835 3587 907">
     <span class='ocr_line' id='line_1_36' title="bbox 2081 835 3587 907; baseline 0.001 -18"><span class='ocrx_word' id='word_1_223' title='bbox 2081 836 2270 891; x_wconf 80' lang='lat' dir='ltr'><strong>Refert</strong></span> <span class='ocrx_word' id='word_1_224' title='bbox 2304 850 2486 891; x_wconf 87' lang='lat' dir='ltr'><strong>autem</strong></span> <span class='ocrx_word' id='word_1_225' title='bbox 2528 838 2792 891; x_wconf 81' lang='lat' dir='ltr'><strong>Navatum</strong></span> <span class='ocrx_word' id='word_1_226' title='bbox 2838 835 2972 905; x_wconf 72' lang='lat'><strong>(52),</strong></span> <span class='ocrx_word' id='word_1_227' title='bbox 3009 836 3263 891; x_wconf 89' lang='lat' dir='ltr'><strong>Cornelio</strong></span> <span class='ocrx_word' id='word_1_228' title='bbox 3304 837 3587 907; x_wconf 84' lang='lat' dir='ltr'><strong>pontiﬁce,</strong></span> 
     </span>
    </p>
   </div>
   <div class='ocr_carea' id='block_1_37' title="bbox 1996 928 3589 991">
    <p class='ocr_par' dir='ltr' id='par_1_37' title="bbox 1996 928 3589 991">
     <span class='ocr_line' id='line_1_37' title="bbox 1996 928 3589 991; baseline 0 -10"><span class='ocrx_word' id='word_1_229' title='bbox 1996 928 2268 981; x_wconf 69' lang='lat' dir='ltr'><strong>Romana:</strong></span> <span class='ocrx_word' id='word_1_230' title='bbox 2304 944 2423 982; x_wconf 84' lang='lat' dir='ltr'><strong>esse</strong></span> <span class='ocrx_word' id='word_1_231' title='bbox 2452 930 2706 983; x_wconf 75' lang='lat' dir='ltr'><strong>Ecclesia:</strong></span> <span class='ocrx_word' id='word_1_232' title='bbox 2749 930 3195 983; x_wconf 85' lang='lat' dir='ltr'><strong>archidiaconum</strong></span> <span class='ocrx_word' id='word_1_233' title='bbox 3230 939 3495 991; x_wconf 89' lang='lat' dir='ltr'><strong>creatum,</strong></span> <span class='ocrx_word' id='word_1_234' title='bbox 3522 930 3589 982; x_wconf 85' lang='lat' dir='ltr'><strong>ad</strong></span> 
     </span>
    </p>
   </div>
   <div class='ocr_carea' id='block_1_38' title="bbox 2010 1022 3586 1091">
    <p class='ocr_par' dir='ltr' id='par_1_38' title="bbox 2010 1022 3586 1091">
     <span class='ocr_line' id='line_1_38' title="bbox 2010 1022 3586 1091; baseline 0.001 -20"><span class='ocrx_word' id='word_1_235' title='bbox 2010 1037 2170 1089; x_wconf 92' lang='lat' dir='ltr'><strong>quem</strong></span> <span class='ocrx_word' id='word_1_236' title='bbox 2208 1022 2385 1091; x_wconf 90' lang='lat' dir='ltr'><strong>ipsum</strong></span> <span class='ocrx_word' id='word_1_237' title='bbox 2422 1022 2788 1090; x_wconf 83' lang='lat' dir='ltr'><strong>pontiﬁcium,</strong></span> <span class='ocrx_word' id='word_1_238' title='bbox 2825 1038 2921 1091; x_wconf 88' lang='lat' dir='ltr'><strong>pro</strong></span> <span class='ocrx_word' id='word_1_239' title='bbox 2962 1022 3079 1091; x_wconf 87' lang='lat' dir='ltr'><strong>ejus</strong></span> <span class='ocrx_word' id='word_1_240' title='bbox 3120 1022 3378 1089; x_wconf 85' lang='lat' dir='ltr'><strong>temporis</strong></span> <span class='ocrx_word' id='word_1_241' title='bbox 3415 1036 3586 1081; x_wconf 86' lang='lat' dir='ltr'><strong>more,</strong></span> 
     </span>
    </p>
   </div>
   <div class='ocr_carea' id='block_1_39' title="bbox 2012 1110 3588 1181">
    <p class='ocr_par' dir='ltr' id='par_1_39' title="bbox 2012 1110 3588 1181">
     <span class='ocr_line' id='line_1_39' title="bbox 2012 1110 3588 1181; baseline -0.001 -17"><span class='ocrx_word' id='word_1_242' title='bbox 2012 1110 2306 1166; x_wconf 90' lang='lat' dir='ltr'><strong>decedente</strong></span> <span class='ocrx_word' id='word_1_243' title='bbox 2357 1129 2386 1168; x_wconf 92' lang='lat' dir='ltr'><strong>e</strong></span> <span class='ocrx_word' id='word_1_244' title='bbox 2420 1114 2525 1167; x_wconf 89' lang='lat' dir='ltr'><strong>vita</strong></span> <span class='ocrx_word' id='word_1_245' title='bbox 2566 1115 2840 1181; x_wconf 82' lang='lat' dir='ltr'><strong>pontiﬁce,</strong></span> <span class='ocrx_word' id='word_1_246' title='bbox 2883 1112 3253 1166; x_wconf 75' lang='lat' dir='ltr'><strong>deferebatur.</strong></span> <span class='ocrx_word' id='word_1_247' title='bbox 3296 1112 3588 1166; x_wconf 79' lang='lat' dir='ltr'><strong>Archidia—</strong></span> 
     </span>
    </p>
   </div>
   <div class='ocr_carea' id='block_1_40' title="bbox 2014 1204 3588 1258">
    <p class='ocr_par' dir='ltr' id='par_1_40' title="bbox 2014 1204 3588 1258">
     <span class='ocr_line' id='line_1_40' title="bbox 2014 1204 3588 1258; baseline -0.001 -1"><span class='ocrx_word' id='word_1_248' title='bbox 2014 1218 2207 1257; x_wconf 92' lang='lat' dir='ltr'><strong>conum</strong></span> <span class='ocrx_word' id='word_1_249' title='bbox 2255 1205 2399 1257; x_wconf 90' lang='lat' dir='ltr'><strong>enim</strong></span> <span class='ocrx_word' id='word_1_250' title='bbox 2436 1204 2726 1258; x_wconf 86' lang='lat' dir='ltr'><strong>succedere</strong></span> <span class='ocrx_word' id='word_1_251' title='bbox 2756 1219 2967 1256; x_wconf 88' lang='lat' dir='ltr'><strong>summo</strong></span> <span class='ocrx_word' id='word_1_252' title='bbox 3018 1204 3283 1258; x_wconf 72' lang='lat' dir='ltr'><strong>sacerdoti</strong></span> <span class='ocrx_word' id='word_1_253' title='bbox 3328 1212 3588 1257; x_wconf 91' lang='lat' dir='ltr'><strong>statutum</strong></span> 
     </span>
    </p>
   </div>
   <div class='ocr_carea' id='block_1_41' title="bbox 2014 1292 3590 1366">
    <p class='ocr_par' dir='ltr' id='par_1_41' title="bbox 2014 1292 3590 1366">
     <span class='ocr_line' id='line_1_41' title="bbox 2014 1292 3590 1366; baseline -0.001 -17"><span class='ocrx_word' id='word_1_254' title='bbox 2014 1305 2153 1350; x_wconf 85' lang='lat' dir='ltr'><strong>eral.</strong></span> <span class='ocrx_word' id='word_1_255' title='bbox 2187 1292 2386 1350; x_wconf 79' lang='lat' dir='ltr'><strong>Verum</strong></span> <span class='ocrx_word' id='word_1_256' title='bbox 2425 1298 2565 1350; x_wconf 91' lang='lat' dir='ltr'><strong>hunc</strong></span> <span class='ocrx_word' id='word_1_257' title='bbox 2596 1296 2692 1365; x_wconf 86' lang='lat' dir='ltr'><strong>(ait</strong></span> <span class='ocrx_word' id='word_1_258' title='bbox 2724 1296 3004 1366; x_wconf 76' lang='lat' dir='ltr'><strong>Eulogius)</strong></span> <span class='ocrx_word' id='word_1_259' title='bbox 3041 1296 3293 1365; x_wconf 89' lang='lat' dir='ltr'><strong>superbia</strong></span> <span class='ocrx_word' id='word_1_260' title='bbox 3340 1296 3590 1350; x_wconf 85' lang='lat' dir='ltr'><strong>laborau-</strong></span> 
     </span>
    </p>
   </div>
   <div class='ocr_carea' id='block_1_42' title="bbox 1998 1387 3588 1447">
    <p class='ocr_par' dir='ltr' id='par_1_42' title="bbox 1998 1387 3588 1447">
     <span class='ocr_line' id='line_1_42' title="bbox 1998 1387 3588 1447; baseline 0 -7"><span class='ocrx_word' id='word_1_261' title='bbox 1998 1398 2124 1440; x_wconf 35' lang='lat' dir='ltr'><strong>‘tem</strong></span> <span class='ocrx_word' id='word_1_262' title='bbox 2169 1387 2474 1447; x_wconf 87' lang='lat' dir='ltr'><strong>Cornelius,</strong></span> <span class='ocrx_word' id='word_1_263' title='bbox 2523 1398 2575 1439; x_wconf 85' lang='lat' dir='ltr'><strong>et</strong></span> <span class='ocrx_word' id='word_1_264' title='bbox 2629 1389 2679 1442; x_wconf 93' lang='lat' dir='ltr'><strong>in</strong></span> <span class='ocrx_word' id='word_1_265' title='bbox 2734 1404 2885 1443; x_wconf 89' lang='lat' dir='ltr'><strong>suam</strong></span> <span class='ocrx_word' id='word_1_266' title='bbox 2936 1397 3164 1443; x_wconf 85' lang='lat' dir='ltr'><strong>mortem</strong></span> <span class='ocrx_word' id='word_1_267' title='bbox 3220 1389 3588 1443; x_wconf 74' lang='lat' dir='ltr'><strong>imminentem</strong></span> 
     </span>
    </p>
   </div>
   <div class='ocr_carea' id='block_1_43' title="bbox 2017 1480 3592 1552">
    <p class='ocr_par' dir='ltr' id='par_1_43' title="bbox 2017 1480 3592 1552">
     <span class='ocr_line' id='line_1_43' title="bbox 2017 1480 3592 1552; baseline -0.001 -18"><span class='ocrx_word' id='word_1_268' title='bbox 2017 1494 2137 1534; x_wconf 87' lang='lat' dir='ltr'><strong>cmn</strong></span> <span class='ocrx_word' id='word_1_269' title='bbox 2178 1482 2551 1547; x_wconf 86' lang='lat' dir='ltr'><strong>cognovisset,</strong></span> <span class='ocrx_word' id='word_1_270' title='bbox 2588 1486 2961 1552; x_wconf 72' lang='lat' dir='ltr'><strong>presbyterum</strong></span> <span class='ocrx_word' id='word_1_271' title='bbox 2997 1482 3247 1542; x_wconf 86' lang='lat' dir='ltr'><strong>ordinat,</strong></span> <span class='ocrx_word' id='word_1_272' title='bbox 3286 1496 3477 1534; x_wconf 86' lang='lat' dir='ltr'><strong>omnes</strong></span> <span class='ocrx_word' id='word_1_273' title='bbox 3512 1480 3592 1533; x_wconf 87' lang='lat' dir='ltr'><strong>sic</strong></span> 
     </span>
    </p>
   </div>
   <div class='ocr_carea' id='block_1_44' title="bbox 2019 1571 3591 1640">
    <p class='ocr_par' dir='ltr' id='par_1_44' title="bbox 2019 1571 3591 1640">
     <span class='ocr_line' id='line_1_44' title="bbox 2019 1571 3591 1640; baseline -0.001 -16"><span class='ocrx_word' id='word_1_274' title='bbox 2019 1571 2094 1625; x_wconf 91' lang='lat' dir='ltr'><strong>illi</strong></span> <span class='ocrx_word' id='word_1_275' title='bbox 2125 1572 2189 1624; x_wconf 90' lang='lat' dir='ltr'><strong>ad</strong></span> <span class='ocrx_word' id='word_1_276' title='bbox 2226 1587 2534 1640; x_wconf 90' lang='lat' dir='ltr'><strong>supremam</strong></span> <span class='ocrx_word' id='word_1_277' title='bbox 2570 1573 2879 1626; x_wconf 79' lang='lat' dir='ltr'><strong>cathedram</strong></span> <span class='ocrx_word' id='word_1_278' title='bbox 2915 1571 3262 1640; x_wconf 87' lang='lat' dir='ltr'><strong>perveniendi</strong></span> <span class='ocrx_word' id='word_1_279' title='bbox 3299 1586 3421 1640; x_wconf 88' lang='lat' dir='ltr'><strong>spes</strong></span> <span class='ocrx_word' id='word_1_280' title='bbox 3452 1585 3591 1639; x_wconf 77' lang='lat' dir='ltr'><strong>pra:-</strong></span> 
     </span>
    </p>
   </div>
   <div class='ocr_carea' id='block_1_45' title="bbox 2019 1662 3591 1732">
    <p class='ocr_par' dir='ltr' id='par_1_45' title="bbox 2019 1662 3591 1732">
     <span class='ocr_line' id='line_1_45' title="bbox 2019 1662 3591 1732; baseline -0.003 -15"><span class='ocrx_word' id='word_1_281' title='bbox 2019 1663 2227 1717; x_wconf 91' lang='lat' dir='ltr'><strong>cidens.</strong></span> <span class='ocrx_word' id='word_1_282' title='bbox 2256 1663 2350 1716; x_wconf 89' lang='lat' dir='ltr'><strong>llle</strong></span> <span class='ocrx_word' id='word_1_283' title='bbox 2412 1679 2539 1718; x_wconf 90' lang='lat' dir='ltr'><strong>vero</strong></span> <span class='ocrx_word' id='word_1_284' title='bbox 2570 1663 2813 1717; x_wconf 91' lang='lat' dir='ltr'><strong>intentus</strong></span> <span class='ocrx_word' id='word_1_285' title='bbox 2840 1664 2890 1716; x_wconf 90' lang='lat' dir='ltr'><strong>in</strong></span> <span class='ocrx_word' id='word_1_286' title='bbox 2914 1662 3279 1726; x_wconf 85' lang='lat' dir='ltr'><strong>occasionem,</strong></span> <span class='ocrx_word' id='word_1_287' title='bbox 3303 1673 3591 1732; x_wconf 74' lang='lat' dir='ltr'><strong>postquam</strong></span> 
     </span>
    </p>
   </div>
   <div class='ocr_carea' id='block_1_46' title="bbox 2021 1754 3592 1824">
    <p class='ocr_par' dir='ltr' id='par_1_46' title="bbox 2021 1754 3592 1824">
     <span class='ocr_line' id='line_1_46' title="bbox 2021 1754 3592 1824; baseline -0.001 -15"><span class='ocrx_word' id='word_1_288' title='bbox 2021 1754 2305 1809; x_wconf 91' lang='lat' dir='ltr'><strong>Cornelius</strong></span> <span class='ocrx_word' id='word_1_289' title='bbox 2326 1771 2355 1809; x_wconf 93' lang='lat' dir='ltr'><strong>e</strong></span> <span class='ocrx_word' id='word_1_290' title='bbox 2384 1756 2547 1809; x_wconf 88' lang='lat' dir='ltr'><strong>variis</strong></span> <span class='ocrx_word' id='word_1_291' title='bbox 2569 1754 2807 1824; x_wconf 77' lang='lat' dir='ltr'><strong>peccatis</strong></span> <span class='ocrx_word' id='word_1_292' title='bbox 2836 1756 2901 1808; x_wconf 92' lang='lat' dir='ltr'><strong>ad</strong></span> <span class='ocrx_word' id='word_1_293' title='bbox 2924 1755 3301 1824; x_wconf 61' lang='lat' dir='ltr'><strong>paenitentiam</strong></span> <span class='ocrx_word' id='word_1_294' title='bbox 3328 1754 3592 1823; x_wconf 82' lang='lat' dir='ltr'><strong>quosdam</strong></span> 
     </span>
    </p>
   </div>
   <div class='ocr_carea' id='block_1_47' title="bbox 2024 1844 3594 1918">
    <p class='ocr_par' dir='ltr' id='par_1_47' title="bbox 2024 1844 3594 1918">
     <span class='ocr_line' id='line_1_47' title="bbox 2024 1844 3594 1918; baseline -0.004 -16"><span class='ocrx_word' id='word_1_295' title='bbox 2024 1850 2250 1918; x_wconf 82' lang='lat' dir='ltr'><strong>recepit,</strong></span> <span class='ocrx_word' id='word_1_296' title='bbox 2281 1858 2335 1901; x_wconf 88' lang='lat' dir='ltr'><strong>et</strong></span> <span class='ocrx_word' id='word_1_297' title='bbox 2363 1862 2466 1915; x_wconf 86' lang='lat' dir='ltr'><strong>qua</strong></span> <span class='ocrx_word' id='word_1_298' title='bbox 2499 1862 2599 1915; x_wconf 88' lang='lat' dir='ltr'><strong>par</strong></span> <span class='ocrx_word' id='word_1_299' title='bbox 2626 1855 2745 1900; x_wconf 88' lang='lat' dir='ltr'><strong>erat</strong></span> <span class='ocrx_word' id='word_1_300' title='bbox 2775 1860 2932 1916; x_wconf 63' lang='lat' dir='ltr'><strong>poena</strong></span> <span class='ocrx_word' id='word_1_301' title='bbox 2958 1844 3214 1899; x_wconf 90' lang='lat' dir='ltr'><strong>multatos</strong></span> <span class='ocrx_word' id='word_1_302' title='bbox 3245 1846 3309 1897; x_wconf 89' lang='lat' dir='ltr'><strong>ad</strong></span> <span class='ocrx_word' id='word_1_303' title='bbox 3333 1844 3594 1897; x_wconf 87' lang='lat' dir='ltr'><strong>immacu-</strong></span> 
     </span>
    </p>
   </div>
   <div class='ocr_carea' id='block_1_48' title="bbox 2022 1935 3594 2010">
    <p class='ocr_par' dir='ltr' id='par_1_48' title="bbox 2022 1935 3594 2010">
     <span class='ocr_line' id='line_1_48' title="bbox 2022 1935 3594 2010; baseline -0.006 -15"><span class='ocrx_word' id='word_1_304' title='bbox 2022 1943 2254 1995; x_wconf 69' lang='lat' dir='ltr'><strong>latorum</strong></span> <span class='ocrx_word' id='word_1_305' title='bbox 2289 1940 2667 2010; x_wconf 89' lang='lat' dir='ltr'><strong>mysteriorum</strong></span> <span class='ocrx_word' id='word_1_306' title='bbox 2696 1938 3136 1992; x_wconf 87' lang='lat' dir='ltr'><strong>communionem</strong></span> <span class='ocrx_word' id='word_1_307' title='bbox 3174 1936 3430 2002; x_wconf 86' lang='lat' dir='ltr'><strong>admisit;</strong></span> <span class='ocrx_word' id='word_1_308' title='bbox 3491 1935 3594 1988; x_wconf 89' lang='lat' dir='ltr'><strong>hac</strong></span> 
     </span>
    </p>
   </div>
   <div class='ocr_carea' id='block_1_49' title="bbox 2021 2027 3594 2104">
    <p class='ocr_par' dir='ltr' id='par_1_49' title="bbox 2021 2027 3594 2104">
     <span class='ocr_line' id='line_1_49' title="bbox 2021 2027 3594 2104; baseline -0.004 -19"><span class='ocrx_word' id='word_1_309' title='bbox 2021 2048 2150 2088; x_wconf 89' lang='lat' dir='ltr'><strong>ansa</strong></span> <span class='ocrx_word' id='word_1_310' title='bbox 2178 2029 2389 2104; x_wconf 87' lang='lat' dir='ltr'><strong>[miser]</strong></span> <span class='ocrx_word' id='word_1_311' title='bbox 2417 2039 2652 2099; x_wconf 87' lang='lat' dir='ltr'><strong>arrepta,</strong></span> <span class='ocrx_word' id='word_1_312' title='bbox 2678 2030 2883 2084; x_wconf 88' lang='lat' dir='ltr'><strong>divisus</strong></span> <span class='ocrx_word' id='word_1_313' title='bbox 2912 2037 2993 2083; x_wconf 89' lang='lat' dir='ltr'><strong>est</strong></span> <span class='ocrx_word' id='word_1_314' title='bbox 3021 2028 3087 2082; x_wconf 90' lang='lat' dir='ltr'><strong>ab</strong></span> <span class='ocrx_word' id='word_1_315' title='bbox 3109 2027 3376 2091; x_wconf 86' lang='lat' dir='ltr'><strong>Ecclesia,</strong></span> <span class='ocrx_word' id='word_1_316' title='bbox 3402 2040 3594 2094; x_wconf 74' lang='lat' dir='ltr'><strong>expro-</strong></span> 
     </span>
    </p>
   </div>
   <div class='ocr_carea' id='block_1_50' title="bbox 2022 2123 3592 2192">
    <p class='ocr_par' dir='ltr' id='par_1_50' title="bbox 2022 2123 3592 2192">
     <span class='ocr_line' id='line_1_50' title="bbox 2022 2123 3592 2192; baseline -0.006 -13"><span class='ocrx_word' id='word_1_317' title='bbox 2022 2127 2187 2179; x_wconf 87' lang='lat' dir='ltr'><strong>brans</strong></span> <span class='ocrx_word' id='word_1_318' title='bbox 2229 2123 2482 2178; x_wconf 86' lang='lat' dir='ltr'><strong>Cornelio</strong></span> <span class='ocrx_word' id='word_1_319' title='bbox 2523 2123 2665 2192; x_wconf 89' lang='lat' dir='ltr'><strong>quod</strong></span> <span class='ocrx_word' id='word_1_320' title='bbox 2708 2129 3053 2191; x_wconf 87' lang='lat' dir='ltr'><strong>peccatorum</strong></span> <span class='ocrx_word' id='word_1_321' title='bbox 3089 2129 3235 2176; x_wconf 88' lang='lat' dir='ltr'><strong>esset</strong></span> <span class='ocrx_word' id='word_1_322' title='bbox 3265 2127 3592 2188; x_wconf 88' lang='lat' dir='ltr'><strong>receptator,</strong></span> 
     </span>
    </p>
   </div>
   <div class='ocr_carea' id='block_1_51' title="bbox 2020 2211 3596 2286">
    <p class='ocr_par' dir='ltr' id='par_1_51' title="bbox 2020 2211 3596 2286">
     <span class='ocr_line' id='line_1_51' title="bbox 2020 2211 3596 2286; baseline -0.006 -15"><span class='ocrx_word' id='word_1_323' title='bbox 2020 2231 2191 2286; x_wconf 84' lang='lat' dir='ltr'><strong>seque</strong></span> <span class='ocrx_word' id='word_1_324' title='bbox 2220 2216 2395 2284; x_wconf 91' lang='lat' dir='ltr'><strong>ipsum</strong></span> <span class='ocrx_word' id='word_1_325' title='bbox 2429 2212 2655 2268; x_wconf 71' lang='lat' dir='ltr'><strong>hazresis</strong></span> <span class='ocrx_word' id='word_1_326' title='bbox 2680 2212 2909 2281; x_wconf 63' lang='lat' dir='ltr'><strong>propriae</strong></span> <span class='ocrx_word' id='word_1_327' title='bbox 2940 2211 3237 2265; x_wconf 89' lang='lat' dir='ltr'><strong>declaravit</strong></span> <span class='ocrx_word' id='word_1_328' title='bbox 3264 2219 3539 2264; x_wconf 80' lang='lat' dir='ltr'><strong>auctorem</strong></span> <span class='ocrx_word' id='word_1_329' title='bbox 3578 2225 3596 2262; x_wconf 86' lang='lat'><strong>:</strong></span> 
     </span>
    </p>
   </div>
   <div class='ocr_carea' id='block_1_52' title="bbox 2022 2297 3597 2377">
    <p class='ocr_par' dir='ltr' id='par_1_52' title="bbox 2022 2297 3597 2377">
     <span class='ocr_line' id='line_1_52' title="bbox 2022 2297 3597 2377; baseline -0.006 -14"><span class='ocrx_word' id='word_1_330' title='bbox 2022 2307 2283 2363; x_wconf 81' lang='lat' dir='ltr'><strong>Catharos</strong></span> <span class='ocrx_word' id='word_1_331' title='bbox 2318 2307 2533 2377; x_wconf 88' lang='lat' dir='ltr'><strong>quidem</strong></span> <span class='ocrx_word' id='word_1_332' title='bbox 2583 2316 2745 2360; x_wconf 68' lang='lat' dir='ltr'><strong>secta:</strong></span> <span class='ocrx_word' id='word_1_333' title='bbox 2795 2297 2971 2360; x_wconf 76' lang='lat' dir='ltr'><strong>socios</strong></span> <span class='ocrx_word' id='word_1_334' title='bbox 3026 2304 3343 2368; x_wconf 88' lang='lat' dir='ltr'><strong>nominans,</strong></span> <span class='ocrx_word' id='word_1_335' title='bbox 3397 2301 3597 2354; x_wconf 82' lang='lat' dir='ltr'><strong>Corne-</strong></span> 
     </span>
    </p>
   </div>
   <div class='ocr_carea' id='block_1_53' title="bbox 2021 2394 3244 2455">
    <p class='ocr_par' dir='ltr' id='par_1_53' title="bbox 2021 2394 3244 2455">
     <span class='ocr_line' id='line_1_53' title="bbox 2021 2394 3244 2455; baseline -0.004 -1"><span class='ocrx_word' id='word_1_336' title='bbox 2021 2402 2192 2454; x_wconf 74' lang='lat' dir='ltr'><strong>(ianos</strong></span> <span class='ocrx_word' id='word_1_337' title='bbox 2234 2412 2411 2455; x_wconf 81' lang='lat' dir='ltr'><strong>autem</strong></span> <span class='ocrx_word' id='word_1_338' title='bbox 2443 2399 2710 2453; x_wconf 82' lang='lat' dir='ltr'><strong>universae</strong></span> <span class='ocrx_word' id='word_1_339' title='bbox 2739 2406 2937 2452; x_wconf 88' lang='lat' dir='ltr'><strong>coetum</strong></span> <span class='ocrx_word' id='word_1_340' title='bbox 2968 2394 3244 2450; x_wconf 66' lang='lat' dir='ltr'><strong>Ecclesiae.</strong></span> 
     </span>
    </p>
   </div>
   <div class='ocr_carea' id='block_1_54' title="bbox 2093 2565 3600 2644">
    <p class='ocr_par' dir='ltr' id='par_1_54' title="bbox 2093 2565 3600 2644">
     <span class='ocr_line' id='line_1_54' title="bbox 2093 2565 3600 2644; baseline -0.007 -15"><span class='ocrx_word' id='word_1_341' title='bbox 2093 2576 2149 2629; x_wconf 91' lang='lat' dir='ltr'><strong>In</strong></span> <span class='ocrx_word' id='word_1_342' title='bbox 2196 2577 2280 2629; x_wconf 89' lang='lat' dir='ltr'><strong>his</strong></span> <span class='ocrx_word' id='word_1_343' title='bbox 2321 2574 2485 2644; x_wconf 79' lang='lat' dir='ltr'><strong>igitur</strong></span> <span class='ocrx_word' id='word_1_344' title='bbox 2532 2573 2684 2626; x_wconf 91' lang='lat' dir='ltr'><strong>libris</strong></span> <span class='ocrx_word' id='word_1_345' title='bbox 2722 2579 2955 2641; x_wconf 88' lang='lat' dir='ltr'><strong>quatuor</strong></span> <span class='ocrx_word' id='word_1_346' title='bbox 2993 2569 3182 2639; x_wconf 72' lang='grc'><strong>1271)</strong></span> <span class='ocrx_word' id='word_1_347' title='bbox 3232 2584 3355 2623; x_wconf 91' lang='lat' dir='ltr'><strong>cum</strong></span> <span class='ocrx_word' id='word_1_348' title='bbox 3408 2565 3600 2622; x_wconf 85' lang='lat' dir='ltr'><strong>Navali</strong></span> 
     </span>
    </p>
   </div>
   <div class='ocr_carea' id='block_1_55' title="bbox 2024 2662 3604 2735">
    <p class='ocr_par' dir='ltr' id='par_1_55' title="bbox 2024 2662 3604 2735">
     <span class='ocr_line' id='line_1_55' title="bbox 2024 2662 3604 2735; baseline -0.007 -11"><span class='ocrx_word' id='word_1_349' title='bbox 2024 2677 2171 2724; x_wconf 91' lang='lat' dir='ltr'><strong>secta</strong></span> <span class='ocrx_word' id='word_1_350' title='bbox 2249 2668 2303 2720; x_wconf 91' lang='lat' dir='ltr'><strong>in</strong></span> <span class='ocrx_word' id='word_1_351' title='bbox 2377 2680 2578 2735; x_wconf 80' lang='lat' dir='ltr'><strong>genere</strong></span> <span class='ocrx_word' id='word_1_352' title='bbox 2645 2664 2879 2732; x_wconf 88' lang='lat' dir='ltr'><strong>scriptor</strong></span> <span class='ocrx_word' id='word_1_353' title='bbox 2944 2662 3029 2715; x_wconf 89' lang='lat' dir='ltr'><strong>hic</strong></span> <span class='ocrx_word' id='word_1_354' title='bbox 3096 2678 3373 2732; x_wconf 85' lang='lat' dir='ltr'><strong>pugnans,</strong></span> <span class='ocrx_word' id='word_1_355' title='bbox 3433 2675 3604 2715; x_wconf 72' lang='lat' dir='ltr'><strong>sacra:</strong></span> 
     </span>
    </p>
   </div>
   <div class='ocr_carea' id='block_1_56' title="bbox 2026 2752 3604 2828">
    <p class='ocr_par' dir='ltr' id='par_1_56' title="bbox 2026 2752 3604 2828">
     <span class='ocr_line' id='line_1_56' title="bbox 2026 2752 3604 2828; baseline -0.006 -13"><span class='ocrx_word' id='word_1_356' title='bbox 2026 2761 2323 2828; x_wconf 69' lang='lat' dir='ltr'><strong>Scripturre</strong></span> <span class='ocrx_word' id='word_1_357' title='bbox 2354 2759 2489 2812; x_wconf 90' lang='lat' dir='ltr'><strong>locis</strong></span> <span class='ocrx_word' id='word_1_358' title='bbox 2519 2757 2695 2826; x_wconf 87' lang='lat' dir='ltr'><strong>ipsum</strong></span> <span class='ocrx_word' id='word_1_359' title='bbox 2726 2758 2923 2808; x_wconf 78' lang='lat' dir='ltr'><strong>misere</strong></span> <span class='ocrx_word' id='word_1_360' title='bbox 2948 2752 3182 2821; x_wconf 82' lang='lat' dir='ltr'><strong>ﬂagellat</strong></span> <span class='ocrx_word' id='word_1_361' title='bbox 3215 2774 3229 2807; x_wconf 66' lang='grc' dir='ltr'><em>λ</em></span> <span class='ocrx_word' id='word_1_362' title='bbox 3260 2755 3385 2807; x_wconf 91' lang='lat' dir='ltr'><strong>dum</strong></span> <span class='ocrx_word' id='word_1_363' title='bbox 3413 2753 3604 2821; x_wconf 89' lang='lat' dir='ltr'><strong>quinto</strong></span> 
     </span>
    </p>
   </div>
   <div class='ocr_carea' id='block_1_57' title="bbox 2025 2844 3606 2921">
    <p class='ocr_par' dir='ltr' id='par_1_57' title="bbox 2025 2844 3606 2921">
     <span class='ocr_line' id='line_1_57' title="bbox 2025 2844 3606 2921; baseline -0.006 -14"><span class='ocrx_word' id='word_1_364' title='bbox 2025 2852 2335 2921; x_wconf 82' lang='lat' dir='ltr'><strong>singulatim</strong></span> <span class='ocrx_word' id='word_1_365' title='bbox 2390 2849 2530 2903; x_wconf 88' lang='lat' dir='ltr'><strong>libro</strong></span> <span class='ocrx_word' id='word_1_366' title='bbox 2587 2856 2887 2917; x_wconf 87' lang='lat' dir='ltr'><strong>martyrum</strong></span> <span class='ocrx_word' id='word_1_367' title='bbox 2948 2859 3069 2900; x_wconf 90' lang='lat' dir='ltr'><strong>esse</strong></span> <span class='ocrx_word' id='word_1_368' title='bbox 3122 2844 3382 2914; x_wconf 88' lang='lat' dir='ltr'><strong>reliquias</strong></span> <span class='ocrx_word' id='word_1_369' title='bbox 3442 2858 3606 2897; x_wconf 85' lang='lat' dir='ltr'><strong>vene-</strong></span> 
     </span>
    </p>
   </div>
   <div class='ocr_carea' id='block_1_58' title="bbox 2025 2936 3601 3008">
    <p class='ocr_par' dir='ltr' id='par_1_58' title="bbox 2025 2936 3601 3008">
     <span class='ocr_line' id='line_1_58' title="bbox 2025 2936 3601 3008; baseline -0.006 -11"><span class='ocrx_word' id='word_1_370' title='bbox 2025 2944 2225 2998; x_wconf 84' lang='lat' dir='ltr'><strong>randas</strong></span> <span class='ocrx_word' id='word_1_371' title='bbox 2254 2941 2553 3004; x_wconf 84' lang='lat' dir='ltr'><strong>contendit,</strong></span> <span class='ocrx_word' id='word_1_372' title='bbox 2584 2939 2729 3008; x_wconf 86' lang='lat' dir='ltr'><strong>quod</strong></span> <span class='ocrx_word' id='word_1_373' title='bbox 2760 2939 3064 2992; x_wconf 87' lang='lat' dir='ltr'><strong>detrectare</strong></span> <span class='ocrx_word' id='word_1_374' title='bbox 3094 2951 3189 3005; x_wconf 89' lang='lat' dir='ltr'><strong>per</strong></span> <span class='ocrx_word' id='word_1_375' title='bbox 3218 2936 3601 2990; x_wconf 66' lang='lat' dir='ltr'><strong>Alexandriam</strong></span> 
     </span>
    </p>
   </div>
   <div class='ocr_carea' id='block_1_59' title="bbox 2025 3028 3606 3107">
    <p class='ocr_par' dir='ltr' id='par_1_59' title="bbox 2025 3028 3606 3107">
     <span class='ocr_line' id='line_1_59' title="bbox 2025 3028 3606 3107; baseline -0.007 -15"><span class='ocrx_word' id='word_1_376' title='bbox 2025 3039 2296 3107; x_wconf 85' lang='lat' dir='ltr'><strong>dispersos</strong></span> <span class='ocrx_word' id='word_1_377' title='bbox 2345 3033 2674 3087; x_wconf 86' lang='lat' dir='ltr'><strong>Navatianos</strong></span> <span class='ocrx_word' id='word_1_378' title='bbox 2716 3030 2791 3083; x_wconf 90' lang='lat' dir='ltr'><strong>ait</strong></span> <span class='ocrx_word' id='word_1_379' title='bbox 2828 3046 2842 3083; x_wconf 90' lang='lat'><strong>:</strong></span> <span class='ocrx_word' id='word_1_380' title='bbox 2878 3030 2993 3083; x_wconf 80' lang='lat' dir='ltr'><strong>sive</strong></span> <span class='ocrx_word' id='word_1_381' title='bbox 3046 3030 3099 3082; x_wconf 91' lang='lat' dir='ltr'><strong>hi</strong></span> <span class='ocrx_word' id='word_1_382' title='bbox 3149 3028 3250 3083; x_wconf 92' lang='lat' dir='ltr'><strong>soli</strong></span> <span class='ocrx_word' id='word_1_383' title='bbox 3300 3044 3365 3082; x_wconf 92' lang='lat' dir='ltr'><strong>eo</strong></span> <span class='ocrx_word' id='word_1_384' title='bbox 3416 3028 3606 3081; x_wconf 89' lang='lat' dir='ltr'><strong>morbo</strong></span> 
     </span>
    </p>
   </div>
   <div class='ocr_carea' id='block_1_60' title="bbox 2025 3121 3601 3194">
    <p class='ocr_par' dir='ltr' id='par_1_60' title="bbox 2025 3121 3601 3194">
     <span class='ocr_line' id='line_1_60' title="bbox 2025 3121 3601 3194; baseline -0.01 -7"><span class='ocrx_word' id='word_1_385' title='bbox 2025 3133 2360 3194; x_wconf 88' lang='lat' dir='ltr'><strong>laborarint,</strong></span> <span class='ocrx_word' id='word_1_386' title='bbox 2422 3129 2537 3183; x_wconf 80' lang='lat' dir='ltr'><strong>sive</strong></span> <span class='ocrx_word' id='word_1_387' title='bbox 2604 3124 2965 3179; x_wconf 90' lang='lat' dir='ltr'><strong>communiter</strong></span> <span class='ocrx_word' id='word_1_388' title='bbox 3024 3123 3152 3177; x_wconf 91' lang='lat' dir='ltr'><strong>illud</strong></span> <span class='ocrx_word' id='word_1_389' title='bbox 3215 3121 3438 3176; x_wconf 74' lang='lat' dir='ltr'><strong>haeresis</strong></span> <span class='ocrx_word' id='word_1_390' title='bbox 3495 3132 3601 3173; x_wconf 91' lang='lat' dir='ltr'><strong>tota</strong></span> 
     </span>
    </p>
   </div>
   <div class='ocr_carea' id='block_1_61' title="bbox 324 3210 1917 3304">
    <p class='ocr_par' dir='ltr' id='par_1_61' title="bbox 324 3218 1917 3293">
     <span class='ocr_line' id='line_1_61' title="bbox 324 3218 1917 3293; baseline 0.004 -23"><span class='ocrx_word' id='word_1_391' title='bbox 324 3219 421 3287; x_wconf 81' lang='grc' dir='ltr'>τὴν</span> <span class='ocrx_word' id='word_1_392' title='bbox 446 3218 717 3288; x_wconf 85' lang='grc' dir='ltr'>τοιαύτην</span> <span class='ocrx_word' id='word_1_393' title='bbox 745 3220 900 3273; x_wconf 85' lang='grc' dir='ltr'>νόσον</span> <span class='ocrx_word' id='word_1_394' title='bbox 919 3221 1457 3292; x_wconf 78' lang='grc' dir='ltr'>προσνενοσηκότων,</span> <span class='ocrx_word' id='word_1_395' title='bbox 1489 3223 1598 3275; x_wconf 80' lang='grc' dir='ltr'>εἴτε</span> <span class='ocrx_word' id='word_1_396' title='bbox 1618 3223 1812 3287; x_wconf 84' lang='grc' dir='ltr'>κοινῶς</span> <span class='ocrx_word' id='word_1_397' title='bbox 1830 3227 1917 3293; x_wconf 73' lang='grc' dir='ltr'>τῆς</span> 
     </span>
    </p>
   </div>
   <div class='ocr_carea' id='block_1_62' title="bbox 2021 3210 3603 3304">
    <p class='ocr_par' dir='ltr' id='par_1_62' title="bbox 2030 3210 3603 3294">
     <span class='ocr_line' id='line_1_62' title="bbox 2030 3210 3603 3294; baseline -0.01 -16"><span class='ocrx_word' id='word_1_398' title='bbox 2030 3224 2392 3294; x_wconf 82' lang='lat' dir='ltr'><strong>proﬁteretur.</strong></span> <span class='ocrx_word' id='word_1_399' title='bbox 2435 3220 2506 3271; x_wconf 83' lang='lat' dir='ltr'><strong>At</strong></span> <span class='ocrx_word' id='word_1_400' title='bbox 2545 3218 2598 3272; x_wconf 92' lang='lat' dir='ltr'><strong>in</strong></span> <span class='ocrx_word' id='word_1_401' title='bbox 2645 3226 2799 3271; x_wconf 82' lang='lat' dir='ltr'><strong>sexto</strong></span> <span class='ocrx_word' id='word_1_402' title='bbox 2832 3214 3049 3279; x_wconf 88' lang='lat' dir='ltr'><strong>evertit,</strong></span> <span class='ocrx_word' id='word_1_403' title='bbox 3076 3214 3165 3282; x_wconf 88' lang='lat' dir='ltr'><strong>qui</strong></span> <span class='ocrx_word' id='word_1_404' title='bbox 3214 3215 3278 3267; x_wconf 88' lang='lat' dir='ltr'><strong>de</strong></span> <span class='ocrx_word' id='word_1_405' title='bbox 3304 3210 3603 3265; x_wconf 81' lang='lat' dir='ltr'><strong>Navatiaua</strong></span> 
     </span>
    </p>
   </div>
   <div class='ocr_carea' id='block_1_63' title="bbox 326 3310 1916 3385">
    <p class='ocr_par' dir='ltr' id='par_1_63' title="bbox 326 3310 1916 3385">
     <span class='ocr_line' id='line_1_63' title="bbox 326 3310 1916 3385; baseline 0.004 -24"><span class='ocrx_word' id='word_1_406' title='bbox 326 3310 603 3377; x_wconf 80' lang='grc' dir='ltr'>αἱρέσεως</span> <span class='ocrx_word' id='word_1_407' title='bbox 629 3310 787 3363; x_wconf 83' lang='grc' dir='ltr'>τοῦτο</span> <span class='ocrx_word' id='word_1_408' title='bbox 819 3311 1343 3384; x_wconf 87' lang='grc' dir='ltr'>διαπρεσϐευούσης.</span> <span class='ocrx_word' id='word_1_409' title='bbox 1393 3313 1479 3365; x_wconf 88' lang='grc' dir='ltr'>Ἐν</span> <span class='ocrx_word' id='word_1_410' title='bbox 1508 3314 1565 3366; x_wconf 80' lang='grc' dir='ltr'>δὲ</span> <span class='ocrx_word' id='word_1_411' title='bbox 1601 3314 1746 3385; x_wconf 75' lang='grc' dir='ltr'>ἕκτῳ</span> <span class='ocrx_word' id='word_1_412' title='bbox 1782 3316 1916 3369; x_wconf 84' lang='grc' dir='ltr'>ἀνα-</span> 
     </span>
    </p>
   </div>
   <div class='ocr_carea' id='block_1_64' title="bbox 326 3401 1919 3477">
    <p class='ocr_par' dir='ltr' id='par_1_64' title="bbox 326 3401 1919 3477">
     <span class='ocr_line' id='line_1_64' title="bbox 326 3401 1919 3477; baseline 0.004 -25"><span class='ocrx_word' id='word_1_413' title='bbox 326 3401 523 3470; x_wconf 79' lang='grc' dir='ltr'>τρέπει</span> <span class='ocrx_word' id='word_1_414' title='bbox 548 3401 620 3453; x_wconf 76' lang='grc' dir='ltr'>τὰ</span> <span class='ocrx_word' id='word_1_415' title='bbox 659 3401 813 3473; x_wconf 80' lang='grc' dir='ltr'>παρὰ</span> <span class='ocrx_word' id='word_1_416' title='bbox 836 3406 950 3466; x_wconf 91' lang='grc' dir='ltr'>τοῖς</span> <span class='ocrx_word' id='word_1_417' title='bbox 985 3404 1349 3468; x_wconf 81' lang='grc' dir='ltr'>Ναυατιανοῖς</span> <span class='ocrx_word' id='word_1_418' title='bbox 1366 3405 1638 3476; x_wconf 82' lang='grc' dir='ltr'>λεγόμενα</span> <span class='ocrx_word' id='word_1_419' title='bbox 1667 3406 1919 3477; x_wconf 65' lang='grc' dir='ltr'>ὑπομνήι</span> 
     </span>
    </p>
   </div>
   <div class='ocr_carea' id='block_1_65' title="bbox 331 3494 1918 3569">
    <p class='ocr_par' dir='ltr' id='par_1_65' title="bbox 331 3494 1918 3569">
     <span class='ocr_line' id='line_1_65' title="bbox 331 3494 1918 3569; baseline 0.006 -25"><span class='ocrx_word' id='word_1_420' title='bbox 331 3508 475 3560; x_wconf 84' lang='grc' dir='ltr'>ματα</span> <span class='ocrx_word' id='word_1_421' title='bbox 509 3494 608 3546; x_wconf 71' lang='grc' dir='ltr'><strong>καὶ</strong></span> <span class='ocrx_word' id='word_1_422' title='bbox 635 3494 733 3564; x_wconf 78' lang='grc' dir='ltr'><strong>τὴν</strong></span> <span class='ocrx_word' id='word_1_423' title='bbox 760 3495 1207 3567; x_wconf 78' lang='grc' dir='ltr'>ψευδεπίγραφον</span> <span class='ocrx_word' id='word_1_424' title='bbox 1234 3498 1463 3569; x_wconf 80' lang='grc' dir='ltr'>ἄθλησιν</span> <span class='ocrx_word' id='word_1_425' title='bbox 1492 3499 1749 3553; x_wconf 88' lang='grc' dir='ltr'>Ναυάτου</span> <span class='ocrx_word' id='word_1_426' title='bbox 1792 3502 1918 3553; x_wconf 82' lang='grc' dir='ltr'>ἐπι-</span> 
     </span>
    </p>
   </div>
   <div class='ocr_carea' id='block_1_66' title="bbox 331 3585 1921 3663">
    <p class='ocr_par' dir='ltr' id='par_1_66' title="bbox 331 3585 1921 3663">
     <span class='ocr_line' id='line_1_66' title="bbox 331 3585 1921 3663; baseline 0.005 -26"><span class='ocrx_word' id='word_1_427' title='bbox 331 3585 539 3638; x_wconf 87' lang='grc' dir='ltr'>σκόπου</span> <span class='ocrx_word' id='word_1_428' title='bbox 568 3601 582 3615; x_wconf 82' lang='grc'>⁶</span> <span class='ocrx_word' id='word_1_429' title='bbox 622 3587 920 3640; x_wconf 79' lang='grc' dir='ltr'>ἐπίσκοπον</span> <span class='ocrx_word' id='word_1_430' title='bbox 977 3589 1085 3659; x_wconf 82' lang='grc' dir='ltr'><strong>γάρ</strong></span> <span class='ocrx_word' id='word_1_431' title='bbox 1134 3589 1354 3659; x_wconf 78' lang='grc' dir='ltr'>Ῥώμης</span> <span class='ocrx_word' id='word_1_432' title='bbox 1415 3590 1506 3643; x_wconf 80' lang='grc' dir='ltr'><strong>τὸν</strong></span> <span class='ocrx_word' id='word_1_433' title='bbox 1560 3592 1921 3663; x_wconf 85' lang='grc' dir='ltr'>αἰρεσιάρχην</span> 
     </span>
    </p>
   </div>
   <div class='ocr_carea' id='block_1_67' title="bbox 331 3676 1921 3753">
    <p class='ocr_par' dir='ltr' id='par_1_67' title="bbox 331 3676 1921 3753">
     <span class='ocr_line' id='line_1_67' title="bbox 331 3676 1921 3753; baseline 0.007 -26"><span class='ocrx_word' id='word_1_434' title='bbox 331 3676 828 3748; x_wconf 86' lang='grc' dir='ltr'>ἀποσεμνύνουσιν.</span> <span class='ocrx_word' id='word_1_435' title='bbox 868 3680 1023 3741; x_wconf 81' lang='grc' dir='ltr'>Ἔστι</span> <span class='ocrx_word' id='word_1_436' title='bbox 1048 3682 1104 3733; x_wconf 87' lang='grc' dir='ltr'><strong>δὲ</strong></span> <span class='ocrx_word' id='word_1_437' title='bbox 1135 3684 1203 3735; x_wconf 71' lang='grc' dir='ltr'>τὰ</span> <span class='ocrx_word' id='word_1_438' title='bbox 1238 3683 1609 3753; x_wconf 81' lang='grc' dir='ltr'>ὑπομνήματα</span> <span class='ocrx_word' id='word_1_439' title='bbox 1640 3685 1813 3737; x_wconf 79' lang='grc' dir='ltr'>ταῦτα</span> <span class='ocrx_word' id='word_1_440' title='bbox 1838 3688 1921 3748; x_wconf 84' lang='grc' dir='ltr'><strong>εἰς</strong></span> 
     </span>
    </p>
   </div>
   <div class='ocr_carea' id='block_1_68' title="bbox 331 3766 1922 3847">
    <p class='ocr_par' dir='ltr' id='par_1_68' title="bbox 331 3766 1922 3847">
     <span class='ocr_line' id='line_1_68' title="bbox 331 3766 1922 3847; baseline 0.006 -27"><span class='ocrx_word' id='word_1_441' title='bbox 331 3766 563 3839; x_wconf 74' lang='grc' dir='ltr'>ἔσχατον</span> <span class='ocrx_word' id='word_1_442' title='bbox 595 3771 946 3839; x_wconf 88' lang='grc' dir='ltr'>χυδαιότητος</span> <span class='ocrx_word' id='word_1_443' title='bbox 979 3772 1124 3837; x_wconf 78' lang='grc' dir='ltr'>λέξει</span> <span class='ocrx_word' id='word_1_444' title='bbox 1144 3791 1202 3825; x_wconf 93' lang='grc' dir='ltr'><strong>τε</strong></span> <span class='ocrx_word' id='word_1_445' title='bbox 1233 3775 1330 3829; x_wconf 80' lang='grc' dir='ltr'>καὶ</span> <span class='ocrx_word' id='word_1_446' title='bbox 1359 3776 1567 3847; x_wconf 82' lang='grc' dir='ltr'>διανοίᾳ</span> <span class='ocrx_word' id='word_1_447' title='bbox 1595 3776 1690 3829; x_wconf 73' lang='grc' dir='ltr'>καὶ</span> <span class='ocrx_word' id='word_1_448' title='bbox 1724 3777 1922 3846; x_wconf 85' lang='grc' dir='ltr'>συνθή-</span> 
     </span>
    </p>
   </div>
   <div class='ocr_carea' id='block_1_69' title="bbox 331 3862 1921 3937">
    <p class='ocr_par' dir='ltr' id='par_1_69' title="bbox 331 3862 1921 3937">
     <span class='ocr_line' id='line_1_69' title="bbox 331 3862 1921 3937; baseline 0.005 -24"><span class='ocrx_word' id='word_1_449' title='bbox 331 3878 397 3931; x_wconf 83' lang='grc' dir='ltr'>κῃ</span> <span class='ocrx_word' id='word_1_450' title='bbox 426 3862 530 3914; x_wconf 76' lang='grc' dir='ltr'>καὶ</span> <span class='ocrx_word' id='word_1_451' title='bbox 553 3863 690 3914; x_wconf 77' lang='grc' dir='ltr'>πᾶσι</span> <span class='ocrx_word' id='word_1_452' title='bbox 720 3864 835 3927; x_wconf 85' lang='grc' dir='ltr'>τοῖς</span> <span class='ocrx_word' id='word_1_453' title='bbox 867 3882 931 3917; x_wconf 88' lang='grc' dir='ltr'><strong>πε</strong></span> <span class='ocrx_word' id='word_1_454' title='bbox 945 3865 998 3934; x_wconf 75' lang='lat' dir='ltr'><strong>pi.</strong></span> <span class='ocrx_word' id='word_1_455' title='bbox 1029 3866 1120 3917; x_wconf 80' lang='grc' dir='ltr'><strong>τὸν</strong></span> <span class='ocrx_word' id='word_1_456' title='bbox 1146 3865 1304 3932; x_wconf 86' lang='grc' dir='ltr'>λόγον</span> <span class='ocrx_word' id='word_1_457' title='bbox 1336 3865 1731 3937; x_wconf 82' lang='grc' dir='ltr'>θεωρουμένοις</span> <span class='ocrx_word' id='word_1_458' title='bbox 1761 3868 1921 3921; x_wconf 83' lang='grc' dir='ltr'>ἐλαύ-</span> 
     </span>
    </p>
   </div>
   <div class='ocr_carea' id='block_1_70' title="bbox 331 3954 1922 4031">
    <p class='ocr_par' dir='ltr' id='par_1_70' title="bbox 331 3954 1922 4031">
     <span class='ocr_line' id='line_1_70' title="bbox 331 3954 1922 4031; baseline 0.007 -26"><span class='ocrx_word' id='word_1_459' title='bbox 331 3969 515 4007; x_wconf 85' lang='grc' dir='ltr'>νοντα.</span> <span class='ocrx_word' id='word_1_460' title='bbox 555 3954 845 4008; x_wconf 86' lang='grc' dir='ltr'>’Υπόθεσιν</span> <span class='ocrx_word' id='word_1_461' title='bbox 873 3956 918 4008; x_wconf 88' lang='grc' dir='ltr'>δ’</span> <span class='ocrx_word' id='word_1_462' title='bbox 939 3956 1073 4027; x_wconf 80' lang='grc' dir='ltr'>ἔχει.</span> <span class='ocrx_word' id='word_1_463' title='bbox 1105 3958 1187 4010; x_wconf 86' lang='grc' dir='ltr'>ὅτι</span> <span class='ocrx_word' id='word_1_464' title='bbox 1214 3958 1594 4027; x_wconf 82' lang='grc' dir='ltr'>βασιλεύοντος</span> <span class='ocrx_word' id='word_1_465' title='bbox 1634 3961 1922 4031; x_wconf 85' lang='grc' dir='ltr'>Ῥωμαίων</span> 
     </span>
    </p>
   </div>
   <div class='ocr_carea' id='block_1_71' title="bbox 331 4043 1919 4122">
    <p class='ocr_par' dir='ltr' id='par_1_71' title="bbox 331 4043 1919 4122">
     <span class='ocr_line' id='line_1_71' title="bbox 331 4043 1919 4122; baseline 0.008 -29"><span class='ocrx_word' id='word_1_466' title='bbox 331 4044 525 4096; x_wconf 85' lang='grc' dir='ltr'>Δεκίου</span> <span class='ocrx_word' id='word_1_467' title='bbox 556 4043 652 4096; x_wconf 62' lang='grc' dir='ltr'><strong>καὶ⁵</strong></span> <span class='ocrx_word' id='word_1_468' title='bbox 701 4045 1072 4115; x_wconf 75' lang='grc' dir='ltr'>Οὐαλεριανοῦ</span> <span class='ocrx_word' id='word_1_469' title='bbox 1125 4047 1484 4117; x_wconf 81' lang='grc' dir='ltr'>Περὲννιος⁷³</span> <span class='ocrx_word' id='word_1_470' title='bbox 1541 4048 1919 4122; x_wconf 79' lang='grc' dir='ltr'>δουκηνάριος,</span> 
     </span>
    </p>
   </div>
   <div class='ocr_carea' id='block_1_72' title="bbox 333 4135 1922 4209">
    <p class='ocr_par' dir='ltr' id='par_1_72' title="bbox 333 4135 1922 4209">
     <span class='ocr_line' id='line_1_72' title="bbox 333 4135 1922 4209; baseline 0.007 -21"><span class='ocrx_word' id='word_1_471' title='bbox 333 4137 670 4207; x_wconf 83' lang='grc' dir='ltr'>πρόσταγμα</span> <span class='ocrx_word' id='word_1_472' title='bbox 733 4135 915 4189; x_wconf 86' lang='grc' dir='ltr'>λαϐὼν</span> <span class='ocrx_word' id='word_1_473' title='bbox 966 4137 1095 4209; x_wconf 77' lang='grc' dir='ltr'>παρ’</span> <span class='ocrx_word' id='word_1_474' title='bbox 1133 4139 1336 4203; x_wconf 76' lang='grc' dir='ltr'>αὐτῶν,</span> <span class='ocrx_word' id='word_1_475' title='bbox 1396 4140 1605 4204; x_wconf 86' lang='grc' dir='ltr'>πάντας</span> <span class='ocrx_word' id='word_1_476' title='bbox 1647 4144 1771 4207; x_wconf 77' lang='grc' dir='ltr'>τοὺς</span> <span class='ocrx_word' id='word_1_477' title='bbox 1818 4145 1922 4199; x_wconf 81' lang='grc' dir='ltr'>ἀνά</span> 
     </span>
    </p>
   </div>
   <div class='ocr_carea' id='block_1_73' title="bbox 332 4224 1921 4300">
    <p class='ocr_par' dir='ltr' id='par_1_73' title="bbox 332 4224 1921 4300">
     <span class='ocr_line' id='line_1_73' title="bbox 332 4224 1921 4300; baseline 0.005 -24"><span class='ocrx_word' id='word_1_478' title='bbox 332 4228 426 4293; x_wconf 80' lang='grc' dir='ltr'>τὴν</span> <span class='ocrx_word' id='word_1_479' title='bbox 476 4224 703 4295; x_wconf 84' lang='grc' dir='ltr'>Ῥώμην</span> <span class='ocrx_word' id='word_1_480' title='bbox 738 4228 830 4278; x_wconf 72' lang='grc' dir='ltr'>καὶ</span> <span class='ocrx_word' id='word_1_481' title='bbox 883 4226 982 4289; x_wconf 76' lang='grc' dir='ltr'><strong>τὰς</strong></span> <span class='ocrx_word' id='word_1_482' title='bbox 1024 4227 1184 4296; x_wconf 79' lang='grc' dir='ltr'>πέριξ</span> <span class='ocrx_word' id='word_1_483' title='bbox 1238 4228 1511 4298; x_wconf 80' lang='grc' dir='ltr'>ἐπαρχίας</span> <span class='ocrx_word' id='word_1_484' title='bbox 1559 4230 1921 4300; x_wconf 75' lang='grc' dir='ltr'>Χριστιανοὺς</span> 
     </span>
    </p>
   </div>
   <div class='ocr_carea' id='block_1_74' title="bbox 337 4316 1921 4392">
    <p class='ocr_par' dir='ltr' id='par_1_74' title="bbox 337 4316 1921 4392">
     <span class='ocr_line' id='line_1_74' title="bbox 337 4316 1921 4392; baseline 0.006 -24"><span class='ocrx_word' id='word_1_485' title='bbox 337 4316 673 4387; x_wconf 81' lang='grc' dir='ltr'>βαρυτάταις</span> <span class='ocrx_word' id='word_1_486' title='bbox 718 4316 975 4387; x_wconf 86' lang='grc' dir='ltr'>βασάνοις</span> <span class='ocrx_word' id='word_1_487' title='bbox 1010 4320 1104 4371; x_wconf 73' lang='grc' dir='ltr'>καὶ</span> <span class='ocrx_word' id='word_1_488' title='bbox 1154 4321 1379 4389; x_wconf 84' lang='grc' dir='ltr'>πικραῖς</span> <span class='ocrx_word' id='word_1_489' title='bbox 1406 4322 1703 4392; x_wconf 85' lang='grc' dir='ltr'>τιμωρίαις</span> <span class='ocrx_word' id='word_1_490' title='bbox 1764 4324 1921 4378; x_wconf 80' lang='grc' dir='ltr'>εἰδω-</span> 
     </span>
    </p>
   </div>
   <div class='ocr_carea' id='block_1_75' title="bbox 335 4403 1918 4480">
    <p class='ocr_par' dir='ltr' id='par_1_75' title="bbox 335 4403 1918 4480">
     <span class='ocr_line' id='line_1_75' title="bbox 335 4403 1918 4480; baseline 0.008 -26"><span class='ocrx_word' id='word_1_491' title='bbox 335 4403 618 4476; x_wconf 88' lang='grc' dir='ltr'>λολατρεῖν</span> <span class='ocrx_word' id='word_1_492' title='bbox 658 4405 931 4469; x_wconf 80' lang='grc' dir='ltr'>ἐϐιάζετο.</span> <span class='ocrx_word' id='word_1_493' title='bbox 970 4408 1078 4459; x_wconf 75' lang='grc' dir='ltr'>Καὶ</span> <span class='ocrx_word' id='word_1_494' title='bbox 1116 4407 1300 4460; x_wconf 82' lang='grc' dir='ltr'>πολλοὶ</span> <span class='ocrx_word' id='word_1_495' title='bbox 1349 4411 1451 4480; x_wconf 80' lang='grc' dir='ltr'>μὲν</span> <span class='ocrx_word' id='word_1_496' title='bbox 1483 4412 1577 4463; x_wconf 71' lang='grc' dir='ltr'>καὶ</span> <span class='ocrx_word' id='word_1_497' title='bbox 1628 4412 1779 4467; x_wconf 80' lang='grc' dir='ltr'>ἄλλοι</span> <span class='ocrx_word' id='word_1_498' title='bbox 1829 4416 1918 4467; x_wconf 83' lang='grc' dir='ltr'>ἐν·</span> 
     </span>
    </p>
   </div>
   <div class='ocr_carea' id='block_1_76' title="bbox 336 4497 1918 4570">
    <p class='ocr_par' dir='ltr' id='par_1_76' title="bbox 336 4497 1918 4570">
     <span class='ocr_line' id='line_1_76' title="bbox 336 4497 1918 4570; baseline 0.007 -22"><span class='ocrx_word' id='word_1_499' title='bbox 336 4498 539 4551; x_wconf 85' lang='grc' dir='ltr'>εδίδουν</span> <span class='ocrx_word' id='word_1_500' title='bbox 570 4500 638 4569; x_wconf 78' lang='grc' dir='ltr'>τῇ</span> <span class='ocrx_word' id='word_1_501' title='bbox 670 4516 673 4521; x_wconf 59' lang='grc' dir='ltr'><strong>λ</strong></span> <span class='ocrx_word' id='word_1_502' title='bbox 706 4497 817 4567; x_wconf 80' lang='grc' dir='ltr'>βίᾳ,</span> <span class='ocrx_word' id='word_1_503' title='bbox 856 4499 950 4550; x_wconf 79' lang='grc' dir='ltr'><strong>καὶ</strong></span> <span class='ocrx_word' id='word_1_504' title='bbox 989 4498 1052 4568; x_wconf 84' lang='grc' dir='ltr'>δὴ</span> <span class='ocrx_word' id='word_1_505' title='bbox 1086 4500 1180 4553; x_wconf 78' lang='grc' dir='ltr'>καὶ</span> <span class='ocrx_word' id='word_1_506' title='bbox 1230 4502 1564 4566; x_wconf 81' lang='grc' dir='ltr'>Μακεδόνιος</span> <span class='ocrx_word' id='word_1_507' title='bbox 1618 4505 1918 4570; x_wconf 79' lang='grc' dir='ltr'>ἐπίσκοπος</span> 
     </span>
    </p>
   </div>
   <div class='ocr_carea' id='block_1_77' title="bbox 2024 3302 3603 3371">
    <p class='ocr_par' dir='ltr' id='par_1_77' title="bbox 2024 3302 3603 3371">
     <span class='ocr_line' id='line_1_77' title="bbox 2024 3302 3603 3371; baseline -0.011 1"><span class='ocrx_word' id='word_1_508' title='bbox 2024 3326 2173 3371; x_wconf 79' lang='lat' dir='ltr'><strong>secta</strong></span> <span class='ocrx_word' id='word_1_509' title='bbox 2225 3314 2470 3366; x_wconf 81' lang='lat' dir='ltr'><strong>feruntur</strong></span> <span class='ocrx_word' id='word_1_510' title='bbox 2513 3306 2967 3369; x_wconf 84' lang='lat' dir='ltr'><strong>commentarios,</strong></span> <span class='ocrx_word' id='word_1_511' title='bbox 3010 3315 3062 3359; x_wconf 94' lang='lat' dir='ltr'><strong>et</strong></span> <span class='ocrx_word' id='word_1_512' title='bbox 3103 3304 3238 3358; x_wconf 80' lang='lat' dir='ltr'><strong>falso</strong></span> <span class='ocrx_word' id='word_1_513' title='bbox 3285 3302 3603 3370; x_wconf 87' lang='lat' dir='ltr'><strong>Inscriptum</strong></span> 
     </span>
    </p>
   </div>
   <div class='ocr_carea' id='block_1_78' title="bbox 2027 3392 3603 3471">
    <p class='ocr_par' dir='ltr' id='par_1_78' title="bbox 2027 3392 3603 3471">
     <span class='ocr_line' id='line_1_78' title="bbox 2027 3392 3603 3471; baseline -0.011 -9"><span class='ocrx_word' id='word_1_514' title='bbox 2027 3407 2222 3462; x_wconf 79' lang='lat' dir='ltr'><strong>Navali</strong></span> <span class='ocrx_word' id='word_1_515' title='bbox 2270 3403 2491 3471; x_wconf 77' lang='lat' dir='ltr'><strong>episcopi</strong></span> <span class='ocrx_word' id='word_1_516' title='bbox 2550 3412 2851 3463; x_wconf 83' lang='lat' dir='ltr'><strong>certamen;</strong></span> <span class='ocrx_word' id='word_1_517' title='bbox 2915 3396 3229 3466; x_wconf 86' lang='lat' dir='ltr'><strong>episcopum</strong></span> <span class='ocrx_word' id='word_1_518' title='bbox 3291 3392 3403 3463; x_wconf 78' lang='lat'><strong>(33)</strong></span> <span class='ocrx_word' id='word_1_519' title='bbox 3457 3392 3603 3445; x_wconf 89' lang='lat' dir='ltr'><strong>enim</strong></span> 
     </span>
    </p>
   </div>
   <div class='ocr_carea' id='block_1_79' title="bbox 2024 3488 3607 3555">
    <p class='ocr_par' dir='ltr' id='par_1_79' title="bbox 2024 3488 3607 3555">
     <span class='ocr_line' id='line_1_79' title="bbox 2024 3488 3607 3555; baseline -0.011 -1"><span class='ocrx_word' id='word_1_520' title='bbox 2024 3501 2175 3555; x_wconf 90' lang='lat' dir='ltr'><strong>urbis</strong></span> <span class='ocrx_word' id='word_1_521' title='bbox 2202 3498 2387 3552; x_wconf 61' lang='lat' dir='ltr'><strong>Roma:</strong></span> <span class='ocrx_word' id='word_1_522' title='bbox 2428 3495 2594 3548; x_wconf 82' lang='lat' dir='ltr'><strong>fuisse</strong></span> <span class='ocrx_word' id='word_1_523' title='bbox 2634 3489 3057 3546; x_wconf 81' lang='lat' dir='ltr'><strong>haeresiarcham</strong></span> <span class='ocrx_word' id='word_1_524' title='bbox 3101 3488 3243 3541; x_wconf 90' lang='lat' dir='ltr'><strong>hunc</strong></span> <span class='ocrx_word' id='word_1_525' title='bbox 3286 3494 3607 3554; x_wconf 82' lang='lat' dir='ltr'><strong>arroganter</strong></span> 
     </span>
    </p>
   </div>
   <div class='ocr_carea' id='block_1_80' title="bbox 2020 3580 3607 3665">
    <p class='ocr_par' dir='ltr' id='par_1_80' title="bbox 2020 3580 3607 3665">
     <span class='ocr_line' id='line_1_80' title="bbox 2020 3580 3607 3665; baseline -0.011 -17"><span class='ocrx_word' id='word_1_526' title='bbox 2020 3594 2293 3665; x_wconf 70' lang='lat' dir='ltr'><strong>iactitant.</strong></span> <span class='ocrx_word' id='word_1_527' title='bbox 2352 3590 2491 3643; x_wconf 84' lang='lat' dir='ltr'><strong>Sunt</strong></span> <span class='ocrx_word' id='word_1_528' title='bbox 2550 3594 2729 3639; x_wconf 84' lang='lat' dir='ltr'><strong>autem</strong></span> <span class='ocrx_word' id='word_1_529' title='bbox 2795 3584 2847 3637; x_wconf 91' lang='lat' dir='ltr'><strong>hi</strong></span> <span class='ocrx_word' id='word_1_530' title='bbox 2906 3580 3283 3636; x_wconf 89' lang='lat' dir='ltr'><strong>commentarii</strong></span> <span class='ocrx_word' id='word_1_531' title='bbox 3350 3589 3607 3632; x_wconf 62' lang='lat' dir='ltr'><strong>extremm</strong></span> 
     </span>
    </p>
   </div>
   <div class='ocr_carea' id='block_1_81' title="bbox 2027 3669 3604 3745">
    <p class='ocr_par' dir='ltr' id='par_1_81' title="bbox 2027 3669 3604 3745">
     <span class='ocr_line' id='line_1_81' title="bbox 2027 3669 3604 3745; baseline -0.011 -6"><span class='ocrx_word' id='word_1_532' title='bbox 2027 3683 2296 3745; x_wconf 90' lang='lat' dir='ltr'><strong>utilitatis,</strong></span> <span class='ocrx_word' id='word_1_533' title='bbox 2349 3690 2462 3733; x_wconf 92' lang='lat' dir='ltr'><strong>tum</strong></span> <span class='ocrx_word' id='word_1_534' title='bbox 2518 3676 2847 3731; x_wconf 87' lang='lat' dir='ltr'><strong>dictionibus</strong></span> <span class='ocrx_word' id='word_1_535' title='bbox 2912 3690 2975 3729; x_wconf 91' lang='lat' dir='ltr'><strong>ac</strong></span> <span class='ocrx_word' id='word_1_536' title='bbox 3028 3689 3215 3735; x_wconf 89' lang='lat' dir='ltr'><strong>sensu,</strong></span> <span class='ocrx_word' id='word_1_537' title='bbox 3271 3682 3382 3725; x_wconf 90' lang='lat' dir='ltr'><strong>tum</strong></span> <span class='ocrx_word' id='word_1_538' title='bbox 3439 3669 3604 3723; x_wconf 87' lang='lat' dir='ltr'><strong>etiam</strong></span> 
     </span>
    </p>
   </div>
   <div class='ocr_carea' id='block_1_82' title="bbox 2026 3765 3607 3843">
    <p class='ocr_par' dir='ltr' id='par_1_82' title="bbox 2026 3765 3607 3843">
     <span class='ocr_line' id='line_1_82' title="bbox 2026 3765 3607 3843; baseline -0.009 -14"><span class='ocrx_word' id='word_1_539' title='bbox 2026 3773 2441 3843; x_wconf 88' lang='lat' dir='ltr'><strong>compositione,</strong></span> <span class='ocrx_word' id='word_1_540' title='bbox 2490 3769 2850 3835; x_wconf 83' lang='lat' dir='ltr'><strong>omnibusque</strong></span> <span class='ocrx_word' id='word_1_541' title='bbox 2901 3770 3036 3820; x_wconf 87' lang='lat' dir='ltr'><strong>adeo</strong></span> <span class='ocrx_word' id='word_1_542' title='bbox 3084 3780 3205 3833; x_wconf 76' lang='lat' dir='ltr'><strong>qua:</strong></span> <span class='ocrx_word' id='word_1_543' title='bbox 3250 3765 3303 3817; x_wconf 92' lang='lat' dir='ltr'><strong>in</strong></span> <span class='ocrx_word' id='word_1_544' title='bbox 3355 3776 3607 3818; x_wconf 90' lang='lat' dir='ltr'><strong>sermone</strong></span> 
     </span>
    </p>
   </div>
   <div class='ocr_carea' id='block_1_83' title="bbox 2025 3856 3608 3937">
    <p class='ocr_par' dir='ltr' id='par_1_83' title="bbox 2025 3856 3608 3937">
     <span class='ocr_line' id='line_1_83' title="bbox 2025 3856 3608 3937; baseline -0.009 -14"><span class='ocrx_word' id='word_1_545' title='bbox 2025 3874 2360 3937; x_wconf 88' lang='lat' dir='ltr'><strong>speetantur.</strong></span> <span class='ocrx_word' id='word_1_546' title='bbox 2406 3862 2605 3916; x_wconf 89' lang='lat' dir='ltr'><strong>Eorum</strong></span> <span class='ocrx_word' id='word_1_547' title='bbox 2656 3860 2782 3914; x_wconf 88' lang='lat' dir='ltr'><strong>illud</strong></span> <span class='ocrx_word' id='word_1_548' title='bbox 2826 3870 2909 3914; x_wconf 90' lang='lat' dir='ltr'><strong>est</strong></span> <span class='ocrx_word' id='word_1_549' title='bbox 2956 3866 3335 3928; x_wconf 84' lang='lat' dir='ltr'><strong>argumentum</strong></span> <span class='ocrx_word' id='word_1_550' title='bbox 3380 3856 3608 3924; x_wconf 79' lang='lat' dir='ltr'><strong>:lnipe-</strong></span> 
     </span>
    </p>
   </div>
   <div class='ocr_carea' id='block_1_84' title="bbox 2025 3947 3611 4014">
    <p class='ocr_par' dir='ltr' id='par_1_84' title="bbox 2025 3947 3611 4014">
     <span class='ocr_line' id='line_1_84' title="bbox 2025 3947 3611 4014; baseline -0.009 0"><span class='ocrx_word' id='word_1_551' title='bbox 2025 3956 2271 4014; x_wconf 82' lang='lat' dir='ltr'><strong>rantibiis</strong></span> <span class='ocrx_word' id='word_1_552' title='bbox 2304 3957 2486 4009; x_wconf 62' lang='lat' dir='ltr'><strong>Romae</strong></span> <span class='ocrx_word' id='word_1_553' title='bbox 2540 3953 2700 4007; x_wconf 86' lang='lat' dir='ltr'><strong>Decio</strong></span> <span class='ocrx_word' id='word_1_554' title='bbox 2727 3960 2781 4005; x_wconf 92' lang='lat' dir='ltr'><strong>et</strong></span> <span class='ocrx_word' id='word_1_555' title='bbox 2812 3951 3120 4011; x_wconf 85' lang='lat' dir='ltr'><strong>Valeriano,</strong></span> <span class='ocrx_word' id='word_1_556' title='bbox 3152 3947 3479 4002; x_wconf 83' lang='lat' dir='ltr'><strong>Percnniom</strong></span> <span class='ocrx_word' id='word_1_557' title='bbox 3509 3947 3579 4000; x_wconf 94' lang='lat' dir='ltr'><strong>du</strong></span> <span class='ocrx_word' id='word_1_558' title='bbox 3605 3976 3611 3982; x_wconf 93' lang='lat'><strong><em>-</em></strong></span> 
     </span>
    </p>
   </div>
   <div class='ocr_carea' id='block_1_85' title="bbox 2026 4042 3609 4116">
    <p class='ocr_par' dir='ltr' id='par_1_85' title="bbox 2026 4042 3609 4116">
     <span class='ocr_line' id='line_1_85' title="bbox 2026 4042 3609 4116; baseline -0.009 -10"><span class='ocrx_word' id='word_1_559' title='bbox 2026 4047 2468 4116; x_wconf 53' lang='lat' dir='ltr'><strong>eenarium(3~i),</strong></span> <span class='ocrx_word' id='word_1_560' title='bbox 2522 4054 2746 4113; x_wconf 89' lang='lat' dir='ltr'><strong>accepto</strong></span> <span class='ocrx_word' id='word_1_561' title='bbox 2800 4043 2867 4095; x_wconf 91' lang='lat' dir='ltr'><strong>ah</strong></span> <span class='ocrx_word' id='word_1_562' title='bbox 2920 4042 3052 4109; x_wconf 85' lang='lat' dir='ltr'><strong>ipsis</strong></span> <span class='ocrx_word' id='word_1_563' title='bbox 3095 4042 3609 4102; x_wconf 80' lang='lat' dir='ltr'><strong>mandato,omnes</strong></span> 
     </span>
    </p>
   </div>
   <div class='ocr_carea' id='block_1_86' title="bbox 2026 4127 3608 4200">
    <p class='ocr_par' dir='ltr' id='par_1_86' title="bbox 2026 4127 3608 4200">
     <span class='ocr_line' id='line_1_86' title="bbox 2026 4127 3608 4200; baseline -0.011 -4"><span class='ocrx_word' id='word_1_564' title='bbox 2026 4142 2284 4196; x_wconf 74' lang='lat' dir='ltr'><strong>Rmuauze</strong></span> <span class='ocrx_word' id='word_1_565' title='bbox 2321 4136 2492 4200; x_wconf 86' lang='lat' dir='ltr'><strong>urbis,</strong></span> <span class='ocrx_word' id='word_1_566' title='bbox 2543 4143 2596 4189; x_wconf 87' lang='lat' dir='ltr'><strong>et</strong></span> <span class='ocrx_word' id='word_1_567' title='bbox 2647 4131 3001 4187; x_wconf 84' lang='lat' dir='ltr'><strong>circumcirca</strong></span> <span class='ocrx_word' id='word_1_568' title='bbox 3058 4129 3281 4183; x_wconf 90' lang='lat' dir='ltr'><strong>ditionis</strong></span> <span class='ocrx_word' id='word_1_569' title='bbox 3335 4127 3608 4181; x_wconf 77' lang='lat' dir='ltr'><strong>Christia-</strong></span> 
     </span>
    </p>
   </div>
   <div class='ocr_carea' id='block_1_87' title="bbox 2030 4222 3608 4300">
    <p class='ocr_par' dir='ltr' id='par_1_87' title="bbox 2030 4222 3608 4300">
     <span class='ocr_line' id='line_1_87' title="bbox 2030 4222 3608 4300; baseline -0.01 -10"><span class='ocrx_word' id='word_1_570' title='bbox 2030 4251 2150 4297; x_wconf 90' lang='lat' dir='ltr'><strong>nos,</strong></span> <span class='ocrx_word' id='word_1_571' title='bbox 2198 4231 2490 4300; x_wconf 80' lang='lat' dir='ltr'><strong>exquisitis</strong></span> <span class='ocrx_word' id='word_1_572' title='bbox 2558 4227 2890 4282; x_wconf 88' lang='lat' dir='ltr'><strong>cruciatibus</strong></span> <span class='ocrx_word' id='word_1_573' title='bbox 2943 4225 3227 4292; x_wconf 75' lang='lat' dir='ltr'><strong>pomisque</strong></span> <span class='ocrx_word' id='word_1_574' title='bbox 3275 4222 3489 4277; x_wconf 86' lang='lat' dir='ltr'><strong>acerbis</strong></span> <span class='ocrx_word' id='word_1_575' title='bbox 3541 4223 3608 4275; x_wconf 90' lang='lat' dir='ltr'><strong>ad</strong></span> 
     </span>
    </p>
   </div>
   <div class='ocr_carea' id='block_1_88' title="bbox 2028 4313 3609 4388">
    <p class='ocr_par' dir='ltr' id='par_1_88' title="bbox 2028 4313 3609 4388">
     <span class='ocr_line' id='line_1_88' title="bbox 2028 4313 3609 4388; baseline -0.011 -6"><span class='ocrx_word' id='word_1_576' title='bbox 2028 4327 2294 4382; x_wconf 87' lang='lat' dir='ltr'><strong>idolorum</strong></span> <span class='ocrx_word' id='word_1_577' title='bbox 2349 4322 2552 4377; x_wconf 91' lang='lat' dir='ltr'><strong>cultum</strong></span> <span class='ocrx_word' id='word_1_578' title='bbox 2604 4333 2699 4388; x_wconf 91' lang='lat' dir='ltr'><strong>per</strong></span> <span class='ocrx_word' id='word_1_579' title='bbox 2750 4318 2854 4370; x_wconf 90' lang='lat' dir='ltr'><strong>vim</strong></span> <span class='ocrx_word' id='word_1_580' title='bbox 2900 4315 3227 4384; x_wconf 90' lang='lat' dir='ltr'><strong>compulisse</strong></span> <span class='ocrx_word' id='word_1_581' title='bbox 3263 4334 3275 4368; x_wconf 90' lang='lat'>:</span> <span class='ocrx_word' id='word_1_582' title='bbox 3310 4322 3363 4368; x_wconf 90' lang='lat' dir='ltr'><strong>et</strong></span> <span class='ocrx_word' id='word_1_583' title='bbox 3411 4313 3609 4366; x_wconf 90' lang='lat' dir='ltr'><strong>multos</strong></span> 
     </span>
    </p>
   </div>
   <div class='ocr_carea' id='block_1_89' title="bbox 2028 4406 3612 4489">
    <p class='ocr_par' dir='ltr' id='par_1_89' title="bbox 2028 4406 3612 4489">
     <span class='ocr_line' id='line_1_89' title="bbox 2028 4406 3612 4489; baseline -0.007 -20"><span class='ocrx_word' id='word_1_584' title='bbox 2028 4418 2245 4489; x_wconf 90' lang='lat' dir='ltr'><strong>quidem</strong></span> <span class='ocrx_word' id='word_1_585' title='bbox 2296 4414 2430 4467; x_wconf 88' lang='lat' dir='ltr'><strong>alios</strong></span> <span class='ocrx_word' id='word_1_586' title='bbox 2465 4410 2749 4464; x_wconf 90' lang='lat' dir='ltr'><strong>tormentis</strong></span> <span class='ocrx_word' id='word_1_587' title='bbox 2794 4408 3054 4473; x_wconf 89' lang='lat' dir='ltr'><strong>cessisse;</strong></span> <span class='ocrx_word' id='word_1_588' title='bbox 3102 4407 3154 4459; x_wconf 95' lang='lat' dir='ltr'><strong>in</strong></span> <span class='ocrx_word' id='word_1_589' title='bbox 3209 4406 3292 4460; x_wconf 86' lang='lat' dir='ltr'><strong>his</strong></span> <span class='ocrx_word' id='word_1_590' title='bbox 3333 4412 3512 4457; x_wconf 87' lang='lat' dir='ltr'><strong>autem</strong></span> <span class='ocrx_word' id='word_1_591' title='bbox 3554 4415 3612 4458; x_wconf 87' lang='lat' dir='ltr'><strong>et</strong></span> 
     </span>
    </p>
   </div>
   <div class='ocr_carea' id='block_1_90' title="bbox 2027 4493 3611 4570">
    <p class='ocr_par' dir='ltr' id='par_1_90' title="bbox 2027 4493 3611 4570">
     <span class='ocr_line' id='line_1_90' title="bbox 2027 4493 3611 4570; baseline -0.011 -8"><span class='ocrx_word' id='word_1_592' title='bbox 2027 4504 2402 4562; x_wconf 79' lang='lat' dir='ltr'><strong>Macedoniqu</strong></span> <span class='ocrx_word' id='word_1_593' title='bbox 2438 4500 2573 4570; x_wconf 79' lang='lat'><strong>(53).</strong></span> <span class='ocrx_word' id='word_1_594' title='bbox 2614 4498 2706 4567; x_wconf 91' lang='lat' dir='ltr'><strong>qui</strong></span> <span class='ocrx_word' id='word_1_595' title='bbox 2754 4506 2864 4549; x_wconf 87' lang='lat' dir='ltr'><strong>tmn</strong></span> <span class='ocrx_word' id='word_1_596' title='bbox 2902 4496 3051 4549; x_wconf 90' lang='lat' dir='ltr'><strong>urbis</strong></span> <span class='ocrx_word' id='word_1_597' title='bbox 3098 4493 3283 4546; x_wconf 70' lang='lat' dir='ltr'><strong>Romae</strong></span> <span class='ocrx_word' id='word_1_598' title='bbox 3322 4494 3611 4561; x_wconf 86' lang='lat' dir='ltr'><strong>episcopus</strong></span> 
     </span>
    </p>
   </div>
   <div class='ocr_carea' id='block_1_91' title="bbox 336 4582 1917 4670">
    <p class='ocr_par' dir='ltr' id='par_1_91' title="bbox 336 4588 1917 4670">
     <span class='ocr_line' id='line_1_91' title="bbox 336 4588 1917 4670; baseline 0.008 -29"><span class='ocrx_word' id='word_1_599' title='bbox 336 4588 405 4641; x_wconf 80' lang='grc' dir='ltr'>ὢν</span> <span class='ocrx_word' id='word_1_600' title='bbox 432 4590 696 4661; x_wconf 86' lang='grc' dir='ltr'>τηνικάδε</span> <span class='ocrx_word' id='word_1_601' title='bbox 738 4589 977 4661; x_wconf 84' lang='grc' dir='ltr'>Ῥώμης,</span> <span class='ocrx_word' id='word_1_602' title='bbox 1005 4591 1144 4663; x_wconf 76' lang='grc' dir='ltr'>ἔχων</span> <span class='ocrx_word' id='word_1_603' title='bbox 1176 4594 1265 4663; x_wconf 83' lang='grc' dir='ltr'>ὑφ’</span> <span class='ocrx_word' id='word_1_604' title='bbox 1292 4595 1484 4649; x_wconf 78' lang='grc' dir='ltr'>ἑαυτὸν</span> <span class='ocrx_word' id='word_1_605' title='bbox 1516 4597 1917 4670; x_wconf 85' lang='grc' dir='ltr'>πρεσϐυτέρους</span> 
     </span>
    </p>
   </div>
   <div class='ocr_carea' id='block_1_92' title="bbox 2021 4582 3606 4670">
    <p class='ocr_par' dir='ltr' id='par_1_92' title="bbox 2030 4582 3606 4658">
     <span class='ocr_line' id='line_1_92' title="bbox 2030 4582 3606 4658; baseline -0.013 -3"><span class='ocrx_word' id='word_1_606' title='bbox 2030 4614 2221 4655; x_wconf 88' lang='lat' dir='ltr'><strong>novem</strong></span> <span class='ocrx_word' id='word_1_607' title='bbox 2271 4594 2373 4648; x_wconf 91' lang='lat' dir='ltr'><strong>sihi</strong></span> <span class='ocrx_word' id='word_1_608' title='bbox 2422 4592 2668 4646; x_wconf 85' lang='lat' dir='ltr'><strong>subditos</strong></span> <span class='ocrx_word' id='word_1_609' title='bbox 2716 4588 3062 4658; x_wconf 90' lang='lat' dir='ltr'><strong>presbyteros</strong></span> <span class='ocrx_word' id='word_1_610' title='bbox 3109 4585 3222 4655; x_wconf 82' lang='lat'><strong>(&#39;56)</strong></span> <span class='ocrx_word' id='word_1_611' title='bbox 3270 4583 3524 4645; x_wconf 88' lang='lat' dir='ltr'><strong>habebat,</strong></span> <span class='ocrx_word' id='word_1_612' title='bbox 3554 4582 3606 4634; x_wconf 90' lang='lat' dir='ltr'><strong>iu</strong></span> 
     </span>
    </p>
   </div>
   <div class='ocr_carea' id='block_1_93' title="bbox 338 4676 1923 4758">
    <p class='ocr_par' dir='ltr' id='par_1_93' title="bbox 338 4676 1923 4758">
     <span class='ocr_line' id='line_1_93' title="bbox 338 4676 1923 4758; baseline 0.011 -27"><span class='ocrx_word' id='word_1_613' title='bbox 338 4680 399 4747; x_wconf 83' lang='grc' dir='ltr'>θ’,</span> <span class='ocrx_word' id='word_1_614' title='bbox 427 4676 509 4737; x_wconf 83' lang='grc' dir='ltr'>ὧν</span> <span class='ocrx_word' id='word_1_615' title='bbox 540 4678 622 4745; x_wconf 78' lang='grc' dir='ltr'>εἷς</span> <span class='ocrx_word' id='word_1_616' title='bbox 651 4683 903 4747; x_wconf 87' lang='grc' dir='ltr'>Ναυάτος</span> <span class='ocrx_word' id='word_1_617' title='bbox 941 4680 1009 4755; x_wconf 81' lang='grc' dir='ltr'>ἦν</span> <span class='ocrx_word' id='word_1_618' title='bbox 1037 4702 1051 4714; x_wconf 76' lang='grc'><strong><em>⁸</em></strong></span> <span class='ocrx_word' id='word_1_619' title='bbox 1090 4687 1205 4738; x_wconf 85' lang='grc' dir='ltr'>ἀλλ’</span> <span class='ocrx_word' id='word_1_620' title='bbox 1235 4689 1263 4740; x_wconf 84' lang='grc' dir='ltr'>ὃ</span> <span class='ocrx_word' id='word_1_621' title='bbox 1318 4706 1380 4757; x_wconf 89' lang='grc' dir='ltr'><strong>γε</strong></span> <span class='ocrx_word' id='word_1_622' title='bbox 1431 4692 1768 4758; x_wconf 82' lang='grc' dir='ltr'>Μακεδόνιος</span> <span class='ocrx_word' id='word_1_623' title='bbox 1826 4698 1923 4749; x_wconf 82' lang='grc' dir='ltr'><strong>σὺν</strong></span> 
     </span>
    </p>
   </div>
   <div class='ocr_carea' id='block_1_94' title="bbox 338 4770 1922 4853">
    <p class='ocr_par' dir='ltr' id='par_1_94' title="bbox 338 4770 1922 4853">
     <span class='ocr_line' id='line_1_94' title="bbox 338 4770 1922 4853; baseline 0.01 -30"><span class='ocrx_word' id='word_1_624' title='bbox 338 4775 446 4835; x_wconf 87' lang='grc' dir='ltr'>τοῖς</span> <span class='ocrx_word' id='word_1_625' title='bbox 492 4770 541 4844; x_wconf 85' lang='grc' dir='ltr'>η’</span> <span class='ocrx_word' id='word_1_626' title='bbox 589 4773 901 4837; x_wconf 84' lang='grc' dir='ltr'>ὲπιτέθυκε,</span> <span class='ocrx_word' id='word_1_627' title='bbox 937 4775 1101 4842; x_wconf 89' lang='grc' dir='ltr'>μόνου</span> <span class='ocrx_word' id='word_1_628' title='bbox 1132 4776 1387 4831; x_wconf 84' lang='grc' dir='ltr'>Ναυάτου</span> <span class='ocrx_word' id='word_1_629' title='bbox 1428 4780 1519 4832; x_wconf 85' lang='grc' dir='ltr'>τὸν</span> <span class='ocrx_word' id='word_1_630' title='bbox 1568 4781 1796 4853; x_wconf 74' lang='grc' dir='ltr'>ὄλεθρον</span> <span class='ocrx_word' id='word_1_631' title='bbox 1832 4786 1922 4838; x_wconf 84' lang='grc' dir='ltr'><strong>τὸν</strong></span> 
     </span>
    </p>
   </div>
   <div class='ocr_carea' id='block_1_95' title="bbox 338 4862 1922 4942">
    <p class='ocr_par' dir='ltr' id='par_1_95' title="bbox 338 4862 1922 4942">
     <span class='ocr_line' id='line_1_95' title="bbox 338 4862 1922 4942; baseline 0.011 -30"><span class='ocrx_word' id='word_1_632' title='bbox 338 4862 566 4934; x_wconf 68' lang='grc' dir='ltr'>ψυχικὸν</span> <span class='ocrx_word' id='word_1_633' title='bbox 613 4863 985 4933; x_wconf 85' lang='grc' dir='ltr'>διαφυγόντος.</span> <span class='ocrx_word' id='word_1_634' title='bbox 1047 4866 1129 4919; x_wconf 84' lang='grc' dir='ltr'><strong>Τὰ</strong></span> <span class='ocrx_word' id='word_1_635' title='bbox 1186 4868 1287 4936; x_wconf 85' lang='grc' dir='ltr'><strong>μὲν</strong></span> <span class='ocrx_word' id='word_1_636' title='bbox 1331 4870 1701 4942; x_wconf 84' lang='grc' dir='ltr'>ὑπομνήματα</span> <span class='ocrx_word' id='word_1_637' title='bbox 1762 4876 1922 4930; x_wconf 83' lang='grc' dir='ltr'>τοῦτο</span> 
     </span>
    </p>
   </div>
   <div class='ocr_carea' id='block_1_96' title="bbox 2025 4675 3609 4761">
    <p class='ocr_par' dir='ltr' id='par_1_96' title="bbox 2025 4675 3609 4761">
     <span class='ocr_line' id='line_1_96' title="bbox 2025 4675 3609 4761; baseline -0.011 -15"><span class='ocrx_word' id='word_1_638' title='bbox 2025 4692 2225 4761; x_wconf 90' lang='lat' dir='ltr'><strong>quibus</strong></span> <span class='ocrx_word' id='word_1_639' title='bbox 2255 4685 2495 4740; x_wconf 84' lang='lat' dir='ltr'><strong>Navatus</strong></span> <span class='ocrx_word' id='word_1_640' title='bbox 2536 4697 2675 4735; x_wconf 92' lang='lat' dir='ltr'><strong>unus</strong></span> <span class='ocrx_word' id='word_1_641' title='bbox 2713 4689 2852 4735; x_wconf 87' lang='lat' dir='ltr'><strong>erat.</strong></span> <span class='ocrx_word' id='word_1_642' title='bbox 2889 4677 3258 4732; x_wconf 86' lang='lat' dir='ltr'><strong>Macedonium</strong></span> <span class='ocrx_word' id='word_1_643' title='bbox 3299 4690 3427 4741; x_wconf 75' lang='lat' dir='ltr'><strong>ergo</strong></span> <span class='ocrx_word' id='word_1_644' title='bbox 3467 4675 3609 4729; x_wconf 88' lang='lat' dir='ltr'><strong>hunc</strong></span> 
     </span>
    </p>
   </div>
   <div class='ocr_carea' id='block_1_97' title="bbox 2023 4768 3607 4838">
    <p class='ocr_par' dir='ltr' id='par_1_97' title="bbox 2023 4768 3607 4838">
     <span class='ocr_line' id='line_1_97' title="bbox 2023 4768 3607 4838; baseline -0.011 -2"><span class='ocrx_word' id='word_1_645' title='bbox 2023 4799 2146 4838; x_wconf 90' lang='lat' dir='ltr'><strong>cum</strong></span> <span class='ocrx_word' id='word_1_646' title='bbox 2178 4781 2284 4835; x_wconf 87' lang='lat' dir='ltr'><strong>illis</strong></span> <span class='ocrx_word' id='word_1_647' title='bbox 2317 4789 2440 4833; x_wconf 89' lang='lat' dir='ltr'><strong>octo</strong></span> <span class='ocrx_word' id='word_1_648' title='bbox 2473 4776 2836 4837; x_wconf 87' lang='lat' dir='ltr'><strong>sacrilieasse,</strong></span> <span class='ocrx_word' id='word_1_649' title='bbox 2868 4786 2974 4824; x_wconf 93' lang='lat' dir='ltr'><strong>uno</strong></span> <span class='ocrx_word' id='word_1_650' title='bbox 3004 4769 3209 4823; x_wconf 87' lang='lat' dir='ltr'><strong>Navato</strong></span> <span class='ocrx_word' id='word_1_651' title='bbox 3240 4768 3435 4821; x_wconf 78' lang='lat' dir='ltr'><strong>animae</strong></span> <span class='ocrx_word' id='word_1_652' title='bbox 3463 4783 3607 4820; x_wconf 84' lang='lat' dir='ltr'><strong>mor-</strong></span> 
     </span>
    </p>
   </div>
   <div class='ocr_carea' id='block_1_98' title="bbox 2025 4860 3605 4941">
    <p class='ocr_par' dir='ltr' id='par_1_98' title="bbox 2025 4860 3605 4941">
     <span class='ocr_line' id='line_1_98' title="bbox 2025 4860 3605 4941; baseline -0.01 -11"><span class='ocrx_word' id='word_1_653' title='bbox 2025 4886 2134 4930; x_wconf 87' lang='lat' dir='ltr'><strong>tem</strong></span> <span class='ocrx_word' id='word_1_654' title='bbox 2200 4872 2508 4941; x_wconf 72' lang='lat' dir='ltr'><strong>eil‘ugieute.</strong></span> <span class='ocrx_word' id='word_1_655' title='bbox 2568 4865 2695 4921; x_wconf 87' lang='lat' dir='ltr'><strong>llaec</strong></span> <span class='ocrx_word' id='word_1_656' title='bbox 2760 4863 3134 4920; x_wconf 90' lang='lat' dir='ltr'><strong>commentarii</strong></span> <span class='ocrx_word' id='word_1_657' title='bbox 3200 4862 3275 4941; x_wconf 77' lang='lat' dir='ltr'><strong>illi</strong></span> <span class='ocrx_word' id='word_1_658' title='bbox 3341 4860 3605 4928; x_wconf 79' lang='lat' dir='ltr'><strong>referunt,</strong></span> 
     </span>
    </p>
   </div>
   <div class='ocr_carea' id='block_1_99' title="bbox 1650 5008 2327 5069">
    <p class='ocr_par' dir='ltr' id='par_1_99' title="bbox 1650 5008 2327 5069">
     <span class='ocr_line' id='line_1_99' title="bbox 1650 5008 2327 5069; baseline 0 -8"><span class='ocrx_word' id='word_1_659' title='bbox 1650 5009 1888 5067; x_wconf 72' lang='lat' dir='ltr'><strong>VARIAS</strong></span> <span class='ocrx_word' id='word_1_660' title='bbox 1916 5008 2327 5069; x_wconf 87' lang='lat' dir='ltr'><strong>LECTIONES.</strong></span> 
     </span>
    </p>
   </div>
   <div class='ocr_carea' id='block_1_100' title="bbox 408 5091 1207 5157">
    <p class='ocr_par' dir='ltr' id='par_1_100' title="bbox 408 5091 1207 5157">
     <span class='ocr_line' id='line_1_100' title="bbox 408 5091 1207 5157; baseline 0.013 -15"><span class='ocrx_word' id='word_1_661' title='bbox 408 5091 452 5121; x_wconf 80' lang='lat'><strong>&quot;</strong></span> <span class='ocrx_word' id='word_1_662' title='bbox 481 5092 653 5157; x_wconf 86' lang='grc' dir='ltr'>τάφον</span> <span class='ocrx_word' id='word_1_663' title='bbox 678 5108 738 5153; x_wconf 79' lang='grc' dir='ltr'>ς.</span> <span class='ocrx_word' id='word_1_664' title='bbox 817 5092 863 5123; x_wconf 80' lang='grc'>⁷⁰</span> <span class='ocrx_word' id='word_1_665' title='bbox 880 5094 972 5146; x_wconf 87' lang='grc' dir='ltr'><strong>τὸν</strong></span> <span class='ocrx_word' id='word_1_666' title='bbox 992 5096 1115 5151; x_wconf 90' lang='lat' dir='ltr'><strong>add.</strong></span> <span class='ocrx_word' id='word_1_667' title='bbox 1144 5098 1207 5151; x_wconf 83' lang='lat' dir='ltr'><strong>A.</strong></span> 
     </span>
    </p>
   </div>
   <div class='ocr_carea' id='block_1_101' title="bbox 347 5162 907 5232">
    <p class='ocr_par' dir='ltr' id='par_1_101' title="bbox 347 5162 907 5232">
     <span class='ocr_line' id='line_1_101' title="bbox 347 5162 907 5232; baseline -0.002 -16"><span class='ocrx_word' id='word_1_668' title='bbox 347 5178 403 5224; x_wconf 86' lang='grc' dir='ltr'><strong>ς’.</strong></span> <span class='ocrx_word' id='word_1_669' title='bbox 480 5162 524 5192; x_wconf 85' lang='grc'><strong>⁷³</strong></span> <span class='ocrx_word' id='word_1_670' title='bbox 556 5162 812 5232; x_wconf 79' lang='grc' dir='ltr'>Περὲνιος</span> <span class='ocrx_word' id='word_1_671' title='bbox 839 5162 907 5215; x_wconf 82' lang='grc' dir='ltr'><strong>Α.</strong></span> 
     </span>
    </p>
   </div>
   <div class='ocr_carea' id='block_1_102' title="bbox 1288 5092 2684 5161">
    <p class='ocr_par' dir='ltr' id='par_1_102' title="bbox 1288 5092 2684 5161">
     <span class='ocr_line' id='line_1_102' title="bbox 1288 5092 2684 5161; baseline -0.004 -11"><span class='ocrx_word' id='word_1_672' title='bbox 1288 5099 1329 5129; x_wconf 87' lang='grc'>⁷¹</span> <span class='ocrx_word' id='word_1_673' title='bbox 1361 5098 1554 5161; x_wconf 86' lang='grc' dir='ltr'>κοινῶς</span> <span class='ocrx_word' id='word_1_674' title='bbox 1584 5099 1676 5152; x_wconf 76' lang='grc' dir='ltr'>τοῦ</span> <span class='ocrx_word' id='word_1_675' title='bbox 1712 5100 1968 5155; x_wconf 86' lang='grc' dir='ltr'>Ναυάτου</span> <span class='ocrx_word' id='word_1_676' title='bbox 1992 5102 2038 5155; x_wconf 81' lang='grc' dir='ltr'>Α</span> <span class='ocrx_word' id='word_1_677' title='bbox 2064 5119 2079 5155; x_wconf 90' lang='lat'><strong>:</strong></span> <span class='ocrx_word' id='word_1_678' title='bbox 2110 5100 2367 5154; x_wconf 86' lang='grc' dir='ltr'>Ναυάτου</span> <span class='ocrx_word' id='word_1_679' title='bbox 2399 5092 2594 5158; x_wconf 87' lang='grc' dir='ltr'>κοινῶς</span> <span class='ocrx_word' id='word_1_680' title='bbox 2624 5111 2684 5158; x_wconf 82' lang='grc' dir='ltr'>ς.</span> 
     </span>
    </p>
   </div>
   <div class='ocr_carea' id='block_1_103' title="bbox 2766 5093 3611 5166">
    <p class='ocr_par' dir='ltr' id='par_1_103' title="bbox 2766 5093 3611 5166">
     <span class='ocr_line' id='line_1_103' title="bbox 2766 5093 3611 5166; baseline 0.007 -22"><span class='ocrx_word' id='word_1_681' title='bbox 2766 5095 2811 5125; x_wconf 74' lang='grc' dir='ltr'><strong>τ’</strong></span> <span class='ocrx_word' id='word_1_682' title='bbox 2836 5093 2995 5163; x_wconf 89' lang='grc' dir='ltr'>μόνον</span> <span class='ocrx_word' id='word_1_683' title='bbox 3009 5123 3080 5132; x_wconf 92' lang='lat'><strong>——</strong></span> <span class='ocrx_word' id='word_1_684' title='bbox 3099 5096 3611 5166; x_wconf 82' lang='grc' dir='ltr'>προσνενοσηκότων</span> 
     </span>
    </p>
   </div>
   <div class='ocr_carea' id='block_1_104' title="bbox 1868 5236 2106 5293">
    <p class='ocr_par' dir='ltr' id='par_1_104' title="bbox 1868 5236 2106 5293">
     <span class='ocr_line' id='line_1_104' title="bbox 1868 5236 2106 5293; baseline 0.004 -2"><span class='ocrx_word' id='word_1_685' title='bbox 1868 5236 2106 5293; x_wconf 75' lang='grc' dir='ltr'><strong>ΝΟΤᾹΞ.</strong></span> 
     </span>
    </p>
   </div>
   <div class='ocr_carea' id='block_1_105' title="bbox 413 5327 1142 5397">
    <p class='ocr_par' dir='ltr' id='par_1_105' title="bbox 413 5327 1142 5397">
     <span class='ocr_line' id='line_1_105' title="bbox 413 5327 1142 5397; baseline 0.004 -17"><span class='ocrx_word' id='word_1_686' title='bbox 413 5327 526 5397; x_wconf 73' lang='lat'><strong>(32)</strong></span> <span class='ocrx_word' id='word_1_687' title='bbox 560 5329 693 5385; x_wconf 87' lang='lat' dir='ltr'><strong>Vide</strong></span> <span class='ocrx_word' id='word_1_688' title='bbox 720 5330 817 5386; x_wconf 82' lang='lat' dir='ltr'><strong>inf.</strong></span> <span class='ocrx_word' id='word_1_689' title='bbox 855 5332 975 5386; x_wconf 88' lang='lat' dir='ltr'><strong>cod.</strong></span> <span class='ocrx_word' id='word_1_690' title='bbox 1013 5331 1142 5386; x_wconf 72' lang='lat'><strong>280.</strong></span> 
     </span>
    </p>
   </div>
   <div class='ocr_carea' id='block_1_106' title="bbox 414 5399 1923 5471">
    <p class='ocr_par' dir='ltr' id='par_1_106' title="bbox 414 5399 1923 5471">
     <span class='ocr_line' id='line_1_106' title="bbox 414 5399 1923 5471; baseline 0.007 -20"><span class='ocrx_word' id='word_1_691' title='bbox 414 5399 526 5467; x_wconf 73' lang='lat'><strong>(53)</strong></span> <span class='ocrx_word' id='word_1_692' title='bbox 570 5400 673 5453; x_wconf 87' lang='lat' dir='ltr'><strong>Per</strong></span> <span class='ocrx_word' id='word_1_693' title='bbox 717 5403 979 5465; x_wconf 89' lang='lat' dir='ltr'><strong>schisma,</strong></span> <span class='ocrx_word' id='word_1_694' title='bbox 1017 5403 1177 5471; x_wconf 89' lang='lat' dir='ltr'><strong>cujus</strong></span> <span class='ocrx_word' id='word_1_695' title='bbox 1228 5402 1315 5456; x_wconf 89' lang='lat' dir='ltr'><strong>hic</strong></span> <span class='ocrx_word' id='word_1_696' title='bbox 1367 5405 1418 5458; x_wconf 91' lang='lat' dir='ltr'><strong>in</strong></span> <span class='ocrx_word' id='word_1_697' title='bbox 1475 5403 1634 5460; x_wconf 83' lang='lat' dir='ltr'><strong>Rom.</strong></span> <span class='ocrx_word' id='word_1_698' title='bbox 1682 5406 1923 5461; x_wconf 85' lang='lat' dir='ltr'><strong>Ecclesia</strong></span> 
     </span>
    </p>
   </div>
   <div class='ocr_carea' id='block_1_107' title="bbox 350 5470 1924 5591">
    <p class='ocr_par' dir='ltr' id='par_1_107' title="bbox 350 5470 1924 5591">
     <span class='ocr_line' id='line_1_107' title="bbox 350 5470 1924 5591; baseline 0.009 -74"><span class='ocrx_word' id='word_1_699' title='bbox 350 5470 780 5591; x_wconf 50' lang='lat' dir='ltr'><strong>priuatustattctor</strong></span> <span class='ocrx_word' id='word_1_700' title='bbox 824 5470 1091 5527; x_wconf 87' lang='lat' dir='ltr'><strong>adversus</strong></span> <span class='ocrx_word' id='word_1_701' title='bbox 1114 5474 1424 5529; x_wconf 84' lang='lat' dir='ltr'><strong>Cornelium</strong></span> <span class='ocrx_word' id='word_1_702' title='bbox 1474 5473 1795 5531; x_wconf 83' lang='lat' dir='ltr'><strong>Pontiﬁcem</strong></span> <span class='ocrx_word' id='word_1_703' title='bbox 1843 5478 1924 5531; x_wconf 90' lang='lat' dir='ltr'><strong>in-</strong></span> 
     </span>
     <span class='ocr_line' id='line_1_108' title="bbox 351 5552 604 5591; baseline 0.016 -3"><span class='ocrx_word' id='word_1_704' title='bbox 351 5552 553 5591; x_wconf 73' lang='lat' dir='ltr'><strong>surrem</strong></span> <span class='ocrx_word' id='word_1_705' title='bbox 590 5583 604 5591; x_wconf 90' lang='lat'><strong>.</strong></span> 
     </span>
    </p>
   </div>
   <div class='ocr_carea' id='block_1_108' title="bbox 351 5552 604 5596">
    <p class='ocr_par' dir='ltr' id='par_1_108' title="bbox 351 5552 604 5596">
     <span class='ocr_line' id='line_1_109' title="bbox 351 5552 604 5596; baseline 0.028 -8"><span class='ocrx_word' id='word_1_706' title='bbox 351 5552 604 5596; x_wconf 69' lang='lat' dir='ltr'><strong>SUI‘I‘CXIL</strong></span> 
     </span>
    </p>
   </div>
   <div class='ocr_carea' id='block_1_109' title="bbox 415 5607 1921 5687">
    <p class='ocr_par' dir='ltr' id='par_1_109' title="bbox 415 5607 1921 5687">
     <span class='ocr_line' id='line_1_110' title="bbox 415 5607 1921 5687; baseline 0.008 -27"><span class='ocrx_word' id='word_1_707' title='bbox 415 5607 528 5679; x_wconf 73' lang='grc'><strong>(54)</strong></span> <span class='ocrx_word' id='word_1_708' title='bbox 568 5612 647 5663; x_wconf 89' lang='lat' dir='ltr'><strong>lta</strong></span> <span class='ocrx_word' id='word_1_709' title='bbox 673 5611 827 5687; x_wconf 70' lang='lat' dir='ltr'><strong>dicti,</strong></span> <span class='ocrx_word' id='word_1_710' title='bbox 864 5613 1096 5687; x_wconf 83' lang='lat' dir='ltr'><strong>instituti</strong></span> <span class='ocrx_word' id='word_1_711' title='bbox 1131 5616 1198 5667; x_wconf 87' lang='lat' dir='ltr'><strong>ab</strong></span> <span class='ocrx_word' id='word_1_712' title='bbox 1226 5617 1472 5684; x_wconf 87' lang='lat' dir='ltr'><strong>Augusto</strong></span> <span class='ocrx_word' id='word_1_713' title='bbox 1502 5616 1716 5685; x_wconf 89' lang='lat' dir='ltr'><strong>judices</strong></span> <span class='ocrx_word' id='word_1_714' title='bbox 1744 5616 1921 5687; x_wconf 87' lang='lat' dir='ltr'><strong>(Suet.</strong></span> 
     </span>
    </p>
   </div>
   <div class='ocr_carea' id='block_1_110' title="bbox 354 5678 1916 5756">
    <p class='ocr_par' dir='ltr' id='par_1_110' title="bbox 354 5678 1916 5756">
     <span class='ocr_line' id='line_1_111' title="bbox 354 5678 1916 5756; baseline 0.008 -28"><span class='ocrx_word' id='word_1_715' title='bbox 354 5678 479 5756; x_wconf 45' lang='grc' dir='ltr'><strong>με.</strong></span> <span class='ocrx_word' id='word_1_716' title='bbox 512 5681 788 5756; x_wconf 63' lang='lat' dir='ltr'><strong>cap.__5‘2_),</strong></span> <span class='ocrx_word' id='word_1_717' title='bbox 822 5685 1228 5756; x_wconf 86' lang='lat' dir='ltr'><strong>quod_ducena</strong></span> <span class='ocrx_word' id='word_1_718' title='bbox 1254 5678 1519 5756; x_wconf 34' lang='lat' dir='ltr'><strong>sestertia.</strong></span> <span class='ocrx_word' id='word_1_719' title='bbox 1559 5678 1916 5754; x_wconf 79' lang='lat' dir='ltr'><strong>possiderent-</strong></span> 
     </span>
    </p>
   </div>
   <div class='ocr_carea' id='block_1_111' title="bbox 354 5744 1911 5811">
    <p class='ocr_par' dir='ltr' id='par_1_111' title="bbox 354 5744 1911 5811">
     <span class='ocr_line' id='line_1_112' title="bbox 354 5744 1911 5811; baseline 0.01 -15"><span class='ocrx_word' id='word_1_720' title='bbox 354 5744 476 5801; x_wconf 79' lang='lat' dir='ltr'><strong>Vide</strong></span> <span class='ocrx_word' id='word_1_721' title='bbox 505 5744 591 5803; x_wconf 62' lang='lat' dir='ltr'><strong>Cl.</strong></span> <span class='ocrx_word' id='word_1_722' title='bbox 637 5751 700 5804; x_wconf 85' lang='lat' dir='ltr'><strong>V.</strong></span> <span class='ocrx_word' id='word_1_723' title='bbox 732 5744 929 5805; x_wconf 69' lang='lat' dir='ltr'><strong>Laevini</strong></span> <span class='ocrx_word' id='word_1_724' title='bbox 966 5752 1236 5808; x_wconf 80' lang='lat' dir='ltr'><strong>Torrentii</strong></span> <span class='ocrx_word' id='word_1_725' title='bbox 1268 5744 1572 5811; x_wconf 50' lang='lat' dir='ltr'><strong>Comment.-</strong></span> <span class='ocrx_word' id='word_1_726' title='bbox 1604 5759 1660 5811; x_wconf 82' lang='lat' dir='ltr'><strong>in</strong></span> <span class='ocrx_word' id='word_1_727' title='bbox 1696 5756 1911 5811; x_wconf 64' lang='lat' dir='ltr'><strong>Straton.</strong></span> 
     </span>
    </p>
   </div>
   <div class='ocr_carea' id='block_1_112' title="bbox 358 5814 1910 5899">
    <p class='ocr_par' dir='ltr' id='par_1_112' title="bbox 358 5814 1910 5899">
     <span class='ocr_line' id='line_1_113' title="bbox 358 5814 1910 5899; baseline 0.008 -30"><span class='ocrx_word' id='word_1_728' title='bbox 358 5814 551 5899; x_wconf 29' lang='lat' dir='ltr'><strong>titan-da</strong></span> <span class='ocrx_word' id='word_1_729' title='bbox 574 5836 690 5887; x_wconf 82' lang='lat' dir='ltr'><strong>cap.</strong></span> <span class='ocrx_word' id='word_1_730' title='bbox 736 5823 827 5899; x_wconf 62' lang='lat'><strong>24,</strong></span> <span class='ocrx_word' id='word_1_731' title='bbox 858 5833 920 5899; x_wconf 90' lang='lat' dir='ltr'><strong>et_</strong></span> <span class='ocrx_word' id='word_1_732' title='bbox 951 5822 1069 5899; x_wconf 60' lang='lat' dir='ltr'><strong>Jac.</strong></span> <span class='ocrx_word' id='word_1_733' title='bbox 1110 5825 1312 5899; x_wconf 83' lang='lat' dir='ltr'><strong>Pautel.</strong></span> <span class='ocrx_word' id='word_1_734' title='bbox 1361 5828 1412 5879; x_wconf 91' lang='lat' dir='ltr'><strong>iu</strong></span> <span class='ocrx_word' id='word_1_735' title='bbox 1450 5827 1509 5879; x_wconf 84' lang='grc' dir='ltr'><strong>Β.</strong></span> <span class='ocrx_word' id='word_1_736' title='bbox 1546 5828 1708 5899; x_wconf 77' lang='lat' dir='ltr'><strong>Cypr.</strong></span> <span class='ocrx_word' id='word_1_737' title='bbox 1750 5830 1910 5896; x_wconf 83' lang='lat' dir='ltr'><strong>epist.</strong></span> 
     </span>
    </p>
   </div>
   <div class='ocr_carea' id='block_1_113' title="bbox 359 5888 1911 5955">
    <p class='ocr_par' dir='ltr' id='par_1_113' title="bbox 359 5888 1911 5955">
     <span class='ocr_line' id='line_1_114' title="bbox 359 5888 1911 5955; baseline 0.008 -14"><span class='ocrx_word' id='word_1_738' title='bbox 359 5888 435 5942; x_wconf 69' lang='lat' dir='ltr'><strong>U8.</strong></span> <span class='ocrx_word' id='word_1_739' title='bbox 463 5888 703 5945; x_wconf 76' lang='lat' dir='ltr'><strong>Brisson.</strong></span> <span class='ocrx_word' id='word_1_740' title='bbox 741 5896 867 5948; x_wconf 83' lang='lat' dir='ltr'><strong>item</strong></span> <span class='ocrx_word' id='word_1_741' title='bbox 912 5896 961 5949; x_wconf 92' lang='lat' dir='ltr'><strong>iu</strong></span> <span class='ocrx_word' id='word_1_742' title='bbox 996 5892 1211 5950; x_wconf 77' lang='lat' dir='ltr'><strong>Lexico.</strong></span> <span class='ocrx_word' id='word_1_743' title='bbox 1242 5898 1334 5952; x_wconf 79' lang='lat' dir='ltr'><strong>Est</strong></span> <span class='ocrx_word' id='word_1_744' title='bbox 1367 5908 1421 5952; x_wconf 89' lang='lat' dir='ltr'><strong>et</strong></span> <span class='ocrx_word' id='word_1_745' title='bbox 1470 5888 1673 5953; x_wconf 67' lang='lat' dir='ltr'><strong>titilitia:</strong></span> <span class='ocrx_word' id='word_1_746' title='bbox 1720 5888 1911 5955; x_wconf 75' lang='lat' dir='ltr'><strong>nomen</strong></span> 
     </span>
    </p>
   </div>
   <div class='ocr_carea' id='block_1_114' title="bbox 2029 5334 2864 5407">
    <p class='ocr_par' dir='ltr' id='par_1_114' title="bbox 2029 5334 2864 5407">
     <span class='ocr_line' id='line_1_115' title="bbox 2029 5334 2864 5407; baseline 0 -18"><span class='ocrx_word' id='word_1_747' title='bbox 2029 5337 2169 5407; x_wconf 91' lang='lat' dir='ltr'><strong>apud</strong></span> <span class='ocrx_word' id='word_1_748' title='bbox 2204 5334 2392 5405; x_wconf 83' lang='lat' dir='ltr'><strong>Veget.</strong></span> <span class='ocrx_word' id='word_1_749' title='bbox 2415 5336 2525 5407; x_wconf 80' lang='lat' dir='ltr'><strong>lib.</strong></span> <span class='ocrx_word' id='word_1_750' title='bbox 2561 5351 2621 5398; x_wconf 84' lang='lat' dir='ltr'><strong>it,</strong></span> <span class='ocrx_word' id='word_1_751' title='bbox 2657 5349 2777 5403; x_wconf 89' lang='lat' dir='ltr'><strong>cap.</strong></span> <span class='ocrx_word' id='word_1_752' title='bbox 2802 5334 2864 5407; x_wconf 88' lang='lat'><strong>_8.</strong></span> 
     </span>
    </p>
   </div>
   <div class='ocr_carea' id='block_1_115' title="bbox 2099 5402 3608 5477">
    <p class='ocr_par' dir='ltr' id='par_1_115' title="bbox 2099 5402 3608 5477">
     <span class='ocr_line' id='line_1_116' title="bbox 2099 5402 3608 5477; baseline 0 -17"><span class='ocrx_word' id='word_1_753' title='bbox 2099 5408 2211 5477; x_wconf 79' lang='grc'><strong>(55)</strong></span> <span class='ocrx_word' id='word_1_754' title='bbox 2240 5402 2309 5459; x_wconf 85' lang='lat' dir='ltr'><strong>At</strong></span> <span class='ocrx_word' id='word_1_755' title='bbox 2338 5406 2514 5460; x_wconf 91' lang='lat' dir='ltr'><strong>nullus</strong></span> <span class='ocrx_word' id='word_1_756' title='bbox 2543 5407 2644 5459; x_wconf 89' lang='lat' dir='ltr'><strong>hoc</strong></span> <span class='ocrx_word' id='word_1_757' title='bbox 2671 5402 2891 5477; x_wconf 84' lang='lat' dir='ltr'><strong>nomine</strong></span> <span class='ocrx_word' id='word_1_758' title='bbox 2929 5417 3163 5477; x_wconf 80' lang='lat' dir='ltr'><strong>unquam</strong></span> <span class='ocrx_word' id='word_1_759' title='bbox 3185 5402 3608 5477; x_wconf 72' lang='lat' dir='ltr'><strong>Rom.episeop.</strong></span> 
     </span>
    </p>
   </div>
   <div class='ocr_carea' id='block_1_116' title="bbox 2028 5473 3657 5544">
    <p class='ocr_par' dir='ltr' id='par_1_116' title="bbox 2028 5473 3657 5544">
     <span class='ocr_line' id='line_1_117' title="bbox 2028 5473 3657 5544; baseline -0.001 -15"><span class='ocrx_word' id='word_1_760' title='bbox 2028 5473 2210 5544; x_wconf 82' lang='lat' dir='ltr'><strong>Quare</strong></span> <span class='ocrx_word' id='word_1_761' title='bbox 2274 5478 2583 5541; x_wconf 80' lang='lat' dir='ltr'><strong>suspicetur</strong></span> <span class='ocrx_word' id='word_1_762' title='bbox 2643 5474 2913 5542; x_wconf 77' lang='lat' dir='ltr'><strong>quispiam</strong></span> <span class='ocrx_word' id='word_1_763' title='bbox 2975 5473 3278 5527; x_wconf 81' lang='lat' dir='ltr'><strong>Macedonii</strong></span> <span class='ocrx_word' id='word_1_764' title='bbox 3346 5473 3657 5529; x_wconf 84' lang='lat' dir='ltr'><strong>Constaii-&#39;</strong></span> 
     </span>
    </p>
   </div>
   <div class='ocr_carea' id='block_1_117' title="bbox 2030 5546 3613 5615">
    <p class='ocr_par' dir='ltr' id='par_1_117' title="bbox 2030 5546 3613 5615">
     <span class='ocr_line' id='line_1_118' title="bbox 2030 5546 3613 5615; baseline -0.001 -14"><span class='ocrx_word' id='word_1_765' title='bbox 2030 5553 2199 5615; x_wconf 89' lang='lat' dir='ltr'><strong>tiuop.</strong></span> <span class='ocrx_word' id='word_1_766' title='bbox 2233 5548 2422 5601; x_wconf 90' lang='lat' dir='ltr'><strong>odiose</strong></span> <span class='ocrx_word' id='word_1_767' title='bbox 2467 5547 2555 5601; x_wconf 89' lang='lat' dir='ltr'><strong>hic</strong></span> <span class='ocrx_word' id='word_1_768' title='bbox 2599 5547 2666 5598; x_wconf 88' lang='lat' dir='ltr'><strong>ab</strong></span> <span class='ocrx_word' id='word_1_769' title='bbox 2704 5546 2953 5612; x_wconf 80' lang='lat' dir='ltr'><strong>imperito</strong></span> <span class='ocrx_word' id='word_1_770' title='bbox 3002 5546 3405 5615; x_wconf 83' lang='lat' dir='ltr'><strong>mendaciorum</strong></span> <span class='ocrx_word' id='word_1_771' title='bbox 3451 5548 3613 5615; x_wconf 85' lang='lat' dir='ltr'><strong>tigulo</strong></span> 
     </span>
    </p>
   </div>
   <div class='ocr_carea' id='block_1_118' title="bbox 2028 5614 3607 5682">
    <p class='ocr_par' dir='ltr' id='par_1_118' title="bbox 2028 5614 3607 5682">
     <span class='ocr_line' id='line_1_119' title="bbox 2028 5614 3607 5682; baseline -0.001 -11"><span class='ocrx_word' id='word_1_772' title='bbox 2028 5614 2225 5671; x_wconf 88' lang='lat' dir='ltr'><strong>nomen</strong></span> <span class='ocrx_word' id='word_1_773' title='bbox 2273 5632 2395 5672; x_wconf 89' lang='lat' dir='ltr'><strong>esse</strong></span> <span class='ocrx_word' id='word_1_774' title='bbox 2440 5625 2785 5682; x_wconf 89' lang='lat' dir='ltr'><strong>usurpatum,</strong></span> <span class='ocrx_word' id='word_1_775' title='bbox 2831 5617 2973 5681; x_wconf 88' lang='lat' dir='ltr'><strong>quod</strong></span> <span class='ocrx_word' id='word_1_776' title='bbox 2998 5614 3346 5668; x_wconf 87' lang='lat' dir='ltr'><strong>crudelitatis</strong></span> <span class='ocrx_word' id='word_1_777' title='bbox 3382 5614 3521 5669; x_wconf 81' lang='lat' dir='ltr'><strong>illius</strong></span> <span class='ocrx_word' id='word_1_778' title='bbox 3556 5617 3607 5670; x_wconf 91' lang='lat' dir='ltr'><strong>iu</strong></span> 
     </span>
    </p>
   </div>
   <div class='ocr_carea' id='block_1_119' title="bbox 2030 5686 3144 5742">
    <p class='ocr_par' dir='ltr' id='par_1_119' title="bbox 2030 5686 3144 5742">
     <span class='ocr_line' id='line_1_120' title="bbox 2030 5686 3144 5742; baseline -0.004 -1"><span class='ocrx_word' id='word_1_779' title='bbox 2030 5688 2363 5742; x_wconf 80' lang='lat' dir='ltr'><strong>Navatianos</strong></span> <span class='ocrx_word' id='word_1_780' title='bbox 2396 5687 2670 5740; x_wconf 80' lang='lat' dir='ltr'><strong>recentior</strong></span> <span class='ocrx_word' id='word_1_781' title='bbox 2693 5699 2835 5739; x_wconf 88' lang='lat' dir='ltr'><strong>esset</strong></span> <span class='ocrx_word' id='word_1_782' title='bbox 2863 5686 3144 5738; x_wconf 79' lang='lat' dir='ltr'><strong>memoria.</strong></span> 
     </span>
    </p>
   </div>
   <div class='ocr_carea' id='block_1_120' title="bbox 2101 5755 3613 5828">
    <p class='ocr_par' dir='ltr' id='par_1_120' title="bbox 2101 5755 3613 5828">
     <span class='ocr_line' id='line_1_121' title="bbox 2101 5755 3613 5828; baseline -0.001 -17"><span class='ocrx_word' id='word_1_783' title='bbox 2101 5758 2215 5828; x_wconf 80' lang='grc'><strong>(56)</strong></span> <span class='ocrx_word' id='word_1_784' title='bbox 2259 5758 2339 5810; x_wconf 80' lang='lat' dir='ltr'><strong>Al.</strong></span> <span class='ocrx_word' id='word_1_785' title='bbox 2386 5757 2693 5824; x_wconf 82' lang='lat' dir='ltr'><strong>Episcopos,</strong></span> <span class='ocrx_word' id='word_1_786' title='bbox 2738 5766 3060 5828; x_wconf 86' lang='lat' dir='ltr'><strong>non_recte._</strong></span> <span class='ocrx_word' id='word_1_787' title='bbox 3088 5755 3292 5809; x_wconf 87' lang='lat' dir='ltr'><strong>Docent</strong></span> <span class='ocrx_word' id='word_1_788' title='bbox 3341 5769 3458 5824; x_wconf 65' lang='lat' dir='ltr'><strong>quae</strong></span> <span class='ocrx_word' id='word_1_789' title='bbox 3498 5755 3613 5823; x_wconf 87' lang='lat' dir='ltr'><strong>jam</strong></span> 
     </span>
    </p>
   </div>
   <div class='ocr_carea' id='block_1_121' title="bbox 2026 5825 3151 5899">
    <p class='ocr_par' dir='ltr' id='par_1_121' title="bbox 2026 5825 3151 5899">
     <span class='ocr_line' id='line_1_122' title="bbox 2026 5825 3151 5899; baseline -0.002 -18"><span class='ocrx_word' id='word_1_790' title='bbox 2026 5825 2147 5899; x_wconf 85' lang='lat' dir='ltr'><strong>pag.</strong></span> <span class='ocrx_word' id='word_1_791' title='bbox 2182 5827 2279 5883; x_wconf 85' lang='lat' dir='ltr'><strong>ult.</strong></span> <span class='ocrx_word' id='word_1_792' title='bbox 2315 5838 2367 5884; x_wconf 90' lang='lat' dir='ltr'><strong>et</strong></span> <span class='ocrx_word' id='word_1_793' title='bbox 2399 5828 2511 5896; x_wconf 88' lang='lat' dir='ltr'><strong>ipsa</strong></span> <span class='ocrx_word' id='word_1_794' title='bbox 2541 5828 2700 5895; x_wconf 81' lang='lat' dir='ltr'><strong>hujus</strong></span> <span class='ocrx_word' id='word_1_795' title='bbox 2734 5826 2925 5879; x_wconf 77' lang='lat' dir='ltr'><strong>fabulae</strong></span> <span class='ocrx_word' id='word_1_796' title='bbox 2957 5825 3151 5879; x_wconf 81' lang='lat' dir='ltr'><strong>series.</strong></span> 
     </span>
    </p>
   </div>
  </div>
