4038 6420
642 402 750 468 539

1744 412 2007 473 PHOTII
2051 412 2556 477 PATRIARCH/E
2595 420 2705 481 CP.
3797 428 3884 493 540

640 517 881 577 venerit.
926 526 1089 589 alque
1140 522 1206 577 ad
1260 521 1417 579 ludos
1474 527 1800 591 accesserit,
1863 544 2093 598 quaeque
2145 528 2217 582 ibi

2322 530 2370 583 τ’
2397 532 2514 584 ἐκεῖ
2539 532 2818 604 παράδοξα
2839 534 2931 588 καὶ
2950 534 3138 600 δεινῶς
3156 535 3329 591 ἀτοπα
3347 538 3484 592 ἄλλα
3502 555 3563 591 τε
3599 540 3689 593 καὶ
3715 540 3884 597 εἴδωλα

641 609 917 680 inopinata
979 620 1034 665 et
1076 612 1231 667 valde
1277 614 1533 682 absurda,
1566 632 1688 671 cum
1740 619 1872 684 alia,
1912 628 2021 672 tum
2056 619 2228 673 simu-

642 700 787 755 lacra
832 702 1028 757 viderit
1076 714 1243 775 atque
1286 705 1611 764 observarit.
1644 709 1806 764 Addit
1846 725 1924 776 se,
1962 725 2082 764 cum
2130 709 2227 763 tri-

641 795 901 849 cesimum
928 794 1039 864 jam
1072 798 1243 852 astatis
1273 815 1473 855 annum
1504 804 1820 870 attingeret,
1847 802 1911 855 ad
1944 801 2225 856 Chaldaeos

641 885 879 949 venisse,
915 901 1215 958 eorumque
1254 889 1451 945 litteris
1493 892 1823 956 institutum,
1868 893 2223 963 astrologiam

640 988 896 1032 accurate
939 980 1314 1048 perdidicisse,
1366 1000 1594 1053 quaeque
1643 986 1745 1038 alia
1796 987 2015 1055 cognitu
2062 989 2223 1055 digna

640 1071 778 1138 apud
824 1070 944 1125 illos
984 1071 1326 1131 viderentur.
1372 1073 1563 1129 Omnia
1616 1078 1827 1130 tandem
1871 1081 1982 1131 haec
2023 1078 2224 1132 vidisse

640 1158 898 1226 refutata,
934 1164 1152 1231 quando
1203 1165 1371 1219 stulto
1422 1183 1517 1220 seu
1568 1167 1748 1237 potius
1798 1168 1997 1224 animis
2041 1170 2225 1239 perni-

639 1252 789 1307 cioso
819 1254 1005 1311 labore
1036 1257 1185 1312 hisce
1217 1260 1425 1314 artibus
1461 1261 1728 1332 impenso,
1764 1278 1795 1316 a
1827 1263 2039 1319 Justina
2078 1280 2223 1318 mar-

642 1353 760 1415 lyre
793 1348 1043 1416 repulsus
1076 1361 1181 1406 est.
1221 1352 1623 1409 Commemorat
1657 1356 1786 1411 item
1820 1357 1909 1411 hic
1937 1358 2220 1423 nonnulla,

638 1438 834 1503 quibus
889 1439 1053 1495 alium
1108 1458 1168 1498 se
1225 1445 1339 1514 ipse
1400 1447 1671 1502 interdum
1732 1451 1957 1518 magicis
2014 1452 2223 1506 artibus

637 1531 912 1597 exhibuit,
945 1534 1194 1605 aliosque
1243 1537 1514 1594 interdum
1566 1541 1975 1596 transformavit
2007 1561 2021 1598 :
2056 1555 2222 1613 utque

637 1637 667 1675 a
707 1624 1008 1677 daemonium
1048 1626 1197 1680 cultu
1249 1631 1556 1697 discedens,
1596 1634 2030 1688 cacodzemonem
2066 1637 2224 1690 mini-

637 1724 875 1783 tantem,
926 1725 981 1771 et
1037 1719 1105 1773 ad
1160 1720 1593 1790 desperationem
1653 1741 1823 1795 usque
1881 1729 2219 1784 territantem

635 1809 897 1874 senserit,
932 1826 997 1865 ac
1044 1815 1316 1881 quomodo
1368 1815 1560 1869 borum
1616 1818 1686 1871 sit
1742 1830 1888 1873 metu
1938 1820 2218 1887 liberatus,

635 1916 760 1954 cum
797 1901 850 1955 iu
895 1903 1039 1972 pium
1093 1904 1266 1959 virum
1314 1907 1616 1974 incidisset,
1651 1911 1737 1965 cui
1790 1910 2076 1968 Timotheo
2125 1932 2220 1968 no—
2255 1891 2294 1945 Β

634 2009 785 2049 men.
823 1995 1107 2062 Quomodo
1150 2006 1408 2066 praeterea
1446 2002 1750 2057 Antiochiae
1791 2005 1929 2073 apud
1963 2004 2219 2075 frequens

634 2088 967 2141 auditorium
1020 2090 1352 2157 narraverit,
1404 2091 1631 2147 nefanda
1672 2096 1843 2152 multa
1884 2113 1943 2151 se
1986 2114 2049 2154 ac
2087 2116 2217 2170 pro-

631 2178 842 2245 digiosa
894 2178 1162 2248 effecisse,
1211 2185 1409 2252 quibus
1464 2184 1715 2241 homines
1765 2190 1837 2242 ita
1889 2191 2216 2261 decipiebat,

632 2278 692 2322 ut
731 2284 831 2337 pro
875 2270 978 2324 deo
1035 2270 1209 2339 ipsum
1265 2274 1546 2331 haberent.
1594 2276 1873 2350 Lacrymis
1925 2282 2109 2353 itaque
2155 2301 2219 2341 ac

632 2361 785 2416 luctu
846 2379 1014 2433 genas
1067 2365 1137 2420 ob
1189 2366 1305 2421 haec
1365 2369 1788 2439 humectantem,
1830 2389 1897 2428 ex
1955 2378 2217 2432 memoria

631 2453 1008 2523 improborum
1064 2456 1369 2514 facinorum
1428 2460 1479 2514 in
1537 2462 1730 2516 salutis
1784 2465 2216 2532 desperationem

630 2545 832 2600 iterum
879 2548 1227 2619 delapsurum
1285 2551 1477 2618 fuisse,
1519 2554 1620 2608 nisi
1671 2554 1945 2613 Eusebius
1998 2561 2216 2629 quidam

629 2640 871 2707 optimus
918 2641 985 2695 ad
1043 2641 1297 2710 pietatem
1351 2653 1406 2698 et
1458 2647 1831 2713 pmoitentiam
1873 2651 2000 2716 dux,
2047 2667 2219 2707 sacra:

630 2732 929 2803 Scripturae
979 2734 1256 2804 alloquiis,
1304 2739 1588 2808 Sacrisque
1642 2742 2071 2809 narrationibus,
2119 2746 2216 2799 de-

628 2827 961 2894 sperationis
1014 2828 1262 2883 nebulam
1317 2830 1613 2900 dissipans,
1656 2835 1849 2904 129a
1890 2837 2050 2891 clara:
2101 2840 2215 2907 Spei

628 2916 799 2971 radiis
854 2932 979 2974 eum
1034 2919 1386 2986 illustrasset,
1421 2932 1477 2976 et
1528 2923 1580 2976 in
1640 2925 1857 2979 domum
1914 2941 2066 2981 suam
2124 2931 2219 2983 de-

629 3012 851 3064 ductum
894 3010 1077 3066 cibum
1120 3027 1319 3080 capere
1353 3011 1625 3079 iussisset,
1663 3017 1825 3070 trium
1862 3018 2067 3072 dierum
2103 3019 2217 3075 ine-

628 3100 717 3154 dia
749 3101 859 3170 jam
894 3114 1252 3158 maceratum.
1285 3104 1476 3159 Refert
1511 3106 1663 3171 item,
1699 3116 1756 3160 ut
1799 3108 1852 3162 in
1890 3125 2104 3165 sacrum
2150 3114 2219 3165 ah

628 3190 721 3248 illo
779 3194 1038 3259 templum
1097 3195 1263 3252 fuerit
1322 3198 1611 3262 adductus,
1649 3208 1702 3253 et
1754 3214 1849 3253 sua
1897 3201 2013 3272 ipse
2057 3219 2215 3256 manu

629 3299 816 3339 coram
851 3285 1195 3344 multitudine
1227 3289 1450 3360 magicae
1482 3292 1618 3345 artis
1657 3307 1767 3346 sua:
1804 3293 1971 3347 libros
2016 3293 2210 3348 allatos

630 3376 864 3432 flammis
904 3379 1210 3447 tradiderit,
1252 3395 1317 3439 ac
1366 3383 1505 3438 bona
1548 3385 1773 3455 insuper
1818 3402 1912 3441 sua
1959 3391 2211 3457 pauperi-

627 3468 733 3525 bus
765 3471 1124 3538 distribuerit,
1159 3482 1320 3542 atque
1352 3475 1418 3528 ad
1450 3476 1883 3532 Christianorum
1928 3480 2052 3534 inde
2092 3494 2205 3534 caa-

629 3569 741 3614 tum
778 3570 1100 3631 aggregatus
1133 3563 1249 3617 sit:
1290 3564 1553 3620 Eusebius
1595 3578 1776 3621 autem
1832 3570 1937 3632 hic,
1976 3570 2075 3635 ait,
2118 3587 2207 3625 sa-

626 3652 856 3707 cerdotii
889 3654 1150 3723 dignitate
1179 3667 1479 3713 exornatus
1507 3668 1646 3715 erat.
1675 3661 1905 3715 Accedit
1935 3663 2207 3730 quomodo
2241 3664 2499 3734 Aglaidas
2519 3699 2535 3725 ,
2592 3660 2775 3729 gravis
2832 3657 2920 3712 ille
2974 3656 3198 3711 Justiua:
3276 3673 3475 3727 procus
3498 3698 3513 3722 ,

2329 617 2523 675 εἴδετε
2560 625 2655 677 καὶ
2684 624 2919 696 ἐξέμαθε
2946 642 2960 657 ο
2993 628 3088 680 καὶ
3125 630 3203 692 είς
3259 632 3713 700 τριακονταετίαν
3757 634 3885 705 αὐτῷ

2326 716 2425 786 τῆς
2456 716 2675 787 ἡλικίας
2716 716 2977 789 τελούσης
3004 720 3097 772 ἐπὶ
3149 720 3453 786 Χαλδαίους
3494 718 3650 793 ἦλθε,
3700 727 3787 779 καὶ
3830 727 3887 782 τὰ

2327 809 2553 863 ἐκείνων
2586 809 2765 864 πάντα
2802 812 3032 882 μυηθεὶς
3060 812 3418 883 ἀστρολογίαν
3450 832 3513 866 τε
3536 815 3883 887 ήκριϐῶσατο,

2327 903 2422 954 καὶ
2452 901 2505 953 εί
2534 919 2586 955 τι
2612 903 2738 957 ἄλλο
2765 904 2926 975 σοφὸν
2951 905 2997 937 ⁸⁸
3029 904 3309 974 νομίζεται
3339 904 3475 977 παρ’
3543 907 3744 973 αὐτοῖς.
3795 910 3887 962 Καὶ

2326 992 2407 1045 ὅτι
2434 992 2606 1045 ταῦτα
2635 994 2815 1049 πάντα
2829 992 2969 1050 εἶδεν
2996 996 3331 1067 ἐληλεγμένα
3362 997 3460 1050 καὶ
3496 998 3744 1068 μάταιον,
3771 1002 3887 1071 μᾶλ-
3948 1056 3953 1061 ,

2324 1084 2414 1136 λον
2436 1084 2493 1137 δὲ
2526 1085 2569 1115 ⁸⁷
2604 1084 2956 1158 ψυχὼλεθρον
2980 1088 3162 1154 πόνον,
3184 1088 3516 1160 προσϐαλὼν
3543 1092 3664 1168 ταῖς
3693 1091 3886 1161 τέχναις

2323 1176 2391 1243 τῇ
2424 1175 2663 1245 μάρτυρι
2704 1177 2965 1248 Ἰουστίνῃ
2997 1178 3064 1235 ⁸⁸.
3093 1179 3326 1243 Διέξεισι
3356 1180 3413 1231 δὲ
3437 1180 3497 1233 ὲν
3527 1180 3736 1244 τούτοις
3786 1182 3884 1236 ἔνια

2324 1257 2399 1317 ὧν
2429 1265 2591 1327 αὐτός
2615 1283 2675 1318 τε
2703 1268 2894 1321 ἑαυτὸν
2926 1272 3045 1333 ταῖς
3075 1272 3331 1340 μαγείαις
3362 1271 3549 1334 ἄλλοις
3571 1271 3725 1325 ἄλλον
3747 1274 3885 1342 ἐφάν-

2323 1374 2485 1409 τασεν
2515 1357 2723 1424 ἄλλοτε,
2768 1362 2863 1413 καὶ
2890 1353 2965 1413 ὧν
3018 1362 3238 1430 ἑτέρους
3266 1362 3595 1434 έμόριρωσεν
3620 1380 3634 1394 ·
3674 1366 3809 1428 ὅπως
3833 1383 3883 1419 τε

2322 1448 2423 1520 τῆς
2473 1450 2766 1519 δαιμονίων
2792 1452 3004 1524 πλάνης
3035 1455 3279 1518 ἀποστὰς
3324 1456 3419 1508 τὸν
3475 1457 3711 1527 πονηρὸν
3754 1459 3885 1511 ἀπει-

2323 1539 2521 1594 λοῦντα
2576 1542 2699 1613 ἔσχε
2736 1544 2829 1597 καὶ
2864 1548 2945 1609 είς
2976 1546 3289 1615 ἀπόγνωσιν
3318 1547 3752 1617 ὲκδειμαίνοντα,
3803 1552 3883 1605 καὶ

2323 1629 2400 1691 ὡς
2446 1629 2608 1701 ἐλύθη
2640 1630 2849 1685 τούτων
2891 1633 2989 1703 τῆς
3015 1634 3219 1700 δειλίας
3246 1636 3487 1707 ἐντυχὼν
3539 1638 3693 1708 ἀνδρὶ
3722 1639 3883 1694 θεοσε-

2322 1720 2411 1774 ϐεῖ
2435 1761 2449 1786 ,
2494 1722 2667 1793 ὄνομα
2697 1726 2971 1799 Τιμοθέῳ.
3025 1728 3145 1781 Ἐπ’
3212 1731 3552 1801 Ἀντιοχείας
3588 1749 3649 1785 τε
3690 1734 3764 1795 είς
3802 1734 3883 1786 ἑπ-

2324 1814 2489 1885 ἠκοον
2515 1815 2560 1846 ⁸⁵
2609 1816 2823 1871 πολλῶν
2848 1818 2925 1883 ὡς
2958 1820 3276 1891 ἐξήγγειλεν
3305 1822 3444 1893 ἔργα
3491 1824 3664 1878 πολλά
3713 1824 3885 1895 ἀθέμι-

2324 1922 2393 1959 τα
2420 1907 2466 1938 ⁹⁰
2490 1908 2584 1960 καὶ¹
2621 1910 2885 1979 τεράστια
2908 1912 3332 1983 διαπράξασθαι,
3389 1912 3475 1979 οἷς
3516 1916 3786 1971 ἐϐουκόλει
3834 1917 3882 1970 τὸ

2326 1995 2669 2067 ἀνθρώπινον
2699 2000 2794 2053 καὶ
2839 2000 2960 2053 θεὸν
2991 2002 3153 2054 αὐτὸν
3197 2003 3486 2058 τίθεσθαι·
3525 2006 3672 2069 ὅπως
3713 2024 3767 2059 τε
3808 2006 3883 2058 δά-

2326 2102 2491 2155 κρυσι
2556 2088 2651 2140 καὶ
2711 2088 2933 2159 θρήνοις
2985 2090 3291 2162 ἑρῤαίνετο,
3357 2094 3453 2146 καὶ
3492 2094 3526 2164 ή
3580 2095 3758 2165 μνήμη
3794 2094 3883 2146 τῶν

2325 2177 2604 2247 ἀθεμίτων
2656 2178 2836 2250 ἔργων
2875 2182 2956 2243 είς
3006 2181 3362 2235 ἁνελπιστίαν
3418 2184 3695 2254 σωτηρίας
3744 2183 3883 2237 αὐτὸν

2326 2272 2488 2324 πάλιν
2537 2272 2818 2342 ἔρριπτεν,
2852 2275 2900 2325 εί
2940 2275 3012 2343 μή
3047 2291 3132 2337 τις
3158 2275 3446 2341 Εὐσέϐιος,
3495 2275 3770 2340 εὐσεϐείας
3791 2277 3884 2348 ἄρι-

2327 2381 2451 2428 στος
2474 2365 2569 2417 καὶ
2588 2366 2877 2436 μετανοίας
2909 2367 3216 2438 ὑφηγητὴς,
3243 2371 3355 2431 τοῖς
3378 2386 3440 2421 τε
3467 2368 3631 2431 θείοις
3650 2369 3828 2437 λογίοις
3844 2367 3879 2398 ⁹¹

2326 2458 2424 2510 καὶ
2464 2459 2587 2520 ταῖς
2620 2458 2793 2527 ίεραῖς
2828 2458 3090 2527 ἱστορίαις
3118 2458 3291 2524 λύσας
3321 2461 3385 2514 τὸ
3415 2462 3517 2531 τῆς
3551 2461 3882 2529 ἀπογνώσεως

2324 2550 2508 2619 νέφος,
2540 2548 2751 2619 ηὐγασε
2779 2550 3050 2621 λαμπρῶν
3074 2551 3302 2605 ἐλπίδων
3335 2554 3543 2621 ἀκτῖσι,
3588 2555 3677 2607 καὶ
3706 2554 3883 2624 τροφῆς

2326 2642 2511 2695 ἔπεισε
2548 2645 2864 2719 μετασχεῖν,
2906 2645 2987 2706 είς
3013 2638 3161 2695 οἶκον
3193 2643 3420 2713 ἀγαγὼν
3450 2645 3580 2707 ὅλας
3601 2648 3743 2717 τρεῖς
3764 2646 3882 2714 ήμέ-

2327 2752 2429 2804 ρας
2468 2734 2730 2787 ἀπόσιτον
2776 2734 3169 2802 διαγεγονότα·
3205 2736 3353 2797 ὅπως
3402 2754 3465 2789 τε
3513 2738 3593 2799 εἰς
3624 2736 3711 2788 τὸν
3761 2735 3883 2788 θεῖον

2326 2825 2450 2895 ἄγει
2474 2824 2630 2887 νεὼν,
2668 2825 2762 2878 καὶ
2804 2825 2953 2888 ὅπως
2978 2826 3144 2889 αὐτὸς
3179 2827 3207 2878 ὁ
3239 2828 3497 2899 τεχνίτης
3546 2828 3644 2891 τὰς
3703 2826 3883 2897 μάγους

2326 2917 2559 2972 ἐνώπιον
2589 2916 2801 2971 πολλῶν
2830 2918 3048 2988 βίϐλους
3082 2918 3216 2989 πυρὶ
3241 2918 3430 2972 δίδωσι
3463 2919 3667 2988 φέρων,
3697 2919 3782 2971 τόν
3832 2932 3880 2968 τε

2325 3008 2560 3063 πλοῦτον
2594 3009 2791 3081 πένησι
2818 3011 2995 3079 νέμει,
3039 3010 3133 3062 καὶ
3165 3009 3263 3078 τῆς
3295 3009 3643 3081 Χριστιανῶν
3704 3008 3882 3077 ἀγέλης

2324 3102 2573 3167 ἀξιοῦται
2609 3117 2622 3131 ⁸
2655 3100 2959 3172 ἱερωσύνης
2989 3101 3034 3154 δ’
3082 3102 3111 3153 ό
3166 3102 3429 3166 Εὐσέϐιος
3487 3103 3699 3173 ἀξίωμα
3741 3118 3878 3169 περι-

2327 3196 2526 3252 έκειτο.
2565 3194 2676 3247 Καὶ
2700 3193 2777 3258 ὡς
2815 3194 3101 3263 ’Λγλαῖδας
3156 3194 3185 3245 ό
3240 3193 3342 3263 τῆς
3405 3193 3694 3263 Ἰουστίγης
3734 3190 3881 3251 δεινὸς

2325 3289 2584 3358 ἐραστὴς,
2617 3285 2905 3358 ἀποτυχὼν
2935 3280 3011 3340 ὧν
3043 3286 3366 3352 ἐσπούδαζε,
3409 3289 3533 3341 τότε
3580 3288 3643 3359 δὴ
3679 3286 3766 3339 καὶ
3800 3284 3881 3338 αὐο

2317 3382 2409 3444 τὸς
2445 3380 2537 3433 τόν
2567 3396 2628 3432 τε
2667 3380 2712 3411 θ’
2742 3379 2974 3432 πλοῦτον
3006 3379 3215 3445 πένησι
3243 3380 3516 3450 διανέμει,
3548 3381 3641 3434 καὶ
3668 3379 3767 3431 τῶν
3782 3378 3879 3429 δαι-

2320 3478 2497 3548 μόνων
2524 3476 2600 3539 ὠς
2629 3474 2925 3546 ἀπατηλῶν
2960 3474 3234 3545 ἀλογήσας
3263 3476 3334 3528 τὰ
3386 3475 3727 3548 Χριστιανῶν
3765 3474 3875 3526 ἀντ·

2315 3569 2604 3643 ηλληάξατο.
2643 3565 2802 3621 Οὕτω
2846 3565 2942 3618 καὶ
2974 3568 3001 3618 ὁ
3034 3566 3292 3636 δεύτερος
3314 3566 3497 3635 λόγος.

3598 3670 3715 3709 cum
3785 3653 3875 3704 voti

628 3764 852 3819 compos
903 3749 1078 3806 factus
1135 3767 1238 3807 non
1292 3764 1461 3818 esset,
1526 3755 1667 3810 bona
1719 3772 1935 3828 quoque
1982 3756 2212 3813 fortuna:
2277 3758 2605 3830 pauperibus
2655 3756 2838 3810 omnia
2910 3754 3239 3823 erogaverit,
3300 3766 3352 3808 et
3404 3755 3735 3848 daemonibus
3772 3759 3877 3848 tall-

628 3856 796 3909 quam
864 3839 1243 3912 deceptoribus
1302 3846 1494 3901 nuntio
1558 3849 1825 3916 remisso,
1888 3849 2215 3907 Christianis
2250 3867 2368 3907 sese
2414 3851 2589 3906 sacris
2646 3846 2970 3903 addixerit:
3015 3846 3066 3899 in
3139 3860 3249 3915 quo
3325 3847 3552 3901 secundi
3604 3843 3721 3899 libri
3766 3839 3872 3894 finis

626 3943 733 3992 est.

692 4027 909 4084 Tertius
931 4030 1165 4101 denique
1183 4036 1501 4105 martyrium
1528 4036 1910 4107 complectitur
1939 4039 2079 4097 beati
2102 4038 2211 4111 Cy-

625 4120 898 4189 priani,et
926 4121 1089 4177 clara:
1117 4123 1345 4192 virginis
1377 4123 1630 4187 Justinze,
1661 4128 1749 4194 qui
1792 4127 2127 4182 Diocletiano
2158 4138 2213 4183 et

626 4211 923 4268 Maximino
955 4212 1140 4269 Romae
1172 4215 1588 4284 imperantibus,
1617 4228 1791 4271 morte
1845 4219 2209 4273 testimonium

626 4304 890 4358 dixerunt
926 4305 1072 4359 lidei.
1106 4305 1221 4360 Una
1237 4307 1381 4361 enim
1406 4308 1471 4361 ad
1498 4308 1748 4376 martyrii
1782 4307 2021 4361 lauream
2055 4309 2211 4362 abre-

626 4399 703 4468 pti
737 4409 862 4453 sunt
893 4415 908 4463 ;
948 4399 1255 4471 Cyprianus
1277 4398 1496 4469 quidem
1537 4416 1602 4454 ex
1642 4401 1819 4468 patria
1849 4410 1903 4454 et
1944 4400 2076 4454 urbe
2100 4400 2211 4454 An-

629 4492 851 4556 tiochia,
893 4490 1047 4560 cuius
1079 4493 1243 4547 etiam
1292 4493 1819 4561 archiepiscopatum
1872 4502 1993 4562 post
2023 4492 2219 4545 Anthi-

2404 4032 2465 4087 Ὀ
2500 4032 2558 4086 δὲ
2602 4030 2784 4103 τρίτος
2823 4030 2886 4083 τὸ
2922 4028 3221 4100 μαρτύριον
3253 4025 3348 4080 τοῦ
3380 4026 3538 4095 ἁγίου
3587 4004 3871 4119 Κυπριανοῧ

2318 4130 2413 4183 καὶ
2450 4126 2745 4193 Ἰουστίνης
2765 4122 2865 4191 τῆς
2888 4120 3326 4191 καλλιπαρθένου
3350 4120 3569 4189 μετρεῖ,
3592 4116 3639 4168 οἳ
3666 4116 3873 4182 ἐμαρτύ-

2317 4237 2493 4292 ρησαν
2527 4214 2915 4284 Διοκλητιανοῦ
2956 4215 3051 4265 καὶ
3094 4211 3447 4282 Μαξιμιανοῦ
3482 4210 3580 4279 τὴν
3612 4202 3871 4308 Ῥωμαίων

2317 4312 2493 4380 ἀρχὴν
2528 4308 2783 4379 ἑχόντων.
2826 4305 3248 4374 Συνελήφθησαν
3293 4304 3338 4356 δ’
3371 4304 3468 4357 ἐπὶ
3505 4303 3566 4355 τὸ
3602 4303 3870 4371 μαρτύριον

2320 4403 2349 4454 δ
2384 4402 2480 4470 μὲν
2503 4401 2561 4466 ἐξ
2600 4398 2953 4468 Ἀντιοχείας.
2989 4393 3059 4467 ἦς
3087 4397 3182 4450 καὶ
3216 4395 3354 4466 μετά
3392 4396 3649 4462 Ἀνθιμον
3679 4389 3760 4441 τὸν
3784 4386 3868 4453 ἁρ-

2325 4491 2637 4564 χιερατικὸν
2684 4491 2832 4544 ἴθυνε
2885 4489 3124 4556 θεσμὸν,
3166 4490 3266 4554 τὴν
3314 4487 3487 4557 αὐτὴν
3526 4485 3616 4537 καὶ
3662 4472 3869 4544 πατρίδα

625 4601 775 4640 mum
830 4585 1287 4651 administrarat;
1352 4583 1564 4639 Justina
1618 4599 1747 4639 vero
1789 4586 2053 4639 Damasco
2087 4602 2102 4651 ;
2138 4584 2208 4638 ibi

2322 4586 2516 4657 λαχὼν,
2549 4585 2583 4654 ή
2622 4584 2678 4636 δὲ
2710 4585 2775 4635 ὲκ
2799 4580 3093 4652 Δαμασκοῦ
3120 4597 3133 4610 '
3167 4580 3286 4633 ἐκεῖ
3328 4580 3441 4650 γὰρ
3485 4578 3585 4645 τῆς
3626 4567 3863 4634 Ἀντιόχου

623 4676 773 4731 enim
818 4677 929 4744 illa,
981 4684 1263 4744 postquam
1322 4674 1619 4729 Antiochia
1672 4674 1939 4744 migrarat
1964 4673 2104 4745 (qua:
2152 4684 2210 4727 et

627 4766 743 4836 ipsa
779 4765 1010 4835 virginis
1043 4766 1218 4834 patria
1267 4764 1408 4834 erat)
1453 4764 1629 4833 palam
1654 4763 1935 4819 Christum
1968 4763 2208 4833 professa

626 4870 730 4916 est.
754 4859 849 4913 llis
872 4860 947 4914 ita
979 4858 1173 4929 captis,
1210 4874 1330 4912 cum
1357 4858 1506 4926 impii
1549 4857 1636 4912 ille
1663 4858 1900 4912 hominis
1941 4858 2210 4912 sermoni-

625 4954 728 5007 bus
762 4952 894 5006 nihil
941 4960 1273 5017 moveretur,
1305 4950 1541 5005 vinculis
1569 4951 1621 5003 in
1667 4948 1898 5004 sublime
1955 4950 2095 5018 rapti
2131 4950 2209 5002 la—

629 5055 743 5100 tera
776 5046 1057 5107 raduntur,
1111 5044 1226 5100 haec
1272 5054 1452 5098 autem
1507 5043 1669 5098 boum
1729 5043 1911 5098 nervis
1961 5043 2208 5098 cazditur.

625 5138 828 5194 Verum
859 5141 949 5193 ubi
981 5138 1111 5192 nihil
1142 5138 1216 5192 illi
1249 5137 1316 5194 de
1336 5138 1640 5192 constantia
1676 5137 1955 5192 remittere
1985 5146 2213 5209 tyranno

626 5233 904 5297 videnlur,
938 5233 989 5287 in
1023 5231 1323 5287 custodiam
1364 5248 1457 5287 eos
1492 5247 1737 5287 seorsum
1780 5233 2032 5285 reductos
2059 5245 2212 5286 com-

630 5325 826 5394 pingit.
857 5324 1014 5380 Unde
1050 5335 1176 5396 post
1201 5335 1476 5390 evocatos,
1508 5342 1630 5380 cum
1661 5324 1846 5379 verbis
1870 5323 2072 5378 frustra
2104 5334 2214 5377 ten-

639 5427 831 5484 tasset,
866 5420 918 5473 in
970 5434 1167 5473 aeream
1218 5419 1544 5489 sartaginem
1574 5418 1738 5488 (pice,
1773 5418 1951 5486 adipe,
1997 5431 2061 5470 ac
2092 5431 2214 5469 cera

626 5508 682 5566 in
718 5512 907 5566 eadem
968 5511 1128 5566 simul
1182 5511 1379 5577 mistis,
1447 5510 1723 5580 multoque
1780 5512 1902 5579 igne
1956 5509 2211 5580 accenso)

2318 4679 2633 4759 μεταστᾶσα
2672 4674 2831 4747 (αὐτη
2862 4676 2919 4728 δὲ
2944 4675 3040 4728 καὶ
3063 4676 3128 4744 τῇ
3162 4673 3420 4744 παρθένῳ
3451 4668 3577 4743 [217
3608 4663 3694 4735 H.]
3726 4662 3865 4759 ὲχξτΓ

2319 4770 2516 4842 μάτιξε
2569 4754 2813 4839 πατρὶς)
2858 4767 2951 4820 τὸν
3004 4764 3239 4835 Χριστὸν
3291 4764 3562 4833 ἐκήρυσσε
3605 4754 3861 4842 λαμπρῶς·

2317 4841 2723 4934 Συλληφθέντες
2750 4861 2829 4925 δὲ,
2862 4861 2890 4911 ὁ
2917 4858 3019 4927 μὲν
3050 4857 3125 4928 μὴ
3157 4855 3481 4926 πειθόμενος
3507 4854 3615 4913 τοῖς
3642 4845 3729 4900 τοῦ
3756 4841 3862 4934 δνσ-

2318 4930 2605 5017 σεϐοὖντος
2634 4953 2815 5021 λόγοις
2857 4949 3134 5021 μετέωρος
3164 4948 3387 5017 δεσμοῖς
3417 4947 3629 5017 αἴρεται
3659 4938 3745 4992 καὶ

2314 5044 2561 5115 πλευρὰς
2591 5016 2776 5108 ξύεται
2805 5016 2873 5106 θ’,
2901 5042 2933 5111 ή
2963 5039 3021 5092 δὲ
3043 5016 3363 5110 ’βουνεύροις
3389 5016 3668 5091 τύπτεται.
3711 5025 3788 5084 Ὠς
3812 5016 3859 5069 δὲ

2313 5136 2541 5206 οὐδεμία
2592 5135 2797 5197 ἔνδοσις
2846 5134 2905 5185 ὲν
2954 5134 3137 5194 αὐτοῖς
3193 5131 3299 5185 ὑπὸ
3350 5131 3446 5184 τοῦ
3511 5123 3862 5196 τυραννουντος

2312 5229 2580 5299 ὲνωρᾶτο,
2610 5227 2879 5295 φυλακαῖς
2915 5225 3012 5295 μὲν
3043 5225 3165 5277 τότε
3200 5223 3634 5294 κεχωρισμένους
3669 5206 3859 5303 καθειξ⁸

2316 5320 2506 5391 γνύει,
2541 5317 2659 5371 εἶτα
2706 5316 3222 5389 μετακαλεσάμενος
3246 5358 3261 5381 ,
3303 5318 3429 5368 ἐπεὶ
3471 5314 3645 5380 λόγοις
3683 5306 3862 5391 ﬁlim”?

2318 5381 2914 5481 πάλιν-ἀπετύγχανεν,
2948 5410 3007 5462 ὲν
3036 5381 3222 5480 χαλκῷ
3249 5410 3471 5479 τηγάνῳ
3500 5404 3691 5466 πίσσης
3713 5392 3754 5423 οι
3782 5381 3861 5481 Xa!

2324 5509 2549 5569 στέατος
2601 5476 2909 5573 καὶνκηροῦ
2967 5476 3273 5572 βληθέντων
3306 5476 3412 5553 καὶ
3447 5476 3644 5563 πολλῆς
3690 5476 3860 5553 φλογὸς

1972 5665 2207 5721 VARUE
2241 5660 2647 5719 LECTIONES.

698 5783 745 5816 ⁸⁸
795 5784 957 5853 σοφόν
978 5785 1021 5839 Α
1057 5806 1069 5841 :
1097 5786 1385 5854 φιλόσοφον
1413 5804 1473 5851 ς.
1588 5787 1633 5817 ⁸⁷
1662 5785 1719 5839 δέ
1757 5787 1797 5839 Α
1830 5805 1843 5838 :
1873 5784 1965 5837 καί
2002 5802 2059 5848 ς.

2162 5782 2207 5813 ⁸⁸
2236 5790 2355 5853 post
2395 5778 2658 5853 Ἰουστίνῃ
2714 5777 2901 5853 cum
2944 5777 3102 5853 omisi
3129 5776 3503 5853 ἀπεκρούσθη..
3531 5768 3583 5823 δέ
3608 5764 3645 5818 Α
3722 5751 3771 5807 τέ
3803 5761 3853 5810 ς’

618 5853 667 5885 ’ν
702 5845 938 5927 ὑπήκοον
954 5861 1027 5911 A..
1102 5845 1149 5893 δυ
1178 5845 1443 5929 ἀθέμιστα
1475 5860 1537 5912 Α.
1618 5858 1659 5889 εί
1688 5856 1866 5924 λόγοις
1897 5873 1954 5919 ς.
2000 5845 2043 5889 θ’
2077 5872 2135 5909 τε
2161 5845 2286 5909 add.
2320 5852 2383 5909 A.
2444 5851 2489 5885 9"
2522 5845 2698 5913 ξέεται
2740 5863 2777 5910 ς
2852 5848 2895 5879 θ’
2923 5848 3127 5919 πίσσης
3150 5850 3195 5903 Α
3230 5866 3243 5903 :
3270 5845 3407 5918 μετὰ
3434 5845 3624 5910 πίσσης
3655 5847 3711 5895 €-
