4038 6450
156 5490 223 5529 ᾖ)

186 396 282 462 541

1164 406 1695 471 BIBLIOTHECA.
1724 437 1790 448 -·
1810 411 1973 473 COD.
2000 411 2321 472 CLXXXV.
2728 434 2733 439 δ
3348 404 3453 468 542

186 511 529 584 ἀναφθείσης
571 513 834 585 ἐμϐάλλει
866 514 994 579 τοὺς
1028 514 1313 585 μάρτυρας
1361 518 1592 586 Κυρίου.
1650 520 1773 588 Ἐγ-

1899 530 2143 592 nartyres
2173 520 2264 576 Dei
2298 519 2549 589 conjecit.
2584 518 2659 574 lbi
2707 534 2828 573 cum
2863 518 3079 573 ailtlt‘la!
3128 517 3203 572 illi
3241 518 3454 574 fortiter

186 604 609 677 καρτερούντων
632 606 689 660 δὲ
710 605 819 659 τῶν
839 606 1090 678 ἀθλητῶν
1122 612 1188 678 τῇ
1221 610 1461 681 βασάνῳ,
1497 612 1698 681 μᾶλλον
1722 614 1769 666 δ’

1899 631 1923 667 n
1957 613 2287 667 cruciatibus
2334 614 2710 682 perdurarent,
2736 625 2801 665 ac
2840 612 3018 679 potius
3047 611 3191 665 velut
3222 613 3273 666 in
3330 626 3455 666 rore

186 698 260 760 ὡς
306 701 370 750 ὲν
414 699 594 770 δρόσῳ
633 700 873 769 φαιδρῶς
918 700 1050 753 θεὸν
1100 702 1241 773 ὑπὲρ
1290 697 1365 756 ὧν
1394 704 1440 736 ⁸⁸
1483 705 1774 775 κρείσσους

1899 708 2062 772 leum,
2093 707 2235 774 quod
2292 705 2580 760 tormentis
2631 705 2939 773 superiores
2987 705 3313 772 evasissent,
3345 705 3452 759 laeti

185 791 392 846 ὀδυνῶν
422 792 663 858 ἐγίνοντο
688 791 1037 858 δοξαζόντων,
1074 793 1198 867 [420
1225 794 1317 867 8.]
1360 797 1675 863 Ἀθανάσιός
1692 816 1774 863 τις

1899 799 2181 861 audarent,
2210 797 2539 852 Athanasius
2564 796 2785 866 quidam
2824 799 3011 861 miser,
3029 797 3332 851 daemonum
3364 813 3457 852 sa-

185 880 373 944 ἄθλιος
424 881 701 951 δαιμόνων
758 882 938 952 ἱερεὺς
995 884 1089 936 καὶ
1147 885 1239 938 τοῦ
1303 885 1450 939 θείου
1506 887 1774 960 πρότερον

1899 893 2249 956 ὀτάοεώετιιο
2268 891 2697 961 Cyprianoantea
2722 889 3118 959 perfamiliaris,
3139 899 3193 943 et
3215 904 3460 944 assessor

189 974 435 1043 συνήθης
494 975 845 1045 Κυπριανοῦ,
896 976 1145 1047 σύνεδρός
1188 993 1250 1031 τε
1273 977 1321 1009 ⁸⁸
1376 980 1632 1048 τηνικάδε
1680 978 1776 1033 τοῦ

1902 1000 1989 1038 um
2021 982 2377 1051 fortejudicis
2408 992 2673 1038 tormenta
2700 981 3003 1043 inferentis,
3048 981 3244 1036 mentis
3293 980 3454 1035 caeci-

187 1066 523 1131 κολάζοντος
572 1067 966 1139 χρηματίζων,
1021 1070 1250 1141 ἀπονοίᾳ
1295 1070 1523 1143 ληφθεὶς
1571 1071 1779 1141 ἐτόλμα

192 1158 405 1229 βαίνειν
437 1160 534 1213 ἐπὶ
562 1160 657 1214 τοῦ
690 1161 894 1231 πυρὸς,
920 1162 1048 1224 τοὺς
1084 1163 1318 1226 οἰκείους
1349 1163 1781 1232 ἐπικαλούμενος

193 1249 349 1314 θεοὺς
377 1251 446 1313 ⁸⁷,
486 1250 811 1323 σμικρύνειν
847 1253 907 1305 τὸ
952 1252 1137 1323 θαῦμα
1162 1255 1220 1305 ὲν
1250 1254 1329 1325 τῷ
1373 1254 1497 1325 μηδ’
1527 1254 1690 1308 αὐτόν
1727 1272 1781 1308 τι

194 1341 392 1394 παθεῖν
434 1341 855 1411 διατεινόμενος.
895 1342 970 1396 Τὸ
1008 1343 1066 1395 δὲ
1111 1342 1274 1398 πλέον
1309 1342 1541 1414 ηὔξετοο
1583 1345 1784 1398 αὐτίκα

195 1436 305 1505 γάρ
334 1426 497 1500 οὗτος
530 1433 703 1507 πυρὸς
723 1434 936 1505 δαπάνη
968 1435 1063 1488 κα)⁵
1091 1435 1269 1506 τέφρα
1310 1436 1605 1493 ἐδείκνυτο.
1668 1436 1785 1501 Ἐξ-

196 1528 495 1600 απορήσας
524 1526 581 1580 δὲ
603 1528 631 1581 ό
660 1525 908 1591 κολάζων
926 1525 1280 1597 ἀναπέμπειν
1311 1528 1454 1596 ἔγνω
1472 1530 1600 1590 τοὺς
1641 1527 1782 1599 μάρ-

197 1635 374 1687 τυρας
408 1615 552 1687 πρὸς
588 1617 993 1687 Διοκλητιανὸν,
1022 1616 1241 1687 γράψας
1275 1618 1368 1671 καὶ
1400 1616 1437 1670 ἀ
1459 1634 1521 1670 τε
1558 1615 1784 1671 πάθοιεν

198 1712 295 1764 καὶ
342 1711 426 1773 ὡς
473 1710 755 1775 κρείττους
807 1710 1001 1764 πασῶν
1032 1710 1080 1741 ’⁸
1127 1712 1235 1763 είσι
1288 1709 1559 1780 βασάνων.
1626 1709 1686 1763 Ὀ
1728 1709 1787 1762 δὲ

198 1802 379 1855 ταῦτα
412 1805 474 1854 ἐν
504 1805 570 1873 τῇ
610 1802 959 1874 Νικομήδους
989 1803 1240 1872 διαγνοὺς
1276 1803 1611 1874 προστάσσει
1649 1800 1789 1872 πρὸς

1879 1084 1988 1131 tate
2004 1085 2307 1144 correptus,
2332 1090 2498 1129 ausus
2520 1085 2623 1141 est,
2654 1076 2784 1130 deos
2819 1089 2944 1129 suos
2975 1074 3274 1128 familiares
3310 1074 3462 1126 invo-

1879 1168 2103 1230 cans,in
2136 1167 2321 1239 ignem
2357 1181 2572 1235 quoque
2607 1166 2841 1236 ingredi,
2866 1168 2961 1221 sed
2987 1166 3111 1220 dum
3142 1164 3462 1219 miraculum

1879 1272 2178 1317 extenuare
2210 1261 2422 1324 nititur,
2445 1261 2491 1313 si
2519 1269 2573 1314 et
2607 1260 2720 1329 ipse
2753 1260 2871 1313 sine
2904 1273 3045 1312 noxa
3084 1258 3278 1313 ibidem
3329 1271 3464 1325 per-

1883 1353 2125 1418 duraret,
2170 1352 2344 1422 magis
2368 1352 2496 1405 illud
2529 1352 2697 1406 auxit.
2732 1350 3030 1405 Confestim
3066 1350 3207 1404 enim
3256 1348 3465 1417 abigne

1883 1449 2206 1515 absumptus
2254 1446 2305 1498 in
2341 1444 2577 1499 cinerem
2632 1459 2822 1498 versus
2870 1453 2971 1497 est.
3025 1440 3289 1496 Haesitans
3336 1454 3466 1509 ergo

1880 1538 2066 1608 judex,
2099 1537 2343 1591 decrevit
2382 1546 2652 1607 martyres
2686 1536 2753 1590 ad
2797 1534 3190 1590 Diocletianum
3226 1532 3465 1593 mittere,

1886 1640 1937 1684 et
1955 1631 2019 1683 ad
2037 1645 2182 1694 eum,
2205 1639 2314 1682 tum
2337 1644 2455 1696 qua:
2474 1628 2820 1699 pertulissent
2838 1636 3125 1690 tormenta,
3149 1633 3258 1679 tum
3278 1640 3469 1694 quem-

1886 1723 2176 1777 admodum
2215 1722 2391 1791 pinnis
2434 1729 2617 1776 essent
2666 1721 2918 1776 omnibus
2960 1719 3301 1789 superiores,
3345 1732 3469 1787 per-

1890 1813 2149 1867 scribere.
2180 1810 2310 1877 Qua:
2337 1826 2458 1865 cum
2495 1811 2792 1881 imperator
2816 1809 3147 1864 Nicomediae
3176 1808 3469 1863 intellexis-

199 1896 280 1965 τῷ
316 1896 718 1968 παρακειμένῳ
751 1899 818 1967 τῇ
854 1897 1005 1950 πόλει
1041 1896 1273 1969 ποταμῷ
1308 1897 1327 1968 (
1353 1897 1554 1961 Γάλλος
1580 1896 1625 1949 δ’
1660 1895 1792 1949 ὠνό-

1899 1912 1996 1967 set,
2023 1904 2280 1973 praecepit
2316 1912 2587 1975 martyres
2643 1904 2709 1958 ad
2765 1903 3007 1957 vicinum
3064 1900 3185 1955 urbi
3244 1899 3467 1966 flumen,

205 1988 425 2056 μαστο)
468 1986 568 2048 τὰς
605 1986 850 2055 κεφαλάς
891 1988 1018 2051 τοὺς
1053 1987 1337 2057 μάρτυρας
1376 1987 1782 2058 ἀποτμηθῆναι.

202 2079 310 2131 Σὺν
362 2070 446 2141 οἷς
502 2077 597 2130 καὶ
650 2077 969 2141 Θεόκτιστος
1028 2077 1279 2149 αὑθωρὺν
1334 2076 1489 2147 ὤφθη
1550 2079 1783 2147 μάρτυς,

204 2170 434 2239 ἔλεγχον
479 2166 656 2239 εὑρὼν
704 2169 806 2239 τῆς
859 2168 1143 2233 εὐσεϐείας
1180 2170 1241 2223 τὸ
1300 2169 1786 2241 προσφθέγξασθαι

201 2262 282 2331 τῷ
318 2261 564 2332 μάρτυρι
594 2260 822 2330 Κυρίου.
854 2262 935 2313 Τὰ
960 2260 1016 2313 δὲ
1047 2261 1274 2331 λείψανα
1310 2262 1419 2315 τῶν
1449 2261 1621 2327 ἁγίων
1649 2260 1785 2314 ναῦ-

203 2352 296 2406 ταί
324 2369 475 2415 τινες
518 2352 626 2406 ἀπὸ
670 2352 890 2423 Ῥώμης
931 2352 1394 2423 ἐπιδεδήμηκότες
1423 2354 1570 2425 ἄρτι,
1603 2347 1679 2407 ὧν
1715 2348 1787 2424 ἦν

207 2447 425 2516 ἑταῖρος
449 2445 546 2498 καὶ
568 2447 597 2497 ὁ
622 2444 828 2515 μάρτυς
851 2444 1193 2510 Θεόκτιστος,
1219 2438 1366 2499 οὗτοι
1387 2444 1642 2510 λαθόντες
1663 2449 1788 2511 τοὺς

208 2538 460 2607 φύλακας
486 2537 763 2591 ἀνείλοντο
797 2536 893 2589 καὶ
934 2536 1015 2599 είς
1066 2535 1287 2608 Ῥώμην
1321 2538 1705 2608 ἀπεκόμισαν,
1730 2540 1789 2591 ὲν

208 2625 245 2703 ᾖ
272 2630 372 2683 καὶ
398 2628 530 2690 ναὸς
559 2628 743 2691 αὐτοῖς
769 2627 1131 2698 περικαλλὴς,
1160 2629 1394 2698 ἐγγίζων
1420 2631 1497 2701 τῷ
1524 2630 1789 2684 Κλαυδίου

209 2724 382 2794 φόρῳ,
417 2719 698 2792 ἀνηγέρθη
723 2760 739 2784 ,
769 2720 929 2790 ἔργον
969 2719 1255 2792 Ῥουφίνης
1286 2723 1696 2795 εὐσεϐόφρονος,
1723 2718 1793 2795 ἧς

204 2818 269 2871 τὸ
296 2818 459 2883 γένος
489 2817 569 2876 εἰς
597 2815 655 2867 τὸ
688 2814 957 2868 Κλαυδίου
986 2814 1255 2870 διέϐαινεν
1288 2811 1446 2887 αἷμα.
1477 2818 1664 2874 Ταῦτα
1699 2820 1796 2874 καὶ

204 2914 237 2965 ό
256 2914 302 2945 ”
330 2910 522 2981 τρίτος
554 2907 734 2977 λόγος.
786 2922 794 2927 ‘

923 3001 1090 3059 PGE'.

276 3095 609 3150 Διονυσίου
632 3096 855 3166 Αίτέως
884 3096 1231 3153 Δικτυακῶν
1278 3096 1576 3167 κεφάλαια
1588 3104 1666 3167 [Ι.

312 3187 661 3255 ’Δνεγνὼσθη
699 3189 715 3221 ¹
809 3189 1139 3260 βιϐλιδάριον
1207 3190 1484 3243 Διονυσίου
1551 3190 1799 3262 Αἰγέως,

209 3280 562 3335 Δικτυακῶν
590 3282 903 3353 ἐπιγραφὴν
932 3283 1076 3353 ἕχον,
1111 3284 1170 3336 ὲν
1205 3276 1250 3351 ᾧ
1281 3283 1552 3351 κεφάλαια
1585 3285 1797 3355 περιεί-

1887 1998 1972 2050 cui
2005 1994 2196 2065 1291i
2249 1995 2402 2051 Gallo
2428 2010 2645 2061 nomen,
2683 1996 2860 2066 capite
2907 1993 3170 2048 truncari.
3196 1992 3329 2049 Cum
3360 1991 3470 2057 his,

1885 2099 1942 2144 et
1993 2091 2182 2143 eadem
2214 2089 2328 2156 ipsa
2363 2088 2495 2141 hora
2530 2086 2875 2142 Theoctistus
2915 2086 3029 2157 (45)
3062 2085 3307 2156 martyrii
3356 2083 3472 2157 pal-

1890 2197 2034 2234 mam
2062 2180 2292 2248 accepit,
2344 2179 2561 2248 pietatis
2592 2195 2702 2234 sum
2758 2181 2862 2233 hoc
2917 2179 3036 2233 solo
3074 2178 3198 2231 dato
3252 2175 3472 2240 indicio,

1892 2274 2034 2343 quod
2063 2281 2361 2342 martyrem
2380 2270 2589 2325 Christi
2620 2269 2928 2325 salutasset.
2948 2268 3225 2338 Reliquias
3245 2266 3473 2319 istorum

1890 2373 2205 2420 sanctorum
2248 2372 2423 2416 nauta:
2463 2361 2681 2431 quidam
2732 2361 2901 2415 Roma
2945 2375 3011 2415 eo
3078 2374 3249 2428 nuper
3285 2357 3473 2413 delatio

1893 2454 2089 2527 quibus
2109 2464 2163 2510 et
2195 2452 2541 2509 Theoctistns
2595 2460 2803 2522 martyr
2831 2466 2962 2506 usus
3008 2448 3189 2504 fuerat
3242 2448 3477 2502 familia-

1894 2549 2055 2613 riter,
2088 2547 2229 2602 clain
2270 2545 2589 2601 custodibus
2618 2543 2982 2608 abstulerunt,
3018 2540 3357 2609 Romamque
3386 2553 3482 2595 ve-

1893 2646 2111 2699 xerunt,
2185 2636 2273 2689 ubi
2306 2646 2361 2689 et
2417 2634 2704 2704 pulchrum
2754 2632 2886 2700 ipsis
2946 2629 3204 2700 templum
3258 2628 3474 2683 Claudii

1898 2728 2017 2784 foro
2061 2728 2374 2798 proximum
2414 2726 2733 2791 excitatum,
2783 2738 2947 2793 opera
2984 2720 3190 2775 Ruﬁna!
3229 2721 3329 2789 pia:
3367 2735 3480 2774 ma-

1902 2831 2094 2885 tronm,
2132 2834 2252 2890 qua:
2282 2821 2501 2890 generis
2537 2819 2760 2887 stirpem
2794 2831 2825 2870 a
2875 2814 3100 2869 Claudio
3151 2815 3481 2885 imperatore

1902 2914 2200 2983 repetebat.
2239 2912 2305 2966 Et
2343 2911 2458 2965 haec
2494 2910 2713 2979 quidem
2753 2908 2893 2961 lihro
2918 2906 3097 2961 tertio.

2533 2997 2843 3057 CLXXXV.

2326 3093 2572 3163 Dionysii
2591 3091 2748 3163 ,Ἐρεὶ
2782 3091 3058 3161 Dictyaca.

1974 3186 2103 3257 Legi
2133 3185 2331 3240 bellum
2369 3184 2608 3255 Dionysii
2651 3182 2831 3252 IEgei,
2903 3183 2989 3237 cui
3029 3180 3285 3251 Dictyaca
3339 3179 3486 3236 titu-

1905 3278 1989 3335 lus
2019 3288 2123 3343 est,
2151 3280 2326 3346 capita
2357 3277 2467 3347 (44)
2501 3287 2717 3331 centum
2761 3275 3337 3344 comprehendentem.
3362 3273 3485 3327 Pri-

211 3373 388 3443 ληπτο
413 3375 510 3427 τὸν
543 3374 781 3445 ἀριθμὸν
828 3381 893 3444 ρ’.
927 3377 1155 3443 Πρῶτον
1191 3378 1272 3430 ὅτι
1317 3377 1375 3443 ἐξ
1404 3378 1732 3449 ἀμφοτέρων
1762 3380 1796 3450 ὴ

1902 3388 2051 3427 mum
2081 3380 2166 3427 est
2203 3372 2277 3427 ab
2307 3382 2539 3441 utroque
2573 3379 2799 3440 parente
2842 3384 3028 3423 semen
3081 3367 3280 3431 emitti,
3313 3367 3490 3438 gigni-

211 3466 306 3519 τοῦ
342 3468 663 3538 σπέρματος
695 3467 972 3538 καταϐολὴ
998 3470 1089 3522 καὶ
1119 3468 1403 3538 ξωογονία,
1435 3469 1689 3542 δεύτερον
1717 3474 1796 3526 ὅτι

1900 3484 2005 3539 que
2035 3467 2255 3522 animal.
2283 3467 2340 3525 2.
2379 3464 2710 3530 Secundum,
2758 3464 2808 3517 id
2842 3479 2950 3517 non
2989 3463 3056 3515 ab
3088 3470 3319 3530 utroque
3344 3460 3485 3515 fieri.

214 3559 315 3612 οὐκ
340 3557 403 3623 ἐξ
427 3559 783 3630 ἀμφοτέρων·
813 3560 997 3630 τρίτον
1023 3562 1105 3613 ὅτι
1135 3562 1229 3630 ἀφ’
1258 3561 1381 3614 ὅλου
1409 3562 1503 3614 τοῦ
1551 3560 1796 3632 σώματος

1902 3562 1955 3615 5.
2007 3561 2049 3615 Ε
2106 3571 2218 3615 toto
2265 3574 2495 3630 corpore
2554 3557 2781 3613 seminis
2837 3556 2954 3611 fieri
3003 3554 3391 3611 excretionem.
3435 3553 3491 3606 4-

215 3653 251 3720 ἡ
272 3651 371 3705 τοῦ
406 3652 727 3722 σπέρματος
751 3651 1001 3724 ἔκκρισις
1027 3653 1261 3720 γίνεται,
1300 3652 1560 3723 τέταρτον
1590 3654 1673 3706 ὅτι
1701 3653 1803 3706 οὐκ

214 3743 307 3811 ἀφ’
352 3742 503 3807 ὅλου,
558 3742 676 3796 ἀλλ’
723 3744 833 3797 ἀπὸ
879 3742 988 3796 τῶν
1041 3743 1300 3815 διδύμων*
1330 3742 1371 3796 ε’
1424 3745 1506 3797 ὅτι
1552 3745 1585 3813 ὴ
1638 3744 1804 3814 πέψις

217 3834 498 3906 θερμασία
538 3835 772 3903 γίνεται,
813 3842 867 3901 ς’
910 3837 993 3889 ὅτι
1044 3837 1140 3889 καὶ
1165 3838 1185 3867 ³
1216 3838 1249 3906 ὴ
1300 3835 1464 3905 πέψις
1504 3836 1565 3889 οὐ
1596 3836 1806 3905 γίνεται

216 3927 518 3998 θερμασίᾳ·
542 3925 588 3991 ζ’
615 3928 697 3980 ὅτι
727 3927 909 3997 τρίψει
935 3930 969 3999 ἡ
1002 3928 1188 3997 πέψις,
1214 3926 1265 3998 η’
1295 3928 1391 3981 καὶ
1418 3929 1500 3981 ὅτι
1533 3928 1594 3981 οὑ
1624 3928 1806 3999 τρίψει

215 4019 462 4090 ’διστέψιςο
498 4016 541 4070 θ’
572 4019 654 4072 ὅτι
684 4019 905 4088 ἰδιότητι
928 4020 1242 4089 πνεύματος
1272 4021 1305 4092 ὴ
1334 4020 1520 4089 πέψις,
1550 4027 1579 4072 ι’
1609 4022 1701 4073 καὶ
1727 4021 1809 4074 ὅτι

214 4109 318 4162 οὐκ
344 4109 573 4179 ἰδιότητι
600 4111 916 4177 πνεύματος
948 4113 983 4181 ἡ
1022 4112 1209 4180 πέψις·
1246 4118 1313 4165 ια’
1340 4112 1424 4165 ὅτι
1453 4112 1614 4181 σήψει
1640 4115 1673 4183 ἡ
1713 4113 1810 4165 πέ-

216 4203 334 4269 ψις,
376 4200 443 4271 ιβ’
474 4202 567 4256 καί
600 4204 683 4256 ὄτι
713 4204 775 4257 οὺ
807 4203 970 4274 σήψει
998 4205 1030 4273 ἡ
1067 4205 1259 4275 πέψις·
1292 4211 1359 4273 ιγ’
1394 4205 1477 4258 ὅτι
1509 4206 1812 4277 θερμασίας

221 4296 452 4366 ἰδιότητι
482 4298 517 4364 ἡ
546 4297 729 4366 πέψις,
763 4297 825 4350 ιδ’
853 4297 948 4351 καὶ
977 4298 1060 4352 ὅτι
1090 4299 1150 4351 οὐ
1177 4298 1370 4369 χυμῶν
1403 4298 1626 4368 ἰδιότητι
1659 4300 1687 4367 ἡ
1715 4299 1814 4351 πέ-

218 4387 331 4455 ψις·
378 4394 437 4440 ιε’
469 4388 554 4441 ὅτι
592 4387 841 4459 διαφέρει
868 4388 929 4442 τὸ
960 4389 1164 4461 θερμὸν
1205 4390 1478 4461 ποιότητι,
1520 4396 1596 4455 ις’
1623 4391 1705 4443 ὅτι
1749 4390 1811 4443 οὐ

219 4478 471 4548 διαφέρει
516 4478 580 4531 τὸ
623 4479 827 4550 θερμὸν
875 4481 1165 4550 ποιότητι’
1216 4482 1282 4546 ιζ’
1320 4482 1402 4535 ὅτι
1457 4481 1732 4553 θερμασίᾳ
1779 4483 1814 4553 ὴ

1904 3652 2021 3708 Non
2055 3669 2086 3709 e
2130 3660 2245 3707 toto
2277 3667 2529 3722 corpore,
2571 3650 2663 3705 sed
2702 3663 2734 3703 e
2779 3648 3032 3704 testibus.
3074 3647 3128 3701 5.
3165 3645 3489 3700 Concoctio-

1907 3763 2034 3803 nem
2075 3761 2173 3817 per
2215 3746 2453 3800 calorem
2507 3744 2648 3800 lieri.
2682 3744 2735 3799 6.
2783 3741 3206 3796 Concoctionem
3238 3754 3343 3792 non
3375 3737 3493 3792 fieri

1908 3853 2004 3908 per
2023 3839 2283 3894 calorem.
2316 3838 2372 3891 7.
2406 3838 2507 3892 Per
2533 3837 2778 3890 attritum
2817 3836 2933 3889 sive
2973 3832 3344 3887 subactionem
3376 3828 3497 3902 [ali-

1910 3931 2104 4004 menti]
2140 3930 2546 3986 concoctionem
2577 3929 2715 3983 lieri.
2751 3927 2806 3982 8.
2864 3926 2981 3981 Non
3018 3925 3156 3979 fieri.
3189 3924 3243 3979 9.
3270 3922 3497 3991 Proprio

1910 4025 2135 4092 spiritus
2182 4022 2415 4095 [calore]
2446 4021 2735 4077 concoctio
2803 4022 2883 4075 fit.
2935 4018 3024 4074 10.
3074 4020 3131 4072 ld
3191 4027 3367 4087 negat.
3405 4017 3494 4069 11.

1914 4116 2322 4172 Pntrefactione
2375 4115 2793 4171 concoctionem
2853 4113 2995 4167 fieri.
3045 4109 3134 4165 12.
3168 4109 3337 4178 Negat
3372 4109 3495 4162 hoc.

1914 4210 2003 4263 15.
2038 4208 2250 4263 Caloris
2309 4208 2424 4278 (45)
2490 4207 2827 4277 proprietate
2879 4203 3288 4258 concoctionem
3354 4214 3496 4254 esse.

1915 4299 2003 4353 M.
2038 4295 2154 4351 Non
2192 4312 2480 4351 succorum
2517 4298 2854 4363 pr0prietate
2880 4292 3290 4348 concoctionem
3357 4288 3497 4342 ﬁeri.

1918 4394 2005 4448 15.
2027 4392 2273 4449 Calorem
2302 4390 2544 4444 nativum
2602 4389 2666 4442 ad
2727 4387 3047 4457 qualitatem
3075 4385 3368 4455 pertinere.
3407 4381 3496 4435 16.

1917 4487 2163 4541 Calorem
2194 4486 2342 4539 illum
2378 4485 2443 4538 ad
2471 4484 2611 4538 hanc
2674 4496 2777 4536 non
2835 4480 3133 4549 pertinere.
3165 4475 3251 4529 17.
3285 4475 3389 4529 Per
3413 4489 3503 4528 ca—

221 4572 501 4633 άνάδοσις,
543 4578 612 4641 ιη’
641 4574 737 4625 καὶ
768 4573 851 4626 ὅτι
876 4574 937 4626 οὐ
969 4574 1266 4645 θερμασία·
1296 4575 1359 4627 ιθ⁹
1385 4575 1468 4628 ὅτι
1499 4576 1532 4646 ή
1564 4575 1796 4638 ἀνάδοσις

1920 4580 2093 4635 lorem
2142 4579 2256 4633 fieri
2322 4578 2569 4633 ciborum
2597 4574 2989 4643 digestionem.
3019 4569 3107 4624 18.
3136 4569 3280 4623 ldem
3318 4574 3496 4635 negat.

224 4660 285 4714 τὸ
311 4662 413 4733 τὴν
446 4661 753 4732 θερμασίαν
781 4661 908 4734 [218
938 4662 1032 4736 Η.]
1064 4666 1149 4733 ἐφ’
1181 4665 1381 4734 ἑαυτὴν
1414 4664 1616 4726 ἕλκειν,
1648 4664 1696 4717 κ’
1719 4666 1796 4718 κα⁴

1925 4670 2014 4724 19.
2044 4669 2409 4738 Digestioncm
2451 4683 2513 4721 ex
2556 4682 2620 4721 eo
2653 4665 2770 4719 fieri
2803 4663 2939 4735 (46),
2981 4662 3125 4731 quod
3158 4658 3307 4714 calor
3336 4656 3401 4708 ad
3444 4668 3503 4708 se

228 4753 311 4807 ὅτι
350 4754 451 4806 οὐκ
487 4754 778 4824 ἐφέλκεται
820 4756 880 4808 τὸ
925 4756 1147 4824 θερμόνο
1187 4754 1273 4809 κα¹
1304 4756 1387 4809 ὅτι
1425 4755 1505 4824 τῷ
1544 4756 1815 4826 πνεύματι

224 4847 258 4913 ἡ
284 4846 569 4908 ἀνάδοσις,
609 4845 692 4915 κβ¹
727 4848 823 4899 καὶ
858 4847 939 4899 ὅτι
968 4848 1028 4899 οὐ
1057 4845 1140 4916 τῷ
1175 4845 1449 4918 πνεύματι
1477 4848 1511 4917 ἡ
1542 4846 1812 4909 ἀνάδοσιςο

224 4947 309 5006 κγ’
333 4942 419 4992 ὅτι
448 4942 519 5009 τῇ
548 4938 660 4992 τῶν
689 4940 974 5010 ἀρτηριῶν
1015 4940 1320 5011 παραθέσει
1353 4942 1387 5010 ή
1417 4939 1688 5005 ἀνάδοσις,
1736 4939 1813 4993 κδ’

226 5035 320 5087 καὶ
349 5033 436 5086 ὅτι
466 5034 528 5085 οὑ
557 5036 625 5105 τῇ
660 5033 769 5087 τῶν
799 5033 1078 5105 ἀρτηριῶν
1131 5032 1433 5106 παραθέσει
1464 5035 1496 5103 ἡ
1531 5032 1811 5093 ἀνάδοσιςο

1926 4762 2125 4815 trahat.
2162 4761 2257 4817 20.
2283 4760 2398 4813 Νοη
2422 4758 2702 4812 attrahere
2731 4757 2999 4812 calorem.
3030 4753 3120 4806 21.
3155 4750 3357 4820 Spiritu
3387 4747 3504 4802 ﬁeri

1922 4853 2309 4922 digestionem.
2337 4849 2432 4905 22.
2479 4851 2627 4904 ldem
2690 4855 2869 4917 negat.
2899 4847 2990 4900 25.
3019 4844 3356 4899 Arteriarnm
3409 4855 3504 4907 ap-

1921 4943 2212 5013 plicatione
2242 4943 2601 5013 digestionem
2637 4940 2776 4994 ﬁeri.
2798 4940 2890 4992 24.
2928 4937 2985 4992 Id
3025 4946 3203 5004 negat.
3234 4934 3323 4988 25.
3353 4932 3507 4999 Quod

1925 5051 2021 5105 per
2054 5036 2344 5101 defectum,
2382 5036 2471 5104 qui
2502 5049 2624 5087 Clllll
2664 5032 2942 5087 vacuitate
2974 5039 3076 5097 cst,
3104 5028 3332 5097 digestio
3389 5026 3502 5089 fiat.

1556 5144 1798 5201 VARle
1839 5147 2246 5204 LECTIONES.

292 5246 347 5278 "
380 5240 458 5301 ὧν
490 5245 571 5301 A:
606 5238 668 5301 οὗ
704 5263 765 5310 ς.
840 5246 886 5278 ⁹⁶
913 5242 997 5314 τε]

1046 5244 1225 5298 malim
1259 5244 1337 5299 δέ.
1414 5245 1459 5276 ⁹⁷
1499 5243 1656 5308 θεούς
1686 5245 1729 5300 Α
1760 5263 1772 5274 ·
1804 5244 1959 5310 θεοὺς
1992 5247 2085 5299 καί
2124 5264 2185 5310 ς.

2269 5247 2315 5278 ⁸⁸
2345 5242 2562 5315 πασῶν]
2585 5243 2839 5296 ἁπάντων
3006 5240 3051 5272 ⁰⁹
3089 5237 3271 5315 dadd.
3350 5236 3367 5267 ¹
3387 5235 3508 5315 ’Λντ

228 5317 486 5401 εγνώσθη
513 5347 586 5359 --
622 5307 794 5377 1561),
840 5315 931 5371 25.
981 5307 1271 5369 ἀνεύθυνον
1302 5330 1413 5371 om.
1458 5314 1524 5370 A.
1549 5307 1746 5386 quippe
1811 5307 1953 5386 quas
1976 5307 2305 5385 infraicod.
2340 5315 2466 5386 211)
2505 5307 2808 5369 recurrant.
2887 5311 3011 5364 ’ὅτι
3040 5308 3161 5381 καί]
3211 5307 3377 5361 immo
3415 5307 3511 5359 καὶ

227 5407 337 5442 οτι.

300 5574 415 5645 (τιὸ,
452 5572 620 5642 Cujus
653 5586 830 5641 neque
868 5571 945 5645 iti‘
965 5570 1144 5645 Roin._
1175 5569 1458 5645 Martyrol.
1492 5577 1585 5623 aut
1616 5569 1821 5645 Crtfw

226 5640 497 5711 Hénolog.
530 5640 705 5709 neque
737 5640 879 5709 apud
919 5640 977 5694 D.
1014 5640 1273 5711 Nazianz.
1308 5640 1415 5693 ulla
1459 5643 1683 5697 mentio.
1716 5641 1823 5695 Eu-

228 5710 658 5770 dociam'tamen
700 5724 920 5766 secutus
941 5722 1023 5765 est
1062 5711 1199 5764 Sim.
1223 5710 1573 5778 Metaphrast.

300 5783 419 5853 (44)
437 5782 633 5838 Omnia
662 5783 776 5835 haec
797 5784 971 5855 capita
1003 5782 1223 5855 totidem
1246 5773 1380 5850 pene
1402 5779 1603 5842 verbis,
1636 5773 1814 5855 addita

232 5844 503 5912 duntaxat
576 5868 807 5911 censura
865 5844 1260 5912 brevissima,‘
1308 5858 1623 5920 repetuntur
1686 5844 1812 5899 infr.

1758 5476 1994 5532 NOTAE.

1931 5571 2052 5625 cod.
2094 5569 2220 5627 211.

1987 5642 2099 5711 (45)
2134 5642 2268 5696 Cod.
2298 5642 2426 5699 211.
2451 5639 2548 5694 inf.
2590 5641 2879 5708 utriusque
2909 5636 3100 5691 horum
3145 5634 3380 5705 capitum
3406 5633 3505 5688 ad-

1931 5726 2090 5783 versa
2133 5714 2429 5783 disputatio
2462 5711 2751 5783 indicatur.

1998 5782 2111 5854 (16)
2145 5777 2231 5837 Ειί
2259 5784 2371 5840 cod.
2407 5781 2534 5847 211,
2559 5782 2677 5850 lego
2707 5780 2792 5836 hic
2822 5779 2967 5847 τῷ...
2995 5777 3194 5831 ἕλκειν.
