3964 6404
652 363 756 428 543

1748 366 1977 428 PI-IOTI
1985 366 2012 425 Ι
2040 364 2549 425 PATRIARCH/E
2576 368 2687 427 CP.
3765 371 3844 436 544

651 476 746 534 26.
769 476 884 533 Non
921 490 1018 547 per
1053 476 1323 533 defectum
1384 478 1648 534 incertum
1693 478 1808 534 sive
1845 492 2222 549 quemcunque

2331 483 2408 530 κε’
2436 478 2519 530 ὅτι
2554 481 2621 548 τῇ
2660 477 2802 530 κατὰ
2836 475 2898 529 τὸ
2949 473 3106 528 κενὸν
3155 470 3397 542 ἀπουσίᾳ
3427 472 3462 540 ή
3499 471 3740 542 ἀνάδοσις,
3775 494 3843 550 ις’

652 567 1010 636 digestionem
1058 569 1194 624 ﬁeri.
1251 569 1344 626 27.
1395 569 1777 625 Glaucedinem
1829 583 1892 623 ex
1954 583 2020 624 eo
2075 570 2232 636 oriri,

653 661 802 724 quod
838 668 1048 712 meatus
1087 657 1311 713 visualis
1339 659 1596 713 alimento
1622 658 1968 714 destituatur.
2000 657 2091 712 28.
2125 656 2232 712 Ne-

652 757 742 814 gat
771 746 844 800 id.
876 747 966 803 29.
1004 748 1108 803 Per
1137 752 1420 820 sanguinis
1445 751 1690 820 illapsum
1721 751 1777 804 in
1800 750 2064 805 visualem
2090 739 2235 805 mea-

651 845 789 904 tum,
824 837 1196 907 glaucedinem
1231 841 1367 894 lieri.
1417 841 1508 895 50.
1539 840 1709 911 Negat
1759 841 1835 894 id.
1861 840 1948 894 51.
1973 840 2233 897 Crassitie

651 928 940 985 humorum
992 941 1156 1001 atque
1218 932 1566 988 exhalatione
1642 933 2019 1003 glaucedinem
2088 933 2229 988 lieri.

656 1020 847 1091 130a
885 1022 974 1078 5‘2.
1033 1022 1178 1078 Idem
1226 1025 1516 1079 inliciatur.
1569 1025 1660 1079 55.
1717 1024 2087 1079 Pltrenitidem
2133 1040 2233 1095 per

651 1111 919 1180 Iueningis
944 1111 1355 1182 distensionem,
1390 1115 1781 1185 sanguinisque
1827 1115 2228 1183 corruptionem

651 1201 938 1269 lieri.154.
997 1201 1367 1259 Phrenitidem
1427 1207 1500 1260 ita
1574 1205 1692 1261 ﬁeri
1747 1217 1993 1276 negatur.
2038 1207 2126 1263 55.
2188 1210 2230 1264 Ε

650 1291 850 1345 caloris
921 1295 1085 1348 nimia
1155 1297 1485 1352 abundantia
1543 1298 1908 1366 plirenitidetn
1959 1301 2226 1355 accidere.

648 1381 739 1436 56.
767 1383 918 1449 Quod
953 1386 1202 1454 sequitur
1247 1396 1414 1456 caput
1451 1387 1590 1442 idem
1629 1400 1810 1458 negat.
1862 1389 1952 1444 57.
2006 1391 2230 1446 Contin-

653 1489 782 1541 gere
825 1476 1192 1544 phrenitidem
1218 1493 1284 1531 ex
1309 1476 1762 1534 inﬂammatione.
1815 1480 1907 1536 58.
1965 1479 2224 1550 Negatur.

648 1564 738 1620 59.
772 1564 1100 1637 Lethargum
1160 1567 1582 1623 inﬂammatione
1638 1569 1806 1642 gigni.
1829 1571 1920 1627 40.
1951 1571 2228 1628 Moxidem

651 1667 838 1727 negat.
877 1659 967 1714 41.
1009 1657 1398 1730 Lethargicum
1441 1663 1688 1717 morbum
1739 1664 2072 1720 distentione
2110 1666 2228 1722 ﬁeri

645 1760 700 1802 et
724 1753 1094 1820 corruptione.
1128 1751 1218 1806 42.
1245 1752 1630 1824 Lethargicum
1673 1770 1779 1810 non
1808 1756 1878 1811 ob
1931 1759 2231 1814 multitudi-

648 1856 792 1904 nem,
819 1843 910 1896 sed
939 1844 1008 1898 ob
1055 1845 1372 1913 qualitatem
1403 1861 1614 1911 eorum,
1644 1862 1763 1916 quae
1803 1850 2124 1904 exhalantur
2143 1868 2229 1908 ac-
2258 1832 2303 1886 Β

646 1933 851 1990 cidere.
887 1937 979 1991 45.
1013 1936 1214 1992 Edendi
1242 1938 1574 2008 bibendique
1596 1941 1896 2010 appetitum
1957 1951 2070 1998 toto
2105 1959 2229 1999 cor-

655 2040 788 2094 pore
820 2026 1071 2084 dilTundi.
1119 2028 1213 2082 44.
1253 2029 1368 2082 Non
1414 2029 1469 2082 in
1504 2039 1614 2082 toto
1655 2046 1882 2098 corpore
1913 2032 2058 2089 hunc
2109 2052 2230 2091 esse

542 2141 544 2144 τ
645 2116 966 2184 appetitum,
1001 2116 1096 2170 sed
1148 2119 1198 2172 in
1235 2121 1538 2175 stomacho.
1575 2122 1664 2177 45.
1718 2123 1929 2178 Edendi
1977 2126 2226 2180 bibendi-

644 2223 750 2275 que
782 2208 1079 2276 appetitum
1117 2207 1170 2262 in
1208 2211 1594 2282 itnaginatiOne
1628 2231 1768 2271 esse.
1801 2215 1894 2272 46.
1940 2217 2098 2272 Sitim
2136 2236 2230 2274 na-

645 2299 723 2352 sci
754 2315 819 2352 ex
849 2299 1134 2354 humorum
1162 2301 1487 2370 indigentia.
1515 2305 1606 2359 47.
1647 2306 1764 2362 Νοιι
1803 2309 1856 2362 in
1884 2310 2226 2366 humidorum

646 2390 854 2446 defectu
882 2392 1030 2446 sitim
1066 2409 1206 2448 esse.
1240 2395 1329 2449 48.
1367 2397 1637 2463 Duplicem
1668 2403 1956 2468 quamdam
2025 2419 2146 2458 esse
2175 2405 2226 2458 in

644 2483 927 2536 stomacho
975 2486 1368 2554 operationem.
1405 2487 1494 2543 49.
1547 2489 1662 2545 IIoc
1703 2504 1882 2562 negat.
1931 2493 2022 2547 50.
2063 2494 2228 2551 Exte-

647 2573 845 2626 riorem
899 2574 1042 2628 illam
1074 2579 1284 2631 cerebri
1336 2579 1664 2647 pelliculam,
1698 2600 1819 2652 qua:
1859 2585 1911 2639 in
1945 2603 2080 2641 cavo
2121 2599 2226 2656 est,

642 2665 966 2734 principium
1009 2683 1130 2722 esse
1177 2687 1487 2727 nervorum.
1551 2676 1643 2730 51.
1691 2676 1804 2734 Hoc
1863 2679 2006 2736 idem
2054 2699 2226 2754 nega-

643 2769 750 2811 tur.
817 2759 906 2813 52.
963 2760 1263 2817 Pharmaca
1305 2780 1427 2819 cum
1477 2783 1576 2834 per
1637 2786 1833 2840 corpus
1877 2787 2224 2844 sparguntur,

638 2864 895 2916 purgare.
931 2851 1020 2907 55.
1046 2851 1159 2906 Non
1193 2870 1313 2908 cum
1378 2857 1777 2926 diﬂ'unduntur,
1813 2865 1907 2919 sed
1963 2866 2082 2934 ipso
2147 2869 2227 2922 al-

640 2937 793 3008 lapso
825 2956 924 2994 suo
961 2958 1194 3014 purgare
1223 2950 1444 3002 asserit.
1499 2949 1587 3004 54.
1614 2950 1936 3009 I’harmacis
1961 2962 2223 3014 utendum

638 3045 761 3094 esse
784 3032 1098 3101 purgativis.
1291 3035 1495 3092 Deinde
1549 3041 1600 3094 id
1650 3057 1830 3113 negat.
1854 3045 1960 3117 :56.
2017 3049 2223 3105 Venam

2335 571 2429 622 καὶ
2461 571 2544 623 ὃτι
2572 571 2632 622 οὑ
2654 573 2718 640 τῇ
2754 569 2896 622 κατά
2916 567 2976 620 τὸ
3003 565 3198 636 ἄδηλον
3229 564 3767 634 ἀπυσίᾳήάνάδοσιςο
3784 576 3847 639 κζ’

2333 661 2417 714 ὅτι
2446 661 2514 714 δι’
2537 661 2801 732 ἀτροφίαν
2827 659 2920 714 τοῦ
2950 657 3205 730 ὁρατικοῦ
3231 656 3400 728 πόρου
3427 657 3460 726 ἡ
3489 659 3846 731 ἀπογλαύκωσις

2334 754 2564 823 γίνεται,
2619 760 2704 824 κη’
2748 754 2844 807 καὶ
2883 753 2965 806 ὅτι
3019 752 3077 804 οὑ
3113 749 3181 804 δι’
3219 749 3482 821 ἀτροφίαν
3518 751 3606 803 τοῦ
3641 755 3848 824 ὁρατικοῦ

2335 847 2502 918 πόρου
2532 848 2566 917 ἡ
2589 844 3010 914 ἀπογλαύκωσις
3038 843 3269 912 γίνεται·
3303 839 3386 894 κδ’
3414 842 3496 894 ὅτι
3520 845 3652 897 κατά
3675 851 3848 920 παρέμ.

2333 955 2541 992 πτωσιν
2565 937 2798 1007 αἵματος
2828 937 2910 999 είς
2950 935 3042 989 τὸν
3080 933 3336 1006 ὁρατικὸν
3374 933 3538 1004 πόρον
3567 936 3598 1003 ὴ
3622 937 3849 1006 ἀπογλαύ.

2332 1051 2502 1098 κωσις
2539 1033 2770 1103 γίνεται,
2803 1031 2848 1084 λ’
2876 1031 2972 1084 καὶ
3002 1031 3086 1082 ὅτι
3116 1031 3178 1082 οὑ
3216 1026 3359 1081 κατὰ
3394 1026 3760 1097 παρέμπτωσιν
3781 1035 3849 1087 αῖ-

2333 1145 2508 1198 ματος
2527 1129 2604 1189 είς
2625 1126 2713 1179 τὸν
2732 1124 2986 1195 ὁρατικὸν
3008 1121 3171 1189 πόρον
3189 1121 3222 1191 ὴ
3238 1117 3649 1187 ἀπογλαὺκωσις
3663 1123 3848 1189 γίνεται·

2329 1219 2410 1274 λα’
2439 1220 2522 1272 δτι
2554 1218 2676 1271 καθ’
2711 1216 2895 1285 ὑγρῶν
2925 1215 3100 1284 πάχος
3137 1216 3231 1264 καὶ
3271 1209 3529 1280 διαπνοὴν
3558 1211 3590 1280 ἡ
3623 1213 3851 1281 ἀπογλαύ.

2330 1328 2500 1374 κωσις
2525 1310 2754 1378 γίνεται,
2787 1307 2865 1376 λβ¹
2897 1307 2992 1360 καὶ
3027 1307 3109 1358 ὅτι
3135 1305 3195 1358 οὑ
3239 1303 3363 1356 καθ’
3400 1303 3582 1373 ὑγρῶν
3607 1305 3758 1374 πάχος
3781 1310 3852 1360 καὶ

2328 1402 2590 1474 διαπνοὴν
2619 1403 2653 1472 ἡ
2700 1399 3124 1468 ἀπογλαύκωσις
3168 1396 3399 1466 γίνεται·
3433 1394 3551 1467 [421
3589 1395 3760 1470 1ι.]λγ
3789 1403 3851 1454 ὅτι

2329 1500 2364 1569 ἡ
2396 1498 2636 1567 φρενῖτις
2662 1492 2804 1546 κατά
2830 1491 3112 1544 διάστασιν
3140 1489 3241 1558 τῆς
3276 1488 3540 1559 μήνιγγος
3575 1488 3664 1541 καὶ
3688 1490 3852 1561 φθορὰν

2329 1589 2422 1643 τοῦ
2463 1589 2693 1656 αἵματος
2737 1584 2981 1654 γίνεται,
3015 1583 3087 1636 λδ⁹
3123 1582 3218 1636 καὶ
3260 1581 3344 1635 ὅτι
3393 1583 3453 1632 οὑ
3497 1579 3584 1633 διὰ
3622 1582 3852 1653 ταύτηνή

2331 1682 2576 1753 φρενῖτις
2609 1679 2838 1748 γίνεται·
2868 1675 2940 1730 λε’
2970 1676 3052 1729 ὅτι
3075 1675 3218 1728 κατὰ
3244 1673 3548 1743 θερμασίας
3573 1674 3855 1747 πλεονασμὸν

2333 1774 2368 1842 ἡ
2407 1773 2648 1842 φρενῖτις
2682 1768 2992 1840 συμϐαίνει,
3037 1767 3124 1831 λς’
3163 1767 3257 1820 καὶ
3288 1766 3371 1818 ὅτι
3412 1765 3475 1817 οὑ
3509 1764 3593 1818 διὰ
3619 1767 3772 1820 τοῦτο·
3797 1769 3855 1833 λζ’

2329 1867 2410 1920 ὅτι
2446 1865 2534 1920 διὰ
2567 1862 2874 1932 φλεγμονὴν
2905 1863 2938 1932 ἡ
2969 1862 3211 1930 φρενῖτις
3243 1858 3555 1928 συμὸαίνει,
3591 1857 3667 1930 λη’
3696 1861 3774 1913 καὶ
3796 1863 3856 1914 ὅτι

2328 1957 2390 2010 οὐ
2417 1955 2506 2008 διὰ
2536 1954 2877 2024 φλεγμονὴν·
2910 1951 2989 2004 λΘ’
3019 1953 3101 2005 ὅτι
3130 1953 3157 2004 ὁ
3187 1950 3463 2021 λήθαργος
3497 1949 3634 2003 κατά
3660 1951 3856 2018 φλεγμο-

2329 2048 2423 2119 νὴν
2449 2048 2658 2114 γίνεται
2686 2087 2699 2110 ,
2737 2052 2788 2114 μ’
2817 2046 2907 2098 καὶ
2935 2046 3018 2098 ὅτι
3051 2046 3078 2097 ὁ
3105 2042 3377 2113 λήθαργος
3415 2043 3478 2094 οὑ
3519 2042 3715 2110 γίνεται
3749 2043 3858 2096 κατὰ

2330 2142 2662 2213 φλεγμονὴν·
2696 2145 2784 2209 μα’
2806 2141 2888 2192 ὁτι
2913 2138 3054 2191 κατά
3073 2137 3355 2190 διάστασιν
3382 2138 3430 2188 οἱ
3459 2135 3763 2204 ληθαργικοὶ
3784 2137 3858 2189 καὶ

2331 2234 2556 2307 φθοράν·
2589 2234 2673 2304 μβ⁹
2697 2234 2778 2285 ὅτι
2809 2231 3141 2302 ληθαργικὸς
3167 2229 3227 2282 οὑ
3255 2228 3407 2295 παρά
3427 2228 3491 2279 τδ
3517 2227 3728 2293 πλῆθος,
3755 2227 3860 2280 ἀλλά

2328 2325 2428 2397 τὴν
2462 2324 2725 2395 ποιότητα
2755 2324 2865 2376 τῶν
2893 2319 3298 2390 διαπνεομένων
3346 2319 3653 2390 συμῦαίνει·
3695 2325 3771 2389 μγ¹
3799 2322 3858 2372 ὅτι

2283 2453 2286 2458 -
2330 2420 2459 2489 περὶ
2500 2417 2621 2471 ὅλον
2660 2418 2723 2468 τὸ
2773 2417 2934 2486 σῶμα
2979 2417 3012 2482 ὴ
3055 2413 3232 2483 ὄρεξις
3263 2411 3360 2464 τοῦ
3404 2414 3600 2481 φαγεῖν
3634 2412 3720 2464 καὶ
3747 2413 3858 2463 πιεῖν

2331 2511 2589 2581 ὑπάρχει,
2614 2510 2699 2580 μδ⁹
2723 2511 2818 2562 καὶ
2847 2511 2928 2562 δτι
2959 2509 3021 2562 οὑ
3045 2507 3173 2576 περὶ
3201 2504 3342 2568 ὅλον,
3365 2505 3503 2559 ἀλλά
3529 2522 3592 2556 πε
3604 2507 3651 2573 pi.
3673 2505 3752 2556 τὸν
3774 2505 3861 2555 στό-

2332 2619 2503 2672 μαχον
2529 2619 2541 2632 ·
2579 2599 2661 2672 με’
2698 2602 2780 2654 ὅτι
2805 2603 2838 2670 ἡ
2869 2599 2964 2654 τοῦ
3010 2603 3207 2668 φαγεῖν
3250 2599 3343 2653 καὶ
3384 2601 3532 2650 πιεῖν
3572 2596 3736 2666 ὄρεξις
3761 2597 3861 2665 περὶ

2327 2693 2564 2746 διάνοιάν
2586 2695 2722 2745 ἐστι·
2759 2699 2856 2762 μς¹
2883 2694 2962 2745 ὅτι
2999 2693 3122 2745 καθ’
3152 2691 3335 2760 ὑγρῶν
3371 2689 3580 2742 ἔνδειαν
3607 2688 3791 2756 γίνεται
3815 2688 3862 2738 τὸ

2327 2787 2499 2855 δίψος,
2543 2786 2627 2855 μζ¹
2656 2786 2749 2838 καὶ
2775 2785 2858 2838 ὅτι
2888 2785 2984 2854 οὐχ
3012 2783 3198 2854 ὑγρῶν
3231 2782 3470 2848 ἐλλείψει
3494 2781 3697 2848 γίνεται
3727 2777 3778 2830 τὸ
3806 2778 3863 2829 δί-

2327 2880 2447 2949 ψος·
2484 2879 2573 2945 μη¹
2602 2877 2685 2930 ὃτι
2716 2877 2847 2946 περὶ
2877 2875 2969 2928 τὸν
3008 2875 3279 2944 στόμαχόν
3304 2871 3419 2925 ἐστί
3453 2889 3540 2934 τις
3564 2870 3714 2938 διπλῆ
3741 2869 3862 2938 ὲνέρο

2328 2985 2474 3037 γεια,
2515 2967 2597 3038 μθ¹
2629 2968 2724 3020 καὶ
2764 2967 2848 3019 ὃτι
2891 2966 2992 3018 οὑκ
3032 2964 3146 3017 ἔστι
3180 2963 3340 3034 διπλῆ
3382 2981 3469 3025 τις
3501 2962 3738 3031 ἐνέργεια
3764 2959 3861 3026 περὶ

2328 3064 2422 3116 τὸν
2453 3062 2743 3131 στόμαχον·
2773 3057 2815 3112 ν’
2844 3059 2931 3112 ὅτι
2963 3060 2996 3129 ἡ
3028 3058 3180 3119 ἐκτὸς
3214 3055 3414 3126 μῆνιγξ
3445 3058 3481 3127 ή
3516 3057 3572 3108 ὲν
3601 3054 3675 3124 τῷ
3711 3053 3866 3107 κοιλώ-

641 3119 1284 3187 (47)οεεεὶιιοίι1ειιι1ιιιιι.
1317 3128 1406 3184 57.
1443 3130 1556 3186 Νοη
1606 3148 1727 3191 esse
1765 3139 1863 3194 ait.
1903 3141 1994 3196 58.
2035 3141 2222 3197 Febri-

2335 3177 2460 3228 ματι
2484 3119 2760 3227 ἀρχὴιτῶν
2792 3119 3002 3224 νεύρων
3041 3150 3179 3204 ἐστί·
3213 3119 3292 3204 νίζ’
3317 3119 3579 3218 ὅτιῗοὺχή
3613 3149 3750 3208 ἐκτὸς
3781 3148 3837 3214 μῆ

637 3214 930 3269 citantibus
975 3232 1080 3270 non
1129 3221 1335 3286 utiliter
1381 3225 1583 3293 porrigi
1628 3228 1815 3284 vinum
1860 3234 2079 3290 asserit.
2129 3235 2217 3290 59.

635 3301 807 3359 Recte
840 3307 906 3361 iis
947 3311 1174 3376 praeberi
1205 3313 1409 3370 vinum.
1467 3315 1559 3374 60.
1610 3318 2072 3380 Febricitantibus
2100 3341 2222 3382 esse

634 3397 888 3453 halneum
960 3403 1342 3463 adhibendum.
1395 3409 1483 3464 61.
1521 3413 1668 3468 Idem
1715 3427 1893 3486 negat.
1922 3419 2011 3474 62.
2048 3419 2222 3492 Opor-

639 3500 754 3544 tere
798 3491 851 3546 in
897 3495 1207 3550 morborum
1276 3502 1630 3561 incrementis
1677 3507 1910 3577 clystere
1961 3515 2060 3569 uti.
2099 3491 2211 3570 765.

633 3581 806 3650 Negat
873 3584 946 3639 id.
1006 3586 1097 3642 64.
1157 3588 1426 3648 Utendum
1480 3612 1602 3652 esse
1671 3599 2082 3662 inunctionibus
2157 3610 2208 3664 in

633 3675 942 3744 principiis.
975 3677 1066 3733 65.
1099 3679 1238 3735 Idem
1275 3696 1456 3756 negat.
1487 3686 1575 3743 66.
1611 3688 1728 3745 Non
1761 3708 1880 3748 esse
1931 3708 2092 3766 caput
2121 3715 2217 3754 ca-

639 3765 976 3833 taplasmatis
1005 3773 1324 3839 curandum,
1361 3778 1455 3830 sed
1486 3779 1772 3835 olfactoria
1825 3765 2092 3843 duntaxat
2115 3791 2216 3844 ad-

634 3855 890 3911 hibenda.
921 3859 1010 3914 67.
1051 3861 1316 3918 Utendum
1351 3880 1472 3922 esse
1498 3870 1550 3923 in
1577 3872 1754 3940 capite
1783 3877 2213 3944 cataplasmatis.

636 3947 728 4003 68.
761 3948 890 4014 Qua:
926 3954 1184 4008 vomitum
1212 3970 1508 4026 provocent
1548 3963 1764 4033 juvare.
1809 3967 1900 4026 69.
1926 3968 2046 4024 Non
2096 3987 2218 4027 esse

635 4042 892 4095 utendum
925 4044 988 4097 iis
1017 4061 1136 4111 qua:
1154 4050 1413 4104 vomitum
1444 4053 1610 4109 cient.
1644 4057 1732 4112 70.
1761 4057 1865 4113 Cor
1893 4063 2214 4132 sanguinem

634 4150 744 4189 non
803 4137 1076 4193 emittere.
1149 4139 1237 4197 7l.
1312 4141 1518 4200 Tamen
1573 4149 1626 4203 id
1688 4153 1904 4208 asserit.
1960 4154 2046 4210 72.
2109 4157 2218 4212 Cor

633 4225 886 4294 spiritum
917 4245 1020 4283 non
1051 4231 1322 4302 emittere,
1349 4237 1444 4292 sed
1469 4241 1703 4296 arterias
1739 4244 1883 4298 illum
1911 4249 2209 4304 attrahere.

633 4316 724 4372 75.
761 4317 871 4373 Cor
923 4321 1174 4390 spiritum
1224 4327 1498 4392 emittere,
1533 4346 1709 4399 neque
1746 4336 1814 4390 ab
1873 4340 2095 4394 arteriis
2135 4351 2217 4394 at-

633 4411 798 4465 trahi.
830 4412 924 4468 ⁸14.
948 4411 1056 4468 Cor
1087 4431 1184 4484 per
1214 4433 1272 4472 se
1332 4425 1559 4479 moveri.
1589 4424 1677 4482 75.
1726 4427 1867 4482 Idem
1916 4431 2212 4489 inliciatur.

635 4493 723 4549 76.
758 4495 1006 4554 Arterias
1044 4515 1110 4555 ex
1151 4513 1345 4559 natura
1391 4513 1714 4580 sanguinem
1778 4519 2081 4576 continere.
2124 4522 2209 4577 77.
2244 4521 2288 4575 D

635 4587 882 4644 Arterias
910 4604 1016 4644 non
1037 4607 1158 4647 esse
1185 4597 1476 4664 sanguinis
1524 4608 1945 4674 receptaculum.
1975 4611 2065 4667 78.
2092 4616 2217 4669 0m-

633 4681 720 4734 nia
770 4697 900 4738 vasa
934 4685 1021 4739 ubi
1057 4689 1368 4756 prominent
1419 4708 1485 4749 ac
1538 4705 1776 4768 turgent,
1812 4704 2006 4775 simpla
2067 4725 2212 4768 esse.

637 4773 726 4829 79.
754 4775 1116 4846 Receptacula
1150 4796 1270 4835 esse
1296 4791 1443 4838 texta
1481 4789 1784 4848 involucra.
1811 4773 2039 4854 80.'Per
2090 4819 2214 4857 ner-

630 4879 729 4919 vos
766 4882 982 4922 sensum
1026 4884 1092 4925 ac
1134 4871 1322 4942 1305
1375 4888 1579 4934 motum
1619 4885 1826 4951 perlici.
1881 4889 1969 4944 81.
2027 4890 2083 4946 Id
2140 4894 2212 4950 ita

632 4958 748 5012 Iieri
795 4969 978 5030 negat.
1007 4961 1096 5017 82.
1127 4963 1397 5021 Venarum
1434 4971 1758 5044 principium
1790 4993 1888 5033 cor
1917 4995 2062 5038 esse.
2117 4985 2209 5042 85.

635 5048 784 5104 Idem
812 5053 997 5105 statim
1031 5063 1212 5122 negat.
1254 5057 1344 5112 84.
1385 5057 1552 5117 Jecur
1599 5081 1721 5121 esse
1765 5085 2026 5129 venarum
2068 5079 2212 5146 prin-

631 5139 855 5207 cipium.
885 5142 976 5197 85.
999 5143 1121 5198 Mox
1158 5145 1210 5200 id
1255 5149 1548 5208 inliciatur.
1573 5155 1663 5212 86.
1701 5157 1972 5218 Venarum
2009 5139 2210 5235 princi-

2322 3249 2445 3318 νιγξ
2483 3248 2626 3319 ἀρχὴ
2654 3245 2764 3299 τῶν
2791 3243 2996 3315 νεύρων
3021 3241 3138 3294 ἐστί
3163 3255 3177 3268 ·
3218 3240 3295 3309 νβ’
3330 3241 3412 3293 ὃτι
3452 3239 3792 3308 ἀναδιδόμενα
3815 3237 3867 3287 τὰ

2323 3343 2594 3414 φάρμακα
2623 3337 2901 3407 καθαίρει,
2927 3341 3005 3403 νγ¹
3029 3335 3112 3388 ὅτι
3139 3333 3239 3385 οὐκ
3273 3332 3636 3401 ἀναδιδόμενα
3659 3330 3723 3382 τὰ
3751 3328 3863 3399 φάρ-

2324 3449 2496 3505 μακα,
2511 3429 2646 3484 ἀλλὰ
2663 3428 2806 3482 κατὰ
2820 3429 2921 3497 τὴν
2944 3425 3292 3496 πρόσπτωσιν
3308 3423 3588 3493 καθαίρει·
3602 3423 3669 3476 vc?
3686 3424 3867 3492 ὀτιχρη-

2321 3529 2475 3580 στέον
2501 3526 2613 3586 τοῖς
2652 3523 3030 3592 καθαρτικοῖς,
3063 3527 3133 3572 νε’
3161 3519 3255 3572 καὶ
3281 3519 3364 3572 ὅτι
3393 3518 3457 3570 οὔ
3487 3517 3743 3589 χρηστέον
3762 3533 3774 3545 ·
3798 3513 3864 3578 νς¹

2318 3622 2401 3674 ὅτι
2435 3617 2772 3688 φλεδοτομίᾳ
2801 3615 3098 3685 χρηστέον,
3142 3613 3219 3677 νζ¹
3262 3613 3356 3666 καὶ
3385 3614 3472 3666 ὅτι
3501 3615 3561 3665 οὐ
3602 3611 3866 3682 χρηστέον·

2318 3717 2400 3780 νη¹
2425 3709 2509 3762 ὅτι
2539 3708 2683 3762 οἴνου
2704 3707 2850 3769 δόσις
2877 3706 2940 3757 οὐ
2967 3705 3212 3776 χρησίμη
3245 3706 3339 3758 ἐπὶ
3361 3704 3472 3757 τῶν
3502 3705 3865 3776 πυρεσσόντων,

2318 3803 2393 3856 νϐ’
2423 3803 2518 3856 καὶ
2567 3801 2651 3854 ὅτι
2689 3797 2832 3862 οἶνος
2875 3798 3054 3859 δοτέος
3100 3800 3214 3858 τοῖς
3257 3797 3620 3866 πυρέσσουσι·
3652 3794 3692 3863 ξ’
3716 3799 3790 3850 ὃτι
3826 3792 3871 3844 τὸ

2317 3893 2540 3963 λουτρὸν
2569 3894 2682 3955 τοῖς
2717 3891 3085 3961 πυρέσσουσιν
3115 3889 3382 3942 ἐπακτέον
3403 3926 3419 3949 ,
3457 3887 3540 3954 ea!
3579 3889 3672 3940 καὶ
3696 3889 3769 3940 ὅτι
3791 3875 3869 3979 οὐκ

2317 3987 2604 4040 ἐπακτέον·
2630 3985 2704 4054 ξβ¹
2735 3985 2818 4036 ὅτι
2842 3983 2923 4035 δεῖ
2960 3984 3018 4036 ὲν
3045 3985 3166 4045 ταῖς
3225 3982 3516 4035 ἐπιτάσεσι
3560 3978 3784 4043 κλύζειν,
3809 3978 3861 4044 ξη

2317 4080 2411 4132 καὶ
2445 4080 2528 4131 ὅτι
2569 4077 2631 4130 οὐ
2667 4076 2767 4128 δεῖ·
2803 4074 2872 4139 ξδ’
2903 4077 2984 4128 ὅτι
3028 4075 3108 4127 δεῖ
3139 4076 3197 4126 ὲν
3238 4077 3359 4137 ταῖς
3387 4077 3593 4144 ἀρχαῖς
3621 4071 3864 4138 ἐπαλείψει

2317 4168 2574 4239 χρῆσθαι,
2610 4166 2682 4231 ξε¹
2707 4166 2804 4219 καὶ
2829 4167 2908 4218 ὅτι
2943 4166 3004 4218 οὑ
3032 4166 3129 4217 δεῖ·
3165 4165 3250 4230 ξςθ
3269 4166 3351 4218 ὅτι
3379 4166 3443 4217 οὑ
3475 4165 3560 4217 δεῖ
3594 4161 3872 4217 καταπλάσ-

2318 4275 2431 4311 σειν
2460 4258 2561 4325 τὴν
2587 4256 2853 4328 κεφαλὴν,
2885 4255 3020 4310 ἀλλά
3051 4258 3163 4319 τοῖς
3192 4258 3521 4328 όσφραντοῖς
3565 4255 3741 4323 μόνοις
3762 4255 3870 4322 χρῆ·

2319 4347 2464 4410 σθαι,
2499 4347 2576 4414 ξζ¹
2623 4349 2718 4401 καὶ
2747 4347 2829 4400 ὃτι
2874 4346 2956 4399 δεῖ
2981 4348 3001 4378 ³
3030 4345 3266 4416 χρῆσθαι
3314 4346 3772 4416 καταπλάσμασιν
3798 4342 3871 4395 ἐπὶ

2316 4439 2417 4508 τῆς
2461 4437 2732 4508 κεφαλῆς·
2785 4437 2868 4508 ξη¹
2904 4438 2987 4491 ὅτι
3015 4438 3330 4507 ἐμετοποιία
3365 4438 3669 4509 συμφέρει,
3701 4434 3768 4502 ξο’
3799 4433 3872 4485 καὶ

2318 4532 2400 4585 ὅτι
2441 4534 2500 4585 οὑ
2531 4531 2798 4603 χρηστέον
2834 4531 3176 4602 ὲμετοποιίᾳ·
3210 4537 3250 4583 ο’
3279 4531 3364 4584 ὅτι
3387 4532 3491 4584 οὑκ
3535 4526 3874 4600 ἐπιπέμπειὴ

2319 4625 2518 4697 καρδία
2554 4619 2696 4695 αἷμα
2717 4664 2734 4689 ,
2767 4629 2846 4676 οα⁹
2889 4623 2984 4676 καὶ
3023 4623 3107 4676 ὅτι
3147 4623 3491 4691 ἐπιπέμπει·
3529 4621 3608 4692 οβ’
3630 4623 3707 4675 ὅτι
3732 4621 3816 4685 οὔχ
3845 4618 3871 4684 ἠ

2319 4716 2517 4787 καρδία
2558 4714 2865 4784 ἐπιπέμπει
2919 4712 2980 4766 τὸ
3010 4711 3252 4783 πνεῦμα,
3289 4710 3405 4764 ἀλλ’
3437 4713 3495 4767 αἱ
3529 4711 3782 4784 ἀρτηρίαι
3804 4706 3875 4759 ἕλ-

2320 4803 2626 4874 κουσιν,ογ’
2655 4807 2750 4859 καὶ
2792 4805 2874 4857 ὅτι
2914 4806 2946 4876 ἡ
2988 4803 3188 4874 καρδία
3228 4802 3539 4874 ἐπιπέμπει
3579 4803 3640 4855 τὸ
3670 4799 3873 4867 πνεῦμα,

2273 4936 2286 4948 .
2320 4903 2414 4953 καὶ
2451 4899 2571 4968 οὐχὶ
2602 4900 2657 4951 αἱ
2685 4895 2947 4966 ἀρτηρίαι
2979 4895 3231 4947 ἕλκουσιν
3253 4910 3267 4924 ·
3297 4893 3368 4946 οδ¹
3414 4894 3499 4946 ὅτι
3539 4892 3603 4959 ἐξ
3642 4889 3822 4957 ἑαυτῆς
3849 4887 3876 4953 ἡ

2317 4991 2516 5062 καρδία
2549 4991 2804 5055 κινεῖται,
2832 4994 2905 5041 οε’
2939 4988 3034 5042 καὶ
3075 4988 3157 5040 ὅτι
3183 4987 3283 5040 οὑκ
3321 4986 3381 5050 ὲξ
3407 4985 3617 5054 ἑαυτῆς
3645 4987 3678 5056 ἡ
3710 4978 3878 5052 καρδία

2317 5085 2575 5136 κινεῖται·
2603 5088 2688 5147 ος¹
2717 5082 2800 5134 ὅτι
2831 5081 2973 5135 κατὰ
3008 5078 3168 5150 φύσιν
3195 5075 3334 5149 αἷμα
3370 5081 3426 5132 ἐν
3455 5082 3584 5142 ταῖς
3616 5075 3875 5148 ἀρτηρίαις

2318 5176 2552 5245 ὑπάρχει
2576 5216 2591 5240 ,
2619 5176 2696 5237 οζ¹
2744 5173 2872 5246 [219
2916 5171 3010 5244 IL]
3053 5173 3134 5226 δτι
3174 5173 3272 5242 οὐχ
3309 5173 3545 5242 αἵματος
3588 5171 3798 5240 ἀγγεῖον
3832 5167 3876 5218 αἱ

633 5232 782 5300 pium
812 5246 933 5288 esse
979 5237 1361 5294 ventriculum.
1384 5241 1474 5296 87.
1509 5245 1566 5300 Id
1603 5265 1726 5304 mox
1759 5253 1970 5312 inﬁcias
1999 5232 2079 5314 {re
2103 5276 2210 5316 non

637 5322 843 5348 ,1..Ιιζι...
895 5323 962 5348 οο
1018 5325 1369 5348 D--A..._-_,I,
1668 5342 1678 5348 .
1865 5347 1869 5348 ,

2323 5267 2592 5337 Ξιρτηρίαι·
2628 5273 2706 5337 οη’
2730 5267 2813 5320 ὅτι
2843 5265 3020 5319 πάντα
3047 5265 3118 5317 τὰ
3159 5264 3357 5332 ἀγγεῖα
3386 5269 3443 5318 ἐν
3471 5265 3556 5348 τῷ
3583 5265 3730 5333 ὄγκῳ
3754 5259 3878 5316 ἀπλᾶ

635 5322 868 5379 dubitat.
894 5323 984 5380 88.
1017 5325 1504 5395 Receptaculorum
1534 5342 1774 5398 omnium
1793 5347 2057 5416 originem
2083 5367 2206 5408 esse

2323 5362 2481 5423 ἐστιν,
2529 5359 2604 5412 οϐ’
2635 5361 2730 5413 καὶ
2762 5360 2845 5413 ὅτι
2880 5360 2998 5412 ἐστὶ
3023 5355 3093 5409 τὰ
3137 5359 3337 5426 ἀγγεῖα
3374 5356 3672 5426 πλέγματα
3691 5373 3704 5387 ·
3735 5361 3784 5406 π’
3811 5354 3878 5404 ὅτι

707 5533 858 5605 ³δεῖ]
913 5534 1031 5590 libri
1077 5539 1137 5590 οὑ
1192 5537 1292 5593 δεῖ.

1968 5485 2206 5543 ἾΑΒΙᾸΞ
2241 5490 2658 5550 LECTIONES.

2143 5623 2376 5683 NOTAE.

705 5696 1574 5794 I53)fPSll‘ﬂl-Itfefl-‘(IllmEttpila
1611 5708 1732 5764 cod.
1773 5710 1897 5794 211,
1952 5728 2176 5794 (gnarum
2221 5718 2338 5776 loco
2397 5721 2461 5776 15
2494 5733 2546 5776 et
2598 5721 2663 5776 14
2706 5723 2895 5792 capitis
2951 5725 3176 5780 adversa
3219 5726 3481 5782 sententia
3542 5727 3652 5782 illis
3707 5739 3880 5794 propo-

637 5771 803 5822 nitur.
835 5769 910 5824 lta
937 5772 1172 5842 capitum
1195 5769 1759 5842 utrobitptenumcrus
1789 5769 1929 5838 idem
1962 5769 2207 5840 sllicitur.
