4038 6418
202 422 301 484 5ίὸ

1233 413 1760 474 BIBLIOTHECA.
1792 434 1861 444 -
1887 409 2047 469 COD.
2072 408 2424 469 CLXXXVI.

3352 403 3456 467 546

197 538 276 589 διὰ
313 535 423 586 τῶν
461 533 668 603 νεύρων
704 532 957 603 αἴσθησις
1012 533 1106 586 καὶ
1155 530 1372 600 κίνησις
1414 527 1773 587 ἐπιτελεῖται,

1902 526 2153 595 neninga.
2179 525 2269 580 89.
2294 524 2465 593 Negat
2489 522 2610 576 hoc.
2642 521 2731 576 90.
2765 520 3101 575 Arteriarum
3130 519 3454 589 principium

200 635 283 681 πα⁹
306 629 401 680 καὶ
422 629 509 680 ὅτι
537 627 601 680 ού
631 626 721 679 διὰ
742 625 848 678 τῶν
874 624 1081 695 νεύρων
1103 626 1138 693 ἡ
1164 624 1416 694 αἴσθησις
1448 620 1540 673 καὶ
1566 619 1775 687 κίνησις

201 720 554 774 ἐπιτελεῖταιο
587 717 677 787 πβ¹
701 720 780 772 ὅτι
805 718 947 788 ἁρχὴ
981 716 1191 785 φλεϐῶν
1236 716 1271 785 ἡ
1310 712 1527 783 καρδία,
1566 716 1656 779 πγ¹
1682 709 1776 761 καὶ

197 814 273 867 δτι
302 814 409 865 οὐκ
448 811 595 883 ἁρχὴ
631 810 844 882 φλεϐῶν
885 812 919 881 ἠ
960 810 1178 881 καρδίαο
1208 806 1293 859 πδ¹
1338 806 1422 859 ὅτι
1450 799 1604 876 ἧπαρ
1631 803 1775 873 ἁρχὴ

199 906 437 975 φλεϐῶν,
472 903 553 958 πε¹
582 906 674 958 καὶ
701 906 783 961 ὅτι
810 904 909 975 οὐχ
940 898 1094 974 ἦπαρ
1124 901 1269 973 ἀρχὴ
1300 897 1535 969 φλεϐῶν*
1572 903 1667 961 πς¹
1692 896 1775 947 ὅτι

200 995 379 1049 κοιλία
414 995 637 1065 φλεϐῶν
663 995 804 1065 ἀρχὴ
824 1034 840 1059 ,
866 993 956 1059 πξ¹
982 995 1077 1046 καὶ
1097 994 1181 1046 ὅτι
1209 993 1311 1043 οὐκ
1335 988 1480 1061 ἁρχὴ
1506 986 1718 1057 φλεϐῶν
1741 984 1776 1054 ὴ

201 1088 396 1139 κοιλίαο
440 1094 535 1156 πη¹
585 1088 666 1140 ὃτι
711 1088 926 1140 πάντων
965 1085 1076 1139 τῶν
1107 1084 1346 1153 ἀγγείων
1378 1082 1521 1152 ἀρχὴ
1560 1076 1779 1151 μῆνιγξ,

202 1182 282 1233 πθ¹
316 1181 416 1233 καὶ
447 1182 533 1234 ὅτι
561 1182 663 1234 οὐκ
689 1179 832 1251 ἀρχὴ
865 1179 1082 1233 πάντων
1105 1178 1214 1231 τῶν
1239 1175 1474 1245 ἀγγείων
1505 1175 1537 1243 ἡ
1564 1168 1781 1243 μῆνιγξ·

203 1278 245 1341 ἴτ’
268 1276 355 1327 ὃτι
383 1273 647 1343 πνεύμων
673 1271 950 1343 ἀρτηριῶν
976 1270 1139 1343 ἀρχὴ,
1164 1274 1251 1337 μα’
1278 1268 1374 1321 καὶ
1393 1267 1476 1319 ὅτι
1502 1266 1605 1316 οὐκ
1638 1261 1786 1314 ἐστιν

204 1366 487 1436 ἀρτηριῶν
514 1369 542 1419 ὁ
574 1367 829 1435 πνεύμων
859 1365 1001 1434 ἀρχή
1028 1380 1041 1394 ’
1082 1362 1168 1432 ἥθ’
1200 1363 1282 1414 ὅτι
1313 1361 1347 1430 ὴ
1375 1357 1527 1425 παρὰ
1554 1356 1653 1425 τὴν
1684 1352 1783 1423 pd-

204 1474 283 1526 χιν
304 1458 554 1528 ἀρτηρία
579 1458 857 1529 ἀρτηριῶν
888 1456 1052 1527 ἁρχὴ,
1079 1454 1167 1523 ια’
1188 1453 1285 1506 κο.)⁵
1304 1453 1386 1505 ὅτι
1409 1450 1507 1518 οὐχ
1530 1450 1564 1519 ἡ
1590 1445 1743 1516 παρὰ
1764 1445 1784 1477 δ

203 1548 296 1618 τὴν
333 1551 501 1620 ῥάχιν
541 1549 779 1621 ἀρτηρία
832 1547 1111 1620 ἀρτηριῶν
1149 1545 1315 1615 ἀρχήο
1356 1542 1434 1609 ιβ’
1464 1542 1546 1593 ὅτι
1587 1536 1787 1607 καρδία

1880 631 2003 670 esse
2058 617 2390 685 pulmonem.
2442 615 2531 671 9i.
2570 615 2817 683 Sequens
2866 628 2991 667 mox
3034 620 3195 680 caput
3238 612 3290 666 id
3333 611 3457 664 inii-

1877 707 2074 761 ciatur.
2102 707 2193 761 92.
2227 706 2496 761 Arteriam
2531 706 2701 770 illam,
2728 719 2847 774 quae
2877 703 3031 772 juxta
3064 703 3211 757 dorsi
3244 702 3457 771 spinam

1878 806 1981 860 est,
2011 799 2334 851 arteriarum
2369 810 2490 851 esse
2522 795 2810 867 originem.
2843 794 2933 849 93.
2968 792 3164 847 Statim
3212 791 3265 845 id
3293 789 3461 845 refel-

1878 889 1962 946 lit.
1988 889 2077 945 94.
2100 889 2207 945 Cor
2223 889 2546 944 arteriarum
2568 903 2689 943 esse
2704 886 3051 957 principium.
3080 885 3169 941 95.
3192 886 3248 937 Id
3278 892 3459 953 negat.

1882 981 1971 1037 96.
2002 981 2115 1035 Non
2147 997 2242 1036 cor
2268 995 2389 1036 esse
2431 981 2756 1050 principium
2815 993 3127 1042 nervorum,
3172 975 3266 1029 sed
3293 988 3462 1027 mem-

1890 1074 2196 1139 branulum,
2242 1088 2349 1143 qua
2399 1072 2683 1128 cerebrum
2717 1072 3045 1126 continetur.
3072 1068 3162 1123 97.
3188 1065 3463 1121 Membra-

1892 1167 2073 1221 nulam
2103 1166 2250 1221 illam
2286 1182 2394 1221 non
2444 1178 2565 1221 esse
2613 1164 2936 1235 principium
3001 1173 3314 1215 nervorum.
3367 1156 3459 1211 98.

1884 1253 2001 1308 Non
2026 1256 2076 1308 in
2097 1258 2279 1319 corde,
2313 1255 2408 1310 sed
2439 1254 2619 1323 capite
2643 1251 2970 1320 intelligendi
2995 1252 3100 1303 vim
3127 1250 3289 1303 sitam
3320 1260 3461 1301 esse.

1888 1344 1979 1402 99.
2025 1345 2323 1415 lnseqnens
2372 1361 2504 1401 vero
2563 1354 2775 1408 contra,
2816 1360 2918 1398 non
2975 1343 3150 1410 capite
3188 1354 3320 1407 nos,
3367 1340 3465 1391 sed

1891 1439 2054 1493 corde
2082 1438 2387 1508 intelligere
2422 1437 2555 1492 vult.
2586 1439 2709 1494 100.
2746 1435 3084 1506 lntelligendi
3110 1436 3217 1488 vim
3270 1434 3323 1486 in
3373 1446 3464 1485 ce-

1895 1531 2035 1585 rebri
2063 1530 2367 1584 ventriculo
2401 1534 2580 1586 sedem
2614 1531 2836 1585 habere.

204 1615 489 1711 ἀρτηριῶν
513 1615 787 1710 ἀρχὴξιιέ
810 1615 903 1691 καὶ
926 1615 1008 1691 ὅτι
1032 1638 1131 1689 οὐκ
1154 1636 1303 1688 ἐστιν
1326 1631 1471 1702 ἀρχὴ
1513 1624 1793 1699 ἀρτηριῶν
1832 1623 1866 1692 ἡ
1895 1619 2024 1691 [424
2048 1618 2138 1692 8.]
2172 1620 2386 1691 καρδίαι
2433 1623 2527 1687 Lg'
2555 1621 2635 1673 ὅτι
2665 1620 2763 1689 οὐχ
2787 1621 2821 1690 ἡ
2848 1618 3041 1689 καρδία
3064 1617 3207 1689 ἀρχὴ
3230 1615 3458 1684 νεύρων,

206 1735 317 1787 ἀλλ’
345 1737 379 1807 ἡ
403 1734 741 1807 περιέχουσα
766 1732 856 1785 τὸν
887 1731 1188 1800 ἐγκέφαλον
1216 1725 1434 1799 μῆνιγξ,
1462 1720 1545 1790 ι,ζ’
1586 1721 1680 1773 καὶ
1717 1718 1798 1770 ὅτι
1829 1715 1925 1783 οὐχ
1953 1715 1986 1783 ὴ
2012 1712 2345 1783 περιέχουσα
2381 1714 2473 1767 τὸν
2506 1712 2811 1783 ἐγκέφαλον
2843 1713 3040 1784 μῆνιγξ
3071 1713 3211 1782 ἀρχὴ
3233 1712 3461 1779 νεύρων⁹

208 1830 294 1899 κη’
331 1803 419 1883 ὅτι
484 1803 550 1881 οὐ
618 1827 747 1899 περὶ
809 1826 1038 1897 καρδίαν
1088 1823 1149 1877 τὸ
1218 1818 1587 1890 διανοητικδν,
1638 1812 1773 1868 ἀλλὰ
1837 1808 1966 1880 περὶ
2002 1807 2285 1877 κεφαλὴν,
2327 1807 2410 1875 ἥθ’
2457 1808 2551 1860 καὶ
2596 1809 2677 1861 ὅτι
2726 1808 2787 1861 ού
2836 1807 2967 1878 περὶ
3014 1805 3279 1876 κεφαλὴν,
3328 1803 3465 1860 ἀλλὰ

206 1922 334 1992 περὶ
361 1920 599 1992 καρδίαν
629 1920 691 1972 τὸ
733 1916 1089 1987 διανοητικόνο
1140 1922 1183 1986 ρ’
1211 1916 1293 1968 ὅτι
1351 1914 1413 1966 τὸ
1456 1904 1792 1977 διανοητικόν
1816 1904 1932 1955 ἐστι
1961 1900 2091 1992 περὶ
2120 1900 2328 1992 κοιλίαν
2351 1899 2673 1969 ἐγκεφάλου.

270 1988 463 2066 Ταῦτα
495 2012 595 2082 μὲν
627 2010 689 2063 τὸ
735 2007 1064 2079 βιϐλιδάριον
1087 2006 1197 2059 τῶν
1229 2002 1507 2057 Διονυσίου
1545 2003 1791 2053 Amma-

1966 1989 2093 2045 llaec
2119 1991 2337 2060 quidem
2394 1993 2573 2045 omnia
2611 1991 2902 2062 Dionysius
2954 1988 3138 2044 libello
3177 1988 3469 2058 Diclyaco-

204 2102 327 2158 κῶν
352 2102 649 2171 διελέγετο.
687 2102 803 2155 Οὐκ
835 2100 1104 2171 ἄχρηστον
1132 2090 1186 2151 δέ
1216 2096 1351 2166 πρός
1380 2112 1440 2146 τε
1484 2089 1790 2160 γυμνασίαν

202 2195 556 2265 διαλεκτικὴν
594 2194 689 2246 καὶ
709 2192 877 2259 δοξῶν
908 2191 1117 2261 εἴδησιν
1144 2189 1304 2242 ἐνίων
1341 2187 1559 2256 ἰατρικῇ
1585 2181 1791 2253 θεωρίᾳ

204 2290 445 2343 οἰκείων.
494 2288 655 2340 Δοκεῖ
681 2287 739 2339 δὲ
784 2286 878 2339 καὶ
928 2283 1168 2348 δοξάζειν
1194 2285 1215 2314 ⁵
1262 2283 1380 2342 ταῖς
1409 2279 1612 2344 δόξαις,
1650 2276 1790 2345 πλὴν

207 2385 304 2437 οὐκ
357 2385 416 2435 ἐν
468 2382 710 2445 ἀπάσαις
759 2378 1056 2451 ἐκφέρεται
1106 2375 1239 2448 πρὸς
1286 2374 1349 2426 τὸ
1410 2370 1651 2441 πάγιονθ
1696 2368 1793 2422 καὶ

208 2477 526 2532 ἀνεύθυνον.

211 2752 493 2815 Κόνωνος
527 2746 844 2816 διηγήσεις
875 2750 949 2807 ν’,
1002 2742 1102 2816 καὶ
1140 2737 1588 2816 ᾉπρᾷλοδώρου
1609 2716 1792 2804 may;-

477 2809 735 2888 μοιτίκοῦ
769 2819 807 2885 τ)
828 2809 1120 2885 λεγομένη
1150 2809 1530 2877 Βιϐλιοθήκη.

291 2912 647 2983 ’Δνεγνώσθη
709 2908 1075 2981 βιϐλιδόιριον,
1115 2908 1390 2969 Κόνωνος
1453 2899 1792 2970 Διηγήσεις.

214 3008 547 3079 Προσφωνεῖ
574 3006 672 3076 μὲν
700 3007 758 3057 τὸ
787 3002 1121 3072 πονημάτιον
1160 2996 1436 3068 Ἀρχελάῳ
1469 2993 1795 3063 Φιλοπάτορι

217 3102 455 3171 βασιλεῖ,
492 3099 808 3168 περιέχεται
836 3095 879 3148 δ’
906 3092 1056 3164 αὑτῷ
1078 3094 1143 3146 ἐκ
1164 3088 1373 3143 πολλῶν
1399 3087 1644 3159 ἀρχαίων
1673 3101 1797 3137 συν-

215 3196 515 3265 ειλεγμένα
546 3199 588 3246 ν’
615 3192 947 3262 διηγήματα.

282 3281 389 3342 Ὧν
424 3286 648 3359 πρῶτον
687 3285 758 3337 τὰ
795 3284 925 3353 περὶ
958 3281 1104 3336 Μίδα
1142 3279 1238 3333 καὶ
1269 3276 1506 3348 Βριγῶν.
1540 3276 1689 3336 ὅπως
1737 3288 1797 3324 τε

1892 2099 2010 2137 rum
2037 2083 2292 2138 disseruit
2318 2101 2333 2138 :
2370 2098 2548 2153 neque
2586 2083 2632 2137 is
2658 2099 2790 2138 sane
2816 2082 3187 2137 infructuosus
3214 2091 3296 2135 est
3319 2082 3471 2134 labor

1892 2173 2190 2229 dialectica
2229 2175 2631 2238 exercitationi,
2662 2189 2834 2244 neque
2861 2176 2926 2228 ad
2976 2173 3291 2242 opinionum
3336 2186 3471 2241 qua-

1893 2263 2139 2317 rumdam
2192 2265 2632 2334 intelligentiam,
2661 2282 2781 2335 qua:
2809 2266 3030 2320 medica:
3062 2274 3185 2319 sunt
3220 2265 3467 2334 specula-

1897 2355 2059 2409 tionis
2112 2356 2364 2426 pr0prize.
2394 2355 2625 2411 Videtur
2666 2365 2846 2411 autem
2902 2367 2957 2411 et
2989 2355 3251 2426 judicium
3291 2356 3357 2408 de
3389 2354 3474 2408 his

1893 2446 2236 2513 opinionibus
2286 2447 2453 2513 ferre,
2496 2464 2600 2504 non
2661 2465 2759 2520 per
2810 2450 2992 2503 omnia
3047 2459 3224 2503 tamen
3288 2459 3476 2504 sancte

1896 2538 2322 2609 incorrupteque
2343 2541 2571 2611 judicat.

2512 2633 2841 2690 CLXXXVI.

1899 2721 2126 2780 Cononis
2174 2726 3073 2852 NarrationesBezlet[Apollodori
3126 2725 3477 2782 Grammatici

2590 2815 2604 2850 ι
2668 2810 2736 2852 tot
2759 2814 2871 2852 ieca

2590 2810 2871 2852 tottomeca

1966 2890 2164 2947 Lectus
2216 2900 2299 2947 est
2354 2890 2573 2946 libellus
2609 2890 3002 2945 Narrationum
3038 2889 3291 2953 Cononis,
3336 2889 3481 2960 quod

1898 2985 2115 3053 quidem
2141 2983 2465 3053 Opusculum
2490 2982 2758 3037 Archelao
2780 2980 3113 3052 Pliilopatori
3142 2983 3252 3051 regi
3280 2983 3479 3037 inscri-

1898 3084 2070 3143 ptum,
2100 3090 2131 3129 e
2181 3076 2347 3129 variis
2382 3083 2631 3128 veterum
2673 3074 2896 3143 scriptis
2932 3073 3192 3129 collectas
3233 3075 3480 3131 continet

1900 3171 2244 3225 narrationes
2269 3170 2687 3241 quinquaginta.

1969 3264 2153 3317 Prima
2183 3272 2270 3318 est
2298 3265 2365 3318 de
2390 3264 2530 3318 Mida
2582 3273 2638 3317 et
2675 3261 2952 3333 Brigibus,
2975 3270 3035 3317 ut
3066 3262 3118 3317 in
3164 3262 3480 3318 thesaurum

216 3354 487 3451 θησαυρῶ
538 3374 845 3448 περιτυχὼν
899 3373 1093 3444 ἀθρόον
1138 3389 1199 3424 τε
1249 3372 1327 3433 είς
1369 3368 1599 3422 πλοῦτον
1631 3366 1795 3438 ἤρθη,

1906 3354 1994 3409 ille
2032 3355 2299 3419 incidens,
2354 3356 2607 3423 ingentes
2643 3356 2822 3410 subito
2874 3358 2951 3410 sit
3001 3366 3198 3410 nactus
3226 3368 3379 3423 opes,
3425 3364 3486 3408 ut

216 3476 314 3527 καὶ
359 3471 612 3541 Ὀρφέως
642 3469 782 3523 κατὰ
818 3467 1072 3538 Πιέρειαν
1107 3464 1169 3518 τὸ
1200 3464 1326 3534 ὄρος
1353 3462 1626 3532 ἀκροατὴς
1650 3459 1804 3528 γενό-

220 3583 385 3635 μενος
433 3564 667 3624 πολλαῖς
712 3563 929 3631 τέχναις
974 3557 1189 3630 Βριγῶν
1242 3555 1535 3627 βασιλεύει.
1580 3554 1688 3606 Καὶ
1728 3552 1803 3617 ὼς

221 3658 484 3729 Σειληνὸς
510 3655 643 3724 περὶ
668 3655 688 3686 ⁷
717 3654 777 3706 τὸ
805 3652 1041 3724 Βρέμιον
1070 3651 1194 3720 ὅρος
1223 3648 1392 3703 Μίδου
1426 3646 1804 3717 βασιλεύοντος

218 3753 402 3822 ὤφθη,
455 3750 546 3818 ὑφ’
578 3741 623 3817 ᾧ
656 3748 751 3801 καὶ
781 3746 842 3799 τὸ
882 3745 1033 3807 ἐθνος
1079 3742 1214 3813 ᾤκει
1246 3740 1803 3810 πολυανθρωπότατον

220 3848 313 3899 δνο
363 3843 468 3898 καὶ
499 3840 577 3903 ὡς
624 3839 766 3911 ἢχθη
815 3837 876 3890 τὸ
908 3836 1044 3900 ζῶον
1091 3832 1489 3903 ἐξηλλαγμένον
1523 3831 1624 3900 τὴν
1662 3830 1805 3883 ἰδέαν

218 3937 295 4001 ὡς
343 3937 404 3989 ἐν
462 3931 754 4004 ἀνθρώπου
810 3929 991 4000 φύσει,
1033 3929 1144 3981 Καὶ
1195 3928 1340 3988 ὃπως
1403 3922 1551 3993 αὐτῷ
1606 3921 1805 3991 χρυσὸς

216 4028 437 4097 εγενετο
466 4024 567 4078 καὶ
598 4023 709 4076 cdt"
743 4025 823 4083 είς
858 4022 1065 4092 τροφὴν
1103 4015 1521 4089 παρατιθέμενα
1563 4014 1802 4068 ἅπανταο

221 4120 317 4172 καὶ
343 4118 425 4181 ὡς
456 4116 549 4169 διὰ
595 4113 754 4167 τοῦτο
783 4112 977 4175 πείσας
1022 4111 1084 4164 τὸ
1134 4110 1373 4179 ὑπήκοον
1407 4106 1501 4160 ἀπ’
1534 4106 1806 4175 Εὐρώπης

221 4212 481 4281 διαϐῆναι
526 4207 618 4260 τὸν
674 4206 1063 4277 Ἑλλήσποντον
1116 4202 1255 4271 ὑπὲρ
1299 4199 1516 4255 Μυσίαν
1566 4197 1735 4269 ᾤκισε
1760 4200 1804 4261 ³,

221 4304 453 4375 Φρύγας
498 4299 621 4356 ἀντὶ
665 4298 883 4368 Βριγῶν
925 4293 1096 4367 βραχύ
1130 4311 1183 4347 τι
1233 4291 1677 4365 παραλλαγείσης
1706 4290 1809 4358 τῆς

224 4396 433 4461 λέξεως
485 4390 1013 4464 μετονομασθέντας.
1068 4392 1242 4452 Μίδας
1291 4387 1347 4439 δὲ
1393 4386 1621 4449 πολλοὺς
1669 4384 1808 4454 έχων

226 4486 681 4555 ἀπαγγέλλοντας
703 4482 852 4552 αὐτῷ
870 4482 941 4535 τὰ
960 4483 1061 4535 ὅσα
1080 4481 1299 4550 ἐλέγετὸ
1316 4497 1375 4533 τε
1393 4480 1488 4533 καὶ
1510 4477 1810 4549 ἐπράττετο

228 4582 341 4643 τοῖς
374 4579 668 4647 ὑπηκόοις,
718 4576 815 4629 καὶ
842 4575 929 4628 διὰ
959 4573 1119 4627 τοῦτο
1161 4574 1221 4625 ἐν
1262 4570 1341 4642 τῷ
1373 4568 1811 4639 ὰνεπιϐουλεύτῳ

227 4673 323 4747 τὴν
348 4670 639 4742 βασιλείαν
668 4670 808 4738 ἔχων
830 4667 926 4720 καὶ
948 4668 1027 4728 είς
1053 4668 1229 4736 γῆρας
1255 4662 1446 4726 ἐλθὼν,
1484 4663 1671 4733 μακρὰ
1694 4656 1810 4717 ὦτα

226 4764 373 4834 ἔχειν
411 4761 634 4831 ἐλέχθη,
671 4761 767 4812 καὶ
797 4760 916 4813 κατ’
954 4758 1132 4825 ὀλίγον
1166 4759 1199 4829 ή
1239 4759 1399 4827 φήμη
1449 4756 1572 4809 ὄνου
1601 4748 1715 4810 ὦτα
1743 4754 1813 4808 τὰ

232 4856 425 4926 μακρά
468 4853 770 4922 μετεποίει,
806 4852 900 4905 καὶ
932 4850 1039 4903 ἀπὸ
1064 4848 1159 4903 τοῦ
1207 4848 1421 4919 σκῶψαι
1452 4847 1550 4920 τὴν
1583 4847 1757 4919 ἀρχὴν
1783 4848 1812 4901 ὁ

228 4947 386 5017 λόγος
424 4946 591 5017 ἔργον
617 4941 757 4999 εἶναι
789 4942 1104 5015 ἐπιστεύθη.

1904 3458 2025 3518 post
2051 3446 2327 3518 Orpheum
2378 3449 2431 3502 in
2465 3446 2641 3501 Pieria
2678 3459 2862 3501 monte
2904 3446 3172 3511 auditum,
3201 3448 3368 3502 variis
3394 3460 3485 3500 ar-

1908 3541 2050 3595 tibus
2105 3539 2356 3609 Brigibus
2396 3539 2703 3609 imperarit.
2755 3538 3040 3605 Quomodo
3082 3538 3215 3593 item
3264 3537 3483 3593 Silenus

1899 3637 2056 3705 juxta
2084 3634 2349 3687 Brimium
2386 3642 2625 3686 montem
2677 3630 2820 3685 Mida
2854 3641 3135 3701 regnante,
3195 3631 3268 3686 sit
3312 3631 3481 3696 visus,

1905 3731 1971 3780 ad
2011 3740 2172 3797 quem
2205 3734 2446 3779 montem
2496 3739 2631 3795 gens
2676 3724 2768 3778 illa
2814 3722 3133 3792 frequenter
3179 3722 3485 3788 habitabat,

1905 3831 1959 3875 et
1984 3819 2259 3889 quomodo
2287 3817 2398 3888 (48)
2425 3818 2715 3872 adductum
2746 3817 2819 3872 sit
2859 3817 2990 3871 illud
3034 3817 3284 3872 animans
3331 3832 3490 3887 pere-

1907 3914 2058 3979 grina
2085 3918 2139 3963 et
2170 3908 2649 3973 iuusitatai‘orma,
2685 3923 2809 3963 cum
2858 3918 3034 3962 tamen
3078 3908 3368 3962 humanam
3402 3924 3491 3963 na-

1908 4012 2087 4057 turam
2119 4012 2284 4071 atque
2304 4002 2539 4057 indolem
2572 4000 2822 4055 referret.
2847 3998 3129 4066 Quomodo
3157 4000 3320 4056 etiam
3373 4018 3491 4055 om-

1909 4094 2017 4160 nia,
2050 4108 2171 4163 qute
2200 4107 2299 4162 pro
2326 4092 2466 4147 cibis
2482 4092 2916 4162 apponebantur,
2952 4092 3004 4145 in
3047 4106 3241 4145 aurum
3271 4091 3344 4145 illi
3380 4092 3493 4146 sint

1908 4201 2172 4242 conversa
2202 4186 2338 4257 (49),
2374 4194 2539 4255 utque
2594 4199 2693 4255 per
2720 4187 2824 4239 hoc
2851 4183 3129 4254 persuasis
3164 4184 3397 4238 subditis
3422 4200 3490 4239 ex

1910 4279 2126 4349 Europa
2159 4279 2214 4333 in
2271 4279 2681 4347 Hellespontum
2739 4277 3009 4346 trajicere,
3075 4275 3215 4330 ultra
3264 4275 3491 4348 Mysiam

1910 4372 2221 4437 incoluerit,
2260 4371 2566 4441 Phrygibus
2593 4386 2691 4439 pro
2721 4369 2975 4439 Brigilius
2998 4368 3113 4440 (50)
3146 4384 3309 4438 parva
3344 4371 3493 4423 vocis

1911 4464 2290 4521 immutatione
2338 4464 2453 4518 suis
2497 4462 2802 4532 appellatis.
2865 4460 3036 4517 Porro
3099 4459 3295 4525 Midas,
3347 4463 3493 4529 quod

1912 4555 2110 4610 multos
2141 4555 2254 4627 (51)
2285 4556 2512 4611 haberet
2565 4555 2931 4611 internuntios
2962 4570 3152 4609 eorum
3176 4568 3294 4622 qua:
3317 4561 3372 4607 et
3412 4553 3495 4606 di-

1921 4662 2191 4707 cerentur
2212 4665 2242 4703 ιι
2267 4650 2499 4704 subditis
2526 4658 2581 4702 et
2606 4658 2947 4718 gererentur,
2969 4656 3133 4716 atque
3162 4647 3236 4699 ita
3256 4655 3401 4699 tutus
3426 4649 3495 4699 ab

1918 4743 2130 4797 insidiis
2195 4756 2367 4811 usque
2423 4740 2478 4795 in
2529 4750 2831 4794 extremam
2916 4748 3133 4794 tetatem
3197 4738 3486 4805 imperium

1921 4834 2359 4899 administraret,
2382 4831 2574 4900 longas
2601 4832 2717 4903 (52)
2754 4832 2953 4885 habere
2981 4845 3142 4884 aures
3184 4828 3376 4901 131a
3410 4829 3495 4883 di-

1919 4939 2047 4984 ctus
2088 4940 2219 4983 est:
2270 4942 2406 4996 quas
2456 4927 2620 4982 etiam
2668 4923 2929 4993 paulatim
2972 4921 3115 4976 fama
3145 4922 3200 4977 in
3258 4921 3498 4976 asininas

1917 5018 2297 5076 commutavit.
2328 5017 2405 5071 lta
2442 5031 2473 5071 e
2486 5016 2614 5085 joco
2668 5014 2823 5069 initio
2871 5024 3109 5083 sumpto,
3159 5026 3345 5067 verum
3377 5025 3498 5067 esse

1919 5116 2324 5187 tandem,quod
2356 5112 2667 5179 dicebatur,
2693 5110 2955 5165 creditqu
2987 5116 3091 5163 est.

1574 5218 1816 5276 VARI/13
1848 5212 2261 5277 LECTIONES.

306 5320 330 5352 ⁵
358 5314 537 5388 παρὰ]
567 5312 860 5388 ιίὺιξίᾲπερί.
901 5310 1181 5388 ἕδικᾴζειν
1201 5308 1262 5364 C.
1331 5310 1625 5388 ξπάγιονο
1650 5331 1662 5367 :
1694 5313 2041 5388 nagdyzovg.
2103 5298 2530 5388 τξιληνδςπαρρι
2551 5316 2612 5365 ς’.
2646 5297 2868 5370 βρέμιον
2887 5300 2925 5351 Λ
2946 5295 3201 5367 εΒριμίου
3234 5312 3295 5360 ς.
3361 5294 3382 5327 ⁸
3407 5294 3500 5348 καὶ

230 5393 306 5447 τὰ
338 5371 416 5431 -ν
442 5371 857 5459 παρατιθέμενα
888 5387 930 5436 Α
958 5403 971 5435 ;
1007 5371 1171 5453 ττι-τ
1192 5371 1551 5453 παραθέμένα
1585 5400 1645 5447 ς.
1723 5384 1743 5414 ’
1768 5371 1936 5455 ῷκὶσε
1966 5371 2215 5433 Kannius
2241 5371 2265 5429 ί
2320 5374 2442 5430 libri
2465 5371 2687 5443 ᾤκησε.

1729 5470 1969 5527 NOTAE.

307 5575 422 5645 (48)
463 5571 799 5645 Colloquium
849 5570 1112 5645 quoddam
1140 5567 1656 5645 Silenincumnbiida,
1682 5580 1817 5645 fon-

234 5634 417 5700 lictum
448 5660 480 5698 a
520 5634 880 5710 Theopompo
922 5639 1211 5710 exscripsit
1235 5636 1436 5710 Elian.
1461 5638 1552 5691 lib.
1571 5653 1641 5710 in
1682 5634 1812 5689 Var.

234 5715 370 5770 Hist.
400 5730 524 5784 cap.
556 5715 649 5784 18.
665 5706 821 5781 Capti
841 5709 1283 5784 Sileni_mer_nini_t
1308 5718 1362 5762 et
1390 5706 1602 5784 Iasoni.
1634 5723 1671 5771 ι,
1691 5715 1814 5784 est.

300 5789 411 5857 (49)
435 5775 578 5839 Max.
613 5775 807 5857 Tyrius
833 5792 973 5835 orat.
994 5778 1360 5857 _'5l.ALi_ician_.
1389 5779 1444 5831 in
1479 5775 1819 5857 Votis_.__l’hi-

236 5847 441 5912 los'tra't.
473 5857 569 5915 lib.
601 5871 617 5908 ι
647 5847 821 5922 Imag.
848 5853 1077 5919 adaqia;
1109 5850 1267 5906 Ovid.
1298 5849 1577 5904 Melamor.
1624 5847 1717 5901 lib.
1751 5861 1811 5899 ιι.

1998 5560 2111 5633 (50)
2142 5557 2360 5633 lle_rod._
2407 5555 2504 5610 lib.
2545 5571 2618 5610 νη
2650 5572 2666 5620 ;
2703 5553 2921 5618 Strabo,
2952 5551 3049 5607 lib.
3103 5566 3282 5606 Lxxvn
3315 5568 3331 5614 ;
3379 5548 3494 5604 Cic-

1925 5628 2015 5687 De‘
2042 5628 2178 5686 orat.
2216 5628 2477 5695 Stephan.

1996 5702 2108 5773 (51)
2129 5700 2261 5773 Vide
2280 5689 2580 5773 S'uidnvoce
2602 5694 2800 5761 Midas,
2838 5703 2888 5748 et
2925 5692 2999 5747 ibi
3020 5690 3212 5747 multas
3254 5689 3410 5759 hujus
3434 5690 3502 5743 de

1928 5766 2149 5829 auribus
2178 5768 2337 5823 fama:
2362 5766 2666 5835 opiniones.

1992 5842 2107 5914 (5%)
2140 5840 2362 5895 Lucian.
2386 5832 2461 5893 De
2494 5852 2598 5890 non
2630 5836 2770 5890 cred.
2801 5832 3030 5888 column.
