4038 6412
144 392 230 455 549
1127 383 1629 444 BIBLIOTHECA
1642 428 1656 442 .

1791 380 1955 443 COD.
1981 384 2337 446 CLXXXVI.

3264 384 3369 448 550

143 504 242 557 ἰδὼν
263 497 462 570 ἠράσθη
494 514 552 551 τε
580 497 675 551 καὶ
701 496 1138 568 ἡλαυνεν.“οπερ
1171 496 1467 565 ἀναμαθὼν
1502 496 1669 566 Ἡρα-

1780 511 1900 550 cum
1936 497 2100 551 tiliam
2137 498 2374 552 invisens
2409 495 2549 552 forte
2576 499 2899 567 aspexisset,
2941 500 3239 570 cupiditate
3267 503 3369 555 du-

140 597 248 666 κλῆς
287 594 484 646 ἐκεῖνον
505 590 641 663 τόξῳ
670 590 849 661 βαλὼν
877 590 1075 654 ἀνεῖλε,
1105 590 1206 653 τὰς
1232 591 1289 643 δὲ
1324 589 1451 659 βοῦς
1477 589 1669 642 ἀνεκόο·

141 703 259 758 μισε.
291 680 491 755 Λοκρὸς
513 682 568 737 δὲ
594 682 781 747 δεδιὼς
809 679 940 753 περῖ
970 681 1049 752 τῷ
1079 682 1360 753 Ἡρακλεῖ,
1384 683 1458 753 μή
1484 699 1539 734 τι
1562 681 1672 735 δειε

139 781 209 833 νὺν
239 777 333 831 ὑπὸ
359 776 583 830 Λατίνου
610 776 758 845 πάθη
788 770 877 848 (ἦν
906 774 1014 846 γὰρ
1042 776 1272 839 Λατῖνος
1305 775 1519 844 σώματι
1549 791 1673 843 γεν-

136 872 255 930 vatio;
279 867 365 919 καὶ
389 864 575 936 ψυχῇ),
604 864 877 932 ἐξελαύνει
907 866 999 918 ἐπὶ
1033 863 1254 936 βοηθείᾳ
1278 862 1372 918 τοῦ
1404 863 1673 931 ξενισθέν-

137 976 223 1021 τος,
252 955 605 1026 ἀμειψάμενος
628 956 723 1009 καὶ
752 955 966 1026 στολήν.
987 955 1262 1026 Ἡρακλῆς
1290 955 1335 1008 δ’
1364 955 1487 1009 ἰδὼν
1509 955 1673 1009 αὐτὸν

137 1050 311 1112 θέοντα,
341 1048 433 1101 καὶ
466 1047 695 1117 νομίσας
744 1048 867 1100 τινὰ
912 1042 1052 1101 εῖναι
1097 1048 1257 1103 ἄλλον
1284 1049 1424 1118 πρὸς
1453 1051 1673 1103 ἐπικου-

138 1140 234 1209 ρίαν
280 1137 566 1190 σπεύδοντα
623 1137 877 1201 Λατίνου,
907 1136 1083 1207 βαλὼν
1131 1138 1403 1209 ἄτρακτον
1448 1139 1670 1193 κτείνει.

140 1233 360 1301 Ὕστερον
395 1230 451 1283 δὲ
486 1228 673 1300 μαθὼν
702 1230 1098 1302 ἀπωλοφύρατο
1148 1232 1246 1302 μὲν
1293 1233 1387 1286 καὶ
1434 1232 1504 1287 τὰ
1550 1233 1674 1286 ὅσια

138 1324 255 1394 αὖτῷ
304 1323 621 1377 ἐπετέλεσε’
683 1324 779 1377 καὶ
832 1323 1108 1393 μεταστὰς
1166 1323 1210 1376 δ’
1258 1323 1318 1390 ὲξ
1370 1324 1675 1395 ἀνθρώπων

139 1421 316 1488 ἔχρησε,
341 1415 531 1485 φάσμα
552 1433 605 1469 τι
645 1416 835 1485 φανεὶς
862 1415 939 1487 τῷ
968 1415 1102 1487 λαῷ,
1134 1417 1290 1469 πόλιν
1319 1414 1548 1481 οἰκίζειν
1576 1417 1677 1471 ἐπ’

146 1507 349 1570 Ἰταλίας,
385 1509 442 1561 ὲν
474 1501 520 1575 ᾧ
547 1502 616 1576 ἦν
645 1506 706 1559 τὸ
740 1507 888 1576 σῆμα
920 1506 1016 1559 τοῦ
1047 1505 1280 1577 Λοκροῦ.
1326 1508 1438 1560 Καὶ
1483 1507 1677 1577 διαμέ-

137 1616 197 1652 νει
222 1601 277 1669 τῇ
304 1598 448 1651 πόλει
474 1596 734 1668 τοῦνομα,
766 1596 980 1668 τιμώσῃ
1008 1600 1073 1667 τῇ
1105 1597 1298 1669 κλήσει
1325 1598 1418 1651 τὸν
1442 1598 1673 1669 Λοκρόν.

138 1688 261 1740 Οὕτω
284 1687 374 1757 μὲν
395 1688 519 1760 [221
550 1685 644 1759 Η.]
672 1686 766 1740 καὶ
789 1688 823 1758 ἡ
843 1688 1001 1758 τρίτη
1025 1688 1297 1759 διήγησις.
1315 1689 1477 1744 Ἀλλὰ
1502 1690 1554 1743 τί
1584 1707 1676 1761 μοι

138 1779 199 1832 δεῖ
240 1776 419 1848 μικροῦ
470 1778 848 1848 μεταγράφειν
878 1777 1114 1849 ταύτας),
1138 1779 1256 1835 δέον
1294 1781 1474 1851 πολλῷ
1502 1798 1676 1851 κεφα-

137 1870 374 1924 λαιωδίστε
381 1886 471 1942 ρον
500 1870 753 1925 ἐπελθεῖν
768 1888 785 1939 ;

200 2051 252 2105 'H
278 2053 445 2106 τοίνυν
475 2053 519 2107 δ’
545 2053 797 2125 διήγησις
816 2053 885 2107 τὰ
908 2056 1036 2126 περὶ
1062 2054 1315 2109 Ὀλύνθου
1341 2056 1443 2125 τῆς
1467 2057 1675 2122 πόλεως

141 2143 210 2197 καὶ
229 2144 514 2214 Στρυμόνος
540 2143 636 2197 τοῦ
662 2144 896 2214 Θρακῶν
941 2144 1363 2214 βασιλεύσαντος
1389 2148 1674 2215 ἀπαγγέλ-

140 2237 225 2302 λει,
250 2230 302 2290 οὗ
333 2236 423 2290 καὶ
449 2239 480 2291 ὁ
508 2236 682 2292 πάλαι
709 2238 954 2300 Ἠιονεὺς
971 2238 1018 2269 ’⁸
1058 2237 1305 2308 ποταμὸς
1350 2238 1635 2310 ἐπώνυμος
1656 2257 1670 2272 ο

142 2332 211 2383 ul
232 2331 301 2383 ὅτι
327 2330 513 2392 παῖδες
564 2329 714 2399 αὑτῷ
750 2331 901 2401 τρεῖς
930 2330 1263 2397 γεγόνασι²⁷,
1298 2330 1553 2400 Βράγγας
1582 2332 1675 2386 καὶ

151 2423 333 2493 Ῥῆσσος
359 2422 455 2477 καὶ
482 2421 771 2485 Ὄλυνθος,
805 2422 900 2475 καὶ
935 2420 1165 2491 Ῥῆσσος
1206 2422 1305 2493 μὲν
1346 2423 1438 2475 ἐπὶ
1473 2424 1675 2495 Τροίαν

145 2515 325 2587 Πριάμῳ
356 2514 771 2585 συστρατεύσας
818 2515 1123 2585 ἀναιρεῖται
1168 2514 1311 2586 χειρὶ
1352 2515 1673 2587 Διομήδους,

146 2605 355 2669 Ὄλυνθος
382 2606 439 2659 δὲ
466 2605 651 2659 λέοντι
699 2604 902 2669 συστὰς
932 2604 1197 2669 ἑκουσίως
1216 2605 1262 2637 ³⁸
1290 2605 1347 2661 ἐν
1374 2624 1481 2661 τινι
1510 2624 1677 2679 κυνη-

144 2699 276 2769 γησίῳ
300 2700 515 2768 θνήσκει
540 2714 558 2729 ο
591 2698 689 2753 καὶ
733 2698 992 2769 Βράγγας
1024 2700 1053 2752 ό
1084 2698 1313 2768 ἁδελφὸς
1338 2700 1511 2754 πολλὰ
1540 2718 1676 2755 κατ-

143 2792 488 2862 ολοφυρόμενος
516 2793 620 2863 τὴν
649 2793 962 2863 συμφορὰν,
993 2791 1255 2845 Ὄλυνθον
1284 2786 1437 2862 ᾧπερ
1458 2793 1675 2847 ὲτελεύυ

141 2900 238 2953 τησε
262 2885 397 2955 τόπῳ
423 2886 644 2939 θάπτει·
677 2886 757 2948 εἰς
786 2883 1034 2938 Σιθονίαν
1062 2885 1119 2938 δὲ
1150 2884 1484 2954 ἀφικόμενος
1518 2887 1676 2940 πόλιν

142 2976 307 3029 ἔκτισεν
331 2978 628 3049 εὐδαίμονα
662 2977 756 3029 καὶ
799 2975 1330 3047 μεγάλην,”ολυνθον
1368 2976 1539 3048 αὐτὴν
1566 2979 1677 3032 ἀπὸ

143 3067 211 3119 τοῦ
233 3068 405 3132 παιδὸς
433 3069 735 3139 ὀνομάσας.

1777 598 1898 643 ctus
1941 598 1995 642 et
2022 579 2136 658 ipse
2176 589 2377 660 abegit.
2415 588 2528 657 Qua
2565 607 2622 645 re
2671 592 2927 659 cognita,
2968 591 3227 649 Hercules
3260 594 3373 649 telo

1776 682 1953 747 ipsum
1991 679 2276 747 trajectum
2326 682 2543 746 occidit,
2578 682 2851 752 bovesque
2890 683 3114 752 recepit.
3162 682 3370 738 Locrus

1776 771 1851 825 ibi
1910 770 2127 826 Herculi
2186 780 2457 839 metuens,
2506 788 2574 826 ne
2620 772 2750 842 quid
2800 774 3023 842 gravius
3078 772 3307 827 forsitan
3337 788 3369 828 a

1776 863 1971 918 Latino
2003 872 2287 932 pateretur
2318 864 2432 935 (qui
2458 864 2763 919 excellente
2807 873 2927 919 erat
2970 872 3027 918 et.
3080 864 3263 918 animo
3314 873 3372 919 et

1777 958 2047 1027 corpore),
2069 966 2270 1011 mutata
2303 968 2454 1012 veste
2485 959 2537 1012 in
2568 957 2800 1027 hospitis
2824 958 3085 1012 auxilium
3115 970 3373 1026 egressus

1776 1060 1881 1104 est.
1902 1049 2164 1106 Hercules
2184 1066 2316 1107 vero
2351 1061 2662 1105 currentem
2686 1055 2860 1119 ipsum
2895 1051 3149 1115 intuitus,
3172 1050 3369 1104 alimu-

1778 1154 1884 1210 que
1906 1156 2024 1197 esse
2056 1153 2234 1207 ratus,
2257 1144 2349 1213 qui
2385 1142 2685 1197 subsidium
2721 1142 2863 1197 ferre
2896 1140 3090 1197 Latino
3122 1153 3371 1196 matura-

1780 1242 1886 1297 ret,
1934 1234 2099 1290 misso
2134 1236 2316 1305 jacnlo
2349 1235 2630 1290 interimit.
2675 1233 2777 1289 Ubi
2816 1246 2994 1289 tamen
3038 1244 3224 1303 postea
3255 1248 3371 1288 rem

1779 1327 2055 1394 cognovit,
2093 1329 2328 1381 amicum
2361 1327 2521 1391 luxit,
2551 1343 2614 1381 ac
2637 1328 2784 1399 justa
2817 1327 2893 1381 illi
2922 1327 3203 1395 persolvit,
3230 1327 3374 1381 vita-

1780 1433 1885 1486 que
1934 1434 2057 1473 cnm
2109 1420 2459 1485 decessisset,
2513 1419 2708 1489 populo
2761 1433 3050 1487 apparens,
3090 1420 3275 1473 urbem
3316 1418 3370 1473 in

1779 1509 1936 1564 Italia
1980 1511 2217 1565 condere
2269 1511 2457 1566 eodem
2502 1512 2625 1566 loco
2649 1510 2837 1578 jussit,
2871 1511 2960 1566 ubi
2991 1510 3151 1565 Locri
3185 1511 3370 1580 sepul-

1780 1603 1971 1657 chrum
2004 1602 2127 1656 fuit.
2169 1601 2303 1657 Hinc
2334 1618 2529 1657 nomen
2557 1604 2675 1657 urbi
2707 1612 2915 1671 manet,
2958 1620 3079 1673 qua:
3124 1604 3207 1658 vel
3254 1605 3372 1674 ipso

1780 1694 1865 1749 sui
1903 1695 2142 1749 nominis
2169 1695 2435 1749 vocabulo
2463 1694 2696 1749 Locrmn
2732 1697 2982 1750 honorat.
3028 1695 3121 1750 Sic
3152 1696 3367 1764 quidem

1782 1787 1939 1840 tertia
1971 1787 2133 1841 refert
2158 1788 2422 1842 narratio.
2462 1788 2565 1842 Sed
2604 1788 2733 1857 quid
2778 1804 2876 1857 ego
2911 1788 3006 1843 has
3039 1788 3106 1843 ad
3142 1789 3368 1844 verbum

1778 1890 1915 1943 pene
1953 1876 2277 1943 transcribo,
2310 1893 2431 1932 cum
2463 1877 2630 1932 multo
2661 1877 2773 1932 sint
2817 1877 2922 1935 illae
2962 1880 3181 1935 brevius
3233 1881 3368 1937 mihi

1775 1967 2157 2034 percnrrendaa
2181 1968 2205 2020 ?

1849 2055 2048 2122 Quarta
2080 2066 2265 2112 narrat
2315 2058 2383 2113 de
2416 2057 2652 2131 Olyntho
2706 2059 2817 2130 (65)
2876 2061 3093 2130 oppido,
3130 2069 3185 2115 et
3215 2060 3370 2133 Stry-

1776 2162 1936 2203 mone
1969 2149 2240 2204 Thracum
2264 2166 2393 2220 rege
2424 2170 2436 2205 :
2477 2168 2586 2223 quo
2620 2153 2748 2208 item
2787 2156 3005 2209 nomine
3053 2153 3246 2210 ﬂuvius
3278 2156 3369 2210 ille

1776 2240 2097 2309 appellatus,
2146 2242 2235 2310 qui
2269 2246 2396 2298 olim
2443 2244 2658 2301 Eoneus
2713 2246 3016 2301 dicebatur.
3066 2246 3203 2302 Huic
3257 2256 3369 2302 tres

1777 2330 2089 2387 referuntur
2113 2336 2221 2388 nati
2256 2351 2379 2390 esse
2412 2335 2529 2402 lilii,
2560 2337 2832 2406 Brangas,
2861 2336 3095 2403 Rhesus,
3124 2349 3179 2394 et
3202 2338 3370 2409 Olyn-

1778 2426 1924 2481 thus.
1960 2427 2019 2481 In
2054 2428 2138 2481 his
2166 2426 2403 2491 Rhesus,
2433 2444 2531 2499 pro
2565 2428 2784 2484 Priamo
2821 2430 2883 2482 ad
2918 2430 3069 2483 Ilium
3100 2430 3366 2494 militans,

1776 2522 2050 2578 Diomedis
2085 2538 2244 2576 manu
2276 2538 2448 2577 czcsus
2474 2524 2750 2578 occubuit.
2788 2521 3053 2595 Olynthus
3077 2524 3219 2577 ultro
3241 2540 3365 2579 cum

1775 2612 1931 2668 leone
1961 2613 2014 2667 in
2048 2612 2337 2666 venatione
2370 2627 2696 2678 congressus
2729 2614 2907 2681 periit,
2939 2629 3098 2681 quem
3125 2613 3369 2684 Brangas

1778 2704 1949 2758 frater
2000 2703 2269 2758 infelicem
2318 2718 2504 2757 casum
2546 2705 2901 2758 vehementer
2937 2703 3251 2773 deplorans,
3274 2719 3370 2758 eo-

1777 2798 1921 2861 dem,
1957 2811 2066 2866 quo
2092 2796 2288 2851 cecidit
2331 2796 2448 2850 loco
2506 2796 2879 2865 sepeliendum
2920 2797 3152 2851 curavit.
3186 2798 3242 2851 In
3283 2798 3369 2851 Si-

1779 2887 2019 2944 thoniam
2052 2903 2179 2944 vero
2205 2889 2415 2959 delatus
2463 2889 2598 2959 ipse,
2636 2892 2824 2944 urbem
2849 2890 2921 2943 ibi
2955 2889 3216 2952 condidit,
3248 2888 3372 2943 feli-

1775 2992 1894 3033 cem
1946 2994 2076 3034 sane
2125 2994 2188 3033 ac
2232 2995 2476 3049 inagnam
2536 2995 2699 3048 quam
2755 2979 3050 3049 Olynthum
3100 2981 3253 3050 pucri
3300 2983 3370 3037 de

1788 3074 2006 3128 nomine
2039 3073 2382 3142 nuncupavit.

202 3160 253 3214 Ἠ
274 3168 310 3215 ε’
335 3162 443 3236 [τά]
489 3162 625 3233 περὶ
657 3160 909 3233 Ῥηγίνου
930 3161 977 3194 ’³
1008 3160 1103 3215 καὶ
1151 3161 1394 3232 Εὐνόμου
1438 3163 1535 3217 τοῦ
1566 3164 1672 3217 Λο-

1852 3166 2047 3232 Quinta
2079 3167 2146 3220 de
2192 3164 2439 3233 llhegino
2469 3162 2582 3236 (64)
2613 3163 2872 3234 quodam,
2909 3173 2962 3218 et
2997 3164 3241 3219 Eunomo
3264 3164 3369 3218 Lo-

147 3250 245 3320 κροῦ
268 3253 362 3306 τῶν
388 3253 709 3324 κιθαρῳδῶν
750 3253 855 3322 τὴν
890 3254 1131 3323 ἱστορίαν
1164 3256 1423 3319 ποιεῖται,
1456 3255 1550 3309 καὶ
1598 3257 1675 3321 ὡς

148 3346 204 3407 εἰς
237 3346 447 3413 Δελφοὺς
474 3346 751 3414 ξάφίκοντο
770 3362 785 3379 ’
817 3346 912 3400 καὶ
941 3347 1023 3400 ὃτι
1052 3346 1282 3419 ποταμῷ
1317 3346 1674 3419 διοριζόμενοι

156 3437 343 3506 Ῥηγῖνοί
372 3457 431 3494 τε
458 3440 563 3494 καὶ⁹
585 3439 785 3511 Λοκροὶ
808 3440 1006 3512 (Ἀληξ
1030 3418 1205 3511 ὄνομα
1223 3442 1311 3511 τῷ,
1333 3418 1596 3512 ποταμῷ)
1620 3418 1675 3496 oi

152 3528 223 3594 μὲν
245 3533 491 3601 ἀφώνους,
520 3537 560 3602 ή
590 3533 647 3586 δὲ
680 3534 881 3601 Λοκρὶς
908 3533 1135 3605 ᾅδοντας
1168 3533 1280 3604 ἔχει
1324 3534 1451 3597 τοὺς
1497 3536 1675 3588 τέττι-

150 3634 254 3682 γας·
300 3624 387 3676 καὶ
426 3624 502 3687 ὡς
560 3623 758 3694 ἐρίζων
790 3622 1031 3694 Εὔνομος
1056 3624 1134 3695 τῷ
1165 3625 1404 3697 Ῥηγίνῳ
1432 3626 1559 3698 [428
1584 3625 1681 3700 R.]

151 3710 338 3780 τέττιγος
362 3714 467 3785 ᾠδῇ
500 3718 702 3785 κρατεῖ
735 3715 830 3768 τοῦ
875 3717 1680 3789 ἀνταγωνιστοῢ.Ἐπταχόρδου

151 3799 228 3869 γὰρ
246 3803 352 3856 τότε
375 3808 474 3876 τῆς
504 3806 777 3876 ἁρμονίας
795 3805 983 3875 οὔσης,
1009 3806 1103 3859 καὶ
1135 3807 1264 3875 μιᾶς
1292 3808 1550 3878 ῥαγείσης
1569 3808 1679 3862 τῶν

150 3890 327 3960 χορδῶν,
350 3896 529 3963 τέττιξ
553 3895 791 3961 ὲπιπτὰς
815 3900 884 3968 τῇ
915 3896 1119 3967 κιθάρᾳ
1143 3896 1205 3950 τὸ
1234 3896 1422 3951 λεῖπον
1448 3900 1678 3970 ἀνεπλή-

151 3995 255 4048 ρωσε
275 3987 362 4055 τῆς
385 3985 557 4058 ᾠδῆςο

1787 3262 1965 3315 crensi
2001 3258 2341 3314 cithartedis.
2369 3256 2555 3313 Refert
2582 3256 2683 3311 hos
2717 3257 2931 3310 venisse
2963 3255 3314 3326 Delphos(65)
3349 3275 3365 3311 :

1783 3352 2087 3421 Rhegiuos‘
2124 3362 2302 3405 autem
2366 3360 2530 3419 atque
2591 3348 2898 3402 Locrenses
2972 3346 3238 3414 ﬂumine,
3280 3351 3367 3404 cui

1781 3462 1976 3501 nomen
2031 3447 2204 3509 Alex,
2244 3442 2484 3511 separari
2543 3460 2556 3496 :
2618 3452 2674 3495 et
2717 3441 2837 3496 illos
2888 3442 3107 3511 quidem
3168 3450 3369 3509 mutas,

1780 3536 2080 3590 Locrenses
2122 3548 2252 3589 vero
2284 3532 2503 3587 vocales
2545 3532 2748 3586 habere
2786 3532 3023 3586 cicadas.
3063 3530 3197 3586 Cum
3221 3531 3371 3587 Rbe-

1779 3628 1906 3697 gino
1936 3627 2065 3679 item
2090 3625 2513 3681 contendentem
2541 3623 2889 3690 Eunomium,
2919 3622 3121 3679 cicada:
3144 3634 3372 3679 cantan-

1779 3720 1851 3773 tis
1882 3717 2081 3773 auxilio
2126 3718 2327 3772 vicisse
2362 3717 2759 3771 adversarium.
2810 3715 2945 3771 Cum
2979 3717 3122 3772 enim
3160 3727 3368 3787 septem

1776 3808 1978 3865 fidibus
2021 3809 2231 3864 cithara
2275 3818 2423 3864 esset
2455 3809 2739 3871 instructa,
2778 3824 2994 3877 unaque
3038 3810 3370 3864 chordarmn

1775 3913 1931 3971 rupta
1960 3901 2312 3964 dissiluisset,
2339 3900 2565 3955 citharas
2596 3900 2858 3956 advolans
2883 3901 3069 3956 cicada
3100 3901 3368 3971 reliquum

1774 4002 1969 4048 cantus
1998 3991 2268 4061 supplevit
2294 3990 2429 4063 (66).

1395 4082 1634 4138 νΑῐὶιλΕ
1665 4083 1964 4141 LECTION
1972 4085 2072 4140 ES.

197 4164 235 4196 "
265 4168 462 4236 Ἰωνεὺς
496 4191 565 4237 ς.
641 4178 687 4210 ﬂ
714 4174 938 4242 γέγονεν
968 4174 1035 4229 Α.
1114 4174 1161 4206 ³⁸
1189 4172 1438 4239 ἑκούσιος
1466 4193 1526 4239 ς.

1607 4176 1654 4207 ³³
1698 4175 1982 4249 Ῥηγίνου]
2031 4178 2362 4250 Ἀρίστωνος
2388 4175 2485 4231 τοῦ
2525 4175 2781 4248 Ῥηγίνου
2809 4175 3073 4249 Heynius.

1646 4263 1860 4321 NOTAE

199 4353 288 4424 (63)
306 4356 837 4428 OlyntlmsThraci:e
862 4358 990 4412 urbs
1019 4356 1157 4425 apud
1186 4354 1488 4428 Sithoniam
1509 4355 1679 4428 Mace-

155 4422 282 4501 doniae
303 4422 377 4501 ali
392 4427 633 4501 Olyntho
663 4429 907 4501 Herculis
938 4422 1309 4501 tilio'condita.
1332 4425 1531 4501 Steph.
1546 4427 1672 4501 Byz.

1786 4357 2046 4424 ανελθὼν,
2088 4359 2183 4414 καὶ
2218 4359 2538 4431 συμφωνίαν
2569 4359 2799 4428 ἀρίστην
2836 4357 3142 4431 ἀναλαϐὼν,
3175 4358 3365 4429 ᾄσεται

1783 4446 1837 4482 τι
1906 4431 2068 4499 μέλος
2120 4429 2486 4500 εὐδαιμονίας,
2546 4430 2688 4500 ἀντὶ,
2721 4431 2822 4498 τῆς
2872 4429 2966 4482 νῦν
3030 4431 3359 4500 τραγῳδίας,

202 4494 607 4572 Aristonem
633 4500 775 4554 hunc
799 4494 1478 4572 liheginumcitharmduni
1511 4494 1675 4572 fuisse
1709 4568 1739 4572 ᾉ
1783 4500 1882 4570 ἡδὺ
1906 4494 2024 4572 οιαὶ
2064 4494 2341 4572 τερπνόνζ
2375 4502 2624 4572 και-τοίς
2667 4494 2859 4572 ἐπείτα
2895 4500 3004 4572 ⁸τῶν
3036 4494 3360 4572 ἀνθρώπων,

154 4568 619 4652 lsimulamus,leges
640 4566 970 4652 clunfabnla
989 4574 1096 4652 hac.
1122 4570 1401 4652 totarapud
1421 4566 1672 4652 Str-athon.
1708 4568 1753 4622 D
1781 4566 1900 4652 orig.
1960 4566 2199 4652 Εὔνομος
2256 4570 2558 4652 κιθαρωδὸς
2593 4571 2702 4652 χαι
2736 4569 2931 4652 ,τέττιξ
2956 4640 2968 4652 ‘
2995 4566 3359 4652 μουσουργὸς,

155 4630 219 4687 lib.
243 4650 301 4697 Vl.
328 4630 617 4694 subfiu‘em
659 4640 847 4694 Italiae.
876 4638 940 4692 Et
958 4639 1098 4706 apud
1124 4630 1452 4705 Antigonum
1480 4636 1674 4692 Mirab.

156 4716 307 4770 narrat.
339 4724 374 4765 ι.
415 4711 554 4765 Vide
586 4718 643 4763 et
686 4708 858 4764 Clem.
895 4708 1160 4763 Alexaud.
1200 4707 1317 4770 ipso
1359 4722 1483 4760 mox
1527 4709 1680 4762 initio

156 4769 356 4847 Protrep.
383 4792 437 4835 et
473 4780 603 4851 lib,
648 4795 716 4840 ιν,
757 4779 938 4851 Epigr.
990 4778 1163 4833 Graec.
1199 4769 1412 4831 Pausan
1446 4818 1461 4832 .
1509 4778 1677 4833 Eliac.

156 4856 308 4921 Mter.
336 4862 495 4921 atque
523 4850 755 4919 Adagia.

178 4914 293 4992 .(65)
334 4914 622 4975 Certamen
650 4914 803 4988 'apud
871 4920 1115 4992 Delphos
1158 4917 1474 4992 antiquitus
1515 4918 1681 4992 fuisse

156 4987 547 5056 cilhartetlorum,
605 4987 758 5045 testis
808 4987 1026 5051 Strabo,
1067 4990 1157 5042 lib.
1203 5008 1281 5053 ix,
1320 4992 1369 5041 in
1419 4987 1676 5042 Phocide.

204 5057 293 5125 (66)
327 5060 460 5115 Usus
496 5072 582 5115 est
625 5061 723 5116 hac
760 5063 936 5117 fabula
968 5061 1192 5114 Photius
1232 5062 1282 5113 in
1312 5059 1545 5127 quadam
1580 5075 1678 5112 sua

157 5129 331 5203 epistola
349 5135 411 5185 ad
444 5133 709 5187 Joannem
738 5134 1047 5203 patricimn,
1087 5133 1363 5186 exercitus
1396 5128 1445 5203 i_n
1471 5127 1676 5182 Graecia

155 5194 322 5273 ducem,
350 5218 509 5273 quam
552 5207 595 5257 si
632 5194 858 5257 hic-lilii
893 5194 1216 5273 apposuem,
1264 5216 1373 5255 nun
1412 5200 1677 5273 ingratum

156 5262 239 5345 fore
276 5262 466 5345 putavi.
492 5272 734 5345 Εὔνομος
754 5274 893 5345 ᾅδων
930 5262 1277 5345 ἐσεμνύνετο,
1314 5262 1551 5345 φασὶνξό
1579 5271 1681 5322 Λο-

153 5337 270 5416 κρύςζ
285 5344 375 5416 fta!
393 5340 486 5416 ᾖδε
505 5346 615 5414 γὰρ
634 5337 839 5413 θέλγίον
863 5346 958 5396 καὶ
985 5337 1463 5416 κηλούμενοςςτοὺς
1478 5344 1679 5416 ’ἀκροα-

150 5407 240 5485 τᾲς.
256 5411 383 5475 Mai;
394 5403 449 5468 δέ
462 5403 595 5468 ποτε
607 5403 862 5485 ῥαγείσης
878 5415 1029 5483 αὑτῴ
1044 5403 1457 5485 γορδῶνπέττιξ
1474 5403 1575 5485 snt:
1587 5412 1677 5462 τὸν

152 5482 295 5559 πῆξίν
314 5487 536 5559 καθίσας
553 5482 643 5559 τδν
671 5487 915 5559 φθόγγον.
947 5482 1257 5559 ἀνεπλήρου
1282 5485 1381 5559 τῆς
1416 5482 1679 5559 ῥαγείσης

150 5552 325 5627 ζορῦῇς,
355 5557 444 5607 καὶ¹
471 5553 543 5627 ἦν
568 5552 794 5627 Εὐνόμῳ
824 5555 985 5609 πάλιν
1012 5552 1179 5627 ᾄδειν,
1203 5553 1277 5616 ὡς
1300 5555 1361 5605 τὸ
1395 5553 1675 5627 πρότερον,

154 5616 392 5699 ξμεμελῶς-
436 5616 585 5679 εί’δέ
630 5616 870 5699 γε”ίξμῖν
938 5616 1481 5699 ἀεντὶώτὲττιγος-κάὶ
1522 5616 1679 5699 ξένης

150 5682 284 5766 ᾠδῆς,
307 5682 399 5763 τῆς
438 5700 537 5766 σῆς
568 5682 903 5766 φιλίαςξόὑκ
933 5693 1029 5748 οἷδ’
1060 5696 1184 5749 ὅθεν
1222 5682 1675 5766 πὲρξρραγείρηξ

150 5754 768 5837 ῥποκαταστήσαξπάλιν
812 5768 1071 5830 ὲντείνεις
1120 5766 1228 5837 τὴν
1266 5754 1512 5837 νεῦρανξ,
1549 5754 1677 5837 ἴσως

154 5821 207 5877 ἂν
238 5832 303 5893 εἰς
338 5821 735 5911 τῆν’προτέραν
766 5840 925 5909 ἡμῶν
973 5821 1298 5907 ὁλοκληρίαν
1352 5821 1379 5888 ό
1423 5833 1535 5901 βίος
1575 5835 1675 5886 ἐπ-

1788 4641 1958 4709 μύθου
2006 4639 2232 4710 πλάσμα
2275 4639 2531 4704 παλαιοῦ,
2581 4641 2695 4692 ἀλλ’
2724 4640 3016 4710 ἀρχιερεὺς
3058 4639 3230 4710 Θεοῦ,
3267 4640 3362 4692 καὶ

1784 4710 1937 4778 φίλος
1983 4709 2166 4773 ἔνθεος
2203 4711 2298 4763 καὶ
2344 4711 2529 4772 καλὸς,
2582 4713 2661 4773 εἰς
2710 4709 3065 4777 παράδειγμα
3112 4709 3206 4762 καὶ
3248 4725 3359 4762 πα-

1784 4781 2002 4851 ροιμίαν
2062 4782 2347 4849 ἐξαρκέσει
2396 4779 2675 4848 ἀληθινήν.
2748 4778 3043 4851 Eunomus,
3095 4790 3154 4851 ut
3189 4779 3358 4844 aiunt,

1785 4848 2002 4904 Locrius
2046 4856 2108 4903 de
2158 4848 2315 4904 cantu
2368 4851 2709 4916 gloriabatur.
2778 4848 2847 4902 Et
2916 4848 3178 4902 mulcebat
3233 4865 3360 4903 sane

1784 4922 2184 4990 oblectabatqne
2212 4922 2530 4990 auditorem.
2562 4918 2767 4990 Accidit
2793 4931 3007 4990 autem,
3040 4929 3095 4971 ut
3130 4921 3359 4973 chorda-

1782 5008 1901 5045 rum
1931 4993 2044 5059 ejus
2093 4986 2199 5043 una
2232 4989 2392 5059 [inter
2422 4986 2737 5059 canendum]
2773 4989 2968 5057 fracta,
3008 4992 3192 5043 cicada
3237 5004 3361 5043 mox

1783 5061 1995 5116 cilharw
2010 5063 2139 5129 jugo
2163 5061 2418 5122 insidens,
2441 5068 2605 5130 rupta:
2635 5060 2847 5111 chordae
2868 5076 3055 5112 sonum
3074 5062 3358 5130 suppleret.

1785 5130 1964 5194 Quare
1998 5133 2180 5199 'p0tuit
2245 5130 2511 5185 Eunomus
2552 5129 2762 5193 iterant,
2804 5138 2861 5181 ut
2906 5140 3083 5195 antea,
3129 5129 3361 5185 suaviter

1783 5216 1987 5253 canere.
2018 5205 2081 5253 At
2104 5216 2220 5255 vero
2243 5212 2319 5263 tu,
2336 5201 2380 5252 si
2395 5199 2513 5266 jam
2536 5199 2682 5270 nobis
2700 5214 2794 5267 pro
2811 5201 2996 5252 cicada
3017 5211 3062 5251 ct
3080 5202 3353 5270 peregrino

1781 5280 1962 5330 cantu,
1990 5276 2271 5336 abruptum
2293 5287 2396 5334 quo
2419 5268 2586 5321 nescio
2612 5281 2784 5337 pacto,
2833 5270 3078 5323 amicitia:
3109 5268 3215 5323 tute
3236 5286 3359 5322 ner-

1783 5357 1901 5392 vum
1920 5342 2088 5394 denuo
2114 5351 2408 5395 restitutum
2422 5339 2724 5404 intenderis,
2744 5341 2986 5409 fortassis
3000 5342 3067 5392 ad
3079 5342 3359 5405 pristinam

1782 5412 2133 5476 integritatem
2166 5417 2267 5464 vita
2301 5419 2482 5462 nostra
2530 5424 2791 5470 revocata,
2827 5414 3120 5478 optimoque
3141 5425 3361 5462 concen-

1782 5490 1838 5531 tu
1866 5484 2101 5547 repetito,
2138 5498 2296 5539 suave
2322 5482 2535 5548 aliquod
2568 5491 2724 5550 atque
2761 5483 3064 5550 jucundum
3106 5481 3263 5532 melos
3295 5481 3361 5532 de

1781 5550 1879 5602 hac
1918 5554 2173 5621 tragoedia
2201 5553 2267 5618 lin
2297 5551 2598 5619 felicitatem
2628 5567 2793 5609 uersa.
2841 5554 3097 5605 concinet.
3137 5550 3276 5614 Quin
3308 5562 3359 5621 et

1779 5637 1872 5687 pro
1899 5622 2184 5675 citharme
2208 5624 2445 5674 ls‘unomo
2474 5637 2591 5673 cum
2622 5624 2806 5674 cicada
2840 5622 3148 5676 cantatrice.
3178 5620 3360 5671 veteris

1782 5689 1978 5757 fabula:
2001 5693 2269 5760 ﬁgmento,
2312 5691 2409 5744 Dei
2443 5692 2767 5758 patriarcha,
2796 5692 3105 5759 diuinusque
3148 5688 3262 5758 ejus
3290 5705 3359 5760 ac

1781 5757 2085 5813 laudandus
2129 5764 2352 5827 anticus,
2425 5757 2672 5829 magnum
2718 5766 2846 5816 satis
2875 5757 3165 5829 exemplum
3225 5757 3360 5814 cele-

1783 5830 1971 5899 bret/ne
1997 5833 2191 5886 dictum
2222 5832 2443 5901 posteris
2469 5831 2690 5886 dabunt.
