3964 6424
594 359 697 426 551

665 470 824 542 132
846 487 880 525 a
916 470 1077 526 Sexta
1098 469 1338 526 narratio
1358 469 1424 525 de
1452 467 1660 539 Mopso.
1691 467 1903 523 Mantus
1941 468 2055 537 (67)
2085 468 2172 521 hic
2200 473 2246 527 Α

592 572 757 627 atque
774 560 1038 632 Apollinis
1054 561 1195 617 filius
1230 571 1405 616 matre
1432 561 1827 630 exstincta,pro
1858 570 2008 615 sorte
2025 560 2177 613 velut

592 653 936 710 hereditaria
1008 653 1244 708 Clarium
1277 652 1546 722 Apollinis
1597 652 1879 708 oraculum
1947 652 2175 708 obtinet.

592 746 790 800 Eadem
862 753 1045 800 autem
1118 752 1443 814 tempestate
1515 741 1748 800 Calchas
1809 742 2178 815 Colophonem

592 843 762 907 venit,
797 856 905 911 qua
950 838 1170 909 Mopsus
1197 839 1477 894 oraculum
1515 848 1707 893 tenens
1754 838 2177 905 vaticinabatur,

592 943 712 1003 post
763 933 941 1003 Trojte
971 932 1241 988 excidium
1272 932 1505 988 errando
1541 930 1800 1003 iactatus.
1849 930 1981 987 Cum
2015 931 2180 1000 igitur

591 1026 682 1079 diu
738 1024 1075 1094 multumque
1124 1023 1269 1079 inter
1301 1038 1360 1080 se
1412 1023 1830 1087 contenderent,
1860 1023 2178 1093 Amphime-

589 1116 727 1171 clms
777 1115 993 1169 tandem
1032 1112 1322 1187 Lyciorum
1356 1130 1451 1170 rex
1498 1115 1647 1171 litem
1690 1116 1925 1172 diremit.
1963 1116 2180 1185 Mopsus

590 1204 733 1258 enim
799 1207 866 1260 ad
920 1204 1122 1259 bellum
1166 1214 1453 1261 exeuntem
1498 1207 1796 1279 prohibuit,
1855 1209 2057 1263 victum
2110 1208 2177 1263 iri

591 1295 960 1364 denuntians;
989 1295 1220 1353 Calchas
1252 1309 1442 1353 contra
1473 1299 1760 1355 victoriam
1789 1300 2068 1369 pollicens,
2110 1302 2177 1356 ad

591 1386 899 1440 exeundum
950 1389 1296 1443 hortabatur.
1341 1392 1413 1443 At
1447 1392 1591 1445 victo
1632 1390 1829 1445 deinde
1856 1390 2174 1460 Amphima-

592 1478 717 1541 cbo,
765 1478 982 1546 Mopsus
1028 1479 1221 1549 majori
1264 1490 1349 1536 est
1399 1481 1610 1538 honore
1652 1482 1901 1549 allectus,
1948 1481 2179 1540 Calchas

592 1571 833 1640 seipsum
865 1571 1089 1625 occidit.

676 1660 921 1731 Septima
970 1661 1137 1718 refert
1182 1663 1612 1721 Phllammonem
1655 1665 1959 1725 Philonidis
1988 1669 2173 1736 filium,

598 1752 716 1823 ejus
745 1770 865 1823 qua:
894 1769 958 1808 ex
985 1754 1264 1827 Bosphoro
1282 1760 1604 1815 etCleobtea
1639 1760 1690 1813 in
1718 1763 1911 1817 Atticae
1944 1762 2178 1819 Thorico
2212 1814 2219 1827 ,

1722 356 1985 417 ΡΗΟΤΙΙ
2027 354 2534 416 PATRIARCH/E
2584 355 2695 415 CP.

3750 357 3846 418 552

2354 469 2420 521 Ἥ
2457 466 2507 534 ς’
2538 469 2615 531 ὡς
2642 468 2831 538 Μόψος
2878 468 2908 520 ὁ
2946 467 3171 538 Μάντης
3190 467 3235 499 ³⁸
3268 468 3364 522 καὶ
3391 466 3727 530 ’Λπόλλωνος
3761 471 3851 539 τῆς

2283 562 2489 633 μητρὸς
2516 562 2921 632 τελευτησάσης
2953 561 3232 631 ἐκδέχεται
3263 560 3467 631 κλῆρον
3490 561 3554 613 τὸ
3571 559 3641 623 ,ὲν
3662 560 3853 633 Κλάρῳ

2281 654 2616 718 ’Λπόλλωνος
2649 656 2921 725 μαντεῖον.
2953 654 3089 707 Κατ’
3115 654 3293 707 ἐκεῖνο
3320 652 3377 706 δὲ
3404 650 3601 725 καιροῦ
3622 653 3855 722 άφικνείο

2279 764 2370 802 ται
2386 746 2610 817 Κάλχας
2642 749 2723 810 είς
2751 746 3082 815 Κολοφῶνα,
3106 747 3165 799 ὲν
3188 739 3232 815 ᾧ
3257 746 3445 815 Μόψος
3473 745 3616 815 ἔχων
3644 745 3779 815 ἔχρα
3801 764 3855 800 το

2284 842 2537 910 μαντεῖον
2555 839 2622 902 ³¹,
2644 839 2783 910 μετὰ
2806 840 3003 910 Τροίας
3026 839 3379 909 πλανώμενος
3403 838 3856 908 ἂλωσιν.Ἥριζον

2282 930 2379 987 οὖν
2426 931 2521 985 ἐπὶ
2569 931 2706 986 πολὺ
2750 931 3023 1002 ἀλλήλοις,
3054 932 3148 986 καὶ
3176 932 3527 1004 Ἀμφίμαχος
3572 934 3603 985 ό
3647 932 3857 986 Λυκίων

2283 1021 2537 1093 βασιλεὺς
2587 1020 2703 1076 λύει
2750 1022 2850 1093 τὴν
2896 1022 3049 1091 ἔριν·
3080 1023 3175 1076 ἐπὶ
3218 1023 3454 1091 πόλεμον
3498 1020 3609 1092 γὰρ
3658 1022 3856 1085 ἐξιόντα

2280 1114 2469 1186 Μόψος
2518 1115 2617 1186 μὲν
2662 1115 2953 1170 ὲκώλυενη
2983 1109 3155 1186 ἧτταν
3189 1113 3579 1185 προαγγέλλων
3598 1152 3614 1177 ,
3643 1114 3853 1182 Κάλχας

2279 1206 2337 1260 δὲ
2380 1206 2650 1277 ἐπέτρεπε
2673 1207 2833 1275 νίκην
2864 1208 3167 1277 σημαίνων,
3203 1207 3299 1261 καὶ
3329 1207 3558 1277 ἡττᾶται
3578 1248 3593 1273 ,
3626 1204 3723 1259 καὶ
3748 1205 3852 1258 Μό-

2279 1300 2380 1369 ψος
2426 1300 2527 1368 μὲν
2566 1300 2660 1353 ἐπὶ
2714 1300 2914 1371 μᾶλλον
2926 1301 2971 1333 ⁸⁸
3019 1298 3279 1373 ἐτιμήθη,
3333 1297 3557 1371 Κάλχας
3604 1298 3648 1351 δ’
3674 1298 3855 1352 ἑαυτὸν

2280 1384 2627 1463 διεχρήσατο.

2361 1666 2430 1718 'H
2476 1663 2523 1729 ζ’
2548 1665 2817 1734 διηγεῖται
2865 1663 2941 1728 ὡς
2992 1663 3292 1734 Φιλάμμων
3328 1666 3460 1727 παῖς
3487 1662 3855 1734 Φιλωνίδθς⁹ἠ

2279 1755 2502 1824 γέγονεν
2529 1753 2585 1821 ἐξ
2624 1753 2933 1824 Ἑωσφόρου
2982 1754 3079 1806 καὶ
3126 1753 3424 1817 Κλεοϐοίας
3470 1755 3532 1806 ἐν
3583 1753 3800 1824 Θορικῴ
3819 1756 3857 1785 ³⁵

595 1856 717 1898 nata
767 1856 872 1913 est,
917 1848 1205 1903 excellenti
1252 1853 1500 1921 corporis
1542 1853 1943 1921 pulchritudine
1983 1856 2170 1912 fuisse.

2289 1847 2374 1916 τῆς
2405 1846 2678 1915 Ἀττικῆς,
2706 1839 2862 1909 οὗτος
2893 1847 2920 1899 ὁ
2941 1846 3242 1916 Φιλάμμων
3274 1846 3559 1917 ὑπερφυής
3587 1847 3649 1899 τὸ
3675 1846 3860 1909 κάλλος

592 1934 966 2006 Nympharum
1018 1939 1201 2009 itaque
1246 1958 1406 1995 unam
1460 1944 1819 2000 adolescentis
1852 1962 2038 2003 amore
2077 1964 2171 2003 ca-

596 2040 741 2098 ptam
788 2028 926 2100 (68),
985 2041 1197 2085 uterum
1227 2035 1392 2088 etiam
1436 2051 1503 2090 ex
1551 2037 1644 2091 illo
1669 2047 1927 2105 gestasse,
1957 2056 2023 2096 ac
2063 2058 2175 2112 pra:

598 2122 919 2175 verecundia
970 2137 999 2175 e
1047 2120 1426 2193 Peloponneso
1492 2127 1843 2197 digressam,
1894 2138 1948 2185 et
2006 2132 2174 2187 littori

596 2210 877 2285 [adverso]
912 2213 1193 2282 appulsam
1220 2216 1519 2288 Thamyrin
1560 2219 1672 2290 (69)
1727 2223 2022 2291 peperisse.
2070 2223 2174 2291 Qui

595 2320 717 2357 cum
745 2320 812 2359 ex
847 2306 1069 2373 ephebis
1113 2310 1370 2377 excessit,
1406 2325 1527 2364 eam
1566 2322 1651 2367 est
1685 2313 1880 2367 fidibus
1931 2315 2177 2371 canendo

596 2399 809 2455 laudem
862 2413 1207 2470 consecutus,
1259 2416 1318 2459 ut
1364 2422 1545 2477 regem
1582 2424 1704 2463 eum
1771 2410 1897 2475 sibi,
1960 2415 2173 2467 tametsi

598 2494 915 2562 peregrinus
942 2506 1109 2562 esset,
1146 2495 1362 2569 Scythae
1393 2500 1655 2554 crearint.
1685 2501 1859 2556 Cantu
1893 2514 2021 2559 vero
2048 2519 2175 2559 cum

599 2586 734 2654 ipsis
769 2586 934 2642 Musis
978 2590 1331 2651 contendens,
1372 2592 1718 2663 praemiisque
1757 2594 1948 2649 victori
1978 2611 2179 2666 propo-

599 2677 739 2742 sitis,
774 2678 845 2731 illi
877 2680 1095 2747 quidem
1129 2678 1404 2736 Musarum
1441 2682 1752 2755 conjugium
1783 2701 1798 2747 ;
1833 2685 1999 2742 Musis
2024 2701 2174 2752 vero,

600 2769 741 2837 quod
771 2768 888 2837 ejus
930 2786 1164 2836 cumque
1185 2774 1517 2844 delegissent
1543 2793 1560 2841 ;
1602 2779 1847 2833 canendo
1867 2790 2174 2849 superatus,

599 2860 876 2914 oruiorum
923 2861 1037 2933 (70)
1072 2862 1367 2919 luminibus
1401 2868 1625 2921 orbatus
1659 2879 1762 2923 est.

670 2948 874 3037 Octava
928 2954 995 3007 de
1040 2952 1240 3009 Proteo
1300 2956 1559 3027 [Egyptio
1606 2967 1728 3013 vate
1770 2970 1985 3023 narrat,
2024 2960 2178 3029 cujus

601 3044 707 3097 lilia
741 3043 997 3101 Theonue
1031 3047 1238 3102 Canobi
1273 3049 1340 3120 (is
1367 3050 1479 3120 (71)
1516 3050 1743 3105 Menelai
1790 3052 1931 3107 illius
1962 3053 2179 3121 Trojani

600 3136 889 3192 nauclerus
913 3139 1052 3210 erat)
1086 3155 1271 3196 amore
1296 3153 1478 3212 capta,
1507 3153 1633 3198 voto
1664 3142 1980 3201 frustratur.
2013 3147 2178 3203 Addit

2276 1942 2513 2008 ἐγένετο.
2554 1938 2671 1993 Μία
2717 1938 2774 1991 δὲ
2823 1937 2933 1991 τῶν
2961 1939 3189 2009 νυμφῶν
3232 1940 3335 2010 ἐρᾷ
3375 1938 3469 1992 τοῦ
3505 1938 3746 2005 νεανίου,
3776 1941 3859 1991 καὶ

2275 2030 2535 2103 ἐγκύμων
2582 2031 2813 2100 γίνεται.
2851 2032 3153 2103 Αἰδουμένη
3199 2030 3245 2084 δ’
3272 2032 3497 2100 ἀπαίρει
3534 2032 3858 2103 Πελοποννή-

2277 2140 2396 2187 σου,
2428 2124 2524 2178 καὶ
2552 2125 2633 2188 εἰς
2659 2123 2757 2195 τήν
2779 2124 2950 2193 ἀκτήν
3000 2123 3424 2194 παραγενομένη
3456 2122 3633 2177 τίκτει
3670 2124 3858 2194 κοῦρον

2276 2214 2546 2284 Θάμυριν,
2581 2214 2639 2278 ὃς
2665 2215 2878 2285 ήϐήσας
2908 2215 3000 2267 ἐπὶ
3026 2214 3281 2269 τοσοῦτον
3302 2210 3406 2284 ἧκε
3430 2214 3765 2287 κιθαρῳδίας
3787 2216 3853 2277 ὡς

2274 2309 2374 2363 καὶ
2404 2308 2631 2378 βασιλέα
2657 2309 2830 2378 σφῶν.
2861 2308 3065 2379 καίπερ
3095 2308 3374 2380 ἑπηλύτην
3395 2310 3441 2341 ³⁸
3469 2308 3625 2371 ὄντα.
3658 2308 3861 2371 Σκύθας

2277 2400 2860 2472 ποιήσασθαι.Ἐρίσας
2877 2400 2932 2453 δὲ
2959 2401 3054 2456 καὶ
3071 2401 3117 2433 ³⁸
3138 2403 3256 2462 ταῖς
3270 2402 3517 2463 Μούσαις
3543 2400 3689 2473 ὑπὲρ
3706 2400 3858 2471 ᾠδῆς.

2277 2495 2370 2548 καὶ
2407 2495 2584 2549 ἄθλων
2615 2493 2692 2564 τῷ
2711 2496 2989 2565 νικήσαντι
3008 2493 3295 2555 τεθέντων,
3331 2494 3526 2564 ἐκείνῳ
3561 2493 3662 2563 μὲν
3684 2491 3855 2555 coite"

2276 2586 2508 2640 Μουσῶν
2559 2586 2790 2656 γάμους,
2825 2586 3065 2649 ἐκείναις
3111 2585 3169 2638 δὲ
3219 2585 3248 2639 ὃ
3296 2586 3503 2639 ἕλοιντο
3534 2584 3648 2639 τῶν
3681 2584 3859 2648 αὑτοῦ,

2277 2680 2512 2751 ἐξεκόπη
2539 2680 2666 2744 τοὺς
2694 2679 3011 2751 ὀφθαλμοὺς
3036 2678 3312 2751 ἡττηθείς.

2360 2968 2426 3022 Ἦ
2460 2973 2509 3038 η’
2526 2967 2568 2999 ³⁸
2588 2967 2857 3037 διηγεῖται
2884 2966 2953 3019 τὰ
2982 2966 3114 3037 περὶ
3143 2963 3417 3037 Πρωτέως
3443 2963 3540 3017 τοῦ
3566 2962 3859 3031 Αἰγυπτίου

2283 3059 2559 3130 μάντεως,
2590 3050 2652 3111 οὗ
2680 3060 2713 3129 ή
2746 3058 2993 3130 θυγάτηρ
3025 3058 3224 3128 Θεονόη
3276 3055 3570 3129 ἐρασθεῖσα
3602 3053 3860 3108 Κανώϐου

2283 3154 2371 3228 (ἦν
2399 3157 2443 3209 δ’
2466 3150 2621 3220 οὗτος
2648 3155 2986 3227 κυϐερνήτης
3014 3153 3291 3208 Μενελάου
3316 3152 3409 3206 τοῦ
3431 3149 3625 3221 Τρώου
3642 3150 3714 3221 ³ε’)
3735 3150 3859 3203 dm-

598 3231 872 3297 quomodo
922 3229 1180 3288 Canobus
1230 3233 1502 3290 formosus
1545 3237 1883 3304 adolescens,
1927 3239 2174 3295 abeunti-

2289 3250 2541 3320 τυγχάνει
2561 3265 2577 3281 ο
2598 3250 2694 3302 καὶ
2717 3248 2792 3312 ὡς
2815 3248 2844 3300 ὁ
2860 3246 3121 3309 Κάνωϐος
3146 3245 3312 3309 καλὸς
3338 3243 3436 3298 καὶ
3464 3242 3586 3306 νέος
3603 3241 3859 3313 ἀπαίρον-

598 3325 700 3375 bus
753 3336 816 3375 ex
851 3320 1108 3394 IEgypto,
1150 3332 1241 3394 qui
1288 3326 1355 3379 ad
1387 3341 1507 3380 eam
1555 3328 1894 3397 appulerant,
1936 3329 2179 3387 Menelao

599 3422 760 3481 atque
790 3413 1012 3480 llelena,
1045 3431 1074 3468 a
1104 3417 1285 3486 vipera
1319 3433 1530 3473 morsus
1555 3420 1687 3491 (7'2),
1721 3421 1851 3477 tibia
1889 3424 2180 3492 labefacta,

600 3515 721 3572 post
754 3521 863 3560 non
895 3508 989 3560 diu
1034 3509 1323 3576 interierit,
1349 3522 1404 3564 et
1433 3528 1463 3564 a
1490 3512 1733 3568 Menelao
1785 3525 1951 3584 atque
1980 3516 2181 3572 Helena

602 3597 653 3650 in
685 3597 921 3668 Egypto
949 3601 1196 3668 sepultus
1221 3601 1293 3656 sit
1325 3619 1341 3656 :
1376 3603 1465 3656 ubi
1494 3620 1636 3659 nunc
1662 3622 1879 3676 quoque
1905 3612 2181 3677 c0gnomi-

602 3689 687 3742 uis
739 3691 789 3743 ei
830 3691 1020 3745 civitas
1079 3695 1296 3749 condita
1335 3708 1439 3751 est.
1500 3699 1639 3764 Quin
1694 3709 1750 3753 et
1792 3698 2038 3753 ultimum
2076 3700 2180 3753 Nili

600 3778 842 3836 ﬂuminis
864 3784 1130 3839 ostiorum
1150 3784 1419 3854 Canobus,
1450 3790 1533 3844 vel
1564 3790 1883 3845 Canobicum
1903 3805 1933 3845 a
1965 3792 2182 3847 naucle-

606 3888 666 3926 ro
690 3872 779 3927 illo
809 3889 1005 3929 nomen
1033 3876 1221 3931 trahit.

666 3958 821 4017 Nona
882 3965 948 4017 de
992 3965 1352 4024 Semiramide
1406 3971 1519 4041 (75)
1588 3972 1829 4027 narratio
1876 3982 1981 4028 est.
2027 3972 2182 4030 lianc

602 4067 709 4107 non
752 4070 999 4120 uxorem,
1039 4067 1096 4112 ut
1130 4058 1218 4112 alii
1252 4062 1630 4129 prodiderunt,
1669 4066 1765 4119 sed
1816 4065 1981 4119 filiam
2014 4065 2181 4120 fuisse

600 4144 723 4200 Νηιί
746 4149 944 4203 tradit:
966 4159 1021 4204 et
1043 4160 1099 4203 ut
1128 4151 1364 4207 breviter
1381 4154 1580 4219 dicam,
1598 4171 1939 4225 quaecunque
1961 4158 2051 4211 alii
2067 4157 2178 4229 (74)

602 4239 813 4294 Atossze
878 4242 1118 4313 Assyriae
1188 4245 1515 4310 attribuunt,
1580 4247 1668 4303 hic
1727 4249 1795 4302 ad
1860 4249 2181 4305 Semiramim

606 4332 728 4385 dem
756 4332 937 4386 omnia
964 4335 1148 4390 retulit
1172 4351 1187 4388 ε
1235 4337 1375 4391 haud
1402 4338 1538 4402 scio,
1575 4354 1641 4393 an
1669 4340 1793 4409 quia
1820 4340 2028 4397 duobus
2060 4356 2179 4396 eam

604 4425 912 4481 nominibus
963 4429 1288 4498 appellatam
1337 4432 1551 4487 censuit
1585 4450 1598 4485 :
1638 4449 1706 4487 an
1741 4449 1930 4489 eorum
1962 4451 2081 4504 quae
2115 4438 2182 4491 de

2280 3360 2373 3405 τος
2416 3341 2695 3395 Μενελάου
2736 3339 2866 3412 [222
2898 3336 2993 3411 Η.]
3038 3339 3132 3393 ἀπ’
3165 3336 3445 3406 Αίγύπτου
3498 3334 3594 3389 καὶ
3624 3333 3857 3402 Ἑλένης,

2284 3435 2378 3488 καὶ
2410 3433 2937 3505 προσορμισαμένων
2958 3431 3003 3463 ⁸⁰
3032 3433 3100 3503 τῇ
3130 3434 3201 3503 γῇ
3222 3470 3237 3496 ,
3270 3431 3377 3484 ὑπὸ
3408 3429 3625 3500 ὲχίδνης
3653 3426 3860 3496 δηχθεὶς

2282 3527 2376 3578 καὶ
2411 3526 2601 3587 σαπεὶς
2624 3524 2684 3577 τὸ
2718 3524 2907 3585 σκέλος
2938 3521 3054 3593 μετ’
3083 3522 3144 3574 οὐ
3178 3521 3314 3574 πολὺ
3343 3520 3567 3590 θνήσκει
3589 3531 3605 3547 ⁸
3632 3518 3729 3571 καὶ
3754 3518 3862 3570 Με-

2281 3617 2469 3679 νέλαος
2503 3617 2598 3670 καὶ
2632 3615 2822 3685 Ἑλένη
2857 3613 3153 3668 θάπτουσιν
3183 3614 3348 3666 αὑτὸν
3372 3612 3460 3664 ἐπ’
3479 3610 3785 3678 Αίγύπτου,
3804 3599 3859 3659 οὗ

2282 3709 2376 3764 νῦν
2410 3708 2695 3778 ἐπώνυμος
2726 3707 2959 3778 ᾤκισται
2992 3705 3166 3768 πόλις.
3202 3705 3312 3758 Καὶ
3335 3703 3445 3756 τῶν
3480 3700 3574 3755 τοῦ
3595 3700 3637 3731 δι
3672 3700 3859 3753 Νείλου

2283 3800 2567 3870 στομάτων
2603 3800 2666 3852 τὸ
2696 3799 3004 3853 τελευταῖον
3033 3801 3062 3852 ὁ
3096 3797 3355 3861 Κάνωϐος
3384 3795 3418 3867 ἢ
3449 3793 3775 3849 Κανωϐικὸν
3804 3793 3861 3843 ἐκ

2281 3891 2375 3946 τοῦ
2400 3891 2737 3963 κυϐερνήτου
2765 3893 2866 3960 τὴν
2895 3890 3193 3961 ὀνομασίαν
3219 3889 3390 3942 ἕλκει.

2366 3984 2430 4037 Ἦ
2461 3983 2504 4037 θ’
2538 3984 2608 4037 τά
2656 3984 2789 4054 περὶ
2820 3984 3179 4054 Σεμιράμεως
3225 3982 3396 4049 λέγει,
3431 3978 3528 4035 καὶ
3561 3976 3858 4047 Σεμίραμιν

2283 4074 2403 4144 οὐχ).
2428 4076 2662 4141 γυναῖκα
2690 4072 2835 4125 κατὰ
2860 4073 2985 4135 τοὺς
3009 4072 3202 4135 ἄλλους
3230 4071 3363 4141 φησὶ
3394 4069 3560 4122 Νίνου
3588 4066 3855 4135 γενέσθαι,

2281 4167 2418 4222 ἀλλὰ
2466 4166 2778 4236 θυγατέρα’
2816 4166 2911 4219 καὶ
2955 4166 3096 4234 λόγῳ
3143 4163 3257 4228 ἐνὶ,
3290 4165 3391 4216 ὅσα
3436 4163 3486 4215 oi
3538 4160 3691 4214 ἄλλοι
3737 4160 3857 4228 περὶ

2284 4256 2608 4327 Ἀτόσσηςδί
2636 4257 2736 4326 τῆς
2754 4255 2798 4287 ⁸³
2829 4255 3118 4324 Ἀσσυρίου
3164 4254 3567 4324 ἀναγράφουσι,
3597 4249 3752 4302 ταῦθ’
3774 4241 3857 4299 οὗ-

2282 4367 2374 4414 τος
2404 4351 2486 4411 εἰς
2526 4349 2835 4420 Σεμίραμιν
2864 4348 3148 4418 ἀναφέρει,
3175 4347 3274 4398 οὐκ
3321 4343 3492 4416 Exn)“
3532 4343 3714 4410 λέγειν
3753 4339 3854 4392 εἴτε

2283 4442 2433 4496 δυσὶν
2460 4442 2688 4511 ὀνόμασι
2733 4441 2831 4512 τὴν
2863 4440 3034 4511 αὐτὴν
3068 4439 3303 4508 νομίζων
3324 4437 3369 4468 ⁸⁵⁸
3400 4435 3707 4498 καλεῖσθαι,
3736 4432 3768 4502 ἢ
3795 4431 3857 4482 τὰ

604 4517 965 4577 Semiramide
1004 4534 1315 4589 narrantur,
1371 4527 1599 4596 peritior
1637 4541 1742 4580 non
1777 4527 1961 4582 fuerit.
1995 4528 2180 4584 Refert

2289 4536 2415 4605 περὶ
2464 4537 2824 4607 Σεμιράμεως
2873 4534 3048 4599 ἄλλως
3094 4536 3196 4588 οὐκ
3243 4531 3421 4597 εἰδώς.
3452 4531 3618 4601 Λέγει
3652 4529 3699 4582 δ’
3725 4528 3853 4594 ὡςὴ

1902 4621 2141 4679 VARIIE
2173 4628 2588 4684 LECTIONES.

680 4706 725 4784 ῥα
748 4706 979 4784 Μάντης
1021 4709 1061 4762 A
1104 4727 1118 4764 :
1154 4711 1346 4781 μάντις
1374 4730 1435 4777 ς.
1467 4711 1705 4784 Heynius
1751 4715 2023 4779 Μαντοῦς.

602 4779 649 4851 ξ’
672 4778 944 4851 ἐκώλυσεν
968 4808 1039 4820 -
1067 4778 1625 4851 πρὸαπαγγέλλωνξκ

601 4849 971 4921 βοδὶὶίΕΙίίρς.
1013 4867 1069 4921 ρ.
1134 4853 1260 4906 557.

1370 4854 1415 4885 ³⁸
1442 4854 1697 4923 Θωρικῶι
1728 4854 1794 4909 Α.

2128 4723 2171 4794 ³)
2195 4722 2331 4794 ἔχρα
2382 4723 2443 4776 τὸ
2506 4724 2758 4794 μαντεῖον
2776 4722 2828 4794 ,Α
2854 4739 2867 4775 :
2891 4723 3142 4794 μαντεῖον
3167 4721 3384 4794 ἐχρᾶτο.
3414 4717 3577 4794 cf.‘p.‘
3594 4716 3697 4794 ίὸϐ
3723 4715 3749 4767 b
3770 4714 3852 4794 55.

1743 4785 1790 4817 ³³
1820 4788 1911 4838 ἐπὶ
1940 4790 2164 4863 μᾶλλον]
2209 4785 2315 4848 vid.
2356 4785 2592 4847 Boerkh.
2623 4794 2675 4847 in
2728 4785 2941 4846 Platon.
3005 4793 3134 4845 Min.
3182 4785 3244 4857 .3?
3269 4791 3372 4844 155
3398 4799 3451 4843 et
3474 4787 3767 4873 ~Schaefer.
3792 4786 3854 4837 ad

1743 4854 1803 4928 λε
1904 4857 1947 4889 ³⁵
1981 4861 2249 4928 ἐπήλυτον
2277 4882 2339 4928 ς,
2445 4865 2491 4895 ³⁸
2514 4865 2610 4915 καὶ
2671 4874 2797 4917 ante
2835 4864 2956 4924 ταῖς
3009 4862 3133 4917 add.
3167 4862 3232 4915 A.
3339 4861 3383 4892 ³⁷
3408 4878 3502 4913 του
3564 4857 3650 4928 ΜἈ
3685 4872 3853 4926 γαμου

2074 4899 2248 4931 ,ιινιιυν
2277 4899 2305 4928 ξ,
2325 4906 2339 4920 ο

2445 4865 2491 4895 ³⁸
2514 4865 2610 4915 καὶ
2671 4874 2797 4917 ante
2835 4864 2956 4924 ταῖς
3009 4862 3133 4917 add.
3167 4862 3232 4915 A.
3339 4861 3383 4892 ³⁷
3408 4860 3502 4913 τοῦ
3564 4857 3633 4910 Μ.
3685 4857 3853 4926 γάμου

603 4920 862 5003 "iﬁlli"?-
954 4920 1062 5003 ‘fﬁ‘l
1189 4924 1299 5003 KP}
1323 4925 1356 4994 ἡ
1381 4942 1451 5003 ξςι
1489 4920 1752 5003 ’θ’Τηρὼου
1778 4920 2087 5003 [λε-Τρωός
2139 4951 2199 4998 ς.
2251 4920 2389 4989 unde
2449 4934 2545 4986 fuit
2593 4935 2683 5001 qui
2738 4920 2951 4987 l'acerei
2980 4933 3233 5002 Ἀτρέως.
3314 4930 3360 4962 ⁸ο
3384 4932 3480 4984 καὶ
3524 4929 3599 5003 ως
3629 4920 3852 5003 ὁρμισα-

602 4991 782 5060 μένων
806 4991 873 5043 Α.
966 4992 1008 5025 ⁶¹
1033 4993 1126 5044 τοῦ
1179 4995 1302 5047 add.
1331 4991 1393 5046 τό
1423 4996 1468 5046 Α
1511 5012 1524 5048 :
1554 4991 1646 5047 τόν
1666 5014 1726 5060 ς.

600 5062 649 5091 ⁸⁸
691 5070 814 5130 post
847 5062 954 5131 ἔχω
984 5078 1105 5117 cum
1139 5063 1185 5116 A
1221 5065 1377 5119 omisi
1402 5065 1478 5119 δέ.
1558 5067 1604 5099 ⁴³
1635 5066 1871 5136 νομίξειν
1899 5069 1966 5123 Α·

1835 4997 1880 5029 ⁸¹
1909 4996 2175 5074 ῘᾹτόσσης
2226 5003 2494 5072 Kannius,
2530 4996 2803 5073 Αἰγόσσης
2855 5004 2900 5058 Α
2948 5021 2961 5057 :
3018 4996 3279 5073 Ἀττόσης
3299 5020 3360 5067 ς.
3434 5004 3483 5035 ⁵⁸
3518 5000 3617 5069 τῆς
3646 4996 3853 5052 add-3°

2143 5162 2379 5222 NOTIE.

674 5252 789 5323 (67)
831 5252 1074 5309 Emendo
1128 5254 1397 5323 Μάντους.
1433 5258 1617 5313 Strab.
1643 5259 1734 5314 lib.
1773 5276 1862 5314 xlv
1888 5259 2041 5314 Cilic.
2083 5275 2178 5313 ex-

604 5335 765 5378 lrem.
819 5324 953 5398 Yide
993 5340 1210 5398 Quoque
1256 5330 1496 5398 ejusdem
1534 5329 1739 5384 Ioniam
1787 5342 2017 5385 exirent.
2068 5329 2165 5384 lib.

604 5406 806 5470 xtttLet
835 5393 1156 5470 llesioduni.
1184 5393 1422 5470 Lyc'oph.
1455 5400 1715 5470 aliosque.

817 5466 1114 5541 Argiopam
1139 5465 1360 5537 quidam
1387 5470 1576 5525 dixere
1592 5465 1715 5541 cum
1737 5471 1981 5541 Apollon.
2006 5470 2103 5525 lib.
2137 5485 2173 5525 ι.

670 5536 784 5613 (6_£_l)
817 5538 947 5613 Vide
973 5536 1269 5613 Eu_stat._iu
1300 5546 1462 5600 Hom.
1488 5541 1546 5613 2ἐ
1580 5544 1636 5595 Β.
1655 5539 1760 5613 Ltl.
1780 5536 2001 5613 Cyrald.
2038 5542 2172 5613 Dial.

601 5606 656 5662 2.
687 5607 888 5686 ξίφει.
925 5610 1115 5686 comit.
1168 5609 1391 5686 Mythol.
1428 5611 1683 5686 et_Sicul.
1716 5606 1937 5686 “Inviti,
1962 5626 2083 5680 cap.

679 5678 976 5800 l(70)].M3lud
1012 5678 1260 5741 Euslalli.
1294 5688 1456 5742 etiam
1494 5684 1747 5753 loquendi
1782 5678 2045 5739 facultate
2067 5684 2179 5752 pri-

696 5765 760 5800 US
810 5765 892 5800 CIII
924 5767 1006 5800 lll‘.

604 5761 760 5802 vatus
792 5760 1006 5817 legitur.

669 5818 783 5889 (7t)
813 5814 1010 5877 Strabo
1033 5821 1127 5879 lib.
1158 5837 1271 5878 xvu
1303 5824 1369 5884 de
1400 5821 1657 5901 Egyplo.

2366 5261 2479 5329 (72)
2532 5260 2676 5331 Lege
2714 5260 2941 5315 Nicand.
2984 5260 3232 5315 Theriac.
3277 5264 3332 5317 in
3379 5261 3769 5325 Hmmorrhoo;
3822 5277 3851 5313 ε

2288 5346 2395 5399 quo
2445 5334 2559 5400 ipse
2612 5346 2928 5399 percussum
2955 5333 3232 5385 Canobum
3276 5332 3461 5387 refert.
3500 5332 3853 5401 Helenamque

2289 5412 2575 5471 propterea
2628 5401 2760 5457 huic
2791 5403 3041 5473 serpenti
3074 5404 3285 5456 lumbos
3323 5404 3573 5473 fregisse.
3605 5402 3849 5457 Nicandri

2288 5474 2655 5526 narrationem
2706 5471 2927 5527 exhibet
2983 5471 3187 5528 Elian.
3248 5474 3343 5527 lib.
3391 5471 3481 5527 x‘tv
3531 5476 3599 5528 de
3623 5473 3848 5527 Animal.

2285 5544 2528 5608 cap.15.

2360 5614 2470 5683 (75)
2501 5610 2769 5683 Justinus,
2800 5611 2896 5666 lib.
2946 5627 2984 5677 ι,
3020 5613 3177 5667 Diod.
3216 5611 3384 5670 Sicul.
3409 5614 3505 5669 lib.
3537 5630 3575 5669 ιι
3606 5631 3621 5681 ;
3658 5612 3846 5667 Herod.

2286 5681 2545 5753 IEl'ianus
2568 5681 2769 5748 aliique
2797 5684 2864 5737 de
2892 5697 2956 5737 eo
2994 5684 3257 5753 pluribus.

2316 5824 2325 5833 .
2360 5753 2474 5833 (74)
2504 5752 2808 5810 Herodotus
2841 5752 2981 5809 forte
2998 5752 3065 5811 et
3099 5753 3368 5821 Atilianus,
3397 5754 3663 5826 multique
3687 5755 3847 5811 histo-

2283 5839 2405 5878 I‘ICI.
