4038 6424
222 395 324 461 553

1230 392 1765 454 BIBLIOTHECA.
1802 416 1874 427 -
1898 391 2063 454 COD.
2102 391 2459 454 CLXXXVI.

3381 391 3486 455 551

219 506 526 578 Σεμίραμις
555 501 696 575 αὕτη
722 501 802 573 τῷ
824 500 925 572 υίῷ
945 500 1123 574 λάθρα
1145 502 1241 556 καὶ
1262 499 1531 570 ἀγνοοῦσα
1556 502 1802 571 μιγεῖσα,
1829 550 1834 559 ,

1939 513 2033 554 Lem
2065 498 2484 557 Semiramidem
2511 498 2651 555 clam
2703 500 2959 569 primum,
2999 509 3055 554 et
3091 492 3281 572 1326
3331 503 3485 573 igna-

220 598 348 672 [429
378 594 473 669 8.]
498 591 621 650 εἶτα
644 593 870 663 γνοῦσα,
900 592 1070 661 ἄνδρα
1099 594 1157 645 ὲν
1185 592 1266 662 τῷ
1292 589 1512 661 φανερῷ
1540 590 1688 659 ἔσχε,
1713 589 1809 651 καὶ

1940 608 2026 648 am
2068 609 2191 647 cum
2223 593 2333 649 ﬁlio
2362 609 2461 648 suo
2490 592 2850 646 concubuisse
2882 608 2897 646 :
2930 593 3023 646 sed
3048 594 3244 649 deinde
3272 598 3488 664 cognita

218 692 278 757 ἐξ
305 690 541 753 ἐκείνου,
573 688 841 759 πρότερον
875 685 1165 754 βδελυκτὸν
1191 684 1271 750 ὃν,
1301 683 1509 752 Μήδοις
1546 682 1640 757 καὶ
1666 682 1809 753 Πέρ-

1941 701 1992 751 e,
2026 687 2129 742 viri
2156 688 2320 742 etiam
2345 686 2462 740 loco
2494 684 2709 756 publice
2766 685 3038 751 habuisse.
3071 684 3148 739 Ex
3184 702 3250 741 eo
3307 688 3492 757 itaque

222 801 342 847 σαις
392 782 559 837 καλὸν
614 780 708 847 καὶ
760 779 991 853 νόμιμον
1036 777 1184 842 εδοξε
1237 777 1479 848 μητράσι
1516 772 1565 817 ἰβ
1612 776 1811 846 μίγνυς

1939 794 2179 848 empore,
2209 778 2355 848 quod
2384 778 2537 848 prius
2585 777 2985 834 exsecrandum
3025 777 3348 840 habebatur,
3374 776 3491 831 Me-

224 878 368 933 σθαι.

300 1057 367 1109 Ἦ
406 1062 436 1109 ι’
470 1054 529 1119 δὲ
565 1053 641 1116 ὡς
682 1049 853 1106 Σίθων
868 1049 913 1081 ⁸⁷
948 1051 977 1104 6
1009 1046 1347 1112 Ποσειδῶνος
1395 1047 1490 1113 καὶ
1525 1046 1752 1115 Ὄσσης,
1784 1045 1813 1097 6

223 1148 321 1217 τῆς
350 1147 603 1219 Θρᾳκίας
637 1144 986 1216 Χερρονήσου
1019 1140 1297 1212 βασιλεὺς,
1330 1139 1495 1210 γεννᾷ
1536 1136 1816 1208 θυγατέρα

1939 1144 2237 1201 Iherronesi
2266 1143 2514 1199 Thracia:
2537 1159 2653 1210 rex,
2685 1144 2847 1205 filiam
2866 1158 2932 1201 ex

223 1242 516 1313 Παλλήνην
560 1244 625 1294 ὲκ
671 1238 971 1309 Μενδηῖδος
1024 1237 1285 1309 νύμφης·
1333 1238 1402 1306 ἦν
1435 1234 1645 1291 πολλῶν
1683 1251 1817 1305 μνη-

228 1332 593 1401 στευομένων,
630 1326 792 1384 ἆθλον
831 1329 1009 1382 ἔκειτο
1053 1328 1132 1398 τῷ
1177 1327 1327 1399 μάχῃ
1362 1327 1701 1397 κρατήσαντι
1730 1326 1818 1387 Σί-

1911 872 1996 926 dis
2020 886 2084 925 ac
2109 870 2289 926 Persis
2312 871 2401 940 jus
2432 870 2623 940 fasque
2655 868 3141 935 visum,matribus
3166 868 3310 940 (74*)
3339 884 3493 925 coni-

1913 977 2165 1017 misceri.

1987 1051 2206 1108 Decima
2225 1052 2464 1107 narratio
2483 1068 2499 1105 :
2519 1050 2696 1105 (Etho
2715 1052 2828 1123 (75)
2846 1049 3076 1123 Neptuni
3095 1060 3145 1105 et
3166 1050 3316 1106 Ossae
3329 1051 3493 1117 filius,

3018 1144 3244 1199 eudeide
3261 1146 3497 1215 nympha

1916 1238 2134 1292 sustulit
2158 1236 2410 1293 Pallenen
2440 1253 2455 1291 :
2487 1251 2647 1306 quam
2688 1252 2810 1290 cum
2853 1237 3005 1290 multi
3038 1237 3330 1303 ambirent,
3358 1252 3499 1306 prae-

1919 1328 2087 1383 mium
2139 1327 2189 1382 ei
2236 1328 2471 1397 positum
2534 1338 2655 1393 est,
2712 1327 2805 1396 qui
2868 1326 3171 1383 (Ethouem
3212 1328 3499 1398 pugnando

228 1427 394 1489 θωνος
428 1426 525 1479 καὶ
563 1426 661 1495 τὴν
694 1424 862 1492 κόρην
895 1421 1039 1491 ἔχειν
1075 1421 1165 1475 καὶ
1197 1420 1296 1490 τὴν
1328 1417 1819 1488 βασιλείαν.’Δναι-

1939 1428 2248 1490 superasset,
2284 1428 2342 1474 ut
2366 1430 2422 1475 et
2451 1420 2560 1475 lilia
2604 1430 2661 1475 et
2693 1436 2858 1492 regno
2886 1422 3173 1490 potiretur.
3215 1421 3384 1492 igitur
3410 1421 3499 1474 in-

228 1522 402 1590 ρεῖται
434 1516 529 1570 οὖν
553 1517 694 1585 ὑπὲρ
720 1515 816 1568 τοῦ
837 1513 1017 1582 γάμου
1046 1511 1279 1571 διαθλῶν
1300 1509 1343 1541 ⁸⁸
1375 1509 1567 1579 Μέροψ
1590 1511 1619 1562 6
1636 1507 1819 1573 Ἄνθε-

229 1613 463 1683 μουσὶας
518 1609 767 1680 βασιλεὺς
813 1606 906 1671 καὶ
936 1607 1253 1676 Περιφήτης
1285 1605 1314 1657 6
1347 1601 1821 1671 Μυγδονίας.Ἔπ-

229 1723 344 1758 ειτα
361 1703 541 1757 Σίθων
569 1700 741 1772 ὁρίζει
765 1700 837 1770 μὴ
865 1700 1003 1769 πρὸς
1024 1698 1209 1762 αὐτὸν,
1237 1696 1373 1750 ἀλλὰ
1399 1693 1536 1765 πρὸς
1558 1693 1822 1765 ἀλλήλους

1922 1511 2133 1568 terfecti
2166 1528 2263 1581 pro
2291 1512 2497 1580 nuptiis
2522 1512 2675 1567 hisce
2704 1524 3001 1579 certantes,
3053 1512 3265 1581 Merops
3298 1513 3503 1566 Anthe-

1922 1608 2132 1671 musiaa,
2163 1617 2217 1661 et
2242 1606 2559 1675 Periphetes
2582 1606 2885 1679 Mygdonias
2914 1624 3091 1679 reges.
3150 1608 3289 1665 Ilinc
3318 1611 3504 1665 decre-

1922 1709 2038 1761 tum
2074 1701 2143 1755 ab
2168 1699 2439 1767 OEthone,
2478 1716 2549 1756 ne
2590 1717 2774 1757 secum
2831 1704 3081 1772 amplius,
3135 1703 3230 1758 sed
3274 1703 3416 1760 inter
3445 1720 3504 1759 sc

228 1797 595 1865 διαμάχεσθαι
645 1792 773 1853 τοὺς
826 1790 1146 1861 μνηστῆρας
1165 1829 1180 1853 ,
1215 1787 1315 1843 καὶ
1343 1784 1419 1855 τῷ
1447 1785 1731 1851 νικήσαντι
1760 1782 1822 1837 τὸ

1939 1792 2075 1859 proci
2123 1792 2473 1858 dimicarent,
2510 1793 2764 1863 idemque
2812 1794 3004 1848 vietori
3046 1794 3325 1861 praemium
3363 1794 3501 1849 fore.

228 1886 358 1938 αὐτὸ
410 1880 576 1937 ἆθλον
628 1877 789 1936 εἶναι.
839 1878 1233 1947 Διαγωνίζεται
1282 1876 1463 1931 τοίνυν
1505 1875 1683 1946 Δρύας
1726 1873 1822 1927 καὶ

1939 1855 2315 1955 Depugnarunt
2335 1855 2465 1956 ergo
2481 1885 2654 1956 Dryas
2672 1855 2727 1941 et
2741 1886 2935 1951 Clitus,
2955 1855 3236 1955 casusque
3258 1887 3507 1942 Pallenes

228 1977 430 2038 Κλίτος
449 1976 518 2039 δ’,
547 1977 643 2039 καὶ⁵
668 1974 857 2027 πίπτει
889 1971 1075 2043 Δρύας.
1097 1970 1235 2040 δόλῳ
1263 1969 1571 2041 Παλλήνης.
1600 1960 1675 2022 Οὗ
1705 1968 1825 2021 δια-

229 2067 569 2137 γνωσθέντας
623 2066 843 2131 Σίθωνι,
871 2063 1066 2135 ἔμελλε
1110 2063 1269 2132 δίκην
1307 2061 1535 2115 θάνατον
1566 2060 1824 2131 Παλλήνη

228 2161 454 2226 διδόναι,
489 2162 539 2212 εί
576 2159 654 2231 μὴ
681 2159 975 2230 Ἀφροδίτη
1023 2156 1219 2219 νυκτὸς
1250 2156 1652 2224 ἐπιφοιτήσασα
1689 2154 1827 2210 πᾶσι

228 2256 339 2317 τοῖς
371 2253 628 2319 πολίταις
677 2253 777 2322 τὴν
824 2250 999 2322 κόρην
1047 2250 1268 2321 ἥρπασε
1313 2245 1569 2303 θανάτου.
1604 2246 1716 2309 Καὶ
1739 2263 1828 2299 τε-

230 2347 597 2415 λευτήσαντος
643 2344 739 2397 τοῦ
794 2343 1001 2412 πατρὸς
1056 2341 1309 2412 Παλλήνη
1351 2341 1446 2394 καὶ
1490 2339 1687 2402 Κλίτος
1730 2340 1828 2410 τὴν

234 2434 520 2507 βασιλείαν
549 2433 859 2503 ἐκδέχονται
877 2432 945 2499 ⁵ο,
979 2431 1075 2495 καὶ
1103 2430 1199 2485 ἀπ’
1231 2429 1403 2500 αὐτῆς
1431 2430 1466 2499 ἡ
1501 2428 1657 2501 χώρα
1686 2428 1831 2491 Παλ-

230 2530 369 2601 λήνη
403 2527 599 2591 ἔλαϐεν
626 2527 819 2597 ὄνομα.

311 2622 379 2675 Ἦ
416 2627 484 2673 ια’
510 2620 581 2673 τὰ
608 2621 736 2689 περὶ
768 2618 870 2689 τῆς
901 2614 1200 2688 Ἡρακλέος
1218 2617 1260 2648 ³⁸
1294 2614 1508 2680 Θυσίας,
1534 2614 1601 2686 ἢν
1628 2613 1832 2687 Δίνδιοι

236 2715 377 2785 μετὰ
404 2714 551 2784 ἀρᾶς
576 2711 799 2777 θύουσιν
828 2710 998 2780 αὐτῷ,
1029 2709 1275 2774 διέξεισι,
1308 2708 1403 2763 καὶ
1429 2706 1507 2770 ὡς
1535 2706 1635 2778 τὴν
1659 2707 1834 2777 ἀρχὴν

232 2808 398 2878 ἔσχεν
443 2806 555 2869 ἀπό
587 2821 731 2868 τινος
763 2804 1030 2875 ἀροτῆρος
1060 2802 1310 2866 Λινδίου,
1346 2800 1428 2864 6;,
1463 2799 1588 2854 ἐπεὶ
1628 2799 1835 2869 τροφὰς

232 2899 353 2971 ᾔτει
383 2897 666 2968 Ἡρακλῆς
712 2896 852 2966 ὑπὲρ
881 2895 1080 2949 ’Ύλλου
1131 2893 1227 2947 τοῦ
1277 2893 1465 2956 παιδὸς
1487 2935 1502 2960 ,
1533 2892 1593 2949 ὃν
1634 2891 1834 2961 κομιδῇ

235 2994 355 3047 νέον
378 2992 529 3055 κατὰ
548 2990 648 3061 τὴν
666 2989 783 3043 ὁδὸν
806 2990 1172 3059 συνεπήγετο,
1197 2988 1320 3041 ἀντὶ
1344 2986 1440 3039 τοῦ
1455 2986 1501 3018 ⁵⁸
1532 2987 1837 3057 παρασχεῖν

233 3085 332 3141 καὶ
380 3082 776 3155 προσύϐρισεν.
795 3080 1071 3151 Ἡρακλῆς
1120 3080 1177 3133 δὲ
1227 3079 1560 3150 χαλεπήνας,
1590 3078 1690 3133 ’ἐνα
1728 3078 1840 3130 τῶν

1923 1974 2118 2032 fraude
2148 1978 2336 2047 Dryas.
2378 1975 2436 2030 ld
2465 1976 2555 2032 ubi
2585 1978 3052 2044 rescivitwtbon,
3073 1992 3265 2046 poenas
3288 1978 3506 2033 Pallene

1926 2078 2105 2133 morte
2155 2068 2414 2133 dedisset,
2461 2069 2569 2124 nisi
2598 2067 2782 2125 Venus
2822 2080 2982 2125 nocte
3007 2072 3156 2125 cives
3197 2086 3386 2127 omnes
3414 2086 3511 2140 ap-

1928 2160 2160 2229 pellans,
2219 2160 2452 2230 puellam
2513 2161 2672 2215 morti
2735 2161 3045 2231 eripuisset.
3104 2162 3337 2218 Parente
3382 2180 3511 2218 vero

1924 2251 2058 2307 fatis
2088 2252 2386 2318 exstincto,
2412 2252 2631 2309 Pallene
2655 2262 2711 2308 et
2735 2250 2906 2309 Clitus
2938 2271 3159 2324 regnum
3189 2256 3389 2328 adepti,
3412 2268 3512 2313 eta

1928 2345 2151 2403 Pallene
2182 2345 2297 2417 (76)
2332 2346 2484 2415 regio
2512 2360 2713 2401 nomen
2740 2358 2823 2403 est
2854 2359 3123 2404 mutuata.

2002 2616 2301 2673 Undecima
2319 2619 2387 2674 de
2402 2617 2651 2675 Herculis
2668 2621 2941 2677 sacrificio
2957 2624 3518 2694 commemorat,quod

1936 2708 2113 2765 Lindii
2148 2710 2264 2782 (77)
2292 2724 2414 2767 cum
2448 2715 2830 2769 exsecratione
2858 2714 2960 2783 ipsi
3003 2716 3307 2777 immolant,
3354 2725 3521 2786 utque

1932 2803 2205 2872 originem
2250 2803 2354 2859 hoc
2397 2804 2465 2859 ab
2512 2815 2730 2859 aratore
2759 2808 2992 2875 quodam
3026 2804 3221 2865 Littdio
3266 2808 3517 2861 duxerit:

1937 2897 2053 2967 qui,
2081 2910 2203 2951 cum
2238 2894 2499 2952 Hercules
2531 2897 2789 2951 alimenta
2820 2912 2918 2967 pro
2954 2897 3113 2968 llyllo
3143 2913 3313 2969 puero
3334 2908 3524 2967 postu-

1936 2988 2076 3042 laret
2111 2988 2294 3056 (quem
2331 2987 2620 3041 admodum
2661 2988 2842 3042 adhuc
2877 2987 3135 3055 juvenem
3190 2988 3243 3041 in
3300 2988 3389 3042 via
3417 2988 3523 3042 sibi

1942 3077 2311 3150 adiunxerat),
2353 3092 2457 3133 non
2486 3086 2692 3132 tantum
2729 3078 2909 3133 cibum
2946 3093 3054 3132 non
3088 3078 3401 3148 prasbucrit,
3426 3077 3525 3133 sed

238 3174 383 3245 βοῶν
434 3169 814 3241 κατασφάξας,
851 3170 1011 3233 αὐτὸς
1052 3188 1113 3224 τε
1162 3170 1406 3225 θοινᾶται
1451 3169 1548 3223 καὶ
1574 3166 1652 3238 τῷ
1685 3166 1834 3222 παιδὶ

1943 3169 2107 3226 etiam
2149 3169 2413 3225 conviciis
2446 3169 2755 3225 incesserit.
2783 3168 2898 3236 Qua
2935 3168 3194 3225 llercules
3216 3169 3523 3240 indignatus

236 3263 482 3316 δίδωσιν.
502 3261 707 3333 Ἦρᾶτο
740 3262 799 3314 δὲ
829 3260 1116 3332 πόρρωθεν
1147 3261 1175 3312 6
1200 3260 1430 3333 ἀροτὴρ.
1462 3259 1575 3317 Καὶ
1603 3261 1634 3312 6
1666 3259 1836 3328 Ἦρα-

238 3355 380 3427 κλῆς
413 3355 615 3425 γέλωτι
646 3354 821 3419 διδοὺς
853 3354 955 3417 τὰς
979 3354 1141 3426 ἀρὰς,
1171 3354 1429 3407 οὐδέποτε
1459 3351 1841 3421 ἀπεφθέγξατο

241 3446 433 3519 θοίνης
462 3446 678 3517 ἡδίονος
707 3444 1017 3503 ἀπολαῦσαι
1046 3446 1079 3516 ἢ
1112 3445 1212 3516 τῆς
1238 3446 1378 3516 μετὰ
1409 3445 1518 3500 τῶν
1545 3443 1718 3516 ἀρῶν.

326 3716 400 3769 Ἥ
431 3713 501 3784 ιβ’
520 3712 588 3767 τά
618 3712 748 3782 ’περὶ⁵
777 3712 965 3785 Τρωὸς
1013 3711 1106 3767 τοῦ
1143 3711 1473 3783 Ἐριχθονίου
1503 3712 1599 3767 τοῦ
1633 3716 1843 3786 Δαρδά-

243 3824 344 3863 νου
385 3805 777 3875 διαλαμϐάνει,
818 3804 877 3867 6;
907 3803 1228 3875 ἐϐασίλευσε
1262 3804 1371 3856 τῶν
1399 3806 1527 3875 περὶ
1567 3806 1666 3877 τὴν
1698 3807 1845 3877 Ἴδην

245 3899 492 3971 χωρίων,
526 3897 622 3952 καὶ
647 3897 812 3968 γεννᾷ
838 3897 902 3949 ἐκ
930 3895 1274 3967 Καλλιρρόης
1286 3896 1332 3927 ⁵³
1360 3897 1459 3967 τῆς
1490 3897 1844 3970 Σκαμάνδρου

246 3990 397 4046 Ἶλον
426 3990 512 4061 (ἐξ
542 3983 604 4043 οὗ
628 3990 690 4041 τὸ
724 3988 911 4058 Ἴλιον)
942 3989 1039 4059 καί
1057 3989 1368 4059 ’Δσάρακον
1388 3988 1484 4042 καὶ
1500 3989 1844 4061 Γανυμήδην,

246 4084 314 4137 ὃν
343 4084 569 4154 ἥρπασε
597 4080 751 4144 Ζεύς.
769 4080 1075 4151 Ἀσάρακος
1104 4080 1161 4133 δὲ
1182 4079 1228 4111 ⁵⁸
1257 4081 1355 4134 σὺν
1380 4080 1459 4150 τῷ
1494 4082 1664 4153 πατρὶ
1707 4084 1849 4155 Δαρ-

248 4177 445 4239 δανίας
501 4172 854 4239 ἐϐασίλευσε,
916 4174 1010 4229 καὶ
1062 4172 1211 4245 [221
1250 4171 1372 4245 Η.]
1419 4169 1487 4243 ῆν
1537 4174 1695 4228 τοῦτο
1740 4175 1848 4228 τῶν

248 4268 459 4340 Τρώων
494 4262 938 4337 βασίλειον.Ἶλος
964 4266 1042 4329 δὲ,
1066 4266 1125 4331 ὃς
1143 4268 1189 4299 ⁸⁸
1219 4265 1394 4330 κτίζει
1420 4267 1481 4319 τὸ
1503 4267 1686 4332 Ἴλιον,
1709 4284 1849 4339 κρα-

246 4363 332 4412 τεῖ
363 4354 522 4429 μάχῃ
558 4355 855 4428 Βεϐρύκων
883 4355 1153 4427 βασιλέως
1182 4354 1358 4419 Βύζου
1391 4356 1584 4430 ὄνομα,
1626 4360 1721 4413 καὶ
1757 4360 1850 4412 ἐπὶ

249 4458 398 4527 μέγα
434 4456 501 4508 τὸ
539 4452 701 4507 ¹Ἰλιον
740 4450 909 4522 αἴρει.

1942 3278 2021 3331 re,
2048 3262 2278 3317 alterum
2311 3263 2471 3318 boum
2498 3262 2619 3333 ejus
2649 3273 2915 3327 mactans,
2965 3263 3129 3333 (mpit
3164 3260 3277 3332 ipse
3293 3263 3523 3333 epulari,

1940 3367 1999 3411 et
2026 3370 2196 3427 puero
2231 3356 2553 3425 porrigere:
2588 3355 2821 3426 agricola
2850 3355 3063 3409 interim
3090 3356 3302 3410 eminus
3335 3355 3382 3408 ei
3426 3355 3527 3408 im-

1948 3456 2230 3519 precante.
2276 3448 2475 3504 Verum
2519 3446 2777 3503 flet-cules
2827 3447 3243 3517 imprecationes
3272 3447 3525 3513 irridens,

1944 3555 2218 3610 nunquam
2267 3555 2328 3595 se
2376 3541 2657 3595 suaviores
2710 3539 3014 3594 afﬁrmabat
3043 3549 3293 3610 gustasse
3316 3539 3526 3611 epulas,

1944 3647 2107 3702 quam
2135 3647 2254 3701 qua:
2276 3632 2761 3702 imprecationibus
2780 3634 3011 3688 conditae
3032 3633 3285 3688 fuissent.

2011 3724 2335 3783 Duodecima
2352 3726 2541 3794 quaeda
2550 3742 2598 3779 ιιι
2623 3724 2864 3780 continet
2876 3725 2942 3780 de
2957 3726 3101 3780 Troe
3120 3725 3533 3798 (78)Erichtbo-

1944 3818 2022 3873 nii
2044 3818 2154 3873 lilio
2180 3828 2234 3873 et
2256 3817 2491 3873 Dardani
2520 3829 2736 3888 nepote,
2754 3819 2846 3889 qui
2867 3819 2919 3872 in
2943 3820 3160 3887 regione
3187 3820 3292 3875 Idas
3316 3818 3533 3891 [monti]

1947 3910 2123 3965 vicina
2153 3912 2400 3979 regnavit
2430 3928 2445 3965 :
2479 3912 2776 3981 genuitque
2800 3925 2863 3965 ex
2885 3910 3188 3967 Callirrhoe
3213 3910 3533 3965 Scamandri

1947 4000 2055 4054 ﬁlia
2104 3999 2242 4065 llum
2276 4000 2333 4071 (a
2367 4017 2474 4072 quo
2509 4000 2664 4055 Ilium
2700 4000 3058 4071 nominatum)
3104 4012 3159 4056 et
3184 4001 3533 4064 Assaracum,

1948 4103 2003 4147 et
2029 4090 2432 4164 Ganymedem,
2478 4110 2643 4164 quem
2697 4092 2910 4162 Jupiter
2968 4093 3164 4164 rapuit.
3234 4096 3537 4147 Assaracus

1948 4183 2039 4239 hic
2064 4200 2167 4239 una
2211 4202 2332 4240 cum
2362 4197 2516 4257 patre
2550 4187 2833 4241 Dardania:
2885 4186 3192 4255 imperavit,
3243 4172 3364 4255 qnaa
3419 4199 3540 4239 erat.

1951 4275 2154 4332 Troum
2198 4279 2365 4349 regia.
2439 4279 2548 4333 llus
2595 4286 2777 4333 autem
2811 4279 2968 4333 llium
3020 4278 3397 4343 exaedificavit,
3455 4278 3537 4331 vi-

1951 4370 2135 4441 citque
2159 4387 2337 4443 pugna
2363 4388 2544 4443 regem
2571 4370 2898 4442 Bebrycum,
2946 4373 3034 4428 cui
3058 4371 3217 4444 Bycen
3241 4387 3457 4439 nomen,
3485 4381 3541 4425 et

1952 4460 2109 4517 Ilium
2145 4464 2201 4518 in
2239 4466 2566 4521 immensum
2594 4468 2766 4520 auxit.

1532 4587 1775 4646 VARIAS
1810 4592 2225 4655 LECTIONES.

314 4713 366 4744 “
412 4705 683 4781 μητράσι]
716 4707 808 4789 δτι
863 4706 924 4759 ού
969 4704 1068 4769 τὰς
1110 4705 1365 4828 μητέρας
1414 4706 1707 4777 γαμοῦσιν,
1754 4712 1893 4768 ἀλλὰ
1946 4721 2067 4780 ταῖς
2120 4724 2412 4790 μητρυιαῖς
2469 4721 2761 4791 μίγνυνται
2791 4722 2839 4773 οἱ
2878 4718 3086 4788 Πέρσαι
3136 4712 3243 4776 ἓως
3280 4712 3375 4766 τοῦ
3422 4714 3538 4774 νῦν.

314 4785 564 4828 τένονται
586 4778 644 4828 δὲ
672 4795 783 4828 των
816 4793 1105 4828 γεννῆσαν.
1142 4793 1269 4828 νων.
1304 4776 1381 4828 ὼς
1412 4777 1631 4828 λέγεται
1655 4786 1807 4828 παοὰ
1839 4787 1949 4828 τῶν
1970 4789 2198 4828 εἰδότων
2224 4791 2289 4828 τὸ
2322 4790 2445 4828 νηιΡ’
2470 4792 2669 4828 κεί-ηιιῖκ·
2701 4808 2788 4828 mn
2844 4793 2873 4828 Δ
2979 4788 3023 4820 ⁸⁷
3055 4785 3228 4828 Eleum
3261 4782 3494 4828 "sumine
3523 4803 3538 4828 ε

252 4778 564 4865 semis
586 4778 644 4831 δὲ
816 4793 1105 4865 ξενκῑισςιμ

247 4846 404 4909 ιιιπῖ
435 4848 675 4920 Οίθωνκ
732 4847 786 4920 ’⁵⁸7
819 4846 1122 4901 διαθλεύων
1164 4861 1309 4900 corr.
1334 4848 1423 4920 A._
1477 4847 1524 4879 ⁴⁹
1560 4846 1757 4916 Κλίτοξ
1785 4873 1848 4920 ς,

247 4927 290 4957 ³⁸
321 4921 426 4976 τοῦ
466 4923 514 4973 Α
542 4937 555 4973 :
580 4916 676 4972 τοῦ

248 4997 291 5029 ⁸³
315 4990 411 5064 6;]
462 4990 542 5055 ὡς
568 4991 636 5044 A.
680 4985 901 5061 κρατεῖ]
931 4987 1027 5042 καὶ
1072 4989 1269 5057 κρατεῖ
1287 4985 1353 5041 ΑΖ

1173 4794 1269 4839 ων,
1304 4777 1381 4861 ὼς
1412 4777 1631 4861 λέγξῖᾳξ
1652 4786 1807 4861 παρὰ
1839 4787 1949 4839 τῶν
1970 4777 2198 4861 εἰδϐτὶυν
2224 4777 2292 4861 τὰ
2322 4777 2445 4843 κατ’
2469 4777 2669 4854 αὐτούς
2701 4808 2807 4861 mg.
2837 4793 2901 4843 Α.

1412 4917 1424 4928 .
1477 4860 1524 4879 "
1560 4860 1757 4928 Ἀλξτος
1785 4873 1848 4928 ςς,
1904 4869 2128 4928 praestat
2181 4860 2427 4924 Κλεῖτος.

723 4919 797 4988 μή
824 4927 972 5005 τρέξι
1004 4919 1589 5005 ,ιυθιμτ-ίῑιιζεδιῖοηθιυ
1644 4919 1974 4999 Seba-fertis.
2020 4929 2267 5005 Corium.
2309 4919 2531 5001 p.102.
2609 4933 2656 4965 ιι
2685 4919 2994 5000 seiungam
3029 4929 3094 4993 Α.
3172 4919 3296 4995 “at
3327 4942 3435 4980 om.
3472 4934 3536 4980 Α.

2979 4788 3023 4820 ⁸⁷
3055 4785 3228 4855 Σίθων
3258 4782 3494 4855 lleynius
3523 4803 3539 4837 :

2506 4863 2553 4895 ⁵ο
2600 4854 2962 4931 ὲκδέχέταιΑ.
3041 4858 3085 4931 Ψ
3129 4854 3443 4931 ἠρακλέως
3472 4858 3537 4910 Α.

1809 5103 2043 5163 NOTAE.

310 5225 475 5353 374⁸)
516 5222 631 5279 Non
662 5233 865 5281 matres
901 5224 1120 5294 quidem
1176 5239 1374 5279 uxores
1402 5226 1604 5285 ducunt
1634 5228 1837 5296 Persae,
1866 5234 1918 5293 D
1942 5231 2203 5286 Parthen.
2237 5231 2428 5293 Σθόνα,
2451 5246 2569 5300 cap.
2589 5228 2972 5301 ϐἘρωτικῶν,
3004 5230 3251 5285 ubihanc
3267 5229 3434 5286 fabul.
3455 5232 3542 5285 fu-

248 5313 305 5354 se
381 5313 415 5350 a
446 5295 803 5354 Reniuicibus
834 5296 1189 5354 abstinentes.
1214 5312 1334 5354 cum
1363 5299 1612 5351 uovercis
1638 5300 1834 5353 etiam-
1950 5304 2064 5354 sius
2087 5304 2248 5354 naulo
2282 5303 2468 5354 refert.

381 5313 415 5350 a
446 5295 803 5364 genitricibus
834 5296 1189 5361 abstinentes,
1214 5312 1334 5361 cum
1363 5299 1612 5351 uovercis
1638 5295 1834 5353 etiam;

251 5385 382 5423 num
411 5366 859 5430 consuetudinem
883 5366 1104 5430 habent,
1148 5377 1205 5423 nt
1236 5377 1459 5431 narrant
1496 5366 1838 5425 Persicarum

250 5454 435 5493 rerum
500 5435 877 5508 periti._(‘.od.
940 5451 1063 5508 ms._
1106 5438 1193 5490 hic
1242 5439 1307 5489 ad
1360 5453 1529 5508 marg.
1594 5438 1845 5495 Clemens

250 5519 435 5564 tamen
468 5504 563 5561 lib.
598 5522 659 5578 ιιι
690 5504 950 5563 Stromat.
989 5526 1021 5561 e
1043 5505 1261 5561 Xantho
1299 5508 1350 5560 in
1376 5504 1619 5577 ﬂagicis,
1659 5527 1846 5578 magos

254 5579 554 5644 matribus,
584 5576 819 5643 ﬁliabus,
846 5578 1122 5639 sororibus
1150 5576 1493 5637 commisceri
1520 5582 1708 5637 solitos
1725 5576 1849 5638 θέω

254 5649 423 5704 refert
456 5646 657 5702 Catull.
726 5647 859 5703 Nam
901 5663 1085 5716 magus
1140 5666 1205 5702 ex
1256 5660 1430 5704 matre
1459 5661 1514 5704 et
1536 5662 1700 5716 gnato
1750 5669 1847 5705 na-

256 5718 827 5792 scaturoportet._Sic
856 5734 980 5792 vera
1015 5728 1097 5792 est
1115 5717 1409 5773 Persarum
1440 5722 1601 5792 impia
1636 5724 1844 5792 religio.

257 5788 416 5861 Plura
450 5790 659 5861 colligit
686 5788 883 5861 Caelius
906 5788 1263 5861 Rhodiginus,
1288 5806 1409 5861 cap.
1441 5788 1531 5850 l8.
1556 5792 1671 5861 lib.
1700 5788 1752 5846 κζ

324 5859 437 5931 ⁸75)
475 5857 736 5929 Stephani.
771 5857 969 5929 Byzan.
1018 5872 1152 5912 voce
1196 5857 1415 5919 Pallene
1454 5860 1640 5917 Σθῶνα
1666 5872 1843 5931 vocat,

573 5953 846 6052 Ρέτιιοι..
891 5952 1007 6015 Gn.
1054 5951 1207 6017 Clll.

1950 5304 2248 5389 sittspaulo
2282 5303 2468 5384 refert:

2017 5370 2132 5444 (76)
2173 5372 2249 5444 De
2295 5389 2400 5443 qua
2449 5373 2503 5444 in
2531 5372 2787 5442 Excerpt.
2830 5386 2897 5426 ex
2961 5374 3065 5428 fine
3106 5372 3199 5426 lib.
3231 5386 3306 5425 vn
3351 5370 3535 5427 Strab.

2024 5443 2137 5513 (77)
2178 5443 2412 5499 Consule
2439 5443 2646 5514 Girald.
2684 5455 2894 5514 syntag.
2927 5446 2993 5499 l0
3024 5444 3164 5497 Hist.
3189 5444 3429 5514 deorum,
3456 5448 3542 5498 vel

1953 5519 2135 5587 potius
2166 5515 2433 5587 Lactantii
2456 5515 2551 5567 lib.
2573 5531 2598 5587 ι
2622 5513 2865 5587 lm’litut.
2922 5526 3178 5587 extrem.,
3219 5513 3377 5587 cujus
3408 5524 3465 5568 et
3489 5516 3540 5567 in

1950 5584 2167 5709 lelda'giis
2211 5586 2380 5641 habes
2427 5586 2697 5654 descripta
2725 5586 2887 5639 verba
2906 5587 2973 5638 ad
3006 5586 3138 5639 illud
3172 5584 3418 5638 ιΛίνδιον
3442 5586 3543 5655 τὴν

1988 5673 2166 5709 υσιαν.

1988 5660 2166 5711 υσὶαν.

2026 5727 2138 5796 (78)
2194 5725 2324 5780 Vide
2377 5725 2594 5796 Diodori
2657 5725 2824 5783 Siculi

2901 5742 3020 5796 cap.
3079 5727 3145 5779 12
3201 5724 3293 5780 lib.
3353 5740 3442 5789 1v;
3489 5735 3546 5780 ct

1949 5796 2199 5870 Apollod.
2224 5798 2318 5853 lib.
2349 5811 2408 5851 ιιι
2445 5795 2701 5851 Biblioth.

3077 5954 3153 6015 18
