4038 6424
580 378 684 439 555

653 487 853 559 133a
887 485 1106 542 Decima
1139 484 1296 541 tertia
1335 484 1585 540 rcfertde
1610 484 1859 550 ιΕιιιῑιιθ,
1891 501 2011 555 qua:
2044 486 2149 539 lilia
2189 494 2235 550 Α

577 581 987 644 Laomedontis,
1038 588 1093 634 et
1138 577 1339 633 Priami
1400 592 1559 632 soror
1618 577 1739 632 luit.
1791 578 1941 632 lianc
1973 577 2165 631 Prote-

575 676 743 729 silaus
771 690 891 728 cum
942 674 1067 727 aliis
1105 672 1334 742 captivis
1376 686 1438 726 ex
1473 672 1568 725 Ilio
1629 672 1857 727 navibus
1905 671 2162 738 avehens,

574 769 824 821 Mendem
879 767 1023 821 inter
1069 775 1125 820 et
1153 764 1405 820 Scionem
1455 773 1580 832 post
1606 765 1788 819 varias
1816 772 2166 833 tempestates

574 861 665 913 vix
717 842 1152 926 naves‘appellit
1184 873 1199 910 :
1232 870 1465 924 cumque
1512 838 1787 924 aquatum
1838 854 2166 909 Protesilaus

575 967 698 1006 cum
725 952 838 1005 suis
860 949 1113 1004 omnibus
1136 947 1349 1019 longius
1392 963 1421 1000 a
1471 946 1653 1001 littore
1693 948 1760 1001 ad
1795 946 2053 1001 interiora
2081 959 2166 1000 re-

578 1043 757 1112 gionis
788 1043 903 1096 loca
938 1049 1311 1110 procurreret,
1361 1052 1473 1093 tum
1521 1039 1663 1093 inter
1716 1048 1910 1093 caetera
1939 1035 2165 1093 IEthilla

576 1134 813 1204 reliquas
852 1133 1083 1188 allocuta
1111 1133 1372 1202 captivas,
1427 1132 1507 1197 Si,
1560 1132 1752 1201 inquit,
1801 1146 1923 1187 cum
1956 1130 2165 1186 Grecis

578 1228 630 1280 in
658 1226 921 1280 Graeciam
950 1225 1291 1289 abducimur,
1346 1240 1511 1279 aurea
1543 1225 1723 1289 nobis,
1769 1238 1891 1293 quae
1936 1224 2001 1277 ad
2027 1221 2165 1277 Tro-

568 1320 681 1386 jam
714 1319 1033 1388 pertulimus
1076 1320 1327 1384 adversa,
1367 1318 1673 1372 videantur.
1745 1314 2024 1370 Persuasit
2057 1315 2161 1369 ita-

573 1427 677 1481 que
709 1413 937 1465 navibus
977 1412 1129 1481 ignes
1161 1411 1457 1464 immittere
1508 1408 1645 1479 (79).
1682 1407 1823 1462 Hinc
1876 1408 1959 1461 vel
2002 1408 2158 1462 inviti

571 1520 693 1558 cttm
725 1503 855 1572 ipsis
886 1502 1058 1556 Graeci
1106 1503 1158 1556 in
1213 1502 1401 1556 eadem
1456 1501 1542 1554 illa
1600 1500 1819 1569 regione
1854 1510 2160 1564 remanent,

568 1594 868 1664 urbemque
893 1593 1144 1648 Scionetn
1178 1594 1249 1647 ibi
1274 1594 1550 1649 conditam
1584 1608 1688 1645 una
1720 1593 2045 1647 habuerunt.

642 1687 1066 1755 Quartadecima
1097 1696 1182 1741 est
1218 1689 1284 1741 de
1321 1685 1679 1755 Endymione,
1700 1685 2024 1754 quiAethno
2046 1685 2160 1756 (80)

568 1777 717 1835 lovis
765 1780 899 1844 lilio,
954 1790 1010 1832 et
1044 1777 1399 1848 Protogeneia
1446 1775 1793 1830 Deucalionis
1828 1775 1939 1830 lilia
1974 1786 2157 1843 natus,

1738 372 2005 434 PHOTlI
2031 372 2538 433 PATRIARCH/E
2576 375 2686 436 ΟΡ.

2352 486 2415 539 'H
2437 486 2495 539 δὲ
2529 493 2594 554 ιγ’
2626 486 2696 539 τὰ
2740 488 2864 558 περί
2904 488 3156 551 Αἰθίλλας
3192 486 3466 553 διέξεισιν,
3495 488 3621 557 ἥτις
3650 485 3718 558 ἦν
3753 489 3840 544 θυ-

2270 578 2450 650 γάτηρ
2500 579 2600 649 μὲν
2646 580 3036 650 Λαομέδοντος,
3074 580 3278 652 ἀδελφὴ
3304 580 3360 632 δὲ
3390 581 3670 651 Πριάμου.
3703 581 3837 635 Ταύ-

2271 688 2374 741 την
2406 670 2791 741 Πρωτεσίλαος
2812 672 2858 703 ⁸⁸
2884 672 2942 735 ἐξ
2976 673 3133 725 Ἰλίου
3164 672 3301 743 μετὰ
3330 673 3422 725 καὶ
3452 671 3634 726 ἄλλων
3663 673 3839 742 νηυσὶν

2268 763 2418 831 ἄγων
2468 764 2816 834 αἰχμάλωτον
2834 765 2903 828 ⁸⁷,
2950 767 3031 829 εἰς
3085 766 3178 817 τὸν
3227 765 3433 836 μεταξὺ
3501 765 3718 836 Μένδης
3754 766 3840 820 καὶ

2268 853 2512 923 Σκιώνης
2547 854 2686 925 μετὰ
2725 854 2953 918 πολλοὺς
2982 854 3258 925 χειμῶνας
3301 855 3457 925 μόλις
3510 853 3837 925 ὁρμίζονται.

2266 946 2379 1001 Καὶ
2414 947 2550 1017 πρὸς
2592 947 2809 1018 ὑδρείαν
2859 948 2969 1001 τῶν
3020 948 3149 1018 περί
3187 947 3571 1019 Πρωτεσίλαον
3601 947 3841 1001 ἁπάντων

2266 1039 2362 1093 τοῦ
2405 1039 2655 1108 αἰγιαλοῦ
2700 1039 2908 1094 ἄνωθεν
2960 1041 3098 1109 πρὸς
3141 1040 3241 1111 τὴν
3282 1039 3467 1112 χώραν
3510 1038 3841 1107 ἀναδραμόν-

2265 1149 2398 1198 των,
2423 1133 2558 1187 ἄλλα
2587 1150 2647 1185 τε
2676 1134 2708 1203 ή
2737 1132 2962 1185 Αίθίλλα
2992 1135 3112 1196 ταῖς
3136 1130 3637 1203 συναιχμαλώτισιν
3668 1129 3840 1183 εἰποῦ-

2268 1242 2357 1291 σα,
2415 1225 2509 1280 καί
2547 1226 2644 1292 ὡς,
2680 1227 2728 1278 εἰ
2762 1226 3046 1293 ἀφίκοιντο
3078 1227 3175 1279 σὺν
3200 1228 3314 1288 τοῖς
3350 1225 3615 1296 Ἕλλησιν
3650 1226 3727 1286 εἰς
3754 1223 3841 1292 τὴν

2275 1318 2523 1384 Ἐλλάδα,
2572 1318 2772 1388 χρυσὸς
2823 1317 2891 1371 ἂν
2931 1318 3125 1380 αὑταῖς
3176 1318 3349 1383 δόξειε
3394 1318 3463 1370 τὰ
3510 1318 3616 1387 τῆς
3657 1315 3841 1386 Τροίας

2262 1411 2436 1475 κακὰ,
2475 1410 2651 1464 πείθει
2698 1410 2809 1481 πῦρ
2849 1412 3049 1464 ὲνεῖναι
3080 1411 3201 1473 ταῖς
3227 1409 3404 1464 ναυσί.
3448 1409 3566 1461 Καὶ
3608 1407 3837 1478 καταμέσ

2262 1520 2414 1557 νουσι
2450 1504 2547 1556 σὺν
2578 1504 2773 1565 αὐταῖς
2810 1503 2869 1553 ὲν
2906 1505 2971 1573 τῇ
3011 1501 3164 1573 χώρᾳ
3190 1502 3284 1557 καί
3311 1501 3541 1564 ἄκοντες
3579 1502 3630 1553 οἰ
3659 1499 3840 1571 Ἕλλη-

2261 1612 2373 1660 νες,
2409 1596 2505 1647 καὶ
2535 1594 2690 1647 πόλιν
2720 1593 2965 1658 κτίζουσι
2996 1594 3260 1664 Σκιώνην,
3286 1593 3382 1648 καὶ
3432 1591 3836 1656 συνοικίζουσιν.

2346 1682 2413 1735 Ἠ
2452 1683 2509 1735 ιδ’
2553 1684 2623 1736 τὰ
2675 1684 2806 1754 περὶ
2864 1684 3222 1755 Ἐνδυμίωνος
3260 1686 3484 1755 ἱστορεῖ,
3518 1685 3601 1737 ὃτι
3630 1699 3685 1735 τε
3723 1685 3839 1745 παῖς

2264 1770 2333 1847 ἦν
2374 1777 2613 1829 Ἀεθλίου
2633 1776 2677 1808 ⁸⁸
2717 1776 2811 1830 τοῦ
2855 1778 2976 1839 Διὸς
3018 1778 3114 1830 καὶ
3144 1778 3558 1848 Πρωτογενείας
3584 1780 3684 1848 τῆς
3716 1780 3838 1830 Δευ-

573 1874 735 1928 binos
768 1841 1006 1943 suscepit
1040 1841 1258 1937 liberos,
1307 1869 1614 1942 Eurypylen
1637 1870 1750 1940 (8i)
1806 1881 1863 1925 et
1896 1841 2157 1927 IEtolum.

2264 1841 2549 1933 καλίωνος,
2578 1868 2673 1921 καὶ
2705 1869 2783 1931 ὡς
2814 1867 2907 1922 δύο
2947 1867 3127 1932 τέκοι,
3169 1841 3369 1933 παῖδας
3393 1841 3724 1940 Εὐρυπύλην
3752 1870 3837 1922 καὶ

571 1964 672 2020 Hic
703 1979 733 2020 e
760 1965 1134 2035 Peloponneso
1181 1963 1355 2031 patria
1394 1962 1601 2016 ditione
1655 1961 1924 2017 excedens
1955 1960 2069 2032 (82)
2105 1963 2157 2016 in

568 2056 875 2127 oppositam
913 2056 1188 2124 regionem
1221 2069 1342 2109 cum
1387 2053 1729 2122 sequentium
1765 2054 1945 2119 turba,
1988 2054 2155 2122 pulsis

569 2148 859 2205 Curetibus
919 2146 1056 2217 (85),
1139 2145 1518 2215 commigravit
1552 2162 1567 2198 :
1601 2155 1658 2200 et
1724 2160 1822 2216 pro
1870 2146 2149 2213 Curetide,

568 2240 806 2297 [Etolida
832 2239 1102 2293 nominari
1154 2237 1307 2293 fecit.
1355 2235 1657 2310 Eurypyles
1687 2252 1821 2293 vero
1861 2248 1918 2293 et
1954 2237 2158 2309 Neptu-

581 2337 633 2390 tti
676 2334 819 2388 ﬁlius
859 2332 973 2403 (84)
1043 2331 1198 2398 Elis,
1259 2342 1476 2385 mortuo
1534 2346 1635 2386 avo
1670 2342 1915 2386 materno
1980 2332 2158 2403 Endy-

568 2427 753 2481 mione
784 2426 937 2496 (85),
1016 2440 1240 2493 regnum
1304 2424 1584 2494 suscepit,
1641 2424 2027 2494 conditamque
2084 2430 2151 2480 ah

570 2516 904 2587 Endymione
929 2515 1117 2569 urbem
1138 2514 1275 2568 Elim
1305 2516 1626 2569 nominavit.

644 2696 842 2763 Quinta
875 2694 1085 2749 decima
1120 2694 1186 2747 de
1216 2690 1682 2748 Phenealensibus
1699 2692 1839 2764 (86),
1862 2702 1918 2749 et
1940 2693 2145 2749 Cerere

573 2800 737 2861 atque
766 2787 1116 2857 Proserpina,
1152 2803 1314 2855 quam
1348 2784 1504 2841 Pluto
1531 2796 1744 2857 raptam
1774 2797 1953 2843 matre
1980 2788 2155 2843 inscia

575 2885 643 2937 ad
685 2881 858 2936 infera
913 2896 1077 2948 regna
1141 2878 1401 2942 abduxit,
1471 2887 1637 2947 utque
1693 2878 2155 2934 Pheneatensibus

571 2976 759 3041 Ceres,
806 2972 953 3044 quod
986 2972 1087 3041 ipsi
1123 2970 1303 3025 locum
1344 2972 1734 3035 ostendissent,
1790 2986 1895 3039 qua
1929 2970 2156 3025 descen-

570 3072 797 3123 deretur
824 3066 964 3137 (erat
990 3066 1034 3119 is
1053 3064 1234 3117 hiatus
1259 3064 1313 3115 in
1337 3062 1545 3132 Cylina)
1570 3062 1705 3130 (87),
1739 3077 1861 3117 cum
1893 3063 1993 3116 alia
2015 3064 2154 3117 bona

2261 1959 2518 2024 Αἰτωλὸν,
2570 1959 2629 2023 ὃς
2674 1962 2738 2013 ἐκ
2786 1960 3196 2032 Πελοποννήσου
3240 1962 3338 2033 τὴν
3384 1962 3653 2034 πατρῴαν
3678 1961 3836 2015 λιπὼν

2258 2051 2434 2122 ἀρχὴν
2469 2055 2551 2114 εἰς
2587 2050 2685 2123 τὴν
2719 2051 2988 2123 ἀντίπερα
3032 2052 3238 2123 ταύτης
3275 2052 3383 2123 γῆν
3421 2053 3565 2123 μετὰ
3592 2052 3691 2123 τῆς
3721 2054 3835 2104 ἐπο-

2264 2144 2434 2215 μὲνης
2464 2145 2678 2216 μοίρας,
2724 2146 3018 2216 Κουρῆτας
3049 2146 3318 2211 ἐκϐαλὼν,
3355 2145 3566 2217 ᾤκησε,
3609 2146 3701 2198 καὶ
3725 2144 3833 2198 ἀντὶ

2261 2238 2600 2309 Κουρήτιδος
2623 2238 2895 2291 Αἰτωλίδα
2915 2237 2961 2270 ⁵³
2990 2238 3276 2293 καλεῖσθαι
3322 2238 3561 2292 δίδωσιν.
3594 2236 3719 2309 [452
3748 2234 3831 2309 R.]

2269 2329 2330 2382 '0
2367 2330 2413 2383 δ’
2449 2328 2777 2400 Εὐρυπύλης
2808 2330 2905 2382 καὶ
2957 2331 3294 2394 Ποσειδῶνος
3332 2333 3465 2393 παῖς
3503 2325 3665 2394 Ἦλις
3684 2331 3726 2362 ⁶⁰
3751 2345 3831 2381 τε-

2257 2420 2621 2491 λευτήσαντος
2691 2420 2784 2473 τοῦ
2858 2422 3273 2492 μητροπάτορος
3335 2423 3701 2492 Ἐνδυμίωνος
3745 2422 3832 2492 τήν

2262 2512 2547 2583 βασιλείαν
2604 2511 2908 2581 ἐκδέχεται,
2941 2511 3038 2565 καὶ¹
3085 2516 3152 2583 τῇ
3201 2513 3494 2587 κτισθείσῃ
3524 2514 3679 2567 πόλει
3736 2512 3831 2567 ὑπὸ

2270 2601 2628 2672 Ἐνδυμίωνος
2650 2598 2815 2655 Ἦλιν
2843 2603 3133 2674 ἐπώνυμον
3160 2604 3331 2659 ἔθετο.

2344 2695 2408 2747 Ἦ
2440 2694 2502 2747 ιε’
2536 2696 2666 2765 περὶ
2711 2696 2992 2748 Φενεατῶν
3040 2696 3135 2748 καί
3180 2698 3473 2769 Δήμητρος
3500 2698 3598 2752 καὶ
3640 2698 3827 2769 Κόρης,

2255 2787 2325 2857 ἢν
2362 2786 2618 2840 Πλούτων
2654 2788 2911 2858 ἁρπάσας
2962 2789 3053 2841 καὶ
3081 2788 3259 2842 λαθὼν
3292 2790 3391 2861 τὴν
3425 2791 3644 2861 μητέρα
3668 2792 3743 2853 εἰς
3769 2788 3830 2841 τὰ

2259 2882 2411 2934 κάτω
2440 2883 2686 2951 βασίλεια
2716 2883 2889 2951 ἤγαγε
2912 2897 2925 2911 ⁸
2957 2882 3050 2935 καὶ
3096 2882 3173 2944 ὡς
3220 2883 3520 2946 Φενεάταις
3565 2882 3823 2954 μηνύσασι

2258 2973 2512 3043 Δήμητρι
2553 2972 2614 3025 τὸ
2664 2974 2865 3042 χωρίον
2898 2974 2965 3027 δι’
2995 2968 3057 3028 οὗ
3098 2975 3131 3043 ή
3173 2973 3397 3037 κάθοδος
3424 2972 3517 3046 (ἦν
3563 2974 3621 3027 δέ
3653 2991 3704 3026 τι
3736 2975 3827 3043 χά-

2259 3080 2372 3132 σμα
2403 3063 2461 3115 ὲν
2500 3063 2759 3136 Κυλλήνῃ
2782 3065 2847 3134 Μ)
2883 3065 3018 3118 ἄλλα
3062 3082 3122 3118 τε
3181 3066 3359 3133 ἀγαθά
3398 3066 3710 3136 ἐχαρίσατο,
3746 3062 3829 3116 καί

569 3161 646 3216 sit
676 3158 891 3230 largita,
948 3167 1061 3212 tum
1108 3155 1252 3226 quod
1302 3169 1577 3224 nunquam
1614 3155 1947 3223 permissura
1977 3165 2145 3219 esset,

2264 3153 2535 3224 μηδέποτε
2591 3154 2879 3225 ὑπεριδεῖν
2933 3156 3426 3227 ἑκατὸνιᾶνδρας⁶²
3459 3155 3733 3212 Φενεατῶν
3778 3155 3829 3206 ὲν

571 3263 632 3308 ut
664 3261 884 3309 centum
923 3250 1324 3304 Pheneatenses
1356 3248 1408 3300 in
1440 3246 1579 3300 bello
1607 3250 1885 3301 caderent.

646 3348 809 3400 Sexta
864 3343 1073 3398 decima
1107 3342 1173 3396 de
1206 3339 1512 3394 Promacho
1543 3338 1655 3411 (88)
1705 3350 1759 3394 et
1815 3340 2156 3395 Leucocoma

581 3438 830 3491 Gnossiis
869 3458 881 3491 ;
922 3437 1050 3487 urbs
1120 3442 1301 3487 autem
1361 3431 1535 3485 Creta:
1605 3431 1846 3486 Gnossus
1885 3432 1995 3502 (89)
2053 3445 2154 3487 est.

572 3529 854 3595 Quomodo
920 3524 1254 3579 Promachus
1306 3520 1587 3590 pulchrum
1638 3520 2029 3576 Leucocomam
2074 3524 2159 3577 ad-

573 3625 901 3677 olescentem
954 3618 1262 3683 adamarit;
1320 3624 1374 3669 et
1414 3615 1685 3682 quomodo
1737 3614 1952 3669 labores
1996 3623 2158 3682 atque

573 3712 872 3768 certamina
902 3710 974 3763 illi
1030 3724 1222 3777 magna
1287 3716 1342 3762 et
1382 3706 1747 3776 periculorum
1782 3706 1936 3774 plena
1965 3720 2158 3775 propo-

574 3805 767 3870 suerit,
789 3817 910 3872 qua:
933 3802 1117 3855 omnia
1141 3798 1732 3867 Promachuspotiundi
1754 3811 1848 3864 spe
1867 3800 2157 3866 superarit.

574 3897 678 3963 Qui
709 3896 798 3951 ubi
848 3910 916 3950 ne
966 3908 1063 3963 per
1106 3895 1222 3947 haec
1279 3892 1496 3963 quidem
1531 3892 1638 3945 voti
1690 3905 1913 3960 compos
1965 3891 2154 3955 evasit,

575 3989 972 4046 Leucocomam
1042 3986 1307 4041 vicisssim
1371 3983 1616 4039 molestia
1674 3981 1879 4047 affecit,
1944 3984 2161 4052 quando

572 4082 823 4145 ultimum
887 4094 1044 4134 suum
1085 4079 1363 4146 pra:mium
1399 4075 1573 4146 (galea
1624 4085 1801 4128 autem
1846 4083 1964 4127 erat
2018 4072 2160 4127 fama

576 4168 872 4238 celebrata)
900 4165 1055 4221 alteri
1084 4167 1302 4219 cuidam
1334 4164 1559 4233 pulchro
1584 4161 1792 4228 juveni,
1824 4158 2161 4213 Leucocoma

574 4274 881 4334 spectante,
936 4260 1213 4331 imposuit.
1289 4257 1427 4311 llinc
1488 4256 1633 4311 enim
1686 4252 1950 4322 zelotypia
1985 4252 2161 4306 victos

575 4359 686 4421 hic,
720 4355 868 4411 ferro
892 4369 951 4409 se
982 4355 1097 4424 ipse
1129 4348 1427 4407 interemit.

652 4450 893 4516 Septima
969 4447 1199 4502 decima.
1294 4442 1503 4497 chzcus
1552 4446 1606 4493 et
1671 4436 1866 4507 Syleus
1927 4435 2157 4502 fratres,

2266 3245 2488 3316 πολέμῳ
2512 3250 2720 3300 πεσεῖν.

2348 3339 2411 3391 Ἦ
2444 3345 2518 3403 ις’
2540 3338 2610 3392 τὰ
2669 3340 2801 3407 περί
2853 3341 3146 3412 Προμάχου
3216 3342 3311 3395 καὶ
3361 3342 3689 3411 Λευκοκόμα
3735 3339 3831 3392 τῶν

2267 3432 2562 3485 Κνωσσίων
2595 3432 2772 3501 (πόλις
2798 3434 2856 3485 δὲ
2914 3436 3140 3505 Κρήτης
3177 3436 3210 3506 ἡ
3255 3435 3542 3506 Κνωσσδς)
3573 3434 3827 3501 διέξεισιν,

2264 3522 2339 3584 ὡς
2390 3523 2498 3592 ἤρα
2560 3524 2851 3594 Πρόμαχος
2900 3526 3113 3579 νεανίου
3158 3526 3325 3579 καλοῦ
3366 3526 3463 3580 τοῦ
3500 3524 3827 3594 Λευκοκόμα,

2265 3612 2341 3675 ὡς
2422 3609 2560 3667 ἆθλα
2617 3615 2764 3685 αύτῷ
2816 3617 3028 3686 μεγάλα
3083 3617 3370 3688 προῦτεινε
3438 3619 3534 3672 καὶ
3589 3615 3831 3671 κινδύνων

2271 3705 2467 3775 μεστὰ,
2519 3706 2595 3768 ὡς
2638 3708 2817 3760 πάντα
2869 3708 3073 3780 ὑπέστη
3104 3711 3394 3781 Πρόμαχος
3424 3710 3599 3763 ἑλπίδι
3627 3710 3718 3762 τοῦ
3746 3725 3829 3761 τυ-

2266 3802 2401 3867 χεῖν,
2442 3799 2518 3861 ὡς
2550 3799 2658 3851 οὐδ’
2690 3799 2833 3853 οὕτω
2855 3801 2900 3832 ⁸³
2928 3802 3208 3871 τυγχάνει,
3257 3803 3351 3855 καὶ
3381 3803 3669 3857 ἀντιλυπεί
3705 3802 3829 3854 Λευ-

2268 3888 2531 3958 κοκόμαν,
2558 3889 2618 3941 τὸ
2642 3890 2953 3945 τελευταῖον
2990 3892 3098 3945 τῶν
3137 3892 3314 3947 ἄθλων
3337 3894 3565 3966 (κράνος
3588 3894 3631 3947 δ’
3652 3889 3718 3965 ἦν
3741 3908 3829 3944 πε-

2269 3977 2539 4049 ριϐόητον)
2593 3979 2696 4051 [ὲν]
2744 3982 2917 4051 ἑτέρῳ
2950 3982 3099 4054 καλῴ
3122 3984 3311 4055 νεανία
3338 3985 3579 4054 ὁρῶντος
3604 3980 3828 4053 περιθεὶς

2266 4068 2361 4121 τοῦ
2391 4070 2717 4140 Λευκοκόμα
2736 4085 2750 4100 °
2808 4072 2902 4124 καὶ
2942 4071 2999 4135 ὃς
3017 4072 3063 4103 ⁸⁵
3091 4074 3191 4127 οὐκ
3228 4074 3472 4143 ἐνεγκὼν
3502 4074 3602 4147 τὴν
3627 4071 3830 4144 ζηλοτυ-

2270 4158 2401 4212 πίαν
2431 4158 2574 4226 ξίφει
2600 4160 2795 4213 ἑαυτὸν
2832 4160 3177 4233 διεχρήσατο.

2351 4442 2418 4495 Ἦ
2445 4441 2533 4508 ιζ’,
2565 4443 2785 4507 Δίκαιος
2824 4446 2919 4500 καὶ
2972 4446 3174 4511 Συλεὺς
3224 4446 3444 4517 ἀδελφοί
3471 4489 3488 4516 ,
3514 4446 3822 4505 Ποσειδῶνος

574 4543 807 4617 Neptuni
838 4540 957 4606 lilii,
993 4539 1061 4593 ad
1091 4538 1311 4594 Peleum
1354 4530 1646 4586 Thessaliae
1681 4538 1919 4583 montem
1953 4531 2161 4585 habita-

2271 4537 2397 4604 υἰοί,
2444 4538 2575 4608 περὶ
2611 4539 2883 4610 τὸΠήλιον
2922 4540 3049 4613 ὅρος
3094 4541 3196 4610 τῆς
3244 4541 3607 4608 Θεσσαλίας⁶⁸
3643 4538 3819 4611 ᾤκουν.

1898 4660 2128 4742 vitane
2162 4666 2577 4727 LECTIONES.

641 4806 688 4837 "
715 4793 1125 4895 [Imaona-061
1160 4792 1439 4847 Εοηοηθηι
1476 4800 1578 4838 ηοη
1613 4784 2019 4852 Πρωτεσίλαος,
2056 4788 2150 4841 58d
2185 4788 2387 4860 οἱπερὶ
2427 4791 2806 4860 Πρωτεσίλαον
2836 4790 3126 4857 scripsisse
3164 4790 3333 4845 videri
3367 4799 3553 4846 monet
3575 4786 3813 4843 Kannius.

648 4877 661 4895 ε.
710 4877 731 4895 Α
772 4892 783 4895 -
812 4872 919 4895 _.~.-.
953 4886 991 4895 _
1081 4867 1102 4895 δ
1152 4858 1515 4895 κινηηλοξιφιηυ
1545 4870 1603 4895 τ’.
1639 4854 1866 4895 Ean/nm:-
1902 4874 1940 4895 ρ·
2048 4857 2095 4889 ⁵³
2126 4858 2368 4895 ’Δείῖὶλῖνηι
2425 4860 2665 4895 Παηυίηε
2701 4881 2713 4892 .
2749 4862 2869 4895 Ιὶιυιί
2927 4861 3148 4895 ’Δί-μην...
3246 4863 3291 4893 59
3349 4863 3528 4895 ...ηις-η
3589 4856 3813 4895 Ain-mlan

577 4877 672 4933 κιιί
700 4854 785 4928 Ᾱίέ
809 4854 919 4925 τῶν
950 4886 1012 4934 ς.
1078 4854 1125 4897 δ’
1150 4858 1516 4934 arma)???
1545 4870 1605 4934 ς·
1638 4854 1866 4934 Σ.κιό>ίης
1887 4874 1962 4934 ,ς-

2048 4857 2095 4889 "
2126 4857 2368 4911 Ἀεθλίου
2424 4857 2668 4917 Kannius
2700 4881 2713 4916 :
2747 4862 2871 4916 libri
2927 4861 3171 4915 Ἀέθνουι

3246 4863 3291 4893 ⁵⁸
3349 4863 3529 4914 malim
3581 4856 3822 4913 Αἰτωλίαν

700 4924 989 5002 ῖθἮλεῖοξ
1021 4924 1323 5007 Ηεγιιὶιὶέ,η
1351 4930 1392 4960 ⁸⁸
1416 4925 1636 5007 Κνλήνη
1657 4924 1733 4979 Ai
1758 4925 1968 4995 Κυλίνη
1993 4945 2053 4991 ς-
2133 4932 2177 4959 ⁵³
2194 4929 2395 4999 ἄνδρας
2431 4934 2625 4985 ἑκατόν
2653 4949 2714 4997 ς.
2784 4933 2829 4964 ⁸³
2858 4932 3029 4985 ούδἈ
3058 4949 3070 4985 :
3095 4931 3139 4985 δ’
3164 4930 3276 4984 οὐδ’
3294 4948 3354 4995 ς.
3430 4930 3475 4962 ⁸⁸
3498 4933 3554 4995 ὃς
3579 4932 3623 4986 Α
3645 4948 3659 4985 :
3680 4927 3745 4990 ὡς
3769 4941 3820 4988 ς.

582 4994 760 5086 ἐίτῆς
799 4994 1127 5070 ⁷Θεσσαλίας
1166 5006 1214 5057 A
1249 4996 1615 5077 :Oeccaklav‘
1650 5012 1712 5059 ς.

2130 5086 2365 5145 NOTAE.

647 5225 763 5297 o9)
800 5216 1329 5297 stem-tineam!!!-
1352 5202 1891 5297 ίθξιξ¹εξιξξξξέδειξδιηο

653 5274 766 5367 (ἑὸ)
800 5274 1035 5348 132.355".
1056 5274 1191 5340 nbit
1212 5280 1444 5334 Eliac.et
1484 5276 1790 5343 Apollodor.
1823 5276 1874 5327 in
1917 5274 2170 5328 Biblioth.

590 5370 827 5424 Aetlinm
857 5371 1073 5417 vocant.

651 5440 767 5507 (81)
801 5435 1038 5507 Pausan.
1069 5423 1501 5507 Eurycydenky
1612 5506 1629 5507 η
1683 5491 1719 5507 L
1880 5484 2051 5507 “LM
2103 5486 2116 5507 2

647 5484 766 5579 (‘82-),
796 5484 984 5579 Staph.
1037 5484 1389 5579 aSal'moneo
1423 5491 1574 5547 Pissa
1608 5491 1819 5561 pulsum
1880 5484 2055 5542 refert
2103 5486 2155 5540 in

585 5571 761 5634 [Εἰοιζ
794 5571 937 5643 Lege
968 5584 1023 5628 et
1048 5571 1283 5625 I’ausatt.
1328 5579 1449 5633 sup.

653 5648 762 5717 (85)
802 5646 996 5699 Strabo
1024 5644 1127 5717 lib.
1152 5657 1204 5693 Χ.

653 5711 762 5789 (84)
801 5717 1033 5789 Pausatt.
1064 5711 1240 5789 Eletu.

653 5780 766 5857 (οὐ)
809 5780 1355 5857 Ριιιιειιιι.ΕιιδιταΙΙι.
1417 5850 1428 5857 Δ
1565 5848 1594 5857 υ
1781 5848 1810 5857 ,γ
1908 5855 1913 5857 Α
2025 5843 2033 5852 ,

653 5844 765 5931 (80)
812 5860 996 5928 Steph.
1028 5855 1291 5911 Pheneum
1320 5854 1372 5905 itt
1404 5848 1631 5905 Arcadia
1667 5848 1839 5917 ponit,
1867 5855 1919 5902 et
1945 5844 2166 5915 quidem

2282 5214 2380 5265 sub
2411 5211 2630 5283 Cyllene
2658 5224 2860 5271 monte.

2348 5280 2469 5353 (87)
2527 5285 2802 5354 Cyllenem
2847 5285 3095 5341 Arcadiae
3146 5294 3383 5339 montem
3442 5299 3507 5339 ex
3559 5280 3729 5354 Str_ab.
3779 5280 3825 5325 et

2504 5349 2740 5426 intelligo
2769 5377 2781 5411 :
2812 5357 2953 5427 apud
2982 5372 3143 5426 quem
3196 5355 3377 5426 Stygis
3423 5369 3597 5425 aqum,
3632 5349 3820 5403 Ευεωι,

2268 5435 2321 5477 et
2354 5435 2467 5476 alit.

2336 5494 2759 5566 (δθὶΑῑιῘηςθιε
2832 5497 3084 5552 videntur
3149 5498 3291 5553 hanc
3363 5496 3597 5551 fabulam
3653 5484 3825 5563 Strabo

2272 5565 2368 5619 lib.
2389 5581 2442 5629 x,
2469 5581 2534 5619 ex
2562 5567 2937 5635 TheOphrasto
2955 5567 3030 5620 De
3056 5584 3253 5631 amore,
3280 5576 3336 5623 et
3358 5568 3499 5623 Plut.
3528 5566 3820 5635 Ἐρωῖικξρί

2276 5627 2437 5716 apud
2466 5652 2600 5704 quos
2642 5627 2997 5691 Eu'xiathetus
3047 5653 3146 5708 pro
3191 5627 3294 5694 hoc
3344 5627 3641 5692 Promaclio
3681 5627 3821 5681 indu-

2276 5718 2437 5760 Cttur.

2317 5777 2429 5847 (89)
2471 5775 2661 5833 Minois
2691 5777 2858 5849 regia.
2891 5776 3047 5835 Hom.
3084 5788 3136 5835 ct
3174 5779 3286 5835 alii.
3324 5776 3457 5834 Vide
3487 5773 3654 5831 Strab.
3681 5777 3808 5834 sup“
