4038 6444
243 401 345 466 657

1268 388 1797 455 BIBLIOTHECA.
1839 412 1908 423 —
1949 385 2111 448 COD.
2148 385 2503 447 CLXXXVI.
2546 412 2549 415 λ

3330 382 3500 445 ι558

243 519 351 572 Καὶ
376 511 450 591 ἦν
487 517 517 570 ό
556 516 655 587 μὲν
675 515 905 578 δίκαιος,
934 510 1030 565 καὶ
1057 511 1132 574 ὡς
1175 508 1511 578 ὠνομάζετο,
1543 505 1688 561 οὕτω
1714 504 1815 563 ,καὶ

1927 503 2067 557 bant.
2112 499 2167 553 In
2191 500 2277 554 his
2301 478 2510 555 Dicaeus
2536 497 2649 570 (90)
2677 498 2893 567 quidem
2941 508 3083 562 erat,
3128 497 3271 568 quod
3300 512 3499 553 nomen

238 607 337 682 ἦν’
395 608 568 664 Συλέα
622 608 680 663 δὲ
741 607 1000 678 ὑϐριστὴν
1057 604 1186 657 ὄντα
1252 601 1532 673 Ἡρακλῆς
1584 599 1819 669 ἀναιρεῖ,

238 699 521 765 Ξενίζεται
542 700 587 753 δ’
620 698 725 754 ὑπὸ
758 698 1003 763 Δικαίου,
1030 696 1122 749 καὶ
1154 696 1256 766 ἐρᾷ
1284 694 1384 764 τῆς
1414 691 1623 753 Σολέως
1647 689 1820 757 θυγα-

237 792 391 863 τρδς,
425 791 549 845 ἰδὼν
569 790 741 864 αὐτὴν
768 790 897 859 παρ’
920 787 1068 860 αυτῷ
1087 784 1455 858 τρεφομένην,
1491 784 1584 837 καὶ
1629 782 1823 849 ἄγεται

240 888 318 949 είς
381 888 641 954 γυναῖκα.
685 884 752 937 Ἦ
802 882 859 936 δὲ
897 880 1351 952 ἀποδημήσαντος
1416 874 1748 949 Ἡρακλέους
1776 873 1822 905 ⁸⁸

238 979 315 1047 τῷ
341 979 473 1048 περὶ
504 976 668 1031 αὑτὸν
698 975 862 1047 ἔρωτι
902 974 998 1028 καὶ
1031 972 1180 1044 πόθῳ
1212 969 1517 1044 βαλλομένη
1561 968 1819 1039 θνήσκει·

238 1071 335 1125 καὶ
372 1070 470 1123 ἐπὶ
522 1069 819 1141 προσφάτῳ
888 1069 955 1138 τῇ
1002 1065 1193 1137 κηδείᾳ
1247 1061 1483 1117 ἐπανιὼν
1538 1060 1663 1133 [(222
1730 1058 1822 1131 Η.]

248 1161 533 1231 Ἡρακλῆς
570 1158 794 1230 ἔμελλεν
832 1158 997 1213 αὐτὸν
1044 1158 1109 1229 τῇ
1156 1150 1315 1227 πυρᾷ
1373 1152 1821 1223 συγκατακαίειν,

239 1256 285 1306 εί
321 1238 410 1325 (μὴ
465 1256 517 1306 οί
558 1253 825 1324 παρόντες
856 1251 1039 1320 λόγοις
1072 1248 1455 1322 παρηγοροῦσι
1505 1247 1656 1317 μόλις
1690 1247 1826 1298 ἐκώ-

238 1346 431 1398 λυσαν.
475 1345 588 1397 Καὶ
624 1344 954 1408 ἀπελθόντος
996 1341 1331 1414 ’Ἡρακλέους
1356 1341 1403 1372 ⁸⁷
1446 1339 1509 1393 τὸ
1540 1340 1689 1408 σῆμα
1726 1338 1827 1406 τῆς

241 1435 412 1505 κόρης
447 1436 498 1488 οἱ
541 1436 822 1506 πρόσοικοι
855 1434 1301 1506 περιεδείμαντο,
1332 1431 1430 1486 καὶ
1459 1431 1582 1485 ἀντὶ
1607 1430 1828 1500 μνήμα-

240 1544 329 1590 τος
362 1527 512 1598 ἱερὸν
556 1526 893 1598 Ἡρακλέους
916 1526 1227 1597 ἀπέφηναν.

322 1704 392 1757 Ἦ
439 1710 532 1774 ιη’,
586 1704 787 1776 Λοκροὶ
842 1703 1162 1775 μαχόμενοι,
1192 1702 1318 1756 ἐπεὶ
1351 1700 1618 1771 συγγενὴς
1645 1699 1827 1771 αὐτοῖς

241 1796 376 1861 Δίας
423 1792 514 1869 ἦν,
539 1798 598 1850 ἐν
645 1798 713 1867 τῇ
757 1795 1064 1867 παρατάξει
1110 1792 1297 1867 χώραν
1340 1792 1503 1865 κενὴν
1542 1792 1725 1858 ἐῶσιν,
1751 1791 1825 1854 ὠς

240 1890 407 1958 δῆθεν
460 1890 595 1952 Αἴας
645 1890 703 1942 ἐν
750 1881 785 1962 ᾖ
836 1888 1259 1959 παρατάττοιτο.
1318 1884 1825 1955 Παρατεταγμένων

244 1980 336 2034 οὖν
374 1983 435 2034 ἐν
478 1984 546 2051 τῇ
572 1980 709 2051 πρὸς
748 1980 1136 2050 Κροτωνιάτας
1171 1978 1339 2051 μάχῃ,
1365 1976 1649 2031 Αὑτολέων
1677 1977 1825 2045 Κρο-

242 2073 517 2142 τωνιάτης
556 2070 841 2142 ὴδουλήθη
896 2070 986 2124 διὰ
1040 2069 1135 2124 τοῦ
1191 2068 1559 2137 διαλείποντος
1609 2067 1829 2121 διεκπε-

244 2156 419 2213 σείν⁶⁸
455 2162 657 2231 μέρους
718 2162 815 2215 καὶ
864 2160 1283 2223 κυκλώσασθαι⁶
1321 2162 1450 2224 τοὺς
1510 2158 1824 2229 πολεμίους.

242 2254 491 2323 Τρωθεὶς
538 2253 584 2305 δ’
628 2252 732 2307 ὑπὸ
777 2254 1065 2323 φάσματος
1095 2254 1185 2307 τὸν
1228 2252 1401 2325 μηρὸν
1443 2242 1737 2322 ἀπετράπη
1757 2250 1827 2311 ⁶⁹ν

243 2345 337 2397 καὶ
369 2346 758 2413 ἐσφακέλιζεν,
792 2346 897 2409 ἕως
929 2346 997 2400 ἂν
1029 2344 1171 2400 κατά
1208 2343 1454 2416 χρησμὸν
1501 2344 1581 2407 είς
1625 2342 1725 2413 τὴν
1770 2343 1828 2394 ἐν

243 2435 435 2504 Πόντῳ
464 2436 759 2507 Ἀχίλλειον
788 2440 951 2507 νῆσον
974 2436 1113 2508 (ἐστι
1137 2437 1181 2491 δ’
1208 2434 1346 2505 αὕτη
1381 2434 1829 2506 παραπλεύσαντι

242 2528 337 2580 τὸν
371 2529 590 2599 Ἴστρον
633 2530 772 2601 ὑπὲρ
807 2532 906 2599 τῆς
948 2528 1252 2599 Ταυρικῆς)
1297 2527 1477 2580 ἐκεῖσε
1512 2542 1829 2597 παραγεγο-

243 2617 374 2685 νὼς,
400 2620 501 2671 καὶ
531 2618 660 2681 τούς
683 2636 742 2672 τε
775 2619 971 2683 ἄλλους
994 2620 1185 2691 ἥρωας
1224 2617 1696 2688 ἐκμειλιξάμενος,
1728 2616 1831 2685 μά-

245 2712 407 2764 λιστα
446 2711 508 2773 δὲ
548 2710 647 2781 τὴν
680 2711 907 2775 Αἴαντος
932 2709 1026 2764 τοῦ
1053 2710 1267 2782 Λοκροῦ
1295 2709 1496 2781 ψυχὴν,
1532 2708 1678 2779 ἰάθη.
1710 2708 1829 2761 Κά-

244 2802 427 2853 κεῖθεν
454 2800 729 2874 ι-Ξξιόντατο
753 2800 1119 2870 ἀπαγγέλλειν
1144 2800 1306 2854 αὑτὸν
1337 2801 1653 2871 Στησιχόρῳ
1684 2797 1831 2851 Ἑλέ-

244 2912 308 2964 νη
357 2892 580 2945 κελεύει
620 2892 719 2962 τὴν
759 2895 839 2958 είς
877 2893 1047 2963 αὐτὴν
1073 2892 1240 2965 ᾅδειν,
1270 2894 1319 2946 εί
1358 2893 1505 2961 φιλεῖ
1531 2893 1629 2952 τὰς
1655 2891 1828 2962 ὄψεις,

244 2985 609 3058 παλινῳδίαν,
648 2985 979 3056 Στησίχορος
1029 2985 1075 3038 δ’
1107 2985 1306 3039 αὐτίκα
1359 2984 1559 3056 ὕμνους
1612 2984 1830 3055 Ἑλένης

245 3078 537 3131 συντάττει
566 3078 661 3131 καὶ
688 3077 788 3148 τὴν
821 3077 943 3146 ὄψιν
975 3077 1385 3148 ἀνακομίζεται.

328 3259 395 3313 Ἠ
436 3258 504 3311 ιθ’
527 3258 603 3322 ὡς
633 3255 874 3328 Ψαμάθη
905 3258 939 3329 ἠ
981 3255 1282 3327 Κροτώπου
1298 3256 1343 3288 ⁷⁸
1395 3256 1454 3323 ἐξ
1490 3254 1828 3319 Ἀπόλλωνος

244 3349 391 3416 κύει,
425 3351 526 3402 καὶ
558 3350 815 3413 τεκοῦσα,
855 3349 978 3402 ἐπεὶ
1000 3350 1091 3401 τὸν
1123 3349 1337 3419 πατέρα
1366 3349 1649 3416 ἐδεδοίκει,
1681 3348 1829 3402 ἐκτί-

246 3443 423 3508 θεται,
452 3444 616 3496 Λίνον
651 3443 986 3511 ὀνομάσασα.
1037 3442 1148 3495 Καὶ
1192 3443 1221 3494 ὁ
1274 3440 1566 3510 δεξάμενος
1624 3440 1828 3510 ποιμὴν

246 3534 322 3596 ὡς
354 3533 491 3587 ῖδιον
524 3532 811 3604 ἀνέτρεφε,
842 3533 935 3586 καί
969 3550 1099 3586 ποτε
1147 3534 1197 3586 οί
1246 3534 1345 3603 τῆς
1384 3533 1623 3604 ποίμνης
1668 3532 1830 3596 κύνες

245 3625 552 3678 διέσπασαν
589 3625 772 3680 αὐτόν.
820 3626 884 3679 Ἦ
917 3626 973 3679 δὲ
1011 3626 1452 3696 ὐπερπαθήσασα
1504 3625 1829 3696 κατάφωρος

245 3717 615 3787 γίνεται-δῴη
641 3720 827 3788 πατρὶ,
856 3718 952 3771 καὶ
972 3717 1183 3781 δικάζει
1200 3719 1338 3789 αὐτῇ
1359 3718 1607 3782 θάνατον,
1628 3735 1831 3789 πεπορ-

246 3808 473 3861 νεῦσθαι
524 3809 619 3861 καὶ
670 3810 1102 3880 καταψεύδεσθαι
1149 3808 1317 3881 αὐτὴν
1352 3808 1686 3871 ’Λπόλλωνος
1715 3810 1831 3881 οἰη-

247 3900 383 3963 θείς.
429 3901 713 3953 Ἀπόλλων
751 3902 808 3954 δὲ
853 3902 933 3973 τῷ
963 3902 1062 3972 τῆς
1086 3902 1368 3972 ἐρωμένης
1398 3902 1544 3972 φόνῳ
1572 3899 1831 3972 χολωθεὶς

246 3990 376 4065 [455
408 3992 507 4063 R.]
535 3993 708 4063 λοιμῷ
735 3993 956 4058 κολάζει
1009 3995 1137 4057 τοὺς
1175 3993 1473 4065 Ἀργείους.
1526 3994 1637 4048 Καὶ
1685 4009 1831 4064 χρω-

247 4088 437 4157 μένοις
490 4086 632 4158 ὑπὲρ
675 4086 993 4156 ἀπαλλαγῆς
1032 4087 1310 4158 Ψαμάθην
1352 4087 1530 4140 ἀνεῖλε
1558 4086 1654 4141 καὶ
1674 4086 1833 4141 Λίνον

246 4180 597 4234 ἱλάσκεσθαι.
633 4182 695 4233 Οί
725 4180 781 4233 δέ
810 4181 877 4233 τά
903 4197 963 4232 τε
1006 4180 1142 4233 ἄλλα
1186 4180 1453 4251 ἐτίμησαν
1481 4180 1698 4246 αὐτοὺς,
1738 4181 1834 4233 καὶ

246 4272 451 4341 γύναια
482 4272 601 4341 ἅμα
641 4273 830 4343 κόραις
876 4272 1126 4340 ἔπεμπον
1184 4271 1403 4343 θρηνεῖν
1453 4273 1643 4326 Λίνον·
1677 4273 1735 4327 αἱ
1777 4272 1834 4325 δὲ

245 4367 489 4438 θρήνους
529 4365 860 4429 ἀντιϐολίαις
899 4366 1161 4435 μιγνῦσαι
1212 4365 1308 4428 τάς
1353 4383 1411 4417 τε
1461 4365 1685 4418 ἐκείνων
1740 4365 1834 4418 καί

240 4456 344 4520 τὰς
377 4460 655 4527 σφετέρας
691 4457 974 4510 ἀνέκλαιον
1003 4456 1192 4525 τύχας.
1234 4457 1344 4513 Καὶ
1395 4455 1568 4520 οὕτως
1616 4452 1686 4528 ἦν
1740 4457 1833 4511 ἐκ-

1924 598 2139 660 quaque
2168 588 2408 660 praefert,
2455 588 2683 657 justus:
2721 587 2938 660 Syleum
2989 588 3178 658 1330
3230 604 3362 643 vero
3412 589 3503 643 in-

1919 681 2117 751 juriam
2169 682 2281 755 (9|)
2334 682 2455 739 aliis
2509 682 2833 738 inferentem
2894 681 3154 736 Hercules
3205 682 3499 737 interfecit.

1924 783 1970 836 A
2001 780 2179 835 Dicam
2201 779 2397 835 deinde
2427 779 2681 849 hOSpitio'
2707 781 2990 846 exceptus,
3043 786 3097 832 et
3151 791 3336 832 amore
3379 776 3503 831 ﬁliai.

1928 866 2069 944 Syfei
2090 873 2224 945 (92),
2247 888 2409 943 quam
2427 858 2570 941 apud
2603 872 2750 943 illum
2785 870 3004 926 educari
3035 870 3266 941 viderat,
3291 878 3502 939 captus,

1889 982 2151 1021 .uxorem
2205 981 2325 1021 eam
2355 966 2529 1020 duxit.
2606 964 2703 1020 Illa
2758 964 2974 1019 interim
3025 976 3248 1033 peregre
3295 962 3507 1032 agentis

1926 1056 2175 1115 Herculis
2221 1057 2490 1114 desiderio
2533 1072 2828 1127 amoreque
2879 1056 3085 1123 saucia,
3149 1055 3377 1111 interiit.
3426 1052 3505 1109 lbi

1930 1150 2190 1207 Hercules
2222 1165 2347 1206 cum
2395 1164 2589 1206 recens
2623 1158 2850 1203 mortua:
2902 1146 3079 1202 funeri
3113 1146 3257 1213 forte
3288 1145 3506 1202 rediens

1929 1242 2336 1307 intervenisset,
2370 1243 2424 1297 in
2447 1242 2626 1313 ignem
2653 1256 2755 1295 una
2779 1241 3125 1295 cremandum
3147 1254 3206 1294 se
3240 1238 3508 1310 conjecis-

1928 1341 2031 1398 set,
2088 1334 2191 1388 nisi
2217 1333 2308 1401 qui
2331 1333 2561 1388 aderant
2616 1332 2910 1401 exsequiis,
2959 1346 3102 1403 aegre
3142 1332 3361 1411 tandem
3393 1330 3507 1386 dis-

1928 1426 2225 1495 suadendo,
2267 1425 2711 1495 prohibuissent.
2791 1422 2967 1478 Vicini
3029 1439 3212 1493 porro,
3271 1423 3506 1478 Hercule

1923 1517 2035 1588 jam
2061 1517 2327 1588 profecto,
2367 1517 2557 1587 puella;
2600 1516 2905 1591 sepulcrum
2934 1515 3162 1571 aedificio
3195 1517 3504 1583 cinxerunt,

1928 1618 1993 1665 ac
2015 1626 2112 1679 pro
2145 1618 2495 1666 monumento
2528 1610 2711 1665 fanum
2744 1608 2993 1664 Herculis
3031 1608 3346 1665 effecerunt.

1993 1702 2194 1759 Octava
2243 1704 2450 1759 decima
2490 1719 2507 1758 :
2546 1701 2703 1757 Locri
2760 1709 3081 1771 pugnantes,
3127 1703 3273 1771 quod
3334 1699 3511 1769 gentis

1929 1797 2169 1867 ejusdem
2200 1795 2336 1865 Aiax
2367 1795 2549 1862 fuerit,
2592 1796 2646 1850 in
2697 1796 2813 1850 acie
2864 1795 3128 1849 instructa
3174 1807 3403 1848 vacuum
3428 1792 3505 1848 illi

1932 1889 2108 1942 locum
2139 1886 2449 1956 relinquere
2469 1885 2666 1951 solent,
2705 1886 2928 1954 perinde
2952 1900 3014 1939 ac
3041 1883 3088 1939 si
3127 1884 3181 1938 in
3215 1897 3280 1938 eo
3316 1882 3506 1937 ordine

1926 1980 2283 2048 constitisset.
2338 1978 2414 2032 Ita
2465 1993 2594 2048 ergo
2635 1993 2760 2032 cum
2802 1976 3033 2031 ordinati
3066 1983 3287 2031 starent
3339 1972 3393 2029 in
3439 1988 3505 2029 eo

1926 2072 2121 2143 proelio
2144 2070 2286 2141 quod
2313 2070 2447 2140 ipsis
2470 2084 2594 2125 cum
2625 2068 2956 2124 Crotoniatis
2983 2068 3108 2131 fuit,
3135 2066 3307 2123 voluit
3331 2067 3477 2121 Auto

1927 2166 2047 2221 leon
2068 2164 2409 2220 Crotoniates
2431 2178 2528 2233 per
2547 2177 2772 2217 vacuam
2795 2161 2938 2215 illam
2966 2170 3171 2230 partem
3197 2173 3500 2239 erumpere,

1929 2252 2225 2327 hostesque
2269 2257 2507 2326 cingere.
2578 2252 2776 2308 Verum
2799 2269 2829 2307 a
2855 2254 3071 2327 spectro
3102 2252 3413 2308 vulneratus
3447 2252 3502 2307 in

1929 2352 2158 2417 femore,
2202 2349 2343 2420 afugit
2377 2359 2538 2419 atque
2563 2348 2948 2403 contabescere
2995 2348 3180 2416 etrapit,
3234 2346 3408 2402 donec
3435 2362 3504 2403 ex

1930 2443 2150 2499 oraculo
2191 2443 2246 2497 in
2280 2441 2512 2499 insulam
2558 2440 2718 2497 Ponti
2772 2441 3073 2498 Achilleum
3118 2439 3260 2512 (quae
3310 2438 3503 2495 Istrum

1928 2535 2410 2608 pmternaviganti
2455 2550 2616 2606 supra
2652 2534 2937 2590 Tauricam
2969 2534 3073 2589 sita
3111 2532 3239 2604 est),
3270 2533 3502 2600 delatus,

1930 2646 2051 2686 cum
2106 2630 2241 2684 alios
2301 2628 2372 2682 ibi
2436 2627 2649 2694 heroas,
2716 2634 2824 2679 tum
2857 2639 2988 2680 vero
3042 2624 3275 2679 maxime
3327 2623 3506 2690 Aiacis

1930 2721 2219 2778 Locrensis
2272 2733 2458 2774 manes
2481 2718 2775 2788 .placando,
2808 2727 3027 2772 sanatus
3053 2727 3154 2774 est.
3212 2718 3503 2797 Decedenti

1930 2818 2109 2863 autem
2144 2807 2268 2862 inde
2302 2806 2501 2862 Helena
2535 2806 2808 2876 negotium
2837 2806 3005 2870 dedit,
3035 2805 3342 2862 Stesichoro
3390 2808 3504 2876 (93)

1930 2910 1989 2955 ut
2020 2901 2309 2965 nuntiaret,
2356 2900 2402 2954 si
2432 2898 2621 2954 oculos
2664 2905 3049 2968 aspectumque
3072 2910 3302 2966 amaret,
3331 2901 3505 2970 paliu-

1929 2993 2108 3049 odiam
2177 3008 2367 3048 eorum
2420 3001 2675 3055 caneret,
2728 3005 2849 3060 qua:
2892 2992 2951 3049 in
3000 3007 3060 3048 se
3114 2993 3501 3063 conspexisset.

1934 3083 2282 3140 Stesichorus
2315 3085 2480 3153 igitur
2505 3086 2790 3141 confestim
2818 3086 3045 3157 hymnos
3075 3086 3127 3139 in
3150 3084 3365 3141 Helenae
3392 3086 3509 3141 lau-

1853 3196 1899 3260 ρ
1933 3178 2055 3234 dem
2086 3178 2408 3247 composuit,
2440 3176 2829 3247 oculorumque
2863 3178 3043 3232 lumen
3075 3181 3433 3248 recuperavit.

1994 3267 2147 3326 Nona
2173 3270 2379 3325 decima
2407 3270 3092 3342 :Psamathe(94)Crot0pi
3125 3271 3231 3325 filia
3264 3287 3329 3326 ex
3346 3271 3508 3342 Apol-

1924 3360 2035 3417 line
2081 3363 2303 3433 gravida
2356 3365 2587 3432 peperit,
2644 3374 2964 3432 patremque
3023 3363 3193 3417 verita
3242 3362 3505 3425 infantem

1926 3454 2199 3524 exposuit,
2240 3452 2360 3508 Lini
2414 3454 2634 3509 nomine
2655 3454 2843 3510 indito.
2879 3452 3071 3509 Pastor
3102 3463 3370 3522 repertum
3408 3467 3508 3523 pro

1927 3558 2029 3599 suo
2073 3544 2361 3609 educavit,
2412 3546 2506 3599 sed
2548 3544 2731 3626 gregis
2765 3558 2928 3599 canes
2969 3543 3231 3599 infantem
3262 3543 3401 3598 forte
3427 3543 3506 3596 Ia-

1928 3645 2209 3691 cerarunt.
2258 3636 2355 3689 llla
2403 3650 2531 3691 vero
2581 3652 2704 3691 cum
2749 3636 2935 3691 dolore
2979 3652 3046 3690 ex
3080 3650 3146 3691 eo
3179 3635 3335 3691 valde
3355 3651 3507 3690 com-

1928 3737 2259 3795 moveretur,
2306 3729 2731 3798 deprehenditur
2764 3746 2794 3784 a
2829 3741 3003 3799 patre,
3054 3731 3146 3798 qui
3197 3740 3506 3798 corruptam

1928 3836 2071 3883 eam,
2122 3830 2179 3875 et
2231 3820 2370 3874 falso
2400 3821 2454 3874 in
2485 3820 2786 3889 Apollinem
2818 3822 3005 3874 vitium
3037 3820 3242 3875 referre
3271 3820 3507 3875 arbitra-
3570 3838 3575 3841 η

1932 3917 2037 3971 tus,
2058 3909 2251 3979 capitis
2278 3909 2522 3962 damnat.
2552 3908 2731 3974 Quare
2746 3908 2955 3977 Apollo,
2978 3910 3049 3963 ob
3082 3917 3274 3962 amatae
3304 3908 3506 3963 ctedem

1932 4000 2011 4053 ira
2039 4007 2362 4064 commotus,
2393 4008 2550 4070 peste
2586 3998 2814 4069 Argivos
2862 4000 3093 4066 vexavit,
3120 3998 3510 4068 consultusque

1933 4093 2000 4146 de
2027 4094 2442 4147 averruncando
2496 4092 2660 4159 malo,
2706 4084 3029 4146 Psamathen
3086 4101 3140 4147 et
3168 4091 3361 4147 Linum
3392 4093 3510 4163 pla-

1934 4185 2140 4239 candos
2171 4184 2469 4254 respondit.
2530 4184 2611 4240 llli
2638 4199 2769 4240 vero
2796 4195 2990 4254 praeter
3020 4195 3244 4241 caeteros
3276 4185 3511 4240 honores

1933 4274 2040 4329 illis
2069 4271 2363 4339 exhibitas,
2435 4272 2665 4329 feminas
2710 4273 2876 4328 etiam
2928 4288 3050 4328 cum
3098 4273 3395 4343 virginibus
3439 4274 3509 4329 ad

1934 4365 2127 4421 Linum
2181 4366 2570 4436 deplorandum
2615 4366 2882 4421 miserunt
2914 4383 2927 4419 :
2957 4381 3076 4435 qua:
3108 4381 3229 4421 cum
3263 4365 3511 4437 deplora-

1936 4458 2108 4513 tiones
2129 4459 2578 4515 obtestationibus
2602 4460 2921 4522 miscerent,
2943 4472 3050 4513 non
3074 4459 3288 4514 illorum
3306 4459 3510 4519 solum,

245 4548 475 4618 πρεπὴς
508 4547 538 4599 ό
562 4548 657 4600 ἐπὶ
683 4548 830 4617 Λίνῳ
861 4547 1077 4617 θρῆνος,
1101 4547 1178 4610 ὡς
1229 4547 1327 4602 ἀπ’
1352 4546 1575 4600 ἐκείνων
1602 4547 1696 4599 καὶ
1724 4547 1827 4609 τοῖς

1941 4550 2034 4605 sed
2057 4564 2155 4604 sua
2180 4552 2345 4605 etiam
2382 4549 2678 4605 infortunia
2722 4550 3096 4619 deplorabant.
3131 4551 3282 4605 Adeo
3325 4558 3507 4604 autem

245 4641 445 4692 ἔπειτα
498 4641 751 4709 ποιηταῖς
795 4643 995 4703 παντὸς
1039 4638 1250 4701 πάθους
1299 4636 1619 4708 παρενθήκη
1675 4637 1833 4700 Λίνος

1941 4641 2194 4696 decenter
2209 4639 2398 4696 Linum
2434 4642 2537 4696 illa:
2562 4641 2839 4709 luxerunt,
2866 4652 2924 4695 ut
2947 4656 3013 4696 ex
3032 4655 3098 4697 eo
3123 4656 3154 4695 a
3179 4639 3350 4710 poetis
3371 4639 3509 4727 (95),

1563 4813 1804 4868 VARIIE
1843 4813 2249 4869 LECTIONES.

335 4960 388 4993 ⁵⁸
437 4956 867 5029 ἮρακλέωςΑς
911 4953 975 5007 Ἦ
1015 4936 1209 5016 ακλέος
1240 4970 1300 5016 ς.
1369 4950 1413 4983 ⁶’
1445 4952 1508 5005 Ἦ
1549 4953 1742 5015 ακλέος
1766 4970 1826 5017 ς.
1904 4952 2224 5008 ωέκπεσεῖν
2250 4971 2311 5017 ς’.
2394 4955 2439 4989 ⁸9
2469 4956 2729 5030 ἀπεσάπη
2780 4957 3030 5015 Pierson.
3086 4959 3256 5019 Moer.
3284 4964 3407 5021 add.
3454 4973 3511 5021 et

335 5032 455 5088 τίς.
484 5029 553 5087 ad
581 5042 633 5088 ι).
658 5026 785 5082 542.
857 5025 903 5057 ⁷ο
935 4971 1177 5088 ἐέῗώνᾼ.
1254 5023 1296 5055 ⁷¹
1325 4970 1572 5088 Ψαμήξη
1619 5025 1656 5088 ἡ
1681 5023 1968 5088 Κροτόπου
2008 5025 2079 5078 ιΛ,
2138 5025 2201 5055 ·⁶¹¹
2229 5024 2329 5088 τῷ]
2370 5027 2462 5081 καὶ
2489 5027 2569 5088 τῷ
2592 5028 2658 5081 Δ.

1002 5022 1094 5077 ιών
1110 5024 1177 5076 Α.
1254 5023 1296 5055 ⁷¹
1325 5022 1498 5094 Ψαμή

243 5032 455 5102 corrig.
484 5025 553 5087 ad
581 5042 633 5096 p.
658 5026 785 5082 542.
857 5025 903 5057 ⁷ο
935 5026 959 5076 ὲ

1540 5041 1572 5094 η
1619 5025 1656 5094 ἡ
1681 5023 1968 5093 Κροτόπου
2008 5025 2079 5078 Α.
2138 5025 2201 5055 ’τ’
2229 5024 2329 5099 τῷ]
2370 5027 2462 5081 καὶ
2489 5027 2569 5098 τῷ
2592 5028 2658 5081 Δ.

1755 5157 1970 5215 ΝΟΤΑΕ.

319 5286 460 5361 (90)
484 5285 719 5361 Ὸῑςωοηι
745 5280 976 5361 ’[ὴςοοιο
1031 5277 1221 5331 urbem
1262 5272 1333 5329 ab
1364 5272 1467 5328 hoc
1488 5286 1681 5328 nomen
1717 5282 1827 5329 tra-

246 5351 402 5416 xisse
426 5351 618 5423 Steph.
652 5352 817 5407 tradit
842 5351 895 5404 iu
920 5363 984 5423 ea
1014 5362 1167 5423 voce.

303 5413 427 5499 l9!)
465 5413 788 5499 Peregrinos
818 5416 1308 5499 perlAuliAdemjter
1326 5413 1829 5499 facientesgt‘erram

244 5484 442 5556 fodere
473 5484 1287 5565 compulisse'refert_Apollod.
1345 5484 1440 5538 lib.
1473 5498 1511 5537 ιι
1570 5485 1827 5541 Biblioth.

306 5568 428 5638 (92)
460 5555 775 5638 Xenodiceu
804 5571 980 5638 tamen
1014 5555 1158 5627 Sylei
1190 5555 1355 5610 ﬁliam
1385 5570 1489 5608 una
1524 5570 1645 5609 cum
1676 5567 1832 5625 patre

245 5630 494 5696 occisam
531 5635 727 5706 scribit
750 5630 995 5706 ApQUOQo
1029 5643 1177 5706 5“P'_'-
1258 5693 1299 5706 ,,
1338 5694 1349 5706 ,
1573 5692 1606 5706 ...
1652 5695 1664 5706 .

317 5692 449 5781 (95)
470 5708 608 5781 Vide
654 5692 906 5781 Isocratis
932 5692 1222 5781 Εηεοὴιξοη
1250 5693 1462 5781 ῌείεηᾳξ
1488 5712 1543 5781 ξ.
1572 5692 1830 5781 Str-illam

250 5765 474 5851 Gy‘ral'd.
499 5777 548 5832 11
556 5778 645 5831 iu.
660 5784 816 5851 poet.
837 5769 1467 5851 Dion.('lhrysost.nora_t.
1486 5768 1507 5818 1
1524 5765 1573 5851 _,
1595 5775 1655 5851 et
1670 5765 1826 5851 alios.

254 5834 414 5909 Falso
432 5834 631 5906 autem
660 5834 801 5902 hanc
829 5834 1198 5896 narrationem
1228 5834 1433 5894 referre
1457 5836 1571 5893 Vult
1593 5834 1825 5893 Ptolem.

1938 5273 2209 5342 Hephzest.
2239 5275 2333 5330 inf.
2368 5276 2490 5331 cod.
2523 5277 2644 5331 190.

2005 5348 2117 5415 (94)
2153 5346 2527 5400 Narrationetn
2584 5349 2720 5402 hanc
2764 5364 2886 5403 cum
2944 5350 3175 5409 Pausan.
3236 5356 3289 5408 in
3341 5357 3507 5416 Attio.

1939 5430 2256 5482 comparare
2288 5418 2517 5482 pretium
2551 5433 2729 5485 opera:
2755 5420 2936 5475 fuerit.

2005 5486 2527 5575 (9.51.0909.P"€m
2550 5487 3327 5575 H°'I.‘E£“".‘P”?“l"ff‘Pd‘ES
3348 5496 3510 5575 docet

1934 5555 2071 5637 apud
2101 5557 2348 5611 Eustath.
2381 5555 2450 5609 ad
2479 5573 2619 5612 vers.
2652 5557 2775 5625 570,
2809 5558 2974 5619 Iliad.
3009 5565 3065 5619 Σ.
3102 5563 3202 5620 Ubi
3240 5566 3391 5634 plura
3440 5569 3508 5622 de

1931 5625 2090 5707 Lino,
2125 5630 2296 5707 deque
2318 5625 2586 5707 appellato
2693 5645 2757 5683 eo
2779 5634 3043 5707 carmine,
3063 5636 3203 5707 quod
3218 5646 3273 5707 et
3288 5636 3504 5707 Αίλινον

1931 5704 2014 5750 est
2044 5698 2401 5776 pominatuut.
2427 5695 2733 5776 Hesychius
2750 5717 2963 5776 quoque
2978 5695 3138 5776 Λίνον
3163 5705 3307 5775 ᾠδῆς
3331 5706 3504 5776 ὄνομα

1931 5766 2073 5845 κατὰ
2131 5767 2239 5845 per.
2282 5784 2435 5829 τινας
2474 5767 2595 5845 ’ἀπὸ
2628 5769 2735 5845 ,τοῦ
2768 5766 3034 5845 κλωστοῦ
3063 5766 3230 5845 λίνου,
3261 5766 3498 5833 ἶίοιεινῖι.

1936 5834 2068 5895 Vide
2093 5834 2147 5893 et
2181 5835 2440 5893 Thesaur.
2473 5836 2601 5908 ling.
2622 5836 2820 5896 Graeca:
2854 5839 2919 5895 Η.
2960 5844 3041 5898 St.
