4038 6406
554 372 666 434 ὒῦθ

1705 373 1973 436 ΡΗΟΤΙΙ
2003 375 2506 436 ΡΑΤΒΙΑΒΟΗᾸΞ
2545 376 2652 436 CP.

3700 380 3800 442 569

559 490 650 557 qui
704 488 958 558 deinceps
1005 489 1171 543 secuti
1197 498 1343 557 sunt,
1390 489 1443 544 in
1488 490 1631 545 omni
1664 504 1816 560 pzene
1865 493 2125 546 lamenta-

2234 492 2437 563 ᾄδεται.
2470 493 2632 562 Μῆνά
2658 510 2715 545 τε
2737 490 3026 564 ὠνόμασαν
3051 494 3285 566 ἀρνεῖον,
3312 496 3394 548 ὅτι
3417 499 3614 567 άρνάσι
3644 499 3800 561 Λίνος

556 577 765 630 tionum
792 589 990 645 genere
1016 576 1183 634 Linus
1210 579 1526 635 decantatus
1564 581 1854 635 inseratur.
1896 583 2035 648 Quin
2070 594 2125 637 et

2234 586 2603 657 συνανετράφη
2625 604 2637 614 ο
2673 587 2767 639 καί¹
2802 588 2990 640 θυσίαν
3030 588 3222 656 ἄγουσι
3252 591 3345 644 καὶ
3371 591 3564 661 ἑορτὴν
3587 591 3797 661 ἀρνίδα,

547 680 799 721 mensem
821 666 1020 739 134a
1049 669 1285 723 Arneum
1302 670 1414 740 (96)
1440 672 1795 739 appellarunt,
1821 675 1960 741 quod
1988 675 2125 728 inter

2234 678 2531 741 κτείνοντες
2558 680 2678 731 sv"
2705 680 2888 752 ἐκείνῃ
2917 684 2984 752 τῇ
3004 682 3186 753 ἡμέρᾳ
3204 684 3297 736 καὶ
3328 684 3505 737 κυνῶν
3537 684 3700 745 ὅσους
3737 684 3803 737 ἂν

559 771 727 823 agnos
743 757 907 812 Linus
933 760 1420 817 educatust’uisset.
1454 763 1564 818 lmo
1578 765 1908 819 sacrificium
1926 768 2121 829 eidem,

559 845 864 919 festumque
893 852 1057 916 diem,
1103 852 1303 907 Arnida
1333 867 1620 924 utrumque
1651 857 2003 924 norninatum,
2045 861 2127 912 in-

558 939 871 1004 stituerunt,
910 952 1208 997 mactantcs
1236 960 1300 997 eo
1329 946 1433 1011 die,
1484 957 1748 1016 quotquot
1798 948 2006 1016 uspiam
2041 964 2127 1002 re-

2228 770 2451 842 εὕρωσι.
2514 772 2621 823 Καὶ
2649 771 2757 824 οὐδ’
2791 771 2964 835 οὕτως
2995 773 3178 842 ἐλώφα
3207 775 3269 827 τὸ
3299 775 3488 838 κακὸν,
3518 776 3622 837 ἕως
3659 774 3797 843 Κρό-

2227 879 2407 927 τωπος
2442 863 2584 916 κατὰ
2616 866 2865 935 χρησμὸν
2911 866 3064 919 ἔλιπε
3110 870 3172 920 τὸ
3205 868 3428 937 Ἄργος,
3482 867 3574 919 καὶ
3611 866 3803 927 κτίσας

2232 955 2388 1007 πόλιν
2416 957 2473 1007 ἐν
2523 958 2587 1027 τῇ
2642 955 2911 1027 Μεγαρίδι
2943 958 3037 1010 καὶ
3062 957 3444 1028 Τριποδίσκιον
3470 954 3804 1015 ἐπικαλέσας

552 1032 735 1100 perire
760 1049 925 1089 canes
967 1036 1291 1103 potuissent.
1329 1037 1397 1089 At
1447 1053 1513 1092 ne
1544 1038 1621 1091 sic
1652 1038 1866 1105 quidem
1893 1042 2128 1093 cessavit
2233 1045 2575 1117 κατῴκησεν.

554 1125 779 1190 malum,
810 1128 980 1182 donec
1009 1126 1275 1196 Crotopus
1309 1129 1419 1199 (97)
1462 1130 1575 1200 ipse
1606 1131 1782 1200 Argos
1809 1147 1875 1186 cx
1908 1134 2127 1189 oraculo
2159 1137 2397 1208 reliquit,
2448 1141 2827 1211 conditamque
2856 1141 3043 1196 urbem
3095 1140 3149 1195 in
3193 1139 3466 1210 Megaride
3517 1138 3797 1209 Tripodis-

554 1222 697 1277 cium
731 1224 948 1278 nomine
969 1224 1311 1279 lnhahitavit.

626 1315 893 1370 Vicesima
920 1334 932 1369 :
959 1316 1225 1370 Theoclns
1247 1317 1619 1373 Chalcidensis
1640 1327 1828 1387 captus
1855 1335 1883 1373 a
1903 1320 2118 1375 Bisaltis

558 1410 826 1481 (Thracia:
848 1409 900 1462 hi
921 1409 1101 1478 populi
1118 1416 1341 1474 sunt,ex
1363 1410 1648 1465 adversum
1671 1410 2123 1467 Palleneshahen-

2300 1322 2365 1376 Ἠ
2425 1329 2472 1375 κ’
2528 1321 2602 1385 ὡς
2648 1321 2931 1383 Θέοκλοςό
2958 1320 3261 1383 Χαλκιδεὺς
3311 1319 3657 1390 αἰχμάλωτος
3701 1318 3803 1371 ὑπὸ

2224 1414 2502 1468 Βισαλτῶν
2528 1413 2766 1483 γεγονὼς
2795 1413 2866 1483 (οἱ
2894 1413 2951 1466 δὲ
2988 1411 3241 1471 Βισάλται
3298 1410 3576 1481 Θρᾳκικὸν
3628 1409 3799 1471 ἔθνος,

564 1501 686 1571 tcs)
720 1501 1101 1556 Chalcidenses
1135 1501 1248 1573 (98)
1294 1503 1503 1557 occulte
1550 1517 1855 1570 accersens,
1896 1504 2124 1559 Bisaltas

2234 1506 2491 1577 Ξιντῐπερα
2542 1506 2830 1576 Παλλήνης
2862 1503 3178 1570 οἰκοῦντες),
3205 1497 3359 1565 οὗτος
3386 1501 3677 1565 Χαλκιδεῖς
3705 1501 3801 1555 λά-

557 1594 821 1663 prodidit.
849 1592 1158 1647 Turbarunt
1185 1594 1363 1662 itaque
1386 1596 1615 1664 primum
1642 1596 1713 1649 illi
1742 1596 1913 1650 subita
1932 1613 2027 1652 sua
2053 1599 2125 1652 ir-

556 1685 806 1754 ruptione
844 1684 1093 1749 Bisaltas,
1147 1695 1269 1754 post
1314 1688 1478 1740 etiam
1536 1687 1677 1741 intra
1738 1690 1935 1743 moenia
1979 1706 2117 1745 como

2228 1597 2332 1665 Θρα
2358 1596 2405 1627 ⁷⁸
2460 1596 2961 1666 μεταπεμψάμενος
3007 1594 3296 1665 προδίδωσι
3357 1592 3659 1655 Βισάλτας’
3709 1593 3801 1645 καὶ

2229 1688 2385 1741 αὐτοὶ
2414 1686 2631 1759 πρῶτον
2660 1688 2758 1756 μὲν
2786 1688 2864 1758 τῷ
2895 1686 3148 1756 αἰφνιδίῳ
3196 1686 3466 1757 ἐτάραξαν
3512 1685 3797 1751 Βισάλτας,

550 1777 758 1847 pulsos,
782 1786 834 1832 et
865 1776 1051 1830 Bucoli
1077 1792 1138 1829 ac
1162 1776 1277 1831 Doli
1308 1779 1448 1845 apud
1477 1794 1569 1833 eos
1598 1781 1929 1846 captivorum
1962 1797 2122 1849 opera

2234 1778 2350 1835 εἶτα
2379 1783 2655 1852 τειχήρεις
2695 1784 3023 1852 ποιήσαντες
3056 1781 3309 1851 βουκόλου
3353 1780 3490 1853 δόλῳ
3524 1780 3804 1851 αἰχμαλώ-

554 1871 747 1924 urbem
776 1870 1052 1937 capientes
1075 1910 1089 1934 ,
1126 1868 1353 1923 Bisaltas
1384 1870 1625 1938 ejiciunt.
1660 1871 1914 1925 Bucolum
1944 1881 2121 1927 tamen

556 1960 883 2027 proditorem
911 1968 1063 2028 rupta
1089 1960 1192 2013 fide
1213 1957 1320 2025 jam
1350 1960 1471 2013 data
1509 1975 1629 2013 cum
1662 1962 2007 2026 occidissent,
2040 1962 2124 2016 di-

556 2051 685 2107 vina
727 2062 1009 2120 propterea
1057 2050 1108 2103 in
1141 2065 1235 2104 eos
1282 2050 1359 2103 ira
1409 2051 1584 2117 irruit,
1616 2052 1787 2106 donec
1813 2068 1877 2107 ex
1908 2054 2124 2108 oraculo

555 2141 842 2212 pulchrum
894 2141 1089 2196 Bucolo
1147 2141 1221 2194 illi
1272 2153 1678 2197 monumentum
1739 2157 2019 2213 ponentes,
2072 2154 2126 2201 et

559 2241 817 2300 tanquam
879 2230 1029 2286 heroi
1065 2231 1461 2297 sacrificantes,
1495 2233 1692 2287 malum
1719 2236 1938 2289 tandem
1969 2251 2127 2293 aver-

557 2332 759 2378 ierunt.

627 2502 896 2557 Vicesinia
934 2503 1111 2572 prima
1151 2521 1165 2557 :
1213 2503 1492 2559 Dardanus
1523 2512 1579 2561 et
1613 2504 1775 2561 Jason
1799 2506 1948 2561 Jovis
1968 2516 2124 2562 erant

558 2596 657 2651 filii
703 2612 773 2651 ex
828 2595 1041 2650 Electra
1083 2595 1317 2651 Atlantis
1379 2597 1510 2662 ﬁlia,
1556 2598 1978 2668 habitabantque
2021 2600 2125 2656 Sa-

557 2692 910 2746 mothraciam
971 2691 1219 2746 insulam.
1273 2692 1469 2747 Verum
1500 2692 1663 2748 Jason
1719 2693 1830 2765 (99)
1860 2710 2125 2763 apparens

552 2782 773 2840 Cereris
805 2793 1076 2853 speetrum
1110 2784 1318 2840 fmdare
1378 2795 1567 2854 stupro
1616 2797 1867 2850 conatus,
1902 2786 2126 2844 fulmine

557 2876 701 2931 ictus
730 2876 957 2930 interiit.
982 2876 1266 2931 Dardanus
1296 2885 1473 2931 autem
1507 2877 1691 2933 fratris
1720 2879 1963 2948 exemplo
1992 2895 2125 2934 con-

562 2966 782 3022 territus
806 2967 857 3021 in
889 2967 1190 3035 oppositam
1230 2977 1449 3033 terram,
1476 2969 1563 3022 tibi
1588 2970 1704 3037 agri
1732 2970 1909 3035 multi,
1941 2986 2125 3026 mons—

555 3072 665 3129 que
690 3058 777 3110 lda
808 3056 928 3123 fuit,
962 3060 1167 3113 ratibus
1191 3059 1447 3129 (nondum
1478 3060 1622 3114 enim
1640 3061 1975 3131 navigiorum
2000 3078 2127 3119 usus

558 3126 700 3219 erat)
748 3148 1022 3216 profectus
1051 3159 1153 3202 est.
1189 3126 1265 3202 Ea
1313 3165 1444 3204 vero
1490 3126 1813 3221 tempestate
1858 3154 2128 3222 regionem
2157 3126 2199 3186 (ἶ

561 3240 707 3297 illam
740 3241 955 3296 tenebat
984 3240 1212 3309 Teucer,
1258 3239 1572 3295 Scamandri
1617 3242 1852 3299 fluminis
1884 3255 1939 3300 et
1972 3260 2131 3316 nym-

562 3333 684 3403 phae
714 3330 890 3403 [ldaeze
923 3329 1036 3402 (1)]
1071 3331 1212 3386 filius
1248 3349 1261 3385 :
1304 3349 1331 3385 a
1364 3348 1470 3400 quo
1522 3332 1717 3388 Teucri
1760 3335 1947 3390 incolae
1976 3338 2127 3403 dicti,

560 3434 622 3479 et
646 3422 872 3479 Teucria
907 3426 1077 3494 regio.
1105 3423 1239 3479 Cum
1283 3425 1373 3480 illo
1425 3426 1703 3481 Dardanus
1753 3442 2004 3483 sermone
2039 3428 2133 3482 ha-

564 3516 679 3571 bito
710 3516 986 3570 dimidiam
1014 3516 1250 3586 regionis
1290 3527 1494 3586 partem
1540 3520 1775 3588 accipit:
1814 3521 2130 3590 urbemque,

566 3608 657 3661 ubi
672 3609 875 3663 ratibus
890 3608 1141 3678 appulsus
1162 3590 1532 3675 exscenderai,
1550 3611 1872 3667 Dardaniam
1892 3613 2127 3677 nomine,

564 3698 873 3753 aedificavit.
919 3698 1128 3753 Teucro
1152 3699 1343 3755 deinde
1363 3701 1471 3755 vita
1495 3702 1702 3769 functo,
1745 3704 1924 3759 omnis
1948 3718 2013 3759 ea
2035 3718 2131 3758 ora

567 3791 621 3844 in
652 3788 885 3843 Dardani
918 3790 1173 3845 ditionem
1214 3794 1494 3847 concessit.

640 3881 911 3937 Vicesima
968 3885 1202 3938 secunda
1235 3883 1311 3955 (2)
1347 3885 1627 3942 :Cretensi
1678 3903 1846 3958 puero
1875 3897 2131 3960 tanquam

569 3986 669 4043 pro
700 3972 902 4027 amasio
936 3974 1095 4029 datus
1124 3983 1210 4028 est
1246 3976 1498 4032 draconis
1556 3978 1719 4035 fetus.
1754 3980 1911 4035 llunc
1939 3997 2004 4035 eo
2039 3998 2132 4036 us-

567 4079 673 4135 que
695 4065 945 4120 educavit
975 4065 1084 4133 ille,
1135 4067 1490 4139 studioseque
1532 4073 1762 4138 curavit,
1809 4074 1935 4128 dum
1970 4090 2135 4143 gran-

2231 1876 2388 1928 τουτ’
2421 1875 2553 1947 παρ’
2574 1875 2752 1929 αὐτῶν
2799 1875 3171 1947 γεγενημένου
3220 1875 3436 1947 αἱροῦσι
3482 1874 3580 1946 τὴν
3627 1873 3801 1938 πόλιν,

2231 1964 2584 2031 ἐκδιώξαντες
2616 1966 2745 2028 τοὺς
2782 1964 3072 2029 Βισάλτας.
3105 1965 3209 2017 Τὸν
3264 1965 3320 2018 δέ
3369 1965 3636 2035 προδότην
3681 1964 3803 2033 βου-

2231 2058 2408 2121 κόλον,
2474 2057 2817 2128 παραϐάντες
2853 2052 2952 2121 τάς
3002 2057 3297 2128 συνθήκας,
3355 2056 3649 2111 κτείνουσι.
3696 2057 3805 2111 Καὶ

2236 2152 2396 2221 μῆνις
2428 2150 2612 2213 αὐτοῖς
2646 2150 2735 2203 διά
2763 2149 2921 2203 τοῦτο
2950 2149 3133 2203 θεόθεν
3156 2148 3284 2221 [Ξ23
3309 2150 3401 2221 ll.|
3438 2148 3709 2219 ἐνέσκηψε
3734 2149 3801 2202 ⁷⁸.

2231 2242 2341 2295 Καὶ
2377 2241 2518 2295 κατὰ
2548 2241 2799 2311 χρησμὸν
2835 2242 3007 2309 τάφον
3056 2240 3357 2311 περικαλλῆ
3401 2238 3678 2310 χώσαντες
3730 2238 3806 2309 τῷ

2233 2314 2475 2405 βουκόλῳ
2507 2334 2601 2386 καὶ
2632 2332 2706 2395 ὼς
2737 2331 2881 2401 ἥρωϊ
2919 2330 3139 2395 θύοντες
3164 2331 3261 2386 τοῦ
3293 2331 3461 2386 κακοῦ
3493 2331 3809 2403 ἀπηλλάγη-

2234 2443 2353 2481 σαν.

2311 2517 2379 2569 Ἥ
2413 2523 2518 2582 κα’,
2550 2516 2818 2587 Δάρδανος
2844 2516 2939 2570 καὶ
2978 2515 3166 2569 Ἰάσων
3189 2516 3233 2547 ⁷⁷
3272 2513 3457 2578 παῖδες
3481 2514 3657 2583 ἦστην
3686 2512 3806 2575 Διὸς

2233 2605 2291 2672 ἐξ
2330 2606 2631 2677 Ἠλέκτρας
2690 2606 2790 2675 τῆς
2840 2604 3200 2669 Ἀτλαντίδος,
3239 2604 3336 2657 καὶ
3390 2602 3565 2674 ᾤκουν
3628 2601 3807 2671 Σαμο-

2232 2698 2446 2769 θρᾴκην
2471 2696 2571 2768 τὴν
2603 2697 2786 2767 νῆσον.
2841 2696 2982 2751 Ἀλλ’
3022 2697 3051 2749 ό
3085 2698 3182 2767 μὲν
3229 2696 3418 2750 Ἰάσων
3457 2694 3649 2764 φάσμα
3704 2694 3806 2763 Δή-

2236 2807 2441 2861 μητρος
2490 2789 2739 2861 αἰσχῦναι
2784 2788 3088 2861 βουληθεὶς,
3123 2786 3497 2859 ἐκεραυνώθη,
3532 2786 3806 2856 Δάρδανος

2232 2882 2289 2934 δὲ
2316 2883 2408 2934 ἐπὶ
2444 2882 2691 2952 τάδελφῷ
2728 2881 3020 2952 συγχυθεὶς
3060 2882 3139 2943 εἰς
3162 2880 3260 2951 τὴν
3290 2879 3562 2949 ἀντίπερα
3592 2877 3722 2947 γῆν,
3750 2877 3805 2929 ἐν

2231 2969 2265 3049 ᾖ
2310 2976 2406 3028 καὶ
2464 2974 2651 3038 πεδιάς
2704 2973 2871 3044 πολλὴ
2919 2974 3017 3026 καὶ
3048 2974 3109 3026 τὸ
3157 2973 3282 3042 ὅρος
3326 2974 3360 3043 ἡ
3397 2970 3529 3041 Ἴδη,
3569 2970 3807 3040 σχεδίαις

2234 3067 2458 3133 (πλοίων
2500 3067 2608 3137 γὰρ
2660 3067 2854 3135 χρῆσις
2897 3065 3107 3118 οὐδέπω
3137 3060 3225 3134 ἦν)
3262 3062 3546 3116 διαϐαίνει.
3585 3058 3713 3132 Εἶχε
3752 3062 3808 3114 δὲ

2233 3159 2293 3213 τὸ
2330 3158 2530 3229 κράτος
2555 3157 2675 3210 τότε
2713 3158 2813 3225 τῆς
2848 3154 3030 3227 χώρας
3060 3156 3088 3206 ό
3120 3154 3473 3225 Σκαμάνδρου
3502 3152 3596 3205 τοῦ
3638 3168 3808 3204 ποτα-

2239 3250 2341 3323 μοῦ
2376 3251 2469 3304 καὶ
2495 3250 2716 3320 νύμφης
2750 3249 3013 3321 Τεῦκρος,
3057 3248 3115 3314 ἐξ
3153 3241 3213 3301 οὗ
3242 3246 3475 3319 Τεῦκροί
3503 3263 3562 3300 τε
3587 3246 3635 3298 οἱ
3659 3246 3810 3314 οίκή·

2235 3358 2395 3413 τορες
2425 3340 2520 3393 καὶ
2562 3339 2804 3410 Τευκρία
2833 3340 2866 3409 ἡ
2896 3339 2994 3407 γῆο
3028 3331 3072 3405 ᾧ
3105 3336 3247 3390 κατὰ
3304 3336 3499 3403 λόγους
3540 3333 3810 3387 συνελθὼν

2236 3434 2505 3505 Δάρδανος
2556 3432 2824 3503 λαμϐάνει
2877 3431 2975 3501 τὴν
3030 3429 3307 3501 ἡμίσειαν,
3348 3427 3442 3480 καὶ
3471 3426 3648 3492 πόλιν,
3678 3427 3738 3478 ἐν
3766 3420 3812 3495 ᾧ

2237 3528 2338 3599 τῆς
2382 3526 2597 3597 σχεδίας
2651 3525 2855 3595 ἀπέϐη,
2883 3524 3057 3587 κτίζει
3092 3522 3416 3593 Δαρδανίαν.
3451 3520 3721 3592 ’Υστερον
3752 3520 3811 3573 δὲ

2237 3622 2660 3691 τελευτήσαντος
2686 3617 2930 3689 Τεύκρου
2969 3618 3004 3688 ﬁ
3045 3617 3196 3670 πᾶσα
3239 3614 3340 3687 τῆς
3382 3613 3566 3685 χώρας
3605 3615 3689 3676 είς
3718 3612 3817 3666 αὺ-

2237 3714 2329 3769 τὸν
2357 3713 2500 3784 ἀρχὴ
2528 3709 2842 3784 περιῆλθεν.

2320 3894 2384 3948 Ἦ
2411 3894 2493 3964 κβ⁰
2533 3892 2803 3963 μειρακίῳ
2834 3890 3012 3960 Κρητὶ
3061 3889 3306 3960 γέννημα
3363 3888 3654 3960 δράκοντος
3685 3890 3818 3958 ἐρα-

2243 3988 2372 4058 στὴς
2434 3988 2716 4055 δωρεῖται.
2764 3984 2821 4036 ’0
2863 3983 2919 4036 δὲ
2968 3981 3163 4054 ἔτρεφέ
3200 4000 3259 4035 τε
3318 3982 3413 4036 καί⁸
3464 3980 3811 4051 ἐπεμελεῖτο,

2240 4080 2346 4143 ἓως
2364 4080 2577 4150 ηὐξήθη
2610 4079 2706 4132 καὶ
2737 4077 2900 4147 φόϐον
2926 4076 3158 4129 ἐνεποίει
3181 4074 3227 4107 ⁷⁸
3259 4077 3287 4128 ό
3305 4074 3521 4146 δράκων
3555 4075 3665 4134 τοῖς
3683 4075 3811 4126 ἐπι-

563 4158 686 4211 dior
710 4155 886 4214 factus
908 4168 1105 4212 metum
1131 4161 1291 4213 etiam
1322 4162 1509 4218 incolis
1538 4163 1805 4234 injiceret.
1830 4165 2129 4237 Cocgerunt

2242 4172 2462 4244 χωρίοις
2479 4192 2494 4202 ο
2527 4166 2674 4224 οὗτοι
2695 4169 2803 4241 γὰρ
2831 4169 2952 4222 τότε
2976 4169 3294 4237 ἠνάγκασαν
3324 4167 3384 4219 τό
3408 4164 3694 4236 μειράκιον
3716 4167 3814 4218 ἐκ-

564 4247 751 4317 itaque
796 4264 1022 4317 puerum
1058 4251 1109 4303 in
1142 4251 1485 4309 solitudinem
1557 4257 1849 4312 draconem
1901 4258 2131 4313 deferre.

566 4341 633 4397 Et
658 4343 836 4411 paruit
874 4342 981 4408 ille,
1030 4343 1253 4398 multum
1304 4346 1541 4415 plorans.
1574 4348 1812 4405 Tandem
1856 4366 1983 4407 vero
2013 4368 2133 4406 cum

564 4432 634 4487 ad
664 4433 1002 4489 venationem
1026 4434 1315 4504 aliquando
1356 4438 1667 4495 adolescens
1690 4455 1941 4513 egressus
1966 4442 2018 4496 in
2054 4443 2135 4496 la-

567 4528 749 4575 trones
814 4521 1115 4591 incidisset,
1168 4541 1433 4597 opemque
1480 4530 1830 4587 inclamasset
1879 4551 1893 4587 :
1950 4533 2131 4601 agnita

566 4624 702 4666 voce
732 4613 921 4683 draco,
946 4627 1003 4672 et
1025 4623 1348 4689 corporibus
1370 4636 1489 4677 sese
1518 4624 1824 4692 implicans,
1852 4625 2135 4693 praedones

568 4702 787 4771 occidit,
822 4718 985 4779 atque
1014 4712 1445 4781 adolescentem,
1480 4717 1680 4771 veteris
1716 4717 1867 4787 signa
1899 4716 2133 4771 necessi-

570 4795 773 4854 tudinis
798 4803 1110 4871 ostendens,
1139 4806 1377 4873 periculo
1406 4808 1624 4878 eripuit.

2244 4260 2415 4313 θεῖναι
2438 4258 2497 4311 τὸ
2516 4257 2703 4328 θηρίον
2721 4259 2814 4310 ἐπὶ
2839 4253 2941 4327 τῆς
2968 4256 3224 4327 ἐρημίας,
3245 4255 3519 4308 καὶπολλὰ
3539 4254 3744 4307 κλαίων
3765 4256 3813 4288 τ’

2244 4351 2477 4416 ἐξέθετο.
2506 4349 2773 4420 ’Ὕστερον
2809 4349 2855 4401 δ’
2879 4349 2972 4402 ἐπὶ
3015 4348 3186 4419 θήραν
3224 4347 3532 4414 ἐξελθόντος
3565 4346 3657 4400 τοῦ
3693 4365 3816 4418 μει-

2246 4442 2439 4514 ρακίου
2468 4442 2562 4495 καὶ
2597 4440 2817 4511 λῃσταῖς
2855 4439 3246 4511 περιπεσόντος
3262 4439 3332 4505 ⁸⁸,
3368 4436 3814 4507 ἀνακαλουμένου

2241 4537 2367 4598 τοὺς
2440 4533 2808 4604 βοηθήσοντας
2830 4532 2898 4597 εί,
2931 4532 3313 4602 ἀναγνωρίσας
3363 4532 3391 4583 ό
3455 4530 3671 4601 δράκων
3714 4531 3816 4599 τὴν

2244 4626 2425 4697 φωνὴν
2459 4628 2586 4688 τοὺς
2622 4625 2721 4695 μὲν
2752 4624 2955 4697 λῃστὰς
2986 4624 3313 4694 διέφθειρεν,
3359 4624 3575 4693 ἑκάστῳ
3605 4639 3818 4694 περιει-

2241 4717 2449 4788 ληθεὶς,
2481 4720 2685 4787 σημεῖα
2714 4716 2772 4769 δὲ
2804 4715 2882 4786 τῷ
2914 4716 3064 4769 παιδὶ
3103 4716 3338 4779 παλαιᾶς
3385 4716 3690 4787 αἰσθήσεως
3723 4719 3813 4769 ἐνο

2240 4810 2555 4881 δειξάμενος
2585 4808 2922 4864 ἀπαλλάσσει
2951 4809 3049 4879 τῆς
3071 4809 3381 4879 ἐπιϐουλῆς.

1844 4941 2080 4997 νΑΙίΙᾹΞ
2115 4941 2532 4997 LECTIONES.

636 5026 683 5059 ⁷³
716 5027 775 5114 ὲν
822 5030 944 5086 add.
978 5034 1044 5090 A.
1118 5038 1162 5069 “
1194 5037 1469 5114 Χαλκίδης
1522 5034 2034 5114 μεταπεμψάμενος
2077 5034 2254 5114 λάθρα
2286 5054 2345 5114 ς.
2428 5034 2475 5065 ⁷⁸
2505 5032 2631 5114 ΠΙ).ςί
2682 5032 2924 5114 βουκόλῳ
2958 5032 3053 5113 καὶ
3104 5030 3818 5114 δόιλιρἹαίχμιαλξῦτῳιῖ-Πγε-

568 5099 876 5185 χενημένῳ.
908 5117 1263 5185 correxeruut
1292 5099 1540 5185 Κιλιιὶιίᾳέ
1563 5099 1909 5185 mulleytiius.
1991 5099 2357 5185 ἠμέπέσκηψε
2383 5123 2444 5169 ς.
2467 5176 2479 5185 “
2505 5103 2549 5185 ’(⁷
2582 5099 2791 5185 Ἰασίων
2824 5099 3063 5185 ﬂexionis
3088 5104 3195 5185 icti
3215 5099 3579 5185 'Car‘."‘Qtfr..'
3600 5099 3815 5185 Μῠμξιιθ.

568 5166 891 5253 gregi—omen.
928 5187 980 5239 p.
1004 5175 1131 5234 265.
1200 5180 1245 5210 ⁷⁸
1279 5178 1451 5231 ἐποίει
1474 5178 1540 5231 Α.
1609 5177 1654 5208 ⁷³
1676 5166 1864 5227 κλάῖον
1894 5192 1954 5239 ς.
2029 5175 2074 5206 ⁸ο
2104 5166 2362 5246 περιπεσ.
2394 5166 2489 5228 καὶ
2512 5172 2743 5227 άνακαλ.
2778 5190 2837 5253 ς.
2905 5166 2954 5205 ῖ¹
2986 5171 3350 5242 βοηθήσοντας
3390 5172 3663 5243 Heynius:
3692 5174 3817 5228 libri

569 5236 872 5311 βοηθήσαντ
882 5236 968 5305 ας.

663 5441 754 5509 96)
786 5440 1035 5496 Eustatli.
1067 5456 1281 5509 quoque
1311 5451 1462 5495 teste.

663 5508 756 5582 97)
788 5512 1018 5582 Pausan.
1054 5511 1287 5566 Cormbo
1320 5512 1429 5563 haec
1461 5508 1667 5562 tribuit.

641 5581 757 5653 (98)
785 5581 936 5653 Lege
964 5582 1269 5653 Χαλκιδεῖς.

641 5647 752 5725 (99)
783 5647 924 5725 Lege
957 5652 1146 5725 §tcph.
1179 5668 1309 5706 voce
1362 5649 1604 5725 Dardan.
1636 5657 1689 5705 et
1720 5647 1906 5708 Strab.
1940 5655 2035 5710 lib.
2066 5671 2140 5710 vn

570 5722 817 5776 extremo
854 5723 927 5775 De
958 5722 1334 5787 Samothrace;
1366 5722 1611 5791 Apollod.
1661 5735 1877 5790 quoque
1924 5726 2019 5779 lib.
2077 5742 2139 5781 ut

570 5807 643 5849 ex
664 5808 770 5864 quo
800 5794 911 5849 haec
934 5810 1084 5863 paene
1113 5796 1178 5849 ad
1206 5796 1422 5849 verbum
1445 5792 1714 5862 descripta
1746 5797 2017 5865 narratio;
2049 5799 2141 5855 ubi

2088 5342 2316 5402 NOTAE.

2247 5454 2302 5496 et
2326 5442 2509 5517 Jasion
2545 5446 2645 5515 legi
2674 5446 3072 5502 observandum
3104 5456 3254 5517 puto.

2319 5514 2484 5592 (l)_ld
2512 5514 2777 5592 pyinplta:
2820 5532 3038 5592 no_n_ten,
3073 5514 3382 5592 quodhinc
3409 5517 3549 5575 forte
3581 5520 3817 5592 fugerat,

2246 5597 2313 5706 εἷς
2349 5585 2727 5704 ΙΑροΙΙοάοτο,
2773 5599 2826 5644 et
2873 5587 3030 5643 Diod.
3090 5587 3272 5643 Siculo
3322 5588 3416 5642 lib.
3465 5606 3515 5643 iv
3557 5585 3820 5649 revocare

2304 5670 2345 5705 SI
2373 5670 2445 5706 Ill.

2304 5670 2362 5705 Si]
2373 5670 2445 5707 m.

2316 5724 2394 5794 (2)
2431 5724 2617 5779 Refert
2678 5727 2819 5786 hanc
2863 5730 3025 5788 etiam
3077 5719 3579 5789 Elianusl’ariar.
3613 5732 3819 5787 Histor.

2244 5792 2342 5850 lib.
2373 5810 2493 5861 xui,
2518 5810 2637 5865 cap.
2672 5796 2765 5854 46.
2944 5828 2947 5831 -
