4038 6406
229 411 325 476 561

1237 413 1760 478 BIBLIOTHECA.
1798 435 1870 453 -···
1899 413 2062 474 COD.
2097 413 2454 477 CLXXXVI.

3361 413 3483 481 562’

311 531 379 583 Ἦ
409 528 497 598 κγ’
523 529 600 594 ὡς
636 529 984 609 Ἀλεξάνδρου
1027 528 1122 585 τοῦ
1168 532 1399 603 Πάριδος
1421 533 1465 564 ⁸⁸
1497 530 1588 585 καὶ
1633 529 1800 583 Οἰνώ-

1976 529 2164 602 ιθωι
2188 530 2456 586 Vicesima
2499 530 2692 586 tertia:
2728 531 3018 587 Alexandri
3051 547 3142 587 seu
3173 532 3386 588 Paridis
3414 544 3468 589 et

232 638 352 692 νης,
384 622 455 692 ῆν
489 624 738 692 ἐγήματο
763 623 894 693 πρὶν
922 622 1073 694 ἧτήν
1120 623 1340 694 Ἑλένην
1372 625 1642 697 ἁρπάσαι,
1671 625 1801 686 παῖς

1921 621 2243 694 Enones(5)
2263 623 2445 694 (quam
2467 621 2686 677 uxorem
2710 624 3019 693 priusquam
3044 624 3293 679 Helenam
3319 641 3470 695 rape-

235 715 483 784 Κόρυθος
530 714 762 782 γίνεται,
791 713 980 767 κάλλει
1011 713 1176 768 νικῶν
1206 714 1298 767 τὸν
1341 714 1569 783 πατέρα.
1604 712 1804 766 Τοῦτον

233 807 266 874 ή
303 805 491 875 μήτηρ
533 804 720 878 Ἑλένῃ
764 807 1144 876 προσέπεμπε,
1176 805 1504 876 ζηλοτυπίαν
1541 823 1598 858 τε
1628 804 1807 857 κινοῦ-

239 914 307 949 σα
355 896 695 971 Ἀλεξάνδρῳ
725 900 820 954 καὶ
859 899 1028 953 κακόν
1057 916 1108 952 τι
1153 898 1614 970 διαμηχανωμένη
1663 899 1810 952 Ἐλέ·

237 1003 324 1059 νῃ.
355 986 454 1052 Ὣς
484 989 542 1042 δὲ
577 991 815 1062 συνήθης
835 992 883 1024 ⁸³
911 993 940 1045 ό
985 991 1234 1064 Κόρυθος
1267 993 1406 1063 πρὸς
1444 992 1662 1062 Ἑλένην
1685 990 1810 1059 ἐγέ-

240 1095 384 1143 νετο,
427 1080 772 1153 Ἀλέξανδρός
815 1099 946 1136 ποτε
997 1083 1282 1156 παρελθὼν
1331 1084 1410 1147 είς
1446 1083 1541 1137 τὸν
1568 1082 1809 1153 θάλαμον

242 1170 371 1243 [ί56
425 1171 520 1244 IL]
557 1175 652 1228 ita).
713 1160 1044 1246 θεασάμενος
1083 1176 1172 1230 τὸν
1223 1176 1464 1247 Κόρυθον
1513 1178 1580 1248 τῇ
1624 1175 1810 1246 Ἑλένῃ

241 1263 623 1333 παρεξόμενον
670 1271 764 1320 καὶ
823 1268 1185 1339 ἀναφλεχθεὶς
1247 1268 1306 1333 ἐξ
1359 1268 1594 1338 ὑποψίας
1650 1267 1812 1331 εὐθὺς

241 1355 478 1425 ἀναιρεῖ.
512 1357 622 1410 Καὶ
651 1359 858 1430 Οίνώνη
904 1360 1005 1430 τῆς
1037 1379 1092 1414 τε
1125 1363 1206 1424 είς
1250 1360 1420 1430 αὐτὴν
1466 1360 1678 1430 ὕϐρεως
1720 1361 1814 1414 καὶ

241 1447 339 1516 τῆς
365 1449 465 1501 τοῦ
499 1451 690 1514 παιδὸς
721 1454 1054 1523 ἀναιρέσεως
1096 1453 1264 1508 πολλὰ
1304 1453 1651 1525 Ἀλέξανδρον
1675 1454 1816 1524 ἀρα-

245 1541 484 1610 σαμένη,
516 1543 608 1596 καὶ
639 1543 939 1596 ἐπειποῦσα
969 1544 1085 1615 (καὶ
1131 1545 1240 1615 γὰρ
1283 1540 1352 1616 ἦν
1379 1545 1643 1608 ἐπίπνους
1677 1562 1814 1614 μαν-

242 1629 393 1694 τείας
424 1630 520 1683 καὶ
557 1632 726 1703 τομῆς
767 1635 1073 1705 φαρμάκων
1116 1635 1454 1706 ἐπιστήμων)
1483 1635 1560 1698 ὡς
1587 1633 1818 1706 τρωθείς

245 1739 378 1774 ποτε
411 1723 507 1776 ὑπ’
549 1723 778 1793 Ἀχαιῶν
807 1726 898 1778 καὶ
936 1725 1009 1796 μὴ
1043 1728 1326 1796 τυγχάνων
1353 1726 1653 1798 θεραπείας
1688 1726 1813 1796 δεή-

1904 724 2009 778 ret,
2037 716 2253 770 domum
2295 714 2540 782 duxerat)
2591 714 2729 769 ﬁlius
2770 715 2868 768 fuit
2911 713 3203 786 Corythus,
3236 716 3473 783 pulchri-

1905 811 2089 862 tudine
2136 813 2344 876 patrem
2385 819 2665 875 superans.
2703 806 2854 860 Hunc
2889 816 3061 860 mater
3117 807 3180 861 ad
3214 807 3471 862 Helenam

1907 899 2075 966 misit,
2109 913 2229 954 cum
2262 906 2321 951 ut
2355 897 2718 952 Alexandrum
2757 898 2822 952 ad
2853 898 3178 968 zelorypiam
3212 913 3472 966 provoca-

1908 999 2014 1054 ret,
2048 998 2158 1042 tum
2188 996 2246 1042 ut
2273 987 2486 1043 Helenae
2527 988 2722 1042 malum
2784 992 3209 1045 machinaret-ur.
3244 990 3318 1045 Ut
3349 1004 3476 1060 ergo

1908 1078 2176 1149 Corythus
2207 1076 2423 1132 Helenae
2461 1076 2779 1132 familiarior
2823 1094 2943 1133 esse
2987 1079 3173 1146 coepit,
3224 1092 3478 1147 superve-

1911 1170 2064 1225 niens
2109 1169 2398 1239 aliquando
2430 1169 2482 1222 in
2523 1169 2812 1224 thalamum
2864 1169 3202 1232 Alexander,
3252 1177 3306 1223 et
3354 1183 3477 1223 cum

1911 1257 2109 1313 Helena
2143 1258 2309 1312 lilium
2337 1258 2615 1313 sedentem
2666 1260 3029 1328 conspicatus,
3073 1262 3150 1314 ira
3201 1262 3476 1324 incensus,

1911 1359 2218 1420 suspectum
2246 1358 2464 1418 gnatum
2496 1351 2714 1405 occidit.
2757 1350 2996 1414 OEnone,
3037 1361 3092 1406 et
3119 1353 3186 1406 ob
3219 1353 3359 1406 hanc
3401 1351 3483 1406 in-

1907 1441 2128 1511 juriam,
2157 1450 2210 1496 et
2241 1443 2308 1496 ob
2337 1441 2430 1495 lilii
2477 1441 2787 1507 interitum,
2823 1445 2990 1498 multa
3021 1444 3329 1499 Alexandro
3376 1443 3483 1497 im-

1913 1546 2151 1605 precata,
2199 1534 2300 1588 hoc
2341 1533 2563 1604 insuper
2607 1535 2806 1604 adjecit
2865 1535 2946 1603 (ut
2983 1546 3104 1590 erat
3154 1535 3483 1590 vaticinandi

1914 1628 2084 1696 perita
2117 1625 2216 1698 (4),
2244 1625 2696 1696 legendarumque
2720 1626 3007 1682 herbarum
3049 1627 3123 1697 (5)
3150 1626 3337 1696 gnara)
3363 1625 3483 1680 vul-

1915 1729 2159 1774 neratum
2187 1733 2308 1773 eum
2335 1719 2626 1786 aliquando
2655 1720 2721 1773 ab
2746 1719 2993 1786 Achivis,
3015 1733 3193 1788 neque
3221 1717 3484 1772 medelam

245 1830 400 1866 σεται
431 1815 626 1885 αὐτῆς,
655 1815 838 1870 οἴκαδε
871 1816 980 1888 ᾔει.
1011 1816 1275 1890 ’Ὕστερον
1290 1817 1334 1870 δ’
1379 1817 1722 1889 Ἀλέξανδρος
1755 1819 1816 1869 ἐν

1922 1813 2301 1881 reperientem,
2339 1826 2400 1866 se
2425 1810 2588 1865 etiam
2618 1810 3066 1878 obsecraturum;
3098 1820 3261 1879 atque
3291 1811 3364 1864 ita
3389 1810 3509 1864 ἀοι-

242 1907 306 1974 τῇ
348 1905 493 1974 πρὸς
538 1879 788 1976 ’Ᾰχαιοὺς
831 1879 972 1978 ὑπὲρ
1026 1879 1226 1978 Τροίας
1269 1909 1415 1980 μάχῃ
1454 1879 1817 1981 τρωθελςῗιζηὸ

1923 1879 2066 1958 mum
2114 1903 2382 1959 discessit.
2423 1903 2556 1959 Post
2589 1903 2753 1973 igitur
2783 1903 2934 1957 Paris
2978 1903 3053 1974 (6)
3093 1905 3144 1957 in
3184 1917 3356 1972 pugna
3390 1918 3494 1970 pro

243 1996 576 2067 Φιλοκτήτου
607 1999 701 2051 καὶ
755 1999 942 2063 δεινῶς
987 1999 1127 2070 ἔχων
1177 2000 1244 2053 δι’
1276 2002 1490 2072 ἀπήνης
1532 1999 1818 2070 ἐκομίζετο

1921 1995 2080 2066 Troja
2140 1997 2400 2052 adversus
2436 1996 2671 2050 Achivos
2736 2010 2766 2048 a
2826 1995 3123 2051 Philoctete
3156 1997 3496 2057 vulneratus,

242 2085 380 2155 πρὸς
423 2087 524 2158 τὴν
555 2087 722 2157 Ἴδην,
780 2089 872 2142 καὶ
933 2090 1329 2160 προεκπέμψας
1381 2092 1599 2161 κήρυκα
1647 2091 1817 2144 ἐδεῖτο

242 2179 515 2251 Οἰνώνης·
553 2182 587 2251 ή
623 2182 680 2235 δὲ
710 2181 1039 2253 ὑϐριστικῶς
1073 2183 1218 2253 μάλα
1249 2183 1338 2236 τὸν
1376 2185 1593 2254 κήρυκα
1615 2183 1816 2237 διωσα-

243 2273 382 2343 μένη
419 2272 562 2341 πρὸς
599 2272 820 2345 Ἑλένην
853 2274 988 2327 ίέναι
1029 2274 1375 2346 Ἀλέξανδρον
1418 2275 1724 2340 ἐξωνείδιζε
1745 2275 1814 2328 ⁸⁸.

244 2366 354 2419 Καὶ
397 2364 746 2434 Ἀλέξανδρος
785 2367 882 2435 μὲν
919 2366 1060 2420 κατὰ
1095 2367 1196 2436 τὴν
1223 2368 1340 2421 ὁδὸν
1373 2368 1476 2420 ὑπὸ
1523 2367 1619 2421 τοῦ
1645 2367 1817 2440 τραύ-

243 2475 413 2526 ματος
445 2457 694 2529 τελευτᾷ,
715 2458 814 2529 τὴν
839 2459 895 2512 δὲ
929 2461 1096 2532 μήπω
1119 2461 1477 2531 πεπυσμένην
1510 2460 1609 2533 τὴν
1635 2462 1818 2515 τελευ-

240 2546 335 2616 τήν
373 2547 682 2617 μετάμελος
734 2549 883 2619 ὅμως
907 2550 1078 2614 δεινὸς
1103 2551 1150 2584 ⁸⁸
1186 2546 1322 2622 εἶχε,
1370 2552 1465 2604 καὶ
1501 2551 1818 2622 δρεψαμένη

242 2637 338 2707 τῆς
367 2637 512 2702 πόας
539 2638 650 2693 ἔθει
682 2639 884 2710 φθάσαι
906 2644 1256 2714 ἐπειγομένη.
1295 2643 1379 2707 Ὡς
1399 2643 1442 2697 δ’
1471 2643 1638 2714 ἔμαθε
1666 2645 1819 2716 παρὰ

241 2729 328 2782 τοῦ
363 2731 611 2802 κήρυκος
657 2733 742 2786 ὅτι
775 2733 1030 2806 τεθνήκοι
1060 2737 1154 2788 καὶ
1183 2737 1265 2790 ὅτι
1296 2738 1433 2809 αὑτὴ
1480 2738 1642 2793 αὐτὸν
1683 2717 1816 2810 άνῄ-

243 2841 434 2893 ρηκεν,
460 2825 668 2878 ἐκεῖνον
701 2826 800 2896 μὲν
838 2825 966 2899 [224
995 2827 1089 2901 Η.]
1119 2832 1218 2899 τῆς
1237 2829 1283 2862 ⁸⁸
1312 2829 1543 2903 ὕϐρεως,
1569 2831 1701 2903 λίθῳ
1719 2832 1818 2904 τὴν

242 2916 489 2988 κεφαλὴν
521 2915 834 2982 πατάξασα,
875 2920 1111 2990 ἀναιρεῖ,
1143 2921 1223 2992 τῷ
1251 2921 1296 2975 δ’
1340 2922 1690 2996 Ἀλεξάνδρου
1729 2943 1818 2978 νε-

242 3008 362 3079 κρῴ
400 3009 786 3081 περιχυθεῖσα,
815 3011 910 3064 καὶ
938 3011 1113 3064 πολλὰ
1151 3013 1242 3066 τὸν
1269 3013 1447 3067 κοινὸν
1483 3014 1687 3085 ἀμφοῖν
1716 3032 1818 3069 κα-

241 3099 653 3172 ταμεμψαμένη
690 3100 940 3171 δαίμονα,
970 3103 1174 3175 ἑαυτὴν
1198 3104 1476 3176 ἀνήρτησε
1520 3109 1588 3176 τῇ
1613 3103 1780 3178 ζώνῃ.

327 3279 392 3334 Ἥ
432 3279 535 3348 κδ’,
565 3282 623 3336 ἐν
657 3283 899 3358 Θεσπείᾳ
955 3286 1054 3357 τῆς
1086 3286 1348 3350 Βοιωτίας
1374 3285 1578 3355 (ἔστιδ’
1605 3289 1638 3359 ή
1673 3287 1826 3353 πόλις

245 3373 341 3443 οὐχ
373 3373 512 3438 ἑκάς
534 3376 662 3438 τοὺς
704 3376 1014 3448 Ἑλικῶνος)
1046 3380 1174 3442 παῖς
1202 3377 1302 3447 ἐφυ
1337 3379 1649 3451 Νάρκισσος
1683 3379 1824 3434 πάνυ

249 3467 407 3529 καλὸς
439 3469 538 3521 καὶ
578 3467 894 3539 ὑπερόπτης
926 3469 1167 3540 Ἔρωτός
1205 3488 1264 3524 τε
1295 3473 1390 3524 καὶ
1423 3472 1690 3542 ἐραστῶν.
1715 3473 1827 3527 Καὶ

249 3559 296 3609 οἱ
332 3558 431 3627 μὲν
476 3557 628 3612 ἄλλοι
666 3558 774 3612 τῶν
825 3559 1071 3629 ἐραστῶν
1118 3560 1355 3632 ἐρῶντες
1402 3562 1826 3632 ἀπηγόρευσαν,

239 3644 540 3719 ’Ἄμεινίας
568 3649 615 3682 ⁸⁷
636 3651 691 3706 δὲ
715 3653 879 3716 πολὺς
902 3650 971 3724 ἦν
1004 3656 1277 3724 ἐπιμένων
1319 3654 1414 3707 καὶ
1444 3654 1695 3725 δεόμενος
1713 3670 1728 3684 ⁸
1753 3655 1829 3716 ὡς

248 3740 294 3792 δ’
320 3741 382 3794 οὑ
429 3740 690 3812 προσίετο
715 3741 851 3797 ἀλλὰ
879 3743 971 3796 καὶ
1003 3744 1156 3813 ξίφος
1189 3743 1604 3815 προσέπεμψεν,
1634 3744 1828 3798 ἐαυτὸν

250 3833 354 3902 πρὸ
403 3833 519 3885 τῶν
572 3831 753 3904 θυρῶν
807 3835 1126 3904 Ναρκίσσου
1203 3833 1618 3904 διαχειρίζεται,
1661 3833 1830 3888 πολλὰ

251 3922 652 3986 καθικετεύσας
700 3925 939 3996 τιμωρόν
969 3926 1018 3978 oi
1061 3925 1316 3994 γενέσθαι
1346 3926 1439 3980 τὸν
1489 3927 1630 3983 θεόν.
1686 3927 1744 3981 '0
1772 3927 1830 3982 δὲ

249 4015 564 4084 Νάρκισσος
603 4014 726 4071 ἰδὼν
753 4016 919 4070 αὐτοῦ
951 4018 1052 4088 τὴν
1081 4017 1204 4089 ὄψιν
1239 4019 1334 4073 καὶ
1361 4018 1462 4089 τὴν
1492 4019 1706 4092 μορφὴν
1737 4021 1829 4074 ἐπὶ

259 4109 472 4178 κρήνης
509 4107 890 4179 ίνδαλλομένην
915 4108 993 4180 τῷ
1034 4109 1206 4174 ὕδατι,
1239 4111 1334 4163 καὶ
1366 4112 1528 4179 μόνος
1552 4112 1648 4165 καὶ
1673 4111 1829 4182 πρῶ-

248 4216 338 4262 τος
375 4200 573 4254 ἐαυτοῦ
621 4200 832 4269 γίνεται
884 4201 1086 4267 ἄτοπος
1140 4203 1395 4274 ἐραστής.
1457 4203 1622 4268 Τέλος
1680 4206 1829 4276 ἀμη-

249 4293 451 4364 χανῶν,
490 4293 586 4348 καὶ
616 4294 801 4348 δίκαια
853 4295 1086 4366 πάσχειν
1126 4296 1331 4367 οίηθεὶς
1376 4295 1492 4349 ἀνθ’
1523 4289 1599 4351 ὧν
1645 4297 1830 4369 Ἀμει-

247 4384 366 4438 νίου
399 4385 650 4456 ἐξύϐρισε
703 4387 832 4451 τοὺς
874 4387 1105 4458 ἔρωτας,
1137 4388 1331 4441 ἐαυτὸν
1371 4388 1681 4460 διαχρᾶται.
1719 4389 1831 4442 Καὶ

1919 2089 2262 2161 graviterque
2326 2090 2565 2154 saucius,
2621 2089 2688 2142 ad
2735 2089 2880 2143 Idam
2944 2103 3107 2144 curru
3170 2089 3489 2153 vehebatur,

1916 2183 2303 2251 prmmissoque
2379 2181 2609 2246 nuntio,
2649 2167 2947 2236 ‘OEnonem
3022 2182 3340 2249 deprecatus
3388 2185 3491 2231 est.

1919 2274 2046 2329 [hoc
2069 2271 2453 2329 contumeliose
2479 2271 2637 2326 valde
2665 2271 2852 2326 nuntio
2878 2270 3099 2339 rejecto,
3134 2271 3200 2324 ad
3237 2270 3492 2326 llelenam

1919 2365 2000 2420 ire
2023 2363 2275 2418 Paridem
2299 2377 2394 2433 per
2438 2362 2745 2418 convicium
2781 2361 2965 2431 jussit.
2996 2361 3085 2415 Ille
3132 2362 3348 2416 interim
3397 2375 3496 2429 per

1917 2455 2061 2509 viam
2083 2469 2150 2508 ex
2183 2453 2408 2509 vulnere
2437 2453 2578 2509 diem
2605 2452 2799 2506 clausit
2828 2461 3153 2506 extremum.
3186 2457 3490 2521 Antequam

1920 2563 2098 2610 tamen
2139 2557 2205 2606 de
2229 2550 2370 2606 illius
2393 2547 2616 2604 interitu
2651 2548 2947 2618 quidquam
2997 2544 3221 2601 OEnone
3257 2545 3497 2600 inaudis-

1919 2656 2021 2712 set,
2041 2642 2360 2714 pmnitentia
2383 2641 2534 2710 gravi
2555 2641 2715 2694 ducta
2739 2649 2840 2701 est,
2868 2638 3156 2707 herbisque
3181 2638 3354 2700 lectis,
3378 2652 3510 2690 curm

1921 2737 2092 2792 riculo
2123 2734 2415 2790 festinabat
2461 2741 2810 2802 praevertere.
2839 2732 2907 2784 At
2939 2731 3026 2784 ubi
3061 2739 3331 2784 mortuum
3375 2743 3498 2783 esse

1915 2831 2048 2900 jam,
2084 2839 2142 2884 et
2177 2826 2394 2898 quidem
2461 2825 2528 2879 ab
2559 2839 2623 2879 ea
2662 2833 2914 2878 necatum
2943 2862 2956 2882 .
3019 2822 3250 2876 nuntius,
3294 2822 3495 2884 retulit,

1923 2924 2064 2978 hunc
2089 2921 2347 2992 primum,
2380 2918 2556 2987 lapide
2601 2917 2655 2971 in
2695 2925 2857 2985 caput
2901 2916 3158 2982 impacto,
3201 2914 3270 2968 ob
3297 2915 3497 2967 illatam

1925 3008 2352 3086 [exprobrando]
2389 3007 2640 3077 injuriam
2669 3004 2892 3068 occidit,
2930 3004 3162 3059 cadaver
3188 3018 3315 3058 vero
3341 3002 3500 3056 Pari-

1924 3104 2007 3158 dis
2045 3100 2312 3170 amplexa,
2343 3107 2397 3153 et
2422 3111 2765 3153 communem
2794 3098 3080 3166 utriusque
3106 3093 3383 3150 fortunam
3405 3093 3500 3148 diu

1854 3211 1898 3270 ρ
1929 3202 2143 3264 questa,
2179 3205 2316 3244 zona
2344 3191 2578 3257 seipsam
2612 3187 2990 3258 strangulavit.

1999 3283 2269 3339 Vicesima
2323 3292 2514 3350 quarta
2549 3298 2563 3334 :
2595 3279 2652 3334 ιιι
2705 3279 2924 3335 Bmotiae
2975 3279 3196 3334 civitate
3235 3277 3500 3344 'I‘hespeia

1929 3393 2050 3446 quae
2071 3391 2179 3430 non
2208 3375 2364 3442 longe
2385 3375 2454 3427 ab
2479 3371 2737 3427 Helicone
2763 3371 2868 3426 sita
2893 3380 2999 3435 est,
3031 3386 3164 3439 puer
3187 3379 3345 3422 natus
3369 3368 3505 3422 Nar-

1929 3456 2124 3535 cissus,
2166 3468 2393 3538 pulcher
2427 3465 2742 3528 admodum,
2798 3463 2890 3517 sed
2920 3464 3122 3517 amoris
3166 3472 3504 3516 amatorum-

1928 3576 2034 3632 que
2073 3567 2438 3627 contemptor.
2473 3557 2655 3623 Quare
2695 3555 2783 3609 alii
2817 3556 3032 3623 quidem
3067 3554 3399 3623 despondere
3427 3553 3504 3624 (7)

1928 3652 2170 3706 animum
2217 3659 2463 3704 amantes
2511 3657 2796 3718 cmperunt
2838 3665 2854 3703 :
2901 3647 3255 3716 Atniniasque
3295 3656 3504 3700 tantum

1929 3746 2182 3802 assiduus
2225 3751 2348 3797 erat
2383 3751 2438 3798 et
2471 3744 2720 3811 pertinax
2751 3751 3024 3810 precator.
3060 3741 3129 3794 At
3165 3756 3288 3796 cum
3334 3755 3511 3811 neque

1936 3841 2080 3895 hunc
2109 3838 2323 3893 audiret
2362 3835 2473 3899 ille,
2515 3835 2607 3890 sed
2639 3834 2872 3903 gladium
2910 3833 3129 3902 insuper
3163 3834 3422 3894 mitteret,
3451 3847 3510 3885 se

1931 3931 2048 4000 ipse
2073 3943 2174 3998 pro
2206 3925 2449 3982 Narcissi
2486 3924 2696 3979 foribus
2719 3922 2937 3985 occidit,
2977 3921 3134 3976 deum
3161 3922 3514 3976 vehementer

1929 4027 2204 4092 precatus,
2260 4016 2407 4071 ultor
2438 4014 2537 4069 sibi
2595 4022 2654 4068 ut
2706 4012 2881 4067 ﬁeret.
2917 4010 3204 4066 Narcissus
3233 4010 3310 4080 (8)
3347 4013 3512 4080 igitur

1931 4111 2137 4168 vultum
2189 4107 2490 4177 aliquando,
2524 4120 2679 4160 suum
2735 4103 3167 4172 contemplatus,
3217 4101 3520 4172 formaeque

1931 4201 2285 4259 simulacrum
2315 4199 2368 4254 in
2397 4212 2535 4266 aqua
2583 4195 2752 4251 fontis
2801 4209 3088 4264 apparens.
3147 4205 3202 4250 et
3257 4195 3404 4250 solus
3457 4207 3512 4250 et

1933 4293 2139 4364 primus
2165 4288 2352 4356 incipit
2383 4301 2528 4342 caeco
2575 4285 2656 4340 sui
2690 4298 2876 4338 amore
2915 4284 3168 4354 ﬂagrare.
3203 4286 3344 4355 Ergo
3375 4299 3512 4340 con-

1931 4385 2035 4442 silii
2073 4382 2286 4438 tandem
2313 4380 2489 4447 inops,
2521 4387 2576 4432 et
2606 4377 2780 4444 justas
2819 4391 2938 4431 sese
2967 4378 3096 4431 dare
3137 4391 3325 4445 poenas
3361 4375 3512 4430 arbi-

249 4479 307 4544 ἐξ
355 4479 572 4532 ἐκείνου
614 4479 867 4542 Θεσπιεῖς
887 4480 932 4513 ⁸⁸
956 4481 1156 4550 μᾶλλον
1194 4481 1362 4551 τιμᾷν
1407 4482 1502 4534 καὶ
1545 4481 1818 4553 γεραίρειν

1935 4487 2131 4542 tratus,
2181 4473 2328 4544 quod
2370 4471 2644 4526 Aminiam
2677 4478 2973 4524 amatorem
3006 4469 3202 4538 injuria
3258 4470 3506 4534 laesisset,

249 4572 338 4623 τὸν
376 4571 598 4641 Ἔρωτα
639 4571 734 4623 καὶ
761 4574 898 4644 πρὸς
918 4571 964 4603 ⁸³
989 4573 1110 4633 ταῖς
1147 4550 1354 4634 κοιναῖς
1391 4550 1818 4642 θεραπείαιςτκαί

1936 4579 2162 4626 mortem
2193 4565 2298 4623 sibi
2333 4564 2620 4620 conscivit.
2676 4562 2752 4617 Ex
2802 4577 2905 4628 eo,
2949 4577 3206 4631 responso
3259 4565 3402 4628 dato,
3455 4571 3515 4618 ut

251 4663 363 4733 ὶδιᾳ
394 4661 547 4716 θύειν
576 4660 841 4730 ἔγνωσαν.
871 4662 1097 4717 Δοκοῦσι
1125 4663 1232 4716 δὀἱ
1259 4662 1544 4735 ἐπιχώριοι
1567 4666 1658 4718 τὸν
1687 4664 1817 4734 νάρο

248 4771 467 4820 κισσονυ
491 4754 552 4809 τὸ
596 4754 756 4818 ἄνθος
804 4753 863 4821 ἐξ
900 4754 1117 4826 ἐκείνης
1161 4755 1378 4826 πρῶτον
1413 4753 1514 4823 τῆς
1542 4755 1647 4824 γῆς
1694 4755 1828 4808 ἁνα-

255 4853 427 4920 σχεῖν,
451 4851 533 4914 είς
560 4849 627 4922 ἢν
657 4850 887 4923 ἐξεχύθη
910 4852 972 4906 τὸ
999 4851 1094 4906 τοῦ
1129 4852 1443 4926 Ναρκίσσου
1475 4849 1643 4924 αἷμα.

1937 4678 2088 4718 amor
2120 4659 2293 4729 magis
2333 4658 2692 4712 honoraretur
2711 4655 3111 4724 colereturque,
3141 4665 3340 4724 praeter
3363 4671 3512 4712 com-

1941 4767 2156 4809 munem
2210 4747 2402 4819 135a
2448 4747 2650 4802 cultum
2678 4787 2693 4812 ,
2742 4747 2992 4817 privatim
3037 4762 3252 4816 quoque
3301 4749 3512 4802 sacrili-

1938 4859 2062 4902 care
2083 4846 2458 4897 decreverunt.
2491 4839 2567 4892 Ea
2598 4846 2777 4892 autem
2798 4837 3094 4891 incolarum
3111 4838 3294 4907 opinio
3311 4847 3394 4893 est
3411 4839 3509 4909 (9),

1941 4935 2172 5005 primum
2203 4945 2266 4984 ex
2308 4928 2397 4981 illa
2437 4936 2578 4981 terra
2611 4926 2886 4980 exstitisse
2938 4926 3241 4980 narcissum
3290 4925 3526 5006 florem,

1943 5026 1995 5078 in
2030 5036 2190 5090 quam
2229 5017 2432 5073 effusus
2457 5016 2695 5071 Narcissi
2728 5016 2951 5086 sanguis
2975 5015 3186 5072 fuisset.

1535 5117 1770 5174 VARIIE
1802 5114 2210 5174 LECTIONES.

359 5203 406 5235 ⁸³
430 5202 697 5285 ῌάριδοςὶ
719 5205 815 5258 καὶ
867 5206 1388 5285 ῐξάρι-δοςβριιίίειξιο.
1407 5281 1432 5285 μ
1454 5212 1501 5244 ⁸³
1537 5213 1798 5285 συνήθης]
1855 5211 2082 5285 μισηθείς
2137 5210 2203 5263 Α.
2258 5207 2323 5285 ff
2352 5204 2656 5285 ἐξωνείδιζε
2689 5204 2794 5285 Ἀηι
2819 5202 3113 5285 δι-ωνείδιξε
3138 5222 3231 5285 ςιῆ
3265 5204 3312 5285 ξε
3335 5203 3506 5285 δεινός

256 5289 399 5355 (ζοτιξ
437 5273 482 5326 Α
507 5273 738 5355 δεινῶς
766 5293 870 5355 ειη
887 5277 932 5310 ⁸⁸
956 5273 1068 5355 ⁷ῖῆς
1097 5280 1142 5332 Α
1174 5297 1188 5333 ε
1223 5273 1346 5355 ἀλῖῖὶ
1369 5281 1470 5355 τῆς
1502 5300 1561 5348 ς.
1617 5273 1667 5316 ⁸⁷’
1691 5273 2148 5355 ἀπηγόρεῦθησαν
2179 5277 2508 5348 ς.Ἀμινίας
2531 5273 2828 5340 A,et.iufra
2863 5274 3129 5344 ’Λμινίου.
3187 5274 3232 5306 ⁸⁸
3262 5274 3526 5338 θεσπιεῖς.

1786 5421 2030 5478 ΝΟΤᾸΕ..

261 5348 301 5398 Δ
331 5367 345 5398 :
372 5344 637 5408 θεσπίσας
686 5364 748 5411 ς.
825 5347 874 5379 ⁸⁵
903 5348 996 5401 καὶ
1027 5344 1163 5404 ante
1213 5351 1353 5422 πρὸς
1375 5344 1603 5408 ιιιῙιΙᾞΑ.

331 5501 406 5582 (εξ)
448 5501 1189 5582 ιεεςριιιιιιειιεἚρωτικῶν
1220 5523 1344 5578 cap.
1378 5508 1411 5563 4
1432 5520 1486 5565 et
1515 5510 1605 5574 54,
1638 5525 1692 5564 et
1722 5509 1827 5582 Ly-

266 5577 548 5645 cophrprt
571 5573 800 5645 Cassau.
827 5573 1050 5642 ejusque
1077 5573 1300 5645 interpr.

335 5641 408 5710 (4)
437 5643 484 5695 Α
515 5642 665 5716 Rhea
693 5641 904 5708 educta,
943 5645 1147 5699 ut'vult
1184 5641 1431 5716 Apollod.
1472 5652 1568 5706 lib.
1606 5667 1689 5714 ιιι,
1740 5651 1830 5706 ubi

267 5723 319 5765 et
342 5715 508 5779 plura,
524 5716 590 5765 de
617 5715 720 5766 bis.

340 5784 421 5860 (ὅ).
447 5785 596 5836 Dono
621 5782 906 5860 Apollinis,
937 5793 999 5860 ut
1037 5785 1155 5856 ipsa
1183 5803 1282 5842 sua
1307 5792 1462 5847 docet
1485 5792 1711 5860 epistola
1760 5792 1825 5846 ad

274 5853 507 5907 Paridem
543 5857 683 5919 apud
708 5855 863 5907 Ovid.
896 5855 945 5907 in
973 5853 1064 5910 lin.

344 5926 412 5994 (ti)
442 5922 567 5980 llzcc
587 5925 652 5992 Ω.
691 5925 918 5982 Calaber
964 5928 1263 5996 posteriore
1298 5929 1454 6002 parte
1493 5933 1612 5990 libri
1658 5932 1742 5989 sui
1766 5949 1823 6000 ι,

1935 5510 2092 5579 paulo
2155 5509 2312 5562 aliter
2361 5505 2663 5579 describit;
2698 5501 2860 5579 Vuth
2889 5505 3031 5579 cutim
3072 5505 3184 5579 fato
3231 5509 3510 5560 decretum

1937 5571 2104 5635 i'uissc
2133 5591 2189 5633 ut
2216 5595 2318 5652 non
2352 5578 2455 5631 nisi
2490 5579 2554 5630 ah
2585 5573 2807 5652 0E_u_(mc
2829 5571 2978 5652 [faris
3006 5578 3182 5628 curari
3214 5587 3418 5644 posset,
3457 5590 3512 5631 et

1937 5654 2104 5720 ipsam
2130 5666 2200 5720 se
2233 5651 2285 5702 in
2318 5663 2506 5720 rogum
2537 5645 2713 5720 mariti
2741 5645 3062 5710 conjecisse,
3091 5656 3199 5700 etc.

2009 5721 2084 5788 (7)
2117 5719 2326 5785 Sequor
2352 5717 2845 5788 τρᾲὰπηγόρευσαντ

2006 5783 2080 5861 (8)
2113 5783 2344 5844 Pausan.
2387 5783 2606 5840 Bwotic.
2652 5783 2948 5856 legendus,
2997 5793 3052 5840 ct
3088 5783 3246 5841 Ovid.
3288 5783 3506 5840 Melan;

1932 5876 2013 5916 ill.

2007 5931 2086 6002 (9)
2119 5931 2224 5986 Sed
2250 5945 2406 5997 vana,
2443 5938 2499 5984 ut
2524 5927 2676 5985 docet
2706 5927 2938 5986 Pattsan.
2972 5927 3196 5984 Βωοιὶε..
