3964 6430
536 411 645 475 563

614 526 879 587 Vicesima
909 530 1119 600 quinta.
1160 527 1334 589 Minos
1385 528 1533 584 lovis
1587 540 1643 585 et
1695 529 1921 601 Europae
1962 531 2103 587 ﬁlius
2136 534 2183 593 Α

541 620 755 679 Cretam
773 639 866 679 rex
883 625 1074 690 tenuit,
1094 623 1470 692 Daedalumque
1482 622 1595 694 (10)
1610 625 1935 693 quaesiturus
1947 625 2117 681 classe

541 718 806 773 instructa
839 718 1110 787 navigavit
1149 718 1200 771 in
1236 718 1515 773 Sicaniam
1551 718 1692 787 (quae
1719 719 1880 773 hodie
1926 709 2114 774 Sicilia

543 810 788 877 dicitur),
809 810 897 863 tibi
936 824 965 862 a
996 809 1177 865 Cocali
1210 824 1320 863 ora:
1347 810 1499 865 illius
1518 811 1659 879 regis
1688 809 1900 866 ﬁliabus
1924 823 2007 865 est
2034 812 2117 865 in-

546 901 824 957 terfectus.
850 902 1007 956 Natio
1050 903 1175 957 hinc
1205 901 1574 969 Cretensium,
1609 903 1753 973 regis
1798 904 1878 957 sui
1913 905 2115 959 eadem

543 999 747 1063 ultura,
784 996 980 1049 bellum
1010 997 1271 1051 adversus
1298 994 1510 1051 Siculos
1542 998 1803 1067 suscepit.
1839 997 1945 1052 Sed
1989 998 2115 1053 victi

545 1089 737 1145 Cretes
777 1105 898 1144 cum
934 1090 1149 1157 domum
1179 1089 1430 1153 redeunt,
1472 1089 1539 1143 ad
1571 1089 1797 1160 lapygas
1848 1091 1964 1161 (ll)
1992 1100 2118 1146 sunt

549 1191 870 1253 tempestate
890 1182 1052 1237 delati
1076 1200 1090 1236 :
1112 1182 1292 1251 ibique
1316 1193 1427 1235 tum
1444 1182 1599 1238 sedes
1618 1184 1878 1250 ﬁxerunt,
1894 1185 2117 1256 lapyges

552 1291 654 1346 pro
670 1275 1027 1332 Cretensibus
1051 1273 1200 1329 facti.
1230 1273 1360 1329 Post
1386 1274 1575 1329 horum
1606 1291 1735 1345 pars
1754 1278 1997 1346 quaedam
2025 1294 2119 1347 per

548 1368 866 1423 seditionem
922 1368 1046 1422 inde
1078 1366 1298 1435 expulsa
1325 1407 1341 1432 ,
1386 1368 1587 1422 oraculi
1634 1384 1950 1439 responsum
1988 1371 2118 1425 illud

550 1460 894 1515 consulentes
940 1470 1290 1525 acceperunt,
1338 1459 1427 1514 ubi
1471 1461 1595 1529 quis
1646 1462 1778 1530 ipsis
1831 1471 2030 1517 terram
2068 1472 2121 1517 et

549 1565 746 1620 aquam
782 1550 1065 1620 praeberet,
1109 1550 1180 1604 ibi
1214 1559 1270 1603 ut
1296 1550 1621 1606 habitarent.
1661 1553 1839 1623 Atque
1889 1554 1963 1608 ita
1998 1555 2123 1607 But-

551 1641 798 1694 tizeorum
830 1649 1027 1693 terram
1067 1637 1426 1692 incoluerunt.
1469 1637 1544 1693 lbi
1575 1639 1716 1694 enim
1760 1639 1937 1710 pueri,
1967 1642 2123 1710 panis

552 1743 983 1807 caeterorumque
1033 1731 1502 1785 condinientorum
1560 1731 1704 1787 varia
1764 1748 1963 1802 genera
2029 1749 2125 1803 per

549 1822 733 1877 ludum
759 1818 814 1878 et
854 1822 1033 1890 jocum
1062 1837 1126 1877 ex
1161 1822 1273 1877 luto
1319 1823 1605 1892 ﬁngentes,
1652 1825 1960 1893 petentibus
1992 1825 2123 1894 ipsis

1692 413 1958 475 PHOTII
1981 416 2493 478 PATRIARCHE
2530 419 2639 479 (ΖΡ.

2294 532 2359 585 Ἦ
2389 533 2467 585 κε’
2494 533 2568 595 ώς
2614 532 2798 596 Μίνως
2838 531 2951 596 υίὸς
2984 530 3103 593 Διὸς
3131 530 3225 584 καὶ
3272 528 3560 601 Εὐρώπης,
3588 529 3620 580 ό
3645 528 3792 598 βασι-

2219 625 2390 679 λεύων
2421 627 2665 697 Κρήτης,
2688 627 2830 680 κατά
2864 627 3089 697 ζήτησιν
3136 623 3394 679 Δαιδάλου
3425 622 3600 694 στόλῳ
3637 624 3793 675 πλεύ-

2222 736 2318 781 σας
2346 720 2426 781 είς
2448 718 2706 777 Σικανίαν
2747 718 2905 790 (αῦτη
2931 719 2975 772 δ’
3014 718 3163 771 ἐστὶν
3198 718 3233 788 ἡ
3276 714 3371 769 νῦν
3413 714 3659 784 Σικελία)
3693 716 3793 768 ὑπὸ

2217 811 2327 864 τῶν
2361 810 2626 864 Κωκάλου
2667 810 2982 880 Θυγατὲρων
3017 809 3323 881 (ἐϐασίλευε
3365 807 3411 862 δ’
3441 801 3598 870 οὗτος
3640 807 3797 858 Σικε-

2219 904 2327 957 λῶν
2355 902 2423 975 ⁹⁰)
2453 906 2777 975 ἀναιρεῖται.
2814 903 2921 957 Kal
2959 903 3023 955 τὸ
3059 902 3335 972 Κρητικὸν
3378 901 3610 969 πολεμεῖ
3642 900 3794 950 Σικε-

2220 999 2331 1061 λοῖς
2360 998 2502 1069 ὑπὲρ
2531 998 2624 1052 τοῦ
2655 996 2939 1068 βασιλέως,
2978 999 3071 1050 καὶ
3098 996 3353 1067 ἡττᾶται.
3387 995 3497 1048 Kal
3548 993 3797 1046 ἐπανιόν-

2219 1110 2311 1156 τες
2340 1092 2444 1144 ὑπὸ
2470 1092 2737 1163 χειμῶνος
2760 1091 3016 1156 ἐξέπεσον
3044 1091 3124 1152 είς
3160 1089 3437 1155 Ἰάπυγας,
3476 1087 3571 1140 καὶ
3609 1084 3799 1138 αὐτόθι

2218 1186 2342 1238 τότε
2397 1184 2864 1253 ίδρύσαντο,εάντὶ
2906 1182 3142 1255 Κρητῶν
3192 1182 3482 1253 γεγονότες
3518 1180 3796 1247 Ἰάπυγες.

2220 1276 2414 1349 Χρόνῳ
2434 1276 2491 1330 δὲ
2516 1276 2739 1347 ὓστερον
2772 1277 2937 1348 μοῖρά
2964 1294 3047 1341 τις
3071 1275 3211 1329 κατὰ
3248 1276 3434 1330 στάσιν
3467 1273 3800 1335 ἐκπεσόντες

2221 1372 2318 1441 τῆς
2346 1369 2529 1443 χώρας
2546 1369 2791 1442 χρησμὸν
2817 1367 3026 1432 ἔλαϐον,
3049 1366 3177 1421 ἔνθα
3198 1367 3264 1421 ἄν
3275 1384 3358 1430 τις
3369 1367 3553 1429 αὐτοῖς
3573 1365 3680 1435 γῆν
3705 1366 3801 1417 καὶ

2223 1464 2366 1534 ὕδωρ
2388 1462 2553 1535 ὀρέξῃ
2581 1463 2650 1530 ⁹¹,
2680 1462 2915 1517 ἐνταῦθα
2959 1446 3278 1526 οἰκίζεσθαι.
3315 1458 3428 1513 Kal
3480 1460 3713 1529 ᾤκησαν
3756 1458 3801 1489 "

2221 1557 2320 1626 τὴν
2351 1554 2671 1610 Βοττιαίωνο
2705 1555 2822 1608 ἐκεῖ
2854 1554 2963 1624 γὰρ
2989 1553 3173 1616 παῖδες
3213 1552 3393 1623 ἄρτων
3432 1549 3547 1621 εῐδη
3581 1550 3681 1604 καὶ
3713 1549 3805 1602 άλ-

2222 1649 2329 1702 λων
2355 1648 2502 1719 ὄψων
2534 1647 2821 1712 παίζοντες
2863 1646 2971 1701 ἀπὸ
3001 1646 3173 1718 πηλοῦ
3207 1646 3301 1699 καὶ
3332 1644 3687 1706 πλάττοντες,
3720 1642 3804 1695 al-

2222 1741 2507 1813 τουμένοις
2542 1741 2825 1794 ἐπέδωκαν
2871 1740 3057 1802 αὐτοῖς
3092 1739 3213 1791 ἀντὶ
3252 1737 3435 1806 ἀρτων
3479 1737 3609 1799 τοὺς
3641 1733 3805 1804 πηλί-

2224 1853 2348 1898 νους
2397 1835 2629 1907 ἄρτουςο
2676 1832 2773 1886 καὶ
2822 1832 2876 1884 οἶ
2915 1848 2978 1900 γε
3040 1830 3131 1882 τὸν
3177 1828 3427 1900 χρησμὸν
3487 1824 3804 1880 τετελέσθαι

549 1915 706 1985 panis
737 1914 857 1969 loco
887 1914 1283 1969 distribuerunt
1332 1913 1504 1969 luteos
1554 1929 1721 1982 panes
1754 1934 1767 1970 :
1807 1926 1861 1970 et
1892 1916 1967 1969 illi
2018 1916 2118 1989 im-

2239 1924 2545 1994 νομίσαντες
2590 1926 2863 1995 ᾐτήσαντο
2890 1922 2983 1975 τὸν
3031 1921 3255 1992 βασιλέα
3300 1918 3650 1981 Μακεδόνων,
3713 1919 3807 1969 καὶ

550 2005 754 2075 pletum
790 2020 911 2061 esse
943 2005 1220 2060 oraculum
1251 2007 1611 2074 interpretati,
1658 2007 1839 2061 sedem
1870 2023 1900 2061 a
1947 2006 2125 2063 Mace-

548 2098 750 2150 donum
785 2112 912 2167 rege
937 2096 1287 2167 postulantes,
1324 2096 1673 2153 Bottiaeurum
1695 2114 1844 2153 oram
1878 2100 2125 2155 habitan-

552 2192 674 2246 dam
714 2202 1059 2260 acceperunt,
1090 2202 1145 2246 et
1184 2192 1523 2247 Cretensium
1586 2208 1780 2248 nomen
1811 2194 1922 2265 jam
1967 2197 2124 2250 tertio

548 2299 672 2337 cum
719 2283 1066 2338 Bottiaeorum
1096 2295 1512 2352 commutantes,
1571 2286 1749 2354 portio
1796 2302 1940 2342 nunc
1997 2300 2126 2344 sunt

550 2376 927 2432 Macedonum.

626 2468 896 2524 Vicesima
939 2478 1089 2523 sexta
1134 2480 1322 2525 narrat
1379 2470 1645 2541 Apollinis
1683 2482 1990 2543 spectrum,
2039 2474 2126 2528 cui

547 2563 728 2618 Carno
756 2562 869 2633 (12)
924 2578 1141 2635 nomen,
1200 2564 1492 2618 Dorienses
1541 2564 1694 2633 sequi
1755 2564 1996 2631 solitum,
2059 2567 2126 2619 ab

550 2655 781 2725 Hippota
810 2654 923 2725 (15)
953 2656 1188 2724 quodam
1239 2671 1269 2713 e
1336 2656 1505 2723 stirpe
1564 2654 1811 2711 Herculis
1851 2667 1962 2711 tum
2007 2672 2128 2712 esse

550 2748 924 2812 interfectum,
949 2762 1068 2800 cum
1100 2748 1151 2800 in
1183 2746 1612 2816 Peloponnesum
1651 2746 1949 2803 Heraclida:
1986 2751 2128 2804 redi-

552 2849 693 2896 rent.
726 2838 861 2894 Cum
887 2854 1013 2909 ergo
1038 2850 1325 2909 propterea
1354 2850 1502 2909 peste
1528 2841 1767 2908 graviter
1791 2840 2127 2907 laborarent,

552 2932 777 2988 oraculo
838 2943 1059 3003 accepto
1112 2949 1143 2987 e
1193 2933 1389 2987 castris
1444 2934 1708 3003 Hippoten
1783 2936 2126 3001 expulerunt.

560 3025 686 3080 Erat
717 3038 899 3081 autem
934 3036 1209 3096 spectrum
1270 3028 1370 3081 hoc
1424 3026 1779 3083 Doriensibus
1809 3029 1946 3083 vatis
1986 3029 2130 3084 loco.

556 3119 626 3175 Et
664 3120 960 3175 Heraclida:
1022 3120 1241 3189 quidem
1280 3130 1394 3174 tum
1448 3122 1501 3174 in
1544 3120 1974 3190 Peloponnesum
2019 3137 2130 3178 tra-

2225 2018 2415 2071 ἐλαϐον
2470 2020 2638 2072 οίκεῖν
2680 2018 2779 2088 τὴν
2834 2017 3155 2079 Βοττιαίων,
3207 2014 3333 2087 [457
3390 2012 3478 2085 R.]
3522 2014 3614 2065 καὶ
3677 2012 3805 2063 Bor-

2223 2112 2390 2164 τιαῖοι
2436 2110 2535 2181 μέν
2580 2110 2764 2181 τρίτον
2809 2110 2966 2178 γένος
3019 2109 3127 2163 ἀπὸ
3178 2107 3413 2180 Κρητῶν
3466 2106 3807 2177 ἀμείψαντες

2230 2208 2395 2278 μοῖρα
2430 2205 2524 2258 νῦν
2555 2205 2660 2257 είσὶ
2684 2204 3033 2259 Μακεδόνων.

2315 2475 2380 2528 Ἡ
2409 2480 2499 2540 κς⁹
2550 2472 2802 2537 διέξεισιν
2856 2472 2931 2534 ὡς
2981 2470 3174 2541 φάσμα
3222 2468 3586 2531 Ἀπόλλωνος,
3635 2465 3813 2535 δνομα

2229 2567 2469 2637 Κάρνος,
2501 2563 2797 2634 Δωριεῦσιν
2824 2562 3113 2631 ἑπόμενον,
3157 2560 3418 2627 Ἱππότης
3450 2576 3536 2621 τις
3573 2555 3687 2610 τῶν
3724 2556 3813 2623 ἀφ’

2243 2658 2576 2731 Ἡρακλέους
2604 2657 2837 2727 ἀναιρεῖ,
2861 2655 2950 2707 ὅτε
2980 2653 3257 2725 κατῄεσαν
3293 2654 3372 2716 εἰς
3403 2651 3817 2720 Πελοπόννησον

2241 2750 2616 2822 Ἡρακλεῖδαι.
2641 2749 2751 2802 Kal
2779 2747 2970 2818 λοιμοῦ
2996 2747 3210 2809 τούτοις
3236 2744 3670 2815 προσπεσόντος,
3693 2759 3818 2811 χρη-

2235 2846 2369 2914 σμὸν
2396 2843 2445 2876 “
2479 2842 2735 2905 λαϐόντες
2771 2840 2979 2911 ἧλασαν
3024 2839 3117 2892 τὸν
3160 2838 3419 2905 Ἱππότην
3447 2833 3542 2888 τοῦ
3586 2850 3820 2905 στρατο-

2234 2939 2417 2992 πέδου.
2450 2938 2661 2999 Μάντις
2704 2936 2749 2987 δ’
2774 2931 2843 3005 ἦν
2889 2937 2952 2986 τὸ
3000 2933 3192 3002 φάσμα
3226 2933 3273 2963 ’⁵
3323 2931 3433 2992 τοῖς
3483 2928 3814 2998 Δωριεῦσιν.

2246 3029 2628 3101 Ἡρακλείδαις
2687 3028 2783 3098 μὲν
2833 3009 3066 3087 κάθοδος
3115 3025 3195 3087 είς
3254 3021 3666 3091 Πελοπόννησον
3699 3017 3818 3087 ἐγέ-

2234 3140 2389 3177 νετο·
2441 3124 2469 3175 ὁ
2512 3121 2557 3174 δ’
2602 3121 2859 3187 Ἱππότης
2911 3117 3196 3187 ἀλώμενος
3219 3116 3265 3147 ⁸⁸
3293 3114 3469 3167 τίκτει
3521 3112 3718 3175 παῖδα,
3760 3113 3821 3163 ἐκ

550 3214 801 3283 iecerunt
834 3231 848 3267 :
887 3211 1147 3282 Hippotes
1168 3226 1297 3266 vero
1321 3211 1410 3265 ille
1429 3210 1714 3278 oberrans,
1742 3213 1910 3267 ﬁlium
1944 3218 2131 3286 genuit

2239 3216 2327 3269 τοῦ
2364 3215 2689 3285 πράγματος
2733 3212 2964 3281 Ἀλήτην
3005 3209 3263 3273 καλέσας,
3293 3206 3353 3270 ὃς
3394 3204 3699 3277 ἀνδρωθεὶς
3730 3204 3823 3256 καὶ

554 3306 641 3359 cui
704 3320 769 3359 ex
826 3319 885 3358 re
934 3304 1103 3359 Aleta:
1149 3304 1261 3375 (14)
1306 3319 1498 3359 nomen
1561 3305 1731 3359 dedit.
1770 3304 1868 3361 Hic
1911 3284 1999 3363 ubi
2064 3309 2130 3362 ad

2239 3284 2433 3379 μοῖραν
2476 3305 2571 3359 τοῦ
2597 3302 2844 3374 Δωρικοῦ
2883 3301 3164 3367 συλλέξας,
3198 3300 3292 3353 καὶ
3323 3299 3615 3367 Σισυφίδας
3651 3297 3821 3352 ἐκϐα-

555 3402 771 3448 :etatem
848 3390 1060 3446 virilem
1134 3394 1423 3461 pervenit,
1490 3393 1669 3448 Dorici
1728 3396 1907 3464 pupuli
1980 3407 2134 3465 parte

556 3486 807 3547 collecta,
860 3484 1143 3554 pulsisque
1198 3484 1530 3555 Sisyphidis,
1591 3487 1684 3557 qui
1735 3496 1847 3541 tum
1884 3488 2134 3544 Corinthi

558 3589 718 3645 rcges
745 3586 925 3637 erant,
953 3589 1076 3629 cum
1106 3573 1347 3643 ipsorum
1378 3576 1547 3630 sociis
1571 3577 1815 3641 lonibns,
1855 3578 2043 3633 urbem
2076 3580 2138 3633 il-

557 3669 664 3721 lam
731 3667 909 3721 denuo
950 3665 1141 3719 incolis
1205 3666 1397 3736 replet,
1463 3670 1829 3738 pergebatque
1877 3672 2138 3727 adversus

560 3762 822 3822 Atticam,
854 3773 975 3812 cum
1005 3757 1211 3811 oraculi
1242 3772 1561 3827 responsum
1594 3760 1768 3814 eidem
1792 3762 1974 3817 datum
2000 3801 2015 3827 ,
2060 3765 2140 3817 vi-

560 3864 765 3908 ctorem
787 3852 924 3915 fore,
945 3851 987 3904 si
1009 3850 1076 3903 ab
1094 3849 1508 3904 Atheniensium
1528 3865 1650 3923 rege
1673 3854 1974 3910 abstineret
1997 3857 2136 3925 (15).

560 3946 676 4000 Hoc
703 3943 924 3997 oraculo
951 3942 1018 4007 ab
1058 3941 1484 3997 Atheniensibus
1518 3944 1760 4013 cognito,
1801 3947 1979 4002 Codro
2023 3965 2139 4019 sep-

563 4036 884 4107 tuagenario
914 4034 1261 4112 persuadent,
1314 4034 1490 4089 libens
1536 4050 1594 4091 se
1623 4052 1719 4104 pro
1752 4040 1925 4108 patria
1956 4049 2013 4093 ut
2049 4042 2142 4096 de-

560 4142 773 4184 voveat.
816 4131 908 4185 llle
956 4141 1106 4186 veSIe
1156 4140 1386 4193 mutata,
1427 4129 1584 4199 quasi
1636 4129 1962 4198 lignatorum
2002 4147 2140 4186 unus

563 4234 731 4289 esset,
766 4238 795 4277 a
839 4224 1083 4279 Dorieusi
1118 4224 1351 4293 quodam
1386 4223 1729 4277 interﬁcitur.
1764 4220 2051 4277 Dorienses
2085 4238 2142 4277 re

564 4328 749 4384 postea
786 4318 1023 4386 cognita,
1053 4319 1119 4372 de
1149 4316 1374 4371 victoria
1402 4318 1773 4385 desperantes,
1810 4332 1930 4370 cum
1976 4317 2143 4371 Athe-

563 4410 845 4465 uiensibus
888 4411 1037 4480 pacis
1065 4411 1269 4465 foedera
1305 4410 1564 4463 inierunt.

648 4501 909 4557 Vicesima
958 4503 1188 4572 septima
1224 4500 1393 4555 refert
1435 4502 1500 4554 de
1568 4504 1726 4554 rebus
1772 4500 2141 4567 Deucalionis,

562 4596 655 4664 qui
687 4596 739 4648 in
763 4594 1077 4649 Phthiotide
1110 4594 1374 4664 regnavit,
1432 4592 1608 4661 deque
1646 4591 1870 4645 Graecia:
1914 4593 2143 4646 inunda-

563 4689 715 4742 tione
762 4688 885 4757 eju's
935 4688 1270 4757 temporibus
1315 4704 1329 4740 :
1374 4702 1439 4739 ac
1495 4687 1562 4739 de
1608 4685 1825 4738 llclleuc
1875 4686 1987 4740 ﬁlio
2031 4687 2148 4755 ejus

571 4779 761 4850 135b
799 4779 1039 4849 (quidam
1068 4776 1216 4831 lovis
1242 4792 1363 4830 esse
1393 4775 1599 4837 dicunt)
1626 4774 1714 4842 qui
1735 4785 1785 4827 et
1821 4774 2146 4850 Deucalione

570 4883 808 4938 mortuo,
848 4873 901 4925 iu
935 4886 1101 4940 regno
1134 4868 1418 4933 successit,
1456 4867 1755 4933 habuitque
1820 4866 1957 4919 ﬁlios
2017 4876 2146 4920 tres.

570 4963 652 5017 Ex
692 4963 778 5016 his
806 4961 1023 5016 [Eolum
1080 4967 1206 5012 natu
1250 4955 1574 5017 maximum,
1605 4955 1798 5008 merito
1834 4954 2003 5009 voluit
2033 4954 2149 5021 ejus

574 5054 811 5124 regionis
849 5063 1121 5122 sceptrum
1156 5049 1477 5116 ιειιεινυλουί
1515 5048 1741 5116 ipsemet
1768 5056 1924 5101 antea
1976 5047 2149 5116 impe-

2236 3402 2344 3454 λὼν
2394 3398 2661 3469 Κορίνθου
2705 3395 2962 3467 βασιλέας
2998 3394 3160 3455 ὄντας
3207 3394 3463 3455 καὶτοὺς
3496 3393 3595 3444 σὺν
3635 3392 3823 3453 αὐτοῖς

2242 3496 2456 3557 Ἴωνας,
2488 3492 2750 3556 ἀνοικίζει
2794 3490 2893 3561 τὴν
2923 3489 3080 3542 πόλιν
3101 3489 3193 3541 καὶ
3222 3488 3380 3559 ἐπῄει
3409 3488 3550 3540 κατὰ
3572 3485 3674 3555 τῆς
3703 3485 3823 3536 Ἀτ-

2238 3587 2417 3656 τικῆς,
2454 3584 2581 3657 [225
2622 3582 2713 3656 IL]
2743 3584 2830 3637 ὅτε
2857 3583 2953 3636 xal
2982 3580 3228 3652 χρησμὸν
3253 3577 3519 3650 λαμϐάνει
3549 3576 3822 3647 νικήσειν,

2240 3681 2289 3732 εί
2343 3679 2667 3748 ἀπόσχοιντο
2712 3675 2806 3729 τοῦ
2869 3672 3135 3744 βασιλέως
3189 3671 3510 3742 Ἀθηναίων.
3574 3669 3690 3723 Kal
3730 3666 3825 3721 τοῦ

2241 3770 2491 3841 χρησμοῦ
2542 3767 2878 3837 γνωσθέντος
2928 3764 3270 3836 Ἀθηναίοις,
3324 3762 3571 3815 πείθουσι
3614 3759 3828 3829 Κόδρον

2241 3857 2928 3931 ἐϐδομηκοντούτηνμόντα
2978 3857 3173 3909 ἑκόντα
3223 3853 3406 3908 δοῦναι
3445 3851 3638 3905 ἐαυτὸν
3685 3850 3827 3921 ὑπὲρ

2240 3954 2339 4023 τῆς
2371 3928 2660 4021 πατρίδος.
2696 3928 2807 4003 Kal
2848 3948 3222 4018 ἀμειψάμενος
3250 3946 3348 4017 τὴν
3395 3944 3608 4013 στολὴν,
3642 3944 3721 4005 ὡς
3750 3936 3829 4004 εἷς

2241 4045 2353 4098 τῶν
2386 4043 2694 4114 ξυλοφόρων
2743 4043 2832 4109 ὑφ’
2887 4042 3003 4104 ἐνὸς
3056 4041 3164 4095 τῶν
3199 4039 3452 4111 Δωριέων
3497 4038 3823 4106 ἀναιρεῖται.

2244 4137 2355 4190 Καὶ
2394 4137 2616 4206 γνόντες
2660 4135 2886 4202 ὕστερον
2916 4134 3162 4201 Δωριεῖς,
3204 4132 3298 4184 καὶ
3342 4129 3677 4197 ἀπογνόντες
3726 4126 3826 4196 τὴν

2247 4226 2425 4295 νίκην,
2449 4223 2773 4277 ἐσπείσαντο
2812 4220 3141 4293 Ἀθηναίοις.

2330 4495 2397 4547 Ἦ
2424 4493 2504 4559 κζ’
2543 4493 2611 4548 τὰ
2638 4492 2767 4564 περὶ
2799 4491 3168 4553 Δευκαλίωνος
3205 4485 3565 4555 ἀπαγγέλλει,
3604 4484 3664 4547 ὃς
3706 4480 3829 4535 ἐϐα-

2254 4588 2443 4642 σίλευε
2477 4587 2524 4618 ’⁸
2568 4585 2669 4655 τῆς
2711 4583 3021 4649 Φθιώτιδος,
3058 4585 3154 4636 καί
3199 4582 3293 4635 τοῦ
3334 4581 3455 4635 κατ’
3516 4580 3681 4632 αὐτὸν
3732 4579 3830 4646 τῆς

2265 4681 2513 4742 Ἑλλάδος
2537 4678 2926 4748 κατακλυσμοῦ
2949 4694 2962 4707 ·
2999 4679 3093 4730 καὶ
3129 4678 3259 4747 περὶ
3290 4674 3555 4745 Ἕλληνος
3580 4670 3678 4725 τοῦ
3711 4689 3830 4724 παι-

2251 4774 2338 4837 δὸς
2371 4772 2561 4835 αὑτοῦ,
2607 4772 2667 4825 ὃν
2709 4759 2841 4825 ἔνιοι
2869 4770 2965 4823 τοῦ
3007 4771 3126 4833 Διὸς
3167 4770 3332 4829 παῖδα
3381 4764 3517 4821 εἷναί
3559 4782 3745 4836 φασιν,
3774 4765 3830 4826 ὃς

2253 4866 2347 4919 καὶ
2376 4852 2645 4930 διεδέξατο
2689 4864 2789 4932 τὴν
2835 4843 3115 4932 βασιλείαν
3160 4860 3588 4929 τελευτήσαντος
3634 4860 3833 4909 Δευκα-

2252 4958 2465 5021 λίωνος,
2495 4957 2589 5009 καὶ
2634 4956 2809 5008 τίκτει
2862 4954 3058 5017 παῖδας
3084 4954 3131 4985 ’⁷
3170 4954 3339 5026 τρεῖς.
3362 4946 3465 5004 Ὧν
3516 4950 3709 5004 Αἴολον
3737 4947 3832 5019 μὲν

2252 5050 2343 5104 τὸν
2384 5049 2601 5119 πρῶτον
2669 5045 2972 5118 βασιλεύειν
3025 5045 3340 5099 ἐδικαίωσεν
3397 5040 3465 5116 ἧς
3518 5041 3658 5117 ἦρχε
3712 5044 3832 5111 γῆς.

1875 5186 2111 5241 VARI/13
2150 5187 2535 5244 LECTIONES
2555 5231 2569 5244 .

643 5297 688 5328 ’°
710 5292 952 5347 Σικελῶν
980 5306 1089 5358 mg.
1119 5306 1134 5340 :
1163 5287 1285 5358 libri
1312 5284 1539 5358 Σικεῷνἷ
1696 5284 1873 5358 ὀρέξει
1900 5304 1962 5349 ς-

2038 5288 2082 5317 ⁹²
2115 5286 2325 5356 ᾤκισαν
2362 5307 2422 5353 ς.
2472 5289 2521 5319 ⁸³
2542 5286 2814 5357 χρησμόν]
2856 5285 2952 5339 καὶ
2976 5283 3227 5355 χρησμόν
3248 5284 3316 5337 Α.
3376 5282 3424 5315 ³⁸
3450 5284 3745 5351 φάντασμα
3766 5295 3824 5341 ς.

578 5368 622 5399 ⁸⁵
645 5360 948 5433 ἀλώμενος]
985 5355 1057 5414 cf:
1086 5357 1375 5412 Ruhnken.
1396 5357 1465 5411 ad
1498 5355 1686 5424 Vellej.
1728 5372 1779 5425 p.
1811 5357 1897 5408 1'2.
1975 5357 2021 5389 ³⁵
2045 5355 2365 5411 ἐϐασίλευσε
2397 5376 2458 5422 ς.

2551 5360 2595 5400 ³⁷
2656 5357 2853 5421 παῖδας
2891 5373 3003 5413 out.
3036 5357 3100 5410 Α.

2098 5474 2332 5533 ΝΟΤίΕ.

648 5582 763 5653 (10)
791 5581 933 5649 Lege
955 5576 1434 5653 Barisan.__l_lcliaic.
1471 5578 1591 5631 iuit.

653 5646 768 5719 lli)
809 5646 937 5705 Vide
972 5650 1152 5702 Strab.
1195 5646 1392 5719 lilyvt.

652 5715 777 5803 (1‘2).
800 5721 1006 5803 "accde
1024 5719 1205 5784 Carrio
1231 5716 1390 5773 aliter
1415 5716 1695 5787 aliquanto
1724 5715 1889 5770 refert
1917 5716 2148 5769 l’ausau.

658 5802 710 5848 in
746 5794 994 5849 Laconic.

656 5866 764 5939 (l5)
794 5866 963 5933 Quem
997 5864 1266 5938 Pbylantii
1320 5865 1483 5920 lilium
1541 5859 1673 5916 facit
1729 5857 1958 5912 Pausan.
2028 5871 2147 5911 cum

2260 5575 2514 5643 Apollod.
2534 5576 2629 5629 lib.
2660 5574 2988 5640 nBiblioth.,
3018 5572 3107 5642 qui
3128 5573 3267 5627 hanc
3284 5572 3349 5625 ad
3378 5568 3714 5639 Naupactum
3742 5580 3833 5635 pa-

2265 5658 2461 5701 tratatu
2499 5648 2699 5701 caedem
2729 5646 2911 5699 tradit.

2336 5718 2449 5785 (Ut)
2482 5717 2647 5789 Quasi
2678 5714 2945 5789 Errabant
2976 5730 3003 5767 a
3023 5712 3281 5789 parentis
3309 5710 3589 5789 erroribus
3616 5709 3833 5764 dixeris.

2338 5789 2447 5859 ([5)
2480 5788 2715 5844 Pausan.
2754 5786 2875 5841 init.
2907 5784 3238 5840 Coriuthiac.
