4038 6416
190 454 282 520 565
1181 449 1705 512 BIBLIOTHECA.
1746 471 1817 484 -

187 563 405 635 *Ασωπῷ
433 564 522 618 καὶ
549 564 757 617 Ἐνιπεῖ
777 565 895 618 δυσὶ
935 568 1201 635 ποταμοῖς
1230 565 1327 636 τὴν
1366 563 1539 635 ἀρχὴν
1568 562 1737 631 διορι-
1768 564 1812 621 Α

188 661 425 729 σάμενος,
449 658 504 723 ἐξ
540 652 597 711 οὗ
636 657 697 710 τὸ
731 657 979 711 Αἰολικὸν
1007 658 1306 725 κατάγεται
1334 658 1488 725 γένος
1511 673 1528 689 ’
1553 656 1737 727 Δῶρος

186 751 533 821 δ’ὀδεύτερος
564 752 757 821 μοῖραν
786 749 879 803 τοῦ
928 750 1058 804 λαοῦ
1087 750 1269 806 λαϐὼν
1308 752 1459 823 παρὰ
1498 750 1593 805 τοῦ
1630 769 1736 805 πα-

184 843 296 912 τρὸς
333 843 694 909 άποικίζεται,
735 845 828 897 καὶ
874 844 977 896 ὑπὸ
1023 844 1113 897 τὸν
1142 845 1465 916 Παρνασσὸν
1515 844 1576 897 τὸ
1614 844 1739 916 ὅρος

184 935 341 999 κτίζει
388 935 591 1001 πόλεις,
644 936 818 1001 Βοιὸν,
860 937 1114 991 Κυτίνιον
1152 937 1220 999 ⁸⁸,
1272 936 1528 1007 Ἐρινέον,
1580 937 1639 1001 ἐξ
1677 931 1738 993 οὗ

183 1027 425 1095 Δωριεῖς·
488 1026 516 1077 ὁ
565 1024 621 1078 δὲ
672 1024 937 1090 νεώτατος
998 1027 1260 1098 Ἀθήναζε
1298 1029 1344 1060 ³⁸
1409 1027 1739 1098 ἀφικόμενος

184 1118 338 1181 κτίζει
394 1119 720 1189 τετράπολιν
774 1120 1118 1191 καλουμένην
1169 1122 1267 1191 τῆς
1322 1120 1593 1190 Ἀττικῆς,
1644 1120 1740 1173 καὶ

184 1211 334 1279 γαμεῖ
356 1210 637 1282 Κρέουσαν
666 1210 765 1281 τὴν
807 1212 1125 1283 Ἐρεχθέως,
1161 1213 1253 1266 καὶ
1279 1213 1449 1267 τίκτει
1479 1212 1537 1277 ἐξ
1570 1212 1741 1282 αὐτῆς

194 1300 391 1370 ’Δχαιὺν
422 1303 518 1355 καὶ
552 1303 734 1356 Ἴωνα.
770 1304 880 1356 Καὶ
910 1305 938 1357 ὁ
983 1304 1081 1374 μὲν
1115 1304 1328 1373 Ἀχαιὸς
1356 1303 1611 1358 ἀκούσιον
1640 1305 1738 1371 φό-

185 1410 258 1445 νον
284 1394 659 1464 ἐργασάμενος
686 1396 882 1466 ἠλάθη,
905 1396 1000 1449 καὶ
1020 1398 1099 1461 είς
1128 1397 1538 1468 Πελοπόννησον
1568 1396 1739 1451 ἐλθὼν

195 1486 397 1554 Ἀχαΐαν
420 1485 597 1550 κτίζει
637 1487 986 1557 τετράπολιν,
1017 1488 1076 1553 ἐξ
1114 1482 1174 1543 οὗ
1215 1488 1458 1559 Ἀχαιοί·
1493 1489 1619 1542 Ἴων
1655 1488 1736 1553 δὲ,

183 1576 409 1640 θανόντος
452 1578 553 1631 τοῦ
602 1580 1041 1651 μητροπάτορος,
1079 1579 1169 1635 διά
1205 1599 1263 1634 τε
1289 1580 1385 1651 τὴν
1421 1581 1624 1653 ἀρετὴν
1645 1582 1740 1634 καὶ

182 1660 263 1739 ἑὴν
284 1671 445 1741 άλλην
485 1672 715 1737 ἀξίωσιν
746 1672 988 1743 αἱρεθεὶς
1024 1673 1643 1757 βασιλεύειᾉθηναίων,
1681 1671 1740 1739 ἐξ

182 1758 231 1815 οὗ
269 1764 446 1826 Ἴωνες
485 1764 625 1817 οἵτε
664 1764 941 1835 Ἀθηναῖοι
981 1764 1214 1837 ἦρξαντο
1244 1766 1526 1819 καλεῖσθαι
1551 1765 1646 1818 καὶ
1678 1764 1741 1818 τὸ

183 1849 290 1903 ἄλλο
312 1852 418 1905 πᾶν
453 1850 720 1907 Ἰωνικόν.

1773 1920 1816 1975 Β

249 2115 307 2170 Ἦ
330 2124 412 2187 κη’
433 2117 516 2182 ὡς
538 2121 742 2191 Τέννης
762 2123 855 2175 καὶ
887 2123 1121 2192 Ἥμιθέα
1142 2126 1331 2190 παῖδες
1354 2128 1526 2200 ἤστην
1545 2130 1746 2202 Κύκνῳ

188 2209 372 2279 βασιλεί
405 2212 690 2283 Τρῳάδος,
735 2216 828 2269 καὶ
869 2216 1081 2278 Κύκνος
1109 2219 1124 2249 ¹
1181 2219 1557 2293 ἀποθανούσης
1596 2223 1744 2293 αὐτῷ

183 2303 264 2370 τῆς
289 2305 552 2370 γυναικὸς
582 2306 777 2377 ἑτέραν
822 2310 1177 2378 ἐπεισάγεται
1200 2327 1212 2339 ·
1254 2313 1287 2381 ἠ
1338 2312 1383 2365 δ’
1415 2315 1745 2385 ἐπιμανεῖσα

186 2396 331 2468 Τέννῃ
358 2399 453 2450 καὶ
490 2400 570 2468 μὴ
596 2401 941 2470 τυγχάνουσα
988 2405 1386 2475 καταψεύδεται
1411 2407 1505 2459 τοῦ
1556 2409 1745 2474 παιδὸς

186 2489 238 2541 τά
261 2490 449 2559 ἑαυτῆς
468 2507 484 2521 ο
522 2492 619 2545 καὶ
646 2493 673 2544 ό
703 2495 887 2564 πατὴρ
914 2496 1153 2567 ἀκρίτως
1182 2498 1262 2561 είς
1293 2498 1542 2570 λάρνακα
1567 2502 1587 2531 ¹
1611 2502 1743 2554 Τέν·

186 2598 264 2651 νην
296 2583 637 2649 κατακλείει,
676 2585 811 2638 ἀλλὰ
841 2586 938 2639 καὶ
966 2587 1062 2659 τὴν
1099 2588 1365 2659 Ἡμιθέαν
1414 2593 1743 2662 περιαλγοῦο

189 2689 265 2725 σαν
312 2674 585 2744 τάδελφοῦ
614 2674 655 2740 ³,
685 2676 780 2729 καὶ
822 2677 1015 2746 ἀφίησι
1067 2681 1132 2749 τῇ
1181 2678 1446 2753 θαλάσσῃ.
1492 2682 1556 2734 Ἥ
1582 2682 1625 2734 δ’
1664 2684 1745 2745 είς

185 2766 318 2835 νῆσον
342 2768 662 2839 ἐκφέρεται,
696 2770 791 2823 καὶ
813 2771 863 2823 οἱ
902 2771 1186 2844 ἐπιχώριοι
1214 2774 1313 2844 τὴν
1338 2775 1583 2843 λάρνακα
1610 2776 1740 2829 ἀνα-

185 2855 494 2925 κομίζονται,
534 2859 711 2911 καὶτὸ
732 2859 933 2929 κράτος
962 2860 1062 2930 τῆς
1097 2862 1204 2931 γῆς
1237 2864 1452 2935 ἐκείνης
1486 2866 1695 2934 ἴσχουσι
1720 2866 1743 2897 δ

184 2949 358 3021 Τέννης
388 2951 487 3004 καὶ
531 2951 786 3021 Ἡμιθέα,
813 2954 907 3006 κα)⁸
940 2955 973 3025 ἡ
1003 2954 1167 3024 νῆσος
1196 2956 1417 3020 Τένεδος
1448 2958 1571 3011 ἀντὶ
1607 2960 1741 3011 Λευ-

186 3042 391 3111 κόφρυος
430 3043 760 3113 ὠνομάσθη.
806 3044 865 3098 '0
907 3044 963 3098 δὲ
1017 3046 1232 3111 Κύκνος
1290 3051 1594 3119 μεταγνοὺς
1647 3050 1741 3104 καὶ

184 3136 532 3207 ὁρμισάμενος
560 3138 698 3207 πρὸς
724 3137 823 3209 τὴν
856 3139 1039 3208 νῆσον,
1075 3142 1245 3195 ἐδεῖτο
1275 3140 1370 3196 τοῦ
1420 3144 1608 3209 παιδὸς
1631 3145 1739 3198 ἀπὸ

185 3228 263 3325 της
284 3228 408 3292 νεὼς
434 3229 752 3325 άμνηστίαν
777 3228 942 3301 ἔχειν.
974 3233 1033 3285 Ὀ
1056 3232 1135 3325 δὲ,
1170 3234 1245 3297 ὡς
1282 3236 1355 3305 μὴ
1383 3236 1611 3305 ἐπιϐαίη
1637 3237 1738 3306 τῆς
1768 3264 1813 3325 C

184 3319 341 3387 νήσου,
390 3320 637 3373 πέλεκυν
682 3322 953 3392 ἀράμενος
1008 3324 1077 3377 τά
1128 3325 1408 3396 πείσματα
1452 3328 1553 3397 τῆς
1605 3329 1739 3394 νεὼς

182 3408 429 3467 διακόπτει
453 3432 467 3444 ·
516 3412 644 3486 [440
677 3414 766 3486 IL]
799 3417 891 3467 καὶ
925 3416 1020 3469 ἀπ’
1050 3417 1215 3470 αὑτοῦ
1263 3420 1311 3471 οί
1345 3419 1623 3491 ἄνθρωποι
1648 3422 1744 3475 ἐπὶ

186 3502 353 3567 παντὸς
400 3506 688 3575 ἀποτόμου
747 3507 1076 3578 πράγματος
1120 3509 1213 3562 τὸν
1251 3510 1452 3564 Τέννου
1508 3511 1743 3567 πέλεκυν

186 3592 521 3663 ἐπιλέγουσιν.

247 3776 303 3828 Ἡ
330 3776 407 3830 κθ¹
440 3778 527 3842 ὠς
554 3779 850 3853 Μάγνητες
877 3784 927 3835 οί
978 3782 1304 3854 Μαγνησίαν
1345 3785 1444 3857 τὴν
1477 3786 1535 3841 ὲν
1587 3786 1747 3859 Ἀσίᾳ.

186 3866 261 3921 νῦν
279 3871 556 3937 οἰκοῦντες
578 3874 637 3927 τὸ
664 3874 932 3946 πρότερον
953 3893 1019 3929 πε
1028 3877 1083 3947 pl
1114 3877 1343 3948 Πηνειὸν
1374 3878 1623 3949 ποταμὸν
1648 3880 1747 3933 καὶ

185 3957 232 4010 τὸ
274 3962 465 4033 Πήλιον
528 3964 652 4034 ὄρος
717 3964 977 4038 ᾤκησαν,
1034 3969 1131 4021 καὶ
1198 3971 1669 4043 συνεστράτευσαν
1724 3972 1747 4003 ⁸

196 4050 399 4121 Ἀχαιοῖς
450 4056 603 4110 κατά
636 4057 836 4129 Τροίας
886 4061 1194 4130 ἡγουμένου
1245 4062 1427 4115 αὐτῶν
1479 4064 1746 4135 Προθόου,

186 4146 261 4197 καὶ
285 4147 581 4203 ἐκαλοῦντο
626 4150 940 4221 Μάγνητες.
984 4149 1120 4207 Εἶτα
1149 4154 1348 4225 δεκάτη
1381 4157 1402 4187 ⁸
1438 4159 1747 4229 Μαγνήτων

188 4237 645 4314 ἀνακομιζομένων
684 4244 864 4301 αὐτῶν
894 4244 1002 4298 ἀπὸ
1047 4246 1251 4317 Τροίας
1278 4246 1475 4312 οἰκίζει
1506 4252 1623 4303 κατ’
1658 4251 1750 4304 εὐ-

187 4327 265 4396 χὰς
307 4334 380 4397 εἰς
411 4332 681 4402 Δελφούς.
732 4334 886 4388 Μετὰ
934 4335 1125 4406 χρόνον
1175 4336 1233 4389 δὲ
1274 4336 1606 4401 ἀναστάντες
1651 4336 1746 4391 τοῦ

192 4420 309 4491 ἱεροῦ
337 4428 429 4480 καὶ
457 4428 749 4492 κατιόντες
775 4430 869 4481 ἐπὶ
907 4430 1182 4484 Θάλασσαν
1215 4430 1634 4502 ἐπεραιώθησαν
1668 4434 1748 4496 είς

191 4512 379 4587 Κρήτην
406 4520 446 4573 ⁷.
485 4520 761 4589 ’Ὕστερον
794 4520 921 4592 1226
947 4521 1039 4593 HJ
1064 4523 1119 4575 δὲ
1156 4524 1470 4593 βιασθέντες
1514 4524 1745 4595 ἀνέστη-

1844 406 2007 507 con.
2033 445 2387 506 CLXXXVI.
3314 448 3417 514 566

1843 567 2077 621 raverat,
2136 572 2410 626 quamque
2450 558 2631 627 Asopo
2677 566 2728 610 et
2770 557 2971 630 Enipeo
3004 558 3178 616 fluviis
3228 563 3422 618 dister-

1840 649 2165 704 minaverat.
2196 650 2371 718 Atque
2405 649 2531 703 hinc
2582 649 2851 705 Eolicum
2905 666 3073 720 genus
3124 654 3417 710 derivatur.

1839 745 1992 800 Alter
2024 744 2219 800 deinde
2246 744 2439 813 Dorus,
2460 754 2678 815 accepta
2708 761 2737 800 a
2771 756 2996 814 parente
3025 750 3202 819 populi
3236 762 3420 820 parte,

1842 838 2110 893 coloniam
2134 837 2240 892 alio
2265 838 2525 904 traduxit,
2559 838 2910 909 condiditque
2943 843 3041 897 has
3064 844 3130 896 ad
3163 842 3417 899 Parnassi

1841 932 2039 987 montis
2064 930 2298 986 radicem
2320 930 2505 996 urbes,
2522 930 3019 1002 Bmum,Cyliuium
3046 946 3098 989 et
3133 934 3413 991 Erineum.

1841 1023 1925 1078 Ab
1968 1022 2069 1077 hoc
2101 1022 2270 1078 Dores
2320 1023 2472 1077 dicti.
2518 1021 2657 1076 Natu
2692 1022 2926 1093 denique
2989 1025 3246 1081 minimus
3296 1044 3419 1082 cum

1841 1117 2082 1172 Athenas
2117 1115 2360 1185 pervenit
2387 1115 2522 1187 (i6),
2554 1116 2747 1172 Atticae
2793 1133 2955 1189 quam
3003 1126 3205 1174 vocant
3252 1129 3422 1174 tetra-

1846 1206 2012 1275 polim
2046 1206 2161 1278 (i7)
2191 1208 2475 1262 aediﬁcavit
2505 1247 2521 1273 ,
2553 1208 2812 1278 duxitque
2867 1223 3091 1264 uxorem
3164 1210 3422 1265 Creusam

1841 1295 2133 1352 Erechthei
2183 1295 2371 1364 filiam,
2408 1311 2440 1352 e
2484 1311 2590 1366 qua
2617 1297 2874 1352 Acincum
2923 1306 2978 1353 et
3012 1297 3135 1352 lona
3162 1299 3271 1369 (18)
3300 1314 3423 1354 sus-

1844 1387 1984 1443 tulit.
2009 1387 2240 1442 Achaaus
2267 1387 2375 1456 hic,
2395 1403 2515 1444 cum
2543 1391 2742 1443 caadem
2774 1389 3097 1459 imprudens
3128 1402 3423 1460 patrassct,

1841 1481 2049 1553 pulsus,
2072 1481 2126 1535 in
2144 1478 2576 1550 Peloponnesum
2602 1481 2768 1547 venit,
2789 1480 3140 1550 condiditque
3160 1482 3421 1537 Achaiam

1844 1572 2172 1643 tetrapolim.
2213 1574 2259 1628 A
2306 1588 2416 1642 quo
2441 1574 2605 1628 etiam
2657 1573 2839 1629 ΛιξίταΞὶ
2889 1573 3155 1643 originem
3193 1575 3423 1630 ducunt.

1842 1664 1934 1720 lon
1961 1681 2112 1730 vero,
2142 1674 2358 1721 mortuo
2381 1681 2479 1720 avo
2508 1676 2754 1722 materno
2813 1666 3142 1733 Erechtheo,
3166 1681 3287 1722 cum
3311 1670 3426 1721 vir-

1843 1757 1994 1822 tutis,
2030 1767 2142 1811 tum
2171 1758 2393 1828 reliqum
2418 1758 2696 1828 dignitatis
2726 1773 2855 1830 ergo
2875 1769 3092 1815 creatus
3113 1775 3231 1825 rex,
3258 1760 3428 1814 Athe-

1843 1850 2123 1905 niensibus
2153 1849 2457 1918 imperavit.
2497 1848 2647 1905 Unde
2699 1858 2755 1905 et
2811 1853 2964 1906 Iones
3022 1850 3279 1921 appellari
3312 1863 3427 1905 ca:-

1847 1951 2043 2012 perunt
2093 1940 2491 2007 Athenienses,
2548 1944 2843 2013 omnisque
2895 1944 3027 1998 adeo
3081 1942 3231 2014 regio
3276 1941 3428 1997 lonia

1848 2035 2010 2089 dicta.

1920 2124 2189 2182 Vicesima
2214 2136 2403 2181 octava
2425 2128 2673 2198 :[l‘ennes
2700 2140 2754 2184 et
2782 2128 3067 2184 Hemithea
3087 2128 3243 2185 liberi
3265 2136 3421 2183 erant

1850 2218 2016 2290 Cycni
2078 2219 2220 2289 regis
2264 2217 2496 2275 Troadis
2526 2220 2657 2289 (i9).
2703 2221 2920 2292 Cycnus
2982 2231 3159 2276 autem
3214 2230 3427 2275 mortua

1845 2311 2075 2379 conjuge
2106 2312 2254 2365 duxit
2279 2310 2504 2366 alteram
2540 2312 2676 2383 (9.0),
2712 2329 2833 2381 (tua:
2868 2314 3057 2367 insano
3085 2312 3285 2368 Tennae
3314 2313 3430 2383 pri-

1846 2403 1989 2474 vigni
2025 2418 2211 2459 amore
2238 2414 2421 2474 capta,
2444 2420 2564 2459 cum
2590 2407 2747 2474 potiri
2782 2421 2884 2461 non
2910 2415 3111 2476 posset,
3141 2420 3296 2460 suum
3328 2406 3431 2459 cri-

1847 2511 1968 2550 men
2026 2495 2165 2551 falso
2213 2496 2291 2550 illi
2344 2497 2625 2567 imponens
2674 2499 2971 2555 accusavit.
3021 2498 3227 2553 Parens
3269 2498 3431 2566 igitur

1846 2587 2045 2641 indicta
2074 2604 2236 2643 causa
2266 2588 2508 2643 Tennem
2553 2590 2720 2645 filium
2761 2592 2957 2646 arcula:
3013 2592 3253 2659 inclusit,
3295 2589 3428 2661 quin

1844 2690 1899 2734 et
1926 2696 2029 2733 una
2062 2679 2423 2748 liemitheam,
2468 2681 2653 2737 fratris
2682 2683 2977 2737 infortunio
3024 2684 3311 2738 immodice
3335 2683 3428 2737 do-

1846 2772 2067 2836 lentem,
2104 2782 2265 2840 atque
2323 2772 2395 2826 ita
2449 2776 2582 2828 mari
2625 2775 2921 2830 commisit.
2976 2774 3101 2830 llaec
3139 2775 3325 2831 arcula
3377 2777 3430 2829 iu

1845 2864 2074 2919 insulam
2129 2865 2416 2933 quamdam
2488 2866 2687 2933 delata,
2725 2877 2889 2936 atque
2950 2867 3018 2922 ab
3054 2868 3253 2923 incolis
3300 2869 3434 2924 suh-

1846 2958 1955 3013 lata
1993 2966 2097 3021 est,
2130 2965 2185 3010 et
2215 2956 2380 3013 totius
2440 2958 2680 3027 regionis
2711 2958 2941 3029 imperio
2971 2959 3251 3028 potiuntur
3287 2958 3431 3013 Ten-

1846 3066 1941 3105 nes
2002 3059 2167 3119 atque
2220 3048 2505 3105 Hemithea
2539 3071 2552 3105 :
2592 3051 2707 3120 ipsa
2772 3065 2900 3105 vero
2965 3051 3138 3106 insula
3186 3050 3436 3106 Tenedos

1844 3157 1943 3212 pro
1972 3141 2294 3212 LeucOphry
2334 3141 2436 3195 dici
2463 3151 2663 3211 coepta.
2695 3140 2912 3212 Cycnus
2942 3151 3128 3210 postea
3157 3141 3285 3196 facti
3321 3156 3436 3211 pa:-

1848 3236 2050 3298 nitens,
2080 3242 2134 3288 et
2166 3234 2231 3287 ad
2279 3231 2509 3286 insulam
2559 3231 2857 3302 profectus,
2893 3232 3058 3286 filium
3101 3234 3435 3301 precabatur

1845 3341 1875 3381 e
1915 3325 2064 3389 navi,
2097 3322 2503 3392 prieteritarum
2552 3336 2732 3375 rerum
2775 3331 2833 3374 ut
2862 3320 3296 3375 oblivisceretur.
3340 3319 3436 3373 lllc

1847 3428 2052 3484 autem,
2082 3432 2148 3471 ne
2178 3416 2245 3470 ad
2302 3415 2533 3470 insulam
2586 3415 2884 3485 appelleret
2935 3429 3156 3483 parens.
3201 3414 3434 3468 securim

1848 3509 2124 3578 arripiens
2148 3509 2303 3563 navis
2335 3506 2631 3561 retinacula
2678 3507 2967 3562 dissecuit.
3001 3505 3159 3561 Unde
3182 3506 3284 3559 dici
3320 3518 3436 3560 ctr-

1848 3610 1999 3670 ptum
2030 3599 2083 3653 in
2119 3601 2265 3654 omni
2299 3600 2532 3667 abrupto
2566 3608 2727 3668 atque
2759 3599 2986 3670 praeciso
3019 3599 3257 3669 negotio,
3288 3598 3434 3654 Teu-

1847 3706 1929 3746 na:
1954 3691 2069 3763 (2|)
2099 3693 2389 3763 bipennem
2424 3692 2590 3748 fuisse
2614 3693 2935 3747 adhibitam.

1921 3784 2187 3840 Vicesima
2231 3800 2371 3839 nona
2406 3803 2422 3840 :
2464 3783 2761 3855 Magnetes.
2803 3785 2892 3853 qui
2926 3783 3262 3853 Magnesiam
3292 3782 3435 3836 Asiae

1850 3893 1995 3932 nunc
2020 3877 2280 3942 incolunt,
2307 3888 2465 3933 antea
2487 3880 2556 3933 ad
2582 3877 2819 3933 Peneum
2864 3876 3064 3933 flumen
3089 3883 3437 3945 montemque

1848 3967 2056 4024 Pelium
2092 3969 2427 4033 habitarunt,
2457 3982 2513 4025 et
2565 3970 2828 4026 adversus
2877 3968 3097 4037 Troiam
3141 3970 3304 4023 ductu
3355 3976 3439 4020 at-

1851 4077 1957 4132 que
2004 4061 2265 4132 auspiciis
2298 4060 2523 4117 Prothoi
2582 4062 2923 4127 militantes,
2978 4059 3255 4129 Magnetes
3304 4060 3432 4111 item

1849 4153 1978 4208 dicti
2016 4162 2161 4208 sunt.
2202 4151 2293 4207 llle
2316 4166 2499 4224 postea
2552 4154 2671 4220 hos,
2725 4153 2989 4208 decimam
3040 4149 3201 4218 Troia
3244 4164 3435 4220 repor-

1852 4256 2053 4311 tantes,
2085 4246 2304 4318 Delphis
2351 4263 2419 4304 ex
2446 4258 2575 4302 voto
2623 4244 2933 4302 collocavit.
2970 4243 3099 4298 Post
3130 4253 3309 4297 tamen
3341 4257 3433 4297 re-

1850 4340 1978 4395 licto
2004 4340 2147 4406 fano,
2175 4342 2513 4411 navibusque
2543 4337 2879 4400 conscensis,
2913 4336 2965 4390 in
3002 4336 3217 4391 Cretam
3260 4344 3439 4389 trans-

1852 4432 2142 4487 miserunt.
2174 4432 2533 4502 lndequoque
2564 4430 2614 4484 vi
2642 4427 2851 4499 repulsi
2878 4425 3097 4482 Cretam
3149 4425 3432 4484 deserunt,

1852 4535 1906 4581 et
1936 4525 1988 4578 in
2027 4524 2233 4596 136a
2278 4525 2461 4579 Asiam
2495 4524 2908 4593 adnavigantes,
2971 4519 3129 4574 malis
3178 4517 3435 4572 afllictam

194 4619 268 4657 σαν
292 4610 350 4662 ὲκ
378 4612 632 4684 Κρήτης,
675 4614 770 4667 καὶ
811 4614 1142 4679 πλεύσαντες
1185 4617 1265 4679 είς
1294 4617 1393 4686 τὴν
1442 4616 1627 4671 Ἀσίαν
1656 4618 1747 4689 ὲρ-

1854 4631 2026 4687 nuper
2071 4616 2343 4671 conditam
2395 4615 2596 4669 loniam
2659 4624 2823 4683 atque
2860 4612 3133 4668 Aﬁolidem
3182 4608 3433 4669 liberant,

194 4694 349 4761 ῥύοντό
381 4700 572 4756 κακῶν
601 4703 909 4757 νεόκτιστον
955 4699 1123 4757 οὖσαν
1158 4706 1258 4777 τὴν
1284 4704 1492 4758 Ἰωνίαν
1518 4705 1613 4759 καὶ
1644 4706 1743 4777 τὴν

194 4786 393 4859 Αἰολίδα,
430 4794 849 4865 συμμαχοῦντες
876 4796 1058 4860 αὐτοῖς
1091 4797 1229 4851 κατὰ
1268 4797 1379 4851 τῶν
1419 4796 1742 4867 ἐπιτιθεμέ-

1855 4717 2157 4778 pugnantes
2187 4722 2291 4762 una
2326 4722 2449 4760 cum
2482 4706 2566 4760 his
2600 4705 2861 4761 adversus
2901 4719 3017 4767 eos,
3054 4703 3146 4772 qui
3179 4700 3319 4753 mala
3346 4699 3434 4753 illa

1854 4799 2182 4855 inferebant.
2240 4798 2377 4854 Hinc
2425 4798 2660 4868 denique
2713 4799 2903 4853 eodem
2959 4810 3071 4864 quo
3118 4808 3262 4850 nunc
3313 4802 3438 4848 sunt

1440 4986 1681 5044 VARIA‘]
1717 4985 2124 5042 LECTIONES.

272 5102 312 5132 ’⁸
363 5102 584 5178 Κτίνιον
618 5121 677 5167 ς.
742 5104 787 5138 ⁹⁹
824 5104 1122 5178 Ἀθήναζεν
1156 5126 1214 5173 ς’.
1290 5108 1306 5138 ¹
1342 5108 1437 5160 καὶ
1466 5106 1677 5168 Κύκνος
1708 5108 1751 5158 A
1780 5124 1792 5159 :
1827 5105 2039 5178 Κύκνος
2062 5103 2119 5159 δέ
2141 5119 2201 5178 ςᾼ.
2260 5102 2387 5178 ’.εἰς
2420 5100 2670 5178 λάρνακα
2700 5100 2802 5178 A__:
2836 5100 3185 5178 λάρνακι-ςεὶ
3230 5097 3439 5178 ξὰδελ-

194 5170 371 5244 φοῦ-ς,
420 5175 464 5244 νδ
491 5173 774 5244 ἀνίσχουσι
807 5176 883 5235 A;

194 5241 247 5293 ad
277 5241 453 5299 Vellei.
482 5241 651 5311 p.13.

984 5180 1006 5210 ⁸
1047 5181 1139 5233 καὶ
1181 5195 1433 5250 συνεστρ.
1465 5178 1512 5232 Α
1544 5195 1559 5231 :
1590 5192 1843 5247 συνεστρ.
1875 5176 1931 5229 δέ
1962 5193 2022 5239 ς.

2121 5178 2143 5208 ⁸
2172 5172 2405 5243 δεκάτην
2436 5169 2508 5236 ς(
2575 5173 2593 5203 ⁷
2623 5173 2703 5236 είς
2736 5169 2988 5244 Κρήτην]
3033 5173 3105 5229 cf.
3147 5169 3435 5228 Ruhnken.

1697 5375 1940 5434 NOTAE.

241 5467 346 5547 ,(ίϐ)
378 5471 575 5547 Strabo
612 5473 703 5547 lib.
739 5489 874 5547 νιιι,Δ
903 5474 1063 5547 initio
1097 5473 1314 5528 Achaia:
1349 5469 1590 5522 Xuthum
1642 5485 1741 5523 no-

196 5544 357 5613 minat,
392 5544 480 5613 ubi
521 5546 658 5597 hanc
684 5544 830 5613 leges
862 5544 1168 5599 historiam.

253 5610 351 5676 (Π)
381 5611 629 5677 OEnoen,
659 5609 1088 5677 Probalinthum,
1120 5612 1516 5678 'l‘ricorithum,
1540 5620 1596 5666 et
1631 5609 1743 5666 Ma-

196 5682 418 5753 rathona,
444 5693 506 5737 ut
536 5685 701 5739 refert
720 5685 910 5753 Steph.
942 5696 996 5739 et
1032 5686 1226 5739 Strabo
1249 5701 1397 5750 supr.

254 5748 355 5828 (18)
387 5754 685 5828 Steph._uiu
744 5748 901 5828 Ionia
943 5756 1247 5828 facitcum
1286 5748 1353 5809 cx
1409 5754 1731 5810 Atheniens.

199 5822 424 5893 opinione
453 5825 714 5893 Apollinis
746 5835 800 5880 et
831 5825 1061 5881 Creissa:
1086 5826 1271 5879 filium.

259 5891 357 5962 U9)
389 5891 583 5953 Strabo
615 5898 706 5956 lib.
734 5912 833 5953 mu
860 5895 1185 5955 Colouarum
1206 5898 1351 5954 hunc
1380 5910 1557 5968 regem
1583 5894 1732 5964 facit,

1850 5474 1902 5546 in
1932 5471 2145 5529 Troade
2199 5482 2400 5546 tamen.
2452 5475 2590 5531 Vide
2630 5475 2907 5546 Lycophr.
2944 5475 3141 5546 interp.
3192 5482 3247 5528 et
3302 5470 3433 5526 Ser-

1847 5544 2015 5607 vium,
2095 5560 2159 5599 ac
2208 5545 2446 5600 Pausau.
2513 5548 2567 5599 in
2614 5544 2877 5600 Pliocicis.
2941 5545 3161 5599 Diodor.
3220 5558 3435 5612 quoque

1848 5614 2017 5667 Sicul.
2047 5626 2294 5670 extremo
2319 5618 2410 5670 lib.
2449 5632 2503 5669 v.

1918 5684 2033 5754 (20)
2066 5685 2419 5741 Philonomen
2450 5694 2606 5740 vocat
2642 5686 2831 5752 Steph.
2865 5686 2915 5739 iu
2962 5684 3191 5740 Tenedos
3216 5698 3237 5737 :
3268 5698 3429 5752 quem

1848 5756 2025 5811 fusius
2058 5758 2171 5810 haec
2194 5766 2517 5812 tractantem
2556 5757 2690 5823 lege,
2718 5766 2769 5811 et
2793 5758 2964 5826 Adag.
3003 5772 3161 5825 opus.

1920 5826 2031 5895 (21)
2062 5827 2255 5881 Suidas
2284 5830 2446 5882 etiam
2505 5822 2751 5898 Τενέδιος
2788 5822 3070 5898 ἔινθρωπος
3106 5836 3158 5883 et
3190 5822 3449 5887 Τινέδιος

1845 5896 2149 5968 ξυνήγορος
2181 5897 2567 5970 παροιμιωδῶς
2600 5898 2707 5954 dici
2732 5895 2923 5953 rcfert‘.
