4038 6410
582 413 686 478 567

1736 412 1998 472 ΡΗΟΤΠ
2025 410 2534 471 ΡΛΤΒΙΛΒΟΗᾸΞ
2573 413 2683 473 CP.

3737 413 3846 473 sas

574 523 699 580 loco
741 521 1083 594 perveniunt,
1116 520 1416 590 urbemque
1463 518 1725 579 condunt,
1764 534 1925 588 quam
1981 517 2151 571 veteri

2270 535 2385 571 νων.
2419 518 2664 572 Ἐκεῖθεν
2690 518 3041 588 ἀφικνοῦνται
3064 521 3122 573 ἓν
3144 512 3188 588 ᾧ
3210 518 3305 572 νῦν
3334 520 3461 586 εἰσὶ,
3480 520 3574 573 καὶ
3592 520 3847 584 κτίζουσι

577 616 644 671 de
667 615 886 669 nomine
918 614 1107 668 uatrize
1138 612 1466 681 Magnesiam
1498 612 1626 666 itetn
1664 620 2063 681 nuncuparunt.

649 794 950 851 Tricesima
982 794 1048 849 de
1078 793 1327 848 Pithenio
1357 792 1469 861 (22)
1495 791 1853 861 Apolloniate,
1888 794 2003 862 qui,
2026 808 2157 850 oves

579 889 689 946 Soli
723 904 907 944 sacras
952 902 1202 956 pascens,
1235 902 1355 941 cum
1401 902 1497 941 sua
1529 887 1739 941 incuria
1773 888 2052 953 sexaginta
2088 886 2157 941 de

576 999 740 1053 grege
764 997 891 1037 oves
930 981 1038 1051 lupi
1089 981 1529 1048 discerpsissent,
1575 980 1747 1036 oculis
1777 995 1804 1032 a
1836 981 2046 1034 civibus
2075 990 2159 1037 est

575 1078 819 1140 orbatus,
844 1089 1010 1143 quare
1044 1074 1221 1134 tellus.
1253 1074 1391 1127 irato
1424 1072 1556 1137 Deo,
1611 1074 1822 1127 fructus
1852 1072 2159 1142 Apollonia-

577 1169 648 1222 tis
679 1181 785 1219 non
814 1164 1056 1235 protulit,
1096 1165 1268 1219 donec
1311 1174 1429 1218 astu
1485 1173 1541 1218 et
1586 1164 1915 1219 suburbanis
1942 1165 2158 1234 prazdiis

577 1259 785 1314 duobus
817 1257 1124 1313 Pithenium
1158 1257 1437 1327 placantes
1484 1265 1539 1311 et
1581 1272 1685 1310 una
1717 1256 1939 1324 insuper
1975 1257 2156 1321 domo,

576 1366 738 1419 quam
792 1349 1023 1418 ipsemet
1080 1348 1358 1419 elegisset,
1425 1348 1770 1403 sterilitatem
1826 1348 2154 1417 effugerunt.

576 1442 711 1496 Erat
734 1447 913 1495 autem
946 1439 1227 1494 Pithenius
1259 1439 1485 1494 illustris
1516 1454 1737 1509 genere,
1762 1440 1901 1493 sicut
1927 1449 1982 1494 et
2004 1449 2161 1509 quot-

577 1541 707 1601 quot
737 1532 827 1586 alii
858 1534 975 1601 ejus
1024 1546 1373 1587 successores
1416 1546 1698 1586 sacrarum
1753 1547 1942 1586 curam
1976 1533 2156 1587 ovium

578 1632 887 1693 gesserunt.
936 1622 1057 1694 Ipsa
1092 1640 1222 1680 vero
1270 1625 1553 1694 Apollonia
1593 1625 1709 1696 (25)
1746 1624 1931 1681 Grazca
1967 1626 2161 1680 civitas

578 1726 663 1770 est
705 1716 758 1769 in
803 1714 1012 1787 Illyrica
1069 1717 1291 1787 regione
1337 1718 1469 1771 mari
1509 1716 1786 1785 adjacens,
1816 1733 1978 1786 quam
2016 1717 2161 1772 Lous

579 1810 776 1865 ﬂuvius
805 1810 943 1881 (24),
969 1810 1060 1880 qui
1108 1810 1161 1864 in
1200 1808 1408 1873 Ionium
1458 1824 1608 1865 tnare
1637 1810 1772 1877 exit,
1806 1812 2039 1865 mediam
2074 1812 2157 1865 di-

577 1903 736 1956 vidit.
1238 1974 1243 1979 '

653 1994 953 2049 Tricesima
988 1996 1156 2062 prima
1181 2014 1195 2049 :
1218 1994 1424 2050 Tereus
1454 1996 1593 2067 (25),
1622 1995 1889 2050 Thracum
1919 2012 2035 2062 rex,
2066 2013 2159 2051 eo-

580 2104 701 2141 rum
743 2089 833 2157 qtti
881 2089 948 2142 ad
1001 2086 1243 2140 Dauliam
1293 2099 1655 2159 caateramque
1701 2087 1936 2143 Phocida
1993 2090 2163 2157 perti-

581 2193 736 2247 nent,
767 2197 992 2236 uxorem
1024 2182 1176 2235 duxit
1206 2182 1477 2238 Procnen.
1516 2180 1806 2237 Pandionis
1828 2183 2160 2237 Athenarum

583 2273 731 2343 regis
764 2274 954 2327 ﬁliam.
1000 2273 1100 2329 Hic
1146 2284 1428 2343 postquam
1487 2276 1679 2329 insano
1729 2286 1929 2345 captus,
1954 2289 2160 2341 amore,

584 2378 682 2431 per
720 2363 825 2415 vim
854 2364 1233 2431 constupravit
1270 2364 1493 2417 invitam
1521 2363 1893 2433 Philomelam,
1924 2363 2163 2420 Procnes

583 2468 855 2517 sororem,
895 2454 1130 2523 linguam
1150 2470 1366 2524 quoque
1398 2456 1517 2524 ejus
1542 2456 1807 2521 exsecuit,
1841 2456 2048 2512 veritus
2084 2457 2164 2510 ni-

585 2548 783 2600 mirum
818 2562 885 2602 ne
914 2548 1111 2600 factum
1147 2548 1421 2617 proderet.
1456 2550 1526 2602 At
1576 2550 1666 2603 illa
1710 2549 1924 2619 peplum
1953 2558 2161 2611 texens,

586 2640 825 2701 dolorem
853 2640 899 2693 ci
940 2655 1095 2694 suum
1122 2640 1225 2693 ﬁlis
1255 2641 1550 2710 inscripsit.
1579 2640 1811 2701 Procne.
1838 2657 1897 2696 re
1923 2643 2163 2711 cognita,

586 2740 641 2784 et
698 2730 910 2786 facinus
962 2732 1147 2787 ulcisci
1197 2733 1457 2802 cupiens,
1518 2733 1683 2787 ﬁlium
1745 2733 1909 2809 [Ityn]
1966 2735 2165 2790 marito

586 2840 745 2878 suum
791 2824 1116 2893 epulandum
1159 2824 1210 2879 in
1239 2840 1397 2879 cmua
1441 2826 1705 2894 apposuit
1748 2825 1883 2879 Tum
1935 2827 2163 2891 Tereus,

590 2916 679 2969 ubi
718 2915 798 2970 vel
830 2932 893 2970 ex
933 2919 1042 2985 ipsa
1088 2916 1299 2972 Procne
1324 2918 1713 2973 exsecrandum
1749 2919 2054 2972 convivium
2086 2919 2166 2972 di-

586 3008 740 3069 dicit.
791 3017 845 3062 et
900 3008 1039 3063 hanc
1088 3020 1144 3064 et
1188 3025 1431 3065 sororem
1495 3010 1660 3064 veluti
1712 3010 1841 3065 facti
1891 3011 2163 3065 consciam

591 3100 771 3169 gladio
800 3114 1157 3168 percussurus
1188 3102 1512 3169 insequitur.
1564 3100 1675 3155 Illis
1714 3116 1843 3155 vero
1873 3116 1971 3169 per
2014 3101 2168 3153 fabu-

589 3191 695 3246 latn
725 3193 850 3247 inde
884 3193 1136 3259 sublatis,
1162 3193 1373 3247 Procne
1400 3192 1613 3262 quidem
1646 3193 1698 3247 in
1724 3178 2003 3247 lusciniam
2030 3193 2164 3261 (26),

2258 610 2435 677 πόλιν,
2462 611 2572 664 ἀπὸ
2593 614 2693 680 τῆς
2721 611 2861 664 κατὰ
2886 612 2946 664 τὸ
2968 612 3199 682 ἀρχαῖον
3226 612 3484 682 πατρίδος
3513 611 3847 683 Μαγνησίαν

2258 702 2428 769 αὐτὴν
2468 700 2693 753 ὲπικαλέ
2702 716 2911 762 σαντες.

2344 794 2407 847 Ἦ
2447 791 2489 845 λ’
2517 794 2583 846 τὰ
2620 794 2748 863 περὶ
2801 792 3085 863 Πειθηνίου
3135 792 3229 846 τοῦ
3274 792 3729 855 Ἀπολλωνιάτου,
3786 794 3850 857 ὃς

2257 888 2326 941 τὰ
2362 887 2481 957 ἱερά
2524 887 2703 942 Ἱιλίου
2730 888 2954 956 ΙΙνέμων
3004 887 3273 958 πρόϐατα,
3320 887 3442 939 ἐπεὶ
3500 887 3681 939 αὐτῶν
3717 884 3850 953 ἐξὴ-

2260 999 2426 1036 κοντα
2472 982 2623 1035 λύκοι
2674 982 3068 1049 διεσπάραξαν,
3102 980 3498 1050 ἀμελήσαντος,
3541 980 3641 1043 τὰς
3690 978 3852 1047 ὄψεις

2260 1075 2367 1129 ὑπὸ
2416 1075 2522 1128 τῶν
2574 1074 2807 1127 πολιτῶν
2862 1074 3211 1127 ἐκκόπτεται.
3268 1074 3377 1125 Καὶ
3428 1073 3460 1142 ή
3515 1072 3583 1140 γῆ
3628 1072 3852 1141 καρπδν

2257 1166 2719 1229 Ἀπολλωνιάταις
2750 1164 3076 1236 μηνίσαντος
3116 1164 3301 1225 αὐτοῖς
3333 1161 3425 1215 τοῦ
3458 1161 3582 1214 θεοῦ
3606 1162 3708 1214 οὐκ
3740 1161 3855 1214 ἐδί-

2259 1262 2376 1325 δου,
2432 1261 2537 1324 ἕως
2584 1261 2749 1333 τέχνῃ
2791 1260 2884 1313 κα).
2932 1259 3278 1329 προαστείοις
3322 1257 3472 1309 δυσὶν
3524 1256 3856 1326 ἱλασάμενοι

2261 1356 2547 1426 Πειθήνιον
2598 1356 2692 1408 κα)⁵
2737 1354 2884 1424 οἰκίᾳ
2935 1356 3055 1425 μιᾷ,
3104 1347 3179 1406 ὧν
3208 1355 3228 1385 ⁹
3269 1354 3431 1417 αὐτὸς
3459 1354 3502 1383 ¹⁰
3528 1351 3856 1423 ᾑρετίσατο,

2260 1449 2361 1515 τὴν
2390 1446 2668 1515 ἀκαρπίαν
2700 1446 2977 1513 διέφυγονς
3008 1445 3130 1497 Τῶν
3170 1444 3452 1514 ἐπιφανῶν
3481 1442 3524 1496 δ’
3552 1439 3618 1513 ἦν
3660 1445 3687 1494 6
3719 1444 3856 1495 Πει-

2262 1538 2465 1609 θήνιος,
2502 1537 2599 1591 καὶ
2624 1538 2737 1592 ὅσοι
2782 1537 2933 1593 ἄλλοι
2966 1539 3029 1590 ἐκ
3056 1536 3305 1607 διαδοχῆς
3354 1538 3461 1590 τῶν
3506 1535 3672 1607 ἱερῶν
3701 1530 3863 1604 εἶχον

2262 1630 2554 1700 προϐάτων
2590 1631 2689 1703 τὴν
2723 1631 3062 1700 ἐπιμέλειαν.
3106 1630 3215 1684 Καὶ
3242 1632 3275 1700 η
3322 1628 3662 1683 Ἀπολλωνία
3692 1627 3864 1689 πόλις

2274 1722 2465 1787 Ἑλλάς
2496 1725 2645 1777 ἐστιν
2687 1723 2745 1774 ὲν
2773 1724 2838 1793 τῇ
2870 1721 3145 1792 Ἰλλυριῶν
3191 1725 3284 1792 γῇ,
3323 1724 3499 1773 κεῖται
3539 1721 3585 1773 δ’
3621 1720 3718 1771 ἐπὶ
3757 1719 3863 1786 τῆς

2264 1814 2560 1886 Θαλάσσης,
2604 1816 2699 1868 καὶ
2751 1814 2995 1883 ποταμὸς
3025 1814 3176 1876 Λῶος
3220 1815 3259 1845 ¹¹
3306 1812 3395 1865 διὰ
3449 1812 3622 1882 μέσης
3674 1811 3864 1879 αὐτῆς

2264 1906 2402 1975 ῥέων
2440 1907 2522 1968 είς
2549 1905 2611 1958 τὸ
2638 1904 2824 1958 Ἰόνιον
2858 1904 3116 1957 ἐκϐάλλει
3145 1904 3380 1971 πέλαγος
3413 1905 3478 1958 ¹¹.

2344 1996 2410 2049 Ἥ
2436 1996 2517 2049 λα’
2575 1996 2651 2060 ώς
2695 1996 2933 2065 Τηρεὺς,
2988 1995 3238 2065 βασιλεὺς
3282 1993 3515 2065 Θρᾳκῶν
3559 1992 3671 2044 τῶν
3722 1992 3864 2061 περὶ

2261 2088 2495 2142 Δαυλίαν
2524 2089 2618 2142 καὶ
2644 2088 2744 2157 τὴν
2773 2088 2944 2156 ἄλλην
2973 2087 3207 2149 Φωκίδα,
3238 2086 3431 2155 ἄγεται
3468 2085 3723 2153 Πρόκνην
3759 2100 3867 2151 γυ.

2262 2183 2426 2235 ναῖκα
2454 2180 2554 2251 τὴν
2588 2179 2877 2243 Πανδίονος
2921 2178 3299 2250 βασιλεύοντος
3340 2177 3601 2247 Ἀθηνῶν,
3633 2177 3735 2229 καὶ
3782 2176 3864 2239 ὡς

2263 2273 2513 2345 ὲπεμάνη
2563 2274 2658 2327 καὶ
2707 2274 2876 2344 ἐμίγη
2938 2273 3149 2343 ἀκούσῃ
3196 2272 3475 2342 Φιλομήλα
3521 2273 3587 2341 τῇ
3642 2269 3863 2342 ἀδελφῇ

2264 2364 2539 2436 Πρόκνης,
2579 2364 2675 2418 καὶ
2712 2365 2897 2435 τέμνει
2926 2364 2969 2396 ⁸³
3000 2364 3100 2433 τὴν
3139 2363 3309 2433 αὐτῆς
3332 2363 3608 2431 γλῶσσαν,
3661 2361 3866 2425 δεδιὼς

2264 2460 2356 2512 τὸν
2404 2462 2468 2513 ἐκ
2520 2460 2695 2528 λόγων
2735 2458 3027 2529 θρίαμϐον.
3088 2459 3151 2510 Ἠ
3197 2458 3254 2510 δὲ
3302 2457 3509 2510 πέπλον
3544 2455 3865 2523 ὑφαίνουσα

2263 2554 2467 2623 γράφει
2500 2554 2568 2606 τὰ
2616 2552 2763 2624 πάθη
2812 2554 2927 2613 τοῖς
2982 2552 3209 2619 νήμασι.
3246 2550 3361 2602 Καὶ
3394 2551 3427 2619 ἡ
3471 2548 3691 2618 Πρόκνη
3745 2565 3862 2616 μα-

2266 2645 2435 2700 θοῦσα
2469 2647 2564 2699 καὶ
2597 2645 2913 2715 ἀμυνομένη
2950 2642 3321 2715 παρατίθησιν
3369 2641 3515 2708 αὑτῷ
3543 2640 3766 2692 δεῖπνον
3791 2638 3866 2692 τὰ

2265 2739 2433 2793 αύτοῦ
2470 2738 2806 2809 γεννήματα.
2846 2736 2902 2787 '0
2930 2735 2986 2787 δὲ
3022 2736 3256 2805 Τηρεὺς,
3300 2731 3485 2803 μαθὼν
3506 2730 3598 2783 τοῦ
3626 2730 3864 2783 δείπνου

2266 2832 2327 2885 τὸ
2364 2831 2535 2901 μύσος
2568 2834 2659 2885 ὑπ’
2694 2831 2862 2899 αὐτῆς
2890 2828 3161 2898 Πρόκνης,
3209 2828 3432 2880 ἐδίωκεν
3465 2826 3636 2892 αὑτήν
3664 2840 3724 2876 τε
3759 2823 3866 2876 καὶ

2266 2921 2367 2991 τὴν
2402 2919 2635 2990 ἀδελφὴν
2661 2920 2737 2984 ώς
2777 2920 3037 2989 συνεργὸν
3072 2918 3213 2987 ξίφει
3248 2918 3481 2972 ἀνελεῖν.
3510 2917 3622 2979 Τὰς
3653 2916 3713 2969 δὲ
3751 2915 3867 2986 μῦ-

2269 3012 2359 3075 θος
2388 3014 2432 3045 ”
2462 3011 2640 3065 λαϐὼν
2692 3011 2941 3065 ἐντεῦθεν
2984 3011 3236 3079 Πρόκνην
3284 3010 3381 3079 μὲν
3431 3009 3633 3079 ἀηδόνα
3683 3010 3865 3069 ποιεῖ,

2267 3106 2577 3177 Φιλομήλαν
2618 3105 2675 3158 δὲ
2710 3104 2957 3174 χελιδόνα
2983 3120 2996 3133 ⁸
3025 3103 3119 3157 καὶ
3172 3104 3358 3174 ᾄδουσι
3399 3102 3487 3155 διὰ
3522 3100 3723 3162 παντὸς
3762 3102 3868 3163 τὰς

2268 3198 2391 3252 τότε
2443 3196 2749 3268 συμφοράς.
2784 3195 2946 3249 Ἀλλὰ
2980 3195 3071 3248 καὶ
3118 3196 3147 3246 6
3192 3195 3404 3262 Τηρεὺς
3462 3194 3542 3255 εἰς
3597 3191 3789 3244 ἔποπα
3824 3191 3868 3223 ¹¹

590 3286 891 3341 Philomela
932 3301 1061 3340 vero
1090 3286 1140 3339 in
1167 3286 1513 3339 hirundinem
1562 3286 1817 3351 vertitur,
1861 3296 2165 3355 canuntque

2274 3291 2410 3358 ἕπτη
2446 3256 2526 3358 τῶ
2558 3256 2734 3358 μύθῳ..
2787 3288 2896 3341 Καὶ
2919 3288 3028 3340 οὐδ’
3062 3288 3119 3339 ὲν
3164 3256 3371 3352 ὄρνι-σιν
3419 3283 3615 3343 αὐτούς
3649 3285 3692 3315 ¹⁶
3726 3301 3871 3353 φασι

588 3391 850 3448 perpetuo
896 3394 1025 3434 suas
1078 3378 1199 3432 illas
1253 3378 1609 3433 calamitates.
1637 3378 1743 3434 Sed
1784 3388 1840 3433 et
1872 3378 2081 3434 Tereus
2114 3379 2167 3432 in

589 3486 826 3539 upupam
860 3485 1039 3536 avem,
1069 3482 1126 3525 ut
1152 3470 1350 3525 fabulae
1390 3472 1653 3539 referunt,
1690 3473 2170 3527 mutatuszaiuut-

2276 3381 2586 3434 πεπαῦσθαι
2618 3382 2719 3451 τῆς
2740 3380 2933 3451 ὀργῆς,
2990 3378 3106 3432 ἀλλ’
3140 3378 3340 3442 ἕποπες
3367 3378 3454 3430 ἀεὶ
3494 3376 3732 3447 ἀηδόνας
3771 3376 3874 3430 καὶ

2274 3473 2551 3544 χελιδόνας
2584 3475 2625 3504 ¹⁷
2652 3472 2961 3526 διώκουσιν.

589 3585 695 3637 que
746 3572 867 3634 hos,
912 3583 980 3623 ne
1032 3583 1158 3623 aves
1198 3568 1415 3638 quidem
1460 3568 1653 3634 factos,
1703 3570 1838 3625 iram
1888 3570 2236 3640 deposuisse,
2277 3573 2494 3639 quando
2556 3584 2747 3640 upupa:
2802 3578 3061 3638 perpetuo
3110 3552 3430 3621 hirundines
3490 3572 3653 3629 atque
3691 3560 3871 3613 lusa-

592 3666 713 3718 uias
747 3665 1103 3719 insectantur.

669 3755 970 3812 Tricesima
998 3758 1232 3813 secunda
1260 3776 1274 3812 :
1303 3757 1375 3812 De
1393 3758 1730 3830 Europa(27)
1755 3759 2030 3815 Phoenicis
2053 3760 2169 3830 (28)

595 3849 705 3905 ﬁlia
734 3864 764 3903 e
789 3860 1079 3919 conspectu
1124 3851 1358 3917 sublata,
1404 3862 1575 3922 utque
1624 3853 1765 3908 ﬁlios
1802 3865 1957 3924 pater
1986 3855 2051 3906 ad
2082 3869 2171 3908 so-

597 3956 777 3997 rorem
815 3941 1243 4012 investigaudam
1278 3942 1568 3998 dimiserit.
1620 3944 1676 3998 In
1711 3945 1797 3999 his
1825 3945 1988 3999 etiam
2026 3944 2171 3998 Cad-

596 4044 719 4085 mus
763 4029 884 4092 l‘uit,
926 4031 1145 4099 quicum
1180 4047 1285 4085 una
1326 4042 1377 4085 et
1410 4031 1660 4097 Proteus,
1686 4032 1953 4088 Busiridis
1989 4045 2172 4105 tyran—

598 4124 778 4178 nidem
815 4124 1039 4188 veritus,
1069 4139 1131 4178 ex
1164 4123 1402 4195 Aigypto
1436 4124 1659 4195 trajicit.
1689 4126 1852 4179 Addit
1900 4125 2172 4195 quomodo

597 4226 725 4287 post
754 4218 931 4271 varios
964 4234 1182 4273 errores
1221 4217 1355 4271 nihil
1404 4218 1774 4283 invenientes,
1813 4219 1866 4272 itt
1896 4217 2170 4272 Pallenam

597 4310 874 4375 venerint,
904 4320 1072 4379 utque
1128 4310 1374 4375 Proteus,
1441 4308 1799 4377 hospitalibus
1854 4309 2175 4363 muneribus

2366 3754 2427 3806 Ἦ
2456 3751 2535 3822 λβ⁹
2567 3750 2635 3805 τὰ
2683 3750 2812 3819 περὶ
2857 3748 3128 3819 Εὐρώπης
3164 3748 3265 3815 τῆς
3300 3740 3542 3806 Φοίνικος
3590 3739 3875 3809 θυγατρὸς

2276 3844 2517 3915 ἀφανοῦς
2558 3840 2958 3912 γεγενημένης,
2997 3840 3091 3892 καὶ
3120 3838 3195 3900 ώς
3240 3835 3474 3903 πέμψειε
3504 3833 3630 3894 τοὺς
3670 3833 3818 3894 υἱεῖς
3847 3832 3875 3882 ό

2277 3938 2461 4009 πατὴρ
2486 3936 2627 3991 κατά
2669 3936 2896 4005 ζήτησιν
2931 3933 3030 4002 τῆς
3075 3931 3334 4001 ἀδελφῆς,
3360 3923 3435 3981 ὧν
3465 3924 3533 3997 ἦν
3577 3927 3673 3979 κα)⁵
3716 3926 3873 3979 Κάδ-

2279 4049 2398 4103 μος,
2418 4030 2536 4099 μεθ’
2555 4024 2615 4082 οὗ
2633 4027 2956 4095 συναπαίρει
2970 4025 3064 4079 καὶ
3086 4023 3342 4094 Πρωτεὺς
3363 4021 3421 4087 ἐξ
3446 4018 3751 4085 Αἰγύπτου,
3771 4020 3874 4086 τὴν

2280 4122 2591 4193 Βουσίριδος
2614 4118 2801 4181 δεδιὼς
2850 4117 3148 4187 βασιλείαν.
3179 4114 3289 4168 Καὶ
3346 4113 3422 4176 ὠς
3469 4114 3607 4182 μετά
3662 4110 3875 4179 πολλὴν

2280 4214 2489 4285 πλάνην
2505 4212 2672 4283 μηδὲν
2688 4211 2941 4280 εὑρόντες
2954 4208 3217 4277 κατέσχον
3232 4208 3312 4269 είς
3333 4204 3634 4273 Παλλήνην,
3665 4202 3767 4255 καὶ
3797 4202 3873 4265 ὡς

2282 4307 2538 4376 Πρωτεὺς
2569 4305 2719 4371 ξένια
2749 4304 2872 4366 δοὺς
2902 4302 3086 4371 Κλίτῳ
3127 4302 3218 4353 καὶ
3251 4296 3429 4350 λαϐὼν
3468 4296 3650 4365 φιλίαν
3688 4294 3873 4363 (βασι-

598 4401 741 4457 Clilo
782 4401 1013 4465 oblatis,
1047 4402 1394 4471 amicitiaque
1438 4402 1568 4455 inita
1614 4401 1804 4472 136!)
1850 4401 2165 4471 (eratClitus

2280 4400 2406 4463 λεὺς
2434 4399 2477 4452 δ’
2519 4394 2587 4468 ἦν
2615 4398 2644 4449 ὁ
2694 4397 2891 4460 Κλῖτος
2934 4394 3169 4464 σώφρων
3219 4393 3315 4445 καὶ
3361 4391 3569 4452 δίκαιος
3612 4387 3872 4440 Σιθώνων

598 4494 689 4549 hic
732 4507 827 4547 rex
868 4494 1105 4562 prudens
1133 4503 1187 4547 et
1212 4494 1392 4563 justus
1418 4493 1706 4547 Sithonum
1742 4492 1987 4547 Thraciae
2010 4510 2179 4563 popu-

602 4587 801 4653 lorum)
864 4585 1031 4639 ﬁliam
1086 4586 1202 4655 ejus
1257 4585 1610 4655 Cltrysonoen
1670 4601 1893 4640 uxorem
1941 4586 2177 4639 duxerit.

602 4674 821 4729 Bisaltis
849 4674 1041 4729 deinde
1072 4674 1242 4743 patria
1274 4689 1371 4728 sua
1406 4689 1472 4728 eo
1499 4674 1636 4728 bello
1660 4675 1850 4743 pulsis,
1884 4675 2025 4745 quod
2052 4676 2181 4745 ipsis

602 4782 633 4820 a
664 4766 807 4820 Clito
833 4774 887 4821 et
913 4765 1104 4820 Proteo
1130 4766 1336 4820 illatum
1358 4775 1461 4833 est,
1490 4767 1787 4838 regioniiilli
1823 4767 2049 4823 Proteus
2079 4769 2181 4823 im-

603 4858 838 4929 peravit,
890 4860 1180 4929 genuitque
1230 4859 1401 4927 patris
1448 4859 1605 4930 longe
1634 4860 1927 4917 dissimiles
1958 4860 2178 4925 liberos,

2282 4494 2523 4565 Θρᾳκίου
2558 4492 2763 4563 ἔθνους)
2797 4490 2989 4558 ἄγεται
3016 4487 3274 4557 Πρωτεὺς
3304 4487 3538 4552 γυναῖκα
3562 4482 3660 4546 τὴν
3691 4481 3873 4547 θυγα-

2284 4589 2417 4659 τέρα
2471 4586 2806 4657 Χρυσονόην.
2842 4582 2962 4655 [441
3003 4580 3095 4653 R.)
3144 4580 3253 4633 Καὶ
3295 4575 3572 4629 Βισαλτῶν
3614 4572 3743 4645 [227
3778 4569 3873 4643 IL]

2286 4681 2669 4735 ἀπελαθέντων
2719 4679 2819 4746 τῆς
2849 4677 3056 4737 οἰκείας
3100 4674 3204 4741 γῆς
3244 4670 3322 4740 τῷ
3375 4671 3510 4740 πρὸς
3540 4666 3740 4728 αὐτοὺς
3777 4682 3879 4717 πο-

2285 4774 2457 4844 λέμῳ,
2489 4774 2547 4825 ὂν
2587 4771 2895 4838 ἐπολέμησε
2929 4767 3125 4828 Κλίτος
3151 4765 3246 4818 καὶ
3279 4762 3555 4832 Πρωτεὺς,
3595 4756 3876 4829 βασιλεύει

2284 4868 2381 4935 τῆς
2414 4864 2598 4936 χώρας
2627 4864 2906 4933 Πρωτεὺς,
2939 4859 3036 4912 καὶ
3075 4857 3251 4910 τίκτει
3282 4854 3479 4917 παῖδας
3504 4853 3604 4921 οὐχ
3648 4849 3876 4921 ὁμοίους

1902 4973 2135 5031 VARI/1:1
2180 4970 2590 5032 LECTIONES.

724 5091 876 5165 ῂλίου
909 5091 954 5146 Α
984 5091 1113 5148 ττοῦ
1142 5090 1292 5165 ἡλίου
1326 5112 1384 5158 ς.
1413 5092 1589 5165 αὐτῶν
1611 5091 1715 5165 (vel
1750 5092 1936 5161 αὑτοῦ)
1967 5094 2120 5163 ἐξήκ.
2148 5096 2202 5148 λ.
2228 5094 2405 5149 διεσπ.
2432 5092 2592 5161 ἁμελ.
2625 5092 2705 5165 Δ)
2734 5087 3111 5165 ἀμελῖμτούτου
3143 5082 3495 5165 αὐτῶνέξηξ
3524 5081 3575 5133 λ.
3609 5080 3789 5165 διεσπ..

608 5174 629 5206 θ
651 5160 755 5235 ὧν]
782 5164 848 5235 ἦν
888 5179 1034 5235 corr.
1080 5160 1259 5235 Aa,”
1292 5165 1479 5235 αὐτὸς(

611 5238 655 5277 ³³
681 5232 761 5297 είς
790 5233 852 5285 τὸ
890 5234 1074 5287 Ἰόνιον
1105 5233 1225 5287 έκϐ.
1264 5236 1387 5288 πέλ.
1420 5232 1500 5289 Ατ
1534 5238 1625 5288 καὶ
1671 5232 1825 5296 οὗτος
1857 5234 1974 5287 ἐκϐ.
2022 5236 2102 5298 εἰς

1520 5161 1935 5218 ιιιιίἰιιιθιίιιριρε
1964 5161 2224 5219 correctae
2258 5166 2311 5217 in
2353 5167 2417 5219 Α.
2469 5169 2624 5230 ὲπιφ.
2664 5163 2708 5215 δ’
2736 5164 2778 5214 Α
2822 5180 2834 5214 :
2872 5161 2915 5211 δ’
2962 5162 3115 5225 ὲπιφ.

2160 5235 2222 5287 τὸ
2284 5235 2485 5288 Ἰώνιον
2544 5233 2662 5285 πέλ.
2710 5250 2771 5296 ς’.

3167 5176 3229 5222 ς.
3308 5157 3347 5186 ¹¹
3394 5150 3561 5214 Ἀῶος
3611 5150 3875 5222 Kannius.

2852 5233 2896 5264 ’³
2925 5219 3112 5300 τέμνοι
3268 5227 3341 5300 _‘_‘
3371 5224 3429 5277 δὲ
3480 5224 3557 5285 ὡς
3608 5219 3776 5291 μῦθος
3812 5236 3874 5282 ς.

613 5308 656 5339 1⁵
688 5308 768 5370 εἰς
804 5304 1005 5376 ἔποπα]
1050 5306 1158 5357 vid.
1211 5304 1595 5376 Wyttenbach.
1645 5304 1854 5376 Eunap.
1904 5306 1961 5372 2,
1985 5322 2038 5377 p.
2073 5306 2195 5361 186.
2264 5307 2308 5337 ¹⁶
2338 5306 2505 5369 αὑτάς
2540 5323 2599 5369 ς.
2673 5305 2714 5335 ’⁷
2752 5298 3029 5374 χελιδόνας
3067 5302 3163 5353 καὶ
3187 5298 3419 5368 ἀηδόνας
3453 5312 3515 5359 ς-

2107 5419 2341 5475 NOTAE.

691 5520 805 5589 (22)
830 5520 1090 5575 Evenium
1135 5521 1378 5574 nominat
1398 5518 1653 5573 llerodot.
1685 5516 1942 5587 Calliam,
1965 5519 2064 5573 sub
2089 5518 2180 5571 ﬁn.

620 5591 710 5647 ubi
746 5593 950 5661 integra
980 5593 1093 5647 hare
1120 5591 1363 5644 narratio
1391 5591 1601 5661 legitur.
1694 5606 1699 5611 ·

689 5662 805 5729 (25)
834 5660 909 5716 De
943 5678 1050 5732 quo
1091 5660 1545 5734 Strabo,_lib.’vtt
1576 5661 1630 5715 in
1666 5662 1909 5734 Illyride.

695 5734 783 5795 (24
813 5730 983 5789 Αῢυέ.
1016 5734 1198 5788 Strab.
1239 5744 1293 5787 et
1325 5730 1441 5787 Liv.

685 5804 799 5873 (25)
835 5803 1179 5877 Pausaniin
1232 5806 1441 5877 Atticis,
1501 5813 1556 5859 et
1622 5804 1916 5877 mythologi
1976 5814 2185 5877 omnes.

628 5873 763 5931 Vide
782 5872 1001 5947 quoque
1027 5876 1227 5933 Elian.
1272 5876 1481 5931 Variar.
1519 5878 1643 5933 hist.
1676 5872 1764 5933 lib.
1798 5872 1893 5940 xu,
1931 5889 2052 5943 cap.
2095 5872 2188 5925 20.

2368 5514 2480 5583 (26)
2504 5514 2635 5583 Cum
2669 5512 2770 5583 hoc
2791 5511 2956 5563 sentit
2987 5508 3269 5583 Aristoph.
3302 5505 3355 5559 iu
3375 5506 3565 5559 Avibus
3590 5501 3875 5574 ,‘Apollod.

2296 5580 2389 5639 lib.
2429 5580 2561 5638 x'xxt
2602 5582 2860 5637 Bibliotlt.
2896 5593 2947 5634 et
2978 5582 3065 5633 alii
3104 5580 3304 5647 plures.

2365 5656 2478 5721 (27)
2520 5655 2648 5707 Vide
2680 5650 2814 5707 Nat.
2840 5653 3030 5707 Comit.
3063 5646 3114 5705 et
3148 5662 3373 5721 cancros
3406 5646 3767 5719 mythologos.
3835 5712 3845 5721 _

2365 5720 2478 5795 ('28)
2508 5724 2864 5792 Apollodorus
2904 5725 2996 5777 lib.
3025 5738 3089 5795 ιιι
3130 5720 3385 5795 Biblioth.
3442 5721 3562 5795 init.
3616 5720 3880 5795 Agenoris

2298 5787 2470 5849 fuisse
2491 5787 2693 5869 mavult
2724 5813 2738 5869 ς
2773 5795 2859 5850 ubi
2901 5806 2953 5850 et
2987 5794 3092 5847 alia
3132 5794 3378 5862 quaedam
3410 5792 3570 5847 aliter
3598 5804 3759 5861 quam
3789 5787 3876 5841 hic

2299 5875 2517 5923 narrata
2552 5865 2722 5936 legas.
