4038 6410
200 424 294 489 569

199 536 358 603 αύτῳ,
390 526 501 583 ἀλλ’
526 523 712 596 ὠμοὺς
758 520 855 576 καὶ
911 523 1284 588 παρανόμους,
1339 512 1433 577 οὓς
1481 506 1759 579 Ἡρακλῆς
1784 505 1833 561 Δ
1859 500 2100 556 crudeles

200 596 559 697 μισοπόνηρος
587 616 663 669 ὢν
690 613 921 682 ἀναιρεῖ.
959 610 1070 663 Kal
1096 608 1276 669 αὐτοῖς
1316 605 1414 674 μὲν
1441 598 1483 633 ¹⁸
1518 601 1545 653 ὁ
1576 596 1758 667 πατὴρ
1789 643 1813 665 ,

197 693 352 789 χῶμα
376 713 601 782 ἔχωσεν,
644 706 913 778 Ἠρακλέα
944 703 999 756 δὲ
1024 698 1110 773 (ἦν
1138 700 1249 771 γὰρ
1291 694 1515 765 ἐναγὴς)
1553 693 1760 763 καθῆρε

198 810 285 865 τοῦ
326 806 514 877 φόνου.

271 900 337 954 Ἦ
366 900 451 966 λγ¹
482 897 558 950 ὡς
614 878 948 962 Δήμοκλοςδ
990 885 1192 954 Δελφὸς
1235 880 1402 951 γεννᾷ
1449 878 1613 931 παῖδα
1666 878 1760 930 ὲκ-

198 994 378 1064 πρεπῆ
409 991 648 1059 Σμῖκρον
680 984 721 1016 ¹⁹
751 983 920 1052 ὄνομα
939 998 951 1010 ·
980 979 1077 1031 καὶ
1098 978 1172 1040 ὡς
1200 975 1325 1028 πλεῖ
1353 968 1494 1025 κατὰ
1520 966 1766 1040 χρησμὸν

200 1060 289 1138 ἐπὶ
337 1084 612 1152 Μιλήτου,
647 1078 784 1148 ἔχων
836 1075 952 1144 μεθ’
1003 1068 1194 1125 ἑαυτοῦ
1238 1069 1332 1120 καὶ
1377 1065 1468 1117 τὸν
1516 1061 1682 1113 παῖδα
1711 1060 1767 1110 ὲν

202 1176 425 1248 ἡλικίᾳ·
478 1174 571 1226 καὶ
607 1171 683 1233 ὡς
733 1166 1130 1236 καταλιμπάνει
1181 1160 1370 1213 τοῦτον
1426 1142 1628 1224 σπουδῇ
1676 1151 1769 1205 τοῦ

206 1244 501 1321 εκπλεῦσαι
531 1265 625 1317 καὶ
659 1261 872 1330 ἀγνοίᾳ,
901 1253 1345 1326 τρισκαιδέκατον
1376 1247 1571 1318 ἔχοντα
1614 1244 1731 1305 ἔτος
1754 1258 1767 1270 ·

208 1360 295 1413 καὶ
322 1359 401 1419 ὡς
452 1358 584 1419 παῖς
608 1350 931 1423 Ἐριθάρσου
973 1344 1193 1405 αἰπόλος
1245 1337 1652 1407 καταλαμϐάνει
1680 1332 1774 1386 τὸν

209 1453 446 1519 Σμῖκρον
478 1444 814 1516 ἀθυμοῦντα,
848 1440 944 1494 καὶ
971 1440 1095 1505 ἄγει
1120 1435 1256 1505 πρὸς
1286 1433 1376 1486 τὸν
1415 1430 1655 1498 πατέρα’
1682 1425 1777 1480 καὶ

209 1542 587 1611 ὀἘριΘάρσης
633 1538 733 1590 ούκ
772 1536 993 1587 ἔλαττον
1019 1529 1113 1583 τοῦ
1165 1527 1293 1579 ἰδίου
1345 1522 1554 1585 παιδὸς,
1595 1519 1779 1591 μαθὼν

210 1639 301 1691 τάς
332 1633 509 1702 τύχας
549 1629 643 1683 xal
673 1627 732 1680 τὸ
756 1627 801 1658 ²⁰
835 1624 990 1692 γένος
1019 1620 1114 1674 τού
1150 1617 1414 1689 Σμίκρου,
1462 1612 1651 1666 τοῦτον
1681 1627 1781 1662 πε-

216 1727 401 1797 ριεῖπε.
437 1722 550 1776 Kal
574 1722 702 1791 περὶ
725 1716 818 1771 τοῦ
849 1715 1062 1769 Κύκνου
1085 1713 1177 1764 τοῦ
1202 1706 1593 1776 συλληφθέντος
1618 1703 1784 1772 ἄμφω

214 1823 314 1881 τοῖς
344 1818 529 1882 παισὶ,
561 1815 656 1868 καὶ
688 1813 784 1880 τῆς
832 1809 1028 1879 ἔριδος,
1067 1804 1163 1858 καὶ
1199 1801 1291 1855 τοῦ
1335 1801 1435 1869 τῆς
1479 1794 1784 1856 Λευκοθέας

217 1913 521 1982 φάσματος,
556 1908 634 1969 ὡς
658 1906 702 1935 ⁸³
734 1904 877 1956 εἴποι
905 1917 964 1953 τε
991 1899 1102 1960 τοῖς
1135 1893 1292 1947 ’παισὶ⁸
1322 1892 1459 1963 πρὸς
1486 1886 1783 1957 Μιλησίους

217 2003 369 2069 φάναι
399 2000 575 2068 τιμᾷν
613 1993 782 2062 αὐτὴν
823 1991 918 2045 καὶ
951 1988 1158 2041 παίδων
1186 1984 1373 2052 ἀγῶνα
1397 1980 1665 2050 γυμνικὸν
1692 1994 1785 2029 τε·

215 2092 317 2145 λεῖν
346 2091 494 2159 αὐτῇ
517 2105 532 2119 ο
565 2086 801 2157 ἡσθῆναι
833 2084 940 2152 γάρ
970 2081 1140 2149 αὐτὴν
1166 2081 1232 2147 τῇ
1262 2074 1397 2148 ἔριδι
1423 2073 1531 2127 τῶν
1556 2071 1782 2137 παίδων.

217 2184 319 2238 Καὶ
345 2182 423 2245 ὼς
458 2183 492 2235 ὁ
533 2177 770 2248 Σμῖκρὸς
824 2191 967 2236 τινος
996 2172 1103 2225 τῶν
1133 2172 1190 2222 ὲν
1233 2166 1520 2239 Μιλησίοις
1562 2162 1786 2227 ἐνδόξων

220 2273 493 2342 (θυγατέρα
537 2272 726 2338 γαμεῖ,
767 2266 863 2320 καὶ
908 2263 1047 2333 αὕτη
1099 2262 1361 2315 τίκτουσα
1400 2259 1502 2329 ὁρᾷ
1535 2255 1657 2324 ὄψιν
1699 2254 1789 2306 τὸν

218 2361 354 2429 ἣλιον
409 2359 558 2429 αὐτῇ
592 2359 636 2387 ’³
673 2355 760 2408 διὰ
809 2354 902 2407 τοῦ
958 2354 1224 2423 στόματος
1271 2348 1519 2402 εἰσδύντα
1575 2344 1661 2398 διὰ
1692 2344 1791 2412 τῆς

219 2450 449 2521 γαστρὸς
489 2449 535 2481 ’³
567 2447 662 2501 καὶ
711 2445 819 2498 τῶν
874 2443 1088 2498 αἰδοίων
1119 2440 1439 2505 διεξελθεῖνθ
1474 2437 1571 2489 xal
1625 2430 1693 2504 ἦν
1730 2431 1790 2485 τὸ

219 2546 385 2614 ὅραμα
413 2543 538 2602 τοῖς
566 2540 824 2610 μάντεσιν
853 2534 1074 2602 ἀγαθόν.
1096 2532 1207 2584 Καὶ
1227 2532 1379 2583 ἔτεκε
1406 2529 1587 2599 κόρον,
1616 2526 1795 2596 Βράγ-

221 2653 303 2703 χον
332 2632 448 2686 ἀπὸ
485 2628 579 2683 τοῦ
608 2628 817 2696 ὀνείρου
843 2624 1142 2686 καλέσασα,
1169 2622 1250 2673 ὅτι
1282 2621 1310 2670 ὁ
1338 2620 1487 2688 ἥλιος
1515 2616 1685 2683 αὐτῆς
1706 2613 1796 2667 διὰ

223 2702 306 2780 τοῦ
350 2724 603 2796 βράγχου
649 2717 893 2786 διεξῆλθε
926 2716 992 2768 ’⁸.
1032 2714 1144 2766 Kal
1170 2702 1237 2782 ἦν
1271 2712 1300 2763 ὁ
1332 2711 1464 2771 παῖς
1513 2705 1796 2766 κάλλιστος

223 2819 549 2889 ἀνθρώπων,
572 2813 678 2866 ,καὶ
712 2810 874 2866 αὑτὸν
920 2807 1177 2876 ἐφίλησεν
1210 2801 1463 2874 ἐρασθεὶς
1498 2798 1795 2857 Ἀπόλλων,

226 2888 388 2979 εὑρὼν
419 2903 809 2973 ποιμαίνοντα,
843 2897 970 2950 ἔνθα
1019 2894 1201 2964 βωμὸς
1236 2891 1573 2952 Ἀπόλλωνος
1623 2888 1798 2957 φιλίου

226 3001 453 3071 ἵδρυται.
499 2997 557 3047 '0
582 2994 635 3047 δὲ
657 2992 905 3063 Βράγχος
931 2987 989 3052 ἐξ
1015 2984 1349 3045 ’Λπόλλωνος
1380 2981 1640 3042 ἐπίπνους
1668 2995 1800 3048 μαν-

225 3090 372 3157 τικῆς
398 3084 649 3155 γεγονὼς
680 3086 735 3135 ἐν
764 3081 1018 3149 Διδύμοις
1049 3075 1126 3147 τῷ
1163 3075 1348 3145 χωρίῳ
1378 3074 1535 3143 ἔχρα.
1564 3073 1671 3125 Kal
1707 3070 1803 3141 μέ-

1200 396 1728 464 BIBLIOTHECA.
1765 417 1835 432 --
1849 390 2016 452 COD.
2033 383 2389 449 CLXXXVI.

3319 358 3422 428 570

2135 494 2421 551 admodum
2449 499 2610 559 atque
2638 486 2893 556 iniustos,
2919 479 3009 549 qui
3045 485 3168 549 post
3195 476 3261 530 ab
3292 473 3426 528 lier-

1863 590 2000 653 cule,
2025 590 2166 656 quod
2196 582 2470 652 improbos
2498 577 2655 632 valde
2695 574 2920 632 odisset,
2951 568 3117 625 occisi
3171 573 3312 620 sunt.
3361 562 3427 615 Et

1863 695 2060 751 parens
2101 679 2212 744 ipse
2286 670 2548 727 tumulum
2604 665 2717 721 suis
2762 661 2981 726 eil'odit,
3038 656 3431 722 Herculemque

1865 774 2010 829 crede
2044 769 2303 839 pollutum
2334 760 2591 831 expiavit.

1935 856 2225 913 Tricesima
2260 830 2417 907 tertia
2449 868 2462 904 :
2498 843 2783 901 Democius
2804 839 3037 907 Delphus
3061 834 3227 889 ﬁlium
3252 830 3434 899 genuit

1864 951 2065 1022 insigni
2102 950 2296 1008 forma,
2325 944 2411 1000 cui
2442 940 2646 997 Smicro
2668 935 2779 1006 (99)
2816 945 3030 995 nomen,
3055 924 3436 994 navigavitque

1866 1045 2102 1102 Miletum
2128 1043 2195 1097 ad
2218 1036 2600 1095 consulendum
2623 1026 2921 1086 oraculum,
2946 1022 3105 1075 ducto
3124 1028 3307 1070 secum
3329 1009 3437 1063 lilio

1869 1153 2132 1196 annorum
2160 1130 2414 1189 tredecim
2446 1138 2659 1194 :quem,
2688 1118 2847 1172 nimis
2892 1113 3144 1167 festinato
3179 1104 3440 1171 navigan-

1873 1236 1923 1289 di
1954 1231 2160 1290 studio,
2204 1234 2363 1293 atque
2408 1214 2741 1286 imprudens.
2775 1209 2843 1262 ibi
2879 1206 3119 1273 reliquit.
3157 1198 3440 1252 Inventum

1875 1326 2058 1393 itaque
2096 1320 2302 1373 tristem
2362 1311 2655 1368 Smicrum,
2722 1299 3007 1371 caprarius
3045 1294 3285 1364 quidam,
3320 1287 3442 1342 Eri-

1878 1385 2044 1470 tharsi
2098 1409 2266 1468 ﬁlius,
2299 1404 2364 1458 ad
2392 1412 2594 1470 patrem
2625 1396 2839 1450 adducit
2868 1408 2880 1444 :
2909 1388 2998 1458 qui
3034 1400 3135 1438 non
3165 1396 3322 1438 secus
3357 1385 3440 1431 at—

1882 1521 1986 1576 que
2007 1517 2159 1557 suum
2192 1498 2387 1559 ﬁlium,
2412 1491 2623 1559 cognita
2652 1486 2802 1556 pueri
2825 1492 2878 1536 et
2905 1477 3211 1533 conditione
3237 1482 3289 1527 et
3318 1472 3445 1525 stir-

1886 1564 1971 1668 pe,
2002 1597 2223 1649 honeste
2250 1603 2370 1641 eum
2392 1587 2528 1653 apud
2555 1597 2613 1636 se
2638 1576 2846 1634 habuit.
2874 1571 3070 1626 Narrat
3096 1576 3151 1622 et
3174 1566 3239 1619 de
3260 1564 3444 1633 Cycno

1885 1707 2007 1746 cum
2067 1688 2273 1741 duobus
2302 1680 2425 1734 ﬁliis
2455 1684 2609 1745 capto
2630 1711 2645 1734 ,
2670 1672 2844 1736 deque
2878 1660 3221 1719 contentione
3240 1696 3256 1719 ,
3292 1669 3355 1708 ac
3382 1652 3449 1706 de

1888 1779 2205 1836 Leucotheae
2262 1781 2496 1842 spectro.
2534 1762 2810 1833 Quomodo
2836 1761 2949 1813 hzec
2985 1751 3164 1824 pueris
3215 1746 3446 1807 dixerit,

1886 1872 2121 1928 Milesios
2143 1874 2201 1921 ut
2226 1866 2576 1920 admonerent
2599 1897 2614 1922 ,
2642 1857 2813 1923 ipsam
2841 1844 3227 1908 honorandam,
3253 1848 3306 1892 et
3324 1849 3453 1907 pue-

1886 1979 2068 2021 rorum
2095 1969 2368 2015 certamen
2398 1951 2703 2023 gymnicum
2736 1943 2837 2013 ipsi
2856 1938 3213 1996 exhibendum
3241 1949 3254 1984 :
3280 1925 3451 1983 laetari

1887 2056 2029 2111 enim
2061 2067 2119 2107 se
2150 2061 2435 2120 puerorum
2458 2038 2818 2097 contentione.
2843 2028 3202 2089 Additetiam,
3230 2033 3289 2076 ut
3309 2018 3453 2073 Smi-

1888 2162 2046 2210 crus,
2081 2142 2212 2199 clari
2240 2137 2517 2206 cujusdam
2558 2130 2695 2201 apud
2721 2126 2955 2182 Milesios
2980 2119 3080 2172 viri
3125 2116 3289 2170 ﬁliam
3316 2124 3453 2164 uxo-

1890 2255 2004 2296 rem
2033 2234 2279 2296 duxerit,
2306 2244 2427 2300 quae
2448 2226 2662 2296 pariens
2693 2217 2989 2276 secundum
3009 2210 3242 2281 quietem
3270 2203 3457 2256 videro

1891 2334 2002 2388 visa
2031 2331 2102 2385 sit
2126 2364 2140 2393 ,
2170 2326 2338 2381 solem
2362 2336 2457 2391 per
2480 2334 2542 2373 os
2574 2316 2744 2385 ipsam
2762 2308 2975 2370 subire,
3002 2312 3055 2356 et
3089 2313 3181 2370 per
3214 2304 3459 2350 ventrem

1893 2435 2054 2493 atque
2084 2417 2317 2475 verenda
2344 2411 2545 2483 egredi.
2565 2405 2716 2473 Quod
2738 2404 2910 2456 visum
2935 2398 3129 2450 bouum
3158 2401 3275 2442 esse
3301 2398 3461 2440 omen

1893 2526 2043 2571 vates
2073 2479 2429 2579 interpretati,
2462 2498 2670 2571 peperit
2698 2494 2786 2549 illa
2819 2491 2984 2545 ﬁlium
3013 2525 3027 2547 ,
3052 2479 3466 2543 Brauchumque

1896 2626 1925 2663 a
1950 2606 2160 2661 somnio
2190 2595 2515 2656 nominavit,
2548 2606 2612 2644 eo
2641 2587 2780 2656 quod
2802 2598 2895 2652 per
2922 2580 3107 2632 fauces
3138 2588 3207 2626 ex
3243 2571 3354 2637 ipsa
3376 2565 3459 2620 sol

1896 2708 2144 2768 egressus
2157 2701 2298 2746 esset
2311 2687 2444 2759 (50).
2458 2677 2868 2736 Hicmortaliunr
2881 2664 3175 2724 formosissi
3186 2676 3303 2714 mus
3314 2670 3468 2728 puer,

1898 2796 1967 2850 ab
1988 2790 2229 2861 Apolline
2242 2794 2325 2839 est
2348 2784 2628 2834 adamatus
2648 2810 2662 2834 .
2689 2785 2810 2825 cum
2831 2780 2959 2821 oves
2983 2767 3294 2832 pascentem
3316 2764 3465 2818 repe-

1901 2888 2080 2941 risset.
2106 2879 2206 2934 Ubi
2240 2884 2296 2931 et
2315 2889 2405 2927 ara
2428 2866 2692 2938 Apollinis
2715 2858 2946 2915 amantis
2963 2858 3294 2909 consecrata.
3313 2843 3471 2896 Bran-

1901 2982 2033 3035 chus
2061 2989 2191 3030 vero
2211 3011 2226 3037 ,
2256 2965 2520 3039 Apollinis
2548 2963 2687 3015 dono
2714 2948 3041 3009 vaticinandi
3071 2952 3188 2999 arte
3221 2942 3474 2998 donatus,

1905 3069 2148 3139 Didymis
2205 3024 2427 3118 oracula
2472 3053 2736 3113 reddidit,
2772 3045 3076 3109 hodieque,
3111 3037 3254 3089 inter
3296 3024 3475 3082 omnia

235 3128 370 3157 ’δη-ιν
410 3128 647 3155 ι-ιν-νιν
681 3128 729 3135 --
764 3128 1015 3149 --νντηπ
1066 3128 1110 3147 ν.
1165 3128 1196 3145 η
1252 3128 1262 3145 ι
1320 3128 1331 3144 ι
1408 3128 1457 3143 η.
1707 3128 1719 3141 ,

229 3201 311 3254 χρι
339 3184 384 3213 ’⁸
409 3180 517 3233 νῦν
567 3173 918 3248 χρηστηρίων
960 3167 1286 3237 Ἑλληνικῶν
1318 3160 1394 3220 ὧν
1448 3165 1627 3234 ἴσμεν,
1667 3162 1802 3232 μετὰ

1905 3174 2024 3235 qua!
2056 3158 2334 3219 novimus,
2365 3151 2551 3206 Graeca
2589 3140 2803 3197 oracula
2829 3177 2844 3202 ,
2879 3128 3303 3188 Branchidarum
3349 3131 3479 3171 ora-

2125 3248 2219 3254 5—“
2372 3253 2375 3254 ν
2432 3241 2468 3254 n
2510 3239 2520 3254 ¹
2562 3236 2738 3254 “9⁴“⁷““
2793 3226 3084 3254 Μλνῗηηηη
3127 3212 3469 3254 ηναιιὶίρπιιιιο,

231 3274 471 3341 Δελφοὺς
498 3270 788 3339 κράτιστον
823 3263 1169 3334 ὁμολογεῖται
1216 3258 1277 3311 τὸ
1310 3256 1419 3309 τῶν
1467 3254 1805 3324 Βραγχιδῶν.

304 3367 367 3418 Ἦ
396 3364 483 3417 λδ¹
511 3363 587 3424 ὼς
626 3358 765 3430 μετὰ
782 3354 1039 3425 τελευτὴν
1068 3351 1420 3421 Ἀλεξάνδρου
1449 3348 1541 3401 τοῦ
1579 3346 1814 3414 Πάριδος

234 3460 278 3512 οἱ
301 3460 566 3528 Πριάμου
589 3453 779 3514 παῖδες
802 3449 1024 3510 Ἕλενος
1051 3447 1145 3500 xal
1165 3443 1431 3513 Δηΐφοϐος
1454 3440 1644 3511 ἤριζον
1670 3437 1813 3507 ὑπὲρ

235 3526 607 3617 τῶννἘλένης
636 3545 852 3613 γάμων,
896 3540 992 3593 καὶ
1030 3538 1225 3607 κρατεῖ
1256 3535 1346 3604 βία
1400 3533 1497 3584 καὶ
1548 3526 1817 3600 θεραπείᾳ

237 3641 337 3694 τῶν
368 3639 623 3694 δυνατῶν
655 3632 939 3705 Δηΐφοϐος,
974 3628 1236 3698 νεώτερος
1268 3625 1344 3678 ῶν
1388 3623 1627 3677 Ἑλένου.
1662 3619 1819 3672 Ἕλε-

240 3754 320 3795 νος
351 3734 435 3797 δὲ,
477 3731 577 3801 τὴν
604 3728 761 3796 ὕϐριν
788 3725 850 3778 ού
891 3722 1091 3793 φέρων,
1126 3722 1204 3781 εἰς
1227 3718 1327 3789 τὴν
1358 3715 1501 3785 Ἴδην
1525 3711 1818 3783 ἀποχωρή-

244 3845 334 3889 σας
368 3823 646 3896 ἡσύχαζε.
679 3818 789 3872 Kal
820 3814 962 3869 κατὰ
1015 3810 1323 3883 συμϐουλὰς
1349 3809 1393 3838 ’⁸
1431 3806 1744 3875 Κάλχαντος
1770 3804 1819 3856 oi

246 3915 668 3990 πολιορκοῦντες
718 3909 918 3982 Τροίαν
977 3904 1239 3971 Ἕλληνες
1288 3901 1431 3969 λόχῳ
1479 3898 1568 3951 τὸν
1603 3897 1822 3951 Ἕλενον

247 4010 717 4081 συλλαμϐάνουσι*
746 4003 840 4057 καὶ
871 4001 941 4053 τὰ
977 3999 1077 4069 μὲν
1126 3992 1376 4055 ἀπειλαῖς
1421 3991 1490 4044 τὰ
1520 3991 1577 4042 δὲ
1608 3990 1821 4061 δώροις,

248 4105 401 4157 πλέον
435 4102 499 4155 δὲ
532 4102 598 4169 τῇ
646 4096 780 4166 πρὸς
814 4091 1007 4162 Τρῶας
1032 4089 1195 4157 ὀργῇ,
1238 4083 1612 4139 ἀποκαλύπτει
1644 4084 1825 4143 αὐτοῖς

253 4199 474 4257 Ἕλενος
506 4193 585 4255 ὡς
640 4189 834 4257 ξυλίνῳ
869 4186 1020 4252 ἵππῳ
1074 4177 1439 4249 πεπρωμένον
1490 4174 1638 4225 ἐστὶν
1669 4171 1827 4225 Ἴλιον

252 4290 478 4350 ἁλῶναι,
526 4283 617 4336 καὶ
664 4280 725 4332 τὸ
760 4275 1091 4335 τελευταῖον,
1127 4268 1349 4322 ἐπειδάν
1394 4265 1597 4335 Ἀχαιοὶ¹
1624 4262 1828 4315 λάϐωσι

252 4384 307 4435 τὸ
332 4378 589 4438 διοπετὲς
619 4372 850 4441 Ἀθηνᾶς
914 4364 1231 4428 Παλλάδιον,
1284 4360 1497 4413 πολλῶν
1547 4356 1720 4410 ὄντων
1772 4354 1832 4407 τὸ

258 4467 648 4541 σμικρότατον.
676 4458 993 4516 Στέλλονται
1025 4449 1118 4507 οὖν
1149 4452 1243 4505 ἐπὶ
1262 4454 1328 4521 τῇ
1361 4449 1535 4517 κλοπῇ
1564 4446 1659 4498 τοῦ
1686 4445 1831 4497 Παλ-

255 4564 432 4617 λαδίου
471 4556 744 4627 Διομήδης

256 4658 311 4709 τὸ
337 4660 523 4724 τεῖχος
555 4652 598 4683 ’⁷
626 4647 920 4717 Διομήδης,
948 4641 1143 4702 ἐπιϐὰς
1171 4639 1279 4692 τῶν
1304 4635 1472 4704 ὤμων
1500 4630 1832 4691 Ὀδυσσέωςο

258 4751 286 4803 ὁ
308 4749 362 4802 δὲ
392 4748 500 4801 οὐκ
529 4740 831 4797 ἀνελκύσας
855 4733 1136 4796 Ὀδυσσέα,
1164 4730 1339 4783 καίτοι
1372 4729 1471 4789 τὰς
1502 4727 1690 4795 χεῖρας
1714 4720 1837 4792 ὀρέ-

262 4858 448 4910 γοντα,
496 4838 585 4908 ᾔει
626 4833 725 4903 τὴν
773 4830 867 4883 ἐπὶ
900 4828 960 4879 τὸ
992 4821 1316 4883 Παλλάδιον,
1362 4818 1459 4871 καὶ
1509 4815 1838 4884 ἀφελόμενος

266 4905 393 4987 αὐτὸ
425 4905 567 5002 πρδς
614 4923 878 4980 Ὀδυσσέα
909 4920 1049 4990 ἔχων
1092 4915 1418 4983 ὑπέστρεφε.
1468 4910 1581 4963 Kal
1624 4905 1712 4960 διὰ
1743 4905 1836 4958 τοῦ

269 5023 451 5076 πεδίου
474 4993 784 5073 ’κατιόντων
804 5006 1192 5077 πυνθανομένῳ
1219 5002 1345 5075 [2‘28
1387 4998 1481 5070 [1.]
1514 4998 1724 5050 ἕκαστα
1759 4993 1836 5064 τῷ

270 5113 515 5166 Ὀδυσσεῖ
546 5106 837 5176 Διομήδης,
886 5102 948 5153 τὸ
984 5099 1155 5152 δόλιον
1191 5092 1417 5164 τάνδρὸς
1450 5090 1495 5123 ³⁸
1523 5088 1698 5153 εἰδὼς,
1734 5088 1833 5155 οὐχ

793 4554 885 4605 καὶ
913 4547 1223 4611 Ὀδυσσεὺς,
1257 4545 1353 4599 καὶ
1403 4540 1687 4596 ἀναϐαίνει
1738 4537 1832 4589 ἐπὶ
1862 4527 1907 4583 Ι)
1935 4539 2012 4593 sis

1912 3212 2022 3235 ,ιη
2322 3212 2331 3219 ,

1912 3255 2091 3311 cuium
2117 3248 2227 3321 (5i)
2264 3253 2386 3315 post
2432 3236 2741 3307 Delphicum
2793 3226 3085 3282 maximum
3127 3212 3469 3286 prmdicatur.

3023 3312 3061 3321 ""
3101 3309 3114 3321 “
3240 3320 3243 3321 ν
3292 3312 3329 3321 κ.
3363 3298 3452 3321 n,_:

1986 3298 2091 3307 ’“”“”
2120 3298 2225 3321 \"‘I
2268 3298 2289 3315 r
2530 3298 2541 3307 -

1983 3340 2278 3399 Tricesima
2297 3343 2510 3403 quarta.
2541 3326 2733 3383 Paride
2760 3326 2991 3377 mortuo,
3023 3309 3254 3365 Helenus
3281 3312 3334 3358 et
3363 3298 3484 3352 Dei-

1915 3436 2121 3507 phobus
2152 3428 2350 3484 Priami
2383 3423 2476 3478 ﬁlii
2508 3434 2668 3487 super
2694 3414 2910 3469 Helena:
2952 3403 3150 3474 nuptiis
3186 3393 3484 3452 contende-

1916 3486 2049 3507 r---~
2579 3486 2587 3487 ,

1916 3535 2063 3587 runt,
2093 3522 2330 3587 vicitque
2352 3527 2448 3584 per
2468 3515 2573 3566 vim
2589 3518 2645 3564 et
2666 3502 2961 3576 potentium
2974 3508 3131 3564 apem
3158 3486 3485 3554 Deiphobus,

1917 3627 2075 3673 aetate
2102 3616 2227 3669 licet
2259 3613 2455 3664 minor.
2489 3603 2721 3658 llelcnus
2750 3609 2898 3663 ergo,
2936 3588 3143 3656 injuria:
3179 3578 3485 3648 impatiens,

1919 3714 1971 3767 in
2005 3712 2146 3764 Idam
2178 3700 2371 3774 137a
2401 3695 2661 3753 secedens
2687 3688 2853 3741 otium
2891 3682 3039 3751 egit:
3067 3675 3155 3729 ubi
3177 3665 3492 3727 Calchantis

1922 3816 2082 3860 suasu
2102 3842 2117 3865 ,
2143 3800 2232 3868 qui
2256 3791 2472 3859 Trojam
2487 3784 2803 3842 obsidebant
2840 3772 3012 3830 Graeci
3037 3784 3101 3824 ex
3137 3761 3345 3819 insidiis
3370 3770 3491 3811 eum

1923 3896 2142 3966 capiunt
2170 3908 2182 3943 :
2210 3887 2302 3942 ille
2330 3882 2524 3954 partim
2549 3876 2710 3932 minis
2734 3913 2749 3936 ,
2772 3869 2967 3939 partim
2991 3862 3146 3917 donis
3167 3900 3183 3926 ,
3207 3856 3287 3910 vel
3317 3854 3497 3923 potius

1930 3946 2059 3966 --τη
2334 3946 2345 3954 .

1924 3990 2046 4043 odio
2084 3982 2278 4050 Troiae,
2334 3975 2537 4033 Graecis
2562 3968 2839 4027 indicavit,
2873 3962 3049 4030 ligneo
3103 3966 3241 4022 equo
3277 3946 3495 4013 Trojam

1928 4078 2240 4149 capiendam
2259 4112 2274 4135 ,
2302 4070 2412 4124 fato
2455 4079 2575 4121 esse
2604 4059 2965 4128 designatum.
2994 4047 3106 4101 lrno
3136 4053 3187 4098 et
3223 4043 3322 4095 hoc
3349 4036 3499 4091 deni-

2832 4147 2841 4149 _
2937 4143 2948 4149 _
2990 4141 3001 4149 _
3239 4132 3341 4149 mm
3372 4127 3497 4149 mm.

1928 4127 2056 4243 qure,
2081 4127 2198 4225 cum
2226 4127 2410 4218 Achivi
2439 4147 2879 4225 cepissentcwlo
2920 4141 3192 4209 delapsum
3235 4132 3344 4203 (5‘2)
3372 4127 3500 4182 illud

1931 4216 2056 4243 Ψινν
2084 4216 2198 4225 ww-
2226 4216 2329 4218 -ί-κν
2508 4216 2519 4225 .

1931 4267 2181 4322 ηηθτνξε
2198 4254 2493 4312 Palladium
2516 4246 2655 4321 (55),
2678 4242 2820 4312 quod
2854 4241 2993 4292 inter
3016 4231 3180 4285 multa
3202 4234 3320 4279 erat
3352 4216 3505 4273 mini-

1933 4372 2102 4412 mum.
2138 4352 2303 4421 igitur
2330 4345 2481 4400 missi
2512 4344 2576 4395 ad
2612 4334 2907 4392 Palladium
2940 4327 3085 4381 furto
3114 4314 3500 4374 auferendum,

1937 4444 2218 4504 Diomedes
2236 4451 2293 4495 et
2316 4438 2538 4509 Ulysses
2564 4448 2579 4487 :
2607 4426 2896 4493 evaditque
2923 4420 2973 4473 in
2991 4426 3203 4470 murum
3225 4422 3321 4478 per
3340 4403 3506 4474 Ulys-

2066 4534 2323 4588 humerus
2358 4520 2725 4578 conscendens
2760 4507 3068 4569 Diomedes,
3098 4512 3273 4566 neque
3324 4501 3506 4546 tamen

1942 4639 2135 4683 manus
2159 4620 2461 4675 tendentem
2488 4611 2691 4666 socium
2716 4602 2970 4662 attraxit,
2996 4596 3088 4651 sed
3116 4593 3180 4645 ad
3208 4586 3506 4643 Palladium

1943 4719 2096 4780 abiit,
2117 4726 2287 4782 eoque
2318 4709 2517 4768 ablato,
2544 4703 2608 4756 ad
2638 4698 2884 4768 Ulyssem
2906 4687 3145 4745 revertit.
3174 4683 3251 4737 lla
3279 4693 3399 4734 cum
3417 4689 3513 4743 per

1943 4809 2099 4876 plana
2131 4766 2389 4864 redirent,
2427 4766 2783 4859 interroganti
2814 4778 3127 4851 singulatim
3148 4772 3331 4828 omnia
3347 4766 3511 4839 Ulys-

1944 4900 1991 4955 si
2015 4938 2030 4963 ,
2059 4893 2296 4951 hominis
2318 4888 2573 4943 astutiam
2611 4896 2715 4934 non
2754 4879 3031 4947 ignorans,
3067 4863 3377 4935 respondit,
3408 4873 3514 4912 non

1943 4948 2089 5063 quod
2115 4986 2348 5041 Helenus
2378 4976 2675 5063 Palladium
2706 4971 2998 5026 indicasset
3014 4976 3072 5017 se
3102 4956 3396 5025 accepisse,
3422 4948 3516 5005 sed

1940 5100 2037 5154 pro
2061 5096 2126 5137 eo
2163 5078 2305 5133 aliud
2346 5050 2641 5146 quoddam.
2704 5068 2897 5121 Verum
2937 5067 3078 5114 moto
3129 5053 3269 5108 forte
3305 5046 3519 5103 fortuna

1540 5203 1778 5261 VARIIE
1815 5197 2229 5256 LECTIONES.

379 5324 425 5356 ιι
455 5325 553 5393 μὲν
602 5325 725 5394 τρια.
768 5319 834 5394 A.
917 5309 1230 5394 ’θὲεξεπξρές
1274 5326 1333 5372 ς-

278 5397 324 5429 ¹³
344 5358 577 5464 γασξρδς
1416 5377 1461 5409 ³³
1497 5374 1660 5445 μέχρι
1718 5368 1817 5423 τοῦ
1847 5358 2031 5432 νῦν’ς·.
2122 5365 2168 5395 ⁸⁸
2202 5358 2510 5431 συμϐουλήν
2549 5373 2611 5420 ς.

283 5457 407 5538 χούς
436 5457 500 5517 Δί
574 5463 620 5493 ⁸⁸
641 5459 737 5513 τοῦ
771 5457 962 5528 ἀνδρός
1001 5472 1063 5519 ς.

1387 5306 1431 5337 ²⁰
1458 5304 1517 5357 τὸ
1552 5320 1660 5353 (NII.
1697 5300 1763 5352 A.
1805 5299 1849 5328 ²¹
1876 5294 1975 5365 ὡς]
2008 5296 2099 5348 καὶ
2129 5293 2204 5357 ὡς
2245 5309 2305 5356 ς.
2332 5290 2477 5365 εἴποι
2506 5284 2549 5338 Α
2579 5302 2593 5339 :
2622 5280 2675 5335 εί
2702 5295 2868 5340 τοις.

2933 5272 2978 5303 ²¹
3010 5268 3147 5337 αὐτῇ
3170 5262 3259 5337 τὸν
3281 5258 3435 5337 ἥλιον
3457 5270 3518 5337 ςς.

2686 5324 2868 5402 Τέπῖ
2896 5342 2957 5397 τὸ
2995 5324 3196 5407 τεῖχὸς]
3261 5324 3357 5383 τοῦ
3409 5324 3524 5378 τείο

1724 5526 1966 5588 NOTAE.

355 5650 461 5709 (29)
486 5650 753 5704 Simerum
788 5650 945 5697 vocat
980 5636 1291 5709 Lactantius
1331 5630 1396 5683 ad
1417 5642 1557 5709 versv.
1601 5625 1834 5686 198,iib.

292 5696 847 5775 νιίι-ἳὴξίῖαίξίίειδιζ
879 5712 1064 5777 Papia.
1097 5707 1197 5763 Ubi
1230 5703 1382 5777 plura
1411 5714 1476 5753 ex
1509 5696 1768 5751 Varrone.

361 5792 466 5854 (50)
499 5787 731 5856 meme;
760 5785 936 5856 potius
958 5773 1231 5856 legendum
1262 5773 1490 5826 videtur.

362 5836 469 5931 liii
493 5836 909 5928 Devr'fuoSlrabo
934 5860 991 5907 et
1009 5836 1247 5903 'Pausan.
1278 5858 1385 5898 non
1419 5836 1629 5895 semel.-

2016 5618 2127 5689 (3%)
2162 5613 2447 5689 Atousfég._
2466 5610 2543 5667 De
2568 5622 2671 5689 qua
2701 5600 2968 5689 voce‘lege

2154 5648 3255 5761 'lﬁfer'ﬁﬂ'ﬁfgll“spongia...
3268 5656 3394 5711 item
3421 5648 3521 5705 lib.

1952 5728 2653 5823 m‘i'zudtléfn".{Scienti
2671 5728 2951 5799 VC‘retens:
2970 5728 3063 5793 lib:
3095 5748 3127 5788 v
3159 5728 3279 5785 init.
