4038 6402
560 428 659 492 571

1701 427 1957 486 ΡΗΟΤΙΙ
1988 425 2486 485 PATRIARCH/E
2522 427 2628 485 CP.

3674 427 3786 492 572

552 538 805 602 Palladio,
836 534 1051 606 agnovit
1074 532 1290 604 Ulysses
1312 531 1442 586 illud
1491 532 1662 601 ipsum
1691 547 1830 587 esse.
1867 532 2041 598 Quare
2072 546 2101 583 a

2211 532 2337 599 ὅπερ
2370 528 2570 599 ἐφησεν
2604 529 2823 592 Ἕλενος
2854 529 3150 583 Παλλάδιον
3198 530 3381 585 λαϐεῖν
3430 532 3615 596 αὑτὸν,
3659 528 3784 586 ἀλλ’

550 644 699 701 tergo
731 646 789 685 se
811 636 1050 683 statuens
1079 625 1369 687 Diomedis,
1395 624 1774 678 interfecturus
1803 624 1970 688 illum,
1995 624 2107 692 gla-
2130 642 2155 674 ς

548 726 692 777 dium
724 719 965 783 strinxit,
998 731 1104 787 quo
1125 715 1582 785 ipsemetAchivis
1609 714 1896 768 Palladium
1949 715 2107 768 aﬂ'er-

551 823 651 866 ret.
681 814 746 866 At
778 813 901 865 dum
929 810 1139 878 plagam
1174 806 1469 861 indicturus
1524 815 1702 870 esset,
1739 806 1869 860 vidit
1897 803 2109 859 Diome-

549 906 678 969 des,
710 904 1025 971 splendente
1056 910 1167 955 tum
1195 899 1333 953 forte
1356 900 1500 963 luna,
1532 899 1677 951 ensis
1696 898 1884 951 vibrati
1911 897 2104 952 lucem.

548 995 622 1049 Ita
651 994 868 1066 Ulysses
896 1008 925 1046 a
957 994 1102 1048 caede
1126 992 1401 1051 abstinuit,
1434 990 1727 1058 stringente
1750 988 1981 1042 vicissim
2000 988 2108 1057 gla-

550 1085 694 1135 dium
732 1083 1006 1148 Diomede,
1046 1083 1137 1151 qui
1180 1092 1233 1136 et
1266 1080 1602 1133 timiditatem
1642 1076 1715 1131 illi
1753 1077 2107 1147 exprobrans,

550 1184 606 1229 et
634 1173 790 1242 gladii
824 1174 1017 1225 lamina
1038 1211 1052 1235 ,
1092 1172 1230 1240 quod
1283 1170 1598 1225 antecedere
1623 1169 1824 1233 nollet,
1858 1170 2108 1223 humeros

550 1267 872 1330 verberans,
902 1266 1146 1319 eumdem
1183 1271 1304 1317 ante
1335 1277 1393 1317 se
1423 1263 1552 1331 egit.
1585 1257 1739 1316 Unde
1767 1260 2105 1328 proverbium

551 1358 682 1429 (ὅδ’)
717 1366 898 1410 natum
928 1373 943 1410 :
974 1354 1276 1409 Diomedeia
1301 1354 1595 1418 necessitas,
1617 1352 1857 1406 adhiberi
1893 1349 2105 1406 solitum

551 1451 604 1505 in
638 1464 734 1515 eo,
766 1448 858 1519 qui
881 1447 1082 1516 aliquid
1108 1446 1267 1500 faciat
1296 1446 1509 1499 invitus.

619 1713 913 1769 Tricesima
956 1714 1137 1783 quinta
1193 1713 1325 1767 duos
1370 1712 1566 1766 inducit
1607 1721 1849 1781 pastores
1881 1714 1946 1768 ad
1980 1713 2109 1784 Lys-

546 1819 663 1857 sum
687 1803 937 1872 Epheslni
961 1803 1073 1872 agri
1095 1813 1329 1856 montem
1351 1811 1629 1870 pascentes
1652 1818 1665 1856 :
1700 1802 1788 1871 qui
1804 1816 1959 1871 apum
1982 1818 2108 1857 exa-

2212 622 2326 674 ἀντ⁹
2355 620 2560 673 ἐκείνου
2593 622 2801 691 ἕτερον,
2837 622 3209 691 ἀποκρίνεται.
3245 624 3568 692 Κινηθέντος
3596 625 3653 678 δέ
3681 625 3785 679 τοῦ

2214 712 2506 766 Παλλαδίου
2535 713 2674 765 κατά
2707 729 2827 765 τινα
2848 712 3075 783 δαίμονα
3093 753 3108 777 ,
3144 715 3304 780 γνοὺς
3331 714 3618 778 Ὀδυσσεὺς
3643 716 3787 768 αὐτὸ

2213 804 2386 855 ἐκεῖνο
2434 799 2571 856 εἶναι
2604 803 2699 856 καὶ
2742 803 2970 855 κατόπιν
2999 803 3236 870 γεγονὼς
3267 805 3466 871 σπᾶται
3507 807 3567 859 τὸ
3597 807 3785 876 ξίφος,

2212 896 2417 947 ἐκεῖνον
2474 894 2573 963 μὲν
2624 893 2831 946 ἀνελεῖν
2887 892 3189 963 βουληθεὶς,
3230 893 3356 964 [444
3382 894 3474 965 R.]
3520 896 3683 959 αὐτὸς
3731 897 3785 949 δ’

2211 986 2449 1055 Ἀχαιοῖς
2470 984 2532 1037 τὸ
2557 983 2851 1037 Παλλάδιον
2877 983 3145 1053 κομίζειν.
3170 984 3279 1036 Καὶ
3296 984 3462 1038 αὐτοῦ
3491 986 3785 1054 μέλλοντος

2213 1077 2427 1147 πληγὴν
2452 1075 2705 1146 ἐμϐαλεῖν
2732 1072 2820 1146 (ἦν
2846 1075 2955 1144 γὰρ
2986 1075 3341 1147 σελήνη),όρᾷ
3370 1078 3640 1147 Διομήδης
3675 1077 3783 1147 τὴν

2211 1166 2385 1235 αὐγὴν
2412 1165 2505 1219 τοῦ
2553 1166 2757 1233 ξίφους.
2799 1165 3085 1228 Ὀδυσσεὺς
3111 1165 3156 1218 δ’
3205 1167 3447 1235 ἀναιρεῖν
3515 1167 3613 1236 μὲν
3664 1169 3782 1220 ἀπ-

2212 1259 2402 1327 έσχετο
2447 1257 2917 1325 ἀντισπασαμένου
2944 1257 3197 1309 κάκείνου
3248 1258 3422 1326 ξίφος,
3478 1257 3683 1311 δειλίαν
3729 1258 3782 1310 δ’

2211 1349 2475 1413 ὀνειδίσας
2525 1349 2717 1401 πλατεῖ
2765 1347 2844 1417 τῷ
2887 1348 3032 1416 ξίφει
3083 1348 3182 1400 οὐκ
3222 1348 3474 1402 ἐθέλοντα
3527 1348 3782 1416 προϊέναι

2209 1441 2428 1495 τύπτων
2471 1440 2541 1494 τὰ
2581 1441 2723 1493 νῶτα
2770 1440 3019 1509 ἦλαυνεν.
3044 1440 3134 1505 Ἐξ
3175 1434 3236 1493 οῦ
3277 1444 3309 1511 ἡ
3364 1442 3633 1511 παροιμία
3686 1459 3705 1491 ι
3741 1442 3778 1509 ή

2212 1532 2519 1603 Διομήδειος
2546 1532 2588 1563 ’⁸
2621 1531 2853 1599 ἀνάγκη,
2897 1549 2917 1583 ι
2957 1533 3048 1584 ἐπὶ
3096 1532 3296 1594 παντὸς
3333 1530 3589 1584 ἀκουσίου
3618 1530 3781 1603 λεγοα

2214 1624 2371 1692 μένη.
3746 1696 3749 1697 ν

2296 1717 2360 1768 Ἡ
2411 1717 2480 1767 λε’
2520 1718 2613 1770 δύο
2667 1717 2929 1785 ποιμένας
2983 1716 3087 1769 ύπδ
3134 1715 3343 1769 Λυσσδν
3392 1714 3452 1767 τὺ
3492 1714 3619 1784 ὅρος
3677 1713 3780 1782 τῆς

2226 1808 2475 1876 Ἐφεσίας
2517 1810 2619 1878 γῆς
2652 1810 2860 1877 εἰσάγει
2885 1808 3165 1877 νέμοντας,
3229 1807 3277 1859 οἳ
3312 1806 3583 1875 μελισσῶν
3609 1805 3783 1872 ἐσμὸν

550 1910 668 1948 men
707 1894 759 1946 in
794 1892 1056 1962 profundo
1098 1893 1328 1961 quodam
1371 1903 1531 1961 atque
1581 1893 1646 1946 ad
1677 1894 2108 1948 descendendum

2218 1900 2273 1953 ἐν
2293 1917 2399 1953 τινι
2432 1901 2585 1969 βαθεῖ
2606 1901 2697 1952 καὶ
2727 1900 3037 1967 δυσκαθῶῳ
3068 1897 3396 1966 θεασάμενοι
3427 1896 3705 1966 σπηλαίῳ,
3752 1897 3782 1949 6

547 1983 842 2055 perdilIicili
880 1993 1037 2036 antro
1067 1998 1186 2037 cum
1220 1984 1513 2048 vidissent,
1543 1985 1681 2039 alter
1726 1985 2020 2055 sportulam
2050 1987 2114 2038 ad

548 2070 981 2127 descendendum
1017 2069 1289 2138 ingressus
1323 2078 1438 2132 est,
1472 2068 1607 2122 alter
1633 2086 1749 2123 eam
1782 2085 1812 2124 e
1838 2070 1962 2123 fune
1993 2087 2114 2125 sus-

548 2180 767 2235 pensam
813 2161 1147 2216 demittebat.
1183 2158 1314 2213 Cum
1355 2170 1530 2214 autem
1588 2161 1676 2228 qui
1728 2162 2110 2225 descenderat,

552 2258 726 2311 mellis
757 2266 918 2322 atque
937 2254 1049 2306 auri
1080 2253 1347 2321 ingentem
1373 2252 1583 2320 copiam
1616 2252 1923 2321 reperisset,
1944 2254 2112 2322 impo-

549 2351 712 2403 situm
750 2345 1003 2416 sportula:
1040 2359 1175 2398 onus
1207 2343 1363 2398 tertio
1395 2343 1672 2397 attrahere
1697 2359 1908 2398 sursum
1933 2344 2108 2412 jussit.

545 2439 693 2493 Auro
723 2438 843 2492 dein
867 2437 1160 2500 deliciente,
1176 2435 1407 2503 seipsum
1426 2435 1674 2502 deinceps
1694 2446 1926 2503 sportam
1944 2437 2113 2505 ingre-

550 2533 600 2586 di
628 2529 965 2586 acclamavit.
997 2529 1066 2581 At
1096 2536 1375 2596 postquam
1410 2526 1724 2580 insidiarum
1748 2528 1845 2595 ipsi
1878 2529 2111 2596 suspicio

547 2637 667 2678 cum
704 2621 867 2675 verbo
916 2619 1005 2674 illo
1057 2618 1109 2672 in
1142 2626 1372 2671 mentem
1419 2616 1596 2682 venit,
1643 2617 1872 2686 lapidem
1926 2634 2021 2688 pro
2054 2636 2111 2673 se

551 2721 747 2782 sporta!
778 2711 1066 2779 imposuit,
1090 2709 1359 2779 jussitque
1393 2710 1684 2763 attrahere.
1714 2709 1862 2764 Alter
1891 2708 2103 2779 itaque,

551 2805 734 2873 utjam
769 2816 915 2871 pane
944 2802 1010 2855 ad
1046 2816 1193 2855 oram
1226 2816 1391 2869 usque
1408 2799 1674 2869 spelunca:
1698 2815 1837 2855 onus
1868 2803 2106 2867 attraxit,

549 2902 697 2946 ratus
727 2906 783 2946 se
804 2890 1007 2946 socium
1041 2890 1304 2954 occidere,
1332 2887 1608 2943 confestim
1641 2903 1734 2957 per
1756 2889 2108 2957 praecipitium

547 2980 811 3051 quoddam
843 2989 1076 3048 sportam
1103 2978 1474 3048 praecipitavit,
1499 2992 1736 3046 auroque
1762 2978 1909 3031 humi
1930 2977 2107 3033 defos-

547 3085 608 3125 so
627 3111 645 3137 ,
675 3070 992 3124 verisimiles
1024 3069 1089 3122 de
1110 3079 1325 3137 pastore
1347 3068 1438 3138 qui
1460 3067 1863 3122 desiderabatur
1881 3108 1897 3134 ,
1922 3083 2109 3123 causas

544 3159 999 3229 interrogantibus
1029 3169 1365 3212 commentus
1389 3166 1492 3210 est.
1535 3157 1671 3211 Hinc
1700 3171 1822 3211 cum
1854 3158 1990 3211 alter
2019 3158 2105 3212 ille

546 3251 600 3306 in
634 3252 887 3321 spelunca
919 3249 1105 3319 1376
1126 3262 1309 3320 pastor
1338 3249 1535 3302 nullam
1571 3250 1761 3303 salutis
1790 3250 1929 3303 viam
1965 3265 2112 3318 repe.

545 3342 677 3397 riret
698 3383 712 3407 ,
738 3341 928 3412 Apollo
976 3343 1027 3394 in
1060 3340 1261 3395 somnis
1286 3339 1483 3407 jussit,
1526 3349 1584 3393 ut
1615 3349 1773 3394 acuto
1802 3339 1979 3408 lapide
2008 3340 2110 3394 sibi

544 3448 771 3502 corpore
788 3434 1044 3498 lacerato,
1062 3431 1508 3500 quietusjaceret.
1532 3433 1716 3487 Paruit
1740 3432 1828 3486 ille
1850 3434 2109 3501 monenti,

544 3531 595 3576 et
633 3522 869 3577 vultures
896 3530 1150 3589 tanquam
1173 3522 1238 3575 ad
1264 3522 1496 3575 cadaver
1521 3522 1858 3587 advolantes,
1882 3537 2113 3592 ungues-

545 3627 652 3682 que
684 3612 771 3666 alii
806 3626 999 3675 comaa,
1034 3610 1123 3665 alii
1160 3604 1397 3667 vestibus
1446 3614 1761 3683 intigeutes,
1796 3613 1848 3668 in
1884 3614 2112 3668 sublime

548 3705 817 3758 hominem
849 3703 1197 3767 sustulerunt,
1226 3715 1622 3772 avexeruntquc
1653 3705 1875 3759 illaesum
1911 3705 1964 3758 in
1987 3704 2113 3759 sub-

540 3795 737 3864 jcctam
801 3792 1012 3846 vallem.
1078 3790 1204 3846 Inde
1256 3793 1526 3862 prolectus
1553 3794 1602 3847 in
1638 3796 1839 3848 curiam
1867 3834 1883 3860 ,
1919 3800 2111 3848 cuncta

548 3883 882 3952 magistratui
922 3885 1184 3951 exposuit.
1246 3884 1420 3949 Quare
1474 3884 1688 3953 Ephesii
1738 3888 2109 3946 insidiatorem

548 3976 695 4030 illum
739 3976 1078 4041 convictum,
1119 3992 1413 4046 aurumque
1448 3978 1721 4032 defossum
1761 3980 1846 4035 vel
1884 3981 2110 4036 invitum

546 4065 828 4119 ostendere
860 4074 1105 4119 coactum
1133 4065 1251 4137 [pro
1276 4068 1508 4141 meritis]
1540 4069 1832 4125 multarunt
1864 4088 1877 4124 :
1915 4071 2111 4140 injuria

547 4171 675 4211 vero
726 4155 914 4212 allecto
954 4161 1070 4213 auri
1120 4161 1397 4215 dimidium
1462 4163 1851 4227 attribuentes,
1884 4164 2110 4220 alterum

549 4250 823 4304 dimidium
840 4251 1069 4321 Apollini
1084 4267 1147 4306 ac
1166 4252 1345 4307 Diana:
1366 4253 1692 4308 obtulerunt.
1720 4255 1971 4309 Servatus
1987 4270 2113 4324 ergo

552 4351 733 4411 pastor
772 4341 891 4408 ille,
929 4358 1165 4411 auroque
1211 4345 1465 4410 donatus,
1495 4347 1561 4400 ad
1606 4361 1844 4400 summas
1872 4348 2114 4416 pervenit

549 4432 761 4487 divitias
782 4473 800 4501 ,
830 4442 885 4487 et
912 4449 1060 4487 aram
1087 4437 1137 4488 in
1169 4450 1376 4490 summo
1418 4436 1617 4491 montis
1647 4438 1844 4491 vertice
1859 4438 2111 4506 Apollini,

2219 1992 2316 2061 μὲν
2339 1992 2382 2023 ³ο
2416 1994 2496 2054 είς
2527 1991 2763 2061 φορμίδα
2797 1990 3037 2044 κατιέναι
3063 1989 3244 2057 ἐνέϐη,
3278 1991 3305 2041 6
3336 1989 3392 2040 δὲ
3422 1988 3605 2041 καθίει
3626 1987 3782 2058 κάλῳ

2214 2084 2609 2154 ἁρτησάμενος,
2675 2084 2731 2136 Ὀ
2785 2082 3064 2136 κατελθὼν
3096 2082 3151 2134 δὲ
3212 2083 3305 2134 καὶ
3328 2082 3451 2133 τὸ³¹
3511 2080 3633 2149 μέλι
3681 2079 3781 2132 καὶ

2215 2174 2413 2247 χρυσὸν
2440 2174 2605 2227 πολὺν
2656 2171 2831 2241 εὑρὼν
2872 2174 2963 2224 καὶ
2990 2174 3053 2242 τῇ
3087 2171 3307 2239 φορμίδι
3354 2170 3459 2233 ἓως
3507 2171 3628 2240 τρίς
3677 2172 3783 2239 ἐμ-

2218 2266 2395 2319 ϐαλὼν
2419 2266 2464 2297 ”
2494 2267 2689 2335 ἁνιμᾷν
2719 2264 3020 2326 ἐκέλευσεν,
3064 2263 3439 2331 ἐπιλείψαντος
3492 2263 3546 2314 δὲ
3578 2263 3625 2293 ³³
3680 2262 3779 2313 τοῦ

2211 2356 2409 2427 χρυσοῦ
2453 2357 2642 2408 ἐαυτὸν
2691 2355 2969 2425 ἐμϐαίνειν
3014 2354 3200 2408 λοιπὸν
3249 2355 3616 2424 προσϐοήσας,
3650 2354 3780 2404 ἐπεὶ

2210 2445 2503 2515 ἐπιϐουλῆς
2554 2445 2731 2498 ἔννοια
2780 2445 2927 2513 αὐτῷ
2975 2444 3093 2513 ἅμα
3119 2443 3195 2512 τῷ
3227 2445 3433 2513 ῥήματι
3461 2443 3775 2513 συνεισῄει,

2208 2537 2355 2591 λίθον
2374 2538 2488 2590 ἀνθ’
2522 2537 2684 2590 αὑτοῦ
2718 2538 2783 2605 τῇ
2816 2536 3034 2606 φορμίδι
3061 2534 3238 2606 βαλὼν
3272 2535 3554 2588 ἐκέλευσεν
3576 2533 3623 2565 ³⁸
3656 2537 3781 2588 ἀνι-

2214 2629 2341 2698 μᾷνο
2381 2628 2466 2690 Ὣς
2492 2627 2535 2679 δ’
2558 2628 2722 2695 ἐγγὺς
2746 2628 2841 2697 τῆς
2874 2627 3141 2697 στεφάνης
3169 2628 3197 2679 ὁ
3238 2626 3446 2693 ἀνιμῶν
3502 2627 3779 2697 ἀπῃωρή-

2212 2740 2363 2786 σατο,
2388 2720 2585 2774 αὐτίκα
2603 2720 2677 2781 ὡς
2724 2719 3033 2787 διαφθερῶν
3050 2720 3092 2749 ³⁵
3141 2718 3232 2770 τὸν
3266 2718 3452 2787 ἕτερον
3481 2718 3524 2748 ³⁸
3572 2718 3778 2787 ἀφίησι

2210 2813 2351 2865 κατά
2377 2827 2521 2873 τινος
2544 2810 2845 2879 φάραγγος,
2886 2811 2975 2861 καὶ
3001 2809 3062 2861 τὸ
3087 2810 3317 2878 χρυσίον
3340 2808 3648 2876 κατορύξας
3677 2826 3776 2859 πι-

2209 2902 2375 2965 θανὰς
2397 2902 2537 2972 ὑπὲρ
2585 2902 2677 2953 τοῦ
2709 2901 2948 2968 ἀφανοῦς
3004 2902 3258 2969 ποιμένος
3311 2900 3604 2953 ἐπλάττετο
3657 2903 3778 2962 τοῖς

2208 2993 2637 3063 πυνθανομένοις
2688 2993 2787 3055 τὰς
2827 2992 3146 3059 προφάσεις.
3226 2992 3296 3053 Ως
3351 2990 3397 3042 δ’
3459 2986 3529 3060 ἦν
3588 2990 3777 3060 ἄπορα

2210 3085 2545 3155 πανταχόθεν
2576 3084 2654 3153 τῷ
2677 3086 2734 3135 ἐν
2757 3082 2834 3151 τῷ
2861 3082 3110 3153 σπηλαίῳ
3155 3083 3378 3151 ποιμένι
3410 3082 3479 3135 τὰ
3510 3082 3611 3152 τῆς
3667 3100 3775 3134 σω.

2210 3176 2434 3245 τηρίας,
2503 3173 2776 3227 Ἀπόλλων
2799 3173 2932 3242 ὄναρ
2965 3172 3174 3225 κελεύει
3202 3172 3314 3236 ὀξεῖ
3356 3170 3489 3241 λίθῳ
3517 3172 3578 3223 τὸ
3611 3172 3776 3241 σῶμα

2212 3266 2500 3336 ἁμύξαντα
2567 3264 2783 3317 κεῖσθαι
2830 3264 3035 3332 ἠρέμα.
3093 3261 3196 3314 Τοῦ
3264 3260 3321 3313 δὲ
3354 3260 3659 3330 πράξαντος
3712 3262 3777 3313 τὸ

2211 3356 2545 3427 προσταχθὲν
2570 3355 2742 3423 γῦπες
2779 3354 2854 3417 ὡς
2880 3354 2974 3406 ἐπὶ
3012 3354 3203 3423 νεκρὸν
3251 3353 3633 3420 ἐφιπτάμενοι,
3680 3355 3778 3405 καὶ

2211 3453 2335 3511 τοὺς
2384 3448 2580 3517 ὄνυχας
2633 3447 2807 3516 οἱμὲν
2866 3447 2944 3508 εἰς
2991 3444 3089 3513 τὴν
3119 3443 3334 3513 χαίτην,
3376 3445 3425 3495 οἱ
3478 3443 3523 3495 δ’
3569 3446 3647 3505 εἰς
3674 3443 3778 3511 τὴν

2211 3540 2413 3610 ἐσθῆτα
2471 3538 2791 3608 πηξάμενοι,
2833 3536 3117 3604 ἐκούφιζον
3164 3538 3260 3587 καὶ
3283 3535 3588 3605 κατέφερον
3604 3536 3775 3588 αὑτὸν

2212 3630 2398 3684 κακῶν
2429 3630 2611 3698 ἀπαθῆ
2661 3631 2753 3681 ἐπὶ
2786 3628 2878 3681 τὸν
2908 3627 3266 3692 ὑποκείμενον
3289 3627 3527 3679 αὐλῶνα.
3572 3626 3776 3679 Ἐλθὼν

2211 3719 2254 3772 δ’
2292 3720 2383 3773 ἐπὶ
2427 3720 2487 3771 τὸ
2515 3719 2730 3788 ἀρχεῖον
2754 3718 2974 3770 ἅπαντα
3000 3717 3220 3787 φράζει.
3274 3716 3385 3769 Καὶ
3408 3715 3498 3767 τὸν
3528 3714 3626 3784 μὲν
3654 3717 3779 3766 ἐπι-

2213 3809 2576 3864 ϐουλεύσαντα
2597 3811 2646 3862 οί
2684 3808 2943 3877 Ἐφέσιοι,
2978 3807 3301 3876 ἐλεγχθέντα
3329 3806 3424 3859 καὶ
3450 3806 3542 3859 τὸν
3571 3805 3779 3875 χρυσὸν

2214 3899 2697 3970 κατορωρυγμένον
2718 3900 2811 3951 καὶ
2840 3898 3041 3951 ἄκοντα
3062 3896 3424 3962 ἐπιδείξαντα,
3458 3913 3510 3947 τι
3520 3895 3778 3966 μωροῦν-

2212 4008 2323 4054 ται,
2349 3989 2425 4059 τῷ
2460 3988 2503 4041 δ’
2527 3989 2839 4059 ἠδικημένῳ
2862 3989 2959 4057 τὴν
2986 3988 3244 4056 ἡμίσειαν
3271 3984 3367 4039 τοῦ
3401 3984 3606 4054 χρυσοῦ
3659 3985 3773 4037 vei-

2216 4099 2441 4152 μαντες,
2477 4081 2573 4151 τὴν
2600 4081 2791 4149 ἐτέραν
2814 4081 3073 4149 ἡμίσειαν
3107 4080 3255 4147 ἱερὰν
3282 4079 3773 4149 ἀπέφηνανἈρτέ-

2216 4174 2325 4242 μιδι
2354 4173 2449 4226 καὶ
2495 4172 2805 4225 Ἀπόλλωνι.
2842 4171 2899 4223 Ὀ
2917 4172 2972 4223 δέ
3002 4170 3288 4233 διασωθεὶς
3311 4170 3406 4224 καὶ
3458 4169 3535 4239 τῷ
3563 4169 3773 4240 χρυσίῳ

2211 4261 2458 4331 τιμηθεὶς
2484 4262 2685 4332 ποιμὴν
2706 4260 2814 4313 τῶν
2845 4277 2907 4312 τε
2936 4262 3077 4314 πάνυ
3123 4260 3391 4312 πλουσίων
3420 4260 3641 4327 ἐγένετο
3671 4263 3767 4313 καὶ

2217 4352 2395 4422 βωμὸν
2418 4352 2503 4404 ἐπ’
2524 4353 2698 4422 ἄκρας
2728 4353 2827 4422 τῆς
2885 4352 3127 4422 κορυφῆς
3151 4350 3244 4403 τοῦ
3287 4352 3449 4419 ὅρους
3495 4351 3767 4404 Ἀπόλλω-

2214 4462 2300 4508 νος
2321 4444 2571 4508 sicam",
2598 4444 2877 4507 Γυπαιέως
2892 4446 2971 4507 είς
3001 4446 3264 4513 μνημεῖον
3290 4443 3397 4499 τῶν
3421 4443 3767 4514 συνενεχθέν-

555 4524 778 4578 Vulturii
805 4525 1038 4592 nomine,
1082 4527 1132 4580 iu
1168 4530 1241 4583 rei
1265 4538 1428 4598 gesta:
1476 4529 1788 4583 memoriam
1821 4530 2107 4598 sempiter-

2213 4554 2321 4591 των
2349 4536 2636 4606 ὀνομάσας.

552 4630 694 4680 nam,
719 4615 1002 4672 dedicavit.

620 4705 911 4762 Tricesima
933 4719 1105 4763 sexta.
1130 4708 1478 4765 Philonomus
1505 4709 1939 4767 Lacedaemonius
1968 4711 2105 4781 (54),

551 4798 743 4867 Sparta
769 4800 1118 4856 Doriensibus
1150 4802 1386 4871 prodita,
1425 4802 1674 4871 Amyclas
1701 4805 1958 4859 mercedis
1989 4804 2105 4859 loco

550 4891 792 4959 accepit,
829 4891 881 4945 in
908 4904 1131 4961 eamque
1173 4907 1241 4947 ex
1271 4892 1445 4947 Imbro
1476 4902 1636 4962 atque
1671 4892 1871 4949 Lemno
1903 4894 2107 4949 incolas

550 4980 739 5047 coegit.
777 4978 874 5045 Qui
911 4996 1029 5034 cum
1060 4982 1212 5035 tertia
1248 4981 1369 5035 dein
1393 4990 1549 5036 aetate
1581 4983 1891 5038 seditionem
1914 4984 2105 5038 adver-

552 5084 644 5124 sus
704 5068 988 5127 Dorienses
1052 5074 1410 5137 excitassent,
1461 5074 1698 5143 Amyclis
1746 5075 1882 5144 pulsi
1955 5086 2101 5130 sunt.

550 5161 851 5230 Assumptis
907 5164 1087 5231 itaque
1133 5177 1369 5218 secume
1421 5162 1705 5230 Spartiatis
1751 5166 2101 5232 quibusdam,

552 5250 877 5323 ducibusque
918 5254 999 5309 usi
1038 5253 1222 5308 Polide
1251 5262 1304 5307 et
1333 5250 1563 5320 Delpho,
1596 5252 1647 5305 in
1691 5250 1900 5306 Cretam
1941 5256 2104 5307 adna-

2289 4712 2353 4763 'H
2379 4711 2465 4775 λς’
2484 4711 2556 4773 ὼς
2580 4710 2865 4779 Φιλόνομος
2886 4712 2913 4761 6
2954 4709 3300 4779 Σπαρτιάτης
3327 4709 3371 4741 ³⁸
3397 4709 3625 4776 προδοὺς
3655 4709 3766 4761 Λα‹

2211 4803 2500 4872 κεδαίμονα
2525 4801 2784 4874 Δωριεῦσι
2823 4800 2995 4869 δῶρον
3033 4801 3145 4870 ἔχει
3186 4799 3485 4869 Ἀμύκλας,
3512 4800 3606 4852 καὶ
3639 4816 3764 4851 συν-

2207 4893 2399 4956 οικίςει
2450 4892 2650 4963 ταύτην
2674 4892 2733 4956 ἐξ
2764 4891 2990 4961 Ἴμϐρου
3048 4891 3140 4944 καὶ
3168 4893 3409 4961 Λήμνου.
3472 4889 3646 4959 Τρίτῃ
3707 4888 3761 4941 δέ

2208 4986 2367 5054 γενεᾷ
2407 4984 2806 5047 στασιάσαντες
2863 4984 3000 5053 πρὸς
3048 4983 3288 5053 Δωριέας
3346 4982 3763 5051 μετανίστανται

2203 5070 2327 5143 [2'29
2352 5071 2441 5146 H.]
2478 5073 2779 5143 Ἀμυκλῶν,
2826 5072 3349 5142 συμπαραλαϐόντες
3383 5072 3438 5123 δὲ
3469 5072 3559 5123 καί
3615 5087 3764 5131 τινας

2205 5165 2581 5233 Σπαρτιατῶν,
2607 5163 2923 5233 ἡγουμένων
2952 5164 3133 5225 αὐτοῖς
3162 5162 3380 5223 Πόλιδος
3410 5162 3504 5213 καὶ
3534 5160 3758 5227 Δελφοῦ,

2203 5258 2392 5310 ἔπλεον
2423 5258 2514 5311 ἐπὶ
2544 5258 2645 5327 τῆς
2666 5259 2908 5329 Κρήτης.
2943 5257 3030 5309 Ἐν
3056 5255 3132 5326 τῷ
3157 5253 3427 5326 παράπλῳ
3458 5254 3514 5305 δὲ
3540 5252 3694 5305 τοῦδε
3718 5253 3759 5282 θ’

1804 5384 2039 5439 νΑῐὶΙᾹΞ
2078 5385 2481 5441 LECTIONES.

621 5478 664 5515 as
692 5479 725 5547 ἡ
757 5478 941 5566 Διομ.]
964 5478 1033 5535 cf.
1075 5477 1259 5531 Schol.
1293 5477 1498 5530 Platon.
1527 5491 1578 5545 p.
1614 5492 1685 5530 m.
1722 5477 1845 5532 408.
1922 5479 1966 5510 ao
2001 5480 2029 5530 ὁ
2058 5498 2088 5549 μ

555 5547 600 5618 ³ἶ
634 5547 691 5599 δέ
717 5547 761 5598 Δ
802 5566 815 5601 :
852 5566 941 5601 και
973 5566 1032 5612 ς’.
1111 5548 1155 5579 ³⁵
1180 5547 1429 5618 ἐκέλευεν
1595 5545 1638 5577 as
1669 5546 1987 5618 διαφθείρων
2030 5566 2088 5612 ς.

1527 5491 1685 5549 pum.
1722 5476 1876 5549 408Ἀ
1922 5479 1966 5510 ³⁰
2001 5480 2029 5530 ὁ
2058 5480 2151 5549 μὲν

2201 5481 2347 5549 ὅμως
2378 5484 2405 5532 6
2445 5481 2541 5549 μέν
2586 5482 2648 5535 Α.
2727 5482 2770 5512 ³¹
2808 5481 2900 5531 καὶ
2925 5480 2983 5532 τὸ
3013 5479 3137 5533 add.
3172 5480 3241 5549 Α.
3320 5480 3362 5510 ³¹
3386 5475 3669 5549 ἐμϐάλλων
3698 5477 3758 5549 ΑΣ

2188 5550 2207 5581 ⁸
2236 5542 2456 5620 ἑταῖρον
2497 5564 2639 5603 corr.
2698 5551 2762 5602 A.
2800 5549 2966 5620 τινος]
3016 5550 3113 5617 τῆς
3141 5542 3429 5602 Κιλιιηὶυεί
3479 5546 3521 5576 ³⁷
3558 5542 3761 5613 εἴσατο]

558 5617 872 5686 ἐδωμήσατο
901 5619 1128 5673 corr.A.
1205 5617 1249 5648 ³⁸
1274 5616 1345 5671 cf.
1369 5614 1577 5670 Muller.
1614 5614 1894 5671 ()rchumf
1918 5634 1969 5686 p.
2026 5619 2148 5674 516.
2226 5620 2267 5652 ³⁸
2297 5614 2447 5672 τοῦδε
2503 5621 2625 5673 add.
2662 5622 2726 5673 Α.

2049 5732 2276 5789 NOTAE.

636 5823 770 5894 (35‘)
799 5823 952 5890 Quod
983 5826 1153 5894 ipsum
1182 5823 1283 5879 alia
1315 5824 1474 5879 etiam
1500 5824 1703 5880 ratione
1726 5824 1877 5881 all‘ert
1901 5825 2109 5881 Suidas.

2314 5826 2423 5896 (54)
2459 5826 2700 5889 Meminit
2746 5827 2941 5883 Strabo
2972 5827 3068 5881 lib.
3110 5841 3242 5893 vut,
3278 5825 3428 5878 initio
3467 5822 3765 5876 Laconica’.
