3964 6454
617 421 728 484 575
1774 407 2043 470 PHOTII
2067 401 2577 468 PATRIARCH/E
2598 400 2711 461 cp.
2959 357 2963 361 ’
3735 395 3815 457 5'16

614 530 818 588 factum
855 525 1169 588 infundens,
1218 523 1384 594 probe
1429 523 1679 579 obturat.
1719 522 1999 577 Accedens
2034 520 2179 590 igitui

2250 520 2274 577 ι
2298 516 2391 567 ἐπὶ
2423 514 2479 568 δὲ
2508 514 2602 567 τὸν
2624 514 2788 582 ὅρκον
2817 508 2993 571 lt‘uv“,
3026 504 3272 575 κατέχων
3300 504 3373 567 ὡς
3403 502 3683 574 βακτηρίαν
3711 524 3815 576 πρθ.

615 623 685 677 ad
705 620 1017 686 iurandum,
1053 617 1341 684 ferensque
1370 629 1467 684 pro
1489 614 1733 681 scipione
1761 612 2011 675 ferulam,
2044 625 2179 681 quas

2304 607 2465 675 φάσει
2501 603 2743 657 ποδῶν⁵⁸
2788 598 3075 661 ἀσθενείας
3102 639 3116 661 ,
3146 596 3225 666 τῷ
3256 596 3484 665 νάρθηκι
3513 597 3813 665 ἐπηρείδετο·

616 714 848 783 pedibus
867 727 1008 781 aeger
1037 726 1101 765 ea
1132 708 1477 763 fulciebatur.
1512 706 1816 774 Antequam
1848 716 2024 758 tamen
2048 704 2181 769 jura-

2307 698 2515 768 μέλλων
2560 696 2605 750 δ’
2648 693 2871 763 ὀμνύειν
2904 691 3131 761 πλησίον
3164 688 3359 741 ἑστῶτι
3389 687 3464 756 τῷ
3494 688 3737 760 Μιλησίῳ,
3762 692 3819 755 ὡς

622 814 726 868 ret,
747 802 958 877 Milesio
980 802 1080 856 sibi
1101 800 1323 863 astanti,
1350 798 1515 852 veluti
1536 814 1660 851 mox
1688 796 2017 866 repetiturus
2034 811 2187 848 arun-

2304 789 2502 842 αὐτίκα
2532 785 2696 839 πάλιν
2749 781 3155 850 ἀναληψόμενος
3180 818 3194 843 ,
3228 778 3317 830 τὸν
3348 777 3588 846 νάρθηκα
3614 780 3817 833 ἐπιδίίω.

623 897 803 950 dinem
826 869 1067 949 tradidit.
1088 893 1159 946 Ita
1190 894 1315 945 dum
1345 889 1596 945 manibus
1619 888 1843 942 sublatis
1885 887 2117 954 dejerat,
2142 900 2188 938 se

2306 897 2413 932 σιν.
2461 879 2549 942 Ὠς
2602 878 2659 930 δὲ
2707 876 2805 938 τὰς
2854 876 3044 944 χεῖρας
3095 869 3345 939 ἀνασχὼν
3399 869 3699 938 κατώμνυτο
3743 875 3818 944 τὴν

624 988 925 1057 depositum
940 986 1173 1049 eidem,a
1189 997 1294 1052 quo
1310 978 2189 1049 accepisset,reildidisse,Milesius

2305 969 2779 1039 παρακαταθήκην
2811 962 3101 1017 ἀποδοῦναι
3126 960 3202 1031 τῷ
3248 958 3675 1027 παραθεμένῳδθ,
3695 978 3819 1030 περι-

627 1079 912 1147 imlignans
936 1075 1255 1128 arundinem
1282 1071 1528 1141 projecit,
1554 1069 1715 1123 simul
1736 1070 1896 1123 etiam
1925 1069 2192 1121 hominum

2307 1061 2561 1132 παθήσας
2588 1060 2616 1111 6
2645 1058 2911 1127 Μιλήσιος
2939 1054 3119 1125 ῥίπτει
3148 1053 3239 1105 τὸν
3270 1049 3710 1120 νάρθηκα,¹έρῤειν
3731 1053 3819 1121 ἅμα

628 1141 787 1223 fidem
818 1167 1081 1223 defecisse
1104 1166 1365 1220 clamans.
1394 1164 1528 1217 Tum
1546 1162 1713 1216 fracta
1741 1160 2006 1216 arundine
2030 1160 2193 1215 oculis

2307 1152 2636 1225 ἀνακραγὼν
2665 1151 2763 1221 τὴν
2792 1152 2849 1202 ἐν
2898 1146 3207 1217 ἀνθρώποις
3238 1143 3440 1197 πίστιν.
3477 1141 3582 1195 Καὶ
3610 1143 3635 1193 6
3657 1142 3822 1213 νάρθηξ

627 1263 789 1315 etiam
821 1261 994 1330 patuit
1022 1260 1377 1327 compositum
1408 1256 1535 1309 illud
1559 1255 1675 1309 auri
1699 1269 1861 1307 causa
1880 1252 2192 1322 perjurium.

2307 1248 2633 1319 ἐρρήγνυτο,
2684 1243 2778 1295 καὶ⁵
2822 1237 3122 1310 περιφανὲς
3174 1232 3243 1305 ἦν
3293 1234 3430 1303 πρὸς
3471 1232 3565 1301 τὴν
3607 1232 3713 1296 δῷιν
3751 1234 3820 1286 τοῦ

627 1353 867 1407 Milesius
894 1354 1075 1421 itaque
1100 1324 1290 1404 aurum
1332 1349 1433 1404 sibi
1468 1363 1626 1402 suum
1653 1347 1945 1401 vindicavit
1978 1364 1993 1400 :
2024 1356 2192 1415 trape-

2309 1339 2532 1412 χρυσίου
2568 1338 2628 1390 τδ
2658 1335 2898 1402 σόφισμα
2926 1332 3025 1401 τῆς
3067 1326 3414 1399 ψευδορκίας.
3448 1324 3555 1377 Καὶ
3578 1325 3603 1376 6
3636 1324 3719 1394 μὲν
3744 1328 3823 1379 Mt.

629 1445 737 1498 zita
765 1460 893 1498 vero
928 1458 1034 1513 prae
1058 1442 1407 1505 verecundia,
1442 1451 1498 1493 et
1535 1438 1676 1509 quod
1709 1438 1987 1507 improbus
2020 1452 2194 1492 coram

2308 1432 2490 1503 λήσιος
2512 1430 2575 1483 τὸ
2606 1428 2734 1481 ἴδιον
2763 1422 2930 1495 εἶχεν,
2955 1424 2985 1474 6
3011 1421 3068 1474 δέ
3099 1415 3434 1489 τραπεζίτης
3460 1415 3546 1467 ὑπ’
3575 1416 3732 1479 αἰδοῦς
3754 1418 3823 1469 καὶ

630 1534 878 1587 omnibus
895 1508 1414 1599 deprehenderetur,
1435 1508 1625 1600 laqueo
1649 1531 1813 1585 vitam
1838 1529 1941 1585 sibi
1970 1528 2195 1597 abrupit.

2308 1522 2402 1578 τοῦ
2447 1519 2774 1585 κακίζεσθαι
2813 1516 2950 1586 πρὸς
2983 1512 3240 1567 ἁπάντων
3285 1508 3467 1579 βρόχῳ
3497 1508 3588 1562 τοῦ
3618 1511 3703 1579 ζῇν
3727 1511 3824 1563 ἐαυι

2307 1618 2400 1671 τὸν
2435 1617 2641 1683 ἐξάγει.
3760 1636 3765 1643 .

700 1712 998 1766 Tricesima
1023 1724 1186 1764 nona.
1226 1708 1529 1763 Melanthus
1565 1723 1631 1762 ex
1663 1721 1859 1777 genere
1897 1705 1997 1760 fuit
2029 1704 2208 1761 Elida-

2392 1707 2457 1761 Ἢ
2489 1706 2565 1759 λθ¹
2592 1706 2668 1769 ὡς
2685 1706 2729 1741 ⁸⁷
2757 1702 3035 1765 Μέλανθος
3055 1700 3212 1769 γένος
3240 1698 3339 1770 μὲν
3361 1693 3428 1767 ἦν
3454 1695 3556 1749 τῶν
3576 1695 3822 1763 Νηλειὰῖιν,

631 1820 772 1868 rum,
820 1803 1010 1873 1386
1053 1804 1146 1870 qui
1184 1802 1313 1872 Pylo
1345 1811 1400 1855 et
1432 1800 1694 1855 Mcssanm
1736 1798 1845 1867 jam
1878 1800 2003 1851 inde
2039 1815 2068 1852 a
2098 1797 2196 1851 Ne-

2257 1864 2279 1873 ‘
2312 1803 2361 1856 οἳ
2389 1801 2563 1855 Πύλου
2592 1800 2689 1853 καὶ⁵
2718 1800 3010 1868 Μεσσήνης
3040 1794 3148 1850 ἀπὸ
3180 1790 3511 1852 Ποσειδῶνος
3543 1787 3822 1841 ἐϐασίλευον.

630 1906 800 1963 ptuno
822 1894 1179 1961 imperarunt.
1209 1891 1363 1945 "llllC
1385 1907 1505 1944 cum
1536 1890 1834 1943 Heraclidae
1852 1890 2195 1958 expulissent,

2257 1864 2283 1922 δ
2311 1892 2512 1947 Τοῦτον
2544 1863 3343 1960 ἀναστήσαντεςνἪρακλεῖδαι
3383 1880 3598 1949 πολέμῳ
3632 1879 3717 1947 τὴν
3747 1879 3822 1947 γῆν

633 1984 800 2038 armis
854 1983 1073 2047 regione
1122 1982 1276 2049 potiti
1328 1990 1475 2035 sunt.
1509 1980 1603 2033 Ille
1628 1980 1870 2033 Athenas
1916 1994 2106 2033 versus
2138 1994 2198 2033 ex

2306 1988 2496 2057 ἐσχονο
2553 1986 2581 2038 6
2621 1985 2679 2037 δὲ
2725 1982 2867 2036 κατὰ
2898 1980 3181 2052 χρησμοὺς
3229 1973 3499 2046 Ἀθήναζε
3541 1974 3820 2041 ἀφικνεῖται,

631 2075 851 2130 oraculo
880 2074 1151 2136 discessit,
1189 2072 1520 2141 civitateqne
1555 2072 1807 2135 donatus,
1830 2072 2024 2127 claruit
2051 2072 2123 2126 ibi
2152 2073 2196 2127 in

2306 2078 2401 2132 καὶ
2430 2075 2655 2146 πολίτης
2681 2073 2913 2142 γίνεται,
2959 2070 3053 2123 καὶ
3080 2065 3148 2139 ἦν
3190 2066 3299 2120 τῶν
3328 2064 3660 2134 τιμωμένων.
3698 2062 3821 2131 Ἀθη-

631 2167 835 2235 paucis.
879 2166 1090 2221 Accidit
1123 2175 1303 2219 autem
1340 2176 1399 2217 ut
1430 2164 1789 2217 Athenienses
1834 2180 1955 2217 cum
2000 2164 2196 2221 Bmotis

2305 2170 2475 2233 ναίοις
2519 2168 2575 2220 δὲ
2626 2167 2721 2219 καὶ¹
2766 2164 3019 2225 Βοιωτοῖς
3068 2161 3305 2229 πόλεμος
3342 2157 3483 2225 ὑπὲρ
3529 2154 3702 2224 Οἰνόης
3729 2171 3822 2205 συν-

632 2271 797 2326 super
827 2255 1014 2311 OEnoe
1056 2257 1165 2329 (59)
1208 2255 1405 2311 bellum
1442 2264 1710 2325 gererent,
1756 2256 2063 2325 placuitque
2092 2257 2197 2310 sin‘

2309 2262 2521 2325 ίστατο,
2561 2256 2712 2330 [448
2756 2255 2844 2328 ιι.]
2894 2255 2989 2308 καὶ
3037 2253 3212 2305 ἐδόκει
3263 2253 3320 2303 ἐν
3370 2252 3437 2320 τῇ
3469 2248 3572 2301 τῶν
3606 2247 3820 2317 βασιλέων

632 2345 802 2415 gulari
849 2362 1031 2415 regum
1073 2346 1371 2401 certamine
1418 2346 1565 2399 litem
1598 2348 1798 2401 diritni.
1842 2347 1915 2402 lbi
1952 2347 2197 2419 Thymoe-

2309 2350 2616 2423 μονομαχίᾳ
2642 2349 2743 2421 τὴν
2771 2348 2951 2420 κρίσιν
2976 2343 3133 2399 εἶναι.
3170 2342 3450 2412 Θυμοίτης
3483 2339 3576 2410 μὲν
3600 2339 3681 2391 οὖν
3706 2339 3822 2407 βασι-

635 2448 716 2493 les
766 2438 901 2508 (40),
940 2440 1028 2507 qui
1066 2448 1178 2493 tum
1231 2438 1458 2493 Athenis
1498 2441 1779 2508 regnabat,
1823 2442 2055 2496 duellum
2095 2442 2200 2497 for-

2306 2444 2477 2498 λεύων
2517 2440 2818 2512 Ἀθηναίων
2850 2438 3106 2492 ἐδεδοίκει
3136 2437 3226 2489 τὸν
3258 2433 3473 2503 ἀγῶνα,
3508 2434 3595 2487 καὶ
3618 2431 3821 2498 ἐξίστατο

633 2530 877 2597 nudans,
936 2544 1099 2600 regno
1151 2531 1311 2584 etiam
1372 2532 1540 2585 cessit
1581 2532 1654 2597 ei,
1718 2534 2023 2601 quicunque
2082 2550 2198 2588 cum

2306 2537 2405 2605 τῆς
2454 2534 2733 2604 βασιλείας
2775 2532 2853 2601 τῷ
2904 2530 3209 2600 βουλομένῳ
3269 2525 3688 2582 διακινδυνεῦσαι
3722 2526 3822 2594 πρὸς

632 2620 849 2675 Xantho
894 2619 1205 2675 Boeotorum
1240 2636 1366 2691 rege
1397 2622 1658 2677 dimicare
1691 2623 1873 2677 vellet.
1897 2624 2197 2681 Melanthus

2306 2628 2528 2693 Ξάνθον,
2554 2628 2613 2689 ὃς
2669 2624 2988 2679 ἐϐασίλευσε
3014 2620 3286 2675 Βοιωτῶν.
3336 2619 3449 2672 Καὶ
3479 2618 3730 2680 Μέλανθος
3758 2617 3822 2669 ἐπ’

632 2714 811 2782 itaque
828 2713 974 2783 regni
995 2712 1218 2779 praemio
1243 2712 1520 2776 invitatus,
1545 2716 1813 2781 pugnandi
1837 2716 2197 2772 conditionem

2306 2722 2453 2790 ἀθλῳ
2501 2720 2600 2789 τῆς
2655 2717 2933 2788 βασιλείας
2951 2716 2996 2749 ⁸⁸
3043 2714 3344 2783 ὑπέρχεται
3397 2712 3485 2764 τὸν
3528 2710 3713 2777 ἀγῶνα,
3754 2710 3822 2761 καὶ

632 2806 849 2872 accipit,
902 2816 955 2859 et
1011 2815 1167 2872 pacta
1200 2805 1581 2860 conﬁciuntur.
1623 2804 1721 2859 Ubi
1757 2807 1821 2860 ad
1853 2823 2047 2861 manus
2078 2824 2197 2862 ven-

2308 2812 2690 2883 προϐαίνουσιν
2743 2811 2799 2862 αἱ
2853 2807 3138 2878 συνθῆκαι.
3203 2804 3360 2858 Ἐπεὶ
3405 2804 3448 2857 δ’
3479 2804 3522 2835 ⁸⁸
3571 2805 3643 2865 είς
3688 2802 3824 2871 μάχην

632 2904 742 2948 tum
762 2906 866 2962 est,
885 2896 1012 2950 vidit
1032 2895 1334 2950 Melanthus
1355 2898 1524 2950 visum
1545 2898 1812 2965 quoddam
1834 2898 2091 2953 imberbis
2106 2899 2197 2953 viri

2306 2897 2464 2973 ἦκον,
2496 2900 2704 2970 καθορᾷ
2730 2902 2758 2953 6
2782 2897 3062 2960 Μέλανθος
3084 2896 3278 2965 φάσμα
3312 2913 3368 2948 τι
3398 2894 3476 2963 τῷ
3502 2892 3674 2961 Ξάνθῳ
3694 2892 3824 2960 ἄνδρα

630 2989 812 3057 specie
840 2987 1114 3042 Xanthum
1143 2990 1320 3057 sequi.
1358 2986 1430 3042 Ut
1452 3004 1579 3041 vero
1609 2989 1811 3058 injuste
1844 2989 1958 3045 fieri
1996 2990 2083 3044 ille
2109 3006 2195 3045 ex-

2308 2993 2575 3063 ἐπόμενον
2602 2992 2867 3061 ἀγένειον.
2908 2989 2996 3053 Ὠς
3021 2990 3065 3042 δ’
3096 2987 3364 3057 ἀνεϐόησε
3394 2986 3469 3055 μὴ
3499 2985 3667 3037 δίκαια
3691 2986 3824 3035 ποιεῖν

631 3079 910 3143 clamavit,
941 3082 1087 3149 quod
1122 3093 1315 3135 contra
1355 3090 1510 3149 pacta
1547 3082 1923 3137 auxiliatorem
1953 3083 2196 3137 adduxis-

2310 3086 2461 3155 παρὰ
2516 3083 2614 3147 τάς
2666 3082 2941 3152 συνθήκας
3001 3081 3345 3151 ἐπαγόμενον
3366 3080 3409 3111 ⁶⁰
3478 3076 3676 3148 βοηθὸν,
3728 3092 3825 3146 μετ-

632 3177 737 3234 set,
799 3167 1049 3224 Xanthus
1107 3170 1243 3224 falso
1302 3186 1555 3226 sermone
1584 3173 1852 3238 turbatus,
1884 3174 2046 3228 vertit
2099 3189 2197 3229 se:

2261 3218 2277 3241 .,
2311 3177 2556 3248 εστράφη
2592 3176 2620 3227 ὁ
2648 3174 2849 3238 Ξάνθος
2874 3214 2888 3237 ,
2927 3174 3065 3243 πρὸς
3095 3174 3156 3225 τὸ
3213 3172 3448 3224 ἄπιστον
3479 3171 3568 3224 τοῦ
3594 3171 3730 3237 λόγου
3761 3171 3826 3220 ἐκ·

633 3270 799 3328 atque
838 3261 912 3314 ita
943 3261 1087 3316 illico
1115 3262 1419 3319 Melanthus
1474 3264 1662 3318 lancea
1704 3267 1987 3333 trajectum
2031 3276 2198 3323 trans-

2261 3218 2277 3241 ,
2311 3218 2402 3231 υ...
2447 3218 2480 3231 ,η
2530 3218 2540 3229 .
2594 3218 2888 3238 -_...--,,
2933 3218 2965 3226 ..
3014 3218 3061 3236 -,
3107 3218 3154 3225 ,ν
3215 3218 3441 3224 _------.
3490 3218 3723 3237 η-
3763 3218 3807 3220 η

2261 3252 2278 3277 ’
2312 3218 2575 3335 πλαῒχείςιο
2620 3268 2716 3321 καὶ
2759 3266 2925 3320 αὑτὸν
2964 3218 3127 3329 εὐθὺς
3171 3266 3200 3318 6
3251 3265 3529 3341 Μέλανθος
3574 3264 3643 3333 τῷ
3685 3263 3826 3331 δόρατι

633 3350 789 3404 fodit.
828 3349 920 3406 Sic
970 3369 1077 3407 uno
1135 3354 1432 3408 certamine
1491 3353 1713 3410 (Eunoen
1770 3358 2198 3422 Atheniensibus,

2314 3360 2491 3431 βαλὼν
2542 3358 2765 3425 κτείνει,
2812 3358 2907 3412 κα)⁸
2949 3358 3049 3428 τήν
3096 3374 3154 3409 τε
3204 3357 3402 3426 Οίνόην
3439 3355 3718 3423 Ἀθηναίοις
3761 3356 3827 3405 καὶ

634 3444 739 3497 sibi
772 3459 990 3514 regnum
1036 3447 1341 3517 acquisivit.
1372 3446 1533 3499 Certe
1572 3446 2019 3501 Erechthidarum
2043 3465 2199 3519 genui

2312 3452 2493 3522 ἐαυτῷ
2524 3450 2622 3522 τὴν
2658 3450 2934 3521 βασιλείαν
2963 3451 3042 3502 ἐνὶ
3066 3452 3494 3519 περιεποιήσατο
3523 3448 3825 3516 ἀγωνίσματι.

635 3539 701 3590 ad
740 3537 1123 3605 Melantbidas,
1154 3556 1263 3609 quo
1312 3540 1363 3593 in
1392 3554 1617 3595 numero
1645 3548 1697 3593 et
1720 3539 1928 3595 Codrus
1977 3551 2115 3605 erat,
2144 3542 2200 3596 at

2312 3544 2386 3596 Τδ
2428 3543 2526 3612 μὲν
2568 3543 2632 3610 δὴ
2674 3542 2783 3595 τῶν
2825 3541 3180 3611 Ἐρεχθειδῶν
3203 3542 3246 3573 ⁸⁸
3298 3542 3461 3609 γένος
3494 3540 3569 3604 εἰς
3609 3540 3719 3601 τοὺς
3746 3540 3830 3591 Με-

636 3629 741 3683 hoc
777 3631 1081 3683 traductum
1106 3641 1209 3685 est.
1242 3631 1601 3685 Athenienses
1624 3646 1753 3685 vero
1783 3642 1966 3699 postea
1998 3630 2201 3688 Baccho

2312 3636 2581 3701 λανθίδας,
2628 3629 2703 3688 ὧν
2734 3631 2803 3705 ἦν
2832 3635 2929 3687 καὶ
2973 3634 3179 3704 Κόδρος
3200 3673 3214 3696 ,
3245 3634 3358 3688 ἀπὸ
3384 3634 3570 3688 τούτου
3606 3632 3824 3701 μετέστη·

637 3719 980 3776 Melanthidte
1013 3723 1125 3793 (41)
1166 3738 1231 3776 ει
1275 3723 1498 3778 oraculo
1554 3722 1737 3776 fanum
1776 3723 2126 3787 dedicarunt,
2158 3736 2202 3781 el

2324 3727 2599 3796 Ἀθηναῖοι
2650 3725 2696 3778 δ’
2748 3724 2976 3795 ὓστερον
3029 3723 3269 3794 Διονύσῳ
3317 3725 3674 3793 Μελανθίδῃ⁶¹
3723 3720 3829 3774 κατὰ

638 3813 927 3879 quotannis
961 3829 1072 3867 rem
1112 3815 1350 3867 divinam
1385 3810 1633 3868 fecerunt
1662 3831 1675 3867 :
1703 3812 1823 3868 Juvi
1864 3816 2092 3885 insuper
2119 3820 2203 3872 det

2312 3816 2561 3887 χρησμὸν
2596 3816 2739 3886 ἱερὸν
2764 3814 3108 3885 ἱδρυσάμενοι
3133 3814 3356 3867 θύουσιν
3381 3816 3483 3867 ἀνά
3510 3816 3609 3868 πᾶν
3631 3813 3829 3873 {tamtsi

637 3904 845 3971 ceptori
877 3918 1060 3958 sacras
1089 3904 1310 3959 litantes
1329 3905 1601 3969 victimas,
1631 3906 1776 3975 quod
1797 3906 1849 3960 in
1876 3921 2055 3978 pugna
2090 3909 2202 3965 dolo

2310 3909 2389 3980 τῷ
2415 3910 2733 3978 ἀπατουρίῳ
2771 3909 2854 3961 Διὶ
2888 3908 3008 3979 ἱερὰ
3055 3910 3392 3972 ἀνάπτοντες
3416 3948 3431 3973 ,
3476 3910 3555 3961 ὅτι
3599 3908 3756 3967 αὐτοῖς
3784 3907 3828 3956 ἐκ

639 3993 872 4046 fuissent
911 3993 992 4047 usi
1010 4034 1024 4049 .

2317 4004 2409 4073 τῆς
2436 4002 2657 4071 ἀπάτης
2687 4000 2976 4069 ἀγώνισμα
3014 4001 3250 4067 ἐγένετο.

709 4081 1130 4154 Quadragesima
1177 4084 1403 4140 historia
1433 4086 1547 4155 (42)
1580 4086 1647 4141 de
1683 4087 2026 4145 Andromeda
2055 4105 2212 4147 secus

2393 4093 2460 4147 'H
2496 4092 2549 4163 μ’
2584 4093 2795 4163 ἱστορία
2842 4092 2912 4144 τὰ
2944 4093 3073 4161 περὶ
3115 4091 3475 4162 Ἀνδρομέδας
3519 4092 3704 4161 ἱστορεῖ
3740 4088 3826 4140 ἑτέ-

639 4184 845 4241 narrat,
877 4192 1038 4247 quam
1065 4177 1237 4233 Graeci
1281 4175 1611 4234 fabulantur.
1642 4179 1785 4235 Duos
1816 4179 2013 4236 fratres
2046 4182 2204 4240 fuisse

2313 4204 2423 4258 ρως
2471 4185 2569 4255 ἢ⁶³
2605 4186 2680 4248 ὡς
2727 4187 2755 4237 6
2793 4184 3063 4256 Ἑλλήνων
3100 4184 3293 4254 μῦθος.
3337 4185 3617 4256 Ἀδελφοὺς
3646 4182 3827 4253 μὲνγὰρ

642 4267 827 4334 refert,
869 4269 1081 4339 Cephea
1114 4278 1168 4324 et
1206 4268 1409 4325 Phinea
1445 4290 1459 4327 :
1505 4286 1570 4326 ac
1603 4272 1806 4340 Cephei
1854 4274 2073 4343 quidem
2125 4292 2207 4331 re-

2310 4281 2403 4333 δύο
2439 4277 2716 4347 γενέσθαι,
2754 4278 2955 4347 Κηφέα
2985 4278 3079 4331 καὶ
3118 4278 3301 4345 Φινέα,
3353 4279 3447 4333 καὶ
3492 4275 3623 4331 εἶναι
3652 4277 3734 4346 τὴν
3759 4272 3826 4325 τοῦ

637 4376 823 4429 gnum,
858 4361 1147 4418 Phoenices
1182 4373 1369 4433 postea
1410 4378 1604 4418 nomen
1641 4364 1881 4421 induisse
1904 4408 1919 4433 ,
1970 4384 2095 4423 cum
2142 4371 2202 4424 ad

2309 4373 2547 4443 Κηφέως
2603 4371 2883 4441 βασιλείαν
2933 4372 3054 4424 τότε
3083 4374 3141 4424 ἐν
3170 4375 3234 4443 τῇ
3288 4372 3729 4442 μετονομασθείσῃ
3756 4368 3826 4436 μὲν

636 4469 758 4505 eum
800 4453 941 4507 diem
986 4453 1156 4524 Juppe
1191 4455 1307 4524 (45)
1337 4470 1364 4508 a
1412 4456 1685 4510 tnaritima
1720 4458 1939 4516 civitate
1968 4462 2201 4531 appella-

2313 4464 2543 4535 ὕστερον
2581 4464 2803 4537 Φοινίκῃ
2827 4501 2842 4526 ,
2870 4464 3173 4532 τηνικαῦτα
3199 4464 3245 4516 δ’
3287 4465 3496 4535 Ἰώππᾳ
3511 4464 3555 4495 ⁸⁵
3576 4463 3672 4515 ἀπὸ
3708 4459 3826 4512 ‘16::-

638 4553 751 4596 tum
805 4542 1016 4609 fuisset,
1054 4546 1419 4613 habuisseque
1454 4548 1663 4616 imperii
1696 4551 1955 4606 terminos
1993 4568 2021 4605 a
2068 4554 2203 4608 mari

2260 4564 2281 4618 )
2315 4569 2422 4623 πης
2452 4552 2553 4621 τῆς
2584 4551 3019 4604 ἐπιθαλασσιδίου
3056 4552 3265 4615 πόλεως
3298 4552 3535 4622 τοῦνομα
3560 4550 3762 4617 λαϐούσῃ
3777 4547 3825 4577 ⁸⁸·

636 4645 825 4690 nostro
853 4637 919 4691 ad
948 4650 1066 4691 eam
1091 4652 1259 4706 usque
1281 4638 1563 4706 Arabiam,
1591 4657 1709 4709 quae
1744 4644 1809 4696 ad
1866 4644 2201 4716 Erythrarum

2316 4646 2411 4699 καὶ
2452 4640 2520 4715 ἦν
2568 4644 2637 4696 τά
2683 4642 2783 4712 τῆς
2810 4644 2988 4713 ἀρχῆς
3018 4645 3142 4714 ὅρια
3188 4644 3295 4697 ἀπὸ
3326 4645 3425 4715 τῆς
3472 4643 3734 4711 καθ’ἠμάς
3757 4640 3827 4691 θα-

634 4742 785 4784 niare
810 4729 1067 4799 pertinet.
1096 4728 1290 4784 Fuisse
1320 4731 1447 4786 item
1487 4732 1699 4803 Cepheo
1737 4735 1931 4805 insigni
1964 4740 2199 4807 pulchri-

2312 4738 2518 4807 λάσσης
2547 4736 2708 4806 μέχρι
2724 4735 2971 4806 Ἀράϐων
2990 4735 3034 4767 ⁵⁵
3059 4735 3169 4789 τῶν
3194 4736 3333 4807 πρὸς
3359 4741 3459 4806 τὴν
3484 4734 3726 4807 Ἐρυθρὰν
3756 4730 3823 4783 θά-

1914 4872 2151 4929 VARUE
2184 4873 2591 4930 LECTIONES.

704 4952 1002 5042 9169?,3’4!‘
1035 4973 1162 5042 3‘93;
1210 4976 1271 5024 ς·-
1427 4978 1593 5042 πρρφο
1621 4965 1873 5042 τῆςᾼτῶν
1928 4968 2204 5042 ποδῶν-μς.
2284 4970 2329 5042 δή
2352 4966 2696 5042 περιθεμένη)
2724 4982 2790 5042 ςἶ
2860 4965 2907 4997 ⁸⁷
2934 4964 3173 5042 ὼςλοιη...
3197 4970 3265 5042 A_.
3305 4966 3601 5042 ἴκῐηλειδῶνΔ
3626 4960 3825 5042 Leiﬂtills

630 5040 814 5109 Ρλ¹ξε
857 5023 977 5080 "bri
1030 5023 1245 5109 ἡλίρῳνξ.
1421 5023 1997 5109 ιιιέιιίἱηῌτῇξβασιλείᾳ.
2101 5023 2371 5109 ⁸⁹νέπειδὴ
2549 5023 2593 5068 δο
2619 5023 2956 5109 ὲτέαῆόμενος
2981 5023 3051 5109 A'A.
3094 5023 3534 5109 μσίήἙ-ρεχθίδων
3576 5033 3824 5109 ᾼμεῄἚρε-

630 5096 901 5180 χιθρύνςεων
918 5114 1025 5180 ἐξ...
1066 5098 1423 5180 ⁸³,Μελανθίδι
1535 5174 1547 5180 _
1587 5106 1635 5180 _“
1808 5110 1900 5180 καί
1930 5096 1994 5162 A.
2039 5118 2159 5176 post
2186 5096 2437 5176 γενέσθαῖ
2462 5123 2585 5180 cum
2610 5109 2653 5159 A
2676 5096 2831 5161 oritisi
2859 5096 3009 5175 φασί.
3088 5106 3133 5138 ⁸⁸
3169 5107 3214 5161 δ’
3246 5096 3438 5180 ’ίόιξῖιτᾳ
3471 5110 3516 5162 A
3544 5127 3558 5162 :
3585 5106 3646 5161 δι’
3665 5096 3820 5161 ὄπαζε

630 5167 872 5235 lleynius
913 5166 958 5219 δ’
993 5166 1177 5240 Ἰοπίᾳ.
1215 5171 1343 5245 ἀπὸ]
1379 5172 1407 5225 δ
1438 5174 1549 5227 ἀπό
1571 5175 1638 5230 A.
1686 5166 2051 5249 ’δείλαεούσηξ
2068 5181 2136 5232 Α.
2198 5166 2255 5212 ’σε
2291 5178 2570 5251 Ἀρῤάϐων
2596 5194 2657 5241 ς.

2106 5277 2338 5334 ΝΟΤειΕ.

702 5360 814 5438 (δθ)
850 5360 987 5438 ῌερὶ
1008 5361 1287 5438 Κελαινῶν
1318 5363 1469 5438 suid.
1495 5376 1551 5422 et
1579 5367 1811 5438 Polyaen.
1838 5436 1870 5438 _
2302 5371 2448 5424 visus
2477 5368 2585 5427 ille
2637 5376 2758 5438 post
2787 5366 3079 5438 Xanthum
3109 5369 3441 5435 apparuerit.
3482 5366 3643 5438 Hujus
3681 5372 3822 5438 tanien

700 5428 812 5515 (4ο)
846 5428 1096 5515 Οξὶηιιιω
1124 5433 1275 5515 (illius.
1294 5436 1384 5515 qui
1418 5428 1723 5515 postremus
1748 5441 1814 5493 de
1833 5436 2085 5515 Thesidis
2121 5458 2206 5515 re-
2303 5440 2495 5515 Bacchi
2518 5428 2684 5493 aedem
2710 5436 2941 5493 Pausau.
2970 5439 3021 5491 in
3040 5428 3364 5492 Corinthiac.
3395 5442 3530 5509 apud
3559 5428 3820 5490 Trrezenios

632 5498 836 5577 gnavii.
890 5498 1392 5577 gausantwrin'th.
1419 5498 1664 5577 'Attiugit
1693 5526 1906 5577 quoque
1938 5512 2076 5563 hanc
2120 5512 2203 5564 hi-
2299 5512 2509 5565 statuit.

631 5574 853 5656 storiam
881 5572 1205 5656 _Strabol‘ib.
1235 5590 1288 5656 ιιι
1322 5575 1524 5656 ipilLet
1572 5572 1805 5656 maxime
1823 5572 1985 5656 'Suid.
2032 5582 2203 5634 ’Λπα-
2317 5651 2327 5656 Α
2369 5581 2481 5656 (ιε)
2520 5579 2652 5656 Vide
2697 5574 2968 5656 l_lyginum_
3009 5577 3413 5656 Apollodorum,
3488 5577 3817 5656 etuinterprc'l.

629 5642 841 5723 τουρία.
879 5641 1078 5721 Interp.
1113 5645 1391 5708 Aristoph.
1420 5645 1658 5718 Polyaen.
1703 5651 1776 5703 lib
1806 5665 1843 5715 ι,
1874 5650 2200 5722 Stratagem.
2300 5640 2549 5718 Apollon.
2574 5640 2929 5716 Aratiﬂitque
2950 5640 3215 5718 Lycophr.
3259 5648 3417 5703 Ovid.
3466 5664 3496 5697 v
3520 5640 3818 5706 Metamorph.

630 5711 872 5767 Fronttn.
902 5712 995 5766 hb.
1036 5728 1097 5777 ιι,
1141 5729 1262 5781 cap.
1300 5714 1351 5768 5.
2368 5719 2480 5781 (45)
2516 5720 2711 5772 Strabo
2742 5718 2880 5771 hanc
2920 5717 3047 5772 item
3074 5722 3396 5773 sententiam
3429 5716 3577 5772 affert
3606 5716 3687 5767 lib.
3725 5725 3757 5771 ι.
3780 5719 3819 5756 ει

703 5722 872 5766 οιιιιιι.
902 5722 995 5793 ιιι).
1036 5728 1097 5777 ιι,
1141 5729 1262 5781 cap.
1300 5722 1351 5768 5.
2368 5722 2480 5789 (45)
2516 5722 2711 5772 Strabo
2742 5722 2880 5771 hanc
2920 5722 3047 5772 item
3074 5722 3396 5773 sententiam
3429 5722 3577 5772 allert
3606 5722 3687 5767 lib.
3725 5725 3757 5771 ι.
3780 5722 3819 5756 ει

702 5782 813 5867 με)
840 5782 2200 5867 5013185vocedm1_oupiapionysitiniliunc_pe).a-
2298 5791 2492 5846 iterum
2534 5804 2662 5857 xvr;
2712 5787 2917 5844 Plinius
2974 5804 3211 5859 quoque,
3249 5788 3477 5845 Pausan.
3530 5802 3586 5842 ac
3625 5782 3819 5855 plerique

629 5853 844 5923 ναίγιδα
870 5862 1027 5910 vocat
1054 5868 1123 5910 ex
1138 5868 1203 5910 eo
1214 5857 1356 5925 quod
1371 5853 1579 5932 τραγῆν
1604 5853 1905 5934 ἐνημμένος
1934 5853 2193 5934 μέλαιναν
2300 5874 2507 5920 omnes.
