4038 6406
156 387 244 451 517

1158 380 1686 443 BIBLIOTHECA.
1724 380 1974 445 —COD.
2012 379 2367 440 CLXXXVI.

3284 378 3389 442 578

156 496 342 549 λασσαν
365 490 698 563 ᾠκημένων.
732 484 887 544 Εἶναι
921 488 979 544 δὲ
1002 487 1082 560 τῷ
1109 490 1292 561 Κηφεῖ
1317 491 1413 543 καὶ
1440 489 1713 562 θυγατέρα

1835 490 2010 545 tudine
2042 490 2206 544 ﬁliam
2258 487 2681 551 Andromedam,
2723 504 2885 558 quam
2916 490 3065 559 proci
3094 490 3386 556 ambirent,

158 588 281 641 πάνυ
302 584 468 656 καλὴν
496 584 880 655 Ἀνδρομέδαν,
912 583 1008 638 καὶ
1034 583 1203 651 αὐτὴν
1233 582 1472 652 μνᾶσθαι
1491 583 1716 637 Φοίνικά

158 696 207 732 τε
233 676 321 730 καὶ
352 677 444 731 τὸν
466 676 694 744 ἀδελφὸν
736 676 974 746 Κηφέως
998 675 1182 729 Φινέα.
1213 676 1441 745 Κηφεὺς
1478 676 1535 729 δὲ
1574 674 1716 747 μετὰ

159 768 365 831 πολλοὺς
390 768 517 831 τοὺς
550 767 634 836 ἐφ’
671 767 918 837 ἐκατέρῳ
947 764 1066 838 [251
1100 764 1191 838 Η.]
1241 765 1537 837 λογισμοὺς
1575 768 1715 836 ἔγνω

157 860 322 914 δοῦναι
370 861 469 929 μὲν
499 860 729 926 Φοίνικι,
781 860 1004 929 ἁρπαγῇ
1046 857 1103 910 δὲ
1150 856 1245 910 τοῦ
1303 859 1614 929 μνηστῆρος
1655 860 1717 912 τὸ

158 953 306 1007 αὑτοῦ
351 952 600 1006 ἑκούσιον
648 950 1064 1023 ἀποκρύπτειν
1106 950 1201 1005 καὶ
1253 950 1561 1019 ἁρπάζεται
1607 952 1719 1006 ἀπὸ

157 1063 284 1108 τινος
310 1046 524 1115 νησῖδος
550 1046 648 1116 ὲρή
660 1063 759 1113 μου
784 1046 816 1114 ἡ
852 1044 1201 1115 Ἀνδρομέδα,
1228 1046 1288 1099 ὲν
1317 1039 1362 1114 ᾧ
1391 1045 1573 1099 εἰώθει
1610 1048 1718 1099 ὰπ-

161 1139 294 1192 ιοῦσα
320 1136 520 1200 Θυσίας
545 1140 612 1206 τῇ
657 1137 950 1208 Ἀφροδίτῃ
986 1135 1155 1189 θύειν.
1187 1136 1433 1201 Φοίνικος
1464 1137 1511 1191 δ’
1542 1138 1719 1207 ἁρπά-

165 1247 333 1293 σαντος
374 1228 467 1300 νηῒ
514 1230 736 1300 (Κῆτος
784 1229 828 1281 δ’
875 1228 1015 1299 αὕτη
1056 1228 1345 1294 ἐκαλεῖτο,
1400 1229 1435 1301 ἢ
1486 1231 1719 1301 μίμησιν

162 1323 335 1392 ἔχουσα
364 1322 461 1377 τοῦ
491 1322 634 1387 ζώου
660 1322 693 1392 ἣ
716 1322 811 1375 καὶ
826 1324 870 1355 θ’
902 1322 1043 1376 κατὰ
1075 1322 1268 1393 τύχην)
1298 1325 1333 1394 ή
1364 1323 1718 1394 Ἀνδρομέδα,

163 1415 222 1479 ὡς
252 1415 385 1467 κατὰ
415 1414 645 1481 ἄγνοιαν
693 1414 787 1468 τοῦ
835 1416 1042 1485 πατρὸς
1076 1416 1436 1487 ἀρπαζομένη
1467 1456 1483 1483 ,
1514 1416 1719 1472 ἀνωλο-

161 1508 345 1578 φύρατό
374 1524 437 1560 τε
469 1508 565 1561 καὶ
601 1506 717 1577 μετ’
760 1507 1014 1578 οἰμωγῆς
1060 1509 1189 1571 τοὺς
1222 1508 1591 1580 βοηθήσοντας
1631 1513 1722 1564 άν-

163 1601 404 1655 εκαλεῖτο.
448 1602 701 1671 Περσεὺς
730 1601 775 1654 δ’
804 1602 832 1653 ὁ
862 1601 1077 1671 Δανάης
1110 1602 1253 1656 κατὰ
1285 1603 1516 1673 δαίμονα
1542 1621 1723 1673 παρα-

163 1693 317 1746 πλέων
344 1694 601 1763 κατίσχει
622 1733 637 1758 ,
670 1694 765 1747 καὶ
793 1694 931 1765 πρὸς
956 1694 1056 1765 τὴν
1091 1694 1317 1766 πρώτην
1340 1696 1463 1765 ὄψιν
1489 1697 1589 1767 τῆς
1625 1698 1720 1751 κό-

164 1804 246 1858 ρης
271 1786 433 1856 οἴκτῳ
460 1788 559 1839 καί
584 1786 750 1859 ἔρωτι
783 1787 1062 1857 συσχεθεὶς
1091 1790 1151 1841 τό
1177 1806 1237 1841 τε
1267 1788 1473 1852 πλοῖον,
1498 1790 1563 1842 τὸ
1594 1790 1715 1860 Κῆ-

162 1896 255 1940 τος,
278 1878 609 1949 διαφθείρει,
657 1878 753 1932 καὶ
786 1879 910 1940 τοὺς
944 1878 1277 1948 ἐμπλέοντας
1292 1880 1337 1911 ⁸⁸
1370 1880 1476 1933 ὑπὸ
1504 1881 1715 1951 ἐκπλή-

164 1971 279 2034 ξέως
324 1970 487 2039 μόνον
534 1969 653 2040 οὐχὶ
721 1970 1049 2033 λιθωθέντας
1104 1972 1340 2043 ἀναιρεῖ.
1398 1972 1509 2025 Καὶ
1560 1972 1720 2026 τοῦτο

168 2059 366 2130 Ἕλλησι
386 2059 449 2111 τὸ
479 2061 578 2113 τοῦ
615 2059 783 2131 μύθου
814 2062 996 2130 Κῆτος
1031 2063 1126 2115 καὶ
1157 2065 1205 2115 οἰ
1234 2063 1502 2131 παγέντες
1526 2064 1607 2127 είς
1636 2063 1721 2117 λί-

170 2149 275 2212 θους
300 2150 585 2221 ἄνθρωποι
614 2151 713 2220 τῆς
727 2152 770 2182 ⁸³
805 2152 1070 2221 Γοργόνος
1098 2155 1166 2224 τῇ
1211 2153 1448 2225 κεφαλῇ.
1493 2154 1722 2223 Ἀγεται

167 2238 203 2289 δ’
230 2235 310 2292 οὖν
349 2243 595 2307 γυναῖκα
631 2238 730 2309 τὴν
769 2240 1149 2309 Ἀνδρομέδαν,
1199 2242 1294 2294 καὶ
1341 2241 1546 2310 οἴχεται
1584 2239 1724 2310 αὑτὴ

174 2331 501 2399 συμπλέουσα
544 2332 623 2394 εἰς
652 2331 749 2403 τήν
795 2332 1019 2386 Ἐλλάδα
1048 2332 1126 2404 τῷ
1154 2334 1358 2403 Περσεῖ
1388 2372 1405 2399 ,
1440 2334 1533 2386 καὶ
1573 2333 1727 2405 βασι-

173 2425 389 2489 λεύοντος
415 2428 478 2481 τὸ
515 2427 723 2498 Ἀργος
746 2428 1001 2480 οἰκεῖται.

233 2599 287 2653 Ἠ
314 2606 397 2669 μα’
424 2600 506 2664 ὡς
543 2600 866 2671 Ἄντανδρον
913 2599 1142 2671 ᾤκησαν
1186 2600 1479 2670 Πελασγοὶ,
1508 2601 1626 2656 ἀλλ’
1650 2602 1726 2667 ὡς

176 2689 253 2761 μὲν
271 2690 400 2753 ἔνιοί,
436 2708 581 2760 φασι
599 2730 614 2753 ,
645 2692 824 2755 δόντος
863 2694 1047 2756 αὐτοῖς
1069 2693 1358 2748 Ἀσκανίου
1384 2693 1583 2765 λύθρον
1611 2694 1728 2749 ἀνθ’

173 2781 329 2847 αὑτοῦ,
380 2782 510 2835 ἐπεὶ
546 2784 740 2853 ἐνέδρᾳ
772 2782 1081 2854 συνελήφθη
1115 2784 1208 2838 ὑπ’
1233 2785 1436 2848 αὐτῶν,
1478 2788 1576 2841 καὶ
1598 2788 1732 2841 ἀπο-

172 2870 417 2936 λυθέντος
470 2871 557 2925 διὸ
586 2873 681 2925 καὶ
721 2872 1066 2942 Ἄντανδρος,
1093 2875 1176 2927 ὅτι
1222 2875 1343 2928 ἀντὶ
1383 2876 1502 2940 ἑνὸς
1542 2878 1733 2948 ἀνδρὸς

173 2963 333 3017 ἔλαϐον
366 2964 551 3019 πόλιν.
570 2964 627 3017 '0
649 2965 695 3003 7°
727 2964 771 3016 δ’
802 2965 1084 3029 Ἀσκάνιος
1114 2966 1229 3031 υἱὸς
1266 2968 1364 3037 μὲν
1393 2963 1462 3039 ἦν
1493 2971 1731 3038 Αἰνείου,

178 3058 292 3126 μετὰ
315 3059 368 3111 δὲ
396 3057 603 3129 Τροίας
642 3057 842 3111 ἆλωσιν
871 3058 1220 3112 ἐϐασίλευσεν
1245 3061 1409 3131 Ἴδης.
1446 3064 1509 3115 Οἰ
1535 3064 1592 3117 δέ
1631 3082 1736 3133 φαο

1816 583 2046 638 Phtenix
2115 582 2380 652 quidam,
2450 594 2505 637 et
2570 582 2684 649 ipse
2752 581 2952 652 Cephei
3034 584 3200 638 frater
3266 584 3393 639 Phi-

1819 689 1976 729 neus.
2032 673 2104 727 At
2153 673 2426 743 Cepheum
2491 684 2772 743 postquam
2848 675 2998 733 varia
3038 674 3105 729 de
3163 684 3394 744 utroque

1818 781 2000 827 secum
2027 766 2143 836 ipse
2170 765 2591 831 considerasset,
2632 763 2875 821 thnici
2912 767 3128 823 tandem
3161 768 3395 833 despon-

1819 860 1945 913 dere
1966 837 2128 912 ﬁliam
2153 858 2430 921 statuisse,
2455 872 2518 911 ac
2543 873 2642 927 per
2666 857 2789 912 ﬁliae
2811 868 3023 926 raptum
3053 860 3398 913 consentien-

1821 958 1926 1003 tem
1975 962 2127 1003 suam
2193 947 2522 1001 voluntatem
2570 947 2847 1013 obtegere.
2898 948 3187 1018 Abreptam
3232 947 3397 1017 igitur

1820 1038 1990 1093 fuisse
2021 1054 2087 1093 ex
2120 1039 2330 1094 deserta
2368 1039 2599 1107 quadam
2644 1038 2820 1093 insula
2855 1038 3280 1102 Andromedam,
3340 1038 3393 1091 in

1820 1147 1983 1201 quam
2028 1132 2228 1186 soleret
2278 1130 2471 1185 Veneri
2525 1131 2791 1187 sacriﬁcia
2820 1132 3067 1186 oblatura
3118 1132 3391 1187 secedere.

1820 1221 1897 1279 Ita
1936 1237 2061 1277 cum
2103 1220 2383 1277 Phoenicis
2420 1223 2581 1291 hujus
2614 1222 2875 1290 rapientis
2905 1223 3029 1276 navi
3068 1224 3209 1293 (quae
3233 1222 3398 1278 Cetus

1821 1314 1964 1368 dicta
1990 1325 2092 1380 est,
2130 1314 2243 1369 sivo
2267 1328 2298 1367 a
2336 1314 2500 1381 piscis
2530 1313 2671 1367 illius
2713 1314 3081 1381 similitudine,
3118 1316 3231 1370 sive
3268 1331 3399 1370 casu

1822 1404 2025 1476 aliquo)
2089 1405 2439 1461 Andromeda
2544 1406 2737 1477 139a
2811 1416 3066 1475 tanquam
3130 1409 3400 1464 insciente

1822 1509 1979 1569 patre
2027 1500 2373 1563 avelleretur,
2427 1500 2627 1555 misere
2673 1515 2790 1554 eam
2842 1500 3096 1570 ejulasse,
3135 1516 3401 1572 opemque

1824 1607 1948 1646 cum
1972 1591 2225 1663 lacrymis
2252 1593 2552 1647 invocasse.
2574 1593 2654 1646 Ad
2682 1608 2743 1647 ea
2762 1593 3020 1649 Perseum
3045 1595 3160 1665 (44)
3192 1594 3401 1649 Danaes

1823 1682 1993 1737 ﬁlium
2063 1685 2204 1739 forte
2250 1683 2467 1737 fortuna
2527 1687 3106 1756 prteternavigantem,
3176 1702 3396 1742 cursum

1825 1774 2129 1830 inbibuisse
2162 1793 2175 1828 :
2216 1774 2500 1844 primoque
2538 1792 2664 1831 mox
2711 1778 2899 1845 puellae
2928 1791 3171 1847 aspectu,
3200 1781 3404 1846 pietate

1822 1867 2003 1929 simul,
2038 1877 2093 1921 et
2139 1881 2321 1922 amore
2354 1878 2566 1938 captum
2598 1886 2613 1923 :
2647 1877 2758 1923 tum
2795 1871 3070 1939 navigium
3113 1872 3243 1925 illud
3282 1871 3399 1926 Coti

1821 1960 2040 2014 nomine
2088 1975 2469 2033 expugnasse,
2518 1971 2574 2018 et
2629 1973 2876 2019 vectores
2932 1975 3138 2018 tantum
3185 1981 3291 2019 non
3347 1965 3402 2019 in

1822 2054 2027 2122 lapides
2068 2069 2179 2122 prae
2228 2065 2372 2109 metu
2420 2069 2603 2111 versos
2631 2096 2647 2123 ,
2712 2056 2998 2112 occidisse.
3044 2060 3219 2127 Atque
3260 2059 3402 2112 hunc

1825 2145 1974 2199 illum
2023 2160 2147 2201 esse
2203 2145 2407 2201 Graecae
2454 2147 2648 2203 fabulae
2701 2148 2912 2211 Cetnm.
2981 2150 3082 2204 hos
3136 2149 3402 2215 homines,

1824 2236 2091 2305 Gorgonis
2132 2236 2247 2309 (45)
2277 2238 2392 2293 viso
2406 2240 2601 2309 capite,
2627 2240 2679 2293 in
2711 2256 2841 2295 saxa
2870 2250 3121 2297 mutatos.
3146 2243 3403 2297 Perseum

1826 2328 1992 2399 igitur
2013 2330 2419 2385 Andromedam
2444 2349 2667 2389 uxorem
2696 2335 3013 2405 accepisse,
3030 2351 3320 2406 secumque
3351 2338 3404 2389 in

1828 2418 2093 2475 Graeciam
2128 2423 2341 2492 navigio
2360 2424 2594 2491 vexisse,
2625 2435 2790 2494 atque
2811 2429 2983 2495 Argos
3010 2428 3110 2482 sub
3139 2428 3282 2483 illius
3316 2430 3411 2482 im-

1828 2513 1979 2581 perio
2012 2513 2245 2568 habitari
2268 2524 2529 2583 coeptum.

1901 2602 2326 2674 Quadragesima
2377 2608 2550 2676 prima
2622 2625 2637 2662 :
2700 2608 3035 2664 Antandrum
3098 2610 3414 2666 habitarunt

1830 2696 2065 2770 Pelasgi.
2089 2700 2616 2773 Verum(utquidam
2644 2706 2892 2775 narrant)
2910 2721 2974 2759 ex
3001 2721 3089 2769 eo,
3113 2709 3255 2774 quod
3274 2708 3413 2759 hanc

1836 2791 1970 2859 ipsis
1994 2793 2258 2848 Ascanius
2280 2810 2377 2864 pro
2400 2796 2786 2865 redemptionis
2810 2812 2921 2850 sua:
2948 2799 3120 2868 pretio
3139 2801 3412 2859 donasset,

1835 2899 1956 2938 cum
1986 2901 2054 2940 ex
2100 2886 2312 2941 insidiis
2338 2897 2528 2956 captus
2580 2888 2646 2941 ab
2678 2890 2761 2943 bis
2789 2889 3152 2961 dimissusque
3175 2891 3365 2946 fuisset
3398 2910 3412 2948 :

1838 2976 1968 3031 hinc
1991 2977 2135 3031 enim
2157 2978 2424 3032 Antandri
2444 2979 2657 3032 nomine
2678 2980 2865 3034 urbem
2881 2981 3277 3052 dixisse,quam
3295 2982 3417 3035 ἀντὶ

1840 3067 1962 3132 ἑνὸς
1999 3068 2193 3140 ἀνδρὸς
2241 3069 2363 3142 [pro
2409 3086 2514 3125 uno
2547 3070 2685 3143 viro]
2736 3075 3095 3142 accepissent.
3152 3075 3417 3130 Ascanius

178 3164 244 3200 σιν
272 3148 523 3202 ἐντεῦθεν
548 3149 767 3217 οἰκῆσαι
784 3150 823 3179 ⁷³
851 3149 1163 3218 Πελασγοὺς
1186 3152 1527 3223 Ἄντανδρον.
1548 3155 1732 3209 Ἀπόλ-

1849 3172 2031 3215 autem
2066 3163 2151 3216 hic
2176 3162 2363 3218 Enen)
2391 3163 2555 3227 ﬁlius,
2583 3164 2702 3229 fuit,
2731 3167 2823 3236 qui
2854 3178 3008 3234 capta
3026 3166 3136 3235 jam
3170 3166 3331 3236 Troja
3364 3168 3416 3221 in

178 3237 315 3304 λωνος
365 3242 463 3296 καὶ
527 3242 813 3311 Κρεούσης
841 3243 1023 3306 Ἀνιος
1057 3243 1268 3311 γίνεται
1314 3248 1440 3309 παῖς
1467 3247 1531 3314 τ’,
1567 3247 1663 3301 τοῦ
1684 3249 1741 3302 δὲ

183 3332 396 3403 Ἀνδρος,
428 3334 491 3396 ὃς
526 3334 656 3404 μίαν
684 3336 913 3404 οἰκήσας
934 3337 1044 3389 τῶν
1073 3336 1254 3407 νήσων
1276 3337 1336 3390 τὸ
1369 3339 1542 3408 ὄνομα
1565 3339 1742 3394 λείπει

180 3427 232 3494 τῇ
251 3426 402 3496 νήσῳ,
469 3425 605 3497 [449
635 3425 726 3498 1t]
755 3427 896 3480 κατὰ
925 3429 1114 3482 στάσιν
1144 3430 1188 3483 δ’
1218 3431 1433 3485 ἐκεῖθεν
1472 3434 1741 3501 ἐκπεσὼν,

182 3518 257 3567 καὶ
291 3516 487 3587 χωρίον
511 3518 559 3548 ⁷³
592 3516 714 3570 ἰδὼν
765 3520 868 3571 ὑπὸ
895 3520 994 3591 τὴν
1034 3521 1182 3591 Ἴδην
1211 3524 1592 3595 παραπλήσιον
1616 3528 1746 3581 Ἀν-

181 3606 288 3679 ὃρῳ,
342 3610 559 3674 πολίζει
594 3611 652 3662 τὸ
683 3611 880 3682 χωρίον
926 3613 1022 3667 καὶ
1083 3616 1411 3687 ’Ἄντανδρον
1456 3618 1593 3690 πρὸς
1647 3620 1745 3691 τὴν

184 3706 451 3778 ὁμοιότητα
512 3707 791 3779 ὀνομάζει.
828 3708 938 3781 Τὴν
968 3710 1014 3763 δ’
1050 3711 1279 3781 Ἀνδρον
1329 3712 1535 3782 ἔρημον
1581 3710 1747 3765 οὖσαν

185 3792 290 3861 λαὸς
314 3798 612 3867 Πελασγῶν
638 3800 941 3872 ὲσῳκίσατο
958 3802 1025 3858 ⁷⁸.
1076 3804 1188 3857 Καὶ
1220 3805 1254 3873 ή
1279 3802 1519 3867 Κύζικος
1550 3803 1608 3856 δὲ
1636 3805 1746 3857 Πε-

187 3885 391 3957 λασγοὺς
421 3890 589 3961 ἔσχεν
613 3893 905 3963 οἰκήτορας
929 3910 943 3925 ο
970 3895 1065 3948 καὶ
1090 3894 1199 3966 γὰρ
1221 3893 1459 3959 Κύζικος
1481 3895 1511 3947 δ
1554 3896 1750 3949 Ἀπόλ-

189 3978 349 4046 λωνος,
403 3984 712 4052 Πελασγῶν
758 3985 867 4040 τῶν
897 3988 957 4040 ὲν
992 3986 1265 4058 Θεσσαλίᾳ
1293 3986 1614 4058 βασιλεύων,
1643 3989 1749 4042 ὑπὸ

189 4073 396 4131 Αἰολέων
438 4077 588 4147 μετὰ
614 4076 911 4147 Πελασγῶν
965 4078 1215 4133 ἐκπεσὼν
1264 4080 1362 4151 τὴν
1421 4082 1749 4153 χερρόνησον

190 4166 269 4235 τῆς
306 4168 491 4232 Ἀσίας
545 4168 775 4236 πολίζει,
820 4171 944 4234 δοὺς
1003 4173 1140 4244 αὐτῇ
1182 4174 1279 4227 καὶ
1328 4172 1590 4245 τοῦνομα.
1641 4177 1753 4230 Καὶ

191 4256 371 4328 ηὐξήθη
398 4262 465 4313 ὲκ
495 4261 759 4331 ταπεινῆς
814 4260 1039 4329 Κυζίκῳ
1101 4266 1181 4329 εἰς
1230 4264 1372 4334 μέγα
1401 4266 1432 4336 ἡ
1467 4266 1631 4338 ἀρχὴ.
1659 4267 1752 4336 ἀφ’

192 4341 244 4401 οἶδ
268 4350 497 4423 Κλείτην
549 4352 650 4421 τὴν
695 4352 967 4422 Μέροπος,
997 4355 1055 4418 ὃς
1087 4355 1198 4410 τῶν
1262 4358 1392 4428 περὶ
1460 4357 1752 4413 Ῥυνδακὸν

194 4442 377 4511 χωρίων
421 4444 735 4508 ἐϐασίλευε,
790 4448 1028 4513 γυναῖκα
1068 4448 1326 4517 ἠγάγετο.
1365 4450 1427 4502 Οἰ
1461 4450 1518 4503 δὲ
1549 4450 1752 4520 μετόιῊ⁵

1844 3254 1936 3309 lda
1982 3257 2261 3324 regnavit.
2309 3257 2414 3310 Alii
2470 3257 2594 3312 hinc
2632 3260 2810 3324 potius
2865 3259 3106 3315 referunt
3165 3260 3420 3331 Pelasgos

1844 3347 2184 3402 Antandrum
2240 3347 2555 3405 incoluisse.
2592 3350 2671 3404 Ex
2716 3352 2984 3421 Apolline,
3035 3354 3205 3421 aiunt,
3261 3367 3424 3424 atque

1846 3438 2049 3495 Creusa
2070 3440 2310 3510 gignitur
2336 3442 2529 3509 Anius,
2565 3454 2620 3498 et
2648 3459 2711 3499 ex
2745 3446 2847 3499 hoc
2876 3444 3116 3514 Andrus,
3141 3449 3229 3517 qui
3261 3464 3420 3502 unam

1848 3532 2147 3587 insularum
2207 3533 2542 3601 inhabitans,
2591 3551 2785 3592 nomen
2831 3539 2943 3610 (46)
2996 3557 3214 3613 quoque
3266 3558 3421 3597 suum

1848 3624 2044 3678 insulae
2099 3625 2349 3695 reliquit.
2398 3628 2503 3683 Sed
2562 3633 2768 3686 exortis
2824 3634 3020 3688 deinde
3069 3637 3426 3691 seditionibus

1848 3718 1977 3774 hinc
2029 3731 2277 3788 exactus,
2327 3723 2501 3779 locum
2553 3728 2841 3796 quemdam
2898 3732 3293 3800 contemplatus
3344 3743 3429 3787 est

1849 3812 1951 3866 sub
1993 3810 2105 3877 Ida,
2154 3814 2341 3868 Andro
2370 3816 2629 3883 vicinum,
2660 3819 2711 3871 in
2743 3834 2849 3886 quo
2883 3823 3068 3874 urbem
3116 3822 3425 3887 aediﬁcavit,

1851 3921 2011 3973 quam
2032 3907 2101 3960 ob
2146 3908 2555 3965 similitudinem
2589 3910 2926 3967 Antandrum
2970 3915 3283 3969 nominavit.
3318 3916 3429 3969 An-

1852 3996 2009 4048 drum
2052 3996 2267 4051 interim
2295 3999 2573 4054 desertum
2602 3999 2951 4071 Pelasgorum
2977 4020 3107 4073 gens
3162 4007 3430 4060 inhabita-

1853 4088 1950 4142 vit.
1999 4087 2073 4142 Ita
2118 4091 2351 4160 Cyzicus
2385 4106 2598 4161 quoque
2652 4077 2857 4149 incolas
2905 4097 3097 4153 habuit
3152 4097 3428 4170 Pelasgos.

1853 4179 2064 4235 Etenim
2127 4180 2352 4252 Cyzicus
2387 4184 2650 4254 Apollinis
2705 4187 2863 4246 ﬁlius,
2922 4189 3182 4260 Pelasgis,
3232 4193 3321 4261 qui
3376 4196 3428 4246 in

1856 4268 2135 4325 Thessalia
2170 4284 2348 4336 erant,
2379 4274 2673 4345 imperans,
2703 4278 2771 4332 ab
2794 4277 3141 4333 Aiolensibus
3168 4297 3289 4333 cum
3317 4282 3431 4337 suis

1857 4362 2099 4435 Pelasgis
2144 4367 2371 4436 eiectus,
2427 4371 2478 4422 in
2538 4369 2880 4427 Cberroneso
2910 4373 3053 4426 Asiae
3096 4373 3207 4444 (47)
3242 4375 3429 4428 urbem

1858 4459 1923 4513 de
1950 4475 2051 4515 suo
2083 4463 2299 4517 nomine
2320 4465 2607 4529 exstruxit,
2642 4464 2822 4529 ibique
2873 4481 2936 4519 ex
2970 4467 3153 4519 humili
3182 4483 3427 4535 umgnam

206 4530 408 4599 Ἰάσονος
457 4537 559 4589 ἐπὶ
583 4536 643 4589 τὺ
671 4537 832 4606 δέρας
885 4539 1053 4603 ἰόντες
1103 4541 1419 4612 κατίσχουσι
1464 4544 1601 4612 πρὸς
1653 4546 1732 4615 τὴτ

1860 4551 1910 4603 in
1950 4554 2249 4622 potentiam
2294 4556 2486 4622 crevit,
2534 4566 2814 4626 postquam
2849 4559 3018 4613 Cliten
3066 4558 3228 4611 ﬁliam
3264 4530 3435 4613 hieroc

196 4622 406 4688 Κύζικον
436 4630 512 4699 τῇ
560 4627 767 4697 Ἀργοῖ,
803 4630 897 4682 καὶ
945 4632 1207 4700 μαθόντες
1234 4636 1282 4687 οἱ
1314 4633 1586 4704 Πελασγοὶ
1612 4636 1751 4691 Θεσ-

201 4717 359 4772 σαλίδα
386 4721 489 4791 τὴν
527 4720 681 4786 ναῦν,
727 4720 868 4775 κατὰ
926 4722 1087 4792 μῆνιν
1138 4726 1234 4796 τῆς
1281 4726 1513 4798 ἐκϐολῆς
1559 4730 1753 4794 νυκτὸς

201 4803 436 4879 ἐμάχοντο
459 4812 531 4880 τῇ
572 4810 777 4880 ’Δργοῖ.
831 4810 1069 4875 Κύζικον
1105 4814 1162 4867 δὲ
1208 4814 1365 4870 λῦσαι
1418 4818 1520 4889 τὴν
1569 4819 1750 4892 μάχην

1859 4642 1965 4711 pis,
1997 4646 2088 4713 qui
2136 4647 2312 4700 vicina
2345 4649 2601 4718 Ryndaco
2650 4648 2763 4719 (48)
2797 4650 2911 4704 loca
2953 4666 3044 4704 rex
3078 4651 3268 4715 tenuit,
3302 4666 3433 4704 con-

1859 4732 2025 4786 nubio
2059 4734 2159 4788 sibi
2204 4736 2405 4805 junxit.
2433 4737 2647 4793 Jasonis
2679 4739 2790 4810 (49)
2838 4750 3021 4808 postea
3052 4741 3300 4806 c0mites,
3339 4740 3429 4808 qui

1857 4838 1979 4878 cum
2035 4825 2124 4879 illo
2156 4827 2223 4880 ad
2253 4828 2423 4881 vellus
2448 4843 2673 4882 aureum
2720 4829 3199 4898 proﬁciscebantur
3219 4870 3235 4896 ,
3285 4833 3432 4898 Argo

1443 4934 1683 4993 VARIIE
1721 4937 2123 4997 LECTIONES.

256 5034 296 5127 ξ’
327 5044 568 5127 καιοηι.
606 5048 674 5127 A_:
742 5049 1141 5127 ⁸ἦὲμειιλέοντας
1245 5069 1259 5106 :
1292 5055 1631 5127 ἐμπεσόντας
1656 5075 1717 5121 ς.
1792 5058 1836 5089 θ’
1868 5060 1967 5127 τῆς
1998 5061 2120 5115 add.
2169 5061 2236 5115 A.
2312 5063 2358 5094 ⁷ο
2395 5062 2423 5114 ὃ
2447 5062 2493 5117 Δ
2529 5082 2542 5116 ;
2569 5062 2643 5125 ὡς
2672 5081 2731 5127 ς.
2810 5063 2852 5094 ⁷¹
2873 5063 3074 5117 οἰκίσαι
3096 5063 3163 5118 Α.
3237 5066 3281 5097 ⁷⁸
3308 5069 3434 5127 παῖς

202 5102 271 5160 ΑΞ
299 5116 448 5184 παρά
480 5133 544 5180 ς.
628 5117 676 5148 ⁷³
705 5121 801 5173 καὶ
833 5102 894 5173 τὸ
926 5102 1215 5191 χωρίον’Ᾱῖ
1246 5102 1258 5106 ⁷
1292 5102 1336 5155 δέ

1390 5127 1698 5182 ἐσοικίσατο
1736 5128 1783 5182 Α
1819 5147 1834 5184 :
1870 5131 2209 5202 εἰσῳκήσατο
2233 5151 2293 5197 ς.

2369 5133 2414 5165 ⁷⁵
2457 5134 2592 5204 μετὰ
2608 5137 2732 5188 add.
2770 5135 2835 5188 A.

1675 5249 1907 5307 ΝΟΤᾹΞ.

224 5321 362 5403 ’,(48)
378 5326 566 5403 Persei
584 5327 744 5397 hujus
772 5328 1062 5403 imaginem
1090 5331 1295 5400 inspice
1325 5339 1467 5403 apud
1494 5337 1750 5395 Philostr.

206 5388 519 5466 lib._r'1con.
548 5388 879 5466 antépenult.

210 5463 385 5604 ὠὲῒοὸἐ.
416 5466 630 5534 Strabo,
667 5463 761 5523 lib.
809 5486 842 5523 ι
878 5479 1107 5526 extrem.
1159 5470 1294 5529 Vide
1331 5473 1492 5531 Ovid.
1546 5488 1601 5535 et
1636 5498 1754 5552 my-

286 5604 371 5681 46)
418 5604 757 5681 Antandrus,
816 5609 993 5681 inquit
1031 5610 1289 5681 Stephan.
1347 5618 1416 5673 ab
1478 5618 1756 5675 Antandro

211 5667 538 5750 Eolensiumq
556 5688 666 5750 stra
675 5667 810 5750 teg'o.

271 5741 375 5828 in)
403 5734 826 5828 ‘Straboulibfxtt
857 5734 1091 5828 extrem.
1118 5756 1371 5828 Cyzicum
1413 5759 1543 5813 facit
1605 5760 1753 5814 insu-

214 5805 324 5879 tam,
358 5805 431 5871 ἰιι
470 5819 718 5889 Apollon.
764 5805 1186 5893 Argionauii—e.
1406 5805 1751 5888 SEBHIia'éiB}.

1860 5344 1998 5424 Plin.
2060 5345 2176 5399 vult
2218 5346 2343 5401 olim
2395 5346 2626 5403 insulam
2683 5350 2751 5405 ab
2779 5348 3091 5405 Alexandro
3138 5345 3436 5406 continenti

1852 5427 2393 5562 leﬁgliiiyndacns,
2443 5489 2625 5545 Strab.
2691 5491 2784 5545 lib.
2836 5507 2911 5544 xu
2956 5500 3094 5546 extr.
3132 5494 3183 5546 in
3215 5490 3433 5562 Cyzico.

1858 5552 2170 5630 ﬂll_VilI§_est
2203 5558 2257 5611 in
2297 5552 2677 5630 Propontidem
2713 5564 2921 5616 exiens.
2962 5552 3431 5630 Stephano'etiam

1862 5624 2315 5701 urbsAPhrygiam
2338 5624 2481 5701 inter
2510 5642 2563 5683 et
2612 5633 3036 5701 Hellespontum.

1863 5694 2190 5821 lcr(.5g)lage.'
2207 5698 2404 5768 quibus
2429 5700 2675 5770 Apollon.
2723 5694 2815 5758 lib'.
2852 5719 2867 5756 ι
2899 5701 3196 5772 Argonaut.
3253 5710 3305 5755 et
3333 5698 3436 5753 Va-
