4038 6406
159 395 241 461 581
1164 387 1687 459 BTBLIOTHECA.
1724 422 1793 435 --
1828 398 1992 459 COD.
2036 402 2393 480 CLXXXVI.

3288 418 3392 481 582

160 510 238 562 καὶ
285 504 485 569 λιθίνας
509 504 719 569 εἰκόνας
748 505 808 557 ἐν
837 502 986 574 αὐτῷ
1032 504 1145 557 τῶν
1175 504 1409 573 ἀνδρῶν,
1467 509 1704 577 μνημεῖα

1815 509 2029 565 Piorum
2056 515 2327 583 regionem
2352 517 2524 572 locum
2549 533 2671 573 eum
2699 522 3056 593 appellarunt,
3078 537 3133 582 et
3152 529 3390 598 lapideas

158 602 291 654 θείων
325 614 384 651 τε
428 597 542 668 ἅμα
602 598 698 651 καὶ
741 595 1101 667 ἀνθρωπίνων
1123 596 1169 628 ⁸⁸
1232 597 1409 669 ἔργων
1442 636 1457 662 ,
1521 597 1706 651 ἀνέθε-

158 709 253 743 σαν.

221 868 280 921 Ἦ
311 869 392 939 μδ⁷
434 868 645 940 ἱστορία
697 868 862 938 φησὶν
916 868 995 932 ὡς
1028 868 1327 938 Λεωδάμας
1354 868 1449 921 καὶ
1504 866 1707 939 Φίτρης

152 965 320 1031 ἧρισαν
353 963 491 1033 ὑπὲρ
520 962 623 1031 τῆς
672 961 952 1031 Μιλησίων
977 960 1278 1029 βασιλείας,
1312 960 1503 1028 γένους
1538 960 1707 1031 ἄμφω

152 1055 277 1115 ὄντες
302 1051 597 1121 βασιλείου.
628 1052 702 1104 Τὸ
734 1052 911 1105 κοινὸν
941 1051 999 1105 δέ
1028 1055 1095 1122 τῇ
1120 1052 1342 1105 ἐκείνων
1374 1051 1705 1120 κακούμενοι

155 1146 311 1198 στάσει
337 1142 437 1212 τῆς
461 1145 559 1214 μὲν
588 1143 919 1212 φιλονεικίας
936 1144 1074 1213 μετὰ
1097 1142 1269 1196 πολλὰ
1288 1143 1436 1211 πάθη
1466 1140 1707 1206 ἐξίσταν-

154 1255 217 1302 το,
236 1238 437 1306 ἔκρινον
462 1236 507 1288 δ’
529 1238 733 1289 ἐκεῖνον
777 1235 1103 1304 βασιλεύειν,
1125 1236 1182 1297 ὃς
1210 1234 1508 1303 Μιλησίους
1534 1234 1707 1288 πλείω

155 1329 302 1395 ἀγαθὰ
349 1329 660 1399 ἐργάσοιτο.
709 1323 891 1381 Ἦσαν
923 1328 967 1381 δ’
995 1328 1181 1391 αὐτοῖς
1215 1321 1335 1381 τδτε
1357 1327 1451 1380 δύο
1478 1326 1706 1397 πόλεμοι

156 1421 451 1492 Καρυστίοις
480 1423 575 1475 καὶ
600 1420 889 1491 Μηλιεῦσι.
918 1422 1028 1474 Καὶ
1057 1422 1194 1491 πρὸς
1216 1421 1313 1491 μὲν
1332 1420 1519 1490 Μῆλον
1537 1420 1706 1491 (αὐτῷ

156 1513 239 1584 γὰρ
265 1516 289 1567 ὁ
314 1512 517 1584 κλῆρος
570 1512 760 1566 τοῦτον
825 1512 997 1566 ἐδίδου
1056 1512 1148 1565 τὸν
1203 1512 1459 1582 πόλεμον)
1503 1512 1707 1582 Φίτρης

157 1603 457 1673 στρατεύσας
506 1604 805 1674 ἄπρακτος
861 1603 1191 1674 ἀναστρέφει
1232 1618 1247 1633 ο
1294 1603 1595 1672 Λεωδάμας
1649 1602 1706 1655 δέ

154 1693 383 1767 λαμπρῶς
475 1694 624 1749 κατά
695 1693 1019 1763 Χαρυστίων
1084 1694 1536 1763 ἀνδραγαθήσας,
1609 1691 1706 1745 καὶ

156 1791 460 1859 κατακράτος
532 1786 668 1840 ἐλὼν
745 1787 846 1856 τὴν
922 1787 1077 1840 πόλιν
1154 1786 1250 1840 καὶ
1308 1784 1704 1856 ἀνδραποδισά-

158 1857 312 1948 μενοςέ
376 1879 625 1949 Μιλήτου
719 1876 960 1932 ἐπανιὼν
1020 1877 1163 1931 κατά
1222 1878 1291 1931 τὰ
1366 1877 1701 1947 συγκείμενα
1736 1857 1779 1915 Β

158 1966 409 2036 βασιλεύει.
468 1966 830 2036 Αἱχμάλωτον
857 1966 913 2020 δέ
926 1966 970 1998 ⁸⁸
1019 1966 1159 2020 κατὰ
1189 1966 1435 2037 χρησμὸν
1468 1969 1702 2036 γυναῖκα

156 2060 429 2130 Καρυστίαν
459 2103 476 2127 ,
536 2060 701 2113 παῖδα
756 2059 1027 2130 φέρουσαν
1062 2059 1465 2129 ὑπομάσθιονθθ
1491 2102 1505 2127 ,
1564 2060 1702 2130 μετά

157 2152 327 2206 πολλῶν
376 2153 473 2207 καὶ
512 2152 690 2207 ἄλλων
734 2151 1126 2223 ἀναθημάτων,
1150 2152 1187 2207 ἃ
1216 2152 1421 2222 δεκάτη
1463 2154 1572 2206 τῶν
1602 2153 1699 2206 λα-

158 2243 305 2314 φύρων
330 2243 648 2314 ἐτύγχανον,
676 2244 993 2314 ἀνέπεμψεν
1018 2244 1077 2296 ἐν
1122 2244 1475 2316 Βραγχίδαις.
1529 2244 1702 2308 Αὐτὸς

156 2337 197 2389 δὲ
234 2338 334 2390 τότε
353 2338 609 2410 Βράγχος
642 2336 984 2408 προύστήκει
1032 2336 1126 2390 τοῦ
1174 2354 1233 2391 τε
1270 2337 1417 2408 ίεροῦ
1457 2338 1552 2391 καὶ
1606 2334 1701 2389 τοῦ

160 2428 367 2496 μαντείου
392 2468 407 2491 ,
451 2428 516 2491 ὂς
555 2429 654 2499 τήν
695 2444 753 2481 τε
796 2427 1141 2498 αἰχμάλωτον
1188 2430 1423 2496 γυναῖκα
1482 2427 1702 2497 ἐνόμισε

159 2520 327 2573 καὶτὸν
347 2523 518 2573 παῖδα
559 2519 731 2589 αὐτῆς
761 2519 933 2573 ἔθετο.
968 2518 1181 2583 Ηῦξανε
1207 2519 1253 2572 δ’
1280 2520 1308 2572 ὁ
1334 2521 1463 2582 παῖς
1480 2519 1539 2573 ού
1561 2518 1703 2573 κατά

159 2610 292 2677 λόγον,
340 2608 480 2663 ἀλλά
548 2608 669 2680 θείᾳ
712 2610 820 2662 τινὶ
856 2608 1015 2680 τύχῃ,
1045 2608 1140 2663 καὶ
1193 2608 1354 2662 πλέον
1382 2607 1574 2679 ἦπρὺς
1604 2606 1701 2678 τὴν

158 2702 331 2769 ἠλικίαν
375 2703 598 2773 ἀπήντα
642 2700 705 2753 τὸ
744 2701 1052 2758 εὐσύνετόν.
1099 2702 1341 2754 Ποιεῖται
1381 2700 1427 2753 δ’
1481 2698 1645 2752 αὐτὸν
1672 2697 1701 2749 ὁ

159 2793 357 2865 Βράγχος
378 2795 476 2847 καὶ
526 2793 760 2861 ἄγγελον
796 2792 903 2846 τῶν
943 2792 1359 2863 μαντευμάτων,
1394 2790 1701 2858 Εὐάγγελον

156 2886 401 2956 ὀνομάσας.
434 2886 573 2958 [255
591 2884 682 2957 H.]
733 2877 901 2949 Οὗτος
945 2884 1155 2955 ἡϐήσας
1174 2883 1236 2936 τὸ
1276 2882 1526 2953 Βράγχου
1576 2898 1704 2952 μαν-

156 2981 264 3030 τείον
285 2979 583 3046 ἐξεδέξατο,
611 2977 861 3049 καὶάρχὴ
893 2976 1085 3044 γένους
1118 2973 1501 3044 Εύαγγελιδῶν
1554 2973 1704 3044 παρά

156 3068 397 3139 Μιλησίοις
427 3071 673 3139 ἐγένετο.

1809 602 1863 657 in
1896 605 2087 659 horum
2140 608 2380 663 virorum
2431 622 2781 668 monumento
2822 625 3051 683 statuas,
3086 620 3386 679 divinorum

1809 695 1970 749 simul
2021 697 2233 754 illorum
2282 710 2445 770 atque
2487 702 2844 760 humanorum
2887 706 3155 765 factorum
3201 722 3386 781 testes,

1808 790 2007 843 colloca
2018 802 2161 847 ruut.

1880 882 2302 956 Quadragesima
2354 896 2542 956 quarta
2598 890 2825 947 historia
2889 895 3059 951 refert
3120 902 3392 969 quomodo

1810 974 2112 1032 Leodamas
2141 987 2195 1031 et
2228 978 2441 1035 Phitres
2481 982 2546 1035 de
2580 981 2913 1040 Milesiorum
2970 1004 3135 1055 regno
3164 1004 3389 1046 conten-

1808 1066 2009 1131 derint,
2042 1071 2185 1137 regia
2209 1078 2438 1140 uterque
2462 1074 2630 1142 stirpe
2671 1076 2904 1131 oriundi.
2934 1077 3093 1135 Plebs
3114 1097 3241 1151 ergo
3265 1101 3389 1138 cum

1807 1172 1906 1226 per
1953 1158 2143 1213 horum
2208 1165 2611 1218 comentionem
2677 1168 2832 1223 malis
2892 1182 3213 1238 vexaretur,
3274 1187 3395 1243 post

1810 1250 1980 1305 multa
2003 1252 2215 1306 tandem
2235 1253 2571 1310 incommoda
2590 1257 2749 1312 ﬁnem
2766 1262 2894 1315 rixa:
2913 1264 3186 1334 imposuit,
3200 1268 3393 1341 14οα

1808 1340 1953 1397 facto
1984 1344 2222 1411 decreto,
2274 1355 2335 1401 ut
2362 1347 2453 1417 qui
2484 1350 2550 1402 de
2581 1349 2802 1406 Milesiis
2833 1355 3023 1411 melius
3068 1340 3387 1429 mereretur,

1810 1433 1856 1488 is
1907 1436 2121 1489 demum
2174 1448 2445 1507 regnaret.
2500 1442 2669 1497 Erant
2713 1445 2842 1515 ipsis
2876 1449 2981 1501 duo
3024 1458 3153 1507 tunc
3209 1454 3392 1511 hostes

1810 1524 2040 1597 Carystii
2090 1537 2146 1583 et
2197 1528 2502 1588 Melienses.
2560 1536 2832 1592 Adversus
2889 1538 3109 1608 Melum,
3174 1544 3390 1602 Phitres

1810 1618 1956 1689 (huic
1973 1621 2115 1675 enim
2139 1632 2285 1678 sorte
2314 1624 2511 1679 bellum
2542 1628 2669 1683 illud
2696 1633 3013 1704 obvenerat)
3042 1612 3389 1709 expeditione

1809 1721 2083 1780 suscepta,
2112 1728 2173 1767 re
2218 1714 2415 1770 infecta
2452 1720 2630 1775 rediit.
2667 1722 2964 1780 Leodamas
2993 1742 3142 1793 vero,
3172 1745 3229 1783 re
3255 1747 3387 1785 con-

1811 1808 1890 1855 tra
1943 1805 2221 1875 Carystios
2272 1809 2482 1863 naviter
2528 1825 2591 1865 ac
2623 1815 2881 1881 praeclare
2923 1829 3096 1887 gesta,
3148 1822 3388 1889 urbeque

1806 1909 1994 1949 eorum
2042 1899 2091 1952 vi
2125 1909 2449 1969 expugnata,
2486 1911 2648 1973 atque
2684 1907 2734 1960 in
2776 1909 3087 1965 servitutem
3144 1915 3382 1980 redacta,

1803 1986 2050 2043 Miletum
2092 1990 2265 2045 victor
2295 2007 2567 2058 reversus,
2604 1999 2899 2053 secundum
2934 2010 3087 2069 pacta
3122 2016 3383 2060 conventa

1805 2080 2077 2149 regnavit.
2132 2083 2313 2147 Quare
2364 2098 2431 2139 ex
2477 2087 2683 2141 oraculi
2717 2092 3031 2161 praescripto
3077 2093 3382 2165 Carystiam

1804 2168 2063 2224 feminam
2119 2174 2388 2240 captivam
2443 2174 2701 2230 infantem
2757 2180 3014 2235 uberibus
3061 2182 3383 2249 laetantem,

1804 2275 1928 2316 cum
1973 2262 2093 2317 aliis
2130 2265 2379 2332 plurimis
2411 2266 2679 2334 donariis,
2730 2272 3105 2328 manubiarum
3137 2276 3385 2343 decimis,

1804 2353 1869 2408 ad
1904 2354 2239 2411 Branchidas
2276 2359 2443 2413 misit.
2477 2360 2593 2428 Ipse
2630 2375 2760 2416 vero
2786 2372 2913 2419 tunc
2939 2365 3219 2423 Branchus
3266 2368 3384 2439 (55)

1803 2456 1859 2502 et
1891 2449 2089 2518 templo
2116 2460 2171 2504 et
2202 2451 2425 2505 oraculo
2473 2463 2723 2521 prmerat,
2757 2457 2846 2525 qui
2887 2461 3155 2527 captivam
3193 2462 3385 2516 mulie-

1806 2554 1921 2595 rem
1958 2555 2152 2609 magna
2174 2556 2301 2597 cura
2333 2544 2556 2599 nutrivit
2586 2535 2721 2613 (56),
2761 2548 2987 2619 ejusque
3030 2551 3195 2605 filium
3252 2555 3386 2609 ado-

1805 2632 1995 2701 ptavit.
2039 2631 2183 2687 Puer
2226 2635 2342 2703 ipse
2376 2651 2481 2688 non
2518 2648 2626 2690 tam
2658 2638 2936 2695 hominum
2973 2643 3173 2697 usitato
3205 2649 3383 2714 modo,

1806 2739 1968 2795 quam
2000 2725 2181 2780 divina
2219 2728 2449 2794 quadam
2480 2728 2694 2784 fortuna
2744 2731 2934 2796 crevit,
2962 2743 3015 2788 et
3056 2750 3220 2804 supra
3253 2749 3386 2792 aeta-

1809 2826 1914 2871 tem
1943 2818 2178 2885 prudens
2205 2819 2392 2873 evasit.
2419 2819 2505 2873 Fit
2536 2820 2699 2889 igitur
2717 2836 2745 2874 a
2764 2821 3014 2879 Brancho
3039 2828 3384 2885 oraculorum

1808 2909 2053 2972 nuntius,
2086 2908 2385 2979 Evangelus
2412 2910 2732 2979 appellatus.
2764 2911 2995 2982 Hicjam
3019 2916 3196 2971 adulta
3228 2928 3386 2975 aetate

1810 3001 1864 3054 in
1910 3000 2130 3056 oraculo
2161 3001 2408 3057 Brancho
2460 3006 2745 3070 successit,
2789 3009 3226 3082 principiumque
3282 3015 3386 3069 fuit

1809 3102 1863 3147 et
1892 3102 2053 3160 caput
2084 3093 2534 3164 Evangelidarum
2566 3098 2707 3165 apud
2752 3097 3007 3155 Milesios.

217 3166 267 3217 'H
304 3171 380 3234 με’
422 3165 506 3227 ὡς
566 3162 839 3232 Ὀρφεὺς,
873 3161 901 3213 ό
956 3162 1195 3230 Οἰάγρου
1242 3159 1335 3211 καὶ
1384 3157 1703 3228 Καλλιόπης

1873 3157 2292 3255 Quadragesima
2324 3188 2548 3256 (quinta.
2581 3157 2829 3256 (lrpheus
2859 3191 3055 3263 OEagri
3086 3193 3200 3264 (57)
3238 3195 3381 3253 illius

161 3259 257 3325 μιᾶς
287 3258 386 3311 τῶν
423 3256 669 3313 Μουσῶν
695 3295 710 3317 ,
751 3253 1033 3308 ἐϐασίλευε
1090 3253 1418 3309 Μακεδόνων
1464 3251 1558 3305 καὶ
1602 3252 1703 3322 τῆς

167 3349 447 3418 Ὀδρυσίδος,
476 3348 779 3418 ἐπετήδευε
806 3347 864 3401 δὲ
895 3345 1181 3417 μουσικὴν,
1214 3346 1309 3399 καὶ
1358 3343 1594 3414 μάλιστα
1627 3360 1705 3396 κι-

160 3436 399 3509 θαρῳδίαν.
457 3439 577 3493 Καὶ
635 3436 986 3509 (φιλόμουσον
1043 3437 1150 3507 γὰρ
1201 3438 1263 3491 τὸ
1318 3437 1553 3508 Θρακῶν
1605 3426 1706 3491 καὶ

160 3531 438 3588 Μακεδόνων
485 3530 668 3603 γένος)
714 3534 951 3604 ἤρεσκεν
980 3533 1038 3585 ἐν
1071 3530 1284 3594 τούτοις
1339 3531 1706 3602 διαφερόντως

158 3622 217 3690 τῷ
235 3625 428 3695 πλήθει.
484 3625 735 3695 Κατέσχε
765 3625 823 3678 δὲ
854 3623 982 3691 δόξα
1035 3623 1111 3686 ὡς
1132 3624 1213 3685 είς
1275 3622 1439 3692 ’ᾍδου
1480 3623 1705 3676 κατάϐοι

160 3713 286 3784 {pum
308 3718 399 3786 τῆς
425 3715 695 3786 γυναικὸς
714 3714 1044 3784 Εὐρυδίκης,
1072 3713 1167 3766 καὶ
1192 3713 1267 3775 ὡς
1295 3712 1388 3765 τὸν
1414 3711 1705 3765 Πλούτωνα

161 3809 231 3861 καὶ
282 3810 372 3881 τὴν
427 3808 623 3880 Κόρην
681 3807 844 3878 ᾠδαῖς
881 3805 1186 3877 γοητεύσας
1214 3804 1388 3873 δῶρον
1416 3804 1570 3857 λαὸοἰ
1600 3804 1701 3873 τὴν

163 3905 351 3967 γυναῖκα
372 3920 385 3933 ο
431 3902 558 3956 ἀλλ’
592 3900 652 3954 ού
683 3900 792 3971 γὰρ
820 3899 1041 3953 ὂνασθαι
1070 3898 1171 3967 τῆς
1210 3899 1431 3969 χάριτος
1468 3897 1703 3950 ἀναϐιω-

163 3995 406 4064 σκομένης,
437 3993 747 4063 λαθόμενον
777 3991 885 4045 τῶν
906 3990 1035 4061 περὶ
1057 3990 1223 4059 αὐτῆς
1252 3988 1502 4064 ἐντολῶν.
1547 3986 1705 4042 Ούτω

162 4084 205 4137 δὲ
224 4062 407 4155 θέλγειν
466 4088 568 4139 καὶ
590 4062 923 4153 κατακηλεῖν
952 4083 1115 4135 αὑτὸν
1157 4062 1319 4153 ᾠδαῗς
1341 4077 1480 4135 εἶναι
1515 4081 1698 4151 σοφὸν,

163 4175 218 4240 ὡς
239 4181 319 4233 καὶ
344 4179 513 4251 θηρία
529 4179 625 4230 καὶ
650 4175 871 4240 οἰωνοὺς
901 4175 995 4228 καὶ
1022 4174 1088 4245 δὴ
1113 4174 1207 4227 καὶ
1235 4173 1370 4240 ξύλα
1397 4175 1491 4226 καὶ
1517 4174 1699 4238 λίθους

165 4276 575 4346 συμπερινοστεῐν
591 4271 898 4341 ὑφ’ἡδονῆς.
915 4269 1153 4339 Τελευτᾷ
1173 4268 1229 4322 δέ
1244 4267 1702 4337 διασπασαμένων

164 4365 288 4420 αὑτὸν
328 4368 431 4421 τῶν
480 4364 735 4437 Θρᾳκίων
770 4363 866 4415 καὶ
904 4360 1233 4414 Μακεδόνων
1279 4360 1577 4429 γυναικῶν,
1620 4359 1700 4412 ὅτι

165 4456 256 4508 eti"
278 4459 547 4528 μετεδίδου
569 4457 761 4518 αὑταῖς
784 4452 893 4507 τῶν
920 4452 1142 4523 ὀργίων,
1161 4452 1301 4521 τάχα
1331 4451 1431 4521 μὲν
1463 4450 1555 4504 καὶ
1579 4450 1700 4504 κατ’

1809 3283 1973 3347 atque
1996 3276 2285 3345 Calliopes,
2316 3293 2436 3346 qua:
2462 3294 2569 3332 una
2612 3280 2667 3333 in
2701 3296 2892 3335 novem
2925 3282 3090 3339 Musis
3126 3302 3383 3342 numera-

1808 3376 1922 3431 tur,
1954 3368 2304 3424 Macedonum
2342 3385 2435 3425 rex
2470 3370 2569 3424 fuit
2619 3380 2673 3426 et
2722 3371 3001 3445 Odrysidis
3034 3377 3167 3447 (58).
3210 3378 3383 3435 Musi-

1809 3475 1926 3515 cam
1973 3462 2060 3515 bic
2091 3471 2260 3516 artem
2288 3452 2556 3527 exercuit,
2598 3466 2948 3534 maximeque
2992 3468 3381 3526 citharisticam

1809 3554 2028 3624 (etenim
2048 3554 2319 3609 Thracum
2348 3555 2478 3609 illud
2500 3565 2553 3611 et
2586 3556 2935 3614 Macedonum
2961 3575 3130 3628 genus
3164 3565 3382 3619 musicae

1806 3645 2107 3701 Studiosum
2161 3656 2245 3701 est
2284 3648 2367 3702 vel
2408 3648 2716 3717 imprimis),
2767 3650 2906 3718 plebi
2939 3666 3034 3721 per
3068 3667 3186 3706 eam
3217 3670 3381 3725 supra

1806 3739 2023 3793 modum
2051 3746 2256 3807 gratus.
2288 3738 2455 3793 Fama
2498 3750 2679 3794 autem
2727 3740 2849 3807 fuit,
2879 3744 2945 3796 ad
2975 3742 3176 3798 inferos
3207 3745 3381 3813 ipsum

1807 3845 1991 3884 amore
2036 3831 2328 3900 Eurydices
2358 3832 2602 3901 conjugis
2653 3833 2963 3900 adductum,
2999 3836 3379 3905 descendisse,

1806 3920 1987 3990 ibique
2033 3919 2315 3975 Plutonem
2358 3935 2422 3975 ac
2454 3918 2833 3990 Proserpinam
2868 3933 3029 3977 cantu
3069 3926 3148 3979 sic
3191 3929 3380 3983 conci-

1804 4009 1988 4072 liasse,
2046 4019 2105 4063 ut
2134 4010 2274 4063 dono
2304 4026 2526 4065 uxorem
2553 4020 2789 4079 caperet.
2830 4009 3030 4065 Verum
3081 4015 3182 4068 hac
3206 4017 3379 4085 gratia

1804 4098 1930 4163 frui,
1957 4114 2062 4169 qua
2086 4101 2153 4153 ad
2176 4100 2337 4154 vitam
2366 4100 2452 4153 illa
2477 4109 2729 4156 revocata
2757 4110 2859 4166 est,
2880 4118 2983 4155 non
3008 4105 3200 4172 potuit,
3232 4109 3379 4175 quod

1805 4208 1923 4260 qute
1978 4194 2043 4247 de
2084 4192 2199 4261 ipsa
2248 4196 2501 4247 mandata
2544 4205 2747 4261 essent,
2781 4211 2886 4250 non
2940 4210 3210 4254 servasset
3240 4200 3376 4271 (59).

1803 4285 1951 4339 Adeo
1968 4293 2146 4337 autem
2165 4284 2438 4340 oblectare
2481 4287 2836 4357 cantibusque
2854 4288 3158 4345 demulcere
3174 4294 3379 4361 peritus

1803 4383 1941 4437 erat,
1974 4382 2104 4428 utet
2133 4374 2264 4428 ferae
2304 4384 2359 4429 et
2384 4390 2533 4442 aves,
2559 4384 2721 4446 atque
2746 4381 2881 4434 adeo
2901 4380 3043 4452 ligna
3074 4396 3136 4436 ac
3155 4382 3377 4451 lapides,

1803 4478 1924 4517 cum
1965 4464 2083 4533 ipso
2115 4480 2216 4518 una
2266 4479 2376 4534 prae
2415 4464 2753 4533 iucunditate
2786 4470 3124 4523 oberrarent.
3152 4468 3381 4526 Interfe-

166 4546 294 4611 ἂλλας
332 4548 658 4619 προφάσεις,
719 4543 852 4612 φασὶ
876 4542 920 4595 δ’
945 4537 1039 4596 οὖν
1083 4542 1247 4596 αὑτὸν
1289 4541 1698 4611 δυστυχήσαντα

1806 4560 1925 4608 ctus
1967 4563 2145 4608 autem
2187 4565 2270 4609 est
2295 4555 2659 4611 lacerantibus
2692 4560 2865 4627 ipsum
2900 4558 3148 4614 Thressis
3174 4574 3236 4614 ac
3275 4559 3381 4614 Ma-

166 4640 264 4708 περὶ
301 4644 534 4709 γυναῖκα
595 4638 704 4689 πᾶν
756 4633 986 4704 ἐχθῆραι
1013 4632 1075 4686 τὸ
1098 4632 1274 4701 γένος.
1342 4632 1562 4701 Ἐφοίτα
1598 4631 1698 4702 μὲν

168 4728 233 4782 οὖν
244 4735 453 4795 τακταῖς
482 4729 576 4783 καὶ
603 4725 836 4797 ἡμέραις
869 4724 1213 4794 ὡπλισμένον
1237 4722 1440 4792 πλῆθος
1467 4724 1699 4795 Θρᾳκῶν

169 4822 238 4872 καὶ
258 4823 574 4876 Μακεδόνων
598 4820 657 4871 ἐν
685 4814 997 4885 Λιὸήθροις,
1022 4816 1103 4878 είς
1125 4814 1330 4884 οἴκημα
1360 4812 1417 4865 ἒν
1444 4814 1492 4845 ⁸⁸
1506 4831 1699 4885 συνερ-

169 4914 348 4983 χόμενον
399 4914 548 4984 μέγα
565 4927 626 4964 τε
652 4908 747 4963 καὶ
784 4907 920 4977 πρὸς
962 4904 1185 4967 τελετὰς
1204 4901 1263 4958 εὖ
1295 4904 1662 4975 πεποιημένον
1682 4920 1695 4934 ·

169 5006 293 5058 ὁπότε
310 5007 351 5061 δ’
379 5005 663 5078 ὀργιάζειν
693 5002 915 5068 εἰσίασι,
944 4999 1051 5070 πρὸ
1069 4998 1178 5052 τῶν
1220 4997 1405 5052 πυλῶν
1447 4996 1702 5051 ἀπετίθε-

170 5112 242 5149 σαν
256 5100 317 5152 τὰ
339 5100 502 5155 ὅπλα.
533 5098 602 5150 ‘0
640 5096 694 5149 αἱ
726 5095 981 5163 γυναῖκες
1018 5090 1440 5163 ἐπιτηρήσασαι,
1490 5089 1588 5142 καὶ
1634 5089 1702 5142 τὰ

1806 4645 2079 4700 cedonicis
2108 4645 2345 4711 feminis,
2376 4650 2518 4716 quod
2544 4651 2693 4720 orgia
2729 4665 2849 4703 cum
2880 4649 2984 4704 illis
3008 4665 3110 4704 non
3133 4665 3378 4705 commu-

1805 4737 2014 4792 nicaret
2059 4754 2073 4789 :
2110 4752 2174 4791 ac
2226 4739 2448 4793 forsitan
2498 4740 2661 4794 etiam
2709 4740 2830 4796 aliis
2865 4741 2931 4795 de
2983 4742 3183 4795 causis.
3216 4740 3382 4797 Aiunt

1806 4829 1949 4883 enim
1984 4828 2132 4883 illum
2167 4830 2233 4884 de
2262 4845 2432 4884 uxore
2466 4829 2760 4896 infelicem,
2814 4831 3127 4885 muliebrem
3162 4846 3379 4886 omnem

1807 4928 1994 4967 sexum
2039 4916 2240 4971 odisse.
2292 4917 2461 4987 Igitur
2498 4934 2619 4973 cum
2671 4918 2828 4973 statis
2875 4920 3062 4973 diebus
3110 4918 3381 4974 Thracum

1806 5017 1871 5057 ac
1943 5002 2298 5060 Macedonum
2358 5007 2546 5077 vulgus
2606 5008 2773 5061 armis
2846 5016 3047 5063 tectum
3110 5007 3383 5064 Libethris

1806 5096 2120 5151 conveniret
2145 5097 2198 5152 in
2249 5100 2465 5179 domum
2500 5098 2784 5170 magnifice
2821 5108 3176 5165 exstructam,
3220 5110 3276 5156 et
3315 5101 3383 5156 ad

1401 5245 1484 5300 VA
1498 5244 1638 5299 RIIE
1676 5244 2076 5310 LECTIONES.

218 5342 259 5375 “
283 5346 481 5419 ἀνδρῶν
512 5344 592 5416 τῷ
625 5341 873 5414 μνημείῳ
904 5358 967 5404 ς.
1039 5340 1084 5372 ⁸⁵
1110 5338 1168 5391 δὲ
1199 5353 1306 5392 οιηο
1348 5339 1413 5394 Α.
1493 5339 1543 5371 ⁸⁸
1564 5339 1870 5410 ὑπομάζιον
1907 5363 1966 5409 ς.
2042 5349 2166 5403 δὀὐ
2208 5365 2317 5404 οιη.
2370 5364 2453 5419 pr.
2490 5350 2555 5403 A.
2631 5349 2676 5381 ⁸⁸
2706 5350 2763 5403 ἓν
2818 5349 2948 5406 add.
2993 5349 3062 5406 A.

1602 5450 1835 5511 ΝΟΤᾹΞ.

222 5554 319 5629 ($5)
350 5557 421 5629 De
442 5572 547 5629 quo
582 5569 744 5625 supra
770 5558 975 5605 narrat.
1002 5548 1092 5603 55.

227 5626 323 5697 (56)
352 5626 489 5697 Lego
517 5630 761 5695 ἐκόμισε.

232 5685 328 5765 (57)
388 5685 457 5753 De
511 5685 729 5766 Orpheo
782 5692 928 5763 leges
974 5690 1141 5766 multa
1192 5694 1389 5766 praeter
1419 5685 1531 5738 hate
1560 5688 1698 5766 apud

172 5758 369 5820 Pansa".
416 5772 464 5822 in
516 5758 732 5821 Βιὲοιὶε.
782 5758 859 5817 δι’
895 5761 1032 5830 apud
1088 5758 1448 5826 titythologos,
1485 5772 1548 5809 ac
1578 5759 1700 5809 Sui-

170 5836 291 5887 datu.

1891 5554 2004 5641 (58)
2037 5558 2208 5641 Quam
2244 5556 2308 5611 ad
2338 5556 2641 5628 (Thraciam
2680 5553 2922 5609 referunt
2960 5553 3175 5620 Strabo,
3208 5565 3261 5608 ct
3317 5570 3383 5607 ex

1812 5640 1876 5680 eo
1912 5633 2171 5696 Str-plum.

1884 5699 1997 5767 (59)
2041 5698 2223 5766 Virgil.
2260 5714 2311 5753 tv
2366 5698 2583 5766 Georg.;
2636 5695 2950 5766 Apollodor.
2999 5694 3093 5750 lib.
3154 5711 3169 5748 ι
3228 5694 3380 5759 init.;

1814 5767 1963 5821 Diod.
2003 5769 2194 5833 Sicul.,
2233 5770 2323 5821 lib.
2360 5784 2429 5820 tv.
