4038 6414
595 379 705 448 583

1756 370 2025 445 ΡΗΟΤΙΙ
2054 366 2566 439 PATRIARCHZE
2598 367 2705 427 (ΣΡ.

3764 359 3876 423 584

592 505 713 547 rem
742 486 981 545 divinam
1007 491 1400 554 comparatam,
1447 481 1631 554 ibique
1668 481 1819 552 orgia
1845 481 2169 541 celebraturi

2289 478 2419 539 irritat
2453 477 2865 548 ἁρπασάμεναι,
2915 475 3010 535 ὑπ’
3038 473 3208 546 ὀργῆς
3254 473 3353 544 τῆς
3389 469 3481 539 διὰ
3506 472 3607 543 τὴν
3634 474 3877 543 ἀτιμίαν

592 586 813 640 domum
852 576 1078 650 ingressi
1098 578 1164 632 ad
1194 585 1403 644 portam
1427 588 1579 631 arma
1607 574 1957 643 deponerent,
1993 572 2181 631 obser-

593 691 758 732 vasse
803 674 905 728 hoc
929 669 1210 737 mulieres,
1237 664 1614 735 correptisque
1653 665 1821 723 armis
1854 663 1963 719 illis
1987 678 2182 733 magna

594 766 681 821 ira
706 762 1086 827 inﬂammatas,
1111 758 1255 828 quod
1277 763 1776 814 contemnerentur.
1802 769 1924 806 cum
1952 764 2179 809 cmteros

594 857 673 913 ibi
706 855 1118 925 procumbentes
1166 848 1506 907 interfecisse
1533 888 1548 912 ,
1593 857 1703 905 tum
1741 844 1931 922 14οὺ
1963 844 2180 916 Orphea

594 953 773 1019 ipsum
820 946 1159 1003 membratim
1190 944 1507 1005 dissectum,
1545 941 1599 999 in
1644 954 1793 993 mare
1821 938 2019 1008 passim
2053 952 2181 1008 pro-

594 1044 814 1113 iecisse.
849 1038 1163 1096 Pestilentia
1198 1036 1390 1091 deinde
1417 1033 1693 1103 regionem
1732 1030 1878 1085 illam
1908 1040 2177 1099 vastante,

597 1152 665 1193 eo
689 1136 829 1205 quod
863 1135 930 1188 de
971 1130 1183 1186 feminis
1218 1128 1437 1185 minime
1483 1133 1755 1193 sumptum
1800 1133 1947 1189 esset
1976 1124 2179 1194 suppti-

598 1231 765 1292 cium,
812 1235 1066 1299 rogantes
1109 1222 1315 1279 incolas
1360 1220 1503 1275 lnctn
1538 1216 1753 1285 depelli,
1803 1232 2119 1286 responsum
2146 1230 2179 1283 e

604 1322 812 1393 tripode
861 1320 1145 1389 accepisse
1183 1334 1197 1370 :
1235 1313 1293 1369 Si
1328 1311 1526 1383 Orphei
1558 1308 1669 1381 (60)
1701 1320 1863 1380 caput
1904 1318 2179 1378 repertum

598 1415 750 1471 humi
779 1412 1093 1473 conderent,
1124 1408 1240 1463 fore
1273 1416 1334 1460 ut
1371 1408 1621 1478 contagio
1650 1404 1941 1467 desineret.
1982 1402 2061 1461 Ita
2090 1402 2179 1457 vix

596 1509 815 1569 tandem
866 1504 997 1559 illud
1026 1503 1094 1558 ad
1141 1502 1281 1557 ostia
1323 1499 1528 1554 Meletis
1570 1497 1809 1563 (luminis
1839 1510 1867 1548 a
1909 1494 2183 1565 piscatore

599 1601 833 1672 quodam
861 1612 980 1653 esse
1014 1595 1317 1655 inventum,
1342 1591 1504 1644 etiam
1532 1598 1658 1643 tunc
1685 1603 1908 1653 canens,
1938 1587 2182 1656 nihilque

599 1711 631 1753 a
690 1690 915 1747 marinis
974 1685 1229 1740 fluctibus
1282 1681 1677 1743 deformatum,
1724 1694 1823 1743 nec
1882 1679 2179 1748 quidquam

598 1804 788 1845 eorum
839 1799 1085 1855 passum,
1116 1794 1236 1851 qtue
1281 1774 1441 1831 solita
1475 1776 1584 1829 sint
1612 1788 1712 1843 per
1750 1772 1977 1827 mortale
2005 1770 2176 1827 fatum

2280 568 2407 634 τούς
2432 585 2491 629 τε
2508 567 2953 638 προσπίπτοντας
2981 565 3432 637 κατειργάσαντο,
3480 564 3576 629 καὶ
3610 564 3701 631 τὸν
3740 565 3877 635 Ὀρ-

2282 661 2389 729 φέα
2417 659 2560 713 κατὰ
2594 658 2731 729 μέλη
2756 657 2985 731 ἔρριψαν
3015 659 3095 722 εἰς
3123 657 3222 728 τὴν
3249 657 3526 710 Θάλασσαν
3567 654 3881 726 σποράδην.

2281 752 2470 825 Λοιμῷ
2497 752 2554 805 δὲ
2581 754 2681 822 τῆς
2716 750 2919 822 χώρας,
2974 751 3054 803 ὅτι
3087 750 3163 821 μὴ
3197 749 3559 822 ἀπῃτήθησαν
3610 750 3777 819 δίκην
3823 750 3882 802 αἱ

2280 848 2560 914 γυναῖκες,
2628 844 2996 915 κακουμένης,
3041 843 3287 914 δεόμενοι
3312 842 3881 913 λωφῆσαιτὺδεινὸν,

2282 938 2475 995 ἔλαϐον
2526 938 2795 1009 χρησμὸν,
2842 937 2942 1007 τὴν
2997 936 3242 1006 κεφαλὴν
3292 936 3394 1006 τὴν
3413 936 3460 971 ⁸⁸
3515 936 3767 1005 Ὀρφέως
3812 936 3883 990 ἂν

2282 1028 2608 1100 ἀνευρόντες
2666 1026 2901 1097 θάψωσι,
2958 1030 3141 1096 τυχεῖν
3174 1026 3517 1096 ἀπαλλαγῆς.
3553 1028 3665 1089 Καὶ
3716 1026 3885 1096 μόλις

2282 1122 2453 1191 αὐτὴν
2502 1121 2633 1192 περ)⁵
2686 1120 2785 1181 τὰς
2843 1120 3074 1185 ἐκϐολὰς
3138 1119 3233 1173 τοῦ
3276 1120 3526 1189 Μέλητος
3583 1120 3652 1177 δι’
3675 1119 3885 1183 ἁλιέως

2286 1210 2514 1282 ἀνεῦρον
2547 1212 2814 1281 ποταμοῦ,
2867 1212 2964 1269 καὶ
2999 1212 3123 1273 τότε
3170 1210 3426 1282 ᾄδουσαν,
3456 1209 3588 1281 [455
3617 1208 3714 1283 11.]
3789 1211 3887 1263 καὶ

2286 1304 2456 1377 μηδὲν
2494 1303 2777 1365 παθοῦσαν
2831 1304 2935 1358 ὑπὸ
2990 1304 3090 1374 τῆς
3145 1302 3444 1373 θαλάσσης,
3490 1302 3631 1373 μηδέ
3656 1320 3714 1355 τι
3750 1301 3887 1357 ἄλλο

2280 1398 2390 1453 τῶν
2416 1398 2517 1450 ὃσα
2546 1397 2716 1468 κῆρες
2765 1395 3105 1467 ἀνθρώπιναι
3152 1395 3361 1465 νεκρῶν
3390 1396 3555 1466 αἴσχη
3585 1394 3882 1464 φέρουσιν,

2282 1491 2399 1551 ἀλλ’
2455 1490 2881 1561 ἐπακμάζουσαν
2905 1489 3075 1561 αὐτὴν
3105 1490 3201 1547 καὶ
3229 1489 3413 1560 ζωῖκῴ
3443 1488 3536 1549 καὶ
3562 1487 3761 1541 τότε⁹⁰
3796 1487 3887 1552 αῖ-

2286 1601 2417 1655 ματι
2482 1583 2622 1655 μετὰ
2680 1583 2849 1638 πολὺν
2879 1584 3072 1654 χρόνον
3098 1581 3462 1637 ἐπανθοῦσαν.
3482 1579 3769 1641 Λαϐόντες
3790 1574 3887 1631 οὖν

2283 1677 2391 1730 ὑπὸ
2438 1678 2642 1747 σήματι
2698 1677 2920 1747 μεγάλῳ
2953 1676 3239 1741 θάπτουσι,
3269 1676 3499 1743 τέμενος
3527 1672 3684 1743 αὑτῷ
3719 1687 3887 1740 περιο

2282 1769 2578 1841 είρξαντες,
2609 1770 2638 1823 ὃ
2656 1771 2794 1833 τέως
2846 1770 2944 1840 μὲν
2966 1768 3145 1840 ἡρῷον
3167 1764 3258 1839 ἦν,
3302 1767 3527 1838 ὕστερον
3556 1767 3602 1821 δ’
3626 1765 3890 1832 ἐξενίκη-

598 1881 654 1936 in
687 1834 967 1934 hominum
996 1867 1352 1928 cadaveribus
1378 1863 1522 1921 foeda
1552 1862 1752 1918 exoriri
1784 1877 1799 1914 :
1830 1861 1929 1917 sed
1960 1860 2178 1930 elegans

2289 1834 2732 1933 usviepbvveivct'.
2752 1878 2767 1891 °
2800 1834 3021 1925 Quoia.th
3044 1834 3104 1914 τε
3129 1834 3240 1931 γάρ
3284 1861 3379 1913 καὶ
3422 1834 3569 1923 όσοις
3628 1858 3822 1921 ἄλλοις
3844 1859 3886 1889 ⁸⁸

597 1973 782 2043 potius
830 1968 1033 2038 ipsum,
1084 1959 1376 2026 nativoque
1422 1954 1685 2025 sanguine
1723 1953 1985 2007 imbutum
2028 1962 2181 2008 tanto

597 2042 723 2131 post
781 2066 1026 2124 tempore
1056 2049 1315 2120 viguisse.
1350 2044 1524 2116 Caput
1568 2057 1700 2110 ergo
1724 2042 1865 2098 istud
1903 2051 2182 2111 acceptum

2286 1952 2400 2007 θεοὶ
2421 1956 2708 2026 τιμῶνται,
2749 1955 3095 2026 γεραίρεται.
3130 1955 3287 2007 Ἔστι
3316 1954 3376 2007 δὲ
3408 1952 3628 2023 γυναιξὶ
3678 1967 3889 2005 παντε-

2287 2044 2395 2109 λῶς
2414 2045 2637 2111 ἄϐατον.

603 2153 812 2225 ingenti
865 2148 1073 2207 tumulo
1131 2143 1462 2205 mandasse,
1531 2147 2051 2207 monumentumque
2096 2138 2198 2207 ipsi
2238 2140 2517 2196 heroicum
2576 2144 2644 2203 ab
2690 2143 2847 2196 initio
2874 2140 3330 2205 circumdedisse,
3392 2139 3566 2194 donec
3616 2138 3675 2192 id
3737 2146 3893 2207 post-

603 2253 822 2308 modum
875 2241 1147 2307 obtinuit,
1205 2247 1263 2293 ut
1317 2250 1415 2308 pro
1465 2232 1650 2293 divino
1703 2231 1831 2286 fano
1885 2232 2197 2287 haberetur.
2262 2231 2559 2291 Sacriticiis
2608 2238 2777 2303 enim,
2835 2236 3063 2305 aliisque
3099 2237 3259 2291 rebus
3328 2236 3755 2305 quibuscuuqne
3812 2234 3885 2288 dii

605 2338 864 2403 honorari
887 2336 1086 2400 solent,
1117 2332 1278 2389 etiam
1310 2330 1426 2398 ipse
1447 2327 1664 2382 colitur.
1696 2324 1938 2379 Feminis
1966 2326 2183 2381 interim
2217 2328 2439 2384 omnino
2476 2330 2816 2385 inaccessum
2852 2330 3111 2400 templum
3147 2328 3277 2383 illud
3320 2337 3424 2382 est.

677 2428 1106 2502 Quadragesima
1142 2430 1336 2480 sexta:
1376 2421 1509 2474 Dum
1541 2416 1706 2486 Troja
1751 2426 2180 2487 expugnaretur,

606 2528 792 2584 emisit
846 2524 1097 2580 Priamus
1149 2518 1203 2572 in
1260 2512 1483 2584 Lydiam
1540 2510 1680 2567 duos
1726 2509 1974 2567 Hectoris
2017 2508 2181 2577 filios,

608 2620 879 2691 Oxynittm
909 2625 964 2672 et
993 2608 1413 2670 Scamandrum.
1446 2604 1615 2673 Capto
1634 2604 1765 2673 dein
1807 2601 1925 2668 Ilio,
1954 2601 2182 2667 mneas,

607 2710 862 2769 Anchisae
898 2721 961 2761 ac
994 2701 1221 2759 Veneris
1246 2698 1417 2763 ﬁlius,
1462 2696 1680 2753 Graecos
1745 2694 1980 2765 fugiens,
2035 2694 2184 2759 Idam

608 2808 789 2877 primo
812 2798 1039 2857 incoluit
1070 2815 1083 2851 :
1112 2796 1205 2851 sed
1235 2808 1357 2848 cum
1386 2789 1587 2846 reversi
1606 2804 1637 2843 e
1662 2787 1832 2858 Lydia
1862 2786 2107 2857 Oxynius
2129 2795 2186 2840 et

608 2896 945 2957 Scatttander
989 2889 1174 2945 oninia
1230 2887 1434 2940 circum
1484 2881 1643 2935 ilium
1679 2883 1797 2941 loca
1834 2893 1899 2934 ex
1960 2892 2182 2948 paterna

605 2984 1091 3049 veluthtreditate
1118 2979 1327 3041 relicta,
1356 2976 1459 3032 sibi
1488 2974 1827 3031 vindicarem
1856 2989 1871 3029 :
1906 2982 2185 3041 assumpto

608 3082 817 3140 :Eneas
855 3086 1010 3147 patre
1063 3072 1327 3134 Anchise,
1377 3079 1432 3124 et
1458 3075 1728 3136 quotquot
1773 3065 1944 3133 potuit
1994 3080 2029 3119 te
2061 3080 2189 3131 pro.

2368 2416 2436 2471 Ἠ
2490 2420 2588 2491 μς¹
2633 2421 2711 2486 ὡς
2764 2420 2966 2489 Τροίας
3019 2420 3394 2491 πορθουμένης
3423 2422 3469 2453 ⁸³
3524 2421 3891 2478 ὑπεκτίθεται

2286 2513 2536 2585 Πρίαμος
2584 2514 2665 2576 είς
2715 2512 2916 2567 Λυδίαν
2939 2512 3034 2566 δύο
3080 2514 3277 2576 παῖδας
3309 2514 3596 2584 Ἕκτορος,
3639 2515 3889 2581 Ὀξύνιον

2286 2607 2383 2660 καὶ
2436 2605 2808 2677 Σκάμανδρον.
2856 2606 3012 2661 Ἐπεὶ
3036 2605 3094 2660 δὲ
3123 2605 3185 2659 τό
3210 2607 3373 2659 Ἴλιον
3406 2606 3544 2677 ἥλω,
3596 2608 3833 2668 Αἰνείας
3861 2612 3889 2661 ὁ

2298 2697 2557 2767 Ἀγχίσου
2590 2700 2686 2750 καὶ
2724 2696 3067 2768 Ἀφροδίτης,
3110 2696 3389 2767 διαφυγὼν
3428 2699 3556 2760 τοὺς
3601 2698 3887 2768 Ἀχαιοὺς,

2284 2792 2344 2845 τὸ
2376 2792 2475 2862 μὲν
2501 2791 2719 2859 πρῶτον
2750 2789 2885 2861 ᾠκει
2906 2791 3006 2862 τὴν
3031 2790 3197 2861 Ἴδην·
3248 2791 3489 2857 Ὀξυνίου
3518 2790 3578 2844 δὲ
3610 2794 3711 2845 καὶ
3747 2793 3884 2847 Σκα-

2290 2879 2525 2947 μάνδρου
2542 2878 2950 2936 ἐπανελθόντων
2969 2880 3015 2912 ⁸⁸
3038 2881 3148 2934 ἀπὸ
3172 2880 3374 2945 Λυδίας
3396 2882 3493 2935 καὶ
3513 2881 3588 2944 ὡς
3610 2884 3889 2955 πατρῴας

2285 2970 2493 3041 λήξεως
2524 2973 3009 3042 μεταποιουμένων
3037 2971 3148 3026 τῶν
3202 2974 3331 3043 περὶ
3363 2973 3424 3024 τὸ
3463 2973 3630 3026 Ἴλιον
3675 2975 3886 3038 τόπων,

2292 3063 2577 3118 ἀναλαϐὼν
2617 3066 2878 3135 ’Λγχίσην
2942 3066 3034 3117 τὸν
3078 3068 3298 3139 πατέρα
3336 3067 3431 3119 καὶ
3472 3068 3636 3129 ὅσους
3663 3066 3889 3122 δύναιτο

610 3173 754 3244 fugis
782 3170 948 3225 solem
985 3181 1174 3221 versus
1199 3162 1466 3219 orientem
1503 3162 1614 3229 (Gl)
1645 3165 1711 3215 de
1736 3160 1966 3216 Veneris
1996 3162 2183 3217 matris

2292 3156 2400 3210 τῶν
2459 3174 2521 3209 συ
2531 3157 2851 3226 μφυγάδων,
2877 3157 3016 3227 πρὸς
3040 3156 3192 3227 ἥλιον
3221 3158 3511 3228 ἀνίσχοντα
3532 3157 3719 3228 ᾣχετο
3740 3158 3885 3213 κατὰ

612 3266 870 3323 mandato
896 3260 1143 3317 tetendit.
1168 3256 1420 3324 Trajecto
1454 3255 1619 3325 igitur
1644 3254 2013 3324 Hellesponto,
2040 3256 2189 3313 venit

611 3362 680 3415 ad
714 3361 918 3421 sinum,
950 3355 1042 3423 qui
1078 3352 1348 3407 Thermus
1367 3358 1453 3402 est
1485 3350 1820 3411 nominatus,
1864 3350 1953 3403 ubi
1984 3348 2189 3403 Anchi-

611 3468 709 3509 seu
744 3451 853 3504 vita
877 3448 1124 3502 functum
1160 3442 1371 3511 sepelit,
1392 3443 1615 3510 ipseque
1644 3440 1883 3495 oblatum
1915 3440 2189 3497 abincolis

615 3558 842 3609 regnum
872 3547 1112 3595 recusat.
1140 3535 1284 3590 Hinc
1322 3534 1374 3586 in
1399 3532 1724 3588 Brusiadem
1760 3532 1874 3604 (62)
1912 3534 2187 3603 regionem

613 3633 894 3705 profectus
919 3641 1024 3705 est,
1058 3630 1146 3684 ubi
1181 3628 1452 3691 clunibus,
1482 3627 1895 3696 quibuscunque
1925 3638 2186 3692 uteretur,

613 3727 891 3798 expetitus
926 3734 1218 3793 gratusque
1278 3719 1401 3784 fuit,
1437 3719 1508 3775 ob
1566 3734 1778 3778 morum
1836 3718 2095 3777 nimirum
2157 3733 2188 3775 a

613 3817 831 3875 Venere
880 3814 1110 3870 inditam
1165 3812 1513 3870 suavitatem.
1558 3810 1636 3867 lbi
1697 3811 1995 3881 mugiente,
2069 3825 2190 3879 quae

616 3911 792 3981 ipsum
826 3923 892 3961 ex
918 3906 1014 3961 lda
1070 3904 1419 3973 sequebatur,
1461 3903 1599 3959 bove
1659 3903 1765 3974 (sic
1815 3904 1959 3958 enim
2010 3901 2188 3957 Venus

618 4014 778 4057 antea
806 3997 1141 4061 mandarat),
1172 3993 1288 4062 ejus
1306 4009 1415 4049 orae
1444 3994 1728 4063 imperium
1747 3995 2075 4049 donantibus
2105 3995 2191 4049 in-

615 4094 753 4149 colis
797 4089 1060 4159 suscepit,
1097 4088 1401 4156 bovemque
1435 4087 1597 4140 matri
1641 4088 1918 4142 mactavit.
1964 4088 2045 4141 Ad
2076 4088 2191 4142 hac

618 4184 808 4239 urbem
863 4179 1125 4242 condidit,
1179 4192 1300 4245 quae
1365 4185 1492 4232 tunc
1541 4177 1763 4245 quidem
1819 4193 1848 4229 a
1908 4179 2190 4241 conditore

606 4274 938 4344 'Enea(65),
972 4282 1092 4342 post
1121 4268 1320 4324 inﬂexo
1351 4269 1598 4324 nonnihil
1636 4268 1856 4324 nomine
1880 4267 2187 4339 Ᾱεῖιιιιείϐι)

617 4373 780 4427 dicta.
812 4368 935 4422 llaec
967 4366 1128 4431 igitur
1152 4380 1257 4419 una
1301 4362 1561 4424 narratio,
1610 4372 1811 4431 praeter
1845 4363 1947 4415 alia
2000 4365 2187 4427 multa,

2300 3248 2619 3319 Ἀφροδίτης
2678 3248 2997 3319 ἐπίσκηψιν.
3052 3249 3257 3313 Διαϐὰς
3305 3246 3397 3303 οὖν
3447 3249 3575 3322 [254
3638 3250 3735 3323 Η.]
3792 3252 3885 3305 τὸν

2303 3341 2701 3411 Ἑλλήσποντον
2719 3381 2734 3406 ,
2767 3343 2863 3395 κα)⁸
2891 3342 3221 3410 ἀφικόμενος
3244 3342 3290 3374 ³⁵
3320 3344 3399 3405 είς
3428 3342 3646 3413 Θερμδν
3679 3343 3887 3397 καλού-

2291 3451 2451 3506 μενον
2499 3434 2742 3502 κόλπον,
2797 3434 3055 3506 Ἀγχίσην
3117 3436 3214 3505 μὲν
3265 3435 3606 3490 ἀποθανόντα
3656 3437 3885 3503 θάπτει,

2288 3526 2451 3589 αὐτὸς
2493 3526 2550 3579 δὲ
2586 3527 2695 3580 τῶν
2743 3527 3058 3598 ἐπιχωρίων
3094 3528 3370 3597 δεομένων
3389 3528 3530 3581 ὥστε
3569 3528 3886 3599 βασιλεύειν

2288 3620 2469 3671 αὐτῶν
2507 3620 2611 3673 οὐκ
2650 3620 2885 3686 ἐδέξατο.
2947 3617 3084 3675 Εἶτα
3138 3621 3219 3684 εἰς
3274 3621 3375 3691 τὴν
3414 3622 3723 3691 Βρουσιάδα
3782 3625 3886 3694 γῆν

2289 3712 2546 3784 ἐρχεται’
2579 3714 2715 3766 πᾶσι
2738 3715 2784 3765 δ’
2809 3708 2879 3783 ἦν
2916 3713 3201 3782 ἐφίμερος,
3252 3711 3334 3778 οἷς
3380 3716 3694 3783 ἐτυγχάνοι,
3741 3717 3886 3768 κατὰ

2291 3806 2450 3877 χάριν
2480 3805 2582 3875 τῆς
2614 3805 2952 3877 Ἀφροδίτης.
3014 3806 3275 3860 Ἐνταῦθα
3325 3808 3729 3877 μυκησαμένης
3784 3810 3885 3876 τῆς

2291 3897 2671 3969 συνεπομένης
2696 3898 2847 3969 αὐτῷ
2882 3899 3018 3968 οβοδς
3042 3899 3100 3965 ἐξ
3130 3900 3275 3969 Ἴδης
3318 3898 3498 3969 (τοῦτο
3522 3899 3633 3970 γὰρ
3682 3902 3883 3971 Ἀφροέ

2289 3992 2407 4063 δίτη
2436 3992 2737 4062 ἐπέσκηψε)
2771 3992 3039 4062 λαμϐάνει
3061 3993 3122 4047 τὸ
3150 3994 3348 4065 κράτος
3378 3995 3476 4066 τῆς
3494 3997 3596 4064 γῆς
3621 3996 3883 4051 διδόντων

2288 4085 2399 4137 τῶν
2450 4085 2780 4155 ἐπιχωρίων,
2838 4085 2933 4139 καὶ
2997 4088 3095 4156 τὴν
3126 4086 3252 4157 βοῦν
3275 4087 3393 4141 θύει
3436 4088 3755 4163 Ἀφροδίτῃ,
3787 4092 3884 4144 καὶ

2290 4175 2463 4240 κτίζει
2519 4177 2692 4242 πόλιν,
2725 4178 2758 4249 ἣ
2788 4177 2909 4231 τότε
2971 4178 3132 4248 μὲν⁹³
3156 4180 3339 4232 Λίνεια
3392 4180 3502 4233 ἀπὸ
3526 4181 3618 4234 τοῦ
3653 4184 3882 4237 κτίσαν-

2290 4285 2401 4335 τος,
2454 4270 2679 4339 ὕστερον
2705 4270 2761 4324 δὲ
2797 4272 3225 4342 παρενεγκόντος
3278 4272 3374 4326 τοῦ
3422 4274 3690 4344 ὀνόματος
3717 4274 3881 4339 Αἶνος

2291 4361 2516 4431 ἐκλήθη.
2574 4361 2748 4428 Λόγος
2786 4363 2884 4431 μὲν
2910 4362 3004 4415 οὖν
3026 4357 3107 4427 εἷς
3140 4357 3295 4427 οὗτος
3332 4365 3437 4419 ὑπὸ
3476 4364 3757 4437 Ἑλλήνων
3785 4370 3880 4421 ἐπὶ

617 4456 856 4512 refertur
882 4472 911 4507 a
939 4454 1165 4509 Grarcis.
1214 4452 1400 4505 Altera
1425 4462 1601 4506 tamen
1643 4452 1753 4515 illa,
1786 4467 1906 4521 quae
1928 4452 2183 4515 Romanae

2293 4452 2509 4516 πολλοῖς
2553 4453 2734 4515 ἄλλοις
2788 4453 3004 4521 λέγεται
3027 4470 3041 4485 ⁸
3074 4456 3103 4508 ό
3130 4455 3187 4507 δὲ
3213 4456 3276 4508 τὸ
3309 4456 3579 4526 Ῥωμαῖον
3612 4460 3775 4523 γένος
3799 4460 3881 4521 εἰς

616 4552 790 4621 gentis
827 4548 1089 4617 originem
1121 4546 1189 4601 ab
1212 4547 1330 4615 ipso
1364 4545 1583 4614 repetit,
1615 4553 1670 4597 et
1689 4543 1839 4597 Alba:
1854 4545 2183 4600 conditorem

2293 4550 2455 4603 αὑτὸν
2501 4550 2788 4621 ἀναφέρων
2830 4551 2924 4603 καὶ⁹
2970 4552 3215 4622 οἰκιστὴν
3265 4552 3435 4604 ποιῶν
3493 4552 3721 4616 Ἄλϐας,
3782 4556 3880 4606 καὶ

617 4641 772 4706 facit,
800 4638 967 4694 simul
988 4638 1148 4691 etiam
1173 4635 1475 4700 oraculum,
1496 4649 1598 4703 qua
1623 4634 1858 4688 incolere
1879 4635 2183 4701 jubebatur,

2290 4637 2352 4691 τὸ
2429 4642 2763 4710 χρηστήριον
2824 4638 2854 4691 ὂ
2883 4655 2890 4673 ο
2921 4642 3197 4693 κατοικεῖν
3270 4640 3573 4710 ἐπέτρεπεν
3605 4642 3656 4674 ’⁸
3723 4644 3879 4695 ὁπότ’

620 4733 711 4788 ubi
752 4733 865 4801 ipse
898 4745 1019 4783 cum
1073 4728 1237 4784 sociis
1265 4727 1440 4781 sacris
1487 4739 1769 4796 operatus,
1801 4743 2041 4782 mensam
2077 4729 2183 4802 (65]

2292 4731 2361 4785 ἂν
2387 4732 2548 4795 αὐτὸς
2595 4732 2713 4802 ἅμα
2742 4731 2851 4785 τῶν
2871 4733 2916 4765 ⁸⁷
2948 4734 3043 4786 σὺν
3068 4731 3217 4802 αὐτῷ
3244 4731 3411 4796 θύσας
3476 4732 3615 4801 μετὰ
3650 4733 3762 4787 τῶν
3790 4751 3877 4786 σι-

616 4842 834 4897 quoque
866 4825 1283 4893 absumpsisset,
1310 4822 1447 4887 haec,
1480 4823 1724 4893 inquam,
1764 4826 2008 4880 narratio
2038 4827 2183 4880 valde

2289 4823 2420 4877 τίων
2476 4826 2784 4894 καταφάγοι
2834 4825 3052 4889 καὶτὰς
3093 4823 3394 4897 τραπέζας,
3428 4822 3584 4890 οὗτος
3615 4829 3877 4897 κατημα-

612 4920 726 4989 jam
756 4920 885 4973 trita
912 4928 1016 4972 est.

2290 4917 2495 4984 ξευται.

1920 5052 2155 5109 VARUE
2196 5051 2493 5109 LECTION
2502 5054 2601 5109 ES.

688 5146 733 5179 ⁸⁹
766 5162 891 5211 κεφ.
949 5143 1043 5197 τοῦ
1079 5144 1140 5198 Ο.
1188 5143 1256 5214 ἢν
1291 5144 1384 5214 ἂνκ
1410 5144 1661 5211 εὑρόντες
1685 5163 1745 5207 ς.
1821 5146 1868 5178 ⁹⁰
1897 5148 1991 5200 καὶ
2029 5147 2151 5199 τότε
2185 5148 2307 5199 add.
2341 5148 2406 5199 A.
2480 5149 2523 5179 ⁰¹
2559 5146 2752 5207 ἄλλους
2803 5160 2912 5198 om.
2975 5160 3057 5210 pr.
3115 5145 3181 5199 A.
3266 5146 3310 5177 ”
3343 5146 3396 5199 ni
3458 5145 3595 5200 forte
3644 5146 3867 5212 πολιορο

552 5286 555 5287 ν
618 5216 894 5286 κουμένης
949 5215 1133 5288 malis;
1159 5212 1238 5288 cf.
1268 5229 1321 5288 ρ.
1362 5212 1436 5288 Β.
1466 5214 1593 5288 988,
1644 5216 1713 5288 45
1740 5225 1795 5270 et
1825 5215 1952 5283 989,
1985 5216 2078 5273 22.
2154 5218 2199 5250 ”
2224 5216 2490 5279 ἐλθόντων
2510 5218 2576 5271 Α.
2667 5215 3099 5286 θδάφικούμενος
3150 5234 3209 5280 ς’.
3287 5218 3333 5249 ³⁸
3359 5216 3454 5270 τοῦ
3508 5217 3608 5288 μὲν
3662 5234 3749 5271 κτ.
3801 5234 3865 5280 ς.

619 5289 665 5319 ⁸⁸
716 5283 927 5358 ἔπρεπε
953 5303 1013 5350 ς.
1089 5284 1133 5316 ⁸⁷
1168 5283 1303 5355 τῶν]
1368 5284 1447 5354 τῷ
1496 5285 1585 5338 A:
1631 5287 1741 5349 τοῖς
1787 5303 1850 5350 ς.

2093 5378 2324 5435 NOTAE.

2296 5473 2470 5541 ibique
2510 5472 2772 5538 sepultum
2822 5472 3104 5526 Anchisen.
3150 5471 3294 5541 Lege
3348 5471 3496 5541 Virg.
3546 5488 3606 5525 ιιι
3644 5470 3867 5525 dinei!!-

692 5540 1350 5623 ςθξγᾼνίςιχονταηοντοτο
1373 5540 2191 5623 geographici}promenduwan
2298 5544 2523 5623 init_._‘et_
2556 5540 3271 5623 ibin§ervimnncaatero§gue
3302 5540 3645 5623 interpretes.

688 5607 802 5683 (62)
837 5610 916 5683 An
934 5607 1287 5683 Erasisforte
1312 5607 1538 5683 ari—haec,
1556 5612 1644 5664 illa
1676 5607 2002 5668 Macedonia:
2025 5614 2192 5683 pars?
2360 5613 2476 5683 (64)
2507 5612 2583 5666 lta
2602 5612 2874 5683 Pliniusct
2897 5614 3086 5679 Pomp.
3113 5607 3271 5673 Mcla.
3300 5612 3394 5667 lib.
3423 5607 3482 5675 ti,
3506 5627 3625 5665 eam
3652 5626 3865 5680 quoque

623 5678 756 5737 Eam
785 5678 879 5751 ab
934 5678 1165 5734 Emathii
1198 5679 1308 5737 filio
1344 5680 1517 5736 Bruso
1553 5697 1747 5739 nomen
1789 5684 1987 5739 habere
2025 5678 2193 5740 'docet
2299 5678 2568 5751 appellant
2596 5700 2609 5736 :
2642 5692 2694 5735 et
2724 5682 2956 5738 Pausan.
2988 5683 3213 5737 Eliacis.
3237 5684 3366 5737 Aur.
3409 5684 3597 5738 Victor
3618 5678 3792 5739 etiam
3810 5684 3863 5736 in

622 5752 813 5819 Steph.
840 5750 1065 5820 Byzant.
1456 5820 1463 5821 ί
2303 5751 2453 5817 Orig.
2478 5764 2618 5821 gent.
2651 5751 2802 5806 Rom.

690 5821 803 5892 (65)
841 5821 995 5893 Apud
1021 5823 1211 5892 Steph.
1239 5823 1401 5879 etiam
1425 5820 1671 5882 Eneada
1710 5824 1911 5881 dictam
1943 5825 2191 5894 observo,
2375 5820 2491 5897 (65)
2513 5828 2645 5879 Aur.
2672 5822 2875 5894 Victor,
2894 5822 2968 5879 De
2996 5824 3130 5896 orig.
3149 5833 3289 5894 gent.
3318 5821 3470 5879 Rom.

694 5470 805 5541 (60)
840 5469 1065 5541 Lucian.
1098 5469 1357 5523 Adversus
1389 5470 1581 5524 indoct.
