3964 6452
637 413 738 476 587

1797 403 2065 466 ΡΗΟΤΙΙ
2101 402 2609 462 PATRIARCH/E
2649 402 2756 462 CP.

3739 411 3820 474 58%

639 527 691 580 in
725 522 978 595 puerulos
1010 522 1151 577 forte
1182 521 1392 588 incidit,
1427 527 1481 576 et
1533 519 1955 589 circumgressa,
1986 517 2208 586 vagien-

2324 516 2566 580 παιδίοις,
2595 533 2691 568 και
2728 515 3016 585 ἀμφιὸἅσα
3049 513 3597 587 κλαυθμυριζομένοις
3627 523 3710 576 καὶ
3740 533 3824 595 χεῖ.

640 619 806 682 tibus,
834 630 1134 684 manusque
1160 613 1504 668 tendentibus
1541 627 1806 666 mammas
1843 612 2092 680 prwbuit.
2125 611 2206 666 lta

638 706 712 759 liii
769 705 1056 758 alebantur
1086 703 1204 757 solo
1259 717 1360 757 suo
1407 717 1540 757 casu
1591 701 1962 769 indignantem
2025 699 2206 768 lupam

637 795 1065 866 compescentes.
1093 795 1206 849 Hoc
1236 794 1324 848 ubi
1358 794 1490 847 vidit
1540 792 1828 847 Faustulus
1883 801 2086 860 pastor,
2123 791 2209 845 di-

639 888 820 940 vinum
866 887 994 956 quid
1022 885 1190 940 latere
1235 897 1409 947 ratus,
1453 897 1650 954 pueros
1681 882 1838 946 tollit,
1869 891 1925 936 et
1969 897 2068 952 pro
2097 881 2210 936 suis

639 981 853 1033 educat.
889 978 1076 1046 Longo
1111 985 1227 1044 post
1250 985 1493 1045 tempore
1516 974 1568 1027 in
1600 989 1724 1028 eum
1751 973 1892 1028 forte
1921 973 2211 1028 Faustulus

641 1081 911 1133 pastorem
969 1069 1178 1131 incidit,
1233 1068 1324 1136 qui
1360 1074 1709 1136 exposuerat,
1763 1079 1929 1133 reque
1969 1065 2112 1119 omni
2146 1065 2212 1118 de

641 1160 824 1228 pueris
844 1160 1084 1225 cognita,
1124 1157 1439 1226 narratjam
1487 1155 1712 1220 adultis,
1746 1157 1898 1226 regio
1933 1156 2056 1210 illos
2087 1169 2210 1210 esse

638 1261 928 1306 stemmate
975 1258 1153 1315 natos,
1191 1249 1484 1316 Martisque
1532 1247 1794 1314 sobolem,
1830 1262 2058 1316 quaeque
2088 1261 2210 1300 cum

643 1343 824 1407 matri,
854 1352 964 1397 tum
991 1357 1092 1394 avo
1123 1352 1366 1394 materno
1417 1338 1750 1392 acciderant.
1803 1338 1976 1392 Erant
2025 1349 2206 1392 autem

641 1434 858 1502 egregia
891 1432 1084 1497 forma,
1114 1441 1169 1486 et
1214 1431 1457 1500 corporis
1500 1431 1693 1483 robore
1725 1430 1936 1494 invicti,
1989 1429 2216 1498 insigni-

645 1538 804 1594 taque
838 1524 1086 1577 audacia.
1125 1521 1409 1591 Extemplo
1451 1521 1616 1590 igitur
1647 1523 1920 1590 pugiones
1969 1531 2216 1586 arreptos

643 1617 884 1670 vestibus
932 1625 1140 1684 tegunt,
1200 1612 1505 1681 Albamque
1545 1614 1828 1664 accedunt.
1906 1609 2008 1664 Hic
2070 1612 2215 1678 quod

645 1707 1072 1774 inexspectatum
1123 1713 1271 1757 esset
1321 1719 1512 1757 eorum
1566 1702 1887 1771 inemptum,
1938 1703 2213 1754 Amulium

641 1798 761 1851 sine
786 1797 1029 1866 corporis
1066 1796 1381 1850 custodibus
1433 1795 1727 1864 reperiunt,
1763 1809 2060 1863 poenasque
2105 1793 2215 1847 exi-

642 1901 828 1963 gentes
860 1891 1005 1946 l'erro
1034 1891 1371 1955 confodiunt,
1401 1903 1456 1944 et
1487 1898 1713 1943 matrem
1740 1906 1770 1943 e
1812 1890 2055 1943 custodia
2084 1890 2215 1942 edn-

642 1995 790 2041 cunt.
812 1984 967 2040 Plebs
993 1999 1204 2052 quoque
1222 1982 1656 2052 dextrasjnngit,
1685 1992 2017 2053 regnantque
2045 1982 2215 2048 Albae,

632 2090 698 2133 et
726 2077 975 2131 ﬁnitimis
997 2077 1050 2129 in
1087 2077 1244 2130 locis.
1282 2076 1486 2143 Ingenti
1510 2075 1703 2128 deinde
1734 2075 2014 2128 hominum
2043 2073 2220 2126 multi-

648 2171 832 2224 tudine
857 2173 922 2223 ad
965 2185 1058 2223 eos
1089 2170 1418 2230 conﬂuente,
1476 2169 1663 2223 relicta
1717 2168 1873 2233 Alba,
1903 2167 2091 2221 urbem
2123 2182 2220 2220 no-

648 2279 766 2316 vam
801 2261 1090 2322 aediﬁcant,
1128 2259 1466 2328 llornamqne
1493 2259 1788 2328 appellant,
1827 2274 1945 2326 qua:
1972 2273 2134 2321 nunc,
2164 2264 2221 2310 nt

647 2354 726 2408 sic
759 2354 960 2417 dicam,
1002 2351 1315 2406 mortalium
1363 2360 1510 2405 tenet
1560 2350 1868 2418 imperium.
1921 2351 1976 2403 In
2029 2366 2216 2403 eorum

649 2462 840 2515 porro,
881 2462 999 2516 quae
1036 2457 1162 2500 tunc
1196 2446 1536 2508 acciderunt,
1585 2445 1744 2500 [idem
1807 2445 2114 2500 ostenditur
2167 2447 2219 2498 in

647 2541 899 2596 Romano
926 2540 1046 2594 foro
1091 2555 1245 2593 sacra
1301 2538 1612 2608 capriﬁcus,
1668 2538 1834 2593 :eneis
1879 2539 2043 2613 curiae
2094 2554 2222 2590 can-

649 2634 802 2688 cellis
829 2632 1188 2686 circumdata.
1233 2631 1528 2700 Tngttrimn
1567 2631 1691 2684 item
1738 2630 1789 2682 itt
1847 2627 1999 2682 Jovis
2025 2629 2222 2696 templo

651 2722 1052 2791 (argumentum
1087 2720 1232 2774 illius
1265 2720 1474 2774 vivendi
1511 2720 1722 2785 formae,
1743 2735 1907 2788 quam
1936 2719 2224 2776 Faustulus

654 2805 840 2881 tenuit)
867 2829 895 2864 c
934 2810 1240 2880 quisquiliis
1282 2820 1338 2865 et
1392 2811 1756 2865 tenerioribus
1795 2811 2043 2879 virgultis
2078 2821 2224 2865 stru-

651 2915 819 2968 ctum,
859 2914 1206 2956 conservant.

722 2994 1148 3064 Quadragesima
1183 3009 1319 3047 nona
1356 3012 1368 3047 :
1397 2993 1452 3047 ln
1489 2994 1713 3062 Anaphe
1739 2995 1855 3063 ('71)
1877 2993 2074 3058 insula,
2105 3009 2226 3064 qua:

649 3103 812 3156 supra
845 3085 1079 3139 Theram
1104 3086 1247 3152 jacet
1288 3102 1392 3139 non
1420 3085 1604 3155 procul
1632 3083 2041 3150 Lacedaemone,
2089 3097 2228 3139 tem-

2315 629 2416 681 ρας
2460 611 2712 680 ὀρέγουσι
2755 612 2984 680 παρεῖχε
3034 609 3136 671 τὰς
3171 610 3372 677 θηλάςο
3419 611 3485 663 τά
3526 610 3573 663 δ’
3616 616 3826 685 ἐτρέφετο

2295 705 2691 776 ¹βαρυνομένην
2722 703 3076 756 ἀνα-παύοντα
3105 704 3169 755 ὲκ
3195 705 3295 772 τῆς
3333 705 3617 773 συντυχίας
3644 709 3826 784 siqvid.

2297 803 2426 850 λκον.
2463 795 2760 858 Φαιστύλος
2801 794 2858 847 δέ
2905 811 2988 857 τις
3029 793 3361 863 ποιμαίνων⁹
3415 793 3570 847 τοῦτο
3614 797 3720 850 ἰδὼν
3755 807 3828 855 καὶ

2311 887 2454 941 θεῖον
2481 887 2711 956 νομίσας
2733 927 2748 950 ,
2780 882 3225 953 ἀναλαμϐάνεται
3252 884 3342 935 καὶ
3366 882 3441 946 ὡς
3471 885 3650 938 ἑαυτοῦ
3680 889 3827 957 τρέφει

2309 980 2380 1034 τά
2415 980 2622 1034 παιδία.
2654 978 2847 1049 Χρόνῳ
2874 975 2920 1028 δ’
2956 974 3184 1046 ὕστερον
3211 975 3591 1045 περιτυγχάνει
3617 978 3686 1047 τῷ
3708 982 3828 1035 ἐκθε.

2316 1073 2464 1145 μένῳ
2503 1071 2722 1141 ποιμένι
2745 1112 2759 1135 ,
2799 1070 2894 1124 καὶ
2945 1069 3162 1123 ἅπαντα
3200 1070 3330 1138 παρ’
3385 1068 3546 1120 αὑτοῦ
3593 1070 3755 1138 μαθὼν
3779 1076 3830 1128 τὰ

2312 1165 2438 1236 περὶ
2472 1164 2579 1218 τῶν
2611 1162 2839 1224 παίδων,
2876 1160 3211 1231 ἀπαγγέλλει
3245 1159 3456 1222 τούτοις
3487 1160 3728 1229 ἠϐήσασιν
3753 1166 3827 1236 ἤδη

2310 1258 2386 1319 ὡς
2433 1255 2624 1324 εἴησαν
2661 1253 2933 1323 βασιλείου
2975 1269 3037 1306 τε
3087 1252 3279 1321 γένους
3315 1253 3412 1304 καὶ
3446 1253 3646 1322 Ἀρεως
3682 1260 3827 1322 γοναὶ,

2314 1349 2407 1400 καὶ
2459 1347 2620 1416 ὅσαή
2662 1346 2844 1416 μήτηρ
2891 1346 2990 1400 καὶ
3027 1347 3056 1398 ό
3092 1344 3466 1414 μητροπάτωρ
3511 1344 3679 1399 πάθοι.
3707 1348 3759 1398 Οί
3790 1350 3831 1400 δὲ

2317 1441 2521 1510 (ἡστην
2557 1439 2665 1510 γὰρ
2707 1440 2750 1471 ⁸⁸
2782 1439 2936 1493 καλοί
2970 1456 3030 1511 τε
3061 1439 3180 1508 ὄψει
3217 1439 3311 1491 καί
3349 1437 3537 1507 ῥώμην
3563 1439 3738 1508 ᾰμᾳχοι
3762 1441 3831 1492 καὶ

2314 1533 2489 1605 τόλμῃ
2516 1531 2788 1602 γενναῖοι)
2838 1531 3036 1586 αὐτίκα
3083 1530 3388 1600 ἐγχειρίδια
3417 1530 3770 1600 ἀναλαϐόμενοι
3801 1533 3830 1562 “

2316 1624 2413 1676 καὶ
2449 1623 2758 1694 κρύψαντες
2787 1624 2880 1675 ἐπὶ
2913 1623 3012 1693 τὴν
3051 1621 3256 1674 ’Λλὸαν
3284 1619 3544 1690 ἐχώρουν,
3584 1623 3667 1674 καὶ
3692 1623 3834 1674 Emta-

2317 1717 2506 1788 χὸντες
2547 1715 2785 1786 Ἀμολίῳ
2808 1716 2852 1746 ¹¹
2881 1714 2970 1768 διὰ
2996 1714 3056 1766 τὸ
3085 1713 3495 1783 ἀπροσδόκητον
3531 1714 3622 1779 τῆς
3664 1714 3833 1766 ἐπιϐου-

2318 1807 2418 1874 λῆς
2448 1806 2746 1876 ἀφυλάκτῳ
2776 1805 3040 1872 ἐπάγουσι
3087 1802 3186 1871 τὴν
3217 1802 3509 1871 τιμωρίαν,
3556 1802 3738 1870 ξίφεσιν
3762 1807 3832 1856 ἀν-

2319 1899 2532 1960 ελόντες
2553 1937 2568 1962 ,
2599 1898 2696 1951 καὶ
2733 1898 2832 1967 τὴν
2877 1895 3088 1966 μητέρα
3117 1892 3306 1946 λύουσι
3333 1891 3444 1944 τῶν
3469 1892 3689 1959 δεσμῶν,
3717 1896 3765 1946 τό
3789 1913 3828 1946 τε

2321 1989 2525 2060 πλῆθος
2568 1988 2872 2055 δεξιοῦνται
2898 1989 2971 2051 ¹³,
3010 1988 3105 2040 καὶ
3141 1985 3518 2055 βασιλεύουσιν
3552 1984 3732 2047 Ἀλσας
3765 1990 3833 2038 καὶ

2320 2081 2431 2134 τῶν
2461 2082 2591 2151 περὶ
2618 2081 2807 2151 αὑτήν.
2833 2079 3036 2132 Πολλοῦ
3063 2079 3119 2131 δὲ
3141 2079 3325 2140 αὐτοῖς
3351 2078 3782 2148 προσερῤυηκότος
3804 2080 3833 2110 ’⁸

2320 2172 2564 2241 πλήθους
2596 2171 2963 2241 μεταστάντες
2995 2168 3201 2231 ’Ἄλϐας
3233 2169 3480 2233 κτίζουσι
3523 2169 3691 2231 πόλιν,
3735 2167 3834 2220 Ῥώ-

2326 2280 2434 2331 μην
2476 2263 2916 2332 ἐπονομάσαντες
2938 2304 2953 2325 ,
2989 2263 3022 2330 ἢ
3058 2261 3154 2313 νῦν
3191 2260 3265 2324 ὡς
3302 2263 3480 2312 εἰπεῖν
3507 2260 3566 2312 τὸ
3593 2258 3834 2329 ἀνθρώπων

2323 2356 2438 2426 ἔχει
2461 2355 2682 2426 κράτος.
2717 2354 3002 2406 Δείκνυται
3025 2353 3084 2406 δὲ
3113 2352 3392 2423 μαρτυρία
3417 2353 3459 2383 ³⁸
3482 2350 3583 2404 τῶν
3601 2351 3704 2403 τότε
3726 2369 3836 2420 παρα

2335 2450 2624 2518 Ῥωμαίοις
2653 2447 2746 2500 ἐπὶ
2777 2447 2876 2515 τῆς
2907 2447 3115 2516 ἀγορᾶς
3141 2445 3353 2516 ἐρινεὸς
3385 2445 3523 2515 ἱερὰ,
3549 2443 3635 2497 τοῦ
3668 2445 3836 2511 βουλευ-

2322 2541 2514 2608 τηρίου
2541 2540 2782 2606 κιγκλίσι
2813 2540 3041 2609 χαλκαῖς
3069 2537 3502 2608 περιειργομένη
3523 2579 3536 2598 ,
3567 2536 3653 2588 καὶ
3677 2538 3837 2605 καλύϐη

2323 2649 2407 2695 τις
2457 2635 2514 2685 ἐν
2553 2631 2630 2701 τῷ
2669 2631 2760 2684 τού
2801 2631 2922 2696 Διὸς
2959 2631 3090 2703 ίερῷ
3128 2630 3424 2702 γνώρισμα
3471 2629 3564 2697 τῆς
3599 2630 3837 2682 Φαιστύλου

2324 2723 2537 2791 διαίτης
2562 2725 2626 2786 ¹⁶,
2663 2726 2727 2794 ἢν
2767 2725 2830 2776 ὲκ
2862 2722 3114 2792 φορυτῶν
3144 2723 3240 2775 καὶ
3274 2722 3417 2775 νέων
3457 2719 3722 2792 φρυγάνων
3746 2737 3837 2773 συν-

2327 2817 2583 2882 ιστὼντες
2612 2816 2992 2882 διασώζουσιν.

2410 2995 2476 3046 Ἥ
2519 2995 2628 3065 μθ’,
2656 2995 2733 3058 ὡς
2778 2996 2838 3048 ἐν
2907 2994 3115 3067 Ἀνάφῃ
3152 2996 3218 3065 τῇ
3271 2995 3426 3064 νήσῳ
3457 2992 3620 3064 (αὕτη
3655 2993 3692 3047 δ’
3730 2993 3840 3045 ἐστίν

2331 3087 2473 3157 ὑπὲρ
2520 3091 2684 3156 νήσου
2728 3087 2942 3158 Θήρας,
2981 3087 3078 3156 οὐχ
3109 3088 3243 3150 ἑκὰς
3279 3087 3384 3156 τῆς
3426 3087 3838 3154 Λακεδαιμονίων)

653 3180 800 3246 plum
846 3188 965 3232 erat
1011 3179 1250 3247 Apollini
1305 3177 1535 3245 IEgleta:
1583 3193 1799 3233 saerum
1865 3178 2003 3249 (79.),
2037 3178 2091 3232 in
2119 3194 2222 3250 quo

2334 3179 2476 3250 ἱερὸν
2546 3179 2880 3242 ’Λπόλλωνος
2942 3180 3203 3247 αἱγλήτου
3276 3179 3519 3249 ἵδρυται,
3572 3183 3625 3232 ὲν
3675 3171 3713 3245 ᾧ
3773 3181 3841 3230 σὺν

653 3271 1039 3325 sacriﬁcabant
1103 3271 1335 3324 insulani
1383 3286 1506 3324 cum
1569 3271 1843 3331 irrisione.
1881 3271 1973 3324 tali
2006 3272 2122 3325 fere
2158 3273 2227 3326 de

655 3381 817 3419 causa
850 3381 862 3416 :
890 3363 1173 3426 Jasonem,
1222 3379 1251 3416 e
1281 3363 1542 3416 Colchide
1573 3371 1723 3430 rapta
1780 3360 1967 3416 Medea
2007 3363 2225 3416 domum

659 3459 997 3516 redeuntem,
1036 3455 1208 3506 Valitla
1238 3454 1510 3523 oppressit
1539 3462 1855 3521 tempestas,
1891 3467 2062 3521 reque
2079 3451 2228 3506 omni

655 3553 961 3618 desperata,
991 3547 1176 3615 Argivi
1222 3546 1274 3598 in
1329 3548 1452 3598 navi
1482 3546 1546 3597 ad
1597 3558 1786 3613 preces
1839 3555 2070 3613 votaque
2094 3559 2230 3598 con-

644 3641 894 3711 ol'ugiu-ut.
924 3638 1116 3707 Apollo
1148 3637 1315 3705 igitur
1355 3653 1540 3690 arcum
1573 3637 1704 3704 ipsis
1735 3637 2062 3702 obtendens,
2088 3640 2229 3693 mala

647 3734 837 3787 .omnia
866 3729 1080 3786 avertit.
1102 3739 1156 3782 et
1178 3727 1390 3795 fulgure
1413 3744 1444 3781 e
1471 3727 1610 3781 caelo
1627 3739 1968 3796 erumpente,
1997 3729 2227 3782 insulam

652 3825 838 3878 subito
859 3831 1006 3876 terra
1047 3835 1113 3876 ex
1146 3817 1259 3872 imo
1295 3819 1464 3872 maris
1503 3819 1717 3886 gurgite
1739 3820 1944 3884 emisit,
1987 3820 2228 3888 inquam

659 3915 994 3976 desilientes,
1018 3912 1162 3981 quod
1200 3912 1432 3979 primum
1473 3925 1592 3964 eam
1623 3912 1706 3965 sol
1739 3921 1871 3966 tunc
1903 3911 2228 3980 aspexisset,

660 4006 920 4075 Anaphen
947 4006 1014 4058 ab
1035 4014 1233 4058 eventu
1261 4003 1633 4068 nominarunt,
1658 4015 1714 4057 et
1743 4011 1995 4072 tanquam
2020 4019 2229 4058 sacram

658 4096 825 4149 aedem
843 4092 1078 4163 Apollini
1119 4089 1346 4159 Egletm
1373 4099 1705 4155 Statuerunt,
1749 4089 2055 4158 festumque
2086 4093 2228 4145 diem

651 4187 836 4241 .lnlare
853 4193 1096 4254 egerunt
1125 4199 1248 4237 cum
1275 4182 1473 4250 epulis,
1500 4198 1568 4236 eo
1593 4183 1737 4251 quod
1768 4182 2085 4237 incredibile
2108 4182 2234 4236 etfu-

653 4280 868 4346 gissent
912 4275 1132 4329 malum.
1185 4273 1370 4328 Medea
1425 4275 1650 4328 interim
1701 4289 1825 4328 cum
1853 4275 1968 4327 suis
1994 4275 2228 4338 ancillis,

663 4383 802 4437 quas
861 4368 925 4421 ad
991 4376 1302 4421 contractas
1353 4364 1551 4436 142a
1602 4380 1725 4419 cum
1770 4362 1969 4418 Jasone
2017 4367 2232 4431 nuptias

663 4461 806 4513 dono
841 4455 950 4528 (75)
978 4465 1284 4526 acceperat,
1318 4467 1440 4524 post
1465 4454 1570 4508 vini
1605 4463 1789 4522 potum
1825 4453 2034 4518 ludens,
2057 4467 2234 4507 scont-

2328 3270 2602 3341 τωθασμῴ
2655 3271 2704 3323 oi
2749 3270 3034 3340 ἐπιχώριοι
3081 3271 3270 3323 Θύουσι
3299 3273 3373 3324 δι’
3407 3272 3580 3323 αίτίαν
3610 3270 3839 3338 τοιαύτην·

2329 3363 2460 3415 Ὅτε
2507 3362 2698 3415 Ἰάσων
2744 3363 2809 3414 ἐκ
2854 3362 3078 3431 Κόλχων
3135 3361 3386 3432 Μήδειαν
3427 3361 3666 3431 ἁρπάσας
3711 3357 3841 3412 οἴκαδ’

2331 3453 2502 3517 ἔπλει,
2530 3451 2736 3522 χειμὼν
2765 3453 2961 3514 αὐτοὺς
2983 3452 3191 3520 άφατος
3220 3454 3478 3523 περιέσχε
3508 3453 3597 3505 καὶ
3623 3449 3843 3519 ἀμηχανία

2331 3546 2517 3596 πᾶσαο
2555 3543 2864 3613 εὐχομένων
2898 3543 2957 3596 δὲ
3016 3544 3110 3596 καὶ
3162 3543 3339 3596 πολλὰ
3371 3545 3481 3596 τῶν
3520 3545 3576 3595 ἐν
3599 3545 3657 3612 τῇ
3705 3542 3844 3610 Ἀργιῖ

2328 3636 2622 3703 δεομένων,
2667 3637 2964 3698 Ἀπόλλων,
2996 3636 3150 3702 τόξον
3174 3637 3358 3688 αὐτῶν
3405 3634 3773 3706 ὑπερανασχὼν,
3797 3632 3844 3683 τὰ

2329 3729 2480 3780 δεινά
2524 3727 2766 3781 διέλυσεν
2823 3726 3062 3790 ἅπαντα,
3128 3725 3253 3798 [457
3299 3727 3396 3798 IL]
3455 3729 3545 3780 καὶ
3582 3725 3769 3787 σέλατος
3803 3724 3843 3787 ἐξ

2331 3819 2560 3889 ούρανοῦ
2615 3819 2944 3882 διαῖσσοντος
3002 3819 3182 3888 νῆσον.
3216 3820 3447 3889 ἀνέσχεν
3496 3821 3527 3889 ἡ
3585 3819 3650 3885 γῆ
3691 3821 3743 3870 ὲκ
3778 3814 3841 3865 τοῦ

2335 3911 2518 3982 βυθοῦ»
2548 3912 2630 3975 εἰς
2662 3912 2729 3982 ἦν
2756 3912 3138 3982 ὁρμισάμενοι,
3175 3911 3249 3975 ὡς
3284 3915 3504 3982 πρῶτον
3531 3910 3759 3979 ὀφθεῖσαν
3779 3908 3843 3974 ὑφ’

2333 4005 2485 4076 ἡλίου
2532 4005 2675 4067 τότε,
2733 4004 2971 4074 Ἀνάφην
3009 4004 3117 4056 άπὸ
3163 4005 3262 4074 τῆς
3295 4005 3585 4074 συντυχίας
3619 4003 3844 4060 ἐκάλεσαν,

2334 4095 2431 4148 καὶ
2474 4095 2619 4162 ίερδν
2649 4095 2692 4126 ¹⁷
2738 4094 3074 4156 Ἀπόλλωνος
3126 4095 3396 4164 Δίγλήτου
3460 4095 3748 4166 ἱδρύσαντο,
3780 4094 3846 4141 καὶ

2335 4186 2689 4255 εὐφραίνοντο
2719 4185 2818 4254 τῆς
2858 4184 3188 4237 ἀνελπίστου
3215 4185 3326 4238 τῶν
3371 4187 3556 4239 κακῶν
3590 4183 3847 4248 ἀπαλλαγῆς

2337 4280 2430 4331 καὶ
2456 4279 2499 4310 ¹⁸
2530 4279 2646 4340 ταῖς
2673 4277 2860 4338 ἄλλαις
2882 4276 3154 4346 εὐωχίαις.
3178 4278 3394 4348 Μήδεια
3423 4279 3479 4330 δὲ
3507 4279 3598 4330 σὺν
3617 4278 3722 4338 ταῖς
3745 4271 3844 4342 ἀμφ’

2337 4369 2505 4440 αὐτὴν
2532 4369 2798 4438 γυναιξὶν,
2841 4369 2897 4422 αἳ
2921 4370 3095 4438 δῶρον
3123 4365 3265 4440 ἦσαν
3293 4371 3490 4440 γάμων
3513 4369 3615 4422 τῶν
3651 4367 3845 4424 Ἰάσονος,

2338 4460 2630 4524 παίζουσαι
2663 4461 2801 4530 μετὰ
2837 4459 3008 4530 μέθην
3055 4459 3338 4513 ἔσκωπτον
3365 4462 3492 4523 τοὺς
3531 4460 3701 4530 ἥρωας
3734 4456 3778 4507 ὲν

670 4553 828 4606 matis
874 4550 1071 4604 heroas
1107 4548 1386 4617 pervigtlio
1415 4545 1744 4614 excipiebat.
1795 4544 1873 4598 llli
1921 4559 2051 4597 vero
2099 4559 2222 4596 cnn-

2339 4551 2660 4620 παννυχίδιο
2709 4553 2758 4603 οἱ
2805 4550 2864 4602 δὲ
2912 4550 3287 4615 ἁντετώθαςον
3339 4553 3440 4615 τὰς
3472 4555 3731 4618 γυναῖκας.
3778 4544 3850 4598 Ἐκ

666 4645 804 4697 vicia
835 4641 1076 4694 vicissim
1133 4639 1450 4692 mulieribus
1506 4637 1850 4707 regerebanl.
1904 4635 2056 4689 Unde
2110 4645 2236 4687 nata

664 4733 1021 4796 consuetudo,
1081 4742 1140 4785 ut
1204 4731 1440 4785 insu'ani
1488 4730 1576 4785 isti
1621 4729 1888 4800 (habitata
1933 4727 2077 4780 enim
2120 4733 2240 4793 post

660 4826 889 4894 Anaphe
915 4825 1024 4892 est)
1064 4823 1441 4877 anniversario
1473 4821 1582 4875 ritu
1621 4819 1858 4889 Apollini
1904 4817 2243 4885 Egletaain-

669 4919 840 4971 vicem
866 4915 1260 4979 conviciantes,
1296 4915 1491 4968 festum
1517 4915 1659 4969 diem
1685 4913 1750 4965 ad
1792 4912 2006 4968 illorum
2057 4911 2239 4964 inlita-

669 5011 868 5063 tionem
890 5006 1246 5062 celebrarent.

2342 4643 2535 4696 τούτου
2561 4641 2850 4711 τοιγαροῦν
2876 4642 2970 4694 καὶ
2999 4643 3288 4711 ’Δνάιρηςίθ
3306 4642 3436 4714 [9.56
3462 4642 3548 4714 ll.]
3567 4645 3593 4695 ὁ
3612 4621 3726 4701 λαὸς
3740 4636 3849 4705 (ᾠκί-

2340 4735 2447 4804 σθη
2486 4735 2655 4803 γάρή
2689 4736 2870 4803 νῆσος)
2912 4733 3016 4786 ἀνὰ
3051 4735 3158 4786 πᾶν
3193 4735 3312 4798 ἔτος
3355 4735 3642 4788 Ἀπόλλωνι
3672 4729 3849 4798 αἰγλήτῃ

2345 4822 2741 4893 κερτομοῡντες
2768 4819 3050 4891 ἀλλήλους,
3068 4822 3260 4892 ἑορτὴν
3283 4823 3329 4853 ’⁸
3361 4824 3498 4877 κατὰ
3523 4825 3725 4893 μίμησιν
3743 4817 3848 4868 ἐκεί-

2345 4933 2452 4968 νων
2480 4915 2725 4982 ἄγουσιν.

1968 5141 2202 5198 νΑιιιᾹ]
2237 5141 2530 5198 LECTION
2538 5142 2642 5198 ES.

740 5245 760 5276 9
788 5243 1060 5312 ποιμένων
1089 5243 1133 5293 Α
1168 5259 1182 5293 :
1219 5239 1330 5312 τῶν
1381 5237 1653 5312 ποιμένων
1690 5253 1749 5300 ς.

670 5307 1069 5382 λαμϐανόμενοι
1092 5313 1158 5365 Λ.
1225 5311 1278 5382 γ¹ᾲ²
1301 5311 1375 5382 ἑἈ
1391 5309 1592 5382 nouum

673 5379 779 5453 πρὸ
838 5379 931 5435 τού
972 5382 1118 5451 βουλ.
1220 5379 1679 5453 ¹ν⁶λδιαξίξοντος-Α.

672 5448 777 5522 leg.
811 5448 1160 5520 Ἀναφάίωνῖ
1233 5451 1278 5481 ²⁰
1312 5452 1428 5502 ἀλλ.
1460 5451 1553 5502 καὶ
1587 5448 1778 5518 ἑορτὴν
1812 5465 1872 5509 ς.

1852 5237 1894 5267 ιο
1934 5237 2041 5305 γὰρ

1772 5307 1813 5337 ¹³
1842 5306 2105 5359 δεεοοῦσαι
2145 5323 2184 5351 (-

1872 5343 1949 5370 -.,,
2027 5341 2043 5357 .
2154 5346 2205 5368 ο.

2091 5237 2215 5289 add.
2269 5237 2309 5288 Λ
2348 5253 2361 5289 :
2407 5237 2566 5289 idem.
2608 5252 2719 5290 om.
2756 5254 2834 5290 τε.

2283 5309 2326 5336 ³³
2365 5306 2728 5374 προσρυέντος
2762 5325 2821 5370 ς.

1758 5377 1798 5407 ¹⁷
1831 5371 1923 5429 καὶ
1959 5377 2034 5440 ὡς
2076 5376 2216 5443 ἱερὴν
2248 5393 2307 5440 ς.

2914 5237 2954 5268 ¹¹
2990 5237 3193 5307 τόλμαν
3226 5251 3373 5307 γενν.
3407 5234 3500 5307 καί
3527 5231 3638 5285 αὐτ.
3678 5244 3727 5307 ς.
3757 5223 3853 5307 ἀνιῇ

2927 5308 2969 5339 ¹⁸
3012 5305 3284 5376 μαρτύρια
3320 5305 3556 5374 iieynius
3586 5319 3608 5376 :_
3637 5305 3726 5376 qui.
3762 5306 3852 5344 mox

2387 5366 2428 5406 ‘5‘
2466 5366 2595 5446 καί]
2628 5366 2838 5440 θυσίαις
2876 5377 2971 5430 καὶ
3011 5366 3270 5447 Heynius.
3378 5366 3679 5441 1ἓῖἀναιρέως
3703 5366 3754 5417 Α·
3805 5376 3853 5411 ειη

2223 5561 2451 5617 NOTAE.

735 5647 848 5750 (Ἠ)
873 5682 944 5734 De
959 5695 1060 5748 qua
1079 5679 1266 5750 Steph.
1288 5677 1509 5748 Byzant.
1527 5675 1716 5729 Totam
1736 5691 1899 5750 porro
1916 5673 2148 5750 fabulam
2163 5673 2240 5725 le-

672 5747 766 5822 ges
787 5747 1121 5822 apud_Apoll.
1155 5747 1417 5822 Rhodum:
1456 5761 1698 5822 extremo
1734 5747 1828 5798 lib.
1868 5760 1923 5822 tv_
1948 5748 2243 5822 argutiam.

738 5814 850 5883 ΗΞ)
888 5814 1095 5891 Αἶθίωο
1125 5820 1309 5876 scribit
1340 5818 1588 5886 Apollod.
1625 5818 1718 5870 illi.
1755 5831 1795 5884 t,
1837 5815 1926 5884 qui
1955 5816 2047 5868 tibi
2085 5814 2256 5882 lt-gt'tt-

2353 5675 2660 5814 dui7ll’ilfitb
2691 5745 2852 5802 Arele
2877 5745 3084 5801 Alcinoi
3117 5745 3519 5814 Phaeacensium
3550 5739 3679 5814 regis
3710 5741 3853 5789 uxore,

2363 5810 2645 5871 duodecim
2680 5831 2926 5883 numero,
2968 5826 3031 5871 ut
3069 5826 3256 5872 narrat
3299 5812 3542 5889 Apollod.
3573 5810 3654 5865 lib.
3684 5821 3720 5859 ι.
