4038 6472
247 389 348 453 589

1280 392 1805 457 BIBLIOTHECA.
1837 423 1905 434 --
1929 396 2094 459 COD.
2134 398 2482 460 CLXXXVI.

3393 402 3496 466 590

329 499 393 552 Ἦ
416 498 460 552 ν’
487 499 562 562 ὡς
595 498 940 569 Ἀλέξανδρον
967 499 1057 552 τὸν
1087 499 1348 570 τύραννον
1369 504 1519 572 Θήϐη
1545 507 1758 576 ἀναιρεῖ
1780 507 1814 576 ἡ

1986 506 2440 578 Quinquagesima
2459 507 2727 561 narratio:
2750 505 3056 561 Alexander
3086 507 3196 578 (7i)
3233 515 3495 580 tyrannus

245 591 408 644 αὐτοῦ
448 593 608 660 γυνή.
640 590 788 660 Αὕτη
820 590 866 644 δ’
910 585 976 661 ἦν
1026 589 1256 656 Ἰάσονος
1289 594 1388 664 μὲν
1427 594 1690 665 θυγάτηρ,
1724 596 1816 648 τοῦ

246 681 372 734 ποτε
419 680 720 743 Θεσσαλίας
747 682 790 711 ’³
833 681 1273 751 τυραννήσαντος
1294 721 1308 744 ,
1338 683 1596 752 ἀδελφοὺς
1615 684 1660 737 δ’
1705 682 1818 754 εἶχε

245 773 420 843 τρεῖς,
454 771 748 841 Τισίφονον
780 772 875 824 καὶ
923 772 1249 841 Λυκόφρονα
1286 772 1381 826 καὶ
1425 775 1702 829 Πυθόλαοι
1737 781 1816 809 "-

243 866 572 935 ὁμομήτριοι
602 864 650 918 δ’
678 860 838 935 ἦσαν,
875 865 1058 935 πατὴρ
1093 865 1137 918 δ’
1172 866 1352 919 αὐτῶν
1384 867 1636 938 Εὐάλκης
1654 869 1699 902 ³³
1729 865 1818 938 ἧν.

243 955 480 1017 Τούτους
522 955 876 1026 Ἀλέξανδρος
905 950 1058 1018 οὗτος
1079 958 1108 1008 ό
1132 956 1315 1026 Φερῶν
1330 958 1398 1009 δι’
1422 959 1657 1028 ὑποψίας
1685 959 1821 1029 ἔχων

242 1047 477 1116 ἐμελέτα
522 1047 728 1100 ἀνελεῖν
752 1062 767 1076 ·
816 1045 970 1110 εἰδὼς
1017 1047 1062 1100 δ’
1090 1049 1165 1111 ὡς
1195 1048 1296 1101 ούκ
1337 1049 1626 1119 ἀνάσχοιτο
1668 1050 1818 1120 Θήϐη

244 1140 506 1209 περιιδεῖν
537 1139 664 1202 τοὺς
688 1139 1058 1209 ὁμομητρίους
1084 1139 1509 1210 ἀναιρουμένους
1533 1141 1818 1210 ἀδελφοὺς,

245 1231 332 1284 καὶ
357 1229 536 1301 αὐτὴν
557 1230 770 1283 ἐπενόει
798 1231 1128 1284 συνανελεῖν.
1150 1231 1261 1284 Καὶ
1287 1225 1472 1300 νήφων
1505 1232 1603 1302 μὲν
1625 1232 1821 1304 ἓκρυϐε

243 1322 297 1374 τὸ
320 1320 624 1389 βούλευμα,
666 1319 880 1388 μεθύων
905 1319 960 1372 δὲ
998 1314 1097 1390 (ἦν
1131 1319 1239 1389 γὰρ
1254 1321 1435 1390 ἥττων
1466 1319 1644 1384 οἴνου)
1679 1335 1823 1389 παρ-

245 1414 478 1481 εγύμνου
533 1428 593 1463 τε
624 1411 723 1464 καὶ
762 1411 1140 1465 ἀπεκάλυπτε.
1174 1411 1326 1482 Θήϐη
1368 1412 1424 1465 δὲ
1453 1411 1512 1464 τὸ
1553 1410 1824 1481 βούλευμα

248 1499 511 1569 μαθοῦσα,
547 1501 663 1561 τοῖς
705 1500 803 1569 μὲν
829 1499 1080 1569 ἀδελφοῖς
1114 1501 1415 1571 ἐγχειρίδια
1443 1501 1608 1554 δοῦσα
1645 1518 1824 1572 παρα-

247 1589 608 1654 σκευάζεσθαι
660 1591 799 1661 πρὸς
836 1592 937 1661 τὴν
988 1593 1204 1664 σφαγὴν
1241 1594 1566 1664 παρεκάλει,
1609 1592 1736 1664 οἴνῳ
1766 1593 1823 1647 δὲ

245 1681 417 1751 πολλῷ
491 1681 844 1754 Ἀλέξανδρον
914 1683 1226 1752 βαπτίσασα
1287 1686 1383 1738 καὶ
1446 1685 1824 1738 κατευνάσασα

249 1775 518 1844 ἐκπέμπει
563 1776 688 1835 τοὺς
717 1774 810 1839 τοῦ
844 1774 1088 1846 θαλάμου
1129 1776 1401 1846 φύλακας,
1447 1777 1720 1846 προφάσει
1749 1776 1824 1838 ὡς

1924 615 1954 653 a
2006 599 2192 654 Thebe
2244 600 2472 668 conjuge
2537 599 2858 654 interfectus
2932 611 3037 654 est.
3093 600 3218 656 llaec
3283 599 3499 656 Iasonis

1929 702 2072 755 ejus,
2103 685 2198 756 qui
2229 686 2280 740 in
2313 685 2590 740 Thessalia
2623 686 2895 755 quondam
2932 697 3206 755 regnarat,
3243 687 3350 741 filia
3369 689 3494 755 fuit,

1924 778 2228 847 fratresque
2259 778 2497 831 nterinos
2533 789 2662 840 tres,
2695 785 2847 846 patre
2883 777 3083 832 Enlabe
3116 778 3229 848 (75)
3263 781 3497 848 genitos,

1925 869 2129 931 habuit,
2157 866 2530 936 Tisiphonum,
2559 867 2912 936 Lycophrona
2937 877 2988 921 et
3020 866 3360 937 Pytholautn.
3392 867 3500 922 llt’is

1921 959 2228 1013 Alexander
2301 958 2391 1012 ille
2452 956 2801 1012 Plierteorum
2857 967 3142 1027 suspectos
3197 959 3421 1024 habens,
3463 975 3495 1014 e

1925 1051 2106 1105 medio
2171 1049 2360 1104 tollere
2416 1048 2690 1103 studebat.
2743 1039 2972 1116 Cognito
3035 1057 3215 1102 autem
3276 1047 3498 1104 Theben

1925 1155 2263 1216 nequaquam
2295 1155 2448 1210 aequo
2480 1140 2712 1194 laturam
2738 1142 2920 1194 animo
2974 1140 3308 1194 nterinormn
3364 1157 3492 1196 suo-

1876 1219 1900 1267 7"
1925 1247 2040 1285 rum
2075 1231 2305 1286 fratrum
2350 1233 2574 1295 credem,
2607 1231 2777 1300 ipsam
2809 1246 3024 1301 quoque
3066 1231 3380 1286 interimere
3409 1234 3504 1288 de-

1923 1325 2116 1378 crevit.
2167 1324 2396 1379 Sobrius
2454 1325 2620 1394 igitur
2678 1323 2835 1376 facile
2899 1323 3182 1377 consilium
3247 1324 3498 1389 tegebat:

1925 1423 1980 1467 at
2012 1415 2134 1470 vino
2162 1423 2349 1481 captus
2373 1416 2658 1485 (ebriosus
2686 1415 2834 1468 enim
2867 1412 3021 1484 erat)
3051 1427 3162 1466 rem
3196 1413 3493 1481 aperiebat.

1925 1508 1997 1563 Ut
2041 1523 2169 1576 ergo
2234 1505 2420 1560 Thebe
2488 1507 2774 1561 consilium
2844 1505 2973 1558 illud
3031 1504 3314 1568 intellexit,
3377 1508 3503 1560 dato

1925 1599 2154 1667 singulis
2202 1595 2470 1653 fratribus
2516 1598 2787 1668 pugione,
2825 1598 2888 1650 ad
2921 1595 3122 1651 cmdem
3172 1596 3497 1661 faciendam.

1927 1703 1984 1743 nt
2018 1705 2077 1744 se
2110 1697 2454 1758 comparent,
2485 1688 2753 1742 hortatur.
2803 1685 2920 1754 Ipsa
2953 1685 3320 1740 Alexandrum
3353 1701 3502 1741 mero

1928 1781 2152 1849 implens
2185 1790 2239 1835 et
2264 1779 2506 1849 sopiens,
2541 1779 2782 1833 dimissis
2813 1795 2843 1831 c
2883 1776 3126 1830 conclavi
3161 1777 3498 1844 custodibus,

247 1865 480 1935 λουτροῖς
511 1869 858 1938 χρησομένη,
890 1868 984 1920 καὶ
1013 1869 1136 1930 τοὺς
1167 1867 1433 1937 ἀδελφοὺς
1457 1868 1548 1920 ἐπί
1574 1867 1636 1921 τὸ
1664 1865 1822 1938 ἔργον

1927 1872 2156 1939 (μιωεὶιο
2215 1869 2419 1934 colore,
2482 1869 2636 1936 quasi
2702 1868 2755 1921 in
2822 1867 3011 1920 balneo
3082 1865 3265 1918 lavare
3321 1865 3502 1931 vellet,

253 1955 444 2009 ἐκάλει.
475 1958 543 2008 Oi
573 1957 629 2009 δέ
669 1957 1010 2023 ἀπεδειλίων,
1042 1958 1138 2010 καὶ
1169 1959 1404 2027 μάλιστα
1434 1957 1612 2012 αὐτῶν
1635 1959 1663 2011 ό
1690 1957 1822 2010 νεώ-

249 2065 394 2108 τατος
415 2048 486 2102 ⁸⁵.
528 2048 597 2100 Ἥ
626 2049 684 2101 δὲ
719 2049 854 2102 ἄλλα
886 2067 945 2102 τε
977 2031 1466 2120 διαπειλησαμένη,
1493 2050 1588 2103 καὶ
1624 2049 1696 2112 ὼς
1731 2048 1821 2101 τὸν

261 2139 600 2210 Ἀλέξανδρον
650 2141 850 2194 αὐτίκα
876 2143 922 2175 ⁸⁵
970 2143 1222 2212 ἀνεγερεῖ
1272 2141 1367 2195 καὶ
1425 2139 1818 2211 καταγορεύσει

251 2229 415 2282 αὐτῶν
461 2230 562 2284 τὸν
612 2231 792 2299 φόνον,
852 2230 1076 2301 θαῤῥεῖν
1131 2231 1327 2293 αὐτοὺς
1381 2229 1671 2284 ἐϐιάσατο·
1723 2230 1819 2282 καὶ

252 2322 505 2376 κτείνουσι
540 2322 888 2392 κοιμώμενον
913 2323 1004 2376 τὸν
1041 2321 1409 2392 Ἀλέξανδρον.
1437 2322 1590 2393 Θήϐη
1614 2322 1671 2375 δέ
1693 2323 1819 2384 τοὺς

251 2415 513 2483 ἡγεμόνας
556 2414 664 2466 τῶν
694 2414 951 2483 φυλάκων
983 2414 1440 2484 είσκαλεσαμένη,
1485 2417 1580 2467 καὶ
1617 2413 1688 2467 τά
1723 2415 1822 2484 μὲν

256 2506 488 2569 ἀπειλαῖς
549 2507 618 2559 τὰ
667 2505 715 2559 δ’
762 2506 1117 2576 ἐπαγγελίαις
1175 2504 1482 2560 ὑπελθοῦσα
1505 2508 1584 2570 ¹¹⁶,
1641 2505 1820 2559 πείθει

258 2596 783 2663 συγκατασκευάζειν
820 2601 956 2670 αὐτῇ
1006 2599 1104 2670 τὴν
1135 2598 1445 2670 τυραννίδα.
1482 2599 1594 2652 Καὶ
1634 2599 1684 2651 οῖ
1723 2599 1821 2669 μὲν

257 2687 570 2755 ἐπέτρεπον.
599 2689 709 2740 Καὶ
735 2689 872 2761 αὑτὴ
891 2690 992 2758 τὴν
1017 2691 1115 2759 μὲν
1141 2691 1292 2761 ἰσχὺν
1316 2689 1554 2758 δέχεται,
1581 2688 1820 2759 τοῦνομα

251 2775 300 2828 δὲ
329 2779 417 2828 καὶ
456 2778 564 2847 τὴν
589 2777 751 2842 δόξαν
787 2779 890 2848 τῆς
915 2781 1230 2851 τυραννίδος
1272 2779 1546 2849 Τισιφόνῳ
1569 2779 1650 2851 τῷ
1684 2797 1820 2851 πρε-

256 2868 483 2941 σϐυτάτῳ
504 2872 558 2902 ³⁷
585 2871 694 2925 τῶν
725 2872 970 2940 ἀδελφῶν
1000 2873 1204 2928 δίδωσι.

315 3046 493 3102 Ταῦτα
543 3048 643 3119 μὲν
673 3049 783 3102 τῶν
817 3051 1064 3114 Κόνωνος
1118 3057 1159 3103 ν’
1191 3050 1518 3122 διηγήσεων.
1579 3051 1822 3114 Ἀττικὸς

253 3137 303 3190 δὲ
332 3139 424 3210 τὴν
455 3141 668 3211 φράσιν
708 3143 843 3206 ἐστὶ,
877 3145 996 3205 ταῖς
1033 3159 1092 3194 τε
1125 3142 1424 3214 συνθήκαις
1451 3142 1545 3196 καὶ
1577 3145 1698 3206 ταῖς
1736 3142 1820 3194 λέ-

1930 1961 2130 2015 fratres
2174 1975 2299 2013 mox
2359 1959 2426 2011 ad
2499 1956 2709 2010 facinus
2763 1957 2975 2011 incitat.
3033 1953 3132 2020 Qui
3186 1967 3308 2006 cum
3362 1955 3505 2008 tinti-

1927 2051 2050 2105 dins
2111 2061 2354 2121 agerent,
2412 2059 2467 2103 et
2535 2049 2766 2102 maxime
2823 2057 2954 2101 natu
3017 2043 3296 2111 minimus,
3366 2046 3505 2099 inter

1928 2141 2031 2194 alia
2083 2141 2411 2195 comminata
2460 2148 2564 2200 est,
2595 2154 2652 2192 se
2681 2149 2735 2191 et
2773 2136 3140 2190 Alexandrum
3203 2133 3497 2190 confestim

1927 2233 2299 2296 excitaturam,
2321 2241 2376 2286 et
2398 2241 2455 2286 ut
2475 2233 2636 2287 czedis
2666 2245 2783 2285 reos
2799 2222 3200 2290 accuSaturam.
3235 2229 3325 2286 Sic
3351 2228 3402 2283 vi
3426 2229 3504 2284 illi

1930 2327 1996 2378 ad
2051 2325 2358 2380 audendum
2431 2324 2633 2385 adacti,
2707 2322 3068 2379 dormientem
3132 2323 3504 2379 Alexandrum

1923 2417 2191 2488 jngnlant.
2228 2415 2339 2488 Nec
2401 2432 2552 2471 mora
2619 2414 2826 2478 Thebe,
2899 2417 3144 2484 corporis
3219 2417 3501 2471 custodum

1930 2506 2199 2576 pra-{emis
2257 2506 2322 2558 ad
2369 2519 2429 2560 se
2483 2505 2786 2564 accersitis,
2841 2514 2896 2556 et
2961 2520 3070 2579 qua
3139 2505 3321 2578 minis,
3392 2521 3509 2581 qua

1931 2597 2416 2668 pollicitationibus
2483 2613 2605 2664 usa,
2671 2601 2984 2667 persuadet,
3050 2600 3151 2654 sibi
3201 2610 3262 2654 ut
3315 2601 3365 2655 in
3409 2615 3504 2654 ac?

1928 2675 2192 2758 quirendo
2242 2701 2407 2756 regno
2465 2688 2662 2742 adsint.
2713 2687 2790 2741 llli
2843 2687 3112 2756 postulata
3181 2690 3504 2750 concedunt,

1928 2791 2090 2848 atque
2121 2780 2235 2850 ipsa
2283 2779 2567 2847 imperium
2613 2779 2832 2846 quidem
2867 2779 2971 2832 sibi
3022 2780 3271 2848 sumpsit,
3310 2794 3504 2836 nomen

1929 2888 2059 2927 vero
2126 2870 2448 2939 titulumque
2511 2871 2660 2939 regni
2719 2867 3018 2938 Tisiphono
3077 2869 3310 2924 fratrum
3371 2882 3499 2925 natu

1930 2965 2168 3019 maximo
2205 2963 2496 3018 concessit.

2001 3056 2272 3110 Hactenus
2302 3069 2368 3108 ex
2411 3053 2801 3124 quinquaginta
2861 3053 2966 3106 illis
3019 3052 3255 3108 Cononis
3316 3069 3505 3108 narra-

1932 3151 2185 3206 tionibus.
2267 3148 2448 3202 Attico
2525 3147 2698 3199 utitur
2757 3159 3042 3210 sermone;
3112 3146 3504 3214 compositione

255 3228 355 3291 ξεσι
399 3233 620 3300 χαρίεις
664 3247 727 3284 τε
774 3233 868 3284 καὶ
917 3234 1302 3302 ἐπαφρόδιτος,
1338 3233 1478 3304 ἔχων
1507 3251 1560 3287 τι
1595 3234 1688 3286 καὶ¹
1723 3232 1820 3288 τοῦ

1925 3254 2054 3294 vero
2101 3253 2168 3293 ac
2207 3236 2427 3291 vocibus
2487 3229 2760 3304 gratiosus
2800 3243 2883 3287 est
2923 3243 2978 3288 et
3054 3243 3344 3288 venustus:
3408 3235 3500 3287 Ita-

262 3325 727 3396 συνεστραμμένου
749 3329 844 3380 καὶ
865 3327 1352 3400 ἀνακεχωρηκότος
1377 3329 1487 3391 τοῖς
1511 3326 1745 3391 πολλοῖς.

327 3503 407 3557 Ἐν
433 3504 521 3576 τῷ
544 3505 697 3575 αὐτῷ
717 3505 775 3560 δὲ
800 3506 984 3577 τεύχει
1013 3507 1110 3560 καὶ
1132 3507 1538 3578 Ἀπολλοδώρου
1563 3525 1820 3580 γράμμα-τ

264 3596 396 3649 τικοῦ
418 3596 754 3667 βιϐλιδάριον
775 3597 1088 3668 ἀνεγνώσθη
1122 3615 1246 3667 μοι·
1281 3598 1640 3669 Bmme
1673 3601 1820 3671 αὐτῷ

267 3689 606 3760 ήὲπιγραφή.
636 3690 885 3760 Περιεῖχε
914 3689 1034 3743 δὲ²ει
1062 3690 1132 3743 τά
1157 3690 1462 3744 παλαίτατα
1485 3691 1594 3744 τῶν
1631 3692 1822 3764 Ἐλλή-

268 3794 374 3840 um,
408 3780 505 3831 ὅσα
542 3796 606 3831 τε
649 3779 782 3850 περὶ
832 3778 972 3832 θεῶν
1001 3781 1093 3832 καὶ
1127 3781 1324 3851 ἡρώων
1363 3782 1392 3833 ό
1420 3781 1610 3852 χρόνος
1636 3783 1820 3846 αὐτοῖς

263 3867 481 3934 δοξάζειν
507 3870 714 3924 ἔδωκεν
734 3911 748 3933 ,
783 3871 1078 3942 ὀνομασίας
1109 3889 1168 3924 τε
1197 3872 1464 3940 ποταμῶν
1498 3873 1593 3925 καὶ
1625 3873 1820 3945 χωρῶν

268 3962 346 4012 καὶ⁵
370 3961 533 4014 ἐθνῶν
564 3963 660 4014 καὶ
694 3961 922 4026 πόλεων,
957 3961 1104 4024 ὅθεν,
1135 3964 1230 4016 καὶ
1259 3964 1327 4016 τὰ
1369 3963 1509 4017 ἄλλα
1524 3965 1570 3996 ²⁹
1609 3965 1709 4017 ὅσα
1741 3967 1820 4027 είς

268 4053 316 4104 τὸ
339 4055 556 4124 ἀρχαῖον
600 4055 909 4126 ἀνατρέχει,
943 4056 1042 4109 καὶ
1065 4055 1276 4109 κάτεισι
1321 4057 1485 4129 μέχρι
1506 4057 1616 4112 τῶν
1645 4059 1820 4127 Τρωϊ-

265 4143 382 4207 κῶν,
412 4147 504 4199 καὶ
553 4147 768 4216 ἀνδρῶν
816 4165 976 4200 τινων
1017 4147 1154 4219 πρὸς
1185 4149 1451 4219 ἀλλήλους
1504 4151 1682 4220 μάχας
1727 4152 1822 4204 καὶ

270 4233 384 4305 ἔργα
419 4239 726 4308 ἐπιτρέχων
769 4239 866 4291 καὶ
904 4240 1014 4292 τῶν
1041 4241 1150 4293 ἀπὸ
1179 4228 1380 4310 Τροίας
1417 4241 1624 4304 πλάνας
1647 4243 1816 4308 τινὰς,

272 4327 478 4390 μάλιστα
512 4330 561 4383 δ’
607 4330 930 4396 Ὀδυσσέως,
959 4332 1039 4394 εἰς
1063 4331 1122 4383 ὃν
1161 4331 1312 4402 αὑτῷ
1339 4333 1436 4384 καὶ
1467 4334 1500 4402 ἡ
1533 4333 1821 4403 ἀρχαιολο-

267 4414 346 4480 γία
369 4421 684 4490 καταλήγει.
714 4420 942 4490 Σύνοψις
961 4422 1006 4474 δ’
1033 4423 1152 4475 ἐστί
1175 4422 1242 4474 τὰ
1268 4422 1440 4476 πολλά
1468 4423 1563 4476 τού
1590 4422 1816 4493 βιϐλίου,

269 4507 348 4558 καὶ
376 4511 469 4564 οὐκ
505 4513 783 4584 ἄχρηστος
818 4516 930 4578 τοῖς
953 4515 1021 4567 τά
1050 4515 1254 4568 παλαιὰ
1286 4516 1380 4571 ἐπὶ
1416 4517 1638 4587 μνήμης
1673 4515 1819 4585 ἔχειν

269 4593 400 4663 λόγον
429 4601 472 4632 ³⁰
513 4603 884 4672 ποιουμένοις.
949 4604 1100 4673 Ἔχει
1145 4605 1202 4661 δὲ
1250 4605 1344 4658 καὶ
1389 4605 1721 4677 ἐπίγραμμα
1758 4607 1818 4659 τὸ
1853 4587 1896 4641 Ῑ)

271 4686 574 4763 βιϐλιδάριον
605 4697 706 4748 οὐκ
732 4694 980 4766 ἄκομψον
1008 4697 1126 4749 τόδε
1145 4735 1160 4760 ,

329 4866 442 4938 [460
471 4870 563 4942 IL]
594 4871 815 4938 Αίῶνος
843 4873 1147 4943 σπείρημα
1179 4873 1219 4904 ³¹
1255 4870 1690 4951 ἀφυσσάμενος
1713 4871 1814 4951 dx‘

390 5012 657 5082 Παιδείης
675 5054 689 5078 ,
711 5015 943 5082 μύθους
971 5012 1148 5083 γνῶθι
1178 4942 1740 5082 παλαιγενέαὲιΐεω]

1925 3332 2016 3386 bet
2077 3339 2254 3384 tamen
2319 3326 2514 3380 alicubi
2549 3333 2856 3380 contortum
2890 3325 3039 3394 quid,
3095 3335 3257 3396 atque
3287 3341 3317 3380 a
3349 3326 3496 3395 vulgi

1925 3423 2236 3492 cognitione
2266 3429 2558 3476 remotum.

1992 3511 2051 3567 ln
2086 3511 2275 3566 eodem
2313 3512 2438 3565 item
2465 3508 2737 3562 volumine
2791 3507 2891 3578 legi
2941 3507 3252 3577 Apollodori
3315 3523 3497 3578 gram-

1924 3605 2108 3660 matici
2169 3603 2412 3658 libellmn
2461 3601 2546 3656 cui
2600 3599 2945 3654 Bibliotheca
2981 3600 3091 3671 (76)
3125 3599 3311 3654 titulus
3354 3609 3494 3653 erat.

1919 3698 2243 3753 Continebat
2290 3694 2695 3764 antiquissimas
2738 3693 3332 3762 quasque-Graecorum
3410 3693 3495 3745 1ιὶ-

1922 3791 2141 3855 storias,
2173 3799 2228 3844 et
2271 3803 2390 3858 qua:
2417 3790 2529 3843 sive
2570 3789 2638 3842 de
2677 3787 2802 3851 diis,
2837 3788 2954 3842 sive
2983 3787 3048 3840 de
3081 3786 3335 3841 heroibus
3363 3792 3501 3840 tem-

1923 3879 2070 3944 poris
2129 3877 2268 3930 ratio
2326 3875 2477 3930 dedit
2539 3877 2984 3945 Opinanda,cnm
3047 3874 3497 3944 appellationibus

1921 3971 2196 4024 fluminum
2223 4009 2240 4034 ,
2295 3967 2485 4040 1&2!)
2526 3969 2822 4038 regionum,
2878 3968 3114 4038 gentium
3166 3977 3222 4023 et
3262 3968 3498 4024 urbium.

1925 4060 2062 4114 llinc
2100 4070 2154 4114 et
2179 4059 2438 4130 pleraque
2493 4061 2739 4128 antiqua,
2787 4059 2853 4112 ad
2887 4061 3002 4126 ipsa
3048 4073 3220 4128 usque
3260 4057 3496 4129 Troiana

1924 4161 2163 4218 tempora
2212 4150 2550 4206 descendens
2589 4150 2775 4204 refert.
2827 4151 3077 4204 Virorum
3105 4164 3322 4220 quoque
3359 4165 3498 4206 non-

1924 4242 2193 4296 nullorum
2247 4242 2389 4295 inter
2433 4256 2492 4296 se
2534 4257 2760 4312 pugnas,
2803 4255 2994 4308 resque
3043 4251 3229 4308 gestas
3261 4255 3484 4297 comme-

1925 4343 2120 4396 morat,
2171 4342 2228 4388 et
2288 4341 2444 4401 capta
2482 4332 2596 4401 jam
2651 4330 2836 4398 Truja,
2869 4346 3085 4386 errores
3115 4332 3494 4402 quorumdam,

1922 4427 2188 4494 praecipue
2217 4422 2447 4496 Ulyssis,
2497 4424 2550 4477 in
2597 4438 2755 4492 quem
2798 4422 2916 4490 ejus
2963 4424 3266 4493 priscarum
3312 4437 3494 4477 rerum

1921 4516 2164 4571 narratio
2212 4516 2562 4571 terminatur.
2600 4514 2997 4585 Compendiosa
3049 4515 3298 4584 quaedam
3365 4529 3496 4568 nar-

1930 4604 2066 4656 ratio
2107 4611 2192 4657 est
2249 4602 2484 4655 maxima
2532 4600 2693 4668 hujus
2736 4601 2902 4657 libelli
2958 4615 3105 4668 pars,
3139 4600 3204 4655 iis
3258 4616 3364 4655 non
3415 4600 3498 4654 iu-

1923 4694 2090 4759 utilis,
2121 4694 2211 4762 qui
2239 4702 2420 4747 vetera
2467 4691 2753 4760 complecti
2788 4692 3044 4745 memoria
3071 4691 3274 4745 volunt.
3309 4690 3496 4746 Ascri-

1924 4797 2074 4853 ptum
2114 4785 2240 4837 item
2275 4791 2395 4837 erat
2444 4782 2679 4851 lepidum
2713 4783 2855 4834 istud
2895 4781 3226 4850 epigramma
3263 4799 3276 4834 :

2028 4874 2317 4929 Siculorum
2356 4873 2545 4927 seriem
2573 4882 2756 4927 nostra
2793 4873 2841 4926 si
2883 4872 3067 4941 legeris
3099 4879 3235 4934 arte,

2124 5011 2350 5079 Antiqua
2383 5009 2506 5061 hinc
2527 5007 2614 5076 ﬁet
2649 5007 2831 5077 fabula
2865 5014 2987 5059 nota
3032 5005 3148 5059 tibi.

1512 5151 1742 5206 νΑιιιΑι
1787 5149 2188 5205 LECTIONES.

332 5263 368 5293 "
393 5265 680 5320 Θεσσαλίαν
716 5285 777 5334 ς’.

275 5334 445 5409 ’θρόει
478 5338 672 5390 αὐτίκα
718 5354 839 5391 cum
870 5340 912 5391 Α
951 5340 1106 5409 omisi
1152 5355 1233 5394 τε.
1283 5339 1557 5409 ἀνεγείρει
1605 5342 1671 5391 Α.

275 5405 376 5454 add.
412 5409 474 5460 A.
546 5410 590 5440 ²⁹
620 5409 753 5462 ἄλλα
782 5411 826 5462 Α
864 5427 877 5464 :
909 5408 1079 5461 πολλά
1103 5426 1162 5475 ς.

882 5270 926 5300 ²¹
958 5267 1232 5321 Πυθόλαον
1291 5265 1626 5322 ΙΙαδεεΙιθΙίυε
1658 5286 1670 5321 :
1708 5265 1823 5319 libri
1850 5266 2059 5319 θόλαον.
2135 5267 2180 5298 ⁸³
2210 5266 2458 5335 Εὐαλκὴς
2496 5267 2581 5319 A:
2627 5263 2874 5333 Εὑλαϐὴς
2922 5279 2961 5326 ς

1777 5335 1822 5368 ³⁸
1868 5335 2201 5405 μετελθοῦσα
2235 5339 2298 5390 Α.
2377 5331 2427 5368 ’τ’
2459 5331 2919 5407 πρεσϐυτέρῳᾊ.
2995 5332 3039 5364 ³⁸
3077 5331 3135 5384 δὲ
3182 5342 3237 5388 et
3279 5331 3404 5388 mox
3434 5349 3496 5386 τε

1250 5383 1499 5477 "Vigilat?
1508 5383 1824 5478 ’ῥεέςᾶποιου
1833 5383 2124 5474 μ’ἒᾷόῖξξῖ
2137 5383 2201 5392 ”“
2216 5383 2355 5460 {Vm
2367 5408 2453 5478 ίρη
2463 5383 2664 5476 nit-XC
2781 5383 2798 5404 "

3060 5262 3116 5332 ’ξ
3144 5261 3405 5332 νεώτερος
3433 5279 3494 5325 ς’.

2216 5409 2258 5439 ³¹
2289 5408 2538 5478 πείρημα
2579 5409 2640 5459 Α.

1767 5517 1998 5576 NOTAE.

297 5607 438 5682 "(76)
468 5609 736 5667 Videndus
786 5610 980 5682 Qirero
1011 5610 1160 5682 O/ﬁc.
1193 5627 1256 5676 tt,
1289 5611 1404 5682 init.
1428 5626 1442 5675 ;
1468 5608 1650 5664 Valer.
1684 5611 1830 5666 Max.

279 5671 358 5730 lib;
389 5695 456 5745 ix,
489 5699 605 5749 cap.
642 5682 742 5749 l5;
784 5671 1091 5745 Plutarchi,
1129 5671 1720 5752 Pelopida,’extreiuo.

340 5745 439 5812 (15)
467 5752 543 5805 Al.
581 5751 790 5806 Evalce.

344 5818 444 5890 (76)
483 5821 608 5892 Ejus
650 5831 856 5892 partem
891 5822 941 5877 in
991 5832 1102 5878 tres
1141 5822 1368 5880 divisam
1403 5821 1571 5878 libros
1621 5821 1820 5878 Beneu.

1939 5611 2154 5682 ngins,
2203 5609 2551 5682 Graeca-Lat.
2597 5608 2684 5662 ed.
2709 5607 2959 5682 _Romzc_,
3011 5605 3101 5682 ubi
3143 5613 3211 5682 et_
3229 5604 3295 5658 de
3335 5603 3501 5682 variis

1930 5674 2245 5749 Apollodori
2291 5679 2582 5732 disseritur
2636 5695 2664 5728 a
2707 5678 2883 5749 sciti.”
2916 5676 3122 5749 Tertio.
3163 5675 3344 5749 Porro
3401 5674 3494 5730 lih.

1933 5745 2058 5804 XliIV
2099 5749 2341 5818 Apollod.
2379 5749 2564 5818 hujus
2592 5749 2722 5817 περὶ
2775 5747 2924 5802 Θεῶν
2963 5747 3094 5803 citat
3136 5745 3232 5800 tibi
3270 5745 3499 5813 Sopater

1935 5837 2084 5891 supr.
2116 5817 2239 5876 coll.
2275 5819 2368 5872 l6l
2408 5819 2462 5872 in
2491 5817 2664 5888 princ.
