4038 6476
522 399 622 465 591

521 517 804 572 Mcouidw
829 531 889 566 ne
916 513 1058 567 volve
1097 510 1388 574 volumina,
1423 525 1543 564 neve
1587 509 1829 578 elegiam,

591 649 674 704 Ne
715 649 972 711 trnqimm
1019 646 1251 704 Musam,
1288 662 1349 697 ne
1382 645 1592 698 melicos
1627 658 1889 696 nunzeros.

1637 391 1901 453 PHOTlI
1933 383 2441 451 PATRIARCHE
2480 383 2590 444 CP.

2133 514 2178 566 Α
2207 502 2358 570 Μηδ“
2405 503 2470 567 ἐς
2531 499 2844 570 Ὁμηρείην
2882 497 3074 553 σελίδ*
3135 496 3424 568 ἐμελεπε,
3458 495 3602 567 μηδ’
3657 498 3794 551 ἐλε-

3686 382 3792 446 592

2275 642 2370 709 Μὴ
2399 640 2687 710 τραγικὴν
2722 639 3009 699 Μοῦσαν,
3040 637 3198 707 μηδὲ
3229 584 3684 707 μελογραζίίιτῗέί

516 706 834 774 Μαιάεοηοε
869 717 1137 788 Cyclicum
1178 732 1356 769 versus
1395 731 1456 768 ne
1495 729 1710 784 qurere:
1742 715 1881 782 quod
1926 713 1980 763 in
2014 726 2098 762 me

2212 713 2302 780 Μὴ
2358 706 2641 768 κύκλίων
2663 710 2815 776 ζήτει
2854 706 3200 777 πολύθρουν
3234 706 3535 788 στίχον-χ
3558 706 3799 788 εἰςῌεξμὲ

587 857 831 912 Invenias
858 855 1115 925 quidquid
1139 853 1403 906 maximus
1450 852 1590 904 orbis
1633 852 1807 904 habet.

1128 942 1486 998 CLXXXVII.

3301 776 3354 849 δ’
3386 777 3584 845 ἁϐρῶν
3607 777 3720 849 ³⁸⁸]

2271 854 2580 923 Εὑρήονεις
2617 852 2688 904 ἐν
2715 851 2845 921 ἐμοὶ
2880 851 3053 905 πάνθ’
3091 850 3210 903 ὅσα
3249 848 3478 917 κόσμος
3511 850 3661 916 ἔχει.

2940 945 3113 996 PIlZ’.

518 1041 832 1098 Nicomachi
877 1022 1129 1092 Geraseni
1167 1034 1632 1089 Arithmeticorum
1695 1029 2101 1100 theologicorum

2212 1029 2546 1100 Νικομάχου
2568 1030 2924 1098 Γερασηνοῦ
2955 1030 3375 1099 Ἀριθμητικῶν
3403 1027 3799 1098 θεολογουμέ-

1205 1106 1328 1158 libri
1366 1119 1428 1158 tt.

590 1200 721 1270 Legi
751 1198 1066 1253 Nicomachi
1103 1196 1364 1252 Geraseni
1436 1193 1512 1248 De
1541 1193 1878 1246 arithmetica
1927 1192 1996 1244 ad
2022 1206 2103 1244 res

517 1294 730 1349 divinas
787 1293 1054 1360 applicata
1108 1289 1274 1343 libros
1329 1291 1482 1342 duos.
1540 1285 1669 1352 Quae
1733 1285 1951 1354 quidem
2016 1283 2103 1336 in-

520 1385 743 1455 scriptio
808 1397 1056 1452 maguam
1127 1379 1561 1438 admirationem,
1622 1377 2106 1441 vehementemque

521 1489 761 1531 amorem
810 1473 1090 1528 concitare
1120 1480 1321 1540 queat:
1356 1484 1476 1522 cum
1535 1483 1673 1536 opus
1710 1477 1887 1520 tamen
1929 1466 2102 1534 ipsum

523 1569 615 1640 (ne
643 1567 692 1619 id
759 1563 1206 1619 ratiocinationes
1249 1576 1438 1624 vanas,
1488 1559 1800 1629 perditique
1856 1557 1953 1612 Otii
2015 1571 2106 1612 oc-

521 1658 864 1728 cupationem
891 1669 1014 1710 esse
1063 1653 1436 1720 dieam)longe
1475 1668 1502 1704 a
1538 1651 1693 1704 titulo
1728 1666 1825 1704 suo
1865 1663 2106 1703 recesse-

523 1750 617 1805 rit.
663 1746 849 1814 Neque
899 1746 1045 1800 enim
1095 1744 1180 1798 hic
1207 1742 1274 1796 de
1309 1743 1552 1794 numeris
1584 1742 1651 1794 ab
1693 1740 1902 1793 unitate
1931 1753 2102 1807 usque

2767 1118 2889 1153 νων
2909 1102 3122 1166 βιϐλία
3145 1103 3230 1167 β’.

2279 1193 2407 1266 [£57
2442 1193 2538 1264 IL]
2587 1193 2928 1264 ’Λνεγνώσθη
2957 1195 3278 1264 Νικομάχου
3302 1190 3614 1263 Γερασηνοῦ
3651 1191 3802 1259 Ἀρι-

2205 1285 2510 1357 θμητικῶν
2539 1286 3026 1355 θεολογουμένων
3047 1287 3228 1356 βιϐλία
3256 1287 3320 1356 β’.
3351 1285 3415 1338 Ἥ
3443 1286 3542 1355 μὲν
3557 1281 3652 1338 οὖν
3674 1286 3802 1336 ἑπι-

2205 1379 2394 1450 γραφὴ
2453 1377 2597 1432 οὕτω
2647 1377 2925 1448 Θαυμάσαι
2964 1379 3062 1431 καὶ
3099 1378 3300 1450 δριμὺν
3347 1377 3526 1448 ἔρωτα
3573 1376 3803 1444 κινῆσαι

2205 1471 2356 1538 ἀξία,
2392 1471 2421 1524 ὁ
2473 1471 2529 1523 δὲ
2559 1471 2744 1534 πόνος,
2794 1471 2880 1524 ἵνα
2915 1470 2991 1541 μὴ
3033 1471 3178 1539 λέγω
3209 1470 3491 1539 λογισμῶν
3520 1467 3804 1536 κενεμϐα-

2204 1562 2442 1617 τούντων
2473 1563 2568 1616 καὶ
2605 1562 3016 1632 ματαιοσχόὶων
3063 1562 3245 1633 ἔργον,
3296 1562 3488 1634 πόρρω
3515 1559 3618 1627 τῆς
3670 1559 3805 1610 ἐπι-

2206 1655 2432 1727 γραφῆς
2477 1654 2887 1728 διερριμμένος.
2931 1654 3304 1724 Διαλαμὸάνει
3355 1655 3453 1724 μὲν
3503 1651 3614 1722 γάρ
3668 1651 3805 1719 περὶ

2208 1748 2319 1802 τῶν
2345 1747 2454 1800 ἀπὸ
2481 1747 2710 1818 μονάδος
2735 1747 2896 1817 μέχρι
2927 1747 3150 1809 δεκάδος
3178 1745 3450 1818 ἀριθμῶν,
3482 1745 3581 1814 οὐχ
3606 1743 3806 1811 ὥσπερ

525 1841 594 1894 ad
647 1839 928 1895 denarium
986 1836 1267 1890 disserens
1317 1834 1480 1902 (quod
1512 1833 1566 1885 in
1621 1831 1965 1886 arithmetica
1992 1829 2104 1901 (77)

2214 1841 2271 1891 ὲν
2302 1842 2370 1909 τῇ
2398 1839 2742 1910 ἀριθμητικῇ
2792 1837 2956 1891 αὑτοῦ
2987 1839 3082 1890 καὶ
3115 1838 3222 1910 πρὸ
3249 1836 3455 1906 ταύτης
3482 1837 3805 1905 εἰσαγωγῇ.

523 1948 643 1994 sua.
691 1932 849 2000 eique
883 1928 1158 1998 praemissa
1206 1927 1422 1995 isagoge
1464 1924 1742 1994 praestitit)
1769 1923 1855 1977 illa
1901 1935 2110 1992 pertra-

523 2035 658 2090 ctat,
685 2039 804 2092 qme
832 2020 1072 2075 numeris
1117 2027 1306 2086 suapte
1355 2026 1546 2070 natura
1576 2016 1780 2078 insunt,
1813 2014 2109 2080 utilemque

522 2118 726 2173 habent
770 2111 1284 2180 contemplationem
1327 2128 1341 2162 :
1381 2109 1474 2162 sed
1515 2123 1578 2163 ea
1609 2107 1921 2177 plurimum,
1984 2121 2110 2175 qua:

525 2208 672 2264 noxii
727 2215 853 2260 sunt
908 2201 1110 2273 ingenii
1161 2202 1446 2269 ﬁgmenta;
1493 2208 1548 2253 et
1603 2197 1722 2264 ejus
1753 2197 1969 2266 quidem
2016 2197 2106 2248 iu-

526 2300 692 2372 genii,
749 2297 890 2366 quod
936 2311 1021 2349 res
1078 2297 1222 2364 ipsas
1252 2294 1316 2346 ad
1348 2308 1500 2346 suam
1543 2290 1723 2362 polius
1776 2288 2107 2357 speculatio-

529 2407 652 2446 nem
717 2387 1058 2450 contentiose
1107 2395 1292 2452 aptaje
1329 2383 1564 2443 studeat,
1614 2397 1773 2449 quam
1835 2379 1978 2448 quod
2039 2378 2106 2431 ad

531 2495 710 2537 rermn
762 2488 1008 2532 naturam
1051 2475 1247 2530 mentis
1282 2489 1390 2528 sua:
1436 2473 1672 2542 cogitata
1726 2471 1962 2540 dirigere
2011 2485 2106 2524 co-

530 2581 709 2625 netur.
769 2567 1037 2622 Caeterum
1103 2565 1246 2633 quod
1293 2566 1376 2616 vir
1407 2563 1495 2616 ille
1532 2578 1737 2623 rerum,
1771 2575 1891 2629 quae
1935 2562 2110 2614 subsi-

529 2669 701 2722 smnt,
741 2667 990 2711 naturam
1032 2656 1098 2709 ad
1146 2668 1496 2708 numerorum
1547 2652 1838 2707 essentiam
1882 2652 2106 2716 referre,

528 2761 583 2806 et
610 2751 734 2806 huic
763 2751 966 2819 pariter
1002 2746 1275 2800 includere
1309 2759 1599 2815 aggressus
1638 2743 1732 2806 sit,
1781 2743 2107 2807 resecando,

534 2845 808 2908 addendo,
893 2840 1271 2909 permutando,
1325 2852 1391 2892 ac
1460 2836 1783 2899 divellendo,
1839 2835 2108 2888 interdmu

529 2936 746 3004 quidem
801 2949 889 2988 res
929 2934 1093 3001 ipsas,
1149 2945 1534 2998 nonnunquam
1591 2929 1756 2983 etiam
1809 2928 1930 2983 illos
1972 2930 2110 2980 ami-

529 3042 626 3083 cos
664 3027 799 3082 adeo
843 3025 945 3080 sibi
1001 3039 1256 3078 numeros
1309 3039 1372 3075 ac
1422 3023 1572 3084 deos,
1633 3021 1797 3088 idque
1853 3019 1936 3072 vel
1973 3019 2110 3072 alte-

540 3135 654 3172 ram
727 3117 1103 3171 tantummodo
1169 3126 1398 3183 partem,
1469 3114 1550 3167 vel
1611 3121 1758 3166 certe
1823 3121 2109 3178 utramque

2209 1930 2309 1982 ὅσα
2333 1930 2446 1992 τοῖς
2468 1927 2724 1998 ἀριθμοῖς
2749 1927 2911 1996 φύσει
2941 1927 3205 1999 πρόσεστι
3231 1927 3325 1981 καὶ
3349 1927 3584 1995 θεωρίας
3610 1925 3805 1995 ἔχεται

2213 2018 2550 2084 σπουδαίας,
2598 2019 2842 2085 διεξιὼν,
2891 2020 3028 2074 ἀλλά
3073 2020 3142 2073 τά
3189 2019 3420 2072 πλεῖστα
3465 2016 3712 2080 διανοίας
3740 2016 3806 2068 οὐ

2210 2109 2625 2182 καθαρευούσης
2671 2110 2874 2180 βλάϐης
2913 2109 3343 2179 ἀναπλάσματα,
3374 2109 3468 2162 καὶ
3491 2108 3614 2174 οὐχὶ
3659 2105 3806 2176 πρὸς

2210 2204 2310 2272 τὴν
2344 2202 2449 2257 τῶν
2481 2203 2826 2273 πραγμάτων
2863 2200 3026 2268 φύσιν
3070 2202 3196 2263 τοὺς
3244 2198 3540 2269 λογισμοὺς
3573 2195 3807 2251 ἰθυνού-

2213 2312 2313 2364 σης
2335 2334 2350 2357 ,
2382 2295 2453 2349 τὰ
2478 2295 2536 2348 δὲ
2565 2295 2865 2364 πράγματα
2889 2293 3025 2364 πρὸς
3051 2292 3146 2354 τὰς
3174 2293 3309 2355 ἰδίας
3331 2289 3633 2360 φαντασίας
3665 2305 3808 2358 μετ-

2211 2385 2462 2455 αμείϐειν
2513 2384 2943 2455 φιλονεικούσης.
2991 2383 3130 2436 Ἀλλ’
3170 2384 3271 2436 ὅσα
3310 2383 3410 2452 μὲν
3450 2383 3478 2435 ὁ
3523 2380 3666 2450 ἀνὴρ
3702 2377 3806 2448 τὴν

2209 2477 2318 2530 τῶν
2350 2476 2518 2528 ὄντων
2557 2477 2720 2544 φύσιν
2771 2479 2852 2539 εἰς
2894 2475 2993 2546 τὴν
3037 2475 3146 2529 τῶν
3189 2473 3442 2544 ἀριθμῶν
3496 2473 3805 2524 ὑπόστασιν

2211 2568 2508 2639 ἀναφέρειν
2555 2585 2616 2621 τε
2663 2568 2758 2621 καὶ
2810 2568 3262 2637 συγκατακλείων
3299 2567 3583 2634 διανέστη,
3632 2580 3804 2634 περι-

2211 2660 2450 2726 κόπτων,
2475 2659 2795 2730 περιτιθεὶς,
2831 2660 3098 2730 ἀμείϐων,
3126 2659 3371 2713 διασπῶν
3409 2657 3542 2711 ποτὲ
3575 2656 3678 2727 μὲν
3728 2655 3804 2708 τά

2211 2751 2518 2819 πράγματα
2550 2751 2680 2804 ποτὲ
2713 2751 2770 2804 δὲ
2806 2751 2933 2814 τοὺς
2963 2751 3152 2820 φίλους
3187 2750 3456 2820 ἀριθμοὺς
3487 2749 3581 2802 καὶ
3611 2747 3802 2810 θεοὺς,

2211 2844 2304 2894 καὶ
2335 2842 2492 2894 τοῦτο
2521 2843 2554 2912 ἢ
2595 2843 2802 2913 napi”
2837 2843 3002 2914 μέρος
3039 2842 3348 2912 ἑκάτερονῆ
3380 2843 3474 2892 καὶ
3496 2841 3561 2894 δι’
3591 2839 3806 2908 ἀμφοῖν

2215 2933 2308 2986 ἰὼν
2331 2975 2346 2997 ,
2384 2935 2563 2987 καίτοι
2597 2936 2841 3004 μεγάλας
2875 2936 3096 3006 ὑπέχων
3141 2935 3404 2995 εὐθύνας,
3435 2935 3585 3004 ὅμως
3615 2931 3807 2986 έάσθω

2209 3027 2388 3083 τοῦτο.
2430 3028 2569 3080 Ἀλλ’
2599 3029 2682 3081 ὃτι
2711 3028 2867 3092 θεούς
2903 3046 2963 3081 τε
2997 3030 3092 3081 καί⁵
3119 3027 3248 3091 θεὰς
3279 3027 3628 3096 ἐπιθυμήσας
3665 3025 3805 3076 ἰδεῖν

2209 3121 2337 3182 τοὺς
2377 3121 2682 3190 ἀριθμοὺς,
2719 3121 2815 3173 καὶ
2850 3120 3010 3173 τοῦτο
3049 3119 3225 3180 διδοὺς
3280 3119 3464 3180 αὐτοῖς
3491 3117 3578 3170 διὰ
3624 3119 3806 3185 μόνην

529 3212 816 3268 obeundo:
851 3211 953 3265 etsi
989 3210 1145 3276 hujus
1175 3210 1250 3262 rei
1280 3208 1462 3261 multa:
1488 3213 1672 3260 essent
1696 3203 1795 3272 ipsi
1828 3204 2107 3257 reddendae

2213 3211 2310 3277 τὴν
2344 3211 2654 3275 ἰδιάζουσαν
2680 3213 2775 3265 καὶ
2802 3211 3114 3282 ὡρισμένην
3145 3211 3376 3266 ἑκάστου
3404 3210 3706 3278 ποσότητα,
3739 3208 3804 3260 ού

534 3304 794 3365 rationes,
844 3301 900 3356 in
949 3300 1126 3355 medio
1175 3310 1354 3352 tamen
1417 3298 1468 3351 id
1504 3297 1861 3375 relinquatur.
1920 3295 1994 3348 De
2042 3310 2108 3348 eo

534 3407 740 3452 tantum
780 3391 1045 3464 [loquor]
1072 3391 1213 3459 quod
1245 3392 1374 3444 deos
1405 3398 1460 3444 et
1486 3390 1615 3442 deas
1672 3388 1859 3441 videre
1917 3402 2107 3439 nume-

532 3501 626 3544 ros
673 3495 961 3555 emptaus,
1003 3484 1162 3551 idque
1214 3482 1345 3551 ipsis
1399 3482 1576 3534 solum
1633 3478 1959 3542 attribuens,
2018 3493 2106 3530 se-

533 3579 768 3635 cundum
819 3573 1094 3644 propriam
1173 3573 1435 3640 cujusque
1488 3570 1876 3638 deﬁnitamque
1930 3584 2107 3637 quau-

534 3670 774 3724 titatem:
823 3669 963 3721 hanc
1005 3675 1182 3719 tamen
1235 3664 1408 3731 ipsam
1454 3679 1559 3716 non
1603 3672 1784 3715 servet
1820 3661 2106 3730 integram,

533 3758 660 3812 dum
694 3756 748 3808 in
801 3757 1024 3809 deorum
1066 3753 1314 3806 ordinem
1372 3765 1630 3805 numeros
1687 3748 1873 3816 refert,
1906 3750 2110 3819 sed(ut

533 3856 693 3902 antea
721 3846 832 3914 jam
864 3843 1132 3913 diximus)
1158 3843 1411 3905 secando,
1441 3842 1713 3910 augendo,
1758 3840 1842 3895 vel
1888 3841 2110 3893 omnino

533 3939 698 3994 etiam
752 3934 1086 4004 dissipando,
1140 3935 1220 3988 sic
1261 3934 1478 3987 tandem
1535 3934 1681 3999 ipsos
1707 3940 1765 3984 ut
1815 3931 2107 3999 plurimum

535 4045 634 4099 pro
660 4029 765 4092 diis
807 4028 1028 4093 adoret;
1081 4027 1369 4080 destruens
1426 4025 1642 4079 interim
1691 4039 1812 4078 eam
1873 4038 1990 4092 qua:
2039 4022 2106 4075 ab

537 4120 693 4176 initio
746 4123 937 4173 aderat
1010 4118 1396 4187 quantitatem,
1453 4127 1512 4170 ut
1595 4131 1692 4184 per
1762 4117 1902 4169 hanc
1962 4115 2104 4168 Deus

535 4207 947 4285 [aliquis]ﬁat,
994 4207 1189 4281 143α
1223 4216 1276 4261 et
1307 4209 1409 4262 hac
1460 4207 1612 4278 [ipsa
1669 4205 1918 4277 rursum]
1957 4221 2110 4259 emn-

537 4305 660 4359 dem
717 4302 864 4356 illum
915 4302 1174 4369 spolians.
1232 4299 1416 4368 Neque
1465 4315 1592 4352 vero
1635 4308 1727 4352 aut
1791 4297 2106 4362 ineﬂ'abilis,

535 4405 631 4448 aut
659 4403 844 4462 operta
884 4393 1192 4463 hujusmodi
1229 4391 1496 4460 theologia
1528 4400 1629 4445 est.
1673 4390 1777 4445 Sed
1828 4392 1940 4444 hmo
1993 4388 2110 4454 ejus

530 4485 854 4554 sapientior,
915 4494 972 4538 et
1021 4485 1191 4538 amari
1239 4483 1456 4554 dignior
1500 4496 1628 4552 pars
1673 4482 1904 4546 videtur,
1963 4483 2105 4548 quod

2217 3303 2474 3371 φυλάττει
2507 3304 2712 3374 ταύτην
2746 3305 3002 3373 ἀκέραιον
3052 3303 3340 3374 ἀναφέρων
3365 3303 3410 3334 ³³
3443 3302 3523 3364 εἰς
3557 3301 3619 3352 τὸ
3659 3300 3807 3351 θεῶν

2217 3396 2373 3463 γένος
2427 3397 2657 3458 αὐτοὺς,
2707 3395 2822 3448 ἀλλ’
2857 3395 2932 3456 ὡς
2976 3398 3072 3448 καὶ
3115 3396 3490 3464 προείπομεν,
3543 3393 3806 3461 τέμνων,

2215 3488 2427 3554 αὔξων,
2469 3487 2739 3550 παντοίως
2778 3487 3086 3556 κεραΐζων,
3123 3487 3294 3550 οὕτως
3339 3487 3537 3548 αὐτοὺς
3587 3487 3652 3538 ἐκ
3698 3483 3806 3536 τοῦ

2217 3581 2311 3632 ἐπὶ
2356 3580 2608 3634 πλεῖστον
2653 3579 2809 3642 θεοὺς
2860 3583 3184 3650 προσκυνεῖ,
3233 3580 3332 3649 τὴν
3379 3578 3478 3648 μὲν
3519 3575 3578 3640 ἐξ
3622 3577 3809 3646 ἀρχῆς

2218 3672 2456 3740 φθείρων
2509 3672 2814 3741 ποσότητα,
2859 3671 2946 3724 ἵνα
2978 3671 3097 3734 θεὸς
3189 3671 3276 3724 διὰ
3320 3671 3556 3738 ταύτην,
3591 3668 3808 3736 ταύτης

2217 3764 2260 3818 δ’
2289 3764 2453 3816 αὑτὸν
2480 3763 2803 3835 ἀποστερῶν
2826 3779 2841 3793 ⁸
2865 3764 2926 3817 οὐ
2956 3763 3063 3833 γὰρ
3089 3765 3400 3833 ἀπόρρητος
3428 3763 3522 3814 καὶ
3556 3778 3612 3814 σε
3625 3760 3734 3830 πτὴ
3757 3761 3807 3790 ³⁸

2216 3857 2250 3925 ἡ
2302 3855 2600 3926 τηλικαύτη
2641 3855 2912 3923 θεολογία.
2960 3857 3034 3909 Τὸ
3070 3857 3126 3909 δὲ
3158 3857 3467 3926 σοφώτερον
3504 3855 3600 3906 καὶ
3640 3854 3807 3923 στέρ-

2216 3948 2410 4015 γεσθαι
2440 3949 2666 4011 δίκαιον,
2697 3948 2776 4001 δεῖ
2802 3947 2880 4017 τῷ
2935 3948 3181 4016 μέλλοντι
3209 3950 3273 4016 τῇ
3307 3946 3586 4016 θαυμασία
3620 3945 3802 4015 ταύτῃ

2217 4039 2522 4108 ἑμϐαθῦναι
2555 4038 2804 4109 θεολογίᾳ
2833 4039 2926 4091 καὶ
2955 4040 3052 4106 τῆς
3091 4039 3450 4108 κρυφιότητος
3471 4038 3600 4090 εἵσω
3626 4037 3802 4088 διεισ-

2215 4129 2370 4182 δῦναι
2400 4131 2743 4200 γεωμετρίας
2793 4131 2892 4200 μὲν
2929 4131 3027 4182 οὐκ
3054 4129 3286 4197 ἀμαθῶς
3316 4129 3482 4198 ἔχειν,
3518 4129 3712 4181 ἐλάσαι
3740 4128 3800 4180 δὲ

2216 4224 2310 4273 καὶ
2342 4221 2477 4290 πρὸς
2499 4221 2868 4292 ἀριθμητικὴν
2889 4221 3296 4292 ἀκριϐολογίαν,
3329 4222 3447 4273 οὐδὲ
3471 4225 3568 4291 τῆς
3594 4222 3800 4291 ἀστρο-

2217 4314 2476 4378 θεάμονος
2513 4313 2702 4380 σοφίας
2753 4315 2810 4367 ἐν
2840 4313 2919 4385 τῷ
2967 4313 3231 4385 παρέργῳ
3269 4313 3366 4382 τὴν
3408 4312 3646 4382 μάθησιν
3695 4328 3797 4362 πε-

2216 4403 2500 4471 ποιῆσθαι,
2539 4405 2636 4456 καὶ
2669 4404 2774 4473 μὴν
2799 4405 2842 4435 ⁸³
2885 4407 2977 4457 καὶ
3005 4407 3116 4466 τοῖς
3153 4406 3431 4473 μουσικοῖς
3469 4403 3795 4472 θεωρήμασι

2219 4496 2312 4548 καὶ
2345 4495 2408 4565 δὴ
2446 4496 2544 4548 καὶ
2573 4498 2825 4565 ὀργάνοις
2869 4494 3330 4565 ὲγγεγυμνάσθαι.
3372 4497 3490 4548 Ἵνα
3521 4496 3630 4565 γάρ
3667 4496 3795 4557 τοὺς

531 4587 783 4648 oporteat
830 4581 1202 4647 ingressurum
1233 4576 1287 4629 in
1329 4580 1471 4631 hanc
1525 4574 1904 4628 admirabilem
1958 4576 2107 4629 theo-

2216 4585 2483 4654 ἀριθμοὺς
2537 4586 2833 4658 θεοποιησῃ
2861 4587 2958 4640 καὶ
2997 4586 3106 4639 τῶν
3145 4584 3316 4638 ὄντων
3358 4586 3454 4654 τῆς
3478 4587 3792 4648 ούσιὼσεως

533 4671 756 4741 logiam,
812 4670 1078 4738 altiusque
1135 4669 1186 4722 in
1236 4669 1552 4723 abscondita
1618 4667 1736 4738 ejus
1796 4679 2110 4737 penetratu-

536 4780 680 4830 rum,
730 4763 1040 4835 geometria:
1093 4761 1359 4830 imprimis
1407 4761 1591 4814 rudem
1657 4776 1762 4815 non
1807 4776 1950 4824 esse,
2014 4761 2109 4814 sed

531 4850 851 4906 numerandi
891 4865 1108 4920 quoque
1157 4848 1420 4904 rationem
1472 4862 1728 4904 accurate
1765 4859 1980 4904 tenere:
2019 4866 2112 4902 ne-

534 4958 642 5012 que
675 4942 802 4996 item
829 4953 1100 4995 astrorum
1153 4941 1538 5008 iuspectionem
1598 4941 1775 4994 obiter
1831 4940 2108 5002 didicisse,

532 5035 667 5105 quin
719 5034 895 5102 potius
920 5041 974 5087 et
1027 5033 1079 5086 in
1136 5033 1356 5086 musicis
1414 5033 1896 5100 speculationibus,
1943 5043 2107 5100 atque

533 5127 670 5180 adeo
705 5125 848 5180 illius
877 5124 1256 5178 instrumentis
1285 5137 1402 5176 esse
1441 5125 1819 5176 exercitatum.
1862 5122 1927 5177 Ut
1963 5124 2104 5176 enim

531 5232 565 5272 e
600 5219 840 5271 numeris
890 5218 1018 5270 deos
1059 5214 1277 5277 eﬂiciat,
1311 5216 1640 5282 eosdemque
1704 5214 1882 5267 omnis
1919 5229 2098 5266 esseu-

2213 4677 2419 4738 αἰτίους
2451 4677 2495 4708 ³⁸
2529 4677 2818 4749 ἀναπλάσῃ
2841 4719 2856 4741 ,
2891 4678 2985 4744 ἀφ’
3035 4665 3273 4747 ὲκὰστής
3321 4677 3430 4729 τῶν
3482 4677 3790 4746 εἰρημένων

2214 4767 2541 4836 ἐπιστημῶν
2576 4768 2694 4822 ἔνιά
2746 4786 2866 4821 τινα
2905 4767 3013 4820 τῶν
3069 4767 3442 4838 θεωρημάτων
3489 4771 3553 4836 τῇ
3595 4771 3726 4837 περὶ
3748 4768 3790 4799 ³⁷

2212 4860 2340 4921 τοὺς
2394 4859 2659 4929 ἀριθμοὺς
2694 4861 2969 4928 ὲνυφαίνει
3005 4859 3348 4931 θεοπλαστίᾳ
3370 4902 3384 4924 ,
3421 4853 3495 4914 ὧν
3526 4863 3558 4930 ὴ
3598 4861 3732 4927 ἆγνο
3757 4877 3790 4914 α

2213 4947 2468 5014 ἐμποδὼν
2498 4950 2564 5001 ἂν
2595 4948 2755 5016 σταίη
2789 4947 2926 5018 πρὸς
2949 4947 3048 5017 τὴν
3094 4947 3204 5000 τῶν
3250 4947 3582 5018 τηλικούτων
3625 4965 3792 5016 μυστ-

2217 5037 2486 5103 αγωγίαν,
2520 5038 2613 5089 καὶ
2645 5039 2820 5107 μάτην
2867 5037 2927 5089 τὺ
2961 5038 3260 5108 πρόθυμον
3319 5038 3645 5103 ἐπιδείξεται
3672 5037 3716 5067 ³³
3764 5038 3790 5088 ὁ

2213 5131 2336 5189 ταῖς
2383 5129 2702 5198 εἰρημέναις
2753 5128 2828 5198 μὴ
2867 5130 3248 5197 προτελεσθείς
3281 5131 3638 5198 ἐπιστήμαις.
3683 5129 3792 5180 Καὶ

2215 5217 2295 5267 δεῖ
2334 5219 2463 5283 ἄρα,
2519 5217 2594 5280 ὡς
2635 5218 2800 5283 ἔοικε,
2843 5218 2954 5288 βίον
2985 5219 3275 5290 ἀνθρώπου
3320 5220 3653 5290 κατατρῖψαι
3702 5219 3794 5272 καὶ

1833 5347 2063 5401 VARIA'J
2106 5348 2516 5406 LECTIONES.

604 5474 688 5507 ἰ*
717 5473 775 5536 ἐς
823 5490 890 5542 με
921 5471 1032 5540 γὰρ
1057 5469 1239 5543 dom-‘3"
1273 5486 1358 5543 εἷ’-
1401 5469 1444 5501 ³’
1464 5468 1678 5543 παρέὲ.Α
1702 5486 1715 5522 ³
1741 5469 1870 5543 περὶ
1893 5487 1953 5532 ς’
2029 5471 2075 5543 Ϋ³
2102 5471 2390 5543 ἀναφέρων
2413 5481 2532 5543 Post
2574 5472 2729 5540 γένος
2750 5473 2894 5543 Ponit
2919 5492 2979 5539 ς’.

1168 5540 1212 5569 ³⁸
1250 5539 1426 5600 αἰτίας
1458 5556 1517 5601 ς.
1595 5539 1639 5569 ³⁷
1671 5541 1799 5609 περὶ
1832 5542 1875 5592 Α
1911 5558 1924 5592 :
1955 5541 2089 5609 πρὸς
2119 5558 2180 5604 ς.
2256 5542 2300 5573 ³³
2328 5542 2629 5608 ἑπιδέξεται
2659 5560 2720 5606 ς.

531 5544 627 5598 καὶ
654 5545 700 5598 Α
744 5563 757 5598 :
803 5543 910 5614 μὴν
937 5545 993 5593 ἐν
1030 5557 1090 5603 ς.

3110 5475 3154 5516 ἰ
3198 5475 3404 5544 σκεπτὴ
3447 5491 3507 5539 ς.

3611 5476 3659 5508 ³⁵
3685 5475 3792 5546 μὴν

2047 5649 2279 5706 ΝΟΤΛῖ.

600 5778 715 5847 (77.)
745 5776 912 5830 Cuius
972 5772 1091 5828 libri
1155 5772 1257 5825 duo
1291 5770 1480 5824 Grzcce
1520 5772 1647 5827 editi
1713 5772 1932 5828 Parisiis
1991 5790 2080 5828 an.
2145 5773 2302 5827 1538.
