4038 6454
566 391 670 457 599

1719 394 1985 459 PHOTII
2025 392 2528 456 PATRIARCHAE
2568 396 2673 456 (ΖΡ.

3730 360 3830 460 600

566 507 815 562 senarius
845 506 1135 564 Harmonia
1166 518 1330 581 atque
1354 511 1605 568 universa
1636 524 1847 578 natura,
1873 524 1927 569 et
1956 514 2128 581 magis

2239 511 2357 582 βιοῖς
2384 511 2475 583 8.]
2507 514 2601 566 κα).
2625 511 2943 582 οὑλομέλεια
2972 510 3040 575 ⁸⁸,
3064 510 3159 564 καὶ
3188 511 3404 582 κυρίως
3441 506 3592 580 αὕτη
3614 511 3662 545 ⁸⁸
3696 512 3830 580 μᾶλ-

568 598 786 668 proprie
817 599 1045 667 ipsamet
1088 599 1285 667 Venus,
1326 618 1447 658 cum
1492 604 1639 673 luga,
1688 613 1799 658 tum
1854 604 2128 673 nuptialis,

566 700 621 743 et
663 692 1011 760 androgynea
1057 693 1358 763 theologica
1404 695 1473 750 ab
1505 709 1570 750 eo
1617 695 1987 750 constituitur.
2031 694 2132 749 Ju-

566 780 701 851 galis
735 782 921 836 adhzec
966 793 1020 836 et
1064 783 1315 838 illecebra
1356 789 1519 854 :fpax
1573 801 1807 855 quoque,
1860 787 2128 849 amicitia,

568 873 794 937 sanitas,
825 884 880 927 et
905 875 1106 928 Acmon
1142 874 1298 945 (10‘),
1325 891 1389 931 ac
1413 877 1633 933 veritas.
1669 877 1882 931 llexada
1913 879 2133 946 insuper

568 966 754 1021 volunt
792 967 843 1020 hi
877 966 1075 1022 Pareas
1107 968 1248 1023 inter
1279 968 1543 1025 Lachesin
1593 986 1733 1036 esse,
1774 972 2133 1041 principium-

567 1075 673 1127 que
700 1074 763 1113 ac
798 1060 1079 1113 dimidium
1118 1062 1303 1127 totius,
1339 1071 1393 1116 et
1433 1064 1589 1130 longe
1617 1063 1946 1131 iaculantem
1988 1064 2123 1131 (11),

567 1167 633 1205 ac
655 1152 921 1215 Triviam,
958 1151 1302 1208 Dichroniam
1332 1156 1485 1227 (ll'),
1516 1155 1793 1212 Perseiain
1828 1158 1970 1227 (12),
2005 1158 2133 1212 Tri-

570 1244 816 1308 lormem,
846 1244 1231 1311 Amphitriten,
1279 1247 1577 1301 Anchidiea
1628 1250 1765 1318 (15),
1802 1260 1857 1304 et
1906 1252 1971 1303 de
2016 1250 2133 1303 Mu-

568 1352 752 1390 sarum
789 1352 1012 1390 uumero
1043 1335 1343 1404 Thaleiam,
1372 1355 1436 1394 ac
1468 1340 1810 1397 Panaceiam.
1849 1342 1925 1396 Ita
1962 1358 2135 1411 neque

567 1428 812 1481 senarius
853 1428 919 1481 ab
950 1428 1076 1496 ipsis
1110 1430 1413 1496 praeteritus
1444 1440 1548 1494 est,
1588 1433 1715 1500 quin
1754 1434 1909 1485 deum
1950 1433 2132 1486 deam-

526 1562 543 1577 ,
566 1532 672 1583 que
694 1533 814 1571 esse
846 1519 987 1573 omni
1024 1520 1201 1573 studio
1234 1520 1573 1589 probaretur.

638 1604 755 1660 Jam
801 1607 1095 1662 hebdonias
1145 1610 1294 1679 (quid
1334 1612 1541 1675 dicas?)
1590 1613 1878 1669 confestim
1926 1616 1984 1668 lit
2022 1617 2134 1684 (14)

570 1697 794 1758 σεπτὰς·
823 1697 973 1752 ubisi
1007 1701 1336 1753 consuetudo
1361 1700 1473 1772 (15)
1500 1702 1694 1757 Eforte
1710 1715 1939 1771 exterat,
1971 1708 2136 1761 trahit

570 1789 671 1844 hoc
704 1788 864 1844 facile
909 1804 974 1843 ex
1010 1791 1210 1859 duplici
1259 1792 1434 1845 littera
1476 1790 1535 1857 Ξ,
1570 1811 1730 1863 quam
1780 1798 1895 1865 ipsa
1945 1808 2132 1853 natura

2232 609 2323 660 λον
2368 606 2655 677 Ἀφροδίτη
2690 604 2851 675 ζυγία
2871 623 2932 658 τε
2966 607 3062 658 καὶ
3120 605 3372 675 γαμηλία
3424 604 3530 659 καὶ
3570 604 3831 674 ἀνδρογυ·

2231 700 2319 752 νία
2351 698 2398 732 ⁸⁸
2433 698 2784 767 θεολογεῖται.
2825 696 2984 751 Ἀλλὰ
3020 696 3115 749 καὶ
3156 698 3371 765 ζυγίτις
3398 697 3503 749 καὶ
3544 696 3830 766 φιλοτησία

2230 793 2531 863 καὶείρήνη
2564 791 2663 845 καὶ
2691 789 2842 861 φιλία
2874 791 2968 845 καὶ
3014 790 3441 861 ὑγεία,¹Ἀκμων
3474 807 3538 842 τε
3574 791 3673 842 καὶ
3700 789 3829 859 ἀλή-

2234 885 2376 937 θεια.
2402 884 2512 937 Καὶ
2545 883 2749 955 μοιρῶν
2769 883 2826 935 δὲ
2851 882 3086 952 Λάχεσιν
3108 880 3276 952 αὐτὴν
3322 879 3582 937 ποιοῦσι.
3615 880 3712 932 καὶ
3738 881 3831 949 ἀρ-

2232 975 2334 1046 χὴν
2348 975 2442 1027 καὶ
2458 976 2627 1045 ἥμισυ
2644 974 2959 1037 παντὸς,καὶ
2981 972 3391 1043 έκατηὸελέτιν,
3420 971 3522 1024 καὶ
3538 971 3827 1039 Τριοδῖτιν,

2234 1068 2330 1118 καὶ
2345 1065 2645 1139 Διχρονίαν,
2673 1066 2768 1118 καὶ
2790 1066 3075 1136 Περσεία-ι,
3091 1066 3185 1117 καὶ
3207 1062 3678 1133 Τρίμορφον,καὶ
3700 1061 3830 1132 ’Δμ-

2236 1157 2511 1227 φιτρίτην,
2545 1156 2639 1209 καὶ
2662 1155 2997 1227 Ἀγχιδίκαν,
3032 1157 3128 1209 καὶ
3160 1154 3398 1208 Μουσῶν
3443 1153 3709 1216 Θάλειαν,
3738 1156 3828 1207 καὶ

2237 1247 2565 1300 Πανάκειαν.
2599 1246 2753 1299 Οὕτω
2800 1246 2897 1316 μὲν
2924 1247 3034 1301 οὐδ’
3059 1250 3093 1317 ἡ
3124 1246 3250 1311 ἑξὰς
3290 1246 3495 1307 αὐτοῖς
3544 1244 3666 1307 Θεὸς
3698 1240 3828 1297 εἶναι

2238 1341 2335 1393 καὶ
2358 1340 2499 1403 Θεοῖς
2522 1340 2566 1371 ⁸⁷
2592 1339 2813 1407 διέφυγε
2836 1338 3261 1407 φιλοτιμεῖσθαι.

2319 1608 2383 1661 ’11
2432 1606 2489 1659 δὲ
2544 1604 2830 1672 ἑϐδομὰς,
2870 1602 2922 1655 τί
2968 1602 3033 1656 ἄν
3104 1620 3187 1665 τις
3241 1603 3335 1655 καὶ
3411 1604 3610 1668 sinat;
3672 1602 3825 1667 εὐθὺς

2242 1701 2341 1770 μὲν
2385 1700 2480 1769 ίάρ
2514 1702 2630 1751 ἐστι
2658 1696 2860 1756 οεπτάς
2884 1712 2896 1726 ·
2931 1694 3031 1747 κᾶν
3050 1695 3111 1747 τὸ
3141 1700 3187 1746 σ¹
3222 1694 3441 1764 φθείροι
3466 1696 3500 1763 ἡ
3548 1694 3821 1763 συνήθεια,

2239 1793 2289 1845 ἓ)
2303 1810 2388 1844 κει
2410 1789 2567 1843 τοῦτο
2593 1791 2765 1859 ῥᾷστα
2782 1790 2843 1840 ὲκ
2881 1786 3067 1839 διπλοῦ
3093 1786 3185 1838 τοῦ
3216 1786 3285 1852 ξ’,
3318 1786 3467 1855 ὅπερ
3493 1788 3576 1855 τῷ
3598 1786 3703 1855 πρὸ
3734 1788 3824 1839 αὒ-

572 1881 635 1933 ad
670 1882 1023 1950 praecedentis
1052 1884 1163 1952 (16)
1195 1884 1402 1937 numeri
1433 1884 1593 1939 linem
1621 1888 1781 1941 veluti
1810 1899 1957 1943 sorte
1988 1891 2137 1943 attri-

2239 1884 2332 1937 τοῦ
2356 1882 2574 1955 ἀριθμῷ
2601 1884 2632 1952 ἡ
2672 1880 2832 1950 φύσις
2863 1880 2998 1952 πρὸς
3025 1878 3102 1949 τῷ
3130 1880 3274 1932 τέλει
3298 1880 3730 1949 ἀπεκλήρωσεν,
3761 1879 3822 1932 ἶν’

567 1975 704 2039 ltuit,
750 1983 808 2028 ut
860 1975 974 2029 hinc
1011 1975 1343 2028 adminiculo
1397 1977 1659 2031 adversus
1710 1979 1851 2047 vulgi
1913 1981 2136 2035 insidias

567 2076 795 2135 augusto
837 2067 911 2120 illi
950 2082 1175 2121 numero
1224 2078 1387 2122 esset.
1428 2069 1607 2138 Atque
1654 2071 1769 2125 haec
1817 2073 2134 2126 admiranda

568 2158 658 2210 illa
716 2158 1106 2213 demonstratio
1167 2168 1283 2221 est,
1346 2175 1452 2229 qua
1526 2164 1595 2213 ita
1655 2163 1916 2218 exsistere
1981 2166 2137 2219 docet

568 2248 805 2320 [vocem]
840 2250 1062 2313 σεπτὰς,
1106 2261 1157 2304 et
1194 2250 1335 2304 cultu
1384 2253 1602 2319 dignum
1652 2269 1937 2308 numerum
1973 2256 2134 2310 ἑπτὰ.

565 2339 633 2390 At
673 2354 887 2392 rursum
932 2339 1095 2393 etiam
1150 2338 1262 2408 (17)
1316 2340 1402 2394 hic
1435 2342 1658 2395 unitatis
1708 2352 1790 2397 est
1839 2359 1901 2397 ac
1931 2346 2135 2401 denarii

568 2428 853 2482 medietas.
910 2428 1153 2484 Fortuna
1215 2431 1380 2495 item,
1438 2441 1491 2485 et
1538 2430 1801 2499 Occasio,
1856 2434 2134 2500 Minerva,

567 2517 733 2583 Mars,
757 2519 1025 2584 Acreotis,
1048 2520 1233 2590 Agelia
1269 2521 1403 2590 (l8),
1437 2520 1725 2591 Atrytone,
1750 2531 1802 2576 et
1826 2522 1991 2593 Capta
2025 2524 2136 2595 (19)

565 2611 865 2680 eademque
922 2612 1102 2667 valido
1157 2611 1271 2683 (20)
1331 2623 1483 2682 patre
1539 2623 1702 2679 nata,
1752 2614 2137 2684 Tritogeneia,

567 2703 758 2757 caesius
806 2703 1010 2758 habens
1047 2704 1254 2767 oculos,
1286 2705 1684 2759 Alalcomeneia
1731 2706 1866 2775 (21),
1903 2706 2137 2762 Panteu-

569 2793 690 2846 chia
722 2793 864 2863 (22),
899 2794 1107 2864 Ergana
1148 2794 1263 2863 (25)
1293 2804 1346 2849 et
1386 2796 1566 2850 multis
1590 2798 1842 2865 precibus
1883 2801 2139 2867 expetita,

568 2884 852 2955 integritas
886 2898 1114 2950 naturae,
1151 2887 1473 2942 Atiialtlieia:
1511 2889 1701 2958 stirps,
1737 2889 1911 2959 JEgis,
1943 2891 2135 2958 Osiris,

568 2991 813 3044 somnus,
846 2993 971 3043 vox,
1007 2994 1195 3043 sonus,
1230 2990 1285 3033 et
1323 2984 1388 3034 de
1432 2980 1706 3035 Musarum
1743 2997 1971 3037 numero
1997 2984 2135 3039 Clio.

568 3068 624 3148 _Si
659 3070 811 3136 libet,
841 3072 1003 3125 etiam
1030 3071 1314 3142 judicium,
1345 3082 1399 3127 et
1430 3074 1738 3137 Adrasteia,
1772 3085 1825 3130 et
1873 3075 2137 3146 ejusmodi

2238 1974 2271 2049 ᾗ
2304 1978 2461 2029 τοῦτο
2492 1974 2839 2045 ἐπικούρημα
2871 1973 2948 2043 τῷ
3002 1972 3247 2042 σεϐαστῷ
3293 1972 3530 2043 ἀριθμῷ
3566 1972 3705 2041 πρὸς
3733 1973 3823 2042 τὴν

2240 2069 2531 2138 ἐπιϐουλὴν
2556 2067 2656 2137 τὴν
2685 2068 2792 2119 ἀπὸ
2819 2066 2928 2118 τῶν
2968 2064 3197 2118 πολλῶν.
3229 2065 3478 2134 Τοιαύτη
3518 2065 3619 2134 μὲν
3639 2066 3669 2135 ἡ
3692 2064 3821 2117 ἀπό-

2237 2160 2402 2224 δειξις
2430 2156 2740 2226 Θαυμαστὴ,
2794 2156 2869 2216 ὡς
2938 2155 3051 2206 ἐστι
3105 2156 3321 2217 πάντως
3357 2156 3429 2188 ⁸⁷“
3477 2155 3688 2217 σεπτὰς
3733 2153 3822 2208 καὶ

2242 2249 2514 2318 σεϐασμοῦ
2544 2247 2692 2312 ἄξιος
2731 2248 2759 2299 ὁ
2793 2246 2951 2299 ἑπτά.
3003 2245 3171 2299 Πάλιν
3201 2244 3257 2297 δὲ
3281 2244 3383 2298 καὶ
3408 2244 3556 2315 αὑτὴ
3594 2242 3822 2315 μεσότης

2246 2342 2468 2413 μονάδος
2497 2343 2592 2394 καὶ
2624 2339 2868 2405 δεκάδος,
2923 2338 3065 2408 τύχη
3105 2339 3203 2391 καὶ
3242 2338 3472 2409 καιρὸς,
3509 2339 3715 2409 Ἀθηνᾶ
3735 2338 3820 2390 καὶ

2246 2435 2437 2505 Ἀρης,
2463 2433 2558 2486 καὶ
2574 2430 2888 2502 Ἀκρεῶτις,
2905 2430 2999 2483 καὶ
3020 2429 3266 2497 Ἀγελεία
3284 2430 3351 2494 ⁸⁸,
3372 2431 3472 2483 καὶ
3492 2428 3816 2501 Ἀτρυτώνη,

2242 2525 2549 2593 φυλακῖτις,
2605 2523 3009 2593 ὀϐριμοπάτρα,
3062 2522 3440 2591 Τριτογένεια,
3479 2520 3814 2590 γλαυκῶπις,

2253 2616 2696 2686 ’Λλαλκομένεια,
2727 2613 3314 2685 Παντευχία,Ἐργάνη,
3358 2614 3709 2685 πολυαρήτη,
3733 2611 3815 2665 ού-

2239 2709 2492 2779 λομέλεια
2514 2750 2528 2774 ,
2564 2706 2894 2776 Ἀμαλθείας
2916 2708 3090 2775 γένος,
3112 2706 3289 2773 Αἰγὶς,
3319 2708 3563 2775 Ὄσιρις,
3596 2706 3813 2774 ὄνειρος,

2243 2803 2416 2872 φωνὴ,
2446 2802 2601 2870 αὐδὴ,
2633 2801 2726 2853 καὶ
2759 2800 2993 2853 Μουσῶν
3021 2802 3054 2869 ἡ
3085 2798 3285 2863 Κλειὼ,
3320 2800 3368 2851 εί
3404 2799 3589 2869 βούλει
3619 2798 3693 2863 δὲ,
3728 2794 3814 2848 καὶ

2241 2894 2421 2965 κρίσις
2445 2894 2539 2947 καὶ
2578 2892 2897 2962 Ἀδράστεια
2932 2891 3025 2945 κα)⁵
3086 2890 3256 2953 πολὺς
3286 2890 3536 2961 φλύαρος
3574 2889 3620 2922 ⁸⁹
3648 2885 3813 2940 τοιοῦ-

2240 3004 2350 3049 τος.
2415 2985 2571 3038 Οὕτω
2633 2984 2731 3054 μὲν
2786 2985 2819 3053 ἠ
2875 2984 3184 3043 πάνσεπτος
3243 2982 3431 3043 αὐτοῖς
3486 2981 3658 3040 ἑπτὰς
3714 2996 3814 3049 μα-

2242 3079 2484 3150 κροτέρῳ
2514 3077 2661 3147 πόνῳ
2692 3077 2865 3145 μέγας
2898 3077 2990 3129 καὶ
3024 3074 3190 3136 πολὺς
3223 3073 3344 3136 θεὸς
3369 3076 3710 3143 ἁνυμνεῖται.

565 3153 783 3227 lineptiae
813 3161 1013 3215 multae.
1076 3160 1167 3216 Sic
1221 3163 1380 3232 plane
1420 3163 1511 3217 ille
1555 3164 1862 3221 adorandus
1919 3174 2279 3241 septenarius,
2330 3172 2532 3242 ingenti
2587 3170 2855 3237 longoque
2927 3166 3133 3229 labore,
3201 3173 3258 3218 ut
3323 3180 3561 3237 magnus
3638 3158 3811 3218 multi'

566 3258 798 3324 plquue
826 3258 960 3311 deus
990 3258 1055 3312 ab
1088 3259 1219 3327 ipsis
1249 3258 1497 3313 laudibus
1531 3260 1858 3316 celebratur.

638 3350 971 3407 Octonarius
1003 3353 1221 3418 deinde,
1250 3354 1351 3408 etsi
1393 3370 1732 3424 nequaquam
1768 3365 1972 3411 tantam
2026 3360 2139 3413 lau-
2166 3366 2211 3427 ο

567 3444 688 3499 dem
725 3444 817 3514 (ne
847 3455 1038 3499 octava
1066 3445 1282 3514 quidem
1314 3462 1378 3501 ex
1409 3446 1585 3517 parte)
1612 3448 1845 3502 obtinuit
1878 3469 1891 3504 :
1926 3453 2140 3518 quando

570 3547 751 3591 tamen
784 3552 881 3607 pro
920 3540 1020 3591 deo
1054 3539 1219 3591 etiam
1256 3539 1344 3593 hic
1377 3540 1508 3608 ipsis
1549 3551 1654 3605 est,
1689 3558 1717 3595 e
1747 3543 1874 3596 sede
1904 3560 1997 3598 sua
2033 3560 2139 3600 non

568 3629 793 3694 excidit.
829 3630 1069 3683 Aderant
1088 3630 1232 3682 enim
1275 3630 1447 3699 ipsum
1495 3633 1648 3701 quasi
1687 3648 1951 3687 summam
2006 3634 2141 3691 Har-

570 3719 804 3771 moniam
856 3728 911 3772 et
955 3717 1264 3773 Cadineiam
1323 3720 1437 3791 (24)
1491 3731 1755 3785 matrem,
1813 3738 1878 3777 ac
1934 3724 2139 3778 Rheam

569 3808 943 3863 mulierilicam
995 3809 1132 3879 (25),
1181 3810 1454 3881 Cybelen,
1505 3812 1758 3884 Cybeben
1809 3814 2137 3885 Dindymen,

572 3900 828 3969 urbisque
858 3903 1158 3965 custodem,
1187 3904 1333 3958 velut
1361 3920 1601 3959 amorem
1636 3907 1789 3969 item,
1815 3916 1975 3976 atque
2006 3909 2140 3961 ami-

568 3988 774 4054 citiam,
823 3992 1182 4059 prudentiam,
1240 3995 1675 4063 intelligentiam,
1724 3996 1942 4050 Oreiam
1996 3998 2139 4068 (26),

570 4081 799 4136 Themin
856 4083 1007 4153 (27),
1066 4084 1274 4155 legem,
1328 4097 1510 4141 natum
1568 4088 1678 4158 (28)
1741 4100 1866 4145 ante
1919 4099 2141 4144 exactos

570 4188 803 4242 menses,
829 4186 885 4230 et
909 4176 1180 4231 Musarum
1210 4177 1503 4248 Euterpen.

638 4264 977 4323 Novenarius
1027 4270 1155 4323 item
1206 4272 1580 4338 posthabetur,
1622 4281 1677 4326 et
1720 4272 1775 4325 in
1816 4271 2035 4337 deitate,
2085 4282 2139 4326 et

2322 3361 2390 3414 Ἥ
2421 3359 2477 3412 δὲ
2510 3356 2697 3419 ὀκτὰς,
2726 3356 2774 3407 εἰ
2799 3354 2889 3407 κα).
2926 3353 2999 3423 μὴ
3047 3354 3158 3414 τοῖς
3186 3351 3324 3413 ἴσοις
3371 3351 3502 3421 μηδ’
3534 3348 3699 3418 ὀγδόῳ
3720 3345 3808 3417 μέ-

2247 3470 2349 3524 ρει,
2385 3445 2617 3505 ὰλλόὗν
2650 3447 2726 3517 τῷ
2778 3445 2899 3507 θεὸς
2958 3444 3136 3506 ιύτοῖς
3182 3437 3321 3494 εἶναι
3386 3441 3500 3495 οὐδ’
3559 3439 3692 3510 αὑτὴ
3722 3433 3805 3490 τοῦ

2243 3543 2433 3615 Θρόνου
2486 3538 2767 3609 ἀπερρίφη
2792 3553 2807 3566 ·
2869 3533 3251 3605 Παναρμονίαν
3297 3535 3410 3602 γὰρ
3443 3533 3616 3600 αὐτὴν
3652 3544 3807 3599 προσ-

2242 3633 2485 3695 κυνοῦσι,
2514 3634 2609 3685 καὶ
2630 3628 2912 3699 Καδμείαν
2947 3628 2991 3659 ⁸ο
3018 3627 3232 3697 μητέρα
3275 3643 3336 3678 τε
3385 3626 3481 3679 καὶ¹
3526 3624 3674 3677 Ῥέαν
3716 3619 3803 3672 καὶ

2243 3726 2533 3799 Θηλυποιδν
2560 3724 2655 3777 καὶ
2705 3721 2977 3790 Κυϐέλην,
3012 3719 3273 3788 Κυϐήϐην
3302 3735 3363 3770 τε
3421 3717 3519 3770 καὶ
3546 3712 3801 3783 Δινδύμην

2243 3820 2338 3874 καὶ
2362 3817 2663 3885 πολιοῦχον,
2696 3813 2877 3885 ἔρωτά
2902 3829 2959 3863 τε
2989 3810 3081 3863 καὶ
3114 3809 3315 3878 φιλίαν,
3340 3808 3527 3879 μῆτιν,
3550 3805 3798 3864 ἐπίνοιαν,

2243 3911 2479 3983 Ὀρείαν,
2510 3908 2701 3978 Θέμιν,
2728 3906 2909 3975 νόμον,
2940 3902 3293 3973 ὴλιτομήναν,
3328 3902 3427 3954 καὶ
3452 3898 3561 3953 τῶν
3584 3892 3797 3951 Μουσῶν

2242 4002 2342 4074 τὴν
2367 4000 2671 4071 Εὐτέρπην.

2317 4263 2427 4315 Καὶ
2458 4263 2491 4331 ἡ
2522 4260 2680 4323 ὲννὰς
2708 4259 2765 4311 δὲ
2799 4258 3016 4328 ὑστερεῖ
3046 4255 3145 4323 μὲν
3166 4255 3259 4307 καὶ
3284 4253 3386 4323 τῆς
3417 4252 3684 4319 Ostorii-co;
3711 4241 3795 4297 καὶ

569 4359 625 4414 in
672 4359 829 4430 longa
891 4362 1284 4433 descriptione,
1320 4378 1422 4433 qua
1469 4364 1808 4433 septenarius
1862 4364 1918 4417 in
1968 4365 2134 4416 altum

2244 4359 2343 4425 τῆς
2376 4353 2594 4424 μακρᾶς
2629 4348 2974 4420 συγγραφῆς,
3006 4343 3086 4409 οἷς
3115 4347 3157 4378 ⁸⁸
3187 4348 3221 4416 ἡ
3255 4345 3489 4416 ἑϐδομὰς
3516 4340 3791 4412 ὑπερῆρεν

1855 4476 2091 4531 VARle
2130 4466 2543 4530 LECTIONES.

640 4566 686 4599 “
704 4568 992 4640 ούλομελία
1045 4572 1110 4624 A.
1185 4573 1231 4603 ³⁵
1270 4572 1408 4642 αὑτὴ
1479 4590 1541 4635 ς.
1617 4573 1661 4605 ⁸⁸
1698 4574 2059 4643 ἀνδρογυναία
2084 4590 2142 4636 ς.
2178 4568 2275 4621 καὶ
2317 4573 2436 4633 post
2470 4562 2677 4627 ζυγϊτις
2716 4558 2842 4612 add.
2881 4556 2947 4610 A.
3026 4556 3071 4587 ⁸⁷
3114 4553 3212 4607 Θεὰ
3240 4571 3302 4617 ς.

640 4653 710 4689 τω
740 4655 798 4703 ς.
875 4641 921 4673 ⁸⁸
942 4641 1131 4707 ἀγελία
1204 4642 1325 4695 libri
1379 4644 1652 4707 ἁκρέωσις
1689 4661 1749 4707 ς.
1853 4646 1898 4675 ⁸⁹
1944 4646 2036 4697 καὶ
2070 4636 2446 4707 πολυφλύαρος
2499 4649 2559 4695 ς.
2639 4630 2684 4661 ⁶⁹
2716 4626 2994 4698 Καδμείας
3038 4642 3101 4689 ς.
3139 4641 3200 4677 τε
3221 4625 3302 4679 adi

1944 4656 2036 4697 και
2070 4656 2446 4697 πολυφλυαρος
2499 4656 2559 4695 ς.

566 4635 710 4779 gibt:
740 4655 798 4703 ς.
833 4635 846 4640 ’
875 4641 921 4673 ⁸⁸
942 4641 1131 4708 ἀγελία
1204 4642 1325 4695 libri
1379 4635 1652 4713 ἆκρέωσις
1689 4661 1749 4707 ς.

606 4724 634 4770 ς
709 4756 722 4768 .

606 4724 722 4770 ςς.

3402 4554 3470 4585 ⁸⁷’
3490 4551 3695 4608 πάντως
3712 4544 3748 4596 Α

2639 4607 2684 4661 δ
2716 4607 2994 4698 Καδμείας
3038 4642 3101 4689 ς.
3139 4641 3200 4677 τε
3221 4607 3347 4680 add.
3368 4626 3434 4678 A.
3535 4622 3573 4653 ⁸³
3603 4614 3678 4680 οἷς
3707 4616 3747 4667 Α
3773 4607 3786 4644 ³

2089 4792 2323 4849 NOTAE.

644 4890 779 5007 (30').
826 4889 1109 4971 Eustathio
1134 4886 1404 4951 Oceanus,
1439 4897 1494 4944 ct
1527 4888 1746 4942 Saturni
1774 4900 1950 4958 pater.
1974 4887 2141 4943 Cons.

703 4976 841 5007 armi
879 4959 1134 5007 Leucon.

570 4972 627 5018 et
657 4959 842 5013 Varini
879 4959 1134 5013 Lexicon.

644 5030 756 5098 (11)
780 5028 1161 5097 ἐκατηϐελέτιν
1196 5027 1379 5082 Diana:
1406 5029 1574 5097 epith.

646 5100 783 5169 (ll')
802 5098 1200 5169 (Bitemporemn
1228 5098 1417 5169 Latina
1453 5098 1625 5151 forma
1648 5100 1818 5153 dicas.

644 5166 758 5239 (12)
799 5168 1028 5223 Hecates
1058 5185 1086 5220 a
1123 5180 1277 5239 patre
1318 5166 1539 5231 Perseu,
1572 5169 1739 5239 epith.
1773 5171 1914 5239 apud
1954 5168 2136 5224 Valer.

574 5236 851 5295 magno.
881 5254 957 5298 vr,
989 5254 1053 5290 ex
1083 5237 1240 5305 Apol.
1275 5239 1366 5290 lib.
1394 5252 1477 5300 Ill,
1509 5246 1565 5290 et
1591 5236 1828 5306 Orpheo.

647 5311 759 5378 (13)
786 5309 948 5373 Quasi
982 5309 1151 5361 vicina
1197 5308 1429 5375 justitia,
1457 5317 1511 5360 et
1535 5322 1656 5375 quae
1699 5309 1764 5360 ad
1797 5324 2011 5362 manum
2045 5309 2135 5362 sit.

646 5381 759 5447 (14)
800 5379 1040 5445 Septeniu
1089 5378 1282 5430 Latina
1333 5378 1677 5430 formatione.
1728 5380 1799 5431 De
1829 5380 2140 5446 septenario

544 5450 547 5451 ⁷
575 5463 757 5504 autem
789 5452 958 5502 multa
982 5462 1196 5515 quoque
1229 5446 1380 5498 Philo
1411 5446 1632 5514 scripsit
1660 5447 1753 5500 lib.
1783 5447 1856 5501 De
1883 5450 2147 5501 creatione

578 5520 784 5580 mundi,
810 5518 1078 5586 inquibus
1105 5517 1282 5584 aliqua
1308 5517 1391 5569 bis
1420 5530 1523 5567 non
1547 5516 1813 5571 absimilia
1834 5518 2139 5571 M.Varron.

586 5590 982 5643 Hebdomadum
1018 5586 1144 5656 libri
1183 5586 1591 5656 interciderunt,
1621 5588 1807 5656 quales
1839 5604 2007 5656 nuper
2038 5586 2144 5641 Fa-

577 5660 698 5715 bius
732 5659 988 5710 Paulinus
1018 5653 1260 5709 Venetiis
1304 5655 1473 5709 dedit.

651 5729 763 5799 (15)
800 5728 940 5799 ait-.5;
968 5728 1119 5799 enini
1145 5726 1301 5793 vulgo
1329 5727 1576 5781 dicimus.

650 5796 762 5869 (16)
802 5798 863 5850 τὸ
888 5797 945 5862 ἓξ
978 5796 1243 5866 intelligit.

2326 4883 2437 4953 (l7)
2484 4880 2549 4936 Ut
2581 4896 2741 4953 supra
2777 4880 3078 4953 quinar_i_us.

2320 4945 2431 5021 (l8)
2472 4953 2611 5021 Lege
2645 4945 2930 5021 Eustat.in
2962 4949 3120 5003 Hom.
3153 4958 3208 5003 et
3233 4946 3455 5017 Gyrald.
3485 4945 3693 5014 Syntag.
3718 4950 3783 5000 Sb

2253 5020 2377 5077 voCe
2410 5020 2809 5091 ἀλαλκομενηίς
2854 5020 3074 5090 Ἀθηνᾶ.

2324 5092 2435 5163 (19)
2473 5084 2782 5163 «putat-ses
2813 5084 3385 5163 Ovidfinspiciendus,
3420 5101 3557 5163 {xxv
3586 5084 3723 5163 East.

2321 5156 2434 5231 (20)
2473 5162 2858 5232 ὀϐριμοπάτρα
2884 5156 3143 5213 rationein
3172 5158 3403 5212 nominis
3423 5158 3574 5212 docet
3599 5156 3780 5209 Eustat.

2319 5234 2433 5300 (21)
2474 5233 2697 5302 Gyrald.
2732 5247 2883 5298 supr.

2316 5296 2431 5369 (22)
2468 5296 2617 5367 Quod
2645 5296 3098 5353 omnifarmorum
3131 5311 3333 5366 genere
3364 5296 3611 5352 instructa
3636 5298 3777 5347 esset.

2321 5374 2433 5440 (25)
2475 5373 2657 5425 Multis
2689 5390 2717 5420 a
2750 5371 2986 5423 Pausan.
3019 5371 3312 5422 celebrata.

2324 5442 2436 5511 (24)
2478 5443 2749 5511 Semelen,
2784 5452 2933 5508 puto,
2968 5442 3099 5491 vult.

2324 5507 2439 5581 (25)
2480 5507 2796 5582 O'qlurtmév,
2825 5511 2896 5563 ob
2932 5507 3502 5582 etnusculalos‘gallos.

2325 5580 2439 5653 (26)
2480 5580 2633 5653 sum.
2669 5584 2726 5633 ὲν
2753 5580 2905 5648 ὄρεσι
2934 5580 3439 5653 ἀνασερεφομένην.
3526 5648 3557 5653 η
3648 5642 3657 5651 θ

2327 5648 2440 5722 l2?)
2480 5651 2556 5705 De
2584 5666 2689 5720 qua
2719 5658 2936 5719 copiose
2962 5649 3149 5718 Steph.
3169 5648 3388 5719 Pighius
3422 5648 3591 5708 libello
3618 5648 3779 5710 91118⁸⁸⁸

2253 5729 2440 5864 largis)
2488 5792 2837 5862 Ἦλιτόμηνα,
2876 5790 3140 5846 Bacchum
3174 5789 3400 5857 accipio.
