4038 6454
173 442 252 510 σοι
1142 441 1665 505 BIBLIOTHECA.
1685 465 1759 482 --
1780 443 1943 505 COD.
1983 442 2371 505 CLXXXVII-
3260 445 3368 509 602

174 565 287 631 πλὴν
308 558 399 630 τῆς
427 557 645 622 δκτάδος
674 556 841 627 ἐγγὺς
881 555 1232 626 θεολογεϊται.
1279 556 1533 620 Ὠκεανὸς
1572 555 1682 627 γὰρ
1712 560 1761 619 Α

1787 555 2012 613 nimium
2061 566 2321 628 quantum
2387 564 2607 610 evectus
2667 554 2898 611 fuerat:
2951 564 3009 611 at
3062 557 3366 627 proximum

167 657 321 716 αὐτοῖς
346 650 475 719 αὕτη
502 652 848 722 περιρῤεῖται
878 650 945 715 ⁸³,
986 649 1081 703 καὶ
1103 648 1300 719 ὁρίζων
1329 649 1647 719 ἀνυμνεϊται
1671 665 1688 681 ⁶

1829 648 1978 703 altem
2030 652 2083 703 in
2132 649 2414 703 divinitate
2457 649 2681 718 gradum
2722 665 2846 702 cum
2909 651 3191 704 octonario
3233 652 3377 706 obti-
3422 640 3424 643 ’

168 744 424 817 Προμηθέα
442 760 499 796 τε
532 742 701 815 αὐτὴν
729 743 824 796 καὶ
848 742 1101 812 ὁμόνοιαν
1127 740 1221 794 καὶ
1243 741 1511 811 Περσείαν
1534 740 1578 772 ⁸³
1597 739 1692 793 καὶ

1789 750 1903 795 net.
1934 739 2406 796 Circumfunditnr
2439 741 2583 795 enim
2632 743 2699 796 ab
2745 742 2873 810 ipsis
2908 751 3165 812 tanquam
3197 741 3372 798 Ocea-

166 838 319 891 Ἄλιον
345 834 722 907 ίερολογοῢσιν,
752 833 1019 897 ἀνεικίαν,
1046 832 1327 904 ὁμοίωσιν,
1363 832 1690 900 Ἴίφαιστον,

1787 847 1917 896 nus,
1967 842 2129 902 atque
2177 840 2235 886 ut
2288 834 2464 887 visum
2520 834 2714 890 [iniens
2761 835 3002 890 circulus
3053 834 3374 906 [Horizonta

166 930 335 999 Ἦραν,
357 927 474 991 Διὸς
486 926 719 995 ἀδελφὴν
742 926 836 979 καὶ
856 924 1130 987 σύνευνον,
1153 922 1439 993 ἑκάεργον,
1459 923 1690 987 Παιᾶνα,

1788 922 1963 978 Graeci
2036 922 2273 995 vocant]
2355 923 2686 980 celebratur.
2757 924 3087 981 Promethea
3159 941 3376 997 quoque

161 1019 428 1089 Νυσσηῖδα,
461 1017 698 1086 Ἀγυιέα,
764 1014 1057 1078 Ἐνυάλιον,
1086 1013 1384 1077 Ἀγελείαν,
1422 1012 1693 1083 Τριτογέ-

1801 1016 1974 1084 ipsum
2030 1016 2256 1081 faciunt,
2293 1026 2349 1070 et
2386 1017 2764 1072 Concordiam.
2818 1016 3091 1073 Perseiam
3116 1057 3132 1083 ,
3178 1027 3233 1074 et
3275 1017 3379 1074 So-

170 1129 312 1177 νειαν,
352 1109 650 1179 Ὁμόνοιαν,
686 1106 886 1169 Πειθὼ,
910 1106 1221 1176 Κουρήτιδά
1250 1121 1308 1157 τε
1355 1104 1452 1157 καὶ
1487 1104 1692 1175 Κόρην,

1802 1107 1906 1162 lem
1944 1108 2246 1178 iudigitant.
2295 1107 2546 1175 Quietem
2599 1123 2815 1177 quoque
2864 1124 2893 1163 a
2942 1110 3095 1173 rixis,
3130 1120 3185 1162 et
3218 1110 3378 1164 simi-

173 1202 431 1272 Ὑπερίονα
456 1201 523 1264 ⁸⁸,
553 1201 647 1254 καὶ
679 1199 914 1254 Μουσῶν
938 1197 1297 1269 Τερψιχόρην.

1804 1196 2103 1260 litudinem,
2134 1196 2460 1264 Vulcanum,
2492 1197 2782 1263 lunonem,
2811 1198 2960 1254 Jovis
3001 1200 3193 1272 145a
3226 1216 3380 1255 soro-

166 1309 256 1347 rem
290 1301 341 1345 et
383 1290 690 1360 coniugem,
722 1290 933 1344 eminus
964 1297 1276 1356 operantem
1322 1285 1434 1356 (9.9)
1469 1284 1689 1347 Paeana,
1729 1285 2016 1361 Nysseida,
2068 1289 2275 1358 Agyrea
2351 1289 2485 1359 (50),
2556 1289 2840 1359 Enyalium
2894 1292 3029 1361 (51),
3112 1291 3379 1362 Ageliam,

167 1383 519 1453 Tritogeniam,
554 1382 942 1446 Concordiam,
977 1380 1238 1443 Suadam,
1291 1380 1618 1445 Cnretidem,
1678 1378 2085 1449 Proserpinam,
2150 1393 2202 1437 et
2244 1382 2625 1453 llyperionem,
2659 1383 2934 1438 Musarum
2973 1385 3203 1455 denique
3250 1387 3382 1441 'l‘er-

165 1480 439 1549 psichoren.

226 1576 280 1628 'H
310 1575 488 1644 μέντοι
518 1574 680 1638 δεκὰς
718 1574 857 1646 αὕτη
902 1577 1048 1629 ἐστὶν
1076 1576 1257 1638 αὐτοῖς
1283 1576 1345 1628 τὸ
1382 1575 1490 1628 πᾶν
1511 1614 1526 1640 ,
1563 1571 1695 1636 Θεὸς

1872 1572 2133 1627 Denarins
2157 1571 2390 1641 denique
2417 1571 2550 1639 ipsis
2569 1579 2654 1626 est
2690 1572 3024 1634 universum,
3064 1571 3207 1626 Deus
3240 1588 3381 1626 sum-

163 1668 391 1737 ὑπέρθεος
437 1668 537 1721 καὶ
570 1667 701 1730 Θεὸς
728 1667 863 1719 θεῶν
882 1706 898 1732 ,
928 1668 1008 1721 ὅτι
1036 1667 1166 1721 δέκα
1213 1667 1410 1739 χειρῶν
1444 1668 1538 1719 καὶ
1566 1666 1697 1719 δέκα

1800 1680 1943 1731 mus,
1987 1672 2042 1719 et
2091 1666 2313 1719 deorum
2343 1664 2528 1731 Deus,
2578 1665 2720 1733 quod
2776 1680 3032 1718 manuum
3078 1665 3382 1734 pedumque

164 1760 310 1812 ποδῶν
333 1759 621 1823 δάκτυλοι,
645 1761 738 1813 καὶ
759 1759 889 1812 δέκα
913 1758 1267 1829 κατηγορίαι,
1294 1760 1388 1811 καὶ
1417 1758 1509 1811 τοῦ
1538 1756 1697 1824 λόγου

1803 1759 1992 1814 decem
2021 1759 2130 1812 sint
2155 1758 2331 1825 digiti,
2361 1758 2658 1825 decemque
2693 1756 2774 1828 [ut
2806 1757 2961 1827 logiei
3000 1757 3212 1829 vocant]
3248 1774 3385 1827 pra:-

161 1853 268 1904 δέκα
295 1852 431 1922 μέρη
450 1868 465 1881 ·
514 1851 598 1905 ἵνα
622 1853 732 1922 γὰρ
828 1852 1007 1913 αὐτοῖς
1038 1852 1214 1906 πάντα
1233 1853 1266 1921 ή
1292 1851 1457 1913 δεκὰς
1478 1892 1492 1915 ,
1529 1865 1699 1919 προσ-

1806 1849 2134 1910 dicameuta,
2169 1859 2222 1901 et
2257 1847 2526 1901 orationis
2557 1857 2740 1915 partes
2772 1847 2983 1900 decem.
3017 1844 3207 1901 Omnia
3239 1848 3381 1901 enim

162 1943 338 1995 τιθέασι
366 1941 477 2005 τοῖς
499 1942 773 2011 τοῦλόγου
798 1942 927 2014 [241
971 1942 1078 2014 Η.]
1109 1943 1299 2013 μέρεσι
1334 1940 1704 2014 προσηγορίαν
1736 1985 1757 2038 Ι

1808 1939 1939 2009 ipsis
1976 1941 2137 1993 decas
2181 1949 2239 1993 ut
2280 1939 2374 2003 sit,
2412 1939 2798 1994 allocutionem
2855 1942 3070 1994 caneris
3123 1940 3386 1993 orationis

163 2035 239 2087 καὶ
265 2035 709 2106 παραπλήρωμα.
757 2034 823 2087 Τί
845 2035 924 2087 δεῖ
953 2034 1132 2101 λέγειν
1181 2033 1256 2095 ὡς
1288 2034 1345 2083 ἐν
1376 2032 1513 2097 αὑτῇ
1551 2048 1705 2101 περι-ο
1736 2029 1758 2038 ⁵

1807 2030 2052 2101 partibus
2096 2040 2373 2101 apponunt
2408 2040 2463 2084 et
2497 2030 2960 2100 supplementum.
3003 2031 3143 2097 Quid
3191 2029 3388 2083 attinet

163 2123 464 2194 λαμϐάνουσι
501 2127 571 2179 τά
598 2143 657 2177 τε
680 2125 727 2156 ⁸⁸
757 2124 952 2194 στερεά
978 2121 1075 2176 καὶ
1100 2121 1170 2174 τά
1207 2121 1438 2174 ἐπίπεδα
1462 2161 1476 2184 ,
1508 2120 1671 2191 ἄρτια
1691 2160 1706 2185 ,

1809 2124 2012 2185 dicere,
2070 2123 2359 2191 complecti
2423 2123 2542 2177 illos
2600 2123 2688 2177 hic
2742 2123 2940 2185 solida,
2987 2123 3168 2191 plana,
3212 2121 3388 2190 paria,

162 2217 377 2284 περισσὰ,
394 2215 814 2285 ἀρτιοπέρισσα,
835 2213 1083 2275 τέλειαθσ,
1102 2211 1289 2281 πρῶτα
1306 2212 1399 2263 καὶ
1418 2210 1706 2274 ἀσύνθετα,

1810 2214 2057 2282 imparia,
2084 2214 2289 2282 pariter
2310 2214 2562 2283 imparia,
2587 2214 2848 2283 perfecta,
2882 2215 3055 2282 prima
3090 2219 3146 2266 et
3178 2210 3388 2280 simpli-

167 2305 349 2375 ἰσότητα
362 2307 458 2358 καὶ
477 2305 792 2373 ἀνισότητα,
813 2304 911 2368 τὰς
927 2304 1057 2357 δέκα
1080 2304 1311 2373 σχέσεις,
1330 2304 1400 2356 τὰ
1420 2304 1706 2372 σφαιρικὰ,

1810 2306 1915 2370 cia,
1950 2306 2203 2375 mqualia,
2247 2304 2556 2373 inaequalia,
2593 2305 2777 2359 decem
2827 2303 2973 2371 ipsas
3019 2302 3387 2365 habitudines,

163 2393 215 2444 τὰ
227 2392 462 2456 κυκλικά,
482 2390 1093 2461 γεννητικά,τελεστικὰ
1114 2432 1130 2455 ,
1167 2390 1483 2461 ὲναρμόνια,
1502 2391 1571 2442 τὰ
1591 2407 1706 2443 τοι·

1811 2396 2105 2463 sphuarica,
2153 2395 2477 2461 circnlaria,
2534 2396 2603 2451 ad
2652 2398 2934 2464 genituras
2998 2405 3161 2463 atque
3207 2394 3388 2447 imita-

167 2483 302 2546 οὕτω
330 2484 445 2536 ἀλλ’
478 2485 630 2545 ὅπως
658 2484 843 2544 αὐτοῖς
871 2483 1074 2551 κόσμος
1096 2483 1129 2553 ἡ
1153 2481 1313 2543 δεκὰς
1346 2482 1439 2534 καὶ
1462 2482 1709 2551 οὐρανὸς,

1813 2488 1989 2542 tiones
2021 2488 2348 2556 spectantia,
2379 2498 2434 2542 et
2478 2489 2562 2543 his
2610 2488 3039 2543 consentientia.
3087 2486 3155 2541 Ut
3203 2487 3389 2541 itidem

166 2564 469 2642 εἱμαρμένη,
491 2569 627 2624 αἰὼν
646 2609 661 2634 ,
688 2572 908 2640 κράτος,
941 2570 1121 2627 πίστις
1141 2608 1157 2633 ,
1180 2570 1395 2638 ἀνάγκη
1412 2611 1425 2635 ,
1457 2567 1588 2639 [468
1612 2568 1707 2640 Β.)

1812 2576 1947 2646 ipsis
1981 2578 2143 2631 decas
2180 2577 2253 2631 sit
2282 2580 2534 2645 mundus,
2570 2579 2790 2644 caelum,
2835 2580 3026 2643 fatum,
3060 2593 3256 2642 aevum,
3293 2592 3390 2646 po-

170 2660 330 2722 ’Ᾱτλας
346 2698 359 2721 ,
384 2659 611 2728 ἀκάμας
631 2658 749 2720 θεὸς
768 2698 782 2721 ,
804 2658 1003 2727 Φάνης,
1024 2657 1234 2719 Ἥλιος,
1267 2657 1505 2727 Οὐρανία
1528 2700 1541 2723 ,
1564 2657 1714 2726 Μνή-

1814 2668 2007 2733 tentia,
2033 2668 2185 2732 Iides,
2211 2670 2534 2735 necessitas,
2562 2669 2733 2735 Atlas,
2764 2668 3069 2725 indefessus
3092 2669 3227 2723 deus
3251 2665 3389 2739 (32),

170 2748 589 2819 μη,Μνημοσύνη
615 2750 743 2814 ;κα“ι
773 2749 951 2801 πάντα
970 2746 1036 2800 ἂν
1064 2741 1223 2815 οἶμαι
1249 2746 1316 2801 τὰ
1338 2748 1714 2817 προειρημένα

1813 2757 2048 2823 Phanes,
2093 2756 2207 2822 Sol,
2262 2758 2502 2823 Urania,
2547 2759 2842 2824 Memoria,
2898 2759 3271 2830 Mnemosyne.
3326 2760 3394 2813 Et

166 2837 249 2888 τῶν
268 2838 395 2890 θεῶν
428 2836 617 2890 αὐτῶν
651 2836 890 2905 ὀνόματα
931 2838 996 2906 τῇ
1017 2835 1198 2888 δεκάδι
1229 2835 1504 2904 ἀνήψαντο
1529 2836 1595 2888 ἂν
1618 2875 1632 2899 ,
1662 2836 1712 2888 εί

1820 2866 1950 2904 vero
1979 2853 2184 2915 omnia,
2218 2852 2431 2920 Opinor,
2466 2853 2724 2919 praedicta
2766 2852 2990 2905 deorum
3036 2851 3257 2905 nomina
3302 2852 3397 2904 de-

168 2926 225 2996 μὴ
250 2927 611 2998 προλαϐόντες
633 2927 677 2957 ⁸⁷
730 2928 926 2978 ἐκεῖνοι
950 2926 1123 2978 ταῦτα
1174 2925 1571 2995 ίδιοποιήσαντο
1620 2926 1715 2978 καὶ

1821 2942 1940 2997 cadi
1989 2944 2368 2997 attribuisseut
2400 2962 2413 2997 :
2458 2943 2560 2997 nisi
2600 2943 2689 2996 his
2722 2943 2856 3011 ipsis
2894 2952 3051 2996 antea
3091 2943 3398 3011 occupatis,

167 3019 368 3088 συνεχῶς
395 3020 466 3072 τά
496 3017 638 3071 αὐτά
659 3017 802 3069 κατά
834 3017 1052 3070 πάντων
1083 3015 1259 3083 λέγειν
1280 3010 1426 3069 οὗτοι
1451 3015 1715 3085 ἀπώκνη-

1817 3036 2037 3106 propria
2066 3037 2177 3109 jam
2222 3037 2309 3090 illa
2350 3036 2476 3090 aliis
2518 3010 2801 3098 fecissent,
2835 3045 2891 3088 et
2925 3010 3274 3089 continenter
3301 3048 3399 3087 ea-

168 3123 263 3172 σαν,
288 3107 409 3161 ἐπεὶ
436 3106 711 3178 ὑπέρθεός
735 3122 798 3173 γε
833 3106 1015 3167 αὐτοῖς
1035 3106 1068 3174 ἡ
1096 3103 1256 3166 δεκὰς
1273 3143 1287 3167 ,
1312 3104 1404 3156 καὶ
1433 3104 1492 3156 τὸ
1519 3104 1717 3175 κράτος

1819 3103 1939 3181 dem
1992 3103 2083 3181 dew
2115 3129 2343 3195 singulis
2394 3129 2576 3182 dicere
2632 3127 2915 3196 piguisset.
2971 3124 3200 3191 Quando
3252 3125 3398 3178 enim

166 3200 243 3266 τῆς
280 3202 331 3253 ὲν
382 3199 650 3271 ἀριθμοῖς
680 3198 880 3268 ἔχουσα
906 3196 1181 3269 θεότητος.
1219 3196 1318 3249 Διά
1348 3194 1508 3248 τοῦτο
1550 3193 1717 3249 Νικο-

1820 3217 2119 3285 superdeus
2153 3193 2264 3287 (55)
2310 3217 2478 3285 ipsius
2515 3193 2775 3273 denarius
2808 3226 2915 3280 est,
2949 3216 3043 3285 qui
3080 3215 3245 3270 etiam
3286 3228 3402 3268 om-

171 3292 298 3363 μάχῳ
333 3294 425 3346 καὶ
456 3292 788 3361 πολύστιχος
818 3291 846 3342 ὀ
876 3291 1006 3361 περὶ
1043 3290 1215 3359 αὐτὴν
1250 3290 1433 3352 πόνος.
1493 3290 1557 3342 Ei
1607 3289 1717 3359 γὰρ
1745 3330 1766 3387 ί

1823 3323 1945 3362 uem
1990 3308 2108 3377 ejus
2147 3309 2449 3362 divinitatis
2489 3309 2619 3375 vim,
2657 3324 2776 3377 quae
2823 3309 2875 3361 in
2920 3307 3161 3361 numeris
3193 3305 3403 3360 inveni-

168 3384 242 3436 καί
267 3385 434 3455 πολλῷ
447 3385 500 3417 ⁸⁸
540 3383 1050 3454 μακροστιχώτερος
1076 3381 1105 3434 ὃ
1132 3397 1192 3433 τε
1229 3382 1332 3451 τῆς
1369 3379 1597 3449 μονάδος
1622 3382 1717 3434 καὶ
1751 3379 1763 3386 ’

1823 3403 1930 3459 tur,
1964 3394 2207 3449 obtineat
2242 3414 2256 3449 :
2291 3407 2581 3465 propterea
2627 3412 2844 3465 quoque
2883 3396 3036 3450 l’usns
3073 3396 3209 3449 adeo
3239 3393 3400 3448 Nico-

168 3474 461 3546 ἑϐδομάδος,
522 3474 638 3527 ἀλλ’
685 3476 714 3526 ό
767 3474 865 3543 μὲν
894 3474 995 3542 τῆς
1030 3472 1289 3542 μονάδος,
1320 3472 1401 3524 ὅτι
1451 3472 1545 3524 καὶ
1587 3472 1718 3543 περ)⁸

1820 3487 2048 3542 machus
2100 3488 2152 3542 in
2189 3489 2291 3542 hoc
2322 3489 2678 3543 describenda
2709 3504 2831 3544 esse
2871 3489 3057 3554 voluit,
3094 3502 3401 3556 quanquam

166 3567 251 3620 τῶν
277 3568 395 3638 ἑξῆς
435 3565 696 3637 ἀριθμῶν
725 3565 825 3618 οὐκ
856 3563 1010 3631 ὀλίγα
1036 3562 1375 3634 διεξέρχεται
1409 3565 1504 3619 καὶ
1532 3582 1720 3634 προοιο

1826 3576 1997 3631 multo
2031 3580 2209 3633 adhuc
2248 3578 2458 3649 longior
2512 3580 2583 3632 sit
2614 3580 2666 3632 in
2698 3582 2926 3633 monade
2957 3587 3119 3648 atque
3153 3589 3403 3645 septena-

170 3656 286 3725 μίοις
318 3657 671 3711 πλατύνεται.
698 3655 844 3725 Πλὴν
877 3656 934 3708 ὲν
954 3654 997 3686 δ’
1031 3654 1233 3724 ἀμφοῖν
1263 3656 1432 3709 πολλα
1466 3657 1560 3709 καὶ
1592 3655 1722 3727 περὶ

1820 3669 1927 3724 rio.
1962 3671 2158 3724 Verum
2191 3672 2245 3725 id
2278 3673 2349 3725 ita
2384 3673 2435 3725 in
2470 3674 2698 3725 mouade
2728 3671 2948 3735 accidit,
2990 3672 3129 3739 quod
3172 3670 3239 3724 de
3280 3668 3404 3723 reli-

168 3745 245 3813 τῆς
260 3748 471 3811 δεκάδος
500 3746 897 3815 ἑμφιλοχωρεί,
924 3742 1113 3812 ὥσπερ
1147 3744 1242 3796 καὶ
1266 3747 1323 3797 ἐν
1360 3745 1437 3814 τῷ
1468 3747 1598 3816 περὶ
1621 3746 1722 3815 τῆς

1826 3760 1950 3828 quis
1977 3759 2103 3813 item
2132 3761 2372 3816 numeris
2403 3776 2508 3813 non
2544 3759 2755 3813 modica
2788 3757 2860 3811 ibi
2892 3759 3150 3827 disputat,
3179 3763 3233 3809 et
3266 3768 3406 3824 pra:-

170 3838 390 3902 πεντάδος
421 3838 576 3907 λόγῳ
609 3833 805 3907 μικροῦ
837 3834 975 3906 πρὸς
1006 3834 1097 3887 τὸν
1127 3836 1226 3906 τῆς
1256 3836 1547 3904 ἑϐδομάδος
1578 3854 1719 3906 παρ-

1825 3850 2348 3921 fationibusinsuper
2384 3853 2716 3907 extenditur.
2755 3848 2854 3904 Ubi
2889 3859 2943 3903 et
3001 3852 3101 3903 hoc
3131 3848 3363 3903 observo
3389 3883 3405 3907 ,

169 3934 403 4003 ισουμένῳ
433 3931 586 3985 κατὰ
620 3930 813 4000 μῆκος.

1829 3938 2088 3995 libentius
2120 3958 2242 3995 eum
2279 3945 2515 3997 sermoni
2554 3944 2619 3997 de
2661 3944 2882 4007 decade,
2912 3942 3036 3996 dum
3080 3941 3146 3994 de
3179 3949 3407 4002 utroque

166 4025 237 4079 illo
270 4043 489 4081 numero
523 4025 779 4092 disputat,
813 4023 1080 4077 inhaerere
1120 4020 1308 4091 :quod
1342 4022 1480 4075 idem
1521 4023 1572 4076 in
1630 4028 1886 4094 thinario
1931 4032 2084 4102 facit,
2122 4036 2188 4091 de
2263 4052 2371 4106 quo
2424 4054 2578 4109 atque
2652 4052 2789 4107 pene
2860 4037 3045 4091 multis
3100 4044 3271 4104 atque
3339 4031 3408 4092 de

169 4119 457 4183 septenario
499 4114 747 4169 disserit.

231 4209 374 4262 Ἀλλά
399 4210 521 4279 γὰρ
543 4206 682 4275 αὓτη
707 4223 823 4269 σοι,
849 4199 894 4257 ὧ
918 4204 1142 4273 φίλτατε
1171 4204 1414 4271 ἀδελφῶν
1430 4246 1444 4271 ,
1479 4208 1573 4259 καὶ
1599 4207 1709 4261 τῶν

1895 4214 1973 4269 En
2028 4214 2151 4279 tibi,
2195 4215 2519 4270 charissime
2571 4212 2761 4279 frater,
2810 4227 2909 4281 per
2968 4226 3179 4267 summa
3229 4209 3405 4279 capita

166 4296 450 4369 Νικομάχου
475 4296 735 4367 ἀριθμῶν
756 4294 832 4358 ὡς
857 4296 915 4347 ἐν
942 4294 1221 4365 κεφαλαίῳ
1244 4295 1278 4365 ὴ
1311 4296 1715 4367 πολυθρύλητος

1819 4308 2148 4362 recensitam
2216 4306 2534 4361 Nicomachi
2591 4307 2738 4359 illam
2791 4306 3108 4369 celebrem,
3159 4312 3404 4374 repertu—

169 4391 242 4442 καὶ
268 4390 592 4463 δυσεύρετος
630 4387 910 4455 θεολογία,
943 4388 1002 4441 οὐ
1037 4386 1147 4458 (μὰ
1176 4389 1276 4456 τὴν
1301 4387 1344 4418 ⁷ο
1381 4388 1534 4456 ὑμῶν
1567 4389 1723 4459 ἀγχί-

1818 4416 1924 4469 que
1971 4400 2245 4454 diliicilem
2288 4401 2341 4453 in
2390 4400 2640 4454 numeris
2682 4398 3029 4467 theologiam,
3062 4411 3182 4465 qua:
3232 4406 3406 4448 tamen

169 4496 289 4532 νοιαν
312 4482 404 4535 καὶ
434 4477 798 4550 φιλοπονίαν)
832 4478 919 4531 διὰ
949 4479 1009 4531 τὸ
1036 4481 1095 4531 ὲν
1126 4479 1265 4547 αὐτῇ
1290 4478 1629 4549 δυσέμϐατόν
1662 4498 1722 4533 τε

1824 4494 2006 4548 hercle
2056 4495 2127 4548 ob
2189 4494 2471 4548 inaccessa
2511 4508 2648 4562 pene
2701 4500 2820 4556 sua,
2857 4500 3235 4560 prteceptnqne
3273 4483 3409 4539 ditii-

171 4572 244 4622 ui.
267 4572 719 4641 δυσκατάληπτον
754 4571 948 4641 μικροῦ
969 4570 1074 4623 τῶν
1104 4571 1405 4642 ἀνθρώπων
1436 4574 1722 4643 ἀνακεχω-
1759 4616 1766 4675 ]

1833 4584 1957 4638 cilia
2000 4600 2180 4648 sensa,
2229 4602 2571 4655 nequaquam
2626 4586 2913 4654 perspicax
2963 4592 3205 4636 vestrum
3260 4580 3411 4647 inge-

175 4668 370 4731 ρηκυία,
395 4668 528 4718 ἐπεὶ
556 4662 652 4715 νῦν
678 4664 747 4716 τά
777 4679 835 4714 τε
867 4664 1222 4734 γεωμετρικὰ
1256 4665 1350 4716 καὶ
1384 4665 1723 4735 ἀριθμητικὰ
1760 4662 1770 4675 ¹

1834 4676 1980 4729 ιιίιιιιι
2015 4686 2177 4744 atque
2208 4677 2540 4745 diligentiam
2587 4686 2740 4729 extra
2786 4678 3077 4730 humanam
3126 4685 3411 4739 propemo—

176 4755 250 4806 καὶ
266 4758 427 4811 τάλλα
450 4758 566 4811 τῶν
593 4755 950 4825 μαθημάτων,
975 4756 1049 4818 ὡς
1074 4758 1167 4809 καὶ
1196 4758 1260 4810 σὺ
1297 4757 1685 4811 συνεπίστασαι
1706 4798 1722 4822 ,

1827 4766 1952 4817 dum
1986 4766 2353 4819 conditionem
2386 4779 2667 4819 removere
2700 4765 2879 4834 potuit
2917 4781 2930 4817 :
2970 4760 3410 4831 quandoquidem

179 4847 333 4901 πολλοὶ
376 4851 494 4901 τῶν
526 4849 677 4919 ἡμᾶς
709 4847 1024 4915 ἐγνωκότων
1047 4848 1147 4900 οὐκ
1178 4848 1399 4901 ἔλαττον
1431 4845 1586 4918 οἶμαι
1631 4848 1724 4901 τοῦ

1826 4852 1940 4921 jam
1989 4854 2343 4924 geometrica,
2390 4853 2757 4915 arithmetica,
2810 4863 3144 4919 craterasque
3202 4848 3412 4902 mathe-

178 4943 336 5007 παιδὸς
400 4942 666 5014 Ἑρμείου
695 4938 945 5013 (οἷδας⁷¹
974 4942 1189 5004 πάντως
1230 4942 1330 5011 τὴς
1380 4943 1510 5012 περὶ
1552 4942 1726 4995 ταῦτα

1835 4946 2064 4999 maticas
2105 4944 2422 5013 disciplinas
2459 4943 2542 5013 (ut
2588 4954 2643 4997 et
2693 4953 2751 4997 tu
2802 4944 2933 5011 scis)
2975 4941 3224 5013 plerique
3257 4939 3413 4995 nobis

173 5029 421 5107 δεξιότητα
454 5036 555 5091 τοῦ
592 5034 949 5105 Ἀμμωνίου)
1000 5033 1375 5105 διακριδοῦσι,
1427 5034 1523 5086 καὶ
1573 5035 1728 5087 οὐδὲν

1838 5051 1943 5087 non
2000 5035 2169 5105 ignoti
2231 5035 2400 5089 nihilo
2453 5034 2839 5105 negligentius,
2890 5034 3110 5105 opinor,
3153 5040 3411 5093 tractant,

1453 5144 1685 5200 VARle
1714 5145 2123 5205 LECTIONES.

228 5240 265 5314 θ’
291 5243 603 5312 περιρεὶυεαι
627 5240 681 5314 -ᾼ
711 5256 727 5295 :
770 5241 1138 5314 περιερρεῖται
1166 5258 1226 5314 ς.
1266 5239 1519 5296 Fortasse
1557 5240 1838 5314 legendum
1875 5245 2128 5314 περιρρεῖ
2149 5262 2229 5301 τε.
2303 5243 2348 5277 ⁸³
2374 5242 2614 5314 Περσίαν
2642 5242 2708 5314 Αᾼ.
2786 5242 2833 5275 ⁸⁸
2874 5241 3295 5314 ’Υπερίοναᾉᾼι
3320 5240 3418 5296 καὶ

181 5304 544 5384 ξΥπερίονὰῇς.
622 5311 667 5342 ⁸⁸
691 5327 749 5384 τε
778 5304 900 5384 add.
1059 5311 1128 5384 _“
1146 5311 1487 5384 tangant).
1527 5304 1812 5384 θιιᾶεὰνισ.
1846 5322 1910 5384 et
1934 5304 2057 5367 indi
2083 5314 2153 5367 τὰ
2194 5315 2316 5367 add.
2353 5315 2418 5384 Α.
2456 5304 2467 5313 ’
2492 5313 2534 5344 ⁵⁷
2557 5312 2956 5384 προδάντεςλς.
3016 5304 3074 5384 ἀξ
3111 5312 3324 5367 πολλῶν
3347 5314 3414 5368 Δ.
3527 5359 3531 5362 ,

170 5379 268 5434 ὅτε
291 5379 334 5438 Α
359 5402 374 5437 ;
405 5382 536 5436 οὔτε
565 5399 628 5445 ς.
702 5382 746 5413 ⁶⁹
775 5382 831 5433 ὲν
857 5382 938 5434 A:
967 5379 1025 5433 ἓν
1053 5382 1111 5432 ὲν
1135 5397 1197 5443 ς.
1270 5381 1316 5411 ⁷⁰
1338 5382 1396 5433 οὐ
1427 5382 1503 5450 μὰ
1528 5381 1647 5453 τὴν]
1674 5384 1707 5451 ἡ
1751 5382 1828 5452 μὰ
1865 5383 1964 5455 τὴν
2024 5400 2169 5439 corr.
2209 5388 2274 5437 A.
2314 5383 2373 5437 οὐ
2423 5379 2688 5455 μάτηνς.
2764 5385 2808 5415 ⁷⁸
2848 5379 2995 5449 οἶδας
3015 5382 3123 5453 γὰρ
3157 5401 3218 5436 π.
3248 5399 3313 5447 ς.

227 5592 329 5660 (Ξ9)
379 5593 705 5662 Ἑκάεργον,
742 5593 791 5645 id
825 5600 926 5655 est,
959 5592 1279 5659 Apollinem.
1830 5614 1935 5653 n0n
1964 5598 2130 5655 semel
2164 5600 2302 5654 dixit
2328 5600 2617 5655 Homerus.

227 5665 332 5741 (50)
364 5664 637 5741 apollinis
670 5663 944 5741 epitheton
980 5665 1118 5741 apud
1153 5662 1386 5741 hlacrob.
1420 5663 1512 5715 ιιι».
1556 5679 1570 5717 l
1629 5663 1727 5719 Sa-
1901 5670 2013 5741 (55)
2072 5669 2387 5741 ξΥπέρθεος.
2414 5668 2876 5741 Quemadmodum
2909 5666 3001 5741 ὑφ’
3043 5664 3104 5720 ἓν
3127 5664 3414 5741 legendum

173 5731 1123 5807 turqujidel’ausam‘etGyrald.
1160 5734 1382 5807 Symag.
1416 5748 1511 5787 vn.
1832 5731 2019 5797 censet.
2066 5731 2290 5797 Servius
2347 5731 2478 5796 illud
2532 5737 2679 5807 Virg.
2735 5731 3101 5807 semperdeus,
3170 5731 3425 5806 aliasque

229 5803 333 5867 (51)
369 5802 509 5855 Vide
541 5801 603 5853 Il.
632 5802 714 5856 St.
751 5799 1001 5855 Thesaur.
1032 5799 1222 5869 lingua}
1257 5799 1428 5854 (ἔναιε.
1832 5809 1944 5865 alii.

232 5872 337 5942 (52)
386 5871 635 5938 Ἀκάμας
685 5870 835 5934 Θεός.
904 5870 1184 5937 Quomodo
1248 5872 1535 5942 ἀκάμαντα
1578 5874 1727 5945 ἥλιον
