4038 6448
169 385 253 453 609

1270 381 1800 445 BIBLIOTHECA.
1823 407 1892 419 -
1923 382 2087 446 COD.
2127 385 2284 448 CXC.

3267 389 3373 460 610

167 497 290 562 οὗτος
325 493 615 567 ⁴ιόρδιιντος
642 492 782 568 κόρη
812 493 1078 548 ἐκαλεῖτο.
1114 491 1238 546 Ὅτι
1281 493 1622 566 Ἐρύμανθος
1660 495 1690 548 6

1795 495 1930 564 pties
1957 505 2196 553 mutasse
2219 497 2353 568 (48),
2373 507 2426 553 et
2449 513 2550 553 cur
2580 500 2722 570 apud
2751 499 2943 558 Cretas
2961 503 3074 573 ipse
3089 503 3370 560 Phorban-

166 592 270 655 παῖς
299 586 614 650 ’Λπόλλωνος
660 585 942 656 ἐτυφλώθη
963 623 981 650 ,
1023 584 1158 638 διότι
1212 585 1310 639 ῖδοι
1364 585 1692 656 λουμένηνθδ

174 679 457 752 ’Δφροδετην
497 677 607 732 ἀπὸ
633 678 734 748 τῆς
774 675 1057 741 Ἀδώνιδος
1091 675 1290 747 μίξεως
1311 717 1328 743 ,
1361 677 1458 730 καὶ
1502 676 1693 730 Ἀπόλ-

163 777 252 830 λων
276 771 494 843 μηνίσας
528 771 717 823 ἐαυτὸν
752 771 830 831 εῖς
860 768 1097 839 σύαγρον
1134 765 1558 838 μετεμόρφωσε,
1598 768 1693 821 καὶ

165 867 255 927 τοῖς
280 859 445 914 ὀδοῦσι
467 859 675 930 πλήξας
707 858 886 912 ἀνεῖλε
917 858 1009 911 τὸν
1035 855 1287 911 Ἄδωνιν.
1320 856 1448 928 [475
1474 855 1567 928 R.]
1595 856 1694 910 Διὰ

157 958 199 1011 τί
225 955 340 1029 [244
365 953 456 1027 Η.]
480 956 510 1008 6
539 953 769 1025 ποιητὴς
799 953 1086 1015 πελειάδας
1115 951 1339 1020 ἐποίησε
1365 952 1464 1021 τῆς
1488 952 1692 1021 τροφῆς

155 1049 243 1102 τῶν
282 1047 410 1101 Θεῶν
437 1046 716 1110 διακόνους
743 1086 758 1111 ,
796 1046 891 1099 καὶ
920 1046 1043 1099 τίνα
1092 1043 1444 1114 Ἀλέξανδρος
1468 1045 1496 1097 6
1531 1043 1689 1113 βασι-

160 1137 262 1200 λεὺς
307 1137 396 1189 καὶ
434 1136 810 1208 Ἀριστοτέλης
856 1137 936 1199 εἰς
992 1134 1148 1188 τοῦτο
1195 1129 1380 1196 εἷπον,
1421 1133 1517 1187 καὶ
1566 1134 1694 1203 περὶ

169 1228 380 1299 Ὀμήρου
401 1229 498 1280 καὶ
531 1227 849 1282 πελειάδων.
883 1230 1005 1280 Ὀτι
1039 1226 1379 1296 Ἐπίχαρμος
1405 1228 1432 1279 ὁ
1463 1226 1693 1295 ποιητὴς

155 1321 230 1374 ἀπ’
261 1319 537 1389 Ἀχιλλέως
562 1320 655 1372 τοῦ
691 1319 912 1389 Πηλέως
945 1315 1100 1372 εἷλκε
1132 1323 1194 1372 τὸ
1224 1319 1401 1388 γένος.
1427 1318 1549 1371 Ὅτι
1582 1318 1693 1370 Πά-

156 1413 341 1482 τροκλον
384 1411 591 1482 ἐξόχως
625 1413 875 1481 Ὅμηρος
929 1412 1100 1465 ἱππέα
1146 1412 1302 1464 καλεῖ
1347 1412 1423 1471 ὡς
1469 1409 1621 1480 παρὰ
1646 1409 1692 1442 ’³

157 1503 445 1565 Ποσειδῶνος
508 1503 739 1576 ἐραστοῦ
773 1502 1058 1572 γεγονότος
1090 1502 1328 1572 μαθόντα
1359 1502 1458 1571 τὴν
1483 1504 1686 1571 ἡνιοχι-

155 1597 253 1664 κήν.
273 1595 389 1648 Ὀτι
432 1595 727 1656 Ὀδυσσεὺς
743 1636 757 1658 ,
779 1593 914 1647 διότι
939 1588 1056 1647 ὦτα
1091 1593 1300 1663 μεγάλα
1327 1588 1472 1662 εἶχεν
1492 1632 1508 1656 ,
1533 1588 1694 1655 Οὖτις

156 1686 383 1757 πρότερον
406 1685 684 1739 ἐκαλεῖτοο
713 1684 870 1738 ὑετοῦ
897 1682 955 1737 δέ
979 1701 1112 1753 φησι
1135 1684 1421 1754 γινομένου
1449 1686 1525 1752 μὴ
1547 1684 1694 1735 ἀντι-

155 1777 350 1848 σχοῦσαν
397 1776 501 1846 τὴν
549 1775 762 1848 μητέρα
809 1775 1008 1843 ἔγκυον
1042 1769 1208 1828 οὖσαν
1256 1772 1400 1825 κατὰ
1445 1771 1543 1842 τὴν
1573 1771 1694 1823 ὁδὸν

156 1871 301 1922 τεκεῖν
319 1907 334 1930 ,
359 1867 568 1921 καὶτὸν
609 1867 868 1920 Ὀδυσσέα
895 1867 981 1922 διὰ
1003 1865 1164 1920 τοῦτο
1185 1862 1354 1927 οὕτως
1387 1861 1691 1931 δνομασθῆ-
1723 1849 1764 1903 Β

153 1977 237 2016 ναι.
279 1961 391 2014 Ὀτι
444 1961 808 2031 Περιτάνος⁹⁶
863 1978 948 2024 τις
999 1959 1168 2029 ὄνομα
1213 1954 1418 2029 Ἀρκὰς
1473 1953 1694 2023 Ἑλένην

155 2051 377 2107 συνοῦσαν
439 2051 778 2122 Ἀλεξάνδρῳ
830 2054 890 2105 ἐν
959 2049 1277 2122 Ἀρκαδῖᾳ⁹⁷
1332 2048 1692 2118 ἐμοίχευσεν,

163 2143 468 2212 Ἀλέξανδρος
502 2143 548 2196 δ’
572 2143 736 2197 αὑτὸν
769 2143 962 2212 ποινὴν
1008 2142 1108 2212 τῆς
1158 2140 1405 2212 μοιχείας
1431 2143 1692 2210 εἰσπρατ-

153 2235 334 2306 τόμενος
362 2235 711 2306 ἐξευνούχισε
734 2237 803 2299 ’⁸,
830 2237 924 2289 καὶ
945 2233 1004 2299 ἐξ
1029 2233 1240 2287 ἐκείνου
1281 2232 1544 2304 Ἀρκάδες
1566 2230 1693 2293 τοὺς

152 2325 393 2398 εὐνούχους
409 2329 455 2360 ⁹⁹
501 2326 834 2397 περιτάνους
870 2324 1142 2390 λέγουσιν.
1187 2325 1276 2389 Ὠς
1314 2323 1559 2394 Ἀχιλλέα
1596 2323 1693 2391 μὲν

163 2422 495 2490 Ἀριστόνικος
523 2423 552 2474 6
583 2422 914 2489 Ταραντῖνος
942 2420 1287 2492 διατρίϐοντα
1309 2421 1368 2472 ἐν
1398 2421 1518 2482 ταῖς
1551 2435 1695 2488 παρ-

157 2511 289 2577 θένοις
306 2515 452 2586 παρὰ
479 2515 796 2585 Λυκομήδει
823 2515 1182 2586 Κερκυσέραν
1206 2512 1486 2566 καλεῖσθαι
1507 2530 1690 2583 φησιν,

158 2605 362 2660 ἐκαλεῖτο
408 2607 468 2660 δὲ
509 2608 604 2662 καὶ
662 2606 841 2659 Ἰσσὰν
875 2608 969 2658 καὶ
998 2606 1224 2678 Πυρῤὰν
1253 2606 1348 2658 καὶ
1393 2607 1693 2668 Ἀσπετος¹

159 2697 224 2747 καὶ
239 2697 574 2768 Προμηθεύς.
598 2699 721 2751 ’Ότι
741 2697 980 2769 Βοτρύας
1005 2700 1033 2751 6
1048 2695 1283 2762 Μύνδιος
1309 2697 1436 2761 τοὺς
1455 2700 1476 2728 ¹
1490 2697 1539 2749 Ν
1546 2696 1695 2766 ιόϐης

157 2789 308 2853 παῖδας
340 2791 556 2852 πάντας
608 2789 712 2842 ὑπὸ
771 2789 1109 2850 Ἀπόλλωνός
1155 2805 1320 2858 φησιν
1368 2789 1691 2860 ἀνῃρῆσθαι.

158 2879 249 2932 Ὁτι
289 2881 538 2936 Ὀδυσσεῖ
581 2882 814 2935 ἕπεσθαι
856 2882 1071 2934 δίδωσιν
1115 2881 1144 2932 6
1177 2882 1360 2952 πατὴρ
1410 2878 1695 2949 μνήμονα³

156 2970 357 3026 Μνῖσκον
398 2971 679 3043 τοῦνομα,
723 2972 1073 3042 Κεφαλλῆνα.
1107 2974 1304 3026 Εἵπετο
1337 2973 1430 3025 καὶ
1462 2970 1698 3041 Ἀχιλλεί

160 3063 346 3132 μνήμων
369 3063 620 3134 τοῦνομα
655 3065 892 3134 Νοήμων
918 3104 932 3125 ,
983 3065 1132 3132 γένει
1167 3063 1561 3134 Καρχηδόνιος,
1604 3064 1698 3116 καὶ

156 3153 404 3226 Πατρόκλῳ
443 3156 726 3227 Εὔδωρος.
763 3156 1120 3226 Ἀντίπατρος
1145 3155 1201 3207 δέ
1234 3172 1398 3226 φησιν
1439 3156 1468 3206 6
1497 3153 1696 3208 Ἀκάν-

158 3241 241 3306 θιος
268 3245 472 3317 Δάρητα
503 3286 518 3309 ,
557 3248 666 3317 πρὸ
709 3246 950 3317 Ὀμήρου
979 3246 1273 3315 γράψαντα
1312 3247 1412 3315 τὴν
1454 3245 1656 3300 Ἰλιάδα
1677 3285 1692 3308 ,

1795 584 1864 639 tis
1915 585 1986 638 sit
2038 586 2146 640 lilia
2188 588 2386 642 dictus.
2448 587 2837 659 Erytnantbum
2894 592 3156 660 Apollinis
3198 593 3368 650 filium

1789 684 2142 739 excaecatum.
2198 678 2340 747 quod
2395 688 2518 748 post
2575 695 2930 752 congressum
2965 699 3088 738 cum
3125 683 3370 740 Adonide

1792 767 2065 824 lavantem
2122 769 2314 842 147a
2355 769 2616 828 Venerem
2659 773 2928 840 vidisset,
2966 783 3022 829 et
3068 775 3368 844 Apollinem

1794 861 2151 931 indignatum,
2209 864 2323 932 apri
2367 863 2538 919 forma
2583 864 2798 932 induta,
2849 867 3099 922 dentibus
3124 867 3373 921 vulnera-

1795 963 1905 1005 tum
1951 967 2168 1010 necasse
2212 955 2464 1014 Adonim.
2519 958 2694 1022 Quare
2738 967 2892 1027 poeta
2932 959 3211 1013 columbas
3259 958 3370 1030 (-in

1793 1042 1896 1097 cibi
1945 1045 2167 1100 deorum
2217 1049 2492 1104 ministras
2539 1050 2749 1116 fecerit,
2805 1061 2862 1105 et
2904 1050 3033 1121 quid
3069 1051 3374 1103 Alexander

1796 1148 1912 1198 rex,
1960 1148 2123 1206 atque
2147 1139 2281 1192 adeo
2308 1138 2630 1196 Aristoteles
2653 1157 2818 1211 super
2847 1143 2948 1197 hac
2981 1157 3038 1196 re
3061 1141 3369 1195 censuerit:

1794 1235 1849 1278 et
1895 1227 1959 1279 de
1984 1225 2217 1282 Homero
2259 1231 2373 1301 ipso
2423 1241 2586 1301 atque
2634 1235 2923 1289 columbis.
2984 1234 3370 1303 Epicbartnutn

1794 1331 2005 1384 poetam
2038 1321 2105 1374 ab
2138 1322 2350 1378 Achille
2379 1323 2526 1378 Pelei
2571 1325 2680 1380 lilio
2703 1341 2874 1395 genus
2909 1327 3127 1381 ducere.
3178 1327 3373 1380 Patro-

1793 1410 1935 1462 clum
1980 1426 2075 1478 per
2101 1415 2476 1470 excellentiam
2531 1416 2776 1487 Equitem
2820 1419 2887 1470 ab
2919 1417 3152 1472 Ilomern
3196 1419 3369 1470 norni-

1796 1500 1909 1552 nari
1936 1499 2071 1572 (50),
2103 1505 2256 1570 quasi
2279 1521 2306 1558 a
2325 1505 2571 1576 Neptuno
2594 1509 2874 1574 aurigandi
2907 1519 3077 1563 artem
3097 1507 3368 1571 didicerit,

1793 1608 1916 1647 cum
1944 1595 2088 1649 illius
2113 1596 2202 1652 hic
2231 1609 2443 1654 amator
2473 1601 2594 1655 fuit.
2639 1603 2919 1672 Ulyssem,
2972 1601 3112 1671 quod
3149 1615 3373 1671 magnas

1795 1700 1954 1740 aures
1997 1687 2241 1757 haberet,
2304 1689 2464 1745 Ontin
2514 1693 2667 1747 initio
2719 1695 3067 1764 appellatum.
3127 1691 3197 1744 At
3239 1691 3365 1758 quia

1796 1775 1974 1842 pluvia
2012 1779 2303 1848 aliquando
2347 1792 2556 1849 exorta,
2610 1800 2732 1838 cum
2771 1786 3000 1853 amplius
3037 1795 3245 1853 partum
3279 1799 3374 1854 ge-

1793 1874 1941 1920 stare
1967 1877 2143 1922 mater
2187 1871 2407 1940 gravida
2458 1887 2560 1926 non
2609 1882 2811 1941 posset,
2860 1873 2914 1926 in
2944 1873 3026 1925 via
3056 1881 3360 1942 pepererat,

1792 1951 2029 2024 Odyssea
2066 1956 2188 2010 inde
2223 1974 2345 2013 esse
2373 1961 2730 2013 nominatum.
2775 1962 2940 2012 Arcas
2970 1960 3187 2028 quidam
3211 1954 3362 2010 Peri—

1791 2054 1950 2100 tanus
1992 2048 2208 2102 nomine
2234 2047 2490 2104 Helenam
2526 2051 2663 2119 apud
2713 2049 2964 2104 Paridem
3013 2051 3064 2103 in
3129 2048 3358 2100 Arcadia

1791 2151 2042 2208 agentem
2090 2141 2424 2198 adulterarat
2454 2159 2468 2197 :
2497 2157 2665 2213 quare
2691 2141 2844 2200 Paris
2867 2141 3113 2196 adulterii
3152 2155 3368 2209 poenam

1791 2233 2064 2303 irrogans,
2127 2235 2381 2303 genitalia
2429 2235 2504 2288 illi
2545 2236 2808 2289 exsecuit.
2848 2231 3000 2287 Unde
3050 2231 3278 2296 factum,
3314 2238 3374 2283 ut

1790 2322 2031 2378 Arcades
2059 2323 2142 2377 sic
2173 2322 2399 2379 affectos
2433 2335 2594 2393 atque
2638 2334 2883 2378 exsectos
2919 2323 3245 2393 περιτάνους
3276 2335 3373 2374 νοω

1792 2421 1938 2466 cent.
1973 2412 2241 2466 Achillem
2268 2414 2610 2468 Aristonicus
2657 2412 2992 2467 Tarentinus
3040 2426 3163 2465 cum
3204 2410 3374 2480 virgi-

1793 2503 1951 2558 nibus
2019 2502 2160 2572 apud
2220 2503 2579 2574 Lycomedem
2648 2514 2961 2557 versantem
3019 2502 3370 2574 Cercyscram

1793 2594 2120 2662 appellatum
2187 2609 2311 2649 esse
2356 2595 2565 2649 scribit.
2643 2593 2791 2649 lssan
2837 2609 3054 2664 quoque
3110 2592 3372 2663 Pyrrham

1794 2685 2080 2755 Aspetum,
2115 2694 2280 2754 atque
2323 2686 2672 2740 Promethea.
2721 2684 2949 2756 Botryas
2981 2685 3110 2738 item
3133 2682 3377 2752 Myndius

1796 2777 1994 2834 Niobes
2020 2779 2218 2832 liberos
2239 2792 2428 2832 omnes
2449 2779 2516 2831 ab
2540 2776 2790 2846 Apolline
2813 2777 3170 2844 interemptos
3187 2771 3375 2827 tradit.

1798 2870 1974 2941 Ulyssi
2009 2868 2158 2942 [ait]
2224 2870 2550 2924 monitorem
2580 2869 2692 2941 (51)
2747 2883 2947 2938 parens
2999 2866 3207 2921 addidit
3236 2864 3374 2935 Myi-

1795 2977 1947 3016 scum
1985 2964 2224 3028 nomine,
2275 2978 2342 3016 ex
2372 2963 2547 3016 insula
2572 2961 2922 3032 Cephalenia.
2950 2961 3293 3032 Sequebatur
3322 2972 3379 3016 et

1801 3052 2067 3107 Achillem
2099 3055 2337 3109 monitor
2365 3053 2384 3125 ἶ
2409 3054 2635 3108 Phwnix
2673 3053 2832 3126 (52)]
2863 3056 3373 3125 nomine,prudens,

1796 3143 2126 3216 Calydonius
2159 3146 2270 3213 (55)
2305 3161 2504 3213 genere
2536 3163 2549 3199 :
2581 3156 2637 3199 ut
2668 3156 2722 3200 et
2755 3145 3064 3202 Patroclum
3107 3151 3376 3206 Eudorus.

1798 3238 2066 3292 Cmterum
2096 3239 2380 3307 Antipater
2412 3238 2714 3293 Acautbius
2751 3239 2920 3292 refert
2947 3239 3196 3294 Daretem
3224 3240 3337 3311 (54)
3357 3282 3375 3308 ,

161 3339 364 3407 μνήμονα
419 3340 692 3408 γενέσθαι
745 3340 1009 3410 Ἕκτορος
1045 3340 1186 3410 ὑπὲρ
1222 3339 1315 3392 τοῦ
1367 3339 1440 3410 μὴ
1491 3339 1696 3394 ἀνελεῖν

1799 3331 1889 3399 qui
1914 3342 2038 3384 ante
2062 3331 2355 3385 Homerum
2386 3328 2616 3383 Iliadem
2659 3330 3012 3397 conscripsit,
3053 3333 3377 3388 monitorem

160 3428 331 3500 ἑταῖρον
361 3430 688 3502 Ἀχιλλέως.
743 3433 850 3484 Καὶ
879 3431 1257 3500 Πρωτεσιλάου
1303 3429 1361 3482 δέ
1397 3447 1530 3499 φησι
1560 3431 1696 3499 Δάρ-

1801 3420 1970 3478 fuisse
1990 3419 2261 3484 Hectoris,
2283 3433 2671 3490 auctoremque
2701 3438 2766 3476 ne
2809 3422 3035 3478 Achillis
3064 3425 3270 3478 socium
3299 3426 3380 3479 in-

158 3520 277 3576 δινον
309 3525 610 3592 γενέσθαι,
636 3523 793 3588 γένος
837 3523 1129 3577 Θεσσαλόν.
1170 3523 1277 3576 Καὶ
1313 3521 1604 3591 Ἀντιλόχῳ
1646 3520 1696 3572 δὲ

1802 3511 2101 3567 terimeret.
2148 3510 2557 3565 SicPrutesilao
2596 3512 2755 3565 docet
2796 3511 3102 3566 Dardanum
3137 3512 3375 3579 affuisse,

161 3605 384 3664 Χάλκωνα
432 3612 792 3678 ὑπασπιστὴν
842 3614 935 3664 καὶ
992 3612 1242 3682 μνήμονα
1289 3611 1394 3664 ὑπὸ
1429 3611 1696 3678 Νέστορος

1803 3603 2014 3670 origine
2072 3600 2391 3656 Thessalum
2425 3615 2440 3654 :
2478 3610 2532 3654 et
2561 3600 2854 3656 Antilocbo
2885 3601 3216 3660 Chalconem
3270 3605 3378 3660 Ar-

164 3702 471 3771 συνεςεύχθαι
511 3701 609 3754 τοῦ
662 3701 889 3772 πατρός.
922 3702 1109 3756 Ταῦτα
1144 3705 1242 3772 μὲν
1273 3705 1330 3755 ἐν
1355 3707 1420 3773 τῇ
1456 3701 1504 3755 α’
1533 3701 1696 3772 βίὸλῳ

1806 3695 2066 3764 Inigerum
2096 3693 2276 3758 simul,
2307 3703 2360 3747 et
2384 3695 2746 3748 monitoretna
2763 3692 2989 3750 Nestore
3010 3706 3161 3766 patre
3174 3697 3379 3752 datum.

163 3789 212 3840 τὰ
231 3795 490 3861 κεφάλαια.

227 3881 276 3934 Ἦ
307 3884 358 3937 δὲ
386 3885 432 3955 β’
461 3903 530 3938 πε
542 3885 600 3956 pi.
656 3884 1014 3954 Ἡρακλέους,
1043 3883 1117 3946 ὡς
1151 3884 1286 3953 μετὰ
1313 3883 1336 3911 ⁵
1373 3883 1471 3951 τὴν
1505 3883 1704 3952 μανίαν

163 3974 383 4046 ἐλλεϐόρῳ
434 3978 750 4047 καθαρθείη
782 3977 887 4029 ὑπὸ
929 3975 1289 4044 ’Λντικυρέως
1351 3975 1442 4026 τοῦ
1492 3975 1587 4028 κα).
1644 3975 1706 4027 τὸ

161 4067 410 4137 φάρμακον
441 4069 702 4139 εὑρόντος
755 4067 816 4119 τὸ
875 4071 933 4120 ἐν
983 4066 1277 4136 Ἀντικύρᾳ
1328 4068 1428 4135 τῆς
1469 4066 1706 4128 Φωκίδος

162 4160 431 4226 πλεονάζον,
467 4163 579 4214 κᾶν
610 4160 760 4213 ἄλλοι
789 4160 962 4222 ἄλλως
989 4158 1152 4211 αὐτόν
1183 4175 1316 4225 φασι
1338 4155 1702 4227 καθαρθῆναι.

164 4248 262 4302 Ὀτι
279 4253 522 4323 Νέστορὰ
552 4269 718 4321 φασιν
735 4252 754 4282 ⁸
779 4251 1053 4321 ἐρώμενον
1083 4249 1410 4320 Ἡρακλέους
1427 4248 1697 4316 γενέσθαι.

1806 3784 1933 3838 Ilatc
1963 3783 2124 3851 primi
2160 3783 2276 3836 libri
2305 3787 2505 3851 capita.

1875 3873 2063 3927 Altero
2096 3873 2292 3934 deinde
2318 3873 2460 3926 libro
2491 3873 2556 3927 de
2588 3872 2820 3928 Hercule
2859 3876 2991 3945 agit,
3019 3885 3078 3930 ut
3105 3893 3133 3930 a
3161 3877 3383 3932 demen-

1809 3967 1881 4020 tia
1907 3967 2149 4021 elleboro
2183 3967 2254 4020 sit
2296 3966 2559 4020 liberatus
2591 3969 2657 4020 ab
2688 3967 3000 4038 Anticyrco,
3037 3970 3126 4040 qui
3163 3971 3263 4025 hoc
3294 3987 3383 4026 re-

1811 4059 2043 4111 medium
2099 4057 2372 4127 Anticyrae
2417 4057 2530 4128 (55)
2581 4055 2835 4113 Phocidis
2906 4058 3057 4112 valde
3128 4058 3383 4127 frequens

1811 4150 2019 4218 primus
2056 4149 2300 4218 reperit:
2349 4150 2450 4204 etsi
2486 4150 2574 4203 alii
2609 4150 2766 4204 aliter
2792 4161 3072 4220 purgatum
3110 4152 3382 4205 memoria:

1808 4246 2178 4315 prodiderunt.
2202 4246 2249 4299 A
2270 4244 2497 4299 Nestore
2524 4262 2739 4314 quoque
2758 4246 3042 4302 Herculem
3076 4249 3380 4300 adamatum

165 4340 257 4396 ὀτι
287 4347 340 4398 ού
367 4345 730 4415 Φιλοκτήτης,
771 4346 956 4414 φησὶν,
997 4343 1133 4396 ἀλλὰ
1167 4343 1452 4413 Μόρσιμος
1491 4344 1520 4394 6
1553 4342 1696 4412 Τρα-

1811 4348 2016 4393 narrat.
2061 4339 2191 4392 Item
2223 4353 2326 4392 non
2363 4326 2862 4406 Philoctetem,'sed
2892 4339 3204 4393 Morsimum
3258 4338 3383 4392 l‘ra-

1434 4498 1669 4554 VARIIE
1710 4494 2115 4553 LECTIONES.

215 4600 252 4630 "
281 4601 568 4672 λουμένην
606 4615 689 4672 pr.
714 4599 755 4651 A
778 4593 1114 4672 :_}.ouopAév'qv
1137 4611 1197 4672 ς..
1273 4594 1319 4625 ⁸⁸
1357 4591 1439 4672 ἐῢς
1462 4589 1642 4672 παρὲξ)
1676 4589 1797 4672 libri
1829 4587 2058 4672 ὢσπερζη
2116 4588 2161 4672 ξ⁶
2201 4585 2562 4672 ῌεριτέτανος
2595 4603 2657 4650 ς.
2732 4586 3072 4672 ’χ”Αρκαδῖα
3100 4601 3244 4672 corr.
3277 4586 3316 4639 A
3363 4602 3381 4641 :

175 4659 448 4738 Ἀρκαδίᾳ
501 4659 576 4703 ’⁹⁸
605 4659 1010 4738 ἐξευνούχξσεἈ
1061 4659 1201 4738 {radi
1251 4659 1563 4738 παιδογόναί
1601 4659 1766 4738 ἀίςπέτε

168 4801 416 4881 Κεῗαλῆνα
439 4830 504 4877 ς.
586 4811 607 4841 ⁸
638 4809 778 4862 κατὰ
800 4801 862 4871 ς.
937 4805 957 4836 ⁸
987 4821 1152 4875 φησιν
1175 4806 1242 4857 A.
1277 4801 1362 4872 οὺ]
1390 4805 1418 4855 ὁ
1443 4803 1510 4855 A.

175 4675 358 4738 ’Ἀρκάδι
387 4690 448 4737 ς.
526 4675 576 4703 ’⁸
605 4675 942 4734 ἐξευνούχισε
968 4675 1010 4716 A
1061 4683 1074 4718 :
1133 4675 1201 4717 τὰ
1251 4675 1546 4727 παιοογονα
1601 4675 1842 4728 απετεμε
1876 4675 1935 4722 ς.
1993 4675 2058 4738 ,η
2082 4675 2366 4737 ευνουχους
2401 4675 2446 4707 Α
2477 4675 2648 4709 εουτω
2671 4675 2864 4736 παυοντ

172 4742 319 4804 μένους
337 4761 396 4806 ς.
462 4743 479 4774 ¹
511 4735 811 4806 Ἄσπετος)
844 4735 1118 4788 Plutarchi
1143 4731 1568 4806 Iuctrttithrltro
1591 4732 1654 4799 I.)
1675 4728 2162 4798 apponitLetclnus
2191 4745 2242 4796 p.
2284 4743 2337 4780 χ.
2397 4727 2561 4788 ’τοὺς
2582 4727 2628 4778 Α
2655 4742 2784 4795 ετης
2803 4742 2864 4788 ς.

2015 4657 2058 4689 ⁹⁹
2085 4655 2366 4725 εὐνούχους
2401 4659 2446 4707 Α
2477 4655 2648 4709 τούτω
2671 4656 2941 4718 παθόντας
2983 4658 3076 4708 καὶ
3113 4658 3383 4726 ἐκτετμη-

2951 4725 2972 4756 ³
2995 4725 3286 4796 μημόσυνα
3316 4725 3378 4791 ς.

1637 4897 1872 4956 NOTAE.

217 4999 308 5072 (ις)
341 5001 484 5072 Lege
511 4999 858 5072 Eustatln_._a_d
891 4997 1082 5072 Qdyss.

175 5059 310 5188 0569')
359 5059 679 5195 [ὦὲλειάδας.
735 5067 865 5122 Vide
910 5059 1162 5122 Eustatb.
1225 5063 1292 5118 ad
1334 5077 1551 5117 versum
1610 5059 1712 5116 639

239 5157 328 5195 Im.
415 5181 430 5194 .

348 5157 482 5266 ἅδε
513 5207 859 5283 Ευειιῃιιηοό
885 5205 1186 5283 versum
1217 5202 1408 5283 Odyss.

194 5279 316 5354 ..(51)
347 5283 640 5354 Μνήμονα.
675 5278 1093 5354 Paedagngornm
1126 5277 1342 5354 itl,_sive
1366 5277 1543 5354 potius
1565 5285 1718 5354 “cnn-

168 5343 818 5406 siliariornni'iutimorum
839 5343 1045 5417 genus.
1075 5345 1328 5417 heroibus
1351 5345 1470 5417 addi
1498 5343 1718 5395 solitum

167 5423 368 5494 maritae
387 5421 721 5494 junioribus.
753 5413 954 5494 Quales
986 5417 1096 5470 fere
1141 5415 1299 5494 hodie
1333 5413 1720 5494 gubernatores

168 5482 582 5587 nisiorislpotegta
593 5491 658 5543 tis
670 5482 1052 5559 signiticativos
1067 5485 1417 5556 appellamus.
1437 5482 1715 5548 Quomodo

165 5561 300 5612 etiam
330 5563 466 5614 dixit
497 5561 640 5613 Stat.
667 5574 680 5611 :

281 5627 539 5684 Indomiti
573 5629 796 5706 Plitenix
828 5629 1126 5706 moderator
1151 5623 1371 5706 alumni.

203 5761 212 5770 ,
635 5701 771 5770 (Syl.
816 5714 867 5759 ν,
897 5696 1118 5765 Epicetl.
1153 5696 1203 5746 in
1233 5691 1489 5763 patrem.)

168 5756 384 5832 Slmilem
430 5768 561 5822 huic
593 5776 1004 5832 paedagogorum
1029 5765 1334 5832 catalogum
1388 5763 1463 5832 (In
1500 5775 1624 5832 rqno
1658 5767 1713 5813 el.

169 5785 384 5822 ormnem
431 5785 561 5822 Itlllc
593 5785 1004 5836 paedagogorum
1029 5785 1334 5832 Ctttalogulu
1388 5785 1463 5832 (ιιι
1519 5785 1624 5826 ψιυ
1658 5785 1707 5813 ut

167 5827 370 5893 Phoenix
409 5840 607 5894 Achilli
631 5837 892 5907 tributus)
937 5837 1052 5904 lege
1097 5839 1238 5904 apud
1282 5834 1452 5889 Clem.
1481 5831 1707 5886 Alexan.

1818 4989 1911 5044 lib.
1938 5003 1952 5040 ι
1989 4982 2298 5054 Pwdagogi,
2323 4998 2370 5038 c.
2404 4982 2458 5037 8.
2490 4981 2576 5036 Cf.
2605 4981 2880 5036 Plutarch.
2914 4981 2965 5035 in
3001 4979 3258 5048 Praecept.
3283 4998 3380 5049 po-

1811 5059 1958 5111 litiar.
3007 5077 3017 5080 -

1887 5125 1996 5195 (5‘2)
2016 5127 2194 5178 Ausus
2232 5138 2350 5178 sum
2399 5119 2881 5195 celebratissimum
2910 5121 3047 5195 apud
3075 5134 3262 5195 omnes
3284 5138 3381 5174 no-

1816 5191 1938 5251 men
1974 5196 2060 5248 hic
2093 5196 2333 5249 inserere
2365 5209 2381 5249 :
2410 5193 2544 5245 nihil
2589 5191 2842 5261 dubitans
2881 5192 3010 5261 quin
3058 5191 3122 5244 τὸ
3164 5191 3382 5260 νοήμων

1815 5265 2226 5337 prudentissimi
2255 5263 2653 5337 viricpitbeton
2681 5258 2864 5313 fuerit.

1889 5336 2002 5404 (55)
2027 5333 2118 5388 Sic
2143 5335 2285 5388 enim
2317 5329 2570 5404 bic’malo
2592 5331 2768 5404 legere
2786 5329 3378 5404 quam_Kapxq_6_6vtoc:

1824 5400 1925 5458 etsi
1964 5420 2068 5458 non
2116 5405 2382 5472 ignorem,
2437 5402 2719 5472 §cepsiutn
2765 5403 2904 5472 apud
2935 5400 3116 5472 Strab.
3155 5402 3246 5455 lib.
3282 5417 3380 5466 xu,

1823 5475 2060 5529 Thessul.
2092 5469 2406 5527 Oi'nzeniutn
2436 5469 2707 5526 Phoenicis
2741 5471 2971 5536 patriam
3001 5469 3202 5524 facere.

1892 5546 2003 5616 (54)
2042 5546 2208 5616 Dares
2244 5543 2674 5616 etiambquidam.
2715 5543 2970 5616 sacerdos
3005 5538 3286 5616 Troianus
3312 5542 3382 5592 ab

1820 5607 2055 5671 llo‘me'ro
2083 5615 2327 5667 laudatus
2362 5607 2525 5667 Ilia'd.
2557 5609 2620 5664 Ε.
2647 5607 2717 5662 At
2739 5611 2880 5677 quod
2916 5610 2968 5662 in
3002 5610 3250 5663 manibus
3269 5610 3382 5678 jam

1726 5727 1734 5734 .
1819 5690 1884 5740 de
1919 5685 2062 5739 bello
2107 5683 2343 5749 Trojano
2379 5683 2595 5750 Poema,
2640 5681 2820 5735 Darcti
2854 5678 2993 5735 falso
3042 5681 3381 5750 suppositum
3434 5731 3439 5736 .

1819 5765 2048 5812 censent
2081 5753 2301 5808 eruditi.

1890 5825 2006 5897 (55)
2033 5824 2164 5880 Vide
2193 5819 2502 5877 Proverbia.
