4038 6452
587 387 688 452 ﬁll
1762 370 2024 434 Pl-IOTII
2061 369 2203 431 PAT

2304 367 2566 432 ARCHE
2602 367 2711 426 ΟΡ.
3766 360 3866 426 612

589 501 830 558 chinium
859 512 1047 570 pyram
1085 494 1298 550 Herculi
1345 491 1672 548 incendisse.
1708 489 1995 544 Herculem
2032 501 2203 556 praem

2304 484 2440 553 iuta;
2486 482 2699 552 ὑφῆψεν
2738 479 2999 552 Ἡρακλεῖ
3028 478 3124 547 τὴν
3165 475 3362 547 πυράν.
3410 475 3547 528 Ὅτι
3595 473 3866 546 Ἡρακλῆς

594 606 764 656 terea,
795 565 1054 646 devorato
1085 606 1114 642 a
1146 586 1398 642 Nemeaeo
1422 586 1580 640 leone
1613 583 1805 654 1570
1837 581 2002 650 digito
2039 593 2167 642 uno,

2304 574 2688 645 ιποὸρωθέντος
2734 569 2885 641 αὐτῷ
2909 571 2931 601 ⁸
2966 569 3076 622 τῶν
3127 566 3410 620 δακτύλων
3444 565 3578 628 ἑνὸς
3628 565 3736 618 ὑπὸ
3778 566 3866 618 τοῦ

591 701 781 742 novem
802 684 1062 738 duntaxat
1093 681 1290 750 digitos
1321 679 1600 741 habuisse,
1632 687 1964 742 eXStareque
1989 682 2172 725 tumu-

2304 667 2545 738 ispmiou
2607 665 2819 727 λέοντος
2880 659 3298 721 ὲννεαδάκτυλος
3331 657 3563 726 γέγονε,
3619 656 3719 708 καὶ
3761 655 3868 708 ἐστι

591 777 702 833 hnn
731 777 880 846 digiti
917 775 1109 828 avulsi.
1151 746 1257 826 Alii
1293 782 1472 824 tamen
1508 769 1800 838 pastinaca:
1853 766 1965 836 (56)
2009 765 2174 834 piscis

2308 763 2443 830 ἀφος
2487 757 2582 812 τοῦ
2639 755 3049 826 ἐκκεκομμένου
3093 750 3373 806 δακτύλου·
3425 749 3485 801 οἱ
3549 746 3610 799 δὲ
3675 746 3870 817 κέντρῳ

595 869 790 930 aculeo.
825 868 1050 937 digitum
1105 867 1364 920 amissum
1419 863 1620 916 ferunt.
1674 861 1910 913 Leonem
1957 873 2085 912 vero
2108 873 2176 911 ex

2304 851 2534 922 puyo’vo;
2565 846 2862 902 ἀποδαλείν
2898 845 2988 897 τόν
3016 841 3277 896 δάκτυλον
3322 839 3570 908 ἔφασαν.
3605 836 3812 889 Λέοντα
3831 837 3870 888 δ’

595 961 772 1031 lapide
796 956 1179 1012 Lacedaemone
1211 957 1390 1010 videre
1421 964 1504 1009 est
1533 952 1685 1023 digiti
1727 951 1932 1006 tumulo
1956 948 2174 1017 imposi~

598 1063 732 1114 tum,
780 1051 1083 1122 symbolum
1135 1049 1388 1102 nimirum
1442 1045 1692 1109 Herculei
1746 1044 1977 1098 roboris;
2031 1041 2181 1096 Unde

600 1160 717 1198 mos
745 1143 966 1196 inolevit
1009 1145 1058 1194 in
1095 1141 1426 1208 reliquorum
1465 1153 1678 1208 quoque
1721 1136 2008 1204 sepulcris,
2046 1133 2182 1203 lapi-

601 1237 735 1292 deos
780 1246 1017 1291 statuere
1055 1234 1259 1288 leones.
1296 1230 1494 1284 Verum
1531 1231 1620 1284 alii
1652 1231 1806 1284 aliter
1835 1229 1901 1283 de
1943 1230 2096 1282 leone
2130 1227 2180 1281 in

600 1329 759 1396 cippo
811 1325 1175 1380 monumentis
1221 1323 1472 1390 imposito
1529 1322 1767 1374 tradunt.
1811 1320 1888 1373 Ex
1941 1318 2184 1372 Herculis

607 1435 734 1489 rogo
774 1432 1025 1489 magnam
1071 1416 1400 1470 locustarum
1424 1414 1528 1466 vim
1554 1408 1806 1478 enatam,
1839 1427 1958 1488 quae
2009 1412 2186 1476 regio-

607 1527 728 1566 nem
767 1496 930 1564 veluti
960 1518 1108 1578 peste
1135 1508 1395 1568 vastavit,
1425 1517 1476 1559 et
1508 1521 1620 1575 quo
1649 1505 1808 1557 modo
1840 1519 1901 1556 ea
1937 1504 2055 1556 lues
2089 1518 2188 1554 ex-

606 1602 800 1654 stincta
833 1599 1013 1652 fuerit.
1053 1597 1119 1654 Ut
1152 1597 1329 1651 Venus
1363 1608 1580 1665 propter
1608 1595 1930 1661 Adonidem,
1964 1599 2196 1650 sutnnct

608 1689 855 1745 Herculis
886 1691 1173 1756 amasium,
1216 1688 1446 1743 Nessum
1507 1687 1859 1750 Centaurum,
1891 1702 2026 1756 quas
2060 1686 2194 1740 Iler-

570 1796 574 1800 '
611 1780 714 1834 culi
749 1781 975 1834 insidias
997 1791 1254 1844 strueret,
1279 1765 1580 1833 edocuerit.
1610 1776 1676 1832 Ut
1704 1775 1919 1842 Nireus,
1949 1777 2194 1847 Symqu

2280 946 2426 998 ἔστιν
2459 944 2585 996 ίδεῖν
2615 941 2693 1011 τῷ
2735 939 2830 993 τοῦ
2861 937 3128 992 δακτύλου
3159 935 3315 1004 τάφῳ
3341 931 3648 1002 ἐφεστῶτα
3681 929 3870 984 λίθινον

2282 1040 2339 1089 ἐν
2374 1033 2759 1102 Λακεδαίμονι,
2824 1029 3088 1101 σύμϐολον
3140 1028 3237 1096 τῆς
3275 1025 3367 1079 τοῦ
3405 1024 3602 1095 ἥρωος
3629 1023 3652 1054 ⁷
3687 1022 3871 1090 ἀλκῆς.

2297 1131 2383 1195 Ἐξ
2414 1128 2620 1181 ἐκείνου
2676 1126 2732 1178 δὲ
2779 1125 2873 1178 καὶ
2901 1125 3011 1186 τοῖς
3039 1121 3216 1175 ἄλλων
3253 1119 3453 1188 τάφοις
3512 1115 3757 1178 λιθίνους
3784 1116 3870 1182 ἐφ-

2287 1219 2511 1273 ιστῶσιδ
2549 1219 2792 1279 λέοντας.
2827 1213 3012 1266 ’Λλλοι
3045 1210 3090 1263 δ’
3113 1208 3284 1271 ἄλλως
3308 1208 3441 1276 περὶ
3471 1206 3580 1274 τῆς
3607 1203 3704 1257 τοῦ
3736 1205 3874 1256 λέονο

2286 1329 2375 1373 τος
2398 1305 2828 1378 ἁναστηλώσεώς
2879 1319 3062 1371 φασιν.
3113 1301 3201 1362 Ὠς
3245 1301 3310 1352 ὲκ
3342 1299 3471 1377 ,τῆς
3545 1295 3874 1364 Ἡρακλέους

2288 1403 2467 1472 πυρᾶς
2499 1399 2735 1471 ἀκρίδων
2769 1400 2789 1430 ⁹
2832 1397 3037 1466 πλῆθος
3081 1393 3400 1463 άνήφθησαν
3435 1390 3540 1443 καὶ
3571 1388 3764 1459 λοιμοῦ
3805 1389 3875 1440 δίο

2290 1515 2394 1566 κην
2423 1495 2521 1564 τὴν
2555 1493 2736 1564 χώραν
2787 1490 3022 1543 ἐσίνοντο
3045 1527 3060 1551 ,
3113 1489 3205 1540 καὶ
3256 1486 3332 1548 ὡς
3367 1482 3754 1553 ἀνῃρέθησαν.
3796 1480 3875 1542 Ὧς

2306 1586 2594 1655 Ἀφροδίτη
2627 1584 2691 1636 δι’
2714 1583 2948 1636 Ἀδωνιν
2981 1581 3073 1633 τὸν
3100 1580 3267 1648 αὐτῆς
3294 1595 3354 1631 τε
3391 1579 3496 1629 καὶ
3545 1572 3875 1644 Ἡρακλέους

2295 1680 2570 1751 ἐρώμενον
2595 1678 2806 1731 Νέσσον
2831 1676 2923 1728 τὸν
2957 1675 3266 1742 Κένταυρον
3301 1671 3547 1734 διδάξειε
3607 1667 3709 1738 τὴν
3752 1667 3874 1719 κατὰ

2314 1770 2646 1843 Ἡρακλέους
2694 1767 2936 1836 ἐνέδραν.
2980 1766 3063 1829 Ὠς
3096 1765 3296 1835 Νιρεὺς
3337 1765 3366 1815 6
3417 1763 3672 1829 Συμαῖος
3718 1758 3874 1828 Ἦραὲ

609 1869 860 1926 Herculis
911 1874 1165 1937 amasius,
1207 1882 1395 1924 contra
1443 1868 1780 1923 llelicouium
1827 1869 2036 1922 leonem
2086 1883 2189 1921 una

2304 1839 2484 1926 κλέους
2511 1861 2578 1935 ἦν
2631 1863 2927 1934 ἐρώμενος,
2958 1860 3085 1933 [9.45
3113 1858 3205 1931 IL]
3245 1860 3338 1911 καὶ
3368 1855 3873 1926 συγκατειργάσατο

612 1963 899 2032 pngnarit:
934 1965 1148 2032 quidam
1194 1973 1370 2017 tamen
1422 1962 1668 2016 Herculis
1705 1962 1872 2014 tilium
1912 1960 2071 2015 Nirea
2111 1959 2195 2014 fa-

614 2055 783 2108 ciunt.
813 2055 1073 2119 Quanam
1108 2056 1219 2108 sint
1263 2055 1365 2106 illa:
1396 2056 1534 2123 apud
1569 2063 1780 2122 poetam
1821 2053 2028 2122 gratiae,
2072 2066 2195 2106 cum

615 2145 811 2213 quibus
838 2143 1108 2211 Enphorhi
1155 2143 1334 2198 crines
1365 2143 1642 2211 componit
1663 2142 1796 2212 (57).
1827 2140 2114 2197 Herculem
2166 2157 2196 2194 α

618 2236 783 2291 natali
811 2233 987 2288 Nilum
1019 2234 1187 2289 fuisse
1216 2235 1537 2303 appellatum
1567 2235 1764 2289 asserit
1799 2249 1814 2287 :
1846 2243 1901 2287 at
1932 2246 2054 2303 post
2085 2249 2203 2288 ser-

617 2337 800 2382 vatam
848 2325 1136 2391 Iunonem,
1188 2325 1488 2381 interiectis
1525 2327 1616 2396 qui
1665 2327 1811 2380 illam
1870 2327 2202 2380 invadebant

619 2399 908 2490 Aiionymo
935 2427 986 2472 et
1009 2419 1275 2487 Peripnoo
1300 2418 1627 2487 gigantibus,
1662 2420 1856 2472 exinde
1886 2419 2049 2489 (quod
2087 2419 2202 2472 bel-

621 2509 731 2562 lum
773 2525 801 2561 a
824 2508 1034 2562 Junone
1057 2509 1417 2577 proﬂigasset)
1450 2524 1643 2563 nomen
1671 2520 1931 2563 mutasse.
1952 2510 2203 2565 Auderus

623 2598 875 2654 Herculis
901 2600 1163 2664 aniasius,
1195 2615 1316 2654 cum
1353 2601 1419 2654 de
1450 2599 1611 2668 hujus
1645 2617 1775 2670 rogo
1813 2600 2030 2655 Theseo
2065 2618 2204 2654 nun-

607 2682 835 2755 tiasset,
871 2692 937 2746 ab
958 2693 1146 2746 eodem
1177 2701 1262 2746 est
1286 2693 1661 2761 interemptus.
1693 2693 1983 2746 Dimidium:
2008 2692 2202 2764 Hydra:

626 2793 788 2851 caput
820 2795 1044 2836 aureum
1081 2781 1270 2846 fuisse,
1301 2793 1494 2836 auctor
1520 2791 1604 2837 est
1626 2784 1965 2838 Aristonicus
1993 2783 2203 2838 Taren-

597 2872 794 2925 tinus.
849 2873 1153 2948 Alexander
1197 2887 1324 2927 vero
1379 2873 1622 2944 Hyndius
1666 2873 1870 2940 refert,
1911 2876 2202 2930 draconem

629 2972 770 3018 terra
805 2965 1045 3033 genitum
1075 2977 1179 3018 una
1211 2979 1333 3018 cum
1358 2963 1587 3019 Hercule
1621 2980 1913 3034 pugnasse,
1944 2967 2206 3021 adversus

600 3049 939 3106 _Nemeaeum
1000 3052 1210 3106 leonem
1263 3071 1276 3105 :
1325 3069 1486 3121 quem
1529 3063 1586 3107 et
1626 3055 1922 3108 enutritum
1969 3055 2082 3125 (58)
2139 3057 2206 3109 ab

2297 1959 2388 2011 τὸν
2424 1955 2737 2010 Ἑλικώνιον
2771 1955 2986 2008 λέονταο
3042 1955 3092 2006 οἱ
3145 1953 3201 2005 δὲ
3258 1951 3372 2003 υἱὸν
3407 1949 3754 2019 Ἡρακλέους
3795 1947 3872 1998 τὸν

2298 2048 2473 2118 Νιρέα
2505 2047 2658 2116 φασί.
2691 2039 2847 2107 Τίνες
2874 2045 2931 2098 αἱ
2979 2043 3129 2113 παρὰ
3167 2041 3246 2112 τῷ
3290 2042 3496 2109 ποιητῇ
3522 2040 3769 2108 χάριτες,
3797 2030 3876 2097 αἷς

2300 2136 2635 2207 παραϐάλλει
2683 2134 2781 2198 τὰς
2830 2131 3111 2202 Εὐφόρϐου
3164 2131 3362 2199 κόμας.
3434 2129 3568 2180 ’Ὁτι
3631 2125 3814 2187 Νεῖλος
3847 2126 3871 2175 ὁ

2312 2231 2591 2300 Ἡρακλῆς
2638 2229 2745 2282 ἀπὸ
2797 2224 3066 2295 γενέσεώς
3096 2241 3259 2294 φησιν
3287 2223 3329 2254 ¹⁶
3367 2221 3648 2284 ἐκαλεῖτο,
3684 2217 3799 2272 ἐπεὶ
3833 2216 3872 2268 δ’

2305 2322 2485 2391 Ἦραν
2540 2319 2746 2372 ἔσωσεν
2787 2317 3156 2387 ἐπερχόμενον
3195 2316 3330 2384 αὐτῇ
3364 2312 3582 2366 ἀνελὼν
3624 2313 3716 2365 τὸν
3745 2311 3870 2366 ἀνώ-

2303 2400 2480 2482 νυμον
2504 2411 2596 2466 καὶ
2628 2411 2924 2482 πυρίπνουν
2975 2408 3232 2477 Γίγαντα.
3271 2405 3398 2477 [476
3426 2405 3524 2478 IL]
3569 2405 3773 2458 ἐκεῖθεν
3798 2405 3873 2458 διὰ

2302 2507 2362 2558 τὸ
2394 2505 2736 2570 άπαλαλκεῖν,
2775 2503 2815 2533 ¹¹
2849 2501 2946 2569 τῆς
2982 2502 3160 2570 Ἥρας
3194 2499 3286 2553 τὸν
3346 2499 3597 2568 πόλεμον
3626 2497 3870 2567 μετέϐαλε

2303 2598 2402 2667 τὴν
2435 2595 2648 2665 κλῆσιν.
2683 2596 2806 2647 Ὀτι
2845 2593 3114 2662 Ἀὁδηρος
3153 2593 3194 2623 ¹²
3220 2593 3248 2643 6
3285 2591 3631 2662 Ἡρακλέους
3681 2589 3872 2659 ἐρώμε-

2304 2682 2393 2749 νὸς
2418 2687 2486 2739 τὰ
2519 2685 2648 2756 περὶ
2693 2684 2792 2753 τῆς
2825 2683 3006 2752 πυρᾶς
3041 2681 3204 2734 αὐτοῦ
3236 2681 3406 2747 Θησεῖ
3436 2679 3767 2747 άναγγείλας
3792 2679 3868 2728 ὑπ’

2305 2777 2470 2831 αὐτοῦ
2527 2776 2851 2843 ἀναιρεῖται.
2909 2773 3035 2824 Ὅτι
3095 2774 3196 2841 τὴν
3259 2772 3435 2842 μέσην
3489 2770 3744 2839 κεφαλὴν]
3784 2767 3871 2836 τῆς

2307 2871 2472 2941 ’ύδρας
2516 2866 2881 2939 Ἀριστόνικός
2916 2866 2959 2897 ¹³
3011 2882 3174 2935 φησιν
3225 2867 3254 2917 6
3294 2865 3635 2936 Ταραντῖνος
3685 2860 3867 2931 χρυσῆν

2306 2961 2466 3018 εἶναι.
2499 2964 2620 3016 Ὅτι
2667 2959 3013 3028 Ἀλέξανδρος
3063 2959 3091 3010 6
3149 2957 3387 3021 Μύνδιός
3437 2975 3576 3028 φησι
3626 2957 3869 3026 δράκοντα

2305 3055 2514 3127 γηγενῆ
2566 3052 2928 3124 συμμαχῆσαι
2973 3045 3231 3121 Ἡρακλεί
3282 3050 3423 3120 πρὸς
3484 3051 3578 3102 τὸν
3624 3048 3868 3117 Νεμεαῖον

631 3144 884 3209 Hercule,
921 3143 1248 3212 Thebasque
1279 3145 1495 3198 ductum
1531 3143 1584 3197 in
1614 3144 1773 3212 hujus
1805 3149 2036 3201 tentorio
2056 3164 2203 3201 Inan-

2308 3149 2519 3213 λέοντα,
2581 3146 2640 3198 ὃν
2688 3145 2784 3198 καὶ
2842 3143 3222 3213 άνατραιρῆναι
3260 3141 3365 3194 ὑπὸ
3408 3140 3761 3211 Ἡρακλέους,
3789 3138 3868 3188 καὶ

632 3238 790 3300 sissc,
817 3239 1174 3304 eumdemque
1214 3235 1363 3288 illum
1393 3249 1533 3300 esse,
1566 3239 1656 3304 qui
1682 3237 1855 3307 pullos
1883 3237 1994 3307 (59)
2024 3252 2203 3306 passe-

2314 3240 2851 3310 συνακολουθήσαντα
2878 3234 3030 3304 αὐτῷ
3058 3236 3115 3298 ἐς
3161 3235 3342 3304 Θήϐας
3378 3235 3439 3287 ὲν
3469 3232 3647 3289 αὖλιδι
3674 3231 3863 3301 μείναι’

606 3332 710 3389 _ris
759 3344 880 3382 cum
927 3330 1260 3389 devorasset,
1314 3328 1364 3380 in
1414 3327 1648 3394 lapidem
1691 3343 1988 3384 conversus
2023 3330 2208 3386 fuerit.

634 3418 778 3487 Argo
809 3433 1000 3471 navem
1028 3419 1082 3471 in
1117 3417 1249 3471 Ossa
1280 3416 1573 3473 Thessaliae
1601 3429 1780 3473 monte
1812 3418 2211 3490 Herculesqui-

637 3511 755 3564 dem
779 3509 1166 3564 exaedificavit:
1197 3525 1394 3587 nomen
1415 3525 1543 3564 vero
1565 3511 1664 3580 ipsi
1698 3512 1924 3565 inditum
1960 3511 2028 3566 ah
2042 3513 2209 3582 Argo,

638 3604 853 3657 Jasonis
887 3603 1017 3667 ﬁlio,
1049 3602 1141 3672 qui
1171 3603 1269 3672 ipsi
1316 3604 1368 3656 in
1402 3603 1614 3660 deliciis
1642 3614 1779 3670 erat,
1809 3615 2030 3675 propter
2049 3622 2208 3675 quem

639 3695 805 3748 etiam
839 3693 927 3748 ille
966 3711 1067 3748 una
1104 3711 1224 3748 cum
1255 3692 1454 3750 Jasone
1487 3697 1554 3749 ad
1579 3697 1814 3766 Scythas
1848 3699 2209 3768 adnavigavit.

641 3784 908 3840 Junonem
940 3801 1059 3840 cum
1096 3785 1342 3858 Geryone
1386 3802 1712 3857 pugnantem
1744 3791 1811 3842 ab
1844 3788 2072 3845 Hercule
2094 3792 2213 3844 vul-

645 3894 746 3931 nus
799 3881 1075 3948 accepisse
1123 3880 1414 3933 secundmu
1468 3882 1748 3934 dexterum
1799 3884 1953 3947 uber,
2003 3895 2059 3938 et
2095 3901 2215 3954 quae

651 3971 772 4025 inde
799 3981 1089 4049 consecuta
1126 3973 1254 4025 sint.
1284 3972 1577 4042 Corythus,
1609 3989 1806 4043 genere
1832 3976 2021 4030 Iberus
2052 3987 2216 4045 atque

649 4063 894 4117 Herculis
941 4063 1199 4127 amasius,
1245 4067 1454 4132 galeam
1495 4067 1701 4135 primus
1735 4067 2044 4122 fabricavit.
2079 4067 2216 4123 Hinc

646 4167 701 4208 et
731 4156 815 4210 his
833 4155 998 4210 armis
1042 4170 1236 4213 nomen
1277 4157 1327 4210 id
1372 4158 1606 4226 primum
1641 4159 1848 4213 datum.
1900 4161 2216 4228 Sepulcrum

649 4247 776 4301 illud
805 4249 858 4302 in
891 4247 1074 4313 Creta,
1101 4249 1243 4318 quod
1284 4248 1436 4303 Jovis
1467 4251 1786 4318 appellatur,
1832 4250 2042 4321 Olympi
2075 4251 2218 4308 illius

647 4341 926 4397 Cretensis
961 4356 1103 4405 esse,
1132 4341 1221 4410 qui
1259 4353 1504 4412 ereptum
1541 4343 1777 4398 Saturno
1797 4342 1982 4398 Jovem
2015 4345 2218 4400 educa-

647 4432 745 4497 vit,
798 4432 1221 4500 religionemque
1275 4433 1510 4487 edocuit.
1567 4431 1759 4486 Verum
1790 4435 1932 4487 enim
1961 4448 2090 4490 vero
2116 4451 2218 4489 nu-

2312 3336 2407 3389 καὶ
2439 3335 2626 3388 τοῦτον
2655 3328 2791 3385 εἶναι
2812 3331 2902 3383 τὸν
2929 3330 3052 3391 τοὺς
3073 3328 3324 3390 νεοσσοὺς
3359 3327 3745 3396 καταφαγόντα
3782 3324 3866 3390 τῆς

2313 3427 2576 3498 στρουθοῦ
2633 3421 3217 3479 καὶάπολιθωθέντα.
3285 3418 3377 3482 Ὠς
3433 3419 3538 3489 τὴν
3602 3416 3770 3486 Ἀργὼ
3816 3416 3864 3464 ὲν

2318 3509 2490 3588 Ὄσσῃ
2513 3517 2610 3586 τῆς
2638 3513 2938 3574 Θεσσαλίας
2975 3511 3250 3580 Ἡρακλῆς
3270 3510 3312 3542 ιδ
3342 3511 3445 3580 μὲν
3468 3507 3866 3569 κατασκευάζει,

2313 3611 2484 3681 ὄνομα
2529 3608 2574 3662 δ’
2608 3609 2745 3678 αὐτῇ
2777 3608 2987 3676 τίθησιν
3035 3605 3144 3658 ἀπὸ
3173 3605 3380 3674 Ἄργου
3417 3606 3513 3659 τοῦ
3553 3604 3789 3662 Ἰάσονος,
3816 3598 3864 3659 ὃς

2312 3699 2385 3773 ῆν
2417 3702 2692 3773 ἐρώμενος
2743 3697 2910 3769 αὐτῷ,
2945 3698 3012 3751 δι’
3041 3699 3100 3751 ὃν
3136 3699 3232 3752 καὶ
3268 3699 3461 3752 Ἰάσονι
3497 3698 3589 3750 τὸν
3631 3696 3719 3748 ἐπὶ
3742 3693 3863 3744 Σκυ-

2317 3796 2436 3857 θίας
2467 3794 2735 3863 συνήρατο
2764 3790 2951 3844 πλοῦν.
2997 3789 3084 3853 Ὠς
3108 3790 3258 3862 ’Ἡρα
3289 3787 3654 3860 σομμαχοῦσα
3678 3785 3748 3854 τῷ
3774 3783 3807 3834 Γ
3810 3800 3862 3850 η-

2319 3886 2492 3958 ρυόνῃ,
2509 3887 2551 3916 ⁸⁸
2574 3883 2935 3953 τιτρώσκεται
2965 3881 3054 3951 ὑφ’
3093 3881 3425 3953 Ἡρακλέους
3449 3881 3588 3934 κατὰ
3613 3880 3701 3932 τὸν
3717 3874 3862 3940 δεξιὸν

2262 4036 2265 4037 ν
2321 3977 2510 4048 μαζὸν,
2538 3977 2632 4029 καὶ
2671 3977 2772 4027 ὅσα
2823 3974 2891 4039 ’ἐξ
2944 3974 3152 4027 ἐκείνου
3209 3977 3467 4027 τελεῖται.
3509 3973 3596 4035 Ὦς
3625 3966 3860 4038 Κόρυθος.

2321 4071 2481 4140 ἰὅηρ
2510 4070 2571 4122 τὸ
2609 4069 2765 4136 γένος
2805 4067 2880 4120 ὢν
2917 4069 3012 4121 καὶ
3049 4067 3380 4138 Ἡρακλέους
3416 4065 3705 4142 ἐρώμενος,
3734 4059 3861 4129 πρὼο

2315 4181 2408 4225 τος
2440 4160 2645 4232 κόρυθα
2676 4161 3096 4221 κατεσκεύασεν,
3145 4160 3202 4225 ἐξ
3231 4154 3292 4214 οὗ
3320 4161 3414 4212 καὶ
3444 4160 3544 4228 τὴν
3575 4150 3861 4221 ἐπωνυμίαν

2276 4290 2282 4295 -
2317 4255 2501 4308 λαϐεῖν
2531 4269 2666 4324 φησι
2693 4252 2756 4304 τὸ
2789 4250 2972 4304 ὅπλον.
3015 4251 3103 4331 ξΩς
3126 4253 3154 4304 6
3186 4251 3229 4281 “
3275 4253 3334 4303 ἐν
3383 4252 3576 4321 Κρήτῃ
3603 4247 3760 4313 τάφος
3791 4240 3862 4331 λε-

2319 4347 2548 4417 γόμενος
2581 4344 2676 4398 τοῦ
2721 4343 2842 4408 Διὸς
2892 4329 3169 4412 Ὀλύμπου
3216 4341 3309 4394 τοῦ
3364 4343 3583 4412 Κρητός
3618 4341 3785 4393 ἐστιν,
3811 4329 3860 4389 ὃς

2323 4437 2475 4506 παρὰ
2500 4435 2594 4488 τοῦ
2630 4435 2839 4506 Κρόνου
2871 4433 3051 4487 λαϐὼν
3072 4432 3163 4488 τὸν
3193 4433 3289 4485 Δία
3315 4431 3510 4501 έτρειρέ
3541 4447 3597 4482 τε
3625 4427 3710 4480 καὶ
3734 4419 3859 4474 emti-

650 4525 891 4578 tritorem
919 4525 1305 4590 ductoremque
1328 4540 1487 4578 suum
1515 4522 1722 4592 Jupiter
1748 4525 1989 4590 fulmine,
2018 4527 2203 4597 inquit,

2321 4533 2442 4585 δευε
2471 4529 2542 4583 τὰ
2575 4529 2716 4584 θεῖα.
2762 4528 2926 4581 Ἀλλὰ
2971 4528 3078 4600 γὰρ
3122 4527 3306 4598 βάλλει
3335 4526 3544 4598 (φησιν)
3576 4525 3604 4575 6
3640 4520 3763 4611 Ζεύς
3784 4515 3858 4566 τὸν

648 4619 936 4687 percussit,
972 4618 1111 4686 quod
1148 4615 1342 4687 last:
1380 4617 1624 4685 gigantes
1655 4633 1875 4682 regnum
1912 4619 2028 4686 ejus
2065 4621 2215 4674 inva-

647 4709 776 4759 dere
812 4705 946 4759 velle
984 4705 1373 4773 suspicaretur.
1417 4707 1486 4756 At
1531 4699 1654 4757 cum
1693 4703 1878 4757 Jovem
1913 4716 2094 4774 postea
2128 4707 2218 4761 icti

647 4799 880 4851 cadaver
935 4796 1045 4863 jam
1105 4796 1393 4849 habentem
1429 4792 1562 4849 facti
1627 4796 1999 4865 paenituisset,
2045 4814 2220 4869 neque

649 4899 828 4957 posset
871 4887 1030 4942 aliter
1073 4887 1314 4942 dolorem
1365 4886 1559 4954 lenire,
1594 4903 1751 4942 suum
1790 4889 1978 4943 saltem
2023 4906 2218 4946 nomen

2324 4622 2527 4694 τροφέα
2559 4621 2652 4673 καὶ
2683 4619 3002 4673 διδάσκαλον
3031 4617 3304 4689 κεραυνῷ,
3334 4618 3416 4670 ὃτι
3445 4617 3509 4687 δὴ
3552 4614 3670 4673 τοὺς
3693 4609 3728 4661 Γ
3733 4608 3858 4672 εἴωθ’

2325 4734 2422 4779 τας
2453 4714 2619 4769 αὐτοῦ
2648 4716 2716 4785 τῇ
2743 4710 2996 4784 βασιλείᾳ⁵
3046 4710 3332 4764 ἐπιθέσθαι
3384 4707 3682 4762 ὑπετίθετο.
3723 4692 3858 4750 Ἀλλὰ

2327 4806 2505 4878 βαλὼν
2523 4806 2614 4858 καὶ
2634 4803 2827 4875 νεκρὸν
2849 4802 2988 4872 ῐχων
3018 4801 3390 4872 μετεμελεῖτο’
3415 4800 3490 4869 μὴ
3511 4797 3643 4868 έχων
3655 4793 3693 4844 δ’
3708 4787 3856 4844 ἄλλως

2325 4901 2387 4953 τὸ
2419 4899 2590 4962 πάθος
2618 4897 2885 4963 ἐκκλῖναι,
2918 4894 3101 4948 δίδωσι
3151 4894 3213 4947 τὸ
3244 4893 3374 4946 ἴδιον
3405 4893 3576 4963 ὄνομα
3621 4885 3692 4957 τῷ
3723 4879 3855 4946 τάφῳ

1945 5029 2182 5087 VARle
2223 5031 2639 5089 LECTIONES.

718 5145 738 5174 ⁸
773 5143 935 5197 αὐτοῦ
985 5143 1049 5198 Α.
1125 5146 1143 5175 ⁷
1184 5145 1363 5214 ἥρωος
1397 5145 1442 5196 Α

650 5215 692 5245 ¹⁰
724 5233 886 5282 φασιν
929 5232 988 5278 ς.

649 5291 798 5356 ρμάνι
821 5289 886 5340 Α,
963 5286 1007 5317 ⁸⁸
1035 5287 1064 5336 6
1113 5286 1234 5338 add.
1270 5286 1354 5336 A:
1390 5284 1678 5355 λεγόμενος
1715 5288 1881 5353 τάφος
1923 5305 1981 5350 C-

1495 5159 1510 5197 :
1559 5143 1888 5220 Ἡρακλέους
1940 5163 1996 5209 ς.
2071 5149 2105 5220 ⁸7
2127 5150 2392 5216 ἐφεστῶσι
2433 5168 2494 5214 ς.
2572 5151 2593 5181 ⁹
2623 5151 2848 5220 ἀκρίδος
2900 5149 2966 5202 Α·
3015 5145 3380 5220 ἀνήφθησανί
3417 5148 3523 5220 im"
3556 5139 3846 5220 ᾁνέπῖησιῗίδ

1069 5216 1109 5246 ιι
1133 5213 1798 5290 ιπαλςλκξῖνιπαλαλκὴν
1827 5219 1889 5267 Α.
1971 5221 2012 5248 η
2046 5213 2281 5290 eam
2312 5240 2372 5286 ςο

2453 5202 2493 5252 ί³
2557 5202 2952 5292 Ἀριστὸνενικος
2983 5221 3048 5272 Α.
3104 5202 3154 5248 ’ίί
3194 5202 3505 5290 Ἡρακλέως
3550 5215 3612 5268 Α.
3685 5202 3847 5268 κτη-

2165 5407 2378 5463 NOTAE

719 5524 831 5593 (56)
866 5524 938 5576 De
985 5524 1279 5591 pastinacae
1315 5521 1596 5576 incttrabili
1643 5537 1847 5586 morsu,
1880 5522 2082 5578 Elian.
2125 5541 2218 5578 va-

651 5596 746 5650 riis
780 5597 933 5654 locis,
967 5607 1017 5647 et
1049 5595 1137 5646 alii
1169 5595 1341 5648 multi.

722 5665 833 5732 (57)
880 5663 1042 5717 Iliad.
1076 5664 1134 5719 Ρ.
1171 5681 1314 5720 vers.
1349 5662 1436 5717 5i.
1470 5661 1544 5716 De
1573 5661 1860 5732 Euphorho
1890 5665 2056 5717 multa
2086 5662 2217 5718 Phi-

651 5741 743 5791 lost
758 5752 798 5786 r.
831 5733 1040 5788 Ileroic.
1399 5751 1407 5760 ·

721 5805 833 5877 (58)
866 5805 941 5862 De
965 5805 1236 5877 χειρέκθει
1265 5806 1500 5863 dracone
1527 5804 1709 5861 Atacis
1739 5803 1914 5861 Locrii
1953 5806 2213 5879 legendus

2328 5524 2700 5578 Philostratus
2740 5523 2954 5577 lleroir.
3013 5524 3064 5576 in
3122 5521 3284 5588 Ajace
3323 5521 3478 5578 Locr.
3533 5510 3840 5588 Dealiortml

2325 5597 2677 5655 draconibus,
2719 5595 2832 5647 alii.
2875 5595 3140 5648 lleruibus
3165 5578 3318 5646 'enim
3348 5608 3530 5646 sacros
3561 5584 3710 5641 fuisse
3734 5578 3839 5628 dra-

2322 5679 2490 5719 cows
2530 5679 2556 5715 a
2581 5664 2765 5717 nmltis
2790 5664 3127 5717 ohservatnu'

2393 5734 2504 5802 (59)
2540 5736 2613 5786 De
2642 5736 2838 5802 quibus
2879 5734 3095 5790 Homer.
3146 5731 3311 5788 Iliad.
3352 5733 3412 5799 Β,
3439 5749 3484 5785 v.
3521 5727 3605 5782 33l
3641 5729 3686 5775 et
3710 5723 3833 5779 seqq-

2321 5804 2402 5859 Tu
2429 5805 2503 5861 ibi
2532 5804 2778 5860 Eustath.
2800 5803 2955 5882 lcge.‘
