4038 6408
209 378 306 442 613

1361 371 1888 435 BIBLIOTHECA.
1919 395 1989 406 -··
2022 371 2186 431 COD.
2219 369 2380 432 CXC.

3320 347 3460 432 ett

207 487 293 540 τοῦ
326 485 692 557 ἀνῃρημένου.
730 485 887 548 Τίνος
931 484 976 516 ¹⁷
1023 483 1140 538 ἐστὶ
1182 483 1246 538 τὸ
1288 482 1380 536 ὑπ’
1425 481 1773 553 Ἀλεξάνδρου

1882 479 2189 548 interempti
2243 478 2493 548 sepulcro
2541 478 2756 534 lndidit.
2803 478 2968 548 Cujus
3022 477 3093 534 sit
3123 480 3224 535 hoc
3249 481 3455 536 dictum

206 579 293 633 τοῦ
343 579 609 632 ⁴Ιηλίπτωυ
647 580 768 652 είρη
777 581 960 650 μένον.

207 693 460 761 Πρωτέα,
480 693 574 763 τῇ,
599 694 700 747 πίε
723 690 891 748 οἶνον
905 693 1032 747 ἐπεὶ
1056 692 1242 763 φάγες
1266 693 1585 763 ἀνδρόμεα,
1605 691 1769 762 κρέα.

205 809 308 861 Καὶ
341 808 505 863 πάλιν
533 811 576 842 ¹⁸
608 809 896 879 Πρωτέου,
935 827 955 862 ι
1009 808 1179 862 Ποίαν
1207 808 1348 879 ᾠδὴν
1378 807 1523 878 εἶχεν
1552 811 1610 862 ἐν
1642 825 1772 860 συν-

202 900 356 970 ηθείᾳ
400 901 749 972 Ἀλέξανδρος
777 919 792 969 ;
832 922 850 954 ι
885 902 982 955 καὶ
1013 901 1155 964 τίνος
1183 896 1250 971 ἦν
1283 900 1516 972 ποίημα·
1549 903 1628 964 εἰς
1656 901 1774 953 τίνα

203 992 438 1061 ἔγραψεν
467 993 776 1062 ἐπικήδειον
813 994 840 1046 6
866 993 1027 1056 αὐτὸς
1056 993 1407 1063 Ἀλέξανδρος
1436 995 1464 1046 6
1484 993 1770 1048 Φιλίππου.

201 1083 384 1136 Ταῦτα
419 1085 517 1136 καὶ⁹
544 1084 612 1137 τὰ
636 1084 729 1137 τοῦ
761 1085 806 1155 β’
840 1085 1108 1152 κεφάλαια
1136 1085 1365 1155 βιϐλίου.

264 1175 337 1226 Τὸ
383 1175 445 1227 δὲ
493 1181 542 1242 γ’
573 1176 702 1244 περ).
745 1176 840 1228 τοῦ
877 1176 1078 1228 ’Ύλλου
1118 1175 1213 1229 τοῦ
1258 1175 1592 1247 Ἡρακλέους
1631 1177 1771 1242 υίοῦ,

201 1263 268 1325 ὠς
295 1264 468 1332 κέρας
501 1260 616 1334 εἶχε
649 1266 778 1337 περὶ
814 1267 874 1318 τὸ
903 1269 1186 1336 ἀριστερὸν
1217 1265 1380 1336 μέρος
1412 1269 1508 1337 τῆς
1533 1269 1775 1338 κεφαλῆς

203 1355 528 1422 ἐκπεφυκὸς
558 1357 792 1427 μικρὸν,
840 1358 935 1410 καὶ
986 1357 1146 1410 τοῦτο
1196 1357 1352 1412 λάϐοι
1409 1362 1437 1412 6
1479 1359 1773 1423 Σικυώνιος

211 1448 521 1510 Ἐπωπεὺς,
556 1452 620 1501 ἐκ
658 1449 991 1523 μονομαχίας
1025 1452 1228 1505 ἀνελὼν
1265 1452 1448 1517 αὑτὸν,
1484 1455 1579 1505 καὶ
1605 1453 1770 1521 κομί-

205 1557 276 1592 σοι
296 1542 351 1592 ἐν
374 1539 457 1610 τῷ
484 1541 674 1612 κέρατι
697 1542 756 1594 τὸ
788 1543 988 1610 Στυγὸς
1016 1543 1186 1616 ¹ὕδωρ,
1211 1547 1304 1598 καὶ
1340 1545 1648 1614 βασιλεύσοι
1677 1546 1771 1616 τῆς

202 1631 395 1700 χώρας.
445 1633 572 1684 Ὅτι
617 1633 747 1703 περὶ
797 1633 890 1686 τοῦ
932 1637 989 1686 ἐν
1051 1635 1310 1706 ’Λρκαδίᾳ
1343 1636 1544 1703 Στυγὸς
1585 1636 1774 1699 ὕδατος

201 1723 331 1776 οὕτω
357 1724 552 1792 φασὶν.
583 1724 657 1787 ὡς
690 1721 959 1796 Δημήτηρ’
1009 1726 1282 1779 πενθοῦσα
1333 1727 1430 1798 τὴν
1479 1727 1774 1799 θυγατέρα,

1878 571 1945 625 ab
1971 571 2282 626 Alexandro
2303 565 2532 642 Philippi
2567 572 2676 628 lilio
2702 582 3016 654 usurpatum
3049 590 3062 626 :

1875 684 2089 752 Protea,
2109 703 2256 756 cape,
2277 687 2424 742 bibas
2438 689 2616 744 uinum
2647 690 2877 743 humana
2900 707 3055 743 came
3072 691 3294 760 refectus
3315 691 3452 764 (60).

1875 796 1941 852 Et
1976 815 2188 854 rursum
2239 799 2446 856 Protea:
2477 819 2490 856 :
2530 819 2548 852 ι
2580 801 2733 869 Quali
2765 805 3050 866 consuevit
3087 805 3334 860 cautione
3378 808 3457 861 uti

1875 891 2226 945 Alexander?
2282 910 2301 942 ι
2337 902 2392 946 ct
2430 911 2448 944 ι
2499 893 2664 959 Cujus
2696 894 2744 948 id
2775 889 3132 965 fuitpoema?
3172 897 3229 950 in
3270 913 3458 966 quem-

1877 1001 2000 1038 nam
2029 985 2333 1053 epicedium
2381 986 2522 1041 idem
2563 987 2651 1041 ille
2701 986 2931 1057 Philippi
2975 990 3116 1044 lilius
3153 992 3457 1048 Alexander

1877 1078 2248 1146 conscripsit?
2285 1098 2304 1130 ι
2339 1080 2513 1148 Atque
2535 1079 2651 1134 ilch
2684 1082 2906 1133 secundi
2939 1080 3060 1134 libri
3093 1083 3290 1148 capita.

1945 1169 2132 1223 Tertio
2165 1186 2296 1225 vero
2331 1171 2470 1225 libro
2520 1172 2586 1226 de
2619 1171 2772 1242 llyllo
2806 1171 3045 1227 Herculis
3080 1173 3458 1232 ﬁliocomme-

1875 1273 2074 1328 morat,
2098 1279 2264 1318 cornu
2301 1280 2429 1319 eum
2455 1281 2682 1334 parvum
2715 1266 2783 1320 ad
2815 1266 3000 1320 laevam
3029 1268 3224 1336 capitis
3247 1277 3453 1336 partem

1875 1356 2126 1408 adnatum
2178 1355 2456 1421 habuisse,
2499 1359 2641 1426 quod
2685 1358 2934 1427 Epopeus
2969 1358 3280 1428 Sicyonius,
3330 1375 3454 1414 cum

1876 1445 1928 1498 in
1962 1461 2137 1514 pugna
2164 1446 2312 1500 illum
2337 1448 2648 1512 occidisset,
2679 1451 2972 1518 acceperit,
3001 1450 3288 1520 tuleritque
3315 1451 3368 1504 in
3389 1465 3456 1507 eo

1877 1539 2056 1607 Stygis
2087 1538 2199 1606 (61)
2235 1555 2456 1607 aquam.
2489 1551 2541 1592 et
2569 1555 2790 1610 regnum
2835 1556 2943 1594 orae
2977 1540 3120 1596 illius
3150 1556 3453 1609 occupave-

1877 1631 1968 1683 rit.
2021 1628 2096 1684 De
2146 1632 2332 1701 Stygis
2376 1649 2513 1700 aqua
2566 1635 2617 1687 itt
2650 1633 2879 1686 Arcadia
2939 1633 3009 1686 ita
3056 1635 3289 1697 narrari,
3325 1649 3452 1688 'cutn

1877 1721 2138 1785 Cererem
2189 1727 2308 1777 lilia:
2352 1735 2565 1792 raptum
2615 1726 2884 1793 lugentem
2935 1742 3000 1779 eo
3045 1727 3158 1795 ipso
3199 1731 3453 1782 maeroris

201 1816 312 1866 ἐπεὶ
346 1815 623 1869 Ποσειδῶν
655 1819 825 1887 αὐτὴν
878 1820 919 1849 '9
960 1820 1017 1869 ἐν
1055 1819 1326 1890 κατηφείᾳ
1353 1819 1518 1873 οὖσαν
1559 1821 1775 1890 ἐπείρα,

1885 1825 2127 1884 tempore
2155 1813 2438 1883 Neptunus
2472 1817 2812 1882 sollicitaret,
2861 1820 2912 1872 iu
2955 1834 3149 1888 equam
3201 1820 3288 1872 illa
3325 1834 3448 1874 sese

201 1908 270 1968 είς
298 1907 469 1959 ἵππον
491 1909 691 1979 ἑαυτὴν
716 1911 1112 1980 μετεμόρφωσε
1145 1913 1525 1982 χαλεπήνασα,
1553 1912 1777 1967 ἐλθοῦσα

201 1997 239 2050 δ’
266 1998 353 2052 ἐπὶ
401 1997 508 2069 τὴν
553 2001 760 2070 πηγὴν,
792 2003 838 2032 ³ο
900 2004 993 2054 καὶ
1051 2003 1362 2073 θεασαμένη
1416 2005 1515 2075 τὴν
1566 2005 1780 2076 μορφὴν

203 2086 460 2158 ἐστύγησέ
486 2105 546 2140 τε
575 2092 672 2141 καὶ
697 2091 758 2142 τὸ
801 2090 946 2163 ὕδωρ
979 2092 1146 2162 μέλαν
1175 2093 1419 2164 ἐποίησε.
1444 2095 1582 2166 Περὶ
1621 2095 1782 2149 Ἐκά-

207 2180 312 2246 λης,
346 2179 445 2232 καὶ
483 2181 682 2242 πόσαις
705 2183 750 2214 ἰ
783 2185 1005 2251 γέγονεν
1049 2185 1340 2258 ἐπώνυμον
1359 2187 1616 2260 τοῠνομα.
1658 2191 1780 2242 Ὀτι

216 2270 565 2343 Ἀλεξάνδρου
593 2276 773 2344 πατὴρ
804 2277 902 2345 οὐχ
933 2277 961 2328 6
989 2278 1256 2342 Φίλιππος
1281 2280 1514 2348 γένοιτο,
1537 2282 1674 2336 ἀλλά
1699 2301 1781 2347 τις

206 2361 427 2432 τοῦνομα
445 2365 703 2434 Δράκων,
727 2369 883 2433 γένος
899 2370 1121 2440 Ἀρκὰς,
1142 2372 1202 2435 ἐξ
1231 2367 1291 2426 οὗ
1310 2375 1403 2426 καὶ
1423 2375 1513 2427 τὸν
1531 2393 1595 2428 πε
1604 2377 1658 2446 ρ).
1686 2375 1779 2430 τοῦ

205 2452 490 2522 δράκοντος
529 2456 698 2526 μῦθον
723 2459 935 2528 ῥυῆναι.
965 2463 1098 2532 Περὶ
1116 2463 1208 2516 τοῦ
1239 2465 1574 2536 Πτολεμαίου
1595 2470 1777 2534 κυνὸς,

209 2545 367 2608 καὶιὶρς
387 2547 692 2616 συνεμάχει
708 2550 783 2618 τῷ
797 2550 1030 2625 δεσπότῃ
1044 2591 1058 2614 ,
1087 2552 1316 2627 [246
1338 2559 1430 2610 καὶ
1451 2557 1527 2620 ὡς
1545 2559 1684 2628 μετὰ
1701 2577 1782 2612 τε·

209 2635 385 2705 λευτὴν
404 2638 451 2668 ³⁸
474 2641 832 2708 ἁνασχισθεὶς
861 2644 956 2715 τὴν
979 2647 1201 2717 καρδίαν
1219 2648 1419 2718 εὑρέθη
1440 2649 1577 2719 ἔχων
1601 2668 1782 2728 τετρι-

209 2728 474 2798 χωμένην·
513 2725 581 2800 ἦν
621 2731 677 2784 δὲ
696 2733 741 2762 ’³
771 2734 926 2801 γένος
947 2737 1238 2801 Μολοττὸς,
1266 2739 1436 2810 ὄνομα
1470 2725 1776 2811 Βριάρεως.

210 2820 329 2889 Περὶ
362 2821 823 2892 Πουλυδάμαντος
852 2827 916 2882 ’⁵.
949 2829 1146 2882 Τίέστι
1179 2831 1238 2883 τὸ
1267 2833 1418 2903 παρὰ
1443 2832 1520 2903 τῷ
1555 2837 1775 2906 multa.

262 2933 350 3001 Ὡς
374 2935 430 2989 δ’
469 2937 576 2991 ὅτε
604 2940 1006 3009 Πανδαρέου¹⁸
1040 2945 1226 3012 κούρη
1251 2947 1513 3014 χλωρηῒς
1538 2947 1778 3014 ἀηδώνῖ

209 3049 290 3100 καὶ
329 3051 488 3119 ἑξῆς.
533 3051 672 3122 Περὶ
725 3052 819 3106 τοῦ
879 3055 1212 3117 Παλλαδίου.
1262 3059 1345 3112 ὃτι
1395 3059 1487 3112 δύο
1524 3059 1780 3129 κλέψειαν

211 3140 474 3212 Διομήδης
525 3145 618 3196 καὶ
675 3145 984 3210 Ὀδυσσεύς.
1040 3151 1172 3219 Περὶ
1233 3151 1326 3202 τοῦ
1377 3151 1623 3221 καλάμου
1677 3150 1774 3204 τοῦ
1807 3182 1848 3238 C

212 3233 441 3296 εἰπόντος
505 3236 586 3288 ὅτι
648 3237 838 3304 Μίδας
887 3239 1030 3293 ὄνου
1076 3231 1390 3309 ἔχει’ὧτιι.
1458 3244 1594 3313 Περὶ
1669 3243 1776 3296 τῶν

215 3325 347 3394 παρᾶ
381 3327 428 3357 ³⁸
488 3327 808 3399 Στησιχόρῳ
848 3330 1196 3401 ζητουμένων
1235 3335 1601 3388 Ἀκεσταλίων
1633 3337 1778 3407 ὀρνί-

214 3413 328 3469 θων.
368 3416 519 3490 Περὶ
567 3421 664 3489 τῆς
721 3423 872 3493 παρὰ
923 3427 1015 3476 τὸν
1071 3425 1310 3480 ὠκεανὸν
1361 3429 1624 3496 Γιγωνίας
1681 3429 1782 3482 πέ-

213 3524 349 3575 τρας,
394 3512 504 3564 καὶ
546 3512 629 3565 δτι
687 3514 833 3584 μόνῳ
863 3515 1138 3587 ἀσφοδελῷ
1194 3523 1449 3584 κινεῖται,
1500 3521 1636 3591 πρὸς
1671 3523 1780 3575 πᾶ-

217 3616 301 3651 σαν
324 3603 438 3671 βίαν
469 3605 870 3674 ἀμετακίνητος
892 3604 1047 3661 οὖσα.
1078 3608 1206 3680 [477
1239 3611 1330 3683 R.]
1363 3613 1486 3666 Ὀτι
1525 3614 1782 3678 Ῥόπαλος

219 3695 315 3757 υίὸς
354 3695 696 3764 Ἡρακλέους
737 3693 939 3768 ἦν,ιδς
982 3702 1025 3730 ³⁷
1081 3703 1138 3754 ἐν
1196 3705 1380 3774 ἡμέρᾳ.
1427 3707 1523 3776 μιᾷ
1563 3708 1658 3760 καὶ
1705 3707 1782 3770 ὡς

217 3783 340 3852 ἥρωϊ
374 3789 448 3858 τῷ
509 3791 680 3859 πατρὶ
721 3790 950 3862 ,ἐνήγισε
987 3793 1081 3845 και)⁸
1133 3793 1208 3857 ὡς
1243 3794 1348 3866 θεῷ
1385 3796 1618 3854 θύσειεν.
1659 3801 1781 3853 Ὅτι

231 3878 563 3950 Ἀμφιάραος
593 3880 820 3952 ἐκλήθη,
875 3884 998 3938 ἐπεὶ
1034 3887 1202 3954 ἄμφω
1233 3889 1280 3939 οἱ
1308 3888 1410 3956 τῆς
1444 3891 1650 3960 μητρὸς
1685 3910 1775 3960 γο-

219 3970 311 4028 νεῖς
331 3971 615 4038 ἠράσαντο
652 3974 820 4045 αὐτὴν
853 3976 983 4029 ἄνευ
1018 3975 1197 4030 τεκεῖν
1227 3979 1416 4048 μόγου.
1451 3982 1607 4043 Τίνος
1635 3984 1781 4036 ἐστὶν

213 4059 241 4107 6
268 4058 424 4126 ὕμνος
449 4062 489 4112 ὁ
525 4061 782 4132 ᾁδόμενος
813 4067 870 4118 ἐν
903 4067 1161 4136 Θηϐαίοις
1193 4071 1238 4101 ⁸⁸
1270 4072 1350 4134 είς
1394 4073 1693 4141 Ἡρακλέα,
1723 4077 1781 4127 ἐν

217 4141 253 4212 ᾧ
284 4151 423 4218 λέγει
476 4153 613 4219 Διὸς
634 4157 729 4208 καί
754 4157 930 4226 Ἤρας
959 4164 1108 4226 υίός.
1147 4162 1315 4216 Ἔνθα
1347 4165 1476 4236 περ),
1507 4166 1616 4218 τῶν
1641 4167 1782 4220 κατὰ

219 4241 382 4304 πόλεις
405 4246 542 4308 τοὺς
572 4245 773 4315 ὕμνους
807 4253 1172 4318 ποιησάντων,
1209 4256 1302 4308 καὶ
1339 4257 1414 4320 ὡς
1453 4259 1783 4329 Φιλοστέφα-

219 4347 296 4395 νος
336 4337 363 4386 6
392 4337 707 4398 Μαντινεὺς
744 4341 771 4392 6
828 4343 1057 4411 ποιητὴς
1087 4345 1150 4395 ἐκ
1195 4345 1421 4413 γενετῆς
1457 4348 1654 4417 ίματίῳ
1683 4349 1782 4403 οὐκ

221 4423 504 4494 ἐχρήσατο,
543 4429 639 4480 καὶ
676 4428 751 4494 ὡς
787 4432 1004 4501 Μᾶτρις
1057 4435 1085 4486 6
1141 4435 1376 4505 Θηϐαῖος
1429 4439 1782 4508 ὑμνογράφος

1893 1923 2001 1973 pra:
2043 1908 2413 1976 itttligttttliutte
2469 1909 2895 1964 transformavit.
2950 1911 3130 1965 Delata
3166 1913 3344 1982 itaque
3384 1914 3450 1967 ad

1883 2000 2112 2066 fontem,
2147 2003 2233 2055 ubi
2271 2001 2500 2056 formam
2540 2004 2680 2058 hanc
2728 2018 2880 2058 suam
2917 2007 3223 2074 conspexit,
3257 2007 3457 2059 exhor-

1884 2093 2014 2158 ruit,
2042 2093 2324 2162 ipsamque
2371 2109 2566 2163 aquam
2597 2095 2807 2165 nigram
2837 2097 3092 2151 reddidit.
3122 2097 3198 2153 De
3253 2098 3454 2153 Hecale

1889 2183 2024 2254 (62),
2058 2193 2114 2238 et
2139 2200 2302 2254 quant
2347 2185 2533 2240 multis
2565 2186 2696 2239 illud
2729 2203 2921 2240 nomen
2947 2201 3236 2242 commune
3265 2187 3452 2243 fuerit.

1881 2277 2177 2332 Alexandri
2215 2293 2422 2346 patreut
2449 2294 2553 2332 non
2584 2277 2893 2348 Philippum
2927 2279 3115 2343 fuisse,
3149 2282 3244 2334 sed
3286 2282 3456 2334 Arca-

1834 2430 1836 2432 _
1883 2371 2004 2422 dem
2035 2373 2324 2435 quemdam
2354 2387 2574 2438 genere,
2605 2373 2690 2425 cui
2748 2373 2981 2426 Draconi
3019 2388 3239 2427 nomen.
3282 2374 3456 2441 Atque

1885 2459 2011 2513 hinc
2037 2459 2210 2530 illam
2249 2461 2322 2512 .de
2350 2459 2587 2512 dracone
2620 2458 2854 2512 iabulant
2904 2473 3178 2512 manasse.
3222 2457 3298 2512 De
3329 2457 3457 2512 Pto-

1886 2550 2056 2603 lemzei
2123 2565 2277 2612 cane,
2334 2551 2423 2617 qui
2480 2565 2577 2620 pro
2639 2553 2772 2604 ltero
2820 2545 3166 2618 depugnarit,
3209 2558 3376 2618 utque
3423 2567 3454 2603 ιι

1888 2650 2063 2694 morte
2103 2650 2286 2695 sectus
2319 2641 2520 2696 habere
2556 2641 2810 2696 inventus
2837 2642 2909 2695 sit
2939 2656 3035 2694 cor
3061 2641 3184 2710 pilis
3213 2641 3454 2695 obsitum

1886 2733 2022 2802 (63).
2061 2732 2191 2787 Erat
2220 2741 2406 2786 autem
2445 2747 2640 2799 genere
2667 2731 2951 2797 Molossus,
2973 2731 3180 2786 Briarei
3214 2733 3452 2787 nomine.

1885 2825 1958 2878 De
1990 2823 2398 2893 Polydamante.
2437 2823 2578 2889 Quid
2612 2823 2682 2877 sit
2721 2823 2861 2890 apud
2897 2832 3110 2891 poetam
3147 2841 3162 2876 :

1991 2935 2062 2990 Ut
2081 2952 2197 2989 cum
2228 2933 2497 2989 Pandarei
2522 2935 2721 2988 soboles
2745 2934 2983 2989 Chloreis
3001 2937 3172 2988 aedon
3203 2935 3351 3006 (64)?

1881 3059 1934 3104 et
1963 3065 2082 3119 quae
2107 3058 2430 3119 sequuntur.
2463 3049 2537 3103 De
2565 3049 2806 3104 Palladio
2831 3047 2941 3118 (65)
2965 3065 2993 3102 a
3022 3049 3252 3113 duobus,
3275 3048 3326 3102 id
3350 3047 3469 3111 est,"

1885 3141 2140 3197 Diomede
2187 3151 2238 3196 et
2278 3139 2491 3214 Ulysse,
2531 3140 2674 3195 furto
2731 3141 2897 3196 fuisse
2937 3141 3228 3196 sublatum.
3267 3140 3341 3195 De
3365 3155 3456 3195 ca-

1883 3235 2026 3287 lamo
2057 3233 2167 3304 (66)
2193 3235 2270 3290 sic
2299 3245 2528 3289 sonante
2562 3251 2574 3287 :
2605 3234 2885 3287 Auriculas
2913 3234 3051 3286 asini
3075 3233 3251 3287 Midas
3274 3234 3451 3291 habet.

1885 3325 1960 3379 De
1992 3326 2184 3379 avibus
2216 3325 2500 3385 Aceslaliis
2526 3327 2665 3395 apud
2699 3325 3356 3394 Stesichorumquwsitis.
3383 3325 3456 3379 De

1885 3415 2059 3484 lapide
2089 3416 2317 3485 Gigunio
2338 3416 2492 3484 juxta
2523 3431 2809 3482 oceanum,
2835 3417 3084 3484 quodque
3119 3417 3235 3470 solo
3258 3416 3454 3484 aspho-

1883 3509 2003 3562 dele
2035 3521 2332 3572 moveatur,
2373 3525 2492 3562 cum
2531 3510 2578 3561 vi
2631 3511 2775 3562 nulla
2807 3509 2910 3562 alia
2946 3508 3076 3563 cieri
3123 3518 3217 3561 aut
3249 3509 3454 3562 moveri

1884 3615 2068 3674 queat.
2101 3605 2363 3673 Ropalunt
2401 3605 2644 3658 Herculis
2671 3606 2834 3658 lilimn
2865 3606 3053 3666 fuisse,
3081 3614 3133 3658 et
3163 3604 3304 3658 hunc
3346 3619 3456 3657 una

1883 3699 2184 3764 eademque
2223 3697 2309 3748 die
2347 3696 2488 3764 patri
2527 3705 2582 3747 ιιι
2617 3696 2764 3749 heroi
2805 3706 3145 3764 parentasse,
3177 3704 3320 3750 etut
3351 3696 3456 3748 deo

1885 3789 2242 3848 sat-rilicasse.
2306 3788 2694 3855 Amphiaraum
2759 3788 2838 3842 sic
2886 3789 3246 3857 appellatum,
3311 3787 3456 3856 quod

1886 3891 2113 3948 uterque
2162 3879 2353 3933 matris
2390 3895 2588 3948 parens
2631 3889 2878 3946 precatus
2918 3881 3018 3944 sit,
3067 3888 3125 3932 ttt
3175 3880 3297 3932 lilia!
3340 3879 3458 3932 sine

1888 3972 2074 4024 labore.
2108 3988 2297 4037 parere
2323 3974 2740 4026 cunCederetur.
2775 3973 2936 4036 Cujus
2979 3983 3052 4024 Sil.
3085 3974 3336 4040 hymnus,
3361 3970 3455 4039 qui
3484 3995 3486 3998 ·

1888 4065 2026 4130 apud
2055 4062 2340 4115 Thebanos
2371 4062 2422 4114 in
2455 4061 2698 4115 Herculis
2725 4065 2982 4114 honorent
3012 4062 3333 4129 cauebatur,
3373 4062 3457 4114 di-

1885 4155 2219 4221 cebatqueei
2253 4173 2265 4209 :
2300 4153 2446 4208 lovis
2482 4171 2542 4207 ac
2579 4153 2808 4206 lunonis
2833 4154 2944 4220 ﬁli;
2973 4153 3278 4222 ibidemque
3302 4155 3366 4206 de
3393 4155 3457 4208 iis

1884 4247 1974 4316 qui
2009 4247 2236 4318 hymnos
2269 4263 2364 4314 per
2395 4247 2636 4316 singulas
2673 4247 2833 4298 nrbes
2868 4247 2989 4298 cani
3021 4246 3210 4299 solitos
3233 4261 3458 4314 compo-

1885 4349 2133 4393 suerttnl.
2168 4337 2647 4408 Philostephattttnt
2690 4337 2882 4408 1486
2914 4350 3092 4391 vatem
3129 4354 3192 4390 ac
3224 4323 3456 4406 poetam

1881 4433 2161 4502 jaminde
2207 4449 2234 4486 a
2281 4433 2443 4485 natali
2489 4433 2573 4485 die
2609 4443 2758 4485 veste
2798 4446 3070 4499 nunquant
3123 4445 3242 4484 esse
3280 4444 3456 4480 usum.

223 4518 478 4587 μυρσίνας
505 4521 635 4590 παρ’
651 4522 772 4576 ὅλον
800 4525 890 4576 τὸν
917 4525 1029 4595 βίον
1057 4529 1304 4582 ἐσιτεῖτο.
1327 4530 1435 4582 Καὶ
1465 4531 1538 4590 ὼς
1566 4532 1780 4602 Εὐπόμ-

1894 4527 2105 4579 Matrim
2133 4541 2346 4596 quoque
2383 4524 2698 4578 Thebanum
2732 4523 2844 4593 (67)
2875 4525 3199 4592 hymnorum
3232 4521 3462 4586 scripto-

221 4621 310 4660 που
335 4610 426 4662 τοῦ
463 4610 696 4680 Σαμῠου,
727 4613 786 4676 δς
822 4615 1091 4686 δράκοντα
1119 4618 1308 4688 θηρίον
1354 4620 1521 4690 τέρας
1556 4620 1782 4690 ἔτρεφεν

224 4698 436 4754 ἄπιστον
472 4703 570 4755 καὶ
601 4705 778 4758 εἰπεῖν
811 4708 906 4759 καὶ⁹
936 4707 1187 4767 ἀκοῦσαι,
1222 4708 1408 4762 τούτου
1441 4711 1534 4763 τοῦ
1564 4713 1784 4781 Εὐπόμ-

225 4807 314 4845 που
342 4797 509 4849 παῖδα
541 4797 820 4866 Δράκοντα
843 4797 1080 4870 τοῠνομα
1105 4799 1515 4865 ὀξυωπέστατον
1540 4803 1792 4870 γενέσθαι

1894 4635 2004 4672 rem
2035 4635 2130 4685 per
2161 4634 2376 4672 omnem
2408 4619 2574 4692 vitant
2633 4617 2793 4686 myrti
2825 4615 3008 4670 buccis
3043 4615 3260 4668 assidue
3304 4611 3461 4663 victi-

1895 4720 2058 4763 tasse.
2092 4709 2432 4778 Eupomputn
2465 4709 2705 4761 Samium
2747 4709 2884 4777 (qui,
2913 4708 3056 4776 quod
3094 4707 3206 4759 visu
3249 4707 3460 4758 auditu-

1901 4818 2008 4872 quc
2040 4801 2353 4854 incredibile
2385 4809 2492 4863 est,
2517 4799 2692 4854 ferum
2719 4799 3011 4857 admodum
3030 4808 3328 4852 monstrum
3362 4796 3380 4867 [q
3408 4798 3458 4850 id

1513 4897 1748 4953 VARIIE
1792 4895 2191 4954 LECTIUNES.

285 4983 513 5061 "_=£vo;]
547 4986 783 5061 fortasse
833 4987 1124 5061 legendum
1162 4988 1250 5061 ri.
1313 4990 1356 5021 ³⁸
1379 4989 1561 5061 πάλιν]
1613 4991 1889 5061 πολλάπερ
1941 4993 1981 5044 A
2019 5009 2031 5042 :
2073 4997 2136 5061 ut
2173 5002 2311 5061 cum;
2339 4985 2631 5061 Stephano
2665 4983 2948 5061 legendum
3002 4982 3267 5061 lvidcatttr.
3291 4981 3460 5061 πολλὰ

227 5055 360 5130 περί.
405 5059 480 5130 ,ίν
500 5055 684 5130 ἀὐτὴν
717 5087 773 5095 -—
801 5055 965 5130 οὖσαν
1005 5059 1198 5129 ἐπείρα
1227 5060 1268 5112 Α
1302 5079 1315 5114 τ
1344 5061 1515 5128 αὐτῆς

232 5125 261 5199 i1
285 5141 330 5174 e.
351 5125 560 5199 πόσοις.
641 5128 689 5199 "_
714 5129 852 5196 μετὰ
880 5129 978 5198 τὴν
1011 5125 1216 5194 τελζς.
1292 5132 1336 5162 ’³
1365 5131 1421 5183 δὲ
1460 5125 1520 5183 τὸ
1548 5149 1604 5199 γ.
1639 5125 1698 5195 ς’.

1553 5052 1718 5130 οὔσης
1744 5052 1925 5130 ἐπήρα
1959 5078 2018 5123 ς.
2096 5059 2141 5087 ¹⁰
2180 5056 2481 5125 πηγὴνιιτμ.
2515 5056 2632 5106 libri
2660 5057 2782 5123 γῆν.
2859 5055 2903 5085 ’⁸
2947 5052 3356 5130 πόσαιςῙΔπόσις
3389 5055 3454 5116 .-\,

1777 5124 2285 5198 ’δ”Πολυδέιμαντος
2320 5124 2388 5191 ς’.
2466 5126 2508 5156 ’⁵
2539 5125 2823 5196 Πανδαρέη
2864 5142 2926 5188 ς.
2983 5125 3074 5177 καὶ
3128 5124 3198 5175 τὰ
3241 5125 3366 5192 ἑξῆς
3396 5141 3456 5187 ς’.

227 5192 262 5221 ’⁸
287 5196 429 5263 παρὰ
459 5198 502 5247 Α
536 5215 549 5248 :
577 5192 725 5264 περι
752 5215 804 5262 ς.
887 5192 1016 5261 ’τ’δς
1043 5192 1178 5254 add.
1207 5203 1272 5255 A.
1347 5202 1391 5232 ⁸³
1427 5192 1606 5256 malint
1636 5192 1841 5273 Θήϐαις

1711 5296 1942 5352 NOTIE.

289 5381 398 5450 (60)
435 5384 630 5454 Odyss.
665 5403 739 5450 ιχ,
758 5403 900 5441 vers.
919 5389 1044 5443 547.

291 5455 404 5534 (61).
419 5456 534 5534 Quo
560 5473 686 5510 vero
715 5475 838 5534 vase
855 5464 1024 5534 teneri
1047 5471 1227 5524 posset
1247 5475 1390 5534 aqua
1411 5464 1584 5534 stygia
1605 5464 1789 5517 docui-

230 5525 860 5601 titus}tgscomparatis
893 5531 966 5601 ad
989 5531 1210 5601 Olymp.
1241 5532 1363 5594 114,
1396 5525 1574 5589 τιιιῖῚ.

293 5594 398 5662 (62)
428 5594 672 5660 Ovidius,
725 5598 817 5651 lib.
849 5615 909 5660 tt,
942 5599 1012 5652 De
1044 5594 1238 5654 femini.
1275 5603 1504 5656 ilecalen
1533 5603 1785 5658 feminam

234 5675 508 5744 Ilaflperem
570 5669 809 5744 adducit.
843 5670 1022 5744 Snidae
1043 5672 1110 5744 fi
1143 5674 1314 5742 ἡρωὶς
1347 5676 1378 5740 ἡ
1413 5675 1561 5744 παρά
1591 5674 1789 5726 καλλι..

238 5736 400 5808 μέχρι.
434 5736 467 5804 ἡ
501 5737 858 5808 πρδςέαυτὴν
903 5736 1307 5807 καλοῦσα’,”ειρ.
1353 5736 1606 5800 Politiani
1657 5746 1790 5800 Mis-

231 5803 408 5855 ccUuu.
426 5803 552 5875 ciqi.’
578 5807 649 5861 2-5
673 5847 687 5871 ,
722 5803 858 5879 lege.

1969 5389 2079 5460 (65)
2116 5388 2248 5442 Vide
2291 5385 2384 5460 inf.
2428 5386 2481 5440 in
2519 5386 2885 5460 excerptis‘ex
2927 5383 3018 5438 lib.
3053 5396 3126 5435 vlt
3177 5381 3452 5450 Heplnest.

1967 5454 2080 5533 (64)
2104 5461 2260 5533 "om.
2300 5457 2497 5533 Odyss.
2528 5455 2591 5517 T,
2629 5471 2678 5508 ν.
2710 5454 2835 5509 518.

1966 5523 2079 5603 (65)
2115 5529 2250 5603 _\_i_it._le
2277 5523 2424 5603 stipi".
2454 5528 2659 5603 (Σειροιι.
2697 5535 2904 5603 nar-rat.
2943 5523 3031 5603 ’ωε

1965 5590 2079 5672 (66)
2115 5599 2246 5672 Vide
2290 5590 2446 5672 Ovid.
2493 5595 2836 5672 Metamorplt.
2884 5610 2974 5658 XI;
3021 5591 3192 5646 Persii
3241 5590 3358 5647 Sat.
3401 5607 3453 5658 t;

1899 5684 1954 5726 et
1976 5664 2276 5724 Scholiast.
2299 5668 2580 5733 Aristoph.
2611 5669 2661 5717 in
2694 5664 2925 5717 l’lutum.
3289 5729 3306 5733 _
3375 5731 3383 5733 _
3487 5679 3489 5681 ί

1965 5742 2075 5811 (67)
2105 5729 2734 5811 AthenJﬁpnbsoyltist.
2767 5751 2830 5801 tt,
2861 5733 3249 5790 Atheniensem
3281 5729 3408 5786 facit
3434 5749 3451 5786 :

1895 5811 1943 5868 is
1965 5828 2094 5882 ergo
2133 5810 2415 5867 videndus.
3160 5833 3163 5836 -
