4038 6446
545 381 657 449 615

1695 384 1961 446 PHOTII
1994 386 2498 450 PATRIARCH/E
2545 389 2654 449 ΟΡ.

3678 388 3783 453 616

545 493 661 567 est]
718 493 1008 549 draconem
1064 490 1264 562 alebat)
1283 492 1462 546 'lllinm
1513 490 1768 548 habuisse
1810 494 2107 548 Draconem

2215 497 2398 563 φασὶν.
2448 498 2521 560 ὡς
2552 498 2639 550 διὰ
2680 496 2907 551 σταδίων
2953 503 3002 548 κ’
3056 495 3281 566 θεωρεῖν
3318 496 3549 567 ῥᾳδίως’
3589 497 3650 552 ὃν
3690 502 3783 554 καὶ

545 586 789 651 nomine,
828 585 1129 641 acutissimi
1175 587 1343 649 visus,
1379 585 1541 652 plane
1567 592 1628 638 ut
1654 599 1751 653 per
1779 584 1969 654 viginti
1997 582 2109 653 (68)

546 677 718 734 stadia
742 676 1026 732 commode
1055 685 1322 731 cerneret.
1352 674 1505 730 Hunc
1536 676 1698 745 igitur
1728 675 1871 730 mille
1902 675 2113 729 talentis

544 768 896 832 conductum,
928 776 982 821 et
1009 765 1175 819 Xerxi
1202 768 1301 820 sub
1332 782 1492 821 aurea
1518 767 1730 836 platano
1760 767 2109 832 assidentem,

544 879 798 920 narrasse
847 879 1006 932 quam
1046 865 1250 919 videret
1299 862 1606 917 Graecorum
1648 879 1711 916 ac
1752 862 2110 918 Barbarorum

546 958 793 1009 navalem
835 970 1089 1025 pugnam,
1120 964 1172 1010 et
1211 957 1515 1009 Artemisize
1558 955 1670 1023 (69)
1716 954 2108 1008 fortitudinem.

545 1046 916 1103 Plesirrhoum
972 1046 1289 1101 Thessalum
1328 1047 1647 1117 hymnorum
1692 1048 2007 1116 scriptorem
2046 1045 2111 1098 ab

546 1129 823 1191 Herodoto
869 1137 1202 1200 adamatum,
1250 1138 1621 1203 honorumque
1652 1136 1918 1189 hmrellem
1953 1136 2112 1189 insti-

546 1237 717 1281 tntum
748 1228 916 1281 fuisse
952 1245 966 1281 :
998 1229 1244 1280 eumdem
1278 1230 1439 1278 etiam
1473 1226 1755 1279 exordium
1786 1225 1909 1278 libri
1951 1225 2110 1294 primi

546 1318 907 1371 Historiarum
938 1318 1193 1370 Herodoti
1218 1316 1616 1391 llalicarnassei
1648 1316 1875 1370 fecisse:
1911 1315 2113 1384 princi-

546 1413 695 1479 pium
767 1412 909 1464 enitn
972 1410 1332 1463 Historiarum
1389 1409 1642 1464 Herodoti
1694 1410 1969 1479 proprium
2012 1410 2112 1462 hoc

546 1503 719 1557 fuisse
748 1520 762 1555 :
790 1520 807 1553 ι
837 1502 1123 1556 Persarum
1166 1503 1436 1555 doctiores
1477 1513 1800 1562 memorant,
1823 1501 2113 1553 dissensio-

546 1611 677 1649 num
721 1604 969 1649 auctores
1004 1597 1276 1650 exstitisse
1328 1594 1635 1650 Phoenicas.
1670 1594 1975 1665 Polyzelnm
2009 1591 2112 1661 Cy-

548 1701 781 1740 renarum
827 1688 1013 1739 risisse
1064 1687 1174 1754 (70)
1222 1701 1495 1754 nunquam
1542 1684 1823 1752 :indeqne
1872 1680 2109 1747 Agelasti

543 1789 963 1848 eognomentum
1016 1777 1089 1830 illi
1143 1779 1347 1831 datum.
1400 1776 1629 1830 Deorum
1687 1774 1832 1829 cultu
1885 1783 2110 1826 czeteros

2211 586 2383 658 Ξέρξῃ
2407 588 2497 640 ἐπὶ
2513 588 2703 657 χιλίοις
2726 588 3118 657 συγγενόμενον
3128 588 3408 651 ταλάντοις
3435 587 3526 640 καὶ
3550 591 3785 656 συγκαθ⁹

2210 677 2468 749 εζόμενον
2506 680 2609 731 ὑπὸ
2653 683 2716 751 τῇ
2767 682 2940 751 χρυσῇ
2984 679 3241 747 πλατάνῳ
3300 678 3604 749 διηγεῖσθαι
3665 681 3784 750 βλέ-

2217 785 2391 822 ποντα
2434 770 2533 839 τὴν
2584 772 2631 803 ¹⁹
2683 770 2950 840 Ἑλλήνων
2996 769 3089 822 καὶ
3144 768 3434 839 βαρϐάρων
3473 772 3787 841 ναυμαχίαν

2210 862 2304 916 καὶ
2329 862 2427 929 τὴν
2458 862 2807 933 Ἀρτεμισίας
2850 862 3093 934 ἀνδρίαν.
3131 861 3242 914 Καὶ
3289 861 3363 925 ὡς
3391 861 3729 933 Πλησίρροος
3756 867 3788 919 ὁ

2209 952 2480 1017 Θεσσαλὸς
2533 955 2561 1005 ὁ
2611 955 2978 1023 ὕμνογράφος.
3031 953 3306 1023 ἐρώμενος
3340 953 3581 1021 γεγονὼς
3621 955 3788 1027 Ἡρο-

2209 1042 2361 1095 δότου
2388 1044 2481 1095 καὶ
2524 1044 2855 1114 κληρονόμος
2884 1045 2993 1096 τῶν
3045 1044 3231 1103 αὑτοῦ,
3270 1039 3422 1105 οὗτος
3456 1047 3702 1114 ποιήσειε
3727 1045 3787 1099 τὸ

2212 1136 2500 1206 προοίμιον
2530 1140 2627 1203 τῆς
2661 1136 2883 1205 πρώτης
2922 1132 3161 1205 ἱστορίας
3206 1135 3491 1207 Ἡροδότου
3537 1136 3789 1208 Ἀλικαρ-

2209 1229 2452 1289 νασσέως
2477 1228 2544 1258 ⁸ο·
2570 1229 2667 1297 τὴν
2694 1229 2802 1296 γὰρ
2831 1228 2971 1279 κατὰ
2998 1226 3160 1296 φύσιν
3190 1221 3327 1279 εἶναι
3352 1228 3460 1279 τῶν
3494 1227 3786 1297 Ἡροδότου

2226 1319 2521 1385 Ἰστοριῶν
2539 1320 2713 1388 ἀρχὴν
2746 1339 2762 1366 ο
2777 1319 3029 1389 Περσέων
3056 1320 3104 1371 oi
3128 1320 3296 1386 λόγιοι
3311 1319 3563 1379 Φοίνικας
3577 1322 3788 1383 αἰτίους

2210 1412 2462 1479 γενέσθαι
2497 1414 2628 1480 φασὶ
2655 1412 2751 1481 τῆς
2787 1412 3074 1480 διαφορῆς.
3118 1432 3135 1462 ι
3178 1414 3283 1463 Καὶ
3318 1413 3391 1474 ὡς
3423 1413 3732 1483 Κυρηναῖος
3757 1416 3788 1465 ὁ

2212 1502 2517 1572 Πολύζηλος
2541 1503 2659 1555 οὐδέ
2685 1521 2812 1555 ποτε
2848 1503 3145 1569 γελάσειεν·
3176 1504 3234 1568 ἐξ
3267 1498 3327 1556 οὗ
3362 1505 3456 1555 καὶ
3487 1508 3544 1554 τὸ
3578 1504 3790 1557 ἐπώνυ-

2213 1608 2313 1661 μον
2344 1594 2491 1662 αὑτῷ
2527 1595 2554 1645 ὁ
2582 1594 2900 1660 ἀγέλαστος.
2934 1594 3043 1645 Καὶ
3091 1592 3165 1654 ὡς
3200 1594 3291 1644 ἐπὶ
3331 1593 3610 1663 θεοσεϐείᾳ
3658 1595 3792 1647 πάν-

2208 1698 2318 1732 των
2360 1680 2657 1745 διενεγκεῖν
2732 1684 2780 1733 οἱ
2824 1682 2922 1750 μὲν
2963 1682 3265 1749 Ἀντίγονον
3314 1682 3405 1733 τὸν
3434 1683 3700 1750 Ἐφέσιον,
3733 1685 3790 1734 οἱ

2210 1771 2268 1822 δὲ
2304 1772 2509 1825 Λυκίαν
2553 1773 2594 1802 ³¹
2637 1774 2729 1823 τὸν
2770 1768 3161 1842 Ἑρμιονέα,οὗ
3208 1774 3303 1825 καὶ
3335 1773 3681 1845 Θεόφραστος
3726 1777 3791 1826 ἐν

544 1883 734 1923 omnes
778 1884 1061 1937 superasse
1110 1869 1328 1931 ferunt,
1374 1868 1469 1920 alii
1506 1867 1720 1935 quidem
1774 1866 2101 1933 Antigonum

2215 1862 2520 1923 ἐπιστολαῖς
2549 1864 2897 1932 μνημονεύει.
2945 1866 3106 1932 φασίν
3142 1866 3206 1918 ³’.
3243 1865 3351 1917 Καὶ
3380 1866 3455 1927 ὼς
3499 1865 3792 1935 Ἀχιλλέως

543 1958 864 2026 Ephesium,
899 1960 988 2013 alii
1025 1960 1248 2013 Lucium
1269 1958 1663 2020 Hermioninm,
1690 1956 1843 2021 cujus
1863 1954 2109 2008 etTheo-

544 2051 798 2120 phrastus
829 2051 880 2104 in
910 2051 1157 2120 epistolis
1193 2050 1455 2104 meminit.
1483 2048 1678 2101 Achilli
1711 2058 1875 2116 atque
1914 2048 2106 2099 Deida—

545 2141 699 2195 meiaz
738 2150 893 2196 natos
921 2142 1057 2195 ﬁlios
1086 2141 1241 2204 duos,
1270 2139 1681 2208 Neaptolemum
1716 2147 1770 2191 et
1791 2136 2049 2191 Oneirum
2086 2154 2101 2190 :

545 2232 896 2301 occisnmque
958 2232 1027 2285 ab
1082 2233 1427 2300 imprudente
1494 2228 1685 2284 Oreste
1738 2229 1994 2284 Oneirum
2053 2232 2103 2282 in

2216 1953 2313 2004 καὶ
2368 1954 2662 2023 Δηϊδαμίας
2697 1955 2787 2007 δύο
2834 1957 3126 2025 ἐγενέσθην
3169 1958 3375 2022 παῖδες,
3407 1958 3793 2025 Νεοπτόλεμος

2214 2045 2308 2097 καὶ
2346 2046 2613 2111 Ὄνειροςο
2651 2047 2745 2098 καὶ
2768 2049 3069 2118 ἀναιρεῖται
3096 2050 3215 2103 κατ’
3242 2052 3463 2118 ἄγνοιαν
3493 2049 3597 2102 ὑπὸ
3630 2049 3793 2117 ’0ρέ-

2216 2153 2340 2189 στου
2367 2139 2425 2190 ἐν
2470 2140 2669 2193 Φωκίδι
2711 2141 2740 2192 ὁ
2774 2143 3041 2211 Ὄνειρος,
3074 2144 3200 2214 περὶ
3231 2144 3603 2212 σκηνοπηγίας
3638 2140 3794 2210 αὐτῷ

2215 2231 2613 2299 μαχεσάμενος.

544 2324 801 2389 Phocide,
831 2340 952 2379 cum
984 2325 1071 2379 hic
1096 2326 1161 2378 de
1191 2324 1414 2391 ligendis
1449 2323 1694 2376 tentoriis
1728 2324 1987 2375 adversus
2023 2321 2169 2374 illum
2210 2334 2420 2376 certare
2442 2324 2715 2392 cmpisset.

613 2417 842 2470 Disserit
875 2415 1068 2469 deinde
1098 2425 1153 2469 et
1190 2417 1256 2468 de
1290 2415 1572 2468 historicis
1608 2414 1930 2483 quibusdam
1969 2416 2110 2466 casi-

544 2504 665 2561 bus.
700 2506 887 2576 Amyci
926 2505 1176 2574 sepulcro
1224 2504 1664 2572 rhododaphnem
1713 2502 1827 2572 (71)
1869 2503 2109 2554 innatam

546 2598 645 2662 ait,
686 2612 847 2665 quam
888 2597 978 2665 qui
1038 2605 1392 2666 gustassent,
1447 2596 1714 2664 pugilatus
1764 2596 1944 2649 smdio
1995 2597 2111 2662 capi

548 2686 761 2742 solitos.
806 2686 1143 2741 Autodorum
1182 2685 1386 2754 itaque,
1415 2702 1537 2740 cum
1569 2701 1633 2740 ex
1665 2701 1727 2739 ea
1780 2686 1932 2739 lauro
1975 2688 2117 2741 edis-

545 2786 653 2843 set,
679 2776 945 2830 victorem
975 2777 1238 2830 tredeeies
1260 2792 1512 2830 coronam
1548 2777 1799 2830 retulisse
1831 2775 2109 2829 :eumdem

548 2877 726 2921 tamen
756 2884 783 2920 a
821 2869 1081 2921 Dioscoro
1114 2868 1338 2922 Theraeo
1380 2868 1435 2921 in
1468 2878 1661 2936 quarto
1699 2869 1907 2921 decimo
1931 2877 2111 2920 certa-

545 2962 692 3015 mine
724 2962 945 3022 victmn,
976 2960 1429 3029 quemadmodum
1472 2969 1526 3013 et
1559 2959 1675 3028 ipse
1711 2962 1949 3029 Amycus
1975 2958 2113 3011 diei-

547 3059 638 3102 tur
666 3048 734 3102 ah
756 3048 926 3101 altero
960 3048 1338 3102 Dioscnrorum
1364 3048 1504 3102 lucta
1533 3062 1836 3116 superatus.
1864 3045 2109 3101 Crassum

543 3156 761 3212 quoque
790 3140 930 3195 festo
966 3140 1189 3194 Veneris
1212 3141 1298 3192 die
1333 3151 1515 3192 natmn
1552 3154 1693 3207 :quo
1718 3142 1846 3193 item
1872 3138 1959 3192 die
1976 3137 2107 3207 Lydi

2286 2411 2420 2468 Εἶτα
2466 2416 2824 2486 διαλαμϐάνει
2872 2416 3000 2486 περὶ
3048 2414 3479 2485 συνεμπτὼσεως
3507 2415 3549 2445 ³³
3582 2415 3792 2483 ἱστορι-

2215 2507 2337 2573 κῆς,
2373 2504 2448 2566 ὡς
2487 2505 2729 2574 ’Δμύκου
2780 2506 2857 2575 τῷ
2896 2507 3053 2573 τάφῳ
3107 2504 3400 2574 ῥοδοδάφνη
3437 2504 3560 2569 ἔφυ,
3592 2504 3688 2556 καὶ
3739 2504 3789 2554 οἱ

2215 2598 2480 2664 φαγόντες
2508 2598 2678 2666 αὐτῆς
2713 2597 3020 2666 ἐπεθύμουν
3043 2596 3333 2665 πυκτικὴν,
3369 2597 3463 2647 καί⁵
3484 2595 3557 2656 ὡς
3603 2593 3795 2646 Ἀντό-

2214 2687 2385 2755 δωρος
2418 2685 2607 2754 φαγὼν
2640 2686 2823 2753 αὐτῆς
2848 2685 3129 2754 δεκατρεῖς
3177 2684 3474 2751 στεφάνους
3516 2683 3793 2748 ἀνείλετο,

2218 2778 2357 2846 πλὴν
2408 2778 2512 2829 ὑπὸ
2540 2778 2832 2848 Διοσκόρου
2873 2778 2965 2829 τοῦ
3012 2777 3250 2847 Θηραίου
3284 2778 3342 2829 ἐν
3380 2778 3444 2845 τῇ
3480 2791 3793 2845 τεσσαρεσ-

2216 2868 2516 2941 καιδεκάτῃ
2589 2871 2799 2940 ἀγωνίᾳ
2841 2871 3091 2939 ἡττήθη,
3148 2869 3337 2938 ὥσπερ
3393 2868 3485 2919 καὶ
3540 2868 3705 2930 αὐτὸς
3764 2868 3794 2918 ὀ

2218 2962 2464 3028 ’Λμυκος
2511 2962 2729 3029 λέγεται
2761 2964 2850 3029 ὑφ’
2883 2963 2999 3024 ἑνὸς
3028 2962 3135 3013 τῶν
3167 2959 3507 3029 Διοσκούρων
3539 2976 3795 3013 καταπα-

2212 3054 2520 3124 λαισθῆναι.
2563 3057 2672 3108 Καὶ
2719 3055 2811 3107 τὸν
2844 3056 3077 3124 Κροῖσόν
3112 3072 3244 3123 φασι
3291 3054 3337 3093 ’δ
3366 3052 3698 3122 γεννηθῆναι
3734 3055 3795 3103 ὲν

2214 3150 2373 3219 ἑορτῇ
2412 3150 2751 3219 Ἀφροδίτης,
2802 3149 2923 3202 καθ’
2949 3150 3016 3219 ἢν
3050 3149 3208 3201 Λυδοὶ
3236 3149 3326 3202 τὸν
3361 3147 3573 3201 ἅπαντα
3616 3146 3796 3199 πλοῦ-

545 3245 736 3285 omnes
770 3231 987 3285 divitias
1037 3245 1245 3300 pompae
1292 3230 1509 3282 nomine
1559 3230 1633 3283 illi
1666 3231 1778 3285 dea:
1815 3240 2110 3299 apponunt.

2215 3257 2305 3293 τον
2355 3241 2724 3310 περιτιθέντες
2778 3241 2937 3310 αὐτῇ
2992 3239 3357 3306 πομπεύουσι.
3414 3240 3520 3291 Καὶ
3584 3237 3795 3301 ταῦρον

545 3316 785 3375 Taurum
837 3319 1124 3387 aliquando
1176 3319 1509 3373 sacriﬁcanti
1575 3321 1711 3388 patri
1764 3324 2109 3383 nuntiatum,

547 3422 732 3466 natum
763 3411 859 3479 ipsi
894 3425 1016 3465 esse
1049 3410 1489 3472 Themistoclem,
1537 3420 1591 3463 et
1612 3426 1739 3464 vero
1776 3411 1968 3464 hausto
2001 3413 2112 3480 (72)

549 3505 691 3560 idem
728 3504 943 3558 taurino
970 3506 1229 3573 sanguine
1249 3506 1407 3571 perit.
1450 3502 1941 3573 llariusllystaspis
1972 3504 2114 3556 ﬁlius

547 3611 578 3649 a
620 3605 793 3649 matre
830 3597 1133 3662 expositus,
1164 3610 1317 3663 equa:
1349 3595 1610 3648 uberibus
1653 3595 1884 3648 laetatus
1912 3606 2015 3656 est,
2047 3597 2113 3646 ah

550 3689 880 3757 Spargapiza
916 3703 1176 3754 equorum
1211 3696 1427 3753 pastore
1462 3704 1475 3740 :
1508 3686 1757 3754 idemque
1784 3698 1968 3754 postea
1995 3689 2115 3739 hin-

557 3783 671 3833 nitu
702 3779 823 3845 eqni
849 3793 937 3830 rex
961 3789 1199 3830 creatur.
1220 3776 1359 3846 Ibyci
1386 3785 1553 3845 poeta:
1578 3777 1749 3829 melici
1775 3791 1963 3829 servm
1990 3777 2117 3831 Iler-

482 3926 483 3931 η
548 3872 696 3924 cules
721 3872 830 3940 (75)
855 3870 1093 3931 nomine,
1121 3869 1273 3922 vivus
1302 3878 1545 3930 exustus,
1579 3869 1860 3937 quodcum
1893 3868 2116 3921 latroni-

551 3965 655 4018 bus
689 3965 738 4015 in
777 3965 1048 4016 dominum
1076 3963 1467 4031 conspirasset.
1500 3960 1721 4015 Orestes
1743 3962 1954 4015 Cereris
1979 3962 2115 4014 illius

546 4056 689 4109 festo
744 4056 867 4118 die,
912 4053 1104 4125 149a
1158 4069 1276 4122 quae
1333 4051 1566 4123 Erinnys
1602 4052 1767 4117 dicta,
1809 4064 1964 4105 natus
2012 4063 2112 4105 est.

547 4147 832 4215 Philippus
870 4162 1001 4212 puer
1034 4145 1329 4198 etiamnum
1359 4143 1480 4196 illas
1533 4144 1685 4210 quasi
1725 4142 1933 4205 stellas,
1983 4156 2116 4209 quas

547 4253 647 4292 suo
698 4239 929 4290 decursu
975 4237 1221 4289 desilire~
1252 4234 1607 4298 advertebat,
1653 4235 1861 4302 vesperi
1907 4232 2118 4301 sagittis

556 4340 740 4397 petere
779 4329 1082 4382 conabatur
1118 4345 1132 4381 :
1163 4336 1217 4379 et
1254 4326 1572 4392 Diognetutn
1602 4336 1776 4377 vatem
1809 4323 2118 4391 praedixisse

548 4420 752 4484 ferunt,
787 4420 1193 4471 dominaturum
1226 4416 1410 4470 multis
1445 4416 1865 4469 adolescentem.
1898 4403 1964 4466 Et
1989 4428 2117 4466 Sane

560 4512 857 4581 Aster(74)
903 4512 976 4564 illi
1009 4524 1201 4562 nomen
1234 4508 1353 4572 luit,
1377 4509 1466 4576 qui
1508 4508 1680 4561 eidem
1712 4506 1922 4560 oculum
1955 4507 2119 4573 sagit-

2216 3331 2393 3384 θύοντι
2421 3332 2498 3401 τῷ
2526 3336 2695 3402 πατρῖ
2721 3334 3060 3403 ἀπήγγελται
3090 3334 3348 3401 τεχθῆναι
3380 3330 3795 3399 Θεμιστοκλῆς,

2214 3427 2308 3477 καὶ
2331 3425 2532 3494 ταύρου
2564 3425 2704 3477 πιὼν
2729 3421 2866 3495 αἷμα
2891 3426 3102 3479 ἁπεϐίω
3129 3426 3254 3497 [247
3284 3424 3375 3496 H'].
3418 3424 3503 3486 Ὡς
3528 3425 3557 3476 ὁ
3593 3423 3797 3475 ’Υστά-

2218 3536 2352 3571 σπου
2383 3520 2607 3589 Δαρεῖος
2636 3517 2879 3580 ἐκτεθεὶς
2911 3518 3015 3570 ὑπὸ
3044 3520 3142 3587 τῆς
3169 3516 3374 3586 μητρὸς
3402 3516 3568 3568 ἵππου
3596 3513 3796 3583 θηλαῖς

2214 3611 2491 3679 ἀνετράφη
2558 3610 2663 3663 ὑπὸ
2712 3608 3080 3681 Σπαργαπίσῃ
3134 3609 3213 3679 τῷ
3272 3606 3635 3677 ίπποιρορϐῷ,
3697 3606 3795 3657 καὶ

2215 3700 2383 3752 ἵππου
2432 3700 2786 3769 χρεμετισμῷ
2843 3698 3137 3768 βασιλεύει.
3190 3698 3297 3750 Καὶ
3332 3698 3406 3758 ὡς
3453 3696 3659 3748 Ἰϐύκου
3690 3694 3792 3746 τοῦ

2221 3790 2505 3858 μελοποιοῦ
2563 3790 2837 3860 θεράπων,
2880 3788 3113 3858 τοῦνομα
3156 3787 3450 3857 Ἡρακλῆς,
3490 3786 3596 3849 ζῶν
3625 3786 3797 3839 ἐκαύ-

2217 3883 2306 3948 θη,
2341 3883 2710 3953 συναράμενος
2756 3885 2868 3944 τοῖς
2916 3883 3139 3951 λῃσταῖς
3190 3882 3326 3933 κατὰ
3373 3878 3467 3931 τοῦ
3502 3878 3790 3933 δεσπότου.

2228 3971 2315 4033 Ὠς
2344 3971 2602 4043 Ὀρέστης
2632 3972 2771 4024 κατὰ
2805 3972 2901 4038 τὴν
2930 3970 3120 4040 ἐορτὴν
3144 3971 3360 4038 τεχθείη
3386 3972 3484 4039 τῆς
3502 3971 3792 4040 Δήμητρος

2219 4063 2316 4131 τῆς
2350 4061 2691 4129 καλουμένης
2728 4060 3017 4131 Ἐριννύος.
3060 4062 3147 4121 Ὠς
3177 4059 3440 4122 Φίλιππος
3470 4059 3549 4111 ἔτι
3580 4058 3625 4089 ³⁵
3656 4060 3790 4120 παῖς

2218 4151 2293 4203 ὢν
2328 4151 2455 4213 τοὺς
2507 4150 2909 4219 ἁφαλλομένους
2943 4151 3040 4218 τῆς
3073 4151 3337 4219 κινήσεως
3381 4147 3499 4220 [ὡς]
3554 4148 3791 4217 ἀστέρας

2221 4247 2477 4312 ἐπειρᾶτο
2527 4243 2649 4295 καθ’
2679 4244 2919 4313 ἑσπέραν
2946 4243 3205 4308 τοξεύειν,
3238 4243 3330 4293 καὶ
3371 4242 3660 4310 Διόγνητον
3688 4240 3789 4309 μέν

2221 4337 2396 4386 εἰπεῖν
2430 4334 2521 4386 τὸν
2579 4334 2770 4401 μάντιν
2827 4337 3067 4404 ἐγκρατῆ
3122 4332 3331 4385 πολλῶν
3385 4332 3448 4384 τὸ
3504 4330 3789 4401 παιδάριον

2219 4425 2700 4495 ἕσεσθαι.ιἈστὴρ
2734 4422 2866 4494 δ’ἧν
2892 4427 3057 4494 ὄνομα
3111 4425 3205 4476 καὶ
3247 4423 3323 4492 τῷ
3365 4423 3657 4491 ἐκκόψαντι
3692 4422 3787 4474 afr-

2218 4516 2313 4569 τοῦ
2347 4517 2390 4547 ³⁶
2422 4516 2565 4585 βέλει
2592 4518 2683 4569 τὸν
2709 4516 3002 4586 ὀφθαλμόν.
3052 4518 3135 4580 Ὠς
3165 4516 3433 4585 Μαρσύας
3462 4515 3490 4566 ὁ
3527 4514 3786 4584 αὑλητὴς,

552 4616 602 4658 ta
632 4608 793 4659 eruit.
835 4602 1080 4671 Marsyas
1105 4600 1329 4661 tibicen,
1368 4598 1458 4652 ille
1484 4599 1572 4667 qui
1607 4598 1746 4667 pelle
1777 4598 1889 4650 175‘
1920 4610 2111 4651 exutus

2220 4607 2278 4670 ὃς
2306 4605 2555 4677 ἐξεδάρττ,
2593 4610 2652 4661 ἐν
2678 4609 2838 4679 ἑορτῇ
2882 4607 3216 4671 ’Λπόλλωνος
3254 4607 3470 4679 ἐτέχθη,
3500 4607 3558 4659 ἐν
3656 4606 3791 4658 πάν-

1784 4736 2020 4791 νΑηιιΕ
2063 4738 2466 4796 LECTIONES.

621 4853 663 4884 "
692 4850 815 4922 τὴν]
843 4850 952 4903 τῶν
980 4850 1047 4904 Α.
1077 4920 1083 4922 Α
1123 4850 1169 4881 ³⁸
1203 4847 1637 4922 Ἀλικαρνασέως
1670 4866 1732 4912 ς.

1805 4849 1846 4879 ³1
1883 4847 2011 4886 Λιῖνγ

621 4853 663 4884 ²⁹
692 4850 815 4922 τὴν]
843 4850 952 4903 τῶν
980 4850 1047 4904 Α.
1123 4850 1169 4881 ³⁸
1203 4848 1637 4919 Ἀλικαρνασέως
1670 4866 1732 4912 ς.
1805 4849 1846 4879 ³¹
1876 4848 2076 4901 Λύκιον
2104 4866 2165 4912 ς’.
2245 4850 2290 4883 ³⁸
2316 4853 2480 4919 φασίν
2509 4870 2618 4909 om.
2648 4858 2711 4908 Α.
2747 4856 3071 4925 Δηϊδαμείας
3099 4874 3137 4920 ς
3157 4874 3168 4909 :
3190 4872 3301 4908 συνε

546 4924 806 4990 grapltutn
829 4920 1089 4990 Stephani
1115 4939 1129 4975 :
1157 4920 1668 5005 cuvexmtbcawig.
1708 4917 1779 4972 cf.
1802 4933 1855 4986 p.
1888 4917 1989 4972 149
2012 4936 2043 4970 a
2080 4921 2165 4973 14.
2242 4922 2289 4954 ³³
2316 4925 2449 4991 φασί
2488 4926 2610 4979 add.
2640 4927 2703 4978 Α.
2770 4926 2814 4958 ³⁸
2844 4926 2946 4997 ἐτι]
2996 4927 3209 4997 ἐταιρος
3235 4930 3301 4981 A.

2245 4850 2290 4883 ³⁸
2316 4853 2480 4919 φασίν
2509 4870 2618 4909 om.
2648 4858 2711 4908 Α.
2747 4856 3071 4925 Δηϊδαμείας
3099 4874 3137 4920 ς
3157 4874 3168 4909 :
3190 4856 3621 4927 συνεμπτὼσεως
3656 4871 3787 4925 apo—

2245 4922 2289 4954 ”
2316 4925 2449 4991 φασί
2488 4926 2610 4979 add.
2640 4927 2703 4978 Α.
2770 4926 2814 4958 ³⁸
2844 4926 2946 4993 ἐτι]
2996 4927 3209 4993 ἐταιρος
3235 4930 3301 4981 A.
3375 4926 3421 4960 “
3475 4930 3620 4993 αὐτῷ
3651 4945 3714 4993 ς.

2049 5033 2281 5090 NOTAE.

620 5150 733 5221 (68)
764 5151 841 5205 Ita
873 5164 937 5203 ex
959 5147 1139 5203 Strab.
1176 5150 1404 5221 quidam
1417 5148 1686 5218 Lyncerns
1706 5148 1916 5221 ρει-λιξὸ
1940 5149 2105 5221 millia

549 5218 804 5294 paSsunm
835 5222 1222 5294 lierspettit,_ut
1245 5220 1573 5294 enVarrone
1605 5230 1825 5294 narrant
1850 5218 1986 5273 Plin.
2012 5220 2105 5294 lib.

548 5285 643 5355 vn,
678 5306 797 5357 cap.
829 5289 922 5352 21;
963 5285 1075 5341 Val.
1113 5288 1252 5341 Max.
1276 5290 1367 5342 lib.
1397 5304 1432 5350 I,
1458 5303 1577 5357 cap.
1607 5288 1662 5347 8;
1700 5285 1869 5340 Solin.
1907 5304 2028 5355 cap.
2055 5292 2108 5343 6.

548 5361 686 5415 Vide
724 5356 778 5413 et
807 5374 924 5427 qua:
967 5370 1257 5411 narrantur
1294 5357 1393 5411 inf.
1426 5360 1489 5410 de
1515 5356 1773 5410 Candaull
1806 5359 2036 5427 conjuge
2058 5360 2109 5413 in

546 5431 818 5498 excerptis
842 5446 909 5483 ex
935 5429 1028 5482 lib.
1054 5444 1085 5480 v
1119 5428 1532 5498 Heplimstionis.

622 5493 735 5568 (69)
764 5501 933 5565 Quam
972 5501 1136 5552 habes
1171 5493 1495 5568 descriptam
1529 5494 1668 5568 apud
1706 5493 1963 5568 Herodoti

623 5564 731 5641 (70)
761 5564 904 5641 Idem
925 5569 993 5622 de
1012 5564 1688 5641 AtiaxagoraClazonienio
1715 5564 1882 5641 refert
1905 5564 2109 5641 Ailian.

549 5635 648 5711 τῆς
696 5640 951 5711 Ποικίλης
980 5654 1098 5702 VIII,
1125 5635 1242 5711 cap.
1294 5638 1383 5701 15,
1417 5639 1569 5711 etde
1602 5635 1671 5687 Μ.
1706 5635 2111 5711 ίξηιεξυμδυιίιι.

550 5703 668 5779 ca'p.
695 5711 747 5764 4.
774 5703 964 5762 Cicero
990 5709 1154 5763 semel
1188 5703 1669 5779 duntaxatrisisse,
1706 5703 1779 5758 De
1824 5704 2015 5771 ﬁnibus
2061 5721 2110 5759 ν.

553 5778 784 5837 ειίΡΙιη.
817 5780 908 5834 lib.
949 5794 1047 5843 vlt,
1071 5794 1192 5848 cap.
1232 5778 1318 5831 19.

2290 5153 2703 5229 {7l)_Describ_i_t
2732 5168 2852 5229 eam
2894 5152 3035 5209 Plin.
3063 5156 3154 5211 lib.
3193 5172 3305 5221 xvi,
3358 5173 3479 5226 cap.
3512 5158 3603 5211 εο.
3625 5157 3784 5229 Apul.

2218 5239 2368 5275 rosea
2409 5224 2593 5277 lanna
2639 5224 2860 5277 dicitur.

2287 5292 2575 5413 (Ἱὲἐΐέἐύο
2599 5294 2746 5350 Ctes.
2790 5293 2989 5348 Persio.
3013 5311 3161 5367 supr.
3210 5298 3262 5352 in
3305 5298 3557 5368 Excerpt.
3589 5318 3654 5358 ex
3693 5302 3785 5353 liii.

2217 5375 2292 5413 XII
2328 5375 2529 5417 ιἐηιε.

2267 5432 2411 5504 ,(75)
2444 5432 2715 5504 l_|eracles.

2290 5502 2401 5569 (74)
2453 5501 2783 5583 Lege_Suid.
2819 5506 2871 5561 in
2896 5508 3164 5583 _K&pavo;
3200 5527 3214 5563 :
3268 5516 3322 5563 et
3367 5508 3515 5567 \‘itas
3554 5528 3583 5566 a
3634 5510 3793 5566 nobis

2222 5583 2567 5637 cmnparatas
2600 5574 2767 5628 Arist.
2809 5584 2863 5629 et
2896 5576 3170 5631 iletnosth.

2296 5641 2406 5711 (75)
2452 5641 2536 5721 Ab
2565 5643 2681 5721 ipso
2706 5646 2978 5721 _Apolline,
3017 5657 3069 5701 ut
3115 5648 3277 5703 refert
3320 5649 3561 5721 Xenolah.
3616 5652 3709 5704 lib.
3749 5668 3790 5713 ι,

2230 5708 2312 5764 De
2346 5708 2593 5779 expedit.
2618 5708 2768 5782 Cyil.
