4038 6406
141 435 220 498 611
1224 419 1745 484 BIBLIOTHECA.
1775 416 2020 482 —COD.
2053 417 2210 480 CXC.

3212 406 3317 477 618

146 566 233 604 των
254 546 350 601 τῶν
386 542 655 616 θυομένων
686 540 840 607 ζώων
866 540 937 595 τά
963 540 1213 613 δέρματα
1250 539 1400 611 αύτῷ
1445 537 1659 610 ἐκδερό-

1766 545 1868 603 est,
1901 551 2089 591 auram
2124 534 2342 588 vitalem
2375 530 2593 587 haurire
2612 529 2778 601 capit
2803 518 3343 600 eofestoApollinis,‘

142 656 252 711 μενα
277 636 589 693 ἀνατίθεται.
640 635 777 706 Περὶ
822 632 1018 687 Τιτυοῦ
1048 633 1092 664 ⁸⁷
1118 632 1211 685 τοῦ
1239 629 1657 685 ἐπιϐουλεύσαν-

138 747 210 810 τος
236 725 618 798 Ἀλέξανδρον³⁸
652 725 780 799 [480
811 723 927 797 Β.].
968 724 1057 787 Ὠς
1104 721 1367 778 Κλαύδιον
1394 722 1597 774 κύουσα
1624 720 1659 791 ἡ

144 827 291 896 μήτηρ
323 822 569 894 βωλητῶν
588 824 716 886 τοὺς
739 821 987 892 μύκητας
1005 819 1396 890 ἐπιθυμήσασαι
1412 818 1459 851 ³9
1473 819 1656 887 φάγοι,

137 918 209 970 καὶ
256 915 506 979 Κλαύδιος
561 914 813 985 μύκητας
846 913 1419 982 πεφαρμακευμένους
1468 906 1660 979 φαγὼν

136 1006 358 1077 ἀποόιῴη.
396 1007 529 1078 Περὶ
559 1006 875 1074 Κενταύρου
898 1004 991 1057 τοῦ
1024 1003 1259 1071 Λαμίου,
1285 1000 1361 1065 ὡς
1394 999 1660 1070 μοιχεύων

136 1095 337 1163 ληφθεὶς,
374 1094 424 1147 οἱ
477 1095 577 1164 μὲν
612 1093 718 1146 ὑπὸ
758 1092 1017 1163 Πειρίθου
1070 1090 1165 1144 τοῦ
1212 1089 1467 1159 εὐνούχου
1514 1089 1581 1151 ⁸ο,
1610 1087 1659 1139 οἱ

140 1189 174 1237 δ’
201 1187 284 1239 ὑπὸ
318 1184 534 1256 Θησέως
572 1184 953 1255 ἀναιρεθῆναι.
985 1182 1139 1235 Οὕτω
1171 1180 1340 1234 πολλὰ
1367 1182 1485 1241 ταῖς
1516 1180 1661 1231 ἱστο-

142 1280 251 1346 ρὶαις
271 1279 368 1331 τῶν
399 1277 842 1349 συνεμπτώσεων
874 1276 1087 1329 ἕπεται.
1132 1273 1294 1328 ’Δλλὰ
1318 1273 1411 1327 καὶ
1436 1271 1500 1325 τὸ
1528 1277 1576 1340 γ’
1602 1272 1661 1324 ὲν

140 1369 308 1432 τούτοις
342 1368 566 1440 βιϐλίον.

189 1544 249 1597 Τὸ
276 1542 324 1595 δὲ
348 1542 387 1594 δ’
434 1541 773 1612 διεξέρχεται
820 1541 897 1605 ὡς
946 1539 1134 1612 Ἑλένη
1158 1538 1348 1611 πρώτη
1398 1538 1659 1609 ἐπενόησε

138 1635 208 1686 τὸν
245 1634 320 1686 διὰ
344 1632 619 1686 δακτύλων
651 1632 874 1704 κλῆρον,
908 1634 1004 1687 κα)⁵
1046 1631 1378 1701 Ἀλεξάνδρῳ
1419 1627 1659 1698 λαχοῦσα

138 1726 343 1793 ἐνίκησε·
384 1725 475 1777 καὶ
520 1725 597 1788 ὡς
647 1725 969 1795 Ἀφροδίτης
1007 1724 1093 1793 εῐη
1134 1724 1398 1793 θυγάτηρ.
1440 1721 1548 1775 Καὶ
1585 1720 1661 1783 ὡς

148 1821 330 1888 Ἑλένης
380 1819 473 1872 καὶ
512 1820 811 1890 Ἀχιλλέως
870 1819 929 1872 ἐν
988 1818 1253 1890 μακάρων
1300 1818 1484 1887 νήσοις
1531 1816 1659 1877 παῖς

1762 645 1870 699 quo
1908 628 1997 685 die
2035 626 2278 682 omnium
2313 639 2433 694 quae
2471 620 2918 679 saerilicarentur
2961 623 3316 677 animantium

1761 722 1929 792 pelles
1994 720 2228 787 derepta:
2276 717 2354 771 illi
2405 716 2818 771 dedieabantur.
2874 715 2952 769 De
2989 712 3177 783 Tityo,
3226 712 3319 779 qui

1760 813 2070 868 Alexandro
2099 810 2300 865 struxit
2338 810 2581 863 insidias.
2614 805 2894 861 Claudium
2939 805 3319 872 imperatorem

1761 901 1979 970 gravida
2009 910 2226 969 gestans
2254 906 2443 961 mater,
2472 898 2708 951 boletum
2742 894 3027 964 fungorum
3050 892 3319 947 desiderio

1760 1001 1916 1058 capta
1945 992 2182 1046 comedit
2227 989 2362 1057 (76),
2392 999 2446 1042 et
2485 987 2744 1042 Claudius
2772 985 2962 1054 fungos
2995 997 3201 1038 veneno
3235 983 3321 1035 in-

1760 1082 1932 1136 lectos
1966 1082 2232 1135 devorans
2266 1079 2443 1148 periit.
2478 1078 2550 1133 De
2578 1076 2850 1132 Centauro
2886 1075 3084 1129 Lamiae
3126 1073 3236 1128 ﬁlio
3263 1078 3325 1129 ttt

1761 1174 2070 1227 adulterans
2118 1181 2309 1241 captus
2338 1172 2429 1236 sit,
2462 1186 2620 1239 quem
2652 1170 2740 1223 alii
2773 1185 2802 1223 a
2833 1168 3111 1223 Peirithoo
3154 1180 3324 1221 cuna-‘-

1760 1265 1885 1329 cho,
1945 1264 2035 1318 alii
2065 1280 2096 1317 a
2141 1263 2352 1318 Theseo
2389 1262 2729 1317 interfectum
2780 1260 2955 1314 aiunt.
2995 1258 3157 1313 Tales
3184 1256 3323 1311 varii

1759 1358 1814 1412 in
1846 1356 1966 1412 iStis
2003 1356 2247 1411 historiis
2274 1368 2433 1411 casus
2454 1364 2616 1423 atque
2644 1362 2834 1407 eventa
2858 1352 3187 1416 referuntur,
3204 1350 3326 1419 qui-

1758 1452 1860 1507 bus
1894 1451 2061 1505 etiam
2096 1449 2236 1503 liber
2266 1447 2459 1502 tertius
2482 1446 2697 1500 tandem
2724 1445 3041 1499 absolvitur.

1830 1542 1997 1597 Libro
2041 1550 2222 1595 autem
2273 1547 2468 1608 quarto
2507 1537 2625 1593 haec
2677 1544 2968 1591 narrantur
3012 1550 3027 1587 :
3062 1534 3320 1589 Helenam

1758 1636 1993 1705 primum
2017 1633 2355 1701 excogitasse
2393 1630 2576 1702 digitis
2612 1628 2859 1683 micando
2888 1627 3321 1690 sortitionem,et

1759 1741 1882 1781 cum
1922 1725 2231 1780 Alexandro
2259 1724 2574 1778 sortientem
2603 1721 2822 1787 vicisse,
2852 1718 3127 1787 fuisseque
3148 1716 3321 1771 Vene-

1763 1818 1838 1872 ris
1863 1816 2046 1869 filiam.
2078 1814 2279 1870 Helena
2311 1814 2497 1868 adhazc
2520 1821 2574 1867 et
2599 1812 2809 1867 Achille
2845 1811 3014 1865 lilium
3042 1811 3095 1863 itt
3126 1807 3319 1863 Beato-

140 1910 366 1980 πτερωτὸς
411 1910 648 1977 γεγόνοι,
694 1911 755 1963 ὃν
803 1909 893 1967 διὰ
938 1908 997 1962 τὸ
1049 1908 1151 1978 τῆς
1200 1905 1385 1978 χώρας
1428 1904 1657 1976 εύφορον

1766 1923 1882 1962 rum
1910 1905 2101 1961 insulis
2137 1920 2260 1961 cum
2294 1904 2396 1959 alis
2431 1914 2637 1968 natum,
2665 1918 2824 1972 quem
2859 1901 2929 1956 ob
2962 1901 3196 1973 regionis
3219 1899 3325 1953 [οι-ο

142 1999 408 2069 Εύφορίωνα
430 1999 725 2070 ὠνόμασαν
742 2018 759 2036 ο
794 2000 891 2053 καὶ
919 2000 995 2063 ὡς
1016 2000 1117 2070 ἐρᾷ
1144 1999 1338 2052 τούτου
1374 1997 1533 2060 Ζεὺς,
1564 1996 1662 2048 κα)⁸

140 2091 374 2160 ἀποτυχὼν
421 2094 683 2161 κεραυνοῖ
713 2093 771 2145 έν
828 2092 1005 2162 Μήλῳ
1054 2094 1121 2161 τῇ
1165 2091 1313 2160 νήσῳ
1339 2084 1663 2143 καταλαϐὼν

142 2182 431 2251 διωκόμενον,
456 2183 558 2236 καὶ
586 2183 686 2247 τὰς
726 2182 966 2254 νύμφας,
1008 2182 1089 2235 ὅτι
1118 2181 1346 2250 θάψειαν
1368 2180 1554 2243 αὑτὸν,
1583 2180 1662 2242 είς

144 2273 392 2343 βατράχους
431 2274 726 2344 μετέϐαλε.
772 2274 883 2327 Καὶ
920 2272 999 2337 ὡς
1040 2272 1383 2342 κυνηγοῦσαν
1443 2268 1663 2340 Ἑλένην

144 2363 242 2416 ἔνιοί
268 2382 418 2433 φασιν
438 2367 497 2420 ὲν
529 2366 613 2434 τῷ
650 2364 935 2436 Παρθενίῳ
962 2366 1006 2397 ⁸¹
1038 2364 1153 2434 ὄρει
1201 2364 1545 2435 ἁρπασθῆναι
1570 2362 1661 2415 ὑπ’

153 2454 471 2527 Ἀλεξάνδρου,
505 2457 603 2509 καὶ
648 2438 1014 2523 ἐκπλαγεῖσαν
1044 2454 1106 2509 τὸ
1135 2455 1330 2517 κάλλος
1363 2453 1663 2524 ἀκολουθῆ-

146 2544 286 2609 auch;
310 2544 429 2616 θἐᾦ.
464 2547 606 2618 Περὶ
629 2546 727 2599 τοῦ
762 2542 961 2599 κεστοῦ
981 2547 1227 2617 ἱμάντος,
1263 2545 1338 2608 ὡς
1373 2545 1527 2598 λάϐοι
1562 2543 1662 2615 μὲν

146 2635 266 2687 αὑτὸν
282 2637 419 2707 Ἦρα
439 2639 487 2668 δ’
516 2638 675 2708 παρὰ
702 2637 1018 2709 Ἀφροδίτης
1029 2638 1143 2707 δοίη
1164 2638 1211 2691 δ’
1237 2637 1450 2707 Ἑλένῃ.
1475 2634 1661 2704 κλέψοι

144 2722 366 2794 δἀὐτὸνή
402 2724 628 2796 Ἑλένης
655 2725 963 2797 θεράπαινα
992 2728 1386 2790 Ἀστυάνασσα,
1410 2725 1595 2793 ἀφέλοι
1617 2722 1662 2776 δ’

144 2810 268 2863 αὐτὸν
310 2812 366 2876 ἐξ
408 2813 585 2882 αὐτῆς
625 2813 786 2868 πάλιν
834 2816 1141 2885 ’Δφροδίτη.
1174 2814 1239 2867 Τί
1284 2816 1400 2868 ἐστι
1442 2813 1505 2866 τὸ
1532 2812 1662 2883 παρ’

153 2900 328 2975 Ὁμήρῳ
351 2903 398 2935 ⁸³
423 2904 560 2977 περὶ
581 2904 683 2973 τῆς
699 2903 914 2977 Ἑλένης
945 2906 1233 2979 εἰρημένον
1251 2920 1268 2938 ο

197 3080 411 3135 Πάντων
448 3083 735 3153 Ἀργείων
761 3082 974 3152 φωνὴν
998 3081 1295 3136 τσκουσ’“
1322 3080 1659 3149 ἀλόχοισιν.

1766 2000 2015 2054 tilitatem
2063 1995 2470 2066 Euphorionem
2543 1993 2864 2065 appellarint
2914 2010 2930 2048 :
2971 1993 3089 2061 ejus
3143 2001 3325 2045 autem

1763 2105 1948 2144 amore
1973 2099 2189 2156 captum
2222 2086 2436 2151 Jovem,
2467 2096 2521 2142 et
2544 2086 2768 2140 minime
2796 2085 3110 2153 potientetn,
3144 2082 3327 2136 fulmi-

1764 2196 1833 2236 ne
1858 2182 1910 2234 itt
1942 2179 2081 2234 Melo
2104 2178 2276 2232 insula
2304 2178 2645 2247 percussisse
2674 2174 3328 2246 fugitantem,nymphas-

1763 2285 1889 2343 que,
1929 2270 2073 2340 quod
2118 2283 2243 2323 eum
2277 2278 2438 2323 terra:
2483 2268 2855 2330 mandassent,
2890 2265 2942 2319 in
2985 2279 3147 2319 ranas
3177 2279 3329 2319 com-

1764 2374 2024 2419 mutasse.
2064 2362 2325 2417 Helenam
2369 2362 2629 2430 quosdam
2670 2357 2879 2413 referre
2920 2358 2995 2413 ait
3042 2369 3330 2412 venantem

1764 2455 1821 2510 itt
1847 2454 2098 2525 virginali
2147 2464 2329 2508 monte
2373 2462 2581 2522 raptam
2622 2468 2650 2506 a
2681 2451 2895 2514 Paride,
2931 2459 2984 2504 et
3013 2449 3172 2517 hujus
3209 2447 3331 2518 pul-

1766 2539 2079 2600 cbritudine
2120 2554 2334 2614 captam
2385 2553 2639 2616 tanquam
2688 2544 2846 2599 deum
2873 2557 2995 2598 esse
3032 2552 3275 2597 secutam
3312 2554 3327 2596 :

1766 2637 1842 2692 De
1881 2652 2019 2691 zona
2072 2636 2185 2706 (77)
2217 2650 2316 2691 acu
2346 2636 2489 2706 picta
2521 2650 2684 2706 quam
2736 2651 2766 2689 a
2798 2634 3006 2691 Venere
3053 2642 3331 2703 acceptam

1763 2729 1908 2786 Juno
1933 2731 2145 2785 dederit
2174 2729 2414 2794 Helenat,
2452 2744 2481 2782 a
2530 2742 2632 2797 qua
2663 2743 2874 2783 rursum
2907 2727 3100 2782 ancilla
3132 2726 3332 2797 Astya-

1764 2834 1925 2875 nassa
1952 2819 2098 2874 furto
2114 2820 2413 2895 sustulerit,
2439 2821 2610 2875 donec
2634 2830 2754 2873 eatn
2778 2817 2958 2871 Venus
2985 2826 3038 2871 et
3059 2818 3182 2872 huic
3208 2818 3331 2872 abs-

1766 2912 1905 2966 tttlit.
1960 2910 2098 2978 Quid
2165 2913 2238 2966 sit
2303 2912 2432 2966 illud
2485 2911 2557 2965 ab
2615 2908 2846 2963 Homero
2898 2910 2962 2963 de
3006 2907 3205 2962 Helena
3252 2909 3334 2961 sic

1769 3004 1970 3056 dictum
2003 3020 2016 3056 :

1840 3094 2096 3161 Argivum
2125 3105 2315 3148 uxores
2343 3094 2559 3147 imitata
2585 3104 2660 3147 est
2681 3093 2892 3147 vocibus
2924 3106 3103 3145 omnes
3126 3089 3262 3162 (78).

154 3172 218 3233 Ὠς
245 3173 402 3227 Ἠλίου
427 3176 685 3246 θυγάτηρ
713 3176 807 3228 καὶ
850 3175 1029 3245 Λήδας
1075 3175 1284 3246 Ἑλένη,
1334 3174 1578 3226 ἐκαλεῖτο
1607 3172 1662 3225 δὲ

1772 3183 1980 3240 Dictum
2017 3186 2160 3241 Solis
2183 3196 2238 3241 et
2277 3185 2436 3240 Ledae
2467 3188 2631 3240 titiam
2666 3186 2833 3241 fuisse
2868 3183 3149 3249 Helenam,
3178 3198 3336 3237 voca-

146 3261 316 3334 Λεοντή.
362 3267 467 3319 Καὶ
517 3267 603 3330 ὡς
643 3266 761 3319 κατ’
813 3266 984 3337 ὀργὴν
1042 3265 1365 3335 Ἀφροδίτης
1392 3264 1489 3334 τὴν
1522 3265 1661 3334 πρὸς

1768 3286 1985 3346 tamque
2025 3276 2285 3332 Leontem
2320 3297 2334 3334 :
2368 3287 2573 3347 raptant
2604 3288 2783 3332 autem
2840 3276 3009 3331 fuisse
3042 3276 3111 3331 ob
3137 3276 3333 3329 iratam

146 3352 364 3409 Μενέλαον
394 3359 493 3428 τὴν
526 3357 795 3429 ἁρπαγὴν
831 3358 1081 3424 λέγουσιν
1124 3356 1341 3427 Ἑλένης
1374 3355 1660 3423 γενέσθαι,

147 3444 237 3497 ἐπεὶ
261 3449 622 3521 ὑποσχόμενος
685 3451 975 3521 ’Δφροδιτῃ
1024 3448 1333 3518 ἑκατόμϐην
1384 3448 1524 3517 ὑπὲρ
1569 3447 1663 3501 τοῦ

147 3540 279 3606 γάμον
306 3543 397 3595 οὐκ
446 3543 728 3598 ἀπέδωκε.
767 3542 903 3613 Περὶ
943 3542 1043 3611 τῆς
1104 3541 1371 3593 Ἐλενείου
1412 3541 1661 3610 βοτάνης,

149 3626 234 3695 ῆέν
264 3631 408 3702 Ῥόδῳ
432 3632 659 3701 φύεται,
687 3634 769 3685 ὅτι
794 3650 854 3685 τε
882 3632 927 3665 ’⁵⁸
956 3632 1064 3685 ἀπὸ
1086 3632 1186 3701 τῆς
1221 3630 1441 3701 Ἑλένης
1464 3632 1667 3685 ἐπωνο-

150 3721 285 3793 μάσθη
318 3728 487 3796 (παρὰ
514 3725 636 3795 γὰρ
687 3725 785 3796 τὴν
834 3723 966 3794 δρῦν
1017 3723 1173 3795 ὤφθη
1217 3726 1429 3793 φυεῖσα,
1461 3726 1552 3793 ἀφ’
1599 3720 1667 3795 ἦς

149 3811 297 3884 ἑαυτὴν
338 3817 589 3888 ἀπῆγξεν
630 3816 837 3887 Ἑλένη)
882 3818 980 3870 καὶ
1020 3816 1097 3880 ὡς
1134 3817 1185 3869 οἱ
1211 3816 1472 3885 φαγόντες
1502 3817 1669 3885 αὐτῆς

148 3904 313 3971 πάντως
346 3912 418 3973 είς
446 3910 574 3981 ἔριν
602 3909 976 3963 καθίστανται.
1028 3909 1114 3970 Ὦς
1143 3909 1421 3963 Μενελάου
1454 3909 1667 3979 ἠράσθη

160 3992 322 4066 Ἑλένη,
362 4001 458 4053 καὶ
480 3996 663 4063 οὕτως
684 3999 731 4031 ⁸⁸
787 3999 992 4069 ἐγημεν
1024 4000 1215 4072 αύτήν.
1258 3999 1345 4061 Ὦς
1394 3998 1525 4051 ένιοι
1572 4001 1671 4068 τὴν

160 4082 330 4160 Ἑλένην
372 4094 504 4160 φασὶ
529 4094 579 4125 ⁸⁷
642 4090 1097 4162 παραγενομένην
1142 4086 1221 4154 είς
1270 4089 1521 4159 Ταύρους
1573 4091 1672 4159 τῆς

156 4172 335 4239 Σκυθίας
375 4181 470 4233 σὺν
532 4180 804 4250 Μενελάῳ
846 4181 940 4233 ἐπὶ
987 4179 1087 4251 τὴν
1142 4179 1397 4250 Ὀρέστου
1448 4180 1672 4250 ζήτησιν

155 4267 497 4333 σφαγιασθῆναι
549 4269 661 4323 ὑπὸ
722 4268 1041 4337 Ἰφιγενείας
1095 4273 1160 4342 τῇ
1246 4270 1525 4341 Ἀρτέμιδι
1576 4271 1673 4323 σὺν

154 4350 359 4427 Μενελάῳ
381 4376 395 4389 ·
432 4360 558 4432 [248
589 4359 683 4432 Η.]
718 4362 766 4414 οἱ
792 4361 847 4414 δέ
880 4378 1040 4430 φασιν
1082 4361 1157 4424 ὡς
1178 4361 1332 4425 Θέτις
1362 4361 1530 4433 αὐτὴν
1577 4362 1673 4415 ἀν-

155 4442 231 4497 έλοι
248 4449 296 4501 ὲν
312 4450 382 4519 τῷ
399 4453 637 4523 ἀπόπλῳ
650 4453 757 4505 τῶν
771 4452 1057 4521 Ἑλλήνων,
1079 4454 1182 4506 ἀπε
1193 4453 1476 4507 ικασθεῖσα
1492 4454 1669 4525 φώκη.

155 4533 253 4587 Φασὶ
274 4539 312 4591 δ’
350 4541 491 4612 Ἠχὼ
524 4544 628 4613 μὲν
660 4544 760 4613 τὴν
808 4542 1030 4611 Ἑλένην
1073 4542 1133 4595 τὸ
1164 4543 1353 4614 κύριον
1408 4544 1669 4613 κληθῆναι

159 4621 220 4676 διὰ
240 4628 289 4680 τὺ
319 4633 633 4703 φωνόμιμον
683 4633 853 4704 αὐτὴν
904 4634 1181 4702 γενέσθαι,
1234 4633 1451 4705 Ἑλένην
1479 4634 1536 4687 δὲ
1565 4635 1673 4687 ἀπὸ

158 4717 224 4768 τοῦ
241 4722 289 4773 ὲν
312 4723 417 4776 ἕλει
459 4726 568 4777 ὑπὸ
611 4725 796 4795 Λήδας
831 4724 1113 4794 τεχθῆναι.
1146 4725 1271 4777 Ὅτι
1295 4726 1323 4778 ὀ
1346 4725 1391 4756 ⁵⁸
1413 4728 1471 4777 ἐν
1498 4728 1676 4778 Λακε-

1766 3364 2010 3419 Menelao
2060 3363 2344 3429 Venerem,
2388 3366 2529 3435 quod
2584 3366 2938 3420 hecatomben
2982 3380 3081 3434 pro
3129 3364 3335 3432 nuptiis

1765 3455 2062 3525 pollicitus,
2099 3457 2211 3509 voti
2259 3470 2382 3510 reus
2417 3455 2531 3509 dea:
2559 3469 2666 3509 non
2718 3455 2989 3509 solvisset.
3035 3452 3113 3508 De
3162 3452 3337 3507 Hele—

1769 3547 1894 3600 neio
1925 3546 2037 3616 (79)
2064 3547 2255 3613 herba,
2286 3561 2408 3616 quae
2444 3548 2496 3600 in
2524 3546 2717 3600 Rhodo
2750 3547 3011 3613 nascitur,
3036 3548 3104 3599 ab
3130 3544 3335 3600 Helena

1767 3651 1965 3691 nomen
2012 3638 2152 3691 hanc
2195 3639 2516 3706 sumpsisse.
2558 3636 2741 3691 Visam
2791 3638 2935 3691 enim
2977 3636 3043 3691 ad
3086 3636 3334 3691 eamdem

1769 3729 1913 3781 nasci
1942 3744 2223 3797 quercum,
2256 3743 2323 3783 ex
2352 3744 2535 3797 quase
2565 3727 2765 3783 Helena
2800 3728 3150 3798 strangularit
3172 3744 3187 3795 ;
3206 3728 3337 3795 quin

1772 3825 1825 3869 et
1853 3831 1973 3870 eam
1998 3819 2089 3886 qui
2131 3819 2344 3872 ederint
2366 3818 2431 3871 ad
2458 3819 2632 3872 rixam
2660 3819 2884 3873 omnino
2906 3818 3186 3872 concitari.
3205 3816 3341 3869 Ada-

1773 3918 1974 3960 matum
2002 3908 2152 3976 prius
2180 3907 2249 3962 ab
2283 3906 2486 3961 Helena
2526 3907 2850 3974 Menelaum,
2873 3908 2953 3962 sic
2977 3910 3195 3961 tandem
3217 3922 3337 3960 eam

1771 4012 1995 4051 uxorem
2029 3998 2269 4052 duxisse.
2307 3997 2471 4052 Addit
2498 4012 2724 4051 narrare
2739 3999 3023 4066 quosdam,
3056 3999 3107 4050 in
3134 3997 3341 4051 Tauros

1772 4088 2007 4161 Scythiae
2038 4089 2337 4159 profectam
2392 4103 2514 4144 cum
2543 4089 2783 4143 Menelao
2812 4088 3068 4142 Helenam
3093 4089 3157 4141 ad
3185 4088 3338 4141 inve-

1772 4181 2077 4250 Stigandum
2120 4178 2409 4244 Orestem,
2451 4179 2785 4233 immolat-am
2837 4180 2909 4234 ibi
2978 4179 3119 4232 hanc
3147 4177 3339 4249 1491)

1772 4270 1957 4325 Diana:
1986 4286 2091 4324 una
2121 4285 2242 4325 cum
2277 4269 2521 4326 Menelao
2552 4271 2720 4325 fuisse
2741 4272 2808 4325 ab
2838 4270 3165 4340 lphigeueia.
3185 4269 3334 4324 Velle

1780 4372 1958 4416 tamen
2012 4362 2150 4416 alios
2191 4376 2220 4414 a
2265 4360 2447 4426 Theti,
2491 4363 2689 4415 marini
2730 4361 2898 4415 forma
2943 4361 3093 4415 vituli
3130 4361 3336 4425 induta,

1775 4453 2045 4506 sublatam
2078 4452 2247 4517 illam,
2280 4454 2404 4507 dum
2449 4452 2621 4508 Graeci
2659 4454 2883 4507 navibus
2918 4453 3137 4507 domum
3193 4451 3341 4507 redi-

1778 4553 1917 4599 rent.
1948 4544 2173 4611 Ferunt,
2224 4546 2321 4609 ait,
2380 4546 2527 4600 Echo
2573 4546 2845 4614 prepriutn
2883 4543 3098 4598 Helenae
3144 4559 3341 4597 nomen

1775 4638 2024 4701 inditum,
2055 4638 2198 4705 quod
2240 4638 2467 4693 aliorum
2503 4637 2593 4691 illa
2630 4653 2828 4701 ,vocem
2874 4636 3078 4690 imitari
3126 4637 3341 4704 egregie

1774 4738 1997 4797 posset:
2029 4725 2287 4781 Helenam
2325 4742 2453 4781 vero
2479 4726 2705 4790 dictam,
2741 4728 2885 4796 quod
2945 4740 3064 4779 eam
3110 4724 3253 4779 Leda
3282 4727 3342 4780 ὲν

161 4802 327 4878 δαίμονι
366 4816 528 4878 τόπος
579 4817 643 4869 τὸ
686 4816 973 4870 Σανδάλιον
1009 4816 1120 4871 ἀπὸ
1163 4816 1258 4870 τοῦ
1295 4818 1394 4887 τῆς
1459 4815 1663 4886 Ἑλένης

1772 4820 1884 4872 ἕλει
1916 4817 1995 4890 [in
2019 4815 2235 4888 palude]
2270 4817 2521 4872 ediderit.
2543 4816 2932 4871 Lacedaemone
2957 4816 3133 4871 locum
3154 4832 3344 4887 quem-

164 4901 411 5003 ξινδαλίου,
465 4909 798 4970 ἐκπεσόντος
856 4908 1028 4976 αὐτῆς
1068 4910 1127 4961 έν
1165 4907 1312 4978 αύτῷ
1339 4907 1663 4978 διωκομένης

1772 4910 1895 4963 dam
1950 4908 2264 4962 Sandalium
2311 4908 2637 4977 appellatum
2696 4908 2763 4962 ab
2799 4906 3016 4961 Helenae
3060 4908 3342 4974 sandalio,

162 4990 225 5042 ὑπ’
250 4993 607 5072 Ἀλεξάνδρου,
632 4999 779 5052 έλκει
804 4999 902 5069 τὴν
926 4998 1140 5069 κλῆσιν.
1182 4999 1269 5063 Ὦς
1297 5000 1509 5067 γένοιτο
1541 5002 1663 5061 παῖς

1771 5001 1915 5070 quod
1962 5000 2075 5055 illic
2121 5000 2404 5067 exciderit,
2440 4999 2566 5053 dum
2613 4998 2760 5053 illam
2811 4998 3122 5054 Alexander
3153 5013 3343 5069 ρει-εσυ

1380 5140 1616 5196 ΥΑΒΙᾹΞ
1650 5138 2056 5195 LECTIONES.

161 5251 538 5349 ..Ἶρῖξῖιξεῆεο
568 5348 587 5349 η
614 5260 661 5292 ³⁸
699 5258 1034 5349 eisi“???
1063 5277 1122 5349 ς·
1198 5261 1253 5349 1’.
1277 5260 1685 5349 ξῖειίνιξήσοθσα
1704 5278 1783 5349 Ξ·
1859 5256 2674 5349 ‘°“3V2‘51°“..A‘.*l*’.‘°1‘"""°‘
2707 5268 2768 5342 ς.·
2803 5324 2824 5349 .
2861 5254 3234 5349 ⁸ἱπαρθενὲξιη
3276 5254 3340 5349 Αε

159 5324 421 5463 afﬁgi":
443 5330 766 5457 Ἤεαῖσθᾱῖ
803 5324 1045 5455 fuit“
1072 5347 1110 5393 ς
1118 5368 1133 5382 -
1205 5328 1253 5360 ⁸⁸
1284 5324 1541 5385 ἴσχουσαν
1563 5334 1630 5385 Α.
1704 5332 1750 5362 ⁸⁸
1782 5347 1843 5383 τε
1881 5347 1987 5384 om.
2024 5324 2119 5383 A."
2165 5328 2210 5359 “
2237 5330 2332 5381 καὶ
2366 5324 2430 5381 οὗ
2464 5324 2669 5397 ἔγημεν
2696 5324 2859 5379 αὑτὸν
2887 5340 2973 5396 pr.
2996 5324 3062 5379 Α.
3134 5326 3178 5358 ⁸⁷
3213 5328 3346 5397 φασι

1637 5533 1869 5589 ΝΟΤᾸΞ.

214 5666 542 5760 ρίξξῌΝοξται
589 5687 641 5731 et
691 5677 862 5760 Dion.
895 5679 1109 5760 "1»an,
1164 5687 1425 5760 extremo,
1466 5679 1669 5760 addens
1982 5675 2259 5760 Legendus
2282 5640 2500 5760 Homer.
2529 5674 2689 5760 Ῑιὶαιί.
2714 5677 3341 5760 Εᾏθιιοξηείηιστρτειθε.

163 5744 400 5821 propterea
429 5744 685 5821 Senecam
722 5750 960 5803 libellum
990 5750 1064 5803 De
1091 5750 1245 5821 hujus
1268 5763 1438 5806 morte
1467 5752 1667 5804 ἀποκοο
1848 5744 1960 5821 (78)
1993 5744 2263 5821 (Homerus
2289 5749 2481 5821 Odyss.
2516 5753 2575 5821 Δ,
2607 5766 2747 5805 vers.
2780 5744 2905 5806 279:

161 5808 435 5867 ιοκύντωσιν
458 5817 813 5887 inscripsisse.
1157 5808 1174 5821 ’
1851 5808 1962 5887 (79)
1991 5820 2251 5873 Describit
2287 5808 2512 5883 Plinius,
2547 5808 2640 5873 lib.
2674 5838 2786 5887 xxi,
2817 5839 2939 5883 cap.
2972 5823 3036 5875 10
3064 5832 3115 5878 et
3142 5822 3235 5876 21.

397 5908 664 5971 Ρηιιοι..
694 5913 808 5973 Gn.
857 5910 1019 5972 Clll.
2264 5978 2265 5981 η
2864 5917 2933 5977 ἳυ
