3940 6408
624 398 731 462 {319
1775 390 2038 452 PIIOTII
2075 387 2582 449 PATRIARCHJE
2608 390 2717 450 CP.
3754 393 3845 459 620

623 505 829 576 quitur.
888 501 1182 559 Sustulisse
1218 500 1583 556 Alexandrum
1627 515 1695 555 ex
1741 500 1941 554 Helena
1997 497 2179 559 ﬁliam,

2292 494 2481 565 θήλεια
2509 496 2569 561 ἐξ
2622 495 2966 569 Ἀλεξάνδρου
3010 496 3221 567 Ἑλένῃ,
3276 497 3846 569 διαφιλονεικησάντων

620 604 848 662 ortaque
899 593 966 649 de
1028 592 1245 646 nomine
1299 594 1687 655 contentione,
1748 592 1895 647 illum
1968 589 2176 659 quidem

2292 587 2343 640 δὲ
2376 586 2505 657 περὶ
2542 590 2642 658 τῆς
2694 588 2944 659 κλήσεως
2970 590 3018 653 (ό
3049 589 3147 658 μὲν
3189 588 3298 659 γὰρ
3339 589 3722 662 Ἀλεξάνδραν,
3752 596 3787 662 ή
3814 597 3848 648 δ’

617 683 1006 748 Alexandram,
1057 682 1199 738 hanc
1246 696 1426 738 autem
1470 683 1725 737 Helenam
1777 682 2043 737 nominari
2094 695 2173 734 vo‘

2303 677 2522 749 Ἑλένην
2550 678 2836 748 ὀνομάζειν
2856 680 3055 749 ἠξίου),
3086 681 3215 749 νικᾷ
3247 679 3456 751 Ἑλένη,
3496 682 3850 752 ἀστραγάλοις

618 772 805 827 luisse.
854 771 1058 828 Vicisse
1095 773 1310 827 tandem
1356 772 1607 827 Helenam
1648 772 1880 826 talorum
1908 770 2056 838 jactu
2089 784 2174 823 su-

2293 766 2529 821 λαϐοὖσα
2559 768 2621 819 τὸ
2641 767 2829 839 κῦρος,
2870 771 2967 823 καὶ
3007 770 3041 840 ή
3094 772 3225 833 παῖς
3248 772 3317 841 τῇ
3353 773 3521 844 μητρὶ
3571 771 3849 843 ὁμώνυμος

618 865 908 935 periorem,
940 874 1103 933 atque
1141 865 1213 918 ita
1250 865 1415 918 ﬁliam
1460 863 1618 918 matri
1677 862 2057 930 cognominem
2102 860 2174 914 fa-

2293 858 2567 925 ὲγεγόνειο
2600 858 2807 929 ταύτην
2860 859 3222 930 ἀναιρεθῆναί
3270 877 3434 928 φασιν
3466 860 3571 915 ὑπὸ
3625 863 3849 935 Ἑκάϐης

620 966 760 1009 ctam
805 996 818 1009 .
850 968 1011 1025 quam
1058 957 1125 1010 ab
1160 956 1397 1020 Hecuba,
1441 966 1597 1023 capto
1621 952 1734 1021 jam
1766 952 1883 1014 llio,
1926 953 2176 1008 interem-

2294 952 2344 1003 ὲν
2377 953 2443 1020 τῇ
2498 950 2652 1004 Ἰλίου
2682 950 2905 1006 ἁλώσει.
2938 952 3060 1005 Ὅτι
3098 951 3207 1006 ἀπὸ
3240 951 3349 1005 τῶν
3390 952 3634 1006 Ἰλιακῶν
3663 954 3850 1023 ὀνομα-

616 1058 763 1116 ptam
818 1046 1016 1103 ferunt.
1058 1046 1140 1102 Ab
1187 1047 1365 1102 Iliacis
1424 1060 1595 1115 usque
1635 1044 2012 1114 temporibus,
2070 1043 2172 1108 ait,

2294 1045 2410 1095 σταὶ
2441 1042 2729 1111 γεγόνασιν
2766 1044 2996 1099 Ἐλέναισ
3030 1048 3063 1117 ή
3098 1046 3359 1115 Αἰγίσθου
3391 1047 3484 1101 καὶ
3505 1048 3850 1117 Κλυταιμνή-

616 1138 831 1192 Helena:
864 1138 1044 1193 multa;
1074 1153 1268 1193 nomen
1302 1147 1427 1193 sunt
1473 1146 1726 1192 mutuatae
1764 1154 1779 1192 :
1813 1144 1872 1190 ut
1901 1135 2095 1204 Egisti
2133 1145 2172 1189 el

2296 1151 2457 1201 στρας
2502 1136 2773 1206 Θυγάτηρ,
2808 1137 2875 1207 ἢν
2904 1137 3115 1191 ἀνεῖλεν
3159 1137 3442 1208 Ὀρέστης,
3478 1138 3572 1192 καὶ
3604 1139 3639 1208 ἡ
3681 1138 3852 1191 διακο-

614 1231 1024 1301 Clytemnestrae
1073 1231 1200 1295 ﬁlia,
1251 1232 1316 1285 ab
1354 1229 1546 1285 Oreste
1590 1230 1913 1297 interfecta;
1962 1226 2170 1282 Veneri:

2296 1225 2498 1294 νήσασα
2561 1225 2847 1297 Ἀφροδίτῃ
2889 1228 2946 1280 ὲν
2986 1231 3052 1299 τῇ
3104 1229 3241 1300 πρὸς
3306 1229 3535 1283 Ἀδωνιν
3581 1230 3852 1301 όμιλίᾳ,ἡ

612 1322 743 1376 item
774 1324 827 1375 in
859 1337 1152 1392 congressu
1196 1338 1317 1376 cum
1353 1320 1611 1376 Aduuide
1634 1322 1906 1387 ministra,
1926 1319 2168 1390 Epidam-

2300 1316 2652 1386 Ἐπιδαμνίου
2677 1319 2723 1352 δ’
2758 1319 3022 1391 θυγάτηρ,
3056 1322 3123 1393 ἥν
3188 1322 3527 1391 Ἐπιδάμνιοι
3556 1326 3614 1377 ὲν
3659 1324 3853 1392 Ἀφροο

612 1416 686 1469 nii
712 1415 841 1480 ﬁlia,
868 1426 922 1469 et
960 1416 1028 1470 ab
1069 1414 1385 1485 Epidauniis
1413 1414 1641 1470 Veneris
1676 1416 1843 1485 ﬁgura
1892 1414 2062 1476 culta,
2104 1410 2168 1464 di-

2298 1404 2437 1475 Ξίτης
2469 1409 2711 1480 σχήματι
2729 1412 2951 1481 τιμῶσι,
2981 1414 3241 1483 χρήματα
3266 1414 3629 1485 λιμώττουσιν
3651 1415 3854 1468 ἐπιδοῦ-

610 1508 773 1561 vitias
802 1507 1134 1561 inhiantibus
1167 1507 1433 1577 largiens;
1481 1504 1721 1560 Faustuli
1756 1514 2014 1575 prazterea
2043 1502 2166 1555 illius

2299 1515 2385 1551 ταν
2405 1499 2476 1563 ⁵ο,
2510 1502 2603 1554 καὶ
2650 1505 2683 1572 ή
2716 1504 3015 1557 Φαιστύλου
3055 1506 3304 1577 Θυγάτηρ
3347 1507 3440 1560 τοῦ
3474 1507 3855 1578 ἀναθρεψαμέ-

610 1596 743 1659 ﬁlia,
775 1598 867 1665 qui
898 1596 1127 1651 Romum
1160 1606 1214 1651 et
1245 1596 1529 1652 Romulum
1559 1597 1900 1651 educandum
1933 1592 2166 1648 curavit:

2298 1605 2376 1641 μου
2446 1588 2659 1660 Ῥῶμον
2712 1594 2805 1644 καὶ
2876 1592 3173 1661 Ῥωμύλον.
3205 1596 3315 1649 Καὶ
3364 1598 3398 1665 ή
3449 1600 3597 1668 τρεῖς
3640 1598 3854 1669 ἐρίφους

611 1697 670 1739 ut
720 1695 776 1740 et
810 1685 901 1739 illa
952 1694 1035 1739 est
1064 1683 1265 1739 Helena
1295 1684 1584 1754 appellata,
1620 1698 1741 1751 qum
1768 1690 1949 1735 ternos
1991 1681 2167 1734 edebat

2297 1680 2536 1735 ἐσθίουσα
2565 1682 2688 1736 καθ’
2728 1685 2941 1755 ἡμέραν
2982 1686 3168 1758 Ἑλένη
3206 1687 3473 1754 ἐκαλεῖτο,
3518 1689 3613 1743 καὶ
3639 1690 3676 1758 ή
3703 1688 3753 1720 ³¹
3781 1691 3853 1741 Δι-

608 1778 849 1846 quotidie
900 1777 1104 1831 haedos.
1138 1775 1434 1830 Dicaearchi
1481 1788 1697 1845 quoque
1734 1772 1965 1827 Telesini
2000 1786 2164 1827 soror,

2296 1772 2550 1843 »ιαιάρχου
2612 1773 2708 1828 τοῦ
2760 1775 3043 1831 Τελεσίνου
3064 1779 3113 1809 δ’
3161 1780 3389 1850 ἀδελφὴ,
3448 1778 3710 1852 [4813]
3773 1782 3852 1833 καί

608 1872 834 1941 aliaeque
865 1870 1189 1933 octodecim,
1223 1869 1276 1921 in
1320 1868 1517 1938 quibus
1550 1876 1605 1921 et
1645 1881 1709 1921 ea
1768 1864 2003 1920 Homero
2033 1866 2164 1918 anti-

2295 1835 2879 1932 Erspai‘dxthaioexa,
2911 1862 2987 1921 ὧν
3017 1870 3170 1940 καὶὴ
3203 1835 3316 1940 πρὸ.
3355 1835 3600 1941 ιὸμῖήρου
3646 1835 3851 1941 ⁸Ιξλένη,

608 1967 769 2033 quior
790 1963 992 2018 Helena
1015 1970 1117 2025 est,
1144 1976 1263 2029 quae
1284 1960 1483 2015 bellum
1508 1957 1805 2026 Trojanum
1832 1956 2164 2025 conscripsit,

2296 1954 2427 2024 ήτὸν
2462 1956 2691 2009 Ἰλιακὸν
2713 1960 3146 2032 συγγραψαμένη
3172 1962 3429 2032 πόλεμον,
3460 1963 3746 2016 Μουσαίου
3774 1962 3852 2017 τοῦ

606 2056 794 2111 Musaei
824 2053 1173 2109 Atheniensis
1198 2052 1304 2106 ﬁlia
1335 2070 1348 2106 :
1377 2066 1407 2106 a
1435 2066 1544 2122 qua
1568 2062 1621 2105 et
1647 2049 1912 2109 Homerus
1935 2047 2048 2118 (80)
2083 2063 2162 2102 ac-

2294 2044 2574 2114 Ἀθηναίου
2619 2046 2867 2119 θυγάτηρ
2922 2051 3223 2121 γενομένη*
3257 2053 3386 2123 παρ’
3419 2047 3485 2123 ἦς
3537 2052 3633 2104 καὶ
3673 2051 3850 2121 Ὅμη-

606 2149 817 2216 cepisse
849 2153 1221 2214 argumentum
1253 2144 1509 2209 creditur,
1544 2152 1600 2197 et
1649 2141 1939 2211 bilinguem
1976 2154 2162 2208 agnun:

2294 2155 2373 2190 nov
2414 2138 2630 2207 Μγεται
2660 2140 2844 2195 λαϐεῖν
2865 2144 2960 2212 τὴν
2983 2144 3030 2175 ⁵³
3062 2145 3321 2198 ὑπόθεσιν
3342 2161 3357 2175 ο
3408 2146 3475 2215 ἣν
3516 2144 3611 2199 καὶ
3647 2144 3850 2214 κτήσα-

606 2234 1142 2307 possedisse.-Tityri
1179 2234 1398 2302 insuper
1423 2232 1590 2287 Α]ιοιὶ
1619 2232 1749 2297 lilia,
1775 2245 1894 2299 qua:
1920 2230 2160 2297 singular

2292 2226 2405 2279 ςθαι
2438 2228 2498 2280 τὸ
2524 2228 2819 2298 δίγλωσσον
2850 2232 3036 2302 ἀρνίον
3056 2249 3070 2263 ·
3109 2235 3202 2287 καὶ
3224 2236 3257 2305 ἡ
3291 2235 3526 2309 Τιτύρου
3549 2231 3650 2287 τοῦ
3672 2236 3848 2288 Aluu-

607 2324 870 2377 Achillem
902 2324 1196 2378 certamine
1225 2336 1546 2392 provocans,
1582 2320 1717 2375 laasit
1757 2320 1970 2388 quidem
2004 2320 2153 2372 illum

2296 2318 2373 2371 ιοῦ
2399 2319 2669 2393 θυγάτηρ,
2709 2324 2829 2395 ἥτις
2868 2326 2947 2389 είς
2996 2327 3334 2397 μονομαχίαν
3375 2328 3625 2397 ’Δχιλλέα
3650 2345 3852 2398 προκα-

608 2416 817 2469 inﬂicto
845 2415 1056 2468 mortali
1093 2430 1229 2483 pene
1262 2414 1558 2468 secundum
1600 2424 1760 2480 caput
1790 2411 2032 2476 vulnere,
2084 2426 2164 2465 set

2295 2410 2551 2482 ιεσαμένη
2571 2412 2618 2443 ⁸⁸
2668 2414 2875 2466 ἐκεῖνον
2937 2415 3036 2484 μὲν
3090 2417 3230 2469 κατά
3261 2419 3362 2487 τῆς
3416 2418 3664 2487 κεφαλῆς
3694 2420 3851 2487 ἐγγὺς

608 2508 722 2578 ipsa
756 2508 1028 2562 occubuit.
1064 2506 1262 2560 Helena
1308 2520 1524 2574 quoque
1558 2504 1611 2557 in
1650 2505 1791 2558 hunc
1831 2516 2052 2555 censum
2094 2516 2164 2555 rei

2296 2501 2514 2556 ὶανατου
2572 2502 2849 2575 τραύματι
2876 2507 2922 2539 ⁸⁸
2968 2506 3224 2578 ἔτρωσεν,
3268 2508 3407 2579 αὐτή
3459 2509 3505 2563 δ’
3547 2510 3643 2563 ὑπ’
3692 2510 3852 2563 αὐτοῦ

607 2598 784 2653 fertur
813 2598 900 2652 illa
948 2598 1200 2668 pingendi
1250 2598 1449 2666 perita,
1480 2594 1724 2649 Timonis
1771 2592 2013 2663 Egyptii
2046 2593 2151 2646 ﬁlia

2297 2595 2566 2667 ἱινῄρηται.
2602 2598 2715 2650 Καὶ
2764 2599 2798 2669 ή
2830 2597 3117 2670 ζωγράφος
3170 2600 3359 2670 Ἑλένη
3412 2600 3507 2654 τοῦ
3549 2602 3853 2671 καταλόγου

608 2706 729 2761 qua:
758 2690 870 2744 suis
901 2689 1230 2759 temporibus
1273 2698 1481 2758 gestum
1532 2686 1753 2741 lssicum
1793 2685 1988 2740 bellum
2032 2684 2164 2754 peni

2299 2687 2397 2740 ιστὶ
2420 2686 2633 2753 τούτου,
2687 2687 2935 2760 Τίμωνος
2973 2691 3068 2744 τοῦ
3106 2692 3405 2759 Αἰγυπτίου
3435 2692 3711 2764 θυγάτηρ,
3744 2694 3855 2763 ἧτις

607 2782 732 2837 cillo
764 2782 955 2851 pinxit,
985 2790 1038 2834 et
1087 2780 1142 2833 in
1170 2779 1326 2833 Pacis
1361 2777 1559 2842 templo
1588 2794 1616 2830 a
1648 2775 1982 2845 Vespasiano
2017 2775 2163 2842 impe

2296 2778 2377 2849 ιὴν
2407 2781 2467 2833 ὲν
2488 2781 2536 2812 ⁸⁸
2604 2780 2759 2851 Ἰσσῷ
2821 2782 3023 2852 μάχην,
3071 2784 3131 2836 ὲν
3179 2784 3409 2847 ἐκείνοις
3456 2784 3791 2854 ἀκμάζουσα
3815 2786 3852 2816 ⁸⁷

608 2886 790 2929 ratore
843 2873 1103 2927 collocata
1158 2872 1366 2942 pictura
1404 2879 1507 2925 est.
1541 2869 1838 2924 Archelaus
1886 2883 2050 2937 porro
2079 2868 2164 2938 Cy‘

2297 2874 2391 2933 τοῖς
2422 2870 2655 2942 χρόνοις,
2680 2873 2916 2944 ἔγραψεο
2958 2874 3054 2928 καὶ
3092 2876 3154 2928 ὲν
3182 2875 3260 2946 τῷ
3291 2876 3391 2945 τῆς
3422 2876 3669 2947 Εἰρήνης
3694 2878 3853 2946 τεμέ-

607 2966 796 3035 prius,
847 2962 1141 3018 Stesichori
1196 2973 1364 3031 poetae
1425 2962 1653 3015 amicam
1712 2959 1873 3014 unice
1929 2960 2163 3013 dilectan

2284 2978 2359 3013 νει
2386 2962 2477 3013 ἐπὶ
2510 2962 2922 3017 Οὐεσπασιανοῦ
2948 2963 3196 3018 ἀνέκειτο
3240 2967 3273 3035 ή
3298 2967 3506 3036 γραφή.
3546 2966 3840 3037 Ἀρχέλαος

607 3054 775 3109 fuisse
804 3053 880 3107 ait
912 3051 1167 3106 Helenam
1227 3048 1559 3119 quamdam,
1589 3045 1813 3115 Micythi
1875 3043 2039 3098 tiliam
2076 3062 2090 3099 :
2128 3058 2159 3097 e

2299 3050 2340 3103 se
2367 3053 2395 3104 ὁ
2429 3051 2677 3125 Κύπριος
2705 3054 3036 3124 Στησιχόρου
3068 3054 3201 3124 φησὶ
3244 3054 3339 3108 τοῦ
3368 3056 3593 3125 ποιητοῦ
3634 3057 3855 3127 Ἑλένην

609 3146 925 3200 discessisse
944 3143 1084 3197 hanc
1119 3157 1148 3195 a
1180 3141 1518 3206 Stesichoro,
1546 3147 1707 3208 atque
1740 3136 1807 3191 ad
1836 3135 2099 3207 Bupalum
2122 3150 2165 3189 St

2298 3139 2571 3213 Ἱμεραίαν
2602 3144 2885 3213 ἐρωμένην
2920 3144 3210 3213 γενέσθαι,
3259 3147 3503 3200 Μικύθου
3540 3147 3852 3219 θυγατέρα·

609 3236 904 3292 contulisse
933 3254 946 3288 :
982 3237 1174 3288 iratum
1201 3248 1331 3304 ergo
1364 3234 1488 3287 hinc
1512 3233 1591 3286 sui
1624 3240 1936 3300 contemptu
1966 3237 2160 3297 poetan

2294 3233 2599 3286 ἀποστᾶσαν
2628 3233 2687 3286 δὲ
2723 3235 3052 3305 Στησιχόρου
3102 3237 3197 3289 καὶ
3250 3237 3388 3308 πρὸς
3420 3237 3702 3291 Βούπαλον
3763 3257 3850 3291 πο·

611 3330 893 3398 scripsisse
925 3325 1189 3399 [carmen]
1218 3344 1231 3379 :
1262 3324 1460 3378 Helena
1490 3321 1664 3377 volens
1688 3322 1944 3375 discessit.
1969 3318 2167 3374 Falsau

2298 3322 2568 3389 οευθεῖσαν
2617 3326 2955 3395 ἀμυνόμενον
3005 3327 3105 3396 τῆς
3164 3328 3468 3397 ὑπεροψίας
3500 3329 3594 3381 τὸν
3626 3331 3854 3400 ποιητὴν

610 3432 788 3475 autem
837 3434 956 3473 esse
1008 3419 1120 3471 vult
1165 3417 1523 3471 narrationem
1580 3414 1728 3469 illam
1778 3413 1845 3467 de
1872 3412 2166 3467 Stesichori

2300 3414 2489 3483 γράψαι
2514 3415 2589 3478 ώς
2616 3417 2661 3447 ⁸⁸
2699 3415 2913 3485 Ἑλένη
2948 3417 3177 3471 ἑκοῦσα
3207 3418 3409 3486 ἀπῆρε
3430 3433 3446 3449 ο
3478 3419 3651 3490 ψευδῆ
3678 3421 3742 3473 δὲ
3775 3422 3856 3472 τὸν

610 3525 886 3568 excaacato
916 3510 1050 3581 (81).
1098 3509 1174 3564 De
1220 3509 1362 3580 moly
1399 3508 1513 3578 (82)
1566 3507 1756 3561 deinde
1830 3506 1995 3559 herba
2045 3518 2166 3571 aput

2292 3505 2410 3574 περὶ
2468 3505 2566 3575 τῆς
2625 3506 2929 3577 πηρώσεως
2974 3502 3113 3561 εἶναι
3170 3509 3348 3576 λόγον.
3400 3511 3537 3579 Περὶ
3568 3510 3664 3563 τοῦ
3720 3512 3848 3580 παρ’

612 3606 904 3660 Homerum
932 3604 1062 3673 agit,
1090 3617 1249 3671 quam
1274 3616 1304 3656 e
1332 3601 1593 3669 sanguine
1621 3597 1886 3652 interfecti
1922 3596 1974 3649 in
1997 3595 2168 3649 Circe:

2292 3597 2518 3667 Ὁμήρῳ
2552 3597 2763 3667 μώλυος
2782 3600 2879 3669 τῆς
2906 3599 3157 3671 βοτάνης,
3189 3603 3257 3671 ἢν
3283 3603 3348 3654 ἐκ
3368 3602 3460 3655 τοῦ
3490 3604 3731 3672 αἵματος
3757 3603 3847 3656 τοῦ

612 3699 785 3751 insula
823 3695 1056 3765 gigantis
1075 3703 1289 3748 enatam
1326 3691 1527 3755 ferunt,
1556 3689 1865 3757 habereqne
1893 3686 2168 3740 candidum

2295 3687 2659 3758 Ξιναιρεθέντος
2690 3691 2747 3743 ὲν
2780 3693 2846 3761 τῇ
2891 3691 3105 3761 Κίρκης
3140 3694 3288 3762 νήσῳ
3338 3692 3601 3761 Γίγαντος
3632 3693 3851 3761 λέγουσι

612 3787 797 3841 ﬂorent
821 3803 836 3855 ;
856 3786 1042 3841 Circes
1064 3792 1241 3839 autem
1270 3785 1322 3838 in
1347 3797 1525 3852 pugna
1547 3781 1752 3836 socium
1781 3779 1987 3843 Solent,
2014 3779 2168 3831 etiam

2295 3778 2464 3847 ρῦναι,
2506 3779 2541 3849 ἧ
2572 3780 2666 3832 καὶ
2701 3779 2762 3832 τὸ
2785 3780 2942 3843 ἄνθος
2979 3782 3091 3849 ἔχει
3121 3781 3311 3834 λευκόν
3333 3798 3346 3811 ·
3376 3782 3459 3835 ὅτι
3495 3784 3523 3835 ό
3546 3784 3851 3852 συμμαχῶν

615 3879 806 3949 150a
864 3878 1128 3947 gigantem
1198 3872 1577 3935 interemisse,
1632 3882 1793 3940 atque
1842 3870 1986 3931 inde,
2037 3869 2171 3938 quod

2294 3873 2343 3941 τῇ
2371 3872 2552 3941 Κίρκῃ
2584 3872 2679 3925 καὶ
2700 3871 2903 3925 ἀνελὼν
2932 3872 3022 3925 τὸν
3054 3874 3091 3924 Γ
3099 3874 3291 3939 ἰγαντα
3320 3875 3349 3927 ὁ
3381 3874 3573 3937 Ἥλιος
3595 3872 3663 3945 ἦν
3692 3890 3705 3904 ⁸
3738 3878 3850 3946 μῶ-

614 3970 790 4041 μῶλος
848 3984 1075 4038 pugnam
1115 3966 1403 4036 signiﬁcet,
1440 3965 1669 4018 inditum
1721 3963 1899 4016 herbae
1959 3976 2170 4015 nomen.

2290 3971 2366 4025 to;
2392 3963 2438 4015 δ’
2468 3965 2501 4034 ἡ
2536 3965 2704 4034 μάχη,
2742 3966 2799 4032 ἐξ
2826 3960 2887 4018 οὗ
2930 3968 3025 4019 καὶ
3050 3968 3081 4035 ἡ
3132 3965 3354 4036 βοτάνη,
3407 3967 3497 4031 Ὦς
3526 3968 3784 4033 Διόνυσος
3805 3970 3846 4000 ⁸³

611 4062 797 4117 Refert
828 4075 1041 4130 quoque
1084 4058 1394 4128 Dionysium
1418 4056 1583 4110 fuisse
1610 4055 1863 4111 Chironis
1891 4052 2167 4115 amasium,

2289 4055 2551 4125 ἐρώμενος
2579 4045 2957 4127 Χείρωνος,’ἐξ
2985 4052 3045 4111 οὗ
3068 4061 3161 4111 καὶ
3196 4058 3355 4127 μάθοι
3374 4058 3503 4120 τούς
3534 4077 3593 4113 τε
3627 4060 3845 4130 κώμους

609 4166 664 4208 et
702 4154 771 4207 ab
803 4156 987 4206 eodem
1021 4151 1460 4214 comessationes,
1488 4147 1977 4214 bacchationesque
1997 4160 2060 4199 ac
2089 4158 2165 4198 sa-

2290 4146 2371 4198 ιαὶ
2402 4146 2499 4207 τὰς
2539 4144 2798 4215 βακχείας
2851 4148 2945 4199 καὶ
3008 4148 3109 4209 τὰς
3172 4148 3414 4210 τελετάς.
3466 4149 3601 4216 Περὶ
3642 4149 3740 4202 τοῦ
3791 4152 3846 4201 ἐν

610 4246 814 4298 criﬁcia
845 4244 1116 4297 didicisse.
1146 4242 1217 4295 De
1241 4241 1599 4312 Myrtillornm
1635 4239 1750 4308 (85)
1783 4238 1951 4306 patris
1978 4252 2040 4290 ac
2079 4236 2166 4289 ﬁlii

2290 4235 2564 4305 Ὀλυμπίᾳ
2590 4237 2943 4306 Ταραξίππου
2964 4237 3058 4290 καὶ⁵
3088 4239 3131 4270 ⁸ο
3152 4238 3260 4291 τῶν
3289 4239 3613 4309 Μυρτίλλων
3636 4241 3842 4309 πατρὸς

607 4333 912 4401 Taraxippo
943 4332 994 4385 in
1026 4332 1292 4402 Olympia.
1353 4330 1536 4384 Solqu
1582 4330 1711 4382 itetn
1766 4326 2163 4395 Neoptolemum

2285 4332 2371 4383 καὶ
2399 4331 2606 4394 παιδός.
2646 4332 2769 4385 Ὅτι
2806 4333 2892 4386 τὸν
2920 4333 3025 4385 ὑπὸ
3070 4333 3359 4404 Φημονόης
3388 4336 3635 4403 χρησμὸν
3689 4335 3841 4403 μόνον

608 4425 888 4479 Maciotent
924 4423 1032 4494 (84)
1065 4423 1341 4477 oraculum
1375 4420 1712 4475 Pltetnonocs
1744 4419 1811 4472 ab
1837 4417 2002 4473 [Etho
2023 4457 2038 4481 ,
2066 4433 2164 4469 uno

2285 4422 2650 4492 Νεοπτόλεμον
2687 4426 2778 4476 τὸν
2815 4424 3115 4493 Μακιώτην
3170 4424 3321 4495 παρά
3354 4425 3519 4478 Αῐθου
3548 4424 3695 4487 τινος
3732 4426 3841 4476 τῶν

606 4528 637 4567 c
670 4514 930 4567 fratribus
975 4514 1246 4566 audivisse
1292 4514 1465 4575 aiunt,
1500 4526 1563 4564 ac
1594 4512 1659 4563 de
1704 4510 1805 4563 hoc
1835 4508 2003 4562 Aﬂtho
2033 4509 2162 4561 libro

2284 4513 2490 4581 Δελφῶν
2511 4516 2553 4546 ⁸³
2601 4514 2828 4568 ἀκοῦσαί
2917 4533 3087 4584 φασι·
3151 4517 3282 4586 περὶ
3348 4516 3542 4568 τούτου
3615 4516 3672 4567 δὲ
3747 4516 3840 4568 τοῦ

605 4606 780 4675 primo
818 4603 1177 4658 Historiarum
1205 4603 1534 4657 Herodotum
1570 4602 1787 4654 dicere:
1817 4598 1938 4653 Etsi
1982 4616 2161 4652 nomen

2285 4606 2433 4657 λίθου
2474 4608 2567 4659 καὶ
2610 4607 2887 4677 Ἡρόδοτός
2924 4626 3088 4679 φησιν
3109 4610 3229 4641 ⁶²·⁶³
3255 4610 3379 4681 [249
3424 4608 3516 4679 IL]
3546 4610 3605 4660 ὲν
3648 4608 3841 4676 πρώτῃ

604 4697 718 4766 ejus
766 4698 893 4750 mihi
925 4705 1125 4761 notum,
1164 4711 1265 4748 non
1302 4706 1475 4746 tamen
1507 4698 1827 4745 memorabo.
1864 4692 1941 4746 De
1974 4690 2160 4758 duplici

2285 4698 2525 4767 μστοριῶν
2548 4700 2626 4751 ὅτι
2650 4700 2835 4763 Εἰδὼς
2870 4701 3059 4754 αὐτοῦ
3095 4701 3161 4753 τὸ
3205 4701 3422 4769 ὄνομα,
3455 4703 3568 4753 οὐκ
3592 4701 3841 4766 ἐπιμνη-

604 4790 743 4860 apud
792 4789 1081 4843 Homerum
1148 4787 1529 4856 appellatione,
1599 4785 1771 4838 altera
1832 4783 1970 4853 apud
2021 4783 2160 4842 deos1

2286 4790 2599 4858 ποήσομαι.
2632 4792 2768 4861 Περὶ⁵
2792 4792 2890 4861 τῆς
2920 4792 3051 4861 παρ’
3097 4793 3321 4863 Ὁμήρῳ
3359 4792 3655 4863 διωνυμίας
3695 4809 3842 4861 παρα

604 4882 771 4935 altera
806 4881 1049 4933 homines
1072 4878 1321 4947 quodque
1350 4876 1598 4930 Xanthus
1616 4876 1764 4931 solus
1786 4875 1925 4928 inter
1956 4873 2160 4926 ﬂumina

2285 4877 2416 4941 leui;
2443 4881 2540 4932 καὶ
2561 4879 2891 4949 ἀνθρώποις,
2913 4883 3007 4933 καὶ
3039 4882 3120 4935 ὅτι
3150 4881 3350 4944 Ξάνθος
3381 4882 3543 4950 μόνος
3582 4884 3841 4950 ποταμῶν

606 4974 770 5029 luerit
792 4972 942 5027 Jovis
971 4971 1131 5025 ﬁlius.
1167 4970 1243 5025 De
1273 4971 1396 5025 aliis
1423 4972 1549 5023 item
1575 4967 1775 5038 duplici
1803 4966 2047 5037 prmditis
2076 4981 2162 5019 no-

2289 4970 2395 5034 no;
2446 4971 2580 5037 υἱὸς,
2638 4973 2732 5026 καὶ
2772 4976 2900 5045 περὶ
2938 4974 3113 5028 ἄλλων
3164 4975 3471 5046 διωνύμων.
3518 4975 3631 5029 Καὶ
3666 4975 3739 5039 ὡς
3780 4974 3845 5027 ὲν

1872 5126 2106 5183 VARUE
2132 5130 2536 5187 LECTIONES.

674 5250 717 5282 ⁸ο
756 5247 1082 5300 Ἑπιδαύνιοι
1120 5262 1180 5307 ς.
1256 5244 1301 5276 ⁸ο
1328 5240 1667 5316 ὲπιδιδοῢσαν
1695 5256 1756 5316 ς,
1792 5309 1804 5316 _
1840 5238 1882 5269 ⁸¹
2004 5243 2125 5316 add.
2273 5313 2283 5316 _
2316 5245 2361 5316 ⁸7⁸
2399 5242 2702 5316 τελεστίνου
2733 5261 2795 5308 ς.
2871 5245 2931 5316 ίὲ³
2952 5244 3048 5315 τὴν
3073 5254 3126 5299 et
3146 5246 3213 5316 ἢν
3259 5244 3383 5298 add.
3427 5245 3491 5296 A.
3522 5313 3532 5316 Α
3568 5243 3617 5275 ⁵⁸
3667 5260 3841 5316 μετα-

602 5318 945 5386 καλεσαμένη
975 5333 1034 5379 ς.
1106 5315 1152 5386 ’ξ’
1179 5314 1519 5386 τραυματίαν
1552 5329 1613 5386 ς.
1634 5380 1673 5386 η
1713 5310 1759 5343 ⁵⁸
1789 5309 1846 5359 ὲν
1873 5311 1995 5386 add.
2025 5315 2088 5365 A.
2165 5314 2209 5345 ⁸⁷
2233 5313 2351 5368 libri
2407 5314 2778 5382 ἀκμάζουσαν.
2867 5315 2913 5347 ⁵⁸
2936 5309 3017 5378 ὡς’
3041 5309 3179 5369 add:
3209 5316 3274 5367 A.
3374 5317 3420 5346 “9
3451 5309 3725 5376 διόνυσσος
3764 5314 3841 5368 Α.

603 5393 648 5423 ⁶⁶
686 5390 783 5443 καὶ
804 5380 1014 5440 υυάίΑ.
1088 5385 1131 5416 ⁶¹
1162 5380 1403 5454 ἀδελφῶν
1427 5401 1487 5446 ς.
1556 5380 1674 5414 ⁶²·⁶³
1699 5396 1861 5449 φασιν
1892 5380 1959 5433 Α.

2137 5471 2363 5529 NOTAE.

674 5602 1055 5679 (80)__Similem
1089 5602 1233 5672 leges
1278 5610 1485 5658 narrat.
1519 5598 1645 5656 infr.
1698 5598 1753 5654 in
1786 5596 2069 5666 Excerptis
2096 5610 2160 5652 ex
2344 5600 2459 5679 (n83)
2484 5597 2639 5679 Hom.
2666 5599 2856 5679 ijss.
2888 5596 2953 5653 K.
2994 5597 3207 5679 νίηςῦοί,
3244 5607 3298 5650 et
3321 5596 3437 5665 ejus
3465 5598 3736 5679 interpret.

600 5664 1063 5743 liblv'Hephaast.
1141 5664 1169 5672 ”
1374 5742 1377 5743 ν
1599 5737 1657 5743 __
1798 5740 1809 5743 _
1923 5664 1978 5743 ,λ
2066 5739 2076 5743 Α
2276 5739 2303 5743 _
2340 5670 2449 5737 (83)
2499 5669 2641 5739 Lege
2698 5664 2929 5724 Pausan.
3009 5668 3181 5721 Eliac.
3245 5664 3506 5738 tt,’pag.
3565 5664 3665 5720 199
3700 5668 3836 5721 edit.

669 5746 782 5830 (ξε)
820 5737 980 5816 supr.
1013 5752 1215 5801 narrat.
1244 5743 1329 5811 l8,
1358 5742 1563 5801 Conon.
1599 5737 1752 5798 Plato
1796 5740 1850 5794 in
1910 5738 2158 5806 l’hwdro,
2266 5739 2524 5830 (legitimi;
2856 5809 2894 5830 ἡ
3143 5808 3200 5830 m
3285 5814 3294 5821 .

598 5828 653 5875 et
675 5807 794 5875 alii.
897 5807 915 5816 ’
1315 5807 1323 5811 ’
2337 5810 2447 5882 (ὃῖί)
2483 5809 2559 5865 De
2583 5810 2681 5864 hac
2702 5822 2825 5865 vate
2856 5809 3084 5864 Pansan.
3132 5808 3358 5862 Phociaa
3400 5824 3506 5864 non
3536 5807 3714 5861 semel.
