4038 6448
633 448 736 510 623

1776 446 2039 506 PIIOTII
2079 445 2578 508 PATRIABCHE
2616 448 2723 507 (ΣΡ.

3744 480 3747 481 ν
3789 442 3883 506 624

634 563 873 627 emersit,
916 570 971 616 et
1021 559 1267 630 sepulcro
1323 560 1624 630 appositum
1666 561 1931 630 postridie
1983 561 2205 616 fulmine

2312 563 2380 631 τῷ
2402 563 2557 633 τάφῳ
2587 567 2653 635 τῇ
2702 562 2962 633 ἐπαύριον
2985 522 3353 633 ἐκεραυνώθη.
3406 560 3504 624 Ὦς
3540 561 3570 613 ό
3614 558 3881 630 Ἡρακλῆς

633 664 715 711 est
763 655 949 709 ictum.
1000 651 1284 706 Herculem
1336 668 1441 705 non
1492 651 1719 705 Nemezei
1780 652 1949 705 leonis
2011 652 2200 718 pellem

636 758 878 820 gestasse
907 747 1002 812 ait,
1038 746 1132 800 sed
1163 745 1360 798 Leonis
1416 746 1695 813 cujusdam
1737 760 1766 798 e
1796 747 2067 813 gigantum
2100 759 2199 797 nu-

637 855 819 895 mero:
855 840 926 895 ob
967 847 1315 910 provocatum
1348 836 1415 890 ad
1448 836 1721 906 singulare
1745 846 2017 890 certamen
2067 834 2203 889 Her-

636 930 810 986 culem
884 931 952 984 ab
1011 930 1198 984 eodem
1248 928 1627 996 interemptum
1673 944 1688 980 :
1740 936 1796 981 et
1844 941 2008 980 aurea
2064 927 2200 980 mala

638 1022 946 1078 custodiens
977 1021 1165 1087 draco,
1206 1021 1302 1082 ait,
1344 1019 1564 1073 fratrem
1603 1020 1788 1072 habuit
1812 1020 2017 1073 leonem
2054 1018 2201 1071 illum

638 1114 964 1169 Nemeaeum.
998 1112 1120 1167 Irus
1149 1116 1286 1182 apud
1314 1110 1608 1165 Homerum
1637 1110 1877 1166 Boeotius
1910 1110 2029 1164 fuit.
2061 1110 2202 1164 Can-

639 1205 811 1260 daulze
834 1205 1139 1275 conjugem,
1170 1203 1323 1270 cujus
1352 1202 1659 1257 Herodotus
1704 1202 1814 1271 (92)
1846 1217 2038 1256 nomen
2071 1202 2201 1255 reti-

637 1308 747 1362 cet,
778 1299 974 1353 dictam
1016 1312 1138 1353 esse
1172 1295 1440 1364 Nyssiam.
1468 1293 1597 1347 Eam
1640 1302 1693 1347 et
1736 1294 1931 1362 duplici
1982 1291 2200 1363 pupilla,

636 1400 691 1443 et
717 1386 1013 1443 acutissimi
1042 1386 1153 1459 (93)
1193 1386 1340 1440 visus
1364 1385 1549 1449 fuisse,
1576 1384 1722 1454 quod
1746 1386 2098 1439 dracontitem
2128 1384 2204 1437 la-

636 1480 814 1549 pidem
871 1489 1149 1546 gestaret:
1189 1486 1246 1531 ut
1282 1490 1379 1546 per
1420 1476 1562 1545 ipsas
1606 1477 1769 1530 etiam
1806 1474 1948 1529 fores
1994 1474 2199 1545 Gygen,

638 1570 704 1623 ad
744 1568 1120 1639 inquirendum
1153 1581 1451 1637 egressum,
1491 1566 1706 1620 viderit.
1757 1565 1983 1631 Quidam
2024 1574 2201 1619 tamen

638 1661 807 1729 ipsam
841 1658 1049 1713 Tudum
1078 1659 1274 1713 dictam
1300 1658 1509 1725 volunt,
1533 1659 1621 1713 alii
1653 1658 1902 1729 Clytiam.
1930 1659 2072 1711 Abas
2102 1672 2202 1711 au-

639 1761 744 1806 tem
758 1750 903 1805 Abro
930 1759 1290 1819 nuncupatam
1318 1751 1502 1806 tradit.
1527 1751 1650 1805 Ideo
1692 1764 1821 1804 vero
1847 1750 1961 1817 ejus
1990 1749 2203 1804 feminae

637 1858 828 1899 nomen
859 1842 925 1896 ab
954 1840 1226 1897 Herodoto
1276 1842 1491 1897 silentio
1545 1857 1791 1912 pressum
1837 1843 2022 1905 aiunt,
2057 1841 2198 1911 quod

2302 657 2423 725 οὐχ).
2452 656 2511 708 τὸ
2536 655 2630 708 τού
2654 657 2928 726 Νεμεαίου
2951 655 3161 716 λέοντος
3194 654 3352 724 δέρας
3368 652 3728 723 ἠμπίσχετο,
3760 652 3885 705 ἀλλὰ

2301 747 2529 810 Λέοντός
2557 765 2700 811 τινος
2748 749 2865 809 ἐνὸς
2920 747 3028 799 τῶν
3072 748 3366 814 Γιγάντων,
3418 745 3522 796 ἐπὶ
3557 744 3882 813 μονομαχίας

2304 836 2668 907 προκλήσειτδ
2712 837 2803 905 ὑφ’
2842 834 3171 905 Ἡρακλέους
3219 830 3606 902 ἀνῃρημένου.
3645 827 3881 900 [25011.]

2314 928 2403 991 Ὦς
2430 927 2659 994 ἀδελφὸς
2688 921 2756 997 ἦν
2784 927 2812 978 ὁ
2836 926 3049 996 δράκων
3088 924 3116 975 ό
3139 923 3205 975 τὰ
3251 923 3439 992 χρυσᾶ
3484 919 3643 989 μῆλα
3690 917 3882 987 φυλάσ-

2305 1037 2412 1076 σων
2432 1019 2477 1050 ⁷⁸
2493 1020 2585 1071 τού
2606 1017 2877 1086 Νεμεαίου
2906 1017 3136 1078 λέοντος.
3182 1015 3252 1077 Ως
3268 1016 3293 1066 ό
3310 1013 3447 1083 παρ’
3493 1005 3882 1081 ὈμήρῳἾρος

2304 1110 2532 1173 Βοιωτὸς
2572 1105 2660 1180 ἦν.
2704 1111 2793 1173 Ὠς
2845 1112 2878 1180 ή
2913 1106 3225 1162 Κανδαύλου
3259 1104 3419 1173 γυνὴ,
3462 1099 3550 1175 ’ἧς
3612 1101 3880 1171 Ἡρόδοτος

2301 1206 2362 1257 ού
2391 1204 2539 1272 λέγει
2564 1202 2825 1272 τούνομα,
2859 1203 3037 1255 Νυσία
3058 1202 3102 1232 ⁷⁸
3125 1199 3368 1252 ἐκαλεῖτο
3394 1214 3410 1228 ·
3446 1196 3520 1267 ἢν
3554 1196 3653 1247 καὶ
3682 1194 3884 1263 δίκορον

2304 1296 2398 1350 καὶ
2420 1295 2836 1365 ὁξυωπεστάτην
2883 1294 3014 1362 φασὶ
3056 1291 3342 1361 γενέσθαι,
3384 1290 3487 1342 τὸν
3532 1285 3882 1358 δρακοντίτην

2304 1386 2657 1458 κτησαμένην
2704 1385 2872 1451 λίθον,
2923 1384 3003 1437 διὸ
3069 1384 3164 1436 καὶ
3213 1380 3510 1436 αἰσθέσθαι
3566 1379 3662 1432 τὸν
3714 1376 3882 1448 Γύγην

2303 1475 2517 1542 ἐξιόντα
2544 1477 2588 1507 ""
2617 1476 2703 1529 διὰ
2738 1476 2844 1529 τῶν
2875 1475 3053 1545 θυρῶν
3079 1490 3091 1501 ·
3122 1473 3273 1528 ἄλλοι
3303 1469 3555 1525 Τουδοῦν
3586 1468 3761 1540 αὐτὴν
3792 1487 3881 1522 κα-

2302 1567 2531 1632 λεῖσθαι,
2568 1568 2617 1620 οί
2660 1568 2717 1621 δὲ
2768 1568 3026 1628 Κλυτίαν,
3085 1565 3257 1628 Ἀὃας
3314 1564 3369 1618 δὲ
3450 1561 3645 1632 Ἀδρὼ
3691 1561 3883 1630 ταύτην

2304 1659 2607 1715 καλεῖσθαι.
2653 1659 2880 1729 Σιγῆσαι
2911 1657 2967 1710 δὲ
3025 1655 3264 1726 τούνομά
3315 1671 3457 1724 φασι
3503 1652 3611 1721 τῆς
3643 1651 3884 1721 γυναικὸς

2304 1754 2398 1807 τὸν
2441 1752 2742 1824 Ἡρόδοτον,
2774 1750 2897 1802 ἐπεὶ
2926 1752 2953 1803 ὁ
2991 1749 3265 1819 ἐρώμενος
3319 1745 3625 1816 Ἡροδότου
3660 1743 3881 1815 Πλησίρ-

2308 1844 2428 1913 ροος
2448 1841 2657 1903 Νυσίας
2685 1839 2730 1871 ⁷⁸
2777 1838 3003 1909 ὀνόματι
3044 1835 3320 1908 ἐρασθεὶς,
3368 1834 3801 1904 Ἀλικαρνασίας
3829 1831 3881 1883 τὸ

639 1950 762 1989 cum
784 1933 899 2002 ejus
927 1936 1167 1988 amasius
1191 1933 1527 1989 Plesirrhons
1544 1933 1792 2005 Nyssiam
1820 1934 2038 1989 nomine
2064 1934 2201 1986 ami-

2312 1934 2482 2004 γένος,
2506 1933 2628 1985 ἐπεὶ
2655 1930 2731 2003 μὴ
2759 1931 2911 2002 τύχοι
2938 1929 3040 1999 τῆς
3073 1928 3316 1999 ἑταίρας,
3360 1927 3469 1980 οὐκ
3500 1924 3826 1995 ἀνεχόμενος
3840 1925 3877 1956 το

637 2042 756 2081 cam
792 2026 1033 2091 haberet,
1059 2025 1525 2080 Halicarnasseam
1556 2039 1774 2095 genere,
1798 2040 1897 2080 nec
1925 2039 1986 2079 ea
2016 2025 2200 2095 potiri,

638 2118 908 2185 repulsam
942 2131 1154 2186 passus,
1191 2117 1474 2186 potuisset,
1508 2119 1574 2173 de
1607 2118 1869 2187 superiori
1894 2118 2011 2172 loco
2041 2118 2203 2171 vitam

637 2209 742 2264 sibi
790 2207 980 2277 laqueo
1032 2208 1327 2276 abruperit.
1387 2207 1526 2263 Hinc
1578 2209 1723 2262 velut
1777 2209 2042 2271 odiosum,
2088 2208 2205 2278 ejus

639 2298 837 2365 ubique
864 2309 1057 2350 nomen
1092 2295 1352 2365 refugisse
1372 2296 1724 2354 Herodotum.
1749 2298 2045 2353 Centauros
2066 2297 2205 2353 Her-

639 2390 810 2444 culem
841 2389 1107 2459 fugientes
1134 2403 1228 2456 per
1255 2388 1574 2459 Tyrseniam
1602 2390 1742 2443 fame
1768 2390 2018 2459 periisse,
2050 2390 2204 2445 suavi

641 2478 955 2532 Sirenarum
987 2476 1098 2547 (94)
1127 2488 1288 2532 cantu
1337 2478 1612 2547 deceptos.
1642 2478 1914 2533 Abderum
1961 2478 2207 2535 Herculis

640 2570 927 2635 amasium,
978 2567 1208 2622 Patrocli
1246 2568 1467 2622 fratrem
1508 2568 1692 2623 fuisse.
1728 2568 1992 2638 Epipolim
2029 2570 2208 2641 ,Cary-

640 2660 824 2725 etiam,
855 2657 1179 2714 Trachionis
1212 2659 1397 2725 lilium,
1419 2659 1733 2714 muliebrem
1756 2676 1942 2716 sexum
1963 2663 2209 2716 dissimu-

640 2753 839 2808 lantem
871 2766 991 2806 cum
1043 2751 1248 2807 Graecis
1278 2750 1559 2815 militasse,
1600 2752 1693 2807 sed
1731 2765 1825 2822 per
1858 2752 2205 2807 Palamedem

644 2844 857 2898 tandem
883 2843 1175 2907 detectam,
1203 2857 1231 2895 a
1266 2842 1470 2897 Graecis
1491 2842 1738 2897 obrutam
1769 2858 1889 2898 esse
1919 2844 2204 2913 lapidibus.

642 2936 760 3002 Quo
792 2946 1032 3003 tempore
1066 2933 1373 2988 Alexander
1407 2932 1669 2988 Helenam
1718 2935 1981 3004 rapiebat,
2024 2934 2211 2989 Mene-

642 3026 783 3079 laum
817 3024 1091 3094 Gortyna,
1124 3023 1265 3092 quod
1300 3022 1635 3077 Cretensium
1672 3024 1921 3093 Oppidum
1953 3034 2055 3088 est,
2089 3023 2209 3080 Jovi

642 3116 994 3170 hecatomben
1040 3113 1367 3167 immolasse.
1415 3112 1754 3168 Palamedem
1794 3130 1892 3183 pro
1919 3116 2210 3185 Agamem-

642 3222 783 3262 none
802 3206 1004 3262 Graecis
1022 3206 1334 3276 imperasse.
1352 3204 1485 3260 Cum
1512 3207 1653 3260 enim
1672 3206 1725 3260 in
1742 3208 1986 3263 Aulidem
2003 3209 2211 3263 delatus

644 3301 1008 3369 Agamemnon
1080 3305 1344 3367 agrestem
1396 3312 1658 3368 capram,

644 3392 753 3447 telo
781 3390 1115 3454 conﬁxisset,
1145 3398 1307 3457 atque
1346 3387 1475 3443 hinc
1518 3388 1711 3459 151a
1738 3389 1942 3445 Grzecis
1983 3392 2210 3461 naviga-

646 3487 793 3542 tione
826 3485 1111 3557 prohibitis
1149 3482 1380 3538 Calchas
1420 3492 1570 3538 vates
1598 3486 1979 3554 respondisset,
2012 3486 2209 3554 placari

646 3592 865 3641 numen,
890 3576 1417 3645 expiariquemalum
1442 3590 1618 3644 posse,
1644 3577 1686 3630 si
1717 3576 2075 3646 lphigeneiam
2100 3577 2207 3649 (95)

650 3670 813 3723 filiam
847 3667 1092 3737 Neptuno
1124 3667 1427 3721 immolaret
1459 3667 1859 3737 Agamemnon:
1888 3670 2209 3724 detrectanti

649 3762 702 3815 id
734 3760 914 3814 facere
944 3758 1207 3829 indignati
1254 3758 1424 3814 Graeci
1474 3760 1754 3829 imperium
1790 3760 2124 3825 ademerunt,
2156 3772 2212 3815 ct

649 3851 989 3906 Palamedem
1032 3865 1213 3922 regem
1261 3861 1535 3905 crearunt.
1584 3851 1746 3905 Addit
1803 3851 2134 3905 Philocteten
2180 3869 2210 3907 a

648 3952 900 4011 serpente
932 3956 1245 4013 percussum
1264 3942 1491 4011 periisse
1522 3957 1537 3994 :
1570 3950 1623 3995 et
1645 3940 1889 3995 Paridem
1916 3958 1944 3995 a
1972 3940 2213 3996 Menelao

651 4037 826 4089 femur
850 4034 1007 4089 hasta
1029 4034 1214 4098 ictum,
1254 4037 1661 4103 interemptum.
1695 4033 1967 4088 Demetrio
1992 4032 2210 4106 [inquit]

658 4127 883 4197 Sccpsio
943 4136 1180 4191 mortuo,
1236 4124 1461 4181 Tellidis
1514 4126 1708 4180 librum
1761 4124 1831 4179 ad
1874 4134 2032 4194 caput
2095 4124 2213 4193 ejus

647 4230 919 4290 repertum
978 4218 1159 4273 ferunt
1214 4236 1228 4273 :
1278 4226 1333 4272 ut
1396 4227 1451 4272 et
1493 4217 1769 4272 Alcmanis
1811 4226 2057 4271 natantes
2099 4216 2212 4287 (96)

659 4306 940 4380 [feminas]
987 4309 1053 4361 ad
1102 4307 1332 4362 cervical
1366 4304 1653 4376 Titonychi
1706 4304 2077 4361 Chalcidensis
2113 4322 2128 4359 :
2159 4317 2212 4360 et

651 4397 926 4469 Eupolidis
950 4398 1058 4469 (97)
1090 4397 1495 4470 Hybristodicas
1521 4396 1632 4467 (98)
1663 4396 1729 4450 ad
1770 4394 2002 4465 Ephialti
2032 4408 2211 4466 caput.

648 4492 961 4561 Cratinique
1010 4492 1251 4546 Eunidas
1280 4488 1388 4559 (99)
1430 4489 1569 4557 apud
1619 4488 1985 4543 Alexandrum
2036 4489 2214 4545 Mace-

650 4587 852 4641 donum
890 4600 1093 4656 regem.
1125 4586 1202 4639 lta
1248 4582 1469 4638 Hesiodi
1518 4596 1678 4648 Opera
1721 4588 1776 4633 et
1808 4581 1923 4635 dies
1957 4581 2214 4639 Seleucus

1730 3299 1912 3355 Dianae
1958 3315 2165 3355 sacram
2194 3339 2208 3365 ,
2236 3297 2281 3355 C

2312 2025 2491 2097 βρόχῳ
2554 2025 2744 2078 ἑαυτὸν
2806 2024 3113 2093 ἀνήρτησε·
3167 2020 3247 2074 διὸ
3294 2020 3340 2051 ⁸⁸
3398 2017 3751 2088 φυλάξασθαι
3814 2016 3880 2078 ὡς

2310 2116 2545 2187 ἀπεχθὲς
2565 2116 2607 2147 ⁸⁸
2642 2116 2815 2169 εἰπεῖν
2866 2115 2930 2166 τὸ
2977 2114 3075 2183 τῆς
3108 2111 3316 2174 Νυσίας
3351 2110 3536 2180 ὄνομα
3580 2107 3874 2179 Ἡρόδοτον.

2322 2210 2409 2272 Ὦς
2443 2211 2492 2262 οί
2520 2210 2825 2278 Κένταυροι
2858 2206 3156 2276 φεύγοντες
3213 2204 3501 2274 Ἠρακλέα
3534 2202 3627 2255 διὰ
3679 2200 3875 2271 Τυρση-

2309 2304 2429 2367 νίας
2456 2303 2599 2374 λιμῷ
2618 2301 3005 2371 διεφθάρησαν,
3030 2298 3342 2369 θελχθέντες
3361 2296 3475 2350 ὑπὸ
3501 2295 3606 2364 τῆς
3624 2294 3874 2365 Σειρήνων

2312 2396 2639 2468 ήδυφωνίας.
2687 2393 2777 2455 Ὠς
2841 2391 3111 2461 Ἀόδηρος
3154 2390 3182 2442 ὁ
3223 2385 3571 2459 Ἡρακλέους
3624 2387 3875 2455 ἐρώμενος

2310 2486 2538 2555 ἀδελφὸς
2574 2480 2643 2557 ἦν
2687 2482 3023 2554 Πατρόκλου.
3069 2482 3156 2544 Ὠς
3205 2479 3474 2549 Ἐπιπόλη
3518 2479 3553 2549 ἡ
3588 2475 3872 2547 Καρυστία,

2313 2580 2346 2650 ή
2396 2579 2708 2649 Τραχίωνος
2758 2575 3027 2646 Θυγάτηρ,
3070 2575 3391 2642 κρύπτουσα
3431 2572 3537 2640 τὴν
3578 2567 3874 2637 γυναικείαν

2314 2672 2476 2739 φύσιν
2507 2668 2964 2739 συνεστρατεύετο
3023 2668 3136 2729 τοῖς
3188 2663 3442 2733 Ἕλλησι,
3490 2662 3788 2733 μηνυθείσα
3832 2656 3870 2710 δ’

2316 2763 2422 2817 ὑπὸ
2477 2761 2842 2832 Παλαμήδους
2881 2759 2986 2812 ὑπὸ
3034 2757 3142 2810 τῶν
3183 2754 3461 2826 Ἑλλήνων
3531 2749 3869 2816 κατελεύσθη.

2325 2857 2414 2919 Ὦς
2458 2852 2803 2922 Ἀλεξάνδρου
2835 2850 3172 2923 ἁρπάζοντος
3207 2847 3430 2918 Ἑλένην
3454 2846 3501 2879 ⁸³
3539 2842 3869 2905 Μενέλαοςὲν

2314 2946 2558 3018 Γορτύνῃ
2590 2946 2691 3015 τῆς
2755 2946 2980 3015 Κρήτης
3038 2941 3349 3011 ἑκατόμϐην
3380 2938 3510 2992 ἔθυε
3545 2938 3624 3009 τῷ
3655 2937 3755 2991 Διί.
3799 2935 3871 2997 Ὧς

2316 3037 2650 3108 Παλαμήδης
2677 3034 2789 3088 ἀντ’
2823 3033 3231 3103 Ἀγαμέμνονος
3271 3031 3551 3101 Ἐλλήνων
3575 3025 3830 3100 βασιλεύοι
3854 3040 3865 3054 '

2316 3130 2374 3181 ὲν
2433 3127 2617 3180 Αὐλίδι
2664 3126 2774 3197 γὰρ
2828 3123 3277 3193 παραγενόμενος
3336 3120 3715 3191 Ἀγαμέμνων6
3757 3113 3869 3180 αἶγα

2316 3218 2515 3287 ἀγρίαν
2566 3216 2718 3287 ἱερὰν
2777 3214 3090 3287 Ἀρτέμιδος
3134 3211 3513 3277 κατατοξεύοι,
3564 3210 3779 3270 ἀπλοίας
3819 3206 3865 3259 δὲ

2314 3309 2609 3379 γενομένης
2662 3309 2774 3371 τοῖς
2805 3306 3030 3376 Ἕλλησι
3058 3306 3166 3376 χρᾷ
3190 3304 3236 3335 ⁸³
3280 3302 3510 3373 Κάλχας
3571 3301 3784 3370 λυθῆναι
3816 3295 3866 3348 τὸ

2314 3403 2507 3466 δεινὸν,
2534 3404 2580 3454 εί
2607 3399 2786 3452 θύσειε
2811 3401 2907 3469 τὴν
2940 3399 3218 3468 θυγατέρα
3262 3396 3595 3464 Ἰφιγένειαν
3652 3388 3863 3459 Ἀγαμέ-

2319 3511 2465 3565 μνων
2485 3491 2776 3546 Ποσειδῶνι
2802 3507 2816 3522 ο
2852 3490 2946 3543 τοῦ
2976 3490 3032 3543 δὲ
3066 3490 3139 3561 μὴ
3172 3490 3579 3564 ἀνασχομένου,
3612 3482 3864 3554 ὀργισθέν-

2315 3602 2406 3649 τες
2452 3586 2498 3638 οί
2559 3584 2819 3654 ’Έλληνες
2861 3584 3145 3653 ἀφείλοντο
3194 3584 3359 3637 αὐτοῦ
3418 3584 3480 3637 τὸ
3534 3582 3744 3652 κράτος,
3786 3574 3861 3625 καὶ

2316 3675 2658 3746 κατέστησαν
2687 3674 2908 3744 βασιλέα
2938 3672 3294 3744 Παλαμήδην.
3329 3674 3463 3746 [485
3493 3672 3587 3742 Β.)
3624 3671 3706 3730 Ὠς
3732 3666 3861 3719 Φιλο-

2318 3770 2519 3838 κτήτης
2549 3766 2653 3818 ὑπὸ
2670 3767 2847 3837 ὄφεως
2871 3766 3103 3836 πληγεὶς
3127 3767 3392 3839 ἀνῃρέθη,
3413 3767 3509 3819 κα).
3548 3758 3859 3827 Ἀλέξανδρος

2318 3858 2422 3910 ύπὸ
2446 3858 2719 3911 Μενελάου
2738 3858 2923 3927 δόρατι
2954 3858 3044 3909 τὸν
3076 3876 3147 3929 μη
3160 3860 3248 3929 ρδν
3274 3857 3504 3927 πληγεὶς
3529 3855 3731 3907 πίπτει.
3756 3850 3856 3899 Ὅτι

2315 3950 2741 4019 τελευτήσαντος
2775 3951 3090 4020 Δημητρίου
3137 3950 3232 4003 τοῦ
3270 3951 3512 4021 Σκηψίου
3567 3947 3626 3999 τὸ
3680 3940 3857 4013 βιϐλίον

2316 4040 2562 4103 Τέλλιδος
2598 4042 2737 4111 πρὸς
2766 4044 2831 4113 τῇ
2866 4041 3072 4112 κεφαλῇ
3101 4042 3268 4095 αὐτοῦ
3294 4040 3494 4111 εὑρέθη
3525 4055 3538 4070 ⁸
3564 4037 3658 4099 τὰς
3688 4033 3738 4085 δὲ
3765 4032 3852 4082 Κο-

2316 4124 2378 4178 λυ
2386 4125 2610 4195 μϐώσας
2648 4129 2982 4198 Ἀλκμάνους
2995 4129 3040 4159 ⁸⁵
3060 4129 3193 4200 πρὸς
3209 4132 3275 4200 τῇ
3296 4129 3506 4199 κεφαλῇ
3525 4128 3597 4181 Tu
3607 4124 3799 4194 ρονίχου
3816 4118 3854 4149 δ’

2317 4218 2411 4271 τοῦ
2444 4219 2762 4284 Χαλκιδέως
2818 4221 3107 4291 εὑρεθῆναί
3165 4239 3325 4290 φασιν
3348 4223 3419 4286 ⁸⁸,
3470 4223 3594 4283 τοὺς
3623 4217 3664 4270 δ’
3699 4212 3852 4279 Ὑϐρι·

2321 4309 2571 4369 στοδίκας
2620 4311 2911 4375 Εὐπόλιδος
2976 4314 3112 4386 πρὸς
3168 4316 3233 4384 τῇ
3283 4314 3589 4381 Ἐφιάλτου,
3641 4306 3757 4367 τοὺς
3807 4299 3852 4351 δὲ

2318 4399 2572 4465 Εύνείδας
2588 4403 2632 4435 ⁸⁷
2666 4404 2935 4473 Κρατίνου
2968 4407 3105 4477 πρὸς
3134 4409 3201 4476 τῇ
3240 4406 3587 4477 Ἀλεξάνδρου
3614 4398 3701 4454 τοῦ
3724 4396 3849 4466 βασι·

2318 4492 2455 4557 λέως
2505 4496 2829 4549 Μακεδόνων
2853 4497 2919 4562 ⁸⁸,
2973 4499 3040 4551 τὰ
3090 4498 3134 4550 δ’
3165 4499 3343 4565 Ἔργα
3364 4500 3460 4552 καὶ
3506 4496 3604 4558 τὰς
3640 4488 3849 4558 Ἡμέρας

2331 4585 2571 4640 Ἡσιόδου
2626 4588 2761 4657 πρὸς
2817 4592 2881 4661 τῇ
2939 4589 3031 4642 τοῦ
3092 4589 3356 4642 Σελεύκου
3413 4587 3509 4642 τοῦ
3583 4582 3847 4645 Nautes»;

651 4675 917 4732 Nicatoris
964 4675 1104 4730 filius
1149 4674 1215 4728 ad
1257 4681 1417 4740 caput
1448 4685 1664 4741 semper
1696 4670 1953 4725 admovit.
1989 4672 2126 4738 Quin
2165 4685 2206 4727 el

2331 4681 2565 4752 κεφαλῇ.
2609 4684 2668 4736 'O
2732 4657 2911 4755 μέντοι
2964 4685 3259 4758 νομοθέτης
3308 4683 3584 4755 Ἀρκάδων
3616 4668 3848 4744 Κερκίδις

1922 4787 2159 4845 VAHIE
2189 4793 2603 4855 LECTIONES.

720 4915 768 4986 7⁵
796 4909 1252 4986 προσκλήσειςις.
1327 4906 1371 4937 ⁷⁸
1490 4906 1612 4986 φυλ.
1676 4905 1861 4986 τάχρ.
1897 4907 2317 4986 μῆλα-δράκα)νά
2343 4915 2572 4986 ἀδελφὸς
2626 4912 2695 4986 ἦν
2724 4934 2782 4980 ς.
2858 4918 2903 4949 ⁷⁸
2932 4915 3116 4969 Μυσία
3145 4934 3205 4986 ς.
3229 4917 3274 4948 ⁷⁷
3304 4915 3517 4986 ἐξιόντα
3547 4911 3622 4972 εἰς
3641 4906 3844 4986 ,ζητησξν

651 4978 851 5059 δαίθ’
914 4981 958 5059 ⁷ξ¹
1000 4978 1245 5040 Νυσσίας
1273 4994 1333 5059 (ξε
1376 4978 1452 5028 Sic
1489 4979 1644 5059 ίιξίνειο
1728 4978 2161 5059 ⁷ξιάῖι-τεξχομένης
2194 4978 2597 5059 ύᾼψόθεννβρόχῳ
2734 4978 2809 5019 ﬁ”
2837 4987 3048 5059 orbita!
3072 4978 3291 5059 φυλζς.

1851 5050 2147 5120 Ἀλκμᾶνος
2211 5050 2579 5112 (ἷειεαυὺόἰιυὲξ

649 5057 695 5087 ⁸⁸
751 5053 860 5106 Ἑλ.
921 5052 1056 5120 ἀρπ.
1122 5067 1185 5113 ς.
1267 5047 1333 5120 _”
1383 5049 1546 5120 κιχρᾷ
1596 5064 1658 5110 ς.
1752 5048 1797 5080 ⁸⁵

3400 4986 3442 5016 δι
3496 4975 3760 5047 ἀπεχθέον,
3790 4984 3840 5031 ς-

2685 5057 2728 5092 35
2754 5056 3035 5127 τυρφνίχου
3140 5075 3152 5111 :
3185 5040 3495 5127 Τῖτωνᾼύχου
3534 5040 3841 5127 ςο’ΤΒῖ¹νίΧ⁹Ῠ

651 5125 815 5179 Henr.
850 5114 1094 5178 Valesius
1121 5118 1416 5193 iapudnos
1463 5114 1995 5193 Gonniuentar._cri_t.'
2043 5125 2093 5174 in
2140 5123 2416 5179 Platonem
2457 5142 2508 5193 p.
2552 5126 2646 5190 χι)
2676 5138 2730 5183 et
2752 5114 2985 5181 Na'ekiu's
3048 5126 3308 5192 (ωιωτίι,
3351 5114 3498 5179 δίζω,
3531 5114 3581 5190 ρ,
3624 5114 3837 5193 ﬁniuit

652 5196 876 5266 offendit
910 5180 1190 5266 Kusterus‘
1211 5188 1361 5266 Suid‘.
1393 5200 1443 5266 v._
1494 5185 1776 5266 Ἀλκμάν.Δ
1797 5258 1809 5266 _
1832 5188 1877 5220 ⁸⁸
1899 5190 2015 5266 εύρ.
2042 5193 2205 5266 φησιν
2234 5193 2280 5246 Α
2306 5180 2518 5266 εφαέὶν
2562 5180 2775 5266 εὑρξς.
2805 5180 2930 5260 τούς
2964 5180 3210 5252 Valesius
3250 5214 3265 5252 :
3298 5194 3420 5251 libri
3451 5180 3565 5254 τάξ.
3635 5180 3695 5218 ⁸”
3735 5180 3837 5233 lib”

651 5265 865 5324 εύνίδας
899 5280 913 5317 :
951 5262 1021 5315 cl’.
1055 5258 1262 5313 Muller.
1320 5254 1574 5311 Orchom.
1617 5254 1668 5326 ι).
1713 5257 1837 5314 504.
1912 5254 2283 5329 Ι¹⁴¹’μ.ακὲρδόνος
2319 5254 2385 5319 A'.

2163 5378 2400 5437 NOTAE.

724 5477 835 5548 (99.)
868 5475 984 5530 Lib.
1023 5491 1063 5541 i,
1091 5487 1179 5527 um
1231 5485 1444 5526 onmem
1481 5485 1616 5541 pene
1653 5470 1716 5524 de
1744 5471 1893 5544 Gyge
1932 5472 2215 5528 historiam

651 5549 816 5603 legas.

865 5612 1000 5686 Yide
1031 5628 1176 5683 supr.
1209 5612 1258 5664 in
1292 5621 1530 5681 excerpl.
1556 5625 1621 5666 ex
1643 5612 1737 5666 lib.
1775 5628 1855 5667 Ill.

722 5683 832 5756 (94)
869 5683 1001 5737 Vide
1033 5695 1087 5736 et
1113 5698 1231 5756 seq.
1262 5698 1383 5751 pag.

723 5752 836 5826 (95')
858 5754 1361 5826 Tragmdiam‘hanc
1394 5752 1577 5806 docuit
1608 5752 1790 5821 Eurip.

678 5828 681 5829 ⁷
725 5822 835 5896 (96)
868 5822 985 5886 Τὰς
1012 5822 1367 5891 κολυμὸώσας
1396 5840 1409 5855 ο
1440 5839 1665 5894 quarunt
1696 5830 1856 5881 etiam
1892 5824 2085 5881 Suidas
2112 5839 2218 5879 me-

652 5900 809 5954 minit
846 5911 969 5951 voce
989 5896 1227 5949 Alcman.

2402 5476 2535 5548 (97),
2557 5476 2705 5548 Ejus
2742 5476 2906 5529 vitam
2962 5474 3174 5544 collegit
3212 5473 3314 5527 Lil.
3347 5469 3605 5545 Gyraldus
3627 5456 3753 5516 Dial.
3776 5467 3833 5514 νιν

2328 5557 2385 5600 ut
2419 5558 2471 5599 et
2501 5547 2730 5600 Cratini.

2396 5592 2989 5701 (θθξῖῗόριστοδίκαι,
3033 5616 3079 5667 οἱ
3109 5614 3180 5684 μὴ
3214 5613 3519 5738 ρουλόμενοι
3570 5601 3659 5681 τᾲς
3703 5592 3832 5711 δίκῧς

2396 5701 2659 5738 παγαγειν.
2694 5689 2832 5738 apud
2872 5684 3073 5738 Polluc.
3105 5695 3159 5738 et
3189 5684 3208 5737 l
3236 5686 3384 5738 esvd.
3412 5683 3527 5737 Vide
3564 5674 3728 5738 Sigon.
3808 5671 3831 5707 ε

2323 5660 3079 5755 εξδᾶξᾶιγεὶᾷἷὸῇἶῖιῖἶῶὶίυῦξ
3105 5660 3527 5754 ἕῖἰῐὲἑίιὶῗῖιίάε
3564 5660 3728 5740 Sigon.
3771 5660 3831 5711 De

2323 5757 2535 5821 magisl.
2572 5756 2756 5808 Allien.
3443 5819 3451 5821 ξ
3622 5808 3646 5820 _
3713 5796 3765 5821 υ,

2822 5824 2973 5892 γένος
3004 5841 3056 5877 τι
3094 5823 3347 5893 Ἀθήνῃσι
3378 5796 3825 5886 κιθαριστῶνΝἰικ

2326 5893 2561 5965 Hesych.
2600 5913 2661 5951 ac
2704 5897 2856 5951 Suid.
2886 5906 2939 5949 et
2972 5906 3205 5948 mtantur
3236 5902 3300 5948 ab
3328 5893 3518 5947 Athen.
