4038 6400
174 341 265 407 625
1215 345 1736 406 BIBLIOTHECA.
1775 370 1846 381 --
1882 346 2045 409 COD.
2081 348 2235 411 CXC.
3263 353 3366 417 696

172 462 475 529 συνυφῆναι
502 456 648 529 αὐτῷ
675 456 736 509 τὸ
773 459 815 509 Ᾱ
850 458 943 510 καὶ
974 459 1015 510 Β
1042 457 1088 491 ⁸⁹
1118 458 1219 529 τῆς
1262 461 1479 525 Ἰλιάδος
1509 460 1702 515 κελεύ-
1730 463 1767 519 Α

1772 508 1775 517 .
1805 463 2073 518 Arcadum
2103 462 2380 534 legislator
2398 463 2655 521 Cercidas
2690 464 2895 521 tumulo
2918 481 3020 521 suo
3050 469 3279 535 primum
3314 481 3367 527 et

171 567 327 607 σειιν·
360 550 389 603 6
421 549 475 603 δὲ
505 548 788 619 Πομπήϊος
844 549 873 601 6
926 548 1147 617 Μάγνος
1182 551 1290 604 οὐδ’
1326 554 1408 615 είς
1466 551 1704 621 πόλεμον

1805 553 2102 608 secundum
2149 553 2340 608 Iliados
2388 552 2580 608 librum
2628 553 2815 609 inferri
2865 553 3046 622 jussit.
3083 556 3396 631 Pompeius,

168 645 324 714 προῒοι
346 644 391 676 ⁸⁸
442 642 568 714 πρὶν
594 643 659 695 ἂν
697 640 757 695 τὸ
785 639 890 692 Λ⁹¹
928 642 1028 712 τῆς
1088 642 1307 706 Ἰλιάδος
1347 642 1703 712 ἀναγνώσειε,

1804 656 2020 712 quoque
2075 641 2301 710 Magnus
2337 658 2444 697 non
2473 642 2624 711 prius
2665 643 2717 697 in
2753 645 3134 714 expeditiones
3176 651 3364 703 tende-

170 734 385 804 ζηλωτὴς
411 732 484 787 ὢν
520 734 924 806 Ἀγαμέμνονος
948 751 964 767 ’
995 736 1022 788 6
1054 734 1112 788 δὲ
1146 735 1416 804 Ῥωμαῖος
1445 734 1701 806 Κικέρων

1805 734 1919 799 bat,
1979 749 2139 805 quam
2199 734 2429 804 primum
2493 732 2692 789 Iliados
2743 734 2941 790 librum
3021 738 3366 808 perlegisset,

169 827 385 896 Μήδειαν
419 826 702 896 Εὐριπίδου
730 825 1137 895 ἀναγινώσκων,
1155 827 1214 879 ὲν
1245 826 1445 897 φορείῳ
1467 828 1704 897 φερόμε-

1805 826 1945 894 quod
1972 826 2190 881 aemulus
2220 834 2387 890 esset,
2425 826 2777 896 imitatorque
2813 826 3254 897 Agamemnonis.
3279 830 3370 886 Ci-

170 934 263 979 νος,
317 915 653 987 ἀποτμηθεῶνι
705 918 805 989 τὴν
871 918 1155 989 κεφαλήν
1189 918 1266 982 ὡς
1329 919 1618 989 Διόγνητος
1674 918 1705 972 6

1805 930 1932 972 cero
1961 918 2085 972 item
2123 916 2397 972 Romanus
2421 916 2693 988 Euripidis
2721 916 2959 973 Medeam
3003 919 3277 983 evolvens,
3315 922 3368 974 in

169 1012 321 1081 Κρὴς,
366 1009 394 1064 5
428 1009 660 1078 πύκτης,
716 1010 945 1081 νικήσας
981 1009 1043 1062 ού
1096 1008 1251 1062 λάϐοι
1282 1007 1374 1061 τὸν
1412 1007 1702 1076 στέφανον,

1806 1006 2023 1070 lectica,
2062 1022 2167 1076 qua
2208 1008 2545 1078 gestabatur,
2587 1008 2762 1078 capite
2793 1016 3073 1063 truncatus
3100 1018 3202 1063 est.
3242 1010 3366 1062 Dio-

170 1100 287 1154 ἀλλά
308 1100 399 1153 καὶ
435 1100 649 1170 ὲλαθείη
675 1100 779 1152 ὑπὸ
813 1099 1059 1163 Ἠλείων,
1094 1098 1228 1152 διότι
1261 1101 1290 1153 6
1326 1098 1570 1168 νικηθεὶς
1608 1099 1705 1151 καὶ

1806 1107 2000 1166 gnetus
2028 1096 2309 1152 Cretensis
2348 1097 2473 1170 [ait]
2504 1098 2741 1167 pugilatu
2768 1098 2961 1163 victor,
2988 1114 3242 1153 coronam
3268 1115 3369 1152 non

172 1194 449 1263 ἀναιρεθεὶς
475 1192 566 1247 ὑπ’
604 1193 771 1247 αὐτοῦ
819 1192 1093 1264 Ἡρακλῆς
1121 1191 1368 1245 ὲκαλεῖτο
1395 1190 1703 1260 όμωνυμῶν

1807 1186 1980 1241 solum
2008 1200 2113 1241 non
2150 1188 2382 1257 accepit,
2416 1190 2509 1243 sed
2540 1189 2702 1243 etiam
2729 1192 2797 1242 ab
2835 1188 3150 1244 Eleensibus
3185 1189 3373 1258 pulsus

174 1288 236 1356 τῷ
264 1288 395 1356 ἥρωϊ
427 1302 442 1316 ·
467 1285 655 1339 τοῦτον
686 1287 777 1339 τὸν
802 1287 1089 1357 Διόγνητον
1119 1286 1192 1349 ὡς
1221 1285 1379 1356 ἥρωα
1410 1285 1629 1356 Κρῆτες
1656 1285 1703 1317 θ’

1808 1277 1927 1343 fuit,
1960 1288 2247 1348 propterea
2274 1279 2417 1348 quod
2449 1279 2645 1345 victus,
2677 1292 2956 1350 cacsusque
2991 1280 3059 1334 ab
3081 1279 3194 1341 iilo,
3223 1294 3373 1334 com-

174 1379 394 1448 τιμῶσιν.
435 1377 560 1431 Ὀτι
596 1379 658 1431 τὸ
705 1378 1021 1449 Ὁμηρικὸν,
1055 1376 1451 1449 τιτρώσκεσθαι
1488 1376 1710 1447 μέλλον-

1808 1368 1952 1421 muni
1966 1368 2264 1435 cumheroe
2278 1368 2497 1424 nomine
2514 1368 2774 1425 Hercules
2791 1369 3087 1439 appellatus
3103 1379 3204 1424 est.
3219 1368 3376 1425 Hunc

175 1486 251 1531 τος
265 1509 279 1533 ,
1807 1469 1987 1513 autem
2018 1459 2331 1528 Diognetum
2352 1469 2411 1514 ut
2426 1461 2592 1515 heroa
2608 1461 2893 1515 Cretenses
2907 1460 3113 1514 colunt.
3133 1458 3379 1513 Homeri-

1807 1567 1928 1607 cum
1952 1552 2100 1606 illum
2125 1567 2337 1606 versum
2358 1553 2422 1605 de
2443 1551 2665 1622 jamjam
2691 1551 3020 1606 vulnerando
3050 1550 3335 1623 [Menelao]
3362 1569 3377 1606 :

180 1641 307 1695 Οὐδὲ
332 1641 533 1708 σέθεν,
563 1641 852 1707 Μενέλαε,
896 1644 1016 1697 θεοὶ
1051 1642 1316 1713 μάκαρες
1359 1643 1708 1709 λελάθοντο,

1559 1659 1708 1709 orto,
2026 1645 2157 1710 Nec,
2180 1644 2435 1710 Menelae,
2459 1645 2536 1697 tui
2560 1644 2756 1697 duxere
2778 1642 2972 1697 oblivia
2998 1643 3119 1696 Divi
3133 1658 3154 1707 ;

176 1731 337 1786 τοῦτον
363 1733 455 1787 τὸν
521 1734 701 1804 στίχον
753 1733 1078 1804 παρῴδησεν
1128 1735 1158 1787 6
1198 1735 1395 1796 Πύθιος
1424 1734 1710 1805 Μενέδημε

1811 1735 1957 1790 hunc
1985 1734 2255 1807 [inquam]
2304 1750 2520 1789 versum
2548 1750 2642 1803 per
2667 1734 2946 1802 parodiam
2979 1732 3230 1802 Pythius,
3257 1746 3377 1785 mu-

176 1824 273 1877 ἀντὶ
309 1823 397 1876 τοῦ
428 1823 481 1855 ⁸³
508 1824 775 1878 Μενέλαε.
805 1823 1085 1892 Προετάθη
1125 1824 1183 1877 δὲ
1213 1826 1275 1876 τὸ
1303 1824 1525 1895 ζήτημα
1562 1823 1716 1892 παρὰ
1750 1814 1771 1869 ε

1786 1825 1927 1881 Ltato
1954 1825 2179 1881 Menelai
2214 1827 2434 1880 nomine
2479 1826 2533 1879 in
2565 1824 2887 1891 Menedemi,
2928 1824 3235 1895 usurpavit.
3274 1822 3381 1878 Po-

176 1914 355 1977 δείπνον
374 1912 691 1982 Αὐγούστου
720 1913 815 1973 τοῦ
838 1913 1121 1983 βασιλέως,
1151 1916 1302 1967 ποῖον
1328 1913 1508 1983 στίχον
1551 1913 1718 1983 Ὀμή-

1816 1917 1919 1970 sita
1947 1926 2124 1971 autem
2146 1915 2250 1970 fuit
2275 1916 2501 1985 quaestio
2525 1917 2575 1970 in
2601 1931 2755 1972 omna
2777 1916 3005 1986 Augusti
3031 1915 3380 1986 imperatoris

181 2024 255 2075 ρου
270 2006 310 2038 ⁸⁸
330 2005 656 2077 παρῴδησεν
674 2008 702 2058 6
729 2006 997 2077 χρησμὸς,
1029 2007 1123 2059 καὶ
1138 2005 1221 2068 τίς
1242 2006 1388 2058 ἐστιν
1409 2008 1436 2057 6
1463 2004 1581 2076 [251
1619 2004 1716 2077 11.]

1818 2007 2031 2075 qualem
2060 2020 2279 2060 versum
2309 2005 2584 2060 oraculum
2610 2022 2706 2075 per
2722 2008 3000 2076 parodiam
3020 2006 3382 2070 enuntiasset,

181 2100 225 2152 ὲν
257 2092 615 2169 τῷ“χρησμῷ
652 2099 1048 2170 ἱστορούμενος.
1109 2098 1221 2151 Καὶ
1276 2098 1352 2161 ὡς
1401 2097 1718 2167 Μενέδημος

1818 2098 2026 2165 etquis
2063 2096 2288 2151 oraculo
2332 2097 2647 2151 referretur.
2688 2096 3061 2151 Menedemum
3101 2096 3382 2151 Eleensem

190 2188 369 2252 Ἠλεῖος
396 2190 605 2245 Βουνέα
636 2192 748 2243 υἱὸν
786 2190 1066 2254 ὑπέδειξεν
1130 2188 1391 2259 Ἡρακλεῖ
1447 2190 1577 2259 περὶ
1618 2189 1720 2257 τῆς

1819 2187 2016 2241 Buneae
2048 2187 2220 2241 lilium
2246 2187 2424 2241 ferunt
2450 2188 2668 2242 Herculi
2697 2189 3004 2243 ostendisse
3048 2188 3385 2258 expurgandi

186 2281 470 2349 καθάρσεως
503 2282 602 2335 τοῦ
647 2282 855 2350 Αὐγέου
881 2282 927 2314 ⁸⁸
966 2282 1194 2351 κόπρου,
1252 2280 1395 2334 ὥστε
1451 2281 1720 2350 ἀποστρέ·

1819 2279 2013 2332 stabuli
2032 2280 2212 2348 Λιικωί
2232 2280 2523 2342 rationem,
2542 2287 2703 2345 atque
2728 2281 2861 2333 adeo
2884 2279 3080 2333 ﬂumen
3099 2279 3385 2334 avertisse.

186 2371 361 2440 ψαιτδν
382 2371 663 2441 ποταμόν’
693 2370 752 2424 ὃν
782 2371 877 2424 καὶ
908 2371 1268 2441 συμμαχῆσαι
1314 2368 1593 2440 Ἠρακλεῖ.
1632 2368 1719 2420 Ἐν

1819 2369 2076 2424 Eumdem
2132 2385 2238 2423 una
2288 2385 2408 2423 cum
2457 2370 2690 2424 Hercule
2740 2370 2880 2424 bello
2925 2370 3178 2441 Augazam
3219 2383 3390 2438 oppu-

188 2464 247 2534 τῷ
280 2465 405 2535 πρὸς
428 2464 648 2533 Αὐγέαν
676 2465 900 2536 πολέμῳ
944 2464 1096 2532 φασὶ,
1147 2464 1245 2516 καὶ
1275 2463 1322 2496 ⁸⁸
1364 2461 1720 2533 ἀναιρεθέντα

1822 2474 2036 2529 gnasse,
2072 2459 2419 2514 interfectum
2474 2461 2639 2514 humo
2695 2474 2815 2515 esse
2864 2461 3141 2514 conditum
3184 2459 3236 2513 in
3285 2458 3391 2514 Le-

189 2560 387 2627 ταφῆναι
450 2557 511 2610 ἐν
576 2556 805 2627 Λεπρέῳ
827 2557 871 2588 ³⁷
927 2555 1079 2627 παρά
1130 2554 1338 2623 πεύκης
1357 2554 1426 2587 ⁹⁷“
1496 2553 1717 2622 δένδρῳ.

1820 2566 1972 2621 preo,
2007 2561 2226 2621 propter
2254 2554 2461 2622 piceam
2489 2551 2762 2606 arborem.
2791 2550 3045 2605 lnstituto
3064 2560 3245 2604 antem
3270 2551 3390 2620 ejus

198 2649 375 2715 ’Δγῶνα
404 2649 460 2703 δὲ
485 2649 605 2711 θεὶς
626 2648 712 2701 ἐπ’
736 2647 884 2718 αὐτῷ
913 2644 1190 2718 Ἡρακλῆς
1225 2644 1489 2699 ἐπάλαισε
1512 2644 1681 2714 Θησεῖ
1703 2658 1718 2674 ο

1822 2656 1979 2697 causa
2012 2642 2332 2707 certamine,
2374 2640 2662 2696 Herculem
2705 2643 2778 2696 ibi
2827 2657 2950 2696 cum
3001 2641 3214 2697 Theseo
3265 2656 3388 2696 cer-

190 2741 441 2804 ίσοπαλοῦς
464 2740 525 2793 δὲ
545 2737 640 2793 τοῦ
684 2738 895 2806 ἀγῶνος
931 2736 1225 2805 γενομένου
1270 2735 1480 2807 ἐρρήθη
1504 2736 1550 2768 ⁸⁸
1573 2735 1723 2806 παρὰ

1825 2743 1986 2798 tasse,
2016 2746 2249 2801 cumque
2301 2732 2505 2786 viribus
2557 2746 2715 2801 pares
2765 2740 2985 2799 essent,
3036 2730 3304 2798 iactatum
3362 2744 3392 2784 a

186 2832 273 2883 τῶν
297 2830 496 2887 θεατῶν
525 2832 657 2901 περὶ
682 2829 777 2884 τοῦ
805 2828 1027 2900 Θησέως
1048 2844 1063 2859 ⁸
1093 2828 1317 2892 Ἀλλος
1342 2822 1521 2893 οὗτος
1559 2826 1723 2895 Ἠρα-

1823 2824 2219 2890 spectatoribus
2273 2823 2338 2877 de
2384 2822 2644 2877 Theseo:
2679 2821 2826 2876 Alter
2874 2822 2957 2875 hic
3000 2820 3254 2875 Hercules
3294 2819 3393 2891 (Ι).

188 2921 334 2991 κλῆς.
364 2924 487 2976 Ὅτι
531 2922 807 2975 Φαντασία
847 2937 932 2982 τις
975 2919 1253 2988 Μεμφῖτις
1304 2916 1583 2987 Νικάρχου
1628 2916 1725 2969 θυ-

1824 2912 2169 2968 Pbantasiam
2216 2913 2367 2967 aiunt
2413 2913 2702 2982 quamdam
2739 2912 3108 2982 Memphitida,
3145 2912 3395 2967 Nicarchi

189 3014 336 3084 γάτηρ
374 3011 634 3077 συνέταξε
667 3012 772 3082 πρὸ
809 3011 1052 3080 Ὀμήρου
1086 3009 1176 3061 τὸν
1216 3007 1445 3062 Ἰλιακὸν
1486 3007 1724 3076 πόλεμον

1827 3005 1990 3058 ﬁliam
2027 3014 2151 3057 ante
2180 3004 2465 3058 Homerum
2498 3003 2690 3074 1516
2719 3004 2936 3058 Iliacum
2969 3003 3167 3057 bellum
3199 3014 3253 3058 et
3274 3017 3402 3057 nar-

190 3104 264 3157 καὶ
289 3105 377 3175 τὴν
415 3103 551 3175 περὶ
602 3102 914 3163 Ὀδυσσείας
948 3101 1203 3170 διήγησιν
1226 3116 1241 3130 ’
1265 3100 1359 3154 καὶ
1402 3100 1724 3163 ἀποκεῖσθαι
1751 3146 1785 3175 μ

1828 3094 2094 3147 rationem
2126 3095 2191 3147 de
2219 3091 2409 3163 Ulysse
2447 3094 2817 3163 composuisse
2850 3092 2949 3164 (2),
2991 3093 3400 3161 depositumque

192 3212 297 3261 φασι
320 3146 412 3259 cla;
439 3146 663 3265 βίὲλους
716 3194 773 3246 ὲν
804 3146 1075 3262 Μέμφιδιι,
1100 3146 1356 3262 ⁸’Όμηρον
1387 3191 1444 3245 δὲ
1480 3207 1725 3261 παραγε-
1751 3146 1787 3209 C

1826 3198 1962 3252 Opus
2013 3146 3191 3252 MemphidejHomerumergo‘prol'ectum
3245 3146 3332 3243 eo,
3367 3193 3397 3232 a

192 3287 397 3355 νόμενον,
434 3287 534 3341 καὶ
575 3284 644 3338 τὰ
684 3283 993 3354 ἀντίγραφα
1032 3280 1263 3337 λαϐόντα
1299 3282 1451 3355 παρά
1497 3280 1728 3335 Φανίτου

1827 3274 2059 3331 Pbanite
2105 3290 2267 3329 sacro
2316 3275 2494 3329 scriba
2532 3274 2876 3329 commodato
2913 3273 3043 3327 illud
3094 3273 3395 3341 accepisse,

192 3375 264 3428 τοῦ
292 3374 798 3447 ίερογραμματέως,
837 3371 1092 3438 συντάξαι
1127 3373 1354 3435 ἐκείνοις
1392 3371 1727 3436 ἀκολούθως.

1830 3367 2057 3439 ejusque
2097 3382 2220 3423 esse
2261 3368 2507 3423 ordinem
2538 3368 2863 3422 insecutum.
2891 3364 3096 3421 Adonis
3125 3361 3399 3436 [narrant]

203 3466 272 3529 Ὠς
299 3468 523 3531 ’Ἄδωνις
555 3465 878 3537 ἀνδρόγυνος
898 3463 1185 3532 γενόμενος
1209 3463 1279 3517 τά
1312 3466 1409 3534 μὲν
1438 3463 1660 3533 ἀνδρεῖα
1683 3464 1729 3495 ³³

1831 3463 2177 3530 androgynus
2210 3474 2333 3514 cum
2363 3467 2532 3525 esset,
2555 3468 2615 3513 ut
2648 3458 2729 3512 vir
2762 3472 2883 3513 cum
2915 3456 3151 3521 Venere,
3184 3464 3244 3511 ut
3283 3470 3403 3509 mu-

196 3555 303 3626 πρὸς
339 3555 663 3628 Ἀφροδίτην
702 3553 967 3625 πράσσειν
1005 3551 1240 3621 ἐλέγετο,
1276 3553 1347 3607 τὰ
1383 3552 1591 3625 θηλυκά
1616 3553 1634 3584 ⁸
1673 3551 1731 3605 δὲ

1276 3553 1347 3607 τὰ
1383 3552 1591 3625 θηλυκά
1616 3553 1634 3584 ί
1673 3551 1731 3605 δὲ
1832 3554 1935 3608 tier
1951 3568 2071 3607 cum
2104 3550 2350 3622 Apolline
2378 3564 2704 3621 congressus
2731 3558 2836 3604 est.

196 3645 306 3714 πρὸς
350 3647 687 3702 Ἀπόλλωνα.

259 3737 334 3799 Ὧς
370 3738 610 3809 Ἀλφειῷ
637 3737 715 3810 τῷ
737 3740 964 3814 ποεταμῷ
985 3739 1155 3812 γέρας
1184 3738 1525 3811 δωρούμενος
1562 3738 1731 3809 Ἦρα-

1908 3732 2139 3803 Alphcio
2184 3733 2313 3789 item
2347 3732 2557 3789 ﬂumini
2594 3740 3039 3789 remuneraturus
3079 3732 3132 3785 in
3168 3730 3407 3803 Olympi-

199 3825 323 3896 κλῆς,
347 3830 581 3900 νικήσας
608 3830 665 3884 ἐν
706 3830 996 3904 Ὀλυμπίᾳ,
1032 3830 1127 3885 ἀπ’
1159 3828 1323 3883 αὑτοῦ
1346 3829 1366 3859 ⁸
1414 3829 1640 3884 ἐκάλεσε
1672 3828 1734 3882 τὸ

1837 3827 1917 3884 cis
1952 3829 2133 3884 victor
2168 3826 2452 3895 Hercules,
2480 3827 2652 3897 Alpha
2704 3827 2773 3882 ab
2823 3841 2889 3880 eo
2936 3825 3173 3879 litteram
3227 3825 3407 3879 nomi-

199 3917 314 3986 ἄλφα
352 3923 442 3976 καὶ
493 3921 769 3993 προέταξε
806 3922 915 3975 τῶν
964 3922 1266 3993 στοιχείων.
1310 3922 1432 3975 Ὀτι
1482 3921 1735 3992 φλυαρῶν

1837 3918 2008 3983 navit,
2038 3918 2379 3986 primamque
2414 3917 2655 3972 omnium
2706 3915 3012 3971 collocavit.
3061 3913 3304 3985 Nugatur
3331 3914 3408 3984 (5)

200 4003 325 4075 οὗτος
345 4014 372 4065 6
403 4013 781 4084 μυθογράφος,
801 4014 1027 4085 Μωσῆς,
1042 4014 1207 4085 φησὶν
1240 4013 1281 4079 ³,
1296 4014 1323 4066 6
1338 4012 1444 4067 τῶν
1470 4012 1736 4085 Ἐϐραίων

1838 4010 2003 4065 etiam
2036 4007 2343 4063 fabularum
2378 4007 2468 4062 hic
2508 4008 2762 4076 scriptor,
2792 4007 2917 4062 dum
2948 4006 3047 4071 ait,
3076 4004 3295 4075 Moysen
3328 4006 3407 4074 (4)

206 4105 469 4177 νομοθέτης
500 4106 672 4174 ἄλφα
710 4105 955 4159 ἐκαλεῖτο
998 4105 1087 4158 διὰ
1132 4104 1192 4157 τὸ
1240 4104 1442 4174 ἀλφοὺς
1471 4104 1613 4174 ἔχειν
1644 4104 1738 4158 ἐπὶ

1840 4100 2188 4156 Hebraeorum
2225 4097 2592 4168 legislatorem
2637 4097 2799 4165 alpha
2838 4097 3043 4150 idcirco
3096 4096 3278 4151 fuisse
3316 4112 3413 4165 ap-

200 4194 275 4247 τοῦ
304 4195 578 4266 σώματος.
629 4197 669 4250 Γ
673 4196 886 4269 αλέριος
914 4197 971 4250 δὲ
1004 4196 1257 4268 Κράσσος
1306 4198 1335 4250 6
1383 4196 1677 4267 χιλίαρχος,
1709 4196 1739 4249 6

1840 4191 2123 4262 pellatum,
2155 4188 2298 4257 quod
2332 4184 2488 4256 ἁλφῷ
2519 4183 2645 4256 [hoc
2675 4194 2760 4239 est
2795 4183 3078 4256 vitiligine]
3104 4198 3304 4252 corpus
3327 4184 3412 4237 in-

202 4284 276 4337 ὲπὶ
297 4288 545 4359 Τιϐερίου
595 4287 893 4358 Καίσαρος,
942 4285 1265 4360 [χιλίαρχος]
1290 4285 1456 4356 ,ϐῆτα
1495 4287 1739 4341 ἐκαλεῖτο

1844 4284 2048 4338 lectum
2097 4280 2341 4334 haberet.
2388 4276 2638 4332 Galerius
2685 4276 2939 4341 Crassus,
2972 4275 3276 4344 imperante
3304 4272 3417 4328 Ἢ-

202 4371 342 4443 ήδέως
376 4377 587 4447 σεύτλῳ
624 4377 939 4448 χρώμενος,
994 4376 1023 4430 ὃ
1078 4376 1143 4447 δὴ
1202 4375 1458 4447 βητάκιον
1511 4375 1738 4431 καλοῦσι

1844 4373 1996 4430 berio
2022 4372 2241 4428 Caesare
2275 4369 2524 4424 tribunus
2564 4368 2797 4422 militum
2835 4371 2951 4421 beta
2977 4376 3062 4421 est
3091 4365 3411 4435 appellatus,

213 4463 459 4536 Ῥωμαῖοι.
521 4468 638 4521 Καὶ⁵
702 4466 990 4538 Ὁρπυλλὶς
1019 4465 1077 4519 δὲ
1129 4467 1164 4537 ή
1215 4465 1498 4536 Κυζικηνὴ
1550 4465 1741 4537 ἑταίρα
1772 4477 1808 4534 ι’]

1846 4468 1988 4535 quod
2020 4466 2111 4519 illa
2141 4463 2400 4518 libentius
2429 4460 2600 4515 herba
2646 4468 2911 4522 uteretur,
2943 4474 3065 4528 quae
3098 4475 3126 4512 a
3156 4457 3416 4511 Romanis

205 4555 387 4626 γάμμα.
426 4559 707 4629 Ἀντήνωρ
750 4559 807 4612 δὲ
836 4560 865 4611 6
891 4559 990 4621 τὰς
1034 4556 1318 4629 Κρητικὰς
1349 4557 1566 4628 γράψας
1595 4560 1738 4613 ίστο-

1849 4562 1965 4614 beta
1997 4557 2324 4611 nominatur.
2353 4552 2623 4622 Horpyllis
2647 4567 2793 4614 vero,
2822 4551 3147 4622 Cyzicenum
3168 4558 3414 4604 scortum

210 4649 302 4716 ρίας
331 4652 509 4706 δέλτα
547 4651 635 4705 διὰ
665 4651 726 4705 τὺ
748 4650 947 4719 ἀγαθὸς
975 4646 1114 4703 εἶναι
1145 4651 1239 4703 καὶ
1268 4650 1545 4717 φιλόπολις
1565 4667 1580 4683 ο
1615 4652 1741 4716 τοὺς

1846 4664 2058 4722 gamma
2115 4646 2416 4702 dicebatur.
2446 4644 2712 4709 Antenor,
2748 4644 2794 4697 is
2822 4643 2912 4711 qui
2944 4639 3290 4695 Cretensium
3326 4639 3412 4691 Ιιί-

208 4741 292 4811 76p
321 4746 543 4813 Κρῆτας
575 4744 636 4797 τὸ
663 4742 866 4812 ἀγαθὸν
890 4742 1069 4795 δέλτον
1090 4741 1276 4795 καλεῖν
1298 4740 1341 4796 ⁸.
1384 4739 1740 4805 Ἀπολλώνιος

1846 4741 2073 4796 storiam
2108 4735 2450 4805 conscripsit,
2496 4733 2653 4788 Delta
2676 4734 3087 4802 cognominatus
3138 4738 3243 4795 est,
3275 4730 3417 4797 quod

210 4831 245 4882 δ’
268 4835 347 4884 ὁδ’
374 4838 432 4889 ὲν
458 4837 576 4897 τοῖς
603 4833 698 4886 τοῦ
728 4831 1089 4901 Φιλοπάτορος
1114 4830 1324 4899 χρόνοις
1356 4829 1441 4881 ἐπ’
1485 4830 1743 4901 ἀστρονο⁸

1852 4836 2022 4889 bonus
2053 4838 2223 4889 esset,
2262 4836 2316 4882 et
2351 4826 2588 4880 civitatis
2622 4838 2834 4878 amans.
2875 4821 3230 4877 Cretensibus
3270 4821 3415 4876 enim

214 4924 292 4997 pi;
311 4928 633 4998 περιϐόητος
664 4924 899 4995 γεγονὼς
924 4941 954 4978 ε
973 4926 995 4957 ⁸
1023 4922 1288 4987 ἐκαλεῖτο,
1319 4920 1452 4974 διότι
1471 4921 1530 4974 τὸ
1558 4926 1739 4994 σχῆμα

1855 4927 2043 4980 bonum
2077 4921 2259 4975 δέλτον
2306 4917 2613 4989 signiﬁcare
2636 4914 2923 4971 alIirmant.
2952 4915 3045 4970 Sic
3081 4912 3440 4985 Apollonius,-

1476 5038 1708 5094 VARI/E
1739 5038 2137 5097 LECTIONES.

267 5136 308 5167 ⁸⁸
329 5137 385 5191 τδ
412 5138 632 5209 πρῶτον
684 5137 810 5209 καὶΔ
842 5135 914 5209 τδ-
951 5134 1199 5209 δεύτερον
1251 5150 1328 5209 ς’.Δ
1361 5203 1372 5209 _
1418 5133 1462 5209 "_’
1487 5133 1606 5209 libri
1651 5131 2085 5209 npoﬁst._1rpiv‘
2128 5129 2167 5180 Α
2222 5147 2237 5181 :
2388 5127 2520 5209 arpi»
2574 5143 2635 5189 ς.
2698 5124 2791 5209 Λξι
2846 5123 2908 5209 1:6
2953 5121 3002 5209 λ’.
3049 5123 3134 5209 AM:

211 5221 287 5257 τον
314 5189 377 5270 ς.
421 5189 520 5239 77"”
551 5189 706 5277 ἥρωα
742 5205 813 5277 »οἱ
873 5205 1087 5277 Κρῆτες
1110 5189 1179 5267 ’ς.
1260 5189 1470 5277 Vitium}
1517 5207 1562 5255 A
1595 5189 1914 5277 [καὶῗῦεοῦ
1974 5189 2214 5277 coming.
2282 5189 2811 5277 Casaubouuns‘pe};
2869 5192 3135 5277 ἀντίζ-ηθδ
3176 5189 3417 5277 Ὡμήᾷρουυ

215 5260 398 5330 ιιιιιι.Ἀ.
474 5279 522 5310 ’³
575 5260 697 5331 iibri
724 5260 1089 5346 Αύγαίουξεί
1128 5260 1247 5326 ῖιιοχ
1270 5272 1550 5346 Ῠᾼύγαίαν.
1626 5273 1671 5305 9⁸
1694 5274 1787 5346 καὶ
1813 5289 1924 5346 om.
1959 5270 2023 5324 Α.
2098 5267 2142 5299 ⁸⁷
2168 5260 2231 5346 γὲν
2256 5264 2531 5346 ,Λεπρέῳ]
2559 5266 2630 5346 οξ.
2662 5263 2868 5346 Muller.
2912 5280 2964 5333 p.
2993 5262 3120 5346 §75.
3181 5260 3426 5346 ,συνπερ-

215 5359 300 5411 κης
323 5328 404 5403 ΑἘ
441 5328 702 5417 λεύκης.
749 5328 830 5417 θ’θ’
869 5328 1066 5417 ἐρρέθη
1127 5360 1187 5407 ς.
1241 5344 1308 5417 ,θ’
1342 5328 1565 5417 ῥξνδρῴα
1614 5360 1675 5407 ς.
1723 5345 1769 5417 ’³
1812 5342 1998 5417 λθήλεα
2024 5356 2106 5417 ⁵ς.
2152 5408 2170 5417 _
2194 5340 2214 5369 ’
2244 5336 2339 5417 ἀπ’
2365 5328 2533 5417 αὑτοῦ
2573 5328 2948 5398 Casaubonus,
2992 5335 3137 5387 ἆπαν
3168 5329 3238 5393 Α,
3272 5328 3421 5384 ἀπαυ

217 5405 394 5473 αξιοι-ἰ.
462 5417 484 5450 ³
541 5405 704 5486 φασίν
733 5416 796 5470 Α.
871 5405 1100 5468 δίἱαλεΐν
1133 5405 1295 5482 φασιν
1341 5405 1557 5467 Ἀπολλ.
1582 5405 1642 5478 ς.
1721 5412 1763 5443 δ’
1799 5415 1829 5465 6
1859 5405 1981 5466 add.
2012 5410 2075 5462 Α.
2151 5408 2171 5439 ⁵
2196 5425 2221 5460 ε
2250 5410 2292 5460 Α
2320 5427 2334 5462 :
2361 5405 2544 5475 ὲψιλὸν
2571 5423 2629 5470 ς.

1690 5523 1918 5579 NOTAE.

306 5621 349 5687 Ι)
378 5622 517 5681 Vide
544 5623 797 5695 proverb.
833 5630 889 5678 et
917 5620 1058 5677 Plut.
1105 5619 1357 5676 Theseum
1390 5621 1508 5675 init.
1924 5615 2000 5679 (5)
2036 5612 2105 5665 Ut
2136 5611 2316 5665 ρατιοτί
2345 5625 2562 5692 quoque
2590 5609 2823 5679 gentium
2855 5607 3122 5690 historici.

281 5619 351 5759 ἓξ)
381 5694 541 5759 Supr.
576 5698 625 5752 in
650 5704 889 5759 excerpt.
935 5706 1003 5748 ex
1042 5692 1133 5748 lib.
1169 5707 1244 5758 tv,
1278 5692 1507 5747 similem
1538 5698 1741 5745 narrat.
1924 5685 1999 5759 (4)
2038 5682 2178 5749 Lege
2212 5697 2329 5747 nime
2369 5682 2433 5733 ad
2470 5681 2682 5759 Plulon.
2716 5681 2846 5749 Περὶ
2879 5697 2986 5735 των
3044 5693 3122 5750 με’

917 5668 1508 5758 ἐἶ
1538 5698 1741 5745 narrat.
2038 5682 2178 5749 Lege
2212 5697 2329 5765 quae
2364 5668 2433 5765 ad
2470 5668 2682 5765 ξηιίὶὸη.
2716 5681 2846 5749 Περὶ
2879 5680 2986 5735 τῶν
3044 5668 3425 5750 μετονομαξβτ·

226 5756 406 5818 retulit.
460 5756 473 5765 ’
814 5756 832 5764 ’
1230 5756 1236 5758 “
1881 5756 2051 5823 μένων
2082 5762 2261 5806 notata
2287 5758 2518 5805 exstant.
