4038 6398
217 308 304 371 ὴ29
1250 313 1772 378 BIBLIOTHECA.
1808 340 1878 353 -
1909 319 2074 381 COD.
2098 321 2253 385 CXC.

3303 325 3409 390 630

219 422 369 485 θείους
392 417 521 484 ἃλας
552 419 915 493 καλουμένους
945 423 1005 478 ἐν
1030 425 1224 480 κοίτιδι
1241 442 1257 459 ο
1284 428 1514 493 τούτους
1542 430 1599 482 δὲ
1638 428 1732 483 δύ-

1842 431 2018 499 titum,
2046 444 2097 489 et
2130 437 2374 491 ciborum
2402 438 2838 496 concoctionem.
2865 439 3041 510 Atque
3064 437 3195 494 hinc
3222 438 3407 494 locum

212 531 347 586 ναμιν
373 513 512 584 ἔχειν
544 514 819 585 ἀμήχανον
858 516 997 590 πρὸς
1034 518 1383 591 πολυφαγίαν
1427 523 1522 576 καὶ
1558 523 1739 593 ὄρεξιν

209 608 285 661 καὶ
312 606 480 676 πέψιν,
509 606 565 674 ἐξ
586 601 645 661 οὗ
667 607 855 663 λύεταί
885 626 967 663 σοι
989 610 1085 664 καὶ
1110 612 1193 667 τό·

320 698 521 754 Πάσσε
551 700 602 753 δ’
629 702 780 769 ἁλὸς
809 702 1012 786 θείοιο.

205 795 317 866 Περὶ
355 796 634 865 Ἀχιλλέως
665 796 759 851 τοῦ
782 800 1069 869 γηγενοῦς,
1094 802 1190 855 καὶ
1212 802 1321 857 ἀπὸ
1348 803 1458 860 τῶν
1490 804 1740 860 Ἰλιακῶν

202 887 295 938 ὅσοι
327 886 367 917 ¹⁸
393 886 635 954 ἐγένοντο
670 888 934 959 Ἀχιλλεῖς
956 891 1315 964 περιώνυμοι.
1351 896 1462 949 Καὶ
1485 896 1560 960 ὡς
1584 892 1739 962 οὗτος

199 976 225 1028 6
246 975 465 1046 γηγενὴς
503 976 811 1045 φεύγουσαν
838 979 937 1051 τὴν
970 980 1150 1052 Ἦραν
1183 982 1292 1036 ἀπὸ
1322 984 1424 1054 τῆς
1472 985 1566 1040 τοῦ
1617 986 1736 1052 Διὸς

206 1068 378 1139 μίξεως
410 1068 702 1136 ὑπεδέξατο
726 1072 784 1125 ἐν
802 1072 881 1144 τῷ
921 1074 1087 1129 αὑτοῦ
1122 1078 1326 1149 ἄντρῳ,
1358 1078 1454 1131 καὶ
1483 1079 1739 1134 ἀνέπεισε

201 1162 444 1215 συνελθεῖν
475 1163 552 1233 τῷ
574 1164 691 1217 Διί·
724 1165 820 1219 καὶ
853 1167 1080 1239 πρώτην
1108 1169 1254 1239 μίξιν
1290 1170 1472 1243 Ἥρας
1500 1174 1595 1227 καὶ
1618 1173 1741 1237 Διὸς

198 1254 371 1326 ταύτην
424 1258 676 1324 γενέσθαι
712 1260 895 1329 φασίν.
961 1261 1020 1315 '0
1069 1263 1127 1316 δὲ
1170 1265 1307 1328 Ζεὺς
1368 1267 1737 1336 ἐπηγγείλατο

208 1347 408 1416 Ἀχιλλεῖ
452 1350 663 1415 πάντας
694 1355 823 1417 τοὺς
856 1354 935 1425 τῷ
971 1354 1099 1427 [489
1150 1356 1243 1428 ἢ]
1294 1359 1520 1429 ὀνόματι
1572 1360 1737 1413 αὑτοῦ

198 1438 340 1510 κληθη
368 1441 627 1511 σομένους
652 1446 889 1517 περιωνύ
898 1465 1031 1517 μους
1054 1452 1323 1520 ποιήσειν.
1347 1453 1445 1506 Διὰ
1465 1452 1623 1506 τοῦτο
1644 1455 1740 1508 καὶ

205 1532 448 1602 Ἀχιλλεὺς
477 1536 826 1607 περιώνυμος
852 1542 880 1593 6
910 1544 1007 1609 τῆς
1055 1540 1293 1606 Θέτιδος.
1330 1545 1441 1598 Καὶ
1470 1547 1498 1598 6
1532 1546 1739 1616 Χείρω-

204 1640 276 1685 νος
309 1624 361 1677 δὲ
390 1626 710 1693 διδάσκαλος
760 1631 1035 1701 Ἀχιλλεὺς
1072 1634 1340 1701 ἐκαλεῖτο,
1379 1637 1473 1706 ἀφ’
1492 1632 1553 1692 οὗ
1586 1640 1682 1692 καὶ
1710 1641 1739 1692 6

196 1715 385 1784 Πηλέως
420 1717 463 1749 ”
490 1719 695 1792 ἐκλήθη
728 1721 833 1775 ὑπὸ
872 1724 1166 1795 Χείρωνος.
1204 1728 1314 1780 Καὶ
1345 1730 1373 1781 6
1422 1729 1514 1782 τὸν
1541 1730 1739 1800 ὀστρα-

194 1806 360 1874 κισμὸν
410 1808 709 1881 ἐπινοήσας
785 1812 1077 1885 Ἀθήνῃσιν
1121 1817 1397 1887 Ἀχιλλεὺς
1468 1821 1733 1888 ἐκαλεῖτο,

195 1898 285 1961 υἱὸς
311 1896 581 1964 Λύσωνος.
640 1903 749 1956 Καὶ
769 1905 891 1969 Διὸς
922 1908 1018 1960 καὶ
1054 1908 1270 1979 Λαμίας
1315 1911 1565 1982 Ἀχιλλέα
1602 1914 1736 1983 φασὶ

193 1989 408 2054 γενέσθαι
453 1992 497 2023 ’⁸
526 1994 591 2046 τὸ
646 1996 845 2061 κάλλος
881 1999 1183 2069 ἀμήχανον,
1238 2002 1297 2055 ὃν
1326 2004 1421 2057 καὶ
1480 2005 1737 2075 ἐρίσαντα

194 2080 297 2151 περὶ
324 2082 549 2147 κάλλους
583 2086 830 2155 νικῆσαι,
852 2088 947 2141 τοῦ
974 2089 1150 2153 Πανὸς
1179 2090 1467 2161 κρίναντος
1490 2110 1504 2123 ·
1530 2095 1624 2147 καὶ
1649 2095 1737 2149 διὰ

192 2171 321 2225 τοῦτο
363 2173 653 2247 Ἀφροδίτη
698 2178 741 2209 ¹⁹
780 2179 1133 2250 νεμεσήσασα
1180 2182 1439 2251 ἐμϐάλλει
1472 2186 1606 2238 Πανὶ
1644 2185 1737 2239 τὸν

201 2265 362 2335 Ἠχοῦς
398 2267 605 2338 ἔρωτα,
648 2270 742 2322 καὶ
775 2270 881 2342 μὴν
928 2272 1024 2325 καὶ
1072 2257 1473 2345 κατειργάσατο
1529 2280 1623 2332 καὶ
1655 2281 1737 2344 είς

198 2356 277 2424 τήν
306 2357 443 2409 ίδὲαν
468 2358 659 2424 αὐτὸν,
693 2360 843 2425 ὅπως
874 2362 939 2415 ἐκ
974 2363 1075 2431 τῆς
1135 2365 1349 2436 μορφῆς
1392 2368 1617 2439 αἰσχρὸς
1643 2370 1737 2423 καὶ

192 2446 449 2517 ἀνέραστος
468 2450 739 2519 φαίνοιτο.
760 2452 872 2505 Καὶ
894 2452 1136 2508 Γαλάτου
1155 2455 1299 2519 τινος
1319 2457 1432 2520 υίὸς
1459 2457 1735 2529 Ἀχιλλεὺς

193 2539 380 2611 ἐκλήθη,
411 2541 471 2595 δν
521 2543 591 2596 ἐκ
633 2545 859 2615 γενετῆς
891 2546 1075 2601 πολιὸν
1122 2548 1375 2616 γενέσθαι
1425 2552 1583 2620 φησί.
1624 2550 1738 2605 Kal.

194 2633 335 2703 ἕτεροι
375 2635 643 2706 Ἀχιλλεῖς
690 2638 975 2708 ἐπιφανεῖς
1015 2640 1272 2708 γεγόνασι
1324 2642 1370 2673 ὀ
1432 2641 1524 2695 ιδ’*
1563 2636 1639 2696 ὧν
1686 2643 1737 2697 οί

190 2722 262 2777 δύο
282 2726 432 2790 κύνες
466 2722 618 2799 ἦσαν
651 2730 745 2783 καὶ
778 2728 1073 2801 θαυμάσιοι
1117 2732 1188 2784 τὰ
1220 2733 1398 2786 κυνῶν
1432 2733 1587 2804 ἔργα.
1613 2734 1737 2789 Ὅτι

188 2818 402 2890 Πρίαμος
456 2822 589 2886 Διὸς
636 2823 915 2895 ἐρώμενος
966 2824 1177 2895 γένοιτο
1204 2867 1220 2893 ,
1273 2827 1367 2880 καὶ
1401 2826 1556 2881 λάϐοι
1603 2831 1736 2902 παρ’

188 2912 325 2965 αὑτοῦ
352 2913 449 2983 τὴν
478 2917 695 2987 χρυσῆν
720 2916 988 2986 ἄμπελον,
1021 2920 1089 2989 ἢν
1119 2918 1290 2990 δῶρον
1328 2920 1633 2991 Εὐρυπύλῳ
1660 2922 1740 2993 τῷ

187 3003 399 3075 Τηλέφου
452 3007 604 3078 ὑπὲρ
665 3010 983 3080 συμμαχίας
1035 3010 1272 3064 δίδωσιν.
1342 3012 1431 3076 Ὧς
1486 3014 1739 3078 Αἴσωπος

1840 525 1986 581 illum
2019 527 2224 583 clarum
2256 532 2490 585 evadere
2520 548 2536 585 :

2334 710 2460 765 Sale
2480 713 2705 781 aspersi!
2735 729 2911 771 sacro.

1837 798 1964 869 Agit
1992 809 2102 854 tum
2133 802 2200 856 de
2228 801 2436 858 Achille
2462 812 2608 857 terra
2636 806 2839 873 genito,
2862 815 2915 860 et
2946 814 3077 877 quot
3098 816 3220 878 post
3244 807 3410 863 Iliaca

1840 902 2083 964 tempora
2146 895 2289 950 fama
2353 897 2485 952 clari
2533 896 2774 955 Achilles
2824 900 3049 956 fuerint.
3098 901 3199 957 Hic
3246 909 3413 957 terra:

1837 986 1983 1044 illius
2012 988 2303 1056 Iunonem,
2333 991 2485 1049 Jovis
2517 1009 2871 1066 congressum
2903 996 3225 1063 fugientem,
3255 1007 3413 1049 antro

1839 1091 1939 1133 suo
1968 1080 2197 1149 recepit,
2232 1082 2611 1151 persuasitque
2646 1084 2711 1136 ad
2750 1081 2937 1137 Jovem
2962 1083 3186 1149 redire;
3216 1091 3269 1136 et
3296 1082 3413 1135 lia-ac

1839 1173 2014 1241 prima
2038 1171 2160 1241 fuit,
2180 1183 2239 1229 ut
2271 1173 2472 1241 ferunt,
2500 1174 2721 1230 Jovis‘et
2748 1174 2974 1230 Iunonis
3001 1176 3186 1231 coitio.
3207 1172 3409 1241 Quam-

1840 1264 2029 1317 obrem
2096 1263 2307 1335 Jupiter
2363 1279 2580 1335 quoque
2635 1266 2829 1321 Achilli
2894 1265 3167 1335 pollicitus
3210 1275 3296 1319 est
3330 1261 3411 1317 fa-

1839 1362 2055 1409 cturum
2073 1368 2155 1420 se,
2180 1364 2237 1409 ut
2259 1365 2524 1426 quotquot
2548 1354 2664 1425 ejus
2684 1372 2877 1411 nomen
2902 1358 3254 1419 sortirentur,
3281 1353 3415 1408 clari

1839 1447 2191 1502 exsisterent.
2214 1446 2506 1518 Propterea
2529 1457 2581 1503 et
2603 1449 2845 1504 Achilles
2868 1448 2956 1503 ille
2975 1448 3218 1503 Thetidis
3244 1448 3409 1513 filius,

1838 1533 2071 1588 illustris
2100 1536 2333 1589 exstitit.
2358 1534 2611 1590 Chironis
2642 1551 2860 1605 quoque
2900 1544 3199 1603 prmceptor
3229 1533 3415 1588 Achil-

1841 1625 1919 1681 les
1952 1627 2262 1681 nominatus
2294 1644 2310 1683 ;
2351 1629 2495 1683 unde
2532 1626 2676 1682 Pelei
2712 1626 2855 1683 filius
2892 1642 2988 1695 per
3010 1624 3299 1680 Chironem
3335 1624 3417 1679 sic

1842 1718 2165 1789 appellatus.
2220 1719 2445 1785 Adhaac,
2490 1721 2581 1789 qui
2631 1719 2840 1789 primus
2888 1717 3273 1772 ostracismum
3335 1714 3413 1785 (8)

1838 1809 2070 1866 Athenis
2093 1811 2442 1881 excogitavit,
2478 1811 2718 1867 Achilles
2751 1811 2947 1874 dictus,
2987 1809 3131 1863 ﬁlius
3163 1807 3410 1878 Lysouis.

1834 1904 1955 1960 Jovi
2013 1919 2231 1974 quoque
2295 1915 2350 1960 et
2398 1903 2601 1959 Lamiae
2665 1903 2906 1959 Achilles
2964 1904 3185 1973 quidam
3236 1910 3414 1966 natus,

1835 1999 2008 2063 aiunt,
2041 1996 2231 2067 1526
2259 1998 2709 2067 praestantissima
2761 1996 2923 2066 plane
2947 1997 3145 2059 forma,
3169 2004 3227 2049 ut
3250 1994 3414 2049 etiam

1836 2089 1903 2143 de
1935 2087 2341 2157 pulchritudine
2370 2088 2731 2153 contendens,
2771 2088 2920 2143 Pane
2957 2088 3057 2142 deo
3090 2086 3293 2156 judice,
3335 2085 3417 2139 vi-

1836 2179 1994 2234 cerit.
2029 2178 2104 2233 Ea
2126 2194 2258 2250 ergo
2282 2180 2349 2235 de
2378 2195 2543 2235 causa
2579 2178 2855 2235 Venerem
2892 2179 3253 2249 indignatam,
3280 2176 3416 2231 Pani

1838 2270 2019 2326 Echus
2057 2285 2299 2327 amorem
2329 2271 2657 2325 immisisse:
2682 2279 2738 2325 et
2765 2279 2915 2324 certe
2946 2270 3028 2324 sic
3060 2269 3416 2331 deformasse,

1833 2368 1897 2417 ιιι
1943 2363 2059 2433 ipsa
2130 2364 2395 2418 duntaxat
2457 2364 2639 2433 specie
2700 2363 2874 2432 turpis
2925 2372 2982 2417 et
3020 2360 3271 2415 amabilis
3322 2374 3422 2412 ne-

1836 2455 1972 2509 mini
2013 2455 2310 2511 videretur.
2362 2455 2591 2526 Insuper
2641 2464 2696 2510 et
2745 2454 2921 2508 Galati
2964 2454 3248 2522 cujusdam
3275 2451 3418 2505 (ilius

1835 2544 2075 2603 Achilles
2121 2556 2364 2612 vocatus,
2413 2561 2573 2616 quem
2624 2548 2691 2601 ab
2748 2548 2860 2617 ipsa
2896 2546 3177 2600 nativitate
3222 2559 3417 2599 canum

1837 2638 2006 2693 fuisse
2033 2637 2221 2693 refert.
2256 2637 2435 2695 Fuere
2460 2648 2516 2693 et
2551 2639 2644 2694 alii
2690 2638 2833 2694 fama
2874 2639 3115 2693 illustres
3148 2638 3417 2708 quinqua-

1839 2733 1989 2801 ginta
2025 2741 2262 2801 quatuor
2289 2731 2531 2787 Achilles
2564 2750 2579 2787 ι
2606 2748 2839 2800 quorum
2872 2732 2979 2787 duo
3007 2746 3204 2786 canum
3246 2730 3420 2784 instar

1838 2823 2198 2893 impudentes,
2246 2824 2495 2880 nefandis
2539 2838 2759 2895 quoque
2788 2825 3044 2894 operibus
3083 2821 3414 2877 admirandi.

1837 2916 2108 2983 Priamus,
2142 2916 2341 2985 inquit,
2368 2915 2515 2972 Jovis
2551 2916 2791 2971 amasius
2833 2916 3033 2981 factus,
3085 2928 3304 2968 auream
3350 2913 3419 2967 ab

1839 3021 1905 3062 eo
1922 3007 2132 3077 accepit
2162 3008 2349 3073 vitem,
2370 3022 2531 3077 quam
2548 3006 2638 3061 ille
2660 3016 2782 3076 post
2798 3006 3053 3077 Eurypilo
3068 3004 3288 3074 Telephi
3311 3003 3418 3057 filio

187 3097 465 3169 ἀναιρεθεὶς
486 3100 600 3154 ὑπὸ
630 3099 853 3169 Δελφῶν
886 3102 1173 3167 ἀνεϐίωσε,
1199 3103 1295 3158 καὶ
1314 3106 1661 3178 συνεμάχησε
1692 3106 1737 3139 ³³

1840 3099 1983 3169 quod
2012 3098 2158 3154 bello
2197 3099 2459 3155 auxilium
2485 3106 2775 3168 portasset,
2806 3098 3015 3151 muneri
3052 3096 3221 3151 dedit.
3257 3093 3422 3149 ᾹΞεοο

188 3193 279 3255 τοῖς
299 3192 525 3264 Ἕλλησι
563 3195 693 3264 περὶ⁹
735 3194 1119 3265 Θερμοπύλας.
1167 3196 1258 3260 Ὠς
1285 3197 1623 3269 Φιλοκτήτην
1679 3200 1737 3253 ἐν

189 3286 359 3356 Λήμνῳ
393 3288 597 3352 Πύλιος
628 3286 758 3360 [9.53
780 3290 845 3342 H.
864 3288 874 3360 Ι
893 3290 941 3320 ’³
969 3289 1250 3360 ίάτρευσεν
1272 3290 1386 3353 υίὸς
1416 3290 1736 3358 Ἡφαίστου,

189 3378 264 3430 καὶ
289 3379 448 3449 ἔμαθε
489 3382 632 3452 παρ’
662 3380 828 3435 αὑτοῦ
854 3382 951 3452 τὴν
983 3383 1229 3454 τοξικήν.
1272 3380 1360 3444 Ὠς
1380 3383 1736 3455 Σκαμάνδρου

188 3470 261 3523 τοῦ
290 3471 539 3542 ποταμοῦ
592 3475 707 3536 υίὸς
746 3474 936 3544 Μῆλος
964 3474 1176 3542 γένοιτο
1206 3474 1371 3538 καλὸς
1416 3476 1514 3546 τὴν
1562 3475 1735 3549 ὥραν,

188 3563 293 3633 περὶ
326 3560 382 3618 οὗ
430 3566 621 3637 ἐρίσαι
672 3565 836 3633 φασὶν
882 3567 1060 3638 Ἥραν
1112 3584 1171 3619 τε
1205 3566 1300 3621 καὶ
1359 3567 1592 3638 Ἀθηνᾶν
1643 3570 1740 3624 καὶ

197 3651 490 3725 Ἀφροδίτην
557 3653 700 3719 τίνος
745 3654 957 3722 γένοιτο
1016 3655 1222 3725 ἱερεὺς,
1285 3653 1633 3726 Ἀλέξανδρον
1680 3655 1739 3709 δὲ

188 3744 338 3813 κρῖναι
362 3747 529 3817 νικᾷν
570 3744 923 3816 Ἀφροδίτην·
947 3745 1012 3798 ἐκ
1053 3744 1257 3814 ταύτης
1280 3743 1412 3813 γοῦν
1451 3746 1550 3816 τῆς
1595 3745 1740 3799 ἱστο-

190 3833 288 3902 ρίας
316 3839 341 3889 6
370 3839 504 3907 περὶ
545 3835 639 3889 τοῦ
680 3836 851 3908 μήλου
900 3836 1059 3905 λόγος
1109 3836 1344 3907 διεδόθη.
1391 3837 1740 3909 Ὑπερμένης

188 3927 233 3979 ὲν
250 3928 317 3999 τῷ
337 3931 462 4001 περὶ
490 3928 632 3982 Χίου
671 3929 911 3999 Ὀμήρου
937 3928 1395 3998 φησὶθεράποντα
1418 3930 1672 3998 γενέσθαι
1695 3933 1741 3965 ³³

187 4019 456 4090 amissum
492 4021 725 4089 ὀνόματι
751 4036 766 4051 ο
817 4006 1014 4073 τοῦτον
1050 4019 1394 4090 ζημιωθῆναι
1449 4020 1555 4073 ὑπὸ
1592 4022 1740 4077 Χίων

185 4109 336 4178 χιλίας
361 4112 620 4185 δραχμὰς
658 4112 747 4165 διὰ
771 4112 832 4164 τὸ
876 4112 950 4180 μὴ
990 4111 1192 4165 καῦσαι
1224 4112 1624 4183 τελευτήσαντα
1651 4114 1742 4167 τὸν

185 4202 446 4275 δεσπότην.
489 4207 552 4258 ὐ
578 4204 633 4258 δὲ
658 4204 719 4256 τὸ
747 4204 979 4275 ὄργανον
1007 4202 1185 4276 εὑρὼν
1206 4205 1267 4258 τὸ
1296 4204 1439 4258 οὕτω
1466 4206 1739 4278 καλούμε-

184 4312 257 4348 νον
288 4297 584 4368 σκινδαψὸν
619 4297 933 4367 Ἐρετριεὺς
956 4296 1002 4328 ’⁸
1025 4292 1114 4366 ἦν,
1149 4297 1407 4368 Ποικίλης
1430 4297 1531 4367 τῆς
1565 4297 1736 4370 αὐλη-

181 4389 335 4457 τρίδος
372 4391 516 4454 υίός.
552 4388 735 4444 Ταῦτα
762 4389 856 4441 καὶ
880 4389 939 4440 τὸ
967 4394 1019 4454 ς’
1054 4387 1283 4457 βιϐλίον.

1842 3207 1943 3262 pus
1994 3207 2210 3261 quoque
2262 3192 2481 3262 Delphis
2522 3190 2842 3247 interfectus
2887 3190 3053 3243 vitam
3100 3188 3325 3256 recepit,
3366 3192 3424 3240 et

1843 3288 1910 3341 ad
1938 3285 2338 3355 Thermopylas
2374 3300 2499 3339 una
2534 3300 2654 3338 cum
2695 3281 2899 3337 Graecis
2927 3281 3200 3335 militavit.
3231 3280 3419 3334 Philo-

1840 3390 2037 3437 ctetem
2077 3380 2130 3435 in
2165 3379 2367 3434 Lemno
2397 3379 2569 3432 insula
2596 3376 2802 3448 Pylius,
2832 3373 3064 3428 Vulcani
3114 3373 3276 3437 illius,
3307 3385 3423 3425 me-

1843 3474 2018 3528 dendo
2046 3471 2276 3534 sanavit,
2299 3469 2572 3540 jaculandi
2610 3476 2784 3522 artem
2835 3465 3077 3521 vicissim
3110 3462 3176 3517 ab
3200 3479 3264 3518 eo
3292 3462 3422 3517 edo-

1843 3575 1990 3622 ctus.
2010 3566 2345 3621 Scamandro
2362 3562 2569 3618 ﬂumini
2595 3571 2780 3616 natum
2808 3560 2961 3615 aiunt
3009 3559 3178 3613 ﬁlium
3198 3558 3419 3621 Melum,

1843 3657 2043 3729 insigni
2089 3657 2336 3727 corporis
2374 3654 2547 3710 forma
2590 3652 2819 3722 ejusque
2862 3665 3028 3706 causa
3072 3648 3422 3704 contendisse

1843 3748 1996 3803 aiunt
2043 3745 2335 3810 Iunonem,
2392 3744 2690 3807 Palladem,
2722 3750 2777 3797 et
2819 3741 3112 3816 Venerem,
3143 3740 3295 3809 cujus
3318 3755 3420 3807 po-

1856 3840 2129 3896 tissimum
2159 3842 2415 3894 sacerdos
2453 3846 2621 3893 esset.
2656 3835 2907 3890 Paridem
2954 3848 3083 3903 ergo
3122 3832 3421 3901 judicando

1844 3932 2139 3987 secundum
2170 3931 2436 3987 Venerem
2464 3928 2787 3984 sententiam
2817 3926 3042 3991 dixisse,
3077 3932 3240 3994 atque
3261 3939 3326 3978 ex
3356 3938 3421 3976 ea

1847 4023 2076 4078 historia
2097 4022 2175 4093 (9)
2195 4020 2430 4076 fabulam
2451 4035 2572 4075 esse
2594 4022 2659 4073 de
2678 4017 2818 4071 malo
2833 4024 3030 4071 ortam.
3047 4013 3420 4085 Hypermenes

1851 4112 2043 4168 adhzec
2064 4112 2119 4167 in
2142 4127 2240 4167 sua
2270 4113 2338 4166 de
2367 4110 2506 4166 Chio
2537 4108 2875 4172 narratione,
2906 4104 3128 4159 Homeri
3158 4102 3419 4158 famulum

1844 4202 2016 4257 fuisse
2043 4200 2209 4257 refert
2261 4200 2623 4269 Scindapsum
2682 4197 2922 4261 nomine,
2976 4196 3235 4263 huucquee
3275 4193 3421 4246 mille

1842 4296 2083 4368 dragmis
2114 4310 2145 4350 a
2170 4294 2323 4351 Chiis
2350 4293 2657 4358 multatum,
2709 4289 2850 4359 quod
2901 4289 3100 4343 herum
3146 4293 3419 4339 mortuum

1842 4406 1949 4445 non
1984 4390 2305 4445 exussisset.
2336 4386 2407 4440 At
2439 4386 2529 4455 qui
2562 4383 2851 4453 σκινδαψὸν
2878 4383 2945 4436 ab
2984 4396 3048 4435 eo
3078 4377 3418 4435 nominatum

183 4482 579 4541 instrumentum
608 4484 719 4557 (10)
750 4484 977 4556 lyricum
1011 4484 1235 4552 reperit,
1268 4484 1513 4541 Eretrius
1560 4486 1677 4553 fuit,
1705 4496 1759 4543 et
1796 4486 2027 4543 Pmciles
2060 4488 2295 4543 tibicinae
2326 4485 2488 4540 ﬁlius.
2521 4481 2643 4538 Haec
2671 4480 2786 4537 fere
2837 4479 2961 4534 lihri
3006 4476 3145 4531 sexti
3207 4486 3419 4526 summa

182 4586 263 4631 est.

249 4668 328 4721 Ἐν
348 4670 404 4723 δὲ
437 4671 522 4741 τῷ
548 4672 591 4736 ζ’
634 4671 948 4743 περιέχεται
980 4670 1054 4735 ὡς
1080 4671 1353 4743 Θεόδωρος
1378 4675 1406 4726 6
1429 4673 1725 4745 Σαμοθρᾲξ

1910 4671 2159 4740 Septimo
2208 4668 2440 4737 denique
2483 4666 2625 4720 libro
2667 4664 2736 4719 de
2788 4664 2872 4717 his
2899 4660 3011 4729 agit
3050 4654 3415 4713 :Theodorus

180 4759 255 4813 τὴν
282 4763 374 4816 Δία
424 4765 564 4833 φησί¹
606 4764 935 4832 γεννηθέντα
984 4765 1076 4816 ἐπὶ
1101 4764 1240 4817 ἐπτὰ
1278 4764 1494 4836 ἡμέρας
1522 4767 1731 4820 ἀκατά-

180 4865 397 4907 παυστον
430 4854 687 4923 γελάσαι,
719 4855 814 4908 καὶ
856 4855 945 4909 διὰ
968 4854 1126 4908 τοῦτο
1153 4854 1359 4922 τέλειος
1408 4856 1668 4928 ἐνομίσθη
1705 4859 1734 4911 6

1838 4764 2166 4821 Samothrax
2196 4769 2382 4814 narrat
2435 4757 2622 4813 Jovem
2661 4763 2847 4809 natum
2879 4761 3086 4821 septem
3129 4748 3416 4803 continuos

1843 4858 1959 4914 dies
2010 4856 2195 4911 risisse
2240 4851 2377 4925 (11),
2428 4851 2663 4920 indeque
2711 4845 3085 4917 septenarium
3125 4856 3415 4899 numerum

1480 5019 1709 5076 VARl/E
1745 5021 2145 5078 LECTIONES-

241 5139 281 5169 ¹⁶
327 5140 439 5193 ὅσοι
498 5148 623 5191 ante
675 5139 784 5191 ἀπὸ
833 5138 986 5205 ponit
1039 5155 1195 5201 ς.--
1227 5138 1303 5200 ὡς
1332 5137 1452 5193 add.
1504 5138 1567 5192 A.
1645 5140 1688 5169 "’
1719 5140 1923 5211 πηλεῦς
1954 5142 2020 5195 A.
2097 5140 2148 5173 ια
2179 5136 2435 5205 γενέσθαι
2484 5135 2618 5203 φασὶ
2641 5151 2702 5197 ς.

241 5225 338 5281 σαν
372 5209 756 5281 ἐμϐάλλειν-ς.
843 5210 889 5240 ὀ
914 5209 1169 5281 γεγονασι
1203 5207 1274 5259 νδ¹
1306 5225 1368 5271 ς.
1466 5210 1507 5240 ²¹
1544 5211 1838 5280 συνεμάχει
1870 5240 1938 5251 ——
1962 5210 2324 5281 Θερμοπύλης
2354 5225 2415 5272 ς’.
2515 5207 2561 5239 ³³
2598 5204 2702 5274 Πή)

184 5224 338 5279 σασαν
372 5209 663 5279 ἐμϐάλλειν
698 5226 756 5272 ς.
843 5210 889 5240 ὀ
914 5209 1169 5279 γεγόνασι
1203 5207 1274 5259 νδ¹
1306 5225 1368 5271 ς.

181 5277 350 5333 τοῦτον
378 5277 420 5333 A
453 5299 467 5335 :
493 5282 586 5333 καὶ
607 5279 794 5332 τοῦτον
816 5296 877 5343 ς.
954 5278 1000 5311 ³⁸
1025 5277 1298 5349 Ἐρέτριος
1331 5296 1393 5342 ς.

2783 5133 2829 5166 ³³
2865 5127 3214 5199 Ἀφροδίτην⁸
3240 5122 3414 5195 μισήο

2515 5207 2561 5239 ’³
2598 5196 2796 5274 Πήλιος
2830 5218 2892 5266 ς.
2942 5196 3013 5231 ἐ’
3042 5196 3161 5268 γενζ
3193 5196 3311 5267 θερ.
3345 5210 3409 5260 ς.

1669 5424 1904 5481 ΝΟΤΖΕ.

244 5539 511 5614 (8)(ὶῃεηι
540 5542 777 5614 explicat
810 5542 963 5597 Diod.
1013 5541 1177 5598 Sicul.
1227 5541 1301 5596 lib
1334 5557 1412 5608 x1,
1462 5552 1516 5597 et
1567 5543 1721 5597 Suid.

183 5612 362 5674 su'pius
401 5611 542 5666 Plut.

186 5679 543 5805 “15215.net”
576 5682 844 5756 vulgarem
890 5684 1210 5739 sententiam
1244 5683 1438 5760 Hygini
1466 5683 1599 5741 Fab.
1632 5685 1721 5752 9‘2,

1910 5541 2025 5608 (10)
2058 5542 2256 5596 Athen.
2293 5539 2579 5605 describit,
2615 5538 2708 5592 lib.
2744 5552 2844 5605 Iv.,
2875 5545 2931 5591 et
2966 5536 3221 5608 Eustath.

1907 5613 2025 5685 (ll),
2052 5612 2225 5685 Uuum
2268 5612 2616 5685 Zoroastren:
2656 5610 2990 5685 eoilenrquo
3010 5607 3231 5685 genitus
3262 5614 3423 5659 esset-

1834 5675 1945 5744 die‘,
1986 5675 2174 5805 riigisse
2216 5699 2312 5753 pro
2347 5682 2500 5736 valde
2552 5679 2770 5737 insolito
2796 5675 2968 5737 adfert
3008 5678 3148 5733 Plin.
3179 5675 3273 5732 lib.
3308 5689 3413 5742 vii,

1840 5770 1957 5811 cnu.
2064 5790 2076 5805 .
