4038 6486
557 361 659 423 ιιι
1696 360 1959 421 ΡΙΙΟΤΠ
1990 358 2496 420 ΡΑΤΒΙΑΒΟΗΕ
2532 358 2647 421 CP.
3720 344 3853 410 632

559 483 659 541 pro
707 468 947 539 perfecto
988 470 1339 527 mstimatum.
1387 470 1680 535 Achillem,
1731 471 1873 540 quod
1913 486 1979 524 ex
2011 470 2132 540 igne

2249 468 2459 538 ἐσδομος
2504 469 2551 502 ³⁸
2594 466 2851 540 άριιμύς.
2894 467 2981 530 '0;
3040 463 3321 535 Ἀχιλλεὺς
3374 462 3465 517 διὰ
3516 461 3616 531 μὲν
3661 459 3739 514 τὸ
3773 460 3853 511 ἐκ

560 568 809 615 servatus
834 561 927 626 sit,
964 576 1085 616 cum
1128 561 1277 615 illum
1312 569 1484 615 mater
1514 561 1792 627 adureret,
1821 560 2134 632 Pyrissoum

2249 561 2411 631 πυρὸς
2452 560 2617 614 αὑτὸν
2646 557 2885 627 σωθῆναι
2915 556 3191 627 καόμενον
3217 556 3264 589 ⁸⁵
3315 554 3420 609 ὑπὸ
3470 554 3570 622 τῆς
3603 548 3854 621 μητρὸς

572 650 751 723 [quasi
786 654 850 706 ab
882 654 999 722 igne
1026 652 1311 724 servatum]
1335 652 1482 722 prius
1512 668 1632 708 esse
1676 654 1901 708 dictum.
1921 652 1988 706 At
2010 636 2136 721 quia

2249 653 2539 723 [Ῑυρίσσοος
2568 651 2837 715 ἐκαλεῖτο,
2865 650 2998 705 διότι
3029 650 3072 681 ’⁷
3099 649 3158 702 δὲ
3185 647 3244 700 ἒν
3264 648 3373 702 τῶν
3394 646 3625 718 χειλέων
3652 640 3855 697 αὐτοῦ

564 747 769 801 labrum
805 746 971 815 ipsius
1001 747 1229 801 alterum
1250 748 1499 802 adustum
1530 758 1668 811 erat,
1698 758 1978 818 propterea
2012 762 2135 803 eum

2249 742 2630 814 κατακαυθείη,
2676 743 2949 813 Ἀχιλλεὺς
2978 740 3085 795 ὑπὸ
3123 738 3217 795 τοῦ
3254 740 3461 810 πατρὸς
3491 736 3851 807 ὠνομάσθη.

563 847 717 908 pater
733 837 993 892 Achillem
1016 837 1323 907 appellavit.
1349 837 1571 894 Sirenes
1590 837 1993 904 Telemachum,
2014 853 2139 893 cum

2249 838 2365 891 ὐτι
2422 836 2745 908 Τηλέμαχον
2807 835 3109 899 Ὀδυσσέως
3168 832 3287 888 tile
3350 831 3629 903 μαθοῦσαι
3679 829 3857 883 εἶναι

564 946 685 987 enim
724 929 928 999 Ulyssis
971 928 1141 985 lilium
1192 945 1314 986 esse
1349 930 1693 995 didicissem,
1727 930 2137 987 interfecerunt.

2249 930 2449 984 ἀνεῖλον
2491 931 2547 983 αἱ
2595 929 2871 1000 Σειρῆνες.
2929 928 3019 992 '0;
3070 927 3362 990 Ὀδυσσεὺς
3424 926 3485 979 ὲν
3536 921 3853 995 Τυρρηνίᾳ

568 1021 787 1094 Ulysscs
828 1024 878 1077 in
910 1023 1211 1093 Tyrrhenia
1246 1026 1375 1079 tibia
1411 1026 1664 1091 certavit,
1697 1040 1761 1079 ac
1801 1026 1951 1081 vicit.
1980 1024 2137 1081 Ceci-

2249 1020 2544 1090 ἠγωνίσατο
2589 1021 2910 1091 αὐλητικὴν,
2975 1019 3073 1075 καὶ
3142 1018 3433 1089 ἐνίκησεν⁹
3507 1014 3721 1086 ηὔλησε
3785 1013 3857 1067 δὲ

566 1113 647 1167 nit
677 1124 859 1169 autem
896 1111 1182 1168 Demodoci
1214 1114 1329 1183 (l2)
1363 1130 1552 1183 poema
1601 1119 1666 1171 de
1701 1113 1877 1185 Troiae
1904 1116 2138 1172 excidio.

2253 1110 2409 1163 Ἰλίου
2441 1110 2661 1173 ἅλωσιν,
2694 1110 3005 1181 Δημοδόκου
3055 1108 3271 1178 ποίημα
3299 1107 3346 1138 ⁸⁸
3382 1122 3399 1137 °
3432 1105 3509 1170 ὡς
3554 1104 3798 1174 Στίχιος
3823 1104 3858 1154 ὁ

570 1204 821 1260 Inventus
859 1215 942 1260 est
978 1206 1219 1261 Stichius
1262 1205 1502 1270 Etolus,
1557 1206 1803 1261 Herculis
1863 1209 2137 1271 amasios,

2249 1204 2497 1267 Αἰτωλὸς,
2527 1204 2802 1275 ἐρώμενος
2826 1202 2902 1256 ὢν
2952 1201 3309 1273 Ἡρακλέους,
3341 1198 3554 1271 ἐὑρέθη
3600 1199 3856 1265 ἀνασχιο

566 1310 688 1350 cnm
733 1306 1037 1362 secaretur,
1090 1298 1359 1352 hirsutum
1412 1297 1529 1369 (l3)
1561 1313 1657 1352 eor
1709 1299 1930 1353 habere.
1966 1297 2141 1354 luter-

2249 1297 2394 1360 σθεὶς
2425 1298 2839 1368 τετριχωμένην
2890 1295 3032 1366 ἔχων
3067 1295 3165 1366 τὴν
3197 1294 3431 1365 καρδίαν
3452 1308 3467 1322 ⁸
3507 1290 3765 1363 ἀνῃρέθη
3800 1289 3856 1341 δ’

564 1385 745 1440 fectus
789 1400 919 1440 vero
963 1396 1046 1440 est
1075 1385 1143 1440 ab
1185 1388 1300 1455 ipso
1333 1384 1587 1450 Hercule,
1620 1389 1746 1443 dum
1788 1385 1973 1442 furore
2016 1402 2143 1441 cor-

2249 1390 2333 1445 ύπ“
2370 1389 2536 1443 αὐτοῦ
2591 1389 2945 1460 Ἡρακλέους,
2984 1391 3072 1442 ὅτε
3117 1388 3307 1458 μανεὶς
3354 1384 3615 1447 καὶτοὺς
3661 1383 3855 1445 ἰδίους

568 1486 751 1545 replus
779 1476 885 1540 hic,
912 1491 1040 1531 suos
1068 1492 1282 1546 quoque
1308 1478 1507 1533 liberos
1557 1480 1791 1545 occidit;
1833 1479 2143 1549 adduntque

2249 1483 2419 1540 ἀνεῖλε
2452 1482 2679 1546 παῖδαςο
2717 1484 2810 1535 καὶ
2855 1482 2949 1535 ἐπὶ
2992 1481 3169 1551 τούτῳ
3204 1479 3352 1550 μόνῳ
3379 1477 3516 1547 φασὶ
3551 1475 3855 1546 θρηνῆσαι

567 1577 789 1637 propter
819 1568 989 1621 solum
1029 1568 1171 1623 hunc
1210 1569 1430 1625 heroem
1476 1570 1622 1624 illum
1674 1570 1893 1625 luxisse.
1928 1569 2142 1625 Meren-

2249 1574 2335 1628 τδν
2375 1574 2550 1645 ἥρωα.
2601 1573 2688 1634 '0;
2722 1575 2767 1606 ³⁸
2832 1571 3043 1643 Ἑρμῆς
3122 1569 3493 1633 Πολυδεύκους
3541 1567 3662 1629 ἑνὸς
3720 1563 3853 1618 τῶν

568 1660 686 1713 rius
734 1657 991 1724 Pollucis,
1044 1659 1205 1715 unius
1255 1662 1630 1730 gemellorum,
1697 1676 1883 1715 amore
1930 1672 2140 1731 captus,

2249 1666 2583 1736 Διοσκούρων
2623 1667 2667 1699 ³ο
2724 1667 2967 1736 γεγονὼς
3013 1666 3252 1737 ἐραστὴς
3311 1666 3628 1735 ἐδωρήσατο
3677 1660 3852 1729 αὐτῷ

570 1750 763 1821 153a
792 1750 1108 1806 Thessalico
1165 1767 1288 1807 eum
1328 1767 1467 1822 equo
1493 1755 1734 1807 muneris
1761 1754 1878 1809 loco
1899 1755 2139 1810 donavit.

2249 1759 2466 1828 Δώτορα
2496 1759 2541 1789 ⁸¹
2584 1758 2677 1812 τὸν
2721 1758 2994 1812 Θεσσαλὸν
3058 1759 3246 1812 ἵππον.
3290 1757 3418 1810 ’Ὁτι
3486 1753 3851 1816 ’Λπόλλωνος

564 1841 699 1898 Cum
729 1841 918 1911 Apollo
934 1842 1188 1897 funebres
1229 1845 1417 1899 ederet
1445 1844 1595 1898 ludos
1622 1844 1877 1916 Pythoni,
1908 1848 2143 1901 certavit

2249 1849 2618 1912 ἐπιτελοῦντος
2657 1849 2947 1916 ἐπιτάφιον
2983 1848 3199 1901 Πύθωνι
3248 1845 3467 1898 παλαίει
3520 1843 3566 1875 ⁸³
3613 1842 3847 1911 Ἐρμῆς

567 1934 638 1989 ibi
668 1934 969 1989 Mercurius
1000 1949 1077 1998 ac.
1094 1934 1295 1999 Venus,
1328 1943 1384 1990 et
1412 1936 1604 1990 victrix
1640 1937 1749 2001 illa,
1786 1938 1990 2008 praemii
2026 1939 2144 1993 loco

2249 1944 2343 1997 καὶ
2374 1942 2687 2013 Ἀφροδίτη,
2718 1942 2812 1996 καὶ
2837 1940 3161 2011 κρατήσασα
3186 1939 3234 1971 ³³
3275 1933 3440 1991 ἆθλον
3470 1934 3634 1990 ἔλαϐε
3664 1933 3848 1988 κιθά-

566 2026 832 2080 citharam
869 2027 1101 2090 accepit,
1142 2042 1247 2096 qua
1280 2035 1401 2096 post
1422 2029 1647 2091 donavit
1682 2028 1953 2098 Paridem,
1989 2031 2144 2102 cuius

2249 2054 2367 2109 ραν,
2420 2037 2488 2107 ἢν
2532 2035 2631 2089 καὶ
2672 2032 2989 2106 ἐδωρήσατο
3039 2030 3405 2101 Ἀλεξάνδρῳ·
3452 2030 3583 2100 περὶ
3611 2022 3685 2099 ἧς
3736 2026 3846 2080 καὶ

562 2127 621 2173 et
659 2116 925 2172 Homerus
957 2116 1039 2171 sic
1070 2118 1313 2173 tueminit
1344 2134 1358 2172 :

2249 2130 2514 2200 Ὄμηρος·

954 2204 1075 2261 Νοη
1104 2208 1198 2261 tibi
1227 2208 1484 2276 profuerit
1522 2208 1728 2263 cithara

2379 2222 2502 2275 Οὐκ
2531 2220 2610 2273 ἄν
2631 2236 2721 2274 τοι
2746 2218 3010 2290 χραίσμῃ
3034 2216 3291 2284 κίθαρις,

562 2308 618 2353 et
647 2314 769 2369 qua:
792 2310 1112 2369 sequuntur.

2249 2314 2338 2368 καὶ
2361 2311 2489 2380 ἑξῆς
2506 2312 2575 2365 ³⁸.

634 2392 787 2461 Apud
808 2391 1190 2463 Bacchylidem
1232 2392 1359 2461 quid
1392 2393 1484 2458 sit,
1524 2394 1664 2461 quod
1702 2404 1956 2463 tauquam
1986 2408 2016 2447 a
2054 2392 2142 2447 Si.

564 2486 688 2539 leno
730 2484 935 2539 dictum
973 2484 1163 2550 refert,
1204 2496 1258 2540 et
1290 2486 1373 2541 cui
1415 2487 1517 2541 hoc
1560 2500 1779 2540 carmen
1822 2486 2143 2555 pronuntia-

562 2585 701 2631 tum.
740 2574 950 2631 Leucas
984 2578 1104 2648 (14)
1152 2586 1328 2647 petra,
1377 2577 1575 2646 inquit,
1635 2592 1665 2630 a
1720 2576 1898 2631 Leuco
1939 2575 2144 2647 Ulyssis

560 2670 712 2727 socio
777 2686 971 2725 nomen
1026 2672 1299 2741 sumpsit,
1357 2671 1447 2739 qui
1515 2685 1716 2738 genere
1770 2669 2140 2741 Zacynthios,

568 2763 889 2819 interfectus
932 2773 1017 2819 est
1070 2763 1165 2833 (ut
1209 2764 1376 2819 refert
1422 2764 1536 2834 (l5)
1583 2763 1887 2833 Homerus)
1917 2763 1985 2818 ab
2029 2764 2143 2818 An—

566 2857 741 2927 tipho.
800 2857 957 2913 Hunc
1021 2872 1240 2928 quoque
1298 2857 1578 2912 dedicasse
1655 2857 1847 2926 ferunt:
1889 2856 2141 2924 templum

564 2948 805 3018 Apollini
832 2948 1100 3005 Leucatze.
1144 2948 1250 3003 Eos
1282 2949 1465 3017 igitur,
1501 2950 1592 3019 qui
1634 2948 1740 3004 hoc
1776 2948 1974 3003 saliant
2010 2962 2142 3002 saxo

564 3054 753 3093 amore
793 3039 1035 3106 liberari,
1074 3048 1236 3111 atque
1294 3042 1434 3096 hanc
1461 3056 1584 3096 esse
1617 3055 1856 3095 causam.
1896 3040 2027 3095 Post
2056 3040 2143 3094 in-

2318 2403 2444 2476 [492
2464 2401 2559 2475 R.]
2577 2403 2641 2456 Τί
2656 2404 2771 2456 ἐστι
2785 2401 2847 2454 τὸ
2864 2402 3014 2470 παρὰ
3030 2398 3330 2469 Βακχυλίδῃ
3342 2398 3417 2461 ὡς
3432 2397 3542 2453 ἀπὸ
3566 2395 3835 2465 Σειληνοῦ

2244 2495 2556 2565 εἰρημένον,
2589 2494 2688 2547 καὶ
2714 2494 2850 2563 πρὸς
2879 2492 3002 2545 τίνα
3024 2488 3147 2545 εἷπε
3169 2490 3229 2544 τὸ
3259 2489 3410 2553 ἔπος.
3440 2488 3580 2556 ’0ςὴ
3611 2485 3835 2548 Λευκάς

2244 2590 2421 2660 πέτρα
2458 2587 2567 2640 ἀπὸ
2606 2584 2815 2641 Λεύκου
2844 2583 2939 2637 τοῦ
2972 2582 3275 2643 Ὀδυσσέως
3309 2580 3536 2650 ἑταίρου
3564 2578 3667 2649 τὴν
3694 2577 3840 2645 κλῆ-

2245 2698 2331 2733 σιν
2384 2678 2592 2741 έλαὸεν,
2639 2676 2698 2739 ὃς
2739 2674 3039 2737 Ζακύνθιος
3087 2672 3188 2743 μὲν
3225 2672 3381 2739 γένος
3431 2666 3536 2741 ἦν,
3582 2669 3836 2740 ἀνῃρέθη

2243 2770 2311 2833 δ’,
2346 2770 2420 2833 ὥς
2448 2785 2613 2839 φησιν
2639 2768 2668 2821 ὀ
2708 2765 2962 2836 ποιητὴς,
2996 2761 3091 2817 ὑπ’
3127 2762 3377 2830 Ἀντίφου
3405 2776 3419 2790 ·
3456 2759 3648 2814 τοῦτον
3686 2759 3838 2830 ἱδρύε-

2246 2862 2442 2918 σασθαί
2496 2879 2627 2931 φασι
2657 2861 2750 2915 καὶ
2790 2861 2935 2930 ἱερὸν
2974 2859 3255 2913 Λευκάτου
3290 2858 3650 2920 Ἀπόλλωνος.
3688 2856 3837 2919 Τοὺς

2248 2957 2348 3029 μὲν
2395 2951 2490 3011 οὖν
2522 2954 2963 3025 καθαλλομένους
3001 2952 3109 3005 ἀπὸ
3162 2951 3261 3021 τῆς
3288 2950 3497 3021 πέτρας
3553 2945 3836 3003 παύεσθαί

2247 3065 2381 3119 φασι
2402 3047 2499 3102 τοῦ
2534 3046 2756 3116 ἔρωτος.
2789 3044 2899 3097 Καὶ
2938 3044 2971 3113 ὴ
3016 3044 3197 3097 αίτία’
3230 3041 3369 3113 μετά
3399 3041 3491 3094 τὸν
3518 3040 3831 3104 Ἀδώνιδος,

567 3129 854 3186 terfectum
902 3130 1231 3197 Adonidem,
1268 3131 1652 3186 obambulasse
1695 3142 1941 3196 narrant,
1983 3143 2143 3201 atque

2249 3139 2376 3207 φασὶ
2393 3139 2460 3201 ³³,
2493 3137 2724 3191 θάνατον
2756 3134 3162 3207 περιερχομένη
3186 3132 3282 3186 καὶ
3300 3130 3539 3201 ζητοῦσα
3566 3133 3598 3201 ἡ
3624 3129 3833 3199 Ἀφρο-

565 3238 687 3277 eum
713 3224 1067 3294 iuvestigasse
1090 3224 1376 3291 Venerem,
1402 3235 1784 3297 repertumque
1800 3226 1955 3296 Argi,
1980 3226 2141 3298 Cypri

568 3315 814 3384 civitate,
869 3315 921 3371 in
975 3314 1238 3384 Apollinis
1286 3314 1478 3370 Erithii
1526 3315 1677 3380 fano,
1722 3318 1919 3384 cbrpus
1959 3332 2143 3371 secum

568 3407 843 3471 avexisse,
874 3421 1132 3461 sermone
1165 3407 1330 3460 etiam
1362 3422 1483 3461 cum
1510 3406 1755 3476 Apolline
1784 3408 1849 3461 de
1882 3406 2146 3461 Adonidis

572 3512 758 3553 amore
784 3497 1000 3553 collato.
1044 3496 1198 3553 llunc
1244 3514 1375 3569 ergo
1413 3514 1534 3553 eam
1563 3500 1616 3553 in
1657 3497 1906 3552 Leucada
1934 3508 2143 3566 petram

572 3588 883 3655 adduxisse,
911 3596 965 3643 et
992 3588 1322 3659 praecipitem
1355 3591 1476 3645 inde
1496 3593 1625 3645 dare
1650 3604 1771 3645 sese
1796 3589 2023 3658 jussisse
2047 3607 2060 3642 :
2090 3599 2147 3645 et

573 3694 704 3739 vero
740 3693 878 3737 saxo
906 3680 1212 3744 salientem,
1237 3663 1441 3739 amor-is
1461 3691 1594 3736 testu
1631 3682 1940 3738 liberatam.
1970 3680 2148 3737 Inter-

571 3781 797 3839 rogante
829 3786 992 3839 porro
1021 3771 1118 3831 dea
1152 3788 1393 3838 causam,
1417 3772 1759 3844 respondisse
1784 3772 1963 3829 ferunt
1984 3774 2147 3846 Apol.

572 3861 760 3936 linem,
791 3864 931 3933 quod
969 3873 1120 3921 vates
1142 3881 1265 3920 cum
1305 3876 1476 3931 esset,
1528 3866 1749 3920 sciverit
1790 3864 1976 3920 Jovem
2006 3883 2146 3936 quo-

570 3969 678 4022 que
708 3970 925 4023 semper
954 3955 1184 4013 Juuonis
1224 3973 1409 4012 amore
1454 3968 1692 4028 captum,
1724 3960 1791 4013 ad
1821 3975 2012 4014 saxum
2046 3962 2147 4016 hoc

571 4047 891 4111 accessisse,
915 4058 1079 4118 atque
1127 4050 1175 4106 ei
1216 4049 1500 4109 insidendo
1525 4050 1727 4106 amoris
1771 4050 2145 4121 impotentiam

569 4137 810 4213 sedasse,
838 4141 1258 4211 compluresque
1302 4141 1439 4201 alios
1472 4142 1753 4211 utriusque
1794 4158 1957 4198 sexus
2005 4159 2147 4197 mor-

571 4230 706 4297 tales
729 4246 915 4287 amore
939 4233 1218 4296 ardentes,
1257 4233 1448 4287 eodem
1483 4233 1759 4302 liberatos,
1792 4250 1858 4290 ex
1890 4234 1990 4290 hoc
2012 4250 2148 4292 saxo

569 4321 911 4391 desilientes.
934 4324 1027 4379 Sic
1047 4325 1396 4382 Artemisiam
1422 4325 1563 4383 illam
1590 4326 1933 4398 Lygdamidis
1958 4329 2144 4393 ﬁliam,

567 4431 689 4486 qua:
723 4414 904 4472 Persa:
945 4416 1217 4487 militavit,
1246 4431 1432 4471 amore
1467 4430 1684 4487 captam
1731 4419 1965 4475 Dardani
2007 4421 2150 4493 Aby-

2247 3231 2365 3301 δίτη
2416 3224 2574 3298 εὗρεν
2613 3226 2777 3280 αὐτὸν
2826 3228 2883 3278 ὲν
2910 3227 3105 3293 Ἀργει
3158 3222 3312 3276 πόλει
3348 3222 3450 3291 τῆς
3484 3221 3740 3292 Κύπρου,
3773 3222 3833 3274 ἐν

2246 3322 2324 3391 τῷ
2352 3320 2447 3374 τοῦ
2477 3321 2523 3352 ³⁸
2554 3320 2761 3390 ἐριθίου
2795 3315 3133 3378 ’Λπόλλωνος
3169 3314 3321 3387 ἱερῷ,
3353 3314 3452 3367 καὶ
3481 3314 3697 3367 ἀνεῖλεν
3728 3313 3832 3366 αύο

2246 3414 2359 3480 τὸν,
2386 3410 2876 3481 άνακοινωσαμένη
2903 3408 3204 3463 Ἀπόλλωνι
3246 3408 3343 3461 καὶ
3369 3406 3461 3460 τὸν
3506 3408 3639 3477 περὶ
3664 3404 3834 3458 Ἀδώσ

2247 3504 2387 3567 νιδος
2416 3503 2616 3570 ἔρωτα.
2656 3502 2713 3554 '0
2745 3501 2788 3554 δ’
2820 3498 3095 3554 Ἀπόλλων
3143 3496 3367 3566 ἀγαγὼν
3403 3494 3573 3566 αὐτὴν
3605 3496 3699 3549 ἐπὶ
3731 3495 3833 3566 τὴν

2246 3595 2500 3651 Λευκάδα
2536 3595 2743 3666 πέτραν
2766 3590 3072 3663 προσέταξε
3104 3590 3259 3660 ῥῖψαι
3294 3588 3439 3641 κατά
3466 3587 3565 3649 τῆς
3588 3588 3829 3655 πέτρας·

2247 3690 2281 3759 ἠ
2297 3688 2354 3742 δὲ
2385 3687 2589 3758 ἑαυτὴν
2630 3684 2836 3757 ῥίψασα
2862 3683 3143 3737 ἐπαύσατο
3169 3681 3266 3736 τοῦ
3298 3682 3519 3752 ἔρωτος.
3544 3679 3833 3749 Ζητούσης

2247 3780 2305 3834 δὲ
2347 3780 2447 3850 τὴν
2499 3777 2681 3830 αἰτίαν
2735 3778 2910 3829 εἰπεῖν
2957 3775 3173 3844 λέγεται
3227 3773 3321 3827 τὸν
3362 3773 3701 3834 Ἀπόλλωνα,
3754 3771 3833 3833 ὡς

2251 3872 2444 3942 μάντις
2478 3868 2554 3922 ὣν
2590 3868 2822 3941 ἐγνώκει
2856 3868 2992 3921 διότι
3042 3869 3070 3922 ὁ
3119 3869 3255 3931 Ζεὺς
3304 3865 3392 3919 ἀεὶ
3451 3864 3595 3937 ἐρῶν
3646 3864 3831 3934 Ἤρας

2246 3964 2541 4034 ἐρχόμενος
2564 3962 2657 4014 ἐπὶ
2694 3962 2761 4031 τῇ
2794 3959 2971 4031 πέτρᾳ
3000 3958 3296 4022 ἐκαθέζετο
3320 3958 3361 3989 ³⁷
3399 3958 3494 4011 καὶ
3523 3954 3832 4009 ἀνεπαύετο

2246 4051 2341 4107 τοῦ
2363 4051 2585 4121 ἔρωτος.
2614 4050 2724 4103 Καὶ
2751 4048 2938 4101 πολλοὶ
2965 4049 3022 4102 δὲ
3053 4048 3203 4102 ἄλλοι
3232 4046 3326 4101 καὶ¹
3352 4047 3545 4100 πολλαὶ
3576 4045 3708 4117 [254
3733 4043 3827 4117 IL]

2248 4142 2411 4212 ἔρωτι
2465 4142 2771 4212 κάμνουσαι
2828 4140 3226 4211 ἀπηλλάγησαν
3267 4141 3365 4193 τοῦ
3427 4140 3656 4211 ἔρωτος,
3705 4138 3827 4190 ἐπεὶ

2245 4234 2345 4303 τῆς
2370 4232 2575 4302 πέτρας
2606 4231 2935 4302 καθήλαντο.
2966 4231 3053 4295 '0;
3084 4232 3179 4285 καὶ
3202 4230 3582 4303 ’Δρτεμισίαή
3614 4229 3828 4297 Λυγδά-

2249 4325 2422 4396 μιδος,
2456 4327 2488 4394 ἡ
2519 4324 2597 4394 τῷ
2632 4323 2820 4397 Πέρσῃ
2854 4323 3329 4394 συστρατεύσασα,
3362 4321 3657 4393 ἐρασθεῖσα
3684 4324 3829 4391 Δαρ-

2246 4414 2405 4469 δάνου
2455 4413 2749 4485 Ἀϐυδηνοῦ
2800 4414 2896 4467 καὶ
2950 4412 3348 4484 ὑπερορωμένη
3394 4411 3649 4481 ἐκκόψειε
3698 4412 3826 4474 τοὺς

569 4508 714 4572 deni,
756 4508 1080 4567 dormientis
1117 4508 1328 4574 oculos,
1379 4524 1500 4563 cum
1537 4510 1581 4564 is
1623 4525 1744 4567 eam
1787 4513 2144 4584 contempsis-

2249 4506 2560 4576 ὀφθαλμοὺς
2599 4504 2971 4575 κοιμωμένου,
3001 4505 3098 4574 τῆς
3121 4503 3165 4556 δ’
3189 4503 3485 4573 ἐπιθυμίας
3515 4503 3658 4557 κατά
3689 4502 3828 4555 θεῶν

568 4606 673 4659 set,
718 4599 977 4653 eruisse:
1023 4613 1208 4654 amore
1256 4614 1385 4654 vero
1436 4599 1580 4657 illius
1631 4601 1854 4656 deorum
1922 4603 1993 4657 ita
2025 4618 2144 4659 rre-

2252 4602 2412 4672 μῆνιν
2464 4598 2817 4667 ὲπιταθείσης
2855 4594 3191 4667 πορευθεῖσα
3244 4594 3386 4648 κατά
3443 4594 3697 4665 χρησμὸν
3745 4594 3829 4656 είς

570 4698 776 4763 scente,
805 4704 870 4747 ex
902 4690 1126 4753 oraculo
1153 4690 1218 4745 ad
1252 4690 1552 4757 Leucadem
1574 4692 1872 4763 profectam
1906 4695 2139 4762 seipsam

2249 4690 2498 4759 Λευκάδα
2523 4688 2746 4762 ἔρριψεν
2775 4686 2975 4759 ἑαυτὴν
3008 4686 3149 4741 κατά
3178 4689 3278 4758 τῆς
3310 4686 3516 4758 πέτρας
3546 4686 3641 4739 καὶ
3673 4685 3827 4737 ἀναι-

569 4780 961 4848 praecipitasse,
984 4791 1037 4836 et
1081 4782 1424 4841 interfectam
1456 4784 1656 4840 ibidem
1687 4800 1811 4845 esse
1849 4786 2137 4858 sepultam,

2250 4785 2466 4859 ρεθεῖσα
2510 4782 2708 4851 ἐτάφη.
2756 4781 2866 4834 Καὶ
2901 4779 3297 4850 Ἰππομέδοντά
3326 4796 3492 4850 φησιν
3530 4778 3573 4810 ³⁸
3605 4778 3827 4831 Ἐπιδά-

574 4870 1005 4942 Hippomedonta
1049 4888 1265 4951 quoque
1306 4876 1728 4957 Epidamnium,
1774 4878 2137 4935 adolescentis

2249 4894 2422 4953 μνιον,
2449 4876 2642 4941 παιδὸς
2696 4872 2965 4944 ἐγχωρίου
3012 4872 3316 4944 ἐρασθέντα
3349 4872 3443 4925 καὶ
3495 4871 3570 4942 μὴ
3616 4870 3824 4940 τυγχά-

1882 4992 2117 5048 VARI/1*}
2167 4989 2577 5049 LECTIONES.

2070 5128 2116 5160 "’
2144 5126 2278 5181 διότι
2301 5127 2357 5183 δὲ
2396 5154 2467 5166 —-
2523 5124 2595 5180 cf.
2631 5122 2895 5181 Meinelik.
2958 5123 3291 5192 Euphorion.
3364 5139 3419 5193 p.
3479 5122 3604 5176 128.
3657 5119 3823 5193 αὑτοῦ

570 5200 717 5271 χειλη
740 5216 799 5271 ς.
875 5192 920 5232 ³³⁸
946 5192 1254 5271 Δημοδόκου
1290 5202 1504 5271 ποίημα
1518 5200 1670 5253 Ἰλίου
1700 5192 2000 5265 ἆλωσινής.
2074 5199 2119 5271 ’γ’
2253 5204 2295 5252 A
2318 5216 2347 5271 7:
2380 5198 2477 5271 acati
2496 5195 2646 5271 ᾠςς.
2724 5194 2770 5226 ³ο
2802 5194 2921 5271 libri
2963 5194 3370 5271 Διοσκουριδῶν
3390 5212 3470 5271 ς.-
3494 5265 3505 5271 _
3525 5192 3827 5271 “uitanda:

655 5287 667 5322 :
700 5261 850 5339 δῶρα
905 5289 965 5341 ς.
1008 5261 1086 5313 ’³⁸
1146 5273 1364 5331 παλαίοι
1545 5271 1591 5302 ³⁸
1617 5271 1901 5341 κρατήσας
2064 5270 2114 5341 ³ξ
2141 5269 2270 5341 ἑξῆς
2300 5270 2345 5341 A
2374 5286 2387 5321 :
2416 5266 2491 5341 τά
2521 5267 2649 5332 ἑξῆς
2663 5282 2736 5341 _g_.
2774 5335 2786 5341 _
2812 5264 2859 5296 ³⁵
2885 5266 3018 5335 φησὶ
3062 5283 3125 5335 ς’.
3197 5261 3251 5297 ’³⁸
3277 5264 3371 5317 τοῦ
3403 5265 3527 5320 add.
3562 5264 3605 5294 ³⁷
3633 5261 3823 5316 ἐκαθί-

575 5339 694 5407 ζετο
726 5335 792 5405 ς.’
864 5335 1110 5413 "regali;
1137 5360 1197 5413 ς’,
1273 5344 1341 5407 de
1366 5335 1794 5415 Hippomedonte
1820 5342 1893 5396 cf.
1930 5338 2158 5415 Meinck.
2195 5335 2524 5409 Euphorion.
2558 5353 2612 5406 p.
2662 5337 2731 5390 '55
2773 5335 2904 5392 ima.

2079 5453 2317 5525 NOTAE.

2249 5563 2352 5623 dri.
2379 5560 2516 5614 Vide
2552 5560 2935 5623 Rhodiginum,
2975 5560 3067 5613 lib.
3110 5575 3185 5625 tv,
3212 5574 3330 5630 cap.
3372 5559 3460 5613 16.

2284 5632 2434 5729 ’(14)
2473 5632 2545 5684 De
2571 5646 2674 5699 qua
2714 5629 2930 5694 Strabo,
2997 5631 3089 5687 lib.
3141 5624 3195 5697 χ,
3224 5624 3293 5686 ρι’
3324 5629 3529 5701 Gytad.
3574 5624 3719 5685 Dial.
3751 5639 3807 5685 ιι

2251 5702 2400 5756 Poet.
2560 5741 2567 5747 .

2320 5771 2433 5841 (is)
2464 5771 2629 5829 Iliad.
2655 5773 2714 5836 Δ,
2736 5788 2764 5825 v
2817 5771 2940 5827 49!.

644 5130 688 5212 ξε
718 5130 746 5180 ὀ
775 5128 1025 5232 ἕϐδομος]
1062 5131 1169 5183 imo
1188 5132 1217 5184 δ
1247 5132 1406 5186 ἑπτά.
1510 5129 1556 5219 ξδ
1587 5129 1877 5196 καιόμενον
1902 5147 1963 5194 ς.

644 5215 703 5251 ut.
740 5216 799 5252 ς.
946 5201 1254 5252 Δημοδόκου
1290 5202 1504 5252 ποίημα
1534 5200 1670 5252 Ιλίου
1700 5201 1902 5252 ἅλωσιν
1939 5219 1963 5252 c

989 5220 1019 5271 η

642 5566 755 5635 (12)
789 5569 921 5625 Vide
953 5570 1202 5633 Suidam,
1249 5570 1301 5624 iu
1342 5568 1565 5635 Ἂοιδός.

639 5638 754 5709 (l5)
784 5638 927 5693 Idem
966 5643 1033 5694 de
1080 5640 1421 5694 Aristolmme
1470 5638 1736 5693 Messenio
1782 5638 1918 5692 Plin.
1946 5637 2039 5691 lib.
2073 5651 2135 5699 tt,

570 5724 689 5777 cap.
723 5709 828 5773 37;
863 5721 919 5765 et
961 5710 1141 5765 Valer.
1177 5711 1319 5764 Max.
1353 5711 1424 5763 lih
1460 5725 1494 5773 ι,
1531 5725 1654 5774 cap.
1691 5710 1790 5764 ult.
1847 5709 2044 5775 aliique
2068 5712 2138 5761 de

572 5779 909 5859 uerulogene
934 5782 1075 5851 riget.
1113 5781 1369 5851 Leonida,
1400 5779 1701 5859 Lysandro,
1730 5797 1869 5835 caue
1903 5780 2130 5844 Alexan~
