3940 6460
542 337 650 400 635

1684 336 1949 398 PHOTII
1980 338 2488 401 PATRIABCHIE
2516 339 2628 402 CP.
3645 351 3731 416 636

541 461 704 519 ειιιιιε
756 444 1181 513 explanationes.
1225 444 1438 501 Eminet
1476 446 1588 517 (16)
1630 463 1796 517 porro
1830 450 2002 519 huius
2050 450 2104 504 in

2222 453 2415 522 ιισμόν.
2455 453 2543 507 Ἔν
2576 453 2674 524 μὲν
2716 452 2810 507 οῦν
2863 456 2977 518 τοῖς
3010 454 3187 523 λόγοις
3217 456 3278 509 τδ
3334 457 3549 530 σύνηθες
3589 464 3730 524 αὐτου

542 541 695 596 libris
744 537 978 609 egregie,
1031 552 1134 592 non
1187 537 1274 591 ille
1324 539 1481 593 modo
1519 539 1775 594 solemnis
1823 542 1956 596 adeo
2005 541 2111 611 ipsi

542 633 766 688 allectus
814 631 1010 694 lenior,
1047 630 1138 685 sed
1183 644 1313 698 pura
1371 632 1533 685 etiam
1569 634 1969 701 perspicuitas:
2006 635 2111 691 nisi

540 725 768 795 quodin
814 722 1005 794 154α
1071 722 1457 793 questionibus
1501 725 1821 793 quibusdam
1888 727 2113 795 empha-

541 831 662 871 St'OS
688 816 887 884 aliquid
924 815 993 869 ab
1033 829 1099 870 eo
1140 829 1418 883 aspersum
1453 823 1729 883 appareat,
1765 831 1870 869 non
1896 816 1946 869 id
1979 818 2113 870 adeo

541 910 815 965 vocabulis
846 908 1024 963 minus
1053 909 1265 963 usitatis
1287 908 1600 977 iuveniliter
1629 909 1903 974 adhibitis,
1939 924 2112 980 neque

542 999 934 1067 compositione
973 1013 1067 1068 per
1096 999 1586 1053 circumductiones
1628 1001 1955 1054 obscurata:
1982 1001 2110 1067 quin

543 1105 718 1160 neque
759 1091 937 1159 aliqua
966 1091 1270 1159 peregrina,
1316 1100 1370 1144 et
1410 1105 1440 1143 a
1475 1090 1683 1158 privato
1724 1105 1823 1144 usu
1862 1091 2115 1160 civilique

544 1196 792 1235 sermone
826 1182 1117 1235 remotiore
1167 1180 1505 1245 curiositate,
1538 1190 1630 1233 aut
1665 1181 1981 1244 acrimonia,
2020 1183 2113 1236 sed

543 1272 685 1342 quod
726 1272 874 1326 hisce
924 1272 991 1326 de
1019 1286 1169 1325 more
1211 1272 1465 1337 servatis,
1501 1273 1800 1339 emphasim
1833 1272 1997 1325 veluti
2036 1274 2116 1325 in-

549 1363 813 1433 terjiciat;
863 1364 1008 1417 nullo
1038 1365 1253 1419 interim
1307 1364 1544 1438 [lectori]
1572 1365 1738 1419 indito
1774 1366 2003 1420 instituti
2034 1366 2116 1419 sui

546 1467 727 1519 sensu,
760 1468 1066 1522 quanquam
1094 1468 1156 1507 ea
1188 1469 1306 1523 qua:
1346 1456 1581 1509 breviter
1611 1457 1908 1525 proposuit,
1943 1456 2115 1525 pluri-

546 1556 689 1594 mum
722 1556 823 1594 non
856 1552 1171 1609 pertractat,
1218 1558 1283 1597 eo
1329 1546 1471 1613 quod
1520 1560 1730 1599 summa
1775 1548 1948 1613 capita
1990 1546 2121 1599 dun-

548 1641 696 1687 taxat
724 1634 970 1688 oratione
1004 1635 1253 1704 persequi
1286 1635 1622 1704 propositum
1651 1636 1877 1701 habens,
1913 1637 2116 1691 clario-

548 1723 624 1778 ris
671 1724 1045 1793 explicationis
1089 1728 1545 1795 opportunitatem
1599 1728 1798 1781 nullam
1857 1728 2115 1796 reperiat.

546 1814 613 1869 Et
642 1816 860 1871 adhibet
897 1817 987 1871 ille
1018 1817 1232 1885 quidem
1264 1832 1419 1870 suum
1453 1818 1518 1871 ad
1551 1818 1981 1886 persuadendum
2016 1833 2113 1872 ac-
2146 1803 2192 1863 Β

547 1911 944 1962 commodatum
979 1923 1206 1961 acumen
1256 1908 1438 1961 multis
1484 1909 1842 1976 quaestionum
1890 1909 2113 1963 solutio-

548 1999 727 2062 nibus,
763 1999 857 2073 sed
888 1999 1083 2052 anima:
1109 2000 1256 2052 salus
1299 2009 1461 2068 atque
1493 2000 1694 2053 utilitas
1724 1999 1882 2069 plane
1918 2001 2116 2069 ubique

548 2097 846 2157 spectatur.
908 2088 1223 2156 Quanquam
1263 2104 1365 2141 non
1415 2089 1528 2142 sola
1563 2090 1831 2143 brevitate
1883 2089 2117 2143 violetur

547 2180 689 2247 apud
721 2195 842 2234 eum
891 2182 1252 2249 perspicuitas
1284 2199 1299 2234 :
1345 2196 1527 2234 verum
1560 2190 1615 2235 et
1649 2195 1713 2235 ex
1743 2196 1828 2248 eo,
1855 2184 1994 2248 quod
2030 2197 2118 2235 so-

550 2270 770 2324 lutionis
827 2271 1156 2339 indigentem
1187 2271 1492 2324 orationem
1537 2272 1779 2337 claudat,
1810 2272 1952 2325 nulla
1981 2288 2119 2326 cou—

549 2362 799 2416 cludendi
834 2362 1001 2416 forma
1034 2364 1273 2417 adhibita
1309 2381 1324 2419 :
1364 2372 1423 2417 ut
1471 2364 1612 2417 inter
1641 2364 1899 2435 disjectas
1929 2382 2121 2434 propo-

550 2454 797 2518 sitiones,
828 2464 883 2509 et
926 2454 1190 2508 inferendi
1237 2466 1290 2508 et
1334 2455 1695 2509 concludendi
1746 2458 1795 2510 vi
1827 2456 2115 2512 destitutas

548 2544 914 2614 probationes,
948 2562 1097 2599 locus
1141 2547 1378 2601 aberret.

626 2635 827 2689 Harum
861 2648 1039 2690 autent
1083 2653 1262 2691 rerum
1300 2653 1461 2693 causa
1504 2639 1556 2692 in
1587 2640 1790 2693 variam
1830 2639 2121 2710 providen-

551 2726 640 2782 tia:
664 2728 972 2782 methodum
1000 2728 1326 2793 dissecatur,
1356 2745 1517 2799 quam
1551 2732 1829 2799 sapientiae
1868 2743 1973 2786 tua:
2008 2731 2120 2802 (17)

553 2821 1000 2874 considerandam
1041 2823 1312 2890 permitto.
1358 2823 1415 2876 In
1444 2823 1526 2877 his
1553 2822 1778 2895 [tamen]
1807 2824 2017 2878 duobus
2054 2824 2118 2876 Ii-

553 2914 669 2969 bris
692 2931 795 2969 non
824 2930 1042 2985 semper
1070 2918 1133 2969 ad
1151 2917 1450 2985 emphasim
1478 2920 1727 2973 recurrit.
1757 2918 1950 2973 Statim
1977 2919 2122 2973 enim

551 3005 759 3074 primus
806 3005 943 3059 liber
989 3006 1121 3059 nihil
1170 3022 1280 3075 prae
1316 3022 1375 3060 se
1423 3008 1527 3060 fert
1557 3007 1682 3072 tale,
1721 3008 1822 3062 nisi
1863 3012 2007 3079 quod
2034 3027 2125 3066 se-

554 3099 658 3150 mel
700 3097 891 3152 alicubi
934 3113 1028 3166 per
1062 3098 1402 3152 reticentiam
1447 3099 1647 3152 malum
1684 3116 1842 3155 omen
1881 3114 2116 3162 avertat.
2149 3138 2191 3196 ο

553 3188 686 3242 Nam
734 3190 800 3242 ad
851 3200 1042 3243 caetera
1074 3193 1216 3258 quod
1259 3192 1480 3254 attinet,
1524 3190 1677 3246 valde
1707 3193 1780 3246 ibi
1804 3204 1887 3248 est
1912 3196 2118 3263 ﬁrmus,

555 3290 606 3333 et
638 3296 790 3350 aeque
830 3296 998 3350 purus
1033 3291 1194 3350 atque
1221 3282 1513 3351 dilucidus,
1557 3299 1759 3354 perque
1802 3288 1935 3341 duos
1964 3287 2127 3343 hosce

557 3373 725 3427 libros
768 3375 1008 3428 decurrit
1055 3375 1355 3442 simplicior
1403 3374 1621 3444 quidam
1654 3389 1705 3431 et
1741 3378 2127 3446 perfamiliaris

557 3481 741 3521 sermo
780 3481 844 3520 ac
872 3467 1211 3537 compositio,
1244 3468 1310 3521 ad
1346 3466 1492 3539 vulgi
1528 3482 1687 3524 aures
1711 3483 2022 3540 comparata
2053 3486 2130 3529 at-

557 3572 664 3628 que
694 3559 1020 3625 demissa,et
1041 3560 1107 3613 ad
1124 3562 1291 3615 solam
1322 3558 1534 3615 demum
1555 3563 1861 3617 auditorum
1890 3564 2122 3618 salutem

560 3650 790 3704 intenta.
820 3649 988 3721 Igitur
1017 3652 1221 3721 primus
1251 3654 1367 3722 ejus
1397 3656 1533 3710 liber
1560 3655 1675 3726 (18)
1702 3656 1962 3711 continet.
1999 3656 2131 3723 Quae

562 3741 635 3793 sit
679 3756 865 3805 causa,
918 3752 1287 3813 quantumque
1313 3746 1611 3814 periculum
1657 3747 1961 3815 hujusmodi
2005 3762 2127 3801 cum

562 3831 923 3887 Ecclesiarum
961 3832 1080 3898 Dei,
1141 3845 1253 3888 tum
1290 3836 1621 3905 singulorum
1672 3838 1947 3890 hominum
1992 3838 2130 3891 inter

563 3925 711 3990 ipsos
743 3924 1094 3979 dissensionis
1126 3935 1286 3995 atque
1314 3926 1547 3981 dissidii.
1585 3928 1807 3994 Deinde,
1835 3928 1975 3996 quod
2013 3944 2131 3982 om-

563 4016 649 4071 nis
675 4018 926 4086 praacepti
959 4017 1126 4072 divini
1157 4019 1522 4088 transgressio
1544 4019 1897 4073 vehementer
1932 4034 1992 4073 ac
2019 4027 2130 4073 ter-

564 4107 792 4163 ribiliter
823 4109 1063 4177 punitur,
1108 4110 1267 4179 idque
1292 4125 1323 4164 e
1362 4108 1655 4178 Scripturis
1681 4111 1849 4166 sacris
1900 4110 2131 4166 demou-

561 4207 815 4253 stratum.
871 4199 1077 4266 Tertio,
1132 4202 1197 4256 de
1237 4203 1340 4257 fide
1383 4214 1565 4256 nostra
1606 4204 1894 4267 catholica,
1924 4205 2039 4258 sive
2067 4205 2131 4260 de

562 4304 698 4357 pura
750 4300 935 4346 nostra
983 4301 1038 4347 et
1088 4293 1299 4350 sincera
1352 4295 1700 4351 confessione
1769 4297 2131 4351 sanctissima:

562 4381 865 4439 Trinitatis.
893 4383 1055 4440 Liber
1083 4400 1212 4440 vero
1241 4390 1533 4452 secundus,
1566 4389 1862 4442 Christiani
1893 4388 2130 4443 hominis

2211 539 2343 615 ἦθος
2366 545 2413 576 u
2459 545 2749 614 διαπρέπει
2791 544 3019 615 καὶτῆς
3068 549 3362 617 σαφηνείας
3391 552 3447 603 τὸ
3490 556 3731 629 καθαρόν·

2214 633 2351 702 πλὴν
2392 635 2479 687 ἐπ’
2534 634 2696 698 ἐνίοις
2735 633 2845 687 τῶν
2903 633 3235 704 ζητημάτων
3283 638 3400 691 ὲστί
3450 659 3559 707 πως
3610 650 3735 721 αὐτῴ

2212 725 2673 797 παρεσπαρμένον
2718 727 2813 779 καὶ
2862 727 2923 779 τὸ
2975 727 3296 795 ὲμφατικδν,
3330 731 3390 783 οὐ
3439 734 3531 803 τῆς
3567 735 3736 807 λέξεως

2213 820 2294 881 είς
2331 818 2578 885 γλῶτταν
2607 819 3011 891 νεανιευούσης,
3044 818 3167 871 οὐδὲ
3193 824 3290 890 τῆς
3320 824 3579 895 συνθήκης
3608 846 3739 901 περι-

2214 907 2395 971 ϐολαῖς
2417 907 2923 979 ἐπηλυγαζομένης,
2955 910 3016 964 οὐ
3055 911 3162 981 μὴν
3207 912 3317 964 οὐδ’
3345 912 3475 985 ἄλλῃ
3499 917 3598 969 τινὶ
3623 919 3737 983 ξενι-

2215 1000 2380 1073 ζούσῃ
2410 1002 2503 1054 καὶ
2536 1002 2993 1075 ἀνακεχωρηκυίᾳ
3018 1003 3050 1074 ἦ
3086 1002 3183 1056 τοῦ
3220 1004 3354 1057 ίδίου
3392 1006 3580 1077 τρόπου
3606 1012 3635 1080 ἢ
3661 1014 3738 1067 τοῦ

2215 1092 2492 1146 πολιτικοῦ
2512 1093 2672 1161 λόγου
2696 1093 2990 1166 περιεργίᾳ
3016 1095 3111 1148 καὶ
3130 1095 3397 1166 δεινότητι
3418 1112 3430 1125 ·
3455 1098 3581 1153 ἀλλὰ
3599 1102 3740 1157 ταῦτα

2216 1184 2499 1251 φυλάττων
2548 1185 2624 1243 ὡς
2653 1184 2795 1250 ἔθος,
2827 1186 2887 1238 τὸ
2930 1188 3229 1257 ὲμφατικὸν
3278 1186 3463 1259 ὥσπερ
3494 1191 3743 1263 ὲναπορῤί-

2218 1292 2374 1338 πτει,
2431 1277 2705 1346 μηδεμίαν
2758 1277 2999 1345 ὲναφιεὶς
3050 1278 3475 1349 ἐπιτηδεύματος
3530 1281 3737 1350 ἔννοιαν,

2218 1365 2356 1433 πλὴν
2381 1366 2480 1419 ὅσα
2510 1384 2574 1433 γε
2608 1370 2671 1439 τῇ
2712 1368 2977 1438 συντομία
3024 1369 3322 1439 προϐάλλει
3355 1371 3505 1423 αὑτό.
3534 1374 3600 1425 Τὸ
3635 1377 3739 1445 μέν·

2216 1474 2300 1510 τοι
2327 1457 2370 1489 ⁸⁷
2414 1458 2682 1527 εύκρινὲς,
2715 1458 2811 1512 ἅτε
2845 1459 2908 1530 δὴ
2955 1460 3298 1531 κεφαλαιώδη
3344 1462 3741 1534 προϐεϐλημένος

2216 1549 2309 1601 τὸν
2333 1548 2508 1615 λόγον,
2544 1550 2732 1619 καιρὸν
2759 1550 2856 1619 ούχ
2881 1550 3024 1617 ὁρῶν
3046 1550 3346 1620 εὑρίσκειν,
3377 1552 3482 1603 οὐδ’
3510 1555 3742 1623 ἐχρήσατο

2217 1640 2285 1694 τὰ
2324 1642 2516 1696 πολλά.
2548 1642 2738 1710 Διήκει
2772 1641 2818 1694 δ’
2865 1641 3029 1695 αὑτοῦ
3070 1641 3163 1694 καὶ
3197 1641 3257 1693 τὸ
3299 1641 3460 1709 δριμὺ
3501 1643 3625 1712 μετὰ
3664 1645 3740 1697 τοῦ

2221 1729 2448 1783 πιθανοῦ
2483 1730 2753 1799 πολλαχοῦ
2778 1730 2888 1783 τῶν
2910 1729 3238 1800 ζητημάτων
3268 1734 3388 1791 ταῖς
3420 1730 3613 1795 λύσεσι,
3632 1748 3742 1786 παν·

2219 1821 2382 1891 ταχοῦ
2429 1821 2485 1873 δὲ
2514 1822 2573 1874 τὸ
2598 1821 2917 1891 ψυχωφελὲς
2948 1822 3042 1874 καὶ⁵
3076 1821 3368 1892 σωτήριον.
3394 1821 3465 1873 Ού
3501 1821 3663 1890 μέντοι
3689 1828 3741 1896 τῇ

2222 1912 2482 1980 συντομία
2508 1911 2648 1983 μόνῃ
2676 1910 3065 1982 περιθραύεται
3086 1911 3147 1963 τὸ
3178 1912 3367 1980 σαφὲς,
3390 1912 3535 1965 οὐδὲν
3554 1913 3596 1965 δ’
3615 1914 3745 1967 ἐλατ-

2217 2022 2308 2057 τον
2335 2005 2428 2056 καὶ
2459 2004 2534 2075 τῷ
2561 2003 2607 2035 ³⁸
2633 2004 2707 2075 μὴ
2736 2005 2859 2068 τοὺς
2888 2005 2985 2075 τὴν
3005 2005 3160 2058 λύσιν
3188 2005 3560 2068 ἐπιτελοῦντας
3585 2006 3745 2073 λόγους

2218 2098 2297 2157 εἰς
2331 2097 2392 2148 τὸ
2425 2098 2865 2168 συμπεραντικὺν
2896 2098 3306 2169 ἀπαρτίζεσθαι
3342 2098 3537 2167 σχῆμα,
3570 2099 3670 2151 ἀλλ’
3697 2101 3744 2152 ἐν

2216 2186 2295 2256 τῷ
2335 2187 2708 2258 διερριμμένῳ
2750 2188 2848 2259 μὲν
2901 2188 3011 2241 τῶν
3042 2189 3360 2259 προτάσεων
3388 2188 3676 2258 ἀνεπιφόρῳ
3698 2189 3744 2241 δὲ

2218 2281 2311 2333 καὶ
2338 2280 2399 2332 ού
2444 2280 2860 2352 συνειλημμένῳ
2903 2282 3010 2335 τῶν
3056 2280 3381 2345 ἀποδείξεων
3422 2280 3517 2351 τὴν
3542 2282 3746 2335 διάνοιαν

2218 2387 2286 2423 πε
2294 2371 2683 2441 ριπλανᾶσθαι.

2302 2635 2365 2687 Ἢ
2413 2635 2471 2687 δὲ
2524 2635 2728 2689 τούτων
2772 2636 2924 2690 αἰτία
2972 2651 3053 2701 εις
3100 2638 3356 2708 ποικίλην
3415 2638 3745 2709 περισχίζεται

2223 2725 2446 2795 μέθοδον
2473 2726 2750 2796 προνοίας,
2776 2728 2844 2798 ἢν
2873 2727 3077 2798 ἀφίημί
3106 2745 3200 2780 σου
3229 2728 3291 2782 τὸ
3325 2729 3534 2781 συνετὸν
3561 2731 3745 2781 ἐπισκο-

2221 2820 2342 2869 πεῖν
2371 2818 2435 2872 ⁸⁰.
2484 2819 2598 2871 υύκ
2631 2821 2687 2871 ὲν
2733 2821 2847 2881 τοῖς
2895 2819 3015 2872 δυσὶ
3064 2819 3122 2872 δὲ
3162 2819 3345 2888 λόγοις
3384 2819 3441 2872 τὸ
3489 2821 3747 2889 ὲμφατικὸν

2222 2910 2519 2980 ἐπιτρέχει.
2570 2912 2779 2965 Αὐτίκα
2809 2914 2837 2965 ὁ
2867 2913 3083 2984 πρῶτος
3123 2913 3275 2966 οὐδὲν
3307 2914 3619 2966 ἐπιδείκνυσι
3659 2931 3747 2966 τοι-

2224 3002 2398 3068 οῦτον,
2425 3002 2564 3075 πλὴν
2597 3002 2744 3068 ἅπαξ
2777 3023 2880 3058 που
2915 3007 2979 3075 τῇ
3014 3006 3393 3074 ἀποσιωπήσει
3423 3004 3482 3058 τὸ
3508 3005 3746 3075 δύσφημον

2226 3094 2546 3164 οἰκονομῶν,
2598 3095 2721 3148 ἐπεὶ
2775 3096 2844 3149 τά
2880 3113 2945 3164 γε
2993 3096 3128 3151 ἄλλα
3188 3097 3361 3160 πολὺς
3419 3097 3515 3167 μέν
3556 3098 3659 3149 ἐστι
3698 3095 3747 3148 τὸ

2226 3189 2470 3258 ἀσφαλὲς
2492 3189 2558 3255 ⁸ο,
2582 3189 2694 3252 ῐσος
2715 3189 2771 3241 δὲ
2791 3190 2853 3242 τὸ
2879 3187 3139 3259 καθαρὸν,
3162 3188 3301 3243 ἀλλὰ
3325 3190 3415 3243 καὶ
3439 3187 3496 3242 τὸ
3521 3188 3746 3258 εὐκρινές.

2226 3281 2325 3335 Διὰ
2361 3282 2545 3352 μέντοι
2575 3280 2682 3334 τῶν
2711 3279 2805 3334 δύο
2830 3279 2978 3349 αύτῷ
3011 3279 3189 3349 διήκει
3219 3278 3284 3331 τὸ
3311 3278 3654 3348 ἁπλούστερον
3674 3275 3748 3329 καὶ

2226 3372 2675 3443 καθωμιλημένον
2720 3371 2827 3424 τῶν
2868 3387 2930 3423 τε
2981 3370 3181 3435 λέξεων
3225 3370 3323 3423 καὶ
3368 3370 3464 3439 τῆς
3495 3367 3747 3437 συνθήκης,

2227 3466 2365 3535 πρὸς
2394 3466 2493 3534 τὴν
2536 3463 2645 3516 τῶν
2676 3461 2890 3515 πολλῶν
2924 3461 3092 3531 ἀκοὴν
3126 3460 3548 3530 διατυπούμενόν
3580 3474 3634 3510 τε
3672 3457 3748 3509 καὶ

2227 3556 2674 3626 ταπεινούμενον,
2708 3555 2802 3607 καὶ
2838 3554 3003 3625 μόνης
3028 3553 3129 3623 τῆς
3157 3553 3270 3607 τῶν
3307 3550 3579 3624 ἀκροατῶν
3608 3565 3749 3617 σωτη-

2231 3651 2355 3720 ρίας
2401 3647 2965 3718 καταστοχαζόμενον.
3009 3647 3069 3699 '0
3101 3646 3200 3715 μὲν
3255 3643 3351 3698 οῦν
3393 3643 3594 3713 πρῶτος
3631 3637 3749 3706 αὐτῷ

2227 3740 2384 3808 λόγος
2426 3738 2761 3809 διεξέρχεται
2818 3738 2962 3809 τίςὴ
3010 3738 3159 3792 αἰτία
3208 3738 3303 3790 καὶ
3354 3736 3383 3789 ό
3415 3735 3636 3796 κίνδυνος
3672 3731 3749 3799 τῆς

2228 3830 2498 3902 τοσαύτης
2549 3831 2658 3885 τῶν
2702 3830 3041 3899 Ἐκκλησιῶν
3093 3828 3188 3882 τοῦ
3235 3827 3371 3880 Θεοῦ
3424 3827 3515 3879 καὶ
3559 3824 3749 3876 ἑκάστου

2230 3921 2367 3993 πρὸς
2400 3921 2492 3974 τὸν
2524 3921 2715 3991 ἕτερον
2746 3919 3048 3987 διαφωνίας
3072 3936 3129 3971 τε
3164 3921 3261 3972 καὶ
3286 3918 3620 3977 διαστάσεως.
3646 3911 3750 3965 Δεύ·

2228 4031 2383 4083 τερον
2415 4015 2497 4067 ὅτι
2532 4013 2717 4083 πάσης
2750 4011 2969 4081 ἐντολῆς
3019 4009 3156 4063 Θεοῦ
3211 4010 3519 4080 παράϐασις
3550 4004 3751 4075 σφοδρῶς

2230 4107 2327 4159 καὶ
2370 4104 2617 4175 φοϐερῶς
2657 4103 2986 4156 ἐκδικεῖται·
3038 4101 3134 4156 καὶ
3184 4103 3218 4172 ἡ
3256 4100 3524 4164 ἀπόδειξις
3566 4100 3622 4149 ὲκ
3666 4095 3751 4148 τῶν

2229 4197 2486 4269 Γραφῶν.
2514 4195 2642 4268 [496
2668 4194 2760 4267 8.]
2788 4195 2982 4266 Τρίτον
3004 4196 3134 4265 περὶ
3158 4193 3260 4264 τῆς
3289 4193 3535 4254 εὐσεϐοῦς
3556 4190 3750 4247 πίστεως

2231 4289 2410 4359 ἡμῶνι
2439 4290 2557 4360 ἦτοι
2600 4290 2697 4360 τῆς
2727 4292 2806 4353 εἰς
2839 4292 2935 4361 τὴν
2966 4290 3279 4361 ὑπεραγίαν
3309 4287 3509 4359 Τριὰδα
3548 4281 3750 4352 καθαρᾶς

2231 4382 2387 4453 ἡμῶν
2423 4383 2518 4435 καὶ
2548 4382 2876 4453 εἰλικρινοῦς
2916 4382 3235 4451 ὁμολογίας.
3284 4381 3343 4434 '0
3387 4380 3443 4432 δὲ
3476 4378 3515 4409 ⁶¹
3545 4375 3750 4444 δεύτερος

561 4475 849 4543 quamdam
880 4477 1045 4531 veluti
1082 4479 1500 4549 descriptionem
1532 4480 1643 4551 (l9)
1669 4496 1764 4549 per
1792 4495 2002 4535 summa
2031 4495 2121 4534 ca—

2231 4467 2342 4526 οἷον
2380 4474 2704 4543 χαρακτῆρα
2734 4473 3060 4545 Χριστιανοῦ
3092 4472 3443 4544 κεφαλαιώδη
3472 4472 3557 4524 καὶ
3600 4465 3748 4519 σύντο-

562 4566 674 4635 pita
706 4566 1051 4637 breviterque
1097 4570 1346 4639 proponit
1375 4588 1388 4625 :
1424 4572 1767 4641 similemque
1796 4588 2008 4627 rursum
2036 4571 2130 4625 de-

563 4656 912 4725 scriptionem
948 4673 1160 4725 eorum,
1203 4661 1296 4730 qui
1348 4662 1591 4718 docendo
1620 4662 1911 4732 Evangelio
1938 4664 2130 4732 praefe-

564 4748 637 4802 cti
684 4759 830 4805 sunt.
879 4750 1081 4807 Deinde
1110 4752 1262 4821 quasi
1295 4753 1508 4823 regulas
1554 4754 1814 4823 quasdam
1871 4753 2135 4809 asceticas

2239 4584 2337 4638 μον
2362 4568 2740 4639 παρατίθεται,
2764 4570 2857 4621 καὶ
2880 4567 3205 4639 χαρακτῆρα
3230 4568 3391 4620 πάλιν
3421 4560 3749 4633 παραπλήσιον

2234 4659 2343 4713 τῶν
2382 4659 2737 4731 προεστώτων
2776 4659 2870 4713 τοῦ
2917 4659 3097 4728 λόγου.
3151 4654 3283 4711 Εἶτα
3316 4653 3427 4710 οἷον
3462 4656 3607 4724 ὅρους
3633 4643 3749 4702 τινὰς

2241 4753 2591 4823 ἀσκητικοὺς,
2616 4753 2690 4818 ὡς
2716 4755 2773 4809 ὲν
2796 4755 3059 4827 ἐρωτήσει
3093 4753 3189 4807 καὶ
3209 4750 3493 4820 ἀποκρίσει
3516 4737 3749 4816 προηγμέ-

1832 4930 2067 4986 ἻΑΒΙᾹΞ
2108 4930 2400 4987 LECTION
2409 4932 2515 4989 ES.

637 5075 683 5105 ιιις
706 5068 859 5144 ἦθος]
882 5071 972 5127 τοῦ
1006 5074 1168 5144 ﬁlio-ac;
1199 5075 1262 5127 A.
1336 5073 1381 5104 ⁸⁷
1407 5073 1585 5140 μέντοι
1613 5072 1660 5144 A7
1694 5091 1707 5127 :

567 5142 613 5173 ⁶⁹
648 5147 705 5196 τὸ
730 5142 951 5197 συνετόν
978 5142 1070 5196 σου
1104 5146 1456 5215 περισκοπεῖν
1487 5160 1547 5206 ς.

1743 5072 1843 5141 μέν
1874 5089 2018 5143 τις.
2095 5074 2141 5106 ⁵⁸
2175 5074 2251 5143 τῷ
2281 5103 2349 5115 --
2376 5070 2582 5125 ὲπιτελ.
2608 5070 2666 5143 -Α
2697 5091 2709 5126 :
2736 5071 2814 5143 μὴ

1623 5143 1668 5174 ⁸⁸
1688 5138 1953 5213 ἀσφαλὲς]
1975 5144 2171 5212 ἀφελὲς
2202 5138 2567 5213 apographuiu
2601 5138 2905 5210 Stephani.’
2955 5140 2996 5170 “
3024 5141 3080 5193 δὲ
3107 5140 3233 5194 add.
3259 5138 3327 5191 Α.

2844 5067 2922 5141 τῷ
2948 5069 3073 5141 τοὺς
3103 5066 3285 5141 λύσινΑ
3313 5059 3672 5134 ἐπιζητοῦντας
3698 5068 3744 5115 ς·

2078 5295 2310 5353 NOTAE.

646 5417 755 5487 (16)
812 5415 1007 5487 lterum
1052 5414 1118 5469 de
1151 5413 1212 5468 Β.
1268 5413 1450 5467 Basilii
1504 5414 1641 5485 stylo
1687 5411 1943 5481 judicium
2004 5413 2130 5467 tulit

573 5504 722 5554 supr.
758 5488 872 5542 cod.
906 5486 1029 5539 Ml.

648 5555 757 5624 (l7)
794 5555 1074 5608 Tarasium
1106 5553 1328 5607 fratrem
1370 5553 1675 5620 compellat.

650 5619 761 5692 (18)
792 5626 1065 5693 Lo-guntur
1114 5624 1228 5677 haec
1276 5627 1429 5678 hodie
1459 5619 1617 5677 aliter
1644 5622 1964 5677 distribute.
1999 5619 2129 5693 Nam

579 5712 759 5773 noque
783 5697 833 5747 iu
863 5692 1031 5749 libros
1073 5695 1387 5773 dividuntur
1413 5694 1680 5773 Ascetica,
1713 5701 1767 5747 et
1788 5704 1990 5764 septem
2020 5692 2127 5747 sal-

580 5761 687 5822 tem
742 5766 1029 5821 Lemmata:
1081 5776 1193 5819 tres
1241 5767 1400 5819 hasce
1448 5778 1465 5817 ι
1505 5761 1626 5818 libri
1675 5761 1864 5831 partes
1906 5775 2125 5818 antece-

2235 5417 2369 5470 dunt
2415 5414 2588 5483 prima
2628 5413 2788 5467 etiam
2838 5414 2924 5467 hic
2957 5424 3012 5467 et
3055 5412 3291 5467 secunda
3336 5419 3483 5480 parte
3513 5404 3560 5458 in
3602 5410 3735 5454 unum

2239 5488 2309 5541 ‘bi
2335 5496 2500 5555 caput
2536 5484 2608 5537 De
2631 5483 2837 5552 judicio
2872 5483 2967 5555 Dei
3012 5494 3312 5555 compacta.

2305 5538 2425 5624 (l9)r
2452 5538 2692 5623 Utraque
2719 5555 2845 5624 haec
2876 5538 3164 5623 descriptio
3192 5568 3330 5606 nunc
3359 5549 3635 5624 Ethicorum
3662 5538 3748 5592 ﬁde

2233 5620 2527 5679 Mamilium
2589 5620 2801 5679 ttomine
2858 5624 3013 5694 vulgo
3055 5620 3269 5687 illOllOl‘,
3330 5620 3735 5679 continenturque

2233 5695 2449 5766 lingulae
2477 5694 2567 5749 80.
