3940 6406
208 352 290 419 531
1206 336 1742 399 BIBLIOTHECA.
1784 362 1856 375 -
1899 339 2065 401 COD.
2102 341 2330 405 CXCII.

3262 345 3371 409 628

210 482 315 527 μους,
341 456 609 516 ἐκτίθεται,
634 454 726 507 τὸν
769 452 999 523 ἀριθμὸν
1028 459 1120 517 νε’,
1166 454 1261 507 καὶ
1290 453 1451 506 πάλιν
1496 467 1681 504 συντο-

1812 456 2177 523 nterrogando
2219 472 2284 511 ac
2336 457 2712 526 respondendo
2759 459 3065 526 propositas
3106 463 3355 528 exponit,

202 558 401 632 μὼτερον
418 549 625 619 ἐτέρους
652 548 809 617 ὅρους
841 552 967 613 τιγ’.

836 723 997 790 mea

198 819 285 877 Τοῦ
308 818 370 871 ἐν
400 813 582 880 ἁγίοις
610 812 1018 883 Μαξίμουίτοῦ
1049 812 1438 881 ὁμολογητοῧ,
1461 813 1705 883 Ἀπορη-

368 882 618 951 μαγικῶν
647 882 964 952 Γραφικῶν
995 884 1292 952 κεφάλαια
1320 883 1473 952 ρξὸν.

242 975 548 1046 Ἀνεγνώσθη
579 976 673 1029 τοῦ
703 978 761 1029 ἐν
798 976 973 1043 ἁγίοις
1014 976 1265 1045 Μαξίμου
1316 976 1577 1045 μοναχοῦ,
1612 976 1703 1030 τοῦ

188 1076 260 1128 καὶ
281 1072 615 1141 όμολογητοῦ,
649 1074 787 1143 πρὸς
812 1074 1111 1127 Θαλάσσιον
1145 1076 1439 1128 ὁσιώτατον
1464 1075 1706 1144 πρεσϐύ-

187 1184 309 1235 τερον
354 1165 440 1218 καὶ
501 1164 804 1234 ἡγούμενον
856 1170 1392 1239 προσπεφωνημένον
1438 1170 1565 1241 [ἳ56
1608 1169 1701 1241 Η.]

185 1256 366 1326 βιϐλίον,
395 1258 450 1309 ἐν
497 1251 542 1325 ᾧ
601 1260 921 1329 Γραφικῶν
951 1262 1369 1332 Ἀπορημάτων
1402 1260 1535 1331 ρξδ¹
1569 1266 1702 1317 ἀνα-

184 1348 342 1415 γράφει
366 1350 605 1417 Λύσεις.
623 1350 711 1403 Ἐν
744 1352 927 1420 μέντοι
952 1354 1029 1423 τῷ
1057 1357 1325 1425 προοιμίῳ
1345 1356 1701 1425 διαλαμόἀνει

182 1440 387 1507 περὶτῆς
416 1442 683 1506 γενέσεως
708 1443 817 1496 τῶν
847 1447 903 1498 ἐν
928 1447 1059 1516 ἡμῖν
1086 1447 1293 1512 παθῶν,
1316 1448 1410 1500 καί
1437 1466 1599 1518 φησιν
1627 1450 1703 1511 ὡς

180 1532 225 1581 τὸ
246 1530 390 1582 κακὸν
415 1532 585 1601 μηδὲν
624 1535 748 1603 μηδ’
786 1536 923 1599 ὅλως
972 1537 1081 1589 τῶν
1111 1538 1280 1591 ὅντων
1323 1540 1589 1610 ὑπάρχον,
1628 1542 1701 1611 μὴ

182 1620 377 1687 ποιότης,
410 1621 484 1690 μὴ
518 1625 777 1693 ποσότης,
806 1626 881 1696 μὴ
908 1629 1109 1695 σχέσις,
1138 1629 1273 1682 ἀλλὰ
1300 1630 1435 1700 μηδὲ
1462 1632 1630 1694 πάθος
1657 1632 1701 1664 ⁸⁸

182 1718 381 1784 φυσικῶς
428 1736 537 1771 τινι
589 1721 697 1773 τῶν
741 1723 911 1776 ὄντων
949 1725 1401 1796 ἐνθεωρούμενον,
1448 1729 1531 1797 εἴη
1561 1728 1607 1759 ⁸⁸
1636 1727 1701 1780 ἂν

1813 558 2034 597 numero
2059 544 2441 615 quinquaginta
2489 546 2774 615 quinque:
2820 546 3121 617 iterumque
3146 550 3365 603 brevio-

1812 648 1897 689 res
1927 635 2039 706 (Ξο)
2071 637 2203 691 alias
2236 647 2505 692 trecentas
2534 638 2812 694 tredecim.

2511 730 2714 787 CXCII.

1812 819 1876 874 Β.
1904 819 2125 875 Maximi
2161 823 2399 893 monachi
2427 833 2476 876 et
2501 825 2810 893 confessoris
2836 824 3195 889 Qumtiotmm
3226 844 3254 881 ε
3283 844 3375 880 sa-

2154 910 2243 945 cra
2272 892 2544 959 Scriptura
2581 892 2863 948 solutiones
2888 911 3065 949 cultv.

1886 979 2075 1051 1546
2107 980 2358 1047 Legimus
2385 984 2445 1036 Β.
2478 984 2693 1038 Maximi
2715 986 2961 1039 monachi
2982 985 3114 1056 (20‘)
3141 988 3374 1042 simulet

1810 1072 2135 1128 confessoris
2176 1073 2457 1130 Thalassio
2496 1078 2814 1147 presbytero
2840 1080 3187 1133 sanctissimo
3206 1090 3372 1149 atque

1811 1163 2064 1233 praefecto
2103 1166 2419 1233 inscriptum
2456 1166 2620 1228 Opus.
2671 1184 2772 1235 quo
2822 1166 3185 1231 Quaestionum
3215 1186 3242 1222 ο
3284 1187 3375 1222 sa-

1810 1269 1899 1305 cra
1950 1252 2221 1322 Scriptura
2271 1256 2554 1309 solutiones
2608 1256 2815 1310 CLXIV
2882 1262 3209 1314 continentur
3239 1261 3372 1331 (21).

1808 1342 2072 1397 Caeterum
2099 1344 2151 1395 itt
2173 1346 2484 1412 prmfatione
2515 1347 2749 1415 disputat.
2767 1350 2832 1402 de
2861 1360 2978 1403 ortu
3013 1351 3374 1404 humanarum

1808 1435 2271 1503 perturbationum
2299 1456 2313 1491 :
2338 1439 2641 1506 asseritque
2680 1450 2954 1508 peccatum
2987 1457 3109 1495 cum
3144 1442 3277 1495 nihil
3304 1446 3377 1497 sit

1806 1524 2029 1578 omnino
2054 1524 2353 1581 subsistens
2374 1527 2503 1596 (non
2526 1528 2779 1596 qualitas,
2809 1545 2913 1583 non
2936 1533 3233 1597 quantitas,
3265 1546 3374 1585 non

1807 1613 2048 1680 habitus,
2093 1630 2198 1669 non
2251 1619 2589 1683 perturbatio
2639 1620 2871 1688 denique
2902 1622 3017 1688 ipsa
3055 1626 3377 1678 naturaliter

1808 1705 1999 1759 saltent
2027 1707 2079 1761 in
2114 1707 2492 1763 exsistentium
2521 1710 2703 1779 aliquo
2733 1714 3133 1784 considerata);
3168 1725 3373 1769 tantum

176 1810 367 1879 ἔλλειψις
390 1811 487 1881 τῆς
519 1814 654 1881 πρὸς
674 1815 734 1866 τὸ
758 1817 912 1877 τέλος
935 1818 1215 1888 ἐνεργείας
1240 1819 1347 1872 τῶν
1368 1796 1700 1889 ἐγκειμένων

1808 1796 2092 1852 insitarum
2123 1801 2277 1855 nobis
2310 1816 2337 1854 a
2372 1812 2562 1856 natura
2600 1802 2915 1859 facultatum
2956 1822 3075 1861 esse
3111 1808 3374 1863 defectio-

175 1903 225 1968 τῇ
262 1899 403 1964 φύσει
446 1900 756 1971 δυνάμεων,
794 1905 899 1974 ﬂ“
953 1909 1048 1959 καὶ
1090 1906 1262 1971 οὕτω,
1314 1909 1423 1961 τῶν
1456 1914 1703 1978 φυσικῶν

176 1987 410 2054 δυνάμεων
433 1991 557 2043 κατ’
583 1994 928 2066 ἐσφαλμένην
960 1998 1141 2066 κρίσιν
1182 2000 1269 2051 ἐπ’
1299 2000 1426 2053 ἄλλο
1464 2004 1616 2071 παρὰ
1644 2002 1704 2053 τὸ

173 2079 291 2141 τέλος
337 2080 622 2148 ἀλόγιστος
669 2086 903 2154 κίνησις.
939 2088 1129 2140 Αίτίαν
1163 2089 1220 2143 δέ
1273 2108 1415 2161 φημι
1474 2091 1589 2157 νῦν,
1632 2088 1703 2161 ἦς

174 2171 312 2221 πάντα
359 2173 609 2239 φυσικῶς
656 2175 888 2243 ἐφίεται,
937 2178 1006 2250 ἢν
1038 2181 1065 2232 ό
1099 2180 1291 2249 Ἀδὰμ,
1340 2183 1555 2249 ἀπάτην
1608 2182 1700 2235 τοῦ

170 2260 366 2331 πονηροῦ
396 2266 657 2334 νοσήσας,
691 2268 951 2339 ἠγνόησε,
992 2271 1130 2340 πρὸς
1156 2271 1285 2342 ὃλην
1325 2272 1382 2325 δὲ
1421 2272 1700 2344 κατεσύρη

166 2354 242 2421 τὴν
276 2354 425 2425 ατσθη
442 2372 563 2419 σιν,
622 2360 1109 2431 παρασυμὸληθεὶς
1158 2365 1272 2426 τοῖς
1333 2364 1569 2434 κτήνεσι,
1608 2368 1702 2419 καὶ

166 2446 258 2496 ὅσον
281 2446 374 2514 τῆς
404 2447 555 2516 πρὸς
580 2450 831 2519 αἴσθησιν
861 2454 1178 2523 ἐπεμελεῖτο
1205 2455 1251 2487 ⁸⁸
1277 2455 1551 2525 γνώσεως,
1578 2476 1702 2512 τοσ-

165 2534 284 2589 οῦτον
310 2537 407 2607 τῆς
459 2540 609 2603 Θείας
642 2540 927 2606 ἐξέπιπτε·
966 2545 1088 2599 ὅσον
1117 2546 1162 2579 ⁸⁸
1200 2546 1245 2599 δ’
1291 2549 1573 2603 ἐκπίπτων
1621 2551 1700 2604 δι-

166 2631 307 2696 έμενε,
340 2630 605 2685 τοσοῦτον
658 2636 724 2703 τῇ
757 2635 1052 2689 ἀπολαύσει
1094 2638 1201 2691 τῶν
1227 2640 1578 2706 γνωσθέντων
1616 2644 1703 2694 al-

164 2720 335 2790 σθητῶν
359 2723 402 2753 ⁸⁷
447 2726 788 2795 προσηλοῦτο
819 2728 915 2781 καὶ
964 2731 1429 2800 συγκατεφέρετο·
1472 2733 1596 2786 ὅσον
1642 2732 1700 2786 δὲ

159 2812 331 2877 τούτοις
350 2816 622 2879 ἐνέκειτο,
650 2818 901 2872 τοσοῦτον
921 2823 1020 2889 τῆς
1049 2822 1380 2885 ἐπιῦλαὸοὖς
1411 2824 1700 2893 φιλαυτίας

159 2904 324 2973 ἐξῆπτε
356 2908 399 2939 ⁸³
437 2909 530 2962 τὸν
561 2909 739 2979 ἔρωτα
761 2928 775 2943 ·
811 2912 933 2964 ὅσον
963 2912 1008 2966 δ’
1049 2915 1227 2983 εἴχετο
1266 2914 1363 2985 τῆς
1393 2916 1695 2983 φιλαυτίας,

156 2996 372 3051 τοσοῦτον
398 3000 626 3053 ἐπενόει
673 3003 771 3068 τῆς
796 3004 988 3073 ἡδονῆς
1022 3005 1305 3067 ποικίλους
1343 3008 1437 3059 καὶ
1470 3008 1697 3071 πολλοὺς

157 3088 390 3155 τρόπους*
456 3092 777 3161 γεννήματα
846 3095 954 3161 γὰρ
1004 3092 1106 3163 τῆς
1158 3095 1443 3161 φιλαυτίας
1503 3094 1695 3151 ταῦτα.

157 3176 241 3229 Καὶ
265 3178 461 3246 ἐπειδὴ
499 3182 650 3233 πᾶσα
677 3181 845 3233 κακία
866 3184 978 3244 τοῖς
1015 3184 1339 3237 συνιστῶσιν
1367 3185 1537 3252 αὐτὴν
1578 3203 1701 3238 συν-

155 3265 524 3337 διαφθείρεται,
550 3269 823 3339 εὑρίσκων
855 3272 912 3336 ἐξ
939 3272 1109 3340 αὐτῆς
1152 3275 1349 3343 πείρας
1378 3276 1474 3343 τῆς
1506 3275 1701 3345 ἡδονῆς

153 3354 338 3420 πάντως
362 3357 620 3428 διάδοχον
662 3361 759 3428 τὴν
792 3359 1003 3432 ὀδύνην,
1032 3363 1131 3433 τῆς
1174 3365 1271 3433 μὲν
1304 3365 1439 3435 ὑπὲρ
1470 3365 1701 3435 δύναμιν

151 3448 429 3518 ἀντείχετο,
472 3451 573 3522 τῆς
628 3452 820 3522 ὀδύνης
864 3454 920 3505 δὲ
974 3456 1218 3526 σφοδρῶς
1273 3458 1701 3528 κατηγωνίζετο,

150 3539 363 3609 οιόμενος
398 3543 547 3613 ὅπερ
572 3539 640 3613 ἦν
663 3545 965 3613 ἀμήχανον,
999 3547 1288 3617 διαστῆσαι
1316 3550 1519 3613 ταύτας
1542 3552 1703 3621 ἀ).λὴ-

151 3631 237 3682 λων
261 3634 348 3686 καὶ
384 3635 532 3705 μόνῃ
562 3639 628 3706 τῇ
665 3636 826 3707 ἡδονῇ
860 3640 1129 3709 ἐντρυφᾷν
1166 3642 1257 3693 καὶ
1287 3641 1383 3710 τὴν
1416 3643 1703 3709 φιλαυτίαν

150 3724 293 3795 ταύτῃ
326 3728 692 3797 συνημμένην
720 3727 885 3797 ἔχειν.
917 3730 1195 3785 Ἐντεῦθεν
1215 3734 1243 3785 ὀ
1275 3735 1383 3796 πᾶς
1412 3734 1568 3803 ὄχλος
1596 3735 1703 3788 τῶν

151 3818 311 3869 παθῶν
328 3838 343 3850 ·
375 3819 579 3888 ἡδονῆς
601 3819 707 3889 γὰρ
729 3820 819 3874 διὰ
840 3820 936 3892 τὴν
960 3822 1244 3891 φιλαυτίαν
1265 3826 1541 3879 ἀντιποιού
1554 3845 1705 3897 μενοι

150 3906 226 3957 καὶ
259 3905 463 3977 ὀδύνην
493 3907 895 3976 ἀποφεύγοντες
939 3916 1037 3973 τας
1078 3912 1394 3981 ἀμυθήτους
1436 3915 1544 3967 τῶν
1574 3918 1703 3985 φθο-

150 3998 356 4067 ροπιῶν
388 3998 586 4051 παθῶν
634 4000 957 4070 ἐπινοοῦμεν
983 4002 1248 4069 γενέσεις.
1277 4000 1404 4059 Οἷον
1434 4008 1479 4039 ⁸⁸
1507 4010 1556 4062 εί
1605 4010 1705 4078 μὲν

148 4088 230 4155 τῆς
260 4091 315 4141 ἐν
369 4090 638 4161 φιλαυτία
669 4092 862 4161 ἡδονῆς
922 4094 1379 4165 ἀντιποιούμεθα,
1426 4101 1705 4170 γεννῶμεν

145 4183 229 4249 τὴν
272 4184 752 4253 γαστριμαργίαν,
790 4185 890 4256 τὴν
932 4186 1334 4258 ὑπερηφανίαν,
1379 4191 1476 4262 τὴν
1511 4194 1707 4264 φιλαρ-

145 4272 341 4341 γυρίαν,
372 4276 473 4327 καὶ
503 4276 603 4327 ὅσα
626 4276 716 4327 τὸν
740 4278 973 4346 τυχόντα
998 4280 1199 4348 τρόπον
1232 4282 1446 4351 πορίζει
1479 4285 1702 4353 ἡδονήν·

144 4365 259 4418 εἰδὲ
297 4366 404 4436 τὴν
440 4368 500 4419 ἐν
530 4368 789 4439 φιλαυτία
820 4370 1092 4441 φεύγομεν
1114 4374 1159 4404 ⁷⁰
1186 4375 1397 4445 ὀδύνην,
1425 4378 1705 4446 γεννῶμεν

1804 1904 1926 1943 nem
1969 1906 2080 1944 suae
2121 1892 2351 1947 actionis
2379 1908 2407 1945 a
2439 1892 2565 1958 (ine,
2608 1905 2667 1948 ut
2718 1896 2787 1949 sit
2818 1897 2917 1951 hoc
2965 1901 3121 1953 tnodo
3155 1911 3375 1953 natura-

1804 1979 1935 2034 lium
1980 1980 2296 2038 facultatum
2346 2001 2412 2039 ex
2458 1988 2903 2053 errantejudicio
2937 1990 3372 2046 inconsideratius

1802 2072 2019 2140 quidam
2055 2086 2251 2139 motus,
2293 2074 2359 2130 ad
2401 2076 2546 2130 aliud
2578 2093 2740 2145 quam
2782 2081 2845 2131 ad
2872 2096 3025 2133 suum
3056 2082 3215 2134 linem
3250 2093 3370 2136 ten-

1803 2165 1959 2221 deus.
1993 2164 2183 2220 Finem
2239 2181 2369 2221 vero
2400 2168 2549 2222 illum
2582 2169 2741 2223 modo
2776 2171 2916 2234 dico,
2953 2185 3112 2238 quem
3148 2183 3371 2226 natura-

1802 2256 1925 2312 liter
1965 2258 2181 2327 quidem
2212 2261 2392 2315 omnia
2433 2271 2715 2330 appetunt,
2749 2266 2843 2317 sed
2881 2280 3042 2333 quem
3069 2265 3180 2333 jam
3215 2268 3373 2321 dece-

1801 2359 1928 2420 ptus
1971 2367 2000 2404 a
2050 2363 2301 2421 serpente
2359 2354 2598 2409 Adamus
2652 2372 2756 2409 non
2800 2358 3043 2426 agnovit,
3083 2368 3261 2412 totum
3316 2360 3370 2413 in

1801 2458 2018 2499 sensum
2069 2460 2293 2513 pronus,
2339 2445 2704 2515 iumentisque
2752 2450 2946 2504 similis
3004 2451 3199 2507 factus.
3261 2452 3374 2507 lmo

1801 2545 2060 2605 quantum
2110 2536 2273 2591 studii
2326 2539 2563 2606 ponebat
2615 2540 2667 2593 iu
2720 2542 3052 2611 cognitione,
3115 2559 3235 2610 qua:
3275 2560 3373 2615 per

1801 2643 2023 2682 sensum
2060 2628 2364 2694 adducitur,
2400 2637 2607 2683 tantum
2658 2646 2688 2684 a
2735 2633 2912 2687 divina
2951 2636 3260 2704 c0gnitione
3296 2652 3374 2691 re-

1800 2718 2049 2774 cedebat.
2101 2718 2333 2774 Rursum
2377 2732 2639 2790 quantum
2689 2724 2741 2776 in
2776 2724 2880 2779 hac
2914 2726 3220 2780 recessione
3252 2742 3373 2793 per-

1802 2810 2109 2873 severabat,
2159 2819 2368 2863 tantum
2408 2812 2572 2865 etiam
2611 2827 2792 2867 rerum
2842 2816 3181 2885 cognitarum
3234 2818 3370 2871 frui-

1803 2903 1935 2956 tinni
1967 2903 2124 2972 quasi
2175 2904 2537 2969 assidebatur,
2598 2922 2815 2978 unaque
2844 2924 2963 2961 cmn
3024 2910 3089 2963 iis
3134 2925 3376 2979 prmceps

1803 2995 2096 3050 ferebatur.
2156 2994 2426 3062 Quantum
2478 2998 2606 3050 item
2654 2998 2738 3053 his
2795 2999 3107 3066 inlnerebat,
3166 3011 3372 3056 tantum

1802 3100 2022 3154 quoque
2074 3085 2126 3140 in
2174 3100 2240 3141 eo
2286 3088 2478 3141 noxius
2514 3088 2602 3141 ille
2641 3103 2795 3144 amor
2828 3090 2909 3143 sui
2956 3092 3374 3146 accendebatur.

1804 3176 1975 3243 Quam
2004 3178 2239 3247 denique
2288 3178 2515 3233 ﬁrmiter
2568 3181 2740 3235 amori
2791 3182 3098 3238 adluerebat
3129 3186 3233 3247 sui,
3260 3193 3374 3238 tam

1799 3270 1965 3322 etiam
2015 3270 2263 3324 studiose
2312 3270 2511 3323 multas
2558 3270 2847 3338 variasque
2877 3272 3173 3339 voluptatis
3201 3276 3375 3328 ratio-

1800 3377 1897 3417 nes
1926 3361 2457 3416 comminiscebatur.
2491 3360 2616 3415 Ilarc
2646 3362 2789 3415 enim
2828 3364 3027 3417 amoris
3048 3366 3129 3417 sui
3159 3365 3375 3418 soboles

1799 3461 1901 3506 est.
1941 3450 2209 3517 Quoniam
2244 3466 2374 3505 vero
2417 3451 2618 3504 malitia
2655 3452 2835 3506 omnis
2876 3468 2998 3507 cum
3053 3453 3119 3507 iis
3152 3471 3255 3506 una
3292 3470 3378 3508 re-

1800 3541 1901 3596 bus
1942 3543 2158 3610 tinterit,
2207 3557 2327 3610 qua:
2366 3541 2510 3594 illam
2550 3552 2826 3607 crearant,
2884 3543 3105 3609 ipseque
3156 3546 3377 3611 experi-

1800 3642 1983 3688 mento
2016 3633 2256 3688 discebat
2284 3633 2572 3702 voluptatis
2590 3634 2812 3685 omnino
2838 3634 3101 3688 comitem
3128 3650 3249 3689 esse
3280 3636 3379 3689 do-

1802 3723 1997 3787 lorem,
2034 3723 2179 3777 illam
2212 3722 2295 3776 vel
2332 3738 2491 3790 supra
2537 3724 2688 3775 vires
2718 3724 2952 3776 retinere
2985 3735 3232 3786 conatus,
3256 3740 3377 3778 cum

1802 3815 1989 3869 dolore
2066 3815 2268 3869 acriter
2338 3816 2631 3881 pugnabat,
2702 3814 2817 3868 ﬁeri
2872 3830 3033 3883 posse
3088 3816 3381 3871 arbitratus

1771 3907 1970 3976 _(t|tt0d
1999 3905 2145 3960 nullo
2179 3904 2339 3959 modo
2384 3905 2619 3975 poterat)
2655 3914 2712 3959 ut
2748 3907 2814 3960 ab
2850 3906 3081 3960 invicem
3124 3907 3272 3960 hisce
3302 3907 3382 3959 di-

1803 3998 1994 4059 vulsis,
2022 4005 2079 4050 et
2108 3996 2223 4050 sola
2264 3994 2536 4063 voluptate
2581 3992 2975 4063 perfrueretnr,
3008 4006 3063 4049 et
3106 3996 3187 4047 sui
3225 4010 3381 4049 amo-

1807 4107 1919 4145 rem
1951 4090 2075 4144 huic
2105 4089 2367 4157 voluptati
2418 4088 2736 4157 permistum
2784 4091 3069 4141 retineret.
3108 4088 3244 4142 lliuc
3274 4087 3382 4159 [er-

1804 4199 1871 4253 go
1901 4182 2003 4254 ait]
2027 4182 2205 4237 omnis
2237 4180 2708 4251 perturbationum
2752 4180 3058 4234 multitudo.
3104 4177 3237 4233 Nam
3285 4196 3383 4234 vo-

1804 4276 2063 4345 luptatem
2087 4288 2199 4343 prta
2243 4286 2427 4326 amore
2457 4272 2629 4325 nostri
2658 4280 3063 4335 consectantes,
3099 4271 3378 4325 dolorem-

1804 4381 1913 4438 que
1966 4365 2261 4437 fugientes,
2312 4361 2717 4432 inexplicabiles
2774 4361 2895 4415 illos
2953 4361 3382 4431 perniciosarum

142 4455 219 4507 τὸν
264 4457 468 4526 θυμὸν,
511 4460 600 4511 τὸν
648 4459 863 4528 φθόνον.
891 4462 953 4515 τὸ
996 4466 1171 4532 μῖσος,
1226 4466 1324 4535 τὴν
1369 4468 1697 4535 ἀπόγνωσιν,

1807 4460 2118 4530 passionum
2170 4465 2321 4510 ortus
2376 4464 2557 4508 mente
2611 4453 2969 4521 concipimus.
3016 4453 3080 4505 Et
3112 4462 3382 4521 quatenus

141 4548 225 4599 καὶ
274 4551 379 4603 ὅσα
422 4551 555 4604 ἄλλα
614 4552 711 4621 τῆς
752 4553 1047 4624 ἡδυνούσης
1086 4557 1153 4586 ⁷⁰⁹
1187 4558 1475 4629 ἐστέρηται
1524 4561 1701 4615 διαθέ-

142 4655 285 4702 σεως.
331 4641 431 4693 Ἐκ
456 4642 514 4693 δὲ
551 4641 651 4710 τῆς
688 4645 891 4712 ἀμφοῖν
945 4645 1144 4711 μίξεως
1194 4648 1433 4702 τίκτεται
1486 4653 1519 4722 ἡ
1573 4653 1703 4706 ὑπό-

139 4746 330 4797 κρισις,
364 4734 401 4801 ἡ
452 4732 732 4795 κολακεία,
766 4736 793 4786 ὁ
830 4734 1001 4800 δόλος,
1049 4736 1143 4789 καὶ
1182 4737 1372 4800 ἁπλῶς
1414 4742 1513 4794 ὅσα
1567 4744 1703 4797 ἄλλα

144 4823 439 4893 μοχθηρίας
470 4824 582 4893 εἴδη
616 4825 713 4893 τῆς
746 4830 943 4894 μικτῆς
975 4828 1087 4880 ἐστι
1115 4832 1455 4901 πανουργίας
1484 4836 1703 4904 ἐπινοή-

140 4930 274 4982 ματα
296 4917 341 4947 τι
380 4915 505 4987 [497
532 4916 646 4987 IL].
702 4917 841 4970 Ἀλλ’
879 4918 907 4971 ὃ
940 4922 1032 4972 καὶ
1056 4922 1394 4994 προέφημεν,
1420 4927 1520 4996 τῆς
1549 4930 1701 4997 θείας

1806 4553 2023 4624 quidem
2053 4550 2109 4604 in
2140 4562 2326 4602 amore
2357 4544 2576 4615 proprio
2616 4544 2943 4611 voluptatem
2982 4552 3378 4605 consectamnr,

1804 4662 1873 4701 ex
1918 4659 1983 4699 eo
2030 4641 2209 4712 gulam
2257 4638 2548 4708 gignimus,
2604 4635 2939 4705 superbiam,
2990 4633 3278 4686 avaritiam
3328 4641 3383 4685 et

1805 4750 2144 4808 quaecunque
2193 4749 2291 4802 pro
2334 4746 2394 4787 re
2448 4742 2572 4785 nata
2613 4729 2942 4795 voluptatem
2991 4726 3250 4795 pariunt:
3294 4726 3381 4780 sin

1805 4850 1871 4889 ex
1920 4844 2103 4886 amore
2152 4826 2374 4894 proprio
2420 4825 2662 4876 dolorem
2718 4819 2975 4888 fugimus,
3036 4819 3171 4871 iram
3230 4832 3378 4880 mox,

1805 4924 2086 4984 invidiam,
2120 4918 2325 4981 odium,
2369 4914 2795 4984 desperationem
2848 4909 3108 4980 parimus,
3151 4919 3207 4963 et
3246 4909 3384 4963 alias

1438 5042 1670 5103 VARM‘I
1712 5042 2115 5104 LECTIONES.

200 5123 488 5203 η-μῃδὲὶτδ
511 5124 679 5203 πάθος
732 5143 792 5203 ες.
868 5127 927 5203 ⁸³-
953 5129 1037 5203 εἴη
1076 5130 1115 5181 Α
1149 5134 1304 5203 δήκαὶ
1333 5135 1416 5203 εῐη
1460 5154 1520 5199 ς.
1597 5140 1641 5171 ⁸⁵

1671 5141 1701 5210 ἢ
1732 5142 1884 5210 _atltl.
1913 5142 1977 5190 Α.

2072 5136 2117 5167 ⁸⁸
2157 5127 2469 5184 ἐπετελεῖτο
2494 5142 2554 5188 ς.
2629 5122 2673 5153 ⁸⁸
2696 5120 2820 5173 ὅσον
2848 5119 2894 5172 δ’
2926 5119 2970 5171 Α
2995 5137 3008 5173 :
3042 5116 3137 5172 καὶ
3161 5116 3286 5170 ὅσον
3314 5135 3375 5182 ς’.

139 5193 175 5272 ff
210 5188 487 5272 ᾳξὲτθὴτῷν
512 5207 563 5247 el
589 5196 677 5246 2η-
712 5188 808 5265 τῆς
863 5198 985 5251 add.
1012 5188 1076 5251 Ᾱ.
1154 5188 1542 5272 “ligant-citi}.
1624 5188 1927 5263 “"oISJKS
1958 5188 2051 5261 καὶ
2080 5199 2190 5257 οἷον
2212 5218 2274 5265 ς.
2349 5198 2399 5230 ⁷⁸
2428 5195 2719 5265 φεύγωμεν
2750 5192 2817 5246 Α·
2893 5190 2963 5221 ’θ’
2994 5188 3284 5259 δδυνούσης
3316 5206 3380 5252 ςο

140 5261 174 5292 '“
206 5264 432 5332 ἐπινοσὴ
440 5282 583 5331 ματα
608 5283 667 5329 ς.

1632 5369 1861 5425 ΝΟΤΕ.

206 5451 318 5521 (20)
359 5451 448 5505 llis
499 5455 660 5525 etiam
694 5455 993 5524 ἐπιτιμίας,
1039 5458 1151 5509 sive
1186 5458 1691 5525 transgredientium

138 5536 328 5640 penus
383 5538 475 5590 pro
520 5524 814 5589 virginibus
863 5528 916 5578 in
963 5526 1111 5580 libris
1174 5524 1689 5597 editis’subjunctas

171 5608 271 5640 Ἧι).

138 5729 335 5786 unum.
368 5729 512 5790 card.
548 5744 585 5789 t.
622 5732 754 5789 Vlll.

1874 5460 1984 5529 (Qll
2018 5456 2307 5529 lrrepsisse
2338 5456 2424 5509 hic
2462 5453 2700 5509 netulam
2734 5468 2775 5519 ρ
2828 5457 3041 5529 constat
3087 5460 3383 5529 cnm‘non:

1807 5515 1906 5583 nisi
1965 5530 2031 5581 οι
2079 5515 2412 5592 ριἰιιιειὶοιιοε
2484 5534 2603 5597 post
2659 5515 2937 5597 enunieret
2979 5515 3380 5597 PIIOI..IL:§SI:Pt

1805 5602 1951 5666 Opus
1988 5585 2121 5651 lmc~
2139 5613 2258 5650 cum
2297 5596 2416 5649 aliis
2452 5585 2692 5666 pluribus
2716 5593 2955 5666 ejusdem
2999 5587 3167 5666 sancti
3211 5585 3382 5666 Masi-

185 5608 271 5654 go'
1805 5608 1951 5666 Upus
1988 5608 2088 5651 hoc
2139 5613 2258 5650 cum
2297 5608 2416 5649 ultts
2452 5608 2692 5665 pluribus
2716 5608 2955 5661 ejusdem
2999 5608 3167 5669 sane"
3211 5608 3382 5664 ιιιξιξιο

205 5660 344 5731 (20⁶)
382 5662 513 5738 Lege
560 5663 754 5738 regal)
800 5677 864 5720 eo
914 5678 1090 5736 gestas
1116 5668 1229 5723 sive
1272 5666 1499 5737 scriptas
1527 5671 1714 5738 apndsi
1820 5672 1888 5721 mi
1920 5684 2041 5721 cum
2075 5670 2125 5738 in
2172 5666 2429 5722 Vaticana
2458 5706 2474 5732 ,
2511 5676 2621 5719 tum
2667 5664 2720 5717 in
2755 5662 2984 5731 August.
3018 5658 3107 5713 tlla
3153 5656 3384 5710 nobilis-

1813 5740 1948 5794 s'tma
1979 5736 2222 5793 bibliotlt.
