  <div class='ocr_page' id='page_1' title='image "/cluster/home/n/w/nwhite01/storage/ocr_20150623/103/hvd.32044018872861/327.png"; bbox 0 0 3940 6464; ppageno 0'>
   <div class='ocr_carea' id='block_1_1' title="bbox 494 366 601 432">
    <p class='ocr_par' dir='ltr' id='par_1_1' title="bbox 494 366 601 432">
     <span class='ocr_line' id='line_1_1' title="bbox 494 366 601 432; baseline -0.019 -1"><span class='ocrx_word' id='word_1_1' title='bbox 494 366 601 432; x_wconf 80' lang='lat'><strong>639</strong></span> 
     </span>
    </p>
   </div>
   <div class='ocr_carea' id='block_1_2' title="bbox 1626 362 2569 428">
    <p class='ocr_par' dir='ltr' id='par_1_2' title="bbox 1626 362 2569 428">
     <span class='ocr_line' id='line_1_2' title="bbox 1626 362 2569 428; baseline -0.002 0"><span class='ocrx_word' id='word_1_2' title='bbox 1626 366 1894 428; x_wconf 83' lang='grc' dir='ltr'><strong>ΡΗΟΤΠ</strong></span> <span class='ocrx_word' id='word_1_3' title='bbox 1918 362 2431 427; x_wconf 71' lang='grc' dir='ltr'><strong>ΡΑΤΒΙᾹΒΒΗΑΞ</strong></span> <span class='ocrx_word' id='word_1_4' title='bbox 2456 363 2569 427; x_wconf 89' lang='lat' dir='ltr'><strong>CP.</strong></span> 
     </span>
    </p>
   </div>
   <div class='ocr_carea' id='block_1_3' title="bbox 3634 357 3736 423">
    <p class='ocr_par' dir='ltr' id='par_1_3' title="bbox 3634 357 3736 423">
     <span class='ocr_line' id='line_1_3' title="bbox 3634 357 3736 423; baseline 0 0"><span class='ocrx_word' id='word_1_5' title='bbox 3634 357 3736 423; x_wconf 69' lang='lat'><strong>640</strong></span> 
     </span>
    </p>
   </div>
   <div class='ocr_carea' id='block_1_4' title="bbox 492 465 2078 546">
    <p class='ocr_par' dir='ltr' id='par_1_4' title="bbox 492 473 2066 543">
     <span class='ocr_line' id='line_1_4' title="bbox 492 473 2066 543; baseline 0.001 -17"><span class='ocrx_word' id='word_1_6' title='bbox 492 473 548 526; x_wconf 78' lang='lat' dir='ltr'><strong>id</strong></span> <span class='ocrx_word' id='word_1_7' title='bbox 570 487 762 543; x_wconf 82' lang='lat' dir='ltr'><strong>genus,</strong></span> <span class='ocrx_word' id='word_1_8' title='bbox 800 486 921 543; x_wconf 71' lang='lat' dir='ltr'><strong>quat</strong></span> <span class='ocrx_word' id='word_1_9' title='bbox 945 484 1135 530; x_wconf 88' lang='lat' dir='ltr'><strong>carent</strong></span> <span class='ocrx_word' id='word_1_10' title='bbox 1154 474 1439 532; x_wconf 80' lang='lat' dir='ltr'><strong>alfectione</strong></span> <span class='ocrx_word' id='word_1_11' title='bbox 1465 476 1707 533; x_wconf 83' lang='lat' dir='ltr'><strong>dolorem</strong></span> <span class='ocrx_word' id='word_1_12' title='bbox 1739 477 2066 531; x_wconf 74' lang='lat' dir='ltr'><strong>concitante.</strong></span> 
     </span>
    </p>
   </div>
   <div class='ocr_carea' id='block_1_5' title="bbox 2182 465 3736 546">
    <p class='ocr_par' dir='ltr' id='par_1_5' title="bbox 2182 465 3736 546">
     <span class='ocr_line' id='line_1_5' title="bbox 2182 465 3736 546; baseline -0.004 -19"><span class='ocrx_word' id='word_1_13' title='bbox 2182 476 2209 527; x_wconf 82' lang='grc' dir='ltr'><strong>ὁ</strong></span> <span class='ocrx_word' id='word_1_14' title='bbox 2255 475 2545 546; x_wconf 76' lang='grc' dir='ltr'>ἄνθρωπος</span> <span class='ocrx_word' id='word_1_15' title='bbox 2592 473 2679 528; x_wconf 86' lang='grc' dir='ltr'><strong>διὰ</strong></span> <span class='ocrx_word' id='word_1_16' title='bbox 2711 475 2810 543; x_wconf 83' lang='grc' dir='ltr'><strong>τῆς</strong></span> <span class='ocrx_word' id='word_1_17' title='bbox 2847 473 3067 543; x_wconf 82' lang='grc' dir='ltr'><strong>ἀπάτης</strong></span> <span class='ocrx_word' id='word_1_18' title='bbox 3117 467 3446 525; x_wconf 87' lang='grc' dir='ltr'>καταπεσὼν</span> <span class='ocrx_word' id='word_1_19' title='bbox 3483 465 3736 537; x_wconf 83' lang='grc' dir='ltr'>γνώσεως</span> 
     </span>
    </p>
   </div>
   <div class='ocr_carea' id='block_1_6' title="bbox 496 560 2067 635">
    <p class='ocr_par' dir='ltr' id='par_1_6' title="bbox 496 560 2067 635">
     <span class='ocr_line' id='line_1_6' title="bbox 496 560 2067 635; baseline 0.002 -19"><span class='ocrx_word' id='word_1_20' title='bbox 496 560 577 617; x_wconf 83' lang='grc' dir='ltr'>Ειι</span> <span class='ocrx_word' id='word_1_21' title='bbox 623 565 903 633; x_wconf 81' lang='lat' dir='ltr'><strong>utriusque</strong></span> <span class='ocrx_word' id='word_1_22' title='bbox 952 580 1114 635; x_wconf 88' lang='lat' dir='ltr'><strong>porro</strong></span> <span class='ocrx_word' id='word_1_23' title='bbox 1161 568 1417 623; x_wconf 85' lang='lat' dir='ltr'><strong>mistione</strong></span> <span class='ocrx_word' id='word_1_24' title='bbox 1480 569 1725 623; x_wconf 89' lang='lat' dir='ltr'><strong>nascitur</strong></span> <span class='ocrx_word' id='word_1_25' title='bbox 1775 564 2067 631; x_wconf 75' lang='lat' dir='ltr'><strong>simulatio,</strong></span> 
     </span>
    </p>
   </div>
   <div class='ocr_carea' id='block_1_7' title="bbox 497 655 2072 727">
    <p class='ocr_par' dir='ltr' id='par_1_7' title="bbox 497 655 2072 727">
     <span class='ocr_line' id='line_1_7' title="bbox 497 655 2072 727; baseline 0.001 -18"><span class='ocrx_word' id='word_1_26' title='bbox 497 655 821 721; x_wconf 74' lang='lat' dir='ltr'><strong>assentatio,</strong></span> <span class='ocrx_word' id='word_1_27' title='bbox 873 657 1049 723; x_wconf 88' lang='lat' dir='ltr'><strong>dolus,</strong></span> <span class='ocrx_word' id='word_1_28' title='bbox 1100 666 1155 714; x_wconf 90' lang='lat' dir='ltr'><strong>et</strong></span> <span class='ocrx_word' id='word_1_29' title='bbox 1184 660 1229 715; x_wconf 91' lang='lat' dir='ltr'><strong>si</strong></span> <span class='ocrx_word' id='word_1_30' title='bbox 1293 674 1414 727; x_wconf 64' lang='lat' dir='ltr'><strong>qua:</strong></span> <span class='ocrx_word' id='word_1_31' title='bbox 1455 657 1678 714; x_wconf 83' lang='lat' dir='ltr'><strong>omnino</strong></span> <span class='ocrx_word' id='word_1_32' title='bbox 1716 658 1822 713; x_wconf 87' lang='lat' dir='ltr'><strong>alia</strong></span> <span class='ocrx_word' id='word_1_33' title='bbox 1869 658 2072 727; x_wconf 85' lang='lat' dir='ltr'><strong>impro-</strong></span> 
     </span>
    </p>
   </div>
   <div class='ocr_carea' id='block_1_8' title="bbox 494 744 2070 820">
    <p class='ocr_par' dir='ltr' id='par_1_8' title="bbox 494 744 2070 820">
     <span class='ocr_line' id='line_1_8' title="bbox 494 744 2070 820; baseline 0.001 -18"><span class='ocrx_word' id='word_1_34' title='bbox 494 744 681 802; x_wconf 88' lang='lat' dir='ltr'><strong>bitatis</strong></span> <span class='ocrx_word' id='word_1_35' title='bbox 741 764 960 818; x_wconf 87' lang='lat' dir='ltr'><strong>genera,</strong></span> <span class='ocrx_word' id='word_1_36' title='bbox 1018 749 1193 805; x_wconf 70' lang='lat' dir='ltr'><strong>mistae</strong></span> <span class='ocrx_word' id='word_1_37' title='bbox 1249 760 1377 805; x_wconf 89' lang='lat' dir='ltr'><strong>sunt</strong></span> <span class='ocrx_word' id='word_1_38' title='bbox 1406 752 1657 806; x_wconf 56' lang='lat' dir='ltr'><strong>versutia:</strong></span> <span class='ocrx_word' id='word_1_39' title='bbox 1702 748 2070 820; x_wconf 67' lang='lat' dir='ltr'><strong>aegritudines.</strong></span> 
     </span>
    </p>
   </div>
   <div class='ocr_carea' id='block_1_9' title="bbox 500 839 2069 913">
    <p class='ocr_par' dir='ltr' id='par_1_9' title="bbox 500 839 2069 913">
     <span class='ocr_line' id='line_1_9' title="bbox 500 839 2069 913; baseline 0.001 -19"><span class='ocrx_word' id='word_1_40' title='bbox 500 839 695 911; x_wconf 77' lang='lat' dir='ltr'><strong>155a</strong></span> <span class='ocrx_word' id='word_1_41' title='bbox 726 841 794 893; x_wconf 89' lang='lat' dir='ltr'><strong>At</strong></span> <span class='ocrx_word' id='word_1_42' title='bbox 836 850 1119 911; x_wconf 77' lang='lat' dir='ltr'><strong>postquam</strong></span> <span class='ocrx_word' id='word_1_43' title='bbox 1164 843 1246 913; x_wconf 79' lang='lat' dir='ltr'><strong>(ut</strong></span> <span class='ocrx_word' id='word_1_44' title='bbox 1301 841 1411 911; x_wconf 85' lang='lat' dir='ltr'><strong>jam</strong></span> <span class='ocrx_word' id='word_1_45' title='bbox 1457 842 1617 911; x_wconf 88' lang='lat' dir='ltr'><strong>paulo</strong></span> <span class='ocrx_word' id='word_1_46' title='bbox 1648 850 1774 896; x_wconf 89' lang='lat' dir='ltr'><strong>ante</strong></span> <span class='ocrx_word' id='word_1_47' title='bbox 1802 839 2069 909; x_wconf 81' lang='lat' dir='ltr'><strong>diximus)</strong></span> 
     </span>
    </p>
   </div>
   <div class='ocr_carea' id='block_1_10' title="bbox 497 932 2071 1003">
    <p class='ocr_par' dir='ltr' id='par_1_10' title="bbox 497 932 2071 1003">
     <span class='ocr_line' id='line_1_10' title="bbox 497 932 2071 1003; baseline 0.003 -21"><span class='ocrx_word' id='word_1_48' title='bbox 497 947 596 1000; x_wconf 80' lang='lat' dir='ltr'><strong>per</strong></span> <span class='ocrx_word' id='word_1_49' title='bbox 625 932 993 999; x_wconf 88' lang='lat' dir='ltr'><strong>deceptionetn</strong></span> <span class='ocrx_word' id='word_1_50' title='bbox 1033 935 1193 988; x_wconf 91' lang='lat' dir='ltr'><strong>homo</strong></span> <span class='ocrx_word' id='word_1_51' title='bbox 1226 949 1254 987; x_wconf 91' lang='lat' dir='ltr'><strong>a</strong></span> <span class='ocrx_word' id='word_1_52' title='bbox 1287 933 1469 987; x_wconf 88' lang='lat' dir='ltr'><strong>divina</strong></span> <span class='ocrx_word' id='word_1_53' title='bbox 1499 933 1704 987; x_wconf 75' lang='lat' dir='ltr'><strong>excidit</strong></span> <span class='ocrx_word' id='word_1_54' title='bbox 1733 932 2071 1003; x_wconf 79' lang='lat' dir='ltr'><strong>cognitione,</strong></span> 
     </span>
    </p>
   </div>
   <div class='ocr_carea' id='block_1_11' title="bbox 497 1022 2072 1095">
    <p class='ocr_par' dir='ltr' id='par_1_11' title="bbox 497 1022 2072 1095">
     <span class='ocr_line' id='line_1_11' title="bbox 497 1022 2072 1095; baseline 0.002 -20"><span class='ocrx_word' id='word_1_55' title='bbox 497 1031 553 1076; x_wconf 89' lang='lat' dir='ltr'><strong>et</strong></span> <span class='ocrx_word' id='word_1_56' title='bbox 599 1022 667 1076; x_wconf 91' lang='lat' dir='ltr'><strong>ad</strong></span> <span class='ocrx_word' id='word_1_57' title='bbox 716 1038 936 1079; x_wconf 86' lang='lat' dir='ltr'><strong>sensum</strong></span> <span class='ocrx_word' id='word_1_58' title='bbox 985 1039 1107 1080; x_wconf 87' lang='lat' dir='ltr'><strong>sese</strong></span> <span class='ocrx_word' id='word_1_59' title='bbox 1156 1025 1373 1095; x_wconf 86' lang='lat' dir='ltr'><strong>penitus</strong></span> <span class='ocrx_word' id='word_1_60' title='bbox 1411 1026 1705 1086; x_wconf 87' lang='lat' dir='ltr'><strong>convertit,</strong></span> <span class='ocrx_word' id='word_1_61' title='bbox 1738 1036 2072 1090; x_wconf 85' lang='lat' dir='ltr'><strong>creaturam,</strong></span> 
     </span>
    </p>
   </div>
   <div class='ocr_carea' id='block_1_12' title="bbox 499 1115 2072 1188">
    <p class='ocr_par' dir='ltr' id='par_1_12' title="bbox 499 1115 2072 1188">
     <span class='ocr_line' id='line_1_12' title="bbox 499 1115 2072 1188; baseline 0.003 -20"><span class='ocrx_word' id='word_1_62' title='bbox 499 1130 620 1183; x_wconf 64' lang='lat' dir='ltr'><strong>quae</strong></span> <span class='ocrx_word' id='word_1_63' title='bbox 658 1115 759 1170; x_wconf 87' lang='lat' dir='ltr'><strong>sub</strong></span> <span class='ocrx_word' id='word_1_64' title='bbox 791 1125 1070 1185; x_wconf 86' lang='lat' dir='ltr'><strong>aspectum</strong></span> <span class='ocrx_word' id='word_1_65' title='bbox 1120 1118 1287 1183; x_wconf 89' lang='lat' dir='ltr'><strong>cadit,</strong></span> <span class='ocrx_word' id='word_1_66' title='bbox 1339 1132 1437 1187; x_wconf 92' lang='lat' dir='ltr'><strong>pro</strong></span> <span class='ocrx_word' id='word_1_67' title='bbox 1464 1119 1570 1173; x_wconf 90' lang='lat' dir='ltr'><strong>Deo</strong></span> <span class='ocrx_word' id='word_1_68' title='bbox 1616 1119 1784 1187; x_wconf 75' lang='lat' dir='ltr'><strong>ccepit</strong></span> <span class='ocrx_word' id='word_1_69' title='bbox 1813 1131 2072 1188; x_wconf 86' lang='lat' dir='ltr'><strong>perverse</strong></span> 
     </span>
    </p>
   </div>
   <div class='ocr_carea' id='block_1_13' title="bbox 499 1208 2075 1278">
    <p class='ocr_par' dir='ltr' id='par_1_13' title="bbox 499 1208 2075 1278">
     <span class='ocr_line' id='line_1_13' title="bbox 499 1208 2075 1278; baseline 0.004 -21"><span class='ocrx_word' id='word_1_70' title='bbox 499 1223 815 1277; x_wconf 71' lang='lat' dir='ltr'><strong>agnoscere,</strong></span> <span class='ocrx_word' id='word_1_71' title='bbox 864 1210 934 1262; x_wconf 88' lang='lat' dir='ltr'><strong>ob</strong></span> <span class='ocrx_word' id='word_1_72' title='bbox 964 1208 1258 1263; x_wconf 82' lang='lat' dir='ltr'><strong>utilitatem</strong></span> <span class='ocrx_word' id='word_1_73' title='bbox 1302 1210 1538 1273; x_wconf 86' lang='lat' dir='ltr'><strong>scilicet,</strong></span> <span class='ocrx_word' id='word_1_74' title='bbox 1563 1223 1727 1278; x_wconf 88' lang='lat' dir='ltr'><strong>quam</strong></span> <span class='ocrx_word' id='word_1_75' title='bbox 1755 1224 1821 1264; x_wconf 83' lang='lat' dir='ltr'><strong>ex</strong></span> <span class='ocrx_word' id='word_1_76' title='bbox 1853 1224 1915 1263; x_wconf 90' lang='lat' dir='ltr'><strong>ea</strong></span> <span class='ocrx_word' id='word_1_77' title='bbox 1951 1224 2075 1263; x_wconf 83' lang='lat' dir='ltr'><strong>cor-</strong></span> 
     </span>
    </p>
   </div>
   <div class='ocr_carea' id='block_1_14' title="bbox 497 1299 2071 1371">
    <p class='ocr_par' dir='ltr' id='par_1_14' title="bbox 497 1299 2071 1371">
     <span class='ocr_line' id='line_1_14' title="bbox 497 1299 2071 1371; baseline 0.002 -19"><span class='ocrx_word' id='word_1_78' title='bbox 497 1314 600 1367; x_wconf 86' lang='lat' dir='ltr'><strong>pus</strong></span> <span class='ocrx_word' id='word_1_79' title='bbox 644 1300 998 1368; x_wconf 84' lang='lat' dir='ltr'><strong>percipiebat,</strong></span> <span class='ocrx_word' id='word_1_80' title='bbox 1052 1309 1319 1355; x_wconf 85' lang='lat' dir='ltr'><strong>creaturae</strong></span> <span class='ocrx_word' id='word_1_81' title='bbox 1370 1301 1551 1370; x_wconf 88' lang='lat' dir='ltr'><strong>potius</strong></span> <span class='ocrx_word' id='word_1_82' title='bbox 1610 1316 1773 1371; x_wconf 92' lang='lat' dir='ltr'><strong>quam</strong></span> <span class='ocrx_word' id='word_1_83' title='bbox 1825 1299 2071 1356; x_wconf 87' lang='lat' dir='ltr'><strong>Creatori</strong></span> 
     </span>
    </p>
   </div>
   <div class='ocr_carea' id='block_1_15' title="bbox 495 1388 2074 1461">
    <p class='ocr_par' dir='ltr' id='par_1_15' title="bbox 495 1388 2074 1461">
     <span class='ocr_line' id='line_1_15' title="bbox 495 1388 2074 1461; baseline 0.001 -18"><span class='ocrx_word' id='word_1_84' title='bbox 495 1388 743 1444; x_wconf 81' lang='lat' dir='ltr'><strong>serviens</strong></span> <span class='ocrx_word' id='word_1_85' title='bbox 771 1402 820 1444; x_wconf 76' lang='grc' dir='ltr'>ι.</span> <span class='ocrx_word' id='word_1_86' title='bbox 869 1390 988 1455; x_wconf 87' lang='lat' dir='ltr'><strong>Quo</strong></span> <span class='ocrx_word' id='word_1_87' title='bbox 1016 1390 1235 1460; x_wconf 88' lang='lat' dir='ltr'><strong>quidem</strong></span> <span class='ocrx_word' id='word_1_88' title='bbox 1286 1406 1515 1460; x_wconf 90' lang='lat' dir='ltr'><strong>corpore</strong></span> <span class='ocrx_word' id='word_1_89' title='bbox 1544 1391 1909 1461; x_wconf 88' lang='lat' dir='ltr'><strong>perniciosum</strong></span> <span class='ocrx_word' id='word_1_90' title='bbox 1946 1390 2074 1445; x_wconf 90' lang='lat' dir='ltr'><strong>illud</strong></span> 
     </span>
    </p>
   </div>
   <div class='ocr_carea' id='block_1_16' title="bbox 498 1481 2077 1551">
    <p class='ocr_par' dir='ltr' id='par_1_16' title="bbox 498 1481 2077 1551">
     <span class='ocr_line' id='line_1_16' title="bbox 498 1481 2077 1551; baseline 0.003 -19"><span class='ocrx_word' id='word_1_91' title='bbox 498 1481 810 1549; x_wconf 56' lang='lat' dir='ltr'><strong>praestando</strong></span> <span class='ocrx_word' id='word_1_92' title='bbox 852 1482 1197 1551; x_wconf 87' lang='lat' dir='ltr'><strong>obsequium,</strong></span> <span class='ocrx_word' id='word_1_93' title='bbox 1247 1483 1581 1550; x_wconf 88' lang='lat' dir='ltr'><strong>voluptatem</strong></span> <span class='ocrx_word' id='word_1_94' title='bbox 1627 1483 1844 1539; x_wconf 87' lang='lat' dir='ltr'><strong>assidue</strong></span> <span class='ocrx_word' id='word_1_95' title='bbox 1875 1482 2077 1539; x_wconf 86' lang='lat' dir='ltr'><strong>sentie-</strong></span> 
     </span>
    </p>
   </div>
   <div class='ocr_carea' id='block_1_17' title="bbox 497 1571 2075 1646">
    <p class='ocr_par' dir='ltr' id='par_1_17' title="bbox 497 1571 2075 1646">
     <span class='ocr_line' id='line_1_17' title="bbox 497 1571 2075 1646; baseline 0.004 -21"><span class='ocrx_word' id='word_1_96' title='bbox 497 1571 614 1634; x_wconf 86' lang='lat' dir='ltr'><strong>bat,</strong></span> <span class='ocrx_word' id='word_1_97' title='bbox 649 1572 1135 1644; x_wconf 86' lang='lat' dir='ltr'><strong>vehementemque</strong></span> <span class='ocrx_word' id='word_1_98' title='bbox 1178 1574 1449 1641; x_wconf 88' lang='lat' dir='ltr'><strong>dolorem,</strong></span> <span class='ocrx_word' id='word_1_99' title='bbox 1481 1576 1661 1646; x_wconf 87' lang='lat' dir='ltr'><strong>reipsa</strong></span> <span class='ocrx_word' id='word_1_100' title='bbox 1695 1592 1911 1646; x_wconf 86' lang='lat' dir='ltr'><strong>semper</strong></span> <span class='ocrx_word' id='word_1_101' title='bbox 1953 1577 2075 1631; x_wconf 90' lang='lat' dir='ltr'><strong>ino-</strong></span> 
     </span>
    </p>
   </div>
   <div class='ocr_carea' id='block_1_18' title="bbox 497 1663 2073 1737">
    <p class='ocr_par' dir='ltr' id='par_1_18' title="bbox 497 1663 2073 1737">
     <span class='ocr_line' id='line_1_18' title="bbox 497 1663 2073 1737; baseline 0.006 -20"><span class='ocrx_word' id='word_1_102' title='bbox 497 1663 786 1718; x_wconf 66' lang='lat' dir='ltr'><strong>bedienlia?</strong></span> <span class='ocrx_word' id='word_1_103' title='bbox 834 1665 963 1719; x_wconf 89' lang='lat' dir='ltr'><strong>illud</strong></span> <span class='ocrx_word' id='word_1_104' title='bbox 994 1666 1197 1736; x_wconf 78' lang='lat' dir='ltr'><strong>lignum</strong></span> <span class='ocrx_word' id='word_1_105' title='bbox 1242 1666 1377 1722; x_wconf 91' lang='lat' dir='ltr'><strong>boni</strong></span> <span class='ocrx_word' id='word_1_106' title='bbox 1412 1677 1469 1723; x_wconf 90' lang='lat' dir='ltr'><strong>et</strong></span> <span class='ocrx_word' id='word_1_107' title='bbox 1507 1669 1635 1723; x_wconf 88' lang='lat' dir='ltr'><strong>mali</strong></span> <span class='ocrx_word' id='word_1_108' title='bbox 1668 1672 1982 1737; x_wconf 90' lang='lat' dir='ltr'><strong>comedens,</strong></span> <span class='ocrx_word' id='word_1_109' title='bbox 2019 1679 2073 1725; x_wconf 90' lang='lat' dir='ltr'><strong>et</strong></span> 
     </span>
    </p>
   </div>
   <div class='ocr_carea' id='block_1_19' title="bbox 496 1755 2075 1829">
    <p class='ocr_par' dir='ltr' id='par_1_19' title="bbox 496 1755 2075 1829">
     <span class='ocr_line' id='line_1_19' title="bbox 496 1755 2075 1829; baseline 0.004 -18"><span class='ocrx_word' id='word_1_110' title='bbox 496 1755 805 1811; x_wconf 85' lang='lat' dir='ltr'><strong>sensibilem</strong></span> <span class='ocrx_word' id='word_1_111' title='bbox 854 1757 955 1812; x_wconf 89' lang='lat' dir='ltr'><strong>sibi</strong></span> <span class='ocrx_word' id='word_1_112' title='bbox 1006 1759 1372 1827; x_wconf 87' lang='lat' dir='ltr'><strong>c0gnitionem</strong></span> <span class='ocrx_word' id='word_1_113' title='bbox 1418 1758 1673 1816; x_wconf 76' lang='lat' dir='ltr'><strong>all‘erens.</strong></span> <span class='ocrx_word' id='word_1_114' title='bbox 1731 1761 1912 1829; x_wconf 84' lang='lat' dir='ltr'><strong>Quare</strong></span> <span class='ocrx_word' id='word_1_115' title='bbox 1959 1764 2075 1817; x_wconf 80' lang='lat' dir='ltr'><strong>for-</strong></span> 
     </span>
    </p>
   </div>
   <div class='ocr_carea' id='block_1_20' title="bbox 497 1848 2070 1919">
    <p class='ocr_par' dir='ltr' id='par_1_20' title="bbox 497 1848 2070 1919">
     <span class='ocr_line' id='line_1_20' title="bbox 497 1848 2070 1919; baseline 0.006 -18"><span class='ocrx_word' id='word_1_116' title='bbox 497 1856 665 1909; x_wconf 83' lang='lat' dir='ltr'><strong>tasse,</strong></span> <span class='ocrx_word' id='word_1_117' title='bbox 696 1848 787 1915; x_wconf 87' lang='lat' dir='ltr'><strong>qui</strong></span> <span class='ocrx_word' id='word_1_118' title='bbox 821 1848 1022 1919; x_wconf 88' lang='lat' dir='ltr'><strong>lignum</strong></span> <span class='ocrx_word' id='word_1_119' title='bbox 1069 1850 1197 1905; x_wconf 89' lang='lat' dir='ltr'><strong>boni</strong></span> <span class='ocrx_word' id='word_1_120' title='bbox 1249 1862 1306 1906; x_wconf 92' lang='lat' dir='ltr'><strong>et</strong></span> <span class='ocrx_word' id='word_1_121' title='bbox 1338 1852 1464 1906; x_wconf 90' lang='lat' dir='ltr'><strong>mali</strong></span> <span class='ocrx_word' id='word_1_122' title='bbox 1505 1852 1729 1917; x_wconf 85' lang='lat' dir='ltr'><strong>dixerit,</strong></span> <span class='ocrx_word' id='word_1_123' title='bbox 1761 1865 2070 1911; x_wconf 87' lang='lat' dir='ltr'><strong>creaturam</strong></span> 
     </span>
    </p>
   </div>
   <div class='ocr_carea' id='block_1_21' title="bbox 494 1941 2078 2009">
    <p class='ocr_par' dir='ltr' id='par_1_21' title="bbox 494 1941 2078 2009">
     <span class='ocr_line' id='line_1_21' title="bbox 494 1941 2078 2009; baseline 0.008 -16"><span class='ocrx_word' id='word_1_124' title='bbox 494 1953 619 1994; x_wconf 91' lang='lat' dir='ltr'><strong>esse</strong></span> <span class='ocrx_word' id='word_1_125' title='bbox 645 1941 937 2009; x_wconf 87' lang='lat' dir='ltr'><strong>visibilem,</strong></span> <span class='ocrx_word' id='word_1_126' title='bbox 980 1956 1011 1997; x_wconf 87' lang='lat' dir='ltr'><strong>a</strong></span> <span class='ocrx_word' id='word_1_127' title='bbox 1039 1958 1171 2000; x_wconf 85' lang='lat' dir='ltr'><strong>vero</strong></span> <span class='ocrx_word' id='word_1_128' title='bbox 1212 1961 1320 2000; x_wconf 91' lang='lat' dir='ltr'><strong>non</strong></span> <span class='ocrx_word' id='word_1_129' title='bbox 1364 1948 1662 2003; x_wconf 88' lang='lat' dir='ltr'><strong>aberrabit.</strong></span> <span class='ocrx_word' id='word_1_130' title='bbox 1696 1947 1899 2005; x_wconf 79' lang='lat' dir='ltr'><strong>Natura</strong></span> <span class='ocrx_word' id='word_1_131' title='bbox 1931 1954 2078 2006; x_wconf 90' lang='lat' dir='ltr'><strong>enim</strong></span> 
     </span>
    </p>
   </div>
   <div class='ocr_carea' id='block_1_22' title="bbox 496 2031 2082 2114">
    <p class='ocr_par' dir='ltr' id='par_1_22' title="bbox 496 2031 2082 2114">
     <span class='ocr_line' id='line_1_22' title="bbox 496 2031 2082 2114; baseline 0.009 -29"><span class='ocrx_word' id='word_1_132' title='bbox 496 2031 611 2099; x_wconf 88' lang='lat' dir='ltr'><strong>ipsa</strong></span> <span class='ocrx_word' id='word_1_133' title='bbox 659 2032 732 2087; x_wconf 85' lang='lat' dir='ltr'><strong>ita</strong></span> <span class='ocrx_word' id='word_1_134' title='bbox 768 2045 1138 2103; x_wconf 88' lang='lat' dir='ltr'><strong>comparatum</strong></span> <span class='ocrx_word' id='word_1_135' title='bbox 1178 2049 1285 2103; x_wconf 91' lang='lat' dir='ltr'><strong>est,</strong></span> <span class='ocrx_word' id='word_1_136' title='bbox 1339 2048 1399 2093; x_wconf 91' lang='lat' dir='ltr'><strong>ut</strong></span> <span class='ocrx_word' id='word_1_137' title='bbox 1444 2055 1575 2095; x_wconf 89' lang='lat' dir='ltr'><strong>usus</strong></span> <span class='ocrx_word' id='word_1_138' title='bbox 1623 2041 1743 2110; x_wconf 86' lang='lat' dir='ltr'><strong>ejus</strong></span> <span class='ocrx_word' id='word_1_139' title='bbox 1788 2043 2082 2114; x_wconf 86' lang='lat' dir='ltr'><strong>voluptatis</strong></span> 
     </span>
    </p>
   </div>
   <div class='ocr_carea' id='block_1_23' title="bbox 495 2123 2075 2204">
    <p class='ocr_par' dir='ltr' id='par_1_23' title="bbox 495 2123 2075 2204">
     <span class='ocr_line' id='line_1_23' title="bbox 495 2123 2075 2204; baseline 0.011 -28"><span class='ocrx_word' id='word_1_140' title='bbox 495 2123 808 2195; x_wconf 88' lang='lat' dir='ltr'><strong>dolorisque</strong></span> <span class='ocrx_word' id='word_1_141' title='bbox 839 2126 1105 2184; x_wconf 80' lang='lat' dir='ltr'><strong>alliciendi</strong></span> <span class='ocrx_word' id='word_1_142' title='bbox 1135 2130 1245 2183; x_wconf 85' lang='lat' dir='ltr'><strong>vim</strong></span> <span class='ocrx_word' id='word_1_143' title='bbox 1271 2132 1485 2187; x_wconf 83' lang='lat' dir='ltr'><strong>habeat.</strong></span> <span class='ocrx_word' id='word_1_144' title='bbox 1521 2132 1619 2189; x_wconf 89' lang='lat' dir='ltr'><strong>Vel</strong></span> <span class='ocrx_word' id='word_1_145' title='bbox 1653 2150 1867 2190; x_wconf 88' lang='lat' dir='ltr'><strong>rursum</strong></span> <span class='ocrx_word' id='word_1_146' title='bbox 1900 2137 2075 2204; x_wconf 87' lang='lat' dir='ltr'><strong>:Quia</strong></span> 
     </span>
    </p>
   </div>
   <div class='ocr_carea' id='block_1_24' title="bbox 494 2216 2072 2295">
    <p class='ocr_par' dir='ltr' id='par_1_24' title="bbox 494 2216 2072 2295">
     <span class='ocr_line' id='line_1_24' title="bbox 494 2216 2072 2295; baseline 0.009 -27"><span class='ocrx_word' id='word_1_147' title='bbox 494 2224 552 2268; x_wconf 88' lang='lat' dir='ltr'><strong>et</strong></span> <span class='ocrx_word' id='word_1_148' title='bbox 577 2216 890 2285; x_wconf 90' lang='lat' dir='ltr'><strong>spirituales</strong></span> <span class='ocrx_word' id='word_1_149' title='bbox 924 2220 1087 2274; x_wconf 86' lang='lat' dir='ltr'><strong>habet</strong></span> <span class='ocrx_word' id='word_1_150' title='bbox 1122 2222 1366 2277; x_wconf 89' lang='lat' dir='ltr'><strong>rationes</strong></span> <span class='ocrx_word' id='word_1_151' title='bbox 1416 2226 1767 2295; x_wconf 88' lang='lat' dir='ltr'><strong>aspectabilis</strong></span> <span class='ocrx_word' id='word_1_152' title='bbox 1798 2238 2072 2293; x_wconf 86' lang='lat' dir='ltr'><strong>creatura,</strong></span> 
     </span>
    </p>
   </div>
   <div class='ocr_carea' id='block_1_25' title="bbox 495 2314 2077 2393">
    <p class='ocr_par' dir='ltr' id='par_1_25' title="bbox 495 2314 2077 2393">
     <span class='ocr_line' id='line_1_25' title="bbox 495 2314 2077 2393; baseline 0.012 -33"><span class='ocrx_word' id='word_1_153' title='bbox 495 2322 617 2377; x_wconf 71' lang='lat' dir='ltr'><strong>quae</strong></span> <span class='ocrx_word' id='word_1_154' title='bbox 661 2318 895 2365; x_wconf 86' lang='lat' dir='ltr'><strong>mentem</strong></span> <span class='ocrx_word' id='word_1_155' title='bbox 938 2314 1186 2368; x_wconf 89' lang='lat' dir='ltr'><strong>nutriunt</strong></span> <span class='ocrx_word' id='word_1_156' title='bbox 1219 2331 1235 2369; x_wconf 89' lang='lat'><strong>:</strong></span> <span class='ocrx_word' id='word_1_157' title='bbox 1286 2326 1339 2370; x_wconf 91' lang='lat' dir='ltr'><strong>et</strong></span> <span class='ocrx_word' id='word_1_158' title='bbox 1370 2319 1563 2373; x_wconf 90' lang='lat' dir='ltr'><strong>iterum</strong></span> <span class='ocrx_word' id='word_1_159' title='bbox 1601 2320 1714 2393; x_wconf 76' lang='lat'><strong>(22)</strong></span> <span class='ocrx_word' id='word_1_160' title='bbox 1746 2322 1854 2376; x_wconf 90' lang='lat' dir='ltr'><strong>vim</strong></span> <span class='ocrx_word' id='word_1_161' title='bbox 1886 2340 2077 2392; x_wconf 84' lang='lat' dir='ltr'><strong>quam-</strong></span> 
     </span>
    </p>
   </div>
   <div class='ocr_carea' id='block_1_26' title="bbox 497 2397 2076 2479">
    <p class='ocr_par' dir='ltr' id='par_1_26' title="bbox 497 2397 2076 2479">
     <span class='ocr_line' id='line_1_26' title="bbox 497 2397 2076 2479; baseline 0.011 -30"><span class='ocrx_word' id='word_1_162' title='bbox 497 2397 621 2450; x_wconf 85' lang='lat' dir='ltr'><strong>dam</strong></span> <span class='ocrx_word' id='word_1_163' title='bbox 663 2400 996 2465; x_wconf 84' lang='lat' dir='ltr'><strong>naturalem,</strong></span> <span class='ocrx_word' id='word_1_164' title='bbox 1037 2418 1158 2471; x_wconf 70' lang='lat' dir='ltr'><strong>quas</strong></span> <span class='ocrx_word' id='word_1_165' title='bbox 1186 2418 1408 2460; x_wconf 84' lang='lat' dir='ltr'><strong>sensum</strong></span> <span class='ocrx_word' id='word_1_166' title='bbox 1437 2409 1657 2477; x_wconf 85' lang='lat' dir='ltr'><strong>quidem</strong></span> <span class='ocrx_word' id='word_1_167' title='bbox 1694 2411 1949 2479; x_wconf 87' lang='lat' dir='ltr'><strong>delectat,</strong></span> <span class='ocrx_word' id='word_1_168' title='bbox 1982 2415 2076 2469; x_wconf 92' lang='lat' dir='ltr'><strong>sed</strong></span> 
     </span>
    </p>
   </div>
   <div class='ocr_carea' id='block_1_27' title="bbox 497 2494 2070 2569">
    <p class='ocr_par' dir='ltr' id='par_1_27' title="bbox 497 2494 2070 2569">
     <span class='ocr_line' id='line_1_27' title="bbox 497 2494 2070 2569; baseline 0.013 -29"><span class='ocrx_word' id='word_1_169' title='bbox 497 2500 737 2544; x_wconf 88' lang='lat' dir='ltr'><strong>mentem</strong></span> <span class='ocrx_word' id='word_1_170' title='bbox 788 2494 1068 2561; x_wconf 88' lang='lat' dir='ltr'><strong>pervertit,</strong></span> <span class='ocrx_word' id='word_1_171' title='bbox 1105 2508 1388 2565; x_wconf 87' lang='lat' dir='ltr'><strong>pr0pterea</strong></span> <span class='ocrx_word' id='word_1_172' title='bbox 1422 2499 1627 2569; x_wconf 87' lang='lat' dir='ltr'><strong>lignum</strong></span> <span class='ocrx_word' id='word_1_173' title='bbox 1671 2505 1915 2561; x_wconf 63' lang='lat' dir='ltr'><strong>scientia;</strong></span> <span class='ocrx_word' id='word_1_174' title='bbox 1946 2506 2070 2561; x_wconf 93' lang='lat' dir='ltr'><strong>boni</strong></span> 
     </span>
    </p>
   </div>
   <div class='ocr_carea' id='block_1_28' title="bbox 497 2581 2066 2668">
    <p class='ocr_par' dir='ltr' id='par_1_28' title="bbox 497 2581 2066 2668">
     <span class='ocr_line' id='line_1_28' title="bbox 497 2581 2066 2668; baseline 0.013 -37"><span class='ocrx_word' id='word_1_175' title='bbox 497 2587 552 2631; x_wconf 91' lang='lat' dir='ltr'><strong>et</strong></span> <span class='ocrx_word' id='word_1_176' title='bbox 596 2581 720 2635; x_wconf 87' lang='lat' dir='ltr'><strong>ntali</strong></span> <span class='ocrx_word' id='word_1_177' title='bbox 755 2582 868 2635; x_wconf 58' lang='lat' dir='ltr'><strong>haec</strong></span> <span class='ocrx_word' id='word_1_178' title='bbox 897 2593 980 2637; x_wconf 88' lang='lat' dir='ltr'><strong>est</strong></span> <span class='ocrx_word' id='word_1_179' title='bbox 1011 2587 1299 2655; x_wconf 86' lang='lat' dir='ltr'><strong>appellata.</strong></span> <span class='ocrx_word' id='word_1_180' title='bbox 1344 2588 1665 2646; x_wconf 87' lang='lat' dir='ltr'><strong>Passionum</strong></span> <span class='ocrx_word' id='word_1_181' title='bbox 1700 2598 1847 2648; x_wconf 91' lang='lat' dir='ltr'><strong>enim</strong></span> <span class='ocrx_word' id='word_1_182' title='bbox 1898 2598 2066 2668; x_wconf 88' lang='lat' dir='ltr'><strong>magi-</strong></span> 
     </span>
    </p>
   </div>
   <div class='ocr_carea' id='block_1_29' title="bbox 499 2670 2079 2755">
    <p class='ocr_par' dir='ltr' id='par_1_29' title="bbox 499 2670 2079 2755">
     <span class='ocr_line' id='line_1_29' title="bbox 499 2670 2079 2755; baseline 0.015 -34"><span class='ocrx_word' id='word_1_183' title='bbox 499 2678 611 2722; x_wconf 88' lang='lat' dir='ltr'><strong>stra</strong></span> <span class='ocrx_word' id='word_1_184' title='bbox 650 2670 709 2725; x_wconf 85' lang='lat' dir='ltr'><strong>lit</strong></span> <span class='ocrx_word' id='word_1_185' title='bbox 744 2673 809 2728; x_wconf 91' lang='lat' dir='ltr'><strong>iis</strong></span> <span class='ocrx_word' id='word_1_186' title='bbox 835 2674 928 2742; x_wconf 90' lang='lat' dir='ltr'><strong>qui</strong></span> <span class='ocrx_word' id='word_1_187' title='bbox 954 2676 1074 2745; x_wconf 88' lang='lat' dir='ltr'><strong>ejus</strong></span> <span class='ocrx_word' id='word_1_188' title='bbox 1113 2690 1322 2746; x_wconf 89' lang='lat' dir='ltr'><strong>partem</strong></span> <span class='ocrx_word' id='word_1_189' title='bbox 1360 2682 1597 2752; x_wconf 81' lang='lat' dir='ltr'><strong>aliquam</strong></span> <span class='ocrx_word' id='word_1_190' title='bbox 1627 2699 1893 2755; x_wconf 86' lang='lat' dir='ltr'><strong>corporeo</strong></span> <span class='ocrx_word' id='word_1_191' title='bbox 1921 2690 2079 2745; x_wconf 87' lang='lat' dir='ltr'><strong>modo</strong></span> 
     </span>
    </p>
   </div>
   <div class='ocr_carea' id='block_1_30' title="bbox 500 2761 2075 2849">
    <p class='ocr_par' dir='ltr' id='par_1_30' title="bbox 500 2761 2075 2849">
     <span class='ocr_line' id='line_1_30' title="bbox 500 2761 2075 2849; baseline 0.015 -36"><span class='ocrx_word' id='word_1_192' title='bbox 500 2761 791 2830; x_wconf 68' lang='lat' dir='ltr'><strong>accipiunt.</strong></span> <span class='ocrx_word' id='word_1_193' title='bbox 823 2765 960 2821; x_wconf 88' lang='lat' dir='ltr'><strong>Hinc</strong></span> <span class='ocrx_word' id='word_1_194' title='bbox 989 2767 1129 2825; x_wconf 82' lang='lat' dir='ltr'><strong>forte</strong></span> <span class='ocrx_word' id='word_1_195' title='bbox 1159 2780 1216 2826; x_wconf 91' lang='lat' dir='ltr'><strong>et</strong></span> <span class='ocrx_word' id='word_1_196' title='bbox 1245 2773 1451 2828; x_wconf 91' lang='lat' dir='ltr'><strong>homini</strong></span> <span class='ocrx_word' id='word_1_197' title='bbox 1486 2773 1647 2843; x_wconf 88' lang='lat' dir='ltr'><strong>Deus,</strong></span> <span class='ocrx_word' id='word_1_198' title='bbox 1689 2793 1758 2833; x_wconf 92' lang='lat' dir='ltr'><strong>ne</strong></span> <span class='ocrx_word' id='word_1_199' title='bbox 1787 2779 1951 2849; x_wconf 87' lang='lat' dir='ltr'><strong>hujus</strong></span> <span class='ocrx_word' id='word_1_200' title='bbox 1980 2782 2075 2836; x_wconf 89' lang='lat' dir='ltr'><strong>lie-</strong></span> 
     </span>
    </p>
   </div>
   <div class='ocr_carea' id='block_1_31' title="bbox 502 2855 2080 2944">
    <p class='ocr_par' dir='ltr' id='par_1_31' title="bbox 502 2855 2080 2944">
     <span class='ocr_line' id='line_1_31' title="bbox 502 2855 2080 2944; baseline 0.016 -41"><span class='ocrx_word' id='word_1_201' title='bbox 502 2860 587 2905; x_wconf 87' lang='lat' dir='ltr'><strong>ret</strong></span> <span class='ocrx_word' id='word_1_202' title='bbox 626 2855 899 2923; x_wconf 87' lang='lat' dir='ltr'><strong>particeps</strong></span> <span class='ocrx_word' id='word_1_203' title='bbox 937 2870 1096 2916; x_wconf 86' lang='lat' dir='ltr'><strong>antea</strong></span> <span class='ocrx_word' id='word_1_204' title='bbox 1135 2862 1457 2922; x_wconf 85' lang='lat' dir='ltr'><strong>interdixit:</strong></span> <span class='ocrx_word' id='word_1_205' title='bbox 1493 2876 1552 2922; x_wconf 90' lang='lat' dir='ltr'><strong>ut</strong></span> <span class='ocrx_word' id='word_1_206' title='bbox 1594 2869 1749 2939; x_wconf 90' lang='lat' dir='ltr'><strong>prius</strong></span> <span class='ocrx_word' id='word_1_207' title='bbox 1785 2870 1951 2943; x_wconf 91' lang='lat' dir='ltr'><strong>(quod</strong></span> <span class='ocrx_word' id='word_1_208' title='bbox 1982 2890 2080 2944; x_wconf 89' lang='lat' dir='ltr'><strong>par</strong></span> 
     </span>
    </p>
   </div>
   <div class='ocr_carea' id='block_1_32' title="bbox 501 2944 2080 3033">
    <p class='ocr_par' dir='ltr' id='par_1_32' title="bbox 501 2944 2080 3033">
     <span class='ocr_line' id='line_1_32' title="bbox 501 2944 2080 3033; baseline 0.016 -36"><span class='ocrx_word' id='word_1_209' title='bbox 501 2944 642 3012; x_wconf 82' lang='lat' dir='ltr'><strong>erat)</strong></span> <span class='ocrx_word' id='word_1_210' title='bbox 690 2962 786 3015; x_wconf 90' lang='lat' dir='ltr'><strong>per</strong></span> <span class='ocrx_word' id='word_1_211' title='bbox 818 2952 1010 3019; x_wconf 68' lang='lat' dir='ltr'><strong>gratia:</strong></span> <span class='ocrx_word' id='word_1_212' title='bbox 1053 2955 1525 3025; x_wconf 84' lang='lat' dir='ltr'><strong>participationem</strong></span> <span class='ocrx_word' id='word_1_213' title='bbox 1574 2962 1796 3032; x_wconf 91' lang='lat' dir='ltr'><strong>proprio</strong></span> <span class='ocrx_word' id='word_1_214' title='bbox 1842 2963 1957 3033; x_wconf 89' lang='lat' dir='ltr'><strong>ipse</strong></span> <span class='ocrx_word' id='word_1_215' title='bbox 1988 2981 2080 3021; x_wconf 89' lang='lat' dir='ltr'><strong>co-</strong></span> 
     </span>
    </p>
   </div>
   <div class='ocr_carea' id='block_1_33' title="bbox 2174 560 3739 633">
    <p class='ocr_par' dir='ltr' id='par_1_33' title="bbox 2174 560 3739 633">
     <span class='ocr_line' id='line_1_33' title="bbox 2174 560 3739 633; baseline -0.002 -18"><span class='ocrx_word' id='word_1_216' title='bbox 2174 562 2272 616; x_wconf 82' lang='grc' dir='ltr'>καὶ</span> <span class='ocrx_word' id='word_1_217' title='bbox 2330 564 2466 633; x_wconf 85' lang='grc' dir='ltr'>πρὸς</span> <span class='ocrx_word' id='word_1_218' title='bbox 2513 564 2614 632; x_wconf 82' lang='grc' dir='ltr'><strong>τὴν</strong></span> <span class='ocrx_word' id='word_1_219' title='bbox 2658 563 2913 633; x_wconf 74' lang='grc' dir='ltr'>αἴσθησιν</span> <span class='ocrx_word' id='word_1_220' title='bbox 2957 563 3081 627; x_wconf 84' lang='grc' dir='ltr'><strong>ὅλος</strong></span> <span class='ocrx_word' id='word_1_221' title='bbox 3131 562 3179 594; x_wconf 79' lang='grc'><strong>’⁸</strong></span> <span class='ocrx_word' id='word_1_222' title='bbox 3231 560 3590 632; x_wconf 72' lang='grc' dir='ltr'>ἐπιστραφεὶς</span> <span class='ocrx_word' id='word_1_223' title='bbox 3641 560 3739 631; x_wconf 81' lang='grc' dir='ltr'>τὴν</span> 
     </span>
    </p>
   </div>
   <div class='ocr_carea' id='block_1_34' title="bbox 2174 651 3741 725">
    <p class='ocr_par' dir='ltr' id='par_1_34' title="bbox 2174 651 3741 725">
     <span class='ocr_line' id='line_1_34' title="bbox 2174 651 3741 725; baseline -0.003 -18"><span class='ocrx_word' id='word_1_224' title='bbox 2174 654 2508 724; x_wconf 79' lang='grc' dir='ltr'><strong>φαινομένην</strong></span> <span class='ocrx_word' id='word_1_225' title='bbox 2539 654 2714 708; x_wconf 80' lang='grc' dir='ltr'><strong>κτίσιν</strong></span> <span class='ocrx_word' id='word_1_226' title='bbox 2768 656 2848 717; x_wconf 85' lang='grc' dir='ltr'><strong>είς</strong></span> <span class='ocrx_word' id='word_1_227' title='bbox 2890 653 3024 707; x_wconf 91' lang='grc' dir='ltr'>Θεὸν</span> <span class='ocrx_word' id='word_1_228' title='bbox 3076 652 3485 725; x_wconf 85' lang='grc' dir='ltr'>παρεγνὼρισε,</span> <span class='ocrx_word' id='word_1_229' title='bbox 3516 651 3606 705; x_wconf 83' lang='grc' dir='ltr'>διὰ</span> <span class='ocrx_word' id='word_1_230' title='bbox 3642 653 3741 722; x_wconf 80' lang='grc' dir='ltr'><strong>τὴν</strong></span> 
     </span>
    </p>
   </div>
   <div class='ocr_carea' id='block_1_35' title="bbox 2172 741 3748 816">
    <p class='ocr_par' dir='ltr' id='par_1_35' title="bbox 2172 741 3748 816">
     <span class='ocr_line' id='line_1_35' title="bbox 2172 741 3748 816; baseline -0.003 -17"><span class='ocrx_word' id='word_1_231' title='bbox 2172 746 2268 799; x_wconf 81' lang='grc' dir='ltr'><strong>ἀπ’</strong></span> <span class='ocrx_word' id='word_1_232' title='bbox 2297 745 2470 815; x_wconf 83' lang='grc' dir='ltr'>αὐτῆς</span> <span class='ocrx_word' id='word_1_233' title='bbox 2503 746 2598 799; x_wconf 87' lang='grc' dir='ltr'><strong>τοῦ</strong></span> <span class='ocrx_word' id='word_1_234' title='bbox 2650 744 2901 816; x_wconf 84' lang='grc' dir='ltr'>σώματος</span> <span class='ocrx_word' id='word_1_235' title='bbox 2935 746 3127 816; x_wconf 83' lang='grc' dir='ltr'>χρείαν</span> <span class='ocrx_word' id='word_1_236' title='bbox 3154 747 3220 816; x_wconf 82' lang='grc' dir='ltr'>τῇ</span> <span class='ocrx_word' id='word_1_237' title='bbox 3252 745 3429 798; x_wconf 81' lang='grc' dir='ltr'>κτίσει</span> <span class='ocrx_word' id='word_1_238' title='bbox 3468 741 3748 813; x_wconf 83' lang='grc' dir='ltr'><strong>λατρεύων</strong></span> 
     </span>
    </p>
   </div>
   <div class='ocr_carea' id='block_1_36' title="bbox 2173 834 3750 909">
    <p class='ocr_par' dir='ltr' id='par_1_36' title="bbox 2173 834 3750 909">
     <span class='ocr_line' id='line_1_36' title="bbox 2173 834 3750 909; baseline -0.001 -18"><span class='ocrx_word' id='word_1_239' title='bbox 2173 839 2326 909; x_wconf 80' lang='grc' dir='ltr'>παρὰ</span> <span class='ocrx_word' id='word_1_240' title='bbox 2373 839 2463 892; x_wconf 82' lang='grc' dir='ltr'><strong>τὸν</strong></span> <span class='ocrx_word' id='word_1_241' title='bbox 2494 837 2787 901; x_wconf 83' lang='grc' dir='ltr'>Κτίσαντα,</span> <span class='ocrx_word' id='word_1_242' title='bbox 2847 839 2969 892; x_wconf 84' lang='grc' dir='ltr'>καθ’</span> <span class='ocrx_word' id='word_1_243' title='bbox 2999 838 3028 891; x_wconf 76' lang='grc' dir='ltr'><strong>ὃ</strong></span> <span class='ocrx_word' id='word_1_244' title='bbox 3077 838 3237 907; x_wconf 83' lang='grc' dir='ltr'>σῶμα</span> <span class='ocrx_word' id='word_1_245' title='bbox 3282 838 3381 907; x_wconf 85' lang='grc' dir='ltr'>τὴν</span> <span class='ocrx_word' id='word_1_246' title='bbox 3423 834 3750 907; x_wconf 78' lang='grc' dir='ltr'><strong>φθοροποιὸν</strong></span> 
     </span>
    </p>
   </div>
   <div class='ocr_carea' id='block_1_37' title="bbox 2174 926 3749 1002">
    <p class='ocr_par' dir='ltr' id='par_1_37' title="bbox 2174 926 3749 1002">
     <span class='ocr_line' id='line_1_37' title="bbox 2174 926 3749 1002; baseline -0.003 -18"><span class='ocrx_word' id='word_1_247' title='bbox 2174 931 2438 985; x_wconf 78' lang='grc' dir='ltr'>ἐπιτελῶν</span> <span class='ocrx_word' id='word_1_248' title='bbox 2466 931 2720 1002; x_wconf 81' lang='grc' dir='ltr'>λατρείαν</span> <span class='ocrx_word' id='word_1_249' title='bbox 2746 929 2938 1002; x_wconf 74' lang='grc' dir='ltr'>ἡδονὴν</span> <span class='ocrx_word' id='word_1_250' title='bbox 2965 926 3110 1000; x_wconf 75' lang='grc' dir='ltr'>εἶχεν</span> <span class='ocrx_word' id='word_1_251' title='bbox 3137 931 3224 983; x_wconf 73' lang='grc' dir='ltr'><strong>ἀεὶ</strong></span> <span class='ocrx_word' id='word_1_252' title='bbox 3250 930 3342 982; x_wconf 78' lang='grc' dir='ltr'><strong>καὶ</strong></span> <span class='ocrx_word' id='word_1_253' title='bbox 3370 928 3565 999; x_wconf 81' lang='grc' dir='ltr'>ὀδύνην</span> <span class='ocrx_word' id='word_1_254' title='bbox 3596 929 3749 998; x_wconf 71' lang='grc' dir='ltr'>ἐνερ-</span> 
     </span>
    </p>
   </div>
   <div class='ocr_carea' id='block_1_38' title="bbox 2173 1019 3750 1093">
    <p class='ocr_par' dir='ltr' id='par_1_38' title="bbox 2173 1019 3750 1093">
     <span class='ocr_line' id='line_1_38' title="bbox 2173 1019 3750 1093; baseline 0.01 -21"><span class='ocrx_word' id='word_1_255' title='bbox 2173 1023 2466 1093; x_wconf 82' lang='grc' dir='ltr'>γουμένην,</span> <span class='ocrx_word' id='word_1_256' title='bbox 2514 1022 2709 1074; x_wconf 75' lang='grc' dir='ltr'>ἐσθίων</span> <span class='ocrx_word' id='word_1_257' title='bbox 2766 1023 2853 1075; x_wconf 79' lang='grc' dir='ltr'><strong>ἀει</strong></span> <span class='ocrx_word' id='word_1_258' title='bbox 2890 1021 2951 1074; x_wconf 86' lang='grc' dir='ltr'><strong>τδ</strong></span> <span class='ocrx_word' id='word_1_259' title='bbox 2996 1021 3043 1053; x_wconf 73' lang='grc' dir='ltr'>τι</span> <span class='ocrx_word' id='word_1_260' title='bbox 3089 1021 3245 1085; x_wconf 84' lang='grc' dir='ltr'>ξύλον</span> <span class='ocrx_word' id='word_1_261' title='bbox 3292 1022 3397 1089; x_wconf 85' lang='grc' dir='ltr'><strong>τῆς</strong></span> <span class='ocrx_word' id='word_1_262' title='bbox 3456 1019 3750 1090; x_wconf 79' lang='grc' dir='ltr'><strong>παρακοῆς</strong></span> 
     </span>
    </p>
   </div>
   <div class='ocr_carea' id='block_1_39' title="bbox 2172 1112 3751 1183">
    <p class='ocr_par' dir='ltr' id='par_1_39' title="bbox 2172 1112 3751 1183">
     <span class='ocr_line' id='line_1_39' title="bbox 2172 1112 3751 1183; baseline -0.002 -17"><span class='ocrx_word' id='word_1_263' title='bbox 2172 1113 2267 1167; x_wconf 89' lang='grc' dir='ltr'><strong>τοῦ</strong></span> <span class='ocrx_word' id='word_1_264' title='bbox 2292 1114 2336 1145; x_wconf 68' lang='grc' dir='ltr'><strong>’δ</strong></span> <span class='ocrx_word' id='word_1_265' title='bbox 2360 1112 2527 1167; x_wconf 88' lang='grc' dir='ltr'>καλοῦ</span> <span class='ocrx_word' id='word_1_266' title='bbox 2558 1114 2650 1166; x_wconf 78' lang='grc' dir='ltr'>καὶ</span> <span class='ocrx_word' id='word_1_267' title='bbox 2686 1113 2858 1166; x_wconf 85' lang='grc' dir='ltr'>κακοῦ</span> <span class='ocrx_word' id='word_1_268' title='bbox 2890 1113 2977 1166; x_wconf 83' lang='grc' dir='ltr'><strong>διὰ</strong></span> <span class='ocrx_word' id='word_1_269' title='bbox 3005 1114 3106 1182; x_wconf 80' lang='grc' dir='ltr'>τῆς</span> <span class='ocrx_word' id='word_1_270' title='bbox 3132 1114 3329 1183; x_wconf 85' lang='grc' dir='ltr'>πείρας</span> <span class='ocrx_word' id='word_1_271' title='bbox 3355 1113 3402 1145; x_wconf 83' lang='grc'><strong>⁷⁸</strong></span> <span class='ocrx_word' id='word_1_272' title='bbox 3433 1112 3627 1181; x_wconf 81' lang='grc' dir='ltr'>αὐτῆς,</span> <span class='ocrx_word' id='word_1_273' title='bbox 3656 1112 3751 1164; x_wconf 72' lang='grc' dir='ltr'><strong>καὶ</strong></span> 
     </span>
    </p>
   </div>
   <div class='ocr_carea' id='block_1_40' title="bbox 2173 1202 3753 1276">
    <p class='ocr_par' dir='ltr' id='par_1_40' title="bbox 2173 1202 3753 1276">
     <span class='ocr_line' id='line_1_40' title="bbox 2173 1202 3753 1276; baseline -0.002 -18"><span class='ocrx_word' id='word_1_274' title='bbox 2173 1206 2316 1259; x_wconf 80' lang='grc' dir='ltr'>κατὰ</span> <span class='ocrx_word' id='word_1_275' title='bbox 2345 1205 2444 1275; x_wconf 82' lang='grc' dir='ltr'><strong>τὴν</strong></span> <span class='ocrx_word' id='word_1_276' title='bbox 2472 1204 2726 1274; x_wconf 88' lang='grc' dir='ltr'>αίσθησιν</span> <span class='ocrx_word' id='word_1_277' title='bbox 2749 1206 3007 1276; x_wconf 78' lang='grc' dir='ltr'><strong>παρέχων</strong></span> <span class='ocrx_word' id='word_1_278' title='bbox 3022 1205 3121 1274; x_wconf 74' lang='grc' dir='ltr'><strong>τὴν</strong></span> <span class='ocrx_word' id='word_1_279' title='bbox 3147 1205 3193 1235; x_wconf 82' lang='grc'><strong>⁷⁸</strong></span> <span class='ocrx_word' id='word_1_280' title='bbox 3218 1204 3443 1272; x_wconf 82' lang='grc' dir='ltr'>γνῶσιν.</span> <span class='ocrx_word' id='word_1_281' title='bbox 3477 1206 3587 1257; x_wconf 75' lang='grc' dir='ltr'><strong>Καὶ</strong></span> <span class='ocrx_word' id='word_1_282' title='bbox 3610 1202 3753 1271; x_wconf 84' lang='grc' dir='ltr'>τάχα</span> 
     </span>
    </p>
   </div>
   <div class='ocr_carea' id='block_1_41' title="bbox 2176 1284 3754 1367">
    <p class='ocr_par' dir='ltr' id='par_1_41' title="bbox 2176 1284 3754 1367">
     <span class='ocr_line' id='line_1_41' title="bbox 2176 1284 3754 1367; baseline -0.002 -17"><span class='ocrx_word' id='word_1_283' title='bbox 2176 1296 2333 1362; x_wconf 81' lang='grc' dir='ltr'>ξύλον</span> <span class='ocrx_word' id='word_1_284' title='bbox 2356 1284 2498 1350; x_wconf 74' lang='grc' dir='ltr'>εἶναι</span> <span class='ocrx_word' id='word_1_285' title='bbox 2528 1295 2694 1349; x_wconf 78' lang='grc' dir='ltr'>καλοῦ</span> <span class='ocrx_word' id='word_1_286' title='bbox 2717 1298 2813 1349; x_wconf 81' lang='grc' dir='ltr'>καὶ</span> <span class='ocrx_word' id='word_1_287' title='bbox 2838 1296 3078 1367; x_wconf 85' lang='grc' dir='ltr'>πονηροῦ</span> <span class='ocrx_word' id='word_1_288' title='bbox 3103 1296 3203 1365; x_wconf 79' lang='grc' dir='ltr'>τὴν</span> <span class='ocrx_word' id='word_1_289' title='bbox 3228 1296 3563 1366; x_wconf 79' lang='grc' dir='ltr'>φαινομένην</span> <span class='ocrx_word' id='word_1_290' title='bbox 3580 1295 3754 1347; x_wconf 74' lang='grc' dir='ltr'>εἰπὼν</span> 
     </span>
    </p>
   </div>
   <div class='ocr_carea' id='block_1_42' title="bbox 2175 1386 3755 1459">
    <p class='ocr_par' dir='ltr' id='par_1_42' title="bbox 2175 1386 3755 1459">
     <span class='ocr_line' id='line_1_42' title="bbox 2175 1386 3755 1459; baseline -0.002 -16"><span class='ocrx_word' id='word_1_291' title='bbox 2175 1390 2353 1443; x_wconf 85' lang='grc' dir='ltr'>κτίσιν</span> <span class='ocrx_word' id='word_1_292' title='bbox 2381 1406 2464 1452; x_wconf 82' lang='grc' dir='ltr'><strong>τις</strong></span> <span class='ocrx_word' id='word_1_293' title='bbox 2496 1389 2598 1441; x_wconf 83' lang='grc' dir='ltr'>οὐκ</span> <span class='ocrx_word' id='word_1_294' title='bbox 2623 1388 2687 1441; x_wconf 85' lang='grc' dir='ltr'>ἂν</span> <span class='ocrx_word' id='word_1_295' title='bbox 2713 1388 2947 1459; x_wconf 83' lang='grc' dir='ltr'>ἁμάρτοι</span> <span class='ocrx_word' id='word_1_296' title='bbox 2971 1390 3071 1459; x_wconf 83' lang='grc' dir='ltr'><strong>τῆς</strong></span> <span class='ocrx_word' id='word_1_297' title='bbox 3101 1387 3358 1457; x_wconf 83' lang='grc' dir='ltr'>ἀληθείας</span> <span class='ocrx_word' id='word_1_298' title='bbox 3376 1406 3389 1420; x_wconf 89' lang='grc'>·</span> <span class='ocrx_word' id='word_1_299' title='bbox 3418 1386 3614 1459; x_wconf 78' lang='grc' dir='ltr'>ἡδονῆς</span> <span class='ocrx_word' id='word_1_300' title='bbox 3641 1388 3755 1457; x_wconf 82' lang='grc' dir='ltr'>γὰρ</span> 
     </span>
    </p>
   </div>
   <div class='ocr_carea' id='block_1_43' title="bbox 2176 1480 3753 1555">
    <p class='ocr_par' dir='ltr' id='par_1_43' title="bbox 2176 1480 3753 1555">
     <span class='ocr_line' id='line_1_43' title="bbox 2176 1480 3753 1555; baseline -0.002 -17"><span class='ocrx_word' id='word_1_301' title='bbox 2176 1483 2274 1538; x_wconf 72' lang='grc' dir='ltr'>καὶ</span> <span class='ocrx_word' id='word_1_302' title='bbox 2316 1482 2494 1555; x_wconf 84' lang='grc' dir='ltr'>λύπης</span> <span class='ocrx_word' id='word_1_303' title='bbox 2525 1483 2816 1553; x_wconf 81' lang='grc' dir='ltr'>ποιητικὴν</span> <span class='ocrx_word' id='word_1_304' title='bbox 2862 1481 2976 1552; x_wconf 78' lang='grc' dir='ltr'>ἔχει</span> <span class='ocrx_word' id='word_1_305' title='bbox 3006 1481 3251 1551; x_wconf 82' lang='grc' dir='ltr'><strong>φυσικῶς</strong></span> <span class='ocrx_word' id='word_1_306' title='bbox 3282 1481 3381 1551; x_wconf 78' lang='grc' dir='ltr'>τὴν</span> <span class='ocrx_word' id='word_1_307' title='bbox 3421 1480 3753 1551; x_wconf 76' lang='grc' dir='ltr'>μετάληψιν.</span> 
     </span>
    </p>
   </div>
   <div class='ocr_carea' id='block_1_44' title="bbox 2180 1571 3756 1645">
    <p class='ocr_par' dir='ltr' id='par_1_44' title="bbox 2180 1571 3756 1645">
     <span class='ocr_line' id='line_1_44' title="bbox 2180 1571 3756 1645; baseline -0.004 -14"><span class='ocrx_word' id='word_1_308' title='bbox 2180 1577 2251 1631; x_wconf 85' lang='grc' dir='ltr'><em>Ἦ</em></span> <span class='ocrx_word' id='word_1_309' title='bbox 2271 1576 2451 1642; x_wconf 85' lang='grc' dir='ltr'>πάλιν,</span> <span class='ocrx_word' id='word_1_310' title='bbox 2487 1575 2674 1645; x_wconf 77' lang='grc' dir='ltr'>ἐπειδὴ</span> <span class='ocrx_word' id='word_1_311' title='bbox 2711 1575 2807 1628; x_wconf 73' lang='grc' dir='ltr'><strong>καὶ</strong></span> <span class='ocrx_word' id='word_1_312' title='bbox 2855 1573 3044 1641; x_wconf 84' lang='grc' dir='ltr'><strong>λόγους</strong></span> <span class='ocrx_word' id='word_1_313' title='bbox 3096 1573 3210 1643; x_wconf 71' lang='grc' dir='ltr'>ἔχει</span> <span class='ocrx_word' id='word_1_314' title='bbox 3268 1572 3678 1641; x_wconf 80' lang='grc' dir='ltr'>πνευματικοὺς</span> <span class='ocrx_word' id='word_1_315' title='bbox 3720 1571 3756 1641; x_wconf 83' lang='grc' dir='ltr'>ή</span> 
     </span>
    </p>
   </div>
   <div class='ocr_carea' id='block_1_45' title="bbox 2176 1660 3757 1740">
    <p class='ocr_par' dir='ltr' id='par_1_45' title="bbox 2176 1660 3757 1740">
     <span class='ocr_line' id='line_1_45' title="bbox 2176 1660 3757 1740; baseline -0.005 -19"><span class='ocrx_word' id='word_1_316' title='bbox 2176 1669 2426 1740; x_wconf 81' lang='grc' dir='ltr'>ὁρωμένη</span> <span class='ocrx_word' id='word_1_317' title='bbox 2465 1668 2644 1729; x_wconf 86' lang='grc' dir='ltr'>κτίσις</span> <span class='ocrx_word' id='word_1_318' title='bbox 2670 1664 2794 1718; x_wconf 83' lang='grc' dir='ltr'>νοῦν</span> <span class='ocrx_word' id='word_1_319' title='bbox 2822 1663 2950 1736; x_wconf 70' lang='grc'><strong>[257</strong></span> <span class='ocrx_word' id='word_1_320' title='bbox 2975 1662 3067 1735; x_wconf 84' lang='grc' dir='ltr'><strong>Η.]</strong></span> <span class='ocrx_word' id='word_1_321' title='bbox 3097 1663 3416 1733; x_wconf 82' lang='grc' dir='ltr'>τρέφοντας,</span> <span class='ocrx_word' id='word_1_322' title='bbox 3453 1661 3551 1715; x_wconf 82' lang='grc' dir='ltr'>καὶ</span> <span class='ocrx_word' id='word_1_323' title='bbox 3592 1660 3757 1714; x_wconf 81' lang='grc' dir='ltr'>δύνα-</span> 
     </span>
    </p>
   </div>
   <div class='ocr_carea' id='block_1_46' title="bbox 2183 1754 3757 1830">
    <p class='ocr_par' dir='ltr' id='par_1_46' title="bbox 2183 1754 3757 1830">
     <span class='ocr_line' id='line_1_46' title="bbox 2183 1754 3757 1830; baseline -0.003 -17"><span class='ocrx_word' id='word_1_324' title='bbox 2183 1777 2274 1830; x_wconf 90' lang='grc' dir='ltr'><strong>μιν</strong></span> <span class='ocrx_word' id='word_1_325' title='bbox 2299 1760 2463 1813; x_wconf 83' lang='grc' dir='ltr'>πάλιν</span> <span class='ocrx_word' id='word_1_326' title='bbox 2499 1759 2737 1830; x_wconf 83' lang='grc' dir='ltr'>φυσικὴν</span> <span class='ocrx_word' id='word_1_327' title='bbox 2774 1756 2872 1829; x_wconf 86' lang='grc' dir='ltr'>τὴν</span> <span class='ocrx_word' id='word_1_328' title='bbox 2909 1758 3010 1827; x_wconf 84' lang='grc' dir='ltr'><strong>μὲν</strong></span> <span class='ocrx_word' id='word_1_329' title='bbox 3041 1757 3290 1827; x_wconf 83' lang='grc' dir='ltr'>αἴσθησιν</span> <span class='ocrx_word' id='word_1_330' title='bbox 3322 1756 3636 1826; x_wconf 86' lang='grc' dir='ltr'>τέρπουσαν</span> <span class='ocrx_word' id='word_1_331' title='bbox 3661 1754 3757 1809; x_wconf 87' lang='grc' dir='ltr'><strong>τὸν</strong></span> 
     </span>
    </p>
   </div>
   <div class='ocr_carea' id='block_1_47' title="bbox 2178 1848 3759 1925">
    <p class='ocr_par' dir='ltr' id='par_1_47' title="bbox 2178 1848 3759 1925">
     <span class='ocr_line' id='line_1_47' title="bbox 2178 1848 3759 1925; baseline -0.004 -17"><span class='ocrx_word' id='word_1_332' title='bbox 2178 1854 2235 1908; x_wconf 81' lang='grc' dir='ltr'><strong>δὲ</strong></span> <span class='ocrx_word' id='word_1_333' title='bbox 2285 1853 2411 1907; x_wconf 90' lang='grc' dir='ltr'>νοῦν</span> <span class='ocrx_word' id='word_1_334' title='bbox 2462 1853 2919 1925; x_wconf 84' lang='grc' dir='ltr'>διαστρέφουσαν,</span> <span class='ocrx_word' id='word_1_335' title='bbox 2972 1851 3063 1905; x_wconf 74' lang='grc' dir='ltr'><strong>διὰ</strong></span> <span class='ocrx_word' id='word_1_336' title='bbox 3113 1852 3276 1905; x_wconf 88' lang='grc' dir='ltr'>τοῦτο</span> <span class='ocrx_word' id='word_1_337' title='bbox 3321 1849 3476 1915; x_wconf 79' lang='grc' dir='ltr'>ξύλον</span> <span class='ocrx_word' id='word_1_338' title='bbox 3510 1848 3759 1919; x_wconf 80' lang='grc' dir='ltr'>γνωστὸν</span> 
     </span>
    </p>
   </div>
   <div class='ocr_carea' id='block_1_48' title="bbox 2179 1942 3760 2020">
    <p class='ocr_par' dir='ltr' id='par_1_48' title="bbox 2179 1942 3760 2020">
     <span class='ocr_line' id='line_1_48' title="bbox 2179 1942 3760 2020; baseline -0.006 -15"><span class='ocrx_word' id='word_1_339' title='bbox 2179 1950 2348 2005; x_wconf 84' lang='grc' dir='ltr'>καλοῦ</span> <span class='ocrx_word' id='word_1_340' title='bbox 2400 1969 2462 2005; x_wconf 89' lang='grc' dir='ltr'><strong>τε</strong></span> <span class='ocrx_word' id='word_1_341' title='bbox 2499 1951 2595 2004; x_wconf 77' lang='grc' dir='ltr'>καὶ</span> <span class='ocrx_word' id='word_1_342' title='bbox 2662 1948 2831 2003; x_wconf 89' lang='grc' dir='ltr'>κακοῦ</span> <span class='ocrx_word' id='word_1_343' title='bbox 2894 1948 3349 2020; x_wconf 85' lang='grc' dir='ltr'>προσηγορεύθη·</span> <span class='ocrx_word' id='word_1_344' title='bbox 3410 1944 3604 1998; x_wconf 86' lang='grc' dir='ltr'>παθῶν</span> <span class='ocrx_word' id='word_1_345' title='bbox 3645 1942 3760 2014; x_wconf 85' lang='grc' dir='ltr'><strong>γὰρ</strong></span> 
     </span>
    </p>
   </div>
   <div class='ocr_carea' id='block_1_49' title="bbox 2179 2035 3761 2112">
    <p class='ocr_par' dir='ltr' id='par_1_49' title="bbox 2179 2035 3761 2112">
     <span class='ocr_line' id='line_1_49' title="bbox 2179 2035 3761 2112; baseline -0.006 -16"><span class='ocrx_word' id='word_1_346' title='bbox 2179 2044 2389 2112; x_wconf 90' lang='grc' dir='ltr'>γίνεται</span> <span class='ocrx_word' id='word_1_347' title='bbox 2416 2040 2733 2105; x_wconf 85' lang='grc' dir='ltr'>διδάσκαλος</span> <span class='ocrx_word' id='word_1_348' title='bbox 2758 2041 2871 2102; x_wconf 77' lang='grc' dir='ltr'>τοῖς</span> <span class='ocrx_word' id='word_1_349' title='bbox 2908 2038 3236 2110; x_wconf 82' lang='grc' dir='ltr'>σωματικῶς</span> <span class='ocrx_word' id='word_1_350' title='bbox 3264 2037 3435 2107; x_wconf 78' lang='grc' dir='ltr'>αὐτῆς</span> <span class='ocrx_word' id='word_1_351' title='bbox 3474 2035 3761 2107; x_wconf 83' lang='grc' dir='ltr'>μεταλαμ-</span> 
     </span>
    </p>
   </div>
   <div class='ocr_carea' id='block_1_50' title="bbox 2183 2127 3761 2204">
    <p class='ocr_par' dir='ltr' id='par_1_50' title="bbox 2183 2127 3761 2204">
     <span class='ocr_line' id='line_1_50' title="bbox 2183 2127 3761 2204; baseline -0.006 -15"><span class='ocrx_word' id='word_1_352' title='bbox 2183 2137 2425 2191; x_wconf 77' lang='grc' dir='ltr'>ϐάνουσι.</span> <span class='ocrx_word' id='word_1_353' title='bbox 2461 2134 2551 2187; x_wconf 87' lang='grc' dir='ltr'>Διὸ</span> <span class='ocrx_word' id='word_1_354' title='bbox 2575 2134 2737 2204; x_wconf 86' lang='grc' dir='ltr'>τυχὸν</span> <span class='ocrx_word' id='word_1_355' title='bbox 2764 2132 2860 2187; x_wconf 72' lang='grc' dir='ltr'><strong>καὶ</strong></span> <span class='ocrx_word' id='word_1_356' title='bbox 2896 2132 2973 2202; x_wconf 83' lang='grc' dir='ltr'>τῷ</span> <span class='ocrx_word' id='word_1_357' title='bbox 3011 2130 3285 2201; x_wconf 80' lang='grc' dir='ltr'>ἀνθρώπῳ</span> <span class='ocrx_word' id='word_1_358' title='bbox 3312 2129 3410 2200; x_wconf 85' lang='grc' dir='ltr'>τὴν</span> <span class='ocrx_word' id='word_1_359' title='bbox 3453 2127 3761 2199; x_wconf 69' lang='grc' dir='ltr'>μετάληψιν</span> 
     </span>
    </p>
   </div>
   <div class='ocr_carea' id='block_1_51' title="bbox 2183 2218 3760 2298">
    <p class='ocr_par' dir='ltr' id='par_1_51' title="bbox 2183 2218 3760 2298">
     <span class='ocr_line' id='line_1_51' title="bbox 2183 2218 3760 2298; baseline -0.008 -15"><span class='ocrx_word' id='word_1_360' title='bbox 2183 2229 2354 2296; x_wconf 79' lang='grc' dir='ltr'>αὐτῆς</span> <span class='ocrx_word' id='word_1_361' title='bbox 2377 2230 2405 2282; x_wconf 87' lang='grc' dir='ltr'><strong>ὁ</strong></span> <span class='ocrx_word' id='word_1_362' title='bbox 2430 2228 2561 2291; x_wconf 86' lang='grc' dir='ltr'>Θεὸς</span> <span class='ocrx_word' id='word_1_363' title='bbox 2583 2226 2932 2298; x_wconf 85' lang='grc' dir='ltr'>ἀπηγόρευσε</span> <span class='ocrx_word' id='word_1_364' title='bbox 2954 2225 3110 2286; x_wconf 81' lang='grc' dir='ltr'>τέως,</span> <span class='ocrx_word' id='word_1_365' title='bbox 3131 2223 3221 2275; x_wconf 85' lang='grc' dir='ltr'><strong>ἵνα</strong></span> <span class='ocrx_word' id='word_1_366' title='bbox 3254 2222 3541 2291; x_wconf 83' lang='grc' dir='ltr'>πρότερον,</span> <span class='ocrx_word' id='word_1_367' title='bbox 3566 2218 3760 2287; x_wconf 82' lang='grc' dir='ltr'>ὥσπερ</span> 
     </span>
    </p>
   </div>
   <div class='ocr_carea' id='block_1_52' title="bbox 2182 2310 3761 2392">
    <p class='ocr_par' dir='ltr' id='par_1_52' title="bbox 2182 2310 3761 2392">
     <span class='ocr_line' id='line_1_52' title="bbox 2182 2310 3761 2392; baseline -0.007 -19"><span class='ocrx_word' id='word_1_368' title='bbox 2182 2317 2250 2392; x_wconf 80' lang='grc' dir='ltr'>ἦν</span> <span class='ocrx_word' id='word_1_369' title='bbox 2281 2320 2511 2383; x_wconf 83' lang='grc' dir='ltr'>δίκαιον,</span> <span class='ocrx_word' id='word_1_370' title='bbox 2550 2318 2637 2372; x_wconf 81' lang='grc' dir='ltr'>διὰ</span> <span class='ocrx_word' id='word_1_371' title='bbox 2684 2321 2783 2387; x_wconf 84' lang='grc' dir='ltr'>τῆς</span> <span class='ocrx_word' id='word_1_372' title='bbox 2828 2319 2884 2370; x_wconf 85' lang='grc' dir='ltr'>ὲν</span> <span class='ocrx_word' id='word_1_373' title='bbox 2923 2316 3107 2386; x_wconf 86' lang='grc' dir='ltr'>χάριτι</span> <span class='ocrx_word' id='word_1_374' title='bbox 3163 2313 3393 2383; x_wconf 84' lang='grc' dir='ltr'>μετοχῆς</span> <span class='ocrx_word' id='word_1_375' title='bbox 3425 2312 3525 2382; x_wconf 82' lang='grc' dir='ltr'>τὴν</span> <span class='ocrx_word' id='word_1_376' title='bbox 3548 2310 3761 2364; x_wconf 81' lang='grc' dir='ltr'>οἰκείαν</span> 
     </span>
    </p>
   </div>
   <div class='ocr_carea' id='block_1_53' title="bbox 2182 2402 3755 2481">
    <p class='ocr_par' dir='ltr' id='par_1_53' title="bbox 2182 2402 3755 2481">
     <span class='ocr_line' id='line_1_53' title="bbox 2182 2402 3755 2481; baseline -0.008 -15"><span class='ocrx_word' id='word_1_377' title='bbox 2182 2414 2436 2481; x_wconf 74' lang='grc' dir='ltr'>ἐπιγνοὺς</span> <span class='ocrx_word' id='word_1_378' title='bbox 2458 2411 2638 2466; x_wconf 76' lang='grc' dir='ltr'>αἰτίαν</span> <span class='ocrx_word' id='word_1_379' title='bbox 2672 2409 2766 2463; x_wconf 79' lang='grc' dir='ltr'>καὶ</span> <span class='ocrx_word' id='word_1_380' title='bbox 2798 2408 2897 2479; x_wconf 82' lang='grc' dir='ltr'>τὴν</span> <span class='ocrx_word' id='word_1_381' title='bbox 2945 2408 3127 2477; x_wconf 87' lang='grc' dir='ltr'>χάριτι</span> <span class='ocrx_word' id='word_1_382' title='bbox 3155 2404 3401 2459; x_wconf 83' lang='grc' dir='ltr'>δοθεῖσαν</span> <span class='ocrx_word' id='word_1_383' title='bbox 3428 2402 3755 2466; x_wconf 76' lang='grc' dir='ltr'>ἀθανασίαν,</span> 
     </span>
    </p>
   </div>
   <div class='ocr_carea' id='block_1_54' title="bbox 2181 2494 3760 2573">
    <p class='ocr_par' dir='ltr' id='par_1_54' title="bbox 2181 2494 3760 2573">
     <span class='ocr_line' id='line_1_54' title="bbox 2181 2494 3760 2573; baseline -0.009 -15"><span class='ocrx_word' id='word_1_384' title='bbox 2181 2506 2270 2558; x_wconf 76' lang='grc' dir='ltr'><strong>διὰ</strong></span> <span class='ocrx_word' id='word_1_385' title='bbox 2318 2507 2418 2573; x_wconf 83' lang='grc' dir='ltr'>τῆς</span> <span class='ocrx_word' id='word_1_386' title='bbox 2451 2502 2709 2571; x_wconf 87' lang='grc' dir='ltr'>τοιαύτης</span> <span class='ocrx_word' id='word_1_387' title='bbox 2765 2499 3118 2571; x_wconf 72' lang='grc' dir='ltr'>μεταλήψεως</span> <span class='ocrx_word' id='word_1_388' title='bbox 3156 2496 3295 2568; x_wconf 88' lang='grc' dir='ltr'>πρὸς</span> <span class='ocrx_word' id='word_1_389' title='bbox 3339 2494 3614 2548; x_wconf 85' lang='grc' dir='ltr'>ἀπάθειαν</span> <span class='ocrx_word' id='word_1_390' title='bbox 3662 2495 3760 2546; x_wconf 75' lang='grc' dir='ltr'><strong>καὶ</strong></span> 
     </span>
    </p>
   </div>
   <div class='ocr_carea' id='block_1_55' title="bbox 2182 2583 3757 2667">
    <p class='ocr_par' dir='ltr' id='par_1_55' title="bbox 2182 2583 3757 2667">
     <span class='ocr_line' id='line_1_55' title="bbox 2182 2583 3757 2667; baseline -0.008 -17"><span class='ocrx_word' id='word_1_391' title='bbox 2182 2595 2448 2667; x_wconf 74' lang='grc' dir='ltr'>ἁτρεψίαν</span> <span class='ocrx_word' id='word_1_392' title='bbox 2488 2593 2797 2665; x_wconf 85' lang='grc' dir='ltr'>στομώσας,</span> <span class='ocrx_word' id='word_1_393' title='bbox 2830 2592 2907 2655; x_wconf 84' lang='grc' dir='ltr'>ὡς</span> <span class='ocrx_word' id='word_1_394' title='bbox 2944 2589 3079 2654; x_wconf 83' lang='grc' dir='ltr'>Θεὸς</span> <span class='ocrx_word' id='word_1_395' title='bbox 3119 2590 3220 2660; x_wconf 75' lang='grc' dir='ltr'><strong>ήδη</strong></span> <span class='ocrx_word' id='word_1_396' title='bbox 3257 2591 3323 2659; x_wconf 80' lang='grc' dir='ltr'>τῇ</span> <span class='ocrx_word' id='word_1_397' title='bbox 3373 2585 3570 2641; x_wconf 80' lang='grc' dir='ltr'>θεώσει</span> <span class='ocrx_word' id='word_1_398' title='bbox 3598 2583 3757 2654; x_wconf 76' lang='grc' dir='ltr'>γενό-</span> 
     </span>
    </p>
   </div>
   <div class='ocr_carea' id='block_1_56' title="bbox 2186 2678 3748 2760">
    <p class='ocr_par' dir='ltr' id='par_1_56' title="bbox 2186 2678 3748 2760">
     <span class='ocr_line' id='line_1_56' title="bbox 2186 2678 3748 2760; baseline -0.008 -19"><span class='ocrx_word' id='word_1_399' title='bbox 2186 2706 2345 2760; x_wconf 88' lang='grc' dir='ltr'>μενος</span> <span class='ocrx_word' id='word_1_400' title='bbox 2375 2688 2511 2758; x_wconf 82' lang='grc' dir='ltr'>μετὰ</span> <span class='ocrx_word' id='word_1_401' title='bbox 2535 2684 2670 2739; x_wconf 86' lang='grc' dir='ltr'>Θεοῦ</span> <span class='ocrx_word' id='word_1_402' title='bbox 2698 2684 2765 2737; x_wconf 74' lang='grc' dir='ltr'>τὰ</span> <span class='ocrx_word' id='word_1_403' title='bbox 2788 2683 2883 2737; x_wconf 89' lang='grc' dir='ltr'><strong>τοῦ</strong></span> <span class='ocrx_word' id='word_1_404' title='bbox 2908 2681 3045 2736; x_wconf 82' lang='grc' dir='ltr'>Θεοῦ</span> <span class='ocrx_word' id='word_1_405' title='bbox 3069 2678 3429 2749; x_wconf 72' lang='grc' dir='ltr'>διασκέψηται</span> <span class='ocrx_word' id='word_1_406' title='bbox 3454 2678 3748 2746; x_wconf 85' lang='grc' dir='ltr'>κτίσματα,</span> 
     </span>
    </p>
   </div>
   <div class='ocr_carea' id='block_1_57' title="bbox 2184 2768 3753 2851">
    <p class='ocr_par' dir='ltr' id='par_1_57' title="bbox 2184 2768 3753 2851">
     <span class='ocr_line' id='line_1_57' title="bbox 2184 2768 3753 2851; baseline -0.01 -17"><span class='ocrx_word' id='word_1_407' title='bbox 2184 2780 2352 2851; x_wconf 81' lang='grc' dir='ltr'>μηδὲν</span> <span class='ocrx_word' id='word_1_408' title='bbox 2382 2780 2473 2832; x_wconf 83' lang='grc' dir='ltr'>ὑπ’</span> <span class='ocrx_word' id='word_1_409' title='bbox 2520 2778 2703 2831; x_wconf 83' lang='grc' dir='ltr'>αὐτῶν</span> <span class='ocrx_word' id='word_1_410' title='bbox 2744 2774 3273 2846; x_wconf 78' lang='grc' dir='ltr'>παραδλαπτόμενος</span> <span class='ocrx_word' id='word_1_411' title='bbox 3302 2771 3399 2824; x_wconf 69' lang='grc' dir='ltr'>καὶ</span> <span class='ocrx_word' id='word_1_412' title='bbox 3427 2771 3527 2839; x_wconf 80' lang='grc' dir='ltr'>τὴν</span> <span class='ocrx_word' id='word_1_413' title='bbox 3574 2768 3753 2822; x_wconf 83' lang='grc' dir='ltr'>αὐτῶν</span> 
     </span>
    </p>
   </div>
   <div class='ocr_carea' id='block_1_58' title="bbox 2181 2861 3755 2946">
    <p class='ocr_par' dir='ltr' id='par_1_58' title="bbox 2181 2861 3755 2946">
     <span class='ocr_line' id='line_1_58' title="bbox 2181 2861 3755 2946; baseline -0.01 -18"><span class='ocrx_word' id='word_1_414' title='bbox 2181 2873 2528 2946; x_wconf 80' lang='grc' dir='ltr'>ἀναλήψηται</span> <span class='ocrx_word' id='word_1_415' title='bbox 2557 2870 2758 2942; x_wconf 84' lang='grc' dir='ltr'>γνῶσιν</span> <span class='ocrx_word' id='word_1_416' title='bbox 2805 2869 2880 2932; x_wconf 83' lang='grc' dir='ltr'>ὡς</span> <span class='ocrx_word' id='word_1_417' title='bbox 2906 2868 3087 2939; x_wconf 79' lang='grc' dir='ltr'>χάριτι</span> <span class='ocrx_word' id='word_1_418' title='bbox 3116 2863 3248 2928; x_wconf 83' lang='grc' dir='ltr'>Θεὸς</span> <span class='ocrx_word' id='word_1_419' title='bbox 3272 2863 3369 2917; x_wconf 78' lang='grc' dir='ltr'>καὶ</span> <span class='ocrx_word' id='word_1_420' title='bbox 3409 2863 3511 2916; x_wconf 84' lang='grc' dir='ltr'><strong>οὐκ</strong></span> <span class='ocrx_word' id='word_1_421' title='bbox 3544 2861 3755 2932; x_wconf 79' lang='grc' dir='ltr'>ἀνθρω-</span> 
     </span>
    </p>
   </div>
   <div class='ocr_carea' id='block_1_59' title="bbox 2184 2986 2306 3033">
    <p class='ocr_par' dir='ltr' id='par_1_59' title="bbox 2184 2986 2306 3033">
     <span class='ocr_line' id='line_1_59' title="bbox 2184 2986 2306 3033; baseline -0.008 -10"><span class='ocrx_word' id='word_1_422' title='bbox 2184 2986 2306 3033; x_wconf 83' lang='grc' dir='ltr'>πος.</span> 
     </span>
    </p>
   </div>
   <div class='ocr_carea' id='block_1_60' title="bbox 503 3036 3759 3132">
    <p class='ocr_par' dir='ltr' id='par_1_60' title="bbox 503 3036 3759 3132">
     <span class='ocr_line' id='line_1_60' title="bbox 503 3036 3759 3132; baseline 0.006 -42"><span class='ocrx_word' id='word_1_423' title='bbox 503 3036 655 3103; x_wconf 82' lang='lat' dir='ltr'><strong>gnito</strong></span> <span class='ocrx_word' id='word_1_424' title='bbox 680 3050 903 3097; x_wconf 88' lang='lat' dir='ltr'><strong>auctore</strong></span> <span class='ocrx_word' id='word_1_425' title='bbox 930 3060 1035 3098; x_wconf 89' lang='lat' dir='ltr'><strong>una</strong></span> <span class='ocrx_word' id='word_1_426' title='bbox 1070 3060 1193 3100; x_wconf 92' lang='lat' dir='ltr'><strong>cum</strong></span> <span class='ocrx_word' id='word_1_427' title='bbox 1257 3049 1431 3117; x_wconf 86' lang='lat' dir='ltr'><strong>gratis</strong></span> <span class='ocrx_word' id='word_1_428' title='bbox 1490 3051 1762 3121; x_wconf 86' lang='lat' dir='ltr'><strong>intpartita</strong></span> <span class='ocrx_word' id='word_1_429' title='bbox 1801 3057 2233 3129; x_wconf 82' lang='lat' dir='ltr'><strong>immortalitate,</strong></span> <span class='ocrx_word' id='word_1_430' title='bbox 2282 3078 2377 3132; x_wconf 86' lang='lat' dir='ltr'><strong>per</strong></span> <span class='ocrx_word' id='word_1_431' title='bbox 2428 3063 2566 3115; x_wconf 85' lang='lat' dir='ltr'><strong>hanc</strong></span> <span class='ocrx_word' id='word_1_432' title='bbox 2627 3051 3095 3127; x_wconf 85' lang='lat' dir='ltr'><strong>participationem</strong></span> <span class='ocrx_word' id='word_1_433' title='bbox 3156 3051 3221 3103; x_wconf 83' lang='lat' dir='ltr'><strong>ad</strong></span> <span class='ocrx_word' id='word_1_434' title='bbox 3293 3048 3642 3104; x_wconf 77' lang='lat' dir='ltr'><strong>indolentiam</strong></span> <span class='ocrx_word' id='word_1_435' title='bbox 3703 3053 3759 3103; x_wconf 70' lang='lat' dir='ltr'><strong>et</strong></span> 
     </span>
    </p>
   </div>
   <div class='ocr_carea' id='block_1_61' title="bbox 504 3125 3754 3223">
    <p class='ocr_par' dir='ltr' id='par_1_61' title="bbox 504 3125 3754 3223">
     <span class='ocr_line' id='line_1_61' title="bbox 504 3125 3754 3223; baseline 0.005 -44"><span class='ocrx_word' id='word_1_436' title='bbox 504 3125 1002 3189; x_wconf 88' lang='lat' dir='ltr'><strong>imtnutabilitatem</strong></span> <span class='ocrx_word' id='word_1_437' title='bbox 1055 3137 1322 3205; x_wconf 78' lang='lat' dir='ltr'><strong>ﬁrmatus,</strong></span> <span class='ocrx_word' id='word_1_438' title='bbox 1367 3157 1432 3197; x_wconf 89' lang='lat' dir='ltr'><strong>ac</strong></span> <span class='ocrx_word' id='word_1_439' title='bbox 1459 3143 1607 3199; x_wconf 89' lang='lat' dir='ltr'><strong>velut</strong></span> <span class='ocrx_word' id='word_1_440' title='bbox 1640 3146 1778 3202; x_wconf 88' lang='lat' dir='ltr'><strong>Deus</strong></span> <span class='ocrx_word' id='word_1_441' title='bbox 1806 3148 1921 3219; x_wconf 86' lang='lat' dir='ltr'><strong>jam</strong></span> <span class='ocrx_word' id='word_1_442' title='bbox 1957 3167 2053 3223; x_wconf 89' lang='lat' dir='ltr'><strong>per</strong></span> <span class='ocrx_word' id='word_1_443' title='bbox 2110 3125 2502 3210; x_wconf 74' lang='lat' dir='ltr'><strong>deilicationetn</strong></span> <span class='ocrx_word' id='word_1_444' title='bbox 2538 3125 2732 3211; x_wconf 75' lang='lat' dir='ltr'><strong>lactus,</strong></span> <span class='ocrx_word' id='word_1_445' title='bbox 2785 3161 2908 3201; x_wconf 90' lang='lat' dir='ltr'><strong>cum</strong></span> <span class='ocrx_word' id='word_1_446' title='bbox 2967 3144 3075 3198; x_wconf 88' lang='lat' dir='ltr'><strong>Deo</strong></span> <span class='ocrx_word' id='word_1_447' title='bbox 3139 3142 3597 3211; x_wconf 85' lang='lat' dir='ltr'><strong>contemplaretur</strong></span> <span class='ocrx_word' id='word_1_448' title='bbox 3660 3138 3754 3196; x_wconf 84' lang='lat' dir='ltr'><strong>Dei</strong></span> 
     </span>
    </p>
   </div>
   <div class='ocr_carea' id='block_1_62' title="bbox 506 3226 3756 3316">
    <p class='ocr_par' dir='ltr' id='par_1_62' title="bbox 506 3226 3756 3316">
     <span class='ocr_line' id='line_1_62' title="bbox 506 3226 3756 3316; baseline 0.005 -43"><span class='ocrx_word' id='word_1_449' title='bbox 506 3229 811 3286; x_wconf 86' lang='lat' dir='ltr'><strong>creaturas,</strong></span> <span class='ocrx_word' id='word_1_450' title='bbox 845 3226 1103 3297; x_wconf 88' lang='lat' dir='ltr'><strong>nulloque</strong></span> <span class='ocrx_word' id='word_1_451' title='bbox 1161 3230 1327 3287; x_wconf 86' lang='lat' dir='ltr'><strong>abiis</strong></span> <span class='ocrx_word' id='word_1_452' title='bbox 1369 3244 1593 3303; x_wconf 89' lang='lat' dir='ltr'><strong>accepto</strong></span> <span class='ocrx_word' id='word_1_453' title='bbox 1620 3236 1947 3297; x_wconf 89' lang='lat' dir='ltr'><strong>detrimento</strong></span> <span class='ocrx_word' id='word_1_454' title='bbox 2006 3257 2193 3300; x_wconf 91' lang='lat' dir='ltr'><strong>earum</strong></span> <span class='ocrx_word' id='word_1_455' title='bbox 2223 3244 2588 3316; x_wconf 85' lang='lat' dir='ltr'><strong>cognitionem</strong></span> <span class='ocrx_word' id='word_1_456' title='bbox 2650 3250 3100 3313; x_wconf 88' lang='lat' dir='ltr'><strong>consequeretur;</strong></span> <span class='ocrx_word' id='word_1_457' title='bbox 3175 3236 3329 3306; x_wconf 86' lang='lat' dir='ltr'><strong>quasi</strong></span> <span class='ocrx_word' id='word_1_458' title='bbox 3386 3234 3526 3291; x_wconf 87' lang='lat' dir='ltr'><strong>Deus</strong></span> <span class='ocrx_word' id='word_1_459' title='bbox 3588 3233 3756 3289; x_wconf 78' lang='lat' dir='ltr'><strong>nimi-</strong></span> 
     </span>
    </p>
   </div>
   <div class='ocr_carea' id='block_1_63' title="bbox 508 3312 1940 3389">
    <p class='ocr_par' dir='ltr' id='par_1_63' title="bbox 508 3312 1940 3389">
     <span class='ocr_line' id='line_1_63' title="bbox 508 3312 1940 3389; baseline 0.016 -27"><span class='ocrx_word' id='word_1_460' title='bbox 508 3324 626 3364; x_wconf 83' lang='lat' dir='ltr'><strong>rum</strong></span> <span class='ocrx_word' id='word_1_461' title='bbox 671 3312 867 3382; x_wconf 87' lang='lat' dir='ltr'><strong>aliquis</strong></span> <span class='ocrx_word' id='word_1_462' title='bbox 906 3331 1005 3385; x_wconf 88' lang='lat' dir='ltr'><strong>per</strong></span> <span class='ocrx_word' id='word_1_463' title='bbox 1041 3320 1298 3389; x_wconf 86' lang='lat' dir='ltr'><strong>gratiam,</strong></span> <span class='ocrx_word' id='word_1_464' title='bbox 1336 3337 1441 3377; x_wconf 93' lang='lat' dir='ltr'><strong>non</strong></span> <span class='ocrx_word' id='word_1_465' title='bbox 1487 3325 1648 3380; x_wconf 92' lang='lat' dir='ltr'><strong>homo</strong></span> <span class='ocrx_word' id='word_1_466' title='bbox 1690 3327 1940 3387; x_wconf 83' lang='lat' dir='ltr'><strong>aﬂ&#39;ectus.</strong></span> 
     </span>
    </p>
   </div>
   <div class='ocr_carea' id='block_1_64' title="bbox 580 3403 2078 3491">
    <p class='ocr_par' dir='ltr' id='par_1_64' title="bbox 580 3403 2078 3491">
     <span class='ocr_line' id='line_1_64' title="bbox 580 3403 2078 3491; baseline 0.014 -33"><span class='ocrx_word' id='word_1_467' title='bbox 580 3403 707 3460; x_wconf 66' lang='lat' dir='ltr'><strong>Haec</strong></span> <span class='ocrx_word' id='word_1_468' title='bbox 735 3417 789 3461; x_wconf 90' lang='lat' dir='ltr'><strong>et</strong></span> <span class='ocrx_word' id='word_1_469' title='bbox 824 3408 931 3463; x_wconf 85' lang='lat' dir='ltr'><strong>alia</strong></span> <span class='ocrx_word' id='word_1_470' title='bbox 946 3412 1252 3467; x_wconf 89' lang='lat' dir='ltr'><strong>consimilia</strong></span> <span class='ocrx_word' id='word_1_471' title='bbox 1293 3414 1345 3468; x_wconf 92' lang='lat' dir='ltr'><strong>in</strong></span> <span class='ocrx_word' id='word_1_472' title='bbox 1383 3417 1649 3485; x_wconf 62' lang='lat' dir='ltr'><strong>prooemio</strong></span> <span class='ocrx_word' id='word_1_473' title='bbox 1675 3418 2078 3491; x_wconf 76' lang='lat' dir='ltr'><strong>philosophatus</strong></span> 
     </span>
    </p>
   </div>
   <div class='ocr_carea' id='block_1_65' title="bbox 2182 3403 3756 3491">
    <p class='ocr_par' dir='ltr' id='par_1_65' title="bbox 2261 3414 3756 3486">
     <span class='ocr_line' id='line_1_65' title="bbox 2261 3414 3756 3486; baseline -0.007 -9"><span class='ocrx_word' id='word_1_474' title='bbox 2261 3420 2447 3477; x_wconf 88' lang='grc' dir='ltr'>Ταῦτα</span> <span class='ocrx_word' id='word_1_475' title='bbox 2467 3420 2561 3474; x_wconf 75' lang='grc' dir='ltr'>καὶ</span> <span class='ocrx_word' id='word_1_476' title='bbox 2583 3418 2808 3473; x_wconf 90' lang='grc' dir='ltr'>τοιαῦτα</span> <span class='ocrx_word' id='word_1_477' title='bbox 2836 3416 2883 3450; x_wconf 81' lang='grc'><strong>⁷⁷</strong></span> <span class='ocrx_word' id='word_1_478' title='bbox 2919 3417 2979 3471; x_wconf 82' lang='grc' dir='ltr'>ὲν</span> <span class='ocrx_word' id='word_1_479' title='bbox 3009 3415 3321 3486; x_wconf 85' lang='grc' dir='ltr'>προοιμίοις</span> <span class='ocrx_word' id='word_1_480' title='bbox 3361 3414 3756 3485; x_wconf 82' lang='grc' dir='ltr'>φιλοσοφήσας,</span> 
     </span>
    </p>
   </div>
   <div class='ocr_carea' id='block_1_66' title="bbox 511 3496 2086 3576">
    <p class='ocr_par' dir='ltr' id='par_1_66' title="bbox 511 3496 2086 3576">
     <span class='ocr_line' id='line_1_66' title="bbox 511 3496 2086 3576; baseline 0.016 -31"><span class='ocrx_word' id='word_1_481' title='bbox 511 3504 678 3561; x_wconf 79' lang='lat' dir='ltr'><strong>atque</strong></span> <span class='ocrx_word' id='word_1_482' title='bbox 728 3496 1002 3565; x_wconf 88' lang='lat' dir='ltr'><strong>pollicitus</strong></span> <span class='ocrx_word' id='word_1_483' title='bbox 1033 3500 1209 3571; x_wconf 88' lang='lat' dir='ltr'><strong>(quasi</strong></span> <span class='ocrx_word' id='word_1_484' title='bbox 1254 3514 1403 3559; x_wconf 88' lang='lat' dir='ltr'><strong>esset</strong></span> <span class='ocrx_word' id='word_1_485' title='bbox 1433 3506 1560 3562; x_wconf 85' lang='lat' dir='ltr'><strong>alibi</strong></span> <span class='ocrx_word' id='word_1_486' title='bbox 1594 3509 1892 3576; x_wconf 81' lang='lat' dir='ltr'><strong>perfectius</strong></span> <span class='ocrx_word' id='word_1_487' title='bbox 1920 3528 2086 3570; x_wconf 87' lang='lat' dir='ltr'><strong>accu-</strong></span> 
     </span>
    </p>
   </div>
   <div class='ocr_carea' id='block_1_67' title="bbox 511 3588 2087 3676">
    <p class='ocr_par' dir='ltr' id='par_1_67' title="bbox 511 3588 2087 3676">
     <span class='ocr_line' id='line_1_67' title="bbox 511 3588 2087 3676; baseline 0.015 -37"><span class='ocrx_word' id='word_1_488' title='bbox 511 3588 793 3657; x_wconf 83' lang='lat' dir='ltr'><strong>ratiusque</strong></span> <span class='ocrx_word' id='word_1_489' title='bbox 840 3590 909 3645; x_wconf 89' lang='lat' dir='ltr'><strong>de</strong></span> <span class='ocrx_word' id='word_1_490' title='bbox 951 3591 1018 3646; x_wconf 90' lang='lat' dir='ltr'><strong>iis</strong></span> <span class='ocrx_word' id='word_1_491' title='bbox 1066 3601 1314 3659; x_wconf 85' lang='lat' dir='ltr'><strong>acturus,</strong></span> <span class='ocrx_word' id='word_1_492' title='bbox 1358 3610 1423 3651; x_wconf 88' lang='lat' dir='ltr'><strong>ac</strong></span> <span class='ocrx_word' id='word_1_493' title='bbox 1471 3599 1749 3668; x_wconf 87' lang='lat' dir='ltr'><strong>proprium</strong></span> <span class='ocrx_word' id='word_1_494' title='bbox 1785 3602 1833 3657; x_wconf 94' lang='lat' dir='ltr'><strong>ei</strong></span> <span class='ocrx_word' id='word_1_495' title='bbox 1869 3607 2087 3676; x_wconf 90' lang='lat' dir='ltr'><strong>negotio</strong></span> 
     </span>
    </p>
   </div>
   <div class='ocr_carea' id='block_1_68' title="bbox 512 3683 2087 3767">
    <p class='ocr_par' dir='ltr' id='par_1_68' title="bbox 512 3683 2087 3767">
     <span class='ocr_line' id='line_1_68' title="bbox 512 3683 2087 3767; baseline 0.013 -34"><span class='ocrx_word' id='word_1_496' title='bbox 512 3687 804 3734; x_wconf 87' lang='lat' dir='ltr'><strong>tractatum</strong></span> <span class='ocrx_word' id='word_1_497' title='bbox 855 3683 1276 3756; x_wconf 88' lang='lat' dir='ltr'><strong>destinaturus).</strong></span> <span class='ocrx_word' id='word_1_498' title='bbox 1326 3689 1790 3761; x_wconf 90' lang='lat' dir='ltr'><strong>lnterrogationes</strong></span> <span class='ocrx_word' id='word_1_499' title='bbox 1831 3694 2087 3767; x_wconf 90' lang='lat' dir='ltr'><strong>deinceps</strong></span> 
     </span>
    </p>
   </div>
   <div class='ocr_carea' id='block_1_69' title="bbox 511 3768 2088 3857">
    <p class='ocr_par' dir='ltr' id='par_1_69' title="bbox 511 3768 2088 3857">
     <span class='ocr_line' id='line_1_69' title="bbox 511 3768 2088 3857; baseline 0.013 -35"><span class='ocrx_word' id='word_1_500' title='bbox 511 3768 1021 3844; x_wconf 76' lang='lat' dir='ltr'><strong>Responsionesque</strong></span> <span class='ocrx_word' id='word_1_501' title='bbox 1058 3777 1371 3846; x_wconf 79' lang='lat' dir='ltr'><strong>aggreditur</strong></span> <span class='ocrx_word' id='word_1_502' title='bbox 1408 3797 1424 3836; x_wconf 88' lang='lat'><strong>:</strong></span> <span class='ocrx_word' id='word_1_503' title='bbox 1456 3795 1685 3850; x_wconf 90' lang='lat' dir='ltr'><strong>quarum</strong></span> <span class='ocrx_word' id='word_1_504' title='bbox 1715 3785 1888 3854; x_wconf 87' lang='lat' dir='ltr'><strong>prima</strong></span> <span class='ocrx_word' id='word_1_505' title='bbox 1934 3803 2088 3857; x_wconf 78' lang='lat' dir='ltr'><strong>qua:-</strong></span> 
     </span>
    </p>
   </div>
   <div class='ocr_carea' id='block_1_70' title="bbox 510 3865 2087 3941">
    <p class='ocr_par' dir='ltr' id='par_1_70' title="bbox 510 3865 2087 3941">
     <span class='ocr_line' id='line_1_70' title="bbox 510 3865 2087 3941; baseline 0.012 -23"><span class='ocrx_word' id='word_1_506' title='bbox 510 3865 620 3919; x_wconf 84' lang='lat' dir='ltr'><strong>stio</strong></span> <span class='ocrx_word' id='word_1_507' title='bbox 660 3875 783 3923; x_wconf 89' lang='lat' dir='ltr'><strong>est:</strong></span> <span class='ocrx_word' id='word_1_508' title='bbox 817 3868 958 3935; x_wconf 82' lang='lat' dir='ltr'><strong>Quid</strong></span> <span class='ocrx_word' id='word_1_509' title='bbox 1000 3869 1133 3931; x_wconf 83' lang='lat' dir='ltr'><strong>illud</strong></span> <span class='ocrx_word' id='word_1_510' title='bbox 1170 3872 1439 3941; x_wconf 79' lang='lat' dir='ltr'><strong>signiﬁcet</strong></span> <span class='ocrx_word' id='word_1_511' title='bbox 1473 3890 1487 3928; x_wconf 91' lang='lat'><strong>:</strong></span> <span class='ocrx_word' id='word_1_512' title='bbox 1539 3872 1703 3930; x_wconf 84' lang='lat' dir='ltr'><strong>Pater</strong></span> <span class='ocrx_word' id='word_1_513' title='bbox 1737 3894 1883 3933; x_wconf 76' lang='lat' dir='ltr'><strong>meus</strong></span> <span class='ocrx_word' id='word_1_514' title='bbox 1932 3884 2087 3937; x_wconf 84' lang='lat' dir='ltr'><strong>modo</strong></span> 
     </span>
    </p>
   </div>
   <div class='ocr_carea' id='block_1_71' title="bbox 511 3958 2088 4039">
    <p class='ocr_par' dir='ltr' id='par_1_71' title="bbox 511 3958 2088 4039">
     <span class='ocr_line' id='line_1_71' title="bbox 511 3958 2088 4039; baseline 0.011 -30"><span class='ocrx_word' id='word_1_515' title='bbox 511 3966 760 4011; x_wconf 79' lang='lat' dir='ltr'><strong>oneratur</strong></span> <span class='ocrx_word' id='word_1_516' title='bbox 784 3958 833 4011; x_wconf 73' lang='grc' dir='ltr'>δ.</span> <span class='ocrx_word' id='word_1_517' title='bbox 869 3958 1055 4016; x_wconf 80' lang='lat' dir='ltr'><strong>Altera</strong></span> <span class='ocrx_word' id='word_1_518' title='bbox 1098 3961 1163 4015; x_wconf 91' lang='lat' dir='ltr'><strong>de</strong></span> <span class='ocrx_word' id='word_1_519' title='bbox 1208 3962 1324 4026; x_wconf 90' lang='lat' dir='ltr'><strong>illo,</strong></span> <span class='ocrx_word' id='word_1_520' title='bbox 1367 3963 1459 4033; x_wconf 92' lang='lat' dir='ltr'><strong>qul</strong></span> <span class='ocrx_word' id='word_1_521' title='bbox 1516 3965 1568 4020; x_wconf 92' lang='lat' dir='ltr'><strong>in</strong></span> <span class='ocrx_word' id='word_1_522' title='bbox 1624 3966 1924 4039; x_wconf 76' lang='lat' dir='ltr'><strong>Evangelia</strong></span> <span class='ocrx_word' id='word_1_523' title='bbox 1967 3987 2088 4026; x_wconf 86' lang='lat' dir='ltr'><strong>am-</strong></span> 
     </span>
    </p>
   </div>
   <div class='ocr_carea' id='block_1_72' title="bbox 513 4047 2087 4134">
    <p class='ocr_par' dir='ltr' id='par_1_72' title="bbox 513 4047 2087 4134">
     <span class='ocr_line' id='line_1_72' title="bbox 513 4047 2087 4134; baseline 0.013 -35"><span class='ocrx_word' id='word_1_524' title='bbox 513 4047 739 4116; x_wconf 86' lang='lat' dir='ltr'><strong>phoram</strong></span> <span class='ocrx_word' id='word_1_525' title='bbox 768 4063 921 4119; x_wconf 72' lang='lat' dir='ltr'><strong>aqua:</strong></span> <span class='ocrx_word' id='word_1_526' title='bbox 953 4050 1158 4121; x_wconf 86' lang='lat' dir='ltr'><strong>bajulat</strong></span> <span class='ocrx_word' id='word_1_527' title='bbox 1181 4064 1229 4108; x_wconf 73' lang='grc' dir='ltr'>ο.</span> <span class='ocrx_word' id='word_1_528' title='bbox 1255 4054 1439 4110; x_wconf 76' lang='lat' dir='ltr'><strong>Tertia</strong></span> <span class='ocrx_word' id='word_1_529' title='bbox 1471 4057 1537 4112; x_wconf 94' lang='lat' dir='ltr'><strong>de</strong></span> <span class='ocrx_word' id='word_1_530' title='bbox 1580 4058 1671 4115; x_wconf 92' lang='lat' dir='ltr'><strong>illo</strong></span> <span class='ocrx_word' id='word_1_531' title='bbox 1698 4077 1714 4114; x_wconf 91' lang='lat'><strong>:</strong></span> <span class='ocrx_word' id='word_1_532' title='bbox 1759 4060 1939 4118; x_wconf 82' lang='lat' dir='ltr'><strong>Nolite</strong></span> <span class='ocrx_word' id='word_1_533' title='bbox 1961 4081 2087 4134; x_wconf 80' lang='lat' dir='ltr'><strong>pos-</strong></span> 
     </span>
    </p>
   </div>
   <div class='ocr_carea' id='block_1_73' title="bbox 512 4141 2090 4224">
    <p class='ocr_par' dir='ltr' id='par_1_73' title="bbox 512 4141 2090 4224">
     <span class='ocr_line' id='line_1_73' title="bbox 512 4141 2090 4224; baseline 0.01 -30"><span class='ocrx_word' id='word_1_534' title='bbox 512 4141 683 4195; x_wconf 77' lang='lat' dir='ltr'><strong>sidere</strong></span> <span class='ocrx_word' id='word_1_535' title='bbox 712 4142 847 4196; x_wconf 79' lang='lat' dir='ltr'><strong>duas</strong></span> <span class='ocrx_word' id='word_1_536' title='bbox 879 4144 1149 4200; x_wconf 77' lang='lat' dir='ltr'><strong>tunicasd.</strong></span> <span class='ocrx_word' id='word_1_537' title='bbox 1176 4145 1265 4202; x_wconf 86' lang='lat' dir='ltr'><strong>IV.</strong></span> <span class='ocrx_word' id='word_1_538' title='bbox 1296 4148 1369 4203; x_wconf 91' lang='lat' dir='ltr'><strong>De</strong></span> <span class='ocrx_word' id='word_1_539' title='bbox 1400 4149 1683 4205; x_wconf 84' lang='lat' dir='ltr'><strong>maledicta</strong></span> <span class='ocrx_word' id='word_1_540' title='bbox 1711 4161 1853 4207; x_wconf 89' lang='lat' dir='ltr'><strong>terra</strong></span> <span class='ocrx_word' id='word_1_541' title='bbox 1886 4154 1937 4208; x_wconf 91' lang='lat' dir='ltr'><strong>in</strong></span> <span class='ocrx_word' id='word_1_542' title='bbox 1961 4169 2090 4224; x_wconf 89' lang='lat' dir='ltr'><strong>ope-</strong></span> 
     </span>
    </p>
   </div>
   <div class='ocr_carea' id='block_1_74' title="bbox 514 4233 2086 4314">
    <p class='ocr_par' dir='ltr' id='par_1_74' title="bbox 514 4233 2086 4314">
     <span class='ocr_line' id='line_1_74' title="bbox 514 4233 2086 4314; baseline 0.011 -29"><span class='ocrx_word' id='word_1_543' title='bbox 514 4233 663 4288; x_wconf 85' lang='lat' dir='ltr'><strong>ribus</strong></span> <span class='ocrx_word' id='word_1_544' title='bbox 714 4234 885 4289; x_wconf 85' lang='lat' dir='ltr'><strong>Adam</strong></span> <span class='ocrx_word' id='word_1_545' title='bbox 921 4247 967 4292; x_wconf 73' lang='grc' dir='ltr'>β.</span> <span class='ocrx_word' id='word_1_546' title='bbox 1002 4235 1072 4293; x_wconf 70' lang='grc' dir='ltr'><strong>ν.</strong></span> <span class='ocrx_word' id='word_1_547' title='bbox 1104 4237 1179 4293; x_wconf 89' lang='lat' dir='ltr'><strong>De</strong></span> <span class='ocrx_word' id='word_1_548' title='bbox 1213 4239 1346 4295; x_wconf 90' lang='lat' dir='ltr'><strong>illo:</strong></span> <span class='ocrx_word' id='word_1_549' title='bbox 1395 4241 1498 4307; x_wconf 84' lang='lat' dir='ltr'><strong>Qui</strong></span> <span class='ocrx_word' id='word_1_550' title='bbox 1536 4256 1691 4298; x_wconf 81' lang='lat' dir='ltr'><strong>natus</strong></span> <span class='ocrx_word' id='word_1_551' title='bbox 1728 4255 1806 4299; x_wconf 80' lang='lat' dir='ltr'><strong>est</strong></span> <span class='ocrx_word' id='word_1_552' title='bbox 1851 4262 1915 4301; x_wconf 78' lang='lat' dir='ltr'><strong>ea:</strong></span> <span class='ocrx_word' id='word_1_553' title='bbox 1944 4246 2086 4314; x_wconf 88' lang='lat' dir='ltr'><strong>Deo,</strong></span> 
     </span>
    </p>
   </div>
   <div class='ocr_carea' id='block_1_75' title="bbox 512 4326 2088 4396">
    <p class='ocr_par' dir='ltr' id='par_1_75' title="bbox 512 4326 2088 4396">
     <span class='ocr_line' id='line_1_75' title="bbox 512 4326 2088 4396; baseline 0.011 -22"><span class='ocrx_word' id='word_1_554' title='bbox 512 4334 783 4393; x_wconf 85' lang='lat' dir='ltr'><strong>peccatum</strong></span> <span class='ocrx_word' id='word_1_555' title='bbox 837 4341 940 4379; x_wconf 86' lang='lat' dir='ltr'><strong>non</strong></span> <span class='ocrx_word' id='word_1_556' title='bbox 982 4326 1105 4396; x_wconf 84' lang='lat' dir='ltr'><strong>fecit</strong></span> <span class='ocrx_word' id='word_1_557' title='bbox 1137 4327 1182 4382; x_wconf 72' lang='grc' dir='ltr'>τ.</span> <span class='ocrx_word' id='word_1_558' title='bbox 1236 4329 1323 4384; x_wconf 76' lang='grc' dir='ltr'><strong>γι.</strong></span> <span class='ocrx_word' id='word_1_559' title='bbox 1375 4332 1449 4386; x_wconf 87' lang='lat' dir='ltr'><strong>De</strong></span> <span class='ocrx_word' id='word_1_560' title='bbox 1490 4331 1628 4388; x_wconf 89' lang='lat' dir='ltr'><strong>illo:</strong></span> <span class='ocrx_word' id='word_1_561' title='bbox 1686 4332 1802 4388; x_wconf 86' lang='lat' dir='ltr'><strong>Hoc</strong></span> <span class='ocrx_word' id='word_1_562' title='bbox 1862 4336 1999 4389; x_wconf 83' lang='lat' dir='ltr'><strong>enim</strong></span> <span class='ocrx_word' id='word_1_563' title='bbox 2039 4346 2088 4391; x_wconf 83' lang='lat' dir='ltr'><strong>et</strong></span> 
     </span>
    </p>
   </div>
   <div class='ocr_carea' id='block_1_76' title="bbox 515 4418 2089 4496">
    <p class='ocr_par' dir='ltr' id='par_1_76' title="bbox 515 4418 2089 4496">
     <span class='ocr_line' id='line_1_76' title="bbox 515 4418 2089 4496; baseline 0.007 -25"><span class='ocrx_word' id='word_1_564' title='bbox 515 4418 735 4471; x_wconf 78' lang='lat' dir='ltr'><strong>mortuis</strong></span> <span class='ocrx_word' id='word_1_565' title='bbox 756 4419 1168 4488; x_wconf 76' lang='lat' dir='ltr'><strong>euangelizatum</strong></span> <span class='ocrx_word' id='word_1_566' title='bbox 1186 4434 1258 4477; x_wconf 78' lang='lat' dir='ltr'><strong>est</strong></span> <span class='ocrx_word' id='word_1_567' title='bbox 1276 4425 1322 4479; x_wconf 77' lang='grc'>8.</span> <span class='ocrx_word' id='word_1_568' title='bbox 1348 4423 1537 4496; x_wconf 83' lang='lat' dir='ltr'><strong>155b</strong></span> <span class='ocrx_word' id='word_1_569' title='bbox 1561 4425 1671 4481; x_wconf 83' lang='lat' dir='ltr'><strong>VII.</strong></span> <span class='ocrx_word' id='word_1_570' title='bbox 1692 4427 1767 4481; x_wconf 88' lang='lat' dir='ltr'><strong>De</strong></span> <span class='ocrx_word' id='word_1_571' title='bbox 1794 4427 1886 4481; x_wconf 92' lang='lat' dir='ltr'><strong>illo</strong></span> <span class='ocrx_word' id='word_1_572' title='bbox 1913 4445 1927 4481; x_wconf 89' lang='lat'><strong>:</strong></span> <span class='ocrx_word' id='word_1_573' title='bbox 1950 4428 2089 4483; x_wconf 83' lang='lat' dir='ltr'><strong>Deus</strong></span> 
     </span>
    </p>
   </div>
   <div class='ocr_carea' id='block_1_77' title="bbox 517 4507 2088 4591">
    <p class='ocr_par' dir='ltr' id='par_1_77' title="bbox 517 4507 2088 4591">
     <span class='ocr_line' id='line_1_77' title="bbox 517 4507 2088 4591; baseline 0.008 -31"><span class='ocrx_word' id='word_1_574' title='bbox 517 4507 611 4561; x_wconf 74' lang='lat' dir='ltr'><strong>lux</strong></span> <span class='ocrx_word' id='word_1_575' title='bbox 629 4521 703 4562; x_wconf 83' lang='lat' dir='ltr'><strong>est</strong></span> <span class='ocrx_word' id='word_1_576' title='bbox 737 4509 789 4562; x_wconf 72' lang='lat' dir='ltr'><strong>h.</strong></span> <span class='ocrx_word' id='word_1_577' title='bbox 824 4508 961 4566; x_wconf 82' lang='lat' dir='ltr'><strong>Vlll.</strong></span> <span class='ocrx_word' id='word_1_578' title='bbox 994 4512 1067 4566; x_wconf 80' lang='lat' dir='ltr'><strong>De</strong></span> <span class='ocrx_word' id='word_1_579' title='bbox 1103 4514 1192 4568; x_wconf 83' lang='lat' dir='ltr'><strong>illo</strong></span> <span class='ocrx_word' id='word_1_580' title='bbox 1225 4514 1767 4591; x_wconf 83' lang='lat' dir='ltr'><strong>:Qu0tttod0[Ntmc]</strong></span> <span class='ocrx_word' id='word_1_581' title='bbox 1792 4534 1972 4572; x_wconf 78' lang='lat' dir='ltr'><strong>sumus</strong></span> <span class='ocrx_word' id='word_1_582' title='bbox 1990 4519 2088 4587; x_wconf 77' lang='lat' dir='ltr'><strong>ﬁlii</strong></span> 
     </span>
    </p>
   </div>
   <div class='ocr_carea' id='block_1_78' title="bbox 516 4599 2086 4675">
    <p class='ocr_par' dir='ltr' id='par_1_78' title="bbox 516 4599 2086 4675">
     <span class='ocr_line' id='line_1_78' title="bbox 516 4599 2086 4675; baseline 0.006 -20"><span class='ocrx_word' id='word_1_583' title='bbox 516 4599 637 4665; x_wconf 85' lang='lat' dir='ltr'><strong>Dei,</strong></span> <span class='ocrx_word' id='word_1_584' title='bbox 683 4611 737 4657; x_wconf 90' lang='lat' dir='ltr'><strong>et</strong></span> <span class='ocrx_word' id='word_1_585' title='bbox 768 4607 1044 4672; x_wconf 88' lang='lat' dir='ltr'><strong>quomodo</strong></span> <span class='ocrx_word' id='word_1_586' title='bbox 1078 4618 1197 4675; x_wconf 90' lang='lat' dir='ltr'><strong>post</strong></span> <span class='ocrx_word' id='word_1_587' title='bbox 1243 4609 1356 4662; x_wconf 72' lang='lat' dir='ltr'><strong>haac</strong></span> <span class='ocrx_word' id='word_1_588' title='bbox 1402 4609 1605 4662; x_wconf 90' lang='lat' dir='ltr'><strong>erimus</strong></span> <span class='ocrx_word' id='word_1_589' title='bbox 1634 4608 1677 4665; x_wconf 78' lang='grc' dir='ltr'><strong>ί.</strong></span> <span class='ocrx_word' id='word_1_590' title='bbox 1725 4609 1814 4664; x_wconf 80' lang='lat' dir='ltr'><strong>IX.</strong></span> <span class='ocrx_word' id='word_1_591' title='bbox 1848 4610 1924 4664; x_wconf 92' lang='lat' dir='ltr'><strong>De</strong></span> <span class='ocrx_word' id='word_1_592' title='bbox 1956 4612 2086 4665; x_wconf 91' lang='lat' dir='ltr'><strong>illo:</strong></span> 
     </span>
    </p>
   </div>
   <div class='ocr_carea' id='block_1_79' title="bbox 519 4694 2085 4768">
    <p class='ocr_par' dir='ltr' id='par_1_79' title="bbox 519 4694 2085 4768">
     <span class='ocr_line' id='line_1_79' title="bbox 519 4694 2085 4768; baseline 0.008 -23"><span class='ocrx_word' id='word_1_593' title='bbox 519 4694 626 4757; x_wconf 76' lang='lat' dir='ltr'><strong>Qui</strong></span> <span class='ocrx_word' id='word_1_594' title='bbox 671 4696 845 4760; x_wconf 81' lang='lat' dir='ltr'><strong>timet,</strong></span> <span class='ocrx_word' id='word_1_595' title='bbox 906 4713 1008 4751; x_wconf 87' lang='lat' dir='ltr'><strong>non</strong></span> <span class='ocrx_word' id='word_1_596' title='bbox 1051 4708 1125 4751; x_wconf 83' lang='lat' dir='ltr'><strong>est</strong></span> <span class='ocrx_word' id='word_1_597' title='bbox 1151 4698 1406 4768; x_wconf 76' lang='lat' dir='ltr'><strong>perfectus</strong></span> <span class='ocrx_word' id='word_1_598' title='bbox 1456 4700 1510 4753; x_wconf 83' lang='lat' dir='ltr'><strong>in</strong></span> <span class='ocrx_word' id='word_1_599' title='bbox 1560 4700 1837 4755; x_wconf 81' lang='lat' dir='ltr'><strong>dilectione</strong></span> <span class='ocrx_word' id='word_1_600' title='bbox 1869 4701 1914 4758; x_wconf 83' lang='lat' dir='ltr'><strong>i.</strong></span> <span class='ocrx_word' id='word_1_601' title='bbox 1968 4702 2085 4758; x_wconf 79' lang='lat' dir='ltr'><strong>Et:</strong></span> 
     </span>
    </p>
   </div>
   <div class='ocr_carea' id='block_1_80' title="bbox 2188 3505 3757 3582">
    <p class='ocr_par' dir='ltr' id='par_1_80' title="bbox 2188 3505 3757 3582">
     <span class='ocr_line' id='line_1_80' title="bbox 2188 3505 3757 3582; baseline -0.008 -13"><span class='ocrx_word' id='word_1_602' title='bbox 2188 3513 2286 3569; x_wconf 74' lang='grc' dir='ltr'><strong>καὶ</strong></span> <span class='ocrx_word' id='word_1_603' title='bbox 2337 3511 2802 3582; x_wconf 74' lang='grc' dir='ltr'>ἐπαγγειλάμενος</span> <span class='ocrx_word' id='word_1_604' title='bbox 2843 3509 2919 3571; x_wconf 85' lang='grc' dir='ltr'><strong>ὡς</strong></span> <span class='ocrx_word' id='word_1_605' title='bbox 2968 3510 3026 3561; x_wconf 81' lang='grc' dir='ltr'>ὲν</span> <span class='ocrx_word' id='word_1_606' title='bbox 3057 3506 3265 3577; x_wconf 80' lang='grc' dir='ltr'>ἑτέροις</span> <span class='ocrx_word' id='word_1_607' title='bbox 3314 3505 3650 3574; x_wconf 84' lang='grc' dir='ltr'>τελειότερόν</span> <span class='ocrx_word' id='word_1_608' title='bbox 3698 3522 3757 3558; x_wconf 89' lang='grc' dir='ltr'><strong>τε</strong></span> 
     </span>
    </p>
   </div>
   <div class='ocr_carea' id='block_1_81' title="bbox 2188 3596 3761 3675">
    <p class='ocr_par' dir='ltr' id='par_1_81' title="bbox 2188 3596 3761 3675">
     <span class='ocr_line' id='line_1_81' title="bbox 2188 3596 3761 3675; baseline -0.006 -16"><span class='ocrx_word' id='word_1_609' title='bbox 2188 3605 2282 3659; x_wconf 76' lang='grc' dir='ltr'><strong>καὶ</strong></span> <span class='ocrx_word' id='word_1_610' title='bbox 2305 3603 2696 3675; x_wconf 73' lang='grc' dir='ltr'>ἀκριϐέστερον</span> <span class='ocrx_word' id='word_1_611' title='bbox 2724 3601 2854 3672; x_wconf 73' lang='grc' dir='ltr'>περὶ</span> <span class='ocrx_word' id='word_1_612' title='bbox 2882 3599 3060 3653; x_wconf 82' lang='grc' dir='ltr'>αὐτῶν</span> <span class='ocrx_word' id='word_1_613' title='bbox 3105 3596 3455 3668; x_wconf 77' lang='grc' dir='ltr'>ἐπισκέψοιτο</span> <span class='ocrx_word' id='word_1_614' title='bbox 3504 3597 3603 3652; x_wconf 83' lang='grc' dir='ltr'>καὶ</span> <span class='ocrx_word' id='word_1_615' title='bbox 3656 3596 3761 3668; x_wconf 59' lang='lat' dir='ltr'><strong>ml;</strong></span> 
     </span>
    </p>
   </div>
   <div class='ocr_carea' id='block_1_82' title="bbox 2187 3689 3757 3770">
    <p class='ocr_par' dir='ltr' id='par_1_82' title="bbox 2187 3689 3757 3770">
     <span class='ocr_line' id='line_1_82' title="bbox 2187 3689 3757 3770; baseline -0.007 -18"><span class='ocrx_word' id='word_1_616' title='bbox 2187 3696 2546 3770; x_wconf 87' lang='grc' dir='ltr'>πραγματείᾳ</span> <span class='ocrx_word' id='word_1_617' title='bbox 2574 3694 2672 3767; x_wconf 77' lang='grc' dir='ltr'><strong>τὴν</strong></span> <span class='ocrx_word' id='word_1_618' title='bbox 2702 3695 2833 3765; x_wconf 76' lang='grc' dir='ltr'>περὶ</span> <span class='ocrx_word' id='word_1_619' title='bbox 2881 3692 3059 3745; x_wconf 85' lang='grc' dir='ltr'>αὐτῶν</span> <span class='ocrx_word' id='word_1_620' title='bbox 3092 3691 3313 3760; x_wconf 84' lang='grc' dir='ltr'>ἁφοριεῖ</span> <span class='ocrx_word' id='word_1_621' title='bbox 3344 3689 3757 3760; x_wconf 84' lang='grc' dir='ltr'>πραγματείαν,</span> 
     </span>
    </p>
   </div>
   <div class='ocr_carea' id='block_1_83' title="bbox 2189 3780 3759 3862">
    <p class='ocr_par' dir='ltr' id='par_1_83' title="bbox 2189 3780 3759 3862">
     <span class='ocr_line' id='line_1_83' title="bbox 2189 3780 3759 3862; baseline -0.007 -16"><span class='ocrx_word' id='word_1_622' title='bbox 2189 3790 2387 3862; x_wconf 75' lang='grc' dir='ltr'>ἐφεξῆς</span> <span class='ocrx_word' id='word_1_623' title='bbox 2425 3789 2535 3844; x_wconf 85' lang='grc' dir='ltr'>τῶν</span> <span class='ocrx_word' id='word_1_624' title='bbox 2593 3788 2916 3860; x_wconf 80' lang='grc' dir='ltr'>ἐρωτήσεων</span> <span class='ocrx_word' id='word_1_625' title='bbox 2962 3784 3055 3838; x_wconf 76' lang='grc' dir='ltr'>καὶ</span> <span class='ocrx_word' id='word_1_626' title='bbox 3106 3782 3449 3855; x_wconf 80' lang='grc' dir='ltr'>ἀποκρίσεων</span> <span class='ocrx_word' id='word_1_627' title='bbox 3505 3780 3759 3835; x_wconf 71' lang='grc' dir='ltr'>ἅπτεται.</span> 
     </span>
    </p>
   </div>
   <div class='ocr_carea' id='block_1_84' title="bbox 2188 3872 3761 3952">
    <p class='ocr_par' dir='ltr' id='par_1_84' title="bbox 2188 3872 3761 3952">
     <span class='ocr_line' id='line_1_84' title="bbox 2188 3872 3761 3952; baseline -0.007 -16"><span class='ocrx_word' id='word_1_628' title='bbox 2188 3875 2291 3935; x_wconf 79' lang='grc' dir='ltr'>Ὧν</span> <span class='ocrx_word' id='word_1_629' title='bbox 2319 3879 2537 3952; x_wconf 86' lang='grc' dir='ltr'>πρῶτον</span> <span class='ocrx_word' id='word_1_630' title='bbox 2569 3880 2791 3951; x_wconf 79' lang='grc' dir='ltr'>ζήτημα</span> <span class='ocrx_word' id='word_1_631' title='bbox 2845 3875 2973 3949; x_wconf 80' lang='grc' dir='ltr'>περὶ</span> <span class='ocrx_word' id='word_1_632' title='bbox 3006 3873 3102 3929; x_wconf 91' lang='grc' dir='ltr'><strong>τοῦ</strong></span> <span class='ocrx_word' id='word_1_633' title='bbox 3143 3874 3196 3927; x_wconf 91' lang='grc' dir='ltr'><strong>τί</strong></span> <span class='ocrx_word' id='word_1_634' title='bbox 3226 3873 3505 3945; x_wconf 77' lang='grc' dir='ltr'>σημαίνει’</span> <span class='ocrx_word' id='word_1_635' title='bbox 3546 3872 3610 3926; x_wconf 86' lang='lat'><strong>&#39;0</strong></span> <span class='ocrx_word' id='word_1_636' title='bbox 3642 3875 3761 3926; x_wconf 82' lang='lat' dir='ltr'><strong>Ha-</strong></span> 
     </span>
    </p>
   </div>
   <div class='ocr_carea' id='block_1_85' title="bbox 2187 3960 3764 4041">
    <p class='ocr_par' dir='ltr' id='par_1_85' title="bbox 2187 3960 3764 4041">
     <span class='ocr_line' id='line_1_85' title="bbox 2187 3960 3764 4041; baseline -0.01 -14"><span class='ocrx_word' id='word_1_637' title='bbox 2187 3972 2301 4041; x_wconf 83' lang='grc' dir='ltr'>τήρ</span> <span class='ocrx_word' id='word_1_638' title='bbox 2353 3988 2472 4041; x_wconf 87' lang='grc' dir='ltr'>μου</span> <span class='ocrx_word' id='word_1_639' title='bbox 2519 3969 2631 4037; x_wconf 78' lang='grc' dir='ltr'>ἕως</span> <span class='ocrx_word' id='word_1_640' title='bbox 2660 3968 2790 4036; x_wconf 82' lang='grc' dir='ltr'>ἄρτι</span> <span class='ocrx_word' id='word_1_641' title='bbox 2817 3963 3134 4036; x_wconf 78' lang='grc' dir='ltr'>ἐργάζεται.</span> <span class='ocrx_word' id='word_1_642' title='bbox 3167 3964 3222 4015; x_wconf 87' lang='lat' dir='ltr'><strong>B’</strong></span> <span class='ocrx_word' id='word_1_643' title='bbox 3265 3962 3395 4033; x_wconf 73' lang='grc' dir='ltr'>περὶ</span> <span class='ocrx_word' id='word_1_644' title='bbox 3417 3961 3538 3995; x_wconf 71' lang='lat'><strong>&quot;&#39;7&#39;</strong></span> <span class='ocrx_word' id='word_1_645' title='bbox 3561 3960 3659 4013; x_wconf 86' lang='grc' dir='ltr'><strong>τοῦ</strong></span> <span class='ocrx_word' id='word_1_646' title='bbox 3704 3960 3764 4012; x_wconf 70' lang='grc' dir='ltr'>ἐν</span> 
     </span>
    </p>
   </div>
   <div class='ocr_carea' id='block_1_86' title="bbox 2188 4050 3765 4133">
    <p class='ocr_par' dir='ltr' id='par_1_86' title="bbox 2188 4050 3765 4133">
     <span class='ocr_line' id='line_1_86' title="bbox 2188 4050 3765 4133; baseline -0.008 -16"><span class='ocrx_word' id='word_1_647' title='bbox 2188 4063 2265 4133; x_wconf 86' lang='grc' dir='ltr'>τῷ</span> <span class='ocrx_word' id='word_1_648' title='bbox 2310 4060 2625 4132; x_wconf 84' lang='grc' dir='ltr'>Εὑαγγελίῳ</span> <span class='ocrx_word' id='word_1_649' title='bbox 2668 4059 2730 4113; x_wconf 90' lang='grc' dir='ltr'><strong>τὸ</strong></span> <span class='ocrx_word' id='word_1_650' title='bbox 2790 4057 3053 4130; x_wconf 87' lang='grc' dir='ltr'>κεράμιον</span> <span class='ocrx_word' id='word_1_651' title='bbox 3080 4055 3175 4110; x_wconf 92' lang='grc' dir='ltr'><strong>τοῦ</strong></span> <span class='ocrx_word' id='word_1_652' title='bbox 3238 4054 3430 4117; x_wconf 75' lang='grc' dir='ltr'>ὓδατος</span> <span class='ocrx_word' id='word_1_653' title='bbox 3468 4050 3765 4124; x_wconf 78' lang='grc' dir='ltr'>βαστάζον-</span> 
     </span>
    </p>
   </div>
   <div class='ocr_carea' id='block_1_87' title="bbox 2186 4142 3759 4223">
    <p class='ocr_par' dir='ltr' id='par_1_87' title="bbox 2186 4142 3759 4223">
     <span class='ocr_line' id='line_1_87' title="bbox 2186 4142 3759 4223; baseline -0.008 -15"><span class='ocrx_word' id='word_1_654' title='bbox 2186 4171 2297 4217; x_wconf 86' lang='grc' dir='ltr'>τος.</span> <span class='ocrx_word' id='word_1_655' title='bbox 2326 4154 2380 4207; x_wconf 85' lang='grc' dir='ltr'><strong>Γ¹</strong></span> <span class='ocrx_word' id='word_1_656' title='bbox 2407 4151 2678 4223; x_wconf 78' lang='grc' dir='ltr'>περὶτοῦ,</span> <span class='ocrx_word' id='word_1_657' title='bbox 2732 4150 2829 4218; x_wconf 83' lang='grc' dir='ltr'><strong>Μὴ</strong></span> <span class='ocrx_word' id='word_1_658' title='bbox 2888 4148 3197 4217; x_wconf 78' lang='grc' dir='ltr'>κτήσησθε</span> <span class='ocrx_word' id='word_1_659' title='bbox 3218 4147 3264 4179; x_wconf 85' lang='grc'><strong>¹¹⁰</strong></span> <span class='ocrx_word' id='word_1_660' title='bbox 3317 4145 3428 4199; x_wconf 77' lang='grc' dir='ltr'>δύο</span> <span class='ocrx_word' id='word_1_661' title='bbox 3482 4142 3759 4208; x_wconf 82' lang='grc' dir='ltr'>χιτῶνας.</span> 
     </span>
    </p>
   </div>
   <div class='ocr_carea' id='block_1_88' title="bbox 2188 4234 3761 4318">
    <p class='ocr_par' dir='ltr' id='par_1_88' title="bbox 2188 4234 3761 4318">
     <span class='ocr_line' id='line_1_88' title="bbox 2188 4234 3761 4318; baseline -0.008 -18"><span class='ocrx_word' id='word_1_662' title='bbox 2188 4251 2241 4301; x_wconf 83' lang='grc' dir='ltr'><strong>Δ⁹</strong></span> <span class='ocrx_word' id='word_1_663' title='bbox 2266 4246 2395 4318; x_wconf 78' lang='grc' dir='ltr'>περὶ</span> <span class='ocrx_word' id='word_1_664' title='bbox 2423 4248 2524 4316; x_wconf 83' lang='grc' dir='ltr'>τῆς</span> <span class='ocrx_word' id='word_1_665' title='bbox 2559 4242 2960 4314; x_wconf 83' lang='grc' dir='ltr'>καταραθείσης</span> <span class='ocrx_word' id='word_1_666' title='bbox 3005 4241 3109 4311; x_wconf 79' lang='grc' dir='ltr'>γῆς</span> <span class='ocrx_word' id='word_1_667' title='bbox 3161 4242 3218 4293; x_wconf 76' lang='grc' dir='ltr'>ἐν</span> <span class='ocrx_word' id='word_1_668' title='bbox 3269 4240 3381 4300; x_wconf 85' lang='grc' dir='ltr'>τοῖς</span> <span class='ocrx_word' id='word_1_669' title='bbox 3426 4236 3611 4309; x_wconf 73' lang='grc' dir='ltr'>ἔργοις</span> <span class='ocrx_word' id='word_1_670' title='bbox 3666 4234 3761 4288; x_wconf 87' lang='grc' dir='ltr'><strong>τοῦ</strong></span> 
     </span>
    </p>
   </div>
   <div class='ocr_carea' id='block_1_89' title="bbox 2201 4327 3759 4409">
    <p class='ocr_par' dir='ltr' id='par_1_89' title="bbox 2201 4327 3759 4409">
     <span class='ocr_line' id='line_1_89' title="bbox 2201 4327 3759 4409; baseline -0.008 -15"><span class='ocrx_word' id='word_1_671' title='bbox 2201 4340 2391 4409; x_wconf 82' lang='grc' dir='ltr'>Ἀδάμ.</span> <span class='ocrx_word' id='word_1_672' title='bbox 2434 4336 2487 4391; x_wconf 85' lang='lat' dir='ltr'><strong>E&#39;</strong></span> <span class='ocrx_word' id='word_1_673' title='bbox 2539 4338 2670 4408; x_wconf 73' lang='grc' dir='ltr'>περὶ</span> <span class='ocrx_word' id='word_1_674' title='bbox 2724 4335 2842 4402; x_wconf 88' lang='grc' dir='ltr'>τοῦ,</span> <span class='ocrx_word' id='word_1_675' title='bbox 2899 4336 2953 4387; x_wconf 79' lang='grc' dir='ltr'><strong><em>Ὀ</em></strong></span> <span class='ocrx_word' id='word_1_676' title='bbox 3007 4331 3445 4403; x_wconf 74' lang='grc' dir='ltr'>γεγεννημένος</span> <span class='ocrx_word' id='word_1_677' title='bbox 3525 4330 3595 4383; x_wconf 83' lang='grc' dir='ltr'>ἐκ</span> <span class='ocrx_word' id='word_1_678' title='bbox 3653 4327 3759 4382; x_wconf 86' lang='grc' dir='ltr'><strong>τοῦ</strong></span> 
     </span>
    </p>
   </div>
   <div class='ocr_carea' id='block_1_90' title="bbox 2192 4419 3762 4501">
    <p class='ocr_par' dir='ltr' id='par_1_90' title="bbox 2192 4419 3762 4501">
     <span class='ocr_line' id='line_1_90' title="bbox 2192 4419 3762 4501; baseline -0.01 -14"><span class='ocrx_word' id='word_1_679' title='bbox 2192 4432 2338 4487; x_wconf 86' lang='grc' dir='ltr'>Θεοῦ</span> <span class='ocrx_word' id='word_1_680' title='bbox 2367 4430 2660 4501; x_wconf 82' lang='grc' dir='ltr'>ἁμαρτίαν</span> <span class='ocrx_word' id='word_1_681' title='bbox 2685 4431 2756 4484; x_wconf 88' lang='grc' dir='ltr'>οὺ</span> <span class='ocrx_word' id='word_1_682' title='bbox 2776 4426 2947 4481; x_wconf 81' lang='grc' dir='ltr'>ποιεῖ.</span> <span class='ocrx_word' id='word_1_683' title='bbox 2981 4423 3051 4494; x_wconf 78' lang='lat' dir='ltr'><strong>q&#39;</strong></span> <span class='ocrx_word' id='word_1_684' title='bbox 3079 4424 3206 4495; x_wconf 75' lang='grc' dir='ltr'>περὶ</span> <span class='ocrx_word' id='word_1_685' title='bbox 3232 4422 3349 4487; x_wconf 90' lang='grc' dir='ltr'>τοῦ,</span> <span class='ocrx_word' id='word_1_686' title='bbox 3374 4424 3477 4488; x_wconf 82' lang='grc' dir='ltr'>Είς</span> <span class='ocrx_word' id='word_1_687' title='bbox 3507 4421 3553 4453; x_wconf 78' lang='grc'><strong>⁸¹</strong></span> <span class='ocrx_word' id='word_1_688' title='bbox 3586 4419 3762 4474; x_wconf 83' lang='grc' dir='ltr'>τοῦτο</span> 
     </span>
    </p>
   </div>
   <div class='ocr_carea' id='block_1_91' title="bbox 2188 4510 3758 4595">
    <p class='ocr_par' dir='ltr' id='par_1_91' title="bbox 2188 4510 3758 4595">
     <span class='ocr_line' id='line_1_91' title="bbox 2188 4510 3758 4595; baseline -0.01 -17"><span class='ocrx_word' id='word_1_689' title='bbox 2188 4522 2300 4595; x_wconf 75' lang='grc' dir='ltr'><strong>γὰρ</strong></span> <span class='ocrx_word' id='word_1_690' title='bbox 2349 4524 2447 4576; x_wconf 81' lang='grc' dir='ltr'>καὶ</span> <span class='ocrx_word' id='word_1_691' title='bbox 2494 4520 2728 4591; x_wconf 82' lang='grc' dir='ltr'>νεκροῖς</span> <span class='ocrx_word' id='word_1_692' title='bbox 2784 4516 3207 4587; x_wconf 62' lang='grc' dir='ltr'>εὐηγγελίσθη.</span> <span class='ocrx_word' id='word_1_693' title='bbox 3253 4515 3303 4567; x_wconf 90' lang='lat' dir='ltr'><strong>Z&#39;</strong></span> <span class='ocrx_word' id='word_1_694' title='bbox 3335 4515 3463 4584; x_wconf 73' lang='grc' dir='ltr'>περὶ</span> <span class='ocrx_word' id='word_1_695' title='bbox 3518 4511 3655 4577; x_wconf 88' lang='grc' dir='ltr'>τοῦ,</span> <span class='ocrx_word' id='word_1_696' title='bbox 3704 4510 3758 4562; x_wconf 87' lang='lat'><strong>&#39;0</strong></span> 
     </span>
    </p>
   </div>
   <div class='ocr_carea' id='block_1_92' title="bbox 2192 4604 3760 4683">
    <p class='ocr_par' dir='ltr' id='par_1_92' title="bbox 2192 4604 3760 4683">
     <span class='ocr_line' id='line_1_92' title="bbox 2192 4604 3760 4683; baseline -0.008 -14"><span class='ocrx_word' id='word_1_697' title='bbox 2192 4616 2336 4680; x_wconf 84' lang='grc' dir='ltr'>Θεὸς</span> <span class='ocrx_word' id='word_1_698' title='bbox 2387 4611 2513 4683; x_wconf 70' lang='grc' dir='ltr'><strong>φῶς</strong></span> <span class='ocrx_word' id='word_1_699' title='bbox 2556 4613 2743 4667; x_wconf 82' lang='grc' dir='ltr'>ἐστιν.</span> <span class='ocrx_word' id='word_1_700' title='bbox 2774 4613 2836 4665; x_wconf 79' lang='grc' dir='ltr'><strong>Η¹</strong></span> <span class='ocrx_word' id='word_1_701' title='bbox 2876 4611 3006 4681; x_wconf 69' lang='grc' dir='ltr'>περὶ</span> <span class='ocrx_word' id='word_1_702' title='bbox 3059 4607 3153 4662; x_wconf 90' lang='grc' dir='ltr'><strong>τοῦ</strong></span> <span class='ocrx_word' id='word_1_703' title='bbox 3211 4607 3327 4670; x_wconf 77' lang='grc' dir='ltr'><strong>πῶς</strong></span> <span class='ocrx_word' id='word_1_704' title='bbox 3394 4609 3563 4674; x_wconf 78' lang='grc' dir='ltr'>ἐσμεν</span> <span class='ocrx_word' id='word_1_705' title='bbox 3602 4604 3760 4657; x_wconf 79' lang='grc' dir='ltr'>τέκνα</span> 
     </span>
    </p>
   </div>
   <div class='ocr_carea' id='block_1_93' title="bbox 2192 4691 3759 4772">
    <p class='ocr_par' dir='ltr' id='par_1_93' title="bbox 2192 4691 3759 4772">
     <span class='ocr_line' id='line_1_93' title="bbox 2192 4691 3759 4772; baseline -0.008 -15"><span class='ocrx_word' id='word_1_706' title='bbox 2192 4703 2326 4757; x_wconf 89' lang='grc' dir='ltr'>Θεοῦ</span> <span class='ocrx_word' id='word_1_707' title='bbox 2356 4704 2450 4757; x_wconf 76' lang='grc' dir='ltr'><strong>καὶ</strong></span> <span class='ocrx_word' id='word_1_708' title='bbox 2479 4703 2596 4766; x_wconf 84' lang='grc' dir='ltr'><strong>πῶς</strong></span> <span class='ocrx_word' id='word_1_709' title='bbox 2623 4704 2668 4735; x_wconf 74' lang='grc'><strong>⁸⁸</strong></span> <span class='ocrx_word' id='word_1_710' title='bbox 2705 4701 2846 4772; x_wconf 81' lang='grc' dir='ltr'>μετὰ</span> <span class='ocrx_word' id='word_1_711' title='bbox 2906 4698 3077 4753; x_wconf 89' lang='grc' dir='ltr'>ταῦτα</span> <span class='ocrx_word' id='word_1_712' title='bbox 3109 4696 3362 4767; x_wconf 76' lang='grc' dir='ltr'>ἐσόμεθα.</span> <span class='ocrx_word' id='word_1_713' title='bbox 3397 4696 3452 4747; x_wconf 80' lang='grc' dir='ltr'>Θ¹</span> <span class='ocrx_word' id='word_1_714' title='bbox 3482 4694 3613 4764; x_wconf 73' lang='grc' dir='ltr'>περὶ</span> <span class='ocrx_word' id='word_1_715' title='bbox 3660 4691 3759 4745; x_wconf 84' lang='grc' dir='ltr'><strong>τοῦ</strong></span> 
     </span>
    </p>
   </div>
   <div class='ocr_carea' id='block_1_94' title="bbox 522 4768 2078 4863">
    <p class='ocr_par' dir='ltr' id='par_1_94' title="bbox 522 4783 2078 4863">
     <span class='ocr_line' id='line_1_94' title="bbox 522 4783 2078 4863; baseline 0.006 -25"><span class='ocrx_word' id='word_1_716' title='bbox 522 4783 648 4839; x_wconf 85' lang='grc' dir='ltr'><strong>Νυη</strong></span> <span class='ocrx_word' id='word_1_717' title='bbox 685 4795 762 4841; x_wconf 80' lang='grc' dir='ltr'><strong>εει</strong></span> <span class='ocrx_word' id='word_1_718' title='bbox 803 4786 981 4856; x_wconf 87' lang='lat' dir='ltr'><strong>inopia</strong></span> <span class='ocrx_word' id='word_1_719' title='bbox 1011 4790 1304 4844; x_wconf 81' lang='lat' dir='ltr'><strong>timentibus</strong></span> <span class='ocrx_word' id='word_1_720' title='bbox 1333 4807 1450 4845; x_wconf 88' lang='lat' dir='ltr'><strong>eum</strong></span> <span class='ocrx_word' id='word_1_721' title='bbox 1476 4792 1524 4847; x_wconf 66' lang='grc' dir='ltr'>ι.</span> <span class='ocrx_word' id='word_1_722' title='bbox 1570 4790 1640 4844; x_wconf 87' lang='grc' dir='ltr'>Χ.</span> <span class='ocrx_word' id='word_1_723' title='bbox 1672 4791 1805 4858; x_wconf 82' lang='lat' dir='ltr'><strong>Quis</strong></span> <span class='ocrx_word' id='word_1_724' title='bbox 1831 4792 1907 4847; x_wconf 87' lang='lat' dir='ltr'><strong>illi</strong></span> <span class='ocrx_word' id='word_1_725' title='bbox 1938 4794 2078 4863; x_wconf 89' lang='lat' dir='ltr'><strong>prin-</strong></span> 
     </span>
    </p>
   </div>
   <div class='ocr_carea' id='block_1_95' title="bbox 2182 4768 3761 4863">
    <p class='ocr_par' dir='ltr' id='par_1_95' title="bbox 2192 4768 3761 4862">
     <span class='ocr_line' id='line_1_95' title="bbox 2192 4768 3761 4862; baseline -0.007 -14"><span class='ocrx_word' id='word_1_726' title='bbox 2192 4794 2341 4860; x_wconf 87' lang='grc' dir='ltr'>πῶς,</span> <span class='ocrx_word' id='word_1_727' title='bbox 2415 4794 2477 4847; x_wconf 85' lang='lat'><strong>&#39;0</strong></span> <span class='ocrx_word' id='word_1_728' title='bbox 2551 4768 2921 4862; x_wconf 67' lang='grc' dir='ltr'>φοϐούμενος</span> <span class='ocrx_word' id='word_1_729' title='bbox 2984 4791 3057 4846; x_wconf 87' lang='grc' dir='ltr'>οὐ</span> <span class='ocrx_word' id='word_1_730' title='bbox 3127 4787 3495 4842; x_wconf 79' lang='grc' dir='ltr'>τετελείωται</span> <span class='ocrx_word' id='word_1_731' title='bbox 3567 4786 3638 4838; x_wconf 79' lang='grc' dir='ltr'>ἐν</span> <span class='ocrx_word' id='word_1_732' title='bbox 3689 4781 3761 4851; x_wconf 74' lang='grc' dir='ltr'>τῇ</span> 
     </span>
    </p>
   </div>
   <div class='ocr_carea' id='block_1_96' title="bbox 588 4967 3459 5101">
    <p class='ocr_par' dir='ltr' id='par_1_96' title="bbox 588 4967 3459 5101">
     <span class='ocr_line' id='line_1_96' title="bbox 588 4967 3459 5041; baseline 0.001 -23"><span class='ocrx_word' id='word_1_733' title='bbox 588 4980 615 5007; x_wconf 77' lang='grc' dir='ltr'><strong>ιι</strong></span> <span class='ocrx_word' id='word_1_734' title='bbox 651 4967 808 5022; x_wconf 77' lang='lat' dir='ltr'><strong>Rom.</strong></span> <span class='ocrx_word' id='word_1_735' title='bbox 843 4986 883 5031; x_wconf 88' lang='lat' dir='ltr'><strong>t,</strong></span> <span class='ocrx_word' id='word_1_736' title='bbox 910 4968 1001 5023; x_wconf 76' lang='lat'><strong>‘25.</strong></span> <span class='ocrx_word' id='word_1_737' title='bbox 1054 4969 1083 5008; x_wconf 67' lang='grc' dir='ltr'>δ</span> <span class='ocrx_word' id='word_1_738' title='bbox 1110 4970 1267 5028; x_wconf 80' lang='lat' dir='ltr'><strong>Joan.</strong></span> <span class='ocrx_word' id='word_1_739' title='bbox 1311 4986 1361 5037; x_wconf 86' lang='lat' dir='ltr'><strong>v,</strong></span> <span class='ocrx_word' id='word_1_740' title='bbox 1398 4974 1484 5027; x_wconf 81' lang='lat' dir='ltr'><strong>l7.</strong></span> <span class='ocrx_word' id='word_1_741' title='bbox 1554 4983 1575 5012; x_wconf 76' lang='grc' dir='ltr'><strong>ε</strong></span> <span class='ocrx_word' id='word_1_742' title='bbox 1609 4973 1776 5030; x_wconf 85' lang='lat' dir='ltr'><strong>Marc.</strong></span> <span class='ocrx_word' id='word_1_743' title='bbox 1822 4991 1935 5041; x_wconf 79' lang='lat' dir='ltr'><strong>xw,</strong></span> <span class='ocrx_word' id='word_1_744' title='bbox 1986 4975 2085 5041; x_wconf 78' lang='lat' dir='ltr'><strong>l5;</strong></span> <span class='ocrx_word' id='word_1_745' title='bbox 2118 4977 2249 5031; x_wconf 85' lang='lat' dir='ltr'><strong>Luc.</strong></span> <span class='ocrx_word' id='word_1_746' title='bbox 2288 4992 2377 5041; x_wconf 78' lang='lat' dir='ltr'><strong>xx,</strong></span> <span class='ocrx_word' id='word_1_747' title='bbox 2428 4976 2514 5031; x_wconf 83' lang='lat' dir='ltr'><strong>lO.</strong></span> <span class='ocrx_word' id='word_1_748' title='bbox 2592 4974 2619 5014; x_wconf 71' lang='grc' dir='ltr'><strong>τι</strong></span> <span class='ocrx_word' id='word_1_749' title='bbox 2655 4974 2844 5028; x_wconf 84' lang='lat' dir='ltr'><strong>Matth.</strong></span> <span class='ocrx_word' id='word_1_750' title='bbox 2901 4990 2955 5037; x_wconf 71' lang='grc' dir='ltr'><strong>τι,</strong></span> <span class='ocrx_word' id='word_1_751' title='bbox 2994 4974 3089 5036; x_wconf 87' lang='lat' dir='ltr'><strong>l0;</strong></span> <span class='ocrx_word' id='word_1_752' title='bbox 3129 4969 3261 5025; x_wconf 85' lang='lat' dir='ltr'><strong>Luc.</strong></span> <span class='ocrx_word' id='word_1_753' title='bbox 3294 4985 3370 5033; x_wconf 79' lang='grc' dir='ltr'>ιιι,</span> <span class='ocrx_word' id='word_1_754' title='bbox 3405 4967 3459 5041; x_wconf 81' lang='lat'><strong>&#39;5.</strong></span> 
     </span>
     <span class='ocr_line' id='line_1_97' title="bbox 591 5038 3459 5101; baseline 0.004 -12"><span class='ocrx_word' id='word_1_755' title='bbox 591 5082 602 5101; x_wconf 87' lang='lat'><strong>,</strong></span> <span class='ocrx_word' id='word_1_756' title='bbox 644 5039 729 5091; x_wconf 81' lang='lat' dir='ltr'><strong>t7.</strong></span> <span class='ocrx_word' id='word_1_757' title='bbox 818 5038 838 5077; x_wconf 72' lang='grc' dir='ltr'><strong>ί</strong></span> <span class='ocrx_word' id='word_1_758' title='bbox 871 5039 890 5092; x_wconf 95' lang='lat' dir='ltr'><strong>l</strong></span> <span class='ocrx_word' id='word_1_759' title='bbox 921 5040 1080 5095; x_wconf 84' lang='lat' dir='ltr'><strong>Joan.</strong></span> <span class='ocrx_word' id='word_1_760' title='bbox 1108 5057 1190 5101; x_wconf 88' lang='grc' dir='ltr'>ιιι,</span> <span class='ocrx_word' id='word_1_761' title='bbox 1219 5041 1272 5096; x_wconf 89' lang='grc'>9.</span> <span class='ocrx_word' id='word_1_762' title='bbox 1363 5053 1390 5091; x_wconf 73' lang='lat'><strong>8</strong></span> <span class='ocrx_word' id='word_1_763' title='bbox 1423 5045 1611 5099; x_wconf 88' lang='lat' dir='ltr'><strong>lPetr.</strong></span> <span class='ocrx_word' id='word_1_764' title='bbox 1640 5061 1713 5101; x_wconf 90' lang='lat' dir='ltr'><strong>tv.</strong></span> <span class='ocrx_word' id='word_1_765' title='bbox 1754 5046 1809 5101; x_wconf 84' lang='lat'><strong>6.</strong></span> <span class='ocrx_word' id='word_1_766' title='bbox 1902 5048 1931 5087; x_wconf 76' lang='grc' dir='ltr'>ιι</span> <span class='ocrx_word' id='word_1_767' title='bbox 1958 5046 1978 5100; x_wconf 92' lang='lat' dir='ltr'><strong>l</strong></span> <span class='ocrx_word' id='word_1_768' title='bbox 2008 5046 2163 5101; x_wconf 85' lang='lat' dir='ltr'><strong>Joan.</strong></span> <span class='ocrx_word' id='word_1_769' title='bbox 2201 5065 2239 5101; x_wconf 89' lang='grc' dir='ltr'><strong>ι.</strong></span> <span class='ocrx_word' id='word_1_770' title='bbox 2449 5049 2464 5087; x_wconf 78' lang='grc' dir='ltr'><strong>ί</strong></span> <span class='ocrx_word' id='word_1_771' title='bbox 2502 5045 2702 5101; x_wconf 72' lang='grc' dir='ltr'>Ηοιιιι.</span> <span class='ocrx_word' id='word_1_772' title='bbox 2747 5062 2826 5101; x_wconf 90' lang='grc' dir='ltr'>ιιι.</span> <span class='ocrx_word' id='word_1_773' title='bbox 2854 5044 2909 5097; x_wconf 73' lang='grc'>2.</span> <span class='ocrx_word' id='word_1_774' title='bbox 3001 5043 3015 5093; x_wconf 81' lang='grc' dir='ltr'><strong>ι</strong></span> <span class='ocrx_word' id='word_1_775' title='bbox 3058 5045 3076 5097; x_wconf 88' lang='grc' dir='ltr'><strong>ι</strong></span> <span class='ocrx_word' id='word_1_776' title='bbox 3112 5042 3269 5095; x_wconf 79' lang='lat' dir='ltr'><strong>luatt.</strong></span> <span class='ocrx_word' id='word_1_777' title='bbox 3304 5057 3379 5101; x_wconf 80' lang='grc' dir='ltr'>ιν,</span> <span class='ocrx_word' id='word_1_778' title='bbox 3414 5042 3459 5092; x_wconf 65' lang='grc' dir='ltr'><strong>ιε</strong></span> 
     </span>
    </p>
   </div>
   <div class='ocr_carea' id='block_1_97' title="bbox 2039 5064 2329 5114">
    <p class='ocr_par' dir='ltr' id='par_1_97' title="bbox 2039 5064 2329 5114">
     <span class='ocr_line' id='line_1_98' title="bbox 2039 5064 2329 5114; baseline 0.014 -15"><span class='ocrx_word' id='word_1_779' title='bbox 2039 5064 2163 5103; x_wconf 78' lang='lat' dir='ltr'><strong>oatt.</strong></span> <span class='ocrx_word' id='word_1_780' title='bbox 2201 5065 2239 5114; x_wconf 91' lang='grc' dir='ltr'><strong>ι,</strong></span> <span class='ocrx_word' id='word_1_781' title='bbox 2277 5068 2329 5103; x_wconf 80' lang='lat' dir='ltr'><strong>o.</strong></span> 
     </span>
    </p>
   </div>
   <div class='ocr_carea' id='block_1_98' title="bbox 518 5038 1809 5114">
    <p class='ocr_par' dir='ltr' id='par_1_98' title="bbox 518 5038 1809 5114">
     <span class='ocr_line' id='line_1_99' title="bbox 518 5038 1809 5114; baseline 0.011 -25"><span class='ocrx_word' id='word_1_782' title='bbox 518 5053 602 5101; x_wconf 87' lang='grc' dir='ltr'>ιιι,</span> <span class='ocrx_word' id='word_1_783' title='bbox 644 5039 771 5114; x_wconf 68' lang='grc'><strong>17.⁸</strong></span> <span class='ocrx_word' id='word_1_784' title='bbox 818 5038 838 5077; x_wconf 71' lang='grc' dir='ltr'><strong>ί</strong></span> <span class='ocrx_word' id='word_1_785' title='bbox 871 5039 890 5092; x_wconf 90' lang='grc' dir='ltr'><strong>ι</strong></span> <span class='ocrx_word' id='word_1_786' title='bbox 921 5040 1080 5095; x_wconf 83' lang='lat' dir='ltr'><strong>Joan.</strong></span> <span class='ocrx_word' id='word_1_787' title='bbox 1108 5057 1190 5108; x_wconf 88' lang='grc' dir='ltr'>ιιι,</span> <span class='ocrx_word' id='word_1_788' title='bbox 1219 5041 1272 5096; x_wconf 89' lang='grc'>9.</span> <span class='ocrx_word' id='word_1_789' title='bbox 1363 5053 1390 5091; x_wconf 78' lang='grc' dir='ltr'><strong>ιι</strong></span> <span class='ocrx_word' id='word_1_790' title='bbox 1423 5045 1611 5099; x_wconf 88' lang='lat' dir='ltr'><strong>lPetr.</strong></span> <span class='ocrx_word' id='word_1_791' title='bbox 1640 5061 1713 5114; x_wconf 85' lang='lat' dir='ltr'><strong>tv,</strong></span> <span class='ocrx_word' id='word_1_792' title='bbox 1754 5046 1809 5103; x_wconf 85' lang='grc'>6.</span> 
     </span>
    </p>
   </div>
   <div class='ocr_carea' id='block_1_99' title="bbox 519 5110 797 5175">
    <p class='ocr_par' dir='ltr' id='par_1_99' title="bbox 519 5110 797 5175">
     <span class='ocr_line' id='line_1_100' title="bbox 519 5110 797 5175; baseline 0.004 -12"><span class='ocrx_word' id='word_1_793' title='bbox 519 5123 715 5175; x_wconf 78' lang='lat' dir='ltr'><strong>xxxttt,</strong></span> <span class='ocrx_word' id='word_1_794' title='bbox 744 5110 797 5166; x_wconf 92' lang='lat'><strong>9.</strong></span> 
     </span>
    </p>
   </div>
   <div class='ocr_carea' id='block_1_100' title="bbox 3552 4963 3737 5013">
    <p class='ocr_par' dir='ltr' id='par_1_100' title="bbox 3552 4963 3737 5013">
     <span class='ocr_line' id='line_1_101' title="bbox 3552 4963 3737 5013; baseline 0 0"><span class='ocrx_word' id='word_1_795' title='bbox 3552 4978 3574 5005; x_wconf 78' lang='grc' dir='ltr'><strong>ε</strong></span> <span class='ocrx_word' id='word_1_796' title='bbox 3607 4963 3737 5013; x_wconf 72' lang='lat' dir='ltr'><strong>Gen.</strong></span> 
     </span>
    </p>
   </div>
   <div class='ocr_carea' id='block_1_101' title="bbox 2449 4968 3756 5110">
    <p class='ocr_par' dir='ltr' id='par_1_101' title="bbox 2449 4968 3756 5110">
     <span class='ocr_line' id='line_1_102' title="bbox 2449 4968 3754 5037; baseline -0.011 -9"><span class='ocrx_word' id='word_1_797' title='bbox 2449 4976 2514 5030; x_wconf 27' lang='lat'><strong>.0.</strong></span> <span class='ocrx_word' id='word_1_798' title='bbox 2592 4974 2619 5014; x_wconf 72' lang='grc' dir='ltr'><strong>τι</strong></span> <span class='ocrx_word' id='word_1_799' title='bbox 2655 4974 2844 5028; x_wconf 84' lang='lat' dir='ltr'><strong>Matth.</strong></span> <span class='ocrx_word' id='word_1_800' title='bbox 2901 4990 2955 5037; x_wconf 71' lang='grc' dir='ltr'><strong>τι,</strong></span> <span class='ocrx_word' id='word_1_801' title='bbox 2994 4974 3089 5036; x_wconf 87' lang='lat' dir='ltr'><strong>l0;</strong></span> <span class='ocrx_word' id='word_1_802' title='bbox 3129 4969 3261 5025; x_wconf 85' lang='lat' dir='ltr'><strong>Luc.</strong></span> <span class='ocrx_word' id='word_1_803' title='bbox 3294 4985 3370 5033; x_wconf 79' lang='grc' dir='ltr'>ιιι,</span> <span class='ocrx_word' id='word_1_804' title='bbox 3405 4968 3459 5021; x_wconf 81' lang='lat'><strong>&#39;5.</strong></span> <span class='ocrx_word' id='word_1_805' title='bbox 3552 4978 3574 5005; x_wconf 78' lang='grc' dir='ltr'><strong>ε</strong></span> <span class='ocrx_word' id='word_1_806' title='bbox 3607 4968 3754 5037; x_wconf 71' lang='lat' dir='ltr'><strong>Gem,</strong></span> 
     </span>
     <span class='ocr_line' id='line_1_103' title="bbox 2449 5034 3756 5110; baseline -0.014 -8"><span class='ocrx_word' id='word_1_807' title='bbox 2449 5049 2464 5087; x_wconf 77' lang='grc' dir='ltr'><strong>ί</strong></span> <span class='ocrx_word' id='word_1_808' title='bbox 2502 5045 2702 5101; x_wconf 64' lang='lat' dir='ltr'><strong>Uttan.</strong></span> <span class='ocrx_word' id='word_1_809' title='bbox 2747 5062 2826 5110; x_wconf 86' lang='grc' dir='ltr'>ιιι,</span> <span class='ocrx_word' id='word_1_810' title='bbox 2854 5044 2909 5097; x_wconf 73' lang='grc'>2.</span> <span class='ocrx_word' id='word_1_811' title='bbox 3001 5043 3015 5093; x_wconf 81' lang='grc' dir='ltr'><strong>ι</strong></span> <span class='ocrx_word' id='word_1_812' title='bbox 3058 5045 3076 5097; x_wconf 88' lang='grc' dir='ltr'><strong>ι</strong></span> <span class='ocrx_word' id='word_1_813' title='bbox 3112 5042 3269 5095; x_wconf 82' lang='lat' dir='ltr'><strong>Joatt.</strong></span> <span class='ocrx_word' id='word_1_814' title='bbox 3304 5057 3379 5105; x_wconf 88' lang='lat' dir='ltr'><strong>tv,</strong></span> <span class='ocrx_word' id='word_1_815' title='bbox 3414 5039 3497 5093; x_wconf 73' lang='lat'><strong>18.</strong></span> <span class='ocrx_word' id='word_1_816' title='bbox 3562 5037 3590 5076; x_wconf 75' lang='grc' dir='ltr'>¹ι</span> <span class='ocrx_word' id='word_1_817' title='bbox 3622 5034 3756 5087; x_wconf 78' lang='lat' dir='ltr'><strong>Psal.</strong></span> 
     </span>
    </p>
   </div>
   <div class='ocr_carea' id='block_1_102' title="bbox 1813 5271 2467 5331">
    <p class='ocr_par' dir='ltr' id='par_1_102' title="bbox 1813 5271 2467 5331">
     <span class='ocr_line' id='line_1_104' title="bbox 1813 5271 2467 5331; baseline -0.005 0"><span class='ocrx_word' id='word_1_818' title='bbox 1813 5274 2045 5331; x_wconf 64' lang='lat' dir='ltr'><strong>VARIAZ</strong></span> <span class='ocrx_word' id='word_1_819' title='bbox 2084 5271 2467 5330; x_wconf 69' lang='lat' dir='ltr'><strong>LECTIONES</strong></span> 
     </span>
    </p>
   </div>
   <div class='ocr_carea' id='block_1_103' title="bbox 595 5394 2641 5534">
    <p class='ocr_par' dir='ltr' id='par_1_103' title="bbox 595 5394 2641 5534">
     <span class='ocr_line' id='line_1_105' title="bbox 595 5394 2641 5472; baseline -0.003 -19"><span class='ocrx_word' id='word_1_820' title='bbox 595 5406 638 5438; x_wconf 78' lang='lat'><strong>‘&quot;</strong></span> <span class='ocrx_word' id='word_1_821' title='bbox 664 5401 799 5464; x_wconf 82' lang='grc' dir='ltr'>ὅλως</span> <span class='ocrx_word' id='word_1_822' title='bbox 830 5418 891 5463; x_wconf 85' lang='grc' dir='ltr'><strong>ς.</strong></span> <span class='ocrx_word' id='word_1_823' title='bbox 966 5398 1012 5431; x_wconf 88' lang='grc'>⁷³</span> <span class='ocrx_word' id='word_1_824' title='bbox 1035 5398 1096 5451; x_wconf 89' lang='grc' dir='ltr'><strong>τὸ</strong></span> <span class='ocrx_word' id='word_1_825' title='bbox 1130 5396 1255 5455; x_wconf 84' lang='lat' dir='ltr'><strong>add.</strong></span> <span class='ocrx_word' id='word_1_826' title='bbox 1285 5401 1349 5455; x_wconf 84' lang='lat' dir='ltr'><strong>A.</strong></span> <span class='ocrx_word' id='word_1_827' title='bbox 1434 5400 1481 5430; x_wconf 70' lang='grc'><strong>⁷⁵</strong></span> <span class='ocrx_word' id='word_1_828' title='bbox 1507 5397 1625 5472; x_wconf 87' lang='grc' dir='ltr'>τοῦ]</span> <span class='ocrx_word' id='word_1_829' title='bbox 1651 5400 1711 5454; x_wconf 91' lang='grc' dir='ltr'><strong>τὸ</strong></span> <span class='ocrx_word' id='word_1_830' title='bbox 1753 5399 1819 5453; x_wconf 86' lang='grc' dir='ltr'>Α.</span> <span class='ocrx_word' id='word_1_831' title='bbox 1895 5397 1942 5429; x_wconf 83' lang='grc'><strong>⁷⁵</strong></span> <span class='ocrx_word' id='word_1_832' title='bbox 1982 5394 2175 5466; x_wconf 86' lang='grc' dir='ltr'>πείρας</span> <span class='ocrx_word' id='word_1_833' title='bbox 2203 5395 2247 5448; x_wconf 81' lang='grc' dir='ltr'><strong>Δ</strong></span> <span class='ocrx_word' id='word_1_834' title='bbox 2279 5409 2292 5446; x_wconf 94' lang='lat'>:</span> <span class='ocrx_word' id='word_1_835' title='bbox 2332 5394 2557 5464; x_wconf 89' lang='grc' dir='ltr'>πορείας</span> <span class='ocrx_word' id='word_1_836' title='bbox 2580 5411 2641 5458; x_wconf 83' lang='grc' dir='ltr'>ς.</span> 
     </span>
     <span class='ocr_line' id='line_1_106' title="bbox 595 5464 2641 5534; baseline -0.003 -10"><span class='ocrx_word' id='word_1_837' title='bbox 595 5471 745 5524; x_wconf 76' lang='grc' dir='ltr'>ιαῦτα</span> <span class='ocrx_word' id='word_1_838' title='bbox 798 5489 859 5534; x_wconf 84' lang='grc' dir='ltr'><strong>ς.</strong></span> <span class='ocrx_word' id='word_1_839' title='bbox 1003 5471 1121 5503; x_wconf 71' lang='grc' dir='ltr'><strong>⁷⁸ι⁷⁹</strong></span> <span class='ocrx_word' id='word_1_840' title='bbox 1170 5480 1296 5526; x_wconf 83' lang='lat' dir='ltr'><strong>ante</strong></span> <span class='ocrx_word' id='word_1_841' title='bbox 1343 5470 1472 5534; x_wconf 76' lang='grc' dir='ltr'>περὶ</span> <span class='ocrx_word' id='word_1_842' title='bbox 1526 5486 1647 5526; x_wconf 89' lang='lat' dir='ltr'><strong>cntn</strong></span> <span class='ocrx_word' id='word_1_843' title='bbox 1685 5472 1730 5524; x_wconf 86' lang='lat' dir='ltr'><strong>A</strong></span> <span class='ocrx_word' id='word_1_844' title='bbox 1782 5468 1942 5525; x_wconf 88' lang='lat' dir='ltr'><strong>omisi</strong></span> <span class='ocrx_word' id='word_1_845' title='bbox 1998 5468 2078 5521; x_wconf 89' lang='grc' dir='ltr'>δέ.</span> <span class='ocrx_word' id='word_1_846' title='bbox 2172 5466 2218 5498; x_wconf 78' lang='grc' dir='ltr'><strong>⁸ο</strong></span> <span class='ocrx_word' id='word_1_847' title='bbox 2248 5464 2545 5534; x_wconf 75' lang='grc' dir='ltr'>κτήσασθαι</span> <span class='ocrx_word' id='word_1_848' title='bbox 2572 5465 2641 5518; x_wconf 87' lang='lat' dir='ltr'><strong>A.</strong></span> 
     </span>
    </p>
   </div>
   <div class='ocr_carea' id='block_1_104' title="bbox 520 5471 859 5534">
    <p class='ocr_par' dir='ltr' id='par_1_104' title="bbox 520 5471 859 5534">
     <span class='ocr_line' id='line_1_107' title="bbox 520 5471 859 5534; baseline 0.003 -9"><span class='ocrx_word' id='word_1_849' title='bbox 520 5471 745 5527; x_wconf 79' lang='grc' dir='ltr'>τοιαῦτα</span> <span class='ocrx_word' id='word_1_850' title='bbox 798 5489 859 5534; x_wconf 84' lang='grc' dir='ltr'><strong>ς.</strong></span> 
     </span>
    </p>
   </div>
   <div class='ocr_carea' id='block_1_105' title="bbox 1003 5468 2078 5541">
    <p class='ocr_par' dir='ltr' id='par_1_105' title="bbox 1003 5468 2078 5541">
     <span class='ocr_line' id='line_1_108' title="bbox 1003 5468 2078 5541; baseline 0.005 -21"><span class='ocrx_word' id='word_1_851' title='bbox 1003 5471 1121 5503; x_wconf 75' lang='grc' dir='ltr'><strong>⁷⁸ι⁷⁹</strong></span> <span class='ocrx_word' id='word_1_852' title='bbox 1170 5480 1296 5526; x_wconf 82' lang='lat' dir='ltr'><strong>ante</strong></span> <span class='ocrx_word' id='word_1_853' title='bbox 1343 5470 1472 5541; x_wconf 73' lang='grc' dir='ltr'>περὶ</span> <span class='ocrx_word' id='word_1_854' title='bbox 1526 5468 1647 5526; x_wconf 73' lang='grc' dir='ltr'>οιιιῖι</span> <span class='ocrx_word' id='word_1_855' title='bbox 1685 5472 1730 5524; x_wconf 86' lang='lat' dir='ltr'><strong>A</strong></span> <span class='ocrx_word' id='word_1_856' title='bbox 1782 5468 1942 5525; x_wconf 88' lang='lat' dir='ltr'><strong>omisi</strong></span> <span class='ocrx_word' id='word_1_857' title='bbox 1998 5468 2078 5521; x_wconf 83' lang='grc' dir='ltr'>δέ.</span> 
     </span>
    </p>
   </div>
   <div class='ocr_carea' id='block_1_106' title="bbox 522 5540 969 5604">
    <p class='ocr_par' dir='ltr' id='par_1_106' title="bbox 522 5540 969 5604">
     <span class='ocr_line' id='line_1_109' title="bbox 522 5540 969 5604; baseline 0.004 -10"><span class='ocrx_word' id='word_1_858' title='bbox 522 5545 569 5581; x_wconf 75' lang='grc'><strong>⁸³</strong></span> <span class='ocrx_word' id='word_1_859' title='bbox 606 5541 725 5604; x_wconf 79' lang='grc' dir='ltr'><strong>πῶς</strong></span> <span class='ocrx_word' id='word_1_860' title='bbox 756 5544 880 5596; x_wconf 87' lang='lat' dir='ltr'><strong>add.</strong></span> <span class='ocrx_word' id='word_1_861' title='bbox 905 5540 969 5596; x_wconf 85' lang='lat' dir='ltr'><strong>A.</strong></span> 
     </span>
    </p>
   </div>
   <div class='ocr_carea' id='block_1_107' title="bbox 2733 5381 3761 5458">
    <p class='ocr_par' dir='ltr' id='par_1_107' title="bbox 2733 5381 3761 5458">
     <span class='ocr_line' id='line_1_110' title="bbox 2733 5381 3761 5458; baseline -0.01 -15"><span class='ocrx_word' id='word_1_862' title='bbox 2733 5392 2780 5422; x_wconf 75' lang='grc'>⁷⁸</span> <span class='ocrx_word' id='word_1_863' title='bbox 2811 5391 2909 5458; x_wconf 78' lang='grc' dir='ltr'>τὴν</span> <span class='ocrx_word' id='word_1_864' title='bbox 2931 5399 2986 5443; x_wconf 81' lang='lat' dir='ltr'><strong>et</strong></span> <span class='ocrx_word' id='word_1_865' title='bbox 3013 5389 3097 5444; x_wconf 72' lang='grc'><strong>19.</strong></span> <span class='ocrx_word' id='word_1_866' title='bbox 3129 5404 3187 5439; x_wconf 89' lang='grc' dir='ltr'><strong>τε</strong></span> <span class='ocrx_word' id='word_1_867' title='bbox 3207 5387 3328 5458; x_wconf 83' lang='lat' dir='ltr'><strong>add.</strong></span> <span class='ocrx_word' id='word_1_868' title='bbox 3360 5388 3457 5458; x_wconf 64' lang='lat' dir='ltr'><strong>A._</strong></span> <span class='ocrx_word' id='word_1_869' title='bbox 3501 5383 3549 5416; x_wconf 82' lang='grc'><strong>⁷⁷</strong></span> <span class='ocrx_word' id='word_1_870' title='bbox 3583 5385 3671 5437; x_wconf 80' lang='grc' dir='ltr'><strong>καὶ</strong></span> <span class='ocrx_word' id='word_1_871' title='bbox 3697 5381 3761 5458; x_wconf 61' lang='grc' dir='ltr'><strong>τά</strong></span> 
     </span>
    </p>
   </div>
   <div class='ocr_carea' id='block_1_108' title="bbox 2746 5450 3760 5523">
    <p class='ocr_par' dir='ltr' id='par_1_108' title="bbox 2746 5450 3760 5523">
     <span class='ocr_line' id='line_1_111' title="bbox 2746 5450 3760 5523; baseline -0.005 -10"><span class='ocrx_word' id='word_1_872' title='bbox 2746 5461 2790 5492; x_wconf 72' lang='grc' dir='ltr'><strong>ει</strong></span> <span class='ocrx_word' id='word_1_873' title='bbox 2850 5450 2927 5523; x_wconf 72' lang='grc' dir='ltr'><strong>εἰς</strong></span> <span class='ocrx_word' id='word_1_874' title='bbox 2958 5462 3077 5514; x_wconf 86' lang='lat' dir='ltr'><strong>add.</strong></span> <span class='ocrx_word' id='word_1_875' title='bbox 3109 5458 3174 5513; x_wconf 86' lang='lat' dir='ltr'><strong>A.</strong></span> <span class='ocrx_word' id='word_1_876' title='bbox 3226 5456 3299 5512; x_wconf 88' lang='lat' dir='ltr'><strong>cl.</strong></span> <span class='ocrx_word' id='word_1_877' title='bbox 3357 5457 3377 5509; x_wconf 94' lang='lat' dir='ltr'><strong>l</strong></span> <span class='ocrx_word' id='word_1_878' title='bbox 3426 5453 3658 5523; x_wconf 82' lang='lat' dir='ltr'><strong>Petr.tv,</strong></span> <span class='ocrx_word' id='word_1_879' title='bbox 3707 5450 3760 5508; x_wconf 81' lang='grc' dir='ltr'><strong>θ.</strong></span> 
     </span>
    </p>
   </div>
   <div class='ocr_carea' id='block_1_109' title="bbox 2053 5689 2279 5747">
    <p class='ocr_par' dir='ltr' id='par_1_109' title="bbox 2053 5689 2279 5747">
     <span class='ocr_line' id='line_1_112' title="bbox 2053 5689 2279 5747; baseline -0.009 0"><span class='ocrx_word' id='word_1_880' title='bbox 2053 5689 2279 5747; x_wconf 60' lang='grc' dir='ltr'><strong>ΝΟΤᾸΕ.</strong></span> 
     </span>
    </p>
   </div>
   <div class='ocr_carea' id='block_1_110' title="bbox 601 5800 3062 5899">
    <p class='ocr_par' dir='ltr' id='par_1_110' title="bbox 601 5800 3062 5899">
     <span class='ocr_line' id='line_1_113' title="bbox 601 5800 3062 5899; baseline -0.009 -18"><span class='ocrx_word' id='word_1_881' title='bbox 601 5820 712 5899; x_wconf 67' lang='lat'><strong>(‘22)</strong></span> <span class='ocrx_word' id='word_1_882' title='bbox 748 5821 1005 5893; x_wconf 77' lang='lat' dir='ltr'><strong>Expungo</strong></span> <span class='ocrx_word' id='word_1_883' title='bbox 1045 5836 1165 5896; x_wconf 65' lang='lat' dir='ltr'><strong>qua:</strong></span> <span class='ocrx_word' id='word_1_884' title='bbox 1212 5820 1314 5878; x_wconf 84' lang='lat' dir='ltr'><strong>hoc</strong></span> <span class='ocrx_word' id='word_1_885' title='bbox 1363 5818 1481 5875; x_wconf 86' lang='lat' dir='ltr'><strong>locu</strong></span> <span class='ocrx_word' id='word_1_886' title='bbox 1523 5819 1573 5872; x_wconf 90' lang='lat' dir='ltr'><strong>itt</strong></span> <span class='ocrx_word' id='word_1_887' title='bbox 1607 5827 1751 5872; x_wconf 79' lang='lat' dir='ltr'><strong>textu</strong></span> <span class='ocrx_word' id='word_1_888' title='bbox 1782 5814 1969 5870; x_wconf 51' lang='lat' dir='ltr'><strong>Graeco</strong></span> <span class='ocrx_word' id='word_1_889' title='bbox 1997 5812 2186 5866; x_wconf 76' lang='lat' dir='ltr'><strong>vitiose</strong></span> <span class='ocrx_word' id='word_1_890' title='bbox 2219 5816 2551 5878; x_wconf 76' lang='lat' dir='ltr'><strong>repetuntur,</strong></span> <span class='ocrx_word' id='word_1_891' title='bbox 2592 5820 2750 5859; x_wconf 85' lang='lat' dir='ltr'><strong>voces</strong></span> <span class='ocrx_word' id='word_1_892' title='bbox 2781 5800 3062 5874; x_wconf 73' lang='lat' dir='ltr'><strong>pauculas.</strong></span> 
     </span>
    </p>
   </div>
  </div>
