  <div class='ocr_page' id='page_1' title='image "/cluster/home/n/w/nwhite01/storage/ocr_20150623/103/hvd.32044018872861/328.png"; bbox 0 0 4038 6434; ppageno 0'>
   <div class='ocr_carea' id='block_1_1' title="bbox 211 453 2341 519">
    <p class='ocr_par' dir='ltr' id='par_1_1' title="bbox 211 453 2341 519">
     <span class='ocr_line' id='line_1_1' title="bbox 211 453 2341 519; baseline -0.002 0"><span class='ocrx_word' id='word_1_1' title='bbox 211 453 297 519; x_wconf 74' lang='grc'><strong>641</strong></span> <span class='ocrx_word' id='word_1_2' title='bbox 1264 453 1786 515; x_wconf 77' lang='lat' dir='ltr'><strong>BIBLIOTHECA.</strong></span> <span class='ocrx_word' id='word_1_3' title='bbox 1819 478 1891 489; x_wconf 90' lang='grc'><strong><em>-</em></strong></span> <span class='ocrx_word' id='word_1_4' title='bbox 1926 453 2089 514; x_wconf 91' lang='lat' dir='ltr'><strong>COD.</strong></span> <span class='ocrx_word' id='word_1_5' title='bbox 2118 454 2341 516; x_wconf 87' lang='lat' dir='ltr'><strong>CXCII.</strong></span> 
     </span>
    </p>
   </div>
   <div class='ocr_carea' id='block_1_2' title="bbox 3323 457 3429 522">
    <p class='ocr_par' dir='ltr' id='par_1_2' title="bbox 3323 457 3429 522">
     <span class='ocr_line' id='line_1_2' title="bbox 3323 457 3429 522; baseline -0.009 0"><span class='ocrx_word' id='word_1_6' title='bbox 3323 457 3429 522; x_wconf 76' lang='lat'><strong>642</strong></span> 
     </span>
    </p>
   </div>
   <div class='ocr_carea' id='block_1_3' title="bbox 205 561 1780 643">
    <p class='ocr_par' dir='ltr' id='par_1_3' title="bbox 205 561 1754 633">
     <span class='ocr_line' id='line_1_3' title="bbox 205 561 1754 633; baseline -0.001 -14"><span class='ocrx_word' id='word_1_7' title='bbox 205 564 405 633; x_wconf 74' lang='grc' dir='ltr'><strong>ἀγάπῃ,</strong></span> <span class='ocrx_word' id='word_1_8' title='bbox 432 562 542 627; x_wconf 73' lang='grc' dir='ltr'>καὶ,</span> <span class='ocrx_word' id='word_1_9' title='bbox 570 562 689 617; x_wconf 78' lang='grc' dir='ltr'><em>οὐκ</em></span> <span class='ocrx_word' id='word_1_10' title='bbox 744 561 916 617; x_wconf 80' lang='grc' dir='ltr'><em>ἐστιν</em></span> <span class='ocrx_word' id='word_1_11' title='bbox 949 563 1255 633; x_wconf 82' lang='grc' dir='ltr'><em>ὑστέρημα</em></span> <span class='ocrx_word' id='word_1_12' title='bbox 1310 564 1436 629; x_wconf 87' lang='grc' dir='ltr'><em>τοῖς</em></span> <span class='ocrx_word' id='word_1_13' title='bbox 1460 566 1754 633; x_wconf 74' lang='grc' dir='ltr'><strong>φοϐουμέ-</strong></span> 
     </span>
    </p>
   </div>
   <div class='ocr_carea' id='block_1_4' title="bbox 1871 561 3429 643">
    <p class='ocr_par' dir='ltr' id='par_1_4' title="bbox 1871 565 3429 643">
     <span class='ocr_line' id='line_1_4' title="bbox 1871 565 3429 643; baseline 0.004 -23"><span class='ocrx_word' id='word_1_14' title='bbox 1871 565 2070 633; x_wconf 82' lang='lat' dir='ltr'><strong>cipatus</strong></span> <span class='ocrx_word' id='word_1_15' title='bbox 2104 565 2289 630; x_wconf 83' lang='lat' dir='ltr'><strong>fuerit,</strong></span> <span class='ocrx_word' id='word_1_16' title='bbox 2320 578 2482 635; x_wconf 83' lang='lat' dir='ltr'><strong>quem</strong></span> <span class='ocrx_word' id='word_1_17' title='bbox 2528 579 2636 619; x_wconf 93' lang='lat' dir='ltr'><strong>non</strong></span> <span class='ocrx_word' id='word_1_18' title='bbox 2680 565 2954 621; x_wconf 87' lang='lat' dir='ltr'><strong>servarint</strong></span> <span class='ocrx_word' id='word_1_19' title='bbox 2989 568 3188 638; x_wconf 71' lang='lat' dir='ltr'><strong>angeli,</strong></span> <span class='ocrx_word' id='word_1_20' title='bbox 3216 580 3270 625; x_wconf 91' lang='lat' dir='ltr'><strong>et</strong></span> <span class='ocrx_word' id='word_1_21' title='bbox 3303 587 3429 643; x_wconf 79' lang='lat' dir='ltr'><strong>quae</strong></span> 
     </span>
    </p>
   </div>
   <div class='ocr_carea' id='block_1_5' title="bbox 203 655 1749 727">
    <p class='ocr_par' dir='ltr' id='par_1_5' title="bbox 203 655 1749 727">
     <span class='ocr_line' id='line_1_5' title="bbox 203 655 1749 727; baseline -0.002 -17"><span class='ocrx_word' id='word_1_22' title='bbox 203 673 315 721; x_wconf 87' lang='grc' dir='ltr'><em>νοις</em></span> <span class='ocrx_word' id='word_1_23' title='bbox 333 655 530 708; x_wconf 82' lang='grc' dir='ltr'><em>αὐτόν.</em></span> <span class='ocrx_word' id='word_1_24' title='bbox 560 656 595 706; x_wconf 91' lang='lat' dir='ltr'><strong>I&#39;</strong></span> <span class='ocrx_word' id='word_1_25' title='bbox 628 655 756 725; x_wconf 75' lang='grc' dir='ltr'><em>περὶ</em></span> <span class='ocrx_word' id='word_1_26' title='bbox 796 655 895 708; x_wconf 68' lang='grc' dir='ltr'><em>τοῦ</em></span> <span class='ocrx_word' id='word_1_27' title='bbox 935 655 1017 718; x_wconf 82' lang='grc' dir='ltr'><strong>τίς</strong></span> <span class='ocrx_word' id='word_1_28' title='bbox 1081 656 1279 726; x_wconf 77' lang='grc' dir='ltr'><strong>ἡάρχὴ</strong></span> <span class='ocrx_word' id='word_1_29' title='bbox 1331 657 1439 710; x_wconf 84' lang='grc' dir='ltr'><em>τῶν</em></span> <span class='ocrx_word' id='word_1_30' title='bbox 1478 657 1550 727; x_wconf 84' lang='grc' dir='ltr'><strong>μὴ</strong></span> <span class='ocrx_word' id='word_1_31' title='bbox 1579 670 1749 725; x_wconf 78' lang='grc' dir='ltr'><em>τηρη-</em></span> 
     </span>
    </p>
   </div>
   <div class='ocr_carea' id='block_1_6' title="bbox 212 746 1743 815">
    <p class='ocr_par' dir='ltr' id='par_1_6' title="bbox 212 746 1743 815">
     <span class='ocr_line' id='line_1_6' title="bbox 212 746 1743 815; baseline -0.001 -15"><span class='ocrx_word' id='word_1_32' title='bbox 212 747 406 800; x_wconf 85' lang='grc' dir='ltr'><em>σάντων</em></span> <span class='ocrx_word' id='word_1_33' title='bbox 453 746 617 812; x_wconf 77' lang='grc' dir='ltr'><em>αὐτὴν</em></span> <span class='ocrx_word' id='word_1_34' title='bbox 652 747 919 815; x_wconf 80' lang='grc' dir='ltr'>ἀγγέλων,</span> <span class='ocrx_word' id='word_1_35' title='bbox 952 747 1045 800; x_wconf 79' lang='grc' dir='ltr'><strong>καὶ</strong></span> <span class='ocrx_word' id='word_1_36' title='bbox 1085 749 1185 800; x_wconf 84' lang='grc' dir='ltr'><strong>ὅσα</strong></span> <span class='ocrx_word' id='word_1_37' title='bbox 1220 749 1402 811; x_wconf 81' lang='grc' dir='ltr'><em>αὐτοῖς</em></span> <span class='ocrx_word' id='word_1_38' title='bbox 1432 747 1743 800; x_wconf 85' lang='grc' dir='ltr'><em>ἀπόκειται.</em></span> 
     </span>
    </p>
   </div>
   <div class='ocr_carea' id='block_1_7' title="bbox 208 838 1753 910">
    <p class='ocr_par' dir='ltr' id='par_1_7' title="bbox 208 838 1753 910">
     <span class='ocr_line' id='line_1_7' title="bbox 208 838 1753 910; baseline -0.001 -17"><span class='ocrx_word' id='word_1_39' title='bbox 208 842 280 893; x_wconf 83' lang='grc' dir='ltr'><strong>1Δ¹</strong></span> <span class='ocrx_word' id='word_1_40' title='bbox 304 838 385 902; x_wconf 85' lang='grc' dir='ltr'><strong>τίς</strong></span> <span class='ocrx_word' id='word_1_41' title='bbox 409 839 438 890; x_wconf 83' lang='grc' dir='ltr'><strong>ὁ</strong></span> <span class='ocrx_word' id='word_1_42' title='bbox 470 839 574 891; x_wconf 84' lang='grc' dir='ltr'><strong>ἀπὸ</strong></span> <span class='ocrx_word' id='word_1_43' title='bbox 632 838 733 908; x_wconf 82' lang='grc' dir='ltr'><em>τῆς</em></span> <span class='ocrx_word' id='word_1_44' title='bbox 788 840 991 909; x_wconf 81' lang='grc' dir='ltr'><em>σαρκὸς</em></span> <span class='ocrx_word' id='word_1_45' title='bbox 1023 840 1392 908; x_wconf 81' lang='grc' dir='ltr'><em>ὲσπιλωμένος</em></span> <span class='ocrx_word' id='word_1_46' title='bbox 1464 839 1649 910; x_wconf 86' lang='grc' dir='ltr'><em>χιτών.</em></span> <span class='ocrx_word' id='word_1_47' title='bbox 1687 838 1753 893; x_wconf 85' lang='lat' dir='ltr'><strong>IB</strong></span> 
     </span>
    </p>
   </div>
   <div class='ocr_carea' id='block_1_8' title="bbox 202 930 1755 999">
    <p class='ocr_par' dir='ltr' id='par_1_8' title="bbox 202 930 1755 999">
     <span class='ocr_line' id='line_1_8' title="bbox 202 930 1755 999; baseline 0.001 -17"><span class='ocrx_word' id='word_1_48' title='bbox 202 930 391 994; x_wconf 76' lang='grc' dir='ltr'><em>τίὲστι,</em></span> <span class='ocrx_word' id='word_1_49' title='bbox 422 930 497 983; x_wconf 86' lang='grc' dir='ltr'><strong>Τὰ</strong></span> <span class='ocrx_word' id='word_1_50' title='bbox 552 932 661 999; x_wconf 53' lang='grc' dir='ltr'><strong>γὰρ</strong></span> <span class='ocrx_word' id='word_1_51' title='bbox 698 930 919 998; x_wconf 78' lang='grc' dir='ltr'><strong>ἀόρατα</strong></span> <span class='ocrx_word' id='word_1_52' title='bbox 949 931 1134 985; x_wconf 87' lang='grc' dir='ltr'><em>αὑτοῦ</em></span> <span class='ocrx_word' id='word_1_53' title='bbox 1172 931 1291 985; x_wconf 76' lang='grc' dir='ltr'><strong>ἀπὸ</strong></span> <span class='ocrx_word' id='word_1_54' title='bbox 1358 932 1607 997; x_wconf 78' lang='grc' dir='ltr'><strong>κτίσεως</strong></span> <span class='ocrx_word' id='word_1_55' title='bbox 1656 934 1755 984; x_wconf 85' lang='grc' dir='ltr'><strong>κό-</strong></span> 
     </span>
    </p>
   </div>
   <div class='ocr_carea' id='block_1_9' title="bbox 202 1020 1751 1092">
    <p class='ocr_par' dir='ltr' id='par_1_9' title="bbox 202 1020 1751 1092">
     <span class='ocr_line' id='line_1_9' title="bbox 202 1020 1751 1092; baseline 0.003 -20"><span class='ocrx_word' id='word_1_56' title='bbox 202 1034 343 1089; x_wconf 84' lang='grc' dir='ltr'><em>σμου</em></span> <span class='ocrx_word' id='word_1_57' title='bbox 364 1020 487 1085; x_wconf 85' lang='grc' dir='ltr'><em>τοῖς</em></span> <span class='ocrx_word' id='word_1_58' title='bbox 513 1021 805 1091; x_wconf 79' lang='grc' dir='ltr'><em>ποιήμασι</em></span> <span class='ocrx_word' id='word_1_59' title='bbox 833 1023 879 1054; x_wconf 75' lang='lat'><strong>”</strong></span> <span class='ocrx_word' id='word_1_60' title='bbox 908 1024 1205 1091; x_wconf 81' lang='grc' dir='ltr'><strong>νοούμενα</strong></span> <span class='ocrx_word' id='word_1_61' title='bbox 1225 1022 1562 1092; x_wconf 82' lang='grc' dir='ltr'><em>καθορᾶται.</em></span> <span class='ocrx_word' id='word_1_62' title='bbox 1598 1024 1674 1076; x_wconf 83' lang='lat' dir='ltr'><strong>II&quot;</strong></span> <span class='ocrx_word' id='word_1_63' title='bbox 1698 1023 1751 1076; x_wconf 88' lang='grc' dir='ltr'><strong>τί</strong></span> 
     </span>
    </p>
   </div>
   <div class='ocr_carea' id='block_1_10' title="bbox 202 1110 1754 1184">
    <p class='ocr_par' dir='ltr' id='par_1_10' title="bbox 202 1110 1754 1184">
     <span class='ocr_line' id='line_1_10' title="bbox 202 1110 1754 1184; baseline 0.001 -19"><span class='ocrx_word' id='word_1_64' title='bbox 202 1113 321 1175; x_wconf 73' lang='grc' dir='ltr'><em>ἐστι,</em></span> <span class='ocrx_word' id='word_1_65' title='bbox 354 1110 463 1164; x_wconf 81' lang='grc' dir='ltr'><strong>Καὶ</strong></span> <span class='ocrx_word' id='word_1_66' title='bbox 496 1110 871 1181; x_wconf 74' lang='grc' dir='ltr'><strong>ἐλάτρευσαν</strong></span> <span class='ocrx_word' id='word_1_67' title='bbox 919 1113 993 1184; x_wconf 76' lang='grc' dir='ltr'><em>τῇ</em></span> <span class='ocrx_word' id='word_1_68' title='bbox 1022 1116 1221 1169; x_wconf 81' lang='grc' dir='ltr'><strong>κτίσει</strong></span> <span class='ocrx_word' id='word_1_69' title='bbox 1273 1115 1433 1182; x_wconf 84' lang='grc' dir='ltr'><em>παρὰ</em></span> <span class='ocrx_word' id='word_1_70' title='bbox 1484 1115 1589 1168; x_wconf 85' lang='grc' dir='ltr'><em>τὸν</em></span> <span class='ocrx_word' id='word_1_71' title='bbox 1620 1114 1754 1168; x_wconf 79' lang='grc' dir='ltr'><em>Κτί-</em></span> 
     </span>
    </p>
   </div>
   <div class='ocr_carea' id='block_1_11' title="bbox 202 1202 1757 1279">
    <p class='ocr_par' dir='ltr' id='par_1_11' title="bbox 202 1202 1757 1279">
     <span class='ocr_line' id='line_1_11' title="bbox 202 1202 1757 1279; baseline 0.002 -21"><span class='ocrx_word' id='word_1_72' title='bbox 202 1220 398 1260; x_wconf 78' lang='grc' dir='ltr'><em>σαντα.</em></span> <span class='ocrx_word' id='word_1_73' title='bbox 441 1202 518 1257; x_wconf 82' lang='lat' dir='ltr'><strong>IA’</strong></span> <span class='ocrx_word' id='word_1_74' title='bbox 545 1207 676 1277; x_wconf 79' lang='grc' dir='ltr'><em>περὶ</em></span> <span class='ocrx_word' id='word_1_75' title='bbox 728 1207 856 1273; x_wconf 81' lang='grc' dir='ltr'><em>τοῦ,</em></span> <span class='ocrx_word' id='word_1_76' title='bbox 890 1207 965 1263; x_wconf 87' lang='grc' dir='ltr'><strong>Τὸ</strong></span> <span class='ocrx_word' id='word_1_77' title='bbox 1007 1210 1115 1279; x_wconf 76' lang='grc' dir='ltr'><strong>γὰρ</strong></span> <span class='ocrx_word' id='word_1_78' title='bbox 1153 1208 1455 1278; x_wconf 75' lang='grc' dir='ltr'><strong>ἄφθαρτον</strong></span> <span class='ocrx_word' id='word_1_79' title='bbox 1521 1207 1757 1277; x_wconf 81' lang='grc' dir='ltr'><em>πνεῦμὰ</em></span> 
     </span>
    </p>
   </div>
   <div class='ocr_carea' id='block_1_12' title="bbox 203 1295 1758 1371">
    <p class='ocr_par' dir='ltr' id='par_1_12' title="bbox 203 1295 1758 1371">
     <span class='ocr_line' id='line_1_12' title="bbox 203 1295 1758 1371; baseline 0.003 -24"><span class='ocrx_word' id='word_1_80' title='bbox 203 1296 302 1349; x_wconf 85' lang='grc' dir='ltr'><em>σού</em></span> <span class='ocrx_word' id='word_1_81' title='bbox 349 1295 519 1349; x_wconf 81' lang='grc' dir='ltr'><em>ἐστιν</em></span> <span class='ocrx_word' id='word_1_82' title='bbox 539 1296 609 1349; x_wconf 79' lang='grc' dir='ltr'><em>ἐν</em></span> <span class='ocrx_word' id='word_1_83' title='bbox 632 1296 802 1353; x_wconf 82' lang='grc' dir='ltr'><em>πᾶσι.</em></span> <span class='ocrx_word' id='word_1_84' title='bbox 829 1298 912 1351; x_wconf 87' lang='lat' dir='ltr'><strong>IE&#39;</strong></span> <span class='ocrx_word' id='word_1_85' title='bbox 945 1301 1074 1370; x_wconf 78' lang='grc' dir='ltr'><em>περὶ</em></span> <span class='ocrx_word' id='word_1_86' title='bbox 1111 1300 1205 1353; x_wconf 83' lang='grc' dir='ltr'><em>τοῦ</em></span> <span class='ocrx_word' id='word_1_87' title='bbox 1229 1302 1288 1353; x_wconf 81' lang='grc' dir='ltr'><em>ὲν</em></span> <span class='ocrx_word' id='word_1_88' title='bbox 1322 1303 1386 1371; x_wconf 75' lang='grc' dir='ltr'><em>τῇ</em></span> <span class='ocrx_word' id='word_1_89' title='bbox 1421 1300 1612 1370; x_wconf 77' lang='grc' dir='ltr'><strong>ἐρήμῳ</strong></span> <span class='ocrx_word' id='word_1_90' title='bbox 1650 1317 1758 1368; x_wconf 83' lang='grc' dir='ltr'><strong>χω·-</strong></span> 
     </span>
    </p>
   </div>
   <div class='ocr_carea' id='block_1_13' title="bbox 203 1386 1758 1463">
    <p class='ocr_par' dir='ltr' id='par_1_13' title="bbox 203 1386 1758 1463">
     <span class='ocr_line' id='line_1_13' title="bbox 203 1386 1758 1463; baseline 0.003 -25"><span class='ocrx_word' id='word_1_91' title='bbox 203 1386 461 1448; x_wconf 79' lang='grc' dir='ltr'><em>νευθὲντος</em></span> <span class='ocrx_word' id='word_1_92' title='bbox 517 1388 740 1459; x_wconf 82' lang='grc' dir='ltr'><strong>μόσχου.</strong></span> <span class='ocrx_word' id='word_1_93' title='bbox 775 1391 870 1458; x_wconf 67' lang='lat' dir='ltr'><strong>IG’</strong></span> <span class='ocrx_word' id='word_1_94' title='bbox 922 1392 1049 1463; x_wconf 78' lang='grc' dir='ltr'><em>περὶ</em></span> <span class='ocrx_word' id='word_1_95' title='bbox 1099 1391 1193 1445; x_wconf 79' lang='grc' dir='ltr'><strong>τοῦ</strong></span> <span class='ocrx_word' id='word_1_96' title='bbox 1217 1392 1451 1461; x_wconf 82' lang='grc' dir='ltr'><strong>ἀγγέλου</strong></span> <span class='ocrx_word' id='word_1_97' title='bbox 1479 1390 1574 1445; x_wconf 81' lang='grc' dir='ltr'><em>τοῦ</em></span> <span class='ocrx_word' id='word_1_98' title='bbox 1604 1393 1758 1444; x_wconf 83' lang='grc' dir='ltr'><em>ἀπει-</em></span> 
     </span>
    </p>
   </div>
   <div class='ocr_carea' id='block_1_14' title="bbox 204 1476 1755 1554">
    <p class='ocr_par' dir='ltr' id='par_1_14' title="bbox 204 1476 1755 1554">
     <span class='ocr_line' id='line_1_14' title="bbox 204 1476 1755 1554; baseline 0.005 -26"><span class='ocrx_word' id='word_1_99' title='bbox 204 1476 445 1545; x_wconf 76' lang='grc' dir='ltr'><em>λήσαντος</em></span> <span class='ocrx_word' id='word_1_100' title='bbox 488 1478 718 1533; x_wconf 83' lang='grc' dir='ltr'><em>θάνατον</em></span> <span class='ocrx_word' id='word_1_101' title='bbox 745 1481 824 1552; x_wconf 85' lang='grc' dir='ltr'><em>τῷ</em></span> <span class='ocrx_word' id='word_1_102' title='bbox 856 1483 1045 1535; x_wconf 84' lang='grc' dir='ltr'><em>Μωσεῖ</em></span> <span class='ocrx_word' id='word_1_103' title='bbox 1089 1484 1147 1537; x_wconf 86' lang='grc' dir='ltr'><em>ὲν</em></span> <span class='ocrx_word' id='word_1_104' title='bbox 1179 1484 1246 1554; x_wconf 81' lang='grc' dir='ltr'><em>τῆ</em></span> <span class='ocrx_word' id='word_1_105' title='bbox 1301 1483 1404 1553; x_wconf 83' lang='grc' dir='ltr'>6δῷ</span> <span class='ocrx_word' id='word_1_106' title='bbox 1462 1482 1755 1550; x_wconf 76' lang='grc' dir='ltr'><em>Αἰγύπτου.</em></span> 
     </span>
    </p>
   </div>
   <div class='ocr_carea' id='block_1_15' title="bbox 206 1568 1760 1647">
    <p class='ocr_par' dir='ltr' id='par_1_15' title="bbox 206 1568 1760 1647">
     <span class='ocr_line' id='line_1_15' title="bbox 206 1568 1760 1647; baseline 0.003 -26"><span class='ocrx_word' id='word_1_107' title='bbox 206 1568 273 1621; x_wconf 89' lang='lat' dir='ltr'><strong>IZ&#39;</strong></span> <span class='ocrx_word' id='word_1_108' title='bbox 296 1568 422 1640; x_wconf 80' lang='grc' dir='ltr'><em>περὶ</em></span> <span class='ocrx_word' id='word_1_109' title='bbox 448 1568 571 1634; x_wconf 77' lang='grc' dir='ltr'><em>τοῦ,</em></span> <span class='ocrx_word' id='word_1_110' title='bbox 599 1571 648 1624; x_wconf 87' lang='grc' dir='ltr'><em>εί</em></span> <span class='ocrx_word' id='word_1_111' title='bbox 700 1572 750 1624; x_wconf 83' lang='grc' dir='ltr'><strong>οἱ</strong></span> <span class='ocrx_word' id='word_1_112' title='bbox 804 1573 1027 1643; x_wconf 78' lang='grc' dir='ltr'><em>ποιηταὶ</em></span> <span class='ocrx_word' id='word_1_113' title='bbox 1067 1572 1163 1627; x_wconf 82' lang='grc' dir='ltr'><em>τοῦ</em></span> <span class='ocrx_word' id='word_1_114' title='bbox 1188 1576 1353 1645; x_wconf 85' lang='grc' dir='ltr'><em>νόμου</em></span> <span class='ocrx_word' id='word_1_115' title='bbox 1376 1575 1760 1647; x_wconf 82' lang='grc' dir='ltr'><em>δικαιωθήσον-</em></span> 
     </span>
    </p>
   </div>
   <div class='ocr_carea' id='block_1_16' title="bbox 204 1659 1761 1740">
    <p class='ocr_par' dir='ltr' id='par_1_16' title="bbox 204 1659 1761 1740">
     <span class='ocr_line' id='line_1_16' title="bbox 204 1659 1761 1740; baseline 0.006 -28"><span class='ocrx_word' id='word_1_116' title='bbox 204 1677 305 1725; x_wconf 83' lang='grc' dir='ltr'>ται,</span> <span class='ocrx_word' id='word_1_117' title='bbox 343 1659 459 1723; x_wconf 84' lang='grc' dir='ltr'><em>πῶς</em></span> <span class='ocrx_word' id='word_1_118' title='bbox 514 1663 563 1715; x_wconf 80' lang='grc' dir='ltr'><strong>οἱ</strong></span> <span class='ocrx_word' id='word_1_119' title='bbox 614 1663 689 1717; x_wconf 91' lang='grc' dir='ltr'><em>Εν</em></span> <span class='ocrx_word' id='word_1_120' title='bbox 746 1664 897 1735; x_wconf 86' lang='grc' dir='ltr'><strong>νόμῳ</strong></span> <span class='ocrx_word' id='word_1_121' title='bbox 945 1666 1311 1737; x_wconf 80' lang='grc' dir='ltr'><strong>δικαιούμενοι</strong></span> <span class='ocrx_word' id='word_1_122' title='bbox 1370 1668 1471 1737; x_wconf 85' lang='grc' dir='ltr'><strong>τῆς</strong></span> <span class='ocrx_word' id='word_1_123' title='bbox 1539 1669 1761 1740; x_wconf 81' lang='grc' dir='ltr'><em>χάριτος</em></span> 
     </span>
    </p>
   </div>
   <div class='ocr_carea' id='block_1_17' title="bbox 206 1753 1759 1830">
    <p class='ocr_par' dir='ltr' id='par_1_17' title="bbox 206 1753 1759 1830">
     <span class='ocr_line' id='line_1_17' title="bbox 206 1753 1759 1830; baseline 0.006 -25"><span class='ocrx_word' id='word_1_124' title='bbox 206 1753 731 1827; x_wconf 73' lang='grc' dir='ltr'><em>ὲκπίπτουσινς[500</em></span> <span class='ocrx_word' id='word_1_125' title='bbox 786 1756 879 1830; x_wconf 84' lang='lat' dir='ltr'><strong>R.]</strong></span> <span class='ocrx_word' id='word_1_126' title='bbox 923 1756 1011 1811; x_wconf 77' lang='lat' dir='ltr'><strong>IH&#39;</strong></span> <span class='ocrx_word' id='word_1_127' title='bbox 1056 1758 1110 1812; x_wconf 87' lang='grc' dir='ltr'><strong>τί</strong></span> <span class='ocrx_word' id='word_1_128' title='bbox 1165 1760 1346 1827; x_wconf 75' lang='grc' dir='ltr'><em>ἐστιν,</em></span> <span class='ocrx_word' id='word_1_129' title='bbox 1403 1760 1570 1814; x_wconf 87' lang='grc' dir='ltr'>Ὅσοι</span> <span class='ocrx_word' id='word_1_130' title='bbox 1618 1761 1759 1815; x_wconf 81' lang='grc' dir='ltr'><strong>ἀνό-</strong></span> 
     </span>
    </p>
   </div>
   <div class='ocr_carea' id='block_1_18' title="bbox 204 1843 1764 1917">
    <p class='ocr_par' dir='ltr' id='par_1_18' title="bbox 204 1843 1764 1917">
     <span class='ocr_line' id='line_1_18' title="bbox 204 1843 1764 1917; baseline 0.004 -20"><span class='ocrx_word' id='word_1_131' title='bbox 204 1843 615 1913; x_wconf 80' lang='grc' dir='ltr'><em>μωςῆμαρτον,</em></span> <span class='ocrx_word' id='word_1_132' title='bbox 646 1846 882 1917; x_wconf 82' lang='grc' dir='ltr'><strong>ἀνόμως</strong></span> <span class='ocrx_word' id='word_1_133' title='bbox 903 1848 1406 1905; x_wconf 72' lang='grc' dir='ltr'><em>καὶάπολοῦνται.</em></span> <span class='ocrx_word' id='word_1_134' title='bbox 1428 1850 1507 1903; x_wconf 77' lang='lat'><strong>18&#39;</strong></span> <span class='ocrx_word' id='word_1_135' title='bbox 1536 1848 1589 1902; x_wconf 87' lang='grc' dir='ltr'><strong>τί</strong></span> <span class='ocrx_word' id='word_1_136' title='bbox 1618 1852 1764 1903; x_wconf 87' lang='grc' dir='ltr'><em>ὲστιν</em></span> 
     </span>
    </p>
   </div>
   <div class='ocr_carea' id='block_1_19' title="bbox 207 1934 1765 2012">
    <p class='ocr_par' dir='ltr' id='par_1_19' title="bbox 207 1934 1765 2012">
     <span class='ocr_line' id='line_1_19' title="bbox 207 1934 1765 2012; baseline 0.003 -22"><span class='ocrx_word' id='word_1_137' title='bbox 207 1934 588 2006; x_wconf 81' lang='grc' dir='ltr'><em>ήξηρανθείσα</em></span> <span class='ocrx_word' id='word_1_138' title='bbox 637 1940 695 1992; x_wconf 81' lang='grc' dir='ltr'><em>ὲν</em></span> <span class='ocrx_word' id='word_1_139' title='bbox 755 1937 833 2011; x_wconf 78' lang='grc' dir='ltr'><em>τῷ</em></span> <span class='ocrx_word' id='word_1_140' title='bbox 899 1940 1214 2012; x_wconf 83' lang='grc' dir='ltr'>Εὐαγγελίῳ</span> <span class='ocrx_word' id='word_1_141' title='bbox 1292 1942 1455 2012; x_wconf 83' lang='grc' dir='ltr'><em>συκῆ,</em></span> <span class='ocrx_word' id='word_1_142' title='bbox 1521 1942 1619 1995; x_wconf 76' lang='grc' dir='ltr'><strong>καὶ</strong></span> <span class='ocrx_word' id='word_1_143' title='bbox 1665 1943 1765 1995; x_wconf 83' lang='grc' dir='ltr'><strong>ὅσα</strong></span> 
     </span>
    </p>
   </div>
   <div class='ocr_carea' id='block_1_20' title="bbox 208 2018 1767 2103">
    <p class='ocr_par' dir='ltr' id='par_1_20' title="bbox 208 2018 1767 2103">
     <span class='ocr_line' id='line_1_20' title="bbox 208 2018 1767 2103; baseline 0.004 -23"><span class='ocrx_word' id='word_1_144' title='bbox 208 2027 317 2096; x_wconf 78' lang='grc' dir='ltr'><em>περὶ</em></span> <span class='ocrx_word' id='word_1_145' title='bbox 347 2027 556 2100; x_wconf 75' lang='grc' dir='ltr'><em>αὐτήνς</em></span> <span class='ocrx_word' id='word_1_146' title='bbox 588 2018 805 2102; x_wconf 61' lang='grc' dir='ltr'><em>Κίπερὶ</em></span> <span class='ocrx_word' id='word_1_147' title='bbox 830 2030 927 2086; x_wconf 80' lang='grc' dir='ltr'><strong>τοῦ</strong></span> <span class='ocrx_word' id='word_1_148' title='bbox 977 2031 1031 2085; x_wconf 86' lang='grc' dir='ltr'><strong>τί</strong></span> <span class='ocrx_word' id='word_1_149' title='bbox 1093 2034 1262 2099; x_wconf 68' lang='grc' dir='ltr'><em>ἐστιν,</em></span> <span class='ocrx_word' id='word_1_150' title='bbox 1320 2032 1767 2103; x_wconf 82' lang='grc' dir='ltr'><em>Ἐκδυσάμενος</em></span> 
     </span>
    </p>
   </div>
   <div class='ocr_carea' id='block_1_21' title="bbox 208 2120 1768 2199">
    <p class='ocr_par' dir='ltr' id='par_1_21' title="bbox 208 2120 1768 2199">
     <span class='ocr_line' id='line_1_21' title="bbox 208 2120 1768 2199; baseline 0.004 -24"><span class='ocrx_word' id='word_1_151' title='bbox 208 2120 297 2187; x_wconf 83' lang='grc' dir='ltr'><em>τὰς</em></span> <span class='ocrx_word' id='word_1_152' title='bbox 318 2122 517 2191; x_wconf 82' lang='grc' dir='ltr'><em>ἀρχὰς</em></span> <span class='ocrx_word' id='word_1_153' title='bbox 536 2125 639 2178; x_wconf 72' lang='grc' dir='ltr'><strong>καί</strong></span> <span class='ocrx_word' id='word_1_154' title='bbox 662 2125 769 2192; x_wconf 84' lang='grc' dir='ltr'><em>τὰς</em></span> <span class='ocrx_word' id='word_1_155' title='bbox 790 2126 1097 2195; x_wconf 81' lang='grc' dir='ltr'><em>ἐξουσίας,</em></span> <span class='ocrx_word' id='word_1_156' title='bbox 1112 2130 1206 2181; x_wconf 77' lang='grc' dir='ltr'><strong>καὶ</strong></span> <span class='ocrx_word' id='word_1_157' title='bbox 1229 2128 1355 2199; x_wconf 76' lang='grc' dir='ltr'><strong>ἑξῆς</strong></span> <span class='ocrx_word' id='word_1_158' title='bbox 1373 2129 1440 2193; x_wconf 73' lang='grc'><strong>⁸⁵,</strong></span> <span class='ocrx_word' id='word_1_159' title='bbox 1469 2130 1565 2182; x_wconf 70' lang='grc' dir='ltr'><strong>καὶ</strong></span> <span class='ocrx_word' id='word_1_160' title='bbox 1597 2129 1710 2192; x_wconf 80' lang='grc' dir='ltr'><em>πῶς</em></span> <span class='ocrx_word' id='word_1_161' title='bbox 1738 2129 1768 2182; x_wconf 85' lang='grc' dir='ltr'>ὁ</span> 
     </span>
    </p>
   </div>
   <div class='ocr_carea' id='block_1_22' title="bbox 213 2214 1763 2287">
    <p class='ocr_par' dir='ltr' id='par_1_22' title="bbox 213 2214 1763 2287">
     <span class='ocr_line' id='line_1_22' title="bbox 213 2214 1763 2287; baseline 0.006 -22"><span class='ocrx_word' id='word_1_162' title='bbox 213 2214 317 2283; x_wconf 82' lang='grc' dir='ltr'><strong>μηδ’</strong></span> <span class='ocrx_word' id='word_1_163' title='bbox 366 2214 512 2279; x_wconf 83' lang='grc' dir='ltr'>ὅλως</span> <span class='ocrx_word' id='word_1_164' title='bbox 558 2216 920 2287; x_wconf 75' lang='grc' dir='ltr'><strong>ἐνδυσάμενος</strong></span> <span class='ocrx_word' id='word_1_165' title='bbox 968 2218 1252 2287; x_wconf 59' lang='lat' dir='ltr'><strong>inbuerat;</strong></span> <span class='ocrx_word' id='word_1_166' title='bbox 1301 2216 1413 2274; x_wconf 81' lang='lat' dir='ltr'><strong>KA&#39;</strong></span> <span class='ocrx_word' id='word_1_167' title='bbox 1468 2220 1517 2273; x_wconf 80' lang='lat' dir='ltr'><strong>si</strong></span> <span class='ocrx_word' id='word_1_168' title='bbox 1554 2220 1612 2274; x_wconf 82' lang='grc' dir='ltr'><em>ὲν</em></span> <span class='ocrx_word' id='word_1_169' title='bbox 1648 2221 1763 2284; x_wconf 81' lang='grc' dir='ltr'><em>τοῖς</em></span> 
     </span>
    </p>
   </div>
   <div class='ocr_carea' id='block_1_23' title="bbox 1862 653 3428 729">
    <p class='ocr_par' dir='ltr' id='par_1_23' title="bbox 1862 653 3428 729">
     <span class='ocr_line' id='line_1_23' title="bbox 1862 653 3428 729; baseline 0.003 -17"><span class='ocrx_word' id='word_1_170' title='bbox 1862 656 1968 712; x_wconf 91' lang='lat' dir='ltr'><strong>illis</strong></span> <span class='ocrx_word' id='word_1_171' title='bbox 2013 665 2365 712; x_wconf 72' lang='lat' dir='ltr'><strong>reservantur</strong></span> <span class='ocrx_word' id='word_1_172' title='bbox 2401 653 2445 709; x_wconf 72' lang='grc' dir='ltr'><strong>ι.</strong></span> <span class='ocrx_word' id='word_1_173' title='bbox 2505 655 2601 709; x_wconf 86' lang='lat' dir='ltr'><strong>XI.</strong></span> <span class='ocrx_word' id='word_1_174' title='bbox 2642 655 2775 721; x_wconf 84' lang='lat' dir='ltr'><strong>Quae</strong></span> <span class='ocrx_word' id='word_1_175' title='bbox 2817 657 2888 712; x_wconf 90' lang='lat' dir='ltr'><strong>sit</strong></span> <span class='ocrx_word' id='word_1_176' title='bbox 2937 656 3027 712; x_wconf 86' lang='lat' dir='ltr'><strong>illa</strong></span> <span class='ocrx_word' id='word_1_177' title='bbox 3079 675 3175 729; x_wconf 87' lang='lat' dir='ltr'><strong>per</strong></span> <span class='ocrx_word' id='word_1_178' title='bbox 3204 675 3428 717; x_wconf 88' lang='lat' dir='ltr'><strong>carnem</strong></span> 
     </span>
    </p>
   </div>
   <div class='ocr_carea' id='block_1_24' title="bbox 1861 748 3431 815">
    <p class='ocr_par' dir='ltr' id='par_1_24' title="bbox 1861 748 3431 815">
     <span class='ocr_line' id='line_1_24' title="bbox 1861 748 3431 815; baseline 0.003 -12"><span class='ocrx_word' id='word_1_179' title='bbox 1861 748 2250 803; x_wconf 87' lang='lat' dir='ltr'><strong>commaculata</strong></span> <span class='ocrx_word' id='word_1_180' title='bbox 2284 749 2463 802; x_wconf 80' lang='lat' dir='ltr'><strong>tunica</strong></span> <span class='ocrx_word' id='word_1_181' title='bbox 2499 759 2561 802; x_wconf 78' lang='grc' dir='ltr'><em>ιιι.</em></span> <span class='ocrx_word' id='word_1_182' title='bbox 2598 748 2714 802; x_wconf 95' lang='lat' dir='ltr'><strong>XII.</strong></span> <span class='ocrx_word' id='word_1_183' title='bbox 2750 748 2890 815; x_wconf 89' lang='lat' dir='ltr'><strong>Quid</strong></span> <span class='ocrx_word' id='word_1_184' title='bbox 2929 749 3054 803; x_wconf 87' lang='lat' dir='ltr'><strong>illud</strong></span> <span class='ocrx_word' id='word_1_185' title='bbox 3087 769 3100 805; x_wconf 88' lang='lat'><strong>:</strong></span> <span class='ocrx_word' id='word_1_186' title='bbox 3138 750 3431 807; x_wconf 81' lang='lat' dir='ltr'><strong>Inuisibilia</strong></span> 
     </span>
    </p>
   </div>
   <div class='ocr_carea' id='block_1_25' title="bbox 1861 838 3434 910">
    <p class='ocr_par' dir='ltr' id='par_1_25' title="bbox 1861 838 3434 910">
     <span class='ocr_line' id='line_1_25' title="bbox 1861 838 3434 910; baseline 0.001 -16"><span class='ocrx_word' id='word_1_187' title='bbox 1861 842 2000 894; x_wconf 84' lang='lat' dir='ltr'><strong>enim</strong></span> <span class='ocrx_word' id='word_1_188' title='bbox 2056 840 2223 908; x_wconf 88' lang='lat' dir='ltr'><strong>ipsius</strong></span> <span class='ocrx_word' id='word_1_189' title='bbox 2267 856 2301 893; x_wconf 89' lang='lat' dir='ltr'><strong>a</strong></span> <span class='ocrx_word' id='word_1_190' title='bbox 2339 850 2584 893; x_wconf 84' lang='lat' dir='ltr'><strong>creatura</strong></span> <span class='ocrx_word' id='word_1_191' title='bbox 2638 838 2842 902; x_wconf 86' lang='lat' dir='ltr'><strong>mundi,</strong></span> <span class='ocrx_word' id='word_1_192' title='bbox 2889 855 2982 907; x_wconf 88' lang='lat' dir='ltr'><strong>per</strong></span> <span class='ocrx_word' id='word_1_193' title='bbox 3002 856 3062 893; x_wconf 81' lang='lat' dir='ltr'><strong>ea</strong></span> <span class='ocrx_word' id='word_1_194' title='bbox 3097 857 3212 910; x_wconf 74' lang='lat' dir='ltr'><strong>qua:</strong></span> <span class='ocrx_word' id='word_1_195' title='bbox 3254 852 3434 895; x_wconf 86' lang='lat' dir='ltr'><strong>creata</strong></span> 
     </span>
    </p>
   </div>
   <div class='ocr_carea' id='block_1_26' title="bbox 1866 930 3433 1000">
    <p class='ocr_par' dir='ltr' id='par_1_26' title="bbox 1866 930 3433 1000">
     <span class='ocr_line' id='line_1_26' title="bbox 1866 930 3433 1000; baseline 0 -14"><span class='ocrx_word' id='word_1_196' title='bbox 1866 941 1990 987; x_wconf 90' lang='lat' dir='ltr'><strong>sunt</strong></span> <span class='ocrx_word' id='word_1_197' title='bbox 2056 932 2323 986; x_wconf 84' lang='lat' dir='ltr'><strong>intellecta</strong></span> <span class='ocrx_word' id='word_1_198' title='bbox 2373 932 2768 1000; x_wconf 84' lang='lat' dir='ltr'><strong>conspiciuntur</strong></span> <span class='ocrx_word' id='word_1_199' title='bbox 2814 941 2865 985; x_wconf 75' lang='grc' dir='ltr'><em>ιι.</em></span> <span class='ocrx_word' id='word_1_200' title='bbox 2920 930 3058 985; x_wconf 86' lang='lat' dir='ltr'><strong>XIII.</strong></span> <span class='ocrx_word' id='word_1_201' title='bbox 3112 931 3247 997; x_wconf 90' lang='lat' dir='ltr'><strong>Quid</strong></span> <span class='ocrx_word' id='word_1_202' title='bbox 3304 934 3433 986; x_wconf 91' lang='lat' dir='ltr'><strong>illud</strong></span> 
     </span>
    </p>
   </div>
   <div class='ocr_carea' id='block_1_27' title="bbox 1860 1022 3431 1093">
    <p class='ocr_par' dir='ltr' id='par_1_27' title="bbox 1860 1022 3431 1093">
     <span class='ocr_line' id='line_1_27' title="bbox 1860 1022 3431 1093; baseline -0.001 -16"><span class='ocrx_word' id='word_1_203' title='bbox 1860 1023 2059 1078; x_wconf 80' lang='lat' dir='ltr'><strong>ibidem</strong></span> <span class='ocrx_word' id='word_1_204' title='bbox 2099 1041 2113 1077; x_wconf 91' lang='lat'><strong>:</strong></span> <span class='ocrx_word' id='word_1_205' title='bbox 2158 1022 2448 1077; x_wconf 86' lang='lat' dir='ltr'><strong>Coluerunt</strong></span> <span class='ocrx_word' id='word_1_206' title='bbox 2487 1032 2538 1077; x_wconf 82' lang='lat' dir='ltr'><strong>et</strong></span> <span class='ocrx_word' id='word_1_207' title='bbox 2576 1024 2860 1077; x_wconf 70' lang='lat' dir='ltr'><strong>servierunt</strong></span> <span class='ocrx_word' id='word_1_208' title='bbox 2921 1033 3179 1077; x_wconf 73' lang='lat' dir='ltr'><strong>creatura:</strong></span> <span class='ocrx_word' id='word_1_209' title='bbox 3239 1025 3431 1093; x_wconf 86' lang='lat' dir='ltr'><strong>potius,</strong></span> 
     </span>
    </p>
   </div>
   <div class='ocr_carea' id='block_1_28' title="bbox 1855 1114 3436 1185">
    <p class='ocr_par' dir='ltr' id='par_1_28' title="bbox 1855 1114 3436 1185">
     <span class='ocr_line' id='line_1_28' title="bbox 1855 1114 3436 1185; baseline 0 -18"><span class='ocrx_word' id='word_1_210' title='bbox 1855 1130 2012 1185; x_wconf 89' lang='lat' dir='ltr'><strong>quam</strong></span> <span class='ocrx_word' id='word_1_211' title='bbox 2059 1114 2420 1170; x_wconf 52' lang='lat' dir='ltr'><strong>Creatorimp.</strong></span> <span class='ocrx_word' id='word_1_212' title='bbox 2455 1114 2596 1169; x_wconf 90' lang='lat' dir='ltr'><strong>XIV.</strong></span> <span class='ocrx_word' id='word_1_213' title='bbox 2656 1115 2728 1168; x_wconf 88' lang='lat' dir='ltr'><strong>De</strong></span> <span class='ocrx_word' id='word_1_214' title='bbox 2756 1114 2846 1169; x_wconf 84' lang='lat' dir='ltr'><strong>illo</strong></span> <span class='ocrx_word' id='word_1_215' title='bbox 2890 1133 2905 1169; x_wconf 90' lang='lat'><strong>:</strong></span> <span class='ocrx_word' id='word_1_216' title='bbox 2939 1114 3080 1169; x_wconf 83' lang='lat' dir='ltr'><strong>Nam</strong></span> <span class='ocrx_word' id='word_1_217' title='bbox 3117 1117 3436 1183; x_wconf 54' lang='lat' dir='ltr'><strong>incorrupti-</strong></span> 
     </span>
    </p>
   </div>
   <div class='ocr_carea' id='block_1_29' title="bbox 1859 1205 3436 1276">
    <p class='ocr_par' dir='ltr' id='par_1_29' title="bbox 1859 1205 3436 1276">
     <span class='ocr_line' id='line_1_29' title="bbox 1859 1205 3436 1276; baseline 0.002 -19"><span class='ocrx_word' id='word_1_218' title='bbox 1859 1205 1977 1259; x_wconf 86' lang='lat' dir='ltr'><strong>bilis</strong></span> <span class='ocrx_word' id='word_1_219' title='bbox 2037 1206 2257 1276; x_wconf 86' lang='lat' dir='ltr'><strong>spiritus</strong></span> <span class='ocrx_word' id='word_1_220' title='bbox 2312 1217 2431 1259; x_wconf 86' lang='lat' dir='ltr'><strong>tuus</strong></span> <span class='ocrx_word' id='word_1_221' title='bbox 2474 1216 2549 1260; x_wconf 85' lang='lat' dir='ltr'><strong>est</strong></span> <span class='ocrx_word' id='word_1_222' title='bbox 2606 1207 2661 1259; x_wconf 89' lang='lat' dir='ltr'><strong>in</strong></span> <span class='ocrx_word' id='word_1_223' title='bbox 2708 1206 2820 1276; x_wconf 86' lang='lat'><strong>(55)</strong></span> <span class='ocrx_word' id='word_1_224' title='bbox 2869 1206 3125 1260; x_wconf 86' lang='lat' dir='ltr'><strong>omnibus.</strong></span> <span class='ocrx_word' id='word_1_225' title='bbox 3179 1206 3294 1260; x_wconf 88' lang='lat' dir='ltr'><strong>XV.</strong></span> <span class='ocrx_word' id='word_1_226' title='bbox 3362 1207 3436 1261; x_wconf 87' lang='lat' dir='ltr'><strong>De</strong></span> 
     </span>
    </p>
   </div>
   <div class='ocr_carea' id='block_1_30' title="bbox 1856 1296 3435 1366">
    <p class='ocr_par' dir='ltr' id='par_1_30' title="bbox 1856 1296 3435 1366">
     <span class='ocr_line' id='line_1_30' title="bbox 1856 1296 3435 1366; baseline -0.002 -15"><span class='ocrx_word' id='word_1_227' title='bbox 1856 1297 2029 1352; x_wconf 81' lang='lat' dir='ltr'><strong>vitulo</strong></span> <span class='ocrx_word' id='word_1_228' title='bbox 2062 1313 2222 1366; x_wconf 83' lang='lat' dir='ltr'><strong>quem</strong></span> <span class='ocrx_word' id='word_1_229' title='bbox 2256 1298 2308 1353; x_wconf 90' lang='lat' dir='ltr'><strong>in</strong></span> <span class='ocrx_word' id='word_1_230' title='bbox 2338 1299 2556 1351; x_wconf 88' lang='lat' dir='ltr'><strong>deserto</strong></span> <span class='ocrx_word' id='word_1_231' title='bbox 2586 1296 3014 1351; x_wconf 66' lang='lat' dir='ltr'><strong>conﬂaruutq&#39;r.</strong></span> <span class='ocrx_word' id='word_1_232' title='bbox 3059 1296 3194 1352; x_wconf 77' lang='lat' dir='ltr'><strong>XVI.</strong></span> <span class='ocrx_word' id='word_1_233' title='bbox 3231 1298 3305 1351; x_wconf 87' lang='lat' dir='ltr'><strong>Dc</strong></span> <span class='ocrx_word' id='word_1_234' title='bbox 3335 1314 3435 1350; x_wconf 86' lang='lat' dir='ltr'><strong>an-</strong></span> 
     </span>
    </p>
   </div>
   <div class='ocr_carea' id='block_1_31' title="bbox 1858 1384 3433 1456">
    <p class='ocr_par' dir='ltr' id='par_1_31' title="bbox 1858 1384 3433 1456">
     <span class='ocr_line' id='line_1_31' title="bbox 1858 1384 3433 1456; baseline -0.002 -15"><span class='ocrx_word' id='word_1_235' title='bbox 1858 1387 1979 1456; x_wconf 76' lang='lat' dir='ltr'><strong>gelo</strong></span> <span class='ocrx_word' id='word_1_236' title='bbox 2030 1397 2260 1441; x_wconf 89' lang='lat' dir='ltr'><strong>mortem</strong></span> <span class='ocrx_word' id='word_1_237' title='bbox 2294 1386 2639 1440; x_wconf 79' lang='lat' dir='ltr'><strong>minitantem</strong></span> <span class='ocrx_word' id='word_1_238' title='bbox 2672 1384 2809 1440; x_wconf 87' lang='lat' dir='ltr'><strong>Mosi</strong></span> <span class='ocrx_word' id='word_1_239' title='bbox 2845 1386 2896 1439; x_wconf 89' lang='lat' dir='ltr'><strong>in</strong></span> <span class='ocrx_word' id='word_1_240' title='bbox 2926 1386 3117 1439; x_wconf 84' lang='lat' dir='ltr'><strong>itinere</strong></span> <span class='ocrx_word' id='word_1_241' title='bbox 3138 1385 3352 1456; x_wconf 58' lang='lat' dir='ltr'><strong>[Egypti</strong></span> <span class='ocrx_word' id='word_1_242' title='bbox 3386 1393 3433 1439; x_wconf 77' lang='grc'><strong>³.</strong></span> 
     </span>
    </p>
   </div>
   <div class='ocr_carea' id='block_1_32' title="bbox 1862 1478 3433 1548">
    <p class='ocr_par' dir='ltr' id='par_1_32' title="bbox 1862 1478 3433 1548">
     <span class='ocr_line' id='line_1_32' title="bbox 1862 1478 3433 1548; baseline -0.002 -14"><span class='ocrx_word' id='word_1_243' title='bbox 1862 1479 2024 1535; x_wconf 83' lang='lat' dir='ltr'><strong>XVII.</strong></span> <span class='ocrx_word' id='word_1_244' title='bbox 2078 1479 2153 1534; x_wconf 89' lang='lat' dir='ltr'><strong>De</strong></span> <span class='ocrx_word' id='word_1_245' title='bbox 2200 1480 2290 1534; x_wconf 89' lang='lat' dir='ltr'><strong>illo</strong></span> <span class='ocrx_word' id='word_1_246' title='bbox 2331 1497 2344 1532; x_wconf 91' lang='lat'><strong>:</strong></span> <span class='ocrx_word' id='word_1_247' title='bbox 2381 1478 2443 1533; x_wconf 88' lang='lat' dir='ltr'><strong>Si</strong></span> <span class='ocrx_word' id='word_1_248' title='bbox 2485 1480 2712 1548; x_wconf 85' lang='lat' dir='ltr'><strong>factores</strong></span> <span class='ocrx_word' id='word_1_249' title='bbox 2756 1479 2881 1547; x_wconf 83' lang='lat' dir='ltr'><strong>legis</strong></span> <span class='ocrx_word' id='word_1_250' title='bbox 2906 1478 3342 1547; x_wconf 79' lang='lat' dir='ltr'><strong>justiﬁeabuntur</strong></span> <span class='ocrx_word' id='word_1_251' title='bbox 3392 1480 3433 1531; x_wconf 69' lang='grc' dir='ltr'><strong>ι.</strong></span> 
     </span>
    </p>
   </div>
   <div class='ocr_carea' id='block_1_33' title="bbox 1862 1569 3431 1640">
    <p class='ocr_par' dir='ltr' id='par_1_33' title="bbox 1862 1569 3431 1640">
     <span class='ocr_line' id='line_1_33' title="bbox 1862 1569 3431 1640; baseline -0.002 -14"><span class='ocrx_word' id='word_1_252' title='bbox 1862 1573 2145 1640; x_wconf 81' lang='lat' dir='ltr'><strong>Quomodo</strong></span> <span class='ocrx_word' id='word_1_253' title='bbox 2178 1572 2269 1640; x_wconf 83' lang='lat' dir='ltr'><strong>qui</strong></span> <span class='ocrx_word' id='word_1_254' title='bbox 2310 1571 2428 1640; x_wconf 68' lang='lat'><strong>(54)</strong></span> <span class='ocrx_word' id='word_1_255' title='bbox 2480 1573 2532 1625; x_wconf 88' lang='lat' dir='ltr'><strong>in</strong></span> <span class='ocrx_word' id='word_1_256' title='bbox 2568 1571 2686 1640; x_wconf 77' lang='lat' dir='ltr'><strong>lege</strong></span> <span class='ocrx_word' id='word_1_257' title='bbox 2713 1569 3101 1639; x_wconf 79' lang='lat' dir='ltr'><strong>justiﬁcantur,</strong></span> <span class='ocrx_word' id='word_1_258' title='bbox 3134 1570 3307 1639; x_wconf 78' lang='lat' dir='ltr'><strong>gratia</strong></span> <span class='ocrx_word' id='word_1_259' title='bbox 3334 1583 3431 1623; x_wconf 83' lang='lat' dir='ltr'><strong>ex-</strong></span> 
     </span>
    </p>
   </div>
   <div class='ocr_carea' id='block_1_34' title="bbox 1863 1660 3435 1731">
    <p class='ocr_par' dir='ltr' id='par_1_34' title="bbox 1863 1660 3435 1731">
     <span class='ocr_line' id='line_1_34' title="bbox 1863 1660 3435 1731; baseline -0.004 -11"><span class='ocrx_word' id='word_1_260' title='bbox 1863 1665 2070 1720; x_wconf 89' lang='lat' dir='ltr'><strong>cidunt.</strong></span> <span class='ocrx_word' id='word_1_261' title='bbox 2105 1662 2294 1718; x_wconf 82' lang='lat' dir='ltr'><strong>XVIII.</strong></span> <span class='ocrx_word' id='word_1_262' title='bbox 2347 1664 2485 1730; x_wconf 84' lang='lat' dir='ltr'><strong>Quid</strong></span> <span class='ocrx_word' id='word_1_263' title='bbox 2514 1674 2599 1717; x_wconf 87' lang='lat' dir='ltr'><strong>est</strong></span> <span class='ocrx_word' id='word_1_264' title='bbox 2633 1679 2647 1717; x_wconf 91' lang='lat'><strong>:</strong></span> <span class='ocrx_word' id='word_1_265' title='bbox 2684 1663 2991 1729; x_wconf 79' lang='lat' dir='ltr'><strong>Quicunque</strong></span> <span class='ocrx_word' id='word_1_266' title='bbox 3020 1664 3130 1715; x_wconf 86' lang='lat' dir='ltr'><strong>sine</strong></span> <span class='ocrx_word' id='word_1_267' title='bbox 3173 1660 3282 1731; x_wconf 86' lang='lat' dir='ltr'><strong>lege</strong></span> <span class='ocrx_word' id='word_1_268' title='bbox 3313 1677 3435 1728; x_wconf 81' lang='lat' dir='ltr'><strong>pec—</strong></span> 
     </span>
    </p>
   </div>
   <div class='ocr_carea' id='block_1_35' title="bbox 1862 1752 3437 1825">
    <p class='ocr_par' dir='ltr' id='par_1_35' title="bbox 1862 1752 3437 1825">
     <span class='ocr_line' id='line_1_35' title="bbox 1862 1752 3437 1825; baseline -0.002 -15"><span class='ocrx_word' id='word_1_269' title='bbox 1862 1765 2132 1819; x_wconf 79' lang='lat' dir='ltr'><strong>caverunt,</strong></span> <span class='ocrx_word' id='word_1_270' title='bbox 2163 1758 2275 1809; x_wconf 90' lang='lat' dir='ltr'><strong>sine</strong></span> <span class='ocrx_word' id='word_1_271' title='bbox 2312 1755 2421 1825; x_wconf 84' lang='lat' dir='ltr'><strong>lege</strong></span> <span class='ocrx_word' id='word_1_272' title='bbox 2466 1758 2625 1808; x_wconf 87' lang='lat' dir='ltr'><strong>etiam</strong></span> <span class='ocrx_word' id='word_1_273' title='bbox 2666 1755 2907 1822; x_wconf 82' lang='lat' dir='ltr'><strong>peribunt</strong></span> <span class='ocrx_word' id='word_1_274' title='bbox 2948 1766 2998 1807; x_wconf 78' lang='grc' dir='ltr'><strong>ιι.</strong></span> <span class='ocrx_word' id='word_1_275' title='bbox 3043 1754 3188 1809; x_wconf 89' lang='lat' dir='ltr'><strong>XIX.</strong></span> <span class='ocrx_word' id='word_1_276' title='bbox 3212 1752 3354 1820; x_wconf 82' lang='lat' dir='ltr'><strong>Quid</strong></span> <span class='ocrx_word' id='word_1_277' title='bbox 3382 1754 3437 1807; x_wconf 89' lang='lat' dir='ltr'><strong>in</strong></span> 
     </span>
    </p>
   </div>
   <div class='ocr_carea' id='block_1_36' title="bbox 1865 1845 3434 1916">
    <p class='ocr_par' dir='ltr' id='par_1_36' title="bbox 1865 1845 3434 1916">
     <span class='ocr_line' id='line_1_36' title="bbox 1865 1845 3434 1916; baseline -0.001 -15"><span class='ocrx_word' id='word_1_278' title='bbox 1865 1846 2157 1916; x_wconf 78' lang='lat' dir='ltr'><strong>Evangelia</strong></span> <span class='ocrx_word' id='word_1_279' title='bbox 2195 1848 2269 1900; x_wconf 92' lang='lat' dir='ltr'><strong>sit</strong></span> <span class='ocrx_word' id='word_1_280' title='bbox 2319 1847 2455 1901; x_wconf 89' lang='lat' dir='ltr'><strong>licus</strong></span> <span class='ocrx_word' id='word_1_281' title='bbox 2499 1845 2762 1911; x_wconf 79' lang='lat' dir='ltr'><strong>arefacta,</strong></span> <span class='ocrx_word' id='word_1_282' title='bbox 2807 1854 2862 1901; x_wconf 86' lang='lat' dir='ltr'><strong>et</strong></span> <span class='ocrx_word' id='word_1_283' title='bbox 2909 1860 3029 1915; x_wconf 69' lang='lat' dir='ltr'><strong>qua:</strong></span> <span class='ocrx_word' id='word_1_284' title='bbox 3070 1847 3138 1898; x_wconf 86' lang='lat' dir='ltr'><strong>ad</strong></span> <span class='ocrx_word' id='word_1_285' title='bbox 3170 1860 3287 1898; x_wconf 85' lang='lat' dir='ltr'><strong>eam</strong></span> <span class='ocrx_word' id='word_1_286' title='bbox 3312 1859 3434 1911; x_wconf 87' lang='lat' dir='ltr'><strong>spe-</strong></span> 
     </span>
    </p>
   </div>
   <div class='ocr_carea' id='block_1_37' title="bbox 1863 1934 3437 2005">
    <p class='ocr_par' dir='ltr' id='par_1_37' title="bbox 1863 1934 3437 2005">
     <span class='ocr_line' id='line_1_37' title="bbox 1863 1934 3437 2005; baseline -0.003 -14"><span class='ocrx_word' id='word_1_287' title='bbox 1863 1946 2015 1993; x_wconf 88' lang='lat' dir='ltr'><strong>ctant</strong></span> <span class='ocrx_word' id='word_1_288' title='bbox 2042 1946 2092 1991; x_wconf 70' lang='grc' dir='ltr'><strong>ν.</strong></span> <span class='ocrx_word' id='word_1_289' title='bbox 2125 1935 2248 1991; x_wconf 89' lang='lat' dir='ltr'><strong>XX.</strong></span> <span class='ocrx_word' id='word_1_290' title='bbox 2283 1937 2358 1991; x_wconf 90' lang='lat' dir='ltr'><strong>De</strong></span> <span class='ocrx_word' id='word_1_291' title='bbox 2405 1936 2496 1990; x_wconf 90' lang='lat' dir='ltr'><strong>illo</strong></span> <span class='ocrx_word' id='word_1_292' title='bbox 2527 1953 2541 1989; x_wconf 90' lang='lat'><strong>:</strong></span> <span class='ocrx_word' id='word_1_293' title='bbox 2571 1934 2892 2005; x_wconf 71' lang='lat' dir='ltr'><strong>Exspatians</strong></span> <span class='ocrx_word' id='word_1_294' title='bbox 2917 1934 3241 2003; x_wconf 83' lang='lat' dir='ltr'><strong>principatus</strong></span> <span class='ocrx_word' id='word_1_295' title='bbox 3262 1941 3313 1988; x_wconf 88' lang='lat' dir='ltr'><strong>et</strong></span> <span class='ocrx_word' id='word_1_296' title='bbox 3340 1950 3437 2003; x_wconf 64' lang='grc' dir='ltr'><strong>ρος</strong></span> 
     </span>
    </p>
   </div>
   <div class='ocr_carea' id='block_1_38' title="bbox 1867 2028 3435 2101">
    <p class='ocr_par' dir='ltr' id='par_1_38' title="bbox 1867 2028 3435 2101">
     <span class='ocr_line' id='line_1_38' title="bbox 1867 2028 3435 2101; baseline -0.004 -13"><span class='ocrx_word' id='word_1_297' title='bbox 1867 2043 2076 2088; x_wconf 89' lang='lat' dir='ltr'><strong>testates</strong></span> <span class='ocrx_word' id='word_1_298' title='bbox 2126 2041 2197 2099; x_wconf 69' lang='grc' dir='ltr'>ι,</span> <span class='ocrx_word' id='word_1_299' title='bbox 2244 2042 2308 2095; x_wconf 67' lang='grc' dir='ltr'><strong>,ει</strong></span> <span class='ocrx_word' id='word_1_300' title='bbox 2357 2031 2586 2101; x_wconf 88' lang='lat' dir='ltr'><strong>reliqua.</strong></span> <span class='ocrx_word' id='word_1_301' title='bbox 2629 2030 2696 2085; x_wconf 87' lang='lat' dir='ltr'><strong>Et</strong></span> <span class='ocrx_word' id='word_1_302' title='bbox 2742 2029 3015 2099; x_wconf 88' lang='lat' dir='ltr'><strong>quomodo</strong></span> <span class='ocrx_word' id='word_1_303' title='bbox 3053 2029 3293 2095; x_wconf 80' lang='lat' dir='ltr'><strong>exuitur,</strong></span> <span class='ocrx_word' id='word_1_304' title='bbox 3344 2028 3435 2096; x_wconf 85' lang='lat' dir='ltr'><strong>qui</strong></span> 
     </span>
    </p>
   </div>
   <div class='ocr_carea' id='block_1_39' title="bbox 1868 2119 3439 2195">
    <p class='ocr_par' dir='ltr' id='par_1_39' title="bbox 1868 2119 3439 2195">
     <span class='ocr_line' id='line_1_39' title="bbox 1868 2119 3439 2195; baseline -0.006 -15"><span class='ocrx_word' id='word_1_305' title='bbox 1868 2139 2216 2195; x_wconf 83' lang='lat' dir='ltr'><strong>nequaquam</strong></span> <span class='ocrx_word' id='word_1_306' title='bbox 2256 2123 2476 2178; x_wconf 83' lang='lat' dir='ltr'><strong>induit?</strong></span> <span class='ocrx_word' id='word_1_307' title='bbox 2505 2121 2649 2176; x_wconf 85' lang='lat' dir='ltr'><strong>XXI.</strong></span> <span class='ocrx_word' id='word_1_308' title='bbox 2686 2120 2742 2176; x_wconf 90' lang='lat' dir='ltr'><strong>Si</strong></span> <span class='ocrx_word' id='word_1_309' title='bbox 2769 2119 3035 2193; x_wconf 88' lang='lat' dir='ltr'><strong>[demum]</strong></span> <span class='ocrx_word' id='word_1_310' title='bbox 3066 2119 3277 2174; x_wconf 83' lang='lat' dir='ltr'><strong>saeculis</strong></span> <span class='ocrx_word' id='word_1_311' title='bbox 3308 2131 3439 2171; x_wconf 83' lang='lat' dir='ltr'><strong>ven-</strong></span> 
     </span>
    </p>
   </div>
   <div class='ocr_carea' id='block_1_40' title="bbox 1879 2214 3437 2282">
    <p class='ocr_par' dir='ltr' id='par_1_40' title="bbox 1879 2214 3437 2282">
     <span class='ocr_line' id='line_1_40' title="bbox 1879 2214 3437 2282; baseline -0.004 -11"><span class='ocrx_word' id='word_1_312' title='bbox 1879 2218 2016 2271; x_wconf 90' lang='lat' dir='ltr'><strong>turis</strong></span> <span class='ocrx_word' id='word_1_313' title='bbox 2049 2218 2190 2271; x_wconf 76' lang='lat' dir='ltr'><strong>Deus</strong></span> <span class='ocrx_word' id='word_1_314' title='bbox 2221 2215 2473 2271; x_wconf 85' lang='lat' dir='ltr'><strong>ostendet</strong></span> <span class='ocrx_word' id='word_1_315' title='bbox 2505 2214 2725 2270; x_wconf 84' lang='lat' dir='ltr'><strong>divitias</strong></span> <span class='ocrx_word' id='word_1_316' title='bbox 2756 2214 3018 2269; x_wconf 74' lang='lat' dir='ltr'><strong>bonitatis</strong></span> <span class='ocrx_word' id='word_1_317' title='bbox 3066 2228 3179 2268; x_wconf 68' lang='lat' dir='ltr'><strong>suae</strong></span> <span class='ocrx_word' id='word_1_318' title='bbox 3208 2221 3257 2277; x_wconf 73' lang='lat' dir='ltr'><strong>Y,</strong></span> <span class='ocrx_word' id='word_1_319' title='bbox 3298 2226 3437 2282; x_wconf 86' lang='lat' dir='ltr'><strong>quo-</strong></span> 
     </span>
    </p>
   </div>
   <div class='ocr_carea' id='block_1_41' title="bbox 210 2302 1780 2380">
    <p class='ocr_par' dir='ltr' id='par_1_41' title="bbox 210 2307 1766 2380">
     <span class='ocr_line' id='line_1_41' title="bbox 210 2307 1766 2380; baseline 0.004 -21"><span class='ocrx_word' id='word_1_320' title='bbox 210 2307 349 2361; x_wconf 81' lang='grc' dir='ltr'><em>αίῶσι</em></span> <span class='ocrx_word' id='word_1_321' title='bbox 385 2310 509 2372; x_wconf 76' lang='grc' dir='ltr'><em>τοῖς</em></span> <span class='ocrx_word' id='word_1_322' title='bbox 558 2310 945 2380; x_wconf 72' lang='grc' dir='ltr'><strong>ἐπερχομένοις</strong></span> <span class='ocrx_word' id='word_1_323' title='bbox 994 2313 1025 2365; x_wconf 87' lang='grc' dir='ltr'><strong>ὁ</strong></span> <span class='ocrx_word' id='word_1_324' title='bbox 1052 2312 1183 2375; x_wconf 83' lang='grc' dir='ltr'><strong>Θεὸς</strong></span> <span class='ocrx_word' id='word_1_325' title='bbox 1209 2311 1369 2377; x_wconf 78' lang='grc' dir='ltr'><strong>δείξει</strong></span> <span class='ocrx_word' id='word_1_326' title='bbox 1411 2311 1502 2366; x_wconf 85' lang='grc' dir='ltr'><em>τὸν</em></span> <span class='ocrx_word' id='word_1_327' title='bbox 1538 2311 1766 2365; x_wconf 81' lang='grc' dir='ltr'><em>πλοῦτον</em></span> 
     </span>
    </p>
   </div>
   <div class='ocr_carea' id='block_1_42' title="bbox 1871 2302 3441 2380">
    <p class='ocr_par' dir='ltr' id='par_1_42' title="bbox 1872 2302 3441 2375">
     <span class='ocr_line' id='line_1_42' title="bbox 1872 2302 3441 2375; baseline -0.001 -17"><span class='ocrx_word' id='word_1_328' title='bbox 1872 2308 2029 2361; x_wconf 80' lang='lat' dir='ltr'><strong>modo</strong></span> <span class='ocrx_word' id='word_1_329' title='bbox 2088 2308 2141 2361; x_wconf 89' lang='lat' dir='ltr'><strong>in</strong></span> <span class='ocrx_word' id='word_1_330' title='bbox 2205 2322 2303 2362; x_wconf 85' lang='lat' dir='ltr'><strong>nos</strong></span> <span class='ocrx_word' id='word_1_331' title='bbox 2371 2306 2693 2361; x_wconf 63' lang='lat' dir='ltr'><strong>saeculorum</strong></span> <span class='ocrx_word' id='word_1_332' title='bbox 2755 2306 2891 2361; x_wconf 83' lang='lat' dir='ltr'><strong>lines</strong></span> <span class='ocrx_word' id='word_1_333' title='bbox 2945 2314 3316 2375; x_wconf 88' lang='lat' dir='ltr'><strong>pervenerunt</strong></span> <span class='ocrx_word' id='word_1_334' title='bbox 3373 2302 3441 2357; x_wconf 69' lang='grc' dir='ltr'><strong>εἳ</strong></span> 
     </span>
    </p>
   </div>
   <div class='ocr_carea' id='block_1_43' title="bbox 209 2398 1768 2475">
    <p class='ocr_par' dir='ltr' id='par_1_43' title="bbox 209 2398 1768 2475">
     <span class='ocr_line' id='line_1_43' title="bbox 209 2398 1768 2475; baseline 0.004 -22"><span class='ocrx_word' id='word_1_335' title='bbox 209 2398 293 2468; x_wconf 79' lang='grc' dir='ltr'><em>τῆς</em></span> <span class='ocrx_word' id='word_1_336' title='bbox 320 2400 693 2471; x_wconf 81' lang='grc' dir='ltr'><strong>χρηστότητος</strong></span> <span class='ocrx_word' id='word_1_337' title='bbox 721 2403 907 2467; x_wconf 81' lang='grc' dir='ltr'><strong>αὐτοῦ,</strong></span> <span class='ocrx_word' id='word_1_338' title='bbox 932 2404 1051 2469; x_wconf 84' lang='grc' dir='ltr'><strong>πῶς</strong></span> <span class='ocrx_word' id='word_1_339' title='bbox 1086 2406 1166 2469; x_wconf 75' lang='grc' dir='ltr'><strong>εἰς</strong></span> <span class='ocrx_word' id='word_1_340' title='bbox 1194 2406 1343 2475; x_wconf 81' lang='grc' dir='ltr'>ἡμᾶς</span> <span class='ocrx_word' id='word_1_341' title='bbox 1383 2405 1452 2459; x_wconf 84' lang='grc' dir='ltr'><em>τὰ</em></span> <span class='ocrx_word' id='word_1_342' title='bbox 1494 2404 1622 2474; x_wconf 82' lang='grc' dir='ltr'><strong>τέλη</strong></span> <span class='ocrx_word' id='word_1_343' title='bbox 1659 2403 1768 2459; x_wconf 86' lang='grc' dir='ltr'><em>τῶν</em></span> 
     </span>
    </p>
   </div>
   <div class='ocr_carea' id='block_1_44' title="bbox 211 2490 1768 2568">
    <p class='ocr_par' dir='ltr' id='par_1_44' title="bbox 211 2490 1768 2568">
     <span class='ocr_line' id='line_1_44' title="bbox 211 2490 1768 2568; baseline 0.004 -25"><span class='ocrx_word' id='word_1_344' title='bbox 211 2490 394 2545; x_wconf 73' lang='grc' dir='ltr'><em>αἰώνων</em></span> <span class='ocrx_word' id='word_1_345' title='bbox 432 2494 817 2565; x_wconf 81' lang='grc' dir='ltr'><em>κατήντησεν;</em></span> <span class='ocrx_word' id='word_1_346' title='bbox 850 2496 956 2550; x_wconf 83' lang='lat' dir='ltr'><strong>KB’</strong></span> <span class='ocrx_word' id='word_1_347' title='bbox 982 2496 1115 2568; x_wconf 79' lang='grc' dir='ltr'><em>περὶ</em></span> <span class='ocrx_word' id='word_1_348' title='bbox 1170 2496 1287 2563; x_wconf 83' lang='grc' dir='ltr'><em>τοῦ,</em></span> <span class='ocrx_word' id='word_1_349' title='bbox 1326 2496 1510 2550; x_wconf 84' lang='grc' dir='ltr'><em>Δώσει</em></span> <span class='ocrx_word' id='word_1_350' title='bbox 1549 2495 1709 2562; x_wconf 86' lang='grc' dir='ltr'><em>αὐτῷ</em></span> <span class='ocrx_word' id='word_1_351' title='bbox 1733 2498 1768 2550; x_wconf 85' lang='grc' dir='ltr'><em>ό</em></span> 
     </span>
    </p>
   </div>
   <div class='ocr_carea' id='block_1_45' title="bbox 215 2580 1770 2656">
    <p class='ocr_par' dir='ltr' id='par_1_45' title="bbox 215 2580 1770 2656">
     <span class='ocr_line' id='line_1_45' title="bbox 215 2580 1770 2656; baseline 0.001 -19"><span class='ocrx_word' id='word_1_352' title='bbox 215 2583 333 2649; x_wconf 79' lang='grc' dir='ltr'><em>Θεὸς</em></span> <span class='ocrx_word' id='word_1_353' title='bbox 372 2583 492 2638; x_wconf 66' lang='grc' dir='ltr'><em>τὸν</em></span> <span class='ocrx_word' id='word_1_354' title='bbox 549 2580 719 2640; x_wconf 75' lang='grc' dir='ltr'><em>οἶκον</em></span> <span class='ocrx_word' id='word_1_355' title='bbox 758 2585 938 2641; x_wconf 76' lang='grc' dir='ltr'><em>Δαϐὶδ</em></span> <span class='ocrx_word' id='word_1_356' title='bbox 998 2587 1107 2642; x_wconf 84' lang='grc' dir='ltr'><em>τοῦ</em></span> <span class='ocrx_word' id='word_1_357' title='bbox 1151 2587 1376 2656; x_wconf 80' lang='grc' dir='ltr'><em>πατρὸς</em></span> <span class='ocrx_word' id='word_1_358' title='bbox 1418 2586 1626 2653; x_wconf 83' lang='grc' dir='ltr'><em>αὐτοῦ,</em></span> <span class='ocrx_word' id='word_1_359' title='bbox 1651 2586 1770 2649; x_wconf 84' lang='grc' dir='ltr'><em>πῶς</em></span> 
     </span>
    </p>
   </div>
   <div class='ocr_carea' id='block_1_46' title="bbox 214 2673 1769 2749">
    <p class='ocr_par' dir='ltr' id='par_1_46' title="bbox 214 2673 1769 2749">
     <span class='ocr_line' id='line_1_46' title="bbox 214 2673 1769 2749; baseline 0.001 -20"><span class='ocrx_word' id='word_1_360' title='bbox 214 2673 388 2740; x_wconf 73' lang='grc' dir='ltr'><em>δίδωσι,</em></span> <span class='ocrx_word' id='word_1_361' title='bbox 416 2677 535 2747; x_wconf 81' lang='grc' dir='ltr'><em>τῆς</em></span> <span class='ocrx_word' id='word_1_362' title='bbox 569 2676 845 2748; x_wconf 82' lang='grc' dir='ltr'><strong>βασιλείας</strong></span> <span class='ocrx_word' id='word_1_363' title='bbox 890 2678 1055 2734; x_wconf 70' lang='grc' dir='ltr'><strong>Δασὶδ</strong></span> <span class='ocrx_word' id='word_1_364' title='bbox 1088 2679 1168 2744; x_wconf 85' lang='grc' dir='ltr'><em>είς</em></span> <span class='ocrx_word' id='word_1_365' title='bbox 1205 2681 1275 2733; x_wconf 87' lang='grc' dir='ltr'><em>τὰ</em></span> <span class='ocrx_word' id='word_1_366' title='bbox 1324 2677 1612 2747; x_wconf 74' lang='grc' dir='ltr'><em>ἐπιγνόντα</em></span> <span class='ocrx_word' id='word_1_367' title='bbox 1640 2678 1769 2749; x_wconf 71' lang='grc' dir='ltr'><em>ἔθνη</em></span> 
     </span>
    </p>
   </div>
   <div class='ocr_carea' id='block_1_47' title="bbox 212 2765 1770 2839">
    <p class='ocr_par' dir='ltr' id='par_1_47' title="bbox 212 2765 1770 2839">
     <span class='ocr_line' id='line_1_47' title="bbox 212 2765 1770 2839; baseline 0.005 -22"><span class='ocrx_word' id='word_1_368' title='bbox 212 2765 285 2816; x_wconf 84' lang='grc' dir='ltr'><em>τὸν</em></span> <span class='ocrx_word' id='word_1_369' title='bbox 298 2766 349 2832; x_wconf 72' lang='grc' dir='ltr'>ἐξ</span> <span class='ocrx_word' id='word_1_370' title='bbox 364 2766 540 2820; x_wconf 80' lang='grc' dir='ltr'><em>αὐτοῦ</em></span> <span class='ocrx_word' id='word_1_371' title='bbox 566 2768 1004 2839; x_wconf 54' lang='grc' dir='ltr'><em>μεταπεσούσης</em></span> <span class='ocrx_word' id='word_1_372' title='bbox 1024 2770 1130 2824; x_wconf 80' lang='lat' dir='ltr'><strong>Kl“</strong></span> <span class='ocrx_word' id='word_1_373' title='bbox 1146 2770 1198 2824; x_wconf 91' lang='grc' dir='ltr'><strong>τί</strong></span> <span class='ocrx_word' id='word_1_374' title='bbox 1246 2772 1383 2837; x_wconf 69' lang='grc' dir='ltr'><em>ἐστι,</em></span> <span class='ocrx_word' id='word_1_375' title='bbox 1425 2772 1770 2836; x_wconf 76' lang='grc' dir='ltr'><strong>Διελθόντες</strong></span> 
     </span>
    </p>
   </div>
   <div class='ocr_carea' id='block_1_48' title="bbox 214 2856 1771 2935">
    <p class='ocr_par' dir='ltr' id='par_1_48' title="bbox 214 2856 1771 2935">
     <span class='ocr_line' id='line_1_48' title="bbox 214 2856 1771 2935; baseline 0.004 -26"><span class='ocrx_word' id='word_1_376' title='bbox 214 2856 428 2926; x_wconf 78' lang='grc' dir='ltr'><em>πρώτην</em></span> <span class='ocrx_word' id='word_1_377' title='bbox 458 2859 571 2913; x_wconf 65' lang='grc' dir='ltr'><em>καὶ</em></span> <span class='ocrx_word' id='word_1_378' title='bbox 595 2858 882 2928; x_wconf 79' lang='grc' dir='ltr'><strong>δευτέραν</strong></span> <span class='ocrx_word' id='word_1_379' title='bbox 904 2862 1207 2930; x_wconf 73' lang='grc' dir='ltr'><em>φυλακὴν,</em></span> <span class='ocrx_word' id='word_1_380' title='bbox 1242 2864 1360 2926; x_wconf 77' lang='grc' dir='ltr'><em>καὶ.</em></span> <span class='ocrx_word' id='word_1_381' title='bbox 1398 2864 1542 2935; x_wconf 77' lang='grc' dir='ltr'><em>τίςή</em></span> <span class='ocrx_word' id='word_1_382' title='bbox 1575 2864 1771 2935; x_wconf 86' lang='grc' dir='ltr'><em>σιδηρᾶ</em></span> 
     </span>
    </p>
   </div>
   <div class='ocr_carea' id='block_1_49' title="bbox 214 2949 1767 3028">
    <p class='ocr_par' dir='ltr' id='par_1_49' title="bbox 214 2949 1767 3028">
     <span class='ocr_line' id='line_1_49' title="bbox 214 2949 1767 3028; baseline 0.006 -27"><span class='ocrx_word' id='word_1_383' title='bbox 214 2949 516 3021; x_wconf 77' lang='grc' dir='ltr'><strong>πύληςΚΔ⁹</strong></span> <span class='ocrx_word' id='word_1_384' title='bbox 543 2955 675 3023; x_wconf 77' lang='grc' dir='ltr'><em>περὶ</em></span> <span class='ocrx_word' id='word_1_385' title='bbox 720 2954 836 3020; x_wconf 84' lang='grc' dir='ltr'>τοῦ,</span> <span class='ocrx_word' id='word_1_386' title='bbox 869 2954 997 3028; x_wconf 70' lang='lat'><strong>[258</strong></span> <span class='ocrx_word' id='word_1_387' title='bbox 1024 2954 1117 3026; x_wconf 71' lang='lat'><strong>11.]</strong></span> <span class='ocrx_word' id='word_1_388' title='bbox 1173 2956 1407 3023; x_wconf 83' lang='grc' dir='ltr'><em>Παντὸς</em></span> <span class='ocrx_word' id='word_1_389' title='bbox 1462 2956 1682 3026; x_wconf 79' lang='grc' dir='ltr'><em>ἀνδρὸς</em></span> <span class='ocrx_word' id='word_1_390' title='bbox 1728 2955 1767 3023; x_wconf 78' lang='grc' dir='ltr'><strong><em>ἡ</em></strong></span> 
     </span>
    </p>
   </div>
   <div class='ocr_carea' id='block_1_50' title="bbox 216 3042 1769 3120">
    <p class='ocr_par' dir='ltr' id='par_1_50' title="bbox 216 3042 1769 3120">
     <span class='ocr_line' id='line_1_50' title="bbox 216 3042 1769 3120; baseline 0.006 -27"><span class='ocrx_word' id='word_1_391' title='bbox 216 3042 425 3111; x_wconf 72' lang='grc' dir='ltr'><em>κεφαλή</em></span> <span class='ocrx_word' id='word_1_392' title='bbox 472 3047 517 3099; x_wconf 79' lang='grc' dir='ltr'><em>ὀ</em></span> <span class='ocrx_word' id='word_1_393' title='bbox 560 3046 819 3113; x_wconf 80' lang='grc' dir='ltr'><em>Χριστός</em></span> <span class='ocrx_word' id='word_1_394' title='bbox 847 3047 1000 3112; x_wconf 75' lang='grc' dir='ltr'><em>ἐστι,</em></span> <span class='ocrx_word' id='word_1_395' title='bbox 1060 3049 1155 3100; x_wconf 82' lang='grc' dir='ltr'><strong>καὶ</strong></span> <span class='ocrx_word' id='word_1_396' title='bbox 1181 3048 1327 3116; x_wconf 79' lang='grc' dir='ltr'><strong>ἑξῆς.</strong></span> <span class='ocrx_word' id='word_1_397' title='bbox 1358 3049 1466 3101; x_wconf 87' lang='lat' dir='ltr'><strong>KE&#39;</strong></span> <span class='ocrx_word' id='word_1_398' title='bbox 1498 3047 1627 3120; x_wconf 73' lang='grc' dir='ltr'><em>περὶ</em></span> <span class='ocrx_word' id='word_1_399' title='bbox 1674 3048 1769 3102; x_wconf 83' lang='grc' dir='ltr'><em>τοῦ</em></span> 
     </span>
    </p>
   </div>
   <div class='ocr_carea' id='block_1_51' title="bbox 219 3132 1770 3207">
    <p class='ocr_par' dir='ltr' id='par_1_51' title="bbox 219 3132 1770 3207">
     <span class='ocr_line' id='line_1_51' title="bbox 219 3132 1770 3207; baseline 0.005 -22"><span class='ocrx_word' id='word_1_400' title='bbox 219 3132 451 3199; x_wconf 85' lang='grc' dir='ltr'><strong>βασιλέως</strong></span> <span class='ocrx_word' id='word_1_401' title='bbox 499 3135 821 3201; x_wconf 80' lang='grc' dir='ltr'>Βαϐυλῶνος</span> <span class='ocrx_word' id='word_1_402' title='bbox 840 3138 936 3192; x_wconf 70' lang='grc' dir='ltr'><strong>καὶ</strong></span> <span class='ocrx_word' id='word_1_403' title='bbox 974 3138 1143 3192; x_wconf 82' lang='grc' dir='ltr'>Ἰούδα</span> <span class='ocrx_word' id='word_1_404' title='bbox 1170 3139 1266 3191; x_wconf 77' lang='grc' dir='ltr'><strong>καὶ</strong></span> <span class='ocrx_word' id='word_1_405' title='bbox 1289 3138 1396 3192; x_wconf 85' lang='grc' dir='ltr'><em>τῶν</em></span> <span class='ocrx_word' id='word_1_406' title='bbox 1434 3138 1622 3193; x_wconf 80' lang='grc' dir='ltr'><strong>ἐθνῶν.</strong></span> <span class='ocrx_word' id='word_1_407' title='bbox 1646 3140 1770 3207; x_wconf 69' lang='lat' dir='ltr'><strong>KC&#39;</strong></span> 
     </span>
    </p>
   </div>
   <div class='ocr_carea' id='block_1_52' title="bbox 222 3228 1771 3304">
    <p class='ocr_par' dir='ltr' id='par_1_52' title="bbox 222 3228 1771 3304">
     <span class='ocr_line' id='line_1_52' title="bbox 222 3228 1771 3304; baseline 0.01 -30"><span class='ocrx_word' id='word_1_408' title='bbox 222 3228 326 3295; x_wconf 78' lang='grc' dir='ltr'><em>περὶ</em></span> <span class='ocrx_word' id='word_1_409' title='bbox 349 3228 444 3297; x_wconf 84' lang='grc' dir='ltr'><em>τῆς</em></span> <span class='ocrx_word' id='word_1_410' title='bbox 498 3229 899 3299; x_wconf 77' lang='grc' dir='ltr'>ἀποκαλύψεως</span> <span class='ocrx_word' id='word_1_411' title='bbox 954 3231 1162 3302; x_wconf 84' lang='grc' dir='ltr'><strong>Πέτρου</strong></span> <span class='ocrx_word' id='word_1_412' title='bbox 1189 3232 1289 3303; x_wconf 85' lang='grc' dir='ltr'><em>τῆς</em></span> <span class='ocrx_word' id='word_1_413' title='bbox 1320 3232 1413 3285; x_wconf 72' lang='grc' dir='ltr'><strong>ἐπὶ</strong></span> <span class='ocrx_word' id='word_1_414' title='bbox 1443 3231 1523 3299; x_wconf 85' lang='grc' dir='ltr'><em>τῷ</em></span> <span class='ocrx_word' id='word_1_415' title='bbox 1560 3234 1771 3304; x_wconf 81' lang='grc' dir='ltr'><em>Κορνη-</em></span> 
     </span>
    </p>
   </div>
   <div class='ocr_carea' id='block_1_53' title="bbox 218 3315 1775 3393">
    <p class='ocr_par' dir='ltr' id='par_1_53' title="bbox 218 3315 1775 3393">
     <span class='ocr_line' id='line_1_53' title="bbox 218 3315 1775 3393; baseline 0.004 -26"><span class='ocrx_word' id='word_1_416' title='bbox 218 3315 313 3386; x_wconf 77' lang='grc' dir='ltr'>λίῳ,</span> <span class='ocrx_word' id='word_1_417' title='bbox 342 3319 434 3371; x_wconf 80' lang='grc' dir='ltr'><strong>καὶ</strong></span> <span class='ocrx_word' id='word_1_418' title='bbox 498 3318 616 3382; x_wconf 84' lang='grc' dir='ltr'><em>πῶς</em></span> <span class='ocrx_word' id='word_1_419' title='bbox 670 3319 995 3391; x_wconf 85' lang='grc' dir='ltr'><em>διεκρίνοντό</em></span> <span class='ocrx_word' id='word_1_420' title='bbox 1052 3339 1198 3385; x_wconf 90' lang='grc' dir='ltr'><em>τινες</em></span> <span class='ocrx_word' id='word_1_421' title='bbox 1236 3324 1372 3393; x_wconf 78' lang='grc' dir='ltr'><em>πρὸς</em></span> <span class='ocrx_word' id='word_1_422' title='bbox 1428 3321 1632 3389; x_wconf 84' lang='grc' dir='ltr'><em>Πέτρον</em></span> <span class='ocrx_word' id='word_1_423' title='bbox 1684 3320 1775 3374; x_wconf 85' lang='grc' dir='ltr'><strong>διὰ</strong></span> 
     </span>
    </p>
   </div>
   <div class='ocr_carea' id='block_1_54' title="bbox 218 3409 1774 3483">
    <p class='ocr_par' dir='ltr' id='par_1_54' title="bbox 218 3409 1774 3483">
     <span class='ocr_line' id='line_1_54' title="bbox 218 3409 1774 3483; baseline 0.005 -25"><span class='ocrx_word' id='word_1_424' title='bbox 218 3409 291 3459; x_wconf 66' lang='grc' dir='ltr'><em>τὸν</em></span> <span class='ocrx_word' id='word_1_425' title='bbox 352 3411 681 3483; x_wconf 79' lang='grc' dir='ltr'><em>Κορνήλιον.</em></span> <span class='ocrx_word' id='word_1_426' title='bbox 733 3415 837 3467; x_wconf 83' lang='grc' dir='ltr'><strong>ΚΖ’</strong></span> <span class='ocrx_word' id='word_1_427' title='bbox 882 3413 964 3481; x_wconf 85' lang='grc' dir='ltr'><strong>τὸ,</strong></span> <span class='ocrx_word' id='word_1_428' title='bbox 1020 3414 1197 3468; x_wconf 84' lang='grc' dir='ltr'><em>Δεῦτε</em></span> <span class='ocrx_word' id='word_1_429' title='bbox 1268 3415 1364 3468; x_wconf 82' lang='grc' dir='ltr'><em>καὶ</em></span> <span class='ocrx_word' id='word_1_430' title='bbox 1413 3412 1774 3477; x_wconf 79' lang='grc' dir='ltr'><em>καταϐάντες</em></span> 
     </span>
    </p>
   </div>
   <div class='ocr_carea' id='block_1_55' title="bbox 221 3502 1766 3577">
    <p class='ocr_par' dir='ltr' id='par_1_55' title="bbox 221 3502 1766 3577">
     <span class='ocr_line' id='line_1_55' title="bbox 221 3502 1766 3577; baseline 0.014 -24"><span class='ocrx_word' id='word_1_431' title='bbox 221 3502 553 3573; x_wconf 77' lang='grc' dir='ltr'><strong>συγχέωμεν</strong></span> <span class='ocrx_word' id='word_1_432' title='bbox 572 3503 770 3559; x_wconf 83' lang='grc' dir='ltr'><em>αὐτῶν</em></span> <span class='ocrx_word' id='word_1_433' title='bbox 796 3505 902 3573; x_wconf 81' lang='grc' dir='ltr'><em>τὰς</em></span> <span class='ocrx_word' id='word_1_434' title='bbox 924 3506 1228 3577; x_wconf 79' lang='grc' dir='ltr'><strong>γλώσσας,</strong></span> <span class='ocrx_word' id='word_1_435' title='bbox 1256 3507 1391 3576; x_wconf 80' lang='grc' dir='ltr'><em>πρὸς</em></span> <span class='ocrx_word' id='word_1_436' title='bbox 1414 3507 1565 3571; x_wconf 66' lang='grc' dir='ltr'><strong>τινας</strong></span> <span class='ocrx_word' id='word_1_437' title='bbox 1612 3507 1766 3577; x_wconf 78' lang='grc' dir='ltr'><em>εἴρη-</em></span> 
     </span>
    </p>
   </div>
   <div class='ocr_carea' id='block_1_56' title="bbox 221 3592 1775 3668">
    <p class='ocr_par' dir='ltr' id='par_1_56' title="bbox 221 3592 1775 3668">
     <span class='ocr_line' id='line_1_56' title="bbox 221 3592 1775 3668; baseline 0.006 -27"><span class='ocrx_word' id='word_1_438' title='bbox 221 3607 308 3643; x_wconf 81' lang='grc' dir='ltr'><em>ται.</em></span> <span class='ocrx_word' id='word_1_439' title='bbox 338 3592 527 3645; x_wconf 83' lang='grc' dir='ltr'><em>ΚΗ¹τί</em></span> <span class='ocrx_word' id='word_1_440' title='bbox 556 3595 673 3647; x_wconf 78' lang='grc' dir='ltr'><em>ἐστι</em></span> <span class='ocrx_word' id='word_1_441' title='bbox 718 3595 778 3647; x_wconf 72' lang='grc' dir='ltr'><em>τὸ</em></span> <span class='ocrx_word' id='word_1_442' title='bbox 825 3597 881 3649; x_wconf 81' lang='grc' dir='ltr'><em>ὲν</em></span> <span class='ocrx_word' id='word_1_443' title='bbox 919 3599 1039 3660; x_wconf 86' lang='grc' dir='ltr'><em>ταῖς</em></span> <span class='ocrx_word' id='word_1_444' title='bbox 1094 3597 1385 3668; x_wconf 79' lang='grc' dir='ltr'><strong>Πράξεσιν,</strong></span> <span class='ocrx_word' id='word_1_445' title='bbox 1427 3598 1651 3663; x_wconf 82' lang='grc' dir='ltr'><em>οἵτινες</em></span> <span class='ocrx_word' id='word_1_446' title='bbox 1679 3596 1775 3650; x_wconf 84' lang='grc' dir='ltr'><strong>διὰ</strong></span> 
     </span>
    </p>
   </div>
   <div class='ocr_carea' id='block_1_57' title="bbox 221 3680 1773 3756">
    <p class='ocr_par' dir='ltr' id='par_1_57' title="bbox 221 3680 1773 3756">
     <span class='ocr_line' id='line_1_57' title="bbox 221 3680 1773 3756; baseline 0.005 -26"><span class='ocrx_word' id='word_1_447' title='bbox 221 3680 307 3733; x_wconf 84' lang='grc' dir='ltr'><em>τοῦ</em></span> <span class='ocrx_word' id='word_1_448' title='bbox 334 3683 687 3751; x_wconf 77' lang='grc' dir='ltr'><em>Πνεύματος</em></span> <span class='ocrx_word' id='word_1_449' title='bbox 736 3684 951 3755; x_wconf 76' lang='grc' dir='ltr'><em>ἔλεγον</em></span> <span class='ocrx_word' id='word_1_450' title='bbox 978 3684 1059 3751; x_wconf 85' lang='grc' dir='ltr'><em>τῷ</em></span> <span class='ocrx_word' id='word_1_451' title='bbox 1107 3688 1326 3751; x_wconf 83' lang='grc' dir='ltr'>Παύλῳ</span> <span class='ocrx_word' id='word_1_452' title='bbox 1364 3686 1453 3756; x_wconf 81' lang='grc' dir='ltr'><em>μὴ</em></span> <span class='ocrx_word' id='word_1_453' title='bbox 1477 3685 1773 3756; x_wconf 79' lang='grc' dir='ltr'><em>ἀναϐῆναι</em></span> 
     </span>
    </p>
   </div>
   <div class='ocr_carea' id='block_1_58' title="bbox 222 3773 1775 3849">
    <p class='ocr_par' dir='ltr' id='par_1_58' title="bbox 222 3773 1775 3849">
     <span class='ocr_line' id='line_1_58' title="bbox 222 3773 1775 3849; baseline 0.003 -21"><span class='ocrx_word' id='word_1_454' title='bbox 222 3773 293 3836; x_wconf 79' lang='grc' dir='ltr'><em>εὶς</em></span> <span class='ocrx_word' id='word_1_455' title='bbox 345 3773 734 3845; x_wconf 75' lang='grc' dir='ltr'><em>Ἰεροσόλυμα</em></span> <span class='ocrx_word' id='word_1_456' title='bbox 757 3793 773 3841; x_wconf 86' lang='grc'>;</span> <span class='ocrx_word' id='word_1_457' title='bbox 799 3777 909 3831; x_wconf 80' lang='grc' dir='ltr'><strong>ΚΘ¹</strong></span> <span class='ocrx_word' id='word_1_458' title='bbox 937 3778 1023 3842; x_wconf 91' lang='grc' dir='ltr'><strong>τίς</strong></span> <span class='ocrx_word' id='word_1_459' title='bbox 1053 3780 1087 3849; x_wconf 80' lang='grc' dir='ltr'><strong>ἡ</strong></span> <span class='ocrx_word' id='word_1_460' title='bbox 1112 3778 1343 3849; x_wconf 81' lang='grc' dir='ltr'><em>διαφορὰ</em></span> <span class='ocrx_word' id='word_1_461' title='bbox 1366 3779 1626 3848; x_wconf 85' lang='grc' dir='ltr'><strong>ποτηρίου</strong></span> <span class='ocrx_word' id='word_1_462' title='bbox 1681 3779 1775 3832; x_wconf 73' lang='grc' dir='ltr'><strong>καὶ</strong></span> 
     </span>
    </p>
   </div>
   <div class='ocr_carea' id='block_1_59' title="bbox 225 3856 1778 3937">
    <p class='ocr_par' dir='ltr' id='par_1_59' title="bbox 225 3856 1778 3937">
     <span class='ocr_line' id='line_1_59' title="bbox 225 3856 1778 3937; baseline 0.006 -27"><span class='ocrx_word' id='word_1_463' title='bbox 225 3856 584 3931; x_wconf 80' lang='grc' dir='ltr'><strong>βαπτίσματος</strong></span> <span class='ocrx_word' id='word_1_464' title='bbox 628 3879 644 3928; x_wconf 90' lang='grc'>;</span> <span class='ocrx_word' id='word_1_465' title='bbox 685 3864 745 3917; x_wconf 85' lang='grc' dir='ltr'><strong>Λ’</strong></span> <span class='ocrx_word' id='word_1_466' title='bbox 793 3866 923 3935; x_wconf 75' lang='grc' dir='ltr'><em>περὶ</em></span> <span class='ocrx_word' id='word_1_467' title='bbox 979 3865 1116 3933; x_wconf 80' lang='grc' dir='ltr'><em>τοῦ,</em></span> <span class='ocrx_word' id='word_1_468' title='bbox 1170 3869 1218 3919; x_wconf 83' lang='grc' dir='ltr'><strong>εί</strong></span> <span class='ocrx_word' id='word_1_469' title='bbox 1282 3869 1404 3921; x_wconf 82' lang='grc' dir='ltr'><strong>Οὐκ</strong></span> <span class='ocrx_word' id='word_1_470' title='bbox 1459 3869 1529 3921; x_wconf 82' lang='grc' dir='ltr'><em>ὲν</em></span> <span class='ocrx_word' id='word_1_471' title='bbox 1588 3886 1778 3937; x_wconf 88' lang='grc' dir='ltr'><em>χειρο-</em></span> 
     </span>
    </p>
   </div>
   <div class='ocr_carea' id='block_1_60' title="bbox 226 3954 1776 4030">
    <p class='ocr_par' dir='ltr' id='par_1_60' title="bbox 226 3954 1776 4030">
     <span class='ocr_line' id='line_1_60' title="bbox 226 3954 1776 4030; baseline 0.009 -29"><span class='ocrx_word' id='word_1_472' title='bbox 226 3954 469 4020; x_wconf 71' lang='grc' dir='ltr'><em>ποιήτοις</em></span> <span class='ocrx_word' id='word_1_473' title='bbox 510 3954 685 4021; x_wconf 83' lang='grc' dir='ltr'><em>ναοῖς</em></span> <span class='ocrx_word' id='word_1_474' title='bbox 733 3959 766 4009; x_wconf 81' lang='grc' dir='ltr'><em>ὁ</em></span> <span class='ocrx_word' id='word_1_475' title='bbox 801 3957 945 4024; x_wconf 83' lang='grc' dir='ltr'><em>Θεὸς</em></span> <span class='ocrx_word' id='word_1_476' title='bbox 975 3959 1254 4022; x_wconf 82' lang='grc' dir='ltr'><em>κατοικεῖ,</em></span> <span class='ocrx_word' id='word_1_477' title='bbox 1289 3960 1405 4023; x_wconf 86' lang='grc' dir='ltr'><em>πῶς</em></span> <span class='ocrx_word' id='word_1_478' title='bbox 1433 3962 1490 4013; x_wconf 85' lang='grc' dir='ltr'><em>ὲν</em></span> <span class='ocrx_word' id='word_1_479' title='bbox 1538 3961 1616 4030; x_wconf 80' lang='grc' dir='ltr'><em>τῷ</em></span> <span class='ocrx_word' id='word_1_480' title='bbox 1666 3962 1776 4015; x_wconf 85' lang='grc' dir='ltr'><em>τῶν</em></span> 
     </span>
    </p>
   </div>
   <div class='ocr_carea' id='block_1_61' title="bbox 237 4040 1777 4123">
    <p class='ocr_par' dir='ltr' id='par_1_61' title="bbox 237 4040 1777 4123">
     <span class='ocr_line' id='line_1_61' title="bbox 237 4040 1777 4123; baseline 0.01 -30"><span class='ocrx_word' id='word_1_481' title='bbox 237 4040 483 4098; x_wconf 78' lang='grc' dir='ltr'><em>Ἰουδαίων</em></span> <span class='ocrx_word' id='word_1_482' title='bbox 512 4046 631 4116; x_wconf 82' lang='grc' dir='ltr'><strong>ναῷ</strong></span> <span class='ocrx_word' id='word_1_483' title='bbox 657 4047 873 4117; x_wconf 76' lang='grc' dir='ltr'><strong>ἐλέγετο</strong></span> <span class='ocrx_word' id='word_1_484' title='bbox 900 4052 1102 4115; x_wconf 75' lang='grc' dir='ltr'><em>οἰκεῖνς</em></span> <span class='ocrx_word' id='word_1_485' title='bbox 1136 4051 1241 4104; x_wconf 82' lang='lat' dir='ltr'><strong>AA&#39;</strong></span> <span class='ocrx_word' id='word_1_486' title='bbox 1264 4052 1392 4123; x_wconf 78' lang='grc' dir='ltr'><em>περὶ</em></span> <span class='ocrx_word' id='word_1_487' title='bbox 1411 4051 1526 4117; x_wconf 81' lang='grc' dir='ltr'>τοῦ,</span> <span class='ocrx_word' id='word_1_488' title='bbox 1560 4056 1627 4107; x_wconf 80' lang='lat' dir='ltr'><strong>El</strong></span> <span class='ocrx_word' id='word_1_489' title='bbox 1664 4053 1777 4121; x_wconf 80' lang='grc' dir='ltr'><em>ἄρα</em></span> 
     </span>
    </p>
   </div>
   <div class='ocr_carea' id='block_1_62' title="bbox 229 4135 1773 4215">
    <p class='ocr_par' dir='ltr' id='par_1_62' title="bbox 229 4135 1773 4215">
     <span class='ocr_line' id='line_1_62' title="bbox 229 4135 1773 4215; baseline 0.005 -25"><span class='ocrx_word' id='word_1_490' title='bbox 229 4135 649 4205; x_wconf 59' lang='grc' dir='ltr'><em>ψηλαφήσειαν</em></span> <span class='ocrx_word' id='word_1_491' title='bbox 702 4140 799 4193; x_wconf 72' lang='grc' dir='ltr'><em>καὶ</em></span> <span class='ocrx_word' id='word_1_492' title='bbox 863 4141 1095 4209; x_wconf 80' lang='grc' dir='ltr'><em>εὕροιεν</em></span> <span class='ocrx_word' id='word_1_493' title='bbox 1127 4145 1294 4197; x_wconf 86' lang='grc' dir='ltr'><em>Θεόν.</em></span> <span class='ocrx_word' id='word_1_494' title='bbox 1331 4145 1432 4197; x_wconf 89' lang='lat' dir='ltr'><strong>AB&#39;</strong></span> <span class='ocrx_word' id='word_1_495' title='bbox 1467 4146 1599 4215; x_wconf 80' lang='grc' dir='ltr'><em>περὶ</em></span> <span class='ocrx_word' id='word_1_496' title='bbox 1655 4145 1773 4211; x_wconf 79' lang='grc' dir='ltr'><em>τοῦ,</em></span> 
     </span>
    </p>
   </div>
   <div class='ocr_carea' id='block_1_63' title="bbox 236 4226 1777 4304">
    <p class='ocr_par' dir='ltr' id='par_1_63' title="bbox 236 4226 1777 4304">
     <span class='ocr_line' id='line_1_63' title="bbox 236 4226 1777 4304; baseline 0.008 -27"><span class='ocrx_word' id='word_1_497' title='bbox 236 4226 400 4295; x_wconf 75' lang='grc' dir='ltr'><strong>Ἀμὴν</strong></span> <span class='ocrx_word' id='word_1_498' title='bbox 470 4230 632 4298; x_wconf 77' lang='grc' dir='ltr'>λέγω</span> <span class='ocrx_word' id='word_1_499' title='bbox 683 4232 846 4300; x_wconf 80' lang='grc' dir='ltr'><strong>ὑμῖν,</strong></span> <span class='ocrx_word' id='word_1_500' title='bbox 872 4231 940 4299; x_wconf 87' lang='grc' dir='ltr'><strong>ὃς</strong></span> <span class='ocrx_word' id='word_1_501' title='bbox 980 4234 1059 4288; x_wconf 85' lang='grc' dir='ltr'><em>ἂν</em></span> <span class='ocrx_word' id='word_1_502' title='bbox 1084 4235 1222 4304; x_wconf 80' lang='grc' dir='ltr'><em>ειπῃ</em></span> <span class='ocrx_word' id='word_1_503' title='bbox 1277 4234 1358 4300; x_wconf 86' lang='grc' dir='ltr'><em>τῷ</em></span> <span class='ocrx_word' id='word_1_504' title='bbox 1403 4235 1521 4304; x_wconf 86' lang='grc' dir='ltr'><em>ὄρει</em></span> <span class='ocrx_word' id='word_1_505' title='bbox 1570 4239 1777 4301; x_wconf 81' lang='grc' dir='ltr'><em>τούτῳ,</em></span> 
     </span>
    </p>
   </div>
   <div class='ocr_carea' id='block_1_64' title="bbox 225 4318 1781 4395">
    <p class='ocr_par' dir='ltr' id='par_1_64' title="bbox 225 4318 1781 4395">
     <span class='ocr_line' id='line_1_64' title="bbox 225 4318 1781 4395; baseline 0.011 -28"><span class='ocrx_word' id='word_1_506' title='bbox 225 4318 444 4388; x_wconf 54' lang='lat' dir='ltr'><strong>uitii];</strong></span> <span class='ocrx_word' id='word_1_507' title='bbox 481 4320 556 4374; x_wconf 83' lang='grc'><strong>⁸⁸.</strong></span> <span class='ocrx_word' id='word_1_508' title='bbox 592 4322 843 4393; x_wconf 77' lang='grc' dir='ltr'><strong>ΛΓ¹περὶ</strong></span> <span class='ocrx_word' id='word_1_509' title='bbox 892 4323 1007 4391; x_wconf 79' lang='grc' dir='ltr'>τοῦ,</span> <span class='ocrx_word' id='word_1_510' title='bbox 1063 4325 1211 4380; x_wconf 88' lang='grc' dir='ltr'><em>Ὅσα</em></span> <span class='ocrx_word' id='word_1_511' title='bbox 1266 4325 1345 4382; x_wconf 85' lang='grc' dir='ltr'><em>ἂν</em></span> <span class='ocrx_word' id='word_1_512' title='bbox 1386 4328 1781 4395; x_wconf 82' lang='grc' dir='ltr'><em>προσευχόμε-</em></span> 
     </span>
    </p>
   </div>
   <div class='ocr_carea' id='block_1_65' title="bbox 224 4412 1776 4488">
    <p class='ocr_par' dir='ltr' id='par_1_65' title="bbox 224 4412 1776 4488">
     <span class='ocr_line' id='line_1_65' title="bbox 224 4412 1776 4488; baseline 0.008 -28"><span class='ocrx_word' id='word_1_513' title='bbox 224 4422 301 4461; x_wconf 82' lang='grc' dir='ltr'><em>νοι</em></span> <span class='ocrx_word' id='word_1_514' title='bbox 324 4412 577 4480; x_wconf 72' lang='grc' dir='ltr'><em>αιτῆσθε</em></span> <span class='ocrx_word' id='word_1_515' title='bbox 594 4412 663 4477; x_wconf 81' lang='grc'><strong>⁸⁸,</strong></span> <span class='ocrx_word' id='word_1_516' title='bbox 694 4417 1007 4470; x_wconf 81' lang='grc' dir='ltr'><em>πιστεύετε</em></span> <span class='ocrx_word' id='word_1_517' title='bbox 1034 4417 1124 4471; x_wconf 84' lang='grc' dir='ltr'><em>ὅτι</em></span> <span class='ocrx_word' id='word_1_518' title='bbox 1142 4418 1491 4487; x_wconf 78' lang='grc' dir='ltr'><em>λαμϐάνετε,</em></span> <span class='ocrx_word' id='word_1_519' title='bbox 1520 4421 1613 4471; x_wconf 71' lang='grc' dir='ltr'><em>καὶ</em></span> <span class='ocrx_word' id='word_1_520' title='bbox 1632 4421 1776 4488; x_wconf 70' lang='grc' dir='ltr'><strong>ἑξῆς.</strong></span> 
     </span>
    </p>
   </div>
   <div class='ocr_carea' id='block_1_66' title="bbox 226 4499 1778 4581">
    <p class='ocr_par' dir='ltr' id='par_1_66' title="bbox 226 4499 1778 4581">
     <span class='ocr_line' id='line_1_66' title="bbox 226 4499 1778 4581; baseline 0.007 -29"><span class='ocrx_word' id='word_1_521' title='bbox 226 4499 309 4551; x_wconf 80' lang='lat' dir='ltr'><strong>AA’</strong></span> <span class='ocrx_word' id='word_1_522' title='bbox 339 4504 471 4573; x_wconf 75' lang='grc' dir='ltr'><em>περὶ</em></span> <span class='ocrx_word' id='word_1_523' title='bbox 498 4504 596 4558; x_wconf 80' lang='grc' dir='ltr'><strong>τοῦ</strong></span> <span class='ocrx_word' id='word_1_524' title='bbox 613 4506 693 4559; x_wconf 84' lang='grc' dir='ltr'><strong>ὅτι</strong></span> <span class='ocrx_word' id='word_1_525' title='bbox 744 4506 788 4539; x_wconf 80' lang='grc'>⁸⁷</span> <span class='ocrx_word' id='word_1_526' title='bbox 821 4507 1155 4578; x_wconf 76' lang='grc' dir='ltr'><strong>κελευόμεθα</strong></span> <span class='ocrx_word' id='word_1_527' title='bbox 1182 4509 1413 4581; x_wconf 85' lang='grc' dir='ltr'><em>τρώγειν</em></span> <span class='ocrx_word' id='word_1_528' title='bbox 1460 4509 1557 4581; x_wconf 76' lang='grc' dir='ltr'><em>τὴν</em></span> <span class='ocrx_word' id='word_1_529' title='bbox 1599 4511 1778 4580; x_wconf 83' lang='grc' dir='ltr'><em>σάρκα</em></span> 
     </span>
    </p>
   </div>
   <div class='ocr_carea' id='block_1_67' title="bbox 227 4591 1781 4670">
    <p class='ocr_par' dir='ltr' id='par_1_67' title="bbox 227 4591 1781 4670">
     <span class='ocr_line' id='line_1_67' title="bbox 227 4591 1781 4670; baseline 0.01 -30"><span class='ocrx_word' id='word_1_530' title='bbox 227 4591 303 4642; x_wconf 76' lang='grc' dir='ltr'><em>καὶ</em></span> <span class='ocrx_word' id='word_1_531' title='bbox 347 4594 527 4648; x_wconf 78' lang='grc' dir='ltr'><em>πίνειν</em></span> <span class='ocrx_word' id='word_1_532' title='bbox 568 4597 631 4648; x_wconf 88' lang='grc' dir='ltr'><em>τὸ</em></span> <span class='ocrx_word' id='word_1_533' title='bbox 690 4591 866 4667; x_wconf 71' lang='grc' dir='ltr'>αἷμα,</span> <span class='ocrx_word' id='word_1_534' title='bbox 907 4599 981 4669; x_wconf 82' lang='grc' dir='ltr'><strong>μὴ</strong></span> <span class='ocrx_word' id='word_1_535' title='bbox 1043 4600 1347 4670; x_wconf 81' lang='grc' dir='ltr'><em>συντρίόειν</em></span> <span class='ocrx_word' id='word_1_536' title='bbox 1408 4600 1464 4654; x_wconf 86' lang='grc' dir='ltr'><strong>δὲ</strong></span> <span class='ocrx_word' id='word_1_537' title='bbox 1507 4602 1578 4654; x_wconf 86' lang='grc' dir='ltr'><em>τὰ</em></span> <span class='ocrx_word' id='word_1_538' title='bbox 1631 4604 1781 4656; x_wconf 85' lang='grc' dir='ltr'><em>ὀστᾶ.</em></span> 
     </span>
    </p>
   </div>
   <div class='ocr_carea' id='block_1_68' title="bbox 228 4682 1782 4762">
    <p class='ocr_par' dir='ltr' id='par_1_68' title="bbox 228 4682 1782 4762">
     <span class='ocr_line' id='line_1_68' title="bbox 228 4682 1782 4762; baseline 0.008 -28"><span class='ocrx_word' id='word_1_539' title='bbox 228 4682 311 4734; x_wconf 83' lang='grc' dir='ltr'><strong>ΛΕ⁹</strong></span> <span class='ocrx_word' id='word_1_540' title='bbox 353 4687 483 4757; x_wconf 76' lang='grc' dir='ltr'><em>περὶ</em></span> <span class='ocrx_word' id='word_1_541' title='bbox 511 4686 609 4740; x_wconf 79' lang='grc' dir='ltr'><em>τοῦ</em></span> <span class='ocrx_word' id='word_1_542' title='bbox 679 4689 762 4742; x_wconf 85' lang='grc' dir='ltr'><strong>ίνα</strong></span> <span class='ocrx_word' id='word_1_543' title='bbox 794 4691 910 4742; x_wconf 73' lang='grc' dir='ltr'><em>ἐστὶ</em></span> <span class='ocrx_word' id='word_1_544' title='bbox 937 4690 1005 4744; x_wconf 78' lang='grc' dir='ltr'><em>τὰ</em></span> <span class='ocrx_word' id='word_1_545' title='bbox 1035 4691 1144 4745; x_wconf 83' lang='grc' dir='ltr'><em>τῶν</em></span> <span class='ocrx_word' id='word_1_546' title='bbox 1174 4691 1465 4762; x_wconf 82' lang='grc' dir='ltr'><strong>θυομένων</strong></span> <span class='ocrx_word' id='word_1_547' title='bbox 1492 4693 1644 4758; x_wconf 74' lang='grc' dir='ltr'><strong>ζώων</strong></span> <span class='ocrx_word' id='word_1_548' title='bbox 1679 4694 1782 4747; x_wconf 82' lang='grc' dir='ltr'><strong>σώ-</strong></span> 
     </span>
    </p>
   </div>
   <div class='ocr_carea' id='block_1_69' title="bbox 231 4780 1780 4859">
    <p class='ocr_par' dir='ltr' id='par_1_69' title="bbox 231 4780 1780 4859">
     <span class='ocr_line' id='line_1_69' title="bbox 231 4780 1780 4859; baseline 0.014 -31"><span class='ocrx_word' id='word_1_549' title='bbox 231 4787 352 4840; x_wconf 64' lang='grc' dir='ltr'><em>ματα</em></span> <span class='ocrx_word' id='word_1_550' title='bbox 387 4782 503 4844; x_wconf 87' lang='grc' dir='ltr'><em>τοῖς</em></span> <span class='ocrx_word' id='word_1_551' title='bbox 575 4780 962 4851; x_wconf 77' lang='grc' dir='ltr'><strong>Ἰσραηλίταις.</strong></span> <span class='ocrx_word' id='word_1_552' title='bbox 990 4783 1111 4851; x_wconf 64' lang='lat' dir='ltr'><strong>Aq&#39;</strong></span> <span class='ocrx_word' id='word_1_553' title='bbox 1143 4784 1272 4855; x_wconf 71' lang='grc' dir='ltr'><em>περὶ</em></span> <span class='ocrx_word' id='word_1_554' title='bbox 1320 4785 1420 4855; x_wconf 81' lang='grc' dir='ltr'><em>τῆς</em></span> <span class='ocrx_word' id='word_1_555' title='bbox 1481 4785 1695 4857; x_wconf 75' lang='grc' dir='ltr'><em>ἐχίδνης</em></span> <span class='ocrx_word' id='word_1_556' title='bbox 1745 4786 1780 4859; x_wconf 75' lang='grc' dir='ltr'>ἢ</span> 
     </span>
    </p>
   </div>
   <div class='ocr_carea' id='block_1_70' title="bbox 319 4933 1780 5007">
    <p class='ocr_par' dir='ltr' id='par_1_70' title="bbox 319 4933 1780 5007">
     <span class='ocr_line' id='line_1_70' title="bbox 319 4933 1780 5007; baseline 0.005 -19"><span class='ocrx_word' id='word_1_557' title='bbox 319 4933 338 4974; x_wconf 77' lang='grc' dir='ltr'>ι</span> <span class='ocrx_word' id='word_1_558' title='bbox 365 4934 537 5007; x_wconf 74' lang='lat' dir='ltr'><strong>Judze,</strong></span> <span class='ocrx_word' id='word_1_559' title='bbox 566 4937 618 4992; x_wconf 88' lang='lat'><strong>6.</strong></span> <span class='ocrx_word' id='word_1_560' title='bbox 647 4945 687 4973; x_wconf 75' lang='grc' dir='ltr'>ω</span> <span class='ocrx_word' id='word_1_561' title='bbox 713 4936 880 5005; x_wconf 67' lang='lat' dir='ltr'><strong>ludas,</strong></span> <span class='ocrx_word' id='word_1_562' title='bbox 914 4938 1003 4995; x_wconf 76' lang='lat'><strong>25.</strong></span> <span class='ocrx_word' id='word_1_563' title='bbox 1064 4950 1093 4978; x_wconf 77' lang='grc' dir='ltr'><em>ιι</em></span> <span class='ocrx_word' id='word_1_564' title='bbox 1119 4940 1312 4994; x_wconf 76' lang='lat' dir='ltr'><strong>Rom.t</strong></span> <span class='ocrx_word' id='word_1_565' title='bbox 1348 4939 1439 4999; x_wconf 79' lang='grc'><strong>20.</strong></span> <span class='ocrx_word' id='word_1_566' title='bbox 1516 4948 1598 4990; x_wconf 69' lang='grc' dir='ltr'><strong>σοι)</strong></span> <span class='ocrx_word' id='word_1_567' title='bbox 1625 4941 1780 4996; x_wconf 78' lang='lat' dir='ltr'><strong>Exod.</strong></span> 
     </span>
    </p>
   </div>
   <div class='ocr_carea' id='block_1_71' title="bbox 1871 4933 2666 5007">
    <p class='ocr_par' dir='ltr' id='par_1_71' title="bbox 1871 4938 2666 5007">
     <span class='ocr_line' id='line_1_71' title="bbox 1871 4938 2666 5007; baseline 0.001 -14"><span class='ocrx_word' id='word_1_568' title='bbox 1871 4956 1993 5007; x_wconf 82' lang='lat' dir='ltr'><strong>ml,</strong></span> <span class='ocrx_word' id='word_1_569' title='bbox 2020 4940 2073 4995; x_wconf 72' lang='grc'><strong>4.</strong></span> <span class='ocrx_word' id='word_1_570' title='bbox 2150 4938 2425 5007; x_wconf 64' lang='grc' dir='ltr'><strong>(ιη’,Ειοὼ</strong></span> <span class='ocrx_word' id='word_1_571' title='bbox 2452 4955 2524 5003; x_wconf 83' lang='grc' dir='ltr'>ιν,</span> <span class='ocrx_word' id='word_1_572' title='bbox 2577 4941 2666 4994; x_wconf 70' lang='grc'><strong>24.</strong></span> 
     </span>
    </p>
   </div>
   <div class='ocr_carea' id='block_1_72' title="bbox 232 5006 1963 5077">
    <p class='ocr_par' dir='ltr' id='par_1_72' title="bbox 232 5006 1963 5077">
     <span class='ocr_line' id='line_1_72' title="bbox 232 5006 1963 5077; baseline 0.002 -18"><span class='ocrx_word' id='word_1_573' title='bbox 232 5017 262 5054; x_wconf 80' lang='grc' dir='ltr'><em>ιι</em></span> <span class='ocrx_word' id='word_1_574' title='bbox 284 5045 297 5068; x_wconf 87' lang='grc'><strong>,</strong></span> <span class='ocrx_word' id='word_1_575' title='bbox 325 5006 387 5059; x_wconf 77' lang='grc'><strong>12</strong></span> <span class='ocrx_word' id='word_1_576' title='bbox 423 5015 474 5061; x_wconf 77' lang='grc' dir='ltr'>,ιι</span> <span class='ocrx_word' id='word_1_577' title='bbox 504 5007 697 5064; x_wconf 86' lang='lat' dir='ltr'><strong>Matth.</strong></span> <span class='ocrx_word' id='word_1_578' title='bbox 727 5024 837 5072; x_wconf 74' lang='lat' dir='ltr'><strong>ut,</strong></span> <span class='ocrx_word' id='word_1_579' title='bbox 882 5011 984 5076; x_wconf 70' lang='lat'><strong>19;</strong></span> <span class='ocrx_word' id='word_1_580' title='bbox 1018 5009 1181 5063; x_wconf 81' lang='lat' dir='ltr'><strong>Marc.</strong></span> <span class='ocrx_word' id='word_1_581' title='bbox 1212 5026 1287 5075; x_wconf 68' lang='grc' dir='ltr'>χι,</span> <span class='ocrx_word' id='word_1_582' title='bbox 1313 5011 1403 5066; x_wconf 76' lang='lat'><strong>20.</strong></span> <span class='ocrx_word' id='word_1_583' title='bbox 1485 5021 1513 5050; x_wconf 74' lang='grc' dir='ltr'><strong>ν</strong></span> <span class='ocrx_word' id='word_1_584' title='bbox 1543 5011 1743 5065; x_wconf 88' lang='lat' dir='ltr'><strong>Coloss.</strong></span> <span class='ocrx_word' id='word_1_585' title='bbox 1782 5027 1844 5077; x_wconf 88' lang='grc' dir='ltr'><strong>ιι,</strong></span> <span class='ocrx_word' id='word_1_586' title='bbox 1878 5011 1963 5064; x_wconf 83' lang='grc'><strong>15.</strong></span> 
     </span>
    </p>
   </div>
   <div class='ocr_carea' id='block_1_73' title="bbox 1321 5080 1840 5148">
    <p class='ocr_par' dir='ltr' id='par_1_73' title="bbox 1321 5080 1840 5148">
     <span class='ocr_line' id='line_1_73' title="bbox 1321 5080 1840 5148; baseline 0 -13"><span class='ocrx_word' id='word_1_587' title='bbox 1321 5092 1342 5119; x_wconf 75' lang='grc' dir='ltr'><strong>ο</strong></span> <span class='ocrx_word' id='word_1_588' title='bbox 1371 5080 1493 5135; x_wconf 86' lang='lat' dir='ltr'><strong>Act.</strong></span> <span class='ocrx_word' id='word_1_589' title='bbox 1524 5097 1579 5144; x_wconf 70' lang='grc' dir='ltr'>Χ,</span> <span class='ocrx_word' id='word_1_590' title='bbox 1611 5082 1631 5133; x_wconf 84' lang='grc'>1</span> <span class='ocrx_word' id='word_1_591' title='bbox 1690 5096 1840 5148; x_wconf 76' lang='lat' dir='ltr'><strong>seqq.</strong></span> 
     </span>
    </p>
   </div>
   <div class='ocr_carea' id='block_1_74' title="bbox 781 5146 2354 5213">
    <p class='ocr_par' dir='ltr' id='par_1_74' title="bbox 781 5146 2354 5213">
     <span class='ocr_line' id='line_1_74' title="bbox 781 5146 2354 5213; baseline -0.001 -11"><span class='ocrx_word' id='word_1_592' title='bbox 781 5146 807 5184; x_wconf 65' lang='grc' dir='ltr'><em>δ</em></span> <span class='ocrx_word' id='word_1_593' title='bbox 833 5150 955 5202; x_wconf 81' lang='lat' dir='ltr'><strong>Act.</strong></span> <span class='ocrx_word' id='word_1_594' title='bbox 992 5166 1124 5211; x_wconf 81' lang='lat' dir='ltr'><strong>xvu,</strong></span> <span class='ocrx_word' id='word_1_595' title='bbox 1164 5149 1254 5203; x_wconf 73' lang='lat'><strong>27.</strong></span> <span class='ocrx_word' id='word_1_596' title='bbox 1338 5151 1355 5191; x_wconf 74' lang='grc' dir='ltr'><strong>ί</strong></span> <span class='ocrx_word' id='word_1_597' title='bbox 1390 5150 1554 5205; x_wconf 85' lang='lat' dir='ltr'><strong>Marc.</strong></span> <span class='ocrx_word' id='word_1_598' title='bbox 1584 5167 1657 5213; x_wconf 77' lang='grc' dir='ltr'>λι,</span> <span class='ocrx_word' id='word_1_599' title='bbox 1702 5146 1817 5213; x_wconf 57' lang='grc' dir='ltr'><strong>’ὶόξ</strong></span> <span class='ocrx_word' id='word_1_600' title='bbox 1858 5149 2050 5202; x_wconf 87' lang='lat' dir='ltr'><strong>Matth.</strong></span> <span class='ocrx_word' id='word_1_601' title='bbox 2100 5165 2231 5213; x_wconf 81' lang='lat' dir='ltr'><strong>xvu,</strong></span> <span class='ocrx_word' id='word_1_602' title='bbox 2266 5150 2354 5206; x_wconf 71' lang='lat'><strong>20.</strong></span> 
     </span>
    </p>
   </div>
   <div class='ocr_carea' id='block_1_75' title="bbox 232 5205 1780 5291">
    <p class='ocr_par' dir='ltr' id='par_1_75' title="bbox 232 5205 1739 5291">
     <span class='ocr_line' id='line_1_75' title="bbox 232 5205 1739 5291; baseline 0.007 -26"><span class='ocrx_word' id='word_1_603' title='bbox 232 5205 257 5245; x_wconf 65' lang='grc' dir='ltr'><strong>λ</strong></span> <span class='ocrx_word' id='word_1_604' title='bbox 282 5213 428 5270; x_wconf 82' lang='lat' dir='ltr'><strong>loan.</strong></span> <span class='ocrx_word' id='word_1_605' title='bbox 464 5230 541 5282; x_wconf 81' lang='grc' dir='ltr'>νι,</span> <span class='ocrx_word' id='word_1_606' title='bbox 588 5228 646 5273; x_wconf 90' lang='lat' dir='ltr'><strong>et</strong></span> <span class='ocrx_word' id='word_1_607' title='bbox 678 5233 791 5281; x_wconf 72' lang='lat' dir='ltr'><strong>xu,</strong></span> <span class='ocrx_word' id='word_1_608' title='bbox 821 5219 921 5288; x_wconf 85' lang='lat'><strong>55;</strong></span> <span class='ocrx_word' id='word_1_609' title='bbox 948 5205 1121 5273; x_wconf 67' lang='lat' dir='ltr'><strong>Exodi</strong></span> <span class='ocrx_word' id='word_1_610' title='bbox 1148 5235 1245 5286; x_wconf 77' lang='lat' dir='ltr'><strong>xu,</strong></span> <span class='ocrx_word' id='word_1_611' title='bbox 1280 5219 1350 5287; x_wconf 88' lang='lat'><strong>9;</strong></span> <span class='ocrx_word' id='word_1_612' title='bbox 1386 5221 1548 5276; x_wconf 82' lang='lat' dir='ltr'><strong>Num.</strong></span> <span class='ocrx_word' id='word_1_613' title='bbox 1583 5205 1658 5286; x_wconf 67' lang='grc' dir='ltr'>ιιι,</span> <span class='ocrx_word' id='word_1_614' title='bbox 1686 5237 1739 5291; x_wconf 85' lang='lat'><strong>9.</strong></span> 
     </span>
    </p>
   </div>
   <div class='ocr_carea' id='block_1_76' title="bbox 1871 5205 2299 5291">
    <p class='ocr_par' dir='ltr' id='par_1_76' title="bbox 1871 5205 2299 5285">
     <span class='ocr_line' id='line_1_76' title="bbox 1871 5205 2299 5285; baseline 0.005 -12"><span class='ocrx_word' id='word_1_615' title='bbox 1871 5220 1974 5276; x_wconf 62' lang='grc' dir='ltr'>λοι.</span> <span class='ocrx_word' id='word_1_616' title='bbox 2008 5233 2198 5285; x_wconf 70' lang='lat' dir='ltr'><strong>nun,</strong></span> <span class='ocrx_word' id='word_1_617' title='bbox 2220 5205 2299 5275; x_wconf 43' lang='lat'><strong>&#39;5.</strong></span> 
     </span>
    </p>
   </div>
   <div class='ocr_carea' id='block_1_77' title="bbox 232 5078 653 5141">
    <p class='ocr_par' dir='ltr' id='par_1_77' title="bbox 232 5078 653 5141">
     <span class='ocr_line' id='line_1_77' title="bbox 232 5078 653 5141; baseline 0.019 -15"><span class='ocrx_word' id='word_1_618' title='bbox 232 5083 251 5110; x_wconf 77' lang='grc'><strong><em>⁸</em></strong></span> <span class='ocrx_word' id='word_1_619' title='bbox 277 5078 389 5131; x_wconf 71' lang='lat' dir='ltr'><strong>Aut.</strong></span> <span class='ocrx_word' id='word_1_620' title='bbox 424 5091 524 5141; x_wconf 73' lang='lat' dir='ltr'><strong>XII,</strong></span> <span class='ocrx_word' id='word_1_621' title='bbox 567 5079 653 5134; x_wconf 81' lang='grc'><strong>10.</strong></span> 
     </span>
    </p>
   </div>
   <div class='ocr_carea' id='block_1_78' title="bbox 755 5079 1201 5139">
    <p class='ocr_par' dir='ltr' id='par_1_78' title="bbox 755 5079 1201 5139">
     <span class='ocr_line' id='line_1_78' title="bbox 755 5079 1201 5139; baseline 0.004 -9"><span class='ocrx_word' id='word_1_622' title='bbox 755 5079 783 5117; x_wconf 76' lang='lat' dir='ltr'><strong>b</strong></span> <span class='ocrx_word' id='word_1_623' title='bbox 814 5080 827 5130; x_wconf 94' lang='lat' dir='ltr'><strong>I</strong></span> <span class='ocrx_word' id='word_1_624' title='bbox 862 5080 988 5134; x_wconf 91' lang='lat' dir='ltr'><strong>Cor.</strong></span> <span class='ocrx_word' id='word_1_625' title='bbox 1021 5096 1099 5139; x_wconf 73' lang='grc' dir='ltr'>ιι,</span> <span class='ocrx_word' id='word_1_626' title='bbox 1147 5080 1201 5133; x_wconf 88' lang='lat'><strong>5.</strong></span> 
     </span>
    </p>
   </div>
   <div class='ocr_carea' id='block_1_79' title="bbox 232 5141 673 5201">
    <p class='ocr_par' dir='ltr' id='par_1_79' title="bbox 232 5141 673 5201">
     <span class='ocr_line' id='line_1_79' title="bbox 232 5141 673 5201; baseline 0.016 -7"><span class='ocrx_word' id='word_1_627' title='bbox 232 5141 255 5179; x_wconf 71' lang='grc' dir='ltr'><em>ε</em></span> <span class='ocrx_word' id='word_1_628' title='bbox 277 5148 387 5199; x_wconf 85' lang='lat' dir='ltr'><strong>Act.</strong></span> <span class='ocrx_word' id='word_1_629' title='bbox 419 5162 556 5200; x_wconf 78' lang='lat' dir='ltr'><strong>xvn.</strong></span> <span class='ocrx_word' id='word_1_630' title='bbox 584 5148 673 5201; x_wconf 66' lang='grc'><strong>24.</strong></span> 
     </span>
    </p>
   </div>
   <div class='ocr_carea' id='block_1_80' title="bbox 1868 2394 3441 2454">
    <p class='ocr_par' dir='ltr' id='par_1_80' title="bbox 1868 2394 3441 2454">
     <span class='ocr_line' id='line_1_80' title="bbox 1868 2394 3441 2454; baseline -0.003 -2"><span class='ocrx_word' id='word_1_631' title='bbox 1868 2397 2032 2453; x_wconf 86' lang='lat' dir='ltr'><strong>XXII.</strong></span> <span class='ocrx_word' id='word_1_632' title='bbox 2061 2398 2137 2454; x_wconf 88' lang='lat' dir='ltr'><strong>De</strong></span> <span class='ocrx_word' id='word_1_633' title='bbox 2190 2398 2282 2452; x_wconf 88' lang='lat' dir='ltr'><strong>illo</strong></span> <span class='ocrx_word' id='word_1_634' title='bbox 2311 2398 2496 2453; x_wconf 84' lang='lat' dir='ltr'><strong>dicto:</strong></span> <span class='ocrx_word' id='word_1_635' title='bbox 2536 2398 2691 2451; x_wconf 86' lang='lat' dir='ltr'><strong>Dabit</strong></span> <span class='ocrx_word' id='word_1_636' title='bbox 2715 2397 2798 2450; x_wconf 83' lang='lat' dir='ltr'><strong>illi</strong></span> <span class='ocrx_word' id='word_1_637' title='bbox 2828 2397 2969 2450; x_wconf 82' lang='lat' dir='ltr'><strong>Deus</strong></span> <span class='ocrx_word' id='word_1_638' title='bbox 3017 2397 3228 2449; x_wconf 87' lang='lat' dir='ltr'><strong>domum</strong></span> <span class='ocrx_word' id='word_1_639' title='bbox 3275 2394 3441 2448; x_wconf 77' lang='lat' dir='ltr'><strong>Dauid</strong></span> 
     </span>
    </p>
   </div>
   <div class='ocr_carea' id='block_1_81' title="bbox 1866 2491 3440 2560">
    <p class='ocr_par' dir='ltr' id='par_1_81' title="bbox 1866 2491 3440 2560">
     <span class='ocr_line' id='line_1_81' title="bbox 1866 2491 3440 2560; baseline -0.004 -16"><span class='ocrx_word' id='word_1_640' title='bbox 1866 2492 2031 2559; x_wconf 87' lang='lat' dir='ltr'><strong>patris</strong></span> <span class='ocrx_word' id='word_1_641' title='bbox 2090 2491 2174 2544; x_wconf 89' lang='lat' dir='ltr'><strong>sui</strong></span> <span class='ocrx_word' id='word_1_642' title='bbox 2211 2501 2260 2545; x_wconf 68' lang='grc' dir='ltr'><strong>ε.</strong></span> <span class='ocrx_word' id='word_1_643' title='bbox 2308 2491 2590 2557; x_wconf 88' lang='lat' dir='ltr'><strong>Quomodo</strong></span> <span class='ocrx_word' id='word_1_644' title='bbox 2630 2492 2759 2543; x_wconf 86' lang='lat' dir='ltr'><strong>dare</strong></span> <span class='ocrx_word' id='word_1_645' title='bbox 2802 2499 3002 2560; x_wconf 87' lang='lat' dir='ltr'><strong>potest,</strong></span> <span class='ocrx_word' id='word_1_646' title='bbox 3054 2504 3176 2543; x_wconf 87' lang='lat' dir='ltr'><strong>cum</strong></span> <span class='ocrx_word' id='word_1_647' title='bbox 3220 2503 3440 2557; x_wconf 81' lang='lat' dir='ltr'><strong>regnum</strong></span> 
     </span>
    </p>
   </div>
   <div class='ocr_carea' id='block_1_82' title="bbox 1872 2582 3444 2649">
    <p class='ocr_par' dir='ltr' id='par_1_82' title="bbox 1872 2582 3444 2649">
     <span class='ocr_line' id='line_1_82' title="bbox 1872 2582 3444 2649; baseline -0.003 -14"><span class='ocrx_word' id='word_1_648' title='bbox 1872 2582 2037 2636; x_wconf 83' lang='lat' dir='ltr'><strong>David</strong></span> <span class='ocrx_word' id='word_1_649' title='bbox 2085 2582 2150 2635; x_wconf 89' lang='lat' dir='ltr'><strong>ad</strong></span> <span class='ocrx_word' id='word_1_650' title='bbox 2185 2596 2277 2636; x_wconf 89' lang='lat' dir='ltr'><strong>eas</strong></span> <span class='ocrx_word' id='word_1_651' title='bbox 2306 2582 2589 2636; x_wconf 87' lang='lat' dir='ltr'><strong>devenerit</strong></span> <span class='ocrx_word' id='word_1_652' title='bbox 2635 2591 2846 2649; x_wconf 80' lang='lat' dir='ltr'><strong>gentes,</strong></span> <span class='ocrx_word' id='word_1_653' title='bbox 2883 2596 3002 2649; x_wconf 66' lang='lat' dir='ltr'><strong>quae</strong></span> <span class='ocrx_word' id='word_1_654' title='bbox 3048 2588 3238 2634; x_wconf 88' lang='lat' dir='ltr'><strong>natum</strong></span> <span class='ocrx_word' id='word_1_655' title='bbox 3268 2595 3335 2634; x_wconf 82' lang='lat' dir='ltr'><strong>ex</strong></span> <span class='ocrx_word' id='word_1_656' title='bbox 3377 2592 3444 2632; x_wconf 89' lang='lat' dir='ltr'><strong>eo</strong></span> 
     </span>
    </p>
   </div>
   <div class='ocr_carea' id='block_1_83' title="bbox 1870 2671 3444 2744">
    <p class='ocr_par' dir='ltr' id='par_1_83' title="bbox 1870 2671 3444 2744">
     <span class='ocr_line' id='line_1_83' title="bbox 1870 2671 3444 2744; baseline -0.001 -16"><span class='ocrx_word' id='word_1_657' title='bbox 1870 2690 1977 2728; x_wconf 84' lang='lat' dir='ltr'><strong>nou</strong></span> <span class='ocrx_word' id='word_1_658' title='bbox 2026 2673 2435 2744; x_wconf 84' lang='lat' dir='ltr'><strong>cognoverunt?</strong></span> <span class='ocrx_word' id='word_1_659' title='bbox 2487 2672 2675 2727; x_wconf 84' lang='lat' dir='ltr'><strong>XXIII.</strong></span> <span class='ocrx_word' id='word_1_660' title='bbox 2728 2673 2867 2740; x_wconf 86' lang='lat' dir='ltr'><strong>Quid</strong></span> <span class='ocrx_word' id='word_1_661' title='bbox 2912 2682 3043 2727; x_wconf 89' lang='lat' dir='ltr'><strong>est:</strong></span> <span class='ocrx_word' id='word_1_662' title='bbox 3094 2671 3444 2726; x_wconf 74' lang='lat' dir='ltr'><strong>Transeuntes</strong></span> 
     </span>
    </p>
   </div>
   <div class='ocr_carea' id='block_1_84' title="bbox 1871 2765 3445 2837">
    <p class='ocr_par' dir='ltr' id='par_1_84' title="bbox 1871 2765 3445 2837">
     <span class='ocr_line' id='line_1_84' title="bbox 1871 2765 3445 2837; baseline 0 -18"><span class='ocrx_word' id='word_1_663' title='bbox 1871 2769 2095 2837; x_wconf 84' lang='lat' dir='ltr'><strong>primum</strong></span> <span class='ocrx_word' id='word_1_664' title='bbox 2154 2777 2200 2821; x_wconf 89' lang='lat' dir='ltr'><strong>et</strong></span> <span class='ocrx_word' id='word_1_665' title='bbox 2266 2769 2553 2821; x_wconf 87' lang='lat' dir='ltr'><strong>secundam</strong></span> <span class='ocrx_word' id='word_1_666' title='bbox 2618 2769 2910 2820; x_wconf 83' lang='lat' dir='ltr'><strong>custodiam</strong></span> <span class='ocrx_word' id='word_1_667' title='bbox 2960 2766 3040 2820; x_wconf 71' lang='grc' dir='ltr'>δι</span> <span class='ocrx_word' id='word_1_668' title='bbox 3087 2776 3142 2821; x_wconf 87' lang='lat' dir='ltr'><strong>et</strong></span> <span class='ocrx_word' id='word_1_669' title='bbox 3189 2781 3310 2835; x_wconf 58' lang='lat' dir='ltr'><strong>qua!</strong></span> <span class='ocrx_word' id='word_1_670' title='bbox 3348 2765 3445 2819; x_wconf 75' lang='lat' dir='ltr'><strong>illa</strong></span> 
     </span>
    </p>
   </div>
   <div class='ocr_carea' id='block_1_85' title="bbox 1877 2856 3444 2927">
    <p class='ocr_par' dir='ltr' id='par_1_85' title="bbox 1877 2856 3444 2927">
     <span class='ocr_line' id='line_1_85' title="bbox 1877 2856 3444 2927; baseline -0.001 -16"><span class='ocrx_word' id='word_1_671' title='bbox 1877 2868 2030 2927; x_wconf 88' lang='lat' dir='ltr'><strong>porta</strong></span> <span class='ocrx_word' id='word_1_672' title='bbox 2080 2858 2286 2913; x_wconf 77' lang='lat' dir='ltr'><strong>ferrea?</strong></span> <span class='ocrx_word' id='word_1_673' title='bbox 2320 2857 2510 2913; x_wconf 82' lang='lat' dir='ltr'><strong>XXIV.</strong></span> <span class='ocrx_word' id='word_1_674' title='bbox 2566 2858 2645 2912; x_wconf 90' lang='lat' dir='ltr'><strong>De</strong></span> <span class='ocrx_word' id='word_1_675' title='bbox 2711 2857 2847 2912; x_wconf 88' lang='lat' dir='ltr'><strong>illo:</strong></span> <span class='ocrx_word' id='word_1_676' title='bbox 2895 2856 3081 2911; x_wconf 84' lang='lat' dir='ltr'><strong>Omnis</strong></span> <span class='ocrx_word' id='word_1_677' title='bbox 3145 2857 3242 2911; x_wconf 75' lang='lat' dir='ltr'><strong>viri</strong></span> <span class='ocrx_word' id='word_1_678' title='bbox 3289 2867 3444 2925; x_wconf 84' lang='lat' dir='ltr'><strong>caput</strong></span> 
     </span>
    </p>
   </div>
   <div class='ocr_carea' id='block_1_86' title="bbox 1871 2946 3445 3021">
    <p class='ocr_par' dir='ltr' id='par_1_86' title="bbox 1871 2946 3445 3021">
     <span class='ocr_line' id='line_1_86' title="bbox 1871 2946 3445 3021; baseline -0.004 -15"><span class='ocrx_word' id='word_1_679' title='bbox 1871 2950 2110 3006; x_wconf 78' lang='lat' dir='ltr'><strong>Christus</strong></span> <span class='ocrx_word' id='word_1_680' title='bbox 2127 2958 2227 3014; x_wconf 87' lang='lat' dir='ltr'><strong>est,</strong></span> <span class='ocrx_word' id='word_1_681' title='bbox 2254 2959 2311 3005; x_wconf 90' lang='lat' dir='ltr'><strong>et</strong></span> <span class='ocrx_word' id='word_1_682' title='bbox 2333 2966 2453 3021; x_wconf 69' lang='lat' dir='ltr'><strong>quae</strong></span> <span class='ocrx_word' id='word_1_683' title='bbox 2471 2961 2774 3019; x_wconf 79' lang='lat' dir='ltr'><strong>sequuntur</strong></span> <span class='ocrx_word' id='word_1_684' title='bbox 2809 2959 2855 3003; x_wconf 80' lang='grc' dir='ltr'><strong>ο.</strong></span> <span class='ocrx_word' id='word_1_685' title='bbox 2888 2946 3054 3002; x_wconf 87' lang='lat' dir='ltr'><strong>XXV.</strong></span> <span class='ocrx_word' id='word_1_686' title='bbox 3086 2948 3163 3003; x_wconf 87' lang='lat' dir='ltr'><strong>De</strong></span> <span class='ocrx_word' id='word_1_687' title='bbox 3190 2963 3313 3018; x_wconf 82' lang='lat' dir='ltr'><strong>rege</strong></span> <span class='ocrx_word' id='word_1_688' title='bbox 3344 2947 3445 3000; x_wconf 66' lang='lat' dir='ltr'><strong>Bai--</strong></span> 
     </span>
    </p>
   </div>
   <div class='ocr_carea' id='block_1_87' title="bbox 1872 3041 3448 3115">
    <p class='ocr_par' dir='ltr' id='par_1_87' title="bbox 1872 3041 3448 3115">
     <span class='ocr_line' id='line_1_87' title="bbox 1872 3041 3448 3115; baseline -0.001 -18"><span class='ocrx_word' id='word_1_689' title='bbox 1872 3043 2109 3115; x_wconf 84' lang='lat' dir='ltr'><strong>bylonis,</strong></span> <span class='ocrx_word' id='word_1_690' title='bbox 2142 3054 2199 3098; x_wconf 91' lang='lat' dir='ltr'><strong>et</strong></span> <span class='ocrx_word' id='word_1_691' title='bbox 2221 3042 2385 3108; x_wconf 84' lang='lat' dir='ltr'><strong>Juda,</strong></span> <span class='ocrx_word' id='word_1_692' title='bbox 2416 3052 2471 3098; x_wconf 90' lang='lat' dir='ltr'><strong>et</strong></span> <span class='ocrx_word' id='word_1_693' title='bbox 2493 3044 2755 3114; x_wconf 80' lang='lat' dir='ltr'><strong>gentium.</strong></span> <span class='ocrx_word' id='word_1_694' title='bbox 2781 3041 2969 3097; x_wconf 84' lang='lat' dir='ltr'><strong>XXVI.</strong></span> <span class='ocrx_word' id='word_1_695' title='bbox 3000 3042 3076 3096; x_wconf 91' lang='lat' dir='ltr'><strong>De</strong></span> <span class='ocrx_word' id='word_1_696' title='bbox 3115 3042 3448 3096; x_wconf 87' lang='lat' dir='ltr'><strong>revelatione</strong></span> 
     </span>
    </p>
   </div>
   <div class='ocr_carea' id='block_1_88' title="bbox 1872 3132 3446 3205">
    <p class='ocr_par' dir='ltr' id='par_1_88' title="bbox 1872 3132 3446 3205">
     <span class='ocr_line' id='line_1_88' title="bbox 1872 3132 3446 3205; baseline -0.003 -16"><span class='ocrx_word' id='word_1_697' title='bbox 1872 3133 2039 3190; x_wconf 89' lang='lat' dir='ltr'><strong>Petro</strong></span> <span class='ocrx_word' id='word_1_698' title='bbox 2085 3149 2249 3205; x_wconf 87' lang='lat' dir='ltr'><strong>super</strong></span> <span class='ocrx_word' id='word_1_699' title='bbox 2287 3134 2546 3190; x_wconf 87' lang='lat' dir='ltr'><strong>Cornelio</strong></span> <span class='ocrx_word' id='word_1_700' title='bbox 2590 3133 2753 3201; x_wconf 80' lang='lat' dir='ltr'><strong>facta,</strong></span> <span class='ocrx_word' id='word_1_701' title='bbox 2800 3144 2967 3203; x_wconf 87' lang='lat' dir='ltr'><strong>utque</strong></span> <span class='ocrx_word' id='word_1_702' title='bbox 3004 3132 3237 3189; x_wconf 80' lang='lat' dir='ltr'><strong>Cornelii</strong></span> <span class='ocrx_word' id='word_1_703' title='bbox 3287 3145 3446 3186; x_wconf 83' lang='lat' dir='ltr'><strong>causa</strong></span> 
     </span>
    </p>
   </div>
   <div class='ocr_carea' id='block_1_89' title="bbox 1873 3224 3448 3297">
    <p class='ocr_par' dir='ltr' id='par_1_89' title="bbox 1873 3224 3448 3297">
     <span class='ocr_line' id='line_1_89' title="bbox 1873 3224 3448 3297; baseline 0.002 -18"><span class='ocrx_word' id='word_1_704' title='bbox 1873 3228 2087 3297; x_wconf 87' lang='lat' dir='ltr'><strong>quidam</strong></span> <span class='ocrx_word' id='word_1_705' title='bbox 2128 3229 2390 3281; x_wconf 88' lang='lat' dir='ltr'><strong>adversus</strong></span> <span class='ocrx_word' id='word_1_706' title='bbox 2450 3224 2673 3281; x_wconf 88' lang='lat' dir='ltr'><strong>Petrum</strong></span> <span class='ocrx_word' id='word_1_707' title='bbox 2730 3227 3086 3295; x_wconf 83' lang='lat' dir='ltr'><strong>disceptarint</strong></span> <span class='ocrx_word' id='word_1_708' title='bbox 3128 3224 3179 3277; x_wconf 75' lang='grc' dir='ltr'><strong>ἀ.</strong></span> <span class='ocrx_word' id='word_1_709' title='bbox 3231 3224 3448 3282; x_wconf 82' lang='lat' dir='ltr'><strong>XXVII.</strong></span> 
     </span>
    </p>
   </div>
   <div class='ocr_carea' id='block_1_90' title="bbox 1873 3315 3428 3385">
    <p class='ocr_par' dir='ltr' id='par_1_90' title="bbox 1873 3315 3428 3385">
     <span class='ocr_line' id='line_1_90' title="bbox 1873 3315 3428 3385; baseline -0.002 -15"><span class='ocrx_word' id='word_1_710' title='bbox 1873 3318 1952 3371; x_wconf 82' lang='lat' dir='ltr'><strong>Ad</strong></span> <span class='ocrx_word' id='word_1_711' title='bbox 1984 3333 2122 3385; x_wconf 90' lang='lat' dir='ltr'><strong>quos</strong></span> <span class='ocrx_word' id='word_1_712' title='bbox 2159 3317 2362 3371; x_wconf 87' lang='lat' dir='ltr'><strong>dictum</strong></span> <span class='ocrx_word' id='word_1_713' title='bbox 2390 3318 2464 3372; x_wconf 88' lang='lat' dir='ltr'><strong>sit</strong></span> <span class='ocrx_word' id='word_1_714' title='bbox 2490 3337 2502 3372; x_wconf 91' lang='lat'>:</span> <span class='ocrx_word' id='word_1_715' title='bbox 2534 3315 2736 3380; x_wconf 83' lang='lat' dir='ltr'><strong>Venite,</strong></span> <span class='ocrx_word' id='word_1_716' title='bbox 2759 3327 2807 3371; x_wconf 88' lang='lat' dir='ltr'><strong>et</strong></span> <span class='ocrx_word' id='word_1_717' title='bbox 2825 3318 3221 3379; x_wconf 85' lang='lat' dir='ltr'><strong>descendamus,</strong></span> <span class='ocrx_word' id='word_1_718' title='bbox 3252 3327 3298 3367; x_wconf 92' lang='lat' dir='ltr'><strong>et</strong></span> <span class='ocrx_word' id='word_1_719' title='bbox 3330 3332 3428 3368; x_wconf 86' lang='lat' dir='ltr'><strong>con</strong></span> 
     </span>
    </p>
   </div>
   <div class='ocr_carea' id='block_1_91' title="bbox 1875 3406 3444 3481">
    <p class='ocr_par' dir='ltr' id='par_1_91' title="bbox 1875 3406 3444 3481">
     <span class='ocr_line' id='line_1_91' title="bbox 1875 3406 3444 3481; baseline -0.002 -17"><span class='ocrx_word' id='word_1_720' title='bbox 1875 3412 2162 3481; x_wconf 77' lang='lat' dir='ltr'><strong>fundamus</strong></span> <span class='ocrx_word' id='word_1_721' title='bbox 2207 3410 2443 3478; x_wconf 88' lang='lat' dir='ltr'><strong>ipsorum</strong></span> <span class='ocrx_word' id='word_1_722' title='bbox 2482 3409 2691 3479; x_wconf 86' lang='lat' dir='ltr'><strong>linguas</strong></span> <span class='ocrx_word' id='word_1_723' title='bbox 2735 3420 2781 3464; x_wconf 82' lang='lat'><strong>°.</strong></span> <span class='ocrx_word' id='word_1_724' title='bbox 2834 3408 3073 3464; x_wconf 85' lang='lat' dir='ltr'><strong>XXVIII.</strong></span> <span class='ocrx_word' id='word_1_725' title='bbox 3124 3406 3260 3474; x_wconf 87' lang='lat' dir='ltr'><strong>Quid</strong></span> <span class='ocrx_word' id='word_1_726' title='bbox 3292 3410 3361 3462; x_wconf 86' lang='lat' dir='ltr'><strong>sit</strong></span> <span class='ocrx_word' id='word_1_727' title='bbox 3390 3408 3444 3461; x_wconf 90' lang='lat' dir='ltr'><strong>in</strong></span> 
     </span>
    </p>
   </div>
   <div class='ocr_carea' id='block_1_92' title="bbox 1874 3499 3450 3570">
    <p class='ocr_par' dir='ltr' id='par_1_92' title="bbox 1874 3499 3450 3570">
     <span class='ocr_line' id='line_1_92' title="bbox 1874 3499 3450 3570; baseline -0.003 -14"><span class='ocrx_word' id='word_1_728' title='bbox 1874 3503 2027 3556; x_wconf 86' lang='lat' dir='ltr'><strong>Actis</strong></span> <span class='ocrx_word' id='word_1_729' title='bbox 2077 3501 2444 3569; x_wconf 87' lang='lat' dir='ltr'><strong>apostolorum</strong></span> <span class='ocrx_word' id='word_1_730' title='bbox 2493 3519 2507 3555; x_wconf 89' lang='lat'><strong>:</strong></span> <span class='ocrx_word' id='word_1_731' title='bbox 2559 3501 2662 3567; x_wconf 83' lang='lat' dir='ltr'><strong>Qui</strong></span> <span class='ocrx_word' id='word_1_732' title='bbox 2696 3518 2787 3570; x_wconf 88' lang='lat' dir='ltr'><strong>per</strong></span> <span class='ocrx_word' id='word_1_733' title='bbox 2824 3502 3065 3570; x_wconf 85' lang='lat' dir='ltr'><strong>spiritum</strong></span> <span class='ocrx_word' id='word_1_734' title='bbox 3100 3499 3266 3552; x_wconf 82' lang='lat' dir='ltr'><strong>Paulo</strong></span> <span class='ocrx_word' id='word_1_735' title='bbox 3304 3502 3450 3553; x_wconf 75' lang='lat' dir='ltr'><strong>dixe-</strong></span> 
     </span>
    </p>
   </div>
   <div class='ocr_carea' id='block_1_93' title="bbox 1876 3587 3424 3660">
    <p class='ocr_par' dir='ltr' id='par_1_93' title="bbox 1876 3587 3424 3660">
     <span class='ocr_line' id='line_1_93' title="bbox 1876 3587 3424 3660; baseline -0.002 -16"><span class='ocrx_word' id='word_1_736' title='bbox 1876 3601 2017 3653; x_wconf 85' lang='lat' dir='ltr'><strong>runt,</strong></span> <span class='ocrx_word' id='word_1_737' title='bbox 2074 3607 2136 3644; x_wconf 91' lang='lat' dir='ltr'><strong>ne</strong></span> <span class='ocrx_word' id='word_1_738' title='bbox 2169 3592 2470 3645; x_wconf 86' lang='lat' dir='ltr'><strong>ascenderet</strong></span> <span class='ocrx_word' id='word_1_739' title='bbox 2506 3589 2927 3660; x_wconf 78' lang='lat' dir='ltr'><strong>Hierosolymam</strong></span> <span class='ocrx_word' id='word_1_740' title='bbox 2962 3589 3019 3641; x_wconf 65' lang='lat' dir='ltr'><strong>f‘!</strong></span> <span class='ocrx_word' id='word_1_741' title='bbox 3046 3587 3239 3641; x_wconf 81' lang='lat' dir='ltr'><strong>XXIX.</strong></span> <span class='ocrx_word' id='word_1_742' title='bbox 3272 3587 3424 3653; x_wconf 89' lang='lat' dir='ltr'><strong>Quod</strong></span> 
     </span>
    </p>
   </div>
   <div class='ocr_carea' id='block_1_94' title="bbox 1884 3680 3452 3751">
    <p class='ocr_par' dir='ltr' id='par_1_94' title="bbox 1884 3680 3452 3751">
     <span class='ocr_line' id='line_1_94' title="bbox 1884 3680 3452 3751; baseline -0.001 -16"><span class='ocrx_word' id='word_1_743' title='bbox 1884 3698 2005 3735; x_wconf 91' lang='lat' dir='ltr'><strong>nam</strong></span> <span class='ocrx_word' id='word_1_744' title='bbox 2031 3683 2100 3736; x_wconf 88' lang='lat' dir='ltr'><strong>sit</strong></span> <span class='ocrx_word' id='word_1_745' title='bbox 2131 3682 2307 3749; x_wconf 86' lang='lat' dir='ltr'><strong>poculi</strong></span> <span class='ocrx_word' id='word_1_746' title='bbox 2336 3693 2389 3736; x_wconf 93' lang='lat' dir='ltr'><strong>et</strong></span> <span class='ocrx_word' id='word_1_747' title='bbox 2413 3683 2755 3751; x_wconf 88' lang='lat' dir='ltr'><strong>baptismatis</strong></span> <span class='ocrx_word' id='word_1_748' title='bbox 2778 3681 3068 3737; x_wconf 88' lang='lat' dir='ltr'><strong>discrimen</strong></span> <span class='ocrx_word' id='word_1_749' title='bbox 3101 3680 3161 3733; x_wconf 66' lang='lat' dir='ltr'><strong>l3?</strong></span> <span class='ocrx_word' id='word_1_750' title='bbox 3186 3680 3349 3734; x_wconf 87' lang='lat' dir='ltr'><strong>XXX.</strong></span> <span class='ocrx_word' id='word_1_751' title='bbox 3380 3682 3452 3733; x_wconf 85' lang='lat' dir='ltr'><strong>De</strong></span> 
     </span>
    </p>
   </div>
   <div class='ocr_carea' id='block_1_95' title="bbox 1882 3771 3453 3841">
    <p class='ocr_par' dir='ltr' id='par_1_95' title="bbox 1882 3771 3453 3841">
     <span class='ocr_line' id='line_1_95' title="bbox 1882 3771 3453 3841; baseline -0.002 -14"><span class='ocrx_word' id='word_1_752' title='bbox 1882 3773 1974 3828; x_wconf 86' lang='lat' dir='ltr'><strong>illo</strong></span> <span class='ocrx_word' id='word_1_753' title='bbox 2037 3790 2053 3826; x_wconf 88' lang='lat'><strong>:</strong></span> <span class='ocrx_word' id='word_1_754' title='bbox 2096 3773 2153 3827; x_wconf 82' lang='lat' dir='ltr'><strong>Si</strong></span> <span class='ocrx_word' id='word_1_755' title='bbox 2182 3790 2285 3827; x_wconf 86' lang='lat' dir='ltr'><strong>non</strong></span> <span class='ocrx_word' id='word_1_756' title='bbox 2314 3776 2369 3827; x_wconf 87' lang='lat' dir='ltr'><strong>in</strong></span> <span class='ocrx_word' id='word_1_757' title='bbox 2401 3774 2721 3841; x_wconf 78' lang='lat' dir='ltr'><strong>manufactis</strong></span> <span class='ocrx_word' id='word_1_758' title='bbox 2751 3773 2953 3841; x_wconf 86' lang='lat' dir='ltr'><strong>templis</strong></span> <span class='ocrx_word' id='word_1_759' title='bbox 2987 3772 3188 3826; x_wconf 79' lang='lat' dir='ltr'><strong>habitat</strong></span> <span class='ocrx_word' id='word_1_760' title='bbox 3226 3771 3359 3826; x_wconf 86' lang='lat' dir='ltr'><strong>Deus</strong></span> <span class='ocrx_word' id='word_1_761' title='bbox 3380 3771 3453 3824; x_wconf 75' lang='lat' dir='ltr'><strong>h?</strong></span> 
     </span>
    </p>
   </div>
   <div class='ocr_carea' id='block_1_96' title="bbox 1880 3865 3457 3936">
    <p class='ocr_par' dir='ltr' id='par_1_96' title="bbox 1880 3865 3457 3936">
     <span class='ocr_line' id='line_1_96' title="bbox 1880 3865 3457 3936; baseline 0 -16"><span class='ocrx_word' id='word_1_762' title='bbox 1880 3867 2151 3933; x_wconf 83' lang='lat' dir='ltr'><strong>quomodo</strong></span> <span class='ocrx_word' id='word_1_763' title='bbox 2219 3868 2269 3920; x_wconf 93' lang='lat' dir='ltr'><strong>in</strong></span> <span class='ocrx_word' id='word_1_764' title='bbox 2318 3866 2632 3921; x_wconf 73' lang='lat' dir='ltr'><strong>Judteorum</strong></span> <span class='ocrx_word' id='word_1_765' title='bbox 2699 3867 2901 3936; x_wconf 91' lang='lat' dir='ltr'><strong>templo</strong></span> <span class='ocrx_word' id='word_1_766' title='bbox 2951 3868 3201 3922; x_wconf 84' lang='lat' dir='ltr'><strong>habitare</strong></span> <span class='ocrx_word' id='word_1_767' title='bbox 3234 3865 3457 3922; x_wconf 70' lang='lat' dir='ltr'><strong>dictus?</strong></span> 
     </span>
    </p>
   </div>
   <div class='ocr_carea' id='block_1_97' title="bbox 1880 3957 3450 4029">
    <p class='ocr_par' dir='ltr' id='par_1_97' title="bbox 1880 3957 3450 4029">
     <span class='ocr_line' id='line_1_97' title="bbox 1880 3957 3450 4029; baseline -0.001 -18"><span class='ocrx_word' id='word_1_768' title='bbox 1880 3957 2076 4013; x_wconf 85' lang='lat' dir='ltr'><strong>XXXI.</strong></span> <span class='ocrx_word' id='word_1_769' title='bbox 2134 3958 2206 4011; x_wconf 90' lang='lat' dir='ltr'><strong>De</strong></span> <span class='ocrx_word' id='word_1_770' title='bbox 2238 3959 2331 4012; x_wconf 93' lang='lat' dir='ltr'><strong>illo</strong></span> <span class='ocrx_word' id='word_1_771' title='bbox 2366 3976 2379 4011; x_wconf 92' lang='lat'><strong>:</strong></span> <span class='ocrx_word' id='word_1_772' title='bbox 2416 3957 2477 4013; x_wconf 88' lang='lat' dir='ltr'><strong>Si</strong></span> <span class='ocrx_word' id='word_1_773' title='bbox 2535 3959 2666 4028; x_wconf 70' lang='lat' dir='ltr'><strong>forte</strong></span> <span class='ocrx_word' id='word_1_774' title='bbox 2698 3958 2889 4029; x_wconf 72' lang='lat' dir='ltr'><strong>156a</strong></span> <span class='ocrx_word' id='word_1_775' title='bbox 2921 3967 3213 4023; x_wconf 85' lang='lat' dir='ltr'><strong>attrectent,</strong></span> <span class='ocrx_word' id='word_1_776' title='bbox 3247 3969 3334 4009; x_wconf 85' lang='lat' dir='ltr'><strong>aut</strong></span> <span class='ocrx_word' id='word_1_777' title='bbox 3366 3958 3450 4009; x_wconf 87' lang='lat' dir='ltr'><strong>in-</strong></span> 
     </span>
    </p>
   </div>
   <div class='ocr_carea' id='block_1_98' title="bbox 1881 4048 3452 4104">
    <p class='ocr_par' dir='ltr' id='par_1_98' title="bbox 1881 4048 3452 4104">
     <span class='ocr_line' id='line_1_98' title="bbox 1881 4048 3452 4104; baseline -0.001 -1"><span class='ocrx_word' id='word_1_778' title='bbox 1881 4051 2089 4103; x_wconf 83' lang='lat' dir='ltr'><strong>veniant</strong></span> <span class='ocrx_word' id='word_1_779' title='bbox 2140 4049 2306 4104; x_wconf 87' lang='lat' dir='ltr'><strong>Deum</strong></span> <span class='ocrx_word' id='word_1_780' title='bbox 2358 4050 2405 4104; x_wconf 78' lang='lat' dir='ltr'><strong>i.</strong></span> <span class='ocrx_word' id='word_1_781' title='bbox 2438 4049 2654 4103; x_wconf 89' lang='lat' dir='ltr'><strong>XXXII.</strong></span> <span class='ocrx_word' id='word_1_782' title='bbox 2701 4048 2774 4103; x_wconf 90' lang='lat' dir='ltr'><strong>De</strong></span> <span class='ocrx_word' id='word_1_783' title='bbox 2802 4049 2897 4103; x_wconf 90' lang='lat' dir='ltr'><strong>illo</strong></span> <span class='ocrx_word' id='word_1_784' title='bbox 2926 4050 3108 4103; x_wconf 89' lang='lat' dir='ltr'><strong>dicto:</strong></span> <span class='ocrx_word' id='word_1_785' title='bbox 3146 4052 3312 4103; x_wconf 83' lang='lat' dir='ltr'><strong>Amen</strong></span> <span class='ocrx_word' id='word_1_786' title='bbox 3333 4050 3452 4102; x_wconf 85' lang='lat' dir='ltr'><strong>dico</strong></span> 
     </span>
    </p>
   </div>
   <div class='ocr_carea' id='block_1_99' title="bbox 1877 4140 3449 4213">
    <p class='ocr_par' dir='ltr' id='par_1_99' title="bbox 1877 4140 3449 4213">
     <span class='ocr_line' id='line_1_99' title="bbox 1877 4140 3449 4213; baseline -0.001 -16"><span class='ocrx_word' id='word_1_787' title='bbox 1877 4143 2041 4205; x_wconf 82' lang='lat' dir='ltr'><strong>vobis,</strong></span> <span class='ocrx_word' id='word_1_788' title='bbox 2089 4145 2382 4213; x_wconf 85' lang='lat' dir='ltr'><strong>quicunque</strong></span> <span class='ocrx_word' id='word_1_789' title='bbox 2429 4143 2617 4197; x_wconf 78' lang='lat' dir='ltr'><strong>dixerit</strong></span> <span class='ocrx_word' id='word_1_790' title='bbox 2660 4143 2781 4195; x_wconf 86' lang='lat' dir='ltr'><strong>huic</strong></span> <span class='ocrx_word' id='word_1_791' title='bbox 2820 4144 2985 4196; x_wconf 88' lang='lat' dir='ltr'><strong>monti</strong></span> <span class='ocrx_word' id='word_1_792' title='bbox 3034 4140 3082 4206; x_wconf 88' lang='lat' dir='ltr'><strong>i,</strong></span> <span class='ocrx_word' id='word_1_793' title='bbox 3117 4152 3171 4195; x_wconf 90' lang='lat' dir='ltr'><strong>et</strong></span> <span class='ocrx_word' id='word_1_794' title='bbox 3222 4142 3449 4212; x_wconf 88' lang='lat' dir='ltr'><strong>reliqua.</strong></span> 
     </span>
    </p>
   </div>
   <div class='ocr_carea' id='block_1_100' title="bbox 1881 4232 3454 4305">
    <p class='ocr_par' dir='ltr' id='par_1_100' title="bbox 1881 4232 3454 4305">
     <span class='ocr_line' id='line_1_100' title="bbox 1881 4232 3454 4305; baseline -0.001 -18"><span class='ocrx_word' id='word_1_795' title='bbox 1881 4232 2121 4288; x_wconf 87' lang='lat' dir='ltr'><strong>XXXIII.</strong></span> <span class='ocrx_word' id='word_1_796' title='bbox 2161 4233 2238 4288; x_wconf 84' lang='lat' dir='ltr'><strong>De</strong></span> <span class='ocrx_word' id='word_1_797' title='bbox 2286 4235 2377 4288; x_wconf 91' lang='lat' dir='ltr'><strong>illo</strong></span> <span class='ocrx_word' id='word_1_798' title='bbox 2410 4251 2424 4288; x_wconf 93' lang='lat'><strong>:</strong></span> <span class='ocrx_word' id='word_1_799' title='bbox 2460 4235 2795 4305; x_wconf 75' lang='lat' dir='ltr'><strong>Qmecunque</strong></span> <span class='ocrx_word' id='word_1_800' title='bbox 2835 4244 3043 4287; x_wconf 86' lang='lat' dir='ltr'><strong>orantes</strong></span> <span class='ocrx_word' id='word_1_801' title='bbox 3088 4235 3284 4301; x_wconf 85' lang='lat' dir='ltr'><strong>petitis,</strong></span> <span class='ocrx_word' id='word_1_802' title='bbox 3341 4249 3454 4286; x_wconf 90' lang='lat' dir='ltr'><strong>cre-</strong></span> 
     </span>
    </p>
   </div>
   <div class='ocr_carea' id='block_1_101' title="bbox 1880 4323 3450 4396">
    <p class='ocr_par' dir='ltr' id='par_1_101' title="bbox 1880 4323 3450 4396">
     <span class='ocr_line' id='line_1_101' title="bbox 1880 4323 3450 4396; baseline 0.002 -20"><span class='ocrx_word' id='word_1_803' title='bbox 1880 4325 1987 4379; x_wconf 85' lang='lat' dir='ltr'><strong>dite</strong></span> <span class='ocrx_word' id='word_1_804' title='bbox 2034 4328 2173 4396; x_wconf 85' lang='lat' dir='ltr'><strong>quod</strong></span> <span class='ocrx_word' id='word_1_805' title='bbox 2202 4327 2467 4396; x_wconf 84' lang='lat' dir='ltr'><strong>accipietis</strong></span> <span class='ocrx_word' id='word_1_806' title='bbox 2507 4327 2572 4394; x_wconf 81' lang='lat' dir='ltr'><strong>k;</strong></span> <span class='ocrx_word' id='word_1_807' title='bbox 2616 4337 2670 4380; x_wconf 93' lang='lat' dir='ltr'><strong>et</strong></span> <span class='ocrx_word' id='word_1_808' title='bbox 2698 4342 2816 4394; x_wconf 66' lang='lat' dir='ltr'><strong>quae</strong></span> <span class='ocrx_word' id='word_1_809' title='bbox 2864 4335 3184 4394; x_wconf 84' lang='lat' dir='ltr'><strong>sequuntur.</strong></span> <span class='ocrx_word' id='word_1_810' title='bbox 3208 4323 3450 4379; x_wconf 88' lang='lat' dir='ltr'><strong>XXXIV.</strong></span> 
     </span>
    </p>
   </div>
   <div class='ocr_carea' id='block_1_102' title="bbox 1881 4413 3453 4485">
    <p class='ocr_par' dir='ltr' id='par_1_102' title="bbox 1881 4413 3453 4485">
     <span class='ocr_line' id='line_1_102' title="bbox 1881 4413 3453 4485; baseline 0 -17"><span class='ocrx_word' id='word_1_811' title='bbox 1881 4413 1958 4468; x_wconf 91' lang='lat' dir='ltr'><strong>De</strong></span> <span class='ocrx_word' id='word_1_812' title='bbox 1987 4415 2111 4481; x_wconf 89' lang='lat' dir='ltr'><strong>illo,</strong></span> <span class='ocrx_word' id='word_1_813' title='bbox 2138 4419 2281 4485; x_wconf 89' lang='lat' dir='ltr'><strong>quod</strong></span> <span class='ocrx_word' id='word_1_814' title='bbox 2306 4416 2561 4485; x_wconf 86' lang='lat' dir='ltr'><strong>jubemur</strong></span> <span class='ocrx_word' id='word_1_815' title='bbox 2589 4416 2875 4471; x_wconf 85' lang='lat' dir='ltr'><strong>comedere</strong></span> <span class='ocrx_word' id='word_1_816' title='bbox 2906 4431 3147 4482; x_wconf 85' lang='lat' dir='ltr'><strong>carnem,</strong></span> <span class='ocrx_word' id='word_1_817' title='bbox 3180 4425 3234 4468; x_wconf 86' lang='lat' dir='ltr'><strong>et</strong></span> <span class='ocrx_word' id='word_1_818' title='bbox 3267 4414 3453 4468; x_wconf 87' lang='lat' dir='ltr'><strong>bibere</strong></span> 
     </span>
    </p>
   </div>
   <div class='ocr_carea' id='block_1_103' title="bbox 1883 4503 3450 4576">
    <p class='ocr_par' dir='ltr' id='par_1_103' title="bbox 1883 4503 3450 4576">
     <span class='ocr_line' id='line_1_103' title="bbox 1883 4503 3450 4576; baseline 0.001 -17"><span class='ocrx_word' id='word_1_819' title='bbox 1883 4508 2257 4576; x_wconf 78' lang='lat' dir='ltr'><strong>sanguinem;</strong></span> <span class='ocrx_word' id='word_1_820' title='bbox 2330 4523 2437 4563; x_wconf 90' lang='lat' dir='ltr'><strong>non</strong></span> <span class='ocrx_word' id='word_1_821' title='bbox 2524 4517 2703 4562; x_wconf 86' lang='lat' dir='ltr'><strong>tamen</strong></span> <span class='ocrx_word' id='word_1_822' title='bbox 2776 4508 3147 4563; x_wconf 87' lang='lat' dir='ltr'><strong>comminuere</strong></span> <span class='ocrx_word' id='word_1_823' title='bbox 3213 4521 3335 4561; x_wconf 86' lang='lat' dir='ltr'><strong>ossa</strong></span> <span class='ocrx_word' id='word_1_824' title='bbox 3405 4503 3450 4560; x_wconf 83' lang='lat'><strong>1.</strong></span> 
     </span>
    </p>
   </div>
   <div class='ocr_carea' id='block_1_104' title="bbox 1882 4594 3455 4667">
    <p class='ocr_par' dir='ltr' id='par_1_104' title="bbox 1882 4594 3455 4667">
     <span class='ocr_line' id='line_1_104' title="bbox 1882 4594 3455 4667; baseline 0.002 -17"><span class='ocrx_word' id='word_1_825' title='bbox 1882 4594 2101 4655; x_wconf 87' lang='lat' dir='ltr'><strong>XXXV.</strong></span> <span class='ocrx_word' id='word_1_826' title='bbox 2163 4598 2295 4667; x_wconf 67' lang='lat' dir='ltr'><strong>Quae</strong></span> <span class='ocrx_word' id='word_1_827' title='bbox 2356 4599 2558 4655; x_wconf 79' lang='lat' dir='ltr'><strong>fuerint</strong></span> <span class='ocrx_word' id='word_1_828' title='bbox 2607 4599 2870 4655; x_wconf 88' lang='lat' dir='ltr'><strong>Israelitis</strong></span> <span class='ocrx_word' id='word_1_829' title='bbox 2917 4598 3293 4665; x_wconf 84' lang='lat' dir='ltr'><strong>animantium,</strong></span> <span class='ocrx_word' id='word_1_830' title='bbox 3331 4612 3455 4667; x_wconf 72' lang='lat' dir='ltr'><strong>qua:</strong></span> 
     </span>
    </p>
   </div>
   <div class='ocr_carea' id='block_1_105' title="bbox 1884 4689 3454 4762">
    <p class='ocr_par' dir='ltr' id='par_1_105' title="bbox 1884 4689 3454 4762">
     <span class='ocr_line' id='line_1_105' title="bbox 1884 4689 3454 4762; baseline 0.002 -21"><span class='ocrx_word' id='word_1_831' title='bbox 1884 4689 2334 4756; x_wconf 88' lang='lat' dir='ltr'><strong>immolabantur,</strong></span> <span class='ocrx_word' id='word_1_832' title='bbox 2368 4692 2641 4762; x_wconf 84' lang='lat' dir='ltr'><strong>corpora?</strong></span> <span class='ocrx_word' id='word_1_833' title='bbox 2687 4689 2929 4751; x_wconf 79' lang='lat' dir='ltr'><strong>XXXVI.</strong></span> <span class='ocrx_word' id='word_1_834' title='bbox 2980 4690 3055 4745; x_wconf 91' lang='lat' dir='ltr'><strong>De</strong></span> <span class='ocrx_word' id='word_1_835' title='bbox 3092 4692 3295 4759; x_wconf 80' lang='lat' dir='ltr'><strong>vipera,</strong></span> <span class='ocrx_word' id='word_1_836' title='bbox 3331 4706 3454 4758; x_wconf 72' lang='lat' dir='ltr'><strong>qua:</strong></span> 
     </span>
    </p>
   </div>
   <div class='ocr_carea' id='block_1_106' title="bbox 1882 4780 3454 4856">
    <p class='ocr_par' dir='ltr' id='par_1_106' title="bbox 1882 4780 3454 4856">
     <span class='ocr_line' id='line_1_106' title="bbox 1882 4780 3454 4856; baseline -0.003 -16"><span class='ocrx_word' id='word_1_837' title='bbox 1882 4780 2038 4840; x_wconf 87' lang='lat' dir='ltr'><strong>Pauli</strong></span> <span class='ocrx_word' id='word_1_838' title='bbox 2076 4800 2290 4839; x_wconf 90' lang='lat' dir='ltr'><strong>manum</strong></span> <span class='ocrx_word' id='word_1_839' title='bbox 2339 4784 2769 4856; x_wconf 87' lang='lat' dir='ltr'><strong>comprehendit.</strong></span> <span class='ocrx_word' id='word_1_840' title='bbox 2812 4782 3074 4838; x_wconf 87' lang='lat' dir='ltr'><strong>XXXVII.</strong></span> <span class='ocrx_word' id='word_1_841' title='bbox 3112 4783 3185 4838; x_wconf 91' lang='lat' dir='ltr'><strong>De</strong></span> <span class='ocrx_word' id='word_1_842' title='bbox 3236 4781 3454 4837; x_wconf 87' lang='lat' dir='ltr'><strong>Saddu-</strong></span> 
     </span>
    </p>
   </div>
   <div class='ocr_carea' id='block_1_107' title="bbox 2744 4940 3460 5004">
    <p class='ocr_par' dir='ltr' id='par_1_107' title="bbox 2744 4940 3460 5004">
     <span class='ocr_line' id='line_1_107' title="bbox 2744 4940 3460 5004; baseline 0 -11"><span class='ocrx_word' id='word_1_843' title='bbox 2744 4951 2767 4979; x_wconf 82' lang='grc'><strong>⁸</strong></span> <span class='ocrx_word' id='word_1_844' title='bbox 2803 4940 2961 4996; x_wconf 85' lang='lat' dir='ltr'><strong>Rom.</strong></span> <span class='ocrx_word' id='word_1_845' title='bbox 2998 4957 3058 5004; x_wconf 86' lang='lat' dir='ltr'><strong>lt.</strong></span> <span class='ocrx_word' id='word_1_846' title='bbox 3090 4942 3178 4998; x_wconf 74' lang='lat' dir='ltr'><strong>i3.</strong></span> <span class='ocrx_word' id='word_1_847' title='bbox 3245 4942 3263 4978; x_wconf 66' lang='grc' dir='ltr'><strong>ί</strong></span> <span class='ocrx_word' id='word_1_848' title='bbox 3292 4942 3460 5001; x_wconf 64' lang='lat' dir='ltr'><strong>Rom,</strong></span> 
     </span>
    </p>
   </div>
   <div class='ocr_carea' id='block_1_108' title="bbox 2070 5009 3461 5077">
    <p class='ocr_par' dir='ltr' id='par_1_108' title="bbox 2070 5009 3461 5077">
     <span class='ocr_line' id='line_1_108' title="bbox 2070 5009 3461 5077; baseline 0.005 -14"><span class='ocrx_word' id='word_1_849' title='bbox 2070 5018 2097 5047; x_wconf 73' lang='grc' dir='ltr'><strong>κ</strong></span> <span class='ocrx_word' id='word_1_850' title='bbox 2130 5011 2282 5064; x_wconf 82' lang='lat' dir='ltr'><strong>Rom.</strong></span> <span class='ocrx_word' id='word_1_851' title='bbox 2332 5024 2390 5075; x_wconf 86' lang='lat' dir='ltr'><strong>ll,</strong></span> <span class='ocrx_word' id='word_1_852' title='bbox 2420 5009 2474 5063; x_wconf 87' lang='lat'><strong>5.</strong></span> <span class='ocrx_word' id='word_1_853' title='bbox 2536 5017 2566 5058; x_wconf 70' lang='grc'><strong><em>1</em></strong></span> <span class='ocrx_word' id='word_1_854' title='bbox 2590 5010 2606 5061; x_wconf 94' lang='lat' dir='ltr'><strong>I</strong></span> <span class='ocrx_word' id='word_1_855' title='bbox 2630 5010 2756 5063; x_wconf 87' lang='lat' dir='ltr'><strong>Cor.</strong></span> <span class='ocrx_word' id='word_1_856' title='bbox 2784 5026 2838 5075; x_wconf 77' lang='grc' dir='ltr'><strong>ιι,</strong></span> <span class='ocrx_word' id='word_1_857' title='bbox 2871 5012 2959 5064; x_wconf 81' lang='lat' dir='ltr'><strong>II.</strong></span> <span class='ocrx_word' id='word_1_858' title='bbox 3051 5023 3073 5049; x_wconf 73' lang='grc' dir='ltr'><em>ι</em></span> <span class='ocrx_word' id='word_1_859' title='bbox 3104 5011 3260 5067; x_wconf 66' lang='lat' dir='ltr'><strong>Luca:</strong></span> <span class='ocrx_word' id='word_1_860' title='bbox 3295 5030 3333 5077; x_wconf 87' lang='lat' dir='ltr'><strong>I,</strong></span> <span class='ocrx_word' id='word_1_861' title='bbox 3363 5016 3461 5071; x_wconf 72' lang='lat'><strong>52.</strong></span> 
     </span>
    </p>
   </div>
   <div class='ocr_carea' id='block_1_109' title="bbox 1960 5077 3459 5154">
    <p class='ocr_par' dir='ltr' id='par_1_109' title="bbox 1960 5077 3459 5154">
     <span class='ocr_line' id='line_1_109' title="bbox 1960 5077 3459 5154; baseline -0.001 -19"><span class='ocrx_word' id='word_1_862' title='bbox 1960 5078 2154 5154; x_wconf 70' lang='lat' dir='ltr'><strong>d_Geu.</strong></span> <span class='ocrx_word' id='word_1_863' title='bbox 2199 5079 2348 5154; x_wconf 59' lang='lat'><strong>11,].</strong></span> <span class='ocrx_word' id='word_1_864' title='bbox 2466 5077 2657 5154; x_wconf 59' lang='lat' dir='ltr'><strong>fﬁeri.</strong></span> <span class='ocrx_word' id='word_1_865' title='bbox 2705 5081 2903 5154; x_wconf 34' lang='lat' dir='ltr'><strong>mhi.</strong></span> <span class='ocrx_word' id='word_1_866' title='bbox 2966 5082 3045 5154; x_wconf 78' lang='lat' dir='ltr'><strong>__f</strong></span> <span class='ocrx_word' id='word_1_867' title='bbox 3079 5080 3246 5137; x_wconf 84' lang='lat' dir='ltr'><strong>Marc.</strong></span> <span class='ocrx_word' id='word_1_868' title='bbox 3274 5099 3325 5145; x_wconf 75' lang='grc' dir='ltr'>ι,</span> <span class='ocrx_word' id='word_1_869' title='bbox 3362 5087 3459 5139; x_wconf 83' lang='lat'><strong>58.</strong></span> 
     </span>
    </p>
   </div>
   <div class='ocr_carea' id='block_1_110' title="bbox 2460 5147 3463 5217">
    <p class='ocr_par' dir='ltr' id='par_1_110' title="bbox 2460 5147 3463 5217">
     <span class='ocr_line' id='line_1_110' title="bbox 2460 5147 3463 5217; baseline 0.011 -19"><span class='ocrx_word' id='word_1_870' title='bbox 2460 5147 2477 5198; x_wconf 84' lang='lat' dir='ltr'><strong>i</strong></span> <span class='ocrx_word' id='word_1_871' title='bbox 2512 5147 2678 5205; x_wconf 81' lang='lat' dir='ltr'><strong>Marc.</strong></span> <span class='ocrx_word' id='word_1_872' title='bbox 2712 5164 2790 5217; x_wconf 82' lang='lat' dir='ltr'><strong>XI,</strong></span> <span class='ocrx_word' id='word_1_873' title='bbox 2826 5149 2927 5216; x_wconf 71' lang='lat'><strong>24;</strong></span> <span class='ocrx_word' id='word_1_874' title='bbox 2964 5149 3154 5207; x_wconf 79' lang='lat' dir='ltr'><strong>Matth.</strong></span> <span class='ocrx_word' id='word_1_875' title='bbox 3193 5168 3317 5216; x_wconf 72' lang='grc' dir='ltr'>χχι,</span> <span class='ocrx_word' id='word_1_876' title='bbox 3364 5154 3463 5209; x_wconf 73' lang='lat'><strong>22-</strong></span> 
     </span>
    </p>
   </div>
   <div class='ocr_carea' id='block_1_111' title="bbox 1498 5378 2177 5438">
    <p class='ocr_par' dir='ltr' id='par_1_111' title="bbox 1498 5378 2177 5438">
     <span class='ocr_line' id='line_1_111' title="bbox 1498 5378 2177 5438; baseline 0.003 -2"><span class='ocrx_word' id='word_1_877' title='bbox 1498 5378 1733 5436; x_wconf 71' lang='lat' dir='ltr'><strong>VARIAZ</strong></span> <span class='ocrx_word' id='word_1_878' title='bbox 1774 5378 2177 5438; x_wconf 87' lang='lat' dir='ltr'><strong>LECTIONES.</strong></span> 
     </span>
    </p>
   </div>
   <div class='ocr_carea' id='block_1_112' title="bbox 290 5492 1219 5568">
    <p class='ocr_par' dir='ltr' id='par_1_112' title="bbox 290 5492 1219 5568">
     <span class='ocr_line' id='line_1_112' title="bbox 290 5492 1219 5568; baseline 0.004 -20"><span class='ocrx_word' id='word_1_879' title='bbox 290 5492 641 5568; x_wconf 63' lang='lat' dir='ltr'><strong>&#39;_’_1:0ti;paot</strong></span> <span class='ocrx_word' id='word_1_880' title='bbox 698 5508 740 5552; x_wconf 76' lang='grc' dir='ltr'>Α</span> <span class='ocrx_word' id='word_1_881' title='bbox 808 5517 823 5553; x_wconf 90' lang='lat'><strong>:</strong></span> <span class='ocrx_word' id='word_1_882' title='bbox 866 5499 1125 5568; x_wconf 85' lang='grc' dir='ltr'><em>κτίσμασι</em></span> <span class='ocrx_word' id='word_1_883' title='bbox 1161 5517 1219 5563; x_wconf 84' lang='grc' dir='ltr'><strong>ς.</strong></span> 
     </span>
    </p>
   </div>
   <div class='ocr_carea' id='block_1_113' title="bbox 1327 5497 2089 5568">
    <p class='ocr_par' dir='ltr' id='par_1_113' title="bbox 1327 5497 2089 5568">
     <span class='ocr_line' id='line_1_113' title="bbox 1327 5497 2089 5568; baseline -0.008 -4"><span class='ocrx_word' id='word_1_884' title='bbox 1327 5497 1375 5530; x_wconf 73' lang='grc'><strong>⁸⁸</strong></span> <span class='ocrx_word' id='word_1_885' title='bbox 1426 5498 1552 5567; x_wconf 71' lang='grc' dir='ltr'><strong>ἑξῆς</strong></span> <span class='ocrx_word' id='word_1_886' title='bbox 1593 5500 1635 5553; x_wconf 81' lang='grc' dir='ltr'>Α</span> <span class='ocrx_word' id='word_1_887' title='bbox 1672 5497 1792 5568; x_wconf 68' lang='grc' dir='ltr'><strong>2Ιτδι</strong></span> <span class='ocrx_word' id='word_1_888' title='bbox 1849 5497 1974 5568; x_wconf 73' lang='grc' dir='ltr'><strong>ἑξῆς</strong></span> <span class='ocrx_word' id='word_1_889' title='bbox 2027 5515 2089 5563; x_wconf 82' lang='grc' dir='ltr'><strong>ς’.</strong></span> 
     </span>
    </p>
   </div>
   <div class='ocr_carea' id='block_1_114' title="bbox 236 5562 1835 5641">
    <p class='ocr_par' dir='ltr' id='par_1_114' title="bbox 236 5562 1835 5641">
     <span class='ocr_line' id='line_1_114' title="bbox 236 5562 1835 5641; baseline -0.001 -21"><span class='ocrx_word' id='word_1_890' title='bbox 236 5569 279 5613; x_wconf 77' lang='grc' dir='ltr'><em>ει</em></span> <span class='ocrx_word' id='word_1_891' title='bbox 302 5562 385 5620; x_wconf 70' lang='grc'><strong>28.</strong></span> <span class='ocrx_word' id='word_1_892' title='bbox 413 5578 466 5620; x_wconf 90' lang='lat' dir='ltr'><strong>et</strong></span> <span class='ocrx_word' id='word_1_893' title='bbox 491 5562 628 5639; x_wconf 60' lang='lat' dir='ltr'><strong>saepe</strong></span> <span class='ocrx_word' id='word_1_894' title='bbox 652 5578 858 5641; x_wconf 85' lang='lat' dir='ltr'><strong>postea.</strong></span> <span class='ocrx_word' id='word_1_895' title='bbox 939 5562 1248 5624; x_wconf 78' lang='grc' dir='ltr'><strong>⁸⁸ἀίτεῖσθε</strong></span> <span class='ocrx_word' id='word_1_896' title='bbox 1282 5568 1348 5626; x_wconf 82' lang='grc' dir='ltr'><strong>Δ.</strong></span> <span class='ocrx_word' id='word_1_897' title='bbox 1424 5562 1479 5601; x_wconf 18' lang='grc' dir='ltr'><strong>⁸⁷Ἵ</strong></span> <span class='ocrx_word' id='word_1_898' title='bbox 1507 5562 1588 5623; x_wconf 77' lang='grc' dir='ltr'><em>δτι</em></span> <span class='ocrx_word' id='word_1_899' title='bbox 1620 5562 1729 5623; x_wconf 66' lang='grc' dir='ltr'>οιιιζ</span> <span class='ocrx_word' id='word_1_900' title='bbox 1768 5567 1835 5621; x_wconf 81' lang='grc' dir='ltr'><strong>Α.</strong></span> 
     </span>
    </p>
   </div>
   <div class='ocr_carea' id='block_1_115' title="bbox 2193 5496 3465 5570">
    <p class='ocr_par' dir='ltr' id='par_1_115' title="bbox 2193 5496 3465 5570">
     <span class='ocr_line' id='line_1_115' title="bbox 2193 5496 3465 5570; baseline 0.009 -20"><span class='ocrx_word' id='word_1_901' title='bbox 2193 5496 2240 5531; x_wconf 80' lang='grc'>³⁸</span> <span class='ocrx_word' id='word_1_902' title='bbox 2273 5497 2398 5570; x_wconf 76' lang='grc' dir='ltr'><strong>ἑξῆς</strong></span> <span class='ocrx_word' id='word_1_903' title='bbox 2424 5498 2471 5554; x_wconf 85' lang='grc' dir='ltr'><strong>Α</strong></span> <span class='ocrx_word' id='word_1_904' title='bbox 2502 5517 2518 5555; x_wconf 89' lang='lat'><strong>:</strong></span> <span class='ocrx_word' id='word_1_905' title='bbox 2547 5499 2616 5554; x_wconf 76' lang='grc' dir='ltr'><em>τὰ</em></span> <span class='ocrx_word' id='word_1_906' title='bbox 2652 5499 2783 5570; x_wconf 73' lang='grc' dir='ltr'><strong>ἑξῆς</strong></span> <span class='ocrx_word' id='word_1_907' title='bbox 2819 5506 2878 5556; x_wconf 84' lang='grc' dir='ltr'><strong>ς.</strong></span> <span class='ocrx_word' id='word_1_908' title='bbox 2920 5499 3044 5556; x_wconf 76' lang='lat' dir='ltr'><strong>item</strong></span> <span class='ocrx_word' id='word_1_909' title='bbox 3095 5514 3147 5557; x_wconf 80' lang='lat' dir='ltr'><strong>v.</strong></span> <span class='ocrx_word' id='word_1_910' title='bbox 3202 5501 3237 5557; x_wconf 79' lang='grc' dir='ltr'><em>ι</em></span> <span class='ocrx_word' id='word_1_911' title='bbox 3266 5512 3321 5558; x_wconf 89' lang='lat' dir='ltr'><strong>et</strong></span> <span class='ocrx_word' id='word_1_912' title='bbox 3363 5502 3465 5562; x_wconf 59' lang='lat'><strong>25&#39;.</strong></span> 
     </span>
    </p>
   </div>
   <div class='ocr_carea' id='block_1_116' title="bbox 1708 5709 1933 5767">
    <p class='ocr_par' dir='ltr' id='par_1_116' title="bbox 1708 5709 1933 5767">
     <span class='ocr_line' id='line_1_116' title="bbox 1708 5709 1933 5767; baseline 0.004 -1"><span class='ocrx_word' id='word_1_913' title='bbox 1708 5709 1933 5767; x_wconf 69' lang='grc' dir='ltr'><strong>ΝΟΤᾸΞ.</strong></span> 
     </span>
    </p>
   </div>
   <div class='ocr_carea' id='block_1_117' title="bbox 297 5800 1784 5875">
    <p class='ocr_par' dir='ltr' id='par_1_117' title="bbox 297 5800 1784 5875">
     <span class='ocr_line' id='line_1_117' title="bbox 297 5800 1784 5875; baseline 0 -16"><span class='ocrx_word' id='word_1_914' title='bbox 297 5800 415 5875; x_wconf 51' lang='grc' dir='ltr'><strong>(δῦὶ</strong></span> <span class='ocrx_word' id='word_1_915' title='bbox 458 5803 583 5875; x_wconf 80' lang='lat' dir='ltr'><strong>Sap.</strong></span> <span class='ocrx_word' id='word_1_916' title='bbox 619 5822 720 5871; x_wconf 76' lang='lat' dir='ltr'><strong>xu,</strong></span> <span class='ocrx_word' id='word_1_917' title='bbox 754 5806 777 5860; x_wconf 82' lang='lat' dir='ltr'><strong>I</strong></span> <span class='ocrx_word' id='word_1_918' title='bbox 813 5825 826 5861; x_wconf 92' lang='lat'>:</span> <span class='ocrx_word' id='word_1_919' title='bbox 854 5807 1163 5861; x_wconf 88' lang='lat' dir='ltr'><strong>Secundum</strong></span> <span class='ocrx_word' id='word_1_920' title='bbox 1191 5808 1298 5859; x_wconf 84' lang='grc' dir='ltr'><em>τῶν</em></span> <span class='ocrx_word' id='word_1_921' title='bbox 1330 5805 1467 5860; x_wconf 83' lang='lat' dir='ltr'><strong>LXX</strong></span> <span class='ocrx_word' id='word_1_922' title='bbox 1494 5822 1632 5862; x_wconf 73' lang='lat' dir='ltr'><strong>vors.</strong></span> <span class='ocrx_word' id='word_1_923' title='bbox 1662 5822 1784 5859; x_wconf 78' lang='lat' dir='ltr'><strong>nam</strong></span> 
     </span>
    </p>
   </div>
   <div class='ocr_carea' id='block_1_118' title="bbox 238 5870 1786 5946">
    <p class='ocr_par' dir='ltr' id='par_1_118' title="bbox 238 5870 1786 5946">
     <span class='ocr_line' id='line_1_118' title="bbox 238 5870 1786 5946; baseline 0.001 -19"><span class='ocrx_word' id='word_1_924' title='bbox 238 5870 360 5939; x_wconf 70' lang='grc' dir='ltr'><strong>νυις.</strong></span> <span class='ocrx_word' id='word_1_925' title='bbox 381 5872 423 5927; x_wconf 92' lang='grc' dir='ltr'>Ο</span> <span class='ocrx_word' id='word_1_926' title='bbox 437 5870 587 5943; x_wconf 75' lang='grc' dir='ltr'><em>ᾳιιαίιι</em></span> <span class='ocrx_word' id='word_1_927' title='bbox 609 5870 773 5931; x_wconf 87' lang='lat' dir='ltr'><strong>bonus</strong></span> <span class='ocrx_word' id='word_1_928' title='bbox 791 5888 835 5932; x_wconf 90' lang='lat' dir='ltr'><strong>et</strong></span> <span class='ocrx_word' id='word_1_929' title='bbox 856 5879 1030 5932; x_wconf 81' lang='lat' dir='ltr'><strong>suavis</strong></span> <span class='ocrx_word' id='word_1_930' title='bbox 1045 5888 1143 5944; x_wconf 85' lang='lat' dir='ltr'><strong>est,</strong></span> <span class='ocrx_word' id='word_1_931' title='bbox 1172 5878 1409 5945; x_wconf 87' lang='lat' dir='ltr'><strong>Domine,</strong></span> <span class='ocrx_word' id='word_1_932' title='bbox 1425 5879 1786 5946; x_wconf 71' lang='lat' dir='ltr'><strong>spiritustuus.</strong></span> 
     </span>
    </p>
   </div>
   <div class='ocr_carea' id='block_1_119' title="bbox 1965 5798 3462 5873">
    <p class='ocr_par' dir='ltr' id='par_1_119' title="bbox 1965 5798 3462 5873">
     <span class='ocr_line' id='line_1_119' title="bbox 1965 5798 3462 5873; baseline 0.001 -17"><span class='ocrx_word' id='word_1_933' title='bbox 1965 5803 2078 5873; x_wconf 73' lang='grc'><strong>(54)</strong></span> <span class='ocrx_word' id='word_1_934' title='bbox 2117 5802 2296 5873; x_wconf 78' lang='lat' dir='ltr'><strong>Galat.</strong></span> <span class='ocrx_word' id='word_1_935' title='bbox 2337 5818 2388 5863; x_wconf 80' lang='grc' dir='ltr'><em>ν,</em></span> <span class='ocrx_word' id='word_1_936' title='bbox 2416 5800 2479 5855; x_wconf 57' lang='lat' dir='ltr'><strong>LI</strong></span> <span class='ocrx_word' id='word_1_937' title='bbox 2516 5818 2530 5857; x_wconf 89' lang='lat'><strong>:</strong></span> <span class='ocrx_word' id='word_1_938' title='bbox 2564 5798 2823 5856; x_wconf 84' lang='lat' dir='ltr'><strong>Euacuati</strong></span> <span class='ocrx_word' id='word_1_939' title='bbox 2868 5804 2990 5857; x_wconf 84' lang='lat' dir='ltr'><strong>estis</strong></span> <span class='ocrx_word' id='word_1_940' title='bbox 3027 5821 3059 5856; x_wconf 83' lang='grc' dir='ltr'><em>ιι</em></span> <span class='ocrx_word' id='word_1_941' title='bbox 3110 5802 3340 5871; x_wconf 69' lang='lat' dir='ltr'><strong>Cimisw,</strong></span> <span class='ocrx_word' id='word_1_942' title='bbox 3365 5804 3462 5871; x_wconf 66' lang='grc' dir='ltr'><strong>μμ.ιὲ</strong></span> 
     </span>
    </p>
   </div>
   <div class='ocr_carea' id='block_1_120' title="bbox 1899 5871 2500 5942">
    <p class='ocr_par' dir='ltr' id='par_1_120' title="bbox 1899 5871 2500 5942">
     <span class='ocr_line' id='line_1_120' title="bbox 1899 5871 2500 5942; baseline -0.002 -18"><span class='ocrx_word' id='word_1_943' title='bbox 1899 5874 1950 5925; x_wconf 84' lang='lat' dir='ltr'><strong>in</strong></span> <span class='ocrx_word' id='word_1_944' title='bbox 1978 5871 2087 5942; x_wconf 83' lang='lat' dir='ltr'><strong>lege</strong></span> <span class='ocrx_word' id='word_1_945' title='bbox 2110 5871 2500 5940; x_wconf 77' lang='lat' dir='ltr'><strong>justi/immitti.</strong></span> 
     </span>
    </p>
   </div>
  </div>
