  <div class='ocr_page' id='page_1' title='image "/cluster/home/n/w/nwhite01/storage/ocr_20150623/103/hvd.32044018872861/330.png"; bbox 0 0 4038 6432; ppageno 0'>
   <div class='ocr_carea' id='block_1_1' title="bbox 200 428 302 492">
    <p class='ocr_par' dir='ltr' id='par_1_1' title="bbox 200 428 302 492">
     <span class='ocr_line' id='line_1_1' title="bbox 200 428 302 492; baseline 0.02 -2"><span class='ocrx_word' id='word_1_1' title='bbox 200 428 302 492; x_wconf 71' lang='grc'><strong>645</strong></span> 
     </span>
    </p>
   </div>
   <div class='ocr_carea' id='block_1_2' title="bbox 1188 425 2373 490">
    <p class='ocr_par' dir='ltr' id='par_1_2' title="bbox 1188 425 2373 490">
     <span class='ocr_line' id='line_1_2' title="bbox 1188 425 2373 490; baseline -0.006 0"><span class='ocrx_word' id='word_1_2' title='bbox 1188 426 1714 490; x_wconf 80' lang='lat' dir='ltr'><strong>BIBLIOTHECA.</strong></span> <span class='ocrx_word' id='word_1_3' title='bbox 1739 452 1810 462; x_wconf 87' lang='lat'><strong>--</strong></span> <span class='ocrx_word' id='word_1_4' title='bbox 1844 425 2008 487; x_wconf 91' lang='lat' dir='ltr'><strong>COD.</strong></span> <span class='ocrx_word' id='word_1_5' title='bbox 2038 425 2241 485; x_wconf 84' lang='lat' dir='ltr'><strong>CXCII</strong></span> <span class='ocrx_word' id='word_1_6' title='bbox 2272 425 2373 474; x_wconf 69' lang='lat'><strong>1’38-</strong></span> 
     </span>
    </p>
   </div>
   <div class='ocr_carea' id='block_1_3' title="bbox 3341 428 3448 491">
    <p class='ocr_par' dir='ltr' id='par_1_3' title="bbox 3341 428 3448 491">
     <span class='ocr_line' id='line_1_3' title="bbox 3341 428 3448 491; baseline 0 0"><span class='ocrx_word' id='word_1_7' title='bbox 3341 428 3448 491; x_wconf 76' lang='grc'><strong>646</strong></span> 
     </span>
    </p>
   </div>
   <div class='ocr_carea' id='block_1_4' title="bbox 200 534 1809 609">
    <p class='ocr_par' dir='ltr' id='par_1_4' title="bbox 200 535 1809 609">
     <span class='ocr_line' id='line_1_4' title="bbox 200 535 1809 609; baseline -0.002 -18"><span class='ocrx_word' id='word_1_8' title='bbox 200 539 345 607; x_wconf 72' lang='grc' dir='ltr'>ἑξῆς,</span> <span class='ocrx_word' id='word_1_9' title='bbox 374 535 492 599; x_wconf 81' lang='grc' dir='ltr'><strong>πῶς</strong></span> <span class='ocrx_word' id='word_1_10' title='bbox 510 555 592 600; x_wconf 85' lang='grc' dir='ltr'><strong>τις</strong></span> <span class='ocrx_word' id='word_1_11' title='bbox 612 537 951 609; x_wconf 77' lang='grc' dir='ltr'>λυπούμενος</span> <span class='ocrx_word' id='word_1_12' title='bbox 970 539 1029 592; x_wconf 78' lang='grc' dir='ltr'><strong>ἐν</strong></span> <span class='ocrx_word' id='word_1_13' title='bbox 1047 540 1370 608; x_wconf 80' lang='grc' dir='ltr'>πειρασμοῖς</span> <span class='ocrx_word' id='word_1_14' title='bbox 1388 537 1605 589; x_wconf 86' lang='grc' dir='ltr'>δύναται</span> <span class='ocrx_word' id='word_1_15' title='bbox 1625 535 1784 603; x_wconf 87' lang='grc' dir='ltr'>ἀγαλ-</span> <span class='ocrx_word' id='word_1_16' title='bbox 1806 589 1809 595; x_wconf 12' lang='grc' dir='ltr'><strong>ς</strong></span> 
     </span>
    </p>
   </div>
   <div class='ocr_carea' id='block_1_5' title="bbox 1912 534 3452 609">
    <p class='ocr_par' dir='ltr' id='par_1_5' title="bbox 1912 534 3452 607">
     <span class='ocr_line' id='line_1_5' title="bbox 1912 534 3452 607; baseline 0.008 -20"><span class='ocrx_word' id='word_1_17' title='bbox 1912 549 1971 589; x_wconf 90' lang='lat' dir='ltr'><strong>us</strong></span> <span class='ocrx_word' id='word_1_18' title='bbox 2005 535 2128 603; x_wconf 89' lang='lat' dir='ltr'><strong>quis</strong></span> <span class='ocrx_word' id='word_1_19' title='bbox 2158 535 2210 589; x_wconf 92' lang='lat' dir='ltr'><strong>in</strong></span> <span class='ocrx_word' id='word_1_20' title='bbox 2239 534 2626 591; x_wconf 88' lang='lat' dir='ltr'><strong>tentationibus</strong></span> <span class='ocrx_word' id='word_1_21' title='bbox 2655 534 2928 590; x_wconf 77' lang='lat' dir='ltr'><strong>exsultare</strong></span> <span class='ocrx_word' id='word_1_22' title='bbox 2955 545 3138 607; x_wconf 88' lang='lat' dir='ltr'><strong>queat.</strong></span> <span class='ocrx_word' id='word_1_23' title='bbox 3162 538 3336 597; x_wconf 82' lang='lat' dir='ltr'><strong>LVIII.</strong></span> <span class='ocrx_word' id='word_1_24' title='bbox 3372 543 3452 600; x_wconf 84' lang='lat' dir='ltr'><strong>De</strong></span> 
     </span>
    </p>
   </div>
   <div class='ocr_carea' id='block_1_6' title="bbox 200 625 1809 701">
    <p class='ocr_par' dir='ltr' id='par_1_6' title="bbox 200 627 1781 701">
     <span class='ocr_line' id='line_1_6' title="bbox 200 627 1781 701; baseline 0.007 -19"><span class='ocrx_word' id='word_1_25' title='bbox 200 629 419 683; x_wconf 79' lang='grc' dir='ltr'>λιᾶσθαι</span> <span class='ocrx_word' id='word_1_26' title='bbox 441 631 586 695; x_wconf 83' lang='grc' dir='ltr'><strong>;ΝΗ⁹</strong></span> <span class='ocrx_word' id='word_1_27' title='bbox 602 632 739 699; x_wconf 79' lang='grc' dir='ltr'>Περὶ</span> <span class='ocrx_word' id='word_1_28' title='bbox 754 627 829 701; x_wconf 85' lang='grc' dir='ltr'>ἧς</span> <span class='ocrx_word' id='word_1_29' title='bbox 845 632 1140 699; x_wconf 80' lang='grc' dir='ltr'><strong>σωτηρίας</strong></span> <span class='ocrx_word' id='word_1_30' title='bbox 1154 629 1524 697; x_wconf 77' lang='grc' dir='ltr'>ἐξεζήτησαν</span> <span class='ocrx_word' id='word_1_31' title='bbox 1533 628 1627 682; x_wconf 66' lang='grc' dir='ltr'><strong>καὶ</strong></span> <span class='ocrx_word' id='word_1_32' title='bbox 1640 628 1781 696; x_wconf 76' lang='grc' dir='ltr'><strong>ἐξη-</strong></span> 
     </span>
    </p>
   </div>
   <div class='ocr_carea' id='block_1_7' title="bbox 1912 625 3454 701">
    <p class='ocr_par' dir='ltr' id='par_1_7' title="bbox 1912 625 3454 701">
     <span class='ocr_line' id='line_1_7' title="bbox 1912 625 3454 701; baseline 0.006 -24"><span class='ocrx_word' id='word_1_33' title='bbox 1912 641 1985 678; x_wconf 84' lang='lat' dir='ltr'><strong>ua</strong></span> <span class='ocrx_word' id='word_1_34' title='bbox 2035 625 2206 679; x_wconf 87' lang='lat' dir='ltr'><strong>salute</strong></span> <span class='ocrx_word' id='word_1_35' title='bbox 2262 625 2618 694; x_wconf 76' lang='lat' dir='ltr'><strong>exquisierunt</strong></span> <span class='ocrx_word' id='word_1_36' title='bbox 2677 637 2832 696; x_wconf 87' lang='lat' dir='ltr'><strong>atque</strong></span> <span class='ocrx_word' id='word_1_37' title='bbox 2889 629 3117 681; x_wconf 83' lang='lat' dir='ltr'><strong>scrutari</strong></span> <span class='ocrx_word' id='word_1_38' title='bbox 3168 641 3287 685; x_wconf 87' lang='lat' dir='ltr'><strong>sunt</strong></span> <span class='ocrx_word' id='word_1_39' title='bbox 3329 649 3454 701; x_wconf 81' lang='lat' dir='ltr'><strong>pro-</strong></span> 
     </span>
    </p>
   </div>
   <div class='ocr_carea' id='block_1_8' title="bbox 195 720 1781 793">
    <p class='ocr_par' dir='ltr' id='par_1_8' title="bbox 195 720 1781 793">
     <span class='ocr_line' id='line_1_8' title="bbox 195 720 1781 793; baseline 0.001 -20"><span class='ocrx_word' id='word_1_40' title='bbox 195 722 516 790; x_wconf 77' lang='grc' dir='ltr'>ρεύνησαν</span> <span class='ocrx_word' id='word_1_41' title='bbox 581 722 900 791; x_wconf 67' lang='grc' dir='ltr'>προφῆται.</span> <span class='ocrx_word' id='word_1_42' title='bbox 938 720 1043 775; x_wconf 88' lang='grc' dir='ltr'><strong>ΝΘ⁹</strong></span> <span class='ocrx_word' id='word_1_43' title='bbox 1101 723 1230 793; x_wconf 76' lang='grc' dir='ltr'>περὶ</span> <span class='ocrx_word' id='word_1_44' title='bbox 1291 721 1387 775; x_wconf 85' lang='grc' dir='ltr'>τοῦ</span> <span class='ocrx_word' id='word_1_45' title='bbox 1440 722 1537 787; x_wconf 83' lang='grc' dir='ltr'>Ὠς</span> <span class='ocrx_word' id='word_1_46' title='bbox 1589 720 1781 789; x_wconf 76' lang='grc' dir='ltr'>ἀμνοῦ</span> 
     </span>
    </p>
   </div>
   <div class='ocr_carea' id='block_1_9' title="bbox 202 811 1781 883">
    <p class='ocr_par' dir='ltr' id='par_1_9' title="bbox 202 811 1781 883">
     <span class='ocr_line' id='line_1_9' title="bbox 202 811 1781 883; baseline -0.003 -15"><span class='ocrx_word' id='word_1_47' title='bbox 202 813 450 883; x_wconf 70' lang='grc' dir='ltr'>ἀμώμου</span> <span class='ocrx_word' id='word_1_48' title='bbox 493 815 591 868; x_wconf 82' lang='grc' dir='ltr'><strong>καὶ</strong></span> <span class='ocrx_word' id='word_1_49' title='bbox 642 815 910 869; x_wconf 77' lang='grc' dir='ltr'><strong>ἀσπίλου</strong></span> <span class='ocrx_word' id='word_1_50' title='bbox 961 817 1221 883; x_wconf 84' lang='grc' dir='ltr'><strong>Χριστοῦ</strong></span> <span class='ocrx_word' id='word_1_51' title='bbox 1266 811 1781 883; x_wconf 80' lang='grc' dir='ltr'>προεγνωσμένου,</span> 
     </span>
    </p>
   </div>
   <div class='ocr_carea' id='block_1_10' title="bbox 210 899 1786 976">
    <p class='ocr_par' dir='ltr' id='par_1_10' title="bbox 210 899 1786 976">
     <span class='ocr_line' id='line_1_10' title="bbox 210 899 1786 976; baseline -0.003 -20"><span class='ocrx_word' id='word_1_52' title='bbox 210 904 315 956; x_wconf 82' lang='grc' dir='ltr'>ὑπὸ</span> <span class='ocrx_word' id='word_1_53' title='bbox 380 902 531 967; x_wconf 82' lang='grc' dir='ltr'>τίνος</span> <span class='ocrx_word' id='word_1_54' title='bbox 566 905 1060 976; x_wconf 75' lang='grc' dir='ltr'>προεγνωσμένους</span> <span class='ocrx_word' id='word_1_55' title='bbox 1115 904 1180 957; x_wconf 86' lang='grc' dir='ltr'>Τί</span> <span class='ocrx_word' id='word_1_56' title='bbox 1234 905 1382 956; x_wconf 88' lang='grc' dir='ltr'>ἐστιν</span> <span class='ocrx_word' id='word_1_57' title='bbox 1422 903 1541 955; x_wconf 88' lang='grc' dir='ltr'><strong>Ὅτι</strong></span> <span class='ocrx_word' id='word_1_58' title='bbox 1581 899 1786 968; x_wconf 80' lang='grc' dir='ltr'>καιρὸς</span> 
     </span>
    </p>
   </div>
   <div class='ocr_carea' id='block_1_11' title="bbox 202 994 1780 1067">
    <p class='ocr_par' dir='ltr' id='par_1_11' title="bbox 202 994 1780 1067">
     <span class='ocr_line' id='line_1_11' title="bbox 202 994 1780 1067; baseline -0.001 -17"><span class='ocrx_word' id='word_1_59' title='bbox 202 997 311 1050; x_wconf 77' lang='grc' dir='ltr'>τοῦ</span> <span class='ocrx_word' id='word_1_60' title='bbox 366 996 665 1065; x_wconf 78' lang='grc' dir='ltr'>ἄρξασθαι</span> <span class='ocrx_word' id='word_1_61' title='bbox 693 999 758 1052; x_wconf 80' lang='grc' dir='ltr'>τὸ</span> <span class='ocrx_word' id='word_1_62' title='bbox 782 999 961 1067; x_wconf 83' lang='grc' dir='ltr'>κρῖμα</span> <span class='ocrx_word' id='word_1_63' title='bbox 998 999 1115 1053; x_wconf 79' lang='grc' dir='ltr'>ἀπὸ</span> <span class='ocrx_word' id='word_1_64' title='bbox 1148 998 1254 1053; x_wconf 87' lang='grc' dir='ltr'>τοῦ</span> <span class='ocrx_word' id='word_1_65' title='bbox 1282 998 1452 1052; x_wconf 80' lang='grc' dir='ltr'>οἵκου</span> <span class='ocrx_word' id='word_1_66' title='bbox 1482 997 1586 1051; x_wconf 86' lang='grc' dir='ltr'>τοῦ</span> <span class='ocrx_word' id='word_1_67' title='bbox 1611 994 1780 1058; x_wconf 70' lang='grc' dir='ltr'>Θεοῦ,</span> 
     </span>
    </p>
   </div>
   <div class='ocr_carea' id='block_1_12' title="bbox 210 1079 1787 1159">
    <p class='ocr_par' dir='ltr' id='par_1_12' title="bbox 210 1079 1787 1159">
     <span class='ocr_line' id='line_1_12' title="bbox 210 1079 1787 1159; baseline -0.004 -20"><span class='ocrx_word' id='word_1_68' title='bbox 210 1086 306 1139; x_wconf 78' lang='grc' dir='ltr'><strong>καὶ</strong></span> <span class='ocrx_word' id='word_1_69' title='bbox 328 1086 458 1158; x_wconf 80' lang='grc' dir='ltr'>ἑξῆς</span> <span class='ocrx_word' id='word_1_70' title='bbox 484 1104 499 1153; x_wconf 87' lang='grc'><strong>;</strong></span> <span class='ocrx_word' id='word_1_71' title='bbox 536 1087 635 1141; x_wconf 81' lang='grc' dir='ltr'><strong>ΞΑ¹</strong></span> <span class='ocrx_word' id='word_1_72' title='bbox 668 1089 796 1157; x_wconf 72' lang='grc' dir='ltr'>περὶ</span> <span class='ocrx_word' id='word_1_73' title='bbox 833 1087 924 1140; x_wconf 76' lang='grc' dir='ltr'>τοῦ</span> <span class='ocrx_word' id='word_1_74' title='bbox 956 1087 1221 1159; x_wconf 82' lang='grc' dir='ltr'>δρεπάνου</span> <span class='ocrx_word' id='word_1_75' title='bbox 1245 1083 1394 1139; x_wconf 75' lang='grc' dir='ltr'>ὂεῖδε</span> <span class='ocrx_word' id='word_1_76' title='bbox 1429 1083 1726 1152; x_wconf 87' lang='grc' dir='ltr'>πετόμενον</span> <span class='ocrx_word' id='word_1_77' title='bbox 1757 1079 1787 1131; x_wconf 86' lang='grc' dir='ltr'>ὁ</span> 
     </span>
    </p>
   </div>
   <div class='ocr_carea' id='block_1_13' title="bbox 208 1172 1788 1251">
    <p class='ocr_par' dir='ltr' id='par_1_13' title="bbox 208 1172 1788 1251">
     <span class='ocr_line' id='line_1_13' title="bbox 208 1172 1788 1251; baseline -0.004 -18"><span class='ocrx_word' id='word_1_78' title='bbox 208 1179 511 1251; x_wconf 83' lang='grc' dir='ltr'>Ζαχαρίας.</span> <span class='ocrx_word' id='word_1_79' title='bbox 576 1178 671 1233; x_wconf 78' lang='lat' dir='ltr'><strong>EB’</strong></span> <span class='ocrx_word' id='word_1_80' title='bbox 702 1182 830 1251; x_wconf 66' lang='grc' dir='ltr'>περὶ</span> <span class='ocrx_word' id='word_1_81' title='bbox 851 1181 950 1250; x_wconf 78' lang='grc' dir='ltr'><strong>τῆς</strong></span> <span class='ocrx_word' id='word_1_82' title='bbox 1012 1180 1220 1251; x_wconf 81' lang='grc' dir='ltr'><strong>χρυσῆς</strong></span> <span class='ocrx_word' id='word_1_83' title='bbox 1273 1178 1492 1247; x_wconf 78' lang='grc' dir='ltr'><strong>λυχνίας</strong></span> <span class='ocrx_word' id='word_1_84' title='bbox 1542 1178 1610 1249; x_wconf 84' lang='grc' dir='ltr'>ἣν</span> <span class='ocrx_word' id='word_1_85' title='bbox 1651 1172 1788 1228; x_wconf 81' lang='grc' dir='ltr'>εἶδεν</span> 
     </span>
    </p>
   </div>
   <div class='ocr_carea' id='block_1_14' title="bbox 209 1263 1788 1342">
    <p class='ocr_par' dir='ltr' id='par_1_14' title="bbox 209 1263 1788 1342">
     <span class='ocr_line' id='line_1_14' title="bbox 209 1263 1788 1342; baseline -0.002 -20"><span class='ocrx_word' id='word_1_86' title='bbox 209 1270 375 1333; x_wconf 80' lang='grc' dir='ltr'>αὐτὸς</span> <span class='ocrx_word' id='word_1_87' title='bbox 439 1272 747 1342; x_wconf 78' lang='grc' dir='ltr'><strong>προφήτης.</strong></span> <span class='ocrx_word' id='word_1_88' title='bbox 810 1269 903 1323; x_wconf 79' lang='lat' dir='ltr'><strong>EI&quot;</strong></span> <span class='ocrx_word' id='word_1_89' title='bbox 960 1270 1010 1322; x_wconf 87' lang='grc' dir='ltr'><strong>τί</strong></span> <span class='ocrx_word' id='word_1_90' title='bbox 1082 1273 1266 1335; x_wconf 87' lang='grc' dir='ltr'>ἐστιν,</span> <span class='ocrx_word' id='word_1_91' title='bbox 1320 1270 1417 1322; x_wconf 81' lang='grc' dir='ltr'><strong>Ἐν</strong></span> <span class='ocrx_word' id='word_1_92' title='bbox 1480 1263 1521 1341; x_wconf 78' lang='grc' dir='ltr'><em>ᾗ</em></span> <span class='ocrx_word' id='word_1_93' title='bbox 1592 1283 1788 1321; x_wconf 79' lang='grc' dir='ltr'>κατοι-</span> 
     </span>
    </p>
   </div>
   <div class='ocr_carea' id='block_1_15' title="bbox 209 1357 1789 1430">
    <p class='ocr_par' dir='ltr' id='par_1_15' title="bbox 209 1357 1789 1430">
     <span class='ocr_line' id='line_1_15' title="bbox 209 1357 1789 1430; baseline -0.003 -18"><span class='ocrx_word' id='word_1_94' title='bbox 209 1361 391 1413; x_wconf 79' lang='grc' dir='ltr'>κοῦσι</span> <span class='ocrx_word' id='word_1_95' title='bbox 418 1363 672 1425; x_wconf 70' lang='grc' dir='ltr'>πλείους</span> <span class='ocrx_word' id='word_1_96' title='bbox 705 1361 743 1429; x_wconf 76' lang='grc' dir='ltr'><strong>ἢ</strong></span> <span class='ocrx_word' id='word_1_97' title='bbox 775 1359 1003 1413; x_wconf 79' lang='grc' dir='ltr'>δώδεκα</span> <span class='ocrx_word' id='word_1_98' title='bbox 1044 1358 1331 1430; x_wconf 80' lang='grc' dir='ltr'><strong>μυριάδες</strong></span> <span class='ocrx_word' id='word_1_99' title='bbox 1360 1357 1616 1427; x_wconf 78' lang='grc' dir='ltr'>ἀνδρῶν,</span> <span class='ocrx_word' id='word_1_100' title='bbox 1646 1357 1789 1410; x_wconf 76' lang='grc' dir='ltr'>οἵτι-</span> 
     </span>
    </p>
   </div>
   <div class='ocr_carea' id='block_1_16' title="bbox 210 1444 1791 1523">
    <p class='ocr_par' dir='ltr' id='par_1_16' title="bbox 210 1444 1791 1523">
     <span class='ocr_line' id='line_1_16' title="bbox 210 1444 1791 1523; baseline -0.006 -17"><span class='ocrx_word' id='word_1_101' title='bbox 210 1470 316 1519; x_wconf 76' lang='grc' dir='ltr'>νες</span> <span class='ocrx_word' id='word_1_102' title='bbox 374 1456 491 1506; x_wconf 83' lang='grc' dir='ltr'>οὐκ</span> <span class='ocrx_word' id='word_1_103' title='bbox 536 1455 813 1523; x_wconf 72' lang='grc' dir='ltr'>ἔγνωσαν</span> <span class='ocrx_word' id='word_1_104' title='bbox 862 1452 1068 1515; x_wconf 77' lang='grc' dir='ltr'>δεξιὰν</span> <span class='ocrx_word' id='word_1_105' title='bbox 1101 1446 1299 1505; x_wconf 67' lang='grc' dir='ltr'>αὐτῶν</span> <span class='ocrx_word' id='word_1_106' title='bbox 1339 1447 1378 1517; x_wconf 77' lang='grc' dir='ltr'><strong>ἢ</strong></span> <span class='ocrx_word' id='word_1_107' title='bbox 1421 1444 1791 1516; x_wconf 71' lang='grc' dir='ltr'>ἀριστεράν-ς</span> 
     </span>
    </p>
   </div>
   <div class='ocr_carea' id='block_1_17' title="bbox 213 1537 1791 1615">
    <p class='ocr_par' dir='ltr' id='par_1_17' title="bbox 213 1537 1791 1615">
     <span class='ocr_line' id='line_1_17' title="bbox 213 1537 1791 1615; baseline -0.006 -19"><span class='ocrx_word' id='word_1_108' title='bbox 213 1542 375 1607; x_wconf 85' lang='grc' dir='ltr'>Τίνες</span> <span class='ocrx_word' id='word_1_109' title='bbox 408 1546 458 1597; x_wconf 82' lang='grc' dir='ltr'>οἱ</span> <span class='ocrx_word' id='word_1_110' title='bbox 513 1545 724 1615; x_wconf 83' lang='grc' dir='ltr'>ἄνδρες,</span> <span class='ocrx_word' id='word_1_111' title='bbox 762 1545 854 1596; x_wconf 70' lang='grc' dir='ltr'><strong>καὶ</strong></span> <span class='ocrx_word' id='word_1_112' title='bbox 884 1544 965 1605; x_wconf 86' lang='grc' dir='ltr'><strong>τίς</strong></span> <span class='ocrx_word' id='word_1_113' title='bbox 996 1543 1029 1612; x_wconf 83' lang='grc' dir='ltr'><strong>ἡ</strong></span> <span class='ocrx_word' id='word_1_114' title='bbox 1059 1541 1209 1607; x_wconf 79' lang='grc' dir='ltr'>δεξιά</span> <span class='ocrx_word' id='word_1_115' title='bbox 1238 1540 1333 1593; x_wconf 67' lang='grc' dir='ltr'>καὶ</span> <span class='ocrx_word' id='word_1_116' title='bbox 1370 1537 1635 1608; x_wconf 85' lang='grc' dir='ltr'>ἀριστερά</span> <span class='ocrx_word' id='word_1_117' title='bbox 1660 1554 1675 1603; x_wconf 88' lang='lat'><strong>;</strong></span> <span class='ocrx_word' id='word_1_118' title='bbox 1697 1537 1791 1589; x_wconf 87' lang='grc' dir='ltr'><strong>ΞΔ¹</strong></span> 
     </span>
    </p>
   </div>
   <div class='ocr_carea' id='block_1_18' title="bbox 211 1629 1795 1705">
    <p class='ocr_par' dir='ltr' id='par_1_18' title="bbox 211 1629 1795 1705">
     <span class='ocr_line' id='line_1_18' title="bbox 211 1629 1795 1705; baseline -0.006 -17"><span class='ocrx_word' id='word_1_119' title='bbox 211 1637 300 1690; x_wconf 74' lang='grc' dir='ltr'>διὰ</span> <span class='ocrx_word' id='word_1_120' title='bbox 332 1638 387 1690; x_wconf 86' lang='grc' dir='ltr'><strong>τί</strong></span> <span class='ocrx_word' id='word_1_121' title='bbox 437 1638 577 1705; x_wconf 83' lang='grc' dir='ltr'>μετὰ</span> <span class='ocrx_word' id='word_1_122' title='bbox 604 1637 695 1688; x_wconf 80' lang='grc' dir='ltr'>τὸν</span> <span class='ocrx_word' id='word_1_123' title='bbox 734 1637 780 1667; x_wconf 78' lang='grc'><strong>⁹⁶</strong></span> <span class='ocrx_word' id='word_1_124' title='bbox 816 1635 1041 1688; x_wconf 80' lang='grc' dir='ltr'>θάνατον</span> <span class='ocrx_word' id='word_1_125' title='bbox 1072 1631 1243 1685; x_wconf 80' lang='grc' dir='ltr'>Σαοὺλ</span> <span class='ocrx_word' id='word_1_126' title='bbox 1292 1629 1387 1683; x_wconf 81' lang='grc' dir='ltr'>τοῦ</span> <span class='ocrx_word' id='word_1_127' title='bbox 1441 1630 1795 1698; x_wconf 79' lang='grc' dir='ltr'><strong>ἀδικήσαντος</strong></span> 
     </span>
    </p>
   </div>
   <div class='ocr_carea' id='block_1_19' title="bbox 212 1717 1781 1794">
    <p class='ocr_par' dir='ltr' id='par_1_19' title="bbox 212 1717 1781 1794">
     <span class='ocr_line' id='line_1_19' title="bbox 212 1717 1781 1794; baseline -0.008 -13"><span class='ocrx_word' id='word_1_128' title='bbox 212 1729 340 1790; x_wconf 69' lang='grc' dir='ltr'>τοὺς</span> <span class='ocrx_word' id='word_1_129' title='bbox 372 1727 726 1788; x_wconf 86' lang='grc' dir='ltr'>Γαϐαωνίτας</span> <span class='ocrx_word' id='word_1_130' title='bbox 757 1728 785 1779; x_wconf 91' lang='grc' dir='ltr'>ὁ</span> <span class='ocrx_word' id='word_1_131' title='bbox 828 1724 989 1794; x_wconf 80' lang='grc' dir='ltr'>μηδὲν</span> <span class='ocrx_word' id='word_1_132' title='bbox 1022 1724 1281 1792; x_wconf 76' lang='grc' dir='ltr'><strong>ἀδικήσας</strong></span> <span class='ocrx_word' id='word_1_133' title='bbox 1316 1719 1479 1774; x_wconf 71' lang='grc' dir='ltr'>Δαϐὶδ</span> <span class='ocrx_word' id='word_1_134' title='bbox 1523 1717 1781 1790; x_wconf 82' lang='grc' dir='ltr'>ἀπῃτήθη</span> 
     </span>
    </p>
   </div>
   <div class='ocr_carea' id='block_1_20' title="bbox 1882 713 3457 785">
    <p class='ocr_par' dir='ltr' id='par_1_20' title="bbox 1882 713 3457 785">
     <span class='ocr_line' id='line_1_20' title="bbox 1882 713 3457 785; baseline 0.006 -17"><span class='ocrx_word' id='word_1_135' title='bbox 1882 716 2050 785; x_wconf 67' lang='lat' dir='ltr'><strong>pheta:</strong></span> <span class='ocrx_word' id='word_1_136' title='bbox 2090 715 2104 765; x_wconf 84' lang='lat' dir='ltr'><strong>i</strong></span> <span class='ocrx_word' id='word_1_137' title='bbox 2130 716 2153 770; x_wconf 87' lang='lat'><strong>?</strong></span> <span class='ocrx_word' id='word_1_138' title='bbox 2180 713 2312 770; x_wconf 82' lang='lat' dir='ltr'>LIX.</span> <span class='ocrx_word' id='word_1_139' title='bbox 2359 715 2436 772; x_wconf 90' lang='lat' dir='ltr'><strong>De</strong></span> <span class='ocrx_word' id='word_1_140' title='bbox 2465 717 2556 771; x_wconf 88' lang='lat' dir='ltr'><strong>illo</strong></span> <span class='ocrx_word' id='word_1_141' title='bbox 2597 734 2612 773; x_wconf 92' lang='lat'><strong>:</strong></span> <span class='ocrx_word' id='word_1_142' title='bbox 2648 717 2815 783; x_wconf 84' lang='lat' dir='ltr'><strong>Quasi</strong></span> <span class='ocrx_word' id='word_1_143' title='bbox 2845 719 3171 773; x_wconf 87' lang='lat' dir='ltr'><strong>immaculati</strong></span> <span class='ocrx_word' id='word_1_144' title='bbox 3197 732 3244 775; x_wconf 85' lang='lat' dir='ltr'><strong>et</strong></span> <span class='ocrx_word' id='word_1_145' title='bbox 3279 722 3457 776; x_wconf 84' lang='lat' dir='ltr'><strong>incon-</strong></span> 
     </span>
    </p>
   </div>
   <div class='ocr_carea' id='block_1_21' title="bbox 1885 807 3456 879">
    <p class='ocr_par' dir='ltr' id='par_1_21' title="bbox 1885 807 3456 879">
     <span class='ocr_line' id='line_1_21' title="bbox 1885 807 3456 879; baseline 0.005 -20"><span class='ocrx_word' id='word_1_146' title='bbox 1885 809 2137 861; x_wconf 83' lang='lat' dir='ltr'><strong>taminati</strong></span> <span class='ocrx_word' id='word_1_147' title='bbox 2165 807 2386 872; x_wconf 76' lang='lat' dir='ltr'><strong>Christi,</strong></span> <span class='ocrx_word' id='word_1_148' title='bbox 2410 810 2719 878; x_wconf 73' lang='lat' dir='ltr'><strong>praecogniti</strong></span> <span class='ocrx_word' id='word_1_149' title='bbox 2749 811 2957 879; x_wconf 79' lang='lat' dir='ltr'><strong>quidem</strong></span> <span class='ocrx_word' id='word_1_150' title='bbox 2975 818 3097 864; x_wconf 85' lang='lat' dir='ltr'><strong>ante</strong></span> <span class='ocrx_word' id='word_1_151' title='bbox 3123 813 3456 867; x_wconf 81' lang='lat' dir='ltr'><strong>constitutio-</strong></span> 
     </span>
    </p>
   </div>
   <div class='ocr_carea' id='block_1_22' title="bbox 1886 900 3454 979">
    <p class='ocr_par' dir='ltr' id='par_1_22' title="bbox 1886 900 3454 979">
     <span class='ocr_line' id='line_1_22' title="bbox 1886 900 3454 979; baseline 0.003 -27"><span class='ocrx_word' id='word_1_152' title='bbox 1886 914 2023 979; x_wconf 24' lang='lat' dir='ltr'><strong>nem.</strong></span> <span class='ocrx_word' id='word_1_153' title='bbox 2077 900 2260 953; x_wconf 86' lang='lat' dir='ltr'><strong>mundi</strong></span> <span class='ocrx_word' id='word_1_154' title='bbox 2316 900 2367 955; x_wconf 76' lang='grc' dir='ltr'><strong>ιι.</strong></span> <span class='ocrx_word' id='word_1_155' title='bbox 2398 900 2503 954; x_wconf 91' lang='lat' dir='ltr'><strong>Sed</strong></span> <span class='ocrx_word' id='word_1_156' title='bbox 2547 916 2576 954; x_wconf 88' lang='lat' dir='ltr'><strong>a</strong></span> <span class='ocrx_word' id='word_1_157' title='bbox 2631 916 2738 969; x_wconf 91' lang='lat' dir='ltr'><strong>quo</strong></span> <span class='ocrx_word' id='word_1_158' title='bbox 2782 902 3139 971; x_wconf 75' lang='lat' dir='ltr'><strong>przecogniti?</strong></span> <span class='ocrx_word' id='word_1_159' title='bbox 3172 901 3284 959; x_wconf 82' lang='lat' dir='ltr'>LX.</span> <span class='ocrx_word' id='word_1_160' title='bbox 3317 903 3454 969; x_wconf 88' lang='lat' dir='ltr'><strong>Quid</strong></span> 
     </span>
    </p>
   </div>
   <div class='ocr_carea' id='block_1_23' title="bbox 1885 990 3459 1064">
    <p class='ocr_par' dir='ltr' id='par_1_23' title="bbox 1885 990 3459 1064">
     <span class='ocr_line' id='line_1_23' title="bbox 1885 990 3459 1064; baseline 0.004 -20"><span class='ocrx_word' id='word_1_161' title='bbox 1885 990 2031 1045; x_wconf 81' lang='lat' dir='ltr'><strong>est&#39;:</strong></span> <span class='ocrx_word' id='word_1_162' title='bbox 2091 990 2353 1055; x_wconf 82' lang='lat' dir='ltr'><strong>Quoniam</strong></span> <span class='ocrx_word' id='word_1_163' title='bbox 2419 1001 2620 1058; x_wconf 87' lang='lat' dir='ltr'><strong>tempus</strong></span> <span class='ocrx_word' id='word_1_164' title='bbox 2679 993 2843 1061; x_wconf 83' lang='lat' dir='ltr'><strong><em>incipi</em></strong></span> <span class='ocrx_word' id='word_1_165' title='bbox 2895 995 3162 1064; x_wconf 81' lang='lat' dir='ltr'><strong>judicium</strong></span> <span class='ocrx_word' id='word_1_166' title='bbox 3217 1013 3249 1048; x_wconf 89' lang='lat' dir='ltr'><strong><em>a</em></strong></span> <span class='ocrx_word' id='word_1_167' title='bbox 3304 1001 3459 1051; x_wconf 87' lang='lat' dir='ltr'><strong>domo</strong></span> 
     </span>
    </p>
   </div>
   <div class='ocr_carea' id='block_1_24' title="bbox 1888 1080 3462 1163">
    <p class='ocr_par' dir='ltr' id='par_1_24' title="bbox 1888 1080 3462 1163">
     <span class='ocr_line' id='line_1_24' title="bbox 1888 1080 3462 1163; baseline 0.004 -27"><span class='ocrx_word' id='word_1_168' title='bbox 1888 1082 1985 1137; x_wconf 88' lang='lat' dir='ltr'><strong>Dei</strong></span> <span class='ocrx_word' id='word_1_169' title='bbox 2014 1080 2058 1163; x_wconf 80' lang='lat'><strong>1,</strong></span> <span class='ocrx_word' id='word_1_170' title='bbox 2085 1092 2141 1137; x_wconf 91' lang='lat' dir='ltr'><strong>et</strong></span> <span class='ocrx_word' id='word_1_171' title='bbox 2170 1083 2413 1154; x_wconf 83' lang='lat' dir='ltr'><strong>reliqua?</strong></span> <span class='ocrx_word' id='word_1_172' title='bbox 2462 1083 2598 1138; x_wconf 80' lang='lat' dir='ltr'>LXI.</span> <span class='ocrx_word' id='word_1_173' title='bbox 2629 1085 2706 1138; x_wconf 85' lang='lat' dir='ltr'><strong>De</strong></span> <span class='ocrx_word' id='word_1_174' title='bbox 2744 1083 2880 1139; x_wconf 80' lang='lat' dir='ltr'><strong>falce</strong></span> <span class='ocrx_word' id='word_1_175' title='bbox 2915 1086 3050 1163; x_wconf 60' lang='grc' dir='ltr'>(δεῇ),</span> <span class='ocrx_word' id='word_1_176' title='bbox 3080 1103 3239 1155; x_wconf 88' lang='lat' dir='ltr'><strong>quam</strong></span> <span class='ocrx_word' id='word_1_177' title='bbox 3271 1089 3462 1142; x_wconf 83' lang='lat' dir='ltr'><strong>volan-</strong></span> 
     </span>
    </p>
   </div>
   <div class='ocr_carea' id='block_1_25' title="bbox 1889 1173 3459 1243">
    <p class='ocr_par' dir='ltr' id='par_1_25' title="bbox 1889 1173 3459 1243">
     <span class='ocr_line' id='line_1_25' title="bbox 1889 1173 3459 1243; baseline 0.001 -15"><span class='ocrx_word' id='word_1_178' title='bbox 1889 1182 1995 1230; x_wconf 91' lang='lat' dir='ltr'><strong>tem</strong></span> <span class='ocrx_word' id='word_1_179' title='bbox 2026 1174 2159 1228; x_wconf 84' lang='lat' dir='ltr'><strong><em>vidit</em></strong></span> <span class='ocrx_word' id='word_1_180' title='bbox 2187 1173 2480 1229; x_wconf 83' lang='lat' dir='ltr'><strong>Zacharias</strong></span> <span class='ocrx_word' id='word_1_181' title='bbox 2506 1187 2570 1230; x_wconf 77' lang='grc' dir='ltr'>ω.</span> <span class='ocrx_word' id='word_1_182' title='bbox 2602 1174 2762 1230; x_wconf 77' lang='lat' dir='ltr'>LXII.</span> <span class='ocrx_word' id='word_1_183' title='bbox 2798 1176 2872 1230; x_wconf 91' lang='lat' dir='ltr'><strong>De</strong></span> <span class='ocrx_word' id='word_1_184' title='bbox 2911 1178 3238 1231; x_wconf 89' lang='lat' dir='ltr'><strong>candelabro</strong></span> <span class='ocrx_word' id='word_1_185' title='bbox 3275 1193 3459 1243; x_wconf 85' lang='lat' dir='ltr'><strong>aureo,</strong></span> 
     </span>
    </p>
   </div>
   <div class='ocr_carea' id='block_1_26' title="bbox 1889 1266 3463 1337">
    <p class='ocr_par' dir='ltr' id='par_1_26' title="bbox 1889 1266 3463 1337">
     <span class='ocr_line' id='line_1_26' title="bbox 1889 1266 3463 1337; baseline 0.003 -20"><span class='ocrx_word' id='word_1_186' title='bbox 1889 1266 2031 1335; x_wconf 89' lang='lat' dir='ltr'><strong>quod</strong></span> <span class='ocrx_word' id='word_1_187' title='bbox 2069 1266 2206 1320; x_wconf 89' lang='lat' dir='ltr'><strong>idem</strong></span> <span class='ocrx_word' id='word_1_188' title='bbox 2246 1277 2398 1321; x_wconf 86' lang='lat' dir='ltr'><strong>vates</strong></span> <span class='ocrx_word' id='word_1_189' title='bbox 2421 1269 2705 1337; x_wconf 84' lang='lat' dir='ltr'><strong>conspexit</strong></span> <span class='ocrx_word' id='word_1_190' title='bbox 2743 1276 2794 1321; x_wconf 72' lang='grc' dir='ltr'>ιι.</span> <span class='ocrx_word' id='word_1_191' title='bbox 2825 1266 3011 1322; x_wconf 81' lang='lat' dir='ltr'>LXIII.</span> <span class='ocrx_word' id='word_1_192' title='bbox 3054 1268 3191 1334; x_wconf 85' lang='lat' dir='ltr'><strong>Quid</strong></span> <span class='ocrx_word' id='word_1_193' title='bbox 3232 1280 3358 1323; x_wconf 90' lang='lat' dir='ltr'><strong>est:</strong></span> <span class='ocrx_word' id='word_1_194' title='bbox 3396 1268 3463 1322; x_wconf 79' lang='lat' dir='ltr'><strong>In</strong></span> 
     </span>
    </p>
   </div>
   <div class='ocr_carea' id='block_1_27' title="bbox 1889 1357 3469 1430">
    <p class='ocr_par' dir='ltr' id='par_1_27' title="bbox 1889 1357 3469 1430">
     <span class='ocr_line' id='line_1_27' title="bbox 1889 1357 3469 1430; baseline 0.003 -21"><span class='ocrx_word' id='word_1_195' title='bbox 1889 1374 1992 1425; x_wconf 84' lang='lat' dir='ltr'><strong>qua</strong></span> <span class='ocrx_word' id='word_1_196' title='bbox 2034 1357 2269 1411; x_wconf 80' lang='lat' dir='ltr'><strong>habitant</strong></span> <span class='ocrx_word' id='word_1_197' title='bbox 2296 1361 2469 1423; x_wconf 78' lang='lat' dir='ltr'><strong>plures</strong></span> <span class='ocrx_word' id='word_1_198' title='bbox 2498 1376 2654 1429; x_wconf 88' lang='lat' dir='ltr'><strong>quam</strong></span> <span class='ocrx_word' id='word_1_199' title='bbox 2695 1371 2903 1414; x_wconf 83' lang='lat' dir='ltr'><strong>centum</strong></span> <span class='ocrx_word' id='word_1_200' title='bbox 2931 1361 3110 1430; x_wconf 85' lang='lat' dir='ltr'><strong>viginti</strong></span> <span class='ocrx_word' id='word_1_201' title='bbox 3136 1361 3305 1413; x_wconf 82' lang='lat' dir='ltr'><strong><em>millia</em></strong></span> <span class='ocrx_word' id='word_1_202' title='bbox 3330 1364 3469 1414; x_wconf 80' lang='lat' dir='ltr'><strong>viro-</strong></span> 
     </span>
    </p>
   </div>
   <div class='ocr_carea' id='block_1_28' title="bbox 1892 1451 3470 1519">
    <p class='ocr_par' dir='ltr' id='par_1_28' title="bbox 1892 1451 3470 1519">
     <span class='ocr_line' id='line_1_28' title="bbox 1892 1451 3470 1519; baseline 0.003 -18"><span class='ocrx_word' id='word_1_203' title='bbox 1892 1465 2030 1512; x_wconf 86' lang='lat' dir='ltr'><strong>rum,</strong></span> <span class='ocrx_word' id='word_1_204' title='bbox 2076 1451 2166 1518; x_wconf 87' lang='lat' dir='ltr'><strong><em>qui</em></strong></span> <span class='ocrx_word' id='word_1_205' title='bbox 2209 1466 2314 1503; x_wconf 86' lang='lat' dir='ltr'><strong>non</strong></span> <span class='ocrx_word' id='word_1_206' title='bbox 2364 1463 2711 1519; x_wconf 81' lang='lat' dir='ltr'><strong>cognoverunt</strong></span> <span class='ocrx_word' id='word_1_207' title='bbox 2760 1454 3001 1506; x_wconf 82' lang='lat' dir='ltr'><strong>dextram</strong></span> <span class='ocrx_word' id='word_1_208' title='bbox 3030 1469 3180 1505; x_wconf 87' lang='lat' dir='ltr'><strong>suam</strong></span> <span class='ocrx_word' id='word_1_209' title='bbox 3220 1465 3309 1506; x_wconf 89' lang='lat' dir='ltr'><strong>aut</strong></span> <span class='ocrx_word' id='word_1_210' title='bbox 3344 1452 3470 1505; x_wconf 84' lang='lat' dir='ltr'><strong>sini-</strong></span> 
     </span>
    </p>
   </div>
   <div class='ocr_carea' id='block_1_29' title="bbox 1892 1542 3472 1615">
    <p class='ocr_par' dir='ltr' id='par_1_29' title="bbox 1892 1542 3472 1615">
     <span class='ocr_line' id='line_1_29' title="bbox 1892 1542 3472 1615; baseline 0.004 -20"><span class='ocrx_word' id='word_1_211' title='bbox 1892 1553 2053 1595; x_wconf 81' lang='lat' dir='ltr'><strong>stram</strong></span> <span class='ocrx_word' id='word_1_212' title='bbox 2087 1542 2153 1595; x_wconf 88' lang='lat'><strong>°?</strong></span> <span class='ocrx_word' id='word_1_213' title='bbox 2207 1542 2437 1608; x_wconf 83' lang='lat' dir='ltr'><strong>Quinam</strong></span> <span class='ocrx_word' id='word_1_214' title='bbox 2480 1544 2532 1597; x_wconf 90' lang='lat' dir='ltr'><strong>lti</strong></span> <span class='ocrx_word' id='word_1_215' title='bbox 2584 1545 2685 1599; x_wconf 91' lang='lat' dir='ltr'><strong>viri</strong></span> <span class='ocrx_word' id='word_1_216' title='bbox 2743 1555 2889 1610; x_wconf 88' lang='lat' dir='ltr'><strong>sunt,</strong></span> <span class='ocrx_word' id='word_1_217' title='bbox 2943 1561 3167 1615; x_wconf 69' lang='lat' dir='ltr'><strong>quaeque</strong></span> <span class='ocrx_word' id='word_1_218' title='bbox 3195 1546 3381 1600; x_wconf 82' lang='lat' dir='ltr'><strong>dextra</strong></span> <span class='ocrx_word' id='word_1_219' title='bbox 3416 1554 3472 1601; x_wconf 78' lang='lat' dir='ltr'><strong>et</strong></span> 
     </span>
    </p>
   </div>
   <div class='ocr_carea' id='block_1_30' title="bbox 1895 1634 3473 1707">
    <p class='ocr_par' dir='ltr' id='par_1_30' title="bbox 1895 1634 3473 1707">
     <span class='ocr_line' id='line_1_30' title="bbox 1895 1634 3473 1707; baseline 0.003 -21"><span class='ocrx_word' id='word_1_220' title='bbox 1895 1634 2155 1688; x_wconf 82' lang='lat' dir='ltr'><strong>sinistra?</strong></span> <span class='ocrx_word' id='word_1_221' title='bbox 2196 1634 2378 1690; x_wconf 84' lang='lat' dir='ltr'>LXIV.</span> <span class='ocrx_word' id='word_1_222' title='bbox 2417 1637 2596 1701; x_wconf 85' lang='lat' dir='ltr'><strong>Quare</strong></span> <span class='ocrx_word' id='word_1_223' title='bbox 2630 1647 2752 1707; x_wconf 90' lang='lat' dir='ltr'><strong>post</strong></span> <span class='ocrx_word' id='word_1_224' title='bbox 2789 1648 3019 1692; x_wconf 90' lang='lat' dir='ltr'><strong>mortem</strong></span> <span class='ocrx_word' id='word_1_225' title='bbox 3053 1636 3203 1704; x_wconf 89' lang='lat' dir='ltr'><strong>Saul,</strong></span> <span class='ocrx_word' id='word_1_226' title='bbox 3237 1637 3328 1705; x_wconf 85' lang='lat' dir='ltr'><strong>qui</strong></span> <span class='ocrx_word' id='word_1_227' title='bbox 3359 1636 3473 1690; x_wconf 84' lang='lat' dir='ltr'><strong>Ga-</strong></span> 
     </span>
    </p>
   </div>
   <div class='ocr_carea' id='block_1_31' title="bbox 1896 1726 3468 1799">
    <p class='ocr_par' dir='ltr' id='par_1_31' title="bbox 1896 1726 3468 1799">
     <span class='ocr_line' id='line_1_31' title="bbox 1896 1726 3468 1799; baseline 0 -18"><span class='ocrx_word' id='word_1_228' title='bbox 1896 1726 2146 1781; x_wconf 85' lang='lat' dir='ltr'><strong>baonitas</strong></span> <span class='ocrx_word' id='word_1_229' title='bbox 2174 1728 2370 1794; x_wconf 81' lang='lat' dir='ltr'><strong>injuria</strong></span> <span class='ocrx_word' id='word_1_230' title='bbox 2410 1727 2691 1789; x_wconf 72' lang='lat' dir='ltr'><strong>affecerat.</strong></span> <span class='ocrx_word' id='word_1_231' title='bbox 2727 1730 2794 1783; x_wconf 89' lang='lat' dir='ltr'><strong>ab</strong></span> <span class='ocrx_word' id='word_1_232' title='bbox 2831 1730 3050 1784; x_wconf 80' lang='lat' dir='ltr'><strong>innoxio</strong></span> <span class='ocrx_word' id='word_1_233' title='bbox 3078 1730 3279 1784; x_wconf 89' lang='lat' dir='ltr'><strong>Davide</strong></span> <span class='ocrx_word' id='word_1_234' title='bbox 3310 1743 3468 1799; x_wconf 89' lang='lat' dir='ltr'><strong>poena</strong></span> 
     </span>
    </p>
   </div>
   <div class='ocr_carea' id='block_1_32' title="bbox 214 1810 1809 1890">
    <p class='ocr_par' dir='ltr' id='par_1_32' title="bbox 214 1810 1794 1890">
     <span class='ocr_line' id='line_1_32' title="bbox 214 1810 1794 1890; baseline -0.008 -18"><span class='ocrx_word' id='word_1_235' title='bbox 214 1820 393 1883; x_wconf 81' lang='grc' dir='ltr'>δίκας,</span> <span class='ocrx_word' id='word_1_236' title='bbox 413 1818 558 1890; x_wconf 82' lang='grc' dir='ltr'>λιμῷ</span> <span class='ocrx_word' id='word_1_237' title='bbox 586 1818 688 1889; x_wconf 82' lang='grc' dir='ltr'><strong>τῆς</strong></span> <span class='ocrx_word' id='word_1_238' title='bbox 709 1818 891 1887; x_wconf 85' lang='grc' dir='ltr'>χώρας</span> <span class='ocrx_word' id='word_1_239' title='bbox 918 1814 1083 1869; x_wconf 76' lang='grc' dir='ltr'>αὑτοῦ</span> <span class='ocrx_word' id='word_1_240' title='bbox 1107 1813 1478 1882; x_wconf 79' lang='grc' dir='ltr'><strong>κακουμένης,</strong></span> <span class='ocrx_word' id='word_1_241' title='bbox 1501 1810 1605 1871; x_wconf 73' lang='grc' dir='ltr'>ἕως</span> <span class='ocrx_word' id='word_1_242' title='bbox 1626 1810 1794 1862; x_wconf 83' lang='grc' dir='ltr'>ἐδωκε</span> 
     </span>
    </p>
   </div>
   <div class='ocr_carea' id='block_1_33' title="bbox 1912 1810 3474 1890">
    <p class='ocr_par' dir='ltr' id='par_1_33' title="bbox 1912 1819 3474 1890">
     <span class='ocr_line' id='line_1_33' title="bbox 1912 1819 3474 1890; baseline -0.001 -16"><span class='ocrx_word' id='word_1_243' title='bbox 1912 1830 2086 1874; x_wconf 60' lang='lat' dir='ltr'><strong>exacta</strong></span> <span class='ocrx_word' id='word_1_244' title='bbox 2144 1819 2326 1884; x_wconf 81' lang='lat' dir='ltr'><strong>fuerit,</strong></span> <span class='ocrx_word' id='word_1_245' title='bbox 2381 1819 2521 1873; x_wconf 80' lang='lat' dir='ltr'><strong>fame</strong></span> <span class='ocrx_word' id='word_1_246' title='bbox 2570 1824 2688 1889; x_wconf 83' lang='lat' dir='ltr'><strong>ejus</strong></span> <span class='ocrx_word' id='word_1_247' title='bbox 2744 1820 2964 1890; x_wconf 82' lang='lat' dir='ltr'><strong>regione</strong></span> <span class='ocrx_word' id='word_1_248' title='bbox 3015 1830 3231 1886; x_wconf 82' lang='lat' dir='ltr'><strong>vexata,</strong></span> <span class='ocrx_word' id='word_1_249' title='bbox 3299 1822 3474 1873; x_wconf 90' lang='lat' dir='ltr'><strong>donec</strong></span> 
     </span>
    </p>
   </div>
   <div class='ocr_carea' id='block_1_34' title="bbox 212 1893 1809 1983">
    <p class='ocr_par' dir='ltr' id='par_1_34' title="bbox 212 1902 1794 1981">
     <span class='ocr_line' id='line_1_34' title="bbox 212 1902 1794 1981; baseline -0.006 -18"><span class='ocrx_word' id='word_1_250' title='bbox 212 1913 344 1975; x_wconf 71' lang='grc' dir='ltr'>τοὺς</span> <span class='ocrx_word' id='word_1_251' title='bbox 392 1912 459 1963; x_wconf 87' lang='grc' dir='ltr'><strong>ἐκ</strong></span> <span class='ocrx_word' id='word_1_252' title='bbox 515 1910 609 1963; x_wconf 75' lang='grc' dir='ltr'>τοῦ</span> <span class='ocrx_word' id='word_1_253' title='bbox 653 1910 964 1981; x_wconf 81' lang='grc' dir='ltr'>σπέρματος</span> <span class='ocrx_word' id='word_1_254' title='bbox 1022 1906 1195 1960; x_wconf 76' lang='grc' dir='ltr'>Σαοὺλ</span> <span class='ocrx_word' id='word_1_255' title='bbox 1244 1902 1383 1958; x_wconf 78' lang='grc' dir='ltr'>ἑπτὰ</span> <span class='ocrx_word' id='word_1_256' title='bbox 1432 1902 1630 1973; x_wconf 80' lang='grc' dir='ltr'>ἄνδρας</span> <span class='ocrx_word' id='word_1_257' title='bbox 1684 1902 1794 1963; x_wconf 86' lang='grc' dir='ltr'>τοῖς</span> 
     </span>
    </p>
   </div>
   <div class='ocr_carea' id='block_1_35' title="bbox 1912 1893 3471 1983">
    <p class='ocr_par' dir='ltr' id='par_1_35' title="bbox 1912 1911 3471 1983">
     <span class='ocr_line' id='line_1_35' title="bbox 1912 1911 3471 1983; baseline 0 -18"><span class='ocrx_word' id='word_1_258' title='bbox 1912 1912 2142 1969; x_wconf 84' lang='lat' dir='ltr'><strong>traderet</strong></span> <span class='ocrx_word' id='word_1_259' title='bbox 2174 1927 2244 1967; x_wconf 80' lang='lat' dir='ltr'><strong>ex</strong></span> <span class='ocrx_word' id='word_1_260' title='bbox 2273 1911 2479 1969; x_wconf 87' lang='lat' dir='ltr'><strong>semine</strong></span> <span class='ocrx_word' id='word_1_261' title='bbox 2505 1912 2635 1968; x_wconf 86' lang='lat' dir='ltr'><strong>Saul</strong></span> <span class='ocrx_word' id='word_1_262' title='bbox 2663 1922 2873 1983; x_wconf 88' lang='lat' dir='ltr'><strong>septem</strong></span> <span class='ocrx_word' id='word_1_263' title='bbox 2896 1915 3046 1968; x_wconf 89' lang='lat' dir='ltr'><strong>viros</strong></span> <span class='ocrx_word' id='word_1_264' title='bbox 3076 1912 3392 1969; x_wconf 86' lang='lat' dir='ltr'><strong>Gabaonitis</strong></span> <span class='ocrx_word' id='word_1_265' title='bbox 3422 1920 3471 1965; x_wconf 76' lang='grc' dir='ltr'>Ρ.</span> 
     </span>
    </p>
   </div>
   <div class='ocr_carea' id='block_1_36' title="bbox 214 2002 651 2069">
    <p class='ocr_par' dir='ltr' id='par_1_36' title="bbox 214 2002 651 2069">
     <span class='ocr_line' id='line_1_36' title="bbox 214 2002 651 2069; baseline -0.005 -15"><span class='ocrx_word' id='word_1_266' title='bbox 214 2002 597 2064; x_wconf 80' lang='grc' dir='ltr'>Γαϐαωνίταις</span> <span class='ocrx_word' id='word_1_267' title='bbox 634 2018 651 2069; x_wconf 89' lang='grc'>;</span> 
     </span>
    </p>
   </div>
   <div class='ocr_carea' id='block_1_37' title="bbox 289 2082 1800 2157">
    <p class='ocr_par' dir='ltr' id='par_1_37' title="bbox 289 2082 1800 2157">
     <span class='ocr_line' id='line_1_37' title="bbox 289 2082 1800 2157; baseline -0.005 -13"><span class='ocrx_word' id='word_1_268' title='bbox 289 2092 516 2145; x_wconf 83' lang='grc' dir='ltr'>Τούτων</span> <span class='ocrx_word' id='word_1_269' title='bbox 551 2088 645 2146; x_wconf 72' lang='grc' dir='ltr'><strong>οὖν</strong></span> <span class='ocrx_word' id='word_1_270' title='bbox 688 2092 788 2156; x_wconf 78' lang='grc' dir='ltr'><strong>τὰς</strong></span> <span class='ocrx_word' id='word_1_271' title='bbox 833 2089 1019 2154; x_wconf 84' lang='grc' dir='ltr'>λύσεις</span> <span class='ocrx_word' id='word_1_272' title='bbox 1062 2091 1091 2143; x_wconf 85' lang='grc' dir='ltr'><strong>ό</strong></span> <span class='ocrx_word' id='word_1_273' title='bbox 1120 2088 1261 2152; x_wconf 90' lang='grc' dir='ltr'>θεῖος</span> <span class='ocrx_word' id='word_1_274' title='bbox 1305 2104 1458 2152; x_wconf 89' lang='grc' dir='ltr'>ουτος</span> <span class='ocrx_word' id='word_1_275' title='bbox 1503 2086 1642 2157; x_wconf 78' lang='grc' dir='ltr'>ἀνὴρ</span> <span class='ocrx_word' id='word_1_276' title='bbox 1706 2082 1800 2138; x_wconf 74' lang='grc' dir='ltr'>καὶ</span> 
     </span>
    </p>
   </div>
   <div class='ocr_carea' id='block_1_38' title="bbox 219 2177 1800 2254">
    <p class='ocr_par' dir='ltr' id='par_1_38' title="bbox 219 2177 1800 2254">
     <span class='ocr_line' id='line_1_38' title="bbox 219 2177 1800 2254; baseline -0.005 -16"><span class='ocrx_word' id='word_1_277' title='bbox 219 2187 479 2252; x_wconf 73' lang='grc' dir='ltr'>γενναῖος</span> <span class='ocrx_word' id='word_1_278' title='bbox 535 2182 879 2254; x_wconf 80' lang='grc' dir='ltr'>ὁμολογητὴς</span> <span class='ocrx_word' id='word_1_279' title='bbox 924 2182 1234 2237; x_wconf 86' lang='grc' dir='ltr'>ἀποδιδόναι</span> <span class='ocrx_word' id='word_1_280' title='bbox 1262 2180 1555 2250; x_wconf 81' lang='grc' dir='ltr'>ὑπέρχεται</span> <span class='ocrx_word' id='word_1_281' title='bbox 1620 2177 1800 2230; x_wconf 84' lang='grc' dir='ltr'>πόνον.</span> 
     </span>
    </p>
   </div>
   <div class='ocr_carea' id='block_1_39' title="bbox 222 2269 1805 2347">
    <p class='ocr_par' dir='ltr' id='par_1_39' title="bbox 222 2269 1805 2347">
     <span class='ocr_line' id='line_1_39' title="bbox 222 2269 1805 2347; baseline -0.007 -16"><span class='ocrx_word' id='word_1_282' title='bbox 222 2278 384 2330; x_wconf 86' lang='grc' dir='ltr'>Ἔστι</span> <span class='ocrx_word' id='word_1_283' title='bbox 424 2277 485 2329; x_wconf 74' lang='grc' dir='ltr'>δὲ</span> <span class='ocrx_word' id='word_1_284' title='bbox 522 2276 622 2346; x_wconf 83' lang='grc' dir='ltr'>τὴν</span> <span class='ocrx_word' id='word_1_285' title='bbox 684 2274 885 2347; x_wconf 81' lang='grc' dir='ltr'>φράσιν</span> <span class='ocrx_word' id='word_1_286' title='bbox 942 2275 1283 2345; x_wconf 80' lang='grc' dir='ltr'>σχοινοτενής</span> <span class='ocrx_word' id='word_1_287' title='bbox 1336 2289 1395 2325; x_wconf 83' lang='grc' dir='ltr'><strong>τε</strong></span> <span class='ocrx_word' id='word_1_288' title='bbox 1452 2273 1570 2335; x_wconf 88' lang='grc' dir='ltr'>ταῖς</span> <span class='ocrx_word' id='word_1_289' title='bbox 1621 2269 1805 2339; x_wconf 79' lang='grc' dir='ltr'>περιό-</span> 
     </span>
    </p>
   </div>
   <div class='ocr_carea' id='block_1_40' title="bbox 217 2362 1805 2439">
    <p class='ocr_par' dir='ltr' id='par_1_40' title="bbox 217 2362 1805 2439">
     <span class='ocr_line' id='line_1_40' title="bbox 217 2362 1805 2439; baseline -0.007 -17"><span class='ocrx_word' id='word_1_290' title='bbox 217 2370 358 2434; x_wconf 80' lang='grc' dir='ltr'>δοις,</span> <span class='ocrx_word' id='word_1_291' title='bbox 389 2368 490 2421; x_wconf 75' lang='grc' dir='ltr'><strong>καὶ</strong></span> <span class='ocrx_word' id='word_1_292' title='bbox 549 2366 758 2439; x_wconf 86' lang='grc' dir='ltr'>χαίρων</span> <span class='ocrx_word' id='word_1_293' title='bbox 813 2366 1163 2436; x_wconf 80' lang='grc' dir='ltr'>ύπερϐατοῖς,</span> <span class='ocrx_word' id='word_1_294' title='bbox 1201 2362 1527 2433; x_wconf 77' lang='grc' dir='ltr'>ἐνακμάζων</span> <span class='ocrx_word' id='word_1_295' title='bbox 1573 2378 1634 2414; x_wconf 86' lang='grc' dir='ltr'><strong>τε</strong></span> <span class='ocrx_word' id='word_1_296' title='bbox 1684 2362 1805 2422; x_wconf 87' lang='grc' dir='ltr'>ταῖς</span> 
     </span>
    </p>
   </div>
   <div class='ocr_carea' id='block_1_41' title="bbox 218 2452 1807 2533">
    <p class='ocr_par' dir='ltr' id='par_1_41' title="bbox 218 2452 1807 2533">
     <span class='ocr_line' id='line_1_41' title="bbox 218 2452 1807 2533; baseline -0.006 -19"><span class='ocrx_word' id='word_1_297' title='bbox 218 2462 571 2533; x_wconf 88' lang='grc' dir='ltr'>περιϐολαῖς,</span> <span class='ocrx_word' id='word_1_298' title='bbox 607 2462 700 2514; x_wconf 73' lang='grc' dir='ltr'><strong>καὶ</strong></span> <span class='ocrx_word' id='word_1_299' title='bbox 722 2459 1063 2530; x_wconf 89' lang='grc' dir='ltr'>κυριολογεῖν</span> <span class='ocrx_word' id='word_1_300' title='bbox 1096 2459 1197 2511; x_wconf 82' lang='grc' dir='ltr'><strong>οὐκ</strong></span> <span class='ocrx_word' id='word_1_301' title='bbox 1239 2454 1673 2525; x_wconf 77' lang='grc' dir='ltr'>ἐσπουδασμένος</span> <span class='ocrx_word' id='word_1_302' title='bbox 1705 2470 1720 2485; x_wconf 81' lang='grc'><em>’</em></span> <span class='ocrx_word' id='word_1_303' title='bbox 1747 2452 1807 2517; x_wconf 82' lang='grc' dir='ltr'><strong>ἐξ</strong></span> 
     </span>
    </p>
   </div>
   <div class='ocr_carea' id='block_1_42' title="bbox 219 2542 1807 2623">
    <p class='ocr_par' dir='ltr' id='par_1_42' title="bbox 219 2542 1807 2623">
     <span class='ocr_line' id='line_1_42' title="bbox 219 2542 1807 2623; baseline -0.008 -16"><span class='ocrx_word' id='word_1_304' title='bbox 219 2548 296 2607; x_wconf 79' lang='grc' dir='ltr'>ὧν</span> <span class='ocrx_word' id='word_1_305' title='bbox 320 2552 477 2622; x_wconf 78' lang='grc' dir='ltr'>αύτῷ</span> <span class='ocrx_word' id='word_1_306' title='bbox 501 2555 567 2623; x_wconf 83' lang='grc' dir='ltr'>τῇ</span> <span class='ocrx_word' id='word_1_307' title='bbox 594 2552 886 2620; x_wconf 81' lang='grc' dir='ltr'>συγγραφῇ</span> <span class='ocrx_word' id='word_1_308' title='bbox 915 2550 1007 2602; x_wconf 59' lang='grc' dir='ltr'><strong>καὶ⁵</strong></span> <span class='ocrx_word' id='word_1_309' title='bbox 1035 2548 1096 2602; x_wconf 83' lang='grc' dir='ltr'>τὸ</span> <span class='ocrx_word' id='word_1_310' title='bbox 1118 2547 1327 2616; x_wconf 80' lang='grc' dir='ltr'>ἀσαφὲς</span> <span class='ocrx_word' id='word_1_311' title='bbox 1358 2545 1451 2599; x_wconf 75' lang='grc' dir='ltr'>καὶ</span> <span class='ocrx_word' id='word_1_312' title='bbox 1480 2542 1807 2599; x_wconf 87' lang='grc' dir='ltr'>δυσεπισκό-</span> 
     </span>
    </p>
   </div>
   <div class='ocr_carea' id='block_1_43' title="bbox 220 2636 1807 2716">
    <p class='ocr_par' dir='ltr' id='par_1_43' title="bbox 220 2636 1807 2716">
     <span class='ocr_line' id='line_1_43' title="bbox 220 2636 1807 2716; baseline -0.006 -18"><span class='ocrx_word' id='word_1_313' title='bbox 220 2662 399 2716; x_wconf 86' lang='grc' dir='ltr'>πητον</span> <span class='ocrx_word' id='word_1_314' title='bbox 435 2645 483 2677; x_wconf 76' lang='grc'>⁸⁷</span> <span class='ocrx_word' id='word_1_315' title='bbox 516 2643 811 2715; x_wconf 80' lang='grc' dir='ltr'>διατρέχει.</span> <span class='ocrx_word' id='word_1_316' title='bbox 863 2641 952 2711; x_wconf 82' lang='grc' dir='ltr'>Τῷ</span> <span class='ocrx_word' id='word_1_317' title='bbox 991 2642 1183 2711; x_wconf 87' lang='grc' dir='ltr'>τραχεῖ</span> <span class='ocrx_word' id='word_1_318' title='bbox 1226 2640 1284 2692; x_wconf 82' lang='grc' dir='ltr'>δὲ</span> <span class='ocrx_word' id='word_1_319' title='bbox 1317 2638 1410 2691; x_wconf 79' lang='grc' dir='ltr'><strong>τοῦ</strong></span> <span class='ocrx_word' id='word_1_320' title='bbox 1457 2637 1620 2706; x_wconf 72' lang='grc' dir='ltr'>δγκου</span> <span class='ocrx_word' id='word_1_321' title='bbox 1644 2677 1659 2700; x_wconf 90' lang='grc'><strong>,</strong></span> <span class='ocrx_word' id='word_1_322' title='bbox 1707 2636 1807 2688; x_wconf 86' lang='grc' dir='ltr'>ὅσα</span> 
     </span>
    </p>
   </div>
   <div class='ocr_carea' id='block_1_44' title="bbox 223 2726 1801 2807">
    <p class='ocr_par' dir='ltr' id='par_1_44' title="bbox 223 2726 1801 2807">
     <span class='ocr_line' id='line_1_44' title="bbox 223 2726 1801 2807; baseline -0.006 -18"><span class='ocrx_word' id='word_1_323' title='bbox 223 2738 353 2807; x_wconf 73' lang='grc' dir='ltr'>περὶ</span> <span class='ocrx_word' id='word_1_324' title='bbox 387 2736 663 2806; x_wconf 81' lang='grc' dir='ltr'>συνθήκην</span> <span class='ocrx_word' id='word_1_325' title='bbox 707 2733 805 2787; x_wconf 72' lang='grc' dir='ltr'><strong>καὶ</strong></span> <span class='ocrx_word' id='word_1_326' title='bbox 832 2732 1192 2793; x_wconf 83' lang='grc' dir='ltr'>ἀναπαύσεις,</span> <span class='ocrx_word' id='word_1_327' title='bbox 1223 2731 1316 2783; x_wconf 84' lang='grc' dir='ltr'><strong>τὸν</strong></span> <span class='ocrx_word' id='word_1_328' title='bbox 1347 2730 1505 2798; x_wconf 89' lang='grc' dir='ltr'>λόγον</span> <span class='ocrx_word' id='word_1_329' title='bbox 1557 2726 1801 2781; x_wconf 77' lang='grc' dir='ltr'>ὑποϐάλ-</span> 
     </span>
    </p>
   </div>
   <div class='ocr_carea' id='block_1_45' title="bbox 222 2818 1811 2893">
    <p class='ocr_par' dir='ltr' id='par_1_45' title="bbox 222 2818 1811 2893">
     <span class='ocr_line' id='line_1_45' title="bbox 222 2818 1811 2893; baseline -0.004 -16"><span class='ocrx_word' id='word_1_330' title='bbox 222 2826 331 2878; x_wconf 89' lang='grc' dir='ltr'><strong>λων</strong></span> <span class='ocrx_word' id='word_1_331' title='bbox 361 2825 478 2878; x_wconf 73' lang='grc' dir='ltr'>οὐδ’</span> <span class='ocrx_word' id='word_1_332' title='bbox 498 2826 628 2893; x_wconf 80' lang='grc' dir='ltr'>ἡδὺς</span> <span class='ocrx_word' id='word_1_333' title='bbox 655 2818 792 2875; x_wconf 75' lang='grc' dir='ltr'>εἶναι</span> <span class='ocrx_word' id='word_1_334' title='bbox 838 2821 1128 2886; x_wconf 76' lang='grc' dir='ltr'>σπουδάζει</span> <span class='ocrx_word' id='word_1_335' title='bbox 1153 2821 1408 2892; x_wconf 70' lang='grc' dir='ltr'>τῇζάκοῇ.</span> <span class='ocrx_word' id='word_1_336' title='bbox 1444 2818 1557 2872; x_wconf 77' lang='grc' dir='ltr'><strong>Καὶ</strong></span> <span class='ocrx_word' id='word_1_337' title='bbox 1582 2819 1617 2888; x_wconf 80' lang='grc' dir='ltr'><strong>ἡ</strong></span> <span class='ocrx_word' id='word_1_338' title='bbox 1642 2833 1811 2888; x_wconf 81' lang='grc' dir='ltr'>μετα·</span> 
     </span>
    </p>
   </div>
   <div class='ocr_carea' id='block_1_46' title="bbox 226 2908 1815 2987">
    <p class='ocr_par' dir='ltr' id='par_1_46' title="bbox 226 2908 1815 2987">
     <span class='ocr_line' id='line_1_46' title="bbox 226 2908 1815 2987; baseline 0.009 -24"><span class='ocrx_word' id='word_1_339' title='bbox 226 2917 374 2987; x_wconf 72' lang='grc' dir='ltr'>φορὰ</span> <span class='ocrx_word' id='word_1_340' title='bbox 403 2914 556 2986; x_wconf 74' lang='grc' dir='ltr'>αὐτῷ</span> <span class='ocrx_word' id='word_1_341' title='bbox 595 2915 704 2967; x_wconf 82' lang='grc' dir='ltr'><strong>τῶν</strong></span> <span class='ocrx_word' id='word_1_342' title='bbox 734 2912 930 2977; x_wconf 80' lang='grc' dir='ltr'>λέξεων</span> <span class='ocrx_word' id='word_1_343' title='bbox 950 2912 1049 2966; x_wconf 82' lang='grc' dir='ltr'><strong>οὐκ</strong></span> <span class='ocrx_word' id='word_1_344' title='bbox 1080 2912 1163 2974; x_wconf 85' lang='grc' dir='ltr'>εἰς</span> <span class='ocrx_word' id='word_1_345' title='bbox 1188 2911 1248 2964; x_wconf 81' lang='grc' dir='ltr'><strong>τὸ</strong></span> <span class='ocrx_word' id='word_1_346' title='bbox 1271 2909 1462 2981; x_wconf 84' lang='grc' dir='ltr'>χαρίεν</span> <span class='ocrx_word' id='word_1_347' title='bbox 1493 2908 1588 2963; x_wconf 76' lang='grc' dir='ltr'>καὶ</span> <span class='ocrx_word' id='word_1_348' title='bbox 1613 2923 1815 2976; x_wconf 85' lang='grc' dir='ltr'>γεγοη-</span> 
     </span>
    </p>
   </div>
   <div class='ocr_carea' id='block_1_47' title="bbox 224 2999 1817 3077">
    <p class='ocr_par' dir='ltr' id='par_1_47' title="bbox 224 2999 1817 3077">
     <span class='ocr_line' id='line_1_47' title="bbox 224 2999 1817 3077; baseline -0.006 -17"><span class='ocrx_word' id='word_1_349' title='bbox 224 3008 493 3077; x_wconf 80' lang='grc' dir='ltr'>τευμένον</span> <span class='ocrx_word' id='word_1_350' title='bbox 518 3004 916 3077; x_wconf 86' lang='grc' dir='ltr'>περιήνθισται,</span> <span class='ocrx_word' id='word_1_351' title='bbox 936 3003 1048 3055; x_wconf 85' lang='grc' dir='ltr'>ἀλλ’</span> <span class='ocrx_word' id='word_1_352' title='bbox 1079 3001 1255 3063; x_wconf 77' lang='grc' dir='ltr'>οὕτως</span> <span class='ocrx_word' id='word_1_353' title='bbox 1284 2999 1467 3064; x_wconf 82' lang='grc' dir='ltr'>ἁπλῶς</span> <span class='ocrx_word' id='word_1_354' title='bbox 1498 3001 1593 3053; x_wconf 73' lang='grc' dir='ltr'><strong>καὶ</strong></span> <span class='ocrx_word' id='word_1_355' title='bbox 1622 3001 1817 3069; x_wconf 84' lang='grc' dir='ltr'>ἀπερι-</span> 
     </span>
    </p>
   </div>
   <div class='ocr_carea' id='block_1_48' title="bbox 230 3092 1817 3169">
    <p class='ocr_par' dir='ltr' id='par_1_48' title="bbox 230 3092 1817 3169">
     <span class='ocr_line' id='line_1_48' title="bbox 230 3092 1817 3169; baseline -0.005 -18"><span class='ocrx_word' id='word_1_356' title='bbox 230 3098 522 3169; x_wconf 87' lang='grc' dir='ltr'>μερίμνως</span> <span class='ocrx_word' id='word_1_357' title='bbox 575 3095 1083 3168; x_wconf 83' lang='grc' dir='ltr'>παραλαμϐάνεται.</span> <span class='ocrx_word' id='word_1_358' title='bbox 1128 3095 1193 3146; x_wconf 91' lang='grc' dir='ltr'><strong>Ὃ</strong></span> <span class='ocrx_word' id='word_1_359' title='bbox 1233 3092 1279 3145; x_wconf 82' lang='grc' dir='ltr'>δ’</span> <span class='ocrx_word' id='word_1_360' title='bbox 1325 3092 1491 3161; x_wconf 77' lang='grc' dir='ltr'>ἐγγὺς</span> <span class='ocrx_word' id='word_1_361' title='bbox 1544 3092 1639 3145; x_wconf 78' lang='grc' dir='ltr'>καὶ</span> <span class='ocrx_word' id='word_1_362' title='bbox 1691 3092 1817 3153; x_wconf 81' lang='grc' dir='ltr'>τοὺς</span> 
     </span>
    </p>
   </div>
   <div class='ocr_carea' id='block_1_49' title="bbox 228 3181 1815 3262">
    <p class='ocr_par' dir='ltr' id='par_1_49' title="bbox 228 3181 1815 3262">
     <span class='ocr_line' id='line_1_49' title="bbox 228 3181 1815 3262; baseline -0.005 -20"><span class='ocrx_word' id='word_1_363' title='bbox 228 3194 363 3262; x_wconf 83' lang='grc' dir='ltr'><strong>περί</strong></span> <span class='ocrx_word' id='word_1_364' title='bbox 388 3190 555 3244; x_wconf 75' lang='grc' dir='ltr'>αὑτὸν</span> <span class='ocrx_word' id='word_1_365' title='bbox 585 3188 1001 3250; x_wconf 84' lang='grc' dir='ltr'>ἐσπουδακότας</span> <span class='ocrx_word' id='word_1_366' title='bbox 1032 3185 1318 3239; x_wconf 76' lang='grc' dir='ltr'>ἀποκναίει</span> <span class='ocrx_word' id='word_1_367' title='bbox 1366 3184 1433 3249; x_wconf 70' lang='grc' dir='ltr'>θ’,</span> <span class='ocrx_word' id='word_1_368' title='bbox 1479 3182 1667 3254; x_wconf 75' lang='grc' dir='ltr'>πόρρω</span> <span class='ocrx_word' id='word_1_369' title='bbox 1722 3181 1815 3235; x_wconf 79' lang='grc' dir='ltr'><strong>τοῦ</strong></span> 
     </span>
    </p>
   </div>
   <div class='ocr_carea' id='block_1_50' title="bbox 230 3255 1888 3353">
    <p class='ocr_par' dir='ltr' id='par_1_50' title="bbox 230 3255 1888 3353">
     <span class='ocr_line' id='line_1_50' title="bbox 230 3255 1888 3353; baseline -0.005 -18"><span class='ocrx_word' id='word_1_370' title='bbox 230 3255 569 3353; x_wconf 62' lang='grc' dir='ltr'>γράμματος</span> <span class='ocrx_word' id='word_1_371' title='bbox 600 3280 817 3347; x_wconf 75' lang='grc' dir='ltr'>καὶτῆς</span> <span class='ocrx_word' id='word_1_372' title='bbox 848 3278 1197 3348; x_wconf 74' lang='grc' dir='ltr'>ἐγνωσμένης</span> <span class='ocrx_word' id='word_1_373' title='bbox 1241 3276 1510 3347; x_wconf 79' lang='grc' dir='ltr'>ἱστορίας,</span> <span class='ocrx_word' id='word_1_374' title='bbox 1537 3274 1570 3346; x_wconf 81' lang='grc' dir='ltr'>ἢ</span> <span class='ocrx_word' id='word_1_375' title='bbox 1620 3274 1817 3346; x_wconf 82' lang='grc' dir='ltr'>μᾶλλον</span> <span class='ocrx_word' id='word_1_376' title='bbox 1842 3255 1888 3317; x_wconf 79' lang='lat' dir='ltr'><strong>C</strong></span> 
     </span>
    </p>
   </div>
   <div class='ocr_carea' id='block_1_51' title="bbox 230 3366 1820 3441">
    <p class='ocr_par' dir='ltr' id='par_1_51' title="bbox 230 3366 1820 3441">
     <span class='ocr_line' id='line_1_51' title="bbox 230 3366 1820 3441; baseline -0.005 -16"><span class='ocrx_word' id='word_1_377' title='bbox 230 3375 322 3425; x_wconf 70' lang='grc' dir='ltr'><strong>καὶ</strong></span> <span class='ocrx_word' id='word_1_378' title='bbox 356 3369 530 3427; x_wconf 75' lang='grc' dir='ltr'>αὑτοῦ</span> <span class='ocrx_word' id='word_1_379' title='bbox 576 3371 669 3424; x_wconf 78' lang='grc' dir='ltr'>τοῦ</span> <span class='ocrx_word' id='word_1_380' title='bbox 722 3370 1094 3441; x_wconf 79' lang='grc' dir='ltr'>ὴπορημένου,</span> <span class='ocrx_word' id='word_1_381' title='bbox 1141 3368 1197 3422; x_wconf 81' lang='grc' dir='ltr'>αἱ</span> <span class='ocrx_word' id='word_1_382' title='bbox 1231 3368 1415 3431; x_wconf 88' lang='grc' dir='ltr'>λύσεις</span> <span class='ocrx_word' id='word_1_383' title='bbox 1463 3366 1611 3436; x_wconf 85' lang='grc' dir='ltr'><strong>αύτῴ</strong></span> <span class='ocrx_word' id='word_1_384' title='bbox 1664 3383 1820 3435; x_wconf 84' lang='grc' dir='ltr'>περι-</span> 
     </span>
    </p>
   </div>
   <div class='ocr_carea' id='block_1_52' title="bbox 231 3460 1821 3535">
    <p class='ocr_par' dir='ltr' id='par_1_52' title="bbox 231 3460 1821 3535">
     <span class='ocr_line' id='line_1_52' title="bbox 231 3460 1821 3535; baseline -0.005 -16"><span class='ocrx_word' id='word_1_385' title='bbox 231 3466 509 3519; x_wconf 70' lang='grc' dir='ltr'>νοοῦνται.</span> <span class='ocrx_word' id='word_1_386' title='bbox 541 3463 685 3535; x_wconf 79' lang='grc' dir='ltr'>Πλὴν</span> <span class='ocrx_word' id='word_1_387' title='bbox 705 3462 757 3515; x_wconf 77' lang='grc' dir='ltr'><strong>εἴ</strong></span> <span class='ocrx_word' id='word_1_388' title='bbox 783 3480 888 3516; x_wconf 84' lang='grc' dir='ltr'>τινι</span> <span class='ocrx_word' id='word_1_389' title='bbox 922 3462 1076 3531; x_wconf 81' lang='grc' dir='ltr'>φίλον</span> <span class='ocrx_word' id='word_1_390' title='bbox 1104 3463 1419 3530; x_wconf 81' lang='grc' dir='ltr'>ἀναγωγαῖς</span> <span class='ocrx_word' id='word_1_391' title='bbox 1452 3460 1548 3514; x_wconf 71' lang='grc' dir='ltr'>καὶ</span> <span class='ocrx_word' id='word_1_392' title='bbox 1565 3460 1821 3532; x_wconf 85' lang='grc' dir='ltr'>θεωρίαις</span> 
     </span>
    </p>
   </div>
   <div class='ocr_carea' id='block_1_53' title="bbox 233 3552 1819 3625">
    <p class='ocr_par' dir='ltr' id='par_1_53' title="bbox 233 3552 1819 3625">
     <span class='ocr_line' id='line_1_53' title="bbox 233 3552 1819 3625; baseline -0.005 -13"><span class='ocrx_word' id='word_1_393' title='bbox 233 3562 323 3612; x_wconf 69' lang='grc' dir='ltr'><strong>τον</strong></span> <span class='ocrx_word' id='word_1_394' title='bbox 355 3558 485 3613; x_wconf 77' lang='grc' dir='ltr'>νοῦν</span> <span class='ocrx_word' id='word_1_395' title='bbox 533 3558 856 3623; x_wconf 79' lang='grc' dir='ltr'>ἀνελίσσειν,</span> <span class='ocrx_word' id='word_1_396' title='bbox 884 3558 987 3609; x_wconf 80' lang='grc' dir='ltr'>οὐκ</span> <span class='ocrx_word' id='word_1_397' title='bbox 1022 3558 1087 3611; x_wconf 86' lang='grc' dir='ltr'><strong>ἂν</strong></span> <span class='ocrx_word' id='word_1_398' title='bbox 1132 3555 1552 3625; x_wconf 80' lang='grc' dir='ltr'>ποικιλωτέραις</span> <span class='ocrx_word' id='word_1_399' title='bbox 1582 3552 1689 3606; x_wconf 81' lang='grc' dir='ltr'>οὐδ’</span> <span class='ocrx_word' id='word_1_400' title='bbox 1724 3554 1819 3604; x_wconf 82' lang='grc' dir='ltr'>ἐσ-</span> 
     </span>
    </p>
   </div>
   <div class='ocr_carea' id='block_1_54' title="bbox 236 3642 1822 3717">
    <p class='ocr_par' dir='ltr' id='par_1_54' title="bbox 236 3642 1822 3717">
     <span class='ocr_line' id='line_1_54' title="bbox 236 3642 1822 3717; baseline -0.004 -15"><span class='ocrx_word' id='word_1_401' title='bbox 236 3646 650 3717; x_wconf 70' lang='grc' dir='ltr'>πουδασμένως</span> <span class='ocrx_word' id='word_1_402' title='bbox 678 3646 874 3717; x_wconf 83' lang='grc' dir='ltr'>μᾶλλον</span> <span class='ocrx_word' id='word_1_403' title='bbox 907 3647 941 3717; x_wconf 83' lang='grc' dir='ltr'>ἢ</span> <span class='ocrx_word' id='word_1_404' title='bbox 971 3646 1193 3708; x_wconf 84' lang='grc' dir='ltr'>ταύταις</span> <span class='ocrx_word' id='word_1_405' title='bbox 1224 3642 1530 3715; x_wconf 83' lang='grc' dir='ltr'>περιτύχοι.</span> <span class='ocrx_word' id='word_1_406' title='bbox 1567 3642 1822 3710; x_wconf 82' lang='grc' dir='ltr'>Συλλέγει</span> 
     </span>
    </p>
   </div>
   <div class='ocr_carea' id='block_1_55' title="bbox 239 3736 1824 3812">
    <p class='ocr_par' dir='ltr' id='par_1_55' title="bbox 239 3736 1824 3812">
     <span class='ocr_line' id='line_1_55' title="bbox 239 3736 1824 3812; baseline -0.004 -18"><span class='ocrx_word' id='word_1_407' title='bbox 239 3745 339 3812; x_wconf 72' lang='grc' dir='ltr'><strong>μὲν</strong></span> <span class='ocrx_word' id='word_1_408' title='bbox 368 3741 481 3811; x_wconf 82' lang='grc' dir='ltr'>γὰρ</span> <span class='ocrx_word' id='word_1_409' title='bbox 514 3740 741 3793; x_wconf 75' lang='grc' dir='ltr'>καὶτῶν</span> <span class='ocrx_word' id='word_1_410' title='bbox 770 3739 875 3809; x_wconf 77' lang='grc' dir='ltr'><strong>πρὸ</strong></span> <span class='ocrx_word' id='word_1_411' title='bbox 899 3737 1063 3791; x_wconf 78' lang='grc' dir='ltr'>αὑτοῦ</span> <span class='ocrx_word' id='word_1_412' title='bbox 1095 3742 1172 3801; x_wconf 84' lang='grc' dir='ltr'>εἰς</span> <span class='ocrx_word' id='word_1_413' title='bbox 1202 3738 1317 3790; x_wconf 78' lang='grc' dir='ltr'>ἔνια</span> <span class='ocrx_word' id='word_1_414' title='bbox 1330 3737 1437 3790; x_wconf 84' lang='grc' dir='ltr'>τῶν</span> <span class='ocrx_word' id='word_1_415' title='bbox 1463 3736 1824 3806; x_wconf 71' lang='grc' dir='ltr'>ἠπορημένων</span> 
     </span>
    </p>
   </div>
   <div class='ocr_carea' id='block_1_56' title="bbox 239 3826 1826 3904">
    <p class='ocr_par' dir='ltr' id='par_1_56' title="bbox 239 3826 1826 3904">
     <span class='ocr_line' id='line_1_56' title="bbox 239 3826 1826 3904; baseline -0.004 -19"><span class='ocrx_word' id='word_1_416' title='bbox 239 3835 539 3904; x_wconf 77' lang='grc' dir='ltr'>εἰρημένα.</span> <span class='ocrx_word' id='word_1_417' title='bbox 568 3830 927 3885; x_wconf 86' lang='grc' dir='ltr'>ἐπισυνάπτει</span> <span class='ocrx_word' id='word_1_418' title='bbox 967 3831 1024 3884; x_wconf 84' lang='grc' dir='ltr'><strong>δέ</strong></span> <span class='ocrx_word' id='word_1_419' title='bbox 1044 3832 1135 3882; x_wconf 80' lang='grc' dir='ltr'><strong>καὶ</strong></span> <span class='ocrx_word' id='word_1_420' title='bbox 1154 3832 1251 3899; x_wconf 82' lang='grc' dir='ltr'>τῆς</span> <span class='ocrx_word' id='word_1_421' title='bbox 1273 3828 1482 3882; x_wconf 75' lang='grc' dir='ltr'>οἴκοθεν</span> <span class='ocrx_word' id='word_1_422' title='bbox 1511 3826 1826 3897; x_wconf 80' lang='grc' dir='ltr'>φιλοπονίας</span> 
     </span>
    </p>
   </div>
   <div class='ocr_carea' id='block_1_57' title="bbox 242 3919 1828 3996">
    <p class='ocr_par' dir='ltr' id='par_1_57' title="bbox 242 3919 1828 3996">
     <span class='ocr_line' id='line_1_57' title="bbox 242 3919 1828 3996; baseline -0.005 -18"><span class='ocrx_word' id='word_1_423' title='bbox 242 3926 404 3979; x_wconf 66' lang='grc' dir='ltr'>οὐδὲν</span> <span class='ocrx_word' id='word_1_424' title='bbox 436 3927 676 3988; x_wconf 75' lang='grc' dir='ltr'>ἔλαττον,</span> <span class='ocrx_word' id='word_1_425' title='bbox 702 3927 749 3977; x_wconf 83' lang='grc' dir='ltr'><strong>εί</strong></span> <span class='ocrx_word' id='word_1_426' title='bbox 786 3924 859 3996; x_wconf 78' lang='grc' dir='ltr'>μὴ</span> <span class='ocrx_word' id='word_1_427' title='bbox 894 3924 984 3977; x_wconf 69' lang='grc' dir='ltr'><strong>καὶ</strong></span> <span class='ocrx_word' id='word_1_428' title='bbox 1016 3924 1237 3993; x_wconf 84' lang='grc' dir='ltr'>μᾶλλον,</span> <span class='ocrx_word' id='word_1_429' title='bbox 1271 3921 1333 3974; x_wconf 82' lang='grc' dir='ltr'><strong>τὸ</strong></span> <span class='ocrx_word' id='word_1_430' title='bbox 1355 3921 1629 3990; x_wconf 79' lang='grc' dir='ltr'>γλαφυρόν</span> <span class='ocrx_word' id='word_1_431' title='bbox 1646 3936 1705 3971; x_wconf 86' lang='grc' dir='ltr'><strong>τε</strong></span> <span class='ocrx_word' id='word_1_432' title='bbox 1732 3919 1828 3971; x_wconf 64' lang='grc' dir='ltr'><strong>καλ⁸</strong></span> 
     </span>
    </p>
   </div>
   <div class='ocr_carea' id='block_1_58' title="bbox 245 4009 1827 4089">
    <p class='ocr_par' dir='ltr' id='par_1_58' title="bbox 245 4009 1827 4089">
     <span class='ocr_line' id='line_1_58' title="bbox 245 4009 1827 4089; baseline -0.005 -20"><span class='ocrx_word' id='word_1_433' title='bbox 245 4019 715 4089; x_wconf 78' lang='grc' dir='ltr'>περινενοημένον</span> <span class='ocrx_word' id='word_1_434' title='bbox 768 4016 1207 4088; x_wconf 82' lang='grc' dir='ltr'>προϐεϐλημένα.</span> <span class='ocrx_word' id='word_1_435' title='bbox 1239 4013 1365 4087; x_wconf 69' lang='grc'><strong>[504</strong></span> <span class='ocrx_word' id='word_1_436' title='bbox 1407 4011 1500 4083; x_wconf 65' lang='lat' dir='ltr'>IL]</span> <span class='ocrx_word' id='word_1_437' title='bbox 1544 4009 1827 4080; x_wconf 85' lang='grc' dir='ltr'>Πανταχοῦ</span> 
     </span>
    </p>
   </div>
   <div class='ocr_carea' id='block_1_59' title="bbox 242 4102 1830 4175">
    <p class='ocr_par' dir='ltr' id='par_1_59' title="bbox 242 4102 1830 4175">
     <span class='ocr_line' id='line_1_59' title="bbox 242 4102 1830 4175; baseline -0.004 -14"><span class='ocrx_word' id='word_1_438' title='bbox 242 4108 295 4161; x_wconf 80' lang='grc' dir='ltr'>δὲ</span> <span class='ocrx_word' id='word_1_439' title='bbox 324 4108 400 4159; x_wconf 80' lang='grc' dir='ltr'><strong>τὸ</strong></span> <span class='ocrx_word' id='word_1_440' title='bbox 436 4108 664 4170; x_wconf 77' lang='grc' dir='ltr'>εὐσεϐὲς</span> <span class='ocrx_word' id='word_1_441' title='bbox 703 4108 867 4160; x_wconf 79' lang='grc' dir='ltr'>αὐτοῦ</span> <span class='ocrx_word' id='word_1_442' title='bbox 899 4109 992 4160; x_wconf 72' lang='grc' dir='ltr'>καὶ</span> <span class='ocrx_word' id='word_1_443' title='bbox 1041 4106 1134 4159; x_wconf 79' lang='grc' dir='ltr'>τοῦ</span> <span class='ocrx_word' id='word_1_444' title='bbox 1180 4106 1258 4170; x_wconf 80' lang='grc' dir='ltr'><strong>εἰς</strong></span> <span class='ocrx_word' id='word_1_445' title='bbox 1305 4103 1542 4175; x_wconf 80' lang='grc' dir='ltr'>Χριστὸν</span> <span class='ocrx_word' id='word_1_446' title='bbox 1571 4102 1735 4155; x_wconf 82' lang='grc' dir='ltr'>πόθου</span> <span class='ocrx_word' id='word_1_447' title='bbox 1769 4102 1830 4155; x_wconf 81' lang='grc' dir='ltr'>τὸ</span> 
     </span>
    </p>
   </div>
   <div class='ocr_carea' id='block_1_60' title="bbox 244 4197 1216 4271">
    <p class='ocr_par' dir='ltr' id='par_1_60' title="bbox 244 4197 1216 4271">
     <span class='ocr_line' id='line_1_60' title="bbox 244 4197 1216 4271; baseline 0 -20"><span class='ocrx_word' id='word_1_448' title='bbox 244 4199 498 4271; x_wconf 77' lang='grc' dir='ltr'>καθαρὸν</span> <span class='ocrx_word' id='word_1_449' title='bbox 530 4200 625 4252; x_wconf 71' lang='grc' dir='ltr'>καὶ</span> <span class='ocrx_word' id='word_1_450' title='bbox 650 4200 873 4270; x_wconf 89' lang='grc' dir='ltr'>γνήσιον</span> <span class='ocrx_word' id='word_1_451' title='bbox 897 4197 1216 4269; x_wconf 85' lang='grc' dir='ltr'>διαλάμπει.</span> 
     </span>
    </p>
   </div>
   <div class='ocr_carea' id='block_1_61' title="bbox 545 4374 566 4403">
    <p class='ocr_par' dir='ltr' id='par_1_61' title="bbox 545 4374 566 4403">
     <span class='ocr_line' id='line_1_61' title="bbox 545 4374 566 4403; baseline 0 0"><span class='ocrx_word' id='word_1_452' title='bbox 545 4374 566 4403; x_wconf 87' lang='lat'><strong>\</strong></span> 
     </span>
    </p>
   </div>
   <div class='ocr_carea' id='block_1_62' title="bbox 930 4467 1108 4526">
    <p class='ocr_par' dir='ltr' id='par_1_62' title="bbox 930 4467 1108 4526">
     <span class='ocr_line' id='line_1_62' title="bbox 930 4467 1108 4526; baseline 0.017 -3"><span class='ocrx_word' id='word_1_453' title='bbox 930 4471 1005 4526; x_wconf 82' lang='lat' dir='ltr'>PL</span> <span class='ocrx_word' id='word_1_454' title='bbox 1016 4467 1108 4526; x_wconf 68' lang='grc' dir='ltr'>τιν’.</span> 
     </span>
    </p>
   </div>
   <div class='ocr_carea' id='block_1_63' title="bbox 647 4474 1461 4617">
    <p class='ocr_par' dir='ltr' id='par_1_63' title="bbox 647 4474 1461 4617">
     <span class='ocr_line' id='line_1_63' title="bbox 930 4474 1108 4526; baseline 0.017 -4"><span class='ocrx_word' id='word_1_455' title='bbox 930 4474 971 4523; x_wconf 86' lang='grc' dir='ltr'>Ρ</span> <span class='ocrx_word' id='word_1_456' title='bbox 1017 4474 1108 4526; x_wconf 60' lang='grc' dir='ltr'>ιγ’.</span> 
     </span>
     <span class='ocr_line' id='line_1_64' title="bbox 647 4474 1461 4617; baseline -0.01 -1"><span class='ocrx_word' id='word_1_457' title='bbox 647 4561 760 4616; x_wconf 83' lang='grc' dir='ltr'><strong>Τοῦ</strong></span> <span class='ocrx_word' id='word_1_458' title='bbox 798 4474 1326 4614; x_wconf 38' lang='grc' dir='ltr'>αὐτοῦίτέπιστολαὶ</span> <span class='ocrx_word' id='word_1_459' title='bbox 1358 4554 1461 4617; x_wconf 56' lang='lat' dir='ltr'><strong>xC”.</strong></span> 
     </span>
    </p>
   </div>
   <div class='ocr_carea' id='block_1_64' title="bbox 290 4648 1838 4724">
    <p class='ocr_par' dir='ltr' id='par_1_64' title="bbox 290 4648 1838 4724">
     <span class='ocr_line' id='line_1_65' title="bbox 290 4648 1838 4724; baseline -0.007 -11"><span class='ocrx_word' id='word_1_460' title='bbox 290 4659 459 4718; x_wconf 75' lang='grc' dir='ltr'>,ἸΞτι</span> <span class='ocrx_word' id='word_1_461' title='bbox 506 4653 927 4724; x_wconf 79' lang='grc' dir='ltr'>ἀνεγνώσθησαν</span> <span class='ocrx_word' id='word_1_462' title='bbox 972 4650 1139 4705; x_wconf 80' lang='grc' dir='ltr'>αὐτοῦ</span> <span class='ocrx_word' id='word_1_463' title='bbox 1175 4651 1269 4704; x_wconf 54' lang='grc' dir='ltr'><strong>καλ¹</strong></span> <span class='ocrx_word' id='word_1_464' title='bbox 1313 4650 1661 4704; x_wconf 68' lang='grc' dir='ltr'>Ἐπιστολαὶ</span> <span class='ocrx_word' id='word_1_465' title='bbox 1709 4648 1838 4723; x_wconf 70' lang='grc' dir='ltr'>περὶ</span> 
     </span>
    </p>
   </div>
   <div class='ocr_carea' id='block_1_65' title="bbox 1971 2088 3471 2161">
    <p class='ocr_par' dir='ltr' id='par_1_65' title="bbox 1971 2088 3471 2161">
     <span class='ocr_line' id='line_1_66' title="bbox 1971 2088 3471 2161; baseline -0.001 -17"><span class='ocrx_word' id='word_1_466' title='bbox 1971 2088 2080 2145; x_wconf 84' lang='lat' dir='ltr'><strong>Ilas</strong></span> <span class='ocrx_word' id='word_1_467' title='bbox 2140 2089 2305 2160; x_wconf 80' lang='lat' dir='ltr'><strong>igitur</strong></span> <span class='ocrx_word' id='word_1_468' title='bbox 2358 2090 2568 2145; x_wconf 88' lang='lat' dir='ltr'><strong>solvere</strong></span> <span class='ocrx_word' id='word_1_469' title='bbox 2627 2092 2954 2161; x_wconf 65' lang='lat' dir='ltr'><strong>quaestiones</strong></span> <span class='ocrx_word' id='word_1_470' title='bbox 3000 2092 3214 2147; x_wconf 85' lang='lat' dir='ltr'><strong>divinus</strong></span> <span class='ocrx_word' id='word_1_471' title='bbox 3264 2091 3352 2144; x_wconf 70' lang='lat' dir='ltr'><strong>ille</strong></span> <span class='ocrx_word' id='word_1_472' title='bbox 3387 2091 3471 2143; x_wconf 88' lang='lat' dir='ltr'><strong>vir</strong></span> 
     </span>
    </p>
   </div>
   <div class='ocr_carea' id='block_1_66' title="bbox 1901 2182 3479 2253">
    <p class='ocr_par' dir='ltr' id='par_1_66' title="bbox 1901 2182 3479 2253">
     <span class='ocr_line' id='line_1_67' title="bbox 1901 2182 3479 2253; baseline -0.001 -18"><span class='ocrx_word' id='word_1_473' title='bbox 1901 2189 1959 2235; x_wconf 87' lang='lat' dir='ltr'><strong>et</strong></span> <span class='ocrx_word' id='word_1_474' title='bbox 2022 2182 2308 2237; x_wconf 74' lang='lat' dir='ltr'><strong>confessor</strong></span> <span class='ocrx_word' id='word_1_475' title='bbox 2370 2182 2625 2253; x_wconf 82' lang='lat' dir='ltr'><strong>egregius</strong></span> <span class='ocrx_word' id='word_1_476' title='bbox 2699 2183 3046 2238; x_wconf 86' lang='lat' dir='ltr'><strong>allaboravit.</strong></span> <span class='ocrx_word' id='word_1_477' title='bbox 3122 2183 3309 2236; x_wconf 83' lang='lat' dir='ltr'><strong>Oratio</strong></span> <span class='ocrx_word' id='word_1_478' title='bbox 3363 2182 3479 2247; x_wconf 79' lang='lat' dir='ltr'><strong>ejus</strong></span> 
     </span>
    </p>
   </div>
   <div class='ocr_carea' id='block_1_67' title="bbox 1902 2272 3480 2343">
    <p class='ocr_par' dir='ltr' id='par_1_67' title="bbox 1902 2272 3480 2343">
     <span class='ocr_line' id='line_1_68' title="bbox 1902 2272 3480 2343; baseline -0.002 -15"><span class='ocrx_word' id='word_1_479' title='bbox 1902 2273 2480 2343; x_wconf 84' lang='lat' dir='ltr'><strong>comprehensionibus</strong></span> <span class='ocrx_word' id='word_1_480' title='bbox 2546 2274 2890 2330; x_wconf 83' lang='lat' dir='ltr'><strong>continenter</strong></span> <span class='ocrx_word' id='word_1_481' title='bbox 2950 2272 3290 2343; x_wconf 85' lang='lat' dir='ltr'><strong>producitur,</strong></span> <span class='ocrx_word' id='word_1_482' title='bbox 3341 2286 3480 2337; x_wconf 81' lang='lat' dir='ltr'><strong>gau-</strong></span> 
     </span>
    </p>
   </div>
   <div class='ocr_carea' id='block_1_68' title="bbox 1903 2364 3481 2436">
    <p class='ocr_par' dir='ltr' id='par_1_68' title="bbox 1903 2364 3481 2436">
     <span class='ocr_line' id='line_1_69' title="bbox 1903 2364 3481 2436; baseline -0.001 -16"><span class='ocrx_word' id='word_1_483' title='bbox 1903 2365 2104 2434; x_wconf 90' lang='lat' dir='ltr'><strong>detque</strong></span> <span class='ocrx_word' id='word_1_484' title='bbox 2182 2364 2538 2436; x_wconf 86' lang='lat' dir='ltr'><strong>hyperbatis,</strong></span> <span class='ocrx_word' id='word_1_485' title='bbox 2623 2365 3177 2423; x_wconf 87' lang='lat' dir='ltr'><strong>circumductionibus</strong></span> <span class='ocrx_word' id='word_1_486' title='bbox 3263 2380 3481 2434; x_wconf 85' lang='lat' dir='ltr'><strong>quoque</strong></span> 
     </span>
    </p>
   </div>
   <div class='ocr_carea' id='block_1_69' title="bbox 1908 2456 3472 2529">
    <p class='ocr_par' dir='ltr' id='par_1_69' title="bbox 1908 2456 3472 2529">
     <span class='ocr_line' id='line_1_70' title="bbox 1908 2456 3472 2529; baseline 0 -20"><span class='ocrx_word' id='word_1_487' title='bbox 1908 2456 2284 2524; x_wconf 86' lang='lat' dir='ltr'><strong>invalescens;</strong></span> <span class='ocrx_word' id='word_1_488' title='bbox 2338 2459 2439 2515; x_wconf 89' lang='lat' dir='ltr'><strong>etsi</strong></span> <span class='ocrx_word' id='word_1_489' title='bbox 2475 2460 2693 2529; x_wconf 85' lang='lat' dir='ltr'><strong>preprie</strong></span> <span class='ocrx_word' id='word_1_490' title='bbox 2748 2459 2897 2529; x_wconf 89' lang='lat' dir='ltr'><strong>loqui</strong></span> <span class='ocrx_word' id='word_1_491' title='bbox 2968 2457 3195 2514; x_wconf 87' lang='lat' dir='ltr'><strong>minime</strong></span> <span class='ocrx_word' id='word_1_492' title='bbox 3246 2457 3472 2525; x_wconf 80' lang='lat' dir='ltr'><strong>satagit.</strong></span> 
     </span>
    </p>
   </div>
   <div class='ocr_carea' id='block_1_70' title="bbox 1907 2543 3486 2621">
    <p class='ocr_par' dir='ltr' id='par_1_70' title="bbox 1907 2543 3486 2621">
     <span class='ocr_line' id='line_1_71' title="bbox 1907 2543 3486 2621; baseline -0.001 -19"><span class='ocrx_word' id='word_1_493' title='bbox 1907 2548 1989 2603; x_wconf 80' lang='lat' dir='ltr'><strong>Ex</strong></span> <span class='ocrx_word' id='word_1_494' title='bbox 2052 2549 2253 2619; x_wconf 85' lang='lat' dir='ltr'><strong>quibus</strong></span> <span class='ocrx_word' id='word_1_495' title='bbox 2317 2565 2416 2619; x_wconf 87' lang='lat' dir='ltr'><strong>per</strong></span> <span class='ocrx_word' id='word_1_496' title='bbox 2476 2543 2738 2621; x_wconf 79' lang='lat' dir='ltr'><strong>scriptum</strong></span> <span class='ocrx_word' id='word_1_497' title='bbox 2815 2552 2919 2605; x_wconf 88' lang='lat' dir='ltr'><strong>hoc</strong></span> <span class='ocrx_word' id='word_1_498' title='bbox 2982 2549 3121 2620; x_wconf 85' lang='lat' dir='ltr'><strong>ejus,</strong></span> <span class='ocrx_word' id='word_1_499' title='bbox 3168 2559 3223 2603; x_wconf 86' lang='lat' dir='ltr'><strong>et</strong></span> <span class='ocrx_word' id='word_1_500' title='bbox 3286 2548 3486 2603; x_wconf 86' lang='lat' dir='ltr'><strong>obscu-</strong></span> 
     </span>
    </p>
   </div>
   <div class='ocr_carea' id='block_1_71' title="bbox 1910 2640 3483 2712">
    <p class='ocr_par' dir='ltr' id='par_1_71' title="bbox 1910 2640 3483 2712">
     <span class='ocr_line' id='line_1_72' title="bbox 1910 2640 3483 2712; baseline -0.001 -17"><span class='ocrx_word' id='word_1_501' title='bbox 1910 2642 2065 2707; x_wconf 86' lang='lat' dir='ltr'><strong>ritas,</strong></span> <span class='ocrx_word' id='word_1_502' title='bbox 2119 2650 2175 2696; x_wconf 88' lang='lat' dir='ltr'><strong>et</strong></span> <span class='ocrx_word' id='word_1_503' title='bbox 2236 2640 2519 2697; x_wconf 72' lang='lat' dir='ltr'><strong>difﬁcultas</strong></span> <span class='ocrx_word' id='word_1_504' title='bbox 2559 2643 2685 2697; x_wconf 90' lang='lat' dir='ltr'><strong>illud</strong></span> <span class='ocrx_word' id='word_1_505' title='bbox 2734 2642 3232 2712; x_wconf 89' lang='lat' dir='ltr'><strong>comprehendendi</strong></span> <span class='ocrx_word' id='word_1_506' title='bbox 3283 2641 3483 2710; x_wconf 86' lang='lat' dir='ltr'><strong>passim</strong></span> 
     </span>
    </p>
   </div>
   <div class='ocr_carea' id='block_1_72' title="bbox 1908 2731 3485 2803">
    <p class='ocr_par' dir='ltr' id='par_1_72' title="bbox 1908 2731 3485 2803">
     <span class='ocr_line' id='line_1_73' title="bbox 1908 2731 3485 2803; baseline 0.002 -19"><span class='ocrx_word' id='word_1_507' title='bbox 1908 2731 2169 2787; x_wconf 89' lang='lat' dir='ltr'><strong>decurrit.</strong></span> <span class='ocrx_word' id='word_1_508' title='bbox 2208 2734 2569 2803; x_wconf 80' lang='lat' dir='ltr'><strong>Asperitatem</strong></span> <span class='ocrx_word' id='word_1_509' title='bbox 2623 2736 2825 2792; x_wconf 90' lang='lat' dir='ltr'><strong>deinde</strong></span> <span class='ocrx_word' id='word_1_510' title='bbox 2870 2736 3177 2790; x_wconf 87' lang='lat' dir='ltr'><strong>tumidioris</strong></span> <span class='ocrx_word' id='word_1_511' title='bbox 3228 2735 3485 2790; x_wconf 77' lang='lat' dir='ltr'><strong>dictionis</strong></span> 
     </span>
    </p>
   </div>
   <div class='ocr_carea' id='block_1_73' title="bbox 1918 2824 3489 2896">
    <p class='ocr_par' dir='ltr' id='par_1_73' title="bbox 1918 2824 3489 2896">
     <span class='ocr_line' id='line_1_74' title="bbox 1918 2824 3489 2896; baseline 0.001 -19"><span class='ocrx_word' id='word_1_512' title='bbox 1918 2824 2206 2893; x_wconf 90' lang='lat' dir='ltr'><strong>(quantum</strong></span> <span class='ocrx_word' id='word_1_513' title='bbox 2231 2826 2296 2878; x_wconf 93' lang='lat' dir='ltr'><strong>ad</strong></span> <span class='ocrx_word' id='word_1_514' title='bbox 2319 2826 2770 2894; x_wconf 89' lang='lat' dir='ltr'><strong>compositionem</strong></span> <span class='ocrx_word' id='word_1_515' title='bbox 2791 2826 3283 2896; x_wconf 84' lang='lat' dir='ltr'><strong>cessationesque),</strong></span> <span class='ocrx_word' id='word_1_516' title='bbox 3314 2841 3409 2880; x_wconf 87' lang='lat' dir='ltr'><strong>sua</strong></span> <span class='ocrx_word' id='word_1_517' title='bbox 3434 2824 3489 2878; x_wconf 89' lang='lat' dir='ltr'><strong>in</strong></span> 
     </span>
    </p>
   </div>
   <div class='ocr_carea' id='block_1_74' title="bbox 1929 2917 3493 2989">
    <p class='ocr_par' dir='ltr' id='par_1_74' title="bbox 1929 2917 3493 2989">
     <span class='ocr_line' id='line_1_75' title="bbox 1929 2917 3493 2989; baseline 0 -18"><span class='ocrx_word' id='word_1_518' title='bbox 1929 2918 2180 2972; x_wconf 88' lang='lat' dir='ltr'><strong>oratione</strong></span> <span class='ocrx_word' id='word_1_519' title='bbox 2211 2928 2472 2981; x_wconf 88' lang='lat' dir='ltr'><strong>sectatus,</strong></span> <span class='ocrx_word' id='word_1_520' title='bbox 2501 2935 2570 2974; x_wconf 92' lang='lat' dir='ltr'><strong>ne</strong></span> <span class='ocrx_word' id='word_1_521' title='bbox 2597 2920 2783 2974; x_wconf 86' lang='lat' dir='ltr'><strong>auditu</strong></span> <span class='ocrx_word' id='word_1_522' title='bbox 2822 2920 3040 2989; x_wconf 91' lang='lat' dir='ltr'><strong>quidem</strong></span> <span class='ocrx_word' id='word_1_523' title='bbox 3075 2934 3194 2974; x_wconf 89' lang='lat' dir='ltr'><strong>esse</strong></span> <span class='ocrx_word' id='word_1_524' title='bbox 3218 2917 3493 2983; x_wconf 83' lang='lat' dir='ltr'><strong>iucundus</strong></span> 
     </span>
    </p>
   </div>
   <div class='ocr_carea' id='block_1_75' title="bbox 1918 3007 3488 3080">
    <p class='ocr_par' dir='ltr' id='par_1_75' title="bbox 1918 3007 3488 3080">
     <span class='ocr_line' id='line_1_76' title="bbox 1918 3007 3488 3080; baseline 0.002 -19"><span class='ocrx_word' id='word_1_525' title='bbox 1918 3009 2122 3065; x_wconf 86' lang='lat' dir='ltr'><strong>studet.</strong></span> <span class='ocrx_word' id='word_1_526' title='bbox 2160 3007 2462 3065; x_wconf 83' lang='lat' dir='ltr'><strong>Verborum</strong></span> <span class='ocrx_word' id='word_1_527' title='bbox 2516 3010 2738 3079; x_wconf 87' lang='lat' dir='ltr'><strong>insuper</strong></span> <span class='ocrx_word' id='word_1_528' title='bbox 2785 3011 3088 3076; x_wconf 85' lang='lat' dir='ltr'><strong>translatio,</strong></span> <span class='ocrx_word' id='word_1_529' title='bbox 3141 3025 3488 3080; x_wconf 85' lang='lat' dir='ltr'><strong>nequaquam</strong></span> 
     </span>
    </p>
   </div>
   <div class='ocr_carea' id='block_1_76' title="bbox 1924 3096 3489 3172">
    <p class='ocr_par' dir='ltr' id='par_1_76' title="bbox 1924 3096 3489 3172">
     <span class='ocr_line' id='line_1_77' title="bbox 1924 3096 3489 3172; baseline 0.002 -21"><span class='ocrx_word' id='word_1_530' title='bbox 1924 3096 1988 3151; x_wconf 91' lang='lat' dir='ltr'><strong>ad</strong></span> <span class='ocrx_word' id='word_1_531' title='bbox 2019 3099 2256 3166; x_wconf 89' lang='lat' dir='ltr'><strong>gratiam</strong></span> <span class='ocrx_word' id='word_1_532' title='bbox 2307 3099 2665 3169; x_wconf 86' lang='lat' dir='ltr'><strong>colligendam</strong></span> <span class='ocrx_word' id='word_1_533' title='bbox 2692 3101 3059 3171; x_wconf 89' lang='lat' dir='ltr'><strong>lectoremque</strong></span> <span class='ocrx_word' id='word_1_534' title='bbox 3108 3104 3489 3172; x_wconf 90' lang='lat' dir='ltr'><strong>pellieiendum</strong></span> 
     </span>
    </p>
   </div>
   <div class='ocr_carea' id='block_1_77' title="bbox 1918 3186 3497 3263">
    <p class='ocr_par' dir='ltr' id='par_1_77' title="bbox 1918 3186 3497 3263">
     <span class='ocr_line' id='line_1_78' title="bbox 1918 3186 3497 3263; baseline 0.004 -22"><span class='ocrx_word' id='word_1_535' title='bbox 1918 3186 2108 3244; x_wconf 86' lang='lat' dir='ltr'><strong>ﬂoride</strong></span> <span class='ocrx_word' id='word_1_536' title='bbox 2169 3193 2468 3261; x_wconf 87' lang='lat' dir='ltr'><strong>composita</strong></span> <span class='ocrx_word' id='word_1_537' title='bbox 2524 3206 2643 3259; x_wconf 78' lang='lat' dir='ltr'><strong>eSt;</strong></span> <span class='ocrx_word' id='word_1_538' title='bbox 2695 3195 2789 3248; x_wconf 87' lang='lat' dir='ltr'><strong>sed</strong></span> <span class='ocrx_word' id='word_1_539' title='bbox 2821 3193 3147 3263; x_wconf 86' lang='lat' dir='ltr'><strong>simpliciter</strong></span> <span class='ocrx_word' id='word_1_540' title='bbox 3196 3202 3359 3260; x_wconf 90' lang='lat' dir='ltr'><strong>atque</strong></span> <span class='ocrx_word' id='word_1_541' title='bbox 3408 3192 3497 3247; x_wconf 83' lang='lat' dir='ltr'><strong>in-</strong></span> 
     </span>
    </p>
   </div>
   <div class='ocr_carea' id='block_1_78' title="bbox 1923 3284 3499 3355">
    <p class='ocr_par' dir='ltr' id='par_1_78' title="bbox 1923 3284 3499 3355">
     <span class='ocr_line' id='line_1_79' title="bbox 1923 3284 3499 3355; baseline 0.001 -18"><span class='ocrx_word' id='word_1_542' title='bbox 1923 3284 2138 3338; x_wconf 90' lang='lat' dir='ltr'><strong>curiose</strong></span> <span class='ocrx_word' id='word_1_543' title='bbox 2209 3284 2530 3340; x_wconf 89' lang='lat' dir='ltr'><strong>assumitur.</strong></span> <span class='ocrx_word' id='word_1_544' title='bbox 2580 3284 2724 3340; x_wconf 89' lang='lat' dir='ltr'><strong>Idem</strong></span> <span class='ocrx_word' id='word_1_545' title='bbox 2772 3295 3034 3355; x_wconf 70' lang='lat' dir='ltr'><strong>pratterea</strong></span> <span class='ocrx_word' id='word_1_546' title='bbox 3088 3285 3171 3340; x_wconf 90' lang='lat' dir='ltr'><strong>sui</strong></span> <span class='ocrx_word' id='word_1_547' title='bbox 3223 3284 3499 3339; x_wconf 83' lang='lat' dir='ltr'><strong>studiosos</strong></span> 
     </span>
    </p>
   </div>
   <div class='ocr_carea' id='block_1_79' title="bbox 1927 3376 3498 3449">
    <p class='ocr_par' dir='ltr' id='par_1_79' title="bbox 1927 3376 3498 3449">
     <span class='ocr_line' id='line_1_80' title="bbox 1927 3376 3498 3449; baseline 0 -20"><span class='ocrx_word' id='word_1_548' title='bbox 1927 3378 2315 3445; x_wconf 89' lang='lat' dir='ltr'><strong>propemodum</strong></span> <span class='ocrx_word' id='word_1_549' title='bbox 2358 3378 2648 3433; x_wconf 89' lang='lat' dir='ltr'><strong>obtundit:</strong></span> <span class='ocrx_word' id='word_1_550' title='bbox 2686 3379 2821 3434; x_wconf 89' lang='lat' dir='ltr'><strong>adeo</strong></span> <span class='ocrx_word' id='word_1_551' title='bbox 2859 3376 2970 3449; x_wconf 83' lang='lat'><strong>(&#39;59)</strong></span> <span class='ocrx_word' id='word_1_552' title='bbox 3022 3377 3209 3448; x_wconf 91' lang='lat' dir='ltr'><strong>procul</strong></span> <span class='ocrx_word' id='word_1_553' title='bbox 3256 3392 3286 3431; x_wconf 92' lang='lat' dir='ltr'><strong>a</strong></span> <span class='ocrx_word' id='word_1_554' title='bbox 3316 3377 3498 3430; x_wconf 88' lang='lat' dir='ltr'><strong>littera</strong></span> 
     </span>
    </p>
   </div>
   <div class='ocr_carea' id='block_1_80' title="bbox 1925 3466 3497 3537">
    <p class='ocr_par' dir='ltr' id='par_1_80' title="bbox 1925 3466 3497 3537">
     <span class='ocr_line' id='line_1_81' title="bbox 1925 3466 3497 3537; baseline -0.001 -16"><span class='ocrx_word' id='word_1_555' title='bbox 1925 3476 1980 3521; x_wconf 87' lang='lat' dir='ltr'><strong>et</strong></span> <span class='ocrx_word' id='word_1_556' title='bbox 2013 3477 2144 3521; x_wconf 89' lang='lat' dir='ltr'><strong>nota</strong></span> <span class='ocrx_word' id='word_1_557' title='bbox 2210 3467 2455 3531; x_wconf 87' lang='lat' dir='ltr'><strong>historia,</strong></span> <span class='ocrx_word' id='word_1_558' title='bbox 2497 3468 2613 3521; x_wconf 87' lang='lat' dir='ltr'><strong>sive</strong></span> <span class='ocrx_word' id='word_1_559' title='bbox 2667 3469 2846 3522; x_wconf 75' lang='lat' dir='ltr'><strong>notius</strong></span> <span class='ocrx_word' id='word_1_560' title='bbox 2875 3468 2942 3522; x_wconf 87' lang='lat' dir='ltr'><strong>ab</strong></span> <span class='ocrx_word' id='word_1_561' title='bbox 2997 3482 3062 3522; x_wconf 89' lang='lat' dir='ltr'><strong>eo</strong></span> <span class='ocrx_word' id='word_1_562' title='bbox 3107 3467 3245 3537; x_wconf 89' lang='lat' dir='ltr'><strong>ipso,</strong></span> <span class='ocrx_word' id='word_1_563' title='bbox 3300 3466 3497 3537; x_wconf 80' lang='lat' dir='ltr'><strong>157a</strong></span> 
     </span>
    </p>
   </div>
   <div class='ocr_carea' id='block_1_81' title="bbox 1927 3558 3500 3629">
    <p class='ocr_par' dir='ltr' id='par_1_81' title="bbox 1927 3558 3500 3629">
     <span class='ocr_line' id='line_1_82' title="bbox 1927 3558 3500 3629; baseline 0.001 -17"><span class='ocrx_word' id='word_1_564' title='bbox 1927 3558 2073 3626; x_wconf 91' lang='lat' dir='ltr'><strong>quod</strong></span> <span class='ocrx_word' id='word_1_565' title='bbox 2131 3559 2360 3627; x_wconf 91' lang='lat' dir='ltr'><strong>petitum</strong></span> <span class='ocrx_word' id='word_1_566' title='bbox 2418 3570 2557 3623; x_wconf 90' lang='lat' dir='ltr'><strong>erat,</strong></span> <span class='ocrx_word' id='word_1_567' title='bbox 2613 3561 2913 3614; x_wconf 88' lang='lat' dir='ltr'><strong>somtiones</strong></span> <span class='ocrx_word' id='word_1_568' title='bbox 2982 3560 3157 3629; x_wconf 89' lang='lat' dir='ltr'><strong>ipsius</strong></span> <span class='ocrx_word' id='word_1_569' title='bbox 3214 3562 3500 3614; x_wconf 90' lang='lat' dir='ltr'><strong>recedunt.</strong></span> 
     </span>
    </p>
   </div>
   <div class='ocr_carea' id='block_1_82' title="bbox 1929 3646 3505 3720">
    <p class='ocr_par' dir='ltr' id='par_1_82' title="bbox 1929 3646 3505 3720">
     <span class='ocr_line' id='line_1_83' title="bbox 1929 3646 3505 3720; baseline 0.001 -20"><span class='ocrx_word' id='word_1_570' title='bbox 1929 3646 2161 3701; x_wconf 90' lang='lat' dir='ltr'><strong>Tantum</strong></span> <span class='ocrx_word' id='word_1_571' title='bbox 2187 3649 2234 3702; x_wconf 92' lang='lat' dir='ltr'><strong>si</strong></span> <span class='ocrx_word' id='word_1_572' title='bbox 2265 3650 2349 3703; x_wconf 87' lang='lat' dir='ltr'><strong>cui</strong></span> <span class='ocrx_word' id='word_1_573' title='bbox 2380 3648 2520 3705; x_wconf 79' lang='lat' dir='ltr'><strong>forte</strong></span> <span class='ocrx_word' id='word_1_574' title='bbox 2552 3658 2764 3719; x_wconf 85' lang='lat' dir='ltr'><strong>gratum</strong></span> <span class='ocrx_word' id='word_1_575' title='bbox 2819 3650 3133 3720; x_wconf 83' lang='lat' dir='ltr'><strong>anagogicis</strong></span> <span class='ocrx_word' id='word_1_576' title='bbox 3166 3665 3231 3704; x_wconf 90' lang='lat' dir='ltr'><strong>ac</strong></span> <span class='ocrx_word' id='word_1_577' title='bbox 3260 3659 3505 3705; x_wconf 89' lang='lat' dir='ltr'><strong>eontem-</strong></span> 
     </span>
    </p>
   </div>
   <div class='ocr_carea' id='block_1_83' title="bbox 1931 3739 3504 3810">
    <p class='ocr_par' dir='ltr' id='par_1_83' title="bbox 1931 3739 3504 3810">
     <span class='ocr_line' id='line_1_84' title="bbox 1931 3739 3504 3810; baseline 0.002 -18"><span class='ocrx_word' id='word_1_578' title='bbox 1931 3739 2262 3807; x_wconf 88' lang='lat' dir='ltr'><strong>plationibus</strong></span> <span class='ocrx_word' id='word_1_579' title='bbox 2281 3751 2513 3795; x_wconf 87' lang='lat' dir='ltr'><strong>mentem</strong></span> <span class='ocrx_word' id='word_1_580' title='bbox 2544 3742 2847 3810; x_wconf 90' lang='lat' dir='ltr'><strong>implicare,</strong></span> <span class='ocrx_word' id='word_1_581' title='bbox 2881 3756 3156 3809; x_wconf 84' lang='lat' dir='ltr'><strong>nunquam</strong></span> <span class='ocrx_word' id='word_1_582' title='bbox 3185 3741 3228 3794; x_wconf 87' lang='lat' dir='ltr'><strong>is</strong></span> <span class='ocrx_word' id='word_1_583' title='bbox 3254 3756 3387 3796; x_wconf 89' lang='lat' dir='ltr'><strong>sane</strong></span> <span class='ocrx_word' id='word_1_584' title='bbox 3403 3755 3504 3795; x_wconf 81' lang='lat' dir='ltr'><strong>.re-</strong></span> 
     </span>
    </p>
   </div>
   <div class='ocr_carea' id='block_1_84' title="bbox 1934 3832 3505 3902">
    <p class='ocr_par' dir='ltr' id='par_1_84' title="bbox 1934 3832 3505 3902">
     <span class='ocr_line' id='line_1_85' title="bbox 1934 3832 3505 3902; baseline 0.002 -18"><span class='ocrx_word' id='word_1_585' title='bbox 1934 3832 2110 3902; x_wconf 90' lang='lat' dir='ltr'><strong>periat</strong></span> <span class='ocrx_word' id='word_1_586' title='bbox 2132 3832 2281 3886; x_wconf 86' lang='lat' dir='ltr'><strong>ltisce</strong></span> <span class='ocrx_word' id='word_1_587' title='bbox 2306 3840 2399 3884; x_wconf 89' lang='lat' dir='ltr'><strong>aut</strong></span> <span class='ocrx_word' id='word_1_588' title='bbox 2426 3833 2600 3902; x_wconf 88' lang='lat' dir='ltr'><strong>magis</strong></span> <span class='ocrx_word' id='word_1_589' title='bbox 2636 3833 2812 3897; x_wconf 88' lang='lat' dir='ltr'><strong>varia,</strong></span> <span class='ocrx_word' id='word_1_590' title='bbox 2844 3842 2936 3886; x_wconf 89' lang='lat' dir='ltr'><strong>aut</strong></span> <span class='ocrx_word' id='word_1_591' title='bbox 2968 3832 3284 3902; x_wconf 83' lang='lat' dir='ltr'><strong>diligentius</strong></span> <span class='ocrx_word' id='word_1_592' title='bbox 3321 3833 3505 3887; x_wconf 86' lang='lat' dir='ltr'><strong>elabo-</strong></span> 
     </span>
    </p>
   </div>
   <div class='ocr_carea' id='block_1_85' title="bbox 1934 3922 3506 3994">
    <p class='ocr_par' dir='ltr' id='par_1_85' title="bbox 1934 3922 3506 3994">
     <span class='ocr_line' id='line_1_86' title="bbox 1934 3922 3506 3994; baseline 0.001 -17"><span class='ocrx_word' id='word_1_593' title='bbox 1934 3934 2074 3977; x_wconf 90' lang='lat' dir='ltr'><strong>rata.</strong></span> <span class='ocrx_word' id='word_1_594' title='bbox 2137 3922 2346 3977; x_wconf 87' lang='lat' dir='ltr'><strong>Etenim</strong></span> <span class='ocrx_word' id='word_1_595' title='bbox 2387 3939 2507 3978; x_wconf 89' lang='lat' dir='ltr'><strong>cum</strong></span> <span class='ocrx_word' id='word_1_596' title='bbox 2557 3924 2788 3980; x_wconf 84' lang='lat' dir='ltr'><strong>aliorum</strong></span> <span class='ocrx_word' id='word_1_597' title='bbox 2846 3924 3054 3994; x_wconf 79' lang='lat' dir='ltr'><strong>colligit</strong></span> <span class='ocrx_word' id='word_1_598' title='bbox 3106 3927 3408 3980; x_wconf 87' lang='lat' dir='ltr'><strong>sententias</strong></span> <span class='ocrx_word' id='word_1_599' title='bbox 3451 3926 3506 3979; x_wconf 89' lang='lat' dir='ltr'><strong>in</strong></span> 
     </span>
    </p>
   </div>
   <div class='ocr_carea' id='block_1_86' title="bbox 1935 4014 3505 4085">
    <p class='ocr_par' dir='ltr' id='par_1_86' title="bbox 1935 4014 3505 4085">
     <span class='ocr_line' id='line_1_87' title="bbox 1935 4014 3505 4085; baseline 0.001 -18"><span class='ocrx_word' id='word_1_600' title='bbox 1935 4014 2116 4068; x_wconf 87' lang='lat' dir='ltr'><strong>dubiis</strong></span> <span class='ocrx_word' id='word_1_601' title='bbox 2155 4014 2481 4081; x_wconf 87' lang='lat' dir='ltr'><strong>quibusdam</strong></span> <span class='ocrx_word' id='word_1_602' title='bbox 2540 4016 2943 4084; x_wconf 86' lang='lat' dir='ltr'><strong>pronuntiatas,</strong></span> <span class='ocrx_word' id='word_1_603' title='bbox 3005 4025 3117 4069; x_wconf 88' lang='lat' dir='ltr'><strong>tttm</strong></span> <span class='ocrx_word' id='word_1_604' title='bbox 3176 4025 3232 4070; x_wconf 91' lang='lat' dir='ltr'><strong>et</strong></span> <span class='ocrx_word' id='word_1_605' title='bbox 3296 4017 3505 4085; x_wconf 91' lang='lat' dir='ltr'><strong>adjicit,</strong></span> 
     </span>
    </p>
   </div>
   <div class='ocr_carea' id='block_1_87' title="bbox 1937 4104 3505 4173">
    <p class='ocr_par' dir='ltr' id='par_1_87' title="bbox 1937 4104 3505 4173">
     <span class='ocr_line' id='line_1_88' title="bbox 1937 4104 3505 4173; baseline 0.001 -17"><span class='ocrx_word' id='word_1_606' title='bbox 1937 4120 2055 4173; x_wconf 76' lang='lat' dir='ltr'><strong>quae</strong></span> <span class='ocrx_word' id='word_1_607' title='bbox 2087 4104 2257 4173; x_wconf 91' lang='lat' dir='ltr'><strong>ipsius</strong></span> <span class='ocrx_word' id='word_1_608' title='bbox 2292 4105 2591 4171; x_wconf 75' lang='lat' dir='ltr'><strong>diligentia:</strong></span> <span class='ocrx_word' id='word_1_609' title='bbox 2621 4106 2792 4160; x_wconf 88' lang='lat' dir='ltr'><strong>nihilo</strong></span> <span class='ocrx_word' id='word_1_610' title='bbox 2840 4106 2926 4160; x_wconf 89' lang='lat' dir='ltr'><strong>his</strong></span> <span class='ocrx_word' id='word_1_611' title='bbox 2981 4106 3273 4173; x_wconf 86' lang='lat' dir='ltr'><strong>minorem,</strong></span> <span class='ocrx_word' id='word_1_612' title='bbox 3326 4106 3371 4160; x_wconf 87' lang='lat' dir='ltr'><strong>si</strong></span> <span class='ocrx_word' id='word_1_613' title='bbox 3401 4120 3505 4159; x_wconf 84' lang='lat' dir='ltr'><strong>nun</strong></span> 
     </span>
    </p>
   </div>
   <div class='ocr_carea' id='block_1_88' title="bbox 1939 4193 3506 4265">
    <p class='ocr_par' dir='ltr' id='par_1_88' title="bbox 1939 4193 3506 4265">
     <span class='ocr_line' id='line_1_89' title="bbox 1939 4193 3506 4265; baseline 0.002 -18"><span class='ocrx_word' id='word_1_614' title='bbox 1939 4193 2222 4262; x_wconf 85' lang='lat' dir='ltr'><strong>majorem,</strong></span> <span class='ocrx_word' id='word_1_615' title='bbox 2275 4196 2572 4265; x_wconf 73' lang='lat' dir='ltr'><strong>praeferunt</strong></span> <span class='ocrx_word' id='word_1_616' title='bbox 2630 4206 2969 4252; x_wconf 82' lang='lat' dir='ltr'><strong>venustatem</strong></span> <span class='ocrx_word' id='word_1_617' title='bbox 2999 4207 3165 4265; x_wconf 88' lang='lat' dir='ltr'><strong>atque</strong></span> <span class='ocrx_word' id='word_1_618' title='bbox 3207 4197 3506 4260; x_wconf 88' lang='lat' dir='ltr'><strong>solertiam,</strong></span> 
     </span>
    </p>
   </div>
   <div class='ocr_carea' id='block_1_89' title="bbox 1940 4285 3510 4360">
    <p class='ocr_par' dir='ltr' id='par_1_89' title="bbox 1940 4285 3510 4360">
     <span class='ocr_line' id='line_1_90' title="bbox 1940 4285 3510 4360; baseline 0.001 -19"><span class='ocrx_word' id='word_1_619' title='bbox 1940 4285 2156 4356; x_wconf 87' lang='lat' dir='ltr'><strong>Ubique</strong></span> <span class='ocrx_word' id='word_1_620' title='bbox 2186 4299 2367 4342; x_wconf 87' lang='lat' dir='ltr'><strong>autem</strong></span> <span class='ocrx_word' id='word_1_621' title='bbox 2403 4289 2503 4342; x_wconf 88' lang='lat' dir='ltr'><strong>viri</strong></span> <span class='ocrx_word' id='word_1_622' title='bbox 2538 4290 2735 4358; x_wconf 87' lang='lat' dir='ltr'><strong>pietas,</strong></span> <span class='ocrx_word' id='word_1_623' title='bbox 2770 4297 2824 4344; x_wconf 89' lang='lat' dir='ltr'><strong>et</strong></span> <span class='ocrx_word' id='word_1_624' title='bbox 2853 4304 3047 4360; x_wconf 90' lang='lat' dir='ltr'><strong>purum</strong></span> <span class='ocrx_word' id='word_1_625' title='bbox 3075 4302 3510 4359; x_wconf 87' lang='lat' dir='ltr'><strong>germanumque</strong></span> 
     </span>
    </p>
   </div>
   <div class='ocr_carea' id='block_1_90' title="bbox 1940 4379 2737 4437">
    <p class='ocr_par' dir='ltr' id='par_1_90' title="bbox 1940 4379 2737 4437">
     <span class='ocr_line' id='line_1_91' title="bbox 1940 4379 2737 4437; baseline 0.001 -2"><span class='ocrx_word' id='word_1_626' title='bbox 1940 4379 2144 4435; x_wconf 85' lang='lat' dir='ltr'><strong>Christi</strong></span> <span class='ocrx_word' id='word_1_627' title='bbox 2181 4382 2506 4437; x_wconf 88' lang='lat' dir='ltr'><strong>desiderium</strong></span> <span class='ocrx_word' id='word_1_628' title='bbox 2539 4383 2737 4436; x_wconf 89' lang='lat' dir='ltr'><strong>elucet.</strong></span> 
     </span>
    </p>
   </div>
   <div class='ocr_carea' id='block_1_91' title="bbox 2532 4471 2898 4545">
    <p class='ocr_par' dir='ltr' id='par_1_91' title="bbox 2532 4471 2898 4545">
     <span class='ocr_line' id='line_1_92' title="bbox 2532 4471 2898 4545; baseline 0.005 -18"><span class='ocrx_word' id='word_1_629' title='bbox 2532 4473 2733 4528; x_wconf 72' lang='lat' dir='ltr'><strong>cxcw</strong></span> <span class='ocrx_word' id='word_1_630' title='bbox 2765 4471 2898 4545; x_wconf 79' lang='lat' dir='ltr'><strong>(te).</strong></span> 
     </span>
    </p>
   </div>
   <div class='ocr_carea' id='block_1_92' title="bbox 2162 4561 3299 4632">
    <p class='ocr_par' dir='ltr' id='par_1_92' title="bbox 2162 4561 3299 4632">
     <span class='ocr_line' id='line_1_93' title="bbox 2162 4561 3299 4632; baseline 0.002 -16"><span class='ocrx_word' id='word_1_631' title='bbox 2162 4561 2420 4632; x_wconf 81' lang='lat' dir='ltr'><strong>Ejusdem</strong></span> <span class='ocrx_word' id='word_1_632' title='bbox 2462 4562 2598 4618; x_wconf 84' lang='lat' dir='ltr'><strong>beati</strong></span> <span class='ocrx_word' id='word_1_633' title='bbox 2634 4564 2858 4619; x_wconf 73' lang='lat' dir='ltr'><strong>Maximi</strong></span> <span class='ocrx_word' id='word_1_634' title='bbox 2886 4562 3138 4629; x_wconf 74' lang='grc' dir='ltr'>Ερίδιοίω</span> <span class='ocrx_word' id='word_1_635' title='bbox 3168 4578 3299 4618; x_wconf 75' lang='lat' dir='ltr'><strong>xv&quot;.</strong></span> 
     </span>
    </p>
   </div>
   <div class='ocr_carea' id='block_1_93' title="bbox 2005 4650 3517 4725">
    <p class='ocr_par' dir='ltr' id='par_1_93' title="bbox 2005 4650 3517 4725">
     <span class='ocr_line' id='line_1_94' title="bbox 2005 4650 3517 4725; baseline 0.002 -19"><span class='ocrx_word' id='word_1_636' title='bbox 2005 4650 2183 4707; x_wconf 67' lang='lat' dir='ltr'><strong>Lectae</strong></span> <span class='ocrx_word' id='word_1_637' title='bbox 2215 4656 2403 4709; x_wconf 84' lang='lat' dir='ltr'><strong>adhaee</strong></span> <span class='ocrx_word' id='word_1_638' title='bbox 2447 4658 2609 4709; x_wconf 79' lang='lat' dir='ltr'><strong>variae</strong></span> <span class='ocrx_word' id='word_1_639' title='bbox 2647 4654 2887 4723; x_wconf 88' lang='lat' dir='ltr'><strong>ejusdem</strong></span> <span class='ocrx_word' id='word_1_640' title='bbox 2938 4655 3194 4725; x_wconf 72' lang='lat' dir='ltr'><strong>Epistolas</strong></span> <span class='ocrx_word' id='word_1_641' title='bbox 3242 4654 3311 4708; x_wconf 90' lang='lat' dir='ltr'><strong>de</strong></span> <span class='ocrx_word' id='word_1_642' title='bbox 3356 4652 3517 4709; x_wconf 91' lang='lat' dir='ltr'><strong>rebus</strong></span> 
     </span>
    </p>
   </div>
   <div class='ocr_carea' id='block_1_94' title="bbox 247 4742 1809 4822">
    <p class='ocr_par' dir='ltr' id='par_1_94' title="bbox 247 4742 1807 4822">
     <span class='ocr_line' id='line_1_95' title="bbox 247 4742 1807 4822; baseline -0.008 -15"><span class='ocrx_word' id='word_1_643' title='bbox 247 4752 541 4822; x_wconf 61' lang='grc' dir='ltr'>διαφόρων</span> <span class='ocrx_word' id='word_1_644' title='bbox 563 4748 872 4802; x_wconf 78' lang='grc' dir='ltr'>ὑποθέσεων</span> <span class='ocrx_word' id='word_1_645' title='bbox 893 4743 1228 4816; x_wconf 79' lang='grc' dir='ltr'>ψυχωφελῶν</span> <span class='ocrx_word' id='word_1_646' title='bbox 1248 4743 1293 4774; x_wconf 73' lang='grc'><strong>⁸⁸</strong></span> <span class='ocrx_word' id='word_1_647' title='bbox 1317 4760 1373 4795; x_wconf 90' lang='grc' dir='ltr'><strong>τε</strong></span> <span class='ocrx_word' id='word_1_648' title='bbox 1406 4744 1500 4796; x_wconf 78' lang='grc' dir='ltr'><strong>καὶ</strong></span> <span class='ocrx_word' id='word_1_649' title='bbox 1526 4742 1807 4810; x_wconf 82' lang='grc' dir='ltr'>ἀναγκαίω</span> 
     </span>
    </p>
   </div>
   <div class='ocr_carea' id='block_1_95' title="bbox 1912 4742 3517 4822">
    <p class='ocr_par' dir='ltr' id='par_1_95' title="bbox 1947 4746 3517 4816">
     <span class='ocr_line' id='line_1_96' title="bbox 1947 4746 3517 4816; baseline 0.001 -17"><span class='ocrx_word' id='word_1_650' title='bbox 1947 4746 2299 4812; x_wconf 87' lang='lat' dir='ltr'><strong>necessariis,</strong></span> <span class='ocrx_word' id='word_1_651' title='bbox 2350 4756 2406 4800; x_wconf 91' lang='lat' dir='ltr'><strong>et</strong></span> <span class='ocrx_word' id='word_1_652' title='bbox 2437 4748 2620 4801; x_wconf 86' lang='lat' dir='ltr'><strong>animo</strong></span> <span class='ocrx_word' id='word_1_653' title='bbox 2676 4748 2917 4813; x_wconf 82' lang='lat' dir='ltr'><strong>utilibus,</strong></span> <span class='ocrx_word' id='word_1_654' title='bbox 2958 4749 3022 4801; x_wconf 90' lang='lat' dir='ltr'><strong>iis</strong></span> <span class='ocrx_word' id='word_1_655' title='bbox 3073 4746 3359 4816; x_wconf 81' lang='lat' dir='ltr'><strong>(maxime)</strong></span> <span class='ocrx_word' id='word_1_656' title='bbox 3422 4748 3517 4816; x_wconf 90' lang='lat' dir='ltr'><strong>qui</strong></span> 
     </span>
    </p>
   </div>
   <div class='ocr_carea' id='block_1_96' title="bbox 247 4834 1840 4914">
    <p class='ocr_par' dir='ltr' id='par_1_96' title="bbox 247 4834 1840 4914">
     <span class='ocr_line' id='line_1_97' title="bbox 247 4834 1840 4914; baseline -0.009 -17"><span class='ocrx_word' id='word_1_657' title='bbox 247 4848 359 4908; x_wconf 88' lang='grc' dir='ltr'>τοῖς</span> <span class='ocrx_word' id='word_1_658' title='bbox 403 4841 597 4914; x_wconf 71' lang='grc' dir='ltr'>ὀρθοῦν</span> <span class='ocrx_word' id='word_1_659' title='bbox 624 4857 684 4893; x_wconf 86' lang='grc' dir='ltr'><strong>τε</strong></span> <span class='ocrx_word' id='word_1_660' title='bbox 707 4839 777 4891; x_wconf 81' lang='grc' dir='ltr'>τὰ</span> <span class='ocrx_word' id='word_1_661' title='bbox 803 4837 905 4910; x_wconf 77' lang='grc' dir='ltr'>’ήθη</span> <span class='ocrx_word' id='word_1_662' title='bbox 938 4835 1144 4889; x_wconf 74' lang='grc' dir='ltr'>καὶτὸν</span> <span class='ocrx_word' id='word_1_663' title='bbox 1177 4834 1302 4886; x_wconf 81' lang='grc' dir='ltr'>νοῦν</span> <span class='ocrx_word' id='word_1_664' title='bbox 1343 4834 1683 4905; x_wconf 77' lang='grc' dir='ltr'>ἐγρηγορότα</span> <span class='ocrx_word' id='word_1_665' title='bbox 1716 4850 1840 4885; x_wconf 89' lang='grc' dir='ltr'>συν-</span> 
     </span>
    </p>
   </div>
   <div class='ocr_carea' id='block_1_97' title="bbox 250 4923 1837 5008">
    <p class='ocr_par' dir='ltr' id='par_1_97' title="bbox 250 4923 1837 5008">
     <span class='ocr_line' id='line_1_98' title="bbox 250 4923 1837 5008; baseline -0.009 -18"><span class='ocrx_word' id='word_1_666' title='bbox 250 4938 446 5008; x_wconf 85' lang='grc' dir='ltr'>τηρεῖν</span> <span class='ocrx_word' id='word_1_667' title='bbox 484 4934 623 5005; x_wconf 68' lang='grc' dir='ltr'>πρὸς</span> <span class='ocrx_word' id='word_1_668' title='bbox 645 4933 736 4965; x_wconf 68' lang='grc'><strong>’⁸⁵⁸</strong></span> <span class='ocrx_word' id='word_1_669' title='bbox 763 4931 862 5001; x_wconf 74' lang='grc' dir='ltr'>τὴν</span> <span class='ocrx_word' id='word_1_670' title='bbox 891 4928 1170 4981; x_wconf 80' lang='grc' dir='ltr'>εὐσέϐειαν</span> <span class='ocrx_word' id='word_1_671' title='bbox 1212 4923 1697 4992; x_wconf 79' lang='grc' dir='ltr'>ἐσπουδακόσι,τὺν</span> <span class='ocrx_word' id='word_1_672' title='bbox 1743 4924 1837 4995; x_wconf 85' lang='grc' dir='ltr'><strong>ἀρι</strong></span> 
     </span>
    </p>
   </div>
   <div class='ocr_carea' id='block_1_98' title="bbox 338 5083 2180 5150">
    <p class='ocr_par' dir='ltr' id='par_1_98' title="bbox 338 5083 2180 5150">
     <span class='ocr_line' id='line_1_99' title="bbox 338 5083 2180 5150; baseline 0.017 -32"><span class='ocrx_word' id='word_1_673' title='bbox 338 5095 354 5145; x_wconf 64' lang='lat' dir='ltr'>i</span> <span class='ocrx_word' id='word_1_674' title='bbox 420 5094 554 5149; x_wconf 49' lang='lat' dir='ltr'><strong>ibid.</strong></span> <span class='ocrx_word' id='word_1_675' title='bbox 606 5090 695 5146; x_wconf 64' lang='grc' dir='ltr'><strong>ιο,</strong></span> <span class='ocrx_word' id='word_1_676' title='bbox 783 5085 969 5141; x_wconf 74' lang='lat' dir='ltr'><strong>kibjd.</strong></span> <span class='ocrx_word' id='word_1_677' title='bbox 1012 5085 1099 5142; x_wconf 74' lang='lat' dir='ltr'><strong>t9.</strong></span> <span class='ocrx_word' id='word_1_678' title='bbox 1190 5084 1211 5126; x_wconf 93' lang='lat'>1</span> <span class='ocrx_word' id='word_1_679' title='bbox 1240 5083 1427 5140; x_wconf 89' lang='lat' dir='ltr'><strong>IPetr.</strong></span> <span class='ocrx_word' id='word_1_680' title='bbox 1469 5099 1545 5149; x_wconf 84' lang='lat' dir='ltr'><strong>tv,</strong></span> <span class='ocrx_word' id='word_1_681' title='bbox 1581 5083 1668 5139; x_wconf 75' lang='lat' dir='ltr'><strong>t7.</strong></span> <span class='ocrx_word' id='word_1_682' title='bbox 1761 5091 1803 5122; x_wconf 71' lang='grc' dir='ltr'>ω</span> <span class='ocrx_word' id='word_1_683' title='bbox 1837 5083 2003 5140; x_wconf 81' lang='lat' dir='ltr'><strong>Zach.</strong></span> <span class='ocrx_word' id='word_1_684' title='bbox 2036 5102 2087 5150; x_wconf 81' lang='grc' dir='ltr'>ν,</span> <span class='ocrx_word' id='word_1_685' title='bbox 2130 5089 2180 5143; x_wconf 83' lang='grc'><strong>1-</strong></span> 
     </span>
    </p>
   </div>
   <div class='ocr_carea' id='block_1_99' title="bbox 261 5169 460 5233">
    <p class='ocr_par' dir='ltr' id='par_1_99' title="bbox 261 5169 460 5233">
     <span class='ocr_line' id='line_1_100' title="bbox 261 5169 460 5233; baseline -0.01 -12"><span class='ocrx_word' id='word_1_686' title='bbox 261 5182 377 5233; x_wconf 76' lang='lat' dir='ltr'><strong>ut,</strong></span> <span class='ocrx_word' id='word_1_687' title='bbox 406 5169 460 5221; x_wconf 75' lang='grc'>1.</span> 
     </span>
    </p>
   </div>
   <div class='ocr_carea' id='block_1_100' title="bbox 1946 4838 3520 4908">
    <p class='ocr_par' dir='ltr' id='par_1_100' title="bbox 1946 4838 3520 4908">
     <span class='ocr_line' id='line_1_101' title="bbox 1946 4838 3520 4908; baseline 0.002 -20"><span class='ocrx_word' id='word_1_688' title='bbox 1946 4850 2126 4890; x_wconf 84' lang='lat' dir='ltr'><strong>mores</strong></span> <span class='ocrx_word' id='word_1_689' title='bbox 2150 4851 2280 4891; x_wconf 89' lang='lat' dir='ltr'><strong>suos</strong></span> <span class='ocrx_word' id='word_1_690' title='bbox 2311 4838 2602 4906; x_wconf 78' lang='lat' dir='ltr'><strong>corrigere,</strong></span> <span class='ocrx_word' id='word_1_691' title='bbox 2659 4848 3000 4907; x_wconf 89' lang='lat' dir='ltr'><strong>mentemque</strong></span> <span class='ocrx_word' id='word_1_692' title='bbox 3037 4839 3088 4893; x_wconf 92' lang='lat' dir='ltr'><strong>in</strong></span> <span class='ocrx_word' id='word_1_693' title='bbox 3122 4839 3320 4908; x_wconf 88' lang='lat' dir='ltr'><strong>pietate</strong></span> <span class='ocrx_word' id='word_1_694' title='bbox 3371 4838 3520 4893; x_wconf 82' lang='lat' dir='ltr'><strong>exci-</strong></span> 
     </span>
    </p>
   </div>
   <div class='ocr_carea' id='block_1_101' title="bbox 1947 4929 3519 5000">
    <p class='ocr_par' dir='ltr' id='par_1_101' title="bbox 1947 4929 3519 5000">
     <span class='ocr_line' id='line_1_102' title="bbox 1947 4929 3519 5000; baseline 0.004 -21"><span class='ocrx_word' id='word_1_695' title='bbox 1947 4934 2113 4981; x_wconf 87' lang='lat' dir='ltr'><strong>tatam</strong></span> <span class='ocrx_word' id='word_1_696' title='bbox 2162 4942 2484 4983; x_wconf 82' lang='lat' dir='ltr'><strong>conservare</strong></span> <span class='ocrx_word' id='word_1_697' title='bbox 2515 4929 2750 4995; x_wconf 89' lang='lat' dir='ltr'><strong>student,</strong></span> <span class='ocrx_word' id='word_1_698' title='bbox 2794 4944 3018 4984; x_wconf 88' lang='lat' dir='ltr'><strong>numero</strong></span> <span class='ocrx_word' id='word_1_699' title='bbox 3060 4930 3245 5000; x_wconf 81' lang='lat' dir='ltr'><strong>viginti</strong></span> <span class='ocrx_word' id='word_1_700' title='bbox 3293 4941 3519 5000; x_wconf 88' lang='lat' dir='ltr'><strong>septem.</strong></span> 
     </span>
    </p>
   </div>
   <div class='ocr_carea' id='block_1_102' title="bbox 2279 5088 3527 5159">
    <p class='ocr_par' dir='ltr' id='par_1_102' title="bbox 2279 5088 3527 5159">
     <span class='ocr_line' id='line_1_103' title="bbox 2279 5088 3527 5159; baseline 0.002 -16"><span class='ocrx_word' id='word_1_701' title='bbox 2279 5098 2307 5126; x_wconf 74' lang='grc' dir='ltr'><strong>η</strong></span> <span class='ocrx_word' id='word_1_702' title='bbox 2334 5088 2500 5145; x_wconf 88' lang='lat' dir='ltr'><strong>Zach.</strong></span> <span class='ocrx_word' id='word_1_703' title='bbox 2532 5104 2605 5157; x_wconf 88' lang='lat' dir='ltr'><strong>tv,</strong></span> <span class='ocrx_word' id='word_1_704' title='bbox 2638 5089 2694 5145; x_wconf 72' lang='lat'>2.</span> <span class='ocrx_word' id='word_1_705' title='bbox 2784 5101 2812 5129; x_wconf 82' lang='grc' dir='ltr'><strong>ο</strong></span> <span class='ocrx_word' id='word_1_706' title='bbox 2837 5091 2985 5147; x_wconf 80' lang='lat' dir='ltr'><strong>Jonae</strong></span> <span class='ocrx_word' id='word_1_707' title='bbox 3009 5107 3083 5156; x_wconf 87' lang='lat' dir='ltr'><strong>tv,</strong></span> <span class='ocrx_word' id='word_1_708' title='bbox 3110 5090 3195 5144; x_wconf 79' lang='grc' dir='ltr'>Η.</span> <span class='ocrx_word' id='word_1_709' title='bbox 3259 5100 3288 5139; x_wconf 79' lang='lat' dir='ltr'><strong>p</strong></span> <span class='ocrx_word' id='word_1_710' title='bbox 3321 5088 3362 5144; x_wconf 95' lang='lat' dir='ltr'><strong>Il</strong></span> <span class='ocrx_word' id='word_1_711' title='bbox 3386 5088 3527 5159; x_wconf 74' lang='lat' dir='ltr'><strong>Reg.</strong></span> 
     </span>
    </p>
   </div>
   <div class='ocr_carea' id='block_1_103' title="bbox 1531 5293 2221 5351">
    <p class='ocr_par' dir='ltr' id='par_1_103' title="bbox 1531 5293 2221 5351">
     <span class='ocr_line' id='line_1_104' title="bbox 1531 5293 2221 5351; baseline 0.004 -3"><span class='ocrx_word' id='word_1_712' title='bbox 1531 5293 1772 5350; x_wconf 66' lang='lat' dir='ltr'><strong>VARUS</strong></span> <span class='ocrx_word' id='word_1_713' title='bbox 1813 5293 2221 5351; x_wconf 83' lang='lat' dir='ltr'><strong>LECTIONES.</strong></span> 
     </span>
    </p>
   </div>
   <div class='ocr_carea' id='block_1_104' title="bbox 363 5416 1400 5485">
    <p class='ocr_par' dir='ltr' id='par_1_104' title="bbox 363 5416 1400 5485">
     <span class='ocr_line' id='line_1_105' title="bbox 363 5416 1400 5485; baseline -0.007 -10"><span class='ocrx_word' id='word_1_714' title='bbox 363 5424 413 5455; x_wconf 76' lang='lat'><strong>&quot;</strong></span> <span class='ocrx_word' id='word_1_715' title='bbox 431 5423 523 5475; x_wconf 75' lang='grc' dir='ltr'><strong>τὸν</strong></span> <span class='ocrx_word' id='word_1_716' title='bbox 557 5421 681 5475; x_wconf 84' lang='lat' dir='ltr'><strong>add.</strong></span> <span class='ocrx_word' id='word_1_717' title='bbox 714 5421 779 5475; x_wconf 79' lang='grc' dir='ltr'>Α.</span> <span class='ocrx_word' id='word_1_718' title='bbox 851 5421 896 5452; x_wconf 87' lang='grc'><strong>⁹⁷</strong></span> <span class='ocrx_word' id='word_1_719' title='bbox 923 5416 1312 5485; x_wconf 83' lang='grc' dir='ltr'>δυσεπίκτητον</span> <span class='ocrx_word' id='word_1_720' title='bbox 1339 5433 1400 5480; x_wconf 82' lang='grc' dir='ltr'><strong>ς.</strong></span> 
     </span>
    </p>
   </div>
   <div class='ocr_carea' id='block_1_105' title="bbox 1500 5413 2424 5482">
    <p class='ocr_par' dir='ltr' id='par_1_105' title="bbox 1500 5413 2424 5482">
     <span class='ocr_line' id='line_1_106' title="bbox 1500 5413 2424 5482; baseline 0.008 -17"><span class='ocrx_word' id='word_1_721' title='bbox 1500 5414 1548 5447; x_wconf 79' lang='grc'><strong>³³</strong></span> <span class='ocrx_word' id='word_1_722' title='bbox 1587 5413 1871 5468; x_wconf 84' lang='grc' dir='ltr'>ἀποκναίει</span> <span class='ocrx_word' id='word_1_723' title='bbox 1909 5414 2313 5482; x_wconf 75' lang='grc' dir='ltr'>ἐσπουδακότας</span> <span class='ocrx_word' id='word_1_724' title='bbox 2363 5434 2424 5482; x_wconf 84' lang='grc' dir='ltr'>ς’.</span> 
     </span>
    </p>
   </div>
   <div class='ocr_carea' id='block_1_106' title="bbox 269 5482 1848 5560">
    <p class='ocr_par' dir='ltr' id='par_1_106' title="bbox 269 5482 1848 5560">
     <span class='ocr_line' id='line_1_107' title="bbox 269 5482 1848 5560; baseline -0.004 -14"><span class='ocrx_word' id='word_1_725' title='bbox 269 5493 578 5560; x_wconf 71' lang='grc' dir='ltr'>ἀναγκαίων</span> <span class='ocrx_word' id='word_1_726' title='bbox 627 5522 694 5533; x_wconf 94' lang='lat'><strong><em>—</em></strong></span> <span class='ocrx_word' id='word_1_727' title='bbox 714 5490 1047 5560; x_wconf 70' lang='grc' dir='ltr'>ψυχωφελῶν</span> <span class='ocrx_word' id='word_1_728' title='bbox 1081 5506 1142 5553; x_wconf 85' lang='grc' dir='ltr'><strong>ς.</strong></span> <span class='ocrx_word' id='word_1_729' title='bbox 1198 5482 1288 5519; x_wconf 64' lang='lat'><strong>&quot;5°</strong></span> <span class='ocrx_word' id='word_1_730' title='bbox 1318 5482 1474 5558; x_wconf 83' lang='grc' dir='ltr'>πρὸς]</span> <span class='ocrx_word' id='word_1_731' title='bbox 1506 5484 1755 5555; x_wconf 73' lang='grc' dir='ltr'>καὶπρὸς</span> <span class='ocrx_word' id='word_1_732' title='bbox 1782 5486 1848 5539; x_wconf 84' lang='grc' dir='ltr'>Α.</span> 
     </span>
    </p>
   </div>
   <div class='ocr_carea' id='block_1_107' title="bbox 2522 5407 3520 5487">
    <p class='ocr_par' dir='ltr' id='par_1_107' title="bbox 2522 5407 3520 5487">
     <span class='ocr_line' id='line_1_108' title="bbox 2522 5407 3520 5487; baseline -0.007 -20"><span class='ocrx_word' id='word_1_733' title='bbox 2522 5417 2567 5450; x_wconf 76' lang='grc'><strong>⁸⁸</strong></span> <span class='ocrx_word' id='word_1_734' title='bbox 2593 5414 2928 5487; x_wconf 78' lang='grc' dir='ltr'>ψυχωφελῶν</span> <span class='ocrx_word' id='word_1_735' title='bbox 2955 5442 3025 5457; x_wconf 89' lang='lat'>——</span> <span class='ocrx_word' id='word_1_736' title='bbox 3056 5410 3370 5480; x_wconf 80' lang='grc' dir='ltr'>ἀναγκαίων</span> <span class='ocrx_word' id='word_1_737' title='bbox 3425 5407 3473 5461; x_wconf 78' lang='grc' dir='ltr'><strong>Δ</strong></span> <span class='ocrx_word' id='word_1_738' title='bbox 3502 5422 3520 5460; x_wconf 90' lang='lat'><strong>:</strong></span> 
     </span>
    </p>
   </div>
   <div class='ocr_carea' id='block_1_108' title="bbox 1785 5621 2018 5681">
    <p class='ocr_par' dir='ltr' id='par_1_108' title="bbox 1785 5621 2018 5681">
     <span class='ocr_line' id='line_1_109' title="bbox 1785 5621 2018 5681; baseline 0 -2"><span class='ocrx_word' id='word_1_739' title='bbox 1785 5621 2018 5681; x_wconf 69' lang='lat' dir='ltr'><strong>NOTAE.</strong></span> 
     </span>
    </p>
   </div>
   <div class='ocr_carea' id='block_1_109' title="bbox 344 5740 1855 5818">
    <p class='ocr_par' dir='ltr' id='par_1_109' title="bbox 344 5740 1855 5818">
     <span class='ocr_line' id='line_1_110' title="bbox 344 5740 1855 5818; baseline -0.005 -13"><span class='ocrx_word' id='word_1_740' title='bbox 344 5748 459 5817; x_wconf 75' lang='lat'><strong>(38)</strong></span> <span class='ocrx_word' id='word_1_741' title='bbox 490 5750 547 5804; x_wconf 91' lang='lat' dir='ltr'><strong>In</strong></span> <span class='ocrx_word' id='word_1_742' title='bbox 571 5747 786 5818; x_wconf 84' lang='lat' dir='ltr'><strong>vulgata</strong></span> <span class='ocrx_word' id='word_1_743' title='bbox 836 5747 1073 5802; x_wconf 87' lang='lat' dir='ltr'><strong>editione</strong></span> <span class='ocrx_word' id='word_1_744' title='bbox 1107 5745 1305 5818; x_wconf 77' lang='lat' dir='ltr'><strong>legitur</strong></span> <span class='ocrx_word' id='word_1_745' title='bbox 1366 5743 1621 5818; x_wconf 76' lang='lat' dir='ltr'><strong>volumeu_</strong></span> <span class='ocrx_word' id='word_1_746' title='bbox 1653 5740 1855 5797; x_wconf 84' lang='lat' dir='ltr'><strong>volans.</strong></span> 
     </span>
    </p>
   </div>
   <div class='ocr_carea' id='block_1_110' title="bbox 346 5812 1842 5891">
    <p class='ocr_par' dir='ltr' id='par_1_110' title="bbox 346 5812 1842 5891">
     <span class='ocr_line' id='line_1_111' title="bbox 346 5812 1842 5891; baseline -0.003 -19"><span class='ocrx_word' id='word_1_747' title='bbox 346 5812 460 5891; x_wconf 82' lang='grc'><strong>(59)</strong></span> <span class='ocrx_word' id='word_1_748' title='bbox 491 5819 606 5875; x_wconf 84' lang='lat' dir='ltr'><strong>Huc</strong></span> <span class='ocrx_word' id='word_1_749' title='bbox 632 5812 734 5891; x_wconf 69' lang='lat' dir='ltr'><strong>ego</strong></span> <span class='ocrx_word' id='word_1_750' title='bbox 780 5818 1099 5887; x_wconf 86' lang='lat' dir='ltr'><strong>particulam</strong></span> <span class='ocrx_word' id='word_1_751' title='bbox 1144 5812 1316 5883; x_wconf 76' lang='grc' dir='ltr'>οὕτως</span> <span class='ocrx_word' id='word_1_752' title='bbox 1360 5812 1721 5871; x_wconf 88' lang='lat' dir='ltr'><strong>commodiore</strong></span> <span class='ocrx_word' id='word_1_753' title='bbox 1747 5829 1842 5868; x_wconf 85' lang='lat' dir='ltr'><strong>or-</strong></span> 
     </span>
    </p>
   </div>
   <div class='ocr_carea' id='block_1_111' title="bbox 276 5890 1243 5961">
    <p class='ocr_par' dir='ltr' id='par_1_111' title="bbox 276 5890 1243 5961">
     <span class='ocr_line' id='line_1_112' title="bbox 276 5890 1243 5961; baseline 0 -17"><span class='ocrx_word' id='word_1_754' title='bbox 276 5890 410 5946; x_wconf 86' lang='lat' dir='ltr'><strong>dine</strong></span> <span class='ocrx_word' id='word_1_755' title='bbox 445 5907 473 5948; x_wconf 89' lang='lat' dir='ltr'><strong>e</strong></span> <span class='ocrx_word' id='word_1_756' title='bbox 500 5890 786 5961; x_wconf 85' lang='lat' dir='ltr'><strong>superiore</strong></span> <span class='ocrx_word' id='word_1_757' title='bbox 815 5903 970 5944; x_wconf 84' lang='lat' dir='ltr'><strong>versu</strong></span> <span class='ocrx_word' id='word_1_758' title='bbox 1006 5894 1243 5944; x_wconf 80' lang='lat' dir='ltr'><strong>rteratto.</strong></span> 
     </span>
    </p>
   </div>
   <div class='ocr_carea' id='block_1_112' title="bbox 2040 5725 3532 5813">
    <p class='ocr_par' dir='ltr' id='par_1_112' title="bbox 2040 5725 3532 5813">
     <span class='ocr_line' id='line_1_113' title="bbox 2040 5725 3532 5813; baseline -0.008 -18"><span class='ocrx_word' id='word_1_759' title='bbox 2040 5740 2152 5813; x_wconf 66' lang='lat'><strong>(/40)</strong></span> <span class='ocrx_word' id='word_1_760' title='bbox 2196 5738 2572 5813; x_wconf 79' lang='lat' dir='ltr'><strong>Distinguendi</strong></span> <span class='ocrx_word' id='word_1_761' title='bbox 2614 5737 2804 5813; x_wconf 67' lang='lat' dir='ltr'><strong>gratia</strong></span> <span class='ocrx_word' id='word_1_762' title='bbox 2834 5735 2921 5813; x_wconf 81' lang='lat' dir='ltr'><strong>hic</strong></span> <span class='ocrx_word' id='word_1_763' title='bbox 2952 5728 3169 5813; x_wconf 71' lang='lat' dir='ltr'><strong>_s&#39;tellula</strong></span> <span class='ocrx_word' id='word_1_764' title='bbox 3200 5730 3299 5785; x_wconf 83' lang='lat' dir='ltr'><strong>fuit</strong></span> <span class='ocrx_word' id='word_1_765' title='bbox 3328 5725 3395 5782; x_wconf 87' lang='lat' dir='ltr'><strong>ad</strong></span> <span class='ocrx_word' id='word_1_766' title='bbox 3442 5740 3532 5783; x_wconf 84' lang='lat' dir='ltr'><strong>re-</strong></span> 
     </span>
    </p>
   </div>
   <div class='ocr_carea' id='block_1_113' title="bbox 1950 5806 3023 5881">
    <p class='ocr_par' dir='ltr' id='par_1_113' title="bbox 1950 5806 3023 5881">
     <span class='ocr_line' id='line_1_114' title="bbox 1950 5806 3023 5881; baseline -0.008 -13"><span class='ocrx_word' id='word_1_767' title='bbox 1950 5806 2177 5881; x_wconf 84' lang='lat' dir='ltr'><strong>petitum</strong></span> <span class='ocrx_word' id='word_1_768' title='bbox 2207 5811 2348 5867; x_wconf 91' lang='lat' dir='ltr'><strong>male</strong></span> <span class='ocrx_word' id='word_1_769' title='bbox 2376 5806 2668 5867; x_wconf 76' lang='lat' dir='ltr'><strong>numerum</strong></span> <span class='ocrx_word' id='word_1_770' title='bbox 2702 5806 3023 5877; x_wconf 86' lang='lat' dir='ltr'><strong>adjicienda.</strong></span> 
     </span>
    </p>
   </div>
  </div>
