4038 6414
569 418 675 485 647

1696 411 1960 475 ΡΠΟΤΙῘ
2001 408 2285 473 ΡΑΊἪῙΛ
2294 407 2515 470 RCH/E
2544 409 2652 471 CP.

3704 415 3796 479 648

569 532 772 587 Harum
793 537 911 584 erat
930 542 1036 582 una
1061 541 1195 583 oene
1234 526 1387 598 longa
1404 526 1471 580 ad
1502 524 1762 581 Joannem
1787 524 2157 596 philosophum

2262 526 2398 597 θμδν
2426 525 2469 591 ζ’
2504 526 2599 580 καὶ
2622 522 2692 580 κ’.
2719 518 2822 577 Ὧν
2847 518 2918 595 ἧν
2944 522 3044 594 μία
3069 521 3409 594 πολύστιχος,
3447 522 3583 598 [καὶ]
3615 527 3647 598 ή
3675 530 3797 599 πρός

572 624 738 677 missa
771 638 786 675 :
818 620 974 687 cujus
1004 620 1119 673 haec
1155 618 1268 673 fere
1311 618 1487 685 capita
1518 616 1656 689 (40‘)
1692 634 1706 671 :
1742 617 2008 677 Primum,
2048 613 2143 667 1n-

570 713 816 781 crepatio
866 725 1080 774 eorum,
1120 708 1234 779 lqui
1291 708 1669 763 haereticorum
1722 716 2042 771 sectatores,
2080 720 2145 760 ac

576 807 921 875 potissimum
962 802 1173 866 Severi,
1226 800 1593 857 defendendos
1645 810 2025 871 susceperunt.
2054 800 2147 854 Al-

577 909 754 954 terum
798 897 1013 960 deinde,
1060 897 1322 964 Uportere
1351 895 1498 948 omni
1528 894 1736 948 ratione
1765 894 2011 945 traditam
2054 908 2148 944 no-

574 990 659 1043 bis
708 990 1075 1055 incorruptam
1105 1000 1327 1040 servarc
1380 984 1724 1055 religionem.
1776 984 2041 1047 Tertium,
2074 984 2148 1038 De

573 1078 899 1141 diﬂ'erentia,
929 1092 1145 1146 quaque
1175 1077 1384 1130 ratione
1420 1078 1667 1131 conﬁteri
1695 1077 1781 1146 pie
1808 1077 1989 1139 liceat,
2016 1078 2147 1132 duas

585 1173 637 1223 in
698 1168 916 1223 Christo
970 1178 1091 1237 post
1142 1166 1396 1223 unionem
1431 1177 1675 1220 naturas.
1732 1165 1994 1231 Quartum
2041 1174 2145 1228 est,

575 1264 874 1317 Numerum
908 1274 1084 1329 neque
1114 1259 1378 1321 dividere,
1435 1272 1609 1327 neque
1649 1257 1842 1321 dividi,
1872 1271 1971 1311 nec
2008 1256 2147 1309 divi.

576 1357 787 1410 sionem
834 1354 887 1407 in
923 1354 1237 1406 universum
1300 1350 1467 1405 ullam
1518 1352 1814 1404 secundum
1866 1349 2144 1418 propriam

576 1450 848 1503 rationem
912 1446 1110 1500 afferre
1171 1445 1260 1511 iis,
1324 1445 1519 1514 quibus
1572 1443 1809 1497 additur.
1864 1432 2149 1508 Quintum,

581 1544 990 1613 Quomodovpie
1032 1556 1291 1596 numerus
1317 1543 1384 1593 ad
1408 1540 1746 1596 indicandam
1792 1538 2148 1593 differentiam

574 1636 920 1691 adhibeatur.
948 1634 1199 1699 Sextum,
1234 1634 1517 1700 Quomodo
1546 1632 1691 1687 beati
1732 1632 1917 1703 Cyrilli
1947 1620 2150 1685 dictum

573 1728 804 1799 epistola
833 1728 900 1783 ad
928 1727 1261 1782 Succensum
1300 1727 1372 1781 sit
1393 1726 1803 1796 accipiendum.
1835 1723 1950 1779 Non
1985 1724 2149 1778 etiam

578 1835 820 1891 pugnare
848 1820 989 1874 hanc
1018 1833 1205 1873 vocem
1226 1818 1281 1872 in
1306 1816 1533 1881 duabus,
1559 1831 1682 1870 cum
1709 1817 1794 1881 iis,
1837 1815 1926 1884 qui
1956 1815 2147 1870 dicunt

579 1927 742 1966 unam
767 1910 928 1966 Verbi
963 1920 1210 1964 naturam
1239 1923 1459 1963 carnem
1508 1922 1630 1963 esse
1687 1906 1908 1973 factam,
1951 1907 2055 1961 nisi
2085 1922 2150 1961 ex

583 2005 849 2072 Opinione
870 2001 1105 2059 Nestorii
1130 2002 1296 2070 impie
1320 2010 1586 2055 sumatur.
1617 1998 1942 2067 Septimum,
1969 2013 2155 2052 rerum

575 2099 693 2153 sive
717 2096 1144 2151 substantiarum
1160 2094 1274 2163 (41)
1302 2095 1353 2147 in
1376 2093 1615 2159 Christo,
1638 2106 1761 2146 esse
1776 2090 2157 2153 diﬂ‘erentiam,

576 2205 685 2244 non
720 2186 1086 2258 qualitatum;
1134 2199 1461 2254 omnemque
1508 2183 1645 2237 adeo
1683 2181 2041 2237 differentiam
2065 2196 2161 2236 ne-

577 2280 837 2337 cessitate
857 2279 1091 2347 quadarn
1107 2278 1377 2332 adducere
1393 2289 1573 2330 secum
1595 2288 1783 2328 eorum
1799 2287 2028 2343 quorum
2054 2284 2157 2338 est,

578 2373 932 2441 quantitatem
958 2388 972 2425 :
1004 2368 1457 2440 quemadmodum
1491 2382 1702 2422 rursum
1726 2367 2000 2435 quantitas
2024 2366 2161 2435 (sive

577 2462 838 2518 continua
872 2462 960 2517 illa
991 2462 1083 2526 sit,
1110 2464 1225 2517 sive
1261 2458 1519 2531 discreta)
1566 2474 1850 2513 numerum
1894 2473 1955 2511 se
1974 2458 2159 2528 expri-

577 2562 831 2609 mentem
888 2552 1133 2607 adducit.
1171 2550 1459 2613 Octavum,
1498 2548 1668 2617 lmpie
1698 2547 1827 2610 dici,
1880 2544 2159 2600 Christum

579 2660 744 2699 unam
792 2659 917 2699 esse
969 2644 1326 2713 compositam
1391 2650 1680 2696 naturam:
1734 2636 1975 2707 illudque
2036 2650 2159 2690 cum

579 2738 816 2792 veritate
854 2749 1117 2806 pugnare.
1148 2732 1383 2797 Nonum,
1414 2732 1489 2787 De
1518 2730 1796 2803 bypostasi
1828 2728 2158 2798 composita,

585 2838 644 2885 et
673 2829 857 2885 brevis
887 2826 1154 2897 expositio
1181 2834 1521 2895 receptarum
1554 2824 1622 2878 de
1661 2821 1765 2877 llde
1791 2835 2009 2883 vocum,
2041 2835 2162 2889 qua:

585 2932 737 2979 recte
757 2922 825 2977 de
865 2920 1084 2976 Christo
1124 2934 1192 2975 ex
1251 2933 1349 2973 usu
1404 2915 1662 2971 Ecclesiae
1701 2915 1983 2969 catholica!
2034 2927 2160 2982 pro-

585 3013 857 3067 feruntur.
890 3010 1189 3076 Decimum,
1220 3008 1296 3064 De
1332 3007 1621 3079 Hypostasi
1651 3005 1956 3074 composita
1988 3002 2161 3071 magis

583 3104 851 3159 naturalis
875 3102 1192 3173 disputatio,
1221 3116 1326 3155 una
1366 3115 1489 3155 cum
1523 3109 1778 3154 accurata
1810 3099 2152 3151 demonstra-

2243 641 2366 679 τινα
2401 622 2448 655 ⁸ο
2484 621 2773 691 φιλόσοφον
2824 619 3102 689 Ἰωάννην.
3139 609 3248 681 Ἧς
3279 620 3395 672 ἐστι
3443 619 3512 672 τὰ
3551 621 3800 688 κεφάλαια

2244 716 2463 788 πρῶτον
2492 714 2812 783 ἐπιτίμησις
2837 696 2951 775 τοῖς
2976 709 3320 780 Ιδιεκδικοῦσι
3351 711 3479 774 τούς
3509 712 3797 782 αἰρετίζον-

2244 826 2344 873 τας
2364 847 2380 871 ,
2415 807 2510 860 καὶ
2537 806 2770 876 μάλιστα
2790 805 2916 867 τοὺς
2944 803 3053 857 ἀπὸ
3072 803 3335 873 Σεϐήρουο
3363 802 3613 874 δεύτερον
3634 805 3709 857 ὅτι
3731 806 3802 858 δεῖ

2248 898 2411 952 παντὶ
2440 896 2627 969 τρόπῳ
2650 895 2749 965 τὴν
2780 894 3226 965 παραδεδομένην
3255 892 3540 947 εὐσέϐειαν
3571 892 3692 966 [260
3720 895 3799 968 IL]

2246 990 2649 1062 άπαράτρωτον
2670 988 2712 1018 ⁸¹
2739 986 3141 1054 διαφυλάττεινο
3171 986 3353 1057 τρίτον
3386 1003 3453 1038 πε
3463 988 3515 1056 pi.
3539 987 3799 1057 διαφορᾶς,

2248 1085 2341 1137 καὶ
2368 1082 2485 1144 πῶς
2512 1081 2662 1134 ἐστιν
2694 1079 2932 1141 εὐσεϐῶς
2966 1079 3059 1131 δύο
3080 1078 3269 1147 φύσεις
3300 1080 3393 1131 ἐπὶ
3424 1078 3657 1147 Χριστοῦ
3681 1080 3804 1150 μετὰ

2247 1176 2346 1245 τὴν
2382 1174 2575 1227 ἕνωσιν
2600 1174 2901 1242 ὁμολογεῖν·
2930 1171 2973 1223 δ’
3014 1172 3150 1225 ὅτιὸ
3188 1170 3422 1241 ἀριθμὸς
3466 1171 3589 1223 οὐτε
3628 1174 3805 1244 διαιρεῖ

2250 1267 2375 1321 οὐτε
2400 1267 2712 1336 διαιρεῖται,
2735 1264 2859 1318 οὔτε
2883 1264 3149 1334 διαίρεσιν
3180 1248 3389 1332 εἰσάγει
3412 1265 3551 1317 κατὰ
3581 1264 3667 1316 τὸν
3692 1266 3808 1320 ἴδιον

2248 1359 2405 1428 λόγον
2432 1360 2494 1412 τὸ
2531 1357 2774 1421 σύνολον,
2812 1354 2894 1421 οἷς
2929 1357 3258 1425 ἐπιλέγεται·
3296 1363 3338 1409 ε’
3382 1357 3501 1420 πῶς
3532 1358 3755 1420 εὐσεϐῶς
3781 1361 3806 1413 ὁ

2249 1452 2483 1523 ἀριθμὸς
2512 1452 2650 1522 πρὸς
2687 1451 2918 1521 δήλωσιν
2964 1451 3066 1520 τῆς
3096 1451 3357 1521 διαφορᾶς
3398 1451 3807 1519 παραλαμϐάνε-

2248 1560 2362 1597 ταιο
2396 1551 2448 1609 ς’
2477 1542 2596 1608 πῶς
2625 1544 2730 1615 χρὴ
2760 1546 2899 1597 νοεῖν
2919 1545 3019 1614 τὴν
3044 1545 3308 1614 κειμένην
3342 1545 3500 1613 ῥῆσιν
3520 1546 3576 1597 ἐν
3599 1548 3662 1615 τῇ
3689 1546 3809 1616 πρὸς

2251 1634 2551 1688 Σούκενσον
2582 1635 2840 1706 ἐπιστολῇ
2876 1634 2971 1687 τοῦ
3012 1634 3167 1702 ἁγίου
3203 1633 3497 1704 Κυρίλλου,
3533 1635 3625 1687 καὶ
3651 1635 3728 1687 ὅτι
3751 1634 3807 1687 οὐ

2256 1725 2489 1796 μάχεται
2520 1727 2553 1795 ὴ
2584 1724 2654 1778 ὲν
2690 1724 2799 1779 δύο
2830 1726 2983 1796 φωνὴ
3001 1727 3117 1789 τοῖς
3145 1724 3362 1793 λέγουσι
3390 1721 3523 1795 μίαν
3551 1726 3704 1794 φύσιν
3726 1725 3807 1779 τοῦ

2253 1818 2425 1885 Λόγου
2475 1818 2927 1887 σεσαρκωμένην,
2966 1818 3017 1870 εί
3053 1820 3125 1888 μὴ
3179 1818 3320 1871 κατὰ
3367 1817 3431 1871 τδ
3462 1820 3508 1850 ⁸⁸
3556 1817 3811 1889 Νεστορίφ

2255 1908 2445 1962 δοκοῦν
2466 1908 2677 1971 ἀσεϐῶς
2700 1909 3103 1981 λαμϐανομένηο
3128 1910 3174 1973 ζ’
3195 1909 3277 1963 ὅτι
3298 1909 3638 1981 πραγμάτων
3662 1910 3811 1979 ἤγουν

2255 2002 2453 2055 οὐσιῶν
2488 1998 2583 2053 ἐπὶ
2626 2001 2868 2073 Χριστοῦ
2900 2004 2933 2072 ή
2961 2002 3196 2071 διαφορὰ
3220 2043 3234 2066 ,
3267 2003 3383 2055 ἀλλ’
3415 2003 3477 2056 οὐ
3507 2003 3810 2072 ποιοτήτων,

2257 2094 2350 2147 καὶ
2381 2094 2462 2147 ὅτι
2499 2096 2649 2147 πᾶσα
2678 2094 2909 2163 διαφορὰ
2951 2094 3009 2159 ἐξ
3040 2096 3287 2163 ἀνάγκης
3318 2096 3630 2163 συνεισάγει
3663 2096 3809 2163 ἑαυτῇ

2256 2184 2356 2256 τὴν
2387 2179 2461 2239 ὧν
2480 2188 2595 2239 ἐστι
2624 2187 2927 2257 ποσότητα,
2962 2188 3056 2241 καὶ
3080 2190 3111 2259 ἡ
3138 2189 3380 2257 ποσότης
3404 2187 3568 2241 πάλιν
3594 2188 3679 2241 τὸν
3702 2188 3813 2241 ἐαυ-

2257 2277 2358 2343 τῆς
2385 2278 2722 2346 σημαντικὸν
2755 2278 3009 2349 ἀριθμὸν,
3039 2280 3141 2334 κάν
3159 2298 3216 2333 τε
3252 2281 3485 2354 συνεχής
3515 2285 3626 2336 ἐστι
3656 2282 3811 2336 κᾶντι

2258 2367 2588 2440 διῃρημένη⁶
2632 2376 2683 2436 η’
2723 2370 2806 2423 ὅτι
2851 2370 3048 2434 ἀσεϐές
3076 2372 3191 2425 ἐστι
3231 2373 3292 2425 τὸ
3320 2373 3506 2441 λέγειν
3552 2374 3675 2445 μίαν
3704 2373 3813 2426 σύν-

2260 2461 2415 2514 θετον
2441 2462 2601 2529 φύσιν
2622 2462 2713 2515 τὸν
2736 2463 2994 2533 Χριστὸν.
3027 2465 3122 2517 καὶ
3149 2467 3214 2536 τῇ
3230 2465 3477 2539 ,ἀληθείᾳ
3508 2467 3809 2538 μαχόμενον·

2260 2552 2308 2607 θ’
2336 2555 2465 2625 περὶ
2498 2554 2848 2617 ὑποστάσεως
2880 2556 3160 2621 συνθέτου,
3189 2558 3285 2612 καὶ
3315 2558 3536 2622 ἔκθεσις
3575 2558 3815 2627 σύντομος

2257 2646 2359 2715 τῆς
2388 2646 2747 2717 ἐκδοχῆς’τῶν
2778 2648 2954 2719 ὀρθῶς
2981 2649 3073 2702 ἐπὶ
3104 2649 3342 2719 Χριστοῦ
3374 2652 3521 2705 κατὰ
3563 2650 3657 2723 τὴν
3691 2648 3812 2703 καθ-

2259 2736 2447 2808 ολικὴν
2484 2738 2814 2809 Ἐκκλησίαν
2840 2740 3288 2811 ὁμολογουμένων
3319 2745 3421 2812 τῆς
3451 2743 3680 2806 πίστεως
3706 2760 3813 2811 φω-

2260 2830 2386 2883 νῶνο
2422 2827 2455 2883 ι’
2483 2832 2612 2900 περὶ
2657 2831 3010 2897 ὑποστάσεως
3041 2834 3297 2888 συνθέτου
3340 2837 3688 2905 φυσικωτέρα
3712 2835 3812 2888 διά-

2260 2918 2452 2990 ληψις,
2501 2923 2595 2974 καὶ
2643 2922 2919 2987 ἀπόδειξις
2962 2924 3197 2994 ἀκριϐὴς
3232 2925 3324 2977 τοῦ
3383 2925 3460 2997 μὴ
3503 2929 3614 2990 τοῖς
3656 2927 3815 2989 αὐτοῖς

2261 3009 2613 3079 περιπίπτειν
2659 3013 2786 3073 τοὺς
2820 3013 3218 3083 ὁμολογοῦντας
3251 3016 3384 3084 μίαν
3422 3016 3668 3070 σύνθετον
3695 3015 3814 3071 ὐπό-

2267 3118 2456 3154 στασιν
2481 3102 2573 3155 τὸν
2594 3103 2831 3173 Χριστὸν
2855 3107 2967 3165 τοῖς
2996 3106 3126 3173 μίαν
3153 3106 3316 3160 αὐτὸν
3341 3106 3596 3162 σύνθετον
3623 3107 3815 3176 λέγουσι

585 3196 756 3259 tione,
812 3194 957 3263 quod
1005 3194 1061 3247 in
1097 3194 1287 3247 eadem
1351 3204 1692 3261 nequaquam
1745 3187 2007 3253 incidant,
2064 3187 2153 3255 qui

2267 3191 2448 3261 φύσιν
2491 3198 2558 3245 ια’
2604 3194 2686 3246 ὅτι
2726 3194 2869 3248 κατὰ
2917 3196 3222 3266 πρόσληψιν
3265 3199 3299 3268 ή
3344 3198 3486 3269 πρὸς
3525 3200 3621 3270 τὴν
3658 3198 3815 3268 σάρκα

584 3286 862 3342 Christum
897 3288 1221 3355 proﬁtentur
1250 3299 1411 3337 unam
1441 3283 1795 3351 compositam
1820 3281 2161 3350 hypostasin,

588 3392 714 3431 cum
740 3377 809 3431 iis
844 3376 935 3446 qui
963 3390 1125 3429 unam
1163 3389 1286 3428 eum
1316 3374 1502 3428 dicunt
1528 3387 1651 3427 esse
1677 3371 2035 3440 compositam
2068 3384 2167 3423 na-

588 3476 791 3521 turam.
863 3462 1248 3529 Undecimum,
1310 3463 1501 3533 1570
1562 3461 1664 3515 Per
1738 3458 2164 3529 assutnptionem

594 3560 799 3613 factam
829 3573 953 3612 esse
988 3558 1160 3611 solam
1185 3557 1333 3610 illam
1371 3555 1529 3611 Verbi
1549 3569 1671 3609 eum
1703 3568 1867 3607 carne
1888 3554 2167 3615 unionem,

2270 3282 2406 3354 μόνη
2442 3283 2537 3336 τοῦ
2567 3285 2742 3353 Λόγου
2790 3286 3013 3355 γέγονεν
3058 3288 3251 3352 ἓνωσις
3274 3330 3289 3356 ,
3335 3290 3414 3353 ὡς
3451 3291 3699 3361 προόντος
3736 3289 3816 3343 καὶ

2269 3374 2406 3443 πρὸς
2444 3375 2637 3429 ἕνωσιν
2669 3378 2869 3448 σαρκὸς
2907 3378 3175 3448 ἐνωθῆναι
3202 3382 3554 3451 θελήσαντος
3584 3383 3710 3453 ὅπερ
3731 3380 3817 3433 οὐκ

2267 3466 2418 3520 ἐστιν
2472 3470 2610 3532 ὅλως
2660 3470 2747 3522 ἐπ’
2784 3471 2945 3524 ἄλλου
3008 3471 3118 3524 τῶν
3172 3473 3448 3528 συνθέτων
3505 3476 3647 3529 ίδεῖν.
3710 3473 3816 3526 Ἐπὶ

2270 3562 2381 3632 γὰρ
2404 3561 2511 3614 τῶν
2533 3561 2708 3615 ἄλλων
2736 3563 2797 3615 οὐ
2825 3563 2965 3616 κατὰ
2993 3563 3299 3636 πρόσληψιν
3329 3566 3561 3637 θατέρου
3592 3569 3622 3636 ἡ
3650 3567 3817 3625 ἐνωσις

608 3664 866 3719 tanquam
898 3651 1425 3720 prmexsistentis,et
1446 3650 1512 3703 ad
1537 3649 1789 3702 unionem
1813 3646 1993 3699 carnis
2025 3644 2157 3697 uniri

2272 3656 2519 3721 γίνεται,
2546 3654 2663 3709 ἀλλ’
2690 3655 2858 3724 ἄμφω
2892 3656 3182 3710 συνιόντων
3219 3660 3283 3711 ἐκ
3333 3661 3433 3713 τοῦ
3465 3661 3539 3730 μὴ
3573 3660 3712 3715 ὄντος
3752 3656 3818 3715 εἰς

590 3742 868 3797 volentis:
907 3743 1049 3811 quod
1110 3744 1164 3796 in
1200 3742 1307 3796 alio
1354 3741 1577 3797 omnino
1606 3739 1905 3810 composito
1939 3737 2163 3791 minime

587 3837 932 3888 observetur.
1002 3833 1058 3887 ln
1105 3834 1227 3888 aliis
1278 3835 1445 3899 enim,
1520 3847 1625 3887 non
1688 3845 1784 3900 per
1846 3828 2165 3883 alterutrius

588 3926 1012 3995 assumptionetn
1063 3927 1121 3980 lit
1171 3927 1321 3994 unio,
1368 3929 1461 3983 sed
1505 3925 1785 3986 ambobus,
1825 3938 1893 3979 ex
1919 3938 1984 3977 eo
2007 3923 2152 3993 quod

2267 3745 2367 3815 τὴν
2416 3745 2511 3799 τοῦ
2563 3747 2820 3799 συνθέτου
2865 3748 3259 3819 συμπλήρωσιν
3294 3752 3393 3803 καὶ
3439 3750 3705 3803 οὐσίωσιν.
3765 3744 3819 3797 Ἦ

2272 3837 2373 3907 μὲν
2398 3839 2443 3870 ⁸³
2468 3838 2606 3908 πρὸς
2646 3838 2899 3910 Ἰωάννην
2929 3842 3185 3912 ἐπιστολὴ
3218 3840 3356 3914 αὕτη
3398 3844 3492 3896 καὶ
3527 3841 3595 3894 τὰ
3622 3843 3676 3893 ἐν
3700 3836 3817 3905 αὐτῇ

2262 3928 2550 3998 κεφάλαια.

589 4038 696 4079 non
737 4034 841 4090 est,
895 4027 962 4080 ad
1026 4025 1310 4093 compositi
1385 4024 1776 4093 perfectionem
1831 4031 1994 4092 atque
2058 4026 2502 4081 constttutiouem
2554 4029 3022 4084 concurrentibus.
3068 4027 3191 4084 lizcc
3231 4042 3359 4099 ergo
3393 4026 3558 4084 estad
3588 4019 3819 4083 Joannem

589 4119 835 4188 epistola,
874 4130 929 4174 et
953 4119 1067 4187 eius
1101 4120 1185 4171 illa
1211 4120 1409 4189 capita.

668 4208 1022 4279 Reliquarutn
1074 4211 1271 4264 deinde
1334 4220 1445 4265 tres
1507 4209 1645 4263 data:
1691 4208 1757 4261 ad
1827 4208 2169 4263 Thalassium

597 4303 986 4372 presbyterum
1015 4316 1078 4354 ac
1104 4302 1417 4371 praelectum
1449 4319 1464 4369 ;
1497 4302 1616 4355 dum
1650 4302 1716 4355 ad
1745 4298 2003 4354 Joannem
2029 4301 2175 4354 cubi-

2350 4209 2473 4262 Τῶν
2498 4209 2544 4263 δ’
2577 4210 2754 4264 ἄλλων
2784 4211 3085 4265 ἐπιστολῶν
3122 4215 3269 4283 τρεῖς
3303 4211 3405 4283 μέν
3446 4214 3551 4266 είσι
3580 4210 3705 4280 πρὸς
3730 4207 3819 4258 Θαο

2275 4298 2495 4354 λάσσιον
2545 4302 2918 4375 πρεσϐύτερον
2971 4302 3065 4356 καὶ
3111 4304 3437 4374 ἡγούμενον,
3481 4304 3572 4357 δύο
3612 4302 3665 4354 δὲ
3704 4296 3821 4368 πρὸς

595 4392 889 4458 cularium,
956 4394 1178 4447 totidem
1257 4396 1324 4448 ad
1406 4393 1770 4464 Sophronium
1848 4393 2157 4445 monachtm

2289 4390 2543 4461 Ἰωάννην
2599 4392 3065 4465 κουϐικουλάριον,
3113 4392 3207 4451 δύο
3252 4393 3310 4446 δὲ
3362 4393 3501 4464 πρὸς
3547 4387 3820 4458 Σωφρόνιον

594 4496 958 4555 cognomento
983 4485 1304 4541 Ettcratam:
1335 4500 1441 4538 una
1469 4486 1536 4539 ad
1552 4483 1815 4539 Joannem
1836 4484 2171 4552 Suphistam,

594 4584 653 4629 et
682 4574 857 4630 altera
909 4578 977 4630 ad
1016 4574 1231 4630 Janiam
1268 4574 1600 4645 praefectam.
1640 4575 1835 4629 Iterum
1880 4591 1981 4628 una
2031 4574 2174 4629 Tha-

2280 4480 2584 4551 μονάζοντα
2634 4482 2727 4537 τδν
2772 4484 3002 4553 ἐπίκλην
3054 4485 3360 4555 Εὐκρατᾶν,
3417 4484 3511 4538 καὶ
3564 4481 3655 4552 μία
3706 4474 3821 4545 πρὸς

2293 4572 2552 4643 Ἰωάννην
2606 4574 2888 4646 σοφιστὴν,
2935 4577 3029 4627 καὶ
3067 4575 3168 4645 μία
3202 4575 3337 4645 πρὸς
3376 4574 3571 4628 Ἰανίαν
3617 4565 3821 4641 ἡγουμέ-

598 4664 767 4720 lassio
793 4664 1051 4736 praefecto
1076 4681 1140 4719 ac
1164 4664 1484 4735 presbytero
1509 4663 1696 4729 missa,
1723 4663 1888 4719 altera
1923 4662 2157 4719 Jordaua

2279 4682 2396 4734 νην,
2439 4664 2532 4717 καὶ
2565 4664 2663 4735 μία
2695 4664 2982 4737 Θαλασσίῳ
3015 4667 3303 4738 ἡγουμένῳ
3338 4670 3430 4720 καὶ
3459 4660 3847 4735 πρεσϐυτέρων

568 4752 571 4757 ’
604 4758 951 4828 presbytero,
988 4758 1373 4827 Stephanoque
1428 4756 1683 4827 praelecto
1724 4772 1787 4811 ac
1841 4759 2177 4828 presbytero.

2281 4759 2374 4809 καὶ
2409 4756 2506 4827 μία
2560 4758 2802 4831 Ἰορδάνῃ
2847 4759 3205 4831 πρεσϐυτέρῳ
3250 4762 3344 4813 καὶ
3392 4761 3643 4830 Στεφάνῳ
3681 4756 3821 4824 ἡγου-

607 4846 725 4899 Utta
754 4862 967 4917 quoque
994 4847 1263 4918 Cyrisicio
1313 4848 1590 4917 episcopo,
1642 4862 1969 4917 rursumque
2003 4848 2157 4902 alter:

2288 4849 2435 4919 μένῳ
2466 4848 2562 4902 καὶ
2609 4850 2968 4921 πρεσϐυτέρῳ
2990 4890 3005 4911 ,
3054 4853 3145 4905 καὶ
3176 4852 3275 4921 μία
3305 4852 3350 4883 ⁸⁸
3393 4848 3686 4922 Κυρισικίῳ
3717 4844 3821 4894 ἐπιο

603 4933 800 4991 Joanni
862 4940 1234 5003 cubiculario,
1300 4939 1552 4994 similiter
1599 4948 1655 4994 et
1711 4938 1988 5008 Stephano
2039 4954 2179 5009 pra:-

2288 4942 2516 5013 σκόπῳ,
2555 4944 2649 4995 καὶ
2706 4942 2787 4996 ῐτι
2820 4944 2863 4974 ⁸⁸
2920 4944 3080 5012 ἑτέρα
3134 4946 3232 5012 μία
3294 4944 3514 5014 Ἰωάννῃ
3567 4938 3819 4993 κουϐικου-

607 5026 792 5095 lecto,
848 5045 972 5085 cum
1033 5045 1139 5085 una
1195 5030 1263 5084 ad
1337 5029 1612 5087 Cononem
1678 5031 2054 5103 presbyterum
2117 5048 2157 5085 at

2286 5034 2498 5105 λαρίῳ,
2542 5034 2745 5105 ὁμοίως
2796 5036 2893 5089 καὶ
2948 5036 3202 5107 Στεφάνῳ
3262 5035 3619 5108 πρεσϐυτέρῳ
3669 5032 3751 5081 καὶ
3782 5020 3820 5049 ⁶⁶

1896 5192 2135 5248 VARUE
2178 5193 2589 5254 LECTIONES.

675 5306 721 5337 ”
756 5323 875 5386 cum
908 5306 1196 5386 φιλόσοφον
1208 5305 1485 5386 Ἰωάννην]
1504 5307 1754 5386 Ἰωάννην
1769 5308 1889 5385 τινα
2064 5311 2106 5341 ⁶¹
2141 5311 2537 5386 άπαράτρωτον
2563 5314 2844 5368 εὐσέϐειαν
2870 5333 2929 5380 ς.
2989 5317 3050 5386 ί⁶¹
3072 5314 3209 5386 τὸτῴ
3237 5313 3513 5386 Νεστορίῳ
3542 5327 3601 5386 ςἶ
3652 5306 3709 5386 ,⁸³
3739 5304 3825 5373 μὲν

603 5370 695 5447 οὖν
725 5377 858 5447 πρὸς
876 5370 935 5441 gl

605 5445 651 5477 “
678 5445 1031 5518 πρεσϐυτέρῳ
1064 5449 1157 5499 καὶ
1190 5445 1314 5502 add.
1346 5449 1410 5501 A.

1043 5378 1088 5407 “
1116 5379 1209 5452 καὶ
1241 5376 1837 5452 μίαᾼΚυρισίνδῳῘιιωα
1863 5381 2000 5433 infra
2027 5382 2178 5449 ponit
2203 5376 2399 5438 A'ante
2436 5384 2523 5437 tlla
2567 5399 2618 5441 ν.
2664 5387 2752 5440 19.
2792 5376 2897 5439 καὶ⁷
2938 5385 3034 5439 δύο
3074 5387 3131 5441 Ἰ.

3226 5385 3272 5416 ⁸³
3309 5378 3426 5455 μία”
3467 5378 3547 5437 ἔτι
3584 5378 3732 5446 ἑτέρα
3770 5389 3821 5436 ς.

2118 5589 2349 5646 NOTAE.

658 5703 811 5768 ⁸(40’)
850 5703 977 5777 Quae
1008 5719 1142 5777 pene
1172 5704 1354 5760 omnia
1402 5706 1627 5777 repetita
1662 5706 1812 5777 leges
1840 5707 1904 5760 :ul
1950 5703 2166 5761 Petrum

611 5772 878 5828 lllustt‘cm
901 5776 996 5828 inl'.
1021 5776 1139 5833 cod.
1172 5792 1286 5844 seq.

2296 5777 2308 5830 l
2350 5708 2466 5789 (ll)
2500 5706 2838 5763 Nalurarum
2890 5724 3102 5784 quoque
3134 5723 3334 5780 vertas,
3390 5721 3446 5769 ut
3491 5719 3666 5764 notum
3696 5707 3829 5759 thmy

2314 5794 2449 5830 nats.

2314 5794 2449 5847 ngts.
