4038 6452
219 400 314 467 649

1120 402 1648 465 BIBLIOTHECA.
1672 427 1740 440 -
1762 404 1979 466 CODD.
2014 404 2276 481 CXCIII,
2310 406 2551 468 CXCIV.

3360 407 3463 470 659

216 514 495 589 ἡγουμένῳ
528 515 657 588 [505
684 514 779 589 R.)
810 515 906 571 καὶ
938 515 1037 588 μία
1069 515 1280 571 Κόνωνι
1306 518 1662 590 πρεσόυτέρῳ
1691 519 1787 573 καὶ

1904 519 2223 576 iraefectum.
2300 518 2499 575 lterum
2567 518 2849 577 Thalassio
2904 520 3156 592 prml'ecto
3205 528 3263 577 et
3300 536 3464 593 pres-

215 610 514 680 ἡγουμένῳ,
538 610 619 664 ἔτι
646 609 938 680 Θαλασσίῳ
958 610 1246 681 ἡγουμένῳ
1274 612 1367 663 καὶ
1396 609 1779 681 πρεσϐυτέρῳ,

214 700 301 753 καὶ
320 698 416 753 δύο
455 700 675 772 Ἰωάννῃ
705 701 1012 771 ὲπισκόπῳ,
1040 699 1120 754 ἔτι
1158 701 1402 772 Ἰωάννῃ,
1428 700 1787 755 κουϐικουλα·

215 792 309 864 ρίῳ
342 792 472 862 περὶ
514 792 613 863 τῆς
644 794 789 846 κατὰ
832 792 967 846 Θεὸν
998 792 1177 862 λύπης
1205 834 1221 860 ,
1246 794 1343 847 καὶ
1385 793 1785 864 Κωνσταντίνῳ

223 884 559 956 ’ἰλλουστρίῳ
591 887 684 938 καὶ
706 885 813 939 ἀπὸ
843 884 1215 956 σακελλαρίων
1254 886 1347 939 δύο
1367 926 1383 951 ,
1417 888 1513 939 καὶ
1538 887 1617 957 τῷ
1644 885 1788 957 άὸὁᾷ

213 976 554 1049 Πολυχρονίῳ
598 980 787 1049 τρεῖς,
834 980 931 1033 καὶ
970 978 1107 1050 πρὸς
1160 977 1283 1051 [261
1346 977 1439 1051 IL]
1502 977 1787 1033 Ἰουλιανὸν

178 1134 184 1147 ο
221 1067 592 1139 Ἀλεξανδρέα,
612 1068 722 1123 ἀπὸ
749 1070 848 1141 τῆς
876 1069 986 1122 τῶν
1015 1067 1337 1138 Ἀκεφάλων
1366 1068 1635 1139 αἱρέσεως
1666 1072 1789 1123 ὲπι-

212 1158 557 1230 στραφέντα,
590 1159 708 1231 μία,
761 1161 860 1215 καὶ
910 1160 985 1225 ὼς
1044 1161 1154 1215 ἀπὸ
1205 1158 1480 1229 Γεωργίου
1543 1159 1788 1230 ἐπάρχου

222 1251 487 1321 Ἀφρικῆς
553 1251 691 1323 πρὸς
750 1252 1083 1325 μοναστρίας
1148 1251 1677 1322 ἁποκοινωνησάσας
1731 1252 1791 1304 ἓν

222 1340 603 1414 Ἀλεξανδρείᾳ
652 1343 770 1414 μία.
815 1343 905 1398 Ἐν
936 1343 1165 1408 ταύταις
1190 1338 1283 1398 οὖν
1317 1343 1561 1406 άπάσαις
1598 1344 1720 1406 ταῖς
1745 1342 1791 1406 ζ’

211 1434 298 1485 καὶ
325 1440 377 1487 κ’
416 1434 730 1500 ἐπιστολαῖς
763 1438 792 1490 6
832 1436 934 1507 μὲν
973 1436 1131 1501 ἄλλος
1168 1435 1458 1508 χαρακτὴρ
1488 1433 1653 1490 αὐτοῦ
1684 1434 1791 1489 τῶν

209 1523 383 1592 λόγων
436 1528 532 1580 καὶ
580 1527 612 1598 ὴ
662 1528 912 1582 εὐσέϐεια
961 1529 1199 1599 μάλιστα
1237 1526 1566 1592 διασώζεται
1594 1569 1610 1594 ,
1643 1529 1705 1582 τὸ
1748 1528 1791 1582 δ’

200 1616 453 1686 ἀσαφὲς,
502 1618 561 1671 εὖ
600 1636 664 1689 γε
711 1619 808 1673 τοῦ
855 1620 1047 1691 ἀνδρὸς
1079 1621 1362 1682 ποιοῦντος
1401 1621 1496 1673 καὶ
1522 1620 1794 1690 τιμῶντος

213 1709 505 1779 ἐπιστολῆς
532 1711 674 1765 κατὰ
709 1711 870 1766 τοῦτο
902 1714 1130 1784 νόμους,
1161 1714 1262 1767 οὐκ
1294 1710 1421 1783 ἔσχε
1468 1711 1530 1765 τὸ
1575 1714 1792 1767 ἀνοικο-

211 1799 345 1871 νόμη
360 1816 465 1856 ιον.
499 1803 667 1872 Δῆλον
694 1805 741 1857 δ’
768 1805 850 1857 ὅτι
886 1806 979 1857 καὶ
1007 1805 1043 1859 ἃ
1073 1806 1172 1876 τὴν
1202 1805 1474 1875 ἀσάφειαν
1506 1804 1702 1871 ἐποίει,
1726 1804 1794 1859 τὰ

215 1890 311 1959 μὲν
340 1891 603 1962 ἔρριπται
633 1896 702 1947 τὰ
722 1894 779 1948 δὲ
809 1894 1159 1949 κεκόλασται.

923 2007 1090 2075 PU".

218 2117 323 2172 Τοῦ
355 2116 550 2172 αὐτοῦ
571 2118 906 2190 ἀσκητικὸς
938 2121 1134 2189 Λόγος
1156 2137 1188 2190 '_
1208 2119 1305 2175 καὶ
1330 2118 1501 2188 ἑτέρα
1529 2135 1799 2190 πραγμα-

422 2189 554 2242 τεία
581 2189 723 2257 Περὶ
751 2190 1010 2259 ἀγάπης,
1036 2188 1114 2245 ἐν
1139 2188 1189 2245 ν’
1217 2192 1584 2260 κεφαλαίοις.

286 2285 636 2355 Ἀνεγνώσθη
662 2286 705 2317 ⁸⁷
736 2285 827 2339 τοῦ
884 2286 1049 2341 αὐτοῦ
1078 2286 1125 2319 ⁸³
1173 2287 1334 2356 ἁγίου
1374 2285 1629 2356 Μαξίμου
1687 2285 1801 2341 Λό-

213 2392 311 2443 γος
378 2377 752 2445 ἁσκητικὸς,
811 2378 891 2442 είς
937 2378 1132 2431 πεῦσιν
1182 2379 1655 2449 ἐσχηματισμένος
1705 2380 1801 2432 καὶ

214 2467 508 2538 ἀπόκρισιν
534 2468 601 2522 ⁸³.
626 2469 913 2541 Χρήσιμος
939 2470 1037 2540 μὲν
1067 2469 1274 2525 ἅπασιν
1304 2472 1332 2524 6
1359 2471 1538 2539 λόγος,
1565 2470 1800 2541 μάλιστα

214 2557 253 2610 6'
276 2553 367 2622 οἷς
411 2558 647 2630 ἄσκησις
675 2562 708 2630 ἡ
756 2559 1025 2613 πολιτεία·
1066 2560 1213 2630 ἠθῶν
1264 2561 1373 2631 γὰρ
1414 2559 1482 2613 δι’
1512 2553 1588 2613 ὧν
1619 2560 1684 2612 ἄν
1716 2577 1802 2623 τις

215 2651 640 2724 οὖρανοπολίτης
663 2652 893 2721 γένοιτο,
921 2654 1038 2707 ἐστὶ
1064 2652 1389 2716 διδάσκαλος
1420 2655 1517 2706 καὶ
1544 2653 1592 2684 ⁷⁰
1621 2669 1800 2721 γεωρ-

216 2744 324 2809 γὸς,
355 2742 597 2813 μάλιστα
631 2743 688 2797 δὲ
719 2747 821 2816 τῆς
847 2745 1068 2816 ἀγάπης
1098 2744 1194 2797 καὶ
1218 2743 1317 2816 τὴν
1342 2741 1546 2812 γνῶσιν
1578 2742 1675 2797 καὶ
1702 2742 1802 2813 τὴν

218 2833 487 2905 ἐργασίαν
509 2833 713 2900 πολλὰς
749 2835 1025 2890 ἐνδίδωσιν
1055 2834 1302 2889 ἐπελθεῖν
1330 2834 1605 2906 ἀφορμάς.

280 3101 659 3155 Συνετὴακτο
683 3101 742 3155 δὲ
771 3101 867 3155 καὶ
908 3100 1074 3171 ἑτέρα
1101 3101 1477 3172 πραγματεία,
1525 3099 1605 3165 είς
1634 3107 1681 3153 υ¹
1712 3117 1805 3153 κε-

220 3195 428 3264 φάλαια
491 3194 874 3265 πληθυνομένη
898 3233 914 3257 ,
962 3195 997 3265 ἢ
1029 3194 1126 3248 καὶ
1165 3192 1629 3265 προσεπεφὼνητο
1682 3194 1802 3246 Ἐλ-

221 3253 379 3358 πιδίῳ
408 3286 541 3351 τινὶ,
575 3253 813 3357 δσιότητι
838 3253 1274 3357 διαθωσιωμὲνιρ.
1308 3253 1611 3349 Καὶάὒτδς
1649 3286 1748 3356 μὲν
1778 3288 1807 3340 6
1831 3253 1875 3313 ο

224 3380 582 3449 συγγραιρεὺς
622 3378 764 3447 Περὶ
812 3377 1050 3448 ἀγάπης
1105 3378 1198 3432 τὸν
1257 3379 1421 3432 πόνον
1478 3380 1801 3448 ἐπιγράφει,

224 3470 353 3535 ἴσως
392 3472 478 3525 ὅτι
510 3470 714 3543 ταύτην
740 3488 801 3524 τε
842 3471 1017 3542 ἀρχὴν
1051 3470 1130 3541 τῷ
1165 3471 1460 3541 γράμματι
1503 3472 1807 3527 ὑποδάλλε-

224 3579 345 3627 ται,
384 3563 487 3618 καὶ
530 3562 763 3633 ἀλλαχοῦ
805 3563 1067 3627 πολλάκις
1099 3565 1227 3634 περὶ
1266 3563 1438 3634 αὐτῆς
1468 3562 1808 3617 καταϐάλλε-

226 3672 309 3709 ται
335 3654 520 3724 λόγον·
568 3654 629 3708 οὐ
672 3654 778 3726 μὴν
806 3652 942 3707 ἀλλὰ
970 3654 1077 3724 γὰρ
1109 3655 1203 3706 καὶ
1230 3653 1447 3707 πολλῶν
1479 3652 1805 3724 προϐλημά-

225 3761 328 3799 των
372 3762 433 3798 τε
479 3748 576 3797 καὶ
625 3744 1000 3815 θεωρημάτων
1044 3738 1151 3814 (οἷς
1185 3742 1435 3811 θεολογία
1483 3742 1808 3814 κρατύνεται

228 3837 317 3888 καὶ
344 3837 383 3889 ἃ
408 3836 556 3889 ὅσιον
595 3834 687 3889 τὸν
717 3834 829 3905 βίον
850 3835 945 3888 καὶ⁵
972 3833 1213 3905 καθαρὸν
1238 3834 1414 3905 ποιεῖ)
1450 3832 1637 3904 ἱκανὴν
1661 3832 1810 3886 ἐστιν

230 3929 283 3981 ὲν
305 3930 492 3991 αὐτοῖς
513 3930 627 3992 τοῖς
649 3926 948 3996 φιλοπόνως
970 3926 1109 3980 αὐτὰ
1134 3924 1380 3997 μετιοῦσι
1406 3926 1809 3998 καρπώσασθαι

229 4023 326 4091 τὴν
350 4020 641 4089 ὠφέλειαν.

297 4113 412 4168 Καὶ
439 4113 503 4165 τὸ
534 4108 674 4175 εἶδος
700 4111 848 4183 αὐτῷ
873 4111 967 4165 τοῦ
989 4109 1148 4179 λόγου
1174 4110 1255 4174 εἰς
1281 4111 1345 4164 τδ
1387 4109 1583 4164 λευκόν
1608 4126 1668 4163 τε
1714 4109 1810 4163 καὶ

232 4206 500 4277 ἔντορνον,
543 4205 688 4276 ηπρ
729 4205 778 4257 οί
823 4204 1009 4269 ἄλλοι,
1050 4201 1405 4256 διατυποῦται
1430 4201 1498 4265 ⁷³,
1535 4201 1630 4255 καὶ
1659 4201 1811 4254 οὐδὲν

230 4299 461 4369 παρέχει
504 4296 535 4350 ὃ
560 4298 627 4351 ἄν
670 4314 753 4361 τις
791 4296 1130 4369 διερευνήσοι
1156 4296 1202 4327 ⁷³
1253 4293 1641 4365 μωμήσασθαι,
1671 4292 1819 4364 πλὴν

231 4390 303 4450 ὡς
328 4388 377 4421 ’³
418 4386 535 4441 ἐσθ’
577 4387 686 4458 ὅπη
731 4386 830 4459 τὴν
870 4385 1129 4457 Ἀττικὴν
1173 4384 1271 4455 τῆς
1306 4383 1473 4455 ἄλλης
1517 4382 1701 4453 φωνῆς
1746 4382 1809 4436 οὐ

230 4480 539 4553 προκρίνει.

933 4591 1091 4659 PLA'.

241 4700 350 4767 Τοῦ
394 4702 582 4756 αὐτοῦ
610 4701 760 4770 πρὸς
782 4700 1083 4770 Γεώρτιον
1129 4702 1397 4768 ἔπαρχον
1419 4698 1769 4770 λἘπιστολή
1791 4715 1808 4732 ο

304 4771 405 4823 καὶ
447 4773 615 4841 λόγοι
634 4767 717 4837 ,E',
738 4767 820 4824 ίέν
848 4767 1312 4841 οῖῇθεολογιάιὰ
1336 4767 1436 4823 καὶ
1477 4769 1679 4825 Ἠθικά
1712 4787 1805 4823 κει

303 4841 533 4911 φάλαια
554 4848 631 4909 σθ,
654 4842 754 4895 καὶ
770 4842 1120 4896 Ἐπιστολαὶ
1146 4841 1212 4895 ε’.

311 4935 433 4988 Ἐτι
457 4932 775 5005 ἀνεγνώσθη
801 4932 849 4965 ⁷³
896 4932 992 4986 τοῦ
1020 4930 1187 4985 αὑτοῦ
1236 4929 1396 5000 ἁγίου
1430 4930 1618 5002 ἀνδρὸς
1648 4930 1804 4999 Πρὸς

242 5028 535 5099 Γεώργιον
550 5024 1176 5096 ἔπαρχον-Ἐπιστολὴ,
1196 5022 1398 5093 πολλῆς
1420 5022 1690 5093 ὠφελείας
1714 5024 1810 5076 καὶ

245 5120 587 5185 κατανύξεως
614 5118 881 5189 γέμουσασ
915 5116 1009 5170 καὶ⁵
1032 5116 1094 5168 τὸ
1126 5114 1228 5185 τῆς
1258 5116 1512 5185 φράσεως
1536 5117 1704 5185 αὐτῆς
1731 5116 1812 5177 εἰς

245 5217 305 5268 τὸ
326 5214 493 5283 σαφές
514 5229 574 5266 τε
598 5211 697 5265 καὶ
728 5210 917 5282 ἠθικὸν
954 5208 1365 5279 άνεπτυγμὲνον
1392 5207 1527 5279 πρὸς
1550 5207 1619 5260 τά
1644 5214 1691 5259 υ¹
1719 5222 1813 5259 κε-

1831 4611 1886 4672 D

1887 612 2102 682 bytcro,
2146 621 2202 666 et
2246 612 2365 666 dua:
2421 612 2489 666 ad
2534 609 2794 667 Joannem
2843 613 3173 682 episcopum.
3224 611 3464 669 Rursum

1886 699 2080 756 Joanui
2109 701 2469 767 cubiculario,
2496 702 2563 757 de
2614 717 2701 767 eo,
2741 702 2831 771 qui
2861 703 3156 758 secundum
3187 703 3352 757 Deum
3379 710 3467 759 est

1888 792 2121 858 dolore;
2150 803 2205 848 et
2250 793 2609 849 Constantino
2641 793 2842 849 Illustri
2887 810 2951 851 ac
2991 795 3279 851 sacellario
3320 796 3463 853 duce.

1888 884 2084 939 Abbati
2141 899 2357 955 quoque
2412 884 2770 957 Polycbronio
2820 896 2952 952 tres,
2979 896 3035 943 et
3073 888 3139 942 ad
3194 886 3467 944 J'ulianutn

1889 975 2341 1042 Alexandrinum,
2376 978 2443 1031 ah
2471 977 2869 1047 Acephalorum
2890 978 3081 1032 haeresi
3108 994 3459 1044 conversum,

1890 1068 2126 1139 epistola
2159 1084 2289 1134 una,
2340 1068 2622 1139 alteraque
2675 1067 2899 1137 Georgii
2934 1070 3051 1141 (t2)
3086 1069 3284 1125 Africa:
3325 1086 3469 1142 prae-

1890 1157 2017 1213 fecti
2057 1160 2277 1214 nomine
2305 1159 2373 1215 ad
2394 1159 2687 1215 monachas
2711 1162 3217 1215 excommunicatas
3234 1162 3473 1216 Alexan-

1891 1250 2046 1308 drize.
2088 1248 2145 1304 In
2176 1251 2260 1307 his
2291 1250 2545 1306 omnibus
2586 1250 2775 1320 viginti
2818 1261 3024 1320 septem
3050 1253 3316 1321 epistolis,
3344 1269 3469 1309 cum

1892 1340 1996 1394 alia
2051 1340 2291 1412 ejusdem
2324 1343 2535 1397 dicendi
2571 1341 2743 1397 forma
2790 1354 2845 1397 et
2882 1343 3056 1411 pietas
3111 1344 3459 1414 potissimum

1891 1432 2083 1499 enitet,
2120 1441 2232 1488 tum
2261 1435 2565 1489 obscuritas
2580 1434 2734 1506 (euge
2760 1434 2956 1499 virum,
2985 1434 3075 1504 qui
3105 1434 3211 1489 hac
3238 1436 3290 1489 in
3316 1447 3471 1506 parte

1893 1525 2081 1580 saltem
2112 1527 2352 1596 epistolae
2373 1526 2513 1582 colat
2536 1526 2682 1596 leges
2699 1534 2859 1596 atque
2887 1526 3162 1596 observet)
3197 1544 3468 1598 nusquam

1897 1628 2100 1675 temere
2132 1621 2375 1675 adhibita
2428 1620 2550 1674 fuit.
2613 1620 2807 1689 Liquet
2861 1635 2991 1675 vero
3055 1623 3323 1692 quaedam,
3354 1638 3474 1692 quas

1894 1713 2282 1768 obscuritatem
2327 1711 2628 1767 aﬂ'erebant
2659 1712 2797 1783 (45),
2827 1712 3029 1783 partim
3086 1714 3177 1769 hic
3217 1729 3339 1770 esse
3386 1729 3473 1770 re-

1888 1803 2054 1873 iecta,
2088 1807 2289 1876 partim
2326 1806 2613 1877 castigata.

2575 2009 2803 2067 CXCIII.

1900 2121 2156 2193 Ejusdem
2194 2123 2334 2178 beati
2367 2122 2590 2247 Magni
2612 2122 2779 2247 {iiber
2818 2125 3096 2191 asceticus,
3138 2133 3187 2178 et
3228 2125 3480 2181 centuria

2543 2209 2569 2247 e
2597 2213 2612 2247 ι
2637 2211 2653 2247 ι
2676 2207 2895 2247 εοηοηρ.

2543 2209 2569 2247 ϐ
2597 2207 2895 2249 ιιιιεοιιοηρ.

1972 2285 2277 2357 Legebatur
2310 2285 2476 2343 etiam
2532 2286 2774 2353 ejusdem
2823 2286 2999 2343 sancti
3050 2285 3272 2342 Maximi
3321 2287 3481 2342 Liber

1901 2380 2181 2445 asceticus,
2236 2394 2335 2449 per
2406 2379 2891 2450 interrogationem
2956 2380 3479 2451 responsionemque

1902 2468 2294 2526 conformatus.
2358 2468 2523 2527 Utilis
2567 2484 2699 2525 sane
2752 2472 3040 2537 omnibus,
3077 2479 3189 2525 tum
3235 2483 3365 2524 vero
3414 2469 3485 2525 iis

1905 2562 2161 2627 maxime,
2186 2561 2280 2633 qui
2315 2562 2536 2632 pietatis
2562 2562 2744 2617 studio
2768 2561 3008 2616 deditam
3051 2562 3258 2616 ducunt
3291 2561 3481 2617 vitam.

1903 2649 2103 2705 Eorum
2134 2654 2279 2706 enim
2308 2666 2516 2707 morum
2549 2650 2807 2720 magister
2840 2659 2925 2705 est
2974 2659 3033 2706 et
3073 2650 3270 2717 cultor,
3286 2652 3484 2721 quibus

1906 2741 2027 2797 cmli
2059 2742 2194 2798 civis
2222 2742 2343 2814 quis
2374 2743 2604 2797 evadat:
2631 2742 2980 2811 maximeque
3012 2742 3318 2806 charitatis,
3355 2757 3485 2814 par-

1904 2831 2001 2885 tim
2032 2831 2301 2899 notitiam,
2349 2832 2544 2902 partim
2593 2833 3041 2887 exercitationem
3088 2834 3482 2904 consequendi,

1910 2921 2122 2977 variam
2158 2938 2291 2979 sane
2314 2923 2776 2995 opportunitatem
2810 2925 3034 2994 praebet.

1976 3102 2104 3159 Erat
2138 3103 2193 3158 in
2225 3106 2413 3159 eodem
2468 3102 2739 3159 volumine
2772 3102 2882 3175 (44)
2939 3118 3078 3174 opus
3120 3103 3486 3173 quadringen-

1908 3203 2087 3251 torum
2123 3195 2387 3264 capitum,
2413 3194 2628 3265 Elpidio
2651 3194 2863 3249 cuidam
2890 3194 3196 3248 sanctitatis
3242 3194 3487 3249 studioso

1912 3288 2250 3357 inscriptum,
2305 3287 2390 3341 cui
2450 3287 2662 3342 titulum
2723 3288 2953 3356 ipsemet
3004 3285 3198 3356 158a
3252 3286 3487 3355 scriptor

1910 3375 2103 3430 indidit
2134 3374 2213 3429 De
2238 3376 2529 3440 cltaritate,
2582 3376 2785 3431 idcirco
2844 3372 3100 3439 fortasse,
3166 3376 3310 3445 quod
3364 3376 3489 3431 inde

1908 3468 2193 3523 exordium
2244 3470 2561 3538 sumpserit,
2589 3478 2643 3524 et
2677 3468 2810 3523 alibi
2843 3469 3161 3539 frequenter
3196 3467 3265 3523 de
3295 3470 3486 3523 eadem

1909 3562 2164 3618 disserat.
2194 3563 2516 3633 Quanquam
2554 3573 2610 3618 et
2635 3578 2665 3618 e
2693 3563 2875 3618 multis
2903 3562 3101 3620 ibidem
3131 3562 3486 3631 problematis

1909 3672 1975 3712 ac
2020 3657 2374 3712 theorematis
2425 3657 2655 3727 (quibus
2697 3670 2820 3710 cum
2876 3655 3148 3726 theologia
3214 3654 3482 3719 ﬁrmatur,

1911 3758 2023 3803 tum
2053 3748 2296 3804 sanctior
2354 3763 2419 3803 ac
2451 3748 2643 3819 purior
2665 3749 2902 3803 hominis
2958 3748 3069 3801 vita
3098 3746 3362 3816 redditur)
3393 3760 3487 3801 co-

1909 3842 2121 3913 piosum
2170 3855 2301 3896 sane
2339 3839 2601 3909 colligere
2642 3839 2881 3897 fructum
2913 3848 3116 3910 queant
3163 3839 3199 3896 ii
3234 3838 3329 3910 qui
3369 3839 3484 3896 hinc

1910 3934 2198 4005 diligenter
2221 3932 2531 4005 perlegam.

1985 4102 2248 4158 Dictionis
2298 4118 2473 4172 genus
2528 4101 2818 4158 candidum
2880 4117 2991 4170 prae
3036 4101 3254 4157 caeteris
3309 4110 3478 4172 atque

1911 4204 2183 4251 tornatum
2214 4195 2303 4250 hic
2350 4195 2692 4249 instituitur:
2726 4208 2826 4248 nec
2850 4194 3145 4264 quidquam
3192 4194 3263 4249 ibi
3299 4195 3482 4258 aﬂert,

1908 4287 2052 4357 quod
2084 4287 2515 4358 reprehendendi
2544 4302 2709 4342 causa
2732 4287 2996 4357 quispiam
3016 4297 3275 4341 excutere
3290 4288 3483 4358 possit.

1909 4378 2148 4438 Tantum
2210 4381 2411 4438 alicubi
2453 4395 2620 4437 voces
2673 4380 2881 4435 Atticas
2932 4378 3145 4435 caeteris
3175 4394 3283 4435 non
3326 4391 3483 4434 aute-

1907 4474 2089 4544 ponit.

2582 4580 2815 4641 CXCIV.

1910 4701 2167 4781 Ejusdem
2188 4701 2326 4781 θεαιί
2359 4699 2591 4781 μαετίωὶ
2616 4699 2959 4781 Ερξξιοιαρά
2994 4696 3281 4781 Georgium
3328 4710 3489 4763 epar-

1972 4770 2657 4838 chum.—Theologicorum
2684 4770 3075 4838 Horatiumque
3102 4770 3337 4834 capitum
3366 4781 3489 4819 cen-

1970 4842 2146 4905 turiw,
2170 4840 2273 4894 sive
2299 4840 2423 4893 libri
2454 4855 2516 4905 ll,
2544 4839 2800 4905 Epistula:
2827 4854 2879 4892 v.

1982 4927 2147 4984 Lecta
2178 4936 2438 4998 praeterea
2470 4939 2556 4982 est
2594 4926 2849 4998 ejusdem
2900 4926 3075 4982 sancti
3099 4924 3205 4981 viri
3244 4923 3488 4994 Epistola

1917 5021 1987 5075 ad
2012 5016 2292 5090 Georgium
2323 5021 2513 5088 eparch
2526 5036 2638 5085 um,
2669 5019 2936 5089 perutilis,
2964 5032 3096 5073 sane
3141 5028 3197 5074 et
3225 5032 3488 5087 compun-

1920 5113 2120 5168 ctionis
2149 5113 2332 5183 plena.
2363 5111 2542 5167 Dictio
2575 5126 2703 5166 vero
2734 5110 2851 5178 eius
2883 5111 2939 5166 in
2966 5110 3411 5182 perspicuitatem
3435 5120 3491 5165 et

1926 5206 2204 5260 lenitatem
2226 5218 2548 5270 excurrens,
2578 5202 2799 5260 minime
2828 5203 3068 5274 spuriam
3097 5217 3220 5259 sese
3253 5201 3491 5259 retinere

1502 5342 1739 5401 VARIiE
1765 5342 2170 5402 LEC'I‘IONES.

318 5446 361 5476 "
389 5453 513 5499 ante
548 5440 886 5511 Ἀνεγνώσθη
948 5456 1070 5496 cum
1118 5440 1164 5494 A
1205 5439 1361 5494 omisi
1424 5437 1563 5491 Ἔτι,
1642 5441 1689 5472 ⁸⁸
1727 5438 1895 5493 αὐτοῦ
1958 5455 2065 5494 om.
2121 5444 2186 5496 A.
2283 5441 2330 5474 "
2356 5438 2561 5510 ἀπόκρ.
2591 5437 2686 5491 καὶ
2715 5437 2879 5507 χρήσ.
2914 5453 2975 5501 ς.
3052 5437 3097 5467 ⁷⁸

330 5513 1047 5578 διατυποῦνται-παρέχοι
1081 5513 1146 5564 Α.
1224 5510 1271 5541 ⁷³
1317 5510 1641 5578 διερευνήσῃ
1703 5527 1762 5573 ς.
1838 5509 1883 5539 ⁷³
1933 5510 2007 5574 ὡς
2056 5513 2177 5565 add.
2208 5512 2275 5565 A.
2352 5513 2398 5543 ⁷⁵
2424 5512 2545 5564 Ἔτι
2575 5505 2894 5578 ἀνεγνώσθη
2944 5520 3052 5561 om.
3085 5508 3128 5560 A

253 5515 294 5547 ’³
330 5510 707 5569 διατυποῦνται
735 5510 1047 5581 -παρέχοι
1081 5513 1146 5564 Α.
1224 5510 1271 5541 ⁷³
1317 5510 1641 5579 διερευνήσῃ
1703 5527 1762 5573 ς’.

2283 5441 2330 5474 ⁸³
2356 5438 2561 5510 ἀπόκρ.
2591 5437 2686 5491 καὶ
2715 5436 2879 5510 χρήσ.
2914 5453 2975 5501 ς.
3052 5436 3110 5510 ὀ»
3133 5437 3227 5488 καὶ
3281 5448 3392 5489 om.
3420 5433 3489 5488 Λ.

1754 5646 1986 5706 NOTAE.

324 5769 428 5839 (5‘2)
460 5770 604 5824 Idem
643 5764 839 5839 alicubi
899 5761 1189 5839 Gregorius
1240 5762 1542 5839 appellatus
1591 5765 1809 5836 legitur.

325 5832 427 5912 (45)
448 5841 501 5893 In
533 5834 910 5893 cmturis'bcati
942 5832 1157 5888 Maximi
1190 5838 1421 5898 θερινῆς.

526 5936 805 5994 Parum"
847 5929 963 5990 Gtt.
992 5927 1174 5998 Cl)".

1991 5769 2099 5843 (Ml
2126 5769 2316 5827 Grazce
2337 5769 2467 5824 olim
2497 5778 2553 5824 et
2580 5766 2771 5826 Latine
2809 5769 2863 5827 in
2914 5767 3208 5825 Germania
3253 5766 3485 5823 editum.

3062 5924 3130 5983 21
