4038 6416
644 344 745 408 651

1789 348 2051 409 ΡΗΟΤΙΙ
2092 347 2595 407 PATRIARCII/E
2631 347 2738 407 ΟΡ.

3756 352 3846 416 652

650 473 776 513 cum
812 456 1224 529 quadringentis
1251 456 1353 511 illis
1383 458 1648 527 capitibus
1672 459 1828 528 quasi
1848 459 2214 531 cognationem

2328 457 2534 527 φάλαια
2560 457 2658 527 τὴν
2693 456 3013 524 συγγένειαν
3040 456 3324 512 ἀνόθευτον
3359 458 3622 512 δείκνυσιν
3652 461 3726 514 ὅτι
3751 462 3851 518 δια.

651 552 791 604 satis
816 550 1076 604 declarat.

713 641 770 695 lu
803 658 869 695 eo
922 642 1038 710 ipso
1086 640 1357 695 volumine
1406 641 1583 696 lentus
1635 642 1750 711 (45)
1806 643 1944 698 liber
1999 653 2219 695 centum

651 743 909 787 constans
940 733 1230 801 capitibus,
1267 741 1322 785 et
1358 732 1495 786 alter
1527 734 1653 785 item
1685 735 1905 787 totidem
1945 733 2219 802 capitibus

652 825 1025 889 absolutus,iu
1075 825 1272 893 quibus
1311 840 1413 878 non
1465 824 1639 879 solum
1691 825 1997 878 divinarum
2036 841 2217 878 rerum

650 918 880 973 scientia
930 917 1129 981 elucet,
1181 917 1274 969 sed
1332 918 1571 970 moribus
1620 932 1840 985 quoque
1890 918 2221 972 exornandis

648 1021 775 1080 apta
812 1010 1058 1065 doctrina
1092 1008 1330 1063 excellit.
1368 1010 1607 1075 Quorum
1644 1010 1860 1079 quidem
1892 1009 2033 1062 nulla
2080 1010 2222 1064 iure

647 1117 772 1155 cum
811 1102 1232 1172 quadringentis
1304 1101 1414 1155 illis
1472 1101 1743 1170 capitibus
1798 1101 1993 1155 similis
2034 1102 2221 1171 genius

648 1192 1063 1255 adulteraretur,
1089 1191 1133 1245 si
1162 1207 1264 1246 non
1296 1192 1585 1261 supposita:
1618 1192 1893 1260 plerisque
1921 1190 2212 1260 allegorite,

646 1284 825 1338 aiIiuia
856 1285 969 1339 hac
992 1284 1039 1338 ei
1078 1286 1281 1351 scripto
1312 1284 1711 1353 quodammodo
1745 1282 2038 1349 edicerent,
2071 1282 2215 1350 quod

648 1374 966 1441 diligentem
1003 1371 1149 1425 illam
1187 1372 1473 1425 dubiorum
1524 1386 1588 1425 ac
1625 1372 1956 1426 solutionum
1990 1385 2020 1425 e
2060 1385 2215 1424 sacra

650 1467 932 1533 Scriptura
999 1464 1435 1533 explanationem
1495 1463 1863 1533 persequitur,
1920 1462 2210 1517 Thalassio

646 1559 965 1629 presbytero
994 1572 1057 1611 ac
1089 1554 1341 1626 praefecto
1398 1556 1726 1609 dedicatum.
1761 1556 2082 1625 Quanquam
2111 1555 2211 1610 ho-

645 1664 765 1703 mm
798 1650 960 1703 etiam
1008 1648 1272 1702 librorum
1311 1663 1431 1701 cum
1491 1647 1598 1702 illis
1626 1648 1894 1716 capitibus
1933 1648 2212 1719 cognatio,

2328 566 2514 610 σωςει.

2408 634 2495 687 Ἐν
2522 634 2578 686 δὲ
2610 635 2685 704 τῷ
2711 635 2857 705 αὑτῷ
2887 636 3067 706 τεύχει
3098 639 3506 713 συνανεγνὼσθη
3533 641 3682 711 λόγος
3708 662 3851 715 item.

2322 726 2495 790 λαίοις
2522 734 2566 797 ρ’
2592 727 2972 798 διειλημμένος
2996 771 3010 794 ,
3040 730 3135 782 καὶ
3165 730 3349 801 ἕτερος
3387 733 3583 802 ὁμοίως
3609 739 3714 799 τοῖς
3739 738 3849 803 ἴσοις

2323 820 2769 890 ἁπηρτισμένος,
2822 824 2879 875 ὲν
2930 816 3012 884 οἷς
3058 822 3303 891 θεολογία
3348 841 3409 877 τε
3454 825 3733 895 διαλάμπει
3774 832 3851 883 καὶ

2324 912 2471 983 ἠθῶν
2494 914 2853 982 διακόσμησις
2897 914 3207 985 διαπρέπει.
3243 918 3349 969 Καὶ
3380 917 3479 970 οὑκ
3510 918 3574 971 ἂν
3616 920 3668 972 ἐν
3701 920 3851 974 οὑόενὶ

2323 1005 2382 1058 τὸ
2408 1005 2647 1074 όμοςρυὲς
2686 1007 2870 1070 αὑτοῖς
2897 1007 3032 1079 πρὸς
3055 1006 3123 1059 τὰ
3147 1014 3189 1059 υ¹
3220 1007 3489 1075 κεφάλαια
3516 1009 3786 1072 ὲνοθεὺετο,
3811 1013 3850 1063 εί

2325 1096 2402 1167 μὴ
2446 1099 2507 1151 τὸ
2556 1098 2915 1169 άλληγορικὸν
2963 1101 3021 1151 ἐν
3064 1098 3278 1162 πολλοῖς
3316 1100 3735 1170 ὑποϐαλλόμενον
3772 1104 3850 1154 καὶ

2321 1188 2569 1257 δμόφυλά
2616 1208 2735 1253 πως
2785 1190 2922 1244 αὑτά
2982 1189 3339 1259 παραστῆσαν
3378 1191 3421 1221 ⁷⁵
3467 1193 3533 1262 τῇ
3599 1192 3848 1257 συντάξει,

2326 1277 2453 1351 [508
2481 1278 2574 1351 IL]
2621 1280 2742 1350 ἥτις
2779 1280 3069 1350 Γραφικῶν
3096 1282 3139 1312 ⁷⁸
3164 1282 3533 1351 ἅπορημάτων
3559 1284 3649 1335 καὶ
3675 1282 3851 1336 λύσεων

2324 1368 2537 1422 ἔκθεσιν
2584 1368 2877 1433 σπουδάζει
2918 1370 3013 1423 καὶ
3060 1370 3349 1441 Θαλασσίῳ
3388 1372 3505 1424 ἐστὶ
3533 1372 3850 1443 πρεσϐυτέρῳ

2322 1462 2417 1516 καὶ
2448 1463 2735 1533 ἡγουμένῳ
2778 1464 3291 1535 προσπεφωνημένη
3316 1504 3331 1529 ,
3367 1464 3428 1517 τὸ
3472 1464 3603 1535 πρὸς
3637 1465 3789 1518 ταῦτα
3815 1466 3849 1497 ⁷⁷

2322 1555 2581 1622 συγγενὲς
2622 1554 2711 1609 διὰ
2747 1556 2846 1625 τῆς
2895 1557 3031 1627 πρὸς
3069 1557 3286 1627 ἐκείνην
3334 1555 3654 1619 οίκειώσεως
3678 1557 3849 1610 ὑποϐο-

2320 1646 2536 1717 λιμαῖον
2563 1646 2607 1678 ’⁷⁸
2638 1643 2779 1701 εἶναι
2806 1648 3099 1718 λογισμοὺς
3130 1648 3499 1721 άναρῤιπίζει.

644 1760 741 1815 per
799 1744 1112 1798 aliinitatem
1168 1758 1291 1797 cum
1384 1743 1488 1798 hoc
1550 1743 1755 1813 scripto
1838 1742 2234 1816 [conﬁrmata],
2305 1759 2498 1799 omnes
2548 1744 2774 1815 repellat
2851 1760 3044 1801 causas
3133 1744 3491 1817 [suspicandi]
3551 1744 3847 1813 suppositum

642 1854 765 1895 eum
792 1852 910 1892 esse
939 1836 1126 1890 fetum.

713 1930 770 1986 In
788 1932 975 1987 eodem
996 1930 1158 1985 simul
1181 1929 1780 1998 volumiuelegcbantur
1795 1932 1959 1986 varia;
1974 1932 2215 2002 ejusdem
2247 1937 2294 1997 Β

636 2024 934 2092 Ερὶειοίωε
968 2036 1198 2092 quarum
1222 2022 1393 2091 prima
1422 2022 1487 2074 ad
1507 2020 1728 2076 Petrum
1756 2020 2049 2079 illustrem.
2085 2024 2214 2092 Ejus

644 2116 835 2171 titulus
865 2134 878 2170 :
914 2114 1104 2170 Oratio
1136 2115 1303 2168 brevis
1333 2114 1398 2167 de
1451 2116 1699 2184 mysterio
1739 2112 1940 2169 Christi
1977 2114 2213 2179 Domini,

643 2218 690 2261 et
722 2210 971 2260 adversus
1028 2203 1202 2260 Severi
1251 2205 1520 2275 dogmata.
1558 2203 1747 2272 Capita
1781 2206 1896 2260 hac
1943 2205 2082 2275 (46).
2142 2204 2218 2261 De

644 2314 873 2354 numero
905 2312 935 2352 e
962 2308 1156 2352 natura
1193 2298 1365 2367 magis
1415 2296 1581 2366 petita
1609 2298 1887 2352 tractatio.
1927 2296 2003 2351 De
2058 2295 2215 2352 dilic-

645 2391 820 2446 rentia
852 2399 905 2444 et
935 2389 1201 2459 qualitate
1236 2390 1565 2453 accuratius,
1598 2390 1773 2458 deque
1806 2389 1998 2443 borum
2023 2391 2216 2443 ortho-

643 2486 784 2537 doxa
812 2480 1169 2549 professione.
1194 2480 1303 2534 Pro
1325 2479 1660 2549 blasphemia
1674 2480 2004 2546 habendum,
2028 2482 2071 2535 si
2093 2481 2217 2550 quis

643 2576 718 2629 ita
747 2574 1069 2645 simpliciter
1089 2575 1235 2627 dicat
1290 2572 1565 2628 Christum
1602 2589 1763 2627 unam
1792 2590 1911 2630 esse
1938 2584 2212 2628 naturam.

643 2667 720 2719 De
751 2664 1052 2735 composita
1105 2674 1323 2730 natura,
1357 2667 1582 2735 ejusque
1618 2667 1867 2721 ratione:
1897 2676 1951 2720 et
1985 2666 2149 2735 impie
2185 2683 2213 2719 a

640 2759 965 2827 quibusdam
992 2758 1119 2824 dici,
1159 2757 1438 2812 Christum
1469 2775 1631 2813 unam
1680 2773 1804 2813 esse
1851 2760 2211 2828 compositam

644 2861 918 2906 naturam.
957 2849 1059 2915 Qui
1090 2849 1293 2903 dixerit
1326 2849 1602 2905 Christum
1639 2850 1808 2904 Deum
1840 2860 1893 2904 et
1933 2850 2211 2904 hominem

641 2952 767 3010 post
798 2942 1075 3007 unionem,
1132 2940 1177 2993 is
1211 2941 1371 2995 simul
1424 2958 1545 2996 cum
1576 2941 1709 3010 ipsis
1740 2942 2051 2997 nominibus
2082 2958 2213 2995 cou-

642 3034 825 3088 ﬁtetur
853 3044 1070 3087 naturas
1101 3034 1409 3088 necessario
1428 3044 1546 3102 post
1574 3034 1827 3089 unionem
1860 3049 2017 3101 esse;
2045 3044 2210 3098 recte,

641 3138 700 3178 ut
732 3135 975 3194 apparet,
1010 3134 1065 3178 et
1116 3135 1519 3193 consequenter
1555 3126 1621 3178 iis
1649 3141 1767 3193 qua:
1798 3126 1957 3188 dixit,
1986 3128 2213 3180 credere

638 3216 849 3271 volens.
885 3215 1074 3286 l58b
1144 3215 1218 3269 De
1277 3230 1407 3268 voce
1450 3216 1504 3269 in
1561 3214 1784 3271 duabus.
1847 3215 2015 3270 Recta
2075 3232 2210 3270 cun-

636 3306 808 3361 fessio
842 3310 1000 3361 unius
1027 3316 1237 3360 natura:
1268 3305 1428 3360 Verbi
1460 3321 1525 3359 ex
1550 3306 1770 3358 Patrum
1813 3309 2116 3370 sententia,
2154 3316 2210 3361 et
2234 3275 2278 3337 Ο

641 3397 865 3467 reiectio
896 3399 1054 3452 unius
1076 3398 1386 3466 compositae
1410 3407 1634 3451 naturze.
1670 3397 1743 3451 De
1764 3398 2034 3467 hypostasi
2060 3414 2210 3453 com-

637 3489 814 3559 pOsita
874 3487 1045 3557 magis
1117 3486 1381 3540 naturalis
1447 3487 1763 3555 disputatio.
1806 3486 2208 3542 Demonstratio

638 3581 803 3635 item:
838 3578 1024 3633 Nouiu
1049 3578 1233 3633 eadem
1264 3578 1507 3632 incidere
1525 3577 1787 3645 absurda,
1818 3579 1906 3647 qui
1930 3578 2204 3633 Christum

636 3686 759 3724 esse
796 3686 954 3723 unam
995 3671 1347 3739 compositam
1382 3670 1696 3741 hypostasin
1716 3671 2060 3737 conﬁtentur,
2085 3688 2204 3726 cum

637 3766 707 3820 iis
763 3765 852 3834 qui
893 3766 1064 3834 ipsum
1092 3780 1213 3819 esse
1245 3776 1501 3818 asserunt
1538 3781 1694 3818 uuam
1727 3766 2080 3833 compositam
2106 3781 2206 3817 na-

638 3869 837 3910 turam.
868 3856 971 3910 Per
1000 3855 1165 3909 solam
1191 3857 1619 3926 assumptiouetn
1650 3856 1847 3911 factam
1898 3871 2021 3911 esse
2052 3857 2200 3910 illaut

634 3950 932 4004 secundum
988 3964 1205 4003 carnem
1233 3950 1483 4004 unionem
1510 3947 1719 4021 [Verbi]
1772 3958 2029 4017 tanquam
2067 3964 2206 4019 pra:—

633 4042 946 4097 exsistentis
994 4051 1048 4095 et
1102 4040 1376 4095 voluntate
1438 4044 1689 4097 unionem
1716 4042 1831 4113 (47)
1881 4056 2003 4095 cum
2039 4055 2203 4095 carne

632 4133 935 4204 operantis.
969 4132 1092 4187 Hzrc
1127 4134 1192 4185 ad
1213 4132 1433 4187 Petrum
1462 4133 1754 4187 illustrem.

692 4224 872 4277 Altera
887 4223 1082 4278 deinde
1104 4224 1167 4276 ad
1183 4223 1436 4278 Cosmam
1461 4224 1749 4277 diaconum
1776 4223 2199 4277 Alexandrinum

632 4314 915 4380 scribitur,
949 4316 1023 4369 De
1052 4316 1322 4369 communi
1354 4326 1410 4369 et
1440 4316 1676 4384 proprio,
1702 4316 1822 4370 sive
1852 4315 1920 4368 de
1961 4314 2199 4369 essentia

632 4416 689 4461 et
720 4405 1092 4460 subsistentia.
1130 4402 1299 4473 Hujus
1321 4416 1481 4474 caput
1509 4406 1743 4474 primum
1780 4419 1810 4457 e
1836 4412 2027 4457 natura
2066 4418 2201 4471 prte-

631 4498 788 4566 cipua
820 4498 987 4567 petita
1031 4495 1281 4567 probatio
1315 4504 1398 4549 est
1428 4514 1443 4549 :
1510 4493 1651 4549 Nihil
1682 4493 1938 4548 videlicet
1994 4508 2190 4548 eorum

630 4602 749 4659 quae
780 4598 929 4653 sunt,
960 4590 1100 4644 idem
1136 4589 1297 4642 etiam
1324 4586 1620 4642 secundum
1656 4585 1952 4641 essentiam
1986 4595 2041 4641 et
2070 4585 2197 4640 sub-
2227 4618 2273 4674 ι)

628 4680 932 4734 sisteutiam
982 4695 1104 4734 cum
1132 4680 1303 4735 altero
1327 4694 1469 4745 esse,
1519 4688 1804 4747 prepterea
1851 4678 1992 4746 quod
2048 4677 2189 4732 idem

628 4784 967 4838 nequaquam
996 4770 1063 4824 sit
1089 4770 1326 4825 essentia
1352 4778 1515 4838 atque
1548 4766 1928 4835 subsistentia,
1968 4766 2108 4822 adeo
2132 4777 2195 4822 ut

627 4877 749 4931 qua:
799 4863 1033 4919 essentia
1093 4858 1282 4918 eadem
1337 4869 1484 4926 sunt,
1540 4859 1889 4916 subsistentia
1948 4858 2191 4930 [saltem]

2404 1934 2492 1986 Ἔν
2521 1932 2703 2003 ταυτῷ
2739 1932 2795 1985 δὲ
2826 1929 3345 1998 ωνανεγνώσθησαν
3389 1929 3482 1981 τοῦ
3526 1926 3683 1981 αὑτοῦ
3717 1924 3849 1979 Ἔπι-

2318 2022 2533 2077 στολαὶ
2556 2023 2822 2094 διάφοροι.
2869 2017 2969 2075 Ὧν
3002 2020 3195 2094 πρώτη
3229 2021 3329 2092 μὲν
3372 2020 3507 2090 πρδς
3535 2019 3728 2089 Πέτρον
3771 2017 3849 2070 Ἰλ-

2317 2112 2700 2190 λοὺστριον,ἦς
2732 2114 3012 2187 ἐπιγραφὴ
3032 2117 3077 2148 ’³
3112 2115 3233 2186 μὲν,
3265 2114 3401 2182 Περὶ
3443 2112 3544 2166 τοῦ
3573 2110 3713 2166 κατὰ
3741 2112 3850 2174 Χρι·

2317 2211 2470 2266 στὸν
2485 2211 2822 2279 μυστηρίου
2846 2210 3036 2279 Λόγος
3063 2208 3344 2277 ἐπίτομος
3365 2200 3625 2260 καὶκατὰ
3642 2202 3755 2275 [262
3773 2200 3846 2269 ii]

2317 2302 2435 2356 τῶν
2480 2301 2743 2370 Σεϐιξρου
2794 2301 3118 2370 δογμάτων,
3150 2299 3423 2369 κεφάλαια
3467 2296 3664 2350 δὲτάδε
3693 2311 3706 2325 ·
3736 2295 3847 2362 Περὶ

2316 2394 2551 2465 ἀριθμοῦ
2601 2394 2947 2464 φυσικωτέρα
2995 2393 3274 2463 διάληψις,
3330 2391 3459 2461 περὶ
3492 2388 3738 2457 διαφορᾶς
3772 2387 3847 2437 καὶ

2318 2488 2599 2557 ποιότητος
2653 2487 3042 2558 ἀκριϐέστερον
3105 2485 3200 2537 καὶ
3244 2484 3347 2554 τῆς
3402 2481 3576 2536 αὑτῶν
3626 2476 3845 2538 εὐσεϐοῦς

2315 2580 2623 2649 ὀμολογίας’
2668 2582 2748 2633 ὅτι
2796 2579 3114 2649 βλάσφημον
3156 2577 3216 2630 τὸ
3261 2578 3444 2645 λέγειν
3491 2576 3655 2636 οὑτως
3692 2570 3846 2630 ἁπλῶς

2315 2674 2403 2727 τὸν
2432 2674 2666 2745 Χριστὸν
2712 2673 2840 2744 μίαν
2885 2672 3064 2741 φύσιν·
3110 2671 3239 2742 περὶ
3271 2670 3525 2724 συνθέτου
3549 2668 3744 2735 φύσεως
3768 2662 3845 2714 καὶ

2314 2769 2408 2822 τοῦ
2451 2767 2570 2820 κατ’
2601 2766 2767 2836 αὑτὴν
2808 2764 2989 2832 λόγου,
3021 2764 3116 2817 καὶ
3144 2764 3218 2826 ὡς
3242 2762 3534 2817 ἀσεϐοῦσιν
3561 2761 3608 2813 οί
3635 2758 3846 2826 λέγοντες

2314 2862 2403 2913 τὸν
2435 2858 2668 2929 Χριστὸν
2695 2858 2823 2928 μίαν
2858 2856 3111 2909 σύνθετον
3133 2856 3178 2887 ⁸ο
3209 2856 3392 2923 φύσιν*
3424 2855 3504 2907 ὅτι
3536 2854 3563 2904 ό
3592 2850 3746 2917 λέγων
3772 2845 3845 2897 τὸν

2314 2953 2548 3023 Χριστὸν
2578 2951 2709 3004 Θεὸν
2752 2954 2845 3003 καὶ
2879 2950 3165 3020 ἄνθρωπον
3213 2944 3353 3017 μετὰ
3412 2947 3508 3017 τὴν
3536 2946 3715 2997 ἕνωσιν
3743 2956 3845 2991 συν-

2318 3044 2570 3112 ομολογεῖ
2599 3045 2709 3105 τοῖς
2733 3042 2958 3110 ὀνόμασι
2982 3042 3079 3103 τὰς
3124 3040 3315 3109 φύσεις
3358 3040 3417 3105 ἐξ
3460 3038 3693 3104 ἀνάγκης
3728 3031 3842 3102 μετᾶ

2312 3135 2409 3205 τὴν
2438 3135 2652 3193 ἕνωσιν.
2686 3134 2861 3205 ὀρθῶς
2889 3133 3131 3203 δηλονότι
3162 3134 3255 3185 καὶ
3280 3131 3585 3191 ἀκολούθως
3619 3121 3692 3188 οἷς
3719 3125 3840 3189 λέγει

2313 3222 2591 3276 πιστεύειν
2624 3223 2916 3293 ᾑρημένος·
2952 3224 3081 3294 περὶ
3102 3222 3202 3292 τῆς
3226 3223 3296 3276 ἐν
3325 3223 3434 3275 δύο
3463 3217 3710 3289 (punian
3736 3213 3841 3280 περὶ

2310 3314 2408 3384 τῆς
2437 3315 2563 3384 μιᾶς
2585 3313 2678 3367 τοῦ
2706 3314 2865 3382 λόγου
2894 3312 3105 3381 φύσεως
3129 3312 3358 3382 εὑσεϐὴς
3381 3312 3426 3343 ⁸³
3454 3306 3699 3379 ὁμολογία
3724 3300 3839 3357 κατὰ

2309 3407 2435 3469 τοὺς
2464 3406 2711 3475 Πατέρας
2738 3445 2751 3468 ,
2783 3407 2876 3459 καὶ
2914 3406 3166 3474 ἀθέτησις
3202 3405 3301 3474 τῆς
3343 3406 3471 3477 μιᾶς
3500 3400 3736 3455 συνθέτου
3759 3396 3839 3463 φύν

2311 3515 2469 3561 σεωςο
2507 3499 2637 3568 περὶ
2670 3498 3022 3559 ὑποστάσεως
3069 3496 3324 3550 συνθέτου
3373 3490 3706 3564 φυσικωτέρα
3742 3486 3837 3538 διά-

2307 3590 2468 3660 ληψις
2491 3632 2507 3656 ,
2564 3590 2660 3643 καὶ
2698 3589 2973 3656 ἀπόδειξις
3014 3589 3088 3652 ὡς
3138 3588 3261 3660 οὐχὶ
3293 3591 3409 3651 τοῖς
3444 3586 3618 3646 αὐτοῖς
3652 3580 3836 3635 ἀτόποις

2307 3683 2728 3753 περιπίπτουσιν
2770 3683 2819 3734 οἱ
2871 3681 3001 3751 μίαν
3044 3680 3300 3734 σύνθετον
3357 3680 3642 3734 ὑπόστασιν
3673 3671 3835 3740 ὁμολο-

2307 3771 2526 3839 γοῦντες
2545 3771 2634 3824 τὸν
2660 3769 2891 3841 Χριστὸν
2914 3772 3023 3832 τοῖς
3049 3769 3177 3839 μίαν
3201 3770 3365 3824 αὑτὸν
3389 3769 3631 3822 σύνθετον
3652 3763 3834 3827 λέγουσι

2307 3862 2489 3933 φύσιν
2523 3863 2565 3916 θ’
2600 3862 2893 3931 κεφάλαιον
2921 3862 2966 3892 ⁸³
2998 3863 3079 3915 ὃτι
3113 3862 3255 3916 κατὰ
3296 3862 3595 3933 πρόσληψιν
3633 3855 3779 3925 μόνην
3797 3849 3835 3880 ⁸⁵

2304 3956 2336 4022 ἡ
2374 3952 2510 4022 πρὸς
2535 3952 2634 4022 τὴν
2661 3953 2838 4023 σάρκα
2863 3952 3084 4021 γέγονεν
3108 3952 3300 4015 ἓνωσις
3322 3996 3337 4017 ,
3366 3953 3441 4015 ὼς
3472 3946 3729 4021 προόντοῆ
3759 3939 3834 3994 καὶ

2306 4044 2570 4114 θελήματι
2593 4044 2689 4115 τὴν
2710 4045 2846 4116 πρὸς
2863 4045 2909 4077 ⁸⁸
2928 4045 3106 4115 σάρκα
3130 4043 3568 4116 διαπραξαμένου
3588 4039 3761 4093 ἕνωσιν
3778 4031 3831 4081 “-

2317 4136 2457 4187 Ἀλλ’
2492 4138 2525 4205 ὴ
2560 4136 2657 4205 μὲν
2689 4137 2825 4205 πρὸς
2860 4136 3067 4206 Πέτρον
3108 4136 3485 4209 ’ῐλλοὺστριον.

2387 4222 2578 4296 Ἑτέρα
2624 4224 2680 4277 δὲ
2714 4225 2851 4293 πρὸς
2896 4226 3125 4296 Κοσμᾶν
3171 4226 3421 4279 διάκονον
3470 4210 3830 4286 Ἀλεξανδρείας

2302 4312 2432 4379 περὶ
2457 4309 2636 4363 κοινοῦ
2674 4314 2769 4365 καὶ
2804 4313 2957 4379 ἰδίου,
2990 4314 3267 4367 τουτέστιν
3297 4315 3486 4376 οὑσίας
3512 4311 3602 4365 καὶ
3632 4299 3830 4359 ὑποστά-

2304 4420 2461 4465 σεως.
2501 4397 2609 4467 ’Ἦς
2652 4405 2949 4472 κεφάλαιον
2972 4406 3017 4437 ⁸⁷
3054 4408 3365 4478 κατασκευὴ
3406 4397 3729 4473 φυσικωτέρα
3768 4390 3828 4449 ὡς

2300 4495 2451 4547 οὐδὲν
2482 4495 2591 4548 τῶν
2622 4496 2792 4549 ὅντων
2825 4497 2996 4569 ἑτέρῳ
3027 4498 3134 4552 τινὶ
3166 4500 3365 4553 ταυτόν
3392 4501 3505 4552 ἐστι
3536 4492 3649 4549 κατ’
3672 4483 3827 4541 οὗσίαν

2301 4588 2397 4639 καὶ
2428 4586 2745 4654 ὑπόστασιν,
2787 4588 2875 4641 διὰ
2924 4591 2986 4641 τὸ
3023 4590 3097 4661 μὴ
3140 4591 3338 4644 ταυτὸν
3387 4587 3521 4643 εἶναι
3554 4580 3721 4638 οὐσίαν
3750 4569 3825 4625 καὶ

2301 4678 2620 4743 ὑπόστασιν.
2650 4681 2786 4735 ἀλλὰ
2809 4682 2878 4735 τὰ
2914 4682 3012 4753 μὲν
3034 4684 3156 4735 κατ’
3184 4684 3373 4737 οὑσίαν
3400 4678 3566 4736 ταυτά
3592 4673 3698 4734 ταῖς
3725 4668 3827 4753 iam;

2303 4771 2556 4827 στάσεσιν
2587 4773 2771 4845 ἕτερα,
2807 4774 2842 4829 ἃ
2871 4775 2927 4849 δὲ
2958 4777 3131 4830 ταυτὰ
3168 4776 3289 4830 καθ’
3314 4777 3359 4809 ⁸⁸
3394 4774 3692 4829 ὑπόστασιν.
3726 4751 3825 4849 κη’

2303 4863 2492 4919 οὐσίαν
2529 4867 2624 4919 καὶ
2667 4868 2829 4936 φύσιν
2874 4867 3128 4941 διάφορα.
3164 4869 3426 4941 Δεύτερον
3458 4868 3537 4920 ὅτι
3575 4861 3602 4913 ό
3627 4847 3823 4925 Χριστὸς

1886 4993 2121 5049 VARLE
2184 4994 2477 5054 LECTION
2484 4999 2583 5055 ES.

697 5116 744 5149 ⁷⁸
775 5114 1133 5186 παραστήσας
1184 5112 1231 5165 Α
1286 5128 1302 5165 :
1346 5110 1701 5186 παραστήσας
1747 5104 1815 5179 ἦν
1843 5128 1928 5186 ις.

627 5190 676 5222 η
714 5179 1147 5257 ὑπερϐολιμαῶν-
1172 5199 1268 5257 Ag.
1348 5179 1491 5257 "f5
1589 5179 1871 5257 ἐπιγραφὴ
1920 5198 1980 5243 ς.

626 5261 673 5291 ea
696 5258 739 5310 θο
769 5249 1061 5326 κέφάλαὶον
1084 5252 1207 5326 add.
1244 5252 1324 5326 Α..-
1384 5249 1430 5281 ⁸⁸

626 5268 673 5291 ’³
696 5268 739 5310 θ’
769 5268 1061 5326 κεφάλαιον
1084 5268 1207 5305 and.
1244 5268 1309 5305 Α.
1384 5268 1430 5281 ’ν

626 5329 748 5383 libri
762 5328 998 5400 ,κένωσιν
1096 5322 1140 5353 ⁸⁷
1166 5268 1495 5392 κεφάλαιονῖι

2039 5111 2085 5182 ’ἦ
2113 5106 2500 5182 συγγραφικῶν
2530 5118 2595 5170 Α.

2068 5181 2114 5212 ⁸⁸
2155 5181 2407 5237 σύνθετον

1500 5248 1648 5330 ὁνην]
1685 5248 2080 5330 μόνηιέθτθξιρ,
2123 5252 2225 5305 157
2442 5248 2487 5288 ⁸⁵
2523 5248 2658 5329 πρὸς
2683 5258 2780 5330 τὴν
2804 5248 2887 5316 Α’;
2920 5248 3062 5312 κατὰ
3084 5277 3143 5324 ς.

1529 5318 1663 5373 adde
1686 5318 1755 5373 α’.
1809 5318 1874 5349 ’³⁸
1897 5318 2092 5373 καθ’ίΛ
2118 5340 2131 5375 :
2168 5325 2306 5376 κατά
2334 5326 2432 5395 τὴν
2450 5345 2511 5391 ς’.

2688 5118 2731 5151 ⁷⁷
2773 5136 2974 5189 προσπ.
3036 5120 3130 5172 καὶ
3183 5121 3244 5172 τὸ
3292 5119 3425 5190 πρὸς
3475 5108 3639 5195 ταῦτα
3678 5099 3725 5180 δὲ
3766 5108 3814 5156 ς’

2767 5190 2810 5213 ιι·
2846 5191 3025 5213 --μ--ε-
3061 5190 3149 5213 --.Α
3189 5190 3311 5213 ---ι
3350 5192 3371 5213 Δ
3478 5185 3521 5213 n
3539 5163 3813 5213 “memmi.

2471 5188 2599 5254 μίαν
2632 5206 2690 5253 ς.
2767 5171 3154 5258 “opiﬁcem!
3187 5171 3420 5257 περὶἉί
3478 5171 3813 5259 ⁸¹εὑσε6ὦςθς

2471 5259 2487 5287 ⁵
2523 5259 2657 5317 πρὸς
2683 5258 2780 5317 τὴν
2804 5259 2849 5313 Α
2876 5282 2887 5316 :
2920 5259 3062 5312 κατὰ
3084 5277 3143 5317 ς.
3240 5260 3286 5291 ⁸⁸
3320 5261 3506 5317 ἓνωσις
3556 5246 3810 5302 δειλοιωδ·

2155 5437 2387 5495 ΝΟΤᾹΞ.

695 5552 807 5625 (45)
832 5551 1005 5620 Hujus
1036 5558 1336 5625 argumenti
1368 5558 1818 5625 CCIIIQI‘LSEPIQIH
1845 5550 1897 5602 in
1930 5550 2178 5625 biblioth.

627 5619 804 5678 Va‘tic'.
862 5619 1341 5676 eistare'aﬂirmat
1392 5623 1544 5674 card.
1570 5620 1859 5686 Baronius,
1900 5630 2028 5675 tom.
2067 5622 2179 5677 Vill

626 5693 824 5747 Annal.
851 5701 909 5745 ιιι
940 5700 996 5745 et
1027 5690 1322 5760 Augustaui
1352 5691 1403 5743 itt
1435 5690 1569 5760 Suid.

687 5764 801 5831 (46)
830 5762 1002 5832 Supra
1038 5759 1248 5831 quoque
1273 5760 1378 5815 9.99.
1402 5761 1466 5815 ad
1491 5759 1751 5818 Joannem
1804 5761 2183 5831 philosophum

2285 5560 2615 5627 pra-scripta.

2323 5601 2725 5752 Elii‘éliium
2756 5632 2983 5688 emendo
3006 5648 3073 5690 ex
3112 5631 3334 5702 epistola
3380 5632 3445 5686 ad
3474 5625 3675 5680 Petrmn
3702 5601 3803 5659 illus

2349 5714 2457 5752 rem
2485 5716 2631 5752 sum.

2291 5713 2457 5753 Streut
2485 5716 2631 5768 supr.
