4038 6414
226 387 314 447 653

1248 376 1769 438 BIBLIOTHECA.
1807 402 1876 411 —
1920 377 2083 437 COD.
2121 379 2411 440 CXCle~

3326 376 3429 440 654

225 500 324 560 ταῖς
352 494 443 566 μὲν
486 490 604 547 κατ’
651 491 839 545 οὐσίαν
882 487 991 542 τῶν
1030 487 1245 542 οἰκείων
1295 489 1478 560 μερῶν
1518 490 1657 559 πρὸς
1689 488 1750 542 τὰ

1860 489 2293 557 distinguantur;
2320 500 2375 544 et
2400 487 2639 560 [contra]
2670 502 2788 557 qua:
2817 485 3172 543 subsistentia
3205 489 3420 553 eadem,

220 592 345 659 ἄκρα
376 585 672 654 κοινότησιν
702 580 991 649 ἑνούμενος
1012 619 1027 642 .
1055 579 1154 650 τὴν
1184 580 1321 650 πρὸς
1356 581 1492 634 ἄλλα
1519 582 1629 634 τῶν
1659 597 1758 651 με-

220 681 314 751 ρῶν
342 676 642 746 σωζομένην
677 667 791 743 εἶχε
819 671 1105 743 διαφορὰν,
1152 673 1271 735 ταῖς
1318 671 1376 725 δὲ
1420 671 1531 726 τῶν
1571 672 1755 742 μερῶν

219 768 419 837 ἰδιότησι
444 765 504 818 τὸ
534 763 655 817 καθ’
688 763 989 816 ὑπόστασιν
1021 760 1287 814 διεδείκνυ
1322 760 1401 823 ῶς
1426 758 1548 813 ὅλον
1577 762 1756 813 κοινὸν

214 858 533 927 ἀμφοτέρων.
566 854 728 907 Γθ-ὅτι
750 853 820 906 τὰ
860 853 960 924 μὲν
992 852 1113 905 καθ’
1142 852 1441 905 ὑπόστασιν
1463 851 1617 903 κοινὰ
1647 851 1756 905 τῶν

215 947 382 1018 μερῶν
414 947 474 999 τὸ
509 946 653 1009 ὅλον,
683 945 850 1016 ῆγουν
878 944 971 997 τὸν
1002 942 1259 1015 Χριστὸν,
1293 940 1553 1012 ἠφόριξον
1579 942 1625 974 ⁸ο
1649 942 1757 996 τῶν

209 1040 395 1108 ἄκρων,
427 1036 495 1090 τὰ
522 1036 579 1089 δὲ
622 1036 743 1090 κατ’
789 1034 980 1088 οὐσίαν
1009 1033 1148 1105 πρὸς
1190 1032 1261 1086 τὰ
1288 1031 1435 1102 ἄκρα
1464 1032 1622 1086 κοινὰ
1648 1031 1757 1090 τῶν

210 1129 375 1200 μερῶν
418 1128 492 1192 ὡς
537 1128 657 1182 ὅλον
690 1127 932 1198 συνῆπτε
972 1129 1085 1190 τοῖς
1115 1126 1309 1193 ἄκροις
1339 1124 1616 1187 οὑσιωδῶς
1664 1123 1757 1177 τὸν

206 1220 444 1291 Χριστόν.
472 1217 525 1271 Δ¹
553 1219 636 1272 ὅτι
662 1217 793 1282 Θεὸς
822 1218 1083 1288 ὑπάρχων
1110 1216 1314 1280 τέλειος
1340 1217 1369 1269 6
1398 1215 1636 1286 Χριστὸς
1660 1214 1757 1268 καὶ

205 1312 467 1383 ἄνθρωπος
479 1312 683 1375 τέλειος
701 1314 731 1366 6
754 1311 938 1374 αὐτὸς,
964 1307 1077 1380 εἶχε
1100 1311 1164 1362 τὺ
1179 1308 1359 1362 κοινὸν
1380 1307 1562 1361 αὐτῶν
1581 1307 1678 1361 καὶ
1696 1305 1757 1358 τὸ

204 1405 317 1456 ίδιον
341 1397 422 1465 οἷς
445 1402 588 1473 πρὸς
617 1403 807 1455 ἑαυτὸν
833 1403 1069 1455 ἐποιεῖτο
1093 1401 1193 1471 τὴν
1218 1401 1329 1453 τῶν
1350 1400 1537 1471 ἄκρων
1562 1397 1756 1451 ἕνωσιν

202 1493 285 1546 καὶ
297 1493 585 1565 διάκρισιν,
614 1496 680 1564 τῇ
716 1493 815 1563 μὲν
844 1493 980 1561 πρὸς
1008 1491 1198 1545 ἑαυτὸν
1230 1491 1421 1545 ὲνῶσει
1443 1490 1552 1544 τῶν
1572 1489 1757 1558 ἄκρων

201 1585 250 1635 ὲν
260 1581 428 1651 ἑαυτῷ
448 1582 762 1654 σωζομένας
782 1582 881 1645 τὰς
896 1582 954 1646 ἐξ
969 1575 1042 1636 ὧν
1057 1581 1311 1652 συνετέθη
1329 1581 1522 1650 φύσεις
1537 1579 1758 1635 πιστού-

203 1688 364 1741 μενος,
395 1674 463 1743 τῇ
495 1673 555 1726 δὲ
602 1672 757 1744 πρὸς
788 1673 978 1726 ἑαυτὸν
1024 1668 1291 1743 διακρίσει
1329 1672 1438 1727 τῶν
1477 1674 1662 1743 ἄκρων
1695 1671 1758 1725 τὸ

203 1759 470 1828 μοναδικὸν
488 1761 592 1829 τῆς
614 1761 822 1821 οίκείας
850 1761 1122 1831 παριστὰς
1145 1762 1515 1826 ὑποστάσεως.
1549 1761 1602 1814 E'
1628 1762 1756 1831 περὶ

1858 579 2097 632 essentia
2126 579 2233 633 sint
2266 588 2432 648 atque
2459 588 2653 633 natura
2670 577 2904 632 diversa.
2936 577 3243 632 Secundum
3266 590 3429 650 caput

1857 668 1962 724 ista
2012 671 2282 738 exponit:
2316 671 2565 726 Christus
2595 670 2897 727 rationibus
2942 670 3161 739 quidem
3185 685 3413 727 commu-

1856 761 2015 816 nibus
2072 762 2399 817 secundum
2431 762 2726 817 essentiam
2774 760 3113 831 propriarum
3182 762 3419 831 partium

1836 866 1981 907 cum
2004 853 2268 909 extremis
2300 853 2505 916 unitus,
2543 852 2749 908 salvam
2813 852 2865 906 in
2911 852 3137 921 reliquis
3189 852 3423 923 partium

1838 944 2264 1001 distinctionem
2345 946 2657 1012 retinebat;
2725 954 2782 998 at
2826 958 2955 1000 vero
3003 944 3426 1014 proprietatibus

1858 1034 2051 1090 harum
2081 1036 2315 1104 partium
2366 1036 2534 1092 veluti
2587 1044 2756 1091 totum
2813 1036 3082 1105 quoddam
3137 1036 3423 1091 ambarum

1856 1140 2182 1191 commune,
2233 1127 2550 1198 hypostasin
2603 1126 2915 1181 exhibebat.
2985 1124 3429 1194 Tertium:Quat

1857 1218 2150 1273 secundum
2183 1219 2496 1290 hypostasin
2522 1232 2843 1273 communes
2871 1228 3030 1273 erant
3053 1219 3288 1273 rationes
3310 1233 3429 1287 par-

1859 1311 2207 1377 tium,totum
2240 1312 2439 1380 ipsum,
2470 1309 2523 1365 id
2556 1318 2641 1365 est
2666 1308 2971 1374 Christum,
3010 1309 3429 1379 distinguebant

1858 1401 1927 1456 ab
1955 1402 2255 1456 extremis:
2297 1416 2419 1470 qua:
2461 1415 2591 1454 vero
2620 1400 2915 1456 secundum
2934 1400 3228 1454 essentiam
3270 1409 3429 1453 erant

1832 1491 2165 1546 communia
2210 1493 2443 1561 partium
2497 1492 2566 1546 ad
2600 1501 2866 1557 extrema,
2921 1490 3198 1546 Christum
3257 1491 3425 1546 veluti

1862 1590 2034 1636 totum
2067 1582 2434 1638 essentialiter
2465 1598 2587 1637 cum
2610 1585 2870 1638 extremis
2892 1582 3211 1652 iungebant.
3246 1582 3423 1649 Quaro

1857 1681 2010 1727 tum:
2052 1672 2186 1727 Cum
2212 1672 2462 1728 Christus
2485 1674 2626 1730 Deus
2666 1675 2935 1744 perfectus
2976 1683 3140 1737 esset,
3175 1674 3425 1743 idemque

1860 1762 2022 1818 homo
2085 1764 2378 1834 perfectus,
2420 1763 2604 1835 [simul
2663 1764 2745 1837 et]
2802 1766 2945 1836 quod
2996 1779 3282 1820 commune
3341 1765 3426 1819 his

199 1852 444 1922 διαφορᾶς
471 1851 721 1921 διάληψις
750 1851 1036 1923 σύντομος,
1068 1853 1135 1907 δι’
1156 1848 1225 1924 ἧς
1249 1854 1524 1908 δείκνυται
1546 1854 1609 1907 τὸ
1634 1855 1750 1909 κατ’

1858 1865 1975 1911 erat
2001 1857 2254 1925 habebat,
2288 1867 2344 1913 et
2389 1860 2531 1928 quod
2562 1860 2837 1930 proprium
2873 1858 3110 1927 ;quibus
3152 1868 3210 1912 et
3241 1863 3426 1911 extre-

197 1943 366 1995 οὐσίαν
393 1942 566 1997 ποσὸν
594 1942 705 1998 τῶν
751 1944 1047 2015 ὴνωμένων
1092 1944 1419 2015 σωζόμενον.
1469 1948 1539 2013 ς’
1580 1963 1752 1999 καταο

199 2036 346 2106 σκευὴ
360 2036 677 2107 πλατυτέρα
694 2038 791 2092 καὶ
807 2036 1158 2109 φυσικωτέρα
1172 2040 1300 2110 περὶ
1316 2038 1582 2110 διαφορᾶς
1595 2040 1689 2092 καὶ
1702 2038 1750 2072 ⁸⁸

197 2127 476 2199 ποσότητος
528 2128 624 2183 καὶ
671 2128 766 2182 τοῦ
834 2128 1120 2200 δηλοῦντος
1175 2129 1347 2194 αὑτὰς
1394 2130 1440 2161 ’ί
1489 2130 1751 2201 ἀριθμοῦ.

198 2217 304 2289 [509
325 2218 412 2291 3.]
447 2220 503 2272 Z'
526 2221 607 2273 ὅτι
637 2222 665 2273 6
694 2221 770 2289 μὴ
798 2221 997 2274 ταυτὸν
1027 2221 1181 2284 εἰδὼς
1207 2221 1370 2290 φύσιν
1395 2220 1488 2275 καὶ
1517 2221 1754 2274 ὑπόστα-

197 2330 266 2365 σιν
293 2312 535 2376 εὑσεόῶς
563 2314 655 2366 ἐπὶ
680 2311 917 2384 Χριστοῦ
950 2310 1266 2383 δογματίζει
1301 2314 1400 2384 τὴν
1428 2313 1624 2366 ένωσιν
1657 2313 1751 2367 καὶ

194 2403 273 2473 τὴν
294 2403 584 2473 διαφορὰν,
614 2397 689 2458 ῶν
708 2404 769 2456 τὸ
798 2404 896 2475 μὲν
925 2404 1119 2475 ὁρᾶται
1147 2404 1291 2457 κατὰ
1311 2405 1411 2473 τὴν
1431 2404 1745 2468 ὑπόστασιν,

194 2491 318 2544 τὸδὲ
359 2492 518 2546 κατὰ
548 2491 648 2562 τὴν
686 2491 866 2560 φύσιν.
903 2493 963 2545 Η¹
998 2493 1080 2545 ὅτι
1110 2492 1350 2561 Σεὸῆρος
1377 2492 1575 2545 ταυτὸν
1608 2488 1749 2547 εἷναι

197 2583 495 2653 βιαζόμενος
524 2583 687 2651 φύσιν
721 2584 815 2637 καὶ
852 2583 1151 2636 ὑπόστασιν
1185 2579 1395 2652 ’συγχεῖ
1422 2582 1522 2654 τὴν
1555 2579 1748 2637 ἕνωσιν

196 2676 271 2728 καὶ
303 2680 454 2729 ποιεῖ
473 2678 519 2708 ’⁸
547 2677 811 2746 διαίρεσιν
845 2674 943 2747 τὴν
970 2675 1231 2745 διαφοράν
1249 2692 1262 2705 ο
1287 2674 1411 2727 καθ’
1443 2674 1510 2745 ἣν
1537 2674 1745 2728 δείκνυ-

192 2784 264 2818 ται
290 2770 378 2820 καὶ
405 2769 506 2820 τὸν
535 2768 634 2835 τῆς
658 2768 704 2799 ⁸³
743 2768 972 2837 Τριάδος
1002 2769 1083 2830 εἰς
1119 2767 1350 2838 τετράδα
1378 2767 1745 2830 διασκεδάζων

192 2856 356 2925 Λόγον,
406 2857 601 2911 καὶτὸ
651 2857 749 2926 τῆς
798 2859 925 2926 μιᾶς
972 2857 1224 2927 θεότητος
1274 2856 1625 2926 κατατέμνων
1664 2858 1744 2920 εἰς

192 2950 330 3005 δυάδα
360 2952 687 3021 μυστήριον,
736 2951 831 3002 καὶ
870 2950 1049 3018 πάσης
1077 2950 1168 3003 τὸν
1198 2951 1431 3021 Χριστὸν
1480 2949 1738 3020 ὑπερορί-

194 3042 282 3105 ζων
307 3043 581 3105 οὑσιωδῶς
603 3042 650 3074 ³⁸
672 3040 978 3109 ὑπάρξεως.
1011 3040 1140 3111 [265
1162 3040 1254 3112 3.]
1285 3041 1338 3093 Θ¹
1366 3041 1580 3103 ἔκθεσις
1616 3043 1739 3095 σύν-

1838 1963 2070 2003 ·ιιιοτιιηι
2102 1948 2171 2003 ad
2201 1949 2441 2019 seipsum
2475 1949 2729 2005 unionem
2791 1948 3081 2013 elliciehat,
3115 1963 3181 2003 ac
3221 1948 3428 2003 discre-

1859 2040 2080 2094 tionem.
2104 2038 2212 2095 Per
2259 2041 2514 2096 unionem
2546 2041 2761 2110 quidem
2808 2050 3204 2104 extremorum,
3242 2053 3424 2094 secum

1856 2126 2036 2182 salvas
2073 2129 2124 2182 in
2148 2129 2327 2197 seipso
2359 2140 2606 2195 naturas,
2642 2145 2709 2185 ex
2736 2127 3285 2198 quibuscompositus
3318 2136 3424 2191 est,

1858 2228 2113 2272 testatum
2154 2220 2381 2285 faciens,
2408 2221 2503 2275 sed
2541 2219 2868 2275 discretione
2892 2229 3265 2275 extremorum
3285 2232 3313 2270 a
3343 2232 3423 2282 se,

1853 2308 2090 2377 propria;
2117 2310 2469 2380 hypostaseos
2499 2309 2764 2365 exhibens
2802 2310 3090 2364 unitatem.
3117 2306 3378 2374 Quintum
3407 2323 3421 2358 :

1854 2400 2049 2456 Brevis
2105 2402 2174 2456 de
2212 2401 2520 2457 differentia
2572 2402 2887 2472 disputatio,
2953 2415 3060 2471 qua
3119 2399 3426 2455 ostenditur

1852 2494 2207 2549 essentialem
2244 2495 2523 2550 unitorum
2560 2495 2923 2564 quantitatem
2948 2492 3156 2546 salvam
3173 2489 3420 2546 retineri.

1854 2589 2079 2643 Sextum
2115 2606 2129 2642 :
2160 2587 2356 2644 Fusior
2412 2589 2695 2658 magisque
2748 2586 3113 2656 phil050phica
3170 2584 3428 2638 tractatio

1846 2678 1913 2733 de
1936 2677 2231 2732 differentia
2283 2678 2379 2749 (et)
2431 2680 2751 2744 quantitate,
2799 2692 2865 2729 ac
2914 2677 2981 2731 de
3034 2687 3303 2738 numero,
3334 2672 3426 2739 qui

1846 2769 2039 2823 harum
2076 2770 2237 2824 index
2267 2780 2372 2824 est.
2429 2770 2728 2839 Septimum
2766 2787 2781 2822 :
2822 2769 2922 2836 Qui
2985 2768 3087 2821 scit
3145 2781 3252 2819 non
3307 2778 3429 2817 esse

1845 2861 1985 2916 idem
2021 2870 2265 2915 naturam
2291 2872 2347 2916 et
2386 2861 2719 2931 hypostasin,
2744 2861 2790 2916 is
2818 2861 2903 2930 pie
2946 2860 2997 2913 in
3025 2857 3242 2913 Christo
3267 2856 3430 2909 tradit

1844 2953 2143 3008 unitionem
2178 2968 2242 3007 ac
2292 2952 2655 3008 differentiam
2690 2968 2756 3007 ex
2809 2952 3003 3019 quibus
3051 2948 3139 3002 illa
3210 2947 3427 3016 quidem

1842 3054 2114 3115 spectatur
2136 3047 2429 3100 secundum
2458 3046 2791 3115 hypostasin,
2823 3044 2935 3099 hate
2969 3057 3097 3097 vero
3131 3038 3427 3095 secundum

193 3151 330 3202 τομος
368 3135 519 3203 μετὰ
549 3134 649 3203 τῆς
689 3134 857 3222 ὀρθῆς
896 3133 1223 3200 συνηγορίας
1249 3132 1350 3201 τῆς
1378 3132 1610 3202 ἀληθοῦς
1630 3134 1740 3186 τῶν

1851 3148 2115 3194 naturam.
2141 3136 2401 3193 Octavum
2431 3154 2444 3190 :
2466 3136 2697 3191 Severus
2723 3138 2850 3190 dum
2874 3150 2968 3204 per
2989 3134 3093 3188 vim
3122 3134 3262 3188 idem
3295 3142 3417 3184 esse

195 3225 422 3294 Πατέρων
474 3212 786 3294 ὁμολογίας.
834 3224 974 3276 Ἀλλ’
1005 3226 1063 3276 ὲν
1088 3224 1299 3286 τούτοις
1330 3225 1427 3294 μὲν
1457 3227 1550 3278 καὶ
1582 3225 1741 3296 αὕτη.

196 3317 284 3369 Καὶ
308 3317 467 3386 δῆλον
494 3317 591 3370 καὶ
620 3317 678 3381 ἐξ
706 3315 884 3369 αὐτῶν
917 3315 1025 3367 τῶν
1061 3315 1370 3383 κεφαλαίων
1393 3317 1453 3369 τὸ
1482 3317 1562 3379 είς
1586 3315 1745 3369 εὐσέ-

1851 3229 1995 3300 cogit
2023 3239 2270 3281 naturam
2300 3237 2460 3297 atque
2510 3228 2847 3296 bypostasin,
2901 3234 2957 3279 et
3013 3224 3263 3278 unionem
3294 3238 3427 3277 con-

1851 3317 2049 3383 fundit,
2095 3328 2151 3372 et
2192 3318 2511 3373 divisionem
2568 3317 2696 3372 facit
2732 3317 2925 3387 159a
2985 3331 3050 3370 ex
3084 3313 3422 3370 dilferentia:

195 3406 322 3461 ὁειαν
346 3411 646 3480 χρήσιμον.
702 3410 811 3461 Καὶ
861 3412 895 3478 ἠ
947 3410 1149 3481 φράσις
1192 3408 1249 3460 δὲ
1290 3408 1366 3471 ὡς
1403 3410 1462 3461 έν
1518 3407 1741 3479 τοιαύτῃ

1851 3412 1995 3465 unde
2028 3410 2393 3477 convincitur,
2420 3420 2477 3466 et
2507 3409 2794 3466 Trinitatis
2834 3406 3095 3465 rationem
3128 3410 3183 3463 in
3207 3416 3427 3477 quater-

194 3496 242 3548 τὸ
266 3500 422 3567 σαφὲς
459 3498 647 3552 διώκει
676 3500 769 3552 καὶ
800 3499 901 3553 ούκ
927 3501 1195 3570 ἄκομψον.

1851 3499 2072 3554 nitatem
2100 3500 2423 3567 diﬂ‘undere,
2456 3512 2510 3558 et
2541 3504 2701 3558 unius
2758 3502 3074 3573 mysterium
3126 3497 3427 3555 Divinitatis

198 3590 347 3645 induo
372 3606 592 3654 secare,
623 3593 768 3645 etab
802 3592 947 3645 omni
980 3591 1139 3646 simul
1169 3592 1512 3647 substantiali
1572 3589 1921 3647 subsistentia
1967 3589 2241 3647 Christum
2308 3602 2579 3650 extorrem
2643 3595 2846 3649 facere.
2925 3592 3133 3647 Nonum
3173 3607 3189 3646 :
3235 3588 3423 3645 Brevis

196 3693 263 3737 est
286 3686 574 3757 expositio,
605 3700 727 3739 cum
765 3694 908 3740 recta
942 3684 1253 3742 defensione
1279 3700 1421 3741 verm
1456 3695 1765 3740 sanctorum
1797 3682 2016 3738 Patrum
2046 3685 2418 3742 confessionis.
2444 3686 2501 3741 ln
2522 3688 2606 3743 his
2629 3701 2761 3758 ergo
2788 3687 2875 3741 illa
2907 3698 3153 3742 versatur
3177 3683 3422 3755 epistola,

198 3790 244 3833 ut
274 3796 332 3835 ex
371 3778 512 3847 ipsis
559 3793 683 3831 mox
729 3776 997 3846 capitibus
1047 3788 1224 3848 pateat
1275 3779 1394 3849 ejus
1441 3780 1509 3832 ad
1562 3778 1780 3847 pietatis
1808 3778 2043 3833 studium
2074 3781 2497 3848 promovendum
2527 3780 2750 3836 utilitas.
2812 3781 2983 3836 Dictio
3013 3796 3193 3851 porro,
3263 3792 3323 3834 ut
3365 3780 3419 3833 in

198 3888 244 3926 re
288 3872 393 3938 tali,
437 3871 881 3941 perspicuitatem
933 3880 1197 3935 sectatur,
1244 3884 1418 3939 neque
1454 3880 1539 3925 est
1581 3870 1879 3940 inelegans.

254 3968 362 4019 Ἔτι
386 3966 454 4020 δὲ
487 3963 625 4034 πρὸς
656 3963 892 4033 Πύρρον,
923 3961 1005 4015 ἔτι
1030 3963 1403 4034 πρεσϐυτέρου
1435 3964 1501 3996 ⁹⁸¹
1540 3962 1748 4034 βαθμὸν

1914 3961 2117 4019 Scribit
2163 3972 2421 4032 praeterea
2449 3962 2678 4035 Pyrrho,
2724 3965 2984 4034 dignitate
3019 3974 3129 4019 tum
3162 3968 3419 4035 temporis

1845 4052 2182 4123 presbytero,
2213 4064 2269 4109 et
2296 4056 2612 4110 cathedram
2639 4072 2909 4111 summam
2945 4059 3178 4113 nondum
3204 4060 3417 4128 adepto.

1849 4145 1963 4210 Qua
2014 4144 2069 4198 in
2106 4146 2334 4215 epistola
2367 4147 2605 4201 divinum
2652 4162 2772 4202 eum
2819 4149 3095 4216 prtcdicat,
3142 4158 3198 4205 et
3233 4152 3421 4206 ortho-

1849 4234 2044 4290 doxam
2088 4237 2248 4291 fidem
2284 4238 2385 4306 ipsi
2417 4253 2480 4294 ac
2514 4240 2926 4295 sanctimoniam
2969 4256 3066 4295 suo
3107 4243 3422 4298 testimonio

1850 4327 2060 4382 tribuit.
2093 4328 2193 4395 Qui
2228 4338 2284 4384 et
2315 4330 2381 4385 de
2409 4331 2754 4399 quibusdam,
2783 4344 2841 4386 ut
2891 4342 3133 4402 apparet.
3181 4335 3421 4390 scribere

190 4440 263 4478 ναι
290 4430 316 4480 ὁ
336 4428 506 4497 σοφὸς
533 4426 787 4495 Μάξιμος
808 4426 869 4479 οὑ
896 4426 1054 4495 μόνον
1078 4426 1444 4495 παραιτεῖται,
1479 4422 1742 4493 ἰσχνόφω-

1851 4416 2143 4474 Maximum
2173 4436 2296 4475 cum
2327 4432 2591 4491 rogasset.
2620 4424 2837 4489 sapiens
2866 4425 2955 4479 hic
2993 4426 3077 4480 vir
3108 4439 3214 4479 non
3243 4424 3421 4480 solum

193 4532 265 4568 νον
288 4520 482 4573 ἑαυτὸν
502 4520 601 4573 καὶ
638 4518 1058 4589 βραδύγλωσσον
1106 4516 1421 4577 ἀποκαλῶν,
1451 4515 1565 4568 ἀλλ’
1613 4517 1739 4568 ἀντ-

1851 4513 2264 4582 tergiversatur,
2284 4515 2500 4568 balbum
2526 4514 2639 4584 (48)
2665 4530 2724 4570 se
2749 4528 2804 4571 et
2827 4515 3084 4571 infantem
3102 4515 3378 4585 appellans
3400 4534 3415 4571 :

196 4606 314 4671 αξιοί
326 4610 487 4664 αὐτὸν
497 4612 544 4643 ⁸³
562 4610 851 4680 γράμματι
870 4608 1068 4677 μᾶλλον
1080 4607 1310 4674 διδάξαι,
1327 4607 1409 4668 τίς
1423 4608 1456 4677 ἡ
1468 4606 1554 4659 ὲνέ
1562 4621 1737 4676 ργεια,

1851 4617 2034 4656 verum
2077 4615 2267 4658 contra
2314 4604 2638 4673 obtestatur,
2670 4617 2725 4660 ut
2773 4622 2869 4675 per
2901 4607 3110 4663 litteras
3153 4621 3213 4662 se
3240 4607 3419 4678 potius

198 4700 274 4751 καὶ
298 4702 527 4772 ὁσαχῶς,
553 4702 649 4755 καὶ
670 4702 722 4754 τί
748 4702 902 4773 παρὰ
931 4700 1131 4770 ταύτην
1175 4700 1292 4752 ἐστὶ
1334 4698 1394 4751 τὸ
1438 4698 1740 4768 ἐνέργημα,

1851 4694 2043 4755 doceat
2079 4712 2093 4747 :
2129 4696 2268 4759 Quid
2292 4698 2557 4766 operatio,
2585 4709 2639 4752 et
2667 4699 2959 4768 qttotuplex
2985 4699 3009 4753 ?
3037 4708 3086 4752 et
3126 4699 3255 4768 quid
3284 4713 3420 4767 prae-

198 4792 274 4842 καὶ
301 4791 352 4843 τί
389 4793 598 4846 τούτων
626 4792 936 4863 διενήνοχεν
995 4792 1030 4862 ἡ
1080 4790 1277 4863 πρᾶξις
1331 4790 1428 4843 καὶ
1466 4788 1526 4843 τὸ
1559 4788 1740 4859 ἔργον,

1852 4796 1933 4840 ter
1962 4786 2100 4841 hanc
2130 4788 2199 4841 sit
2225 4787 2492 4843 elfectus?
2522 4788 2757 4859 quidque
2788 4792 2855 4842 ab
2881 4791 2963 4843 Itis
2993 4784 3247 4845 dilleratit
3276 4792 3420 4846 actio

199 4880 418 4945 καὶπῶς
457 4881 574 4934 ἐστι
608 4880 845 4952 λέγεινῆ
896 4884 1096 4935 ἐννοεῖν
1135 4881 1236 4950 τὴν
1265 4880 1394 4949 μίαν
1437 4878 1740 4950 ἐνέργειαν.

1851 4886 1904 4930 et
1950 4877 2131 4945 opus?
2159 4887 2213 4932 et
2245 4894 2480 4947 quanam
2513 4882 2686 4949 possit
2743 4881 2953 4934 ratione
2992 4882 3095 4936 dici
3135 4882 3417 4946 sentirive,

205 4967 325 5025 Ἀλλ’
349 4975 408 5028 ὲν
444 4974 656 5038 τούτοις
692 4973 791 5045 μὲν
830 4974 926 5027 καὶ
957 4975 992 5043 ἡ
1017 4972 1155 5043 πρὸς
1181 4973 1420 5043 Πύρρον.

1851 4981 2013 5020 unam
2066 4982 2186 5022 esse
2240 4968 2292 5021 in
2350 4966 2567 5022 Christo
2612 4969 3034 5037 operationem?
3077 4978 3254 5041 Atque
3305 4974 3420 5029 haec

1851 5058 2066 5127 quidem
2093 5059 2143 5111 in
2180 5059 2408 5126 epistola
2442 5061 2507 5113 ad
2545 5059 2831 5131 Pyrrhum.

1919 5148 2001 5203 Ad
2047 5150 2307 5205 Thomam
2357 5151 2467 5221 (49)
2502 5153 2718 5221 insuper
2743 5160 3028 5223 quemdam
3073 5158 3280 5224 scribit,
3322 5160 3413 5229 qui

1850 5240 2223 5309 ambiguorum
2244 5245 2597 5312 quorumdam
2632 5246 2871 5301 locorum
2901 5250 3195 5306 solutiones
3227 5262 3416 5320 postu-

192 4059 358 4130 ἔχοντα
387 4057 493 4113 καὶ
540 4055 695 4108 οῦπω
722 4054 823 4123 τῆς
866 4056 1262 4126 ἀρχιερατικῆς
1292 4055 1564 4129 ἐπιϐάντα
1617 4054 1750 4108 καθ-

192 4152 348 4224 έδρας.
395 4151 623 4215 Θειάζει
662 4151 707 4206 δ’
736 4153 793 4203 ὲν
819 4149 957 4219 αὐτῇ
1020 4146 1110 4201 τὸν
1168 4148 1405 4219 Πύρρον,
1429 4149 1523 4201 καὶ
1550 4147 1747 4217 εὑσεὸἦ

191 4246 364 4313 γνῶσιν
393 4245 553 4316 αύτῷ
604 4244 701 4299 καὶ
758 4243 1010 4312 ὁσιότητα
1065 4239 1524 4310 ὲπιμαρτύρεται.
1591 4239 1753 4293 Ἀλλὰ

192 4335 267 4387 καὶ
294 4336 417 4407 περί
444 4352 629 4401 τινων,
655 4335 732 4398 ῶς
758 4333 955 4397 ἔοικεν,
985 4331 1316 4398 ἀξιώσαντος
1353 4329 1504 4400 αὑτῷ
1529 4330 1746 4402 γραφῆ-

255 5149 453 5221 Γράφει
478 5153 536 5206 δὲ
562 5154 655 5206 καὶ
679 5152 816 5224 πρὸς
836 5152 1038 5221 Θωμᾶν
1079 5169 1222 5217 τινα,
1246 5151 1610 5222 αἰτησάμενον
1641 5154 1740 5223 Μ’

198 5243 291 5297 τῶν
322 5263 485 5301 τινων
523 5245 918 5316 ἀπορουμένων
942 5243 1242 5307 ὲπιλύσεις.
1266 5243 1348 5296 Τὰ
1362 5243 1420 5296 δὲ
1462 5245 1603 5315 ῥητὰ
1647 5243 1741 5296 τοῦ

1444 5394 1678 5449 VARIIE
1715 5394 2116 5465 LECTIONES.

262 5507 303 5539 ⁵³
331 5509 422 5581 τὸν
464 5510 696 5580 Χριστὸν
742 5510 1003 5581 ὴφόριζον
1050 5510 1092 5563 Α
1136 5509 1457 5581 εάἒῗῴριξον
1504 5528 1565 5575 ς’

1660 5513 1834 5587 ῗθᾲκαὶ
1893 5526 2019 5572 ante
2073 5536 2196 5572 ποσ.
2229 5522 2360 5574 add.
2390 5523 2455 5574 A.
2532 5523 2575 5553 ’ί
2604 5525 2771 5587 αὑτὰς
2798 5541 2905 5579 οιιι.
2968 5527 3034 5580 Α.
3107 5529 3152 5559 θ’
3181 5530 3415 5581 ποιεῖται

197 5589 326 5645 corr.
367 5580 435 5631 A.
504 5582 549 5612 ’³
588 5582 687 5651 τῆς
728 5580 950 5637 οιιιζΑ.

1027 5581 1073 5613 ³⁵
1099 5580 1386 5644 οὐσιῶδους
1421 5595 1526 5649 mg.
1606 5582 1671 5613 ’δ’
1708 5581 1762 5649 β,
1796 5587 1992 5655 πρεσ6.
2067 5590 2111 5622 as
2135 5591 2297 5643 αὑτὸν
2327 5593 2418 5644 καὶ
2443 5609 2537 5664 γρ.
2569 5594 2635 5648 Α.

1682 5696 1914 5756 NOTAE.

262 5780 369 5854 (48)
400 5782 554 5841 Musis
577 5785 821 5855 exetnplo
847 5784 1013 5839 Exodi
1049 5801 1118 5840 tv.
1921 5794 2029 5866 (l9)
2065 5795 2711 5869 Constantinopolitanum
2743 5801 2972 5861 forsitan
3014 5807 3313 5877 patriarch.
