4038 6420
668 379 784 438 ῦδὸ

1788 374 2049 435 PHOTII
2089 371 2589 431 PATRIARCHE
2618 372 2706 433 CP
3761 380 3845 444 εδδ

653 493 825 545 -larat.
864 486 1029 540 Erant
1078 497 1257 541 autem
1300 486 1544 557 quantam
1583 485 1828 555 Gregorii
1868 487 2151 556 Theologi,
2181 496 2225 539 et

2336 485 2595 555 Θεολόγου
2626 485 2685 540 τέ
2715 487 2832 540 ὲστι
2861 485 3160 559 Γρηγορίου
3194 485 3289 539 καὶ
3316 485 3405 539 τοῦ
3428 486 3566 541 θείου
3592 490 3844 561 Διονυσίου,

663 582 830 637 divini
866 578 1104 650 Dionysii
1134 579 1485 633 assertiones.
1514 577 1593 632 Ex
1618 578 1763 633 illius
1790 578 2002 647 quidem
2029 578 2225 630 oratio-

660 691 733 731 ne
754 674 826 728 de
846 671 981 727 Filio
1011 672 1145 741 (50),
1168 671 1255 724 illa
1296 690 1315 723 ‹
1349 670 1645 740 Propterea
1692 670 1873 724 unitas
1905 683 1935 723 a
1958 668 2224 737 principio

663 774 831 827 mota,
872 781 892 814 ι
953 772 1009 818 et
1034 778 1153 833 qua:
1183 771 1481 830 sequuntur
1516 777 1532 826 ;
1564 770 1663 814 et:
1705 777 1725 811 ι
1760 759 1979 815 Unitate
2006 756 2224 827 quidem

657 856 731 909 ob
788 854 1002 908 divitias
1060 862 1203 907 mota
1242 868 1256 904 :
1297 870 1317 903 ι
1350 850 1495 919 quod
1549 860 1631 904 est
1666 863 1734 902 ex
1766 849 2013 911 oratione
2057 848 2225 915 ipsius

660 945 830 999 altera
859 943 971 1014 (51)
999 943 1072 996 De
1089 957 1240 1008 pace.
1267 940 1449 995 Altera
1472 940 1586 994 hate
1610 955 1626 993 :
1658 957 1677 989 ι
1709 938 1811 994 Uni
1836 953 1964 993 vero
1985 937 2169 1006 capiti,
2200 954 2218 987 ι

658 1045 717 1091 et
742 1033 971 1103 reliqua.
995 1032 1205 1095 Tertia.
1234 1047 1302 1086 ex
1331 1046 1393 1087 ea
1425 1032 1535 1099 ipsa
1570 1029 1832 1093 oratione,
1886 1028 1972 1082 illa
2007 1045 2023 1083 :
2061 1046 2079 1080 ι
2130 1027 2226 1082 llic

661 1128 807 1183 enim
866 1127 956 1195 qui
1012 1140 1154 1179 nunc
1188 1140 1219 1179 a
1270 1135 1323 1179 te
1383 1122 1746 1177 contemnitur
1790 1120 1924 1191 (59.),
1965 1140 1984 1173 ι
2019 1130 2073 1175 et
2108 1133 2227 1189 qua:

652 1228 977 1288 sequuntur.
1011 1216 1211 1282 Quarta
1240 1233 1255 1270 :
1296 1234 1315 1266 ι
1354 1213 1425 1269 Ut
1458 1214 1687 1268 Verbum
1727 1214 1866 1267 enim
1908 1227 2077 1281 neque
2098 1213 2226 1266 ohe-

661 1309 815 1361 diens
868 1316 1003 1370 erat,
1060 1320 1232 1373 neque
1280 1303 1594 1358 inobediens
1640 1303 1775 1374 (53),
1840 1322 1858 1355 ι
1901 1312 1954 1357 et
2007 1311 2220 1357 caetera.

664 1398 835 1451 Divini
863 1410 990 1450 vero
1024 1395 1259 1465 Dionysii
1282 1394 1407 1450 illud
1433 1394 1693 1463 explicat:
1719 1414 1735 1445 ι
1772 1393 2046 1459 Quomodo
2069 1394 2223 1459 dicis,

648 1486 833 1552 Jesus,
876 1489 965 1557 qui
997 1495 1080 1539 est
1122 1501 1282 1553 supra
1331 1486 1534 1551 omnia,
1570 1501 1691 1539 cum
1739 1485 1988 1539 omnibus
2011 1495 2095 1540 est
2124 1485 2226 1539 ho-

660 1574 892 1629 minibus
930 1573 1359 1629 substantialiter
1393 1574 1738 1628 coordinatus
1781 1574 1916 1642 (54),
1949 1592 1968 1626 ι
2017 1584 2073 1627 et
2096 1574 2226 1628 reli-

650 1679 760 1734 qua
792 1681 805 1717 :
840 1674 895 1719 et
944 1663 1048 1717 alia
1082 1664 1207 1717 item
1239 1664 1385 1717 varia
1426 1663 1566 1718 loca.
1595 1662 1725 1730 Quae
1748 1666 1964 1735 quidem
2000 1664 2226 1734 epistola

659 1756 749 1810 illa
783 1757 848 1810 ad
876 1755 1137 1809 Thomam
1169 1753 1343 1822 prima
1374 1756 1721 1809 continentur
1758 1772 1772 1807 :
1812 1770 1931 1809 nam
1966 1756 2018 1809 in
2058 1755 2224 1809 altera

2330 578 2395 631 ὲκ
2433 579 2533 647 μὲν
2552 576 2645 631 τοῦ
2673 579 2802 648 περὶ
2831 577 2960 631 Υίοῦ
2995 580 3076 641 είς
3105 578 3190 641 τὸ,
3224 598 3241 629 ι
3278 578 3375 631 Διά
3400 577 3555 632 τοῦτο
3585 582 3736 650 μονὰς
3770 586 3846 639 ἀπ’

2331 670 2505 741 ἀρχῆς
2528 670 2863 741 κινηθεῖσα,›
2890 672 2985 724 καὶ
3002 671 3148 741 ἑξῆς,
3176 669 3323 737 καὶ,‹
3366 671 3584 739 μονάδος
3607 675 3696 742 μὲν
3720 693 3847 749 κινη-

2335 758 2521 827 θείσης
2549 760 2635 814 διὰ
2663 761 2725 813 τὸ
2768 761 3041 826 πλούσιον,
3087 780 3106 813 ι
3142 750 3278 831 ὅπερ
3317 762 3462 815 ἐστὶν
3491 764 3554 815 ὲκ
3580 764 3666 816 τοῦ
3695 765 3848 820 δευτέ-

2334 868 2428 922 ρου
2463 851 2780 922 Είρηνικοῦσ
2813 851 2856 921 β’
2885 854 2964 915 είς
2994 852 3075 917 τὸ,
3106 870 3126 903 ι
3180 853 3263 904 ἐνὶ
3308 851 3365 904 δὲ
3397 853 3683 923 κεφαλαίῳ,
3715 874 3733 906 ι
3773 858 3850 911 καὶ

2333 941 2461 1010 ἑξῆς
2485 957 2499 971 ⁸
2524 940 2705 1011 τρίτον
2730 940 2795 993 ὲκ
2822 941 2916 993 τοῦ
2937 940 3098 994 αὐτοῦ
3127 940 3284 1009 λόγου
3320 942 3400 1005 είς
3430 942 3511 1007 τὸ,
3535 960 3553 993 ι
3587 939 3738 1008 Οὗτος
3763 946 3851 1014 γὰρ

2332 1032 2362 1084 ὁ
2390 1032 2484 1085 νῦν
2512 1048 2596 1084 σοι
2650 1031 3174 1101 καταφρονούμενος,
3213 1050 3234 1084 ›
3285 1031 3381 1085 καὶ⁵
3418 1032 3579 1101 ἐξῆςο
3630 1034 3852 1105 τέταρτον

2324 1122 2411 1184 είς
2431 1120 2489 1174 τὸ
2518 1121 2585 1186 ⁸⁵,
2623 1138 2642 1172 ε
2693 1121 2779 1183 Ὣς
2811 1121 2906 1190 μὲν
2934 1120 3042 1191 γὰρ
3083 1120 3239 1189 λόγος
3266 1120 3387 1174 οὔτε
3413 1123 3643 1194 ὑπήκοος
3660 1119 3721 1195 ἦν
3752 1125 3852 1179 οὔτε

2332 1212 2583 1283 ἀνήκοος,
2615 1231 2634 1264 ι
2672 1213 2766 1265 καὶ
2797 1212 2944 1283 ἑξῆς.
2982 1212 3089 1267 Τοῦ
3127 1214 3185 1267 δέ
3206 1231 3269 1282 γε
3306 1212 3587 1267 θεσπεσίου
3614 1217 3852 1269 Διονυσίου

2330 1305 2413 1366 είς
2439 1302 2552 1369 τὸ,«
2583 1302 2708 1365 Πῶς
2729 1302 2857 1372 φὴς,
2901 1303 3104 1373 Ἰησοῦς
3138 1306 3166 1358 ό
3190 1304 3405 1358 πάντων
3436 1306 3683 1359 ἐπέκεινα
3716 1307 3853 1359 πᾶσίν

2330 1395 2478 1447 ἔστιν
2527 1391 2839 1464 ἀνθρώποις
2895 1395 3169 1459 οὑσιωδῶς
3228 1396 3690 1465 συντεταγμένος;
3723 1416 3741 1450 ι
3776 1398 3852 1450 καὶ

2332 1485 2481 1551 ἑξῆς,
2510 1486 2603 1537 καὶ
2626 1486 2707 1547 είς
2736 1484 2898 1555 ἕτερα
2954 1484 3207 1557 διάφορα.
3252 1487 3363 1541 Καὶ
3418 1486 3586 1541 ταῦτα
3616 1487 3707 1557 μὲν
3734 1490 3851 1559 ὲντῇ

2332 1577 2467 1645 πρὸς
2496 1576 2697 1647 Θωμᾶν
2724 1576 2917 1649 πρώτῃ
2939 1577 3233 1648 ἐπιστολῇ·
3268 1578 3326 1631 ὲν
3352 1578 3410 1631 δὲ
3428 1581 3494 1648 τῇ
3525 1578 3740 1649 δευτέρα
3762 1572 3853 1630 οἷον

2333 1664 2675 1734 ὲπανάληψιν
2726 1665 2885 1719 ἐνίων
2952 1666 3132 1737 ῥητῶν
3188 1665 3298 1718 τῶν
3349 1666 3853 1737 προσαφηνισθέντων

2335 1755 2400 1807 ὲκ
2421 1755 2521 1823 τῆς
2556 1754 2868 1825 θεολογικῆς
2899 1755 3205 1819 συντάξεως
3236 1758 3492 1816 ποιεῖται,
3530 1756 3619 1809 καὶ
3657 1756 3778 1824 πρός
3799 1772 3850 1821 γε

653 1848 823 1903 veluti
871 1848 1248 1918 repetitionem
1288 1847 1576 1912 quamdam
1613 1862 1677 1900 ex
1730 1861 1893 1915 opere
1928 1846 2225 1916 tbeologico

2329 1844 2437 1909 τδ,‹
2467 1843 2566 1897 Διά
2605 1844 2778 1914 μέσου
2813 1844 2933 1909 νοὸς
2965 1846 3234 1916 ὁμιλήσας
3260 1845 3429 1917 σαρκὶ
3452 1846 3556 1908 ἕως
3593 1844 3681 1897 τοῦ
3702 1844 3853 1915 κρείτ-

650 1940 1034 1997 nonnullorum
1076 1940 1131 1994 in
1156 1956 1221 1995 eo
1242 1939 1353 2009 jam
1378 1948 1535 1994 antea
1554 1939 1918 2008 expositorum
1949 1940 2220 1996 instituit:

649 2040 822 2099 atque
847 2029 975 2084 illud
994 2031 1212 2098 insuper
1232 2030 1419 2083 eodem
1446 2029 1603 2082 modo
1624 2029 2012 2099 interpretatur
2034 2048 2050 2085 :
2078 2047 2100 2083 ι
2122 2028 2227 2086 Per

658 2124 891 2178 medium
914 2136 1065 2176 mens
1082 2123 1233 2176 carni
1262 2136 1643 2183 consuescens,
1667 2122 1841 2177 donec
1867 2123 2009 2192 quod
2031 2121 2225 2180 fortius

646 2223 743 2270 est
772 2214 1054 2269 victoriam
1090 2216 1402 2284 reportarit.
1439 2231 1458 2265 ι
1496 2213 1601 2268 Sed
1640 2213 1755 2268 haec
1789 2213 1883 2269 ibi.

1334 2303 1540 2357 CXCV.

651 2393 913 2466 Ejusdem
946 2396 1115 2449 sancti
1170 2394 1396 2466 Maximi
1423 2391 1676 2466 ΙξρίειοιαΔ
1696 2396 1768 2446 ad
1798 2392 2143 2466 ‘Harianum,
2175 2403 2227 2448 et

728 2466 983 2535 Dialogus
1026 2480 1147 2517 cum
1185 2464 1411 2533 Pyrrho,
1447 2463 1521 2517 De
1550 2463 1754 2518 duabus
1789 2464 1845 2518 in
1892 2462 2107 2519 Christo
2140 2481 2226 2519 vo-

731 2537 1022 2588 luntatibus
1048 2545 1095 2586 et
1124 2534 1541 2597 operationibus.

720 2622 891 2678 Lecta
973 2633 1058 2678 est
1122 2622 1361 2691 ejusdem
1446 2624 1620 2679 sancti
1694 2622 1909 2678 Maximi
1968 2623 2226 2696 Epistola,

647 2731 779 2785 aquae
839 2714 1029 2785 159!»
1078 2713 1318 2769 Mariano
1361 2717 1675 2785 presbytero
1718 2715 2049 2771 inscribitur.
2126 2713 2229 2770 Hic

660 2814 727 2863 de
778 2808 1007 2862 naturali
1053 2806 1346 2873 voluntate,
1380 2808 1493 2862 sive
1522 2808 1847 2876 appetitione
1890 2808 2022 2875 agit,
2064 2818 2117 2862 et
2156 2808 2224 2863 de

648 2901 883 2956 consilio
928 2915 1022 2955 seu
1052 2899 1459 2955 deliberatione.
1490 2898 1620 2952 Item
1662 2900 1727 2952 de
1748 2900 2143 2968 praeelectione,
2175 2909 2230 2954 et

661 2992 725 3044 de
754 2991 1075 3058 quibusnam
1113 2988 1504 3043 consultemus.
1537 2986 1613 3042 De
1642 2988 1906 3042 sententia
1947 2997 2227 3057 praeterea,

657 3092 712 3135 et
743 3090 1005 3150 potestate
1028 3080 1216 3143 libera,
1238 3090 1292 3134 et
1316 3082 1586 3150 opinione.
1619 3078 1819 3133 Adhaac
1836 3080 1900 3134 de
1925 3079 2227 3148 prudentia,

2328 1954 2477 1999 τονος
2502 1937 2909 2008 ὲκνικήσαντος,
2925 1957 2944 1992 ι
2971 1939 3172 2009 ὁμοίως
3187 1937 3500 2010 ἑρμηνεύει.
3537 1938 3692 1991 Ἀλλά
3708 1938 3853 1991 ταῦτα

2332 2024 2432 2097 μὲν
2460 2026 2519 2081 ὲν
2544 2024 2773 2089 τούτοις.

3025 2292 3189 2347 PLE’.

3025 2297 3067 2347 P
3112 2297 3189 2347 E'.

2336 2384 2447 2440 Τοῦ
2471 2386 2658 2439 αὐτου
2697 2383 3021 2451 Ἐπιστολὴ
3051 2297 3201 2451 σξιρὸς
3224 2386 3554 2453 Μαριανόνο
3579 2385 3668 2438 καὶ
3686 2383 3857 2453 Attilae

2398 2473 2506 2524 τος
2542 2453 2676 2522 περὶ
2699 2454 2817 2508 τῶν
2842 2454 2951 2509 δύο
2972 2452 3341 2524 θελημάτων,
3369 2455 3472 2509 καὶ
3514 2454 3628 2509 τῶν
3656 2453 3754 2509 δύο
3776 2452 3856 2506 ἐπὶ

2400 2523 2654 2592 Χριστοῦ
2684 2523 3010 2595 ἐνεργειῶν.

2412 2614 2753 2684 Ἀνεγνώσθη
2779 2615 2872 2669 τοῦ
2900 2615 3064 2669 αὐτοῦ
3097 2615 3254 2684 ἁγίου
3299 2615 3495 2687 ἀνδρὸς
3531 2615 3792 2683 Ἐπιστολὴ
3821 2614 3856 2647 ’τ

2335 2704 2618 2777 (Μαριανῷ
2650 2705 3007 2777 πρεσϐυτέρῳ
3038 2706 3538 2778 προσπεφώνηται),
3560 2704 3665 2781 ὲνῇ
3689 2707 3857 2779 περίτε

2334 2797 2567 2865 φυσικοῦ
2597 2796 2901 2867 θελήματος
2932 2800 3049 2869 ἦτοι
3077 2798 3347 2868 θελήσεως
3394 2800 3613 2866 διέξεισι
3636 2801 3723 2853 καὶ
3752 2799 3853 2869 βου-

2333 2888 2541 2959 λήσεως
2567 2889 2660 2942 καὶ
2696 2889 2890 2960 βουλῆς
2910 2892 3027 2961 ἦτοι
3051 2889 3404 2960 βουλεύσεως,
3449 2891 3575 2961 περί
3602 2908 3658 2943 τε
3693 2907 3858 2960 προαι-

2337 2981 2561 3053 ρέσεως,
2590 2980 2687 3033 καὶ
2717 2982 2845 3052 περὶ
2869 2982 3030 3035 τίνων
3060 2982 3445 3053 βουλευόμεθα,
3483 2984 3577 3038 καὶ
3601 2982 3721 3052 περὶ
3743 2979 3859 3049 γνώ-

2338 3089 2445 3143 μης
2491 3072 2585 3126 καὶ
2611 3072 2859 3137 ἐξουσίας
2888 3075 2981 3126 καὶ
3006 3075 3183 3145 δόξης,
3234 3078 3329 3128 καὶ
3366 3077 3498 3147 περὶ
3548 3078 3859 3146 φρονήματος

660 3172 762 3226 hoc
805 3181 908 3236 est,
950 3172 1298 3240 providentia
1332 3187 1345 3222 :
1380 3179 1433 3223 et
1461 3168 1733 3240 quomodo
1775 3184 1879 3223 non
1926 3185 2022 3239 per
2049 3170 2225 3224 omnia

2334 3164 2509 3217 εῑτουν
2530 3168 2843 3235 φρονήσεως
2862 3181 2876 3196 ο
2910 3168 3005 3218 καὶ
3035 3166 3108 3230 ὠς
3147 3167 3207 3219 οὐ
3232 3168 3374 3222 κα.τά
3410 3168 3587 3222 πάντα
3612 3168 3791 3237 τρόπον
3813 3164 3860 3215 ἓν

647 3270 778 3330 ῳοει
827 3262 1282 3316 resurrectionem
1328 3275 1439 3315 una
1490 3261 1596 3314 erit
1638 3275 1701 3314 ac
1741 3269 1929 3314 mutua
1984 3259 2231 3316 voluntas

651 3361 968 3407 sanctorum
1016 3362 1179 3421 atque
1225 3352 1342 3417 Dei,
1394 3366 1496 3406 nec
1558 3366 1664 3404 una
1720 3366 1808 3406 res
1869 3366 2029 3420 quam
2064 3351 2233 3407 velint

654 3456 865 3507 omnes,
924 3451 983 3495 ut
1023 3441 1239 3510 quidam
1274 3450 1527 3495 asserunt
1579 3455 1597 3494 ι
1644 3439 1841 3510 quibus
1886 3439 2229 3494 undecimum

656 3531 867 3587 accedit
916 3540 1073 3601 caput
1117 3548 1134 3587 :
1198 3529 1313 3586 Non
1344 3544 1499 3600 posse
1540 3545 1702 3585 unam
1741 3529 1959 3585 Christo
2007 3529 2228 3584 attribui

657 3621 1011 3686 voluntatem,
1039 3621 1153 3674 sive
1179 3621 1480 3676 naturalem
1523 3621 1748 3684 dixeris.
1780 3620 1895 3675 sive
1926 3619 2228 3684 electivam,

654 3724 716 3766 ut
742 3711 1060 3782 quibusdam
1087 3712 1259 3767 visum
1290 3722 1392 3767 est.
1422 3713 1549 3768 Hmc
1575 3714 1665 3768 illa
1695 3713 1945 3782 epistola,
1973 3727 2091 3782 qua:
2122 3727 2229 3765 non

654 3801 723 3853 ad
746 3809 946 3853 rectam
971 3801 1129 3856 modo
1155 3801 1472 3873 religionem
1502 3804 1728 3858 multum
1762 3802 1920 3858 aﬂ‘ert
1947 3804 2227 3865 momenti,

656 3890 749 3944 sed
773 3891 936 3945 etiam
958 3891 1024 3945 ad
1041 3892 1173 3949 alias
1196 3895 1390 3951 multas
1429 3896 1788 3966 pulchrasque
1813 3894 2228 3963 contemplatio-

657 3998 753 4037 nes
785 3984 931 4038 utilis
956 3996 1057 4041 est.

725 4075 921 4132 Lectus
945 4092 1157 4148 quoque
1188 4080 1237 4134 iu
1274 4080 1460 4135 eodem
1512 4078 1631 4148 ipso
1658 4077 1930 4133 volumine
1969 4076 2226 4145 Dialogus

655 4167 718 4220 de
739 4167 936 4236 duplici
958 4170 1023 4223 in
1060 4171 1267 4224 Christo
1300 4181 1349 4225 et
1374 4169 1636 4225 voluntate
1692 4181 1738 4223 et
1768 4170 2065 4237 Operatione
2087 4167 2223 4237 (55).

653 4258 904 4316 Persona:
935 4270 1115 4317 autem
1150 4264 1477 4318 inducuntur
1524 4248 1768 4333 Pyrrhus
1803 4270 1859 4315 et
1912 4258 2221 4313 Maximus:

650 4367 883 4420 quorum
909 4354 996 4410 hic
1022 4357 1239 4425 quidem
1258 4355 1619 4410 orthodoxam
1647 4361 1826 4408 tuetur
1855 4350 2178 4406 sententiam
2203 4366 2220 4418 ;

650 4442 740 4497 ille
783 4457 935 4510 vero,
965 4447 1066 4500 etsi
1122 4446 1497 4499 haereticorum
1540 4450 1838 4511 propugnat
1891 4439 2219 4508 opinionem,

2332 3255 2482 3307 ἔσται
2508 3256 2644 3325 μετά
2666 3255 2764 3325 τὴν
2794 3257 3090 3310 ἀνάστασιν
3115 3258 3176 3311 τὸ
3206 3258 3418 3329 θέλημα
3458 3260 3593 3329 πρὸς
3633 3256 3861 3327 ἀλλήλους

2330 3343 2439 3395 τῶν
2472 3346 2643 3412 ἁγίων
2666 3346 2760 3397 καὶ
2786 3344 2879 3399 τοῦ
2914 3346 3070 3410 Θεοῦ,
3101 3348 3202 3400 κᾶν
3230 3349 3276 3380 ⁹⁸
3305 3347 3436 3422 [512
3461 3348 3552 3421 IL]
3574 3349 3628 3400 ἓν
3656 3348 3710 3399 τὸ
3730 3346 3861 3414 θελη-

2312 3435 2423 3489 ·θὲν
2450 3437 2673 3505 ἅπασιν,
2715 3436 2789 3500 ὥς
2840 3455 2983 3500 τινες
3035 3438 3277 3507 λέγουσι.
3329 3441 3444 3493 Καὶ
3489 3442 3754 3494 ἑνδέκατον
3786 3437 3861 3490 ἐπὶ

2328 3529 2534 3592 τούτοις
2588 3530 2900 3599 κεφάλαιον,
2969 3533 3163 3603 ὅτιπερ
3208 3532 3265 3585 ἓν
3306 3532 3518 3604 θέλημα
3565 3534 3622 3586 ού
3672 3532 3859 3585 δύναται

2329 3622 2421 3675 ἐπὶ
2442 3623 2679 3694 Χριστοῦ
2700 3623 2984 3691 λέγεσθαι,
3006 3624 3113 3676 εἴτε
3134 3627 3360 3693 φυσικὸν
3384 3627 3495 3680 εἴτε
3519 3623 3860 3696 προαιρετικὸν

2328 3716 2518 3786 λεχθῇ,
2545 3714 2624 3779 ὥς
2668 3733 2809 3769 τισιν
2844 3716 3043 3783 ἔδοξεν.
3076 3717 3223 3787 Αῦτη
3277 3718 3377 3785 μὲν
3420 3720 3453 3787 η
3507 3717 3775 3785 ἐπιστολή·
3808 3712 3857 3764 ού

2330 3807 2490 3877 μόνον
2515 3805 2559 3858 δ’
2580 3807 2660 3869 είς
2690 3805 2971 3860 εὐσέϐειαν
3001 3806 3136 3859 πολὺ
3165 3806 3227 3859 τὸ
3267 3808 3527 3877 χρειῶδες
3571 3807 3857 3877 παρέχεται,

2325 3894 2463 3948 ἀλλά
2491 3897 2587 3949 καὶ
2611 3896 2690 3959 είς
2719 3896 2884 3961 ἄλλας
2914 3897 3115 3963 πολλὰς
3143 3898 3237 3951 καὶ
3267 3898 3442 3963 καλὰς
3469 3899 3714 3970 θεωρίας.

2405 4074 2744 4145 Ἀνεγνὼσθη
2775 4073 2818 4128 δ’
2846 4075 2904 4129 ἐν
2930 4074 3010 4147 τῷ
3032 4074 3183 4147 αύτῷ
3215 4074 3400 4148 τεύχει
3433 4077 3711 4147 Διάλογος
3742 4074 3855 4142 περὶ

2322 4165 2443 4221 τῶν
2490 4166 2600 4221 δύο
2655 4168 3004 4237 θελημάτων
3041 4168 3142 4221 καὶ
3185 4168 3303 4222 τῶν
3341 4169 3455 4225 δύο
3493 4169 3590 4224 ἐπὶ
3630 4166 3855 4239 Χριστοῦ

2321 4259 2650 4330 ἐνεργειῶν.
2696 4261 2778 4313 Τὰ
2808 4261 3074 4331 πρόσωπα
3110 4261 3168 4315 δὲ
3209 4261 3255 4294 ⁸⁸
3298 4263 3391 4316 τοῦ
3442 4264 3685 4332 διαλόγου
3731 4262 3854 4332 Πύρ-

2323 4348 2411 4416 ῥος
2425 4345 2556 4417 [264
2580 4344 2673 4417 Η.]
2699 4349 2794 4401 καὶ⁵
2818 4341 3179 4418 Μάξιμος,ὦν
3201 4351 3229 4402 ό
3261 4350 3360 4419 μὲν
3384 4352 3486 4421 τῆς
3505 4350 3854 4423 ὀρθοδοξούσης

2321 4438 2646 4509 προΐσταται
2662 4438 2907 4509 γνώμης,
2929 4440 3143 4512 Πύρρος
3171 4441 3226 4494 δὲ
3252 4440 3348 4494 τοῦ
3377 4442 3732 4512 αίρετίζοντος
3748 4443 3853 4494 ἀντ-

650 4544 829 4589 tnmen
870 4538 1021 4605 quasi
1046 4538 1391 4591 consentiens
1413 4548 1533 4589 cum
1581 4532 1915 4596 orthodoxis,
1938 4530 2219 4600 enthyme-

2329 4530 2575 4600 εχόμενος
2609 4532 2955 4602 φρονήματος
2980 4572 2995 4597 ,
3020 4533 3189 4602 ὅμως,
3216 4533 3407 4606 ὥσπερ
3435 4535 3772 4607 συνεχόμενός
3799 4549 3851 4585 τε

649 4635 793 4679 mala
821 4642 885 4681 ac
913 4627 1161 4697 dogmata
1191 4640 1289 4696 pro
1326 4636 1469 4680 recta
1498 4622 1765 4677 sententia
1813 4620 1968 4676 aﬂ'ert
1994 4638 2007 4674 :
2036 4620 2211 4673 fassus

2329 4618 2409 4670 ιαὶ
2445 4619 2896 4689 συνελαυνόμενος
2915 4624 3029 4683 τοῖς
3054 4622 3429 4692 όρθοδοξοῦσιν
3445 4625 3778 4697 ,ὲνθυμήμασί
3798 4640 3848 4676 τε

636 4718 883 4790 ingenue
943 4734 1002 4774 se
1052 4720 1206 4775 initio
1247 4734 1352 4773 non
1405 4728 1553 4773 recte
1612 4715 1868 4771 sensisse.
1900 4714 2019 4782 Ipsa
2058 4726 2217 4781 porro

2329 4708 2415 4760 καὶ
2428 4707 2660 4777 δόγμασι
2698 4710 2738 4775 ¹,
2757 4708 2963 4763 τίθεται
2983 4713 3048 4780 τῇ
3071 4712 3321 4785 εὐσεϐείᾳ
3336 4752 3351 4778 ,
3371 4715 3710 4787 ἀνομολογῶν
3744 4715 3852 4765 ἑαυ-

646 4810 821 4863 oratio
846 4807 1031 4863 Romae
1068 4807 1181 4879 (56)
1210 4823 1331 4865 eum
1364 4808 1565 4861 indicat
1593 4807 1661 4860 ad
1697 4805 1837 4859 hanc
1874 4801 2217 4857 descendisse

2329 4796 2411 4849 τὸν
2471 4797 2573 4850 οὐκ
2607 4796 2783 4866 ὀρθῶς
2841 4802 3245 4870 πεφρονηκέναι
3271 4802 3339 4856 τὰ
3370 4804 3652 4876 πρότερον.
3706 4803 3784 4856 Ἐν
3802 4800 3851 4853 δὲ

630 4898 1066 4968 disputationem
1094 4913 1108 4950 :
1135 4906 1483 4966 posteaquam
1508 4895 1761 4951 nimirum
1795 4894 1908 4963 ipse
1921 4888 2215 4963 [Pyrrhus]

2329 4891 2391 4957 τῇ
2438 4886 2626 4958 Ῥώμῃ
2653 4886 2817 4942 αὑτὸν
2846 4890 2875 4943 ὁ
2901 4890 3061 4959 λόγος
3097 4892 3369 4948 δείκνυσιν
3405 4895 3691 4966 ἀφικέσθαι
3733 4891 3849 4963 πρὸς

1910 5022 2141 5078 VARUE
2178 5018 2581 5075 LECTIONES.

716 5130 761 5161 ⁹⁶
793 5129 871 5192 είς
897 5127 958 5180 τὸ
1004 5126 1128 5180 add.
1156 5129 1220 5181 A.
1306 5128 1350 5159 "'
1380 5124 1634 5195 ἐπιστολὴ
1661 5124 1783 5195 ἣτις
1808 5123 1957 5194 Μαρ.
1990 5138 2053 5184 ς.
2144 5117 2189 5150 ⁸⁸
2223 5116 2327 5170 κᾶν
2354 5118 2401 5168 Α
2431 5133 2445 5170 :
2484 5114 2579 5168 καὶ
2606 5133 2664 5180 ς.

2770 5116 2815 5148 θ’
2837 5116 2906 5170 τὰ
2938 5118 3206 5189 πρόσωπα
3248 5121 3305 5175 δὲ
3330 5124 3375 5177 Α
3408 5141 3422 5178 :
3449 5123 3545 5178 καὶ
3591 5123 3654 5178 τὰ
3701 5120 3848 5193 πρόσ-

644 5217 768 5253 ωπα
808 5194 884 5263 ςί
959 5199 976 5230 ⁸
1009 5197 1363 5270 ἐνθυμηματὰ
1385 5194 1713 5267 -δόγματα
1748 5212 1811 5258 ς.

2139 5296 2374 5356 NOTAE.

717 5413 830 5483 (50)
859 5413 922 5467 Ει
947 5414 1162 5482 quidem
1194 5411 1363 5483 prima
1397 5411 1537 5482 (qua:
1562 5418 1646 5464 est
1676 5408 1729 5462 in
1758 5405 1899 5461 Billii
1949 5402 2079 5459 edit.
2114 5401 2206 5472 55)
2311 5396 2692 5483 postprineip.
2774 5468 2789 5483 _
2824 5482 2831 5483 ί
2860 5482 2865 5483 γ
2970 5480 2977 5483 Α
3075 5472 3088 5483 _
3128 5480 3136 5483 Α
3197 5472 3211 5483 _
3235 5472 3274 5483 ﬁ
3316 5470 3375 5483 Ν
3616 5472 3628 5483 _
3662 5470 3693 5483 Α
3731 5469 3742 5482 .

646 5468 1066 5555 ips-smmis
1194 5468 1212 5483 ‘
1400 5468 1450 5482 "
2003 5543 2104 5555 ..
2186 5468 2194 5472 '
2387 5468 3539 5555 .<§:.‘.),1."i"""1h2‘=esteeie-‘B-Penys-
3564 5472 3628 5555 θα
3657 5469 3843 5555 Caium.

717 5554 830 5626 (51)
871 5538 1087 5610 Decima
1117 5554 1269 5610 tertia
1291 5566 1533 5618 numero,
1584 5548 1721 5619 apud
1753 5545 1966 5602 Billium
2003 5545 2055 5599 in
2091 5543 2206 5614 ipso
2312 5612 2324 5625 .
2372 5541 2493 5626 ζ(55)
2524 5538 2712 5626 (3:51:00
2734 5539 2977 5626 Latinum
3000 5538 3167 5597 edidit
3192 5546 3339 5599 card.
3370 5538 3566 5595 Baron.
3593 5554 3712 5596 tom.
3740 5539 3848 5604 \‘lll,

637 5608 784 5679 me‘d.
812 5608 826 5626 ι
873 5608 877 5609 ν
1044 5608 1085 5609 π
1518 5608 1530 5618 ι
1621 5608 1634 5619 ·
2109 5608 2128 5614 “
2312 5608 2756 5685 ὶηιέτρι-χίῖιόης.
2794 5608 3074 5685 Τυττὶθιιο.

720 5696 833 5765 (5‘2)
861 5694 1039 5752 Prima
1076 5696 1141 5750 de
1171 5695 1307 5749 Filio
1343 5696 1441 5748 sub
1469 5693 1560 5765 lin.
1681 5760 1692 5765 _
1756 5758 1854 5765 ____
1959 5759 1991 5765 __
2363 5684 2502 5765 _(56)
2538 5684 2648 5765 [tuo
2703 5682 3002 5765 itLdfrica,
3041 5694 3101 5740 ut
3147 5686 3300 5743 docet
3337 5686 3532 5740 Baron.
3568 5691 3692 5739 tom.
3731 5679 3847 5745 Vill,

855 5767 1128 5841 Legnntur
1156 5770 1267 5821 haec
1287 5775 1426 5819 orat.
1465 5764 1632 5818 altera
1661 5760 1727 5817 de
1756 5758 1894 5816 Filio
1925 5759 2200 5828 aliquanto
2310 5761 2375 5815 ad
2413 5772 2539 5810 ann.
2579 5754 2709 5808 Chr.
2737 5754 2857 5807 645.
