4038 6402
213 454 303 517 657

994 422 1009 433 ⁸
1047 468 1660 536 BIBLIOTHECA.—
1697 479 1914 541 cono.
1955 471 2535 557 cxcxv,cxcxv1.'

3311 491 3429 555 658»

205 570 294 636 τὴν
322 568 570 635 διάλεξιν,
601 571 721 640 μεθ’
749 566 811 626 οὗ
835 569 902 643 ἦν
929 576 949 605 ¹
990 577 1152 641 αὐτὸς
1196 581 1374 653 ἑαυτῷ
1407 585 1584 655 φυγὴν
1625 589 1748 641 ἐπιο
1778 639 1784 650 ε

1851 590 2045 645 exsilio
2073 592 2176 647 sibi
2199 593 2400 648 Iudicto
2427 593 3021 665 Constantinopolitana
3044 600 3169 655 sede
3192 604 3414 661 excidit.

203 658 368 712 ϐαλὼν
393 660 486 713 τοῦ
541 662 563 693 ⁸
609 664 1229 735 Κωνσταντινουπόλεως
1276 672 1503 737 ἐξέπεσε
1536 676 1749 748 θρόνου.

209 750 266 805 '0
299 752 484 822 μέντοι
549 754 794 825 διάλογος
832 760 913 822 εἰς
954 760 1014 813 τὸ
1070 764 1461 836 ταπεινότερόν.
1508 770 1626 823 ἐστι
1676 771 1753 824 δι-

199 842 604 913 εσκευασμένος,
620 844 729 897 εἴτε
749 845 809 899 τὸ
836 847 1180 919 αὐτοσχέδιον
1206 850 1316 904 τῶν
1335 853 1713 925 διειλεγμένων
1730 857 1752 889 ⁸

195 932 470 997 διασώζειν
490 935 747 1006 ἀκέραιον
775 936 1102 1008 βουλομένου
1134 940 1230 995 τοῦ
1274 946 1747 1015 συγγεγραφότος,

194 1025 296 1077 εἴτε
326 1025 419 1078 καὶ
449 1027 637 1099 ἕτερόν
665 1046 717 1081 τι
744 1028 1215 1101 διοικονομοῢντος
1233 1049 1249 1064 ο
1273 1034 1342 1088 δι’
1389 1035 1535 1110 ἆπερ
1558 1038 1666 1092 οὐδ’
1697 1041 1746 1093 οῖ

192 1114 525 1186 διαλεκτικῆς
571 1118 594 1149 ⁸
618 1119 767 1191 αύτῷ
789 1121 943 1192 νόμοι
992 1122 1237 1193 εὐμενῶς
1284 1125 1530 1183 θέλουσιν
1580 1129 1748 1201 ἔχειν.

192 1205 328 1276 Πλὴν
347 1207 447 1261 καὶ
460 1206 604 1263 οὕτω
619 1211 878 1281 χρειῶδες
901 1215 1014 1280 τοῖς
1033 1215 1284 1270 εὐσεϐέσι
1305 1217 1367 1271 τὸ
1386 1219 1682 1292 ἀγώνισμα
1704 1224 1747 1280 ⁸.

846 1305 1028 1371 Ριιςι.

392 1392 510 1447 Τοῦ
538 1391 609 1447 ἐν
631 1392 1184 1468 ἁγίοιςἜφραιμίου
1212 1401 1389 1472 Λόγοι
1418 1402 1537 1472 μθ’.

261 1481 708 1555 Ἀνεγνὼσθησαν
732 1485 828 1539 τοῦ
873 1489 932 1543 ἐν
969 1490 1145 1559 ἁγίοις
1196 1492 1437 1564 Ἐφραὶμ
1481 1494 1663 1565 Λόγοι
1690 1493 1754 1552 9'

190 1574 279 1627 καὶ
299 1580 388 1629 M"
421 1569 501 1630 ὧν
528 1578 558 1630 6
586 1578 685 1647 μὲν
715 1580 772 1633 A’
803 1580 995 1634 ἑαυτόν
1018 1599 1080 1635 τε
1109 1585 1252 1636 ποιεῖ
1270 1584 1751 1657 ἁπολοφυρόμενον

187 1659 259 1728 οἷς
292 1666 445 1733 ἐϐίω,
481 1669 578 1723 καὶ
611 1670 773 1724 τόπον
801 1672 823 1703 ⁷
856 1672 1044 1743 ἐπέχει
1090 1675 1365 1745 προλόγου
1396 1677 1509 1731 τῶν
1550 1678 1750 1747 ἐφεξῆς

187 1761 574 1829 παραινέσεων.
620 1763 679 1817 '0
721 1763 779 1817 δέ
820 1764 876 1818 B'
921 1768 1032 1830 τοῖς
1074 1768 1133 1820 ἐν
1189 1769 1442 1838 κοινοϐίῳ
1501 1771 1750 1842 ἀδελφοῖς

186 1849 498 1919 παραίνεσὶν
547 1853 694 1907 ἐστιν
740 1856 1145 1927 εἰσηγούμενος.
1190 1859 1565 1931 Προτρέπεται
1610 1863 1748 1934 πρὸς

186 1942 453 1996 εὐσέϐειαν
482 1945 510 1997 6
542 1943 617 2001 l".
667 1947 725 2000 '0
753 1947 811 2001 δὲ
838 1950 892 2001 A'
913 1950 1040 2013 τοὺς
1090 1950 1201 2004 τῶν
1236 1952 1486 2023 μοναχῶν
1522 1955 1739 2024 εἰσαγο-

188 2038 363 2103 μένους
388 2044 672 2110 στοιχειοῖ,
713 2043 808 2097 καὶ
837 2045 865 2097 6
886 2044 941 2096 E’
971 2046 1066 2099 καὶ
1085 2048 1112 2099 6
1137 2046 1210 2114 (τ’
1238 2048 1333 2101 καὶ
1358 2049 1386 2101 6
1409 2051 1464 2103 Z'
1498 2048 1593 2102 καὶ
1628 2051 1657 2103 6
1678 2051 1738 2102 H'

186 2130 268 2181 καὶ
293 2132 320 2183 6
340 2130 418 2185 Θ.
456 2132 751 2187 Ἐπίκοινοι
776 2135 798 2166 ⁸
829 2135 888 2188 δέ
915 2154 1031 2200 πως
1053 2135 1129 2190 δι’
1156 2138 1252 2193 καὶ
1271 2140 1299 2192 6
1326 2140 1410 2193 IA'
1431 2142 1452 2173 ’
1470 2142 1563 2194 καὶ
1588 2143 1616 2194 6
1638 2141 1739 2196 IB’.

186 2219 550 2291 Εἰσαγωγικὺς
583 2224 626 2256 ¹⁰
675 2224 720 2277 δ’
772 2226 972 2296 ὁμοίως
1027 2229 1123 2283 καὶ
1167 2231 1196 2284 6
1252 2228 1331 2284 II"
1378 2232 1474 2285 καὶ
1523 2234 1552 2287 6
1580 2234 1679 2300 lA',
1714 2234 1744 2286 ὃ

185 2328 234 2363 τε
261 2312 333 2365 IE'
360 2314 468 2369 κα)⁸
500 2316 599 2382 ις’
631 2319 723 2373 καὶ
752 2319 828 2371 IZ'
846 2319 942 2373 καὶ
969 2321 1054 2375 IH'
1078 2321 1172 2375 καὶ
1189 2321 1267 2375 ῐΘ¹
1291 2322 1333 2354 ¹¹
1367 2324 1472 2388 ἓως
1496 2324 1590 2377 τοῦ
1613 2325 1740 2380 Kl".

188 2398 302 2457 εἶτα
319 2404 348 2456 6
373 2405 510 2476 ἐξῆς
532 2408 715 2479 κοινὴν
737 2412 1060 2481 παραίνεσιν
1080 2413 1415 2484 ἀπογράφει.
1452 2414 1511 2468 '0
1528 2416 1584 2469 δέ
1608 2418 1742 2484 ΚΕ¹,

172 2492 254 2546 γὸτι
290 2495 362 2566 μὴ
384 2495 475 2549 δεῖ
491 2497 691 2564 τόπους
718 2500 988 2572 ἀμείϐειν,
1013 2504 1112 2576 τὴν
1134 2506 1459 2576 παραίνεσιν
1482 2511 1740 2564 ποιεῖται.

199 2583 246 2637 '0
269 2586 321 2638 δὲ
347 2589 493 2654 Kﬂ',
524 2589 607 2643 ὃτι
637 2591 712 2661 μὴ
743 2593 826 2646 δεῖ
852 2593 943 2647 τὸν
984 2595 1302 2652 ἀποστάντα
1330 2598 1429 2651 τοῦ
1472 2601 1743 2655 κοινοϐίου

191 2676 590 2748 ὑποστρέφοντα
623 2685 720 2737 καὶ
763 2686 1237 2759 μεταϐαλλόμενον
1282 2691 1640 2747 ἀπωθεῖσθαι.
1684 2692 1743 2746 '0

187 2768 234 2819 δὲ
259 2769 359 2822 ΚΘ¹
382 2772 446 2836 ἐξ
482 2773 725 2844 ἱστορίας
744 2779 1119 2851 γεγενημένης
1134 2774 1245 2835 οἷόν
1273 2783 1388 2835 ἐστι
1410 2782 1577 2837 κακὸν
1597 2801 1743 2854 παρ-

189 2855 377 2929 ίστησιν
415 2863 460 2933 ἡ
523 2865 798 2937 παρακοὴ,
847 2866 942 2921 καὶ
974 2869 1058 2923 ὅτι
1092 2870 1137 2901 ¹²
1170 2870 1251 2923 δεῖ
1286 2870 1378 2925 τὸν
1417 2873 1744 2943 Χριστιανὸν

189 2950 531 3023 μσκρόθυμον
578 2955 677 3008 κα)⁴
724 2959 1093 3029 μνησικακίας
1124 2960 1359 3031 κρείττω
1400 2959 1561 3021 εἶναι.
1590 2967 1655 3019 '0
1684 2964 1744 3020 A'

187 3042 297 3112 περὶ
328 3044 552 3113 παθῶν,
592 3047 674 3100 ὅτι
694 3048 774 3102 δεῖ
812 3050 1033 3120 φεύγειν
1058 3054 1220 3108 αὐτὰ.
1270 3055 1326 3110 '0
1357 3057 1463 3109 AA'
1489 3057 1565 3120 ὡς
1599 3057 1643 3089 ¹³
1665 3059 1746 3112 δεῖ

187 3134 293 3198 τοὺς
317 3136 726 3210 ὀλιγωροῦντας
775 3146 1137 3210 παρακαλεῖν.
1178 3146 1241 3200 '0
1267 3147 1371 3201 AB’
1411 3149 1488 3212 ὡς
1517 3151 1575 3203 ἐν
1596 3148 1746 3204 ἀντι-

1853 679 2235 738 Verumtamen
2264 684 2504 753 dialogus
2532 686 2620 742 hic
2642 687 2935 744 humiliore
2959 699 3042 745 est
3076 697 3415 763 conscriptus

1852 774 2013 845 etylo,
2047 775 2162 829 sive
2186 776 2326 844 quod
2372 777 2741 833 sinceritatem
2774 783 3043 836 sermonis
3075 798 3140 837 ex
3176 794 3432 855 tempore

1853 863 2035 918 habiti»
2060 868 2279 921 servare
2302 876 2498 922 auctor
2525 870 2749 933 studuit,
2776 871 2891 927 sive
2920 874 3053 943 quid
3092 874 3232 930 aliud
3256 876 3417 931 insti-

1854 953 1975 1017 tuit,
2015 968 2137 1009 cum
2188 971 2257 1011 ne
2291 956 2586 1013 dialectica:
2611 961 2829 1028 quidem
2874 961 3022 1031 leges
3070 964 3205 1018 satis
3233 980 3417 1019 serva-

1851 1044 1944 1100 rit.
1994 1045 2313 1116 Quanquam
2362 1049 2525 1105 etiam
2580 1050 2654 1106 ita
2703 1052 2849 1108 utilis
2884 1054 2957 1109 sit
2985 1055 3095 1125 piis
3113 1057 3429 1113 hominibus

1852 1135 1970 1193 haec
1994 1130 2309 1209 disputatio.

2517 1415 2759 1478 CXCVI.

2270 1494 2524 1563 Ephraim
2555 1499 2601 1551 ιι
2608 1502 2803 1556 omiliaa
2845 1519 2995 1560 xui.

1923 1586 2173 1659 Legimus
2192 1592 2370 1644 sancti
2400 1590 2652 1660 Ephraim
2674 1594 2789 1666 (57)
2809 1595 3087 1653 Sermones
3113 1597 3415 1668 undequin-

1850 1679 2127 1747 quaginta.
2168 1679 2404 1746 Quorum
2445 1682 2649 1751 primus
2683 1686 2799 1756 (58)
2830 1686 3200 1756 deplorantem
3238 1688 3431 1756 ipsum.

1848 1770 2056 1826 inducit
2119 1786 2241 1841 qua:
2290 1773 2579 1829 admiserat
2640 1776 2693 1830 in
2753 1778 2901 1842 vita,
2950 1787 3004 1832 et
3074 1781 3414 1846 sequentium

1849 1862 2103 1931 deinceps
2142 1865 2565 1920 admonitionum
2617 1868 2823 1939 prologi
2869 1868 3038 1923 vicem
3078 1870 3297 1938 praebet.
3346 1870 3411 1923 II.

1773 1935 1816 1991 Β
1847 1950 2142 2009 Fratribus
2171 1954 2226 2009 in
2250 1955 2500 2010 coenobio
2521 1935 2843 2025 degentibus
2862 1935 3169 2014 adhortatio
3187 1969 3291 2012 est.
3320 1958 3414 2012 lll.

1842 2044 1924 2099 Ad
1957 2046 2214 2114 pietatem
2244 2045 2457 2101 invitat.
2485 2047 2572 2101 IV.
2598 2047 2703 2103 Eos
2732 2048 2866 2119 (58')
2902 2051 2991 2119 qui
3029 2053 3095 2105 ad
3120 2055 3435 2105 monachos

1841 2137 2076 2206 primum
2125 2139 2483 2205 adducuntur,
2533 2140 2845 2195 informat:
2895 2152 2951 2197 ut
2993 2143 3157 2198 etiam
3198 2140 3265 2205 V,
3324 2139 3413 2204 Vl.

1843 2228 1959 2293 VII,
2006 2240 2063 2285 et
2091 2229 2222 2296 VIII,
2270 2230 2464 2301 quibus
2506 2242 2561 2286 et
2592 2232 2662 2296 X,
2712 2234 3108 2303 quodammodo
3142 2232 3417 2289 consentit

1844 2331 2007 2391 atque
2058 2321 2126 2377 XI
2171 2323 2309 2394 (59).
2353 2322 2469 2390 XII,
2531 2324 2778 2379 similiter
2832 2326 3253 2381 introduclorius
3308 2337 3431 2390 est,-

1842 2418 1899 2467 et
1951 2411 2091 2477 XIII,
2141 2412 2285 2477 XIV,
2314 2413 2430 2477 XV,
2464 2411 2602 2478 XVI,
2647 2413 2806 2480 XVII,
2841 2413 3030 2480 XVIII,
3063 2414 3201 2479 XIX,
3243 2430 3423 2485 usque

1844 2504 1909 2559 ad
1957 2504 2125 2559 XXIII
2147 2504 2284 2575 (60).
2354 2505 2488 2560 Nam
2531 2506 2622 2575 qui
2671 2506 2922 2576 deinceps
2966 2509 3229 2576 sequitur,
3263 2524 3417 2561 com-

1841 2612 2058 2651 munem
2110 2598 2354 2651 continet
2401 2597 2842 2655 admonitionem.
2902 2598 3093 2668 160.1
3151 2598 3220 2652 At
3267 2597 3413 2653 XXV
3475 2607 3479 2611 '

1846 2704 1955 2742 non
1990 2698 2247 2757 oportere
2281 2688 2390 2759 (61)
2429 2689 2603 2744 locum
2634 2698 2845 2744 mutare
2874 2690 3145 2745 hortatur.
3172 2688 3413 2745 XXVIII.

1847 2779 2037 2853 (Num.
2064 2780 2180 2854 65.]
2200 2783 2317 2837 Non
2344 2795 2600 2855 oportere
2630 2782 2745 2854 (62)
2772 2784 2927 2839 docet
2964 2784 3196 2839 cmnobii
3228 2787 3415 2839 deser-

1847 2883 2018 2927 torem
2049 2875 2358 2929 redeuntem
2400 2890 2465 2930 ac
2497 2877 2845 2944 poenitentem
2874 2876 3185 2945 repudiare.
3245 2874 3416 2929 XXIX

1849 2963 2040 3037 [Num.
2092 2965 2209 3039 6L]
2234 2966 2307 3021 Ex
2349 2968 2574 3023 historia
2618 2979 2766 3039 gesta
2798 2968 2981 3032 refert,
3003 2983 3165 3037 quam
3196 2967 3265 3022 sit
3289 2983 3414 3036 per-

1848 3056 2111 3111 niciosum
2176 3059 2587 3125 praesidentibus
2650 3075 2753 3115 non
2800 3060 3019 3115 obedire
3090 3077 3103 3114 :
3162 3069 3416 3126 oportere

1852 3145 2045 3219 [Num.
2092 3148 2432 3220 681quoqne
2477 3150 2846 3207 Christianum
2901 3151 3035 3205 iram
3092 3149 3326 3215 differre,
3361 3159 3416 3204 et

188 3224 321 3298 λογίᾳ
354 3234 420 3302 τῇ
464 3233 789 3307 σωφροσύνῃ
822 3237 918 3290 καὶ
961 3238 1157 3311 ἁγνείᾳ
1184 3241 1244 3293 τὸ
1291 3241 1495 3309 κράτος
1525 3243 1619 3297 καὶ
1646 3243 1744 3314 τὴν
1771 3272 1784 3321 ς

1851 3240 2170 3307 iniuriarum
2246 3244 2513 3299 oblivisci.
2588 3242 2759 3301 XXX.
2837 3242 2915 3298 De
2989 3242 3429 3313 perIurbationi--

193 3318 321 3390 ἰσχὺν
351 3322 592 3391 βεϐαιοῖ.
647 3327 756 3380 Καὶ
801 3327 831 3380 6
878 3329 979 3383 AI"
1032 3332 1163 3403 περὶ
1197 3333 1418 3401 ἁγνείας
1464 3339 1741 3407 παραινεῖ.

197 3407 246 3462 '0
268 3413 359 3464 ΛΔ¹
388 3414 431 3445 ⁸⁸
470 3413 571 3485 τήν
597 3416 830 3488 ἡσυχίαν
856 3419 1108 3490 προξενεῖ
1129 3425 1241 3486 τοῖς
1277 3423 1491 3478 θέλουσι
1532 3426 1577 3457 ⁸³
1615 3443 1742 3480 συν·

192 3499 323 3555 ιέναι.
351 3504 474 3557 Καὶ
500 3507 528 3558 6
547 3507 651 3561 AE'
674 3511 799 3581 περὶ
827 3511 921 3564 τοῦ
956 3512 1031 3584 μὴ
1060 3514 1358 3584 ῥέμϐεσθαι
1388 3518 1746 3589 διαλαμϐάνει

189 3595 280 3657 toi;
302 3596 641 3669 ὀφθαλμοῖς·
673 3602 767 3655 καὶ
793 3601 869 3667 ὡς
914 3604 982 3657 δι’
1028 3608 1354 3677 ἐρωτήσεως
1400 3608 1742 3674 διδασκαλία,

190 3684 230 3737 εἰ
254 3686 314 3739 δι’
342 3691 566 3763 ἀποχῆς
590 3691 894 3763 βρωμάτων
924 3697 954 3749 6
983 3698 1086 3766 τῆς
1109 3700 1363 3768 πορνείας
1388 3703 1745 3772 καταργεῖται

191 3774 461 3851 λογισμὸς,
496 3783 593 3835 καὶ
624 3784 730 3837 τίνι
776 3785 941 3857 ἄλλῳ.
1001 3787 1058 3841 '0
1083 3788 1140 3842 δὲ
1168 3789 1212 3820 ¹⁶
1238 3791 1359 3857 AG’
1412 3795 1543 3862 περὶ
1570 3797 1747 3864 πραῢ-

190 3868 419 3936 παθείας.
476 3871 539 3926 '0
566 3872 624 3926 δὲ
657 3875 758 3928 AZ'
801 3876 937 3947 πρὸς
988 3878 1398 3944 ἁνυποτάκτους
1433 3882 1601 3947 ἐστὶν,
1648 3882 1745 3947 οὓς

190 3958 267 4010 καὶ
290 3962 673 4032 καταστέλλει,
706 3965 781 4036 μὴ
808 3967 945 4038 πρὸς
988 3968 1051 4022 τὸ
1078 3969 1305 4040 ἔσχατον
1324 3972 1425 4043 τῆς
1462 3973 1742 4039 ἀπωλείας

188 4051 719 4139 ἐκτραχηλισθέντας,
743 4058 821 4131 τῷ
844 4061 909 4114 ἐκ
932 4060 1068 4115 Θεοῦ
1094 4062 1245 4135 φόϐῳ
1271 4065 1365 4118 καὶ
1393 4065 1473 4135 τῷ
1494 4065 1589 4120 τοῦ
1619 4068 1747 4139 μέλ-

187 4135 345 4203 λοντος
376 4143 772 4218 δικαιωτηρίου
804 4149 1057 4221 κρίματι.
1098 4151 1228 4225 [515
1261 4153 1353 4227 IL]
1405 4155 1466 4211 Ὀ
1525 4157 1584 4211 δέ
1621 4135 1744 4227 *ΛΗΪ

186 4228 267 4299 τὴν
292 4233 474 4305 καλὴν
485 4236 768 4295 εὐλάϐειαν
795 4241 1121 4300 ἐκδιδάσκει.
1160 4245 1219 4301 '0
1242 4247 1300 4302 δὲ
1329 4247 1434 4303 ΛΘ¹
1458 4250 1595 4321 πρὸς
1613 4252 1744 4316 τοὺς

187 4320 236 4388 ἐξ
261 4326 473 4393 οἰκείας
500 4330 869 4399 ἐκπίπτοντας
908 4337 1170 4407 ἀμελείας
1204 4340 1301 4394 καὶ
1340 4320 1743 4414 προφασιζομέ-

186 4434 290 4483 νους
318 4423 632 4494 προφάσεις
678 4428 736 4480 ἐν
769 4428 1083 4499 ἁμαρτίαις.
1126 4432 1186 4485 '0
1214 4432 1273 4487 δὲ
1305 4432 1372 4488 Μ’
1416 4434 1556 4506 πρὸς
1583 4436 1743 4489 ἁδελ-

190 4511 275 4574 φόν
293 4514 446 4570 ἐστιν
471 4519 795 4583 ἐκπεσόντα,
818 4522 1061 4593 καὶπερὶ
1092 4525 1401 4594 μετανοίας.
1435 4526 1503 4581 '0~
1518 4526 1575 4580 δὲ
1598 4528 1739 4592 MA',

1848 3332 1947 3387 bus
1972 3332 2082 3404 (65)
2117 3335 2280 3389 animi
2325 3335 2611 3404 fugiendis.
2647 3335 2834 3390 XXXI.
2873 3335 3087 3407 [Num.
3128 3334 3258 3406 71.]
3306 3334 3415 3387 Ab-

1845 3423 1988 3491 jecto
2037 3427 2219 3481 animo
2253 3429 2343 3497 qui
2380 3430 2511 3494 sint,
2540 3444 2662 3484 esse
2713 3430 3085 3483 consolatione
3103 3428 3411 3495 erigendos.

1848 3513 2077 3569 XXXII.
2140 3516 2243 3572 Per
2292 3519 2775 3574 contradictionem
2836 3520 2951 3591 (64)
3016 3528 3142 3591 [qua
3201 3520 3423 3575 diabolo

1848 3607 2134 3674 quemdam
2197 3618 2584 3679 repugnantem
2653 3610 2895 3682 inducit]
2935 3613 3306 3679 temperantia
3361 3620 3416 3663 ct

1848 3698 2083 3751 castitati
2120 3700 2284 3754 robur
2313 3702 2571 3771 viresque
2596 3703 2763 3756 addit.
2792 3702 3033 3757 XXXIII.
3068 3701 3259 3775 [Ναηι.
3295 3702 3427 3776 51.1

1847 3787 1924 3842 De
1966 3789 2216 3846 castitate
2262 3805 2525 3862 prazcepui
2554 3796 2663 3847 dat.
2695 3792 2934 3849 XXXIV.
2967 3795 3216 3862 Quietem
3253 3804 3415 3864 atque

1846 3882 2120 3936 silentium
2172 3884 2239 3939 iis
2297 3888 2655 3953 commendat,
2691 3891 2783 3957 qui
2824 3890 3016 3959 degere
3057 3904 3159 3942 una
3201 3889 3424 3943 volunt-

1846 3972 2063 4029 XXXV.
2100 3974 2215 4030 Non
2239 3992 2359 4033 esse
2390 3980 2564 4034 oculis
2589 3984 2888 4052 vagandum
2918 3983 3096 4035 docet.
3153 3980 3425 4046 Quaedam

1845 4063 2750 4140 elianquasiadinterrogationem
2786 4072 2981 4125 factam
3013 4070 3296 4124 institutio.
3326 4070 3409 4123 An

1845 4157 2091 4213 ciborum
2134 4160 2461 4216 abstinentia
2495 4162 2872 4218 fornicationis
2904 4162 3189 4231 frangatur
3216 4163 3414 4231 cogita-

1844 4249 1942 4315 tio,
1974 4260 2030 4307 et
2055 4267 2158 4321 qua
2190 4268 2248 4308 re
2271 4253 2397 4309 alia.
2428 4254 2663 4309 XXXVI.
2689 4253 2878 4326 [Num.
2915 4255 3032 4325 74.]
3065 4254 3138 4307 De
3168 4268 3414 4305 mansue-

1846 4342 2049 4397 tudine.
2084 4342 2348 4401 XXXVII.
2373 4344 2571 4416 [Num.
2605 4345 2718 4418 75.]
2754 4345 2982 4401 Habitus
3012 4353 3306 4399 sermoest
3346 4344 3415 4396 ad

1842 4433 2304 4507 inobsequentes:
2345 4452 2480 4507 quos
2503 4439 2666 4492 etiam
2719 4439 2783 4509 (si
2836 4453 2941 4492 non
2996 4438 3061 4491 ad
3109 4445 3409 4491 extremum

1843 4526 2096 4583 interitus
2146 4529 2556 4597 prmoipitarint)
2593 4544 2713 4584 cum
2769 4529 2860 4582 Dei
2918 4541 3087 4591 metu,
3123 4538 3233 4582 tum
3263 4527 3433 4595 justo.

189 4597 251 4665 ὧς
290 4604 348 4659 οὐ
396 4607 482 4661 δεῖ
523 4608 746 4679 ὀμνύειν
791 4611 914 4665 οὐδὲ
948 4612 1283 4685 δυσφημεῖν,
1340 4619 1610 4688 παραινεῖ.
1655 4613 1784 4676 I'OI

1842 4616 2038 4684 iudicio
2066 4618 2249 4676 futuro
2283 4623 2594 4690 compescit.
2630 4621 2913 4677 XXXVIII.
2940 4622 3130 4695 (Nam.
3159 4620 3273 4692 76.]
3307 4620 3411 4676 Re-

1474 4750 1710 4807 VABIAE
1745 4752 2148 4812 LECTIONES.
2904 4744 2907 4745 ν

248 4846 347 4940 {ob
491 4853 674 4909 malim
705 4857 802 4940 ἣνἰ
918 4858 1115 4940 τοῦᾼι
1143 4861 1233 4940 δῖε
1271 4862 1377 4940 ,τοῦ
1402 4879 1463 4926 ς.
1504 4933 1515 4940 .
1550 4861 1988 4940 ⁸διειλημμένων
2012 4882 2075 4929 ς.

193 4926 315 4994 {asse
364 4926 735 4994 ἀνάγνωσμα.
783 4929 988 4983 ⁷τύπον
1003 4932 1068 4984 Α.
1142 4933 1167 4964 ⁸
1191 4933 1460 4987 ἐπίκοινα.
1488 4933 1553 4985 Α.
1594 4935 1616 4966 ⁸
1642 4926 1773 4987 ὀιιηῖ

189 4988 227 5067 ᾼ
253 5010 266 5045 :
291 4988 521 5067 δμοίως-
547 4988 901 5067 είσαγωγικὸς
957 5018 1019 5064 ς·.

2176 4870 2197 4901 ⁵
2229 4866 2554 4938 διαλεκτικοὶ
2581 4886 2644 4934 ς.
2687 4937 2692 4938 ν
2719 4870 2748 4900 θ
2766 4865 3279 4938 ἁγώνισμα]τθριῑιιε
3299 4867 3412 4922 for-

1778 4934 1913 5021 e.IA'
1943 4945 1996 5017 et
2020 4937 2112 5021 κα).
2140 4947 2260 5021 post
2297 4934 2510 5021 Irt'lom.
2539 4940 2605 4991 A.
2682 4934 3106 5021 ‘Eeiogmf‘txﬁ;
3130 4934 3194 5021 ,δ”
3215 4938 3435 5021 ὁμοίως.

1093 5001 1135 5033 ¹¹
1158 5013 1283 5057 ante
1338 5004 1424 5056 IH'
1462 5011 1517 5057 et
1545 5000 1626 5055 18'
1654 5019 1772 5057 cum
1802 5005 1851 5057 A
1891 5007 2050 5061 omisi
2079 5007 2125 5059 6.
2140 5000 2293 5062 idem
2328 5009 2457 5062 inl'r.
2506 5021 2616 5061 om.
2645 5006 2761 5060 τοῦ.

2837 5010 2879 5040 ⁸³
2914 5009 3008 5060 καὶ
3035 5007 3142 5077 ὅτι]
3173 5010 3209 5061 ὁν
3244 5007 3300 5060 δὲ
3331 5010 3411 5061 κθ’

190 5059 251 5122 ὡς
277 5059 340 5116 Α.
419 5065 464 5095 ³³
490 5065 569 5127 ὼς
595 5065 641 5119 Α
665 5059 851 5132 ιδτίς.
882 5059 929 5100 ίδ
954 5059 1316 5197 ᾸΔ’-ΛΕὲ,δ’
1338 5101 1405 5111 -
1427 5072 1469 5124 ε’
1499 5075 1595 5126 καὶ
1622 5072 1665 5125 λ’
1692 5076 1786 5128 καὶ
1804 5074 1846 5127 λ’
1875 5059 1943 5131 Α.
1979 5059 2119 5130 idem
2161 5059 2406 5141 ς’νκαὶγ
2441 5059 2497 5131 et
2519 5059 2684 5132 'Ii'rntat
2708 5059 2757 5131 λί
2798 5088 2851 5134 et
2870 5086 2918 5133 α’
3079 5059 3157 5148 ίεὶσ
3231 5059 3292 5143 ςί
3318 5059 3425 5133 καὶ

192 5135 254 5197 μ’,
281 5131 324 5196 ζ’
354 5133 451 5187 καὶ
483 5140 560 5197 μ’.
648 5138 691 5170 ⁸⁵
715 5138 956 5194 ἐθέλουσι
980 5157 1041 5197 ς.
1097 5142 1142 5174 ⁸⁸
1163 5144 1193 5195 6
1250 5142 1277 5196 ὲ
1313 5144 1360 5197 Α
1387 5143 1520 5197 ικαὶ
1550 5146 1579 5197 6
1604 5161 1667 5197 ς.

192 5135 254 5198 μ’,
281 5131 324 5196 ζ’
354 5133 451 5187 καὶ
483 5140 560 5206 μ’.
648 5138 691 5170 ⁸⁵
715 5131 956 5194 ἐθέλουσι
980 5157 1041 5205 ς.
1097 5142 1142 5174 ⁸⁸
1163 5144 1193 5195 6
1219 5131 1277 5197 δέ
1313 5144 1360 5197 Α
1387 5143 1520 5198 ικαὶ
1550 5146 1579 5198 6
1604 5161 1667 5207 ς.

1748 5263 1956 5321 NOTAE
1968 5305 1984 5324 .

251 5370 360 5450 (ﬂ)
405 5373 618 5450 Qequo
652 5375 819 5430 multa
866 5374 1201 5450 Spitamenes
1227 5375 1323 5433 lib.
1375 5394 1460 5446 tu,
1493 5395 1614 5450 cap.
1645 5382 1745 5437 15..

250 5442 373 5522 (58)
411 5442 593 5526 Cujus
609 5447 923 5526 argumenti
943 5456 1051 5501 tres
1083 5447 1248 5504 habes
1285 5450 1337 5503 in
1385 5442 1739 5526 nuper'editis

193 5508 350 5583 Iunius
363 5508 536 5568 sancti
554 5508 731 5569 Patris
756 5514 1009 5583 operibus
1032 5532 1332 5582 sermones,
1353 5508 1484 5575 tom'.
1512 5519 1555 5577 I-.
1588 5537 1738 5578 num.

193 5579 271 5658 Ξρ.
290 5583 472 5658 Altero
500 5585 624 5638 item
647 5579 809 5658 tomo,
829 5587 1044 5658 nuth,
1073 5588 1206 5643 etIII
1236 5579 1486 5658 denique,
1512 5607 1659 5644 num.
1685 5590 1738 5643 6.

194 5647 433 5730 Plerique
454 5662 630 5730 autem
663 5656 857 5708 horum
884 5656 953 5711 49
975 5647 1279 5713 sermonum
1316 5647 1393 5712 ad'
1412 5647 1537 5714 illud
1580 5662 1741 5730 quin-

195 5722 435 5801 quaginta
458 5722 814 5801 Parenescon
844 5740 978 5793 opus
1003 5737 1271 5801 spectant,
1306 5731 1446 5801 quod
1474 5722 1611 5801 pene
1653 5746 1741 5787 sc-

197 5790 415 5842 cundum
447 5794 708 5847 editorum
743 5790 943 5851 tomum
984 5790 1219 5855 conficit.

260 5858 391 5928 (58‘)
424 5860 573 5919 Tom.
608 5863 669 5928 II,
712 5879 766 5917 II.
802 5865 891 5918 55.

1915 5382 2028 5450 (59)
2046 5381 2269 5437 Videtur
2295 5384 2360 5439 ad
2391 5395 2519 5440 tom.
2546 5385 2589 5452 1,
2618 5401 2767 5441 num.
2793 5385 2882 5451 35,
2906 5386 3129 5443 tralatus
3154 5389 3206 5442 in
3230 5388 3407 5443 editis.

1917 5454 2035 5523 (60)
2071 5452 2227 5508 Tom.
2258 5454 2331 5520 ll,
2358 5472 2414 5510 II.
2448 5456 2538 5511 57.

1941 5524 2030 5593 61)
2060 5524 2116 5577 In
2151 5526 2311 5578 editis
2337 5527 2464 5579 tomi
2507 5526 2573 5590 ll,
2613 5542 2759 5581 num.
2793 5526 2883 5583 62.

1940 5594 2029 5665 62)
2149 5605 2204 5648 et
2236 5595 2307 5647 27
2357 5598 2623 5665 praeterita
2656 5607 2799 5652 sunt.

1917 5598 2009 5662 (62
2053 5598 2125 5647 26
2149 5605 2204 5648 et
2236 5598 2307 5647 27
2357 5598 2623 5665 praeterita
2656 5607 2799 5652 sunt.

2054 5662 2212 5718 Num.
2251 5665 2340 5731 70,
2370 5676 2423 5721 et
2466 5668 2651 5722 eodem
2700 5676 3017 5738 argumento
3042 5667 3182 5723 alter
3205 5677 3333 5721 tom.
3365 5669 3410 5730 I.

1848 5751 1907 5788 η.
1946 5751 2031 5785 οἱ).

1844 5799 2426 5927 ll“(Eadmtirrltetici
2478 5808 2699 5864 nomine
2734 5817 2910 5863 exstat
2957 5808 3333 5864 mediumin.
3367 5816 3424 5873 lg.
