3940 6408
606 472 711 532 659

1749 470 2011 532 PHOTII
2054 469 2555 531 PATRIARCILE
2583 470 2691 530 cr.
3699 496 3778 558 ,ςδο

603 590 745 635 ctam
784 577 1037 646 pietatem
1067 576 1276 633 edocet.
1303 576 1521 631 XXXIX
1561 576 1752 649 [Num.
1815 579 1930 651 77.]
1960 580 2039 634 Ad
2060 595 2174 643 eos,

2287 578 2334 631 δὲ
2359 578 2470 631 MB’
2495 578 2537 608 "
2561 578 2871 649 συνίστησιν
2900 577 2975 641 ὡς
2998 577 3183 631 δίκαια
3212 580 3468 636 πέπονθεν
3512 591 3614 646 Ἠλὶ
3645 597 3681 629 ¹⁸
3698 603 3721 654 ὁ
3738 608 3779 657 ὲ»

604 673 700 743 qui
730 688 825 726 sua
849 670 1170 741 negligentia
1205 673 1548 733 labuntur,et
1570 672 1952 727 excusationes
1980 673 2174 728 deinde

603 769 867 815 excusant
906 760 961 814 in
1019 759 1275 827 peccatis.
1307 759 1419 813 XL.
1465 759 1654 831 [Num.
1690 761 1803 833 78.]
1834 763 1915 815 Ad
1957 762 2179 816 fratrem

604 851 815 918 lapsum
878 850 1092 903 habitus
1136 858 1238 914 est,
1285 861 1338 903 et
1387 852 1495 920 agit
1552 853 1617 905 de
1667 852 2003 922 ptenitentia.
2041 851 2177 907 XLI.

610 940 803 1013 [Num.
868 939 985 1013 79.]
1030 940 1235 995 Suadet
1280 956 1309 995 a
1360 941 1668 1010 juramento
1728 959 1793 997 ac
1850 942 2179 999 maledicenv

609 1032 682 1088 tia
744 1033 1147 1087 abstinendum.
1187 1032 1342 1087 XLII.
1400 1032 1512 1101 (65)
1569 1034 1788 1105 Colligit
1831 1035 1981 1103 juste
2014 1035 2175 1103 puni-

607 1134 721 1179 tum
749 1124 863 1179 Ileli
892 1126 1224 1180 sacerdotem
1262 1125 1393 1195 legis
1426 1141 1441 1178 :
1474 1125 1539 1179 ad
1569 1140 1692 1180 eum
1718 1127 1810 1194 qui
1847 1128 1951 1181 hac
1982 1128 2094 1196 ipsa
2111 1127 2181 1182 de

612 1232 669 1271 re
693 1217 995 1272 dubitabat.
1032 1217 1104 1273 De
1137 1218 1328 1272 timore
1361 1216 1472 1286 (66)
1512 1232 1672 1284 porro
1714 1216 1807 1272 Dei
1862 1217 2024 1271 XLIII
2067 1232 2182 1271 ser-

609 1322 769 1362 mone
820 1308 1035 1362 disserit
1068 1325 1083 1363 :
1113 1319 1173 1362 ut
1218 1317 1273 1362 et
1327 1307 1393 1361 de
1450 1306 1737 1362 dilectione
1780 1306 1967 1362 XLIV.
2013 1305 2177 1360 XLV.

611 1397 780 1473 [Num
810 1401 926 1473 82.]
950 1401 1233 1456 Multarum
1269 1401 1527 1465 virtutum
1584 1400 1978 1456 admonitiones
2001 1414 2064 1455 ac
2089 1403 2185 1453 do-

607 1492 837 1546 ctrinam
874 1494 939 1546 ad
975 1493 1278 1562 Eulogium,
1310 1493 1404 1563 qui
1432 1494 1543 1547 bzec
1570 1491 1888 1562 postularat,
1920 1491 2175 1560 explicat.

608 1583 793 1639 XLVI.
822 1584 903 1637 Ad
942 1584 1298 1653 negligentem
1331 1594 1386 1639 et
1417 1584 1667 1651 ignavum
1724 1585 2044 1637 monachum
2075 1581 2173 1635 ba-

606 1676 775 1739 bitus,
826 1678 1160 1747 argumentis
1213 1677 1455 1747 pulchris
1502 1690 1566 1729 ac
1606 1675 1774 1729 variis
1819 1689 1850 1728 a
1893 1673 2069 1728 reditu
2110 1672 2178 1727 ad

609 1766 976 1841 [saecularem]
1025 1770 1190 1823 vitam
1242 1768 1651 1824 revocareillum
1684 1767 1929 1821 studens.
1959 1763 2172 1819 XLVII.

546 1854 549 1867 λ
610 1862 939 1937 [Νιιηι.84.]
980 1863 1346 1934 Reprehensio
1378 1873 1461 1918 est
1490 1877 1777 1931 pravorum
1829 1876 2062 1914 morum.
2114 1858 2182 1911 XI

2287 1858 2343 1914 ιι.
2396 1860 2587 1933 mum.
2652 1864 2767 1938 85.]

2287 668 2366 738 τῷ
2399 668 2545 738 νόμῳ
2580 669 2780 740 ἱερεὺς,
2804 668 2942 740 πρὸς
2969 670 3060 723 τὸν
3091 672 3219 741 περ)⁹
3244 672 3405 726 αὑτοῦ
3443 679 3614 737 τούτου
3654 690 3781 746 ὲπιὸι.

2288 757 2575 819 στάζοντα.
2609 758 2745 827 Περὶ
2775 758 2835 810 δὲ
2864 757 3029 827 φόϐου
3060 758 3196 812 Θεοῦ
3229 761 3257 812 6
3284 760 3412 826 ΜΡ,
3449 766 3537 818 καὶ
3558 773 3668 839 περὶ
3684 776 3784 845 ἀγά.

2287 868 2396 921 πης
2416 854 2443 905 ό
2479 849 2609 907 MA'.
2657 852 2716 905 '0
2744 852 2800 905 δὲ
2829 852 2941 906 ME’
2973 852 3109 923 πρὸς
3131 852 3388 922 Εύλόγιον
3416 858 3507 926 μὲν
3540 864 3783 936 αἰτήσαντα

2287 944 2580 1013 γράφεται.
2626 944 2885 998 πλειόνων
2927 946 2970 977 ¹¹¹
3000 945 3058 998 δὲ
3110 946 3541 1017 κατορθωμάτων
3574 965 3787 1027 παραινέ.

2289 1050 2404 1096 σεις
2468 1033 2562 1086 καὶ
2631 1033 2993 1121 διδασκαλίαν.
3051 1035 3409 1092 ἀναπτύσσει.
3486 1042 3539 1095 '0
3588 1046 3637 1101 δὲ
3688 1054 3785 1122 Μςν

2285 1124 2423 1195 πρὸς
2454 1125 2499 1157 ²⁰
2530 1125 2659 1197 1265
2689 1124 2781 1197 H.]
2806 1114 3140 1197 ἀκηδιαστήν
3166 1130 3284 1182 ἐστι
3313 1134 3540 1201 μοναχὸν
3568 1114 3792 1197 συντεθει-

2289 1217 2472 1285 μένος,
2504 1217 2730 1280 πολλαῖς
2752 1219 2846 1271 καὶ
2880 1219 3071 1284 καλαῖς
3093 1220 3397 1291 ὑποθήκαις
3422 1225 3632 1295 ἀπάγων
3665 1234 3791 1289 αὐτὸν

2285 1308 2383 1377 τῆς
2408 1308 2543 1377 πρὸς
2571 1310 2663 1362 τὸν
2695 1310 2809 1380 βίον
2854 1311 3135 1366 ἐπανόδου.
3175 1313 3235 1367 '0
3263 1314 3318 1367 δὲ
3363 1317 3469 1369 MZ'
3499 1321 3792 1396 καταδρομὴν

2290 1403 2524 1455 ποιεῖται
2562 1402 2661 1471 τῆς
2692 1400 3041 1475 κακοηθείας.
3079 1406 3138 1459 Ὁ
3162 1406 3220 1460 δὲ
3267 1409 3406 1472 MH',
3443 1410 3561 1464 ὅσον
3603 1412 3795 1487 διενήνο-

2283 1509 2377 1561 χεν
2409 1495 2437 1546 ό
2472 1493 2760 1561 μοναδικδς
2789 1496 2901 1565 βίος
2929 1500 3030 1568 τῆς
3068 1499 3126 1551 ὲν
3145 1498 3337 1568 κόσμῳ
3377 1500 3656 1566 πολιτείας,
3702 1508 3795 1560 ἔπι-

2280 1582 2537 1636 δεικνύει.
2580 1583 2638 1637 '0
2667 1584 2723 1638 δὲ
2756 1586 2870 1639 ΜΘ¹
2896 1587 2995 1657 τὴν
3032 1587 3290 1659 δευτέραν
3326 1588 3420 1641 τοῦ
3444 1591 3635 1661 Κυρίου
3657 1594 3778 1648 διατυ

2284 1674 2377 1725 ποῖ
2404 1675 2729 1745 παρουσίαν,
2762 1681 2857 1732 καὶ
2894 1680 3207 1749 παρακαλεῖ
3238 1680 3374 1751 πρὸς
3410 1683 3677 1751 μετάνοιαν
3700 1688 3798 1750 τοὺς

2285 1766 2627 1838 ἀνθρώπους.

2853 1866 3123 1933 Quantum
3182 1868 3397 1923 differat
3449 1870 3674 1927 solitaria
3716 1876 3797 1928 vita

609 1954 941 2023 a'Sasculari,
978 1959 1047 2010 ob
1081 1957 1266 2011 oculos
1299 1957 1465 2026 ponit.
1498 1953 1687 2010 XLIX.
1721 1953 2028 2008 Secundum
2074 1950 2206 2024 (66')
2229 1951 2431 2009 Christi
2466 1956 2757 2011 adventum
2804 1958 3080 2026 describit,
3120 1972 3176 2017 et
3218 1963 3285 2016 ad
3328 1964 3680 2033 paenitentiam
3730 1968 3803 2021 ho-

508 2116 515 2131 ]
609 2052 785 2105 mines
819 2050 1087 2103 hortatur.

682 2141 740 2194 In
781 2139 865 2195 bis
898 2139 1275 2194 admonitoriis
1312 2140 1485 2193 sancti
1520 2139 1620 2193 viri
1655 2138 2018 2205 sermonibus,
2051 2136 2173 2206 jure

2298 2174 2303 2179 .
2370 2135 2458 2187 ‘Ev
2499 2136 2708 2200 τούτοις
2734 2140 2846 2202 τοῖς
2891 2143 3299 2211 παραινετικοῖς
3341 2142 3521 2210 λόγοις
3550 2144 3638 2197 τοῦ
3682 2146 3803 2213 ἁγίου

611 2233 737 2302 quis
788 2233 1110 2296 admiretur,
1163 2247 1324 2300 quam
1360 2232 1469 2285 alte
1519 2240 1767 2300 penetret
1820 2230 2179 2301 persuadendi

610 2326 715 2386 vis,
758 2334 1131 2395 quantumque
1180 2325 1246 2378 ab
1298 2324 1381 2378 bis
1429 2322 1560 2377 ﬂuat
1589 2322 1965 2391 iucunditatis,
2018 2336 2180 2391 quam

612 2417 848 2485 denique
878 2416 1171 2469 affectuum
1206 2416 1357 2484 copia
1392 2416 1579 2469 referti
1609 2415 1739 2471 sint.
1778 2414 1966 2467 Oratio
2001 2422 2182 2467 tamen

616 2507 754 2574 ejus,
781 2522 843 2562 ac
871 2508 1055 2577 figura:
1083 2507 1215 2561 nihil
1242 2508 1459 2571 mirum,
1487 2508 1531 2561 si
1560 2506 1625 2561 ad
1660 2517 1976 2561 consuetmn
2011 2504 2186 2559 homi-

616 2597 812 2652 liarum
861 2614 1041 2662 nsum,
1086 2607 1139 2652 et
1173 2599 1564 2652 inelaboratum
1596 2597 1810 2653 dicendi
1845 2611 2016 2667 genus
2060 2612 2183 2651 ver-

616 2702 765 2759 gant.
785 2688 1069 2744 Non'enim
1100 2691 1152 2745 in
1181 2703 1459 2746 auctorem
1487 2706 1769 2753 sensuum,
1796 2691 1889 2744 sed
1916 2690 1967 2743 in
1993 2688 2184 2743 horum

616 2783 965 2852 interpretem
996 2798 1057 2836 ea
1085 2784 1410 2838 conferenda
1439 2783 1614 2851 culpa.
1648 2782 1840 2852 IGOb
1896 2781 1996 2847 Qui
2031 2798 2186 2834 nam-

620 2889 727 2942 que
756 2874 995 2945 Syriacas
1026 2885 1150 2928 sunt
1172 2874 1369 2943 linguae
1400 2875 1536 2929 bene
1563 2876 1736 2943 periti,
1760 2874 1939 2927 verbis
1958 2874 2092 2925 adeo
2122 2888 2187 2927 ac

619 2966 789 3036 tropis
818 2968 1083 3021 excellere
1116 2978 1337 3029 norunt,
1373 2978 1427 3020 ut
1454 2966 1765 3034 ambiguum
1792 2965 1882 3029 sit,
1914 2968 1982 3019 ab
2031 2965 2187 3019 bisne

618 3074 689 3112 an
732 3075 760 3111 a
790 3074 949 3113 sensu
1000 3059 1301 3119 recondito,
1334 3068 1483 3110 tanta
1520 3056 1634 3123 ejus
1660 3056 1871 3110 dicendi
1914 3057 1993 3109 vis
2025 3066 2186 3124 atquc

620 3148 891 3216 elegantia
949 3146 1343 3215 proficiscatur.
1392 3147 1753 3211 Quamobrem
1803 3161 1906 3207 non
1956 3154 2061 3198 tam
2108 3144 2189 3197 di-

617 3238 817 3292 ctionis
852 3237 1131 3291 humilitas
1160 3237 1493 3300 admiranda,
1522 3253 1681 3307 quam
1731 3237 1856 3291 illud
1885 3237 2188 3305 suspicien-

616 3330 771 3392 dum,
828 3329 1097 3397 quomodo
1155 3345 1250 3398 per
1304 3338 1502 3383 tantatn
1554 3332 1841 3383 verborum
1898 3330 2185 3393 vilitatem,

619 3428 766 3473 tanta
801 3421 945 3475 salus
975 3432 1135 3489 atque
1169 3419 1380 3475 utilitas
1428 3421 1481 3474 in
1532 3422 1777 3490 legentes
1819 3420 1964 3475 velut
2009 3420 2186 3475 ell‘un-

618 3514 796 3568 datur.

692 3603 889 3658 Eadem
944 3617 1026 3658 est
1077 3607 1312 3661 refertus
1348 3607 1565 3663 dicendi
1614 3608 1665 3662 vi
1718 3618 1774 3663 et
1822 3609 1993 3678 gratia
2037 3608 2181 3677 ejus-

621 3700 742 3749 dem
770 3697 882 3765 (67)
932 3699 997 3751 de
1038 3698 1341 3753 humilitate
1372 3700 1563 3768 suique
1600 3702 1945 3771 despectione
1984 3716 2185 3768 sermo,

620 3786 675 3840 in
710 3798 926 3841 centum
962 3792 1255 3858 productus
1288 3792 1484 3857 capita.
1526 3790 1598 3845 Ut
1646 3809 1744 3846 nec
1804 3793 1892 3845 illa
1945 3802 2185 3847 mutuati

620 3890 744 3932 cum
769 3876 1138 3944 superioribus
1168 3878 1481 3932 afﬁnitatem
1516 3894 1578 3933 ac.
1610 3881 2016 3934 similitudinem
2050 3880 2187 3936 falso

623 3968 825 4022 indicat
869 3970 1062 4033 oratio,
1115 3986 1221 4038 qua
1258 3971 1435 4025 ridere
1468 3972 1579 4041 (68)
1612 3983 1775 4042 atque
1812 3974 1998 4027 extolli
2027 3985 2189 4045 negat

619 4066 888 4124 oportere,
919 4058 1012 4112 sed
1047 4058 1100 4111 in
1133 4074 1365 4114 mmrore
1397 4063 1572 4130 potius
1600 4063 1898 4131 (legendum
1929 4078 2067 4117 esse.
2103 4065 2185 4117 Ad

619 4147 867 4202 eutndetn
901 4150 1118 4203 modum
1162 4161 1218 4204 et
1252 4152 1340 4204 illa
1381 4151 1449 4205 ad
1498 4151 1799 4207 Metebinos
1846 4152 1955 4222 (69)
1997 4168 2186 4208 mona-

619 4238 751 4293 chos
782 4240 848 4293 ab
900 4241 1017 4309 ipso
1063 4241 1245 4296 habita
1300 4244 1497 4307 oratio,
1541 4259 1660 4312 qua:
1702 4254 1759 4298 ut
1807 4244 2086 4299 lenitatem
2125 4259 2189 4298 ac

619 4332 1084 4387 mansuetudinem
1163 4336 1343 4399 docet,
1407 4336 1480 4389 ita
1536 4336 1795 4390 malitiam
1874 4336 2184 4406 fugiendam

620 4424 832 4490 suadet,
860 4425 1117 4493 ducitque
1142 4428 1209 4479 ad
1255 4427 1741 4496 longanimitatem,
1774 4428 2050 4483 iracundia
2100 4444 2187 4482 re-

620 4518 907 4584 prehensa.
942 4518 1032 4572 Sic
1070 4518 1325 4586 patientia
1357 4520 1555 4574 crelum
1586 4520 1763 4588 parari
1794 4536 1857 4575 ac
1895 4520 2186 4574 beatitudi-

619 4622 740 4662 nem
776 4610 1034 4673 ostendit,
1067 4611 1230 4663 animi
1271 4612 1431 4665 simul
1467 4612 1660 4678 abiecti
1698 4612 1962 4680 prolatam
2015 4614 2183 4666 mise-

2287 2226 2619 2297 θαυμάσειεν
2649 2229 2714 2282 ἄν
2744 2247 2829 2293 τις
2858 2231 2982 2284 ὅσον
3014 2233 3112 2301 μὲν
3149 2232 3517 2302 ἐμϐαθύνεται
3541 2234 3600 2286 τὸ
3637 2236 3804 2303 πεῖθον,

2283 2319 2407 2372 ὅσον
2429 2320 2473 2373 δ’
2498 2320 2678 2373 αὐτῶν
2703 2318 3001 2386 ἀποστάζει
3038 2326 3101 2375 τὸ
3149 2312 3342 2393 ἡδῦνον
3375 2326 3443 2391 ³⁸,
3489 2326 3581 2378 καὶ
3602 2326 3720 2390 ὅλως
3746 2332 3805 2393 εἰς

2283 2409 2405 2464 ὅσον
2441 2409 2595 2481 βρύει
2624 2412 2686 2464 τὸ
2710 2407 2862 2482 ἦθος.
2902 2413 2967 2466 Ἢ
2995 2414 3053 2467 δὲ
3095 2413 3241 2479 λέξις
3268 2415 3369 2468 καὶ
3405 2415 3474 2469 τὰ
3516 2418 3741 2487 σχήματα
3760 2421 3804 2471 οὐ

2286 2503 2597 2575 θαυμαστὸν
2626 2508 2675 2559 εἰ
2718 2507 2855 2577 πρὸς
2900 2509 2960 2560 τὸ
2998 2508 3306 2579 κοινότερον
3344 2509 3447 2578 τῆς
3495 2510 3693 2579 ὁμιλίας
3737 2512 3808 2562 καὶ

2285 2596 2631 2665 ἠμελημένον
2660 2598 2910 2653 νένευκεν
2930 2615 2944 2629 °
2976 2599 3039 2651 οὐ
3070 2601 3178 2671 γὰρ
3207 2602 3289 2661 είς
3307 2600 3401 2653 τὸν
3432 2601 3709 2672 γεννήτορα
3724 2601 3808 2653 τῶν

2285 2688 2592 2758 νοημάτων,
2618 2688 2736 2741 ἀλλ’
2770 2690 2851 2753 εἰς
2904 2690 2995 2743 τὸν
3038 2690 3211 2743 ταῦτα
3270 2692 3743 2761 μεταφρασάμενον
3783 2692 3809 2759 ἡ

2286 2782 2430 2836 αἰτία
2459 2782 2731 2837 διαϐαίνει
2762 2784 2830 2848 ’³,
2863 2783 2985 2835 ἐπεὶ
3012 2785 3065 2837 οῖ
3085 2800 3149 2852 γε
3188 2783 3290 2851 τῆς
3323 2784 3505 2855 Σύρας
3550 2785 3715 2852 φωνῆς
3737 2783 3811 2852 τὴν

2287 2872 2575 2942 ἀκρίϐειαν
2622 2874 2923 2943 ἠσκημένοι
2964 2875 3057 2927 ἐπὶ
3092 2873 3353 2929 τοσοῦτον
3400 2876 3520 2938 ταῖς
3551 2875 3712 2939 λέξεσι
3742 2878 3813 2926 καὶ

2286 2967 2398 3027 τοῖς
2426 2965 2702 3035 σχήμασιν
2729 2965 2891 3019 αὐτὸν
2922 2964 3102 3019 ἴσασιν
3145 2966 3531 3036 εὐδοκιμῆσαι,
3566 2965 3636 3029 ὡς
3688 2965 3810 3033 ἀμφ-

2288 3056 2512 3125 ήριστον
2541 3052 2684 3110 εἶναι
2714 3057 2946 3126 πότερον
2975 3056 3063 3109 διὰ
3083 3056 3257 3110 ταῦτα
3285 3057 3319 3127 ἢ
3360 3056 3451 3109 διὰ
3477 3056 3568 3109 τὸν
3595 3056 3649 3108 ὲν
3672 3055 3815 3115 αὐτοῖς

2288 3146 2415 3198 νοῦν
2442 3148 2475 3218 ἡ
2517 3148 2754 3217 τοσαύτη
2790 3147 2953 3217 χάρις
2973 3146 3066 3200 καὶ
3086 3147 3314 3217 δύναμις
3337 3147 3448 3200 τῶν
3473 3146 3673 3199 ἐκείνου
3707 3145 3813 3215 πρὸο

2290 3255 2393 3291 εισι
2432 3239 2627 3308 λόγων.
2668 3239 2743 3291 οὐ
2799 3239 3113 3309 θαυμαστὸν
3139 3234 3231 3293 οὖν
3261 3241 3297 3309 ὴ
3347 3240 3450 3309 τῆς
3488 3238 3720 3309 φράσεως
3744 3254 3817 3289 τα-

2289 3331 2544 3401 πεινότης
2570 3348 2583 3362 ·
2617 3331 2729 3387 ἀλλ’
2752 3334 2927 3386 ἐκεῖνο
2954 3331 3287 3403 θαυμαστὸν,
3306 3334 3383 3395 ὡς
3409 3333 3504 3385 καὶ⁸
3526 3330 3611 3384 διὰ
3638 3328 3816 3399 χυδαιό-

2288 3439 2450 3492 τητος
2500 3422 2754 3493 τοιαύτης
2824 3423 3085 3495 ῥημάτων
3132 3423 3437 3496 τηλικαύτη
3481 3421 3707 3493 σωτηρία
3749 3420 3820 3472 καὶ

2292 3511 2530 3579 ὠφέλεια
2556 3515 2669 3576 τοῖς
2701 3514 3027 3584 προσέχουσι
3057 3516 3365 3583 προχεῖται.

2364 3604 2475 3673 Τῆς
2504 3605 2549 3658 δ’
2602 3606 2773 3675 αὐτῆς
2804 3608 2953 3659 ἐστιν
3000 3606 3315 3677 ἠρτημένος
3363 3606 3461 3659 καὶ
3493 3621 3700 3675 χάριτος
3751 3598 3818 3651 καὶ

2292 3696 2577 3766 δυνάμεως
2601 3697 2696 3750 καὶ
2724 3697 2753 3749 6
2778 3697 2909 3768 περί
2939 3696 3454 3768 ταπεινοφροσύνης
3484 3696 3653 3763 λόγος,
3682 3706 3819 3759 κεφα-

2287 3787 2460 3851 λαίοις
2498 3786 2541 3857 ρ’
2579 3786 2970 3859 ἀνηπλωμένος
3014 3788 3082 3841 ”.
3128 3788 3409 3851 Ὡσαύτως
3434 3788 3530 3841 καὶ
3552 3788 3597 3818 ’δ
3615 3788 3641 3839 6
3657 3783 3822 3851 λόγοςὸ

2290 3880 2420 3948 περὶ
2458 3879 2550 3932 τοῦ
2578 3880 2659 3933 ὅτι
2687 3879 2762 3950 μὴ
2790 3880 2897 3951 χρὴ
2930 3880 3095 3951 γελᾷν
3132 3881 3227 3934 καὶ
3267 3878 3707 3953 μετεωρίζεσθαι,
3732 3874 3820 3928 ἀλλ’

2290 3971 2348 4021 ἐν
2379 3968 2565 4021 πένθει
2595 3969 2797 4038 μᾶλλον
2848 3969 3136 4033 διατελεῖν,
3190 3970 3252 4023 ού
3297 3970 3560 4041 ψεύδεται
3600 3972 3691 4036 τὴν
3717 3962 3822 4033 πρὸς

2286 4062 2418 4124 τοὺς
2459 4061 2652 4125 ἄλλους
2690 4063 2735 4094 ’⁸
2798 4064 3141 4132 συγγένειαν.
3193 4062 3479 4126 Ὡσαύτως
3526 4061 3631 4115 οὐδ’
3667 4061 3692 4112 6
3719 4056 3824 4126 7:96;

2288 4153 2619 4217 Μετεϐίνους
2645 4154 2911 4224 μοναχοὺς
2939 4154 3089 4225 αὐτῷ
3125 4154 3495 4225 διειλεγμένος
3521 4152 3657 4219 ⁸⁸,δς
3686 4146 3824 4221 πραό-

2290 4261 2432 4315 τητα
2492 4242 2592 4313 μὲν
2630 4243 2962 4311 ἐκδιδάσκει,
3016 4244 3283 4314 πονηρίαν
3325 4244 3373 4297 δ’
3408 4241 3718 4313 ἀποτρέπει,
3757 4234 3824 4287 καὶ

2296 4337 2435 4405 πρὸς
2478 4336 2577 4405 μὲν
2615 4334 2999 4406 μακροθυμίαν
3036 4335 3185 4402 άγει,
3208 4333 3469 4404 ὀξύχολον
3503 4334 3560 4387 δὲ
3583 4329 3823 4396 διελέγχει,

2290 4429 2385 4481 καὶ
2404 4427 2505 4498 τὴν
2532 4426 2629 4497 μὲν
2652 4427 2931 4497 ὑπομονὴν
2953 4427 3303 4498 μακαρισμοῦ
3323 4426 3589 4497 πρόξενον
3612 4418 3825 4477 δεικνύει,

2289 4518 2385 4573 τοῦ
2415 4519 2459 4571 δ’
2489 4520 2751 4590 ὀλιγώρου
2782 4520 2843 4573 τὸ
2877 4519 3063 4573 ἄθλιον
3113 4519 3448 4589 στηλιτεύει,
3487 4518 3583 4572 καὶ
3626 4514 3707 4567 τὸν
3750 4508 3826 4580 μὲν

2292 4610 2435 4663 θεῖον
2473 4609 2638 4678 φόϐον
2662 4611 2759 4679 τῆς
2800 4610 2974 4664 ἀϊδίου
3022 4608 3367 4681 εὐφροσύνης
3415 4606 3649 4679 χορηγὸν
3690 4615 3827 4656 κατα-

618 4700 751 4751 riam
786 4716 1077 4767 eXpunens.
1121 4701 1393 4756 Timorem
1431 4704 1648 4773 insuper
1672 4704 1789 4769 I)ei,
1822 4705 1913 4774 qui
1959 4704 2181 4773 sapien-

2293 4702 2568 4767 σκευάζει,
2612 4702 2704 4754 τὸν
2743 4700 2801 4754 δὲ
2852 4702 3275 4771 καταφρονητὴν
3328 4700 3516 4762 δίκαις
3558 4692 3828 4751 ὑποϐάλλει.

620 4790 707 4841 tia:
727 4798 945 4843 αξιοι-ηιξ
983 4802 1173 4845 auctor
1198 4803 1279 4847 est
1307 4809 1371 4847 ac
1399 4795 1743 4864 principium,
1790 4795 2017 4856 inducit,
2052 4810 2182 4849 con-

2291 4794 2384 4848 xal
2410 4796 2508 4863 τὴν
2553 4794 2650 4863 μὲν
2695 4793 2916 4865 ἀγάπην
2964 4795 3100 4864 πρὸς
3149 4792 3283 4849 Θεὸν
3324 4794 3559 4861 ἀνάγειν
3594 4791 3658 4854 ⁸⁷,
3707 4782 3832 4837 τὸδὲ

623 4892 1045 4954 tetnptoremque
1059 4883 1175 4959 [Dei
1200 4885 1496 4959 hominem]
1519 4890 1691 4958 panis
1709 4890 1949 4943 damnat.
1969 4887 2046 4941 Ad
2071 4886 2182 4939 hare

2296 4888 2452 4956 μῖσος
2483 4885 2561 4957 τῷ
2585 4885 2815 4957 διαϐόλῳ
2842 4886 3204 4956 άποῳαίνεται
3223 4886 3269 4919 ⁸⁸
3298 4885 3607 4941 συνάπτειν
3627 4899 3640 4914 ·
3670 4880 3751 4934 καὶ
3772 4874 3831 4938 ὡς

1907 5044 2141 5102 νΑῐιιιΕ
2189 5050 2486 5107 LECTION
2494 5049 2595 5105 ES.

1797 5140 1839 5170 ¹⁹
1871 5138 2132 5215 πλειόνως
2163 5161 2224 5207 ς.
2320 5147 2365 5177 ὀ
2387 5147 2517 5211 MG'
2556 5144 2651 5197 καὶ
2716 5144 2825 5215 μὴν
2881 5143 3020 5215 πρὸς
3067 5144 3162 5197 ἁκ.
3192 5161 3253 5215 ς,
3332 5144 3378 5177 ⁹¹
3406 5136 3761 5215 ἡδῦνονῖῄήδὺ
3781 5134 3831 5193 Α,

1224 5208 1526 5307 ατλῗμϐάνει
1555 5225 1615 5271 ς.
1635 5278 1660 5307 Δ
1691 5209 1737 5239 ³³
1761 5209 2142 5307 εἴηπλωμένος
2178 5231 2239 5279 ς.
2315 5217 2362 5246 ’⁵
2378 5208 2539 5268 καὶἈ
2565 5214 2654 5267 ςδὲ
2678 5208 2855 5278 καις.
2924 5208 2997 5247 ’³⁸
3028 5215 3151 5279 τοὺς
3176 5214 3378 5277 ἄλλους
3397 5208 3447 5266 Ᾱ
3473 5233 3487 5268 ;
3524 5208 3764 5280 ἀλλήλους
3784 5220 3831 5266 ς-

1298 5278 1486 5345 ἁνάγει
1514 5294 1594 5346 ιη’.
1631 5278 1691 5330 Α.
1770 5278 1814 5309 ’⁸
1846 5278 2101 5347 φαίνεται
2123 5300 2183 5346 ς.

2141 5374 2375 5432 NOTAE.

2370 5473 2621 5546 (69³⁸⁸)1ΑΙ.
2676 5474 3015 5531 Hetabouos:
3071 5490 3234 5546 quam
3287 5473 3839 5546 inscriptionem_nou

2299 5536 2536 5617 videtur'
2558 5547 2823 5613 reperisse
2881 5536 3153 5617 recentior
3203 5536 3507 5617 interpres,
3542 5536 3842 5617 cumuhunt‘:

2298 5615 2475 5684 ipsum
2526 5608 2812 5668 tractatum
2850 5630 2972 5669 cum
3023 5608 3466 5684 epigrapbefDe
3503 5608 3840 5684 uirtutibus?

2297 5671 2435 5737 vitiis
2471 5700 2564 5753 per
2596 5685 2997 5753 oppositionem,
3028 5671 3291 5737 retiilit'in
3327 5671 3481 5737 'tom.
3520 5682 3559 5748 ι,
3598 5671 3839 5753 _num.16.

2294 5765 2351 5805 et
2381 5750 2638 5810 undecim
2665 5750 3009 5824 Sequentium
3048 5756 3280 5823 capitum
3312 5754 3514 5809 ordine
3560 5750 3842 5822 plerumque

2296 5830 2519 5879 tttutato.

691 5135 731 5165 ”
756 5134 812 5187 δὲ
844 5132 979 5207 MB’]
1014 5133 1125 5188 MB’
1164 5136 1220 5207 δὲ
1256 5138 1315 5191 Α.
1398 5137 1441 5169 ³⁸
1476 5138 1624 5190 Ἠλεὶ
1660 5155 1717 5201 ς.

617 5203 846 5275 fortasse
868 5203 1010 5259 corr.
1088 5207 1132 5237 "
1171 5206 1526 5275 διαλαμϐάνει
1555 5225 1615 5271 ς.

616 5276 664 5305 ’⁸
691 5274 1071 5345 διειλημμένος
1084 5293 1146 5340 ς.

688 5460 800 5527 (65)
837 5458 936 5513 IIic
968 5470 1051 5515 est
1081 5470 1213 5516 tom.
1247 5462 1287 5525 I,
1325 5481 1471 5518 num.
1497 5466 1551 5519 5.

684 5529 795 5597 (66)
835 5528 993 5583 Tom.
1031 5530 1094 5592 II,
1131 5548 1278 5586 nutu.
1306 5533 1395 5588 30.

657 5598 1026 5720 "(ﬁti‘gONuun
1070 5602 1160 5656 95.
1193 5604 1289 5657 Cui
1328 5621 1431 5658 non
1466 5606 1727 5661 absimilis
1757 5606 1894 5661 alter
1932 5619 2063 5663 tom.
2105 5609 2175 5675 ν,

616 5687 766 5724 1111111.
797 5687 885 5724 δυο

616 5740 1011 5866 l"Ef:7)8l7labes
1039 5757 1161 5797 eum
1204 5744 1256 5796 in
1312 5760 1500 5802 recens
1551 5747 1712 5804 editis
1758 5749 1910 5805 libris
1943 5758 2074 5805 tom.
2119 5750 2180 5815 II,

639 5830 650 5864 I
752 5849 766 5863 .
874 5848 897 5865 .

639 5830 766 5864 "IIII.
804 5830 897 5865 δι.

689 5879 975 5951 (258)1'om.
1012 5882 1050 5948 I,
1082 5899 1231 5939 nutu.
1269 5884 1358 5939 44.
