4038 6404
200 428 287 493 661

1266 440 1796 502 BIBLIOTHECA.
1837 468 1907 479 -
1946 444 2108 504 COD.
2143 443 2418 506 CXCVII.

3317 449 3424 513 66?.

200 549 229 616 ἠ
255 542 473 615 ἀλήθεια
491 545 703 600 πολλῶν
724 548 838 603 ἐστι
862 552 1044 623 μήτηρ
1073 550 1533 622 κατορθωμάτων,
1567 551 1744 623 φθορά

1862 553 2169 608 :haritatem
2217 556 2282 609 ad
2316 555 2482 609 Deum
2523 552 2725 609 ducere
2759 572 2773 609 :
2814 556 2994 611 odium
3034 573 3159 615 vero
3195 559 3421 615 dmmnni

198 639 248 690 δὲ
280 637 476 691 τούτων
497 638 557 691 τὸ
592 638 808 709 ψεῦδος,
839 640 1100 706 ὡσαύτως
1128 644 1162 714 ἡ
1188 644 1401 716 ὑπακοὴ
1444 646 1528 698 ὃτι
1566 663 1749 715 μακα-

201 735 334 801 ρίους
359 733 483 795 τοὺς
518 734 835 803 χρωμένους
852 736 1167 805 ἀποφαίνει,
1194 738 1256 790 τὸ
1289 738 1335 792 δ’
1369 738 1749 793 ἀνυπότακτον

197 822 425 891 κατάρας
449 823 541 875 καὶ
566 823 767 893 πολλῆς
816 826 984 895 ἄλλης
1013 826 1271 898 αἰσχύνης
1314 831 1459 882 ποιεῖ
1484 828 1747 899 κληρονό-

199 930 321 982 μους
345 929 358 943 ·
392 914 484 966 καὶ
511 914 571 967 τδ
604 916 878 987 καθαροὺς
910 913 1051 971 εἶναι
1079 919 1271 988 φθόνου
1302 921 1395 973 καὶ
1412 919 1574 991 ζήλου
1608 921 1749 989 ἀγά-

196 1021 295 1074 πην
346 1005 461 1057 ἐστὶ
495 1007 1046 1074 καταπεπλουτῖσθαι,
1082 1010 1364 1080 ἐνέχεσθαι
1402 1011 1458 1064 δὲ
1513 1014 1641 1075 τοὺς
1664 1014 1749 1065 ὲν-

200 1095 506 1163 ισχημένους
549 1096 629 1166 τῷ
680 1098 842 1151 πάθει
870 1102 981 1163 τοῖς
1016 1100 1110 1153 τοῦ
1168 1101 1416 1155 διαϐόλου
1457 1103 1746 1173 κρίμασιν,

197 1185 371 1257 ῶσπερ
404 1187 500 1240 καὶ
552 1190 681 1252 τοὺς
732 1190 1022 1261 λοιδορίαις
1070 1192 1403 1257 ἑαλωκότας.
1462 1194 1573 1248 Καὶ
1620 1196 1751 1266 περὶ

198 1277 503 1345 ἐγκρατείας
529 1280 587 1334 δὲ
636 1280 732 1333 καὶ
762 1282 1033 1351 ἀκρασίας
1065 1283 1209 1337 κατά
1244 1284 1305 1336 τὸ
1343 1284 1603 1354 ἀνάλογον
1631 1287 1750 1340 δια·-

198 1364 467 1434 λαμϐάνει.
514 1368 573 1421 Ὅ
625 1370 723 1440 μὲν
769 1366 864 1424 οὖν
906 1370 1041 1441 πρὸς
1069 1373 1194 1435 τοὺς
1224 1372 1554 1439 Μετεϐίνους
1595 1374 1753 1443 λόγος

196 1456 281 1507 ἐπὶ
304 1456 579 1521 τοσούτοις
613 1459 1041 1529 διαπεραιοῦται.
1093 1459 1221 1531 [516
1250 1461 1346 1534 3.]
1371 1464 1483 1518 Καὶ
1531 1464 1666 1519 ἄλλα
1692 1464 1751 1518 δὲ

196 1547 405 1601 πλεῖστα
462 1551 559 1603 τοῦ
611 1552 822 1622 ἀνδρὸς,
869 1554 1281 1624 μεταϐληθέντα
1320 1557 1453 1628 πρὸς
1494 1558 1597 1627 τὴν
1636 1558 1755 1611 Ἐλ-

198 1636 337 1701 λάδα,
379 1642 731 1711 συντάγματα
766 1643 986 1713 φέρεται
1040 1646 1222 1717 πλήρη
1260 1647 1484 1717 χάριτος
1531 1648 1625 1700 καὶ
1656 1647 1749 1699 δυ-

201 1729 415 1798 νάμεως.
446 1731 637 1802 Σύρων
659 1734 717 1786 δὲ
745 1734 934 1799 παῖδές
981 1754 1143 1804 φασιν
1177 1737 1316 1808 ὑπὲρ
1373 1737 1471 1802 τὰς
1512 1738 1753 1808 χιλιάδας

200 1820 368 1889 λόγους
396 1822 563 1875 αὑτὸν
591 1824 926 1895 ἀναγράψαι,
960 1822 1041 1890 οἷς
1061 1828 1163 1881 καὶ
1186 1831 1213 1881 ὁ
1241 1830 1372 1900 περὶ
1394 1830 1492 1899 τὴν
1513 1830 1752 1901 ἱστορίαν

1866 637 2074 694 similes
2112 638 2346 706 eﬂicere,
2393 650 2731 708 compertum
2786 641 2908 715 [ait]
2969 645 3219 702 habetur.
3251 650 3419 714 Quem

1850 728 1978 783 item
2014 730 2081 783 ad
2111 732 2327 785 modum
2361 730 2566 786 vei‘itas
2599 732 2886 787 multorum
2930 745 3012 789 est
3051 747 3198 792 recte
3249 739 3425 793 facto-

1855 835 1974 874 rum
1999 836 2218 890 parens,
2247 821 2439 890 quibus
2477 823 2818 880 mendacium
2852 827 3144 895 perniciem
3189 828 3419 894 afferat;

1855 911 1927 965 ita
1976 913 2284 967 oliedientia
2340 915 2524 968 beatos
2561 916 2757 981 reddit,
2814 928 2867 971 et
2916 918 3272 973 inobedientia
3323 919 3427 974 Dei-

1852 1004 2283 1058 maledictionem
2320 1005 2594 1074 munitaque
2622 1017 2821 1076 praeter
2862 1023 2983 1062 eam
3030 1010 3289 1064 dedecora
3336 1025 3425 1064 ac-

1850 1092 2037 1162 quirit.
2072 1093 2241 1149 Puros
2290 1104 2554 1164 praeterea
2604 1096 2674 1151 ab
2722 1097 2923 1152 invidia
2974 1110 3028 1153 et
3080 1100 3424 1154 aemulatione

1850 1185 2118 1240 charitate
2164 1186 2359 1241 divites
2417 1187 2531 1241 fieri
2561 1187 2843 1260 [ostendit]
2885 1190 3191 1245 :obnoxios
3234 1201 3423 1245 contra

1851 1271 2050 1325 diaboli
2090 1271 2299 1340 judicio
2325 1272 2488 1339 effici,
2520 1278 2613 1345 qui
2662 1277 2766 1332 hoc
2802 1279 2990 1334 morbo
3018 1279 3282 1347 laborent,
3320 1296 3423 1335 non

1854 1364 2034 1419 minus
2065 1380 2225 1434 quam
2259 1365 2349 1435 qui
2393 1369 2657 1423 conviciis
2677 1368 2947 1440 jacicndis
2976 1372 3142 1427 dediti
3182 1374 3314 1428 sint.
3350 1372 3425 1428 De

1862 1458 2215 1523 temperantia
2247 1457 2479 1526 denique
2503 1468 2664 1528 atque
2696 1460 3111 1531 intemperantia
3135 1464 3248 1531 pari
3268 1464 3427 1519 modo

1854 1548 1985 1617 agit.
2010 1548 2184 1617 Atque
2216 1549 2328 1604 haec
2366 1550 2480 1605 fere
2519 1552 2695 1608 oratio
2736 1553 2822 1607 illa
2864 1555 2930 1607 ad
2974 1554 3267 1610 Metebinos
3312 1572 3427 1609 mo-

1854 1640 2057 1695 nachos
2075 1642 2319 1696 continet
2349 1658 2364 1697 :
2405 1658 2711 1713 quanquam
2764 1645 2867 1699 alia
2900 1644 3012 1716 (70)
3060 1662 3272 1716 quoque
3306 1648 3423 1715 plu-

1857 1733 1991 1786 rima
2046 1733 2219 1788 sancti
2292 1734 2393 1787 viri
2448 1736 2499 1788 in
2550 1736 2792 1791 Graecam
2870 1752 3129 1793 conversa
3191 1739 3425 1807 linguam

1858 1823 2120 1889 Opuscula
2165 1823 2646 1891 circumferuntur,
2687 1827 2901 1881 dicendi
2930 1829 2981 1881 vi
3031 1842 3096 1882 ac
3148 1838 3428 1883 venustate

200 1914 286 1967 οὐκ
311 1913 712 1981 ἀναξιόπιστος,
743 1917 792 1969 εἰ
828 1917 925 1970 καὶ
968 1918 1043 1989 μὴ
1077 1919 1146 1972 τὰ
1191 1919 1463 1989 δόγματα,
1492 1920 1751 1985 Εὐσέϐιος

1862 1911 2074 1967 referta.
2112 1913 2234 1985 Syri
2271 1930 2401 1969 vero
2443 1915 2709 1971 afﬁrmant
2763 1921 3036 1973 orationes
3076 1934 3235 1987 supra
3283 1919 3429 1971 mille

201 2006 227 2058 ό
250 2005 303 2058 τὸ
326 2006 613 2076 Παμφίλου
649 2005 937 2078 ἐπώνυμον
976 2009 1156 2080 φέρων
1200 2011 1640 2083 ἐπιμαρτύρεται
1677 2013 1748 2069 ²⁹.

204 2365 312 2438 [266
338 2366 404 2441 Β]
427 2369 784 2424 Κασσιανοῦ
806 2366 1079 2439 μον-ακοῦ
1116 2366 1295 2437 Λόγοι
1319 2365 1635 2432 ἀσκητικοί
1675 2373 1753 2434 τ’.
1862 2354 1873 2362 ’

269 2461 606 2531 ’Δνεγνώσθη
635 2461 966 2533 βιϐλιδάριον
998 2461 1057 2513 ὲν
1082 2451 1127 2527 ᾧ
1149 2457 1459 2513 Κασσιανοῦ
1495 2458 1755 2529 μοναχοῦ,

1853 2006 2181 2073 scripsisse:
2212 2007 2408 2075 quibus
2445 2009 2606 2062 etiam
2658 2010 3021 2064 testimonium
3045 2012 3219 2065 reddit
3251 2011 3430 2081 (cujus

1854 2098 2035 2167 gravis
2095 2107 2179 2153 est
2231 2100 2284 2153 in
2336 2099 2590 2167 historia,
2626 2118 2732 2155 non
2794 2102 2921 2157 item
2976 2103 3028 2156 in
3091 2104 3433 2173 dogmatibus

1855 2192 2008 2263 fides)
2043 2193 2302 2249 Eusebius
2350 2194 2441 2249 ille
2484 2192 2746 2262 Pamphili
2780 2205 3153 2265 cognomento.

2510 2286 2764 2346 CXCVII.

2099 2376 2341 2431 Cassiani
2380 2379 2620 2432 monac/ti
2645 2377 2792 2433 Libri
2826 2381 3037 2434 ascetici
3069 2390 3196 2434 tres.

1929 2467 2126 2523 Lectus
2179 2470 2416 2534 libellus,
2468 2486 2576 2539 quo
2629 2471 2877 2527 Cassiani
2932 2472 3203 2533 monachi,
3254 2472 3435 2540 patria

211 2551 409 2624 Ῥώμην
486 2555 743 2625 λαχόντος
795 2553 1029 2624 πατρίδα
1053 2593 1070 2619 ,
1124 2554 1395 2622 περιῆσαν
1456 2551 1606 2620 λόγοι
1668 2552 1713 2622 β’
1737 2594 1754 2618 ,

1862 2558 2086 2614 Romani
2130 2560 2266 2631 (7i),
2300 2562 2419 2615 libri
2461 2566 2570 2615 duo
2620 2565 3056 2618 continebantur.
3110 2564 3299 2634 161a
3334 2564 3433 2615 Eo-

204 2635 262 2694 ὧν
289 2647 313 2697 ὁ
343 2646 439 2715 μὲν
473 2646 1010 2718 Κάστοριὲπισκόπῳ
1035 2645 1437 2716 ἀνεγέγραπτο,
1485 2643 1633 2714 αὐτῷ
1658 2661 1757 2697 πε-

1862 2668 1975 2707 rum
2029 2652 2167 2708 alter
2213 2654 2426 2708 Castori
2477 2654 2687 2707 cuidam
2749 2658 3007 2725 episcopo
3070 2668 3441 2723 nuncupatur,

204 2735 461 2806 ποιημένῳ
491 2736 537 2767 ³⁸
563 2735 665 2805 τὴν
693 2736 803 2787 τῶν
834 2733 1241 2805 γεγραμμένων
1274 2734 1511 2805 αἴτησιν.
1542 2726 1758 2797 Τύπους

1862 2744 1949 2815 qui
1996 2745 2140 2799 hunc
2171 2746 2354 2801 abillo
2377 2746 2543 2800 scribi
2575 2746 2897 2815 postularat.
2934 2746 3162 2801 Formas
3189 2745 3301 2816 (7:2)
3331 2764 3432 2800 au-

202 2821 237 2873 δ’
254 2817 393 2886 οὗτος
438 2825 541 2878 καὶ
572 2824 803 2887 κανόνας
848 2823 1200 2892 ἀπαγγέλλει,
1233 2824 1353 2875 καθ’
1388 2822 1479 2885 οὒς
1521 2823 1668 2876 ὲϐίου
1700 2822 1759 2876 τὸ

1862 2842 1967 2887 tem
2009 2847 2072 2888 ac
2111 2833 2325 2903 regulas
2363 2833 2686 2903 praescribit.
2718 2848 2783 2887 ex
2832 2849 3062 2904 quarum
3119 2836 3435 2903 praescripto

204 2916 250 2965 ὲν
273 2915 527 2985 Αἰγύπτῳ
551 2916 693 2969 κατὰ
721 2917 1047 2987 συστήματα
1076 2915 1359 2986 μοναδικόν
1382 2915 1424 2945 ³⁸
1444 2930 1458 2945 ⁸
1492 2916 1760 2969 κοινόϐια

1862 2922 2044 2976 vivant
2092 2924 2142 2976 in
2196 2921 2428 2992 Egypto
2475 2923 2724 2977 monachi
2756 2939 2853 2993 per
2885 2934 3059 2978 cmtus
3092 2924 3210 2978 illos
3251 2925 3428 2978 distri-

204 3004 249 3055 δὲ
273 3006 399 3059 αύτά
418 3008 457 3059 ὁ
493 3008 559 3059 ὲκ
590 3009 689 3076 τῆς
714 3006 1044 3077 ὲτυμότητος
1080 3005 1337 3077 ὀνομάζει
1362 3006 1543 3076 λόγος.
1597 3008 1707 3059 Καὶ
1732 3008 1761 3060 ό

1862 3008 1998 3074 buti,
2032 3023 2167 3077 quos
2196 3024 2259 3063 ex
2286 3010 2435 3063 vocis
2462 3009 2670 3078 origine
2700 3010 2871 3078 petita
2911 3010 3138 3074 ratione,
3187 3009 3433 3063 rmnobia

206 3095 425 3167 δεύτερος
489 3098 547 3151 δὲ
582 3097 663 3165 τῷ
706 3097 855 3168 αὐτῷ
885 3098 1425 3169 προσπεφωνημένος
1465 3098 1603 3163 ἐστὶ,
1631 3098 1761 3168 περὶΙ

1864 3100 2164 3153 nominant.
2213 3099 2364 3152 Alter
2396 3115 2612 3168 quoque
2680 3101 2817 3154 liber
2867 3100 3042 3154 eidem
3104 3100 3429 3167 inscriptus,

207 3187 294 3239 τῶν
315 3187 461 3242 ὀκτὼ
475 3188 533 3241 δὲ
561 3187 837 3259 λογισμῶν
869 3188 967 3260 τὴν
1005 3188 1317 3259 ἐπιγραφὴν
1344 3190 1522 3259 φέρει,
1555 3184 1636 3251 οἷς
1661 3204 1761 3256 γα-

1865 3191 1933 3246 ab
1983 3201 2106 3245 octo
2151 3190 2262 3261 (73)
2320 3190 2426 3246 illis
2461 3189 2729 3262 [vitiosis]
2759 3191 3183 3262 cngitationibus
3218 3191 3433 3245 titulum

209 3240 579 3350 στριμαργίαν,
617 3240 1312 3352 πορνείαν,;ριλαργυρίαν,
1355 3240 1761 3350 tamet...

1866 3240 1928 3246 ""
1988 3240 2099 3245 ""
2153 3240 2259 3261 \‘wl
2320 3240 2425 3246 “’“””
2462 3240 2723 3262 ι’“’ν-“⁷.ι
2765 3240 3180 3262 *νό-“”“’·ν“’·’””
3220 3240 3433 3245 ”“””⁷“““

1864 3294 2162 3348 mutuatur,
2220 3286 2419 3354 quibus
2480 3285 2697 3354 gulam,
2749 3286 3051 3351 luxuriam,
3113 3286 3441 3351 avaritiam,

208 3370 286 3422 mi
312 3372 562 3441 ἀκηδίαν,
579 3371 884 3438 κενοδοξίαν
906 3389 965 3424 τε
993 3374 1087 3426 καὶ
1115 3372 1493 3444 ὑπερηφανίαν
1516 3370 1761 3436 ἐξάπτει.

1862 3371 2022 3435 iram,
2072 3371 2354 3439 invidiam,
2406 3375 2674 3438 acediam,
2722 3375 2937 3430 inanem
2989 3375 3213 3443 gloriam
3273 3385 3437 3443 atque

209 3462 450 3534 Χρήσιμοι
482 3464 563 3529 δὲ,
597 3464 756 3534 είπερ
788 3465 832 3496 ³⁸
886 3481 941 3516 τι
969 3464 1116 3529 ἄλλο,
1147 3464 1218 3518 τά
1245 3465 1402 3533 λόγια
1446 3464 1619 3518 ταῦτα
1651 3465 1765 3526 τοῖς

210 3554 536 3625 αἱρουμένοις
563 3555 657 3609 τὸν
694 3556 990 3627 ἀσκητικὸν
1021 3557 1380 3627 ἀναδέχεσθαι
1411 3557 1618 3624 ἀγῶνα.
1654 3558 1766 3609 Καὶ

211 3644 287 3697 ἐπὶ
301 3647 564 3701 τοσοῦτον
583 3648 645 3701 τὸ
670 3648 713 3680 ³³
728 3648 954 3701 δυνατὸν
975 3649 1157 3712 αὐτοῖς
1180 3650 1273 3703 καὶ⁸
1296 3649 1437 3702 θεῖον
1459 3650 1761 3719 περίεστιν,

213 3735 327 3791 ὥστε
354 3741 457 3793 καὶ
488 3740 650 3811 μέχρι
672 3740 787 3807 νῦν,
813 3741 867 3795 εί
892 3758 946 3794 τι
970 3742 1112 3795 κατά
1139 3743 1266 3805 τοὺς
1282 3741 1487 3806 τύπους
1514 3742 1767 3796 τουτουσὶ

213 3830 291 3881 καὶ
311 3830 374 3884 τὰ
397 3831 751 3900 διατάγματα
783 3832 1108 3901 μοναστικὸν
1132 3832 1178 3864 ³⁵
1205 3832 1460 3903 σύστημα
1478 3832 1767 3885 πολιτεύοι-

214 3934 280 3982 το,
299 3920 450 3975 ἀνθεῖ
465 3938 525 3974 τε
559 3921 637 3984 ὡς
667 3921 712 3953 ³⁸
733 3921 952 3993 ἀληθῶς
991 3921 1084 3974 καὶ
1110 3904 1223 3976 τῶν
1243 3921 1419 3975 ἄλλων
1448 3920 1766 3992 προλάμπει

215 4011 292 4062 καὶ
317 4013 417 4065 τῶν
476 4012 688 4082 ἀρετῶν
715 4014 905 4085 ὁρᾶται
935 4013 1324 4085 ἐργαστήριον,
1368 4013 1427 4077 ὃς
1456 4012 1514 4068 δὲ
1542 4012 1767 4075 τούτους

216 4098 547 4174 διεγράψατο,
583 4104 678 4157 ἐπὶ
709 4107 924 4175 μικροῖς
951 4122 1063 4159 τισι
1114 4105 1391 4174 λειψάνοις
1420 4104 1528 4158 τῶν
1555 4104 1767 4175 ἀρετῶν

219 4193 407 4248 σαλεύει
462 4194 496 4266 ἢ
538 4196 634 4249 καὶ
668 4196 909 4268 ναυαγίῳ
944 4197 1278 4270 περιδύεται.
1320 4196 1413 4250 Διὸ
1451 4196 1628 4267 χρεών
1652 4199 1768 4250 ἐστι

219 4284 360 4355 μηδὲν
382 4286 497 4341 τῶν
530 4291 590 4341 ἐν
634 4289 825 4351 αὐτοῖς
854 4289 1305 4360 παραδεδομένων
1333 4290 1613 4361 παρορᾷνο
1671 4291 1769 4341 Δε-

218 4378 581 4450 σποτικῆςγάρ
610 4379 780 4433 ταῦτα
800 4379 1122 4450 νομοθεσίας
1149 4381 1245 4433 καὶ
1273 4379 1373 4450 τῆς
1402 4378 1769 4448 εὐαγγελικῆς

217 4466 471 4533 πολιτείας
526 4471 572 4502 ⁸⁸
618 4472 767 4525 ἐστὶν
819 4470 1117 4536 ἀνάπτυξίς
1158 4488 1219 4524 τε
1278 4472 1377 4525 καὶ
1433 4472 1766 4538 ὲξάπλωσις.

1863 3463 2168 3531 superbiam
2217 3466 2485 3520 attribuit.
2519 3463 2821 3520 Utilissima
2872 3481 3024 3533 vero,
3060 3466 3107 3521 si
3147 3480 3267 3536 quae
3305 3466 3433 3529 alia,
3534 3484 3539 3497 ι

1865 3552 1982 3608 haec
2008 3553 2076 3609 iis
2101 3564 2227 3610 sunt
2253 3557 2621 3623 pronuntiata,
2649 3558 2739 3626 qui
2767 3557 3072 3627 religiosam
3101 3558 3239 3611 inire
3272 3557 3438 3611 vitam

1866 3648 2107 3717 cupiunt.
2140 3646 2206 3701 Et
2238 3662 2366 3701 vero
2409 3656 2556 3701 tanta
2602 3648 2668 3701 iis
2699 3648 2779 3702 vis
2812 3649 2973 3712 inest,
3021 3663 3084 3702 ac
3115 3647 3269 3717 quasi
3300 3647 3439 3701 divi-

1867 3740 2028 3805 nitas,
2061 3748 2121 3793 ut
2151 3748 2206 3793 et
2246 3739 2298 3792 in
2340 3738 2483 3792 hunc
2512 3755 2683 3809 usque
2716 3740 2880 3805 diem,
2906 3739 2953 3792 si
2992 3739 3116 3808 quis
3145 3739 3427 3793 monacho-

1868 3847 1985 3886 rum
2022 3843 2319 3887 conventus
2342 3833 2441 3887 hac
2468 3847 2535 3887 ex
2578 3834 2751 3888 forma
2786 3844 2838 3889 et
2871 3834 3024 3888 hisce
3064 3833 3439 3903 praeceptioni-

1869 3926 1969 3978 bus
2018 3924 2372 3995 gubernetur,
2425 3939 2611 3978 revera
2666 3925 2932 3991 tantisper
2962 3923 3169 3988 floreat,
3203 3923 3431 3979 caeteris-

1868 4032 1975 4087 que
1995 4017 2294 4086 prelucens
2324 4017 2582 4071 virtutum
2614 4031 2735 4071 esse
2763 4015 2977 4071 ofﬁcina
3008 4022 3285 4080 cernatur,
3316 4029 3440 4069 cum

1868 4110 1960 4180 qui
2013 4110 2126 4164 haec
2174 4109 2467 4177 repudiarit
2524 4118 2720 4174 coetus,
2754 4108 2940 4180 parvis
2972 4108 3293 4178 quibusdam
3328 4107 3441 4160 vir-

1873 4211 2042 4255 tutum
2079 4200 2300 4269 reliquis
2338 4197 2705 4272 [instructus],
2760 4200 2921 4255 veluti
2970 4201 3021 4254 in
3064 4197 3315 4254 fluctibus
3358 4198 3442 4268 ja-

1871 4302 2073 4360 ctetur,
2104 4291 2189 4346 vel
2216 4292 2379 4347 etiam
2422 4290 2765 4361 naufragium
2796 4291 2980 4350 faciat.
3021 4290 3200 4359 Quare
3224 4290 3444 4358 expedit

1874 4383 2006 4437 nihil
2046 4399 2233 4439 eorum
2282 4398 2403 4452 qua:
2448 4382 2519 4436 ibi
2569 4383 2856 4438 traduntur
2900 4392 3270 4438 contemnere.
3302 4379 3439 4433 Nam

1872 4476 2167 4531 Dominica:
2210 4477 2325 4531 haec
2371 4475 2507 4545 legis
2552 4484 2678 4530 sunt
2715 4486 2882 4545 atque
2914 4473 3236 4545 evangelica:
3281 4471 3462 4527 disci-

222 4556 355 4612 Ἐστι
370 4562 432 4615 δὲ
454 4563 603 4634 αύτῷ
633 4565 806 4617 οἰκεῖα
832 4566 942 4627 τοῖς
963 4564 1289 4634 διανοήμασι
1311 4564 1407 4618 καὶ
1430 4565 1500 4618 τὰ
1525 4565 1762 4635 ῥήματα,

1873 4566 2032 4634 plinae
2074 4566 2340 4635 expositio
2387 4574 2443 4620 et
2489 4566 2829 4634 eXplanatio.
2872 4564 3138 4621 Czeterum
3193 4563 3471 4619 sensibus.

221 4648 267 4698 τό
289 4666 343 4702 τε
372 4653 543 4721 σαφὲς
592 4654 1007 4721 ἀποστίλϐοντα,
1064 4655 1160 4709 καὶ
1196 4654 1256 4708 τὸ
1282 4654 1483 4724 ῥᾳδίως
1510 4658 1631 4717 ταῖς
1662 4654 1766 4723 ψυ⁸

222 4743 322 4805 χαῖς
371 4746 473 4799 καὶ
526 4746 848 4816 ἀνεπαχθῶς
887 4747 931 4778 ³⁷
964 4746 1411 4817 ἐγχαράσσεσθαι
1459 4746 1556 4817 τὴν
1606 4746 1767 4816 χάριν

223 4830 624 4908 κληρωσάμενα,
656 4838 775 4908 ἅμα
794 4839 888 4892 καὶ
912 4839 1005 4892 τοῦ
1040 4840 1085 4871 ³⁸
1119 4839 1445 4910 συμπείθειν
1472 4840 1566 4891 καὶ
1584 4837 1765 4890 ἕλκειν

222 4922 369 4991 αὑτὰς
394 4930 533 4999 πρὸς
557 4930 621 4983 τὸ
650 4930 1107 5001 σπουδαζόμενον.
1142 4931 1254 4984 Καὶ
1296 4930 1438 4983 οὕτω
1468 4931 1644 4984 πάντα
1674 4947 1765 4982 σο-

1874 4657 1990 4725 ipsa
2019 4670 2233 4726 quoque
2284 4659 2423 4726 apud
2455 4673 2581 4712 eum
2618 4657 2910 4728 respondet
2939 4656 3196 4718 elocutio,
3228 4665 3284 4709 ut
3324 4669 3445 4723 quae

1875 4762 1981 4801 non
2040 4747 2476 4817 perspicuitatem
2532 4748 2707 4803 solum
2753 4764 2934 4803 secum
2978 4747 3191 4812 afferat,
3240 4748 3332 4801 sed
3381 4761 3444 4800 ea

1874 4839 2095 4907 insuper
2122 4840 2193 4894 sit
2230 4840 2488 4895 facultate
2521 4841 2765 4910 praedita,
2796 4850 2855 4892 ut
2887 4839 3045 4893 facile
3084 4854 3149 4893 ac
3193 4839 3310 4891 sine
3336 4840 3444 4892 ulla

1881 4933 1929 4983 vi
1980 4931 2255 4985 hominum
2297 4932 2497 4987 animis
2552 4932 2893 5001 imprimatur
2926 4949 2939 4985 :
2976 4930 3104 4996 quin
3139 4940 3195 4985 et
3226 4930 3444 4984 eosdem

1467 5090 1701 5144 vuum
1734 5050 2136 5146 moriones.

285 5200 324 5231 "
375 5212 490 5268 post
509 5205 1018 5277 έπιμαρτύρεταιὶη
1054 5207 1098 5260 Α
1124 5220 1313 5262 .acuna
1347 5220 1601 5277 versuum
1644 5207 1677 5260 5
1711 5223 1725 5259 :
1763 5206 1813 5259 in
1846 5204 1895 5277 C
1941 5206 2124 5259 unius.

229 5267 261 5297 "
293 5267 565 5341 μοναχικὺν
596 5267 657 5338 ξ.

733 5274 1170 5349 ³²ἐῐπερ1ίύπὲρ
1211 5278 1298 5349 _A.
1377 5276 1511 5349 "ab
1538 5292 1647 5328 om.
1698 5282 1767 5349 Α1
1838 5276 1881 5349 if
1939 5274 2318 5349 povaxtxbvg.

2219 5204 2264 5235 ³ο
2317 5204 2679 5288 magna“?
2741 5214 2860 5288 PO.“
2923 5203 3139 5288 αῖτησξγ
3194 5202 3440 5288 βρηίίβζ

2427 5277 2471 5309 ³⁸
2516 5276 2591 5337 ὡς
2630 5275 2677 5327 Α
2710 5290 2727 5330 :
2756 5275 2892 5340 τέως
2945 5293 3005 5339 ς.
3040 5275 3043 5276 ⁷
3084 5276 3129 5308 ³⁸
3169 5275 3457 5327 πολιτείας.

229 5351 332 5404 pOst
356 5340 654 5408 ἐξάπλωσις
699 5349 844 5415 ponit
876 5340 943 5413 ς’.’
971 5340 987 5349 ’
1008 5348 1053 5379 ⁸⁷
1078 5340 1173 5400 κνίὶ
1199 5346 1362 5401 ἀνεπ.
1422 5348 1615 5416 ἐγχαρ.
1676 5347 1797 5407 ταῖς
1841 5340 2038 5415 ψυχαῖς
2071 5340 2131 5409 ξ.
2208 5346 2252 5377 ⁸⁸
2283 5345 2378 5398 τοῦ
2412 5346 2457 5399 Α
2486 5364 2498 5399 :
2539 5346 2599 5398 τὸ
2629 5363 2689 5409 ς.

1676 5454 1906 5509 ΝΟΤᾸΕ.

291 5543 394 5618 (70)
417 5547 458 5602 E
490 5549 685 5618 quibus
712 5563 871 5617 supra
905 5558 1143 5618 centum,
1176 5558 1371 5618 praeter
1397 5548 1507 5617 jam
1538 5563 1766 5603 enume-

234 5606 335 5688 rata
360 5606 543 5688 Latine
570 5606 793 5672 reddita'
822 5620 1047 5688 protulit
1074 5606 1301 5673 Gerard.
1336 5606 1557 5673 vossius
1583 5618 1768 5672 Roma:

235 5688 282 5730 et
302 5684 521 5743 (lolonitr
551 5690 717 5743 edita.

301 5753 402 5827 (7i)
440 5758 517 5812 An
547 5758 677 5827 quia
709 5759 851 5812 inter
894 5757 1115 5811 Latinos
1150 5756 1402 5813 Massilia:
1429 5758 1602 5812 vixit?
1635 5756 1768 5811 Nam

243 5817 475 5890 S'ytham
501 5817 719 5885 natione
745 5828 914 5885 fuisse
940 5828 1251 5885 Gennadius
1280 5839 1469 5885 auctor
1493 5830 1557 5903 in
1592 5827 1769 5884 Catal.

1872 5562 1991 5616 cap.
2028 5546 2117 5601 6|.

1947 5618 2058 5690 (3'2)
2101 5616 2322 5690 Libellis
2360 5626 2613 5690 quatuor,
2639 5621 2728 5687 qui
2770 5620 2968 5690 passim
3003 5627 3220 5674 exstant
3253 5616 3461 5671 Latine.

1874 5696 1929 5741 et
1959 5686 2147 5759 (ἔταξας
2178 5688 2518 5759 ἰηίιιὶὺιίοιιι.
2546 5686 2775 5759 August.

1952 5757 2066 5823 (75)
2102 5755 2352 5829 Totidem
2398 5759 2594 5829 libellis
2637 5755 2815 5817 inditus
2864 5759 3079 5827 Latine,
3117 5758 3207 5829 qui
3252 5756 3467 5814 Grece,-

1877 5829 2078 5883 suntin
2115 5825 2361 5883 bibliotlt.
2385 5827 2619 5896 August.
3066 5825 3073 5827 ’
3133 5825 3148 5829 ’
3336 5858 3341 5869 ι
