4038 6408
606 392 726 467 ,663

1778 397 1845 456 P1
1854 398 2039 457 [0TH
2080 397 2200 456 ΡΛΊ

2296 399 2582 459 lARCH/E
2610 400 2725 460 (ΞΡ.
3730 406 3817 469 661

621 503 989 574 persuadere,
1040 514 1202 573 alque
1249 502 1315 557 ad
1368 504 1674 559 institutum
1719 522 1874 561 suum
1913 508 2187 563 attrahere

2296 512 2406 581 φῶς
2426 528 2483 565 τε
2514 512 2608 566 καὶ
2655 508 2843 579 δεξιῶς
2879 507 3144 581 κέκραται
3180 508 3275 563 καὶ
3300 509 3733 582 διαμεμόρφωται
3754 515 3811 575 ⁸⁸,

620 603 806 663 queat.
827 592 940 647 lmo
961 596 1235 663 sapienter
1254 595 1389 650 adeo
1418 607 1542 651 sunt
1567 597 1744 649 omnia
1767 610 1819 653 et
1842 600 2030 653 dextro
2054 608 2185 654 tent-

2296 604 2422 658 Imts
2460 604 2555 659 καὶ
2606 601 2962 674 τροπολογίας
2988 602 3017 655 ὀ
3064 600 3320 673 δεύτερος
3356 600 3513 668 λόγος
3538 602 3815 657 ὑποϐαλλό-

620 692 806 753 perata
837 693 1000 751 atque
1025 684 1326 752 elformata,
1358 695 1416 741 ut
1448 701 1547 741 nec
1579 688 1895 757 tropologiis
1926 688 2065 743 liber
2092 702 2183 743 se-

621 774 830 829 cundus
861 774 1209 839 destituatur,
1257 777 1350 830 sed
1396 780 1563 831 multa
1609 781 1899 847 contineat,
1942 796 2062 849 quae
2094 782 2189 838 de-

623 865 898 920 mulceant
929 876 1090 936 atque
1120 867 1365 921 alliciant
1393 888 1405 922 :
1438 885 1502 923 ac
1524 871 1674 940 plura
1704 872 1892 937 etiam,
1920 889 2041 943 quae
2058 889 2184 929 cum

622 965 824 1010 metum
850 972 912 1012 ac
940 966 1202 1011 terrorem
1244 959 1535 1026 incutiant,
1569 972 1678 1015 tum
1712 962 1955 1019 homines
1981 963 2047 1017 ad
2072 980 2189 1036 pa:-

623 1048 904 1103 nitentiam
932 1051 1304 1104 commovendi
1336 1050 1445 1105 vim
1474 1052 1727 1107 habeant.

694 1138 937 1194 Tertium
968 1140 1277 1209 adjunctum
1304 1141 1389 1197 his
1424 1142 1659 1197 libellum
1688 1144 1938 1215 legimus,
1961 1161 2123 1217 quem
2158 1162 2188 1201 a

626 1230 869 1285 Castoris
911 1232 1149 1302 episcopi
1208 1243 1384 1287 morte
1440 1234 1715 1304 inscripsit
1757 1239 1989 1293 cmnobii
2047 1238 2193 1295 illius

628 1325 977 1389 moderatori,
1031 1324 1185 1393 cujus
1219 1325 1452 1380 cmnobii
1496 1341 1682 1394 causa,
1734 1338 1789 1385 et
1837 1330 2035 1401 regulae
2088 1332 2193 1386 illa

627 1413 825 1487 [prius]
856 1416 1035 1470 tuisszc
1057 1416 1293 1470 fuerant.
1317 1416 1417 1484 Qui
1448 1418 1665 1486 quidem
1692 1419 1906 1475 libellus
1940 1421 2029 1489 iis,
2057 1437 2193 1492 quos

620 1504 732 1573 jam
748 1507 1202 1570 euumeravimus,
1219 1504 1489 1563 adsimilis
1524 1519 1626 1563 est.
1650 1509 1815 1565 Docet
1830 1511 1943 1581 (7L)
1968 1514 2113 1568 enim
2134 1514 2191 1569 in

624 1596 817 1666 primis
850 1598 979 1667 quid
1010 1598 1267 1656 discretio
1293 1601 1365 1655 sit
1396 1616 1409 1653 :
1446 1600 1748 1669 deindeque
1786 1603 2040 1672 majorem
2071 1619 2192 1660 eam

624 1701 746 1742 esse
770 1689 986 1744 caeteris
1011 1690 1326 1756 virtutibus,
1352 1700 1463 1744 tum
1497 1694 1637 1747 unde
1665 1694 1939 1764 gignatur,
1969 1712 2034 1753 ac
2061 1713 2196 1767 quo-

621 1782 784 1835 modo
807 1781 919 1836 haec
940 1785 1128 1836 eadem
1154 1781 1367 1837 caelitus
1387 1786 1700 1856 plerumque
1724 1788 1996 1844 donetur:
2018 1790 2191 1844 donec

623 1872 840 1926 tandem
869 1871 1161 1942 Scriptura:
1190 1850 1513 1931 testimoniis
1542 1850 1737 1947 probat
1779 1878 1827 1913 ”
1861 1894 2017 1936 suum
2072 1881 2190 1949 qui-
2221 1850 2263 1910 Β

624 1977 731 2031 que
765 1964 1004 2018 animum
1048 1966 1247 2019 seniori
1298 1982 1419 2022 esse
1467 1968 1834 2024 indicandum.
1861 1970 2025 2026 Addit
2057 1987 2193 2043 prte-

622 2063 773 2109 terea
809 2056 929 2125 quis
958 2069 1156 2124 scopns
1186 2057 1296 2127 (75)
1337 2074 1400 2113 ac
1444 2059 1567 2114 linis
1606 2076 1792 2117 eorum
1822 2077 1943 2118 esse
1978 2064 2190 2130 debeat,

623 2148 714 2216 qui
760 2150 1132 2219 religiosorum
1173 2153 1655 2207 exercitationibus
1704 2154 2021 2222 probantur.
2069 2154 2195 2212 [huc

622 2240 810 2297 Mosen
851 2244 1136 2312 quemdam
1164 2245 1451 2299 virtutibus
1496 2245 1868 2300 admirandum
1902 2249 2075 2302 virum
2122 2250 2193 2303 ita

626 2334 908 2389 docentem
938 2335 1163 2402 inducit,
1194 2337 1384 2408 161a
1443 2347 1499 2389 ut
1534 2336 1667 2405 ipsis
1695 2354 1910 2408 quoque
1941 2340 2195 2406 operibus

623 2426 695 2480 ob
719 2424 904 2480 oculos
937 2431 1317 2496 propemodum
1366 2430 1583 2485 statutis
1629 2431 1877 2499 dogmata
1923 2446 2019 2487 sua
2062 2445 2195 2486 con-

626 2516 824 2572 ﬁrmet.
857 2516 985 2572 Post
1028 2536 1146 2588 qum
1184 2520 1447 2575 Serenum
1472 2520 1585 2591 (76)
1615 2523 1924 2591 quemdam,
1956 2524 2080 2577 vitae
2106 2538 2197 2593 ge-

627 2623 759 2671 nere
800 2610 966 2666 nihilo
1010 2612 1343 2678 inﬁariorem,
1380 2624 1435 2669 et
1481 2616 1596 2686 pari
1641 2616 1856 2683 quidem
1899 2616 2047 2671 illum
2090 2619 2195 2671 do-

627 2704 801 2760 ctrina
837 2714 1100 2771 utentem,
1132 2707 1184 2762 in
1213 2706 1445 2761 medium
1477 2709 1724 2775 producit
1755 2725 1770 2762 :
1807 2707 1921 2764 ﬁeri
1942 2708 2195 2765 nimirum

628 2812 736 2852 non
774 2812 953 2868 posse.
983 2800 1112 2868 quin
1145 2802 1390 2855 turbetur
1419 2816 1448 2854 a
1473 2800 1809 2855 daemonibus
1837 2815 1988 2855 mens
2006 2800 2197 2856 huma-

628 2902 721 2951 na,
768 2903 1081 2961 quanquam
1124 2891 1396 2961 compelli,
1422 2902 1585 2960 atque
1617 2891 1927 2947 necessario
1971 2893 2111 2961 cogi,
2141 2899 2200 2946 ut

628 2978 683 3032 in
725 2978 924 3033 malum
973 2981 1198 3047 incidat,
1225 2996 1501 3051 nunquam
1536 2990 1718 3050 queat.
1747 2981 2006 3037 Nostrum
2051 2982 2194 3036 enim

628 3082 749 3124 esse
775 3072 983 3127 turbam
1025 3072 1170 3129 illam
1212 3083 1527 3142 motumque
1552 3072 1634 3127 vel
1668 3072 1958 3141 depellere,
1991 3071 2077 3127 vel
2100 3072 2197 3127 ad-

2286 715 2467 775 μενος,
2492 698 2586 752 καὶ
2612 695 2746 750 πολὺ
2775 696 2836 749 τὸ
2857 694 3145 763 ἐπαγωγὸν
3169 692 3306 765 έχων
3330 693 3422 748 καὶ
3443 693 3741 766 θελκτήριον
3757 698 3818 752 ⁸⁸,

2286 790 2447 845 πλέον
2492 788 2791 860 παρέχεται
2841 786 2903 840 τὸ
2936 787 3136 856 φοϐοῠν
3166 803 3227 839 τε
3275 787 3370 841 καὶ
3403 787 3815 857 καταπληκτικὸν

2287 884 2385 937 καὶ
2409 882 2630 936 δυνατὸν
2660 880 3007 952 ἐπιστρέφειν
3036 878 3173 947 πρὸς
3198 879 3505 950 μετάνοιαν.

2358 1150 2472 1206 Καὶ
2492 1149 2675 1221 τρίτον
2700 1148 2744 1201 δ’
2781 1146 2875 1202 ἐπὶ
2912 1146 3122 1211 τούτοις
3163 1145 3391 1215 λογίδιον
3417 1145 3819 1217 συνανεγνὼσθη,

2289 1241 2319 1296 δ
2352 1239 2490 1311 μετὰ
2524 1238 2781 1309 τελευτὴν
2812 1236 3096 1310 Κάστορος
3138 1234 3234 1290 τοῦ
3266 1234 3563 1288 ἐπισκόπου
3598 1234 3673 1304 τῷ
3724 1235 3822 1288 διαο

2290 1332 2566 1407 δεξαμένῳ
2608 1330 2708 1402 τὴν
2750 1329 3072 1401 ὶπιμέλειαν
3101 1329 3203 1398 τῆς
3248 1329 3437 1401 μονῆς,
3464 1329 3531 1381 δι’
3579 1329 3643 1398 ἢν
3664 1330 3750 1382 καὶ
3779 1330 3821 1382 oi

2291 1426 2516 1489 κανόνες
2545 1422 2870 1495 ἐστάλησαν,
2900 1421 3391 1492 προσπεφώνηται.
3427 1421 3580 1474 Ἔστι
3608 1419 3698 1487 μὲν
3712 1437 3825 1489 συγο

2291 1517 2447 1587 γενὲς
2470 1518 2515 1549 ⁸³
2548 1518 2661 1580 τοῖς
2688 1515 3126 1587 προειρημένοις,
3176 1513 3418 1567 διδάσκει
3461 1511 3517 1565 δὲ
3547 1512 3599 1566 τί
3647 1512 3699 1566 τὲ
3726 1514 3823 1568 ἐστι

2292 1607 2586 1676 διάκρισις,
2616 1604 2712 1658 καὶ
2742 1605 2825 1657 ὃτι
2865 1603 3066 1675 μείζων
3095 1602 3234 1673 αὕτη
3281 1601 3391 1654 τῶν
3422 1601 3596 1657 ἄλλων
3620 1602 3824 1671 ἀρετῶν,

2292 1699 2387 1753 καὶ
2416 1698 2536 1751 ὅθεν
2574 1695 2839 1757 τίκτεται,
2864 1695 2961 1747 κα)⁸
2979 1694 3054 1757 ὡς
3084 1694 3146 1747 τὸ
3171 1693 3335 1746 πλέον
3355 1692 3459 1763 τῆς
3520 1692 3714 1746 ἄνωθέν
3729 1694 3826 1747 ἐστι

2293 1790 2524 1862 δωρεᾶς.
2565 1788 2675 1842 Καὶ
2711 1786 2839 1853 περὶ
2893 1785 3211 1855 ὲξαγγελίας
3252 1785 3561 1855 Γραφικαῖς
3591 1785 3825 1847 πίστεσιν,

2292 1882 2365 1946 ὡς
2395 1882 2474 1935 δεῖ
2523 1879 2727 1950 ταύτην
2789 1879 3069 1949 πράττειν,
3112 1877 3531 1941 κατασκευάζει,
3581 1877 3669 1930 καὶ
3715 1876 3827 1938 τίςό

2294 1974 2496 2037 σκοπὸς
2520 1976 2613 2027 καὶ
2628 1973 2679 2025 τί
2704 1971 2765 2025 τὸ
2789 1970 2940 2033 τέλος
2957 1971 3066 2023 τῶν
3088 1971 3145 2024 ὲν
3170 1970 3284 2031 τοῖς
3316 1970 3629 2038 άσκτβικρῖς
3648 1966 3827 2034 ἀγῶσιν

2294 2064 2717 2132 ἐξεταζομένων.
2769 2061 2955 2116 Ταῦτα
3004 2061 3206 2114 Μωσέα
3243 2062 3365 2113 τινὰ
3408 2057 3704 2129 θαυμαστὸν
3726 2059 3826 2120 ταῖς

2293 2159 2515 2229 ἀρεταῖς
2547 2154 2759 2223 είσάγει
2788 2152 3107 2207 διδάσκοντα
3155 2151 3251 2204 καὶ
3299 2151 3618 2220 πράγμασιν
3648 2148 3826 2213 αὐτοῖς,

2298 2247 2495 2320 μικροῦ
2526 2246 2798 2315 κειμένοις
2818 2244 2913 2298 ὑπ’
2939 2243 3082 2313 δψιν,
3106 2242 3175 2295 τὰ
3202 2242 3427 2312 ῥήματα
3456 2240 3825 2311 βεϐαιούμενον.

2294 2338 2427 2396 Εἶτα
2473 2340 2709 2409 Σερῆνον
2762 2339 2808 2369 ⁸⁸
2857 2338 2919 2390 ού
2952 2336 3203 2407 δεύτερον
3261 2337 3327 2405 τῇ
3382 2333 3622 2403 πολιτείᾳ
3660 2332 3745 2387 καὶ
3771 2333 3827 2402 τῇ

2295 2434 2457 2503 ὁμοίᾳ
2490 2431 2770 2503 χρώμενον
2798 2429 3116 2499 διδασκαλίᾳ
3144 2428 3491 2498 παριστάνει,
3533 2426 3652 2497 [517
3673 2421 3830 2495 Β.]ὼς

2294 2525 2355 2579 τὸ
2393 2525 2491 2595 μὲν
2529 2523 2601 2592 μὴ
2628 2520 3075 2593 παρενοχλεῖσθαι
3092 2520 3191 2590 τὴν
3217 2518 3458 2577 διάνοιαν
3487 2516 3588 2575 ὑπὸ
3618 2516 3715 2573 τῶν
3734 2514 3831 2568 δαι-

2298 2618 2500 2689 μονίων
2523 2614 2782 2668 ἀδύνατον
2804 2608 2943 2666 εἶναι
2976 2612 3044 2678 ⁸³,
3074 2611 3135 2664 τὸ
3161 2610 3217 2664 δὲ
3245 2609 3597 2665 συνωθεῖσθαι
3619 2608 3704 2662 καί
3722 2606 3831 2661 ἀνα·

2295 2708 2600 2777 γκάζεσθαι
2631 2706 2996 2760 καταπίπτειν
3043 2702 3180 2773 πρὸς
3212 2701 3280 2755 τὰ
3305 2700 3490 2770 φαῦλα
3514 2699 3708 2764 οὐκέτι,
3734 2695 3832 2751 ἀλλ’

2296 2796 2564 2867 ἡμέτερον
2599 2796 2692 2849 καὶ
2718 2795 2777 2847 τὸ
2799 2791 3105 2849 διωθεῖσθαι
3136 2789 3234 2861 τὴν
3257 2789 3484 2860 ὄχλησιν
3538 2790 3629 2842 καὶ
3660 2785 3715 2839 τὸ
3747 2800 3831 2837 πα-

2301 2886 2619 2960 ραδέχεσθαι
2645 2886 2816 2955 αὑτήν
2832 2902 2845 2915 ·
2880 2883 2977 2939 καὶ
3014 2883 3089 2946 ὡς
3113 2881 3175 2935 ού
3219 2881 3503 2954 χωροῦντα
3526 2878 3612 2933 διὰ
3631 2878 3720 2949 τῆς
3744 2874 3832 2945 ψυ-

2297 2979 2402 3050 χῆς
2437 2982 2508 3033 τὰ
2561 2978 2817 3045 δαιμόνια
2843 2976 2969 3039 τοὺς
3001 2973 3383 3043 ἀνθρωπίνους
3411 2968 3518 3025 οἶδε
3550 2967 3832 3037 λογισμοὺς,

2296 3068 2413 3124 ἀλλ’
2464 3067 2572 3121 ἀπό
2602 3083 2763 3120 τινων
2809 3065 3125 3135 τεκμηρίων
3181 3064 3381 3129 ἔξωθεν
3433 3062 3578 3132 θηρᾷ
3612 3058 3831 3118 τούτους·

626 3160 863 3215 mittere.
890 3161 1121 3217 Rursum
1150 3177 1254 3217 non
1280 3162 1635 3232 pervadentes
1657 3163 1900 3217 animum
1925 3162 2193 3217 dtemones

2305 3161 2472 3231 μόνης
2502 3161 2612 3230 γὰρ
2644 3154 2784 3212 εἶναι
2815 3158 2916 3225 τῆς
2954 3157 3117 3223 ἁγίας
3170 3155 3405 3227 Τριάδος
3461 3155 3521 3209 τὸ
3553 3152 3636 3206 διὰ
3685 3149 3837 3247 ψυχῆς

626 3248 897 3308 humanas
946 3254 1300 3323 cogitationes
1354 3266 1709 3323 cognoscere,
1766 3254 1861 3307 sed
1913 3268 1980 3306 ex
2028 3267 2192 3323 argu-

630 3343 830 3397 mentis
856 3343 1179 3412 quibusdam
1213 3345 1457 3401 externis
1482 3358 1575 3399 eas
1600 3343 1807 3398 rimari.
1840 3343 2020 3399 Solius
2049 3343 2193 3398 enim

630 3444 749 3489 esse
805 3444 1007 3489 sanctae
1051 3432 1358 3503 Trinitatis,
1392 3434 1631 3489 animum
1660 3444 1965 3505 ceteraque
2012 3436 2194 3492 omnia

630 3526 946 3594 pervadere.
978 3527 1139 3583 Varia
1183 3528 1310 3584 item
1353 3542 1474 3583 esse
1504 3527 1804 3585 dmmnnum
1837 3543 2074 3597 genera;
2111 3529 2193 3585 fe-

629 3617 778 3672 rocia
801 3620 1017 3689 quidem
1050 3621 1178 3685 alia,
1208 3630 1263 3675 et
1291 3622 1447 3677 valde
1470 3621 1663 3686 noxia;
1694 3622 1798 3677 alia
1821 3638 1950 3677 vero
1971 3623 2147 3679 minus
2176 3639 2191 3677 :

631 3722 959 3779 rursumque
1003 3710 1107 3766 alia
1147 3712 1356 3779 jocosa.
1406 3715 1584 3783 Atque
1630 3714 1720 3769 hic
1768 3714 1911 3768 tertii
1943 3713 2066 3769 ﬁnis
2114 3720 2199 3768 est

631 3796 775 3853 libri.
809 3799 1014 3857 Sereno
1040 3802 1258 3858 interitu
1287 3808 1655 3875 promittente,
1681 3806 2053 3873 expositurum
2082 3801 2197 3876 (77)

632 3902 693 3943 se
711 3900 1016 3960 Opportuno
1044 3902 1286 3963 tempore
1308 3896 1450 3965 quod
1480 3896 1764 3964 quarsitum
1796 3894 1976 3949 fuerat
2007 3910 2024 3949 :
2066 3893 2194 3949 illud

632 3980 885 4035 nimirum
928 3999 945 4037 :
988 3982 1113 4039 Non
1151 3994 1228 4039 est
1256 3987 1395 4043 enim
1436 3987 1582 4041 nobis
1610 3986 1916 4042 colluctatio
1938 3986 2192 4043 adversus
2229 4002 2441 4045 cantem
2486 3999 2537 4045 et
2587 3987 2893 4057 sanguinem
2924 3990 2992 4053 ",

639 4075 713 4131 tio
740 4074 854 4149 (78)
885 4086 1066 4133 autem
1093 4077 1285 4145 tertius
1312 4077 1400 4134 hic
1431 4078 1648 4138 libellus
1674 4079 1975 4135 dedicatur.

1279 4193 1559 4253 CXCVIII.

632 4304 954 4363 Sanctorum
986 4308 1216 4363 virorum
1263 4309 1412 4373 liber,
1450 4326 1540 4364 seu
1588 4306 1728 4362 Vita:
1761 4317 2065 4361 sanctorum
2113 4307 2203 4376 qui

886 4378 1072 4448 Magni
1111 4379 1325 4433 Antonii
1364 4390 1588 4445 tempore
1624 4379 1937 4446 ﬂoruerunt.

709 4466 961 4540 Legimus
995 4469 1312 4525 Sanctorum
1340 4473 1575 4524 virorum
1604 4470 1818 4531 librum,
1838 4474 1929 4539 qui
1964 4470 2202 4539 ipsorum

639 4561 779 4617 vitas
816 4570 872 4618 et
918 4573 1069 4618 recte
1100 4563 1238 4616 facta
1268 4562 1555 4625 narrabat,
1596 4561 1662 4614 ad
1709 4561 2040 4630 spiritualem
2080 4560 2205 4634 [uti-

2299 3253 2394 3307 καὶ
2421 3252 2531 3307 τῶν
2580 3252 2754 3307 ἄλλων
2787 3250 2912 3321 [267
2940 3248 3033 3321 IL]
3088 3248 3344 3303 ἁπάντων
3406 3248 3620 3317 χωρεῖν.
3649 3242 3747 3297 Καὶ
3772 3239 3835 3300 ὡς

2298 3346 2535 3415 διάφορα
2586 3342 2729 3412 φύλα
2760 3340 3076 3411 δαιμονίων,
3130 3342 3223 3395 καὶ
3248 3340 3318 3395 τὰ
3360 3340 3462 3409 μὲν
3492 3336 3664 3391 αὐτῶν
3692 3335 3834 3401 ἄγρια

2299 3437 2395 3490 καὶ
2423 3434 2708 3491 κακωτικὰ
2738 3434 2881 3498 λίαν,
2915 3431 2951 3486 ἃ
2968 3432 3013 3486 δ’
3040 3426 3222 3503 ἦττον,
3255 3431 3349 3489 καὶ
3377 3431 3512 3485 ἄλλα
3538 3424 3831 3496 εύτράπελα.

2298 3523 2394 3592 Οἷς
2418 3527 2511 3581 καὶ
2529 3529 2558 3581 ὁ
2580 3528 2759 3596 τρίτος
2778 3524 3187 3596 συμπληροῦται
3210 3524 3387 3591 λόγος,
3406 3518 3836 3591 ἐπαγγελλομένου

2302 3619 2575 3674 διαλαϐεῖν
2601 3618 2695 3672 τοῦ
2710 3619 2943 3687 Σερήνου
2977 3619 3035 3670 ὲν
3065 3615 3241 3687 καιρῷ
3263 3617 3356 3670 καὶ
3388 3618 3514 3686 περὶ
3534 3612 3624 3667 τοῦ
3649 3613 3835 3683 ἠρωτη-

2306 3712 2489 3783 μένου,
2513 3712 2649 3782 ὅπερ
2684 3707 2870 3782 ἦν,οῠ
2893 3709 3005 3781 γάρ
3036 3710 3083 3747 ⁸⁸
3111 3711 3283 3765 ἐστιν
3307 3710 3456 3777 ἡμῖν
3477 3709 3514 3776 ἡ
3542 3706 3693 3771 πάλη
3713 3698 3837 3767 πρὸς

2300 3801 2445 3873 αἷμα
2484 3805 2581 3859 καὶ
2604 3806 2822 3873 σάρκα,
2864 3806 2960 3858 καὶ
3000 3804 3150 3873 ἑξῆς.
3183 3803 3438 3866 Λεόντιος
3464 3804 3508 3856 δ’
3537 3798 3600 3872 ἦν
3620 3799 3772 3867 δνομα
3798 3791 3836 3822 ⁵⁸

2302 3888 2347 3963 ᾧ
2378 3896 2528 3948 τουτὶ
2552 3896 2613 3951 τὸ
2641 3895 2823 3967 τρίτον
2857 3894 3035 3962 λόγιον
3061 3895 3461 3966 προσεφωνήθη
3492 3892 3555 3947 ⁸⁸.

3052 3997 3108 4043 et
3146 4003 3266 4057 qua
3316 3997 3632 4057 sequuntur.
3690 3979 3836 4035 Leon-

3011 4189 3184 4255 cur.

2313 4301 2576 4372 Ἀνδρῶν
2594 4302 2777 4372 ἁγίων
2796 4304 3032 4372 Βίϐλος,
3052 4301 3090 4368 ἢ
3111 4301 3239 4372 ,βίοι
3270 4299 3393 4353 τῶν
3412 4299 3543 4368 περὶ
3566 4293 3836 4351 ’Λντώνιον

2794 4375 2902 4427 τὸν
2932 4370 3134 4440 Μέγαν
3176 4371 3381 4441 ἁγίων.

2386 4464 2727 4535 Ἀνεγνώσθη
2753 4465 2975 4529 Βίϐλος
3004 4460 3242 4530 ἀνδρῶν
3278 4460 3487 4529 ἁγίων,
3525 4452 3774 4513 πολιτείας
3796 4447 3834 4479 ⁸⁷

2303 4560 2397 4613 καὶ
2423 4556 2826 4629 κατορθώματα
2849 4556 2987 4627 πρὸς
3017 4538 3255 4623 ψυχικὴν
3289 4548 3573 4621 προκοπὴν
3596 4546 3683 4602 καὶ
3706 4539 3834 4609 ὠφέ-

637 4670 744 4726 que
771 4654 1087 4728 legentium]
1137 4654 1438 4725 profectum
1482 4664 1644 4724 atque
1674 4657 1981 4710 utilitatem.
2020 4632 2200 4725 Epito-

2305 4653 2455 4704 λειαν
2519 4648 2957 4719 ἀπαγγέλλουσα.
3022 4645 3509 4713 Συγκεφαλαίωσις
3559 4641 3603 4695 δ’
3642 4634 3725 4708 ἦν,
3768 4632 3831 4692 ὡς

631 4763 722 4801 ma
762 4759 941 4803 autem
976 4758 1114 4812 erat,
1142 4756 1198 4802 ut
1220 4756 1462 4816 apparet,
1491 4758 1543 4802 et
1560 4748 1971 4814 comprehensio
1992 4747 2194 4818 Magni,

633 4852 793 4908 quem
828 4840 1130 4902 nominant,
1158 4836 1445 4892 Limonarii
1463 4835 1582 4909 [seu
1614 4838 1754 4907 prati
1791 4837 2069 4910 spiritalis]
2098 4852 2203 4908 quo

2302 4741 2467 4803 ἔοικε,
2495 4742 2587 4795 καὶ
2627 4738 2848 4807 σύνοψις
2886 4735 2978 4789 τοῦ
3040 4734 3321 4803 Μεγάλου
3364 4729 3686 4801 καλουμένου
3721 4728 3833 4823 Λεξ-

2308 4832 2633 4903 μωναρίου,
2664 4830 2694 4883 δ
2717 4827 3051 4897 ἀπαγγέλλει
3074 4826 3200 4889 τοὺς
3228 4824 3377 4896 βίους
3398 4827 3494 4879 καὶ
3516 4823 3583 4875 τὰ
3603 4820 3727 4891 ἔργα
3745 4820 3836 4865 τῶν

706 4996 755 5029 ³³
779 4994 799 5049 ί
825 4995 960 5068 Reg.
990 5011 1085 5063 tu;
1116 4994 1234 5049 Act.
1265 5010 1341 5049 ix.
1367 4994 1430 5061 6;
1466 4995 1641 5052 Galat.
1674 5012 1737 5064 tt,
1765 4996 1821 5050 3.
1855 4996 1904 5029 "
1935 4996 2137 5065 Ephes.
2180 5010 2258 5061 vt,
2291 4994 2380 5049 i2.

1893 5107 2129 5163 VARIA'I
2151 5103 2556 5162 LECTIONES.

710 5224 864 5299 ξ’καὶ
887 5224 1467 5299 διαμεμῲιίιιηαιλοω.
1505 5225 1571 5282 Α.
1646 5226 1859 5299 δογέχων
1886 5226 1949 5280 τὸ
1974 5227 2299 5299 θελκτήριόν
2323 5243 2381 5299 τε
2401 5224 2505 5299 καὶ
2527 5221 2812 5299 ἐπαγωγὸν
2848 5237 2908 5299 ς..
2964 5216 3025 5299 _“

3061 5217 3160 5288 μὲν
3189 5213 3284 5271 οὖν
3306 5213 3573 5269 καὶτοῦτο
3605 5218 3747 5288 olm.

638 5293 682 5327 δ’
702 5269 1467 5377 ΣεξῑηὶοἷΞ-Τξῖῗεῖῖοῐῇῖιιῖῤ’
1491 5269 1627 5377 ἐξεῖπε.
1702 5269 2505 5377 ὖῗξᾷ’γε’ρ]’ξιὲ’ῥίίὲζῖἰ,’ξἐξ
2526 5269 2778 5377 δ’ξᾷξῇ
2794 5269 2921 5347 Adit.
2950 5288 3019 5345 A.
3061 5269 3137 5323 ’δ’
3161 5269 3283 5359 post
3309 5269 3692 5357 προσεφωνὴθτί
3721 5275 3767 5327 in
3793 5269 3831 5319 Α

637 5363 790 5420 vacui
828 5381 1012 5421 versus
1037 5367 1071 5422 5
1106 5404 1123 5420 .
1199 5367 1246 5398 ⁸⁷
1278 5363 1484 5440 ἅνδρῶν
1507 5368 1680 5438 ἁγίων
1710 5363 1891 5440 βίϐλος
1937 5363 2210 5431 πολιτείας
2236 5383 2295 5420 τε
2319 5364 2500 5419 αὐτῶν
2552 5363 2647 5418 καὶ
2686 5379 2748 5429 ς.

2142 5482 2375 5541 ΝΟΤᾸΣ.

710 5596 825 5669 (74)
861 5596 1109 5668 Quinque
1145 5601 1245 5654 ista
1283 5600 1457 5669 capita
1484 5611 1697 5656 exstant
1732 5600 1928 5657 Collat.
1964 5616 2026 5655 ll.

711 5668 825 5738 (75)
857 5670 1009 5733 Quod
1045 5672 1230 5739 prima:
1259 5668 1568 5727 Collationis
1604 5684 1684 5727 est
1733 5674 1784 5727 in
1835 5672 1995 5728 ltodie
2044 5669 2203 5726 editis

639 5749 1036 5807 argumentum.

714 5798 824 5879 (76)
852 5807 1106 5868 Serenum
1152 5812 1239 5869 hic
1276 5798 1544 5875 emendo:
1574 5813 1665 5887 qui
1707 5813 1899 5871 Collat.
1928 5828 2025 5882 vn,
2058 5811 2201 5883 apud

2308 5600 2626 5656 Cassianum
2652 5600 2768 5653 haec
2790 5598 3123 5653 declamitat.

2382 5670 2495 5739 (77)
2541 5670 2690 5735 Quod
2722 5680 2777 5724 et
2814 5669 3131 5739 praestitisse
3164 5665 3372 5722 indicat
3402 5676 3520 5735 qua:
3544 5659 3606 5714 de
3647 5656 3740 5709 hoc
3765 5660 3835 5700 ab

2310 5737 2573 5814 gumento
2595 5749 2799 5803 exstat,
2818 5737 3126 5814 goitat._vtt.
3202 5808 3213 5814 _
3349 5807 3379 5814 __
3415 5804 3425 5814 .

2381 5810 2494 5881 (78)
2532 5808 2649 5867 Una
2672 5800 2797 5868 cunt
2822 5808 3089 5878 Helladio,
3114 5818 3174 5865 ut
3200 5808 3259 5864 in
3297 5804 3461 5864 editis
3489 5800 3717 5873 planum.
