4038 6402
169 414 262 477 ί65

1019 402 1552 467 BIBLIOTHECA.
1578 427 1647 441 -κ
1678 398 1894 461 CODD.
1930 398 2236 476 CXCVIII,
2288 396 2530 469 CXCIX.

3295 395 3401 463 666

765 481 772 503 ι

172 528 289 600 περὶ
331 522 609 580 ’Λντώνιον
644 521 736 576 τὸν
754 520 948 589 Μέγαν
1000 517 1368 590 ἀκμασάντων
1395 515 1443 548 ⁸⁸
1488 510 1717 571 καὶτῶν
1747 554 1755 571 γ

1856 520 1875 567 t
1918 513 2043 567 vita:
2082 526 2246 583 Opera
2319 520 2631 575 narrantur,
2681 524 2803 565 cum
2853 510 3029 581 magni
3076 509 3297 565 Antonii
3347 518 3402 564 et

172 619 372 690 ἑφεξῆς,
398 616 586 687 ὥσπερ
612 615 706 669 καὶ
737 616 782 647 δ’
802 615 864 667 τὸ
899 611 1232 681 καλούμενον
1258 609 1415 665 Νέον
1438 604 1722 676 παραδεί-

1856 603 2134 673 :qualium,
2197 613 2307 658 tum
2376 617 2564 661 eorum
2623 604 2713 671 qui
2768 610 2889 672 post
2934 618 3028 658 eos
3075 602 3394 657 ﬂoruerunt.

172 730 297 769 σιον
325 712 371 745 ⁸ο
409 708 504 773 τὰς
550 708 660 761 τῶν
714 708 796 758 ἔτι
841 704 1122 774 νεωτέρων
1160 702 1352 773 μέχρις
1398 697 1723 771 Ἡρακλείου

1856 696 2288 763 Quemadmodum
2329 706 2385 751 et
2412 698 2503 768 qui
2544 694 3097 753 dielttsestHortulus
3136 710 3294 749 novus
3313 695 3401 749 his

171 807 253 861 τοῦ
283 803 542 875 βασιλέως
608 799 705 852 καὶ
757 798 951 869 μικρὸν
1012 798 1094 850 ἔτι
1144 794 1478 865 προσωτέρω
1530 791 1656 854 τοὺς
1680 791 1724 823 ⁸⁸

174 896 483 967 ἀσκητικοὺς
508 892 726 962 ἀγῶνας
749 889 1076 959 ἀναγράφει.
1120 885 1259 939 Ἀλλ’
1290 885 1383 939 οὖν
1417 884 1479 938 τὸ
1503 881 1729 953 προκεί-

176 1008 319 1061 μενον
343 987 547 1058 βιϐλίον
580 988 662 1050 είς
696 985 740 1055 β’
772 984 868 1039 καὶ
902 988 948 1035 κ’
1000 976 1571 1049 συγκεφαλαιούμενον
1592 975 1729 1028 ὑπο-

175 1080 355 1141 θέσεις,
384 1078 622 1146 ἑκάστης
646 1074 825 1128 αὐτῶν
855 1073 948 1126 καὶ
969 1070 1029 1123 τὸ
1055 1071 1329 1141 χρήσιμον
1354 1068 1448 1122 καὶ
1475 1066 1574 1138 τὴν
1598 1065 1735 1135 κτῆ-

178 1186 249 1222 σιν
269 1166 550 1237 δἐιφόροις
576 1165 910 1236 διηγήμασιν
936 1161 1247 1233 ἐμφανίζει.

236 1337 332 1398 Ὧν
361 1343 425 1398 τὸ
462 1343 561 1414 μὲν
586 1342 805 1415 πρῶτον
835 1341 1133 1411 κεφάλαιον
1158 1335 1478 1409 παραίνεσιν
1502 1335 1582 1399 είς
1605 1351 1738 1406 προ⁹

178 1441 334 1504 κοπὴν
356 1436 696 1505 τελειότητος
730 1436 795 1489 ἐκ
820 1433 1095 1504 διαφόρων
1120 1427 1431 1502 προσώπων
1464 1428 1737 1498 περιέχει,

177 1531 228 1583 τὸ
244 1529 493 1599 δεύτερον
517 1528 571 1581 δὲ
606 1528 668 1581 τὸ
694 1527 801 1581 ἀπὸ
830 1527 932 1596 τῆς
974 1523 1205 1594 ἡσυχίας
1232 1522 1470 1576 δείκνυσι
1525 1520 1739 1591 κέρδος,

176 1623 230 1676 τὸ
247 1620 292 1689 γ’
321 1621 457 1692 περὶ
496 1618 824 1691 ἐγκρατείας
855 1616 1234 1687 διαλαμϐάνει,
1281 1614 1376 1668 καὶ
1432 1612 1507 1677 ὡς
1536 1612 1618 1665 δεῖ
1642 1612 1742 1682 τὴν

178 1714 496 1784 ὲγκράτειαν
559 1712 635 1781 μή
674 1711 983 1783 βρωμάτων
1010 1710 1061 1743 ³³
1091 1709 1276 1779 μόνον,
1310 1705 1452 1760 ἀλλὰ
1494 1705 1589 1759 καὶ
1634 1703 1743 1758 τῶν

180 1806 366 1859 λοιπῶν
392 1808 500 1875 τῆς
527 1804 709 1873 ψυχῆς
738 1801 1057 1873 κινημάτων
1109 1799 1311 1870 ὁμοίως
1343 1795 1637 1851 ποιεῖσθαι.
1667 1793 1742 1848 Τὸ

180 1898 280 1953 δὲδ*
315 1896 430 1961 πῶς
457 1897 540 1949 δεῖ
582 1892 979 1964 ἀσφαλίζεσθαι
1008 1892 1155 1963 ἡμᾶς
1189 1890 1326 1961 πρὸς
1353 1889 1479 1951 τοὺς
1504 1885 1613 1940 ἀπὸ
1643 1884 1743 1953 τῆς

182 1989 418 2060 πορνείας
482 1986 950 2057 ἐπανισταμένους
1002 1985 1134 2053 ἡμῖν
1164 1983 1458 2052 πολέμους.
1490 1978 1564 2032 Τὸ
1617 1976 1673 2030 δὲ
1699 1974 1743 2031 ε’

182 2080 294 2149 περὶ
337 2077 758 2149 άκτημοσύνης,
792 2077 887 2130 καὶ
939 2075 1014 2139 ὡς
1046 2075 1127 2128 δεῖ
1180 2072 1277 2127 καὶ
1305 2071 1404 2141 τὴν
1427 2066 1747 2135 πλεονεξίαν

184 2170 560 2241 φνλάττεσθαι.
591 2170 725 2242 Περὶ
754 2168 1030 2237 ὑπομονῆς
1053 2166 1110 2219 δὲ
1143 2166 1237 2218 καί¹
1266 2162 1521 2234 ἀνδρείας
1554 2162 1616 2216 τὸ
1669 2167 1747 2227 ς’,

185 2264 266 2318 καὶ
291 2262 348 2319 τὸ
381 2262 425 2327 ζ’
465 2262 551 2315 ὅτι
584 2262 666 2315 δεῖ
707 2260 873 2331 μηδὲν
902 2258 1039 2329 πρὸς
1061 2255 1325 2322 ἐπίδειξιν
1343 2256 1540 2319 ποιεῖν,
1564 2254 1659 2308 καὶ
1688 2251 1752 2307 τὺ

184 2354 233 2425 η’
248 2355 321 2408 ὅτι
369 2353 434 2407 οὐ
469 2353 554 2407 δεῖ
579 2368 705 2405 τινα
735 2349 964 2421 κρίνειν.
994 2347 1130 2419 Περὶ
1156 2346 1487 2418 διακρίσεως
1512 2344 1571 2399 δὲ
1590 2343 1652 2397 τδ
1681 2340 1748 2395 θ’.

188 2446 250 2499 Τὸ
268 2445 321 2499 δὲ
359 2444 391 2499 ι’
422 2444 561 2515 περὶ
592 2442 688 2497 τοῦ
721 2442 831 2496 δεῖν
884 2441 974 2494 ἀεὶ
994 2440 1209 2510 νήφειν,
1239 2438 1338 2493 καὶ
1362 2437 1423 2491 τὸ
1456 2441 1522 2491 ια’
1551 2437 1634 2490 ὅτι
1672 2435 1756 2489 δεῖ

190 2535 529 2599 ἀδιαλείπτως
553 2534 649 2588 καὶ
677 2535 735 2587 ἐν
767 2533 925 2603 νήψει
944 2529 1366 2601 προσεύχεσθαι,
1395 2529 1490 2582 καὶ
1507 2528 1567 2581 τὺ
1592 2525 1659 2597 ιβ’
1678 2526 1756 2589 ὡς

196 2631 467 2698 φιλοξενεῖν
514 2629 602 2682 δεῖ
631 2627 726 2681 καὶ
767 2625 941 2679 ἐλεεῖν
992 2626 1051 2677 ὲν
1095 2622 1400 2693 ἱλαρότητι.
1459 2619 1596 2691 Περὶ
1621 2617 1679 2672 δὲ
1707 2617 1754 2650 ³³

194 2724 420 2794 ὑπακοῆς
460 2720 775 2778 ἐκδιδάσκει
804 2719 866 2773 τδ
904 2716 996 2787 ιγ’,
1032 2716 1096 2770 τὸ
1122 2715 1177 2769 δὲ
1215 2714 1277 2769 ιδ’
1313 2714 1443 2786 περὶ
1501 2728 1757 2765 ταπεινο-

194 2818 465 2886 φροσύνης,
505 2817 606 2869 καὶ
640 2813 703 2867 τὸ
739 2811 805 2865 ιε’
832 2811 962 2882 περὶ
985 2808 1356 2874 ἀνεξικακίας,
1387 2804 1516 2876 περῖ⁵
1538 2804 1760 2876 ἀγάπης

193 2908 311 2961 δὲτὸ
340 2914 434 2973 ις’.
468 2906 551 2959 Τὸ
586 2905 769 2971 μέντοι
796 2901 863 2967 ις’
917 2901 1045 2973 περὶ
1069 2896 1411 2970 δωρατικῶν,
1441 2897 1537 2949 καὶ
1590 2895 1650 2948 τὸ
1680 2891 1753 2964 ιη’

194 3000 302 3068 περὶ
325 2996 715 3069 σημειοφόρων
734 2993 1029 3065 γερόντων.
1057 2992 1130 3044 Τὸ
1154 2989 1211 3043 δὲ
1239 2986 1303 3044 ιθ¹
1330 2989 1458 3059 περὶ
1483 2985 1763 3048 πολιτείας

197 3089 452 3156 θεοφιλοῦς
480 3087 761 3158 διαφόρων
803 3083 1088 3153 Πατέρων.
1121 3080 1233 3136 Καὶ
1254 3079 1442 3132 λοιπὸν
1464 3077 1526 3130 τὸ
1548 3080 1601 3128 κ’
1624 3076 1764 3128 ἀποο

1831 790 2189 846 recentiornm
2245 791 2310 845 ad
2355 799 2571 847 aetatem
2621 804 2791 859 usque
2836 786 3097 851 Heraclii,
3150 797 3203 842 et
3240 787 3399 855 paulo

1829 880 1991 935 etiam
2022 880 2343 935 viciniorum
2376 881 2513 935 vitas
2567 880 2952 949 religiosasque
2976 877 3396 932 exercitationes

1830 970 2314 1031 describitNernm
2349 972 2436 1026 hic
2460 970 2596 1026 liber
2628 971 2680 1027 in
2714 969 2821 1023 duo
2856 967 3045 1037 (79)et
3068 966 3254 1036 viginti
3273 982 3404 1021 con-

1834 1070 2040 1119 tractus
2062 1073 2396 1133 argumenta,
2437 1076 2624 1117 eorum
2669 1060 2933 1130 cujusque
2980 1060 3300 1127 utilitatem,
3351 1068 3407 1114 et

1834 1152 2114 1207 obtinendi
2141 1153 2429 1219 rationem,
2456 1152 2627 1206 variis
2660 1150 3070 1205 narrationibus
3095 1152 3406 1221 expositam

1835 1244 2075 1299 exhibet.

1916 1336 2118 1391 Horum
2169 1336 2335 1406 igitur
2380 1344 2542 1403 caput
2582 1334 2814 1405 primum
2874 1331 3169 1387 admonitio
3214 1339 3297 1385 est
3343 1331 3408 1381 ad

1840 1429 2189 1504 perfectionis
2233 1427 2560 1499 profectum,
2591 1437 2647 1480 et
2681 1441 2709 1479 a
2756 1424 2927 1479 variis
2951 1423 3172 1492 quidem
3206 1422 3294 1476 illa
3328 1423 3413 1475 in-

1841 1524 2026 1580 stituta
2047 1522 2309 1593 personis.
2342 1519 2399 1573 2.
2421 1518 2493 1573 Tr
2505 1518 2753 1588 anqnilla?
2770 1518 2891 1571 vita:
2909 1531 2974 1572 ac
2994 1516 3253 1571 solitariae
3292 1514 3413 1568 frn-

1843 1624 1990 1672 ctum
2012 1613 2273 1669 ostendit.
2296 1611 2407 1681 (80)
2432 1612 2483 1667 5.
2506 1610 2582 1664 De
2605 1609 2942 1664 continentia
2959 1608 3089 1678 agit,
3112 1621 3272 1677 quam
3305 1621 3412 1660 non

1844 1711 1899 1763 in
1927 1707 2072 1762 victu
2101 1705 2364 1759 duntaxat
2392 1745 2407 1770 ,
2440 1702 2533 1757 sed
2558 1712 2611 1758 et
2638 1702 2690 1757 in
2718 1701 2940 1770 reliquis
2975 1700 3140 1753 animi
3174 1696 3414 1751 motibus

1848 1800 2100 1856 similiter
2137 1797 2493 1854 exercendam
2524 1795 2702 1852 docet.
2730 1794 2784 1849 4.
2823 1794 2891 1850 Ut
2921 1808 2979 1849 se
3008 1792 3221 1846 munire
3262 1790 3415 1859 quis-

1848 1905 1953 1962 que
1986 1890 2178 1944 debeat
2204 1888 2464 1943 adversus
2497 1887 2839 1956 insurgentes
2869 1898 2898 1938 a
2928 1880 3290 1936 fornicatione
3314 1894 3413 1946 pu-

1849 1995 2003 2053 gnas.
2049 1979 2104 2033 5.
2165 1978 2242 2033 De
2296 1986 2655 2049 paupertate,
2701 1985 2866 2045 utque
2916 1973 3093 2027 vitare
3131 1968 3413 2023 avaritiam

1848 2079 2115 2143 oporteat.
2157 2069 2213 2125 6.
2247 2069 2322 2124 De
2360 2067 2617 2137 patientia
2670 2080 2735 2119 ac
2789 2063 3124 2119 fortitudine.
3170 2060 3222 2114 7.
3271 2057 3418 2113 Nihil

1850 2179 1975 2223 esse
2021 2176 2119 2235 per
2174 2159 2592 2217 ostentationem
2649 2157 2935 2225 agendum.
2979 2154 3033 2209 8.
3068 2152 3260 2223 162a
3302 2149 3417 2205 Non

1852 2265 2105 2327 oportere
2123 2268 2447 2324 quemquam
2473 2251 2738 2320 judicare.
2770 2250 2823 2305 9.
2857 2248 2931 2303 De
2963 2247 3304 2302 discretione.
3328 2243 3418 2299 10.

1856 2348 2108 2406 Sobrium
2145 2344 2284 2417 (sive
2317 2343 2794 2413 circumspectum)
2838 2354 3053 2408 semper
3104 2352 3224 2392 esse
3262 2350 3424 2404 opor-

1856 2451 1993 2498 tere.
2023 2440 2111 2494 11.
2143 2438 2370 2493 Assidue
2404 2451 2546 2499 esse,
2584 2444 2638 2490 et
2684 2449 2749 2488 cu
2771 2448 2820 2487 m
2863 2432 3159 2485 attentione
3197 2442 3426 2498 precati.

1856 2537 2005 2590 dum.
2039 2532 2128 2587 12.
2156 2529 2593 2599 Hospitalitatem
2614 2541 2734 2581 esse
2764 2540 2829 2580 ac
2853 2522 3281 2579 misericordiam
3304 2534 3425 2573 cum

1857 2623 2136 2683 hilaritate
2166 2621 2552 2676 exercendam.
2598 2616 2684 2671 l3.
2725 2613 3096 2669 Obedientiam
3128 2611 3304 2664 docet.
3334 2608 3424 2662 M.

1862 2718 1937 2772 De
1960 2714 2289 2771 humilitate.
2334 2711 2426 2767 15.
2458 2711 2531 2765 De
2572 2708 2836 2765 malorum
2880 2704 3186 2761 tolerantia.
3231 2701 3315 2756 16.
3350 2700 3431 2753 De

1860 2808 2170 2866 dilectione.
2214 2806 2305 2859 17.
2332 2802 2409 2858 De
2438 2802 2506 2858 iis
2525 2800 2637 2871 (81)
2669 2799 2761 2869 qui
2779 2797 3014 2853 visiones
3045 2795 3315 2850 viderunt.
3336 2790 3422 2845 18.

1862 2901 1939 2961 De
1966 2901 2189 2957 senibus
2206 2898 2299 2968 qui
2322 2894 2582 2951 miracula
2603 2899 2908 2963 patrarunt.
2936 2889 3025 2945 19.
3048 2888 3123 2943 De
3155 2884 3428 2940 variorum

1864 3005 2172 3050 sanctorum
2206 2992 2430 3047 Patrum
2472 2988 2587 3043 vita
2620 2987 2729 3042 Deo
2762 2993 2937 3053 grata.
2964 2981 3055 3037 20.
3084 2975 3432 3048 Aliquot(8‘2;

1866 3103 2052 3145 eorum
2073 3084 2167 3156 qui
2199 3084 2252 3139 in
2272 3080 2569 3137 monastica
2594 3074 2985 3134 exercitatione
3038 3077 3434 3127 consenuerant

198 3181 469 3251 φθέγματα
522 3178 635 3232 τῶν
692 3178 751 3231 ὲν
783 3176 1019 3246 ἀσκήσει
1063 3171 1447 3243 γηρασὸωτων,
1485 3164 1605 3222 εἶτα
1631 3166 1692 3220 τὸ
1715 3172 1755 3221 α¹

1866 3181 2005 3237 scite
2063 3179 2227 3234 dicta.
2270 3176 2363 3229 21.
2422 3171 2752 3229 Collationes
2807 3166 2919 3239 (83)
2956 3165 3201 3221 continet
3241 3175 3432 3216 senum

200 3276 278 3327 uel
315 3272 361 3327 κ’
408 3270 685 3335 διαλέξεις
743 3269 955 3337 εἰσάγει
1008 3264 1281 3335 γερόντων
1313 3262 1441 3331 περὶ
1484 3258 1764 3328 λογισμῶν

199 3364 316 3434 πρὸς
339 3364 633 3437 ἀλλήλους.
667 3360 781 3416 Καὶ
817 3359 877 3414 τὸ
936 3357 1031 3410 ἐπὶ
1059 3357 1197 3410 πᾶσι
1250 3354 1293 3423 β’
1318 3354 1411 3407 καὶ
1444 3349 1491 3406 κ’
1518 3349 1647 3423 [520
1670 3347 1764 3421 IL]

210 3457 447 3527 Ἡσυχίου
470 3453 856 3526 πρεσϐυτέρου
902 3446 1293 3520 Ἱεροσολύμων
1318 3442 1545 3513 γνώμας
1614 3458 1769 3512 περι-

204 3550 318 3617 έχει.
358 3550 449 3603 Ἐν
480 3542 569 3610 οἷς
597 3545 693 3600 καὶ
715 3546 744 3597 ὁ
773 3543 994 3613 σύμπας
1010 3538 1105 3593 τοῦ
1131 3536 1338 3608 βιϐλίου
1359 3533 1693 3605 ἀπηρτίζετο
1722 3532 1769 3565 ⁸⁸

204 3638 358 3707 λόγος,
387 3638 817 3711 χρειωδέστατος
841 3630 1138 3694 καθεστὼς,
1166 3629 1327 3699 είπερ
1387 3643 1445 3680 τι
1472 3625 1622 3688 ἄλλο,
1654 3626 1771 3689 τοῖς

206 3732 285 3785 ἐπὶ
315 3731 389 3801 τῷ
436 3731 631 3799 κλήρῳ
674 3726 784 3779 τῶν
806 3723 1056 3797 οὐρανῶν
1100 3720 1191 3776 τὸν
1235 3718 1348 3790 βίον
1383 3717 1769 3789 ἀσκουμένοις.

210 3822 343 3890 Ἔχει
368 3823 425 3876 δὲ
449 3821 601 3875 κατά
627 3819 724 3889 τὴν
744 3816 1077 3887 ἐπαγγελίαν
1092 3814 1154 3868 τὸ
1185 3814 1231 3845 ⁸⁵
1262 3811 1452 3881 σαφὲς,
1486 3812 1583 3865 καὶ
1603 3806 1773 3863 τᾶλλα

208 3914 445 3979 τοιοῦτος,
465 3908 585 3975 οἷος
617 3911 684 3966 ἂν
712 3912 922 3980 γένοιτο
943 3908 1199 3979 ἀνδράσιν
1223 3902 1481 3976 ἁρμόζων
1504 3902 1643 3975 πρὸς
1673 3901 1773 3972 μὲν

207 4002 674 4073 τὸν-κατὰίλόγους
718 4001 905 4071 ἀγῶνα
940 4000 1063 4072 μηδ’
1089 3998 1218 4070 [ἳ68
1243 3994 1339 4067 Η.]
1372 3994 1772 4066 ἐπεστραμμέ-

210 4118 323 4165 νοις,
348 4102 538 4155 πάντα
562 4098 620 4152 δὲ
642 4096 734 4151 τὸν
759 4095 916 4149 πόνον
948 4092 1046 4146 καὶ
1073 4091 1172 4162 τὴν
1200 4089 1436 4160 σπουδὴν
1457 4090 1538 4153 είς
1564 4088 1662 4159 τὴν
1681 4088 1774 4142 ἐπὶ

209 4196 305 4258 τοῖς
328 4194 514 4266 ἔργοις
547 4191 782 4261 ἄσκησιν
803 4184 1276 4257 ἀναδεδεγμένοις.

907 4280 1071 4346 Ριιθν.

222 4377 479 4434 Ἰωάννου
500 4376 613 4432 τοῦ
641 4374 893 4445 Μόσχου
915 4377 981 4462 τὸ
1002 4374 1157 4429 Νέον
1206 4374 1535 4447 λεγόμενον
1558 4375 1778 4440 Λειμω-

866 4463 1097 4513 raptor.

1868 3272 2012 3327 inter
2041 3270 2187 3339 ipsos
2228 3268 2295 3323 de
2344 3266 2458 3321 suis
2490 3259 3035 3320 considerationibus.
3064 3257 3147 3311 Ad
3178 3255 3294 3311 haec
3318 3266 3439 3307 om-

1867 3365 1980 3431 nia,
2018 3361 2091 3416 22
2133 3371 2189 3417 et
2215 3360 2461 3415 ultimum
2519 3366 2706 3426 caput,
2738 3352 3036 3409 sententias
3054 3349 3166 3419 (84)
3193 3348 3440 3403 continet

1870 3455 2125 3527 Hesychii
2173 3451 2477 3525 presbyteri
2511 3444 2997 3515 Hierosolymitani
3032 3443 3263 3512 :qnibus
3288 3448 3345 3495 et
3373 3438 3438 3493 li-

1868 3550 1967 3605 her
1997 3549 2262 3604 hic.totus
2318 3542 2640 3607 absolvitur,
2690 3538 3012 3595 utilissimus
3058 3534 3298 3603 profecto
3342 3532 3430 3596 iis,

1871 3642 1915 3696 si
1942 3641 2063 3709 quis
2092 3638 2250 3703 alius,
2281 3634 2373 3705 qui
2405 3635 2472 3688 ad
2503 3631 2645 3691 ccele
2661 3639 2797 3685 stem
2836 3624 3204 3683 baereditatem
3233 3637 3436 3692 paran-

1875 3732 1997 3787 dam
2034 3729 2200 3783 vitam
2236 3742 2389 3782 suam
2424 3729 2773 3792 componunt.
2814 3718 3048 3773 Adhibet
3081 3717 3242 3781 idem,
3279 3727 3439 3782 quam

1874 3823 2219 3894 promiserat,
2249 3817 2692 3891 perspicuitatem
2724 3826 2941 3883 quoque
2976 3828 2991 3865 :
3024 3808 3438 3878 alioqniczetera

1876 3914 2019 3980 talis,
2056 3912 2233 3984 qualis
2282 3912 2350 3965 iis
2399 3919 2557 3977 aptus
2602 3906 2675 3961 sit
2707 3906 2862 3969 viris,
2901 3904 2992 3973 qui
3039 3916 3146 3956 non
3174 3902 3241 3955 de
3263 3897 3445 3952 verbis

1876 4007 2148 4069 laborent,
2177 4004 2268 4058 sed
2285 4016 2503 4056 omnem
2534 4013 2754 4069 operam
2774 4006 2938 4066 atque
2956 4002 3208 4050 conatum
3238 3992 3289 4047 in
3313 4003 3445 4060 ope-

1878 4097 1960 4151 rib
1999 4111 2025 4151 s
2057 4093 2374 4149 exercendis
2412 4099 2633 4161 ponant.

1997 4365 2223 4422 Joannis
2252 4360 2452 4419 Moschi
2475 4263 2845 4423 Ρτξῖιῗιῗεὶυε
2872 4350 3133 4409 Hortalus
3158 4364 3343 4403 novus.

286 4540 628 4613 Ἀνεγνώσθη
680 4538 879 4611 βιϐλίον
919 4507 1079 4592 δ’καὶ
1130 4535 1173 4591 τ’
1226 4538 1529 4609 διηγήμασι
1577 4552 1755 4607 περιει

1856 4536 1862 4572 t
1960 4525 2160 4581 Lectus
2190 4529 2275 4577 est
2320 4519 2458 4574 liber
2509 4524 2739 4587 quatuor
2779 4520 2835 4566 et
2889 4507 3147 4564 trecentis
3194 4512 3453 4560 constans

217 4633 502 4706 λημμένον.
541 4634 689 4703 Πρὸς
712 4632 811 4702 τὴν
832 4628 1132 4701 ἀσκητικὴν
1157 4629 1213 4683 δὲ
1245 4630 1341 4684 καὶ
1361 4629 1518 4683 τοῦτο
1567 4627 1638 4681 τὰ
1675 4627 1782 4698 μά-

222 4724 363 4781 λιστα
390 4724 681 4780 σνδντελοῦν
706 4724 824 4775 ἐστι
855 4720 1151 4784 πολιτείαν,
1180 4719 1250 4774 τά
1288 4718 1429 4772 αὑτά
1486 4734 1602 4781 πως
1641 4733 1778 4786 πρα-

1885 4616 2325 4674 Narrationibus.
2371 4610 2471 4665 llic
2518 4623 2731 4680 quoque
2771 4602 3083 4660 monasticae
3110 4597 3451 4669 potissimum

1888 4712 2012 4767 vita:
2034 4709 2310 4773 conducit,
2344 4705 2642 4772 eademque
2683 4700 2804 4754 fere
2849 4710 2971 4751 cum
3013 4690 3293 4763 superiore
3330 4703 3453 4758 per-

1444 4852 1683 4910 VARUE
1740 4845 2150 4907 LECTIONES.

290 5026 334 5060 “
363 5027 457 5081 καὶ
498 5026 627 5089 τοὺς
654 5022 1273 5094 ἑξῆςάκμασάντων-ς.
1338 5016 1383 5049 ⁸³
1405 5014 1562 5094 καῖΑ
1593 5030 1607 5067 :
1633 5012 1741 5082 γάρ
1773 5027 1835 5094 Ξ.
1888 5006 2307 5094 *δολπαράὶδιισιν
2324 5004 2391 5060 Α.
2462 5004 2506 5039 ⁸³
2533 5002 2661 5066 τοὺς
2689 5000 2738 5057 A
2765 5016 2784 5057 :
2815 4997 3088 5061 πολιτείας
3111 4996 3207 5052 καὶ
3233 4994 3358 5059 τοὺς
3389 5010 3450 5058 ς.

231 5096 272 5129 ⁸³
698 5078 779 5129 ’δῖ
798 5094 855 5147 δὲ
884 5078 1008 5150 add.
1042 5091 1108 5147 A.
1184 5078 1232 5123 ’ἶ
1250 5085 1615 5157 ἀπαρτίζεται
1639 5078 1721 5147 ςξ
1776 5082 1823 5113 ⁵⁸
1852 5081 1915 5133 τὸ
1942 5081 1990 5135 A
2016 5098 2029 5135 :
2059 5078 2157 5132 καὶ
2202 5078 2265 5131 τὸ
2299 5093 2361 5141 ς.

1717 5196 1958 5253 ΝΟΤᾸΕ.

299 5307 404 5378 (79)
432 5306 566 5378 Quae
585 5303 769 5359 omnia
799 5299 1060 5378 Ilesychii
1079 5297 1361 5378 duntaxat
1388 5290 1676 5378 sententiis
1698 5306 1796 5378 es:

238 5369 771 5448 ceptis,7'_leguntur_
799 5373 867 5448 in_
896 5369 1034 5426 Vitis
1077 5369 1339 5448 PatILumg
1376 5374 1530 5432 parte
1574 5377 1636 5424 ll,
1676 5369 1797 5426 post

241 5436 653 5502 Adhortationes
695 5442 796 5498 SS.
833 5441 1054 5496 Patrum
1086 5436 1569 5509 professionesque
1606 5447 1797 5486 mona-

245 5518 486 5577 chorum.
521 5527 578 5568 ut
606 5514 678 5569 ibi
706 5514 932 5569 editum.

1896 5299 1951 5346 et
1979 5302 2101 5354 quae
2129 5286 2200 5342 ibi
2236 5291 2561 5354 sequuntur,
2587 5280 2784 5337 refero.

1966 5342 2081 5429 (ἒῦ)
2105 5357 2216 5413 Hoc
2248 5342 2380 5429 illud
2416 5342 2684 5429 esse'cap.
2728 5354 3004 5429 existimo,
3032 5346 3179 5429 quod
3214 5343 3269 5399 in
3305 5342 3459 5399 libris

1894 5422 2072 5482 edi‘tis'
2108 5442 2184 5491 ιν,
2232 5427 2409 5497 partis
2456 5424 2552 5497 ult.
2595 5428 2662 5477 de
2692 5422 3164 5497 Aineditationibus
3209 5430 3284 5497 xit
3330 5429 3460 5497 ana.

1898 5487 2270 5559 choretarnni,
2312 5493 2655 5555 inscribitur,
2690 5492 2942 5563 idemque
2980 5492 3121 5563 quod
3151 5489 3205 5543 in
3229 5487 3457 5555 August.

310 5563 1117 5655 tédj'vlirieteritamine,_quod
1144 5579 1211 5633 de
1232 5571 1652 5646 compunctione
1682 5578 1796 5626 ter-
1897 5570 2155 5655 biblioth'.‘
2183 5566 2458 5655 Catalogo,
2485 5565 2607 5655 clod.
2639 5563 2911 5655 pun}.
2930 5564 2990 5655 '9...

249 5656 320 5711 tio
347 5650 465 5711 loco
496 5656 546 5708 in
572 5654 719 5707 libris
747 5651 907 5706 editis
950 5650 1163 5717 legitur.

1974 5638 2090 5708 (84)
2118 5632 2389 5708 ῡυοοηιωξ
2419 5636 2585 5708 hodie
2610 5635 2675 5687 ad
2696 5632 3035 5708 Theodotum
3058 5635 3461 5708 _exstant,.post

319 5696 1363 5794 (ἑῖῖνῐίξρῖνέίξρᾶξὶκώνίῖὧοῖιόοηάε
1392 5714 1484 5771 hic
1522 5710 1793 5768 editorum
1901 5696 2696 5794 opusc'ulamltIaIrELanachor.
2724 5704 2953 5760 Lutetiae
2985 5701 3198 5772 vulgata
3241 5715 3272 5753 a
3300 5696 3464 5753 Joan.

253 5792 509 5863 libroruin
531 5792 826 5863 ἐπιγραφή.

322 5865 431 5937 (82)
471 5862 585 5921 Huc
608 5851 817 5932 septeni
851 5857 1087 5932 capitula
1114 5857 1308 5928 Moysis
1335 5856 1402 5913 ad
1424 5851 1790 5927 Pyrmenium,

1905 5775 2030 5838 Pico
2060 5780 2128 5835 A.
2160 5778 2261 5836 Ch.
2295 5775 2455 5831 1565.
