4038 6406
658 429 763 491 667

1752 427 1981 488 PHOTI
1990 427 2018 486 Ι
2056 422 2564 486 PATRIARCH/E
2605 422 2713 482 CP.
3780 425 3863 487 ϐίἒὸ

662 549 880 605 tractat,
930 538 1037 593 nisi
1076 536 1217 608 quod
1257 552 1443 592 eorum
1483 537 1724 593 virorum
1783 537 1929 592 dicta
1990 537 2237 606 factaque

2340 533 2757 603 γματευόμενον
2789 531 2868 603 τῷ
2892 528 3302 602 προειρημένῳ,
3338 526 3473 599 πλὴν
3527 529 3548 560 ⁸
3577 528 3772 587 ὅτιτῶν
3797 553 3867 604 με.

659 631 968 686 imitatione
1013 630 1171 699 digna
1222 630 1451 695 colligit,
1499 629 1590 698 qui
1644 639 1765 697 post
1804 630 2033 684 insecuti
2087 639 2233 683 sunt.

657 722 810 777 Vitas
840 719 1041 775 etenim
1073 730 1258 773 narrat
1295 734 1483 774 eorum
1514 722 1606 788 qui
1643 722 1754 788 jam
1802 722 1926 775 inde
1960 734 2128 789 usque
2168 721 2237 775 ad

632 813 892 868 'lleraclii
941 811 1248 881 imperium,
1282 820 1336 866 et
1364 812 1623 880 deinceps
1650 814 1851 867 virtute
1904 813 2077 884 magis
2120 814 2234 867 cla-

658 914 907 960 ruerunt.

732 994 957 1047 Pratum
1003 1004 1182 1047 autem
1213 994 1425 1049 titulum
1462 995 1602 1051 libro
1632 996 1823 1051 indidit
1846 1008 2234 1065 auctor,quem

660 1097 716 1141 et
746 1086 1036 1140 Hortalum
1070 1104 1255 1140 novum
1276 1089 1493 1157 quidam
1522 1088 1814 1158 appellant.
1844 1089 2092 1159 Scriptor
2118 1089 2237 1160 ejus

656 1180 895 1235 Joannes
939 1179 1181 1249 quidam,
1224 1178 1432 1234 Moschi
1485 1190 1880 1251 cognomento,
1929 1181 2019 1249 qui
2068 1181 2119 1235 in
2171 1180 2231 1234 B.

658 1272 948 1327 Theodosii
984 1273 1214 1339 primum
1256 1272 1590 1325 monasterio
1627 1272 1887 1327 saeculum
1920 1273 2102 1328 valere
2137 1273 2227 1341 ju-

656 1361 813 1423 bens,
842 1376 963 1415 cum
998 1361 1065 1414 iis
1089 1360 1284 1415 deinde
1306 1362 1589 1415 monachis
1617 1362 1878 1428 convixit,
1910 1362 2001 1432 qui
2036 1362 2087 1416 in
2140 1364 2236 1417 de-

658 1462 807 1506 serto
840 1452 907 1505 ad
954 1449 1247 1505 Jordauem
1295 1448 1714 1516 exercebantur,
1768 1453 1969 1522 quique
2004 1469 2142 1508 nova
2177 1453 2231 1507 in

658 1541 811 1596 laura
860 1542 1040 1612 magni
1097 1542 1252 1596 Salue
1294 1545 1601 1597 certabant.
1656 1542 1811 1598 Unde
1883 1560 2096 1599 rursum
2164 1546 2232 1599 ad

658 1634 961 1688 Antiochia:
989 1649 1134 1697 oras,
1170 1644 1225 1688 et
1249 1633 1542 1688 Alexandri
1577 1634 1788 1700 urbem,
1824 1637 2235 1707 proximamque

658 1742 923 1791 eremum,
950 1736 1006 1781 et
1034 1727 1098 1780 ad
1127 1726 1290 1781 Oasin
1320 1743 1490 1794 usque
1515 1727 1751 1793 delatus,
1790 1728 2079 1783 multorum
2116 1746 2232 1784 ma-

658 1833 996 1888 gnorumque
1022 1820 1261 1872 virorum
1297 1834 1383 1873 res
1409 1819 1667 1888 przeclare
1685 1830 1864 1887 gestas
1890 1823 2227 1891 aggregavit,

658 1911 998 1979 quaspartim
1016 1912 1186 1964 oculis
1209 1911 1323 1979 ipse
1346 1910 1840 1978 spectavit,partim
1870 1913 2073 1964 recenti
2107 1920 2233 1967 tunc

659 2000 931 2053 auditione
948 2001 1153 2055 didicit.
1174 2001 1370 2054 Eadem
1390 2015 1551 2069 porro
1564 2001 1631 2054 de
1656 2016 1820 2055 causa
1833 2017 1955 2056 cum
1973 2002 2137 2056 etiam
2159 2003 2241 2056 in-

659 2091 806 2146 sulas
822 2089 1049 2143 Romam
1070 2105 1261 2144 versus
1285 2091 1544 2160 navigans
1570 2091 1875 2155 lustrasset,
1910 2092 2061 2145 hisce
2082 2092 2238 2146 simi-

658 2179 803 2233 lil‘vus
832 2178 903 2232 ibi
931 2178 1123 2248 162b
1168 2193 1387 2247 quoque
1412 2179 1758 2247 conquisitis,
1778 2191 1831 2233 et
1852 2182 2107 2249 cognitis,
2140 2184 2241 2237 hoc

659 2285 795 2338 opus
831 2271 1181 2338 conscripsit,
1208 2272 1351 2340 quod
1385 2272 1601 2326 dedicat
1634 2271 1963 2341 Sophronio,
1998 2288 2089 2327 seu
2124 2272 2230 2327 So-

662 2363 882 2432 phrona:
914 2364 1181 2433 discipulo
1216 2380 1338 2430 suo,
1377 2365 1663 2434 eidemque
1711 2367 1813 2421 hoc
1842 2368 2019 2435 ipsum
2052 2367 2234 2433 oli'ert,

660 2453 915 2522 cumjam
958 2457 1140 2510 animo
1191 2458 1532 2525 praeciperet,
1588 2459 1793 2513 instare
1823 2460 1949 2514 vitae
1979 2458 2142 2528 hujus
2180 2462 2236 2515 in

662 2546 944 2602 meliorem
969 2548 1479 2605 commutationem.

731 2706 926 2776 Operis
970 2716 1153 2762 autem
1188 2706 1348 2775 hujus
1392 2707 1586 2768 dictio.
1631 2711 1804 2780 magis
1832 2726 1994 2780 quam
2027 2727 2231 2781 praece-
2322 2733 2331 2739 ·

661 2798 863 2865 dentis,
893 2799 960 2853 ad
1013 2800 1359 2855 humiliorem
1399 2816 1463 2856 ac
1493 2803 1768 2858 rndiorem
1804 2807 1978 2875 vergit
2008 2807 2230 2877 stylum.

660 2884 1048 2940 Narrationum
1077 2888 1266 2942 adhazc
1316 2904 1421 2943 non
1461 2893 1707 2945 eumdem
1744 2905 2017 2949 servatum
2047 2913 2236 2954 nume-

662 2994 784 3031 rum
838 2979 893 3033 in
928 2979 1179 3033 omnibus
1214 2979 1372 3036 libris
1419 2982 1815 3053 deprehendas,
1850 3003 1974 3043 cum
2025 2990 2080 3044 in
2112 2994 2234 3061 qui-

660 3070 887 3125 busdam
928 3072 993 3125 ad
1018 3072 1123 3126 duo
1156 3071 1269 3142 (85)
1296 3082 1352 3126 et
1381 3079 1738 3147 quadraginta
1771 3094 1933 3148 supra
1963 3092 2233 3140 trecentas

662 3179 786 3220 sese
831 3168 1147 3235 extendant,
1183 3172 1341 3239 idque
1383 3171 1465 3224 vel
1497 3185 1560 3224 ex
1590 3171 1825 3239 capitum
1874 3179 2229 3242 quorumdam

663 3258 950 3322 divisione,
985 3261 1067 3313 vel
1103 3271 1251 3316 certe
1278 3262 1504 3315 aliorum
1556 3260 1958 3329 interjectione,
1998 3269 2230 3327 adaucto

664 3367 910 3406 numero.
941 3353 1207 3407 Caeterum
1244 3370 1307 3408 ex
1345 3355 1429 3408 his
1456 3355 1714 3410 omnibus
1749 3355 2046 3416 industrius
2086 3365 2236 3431 quis-

664 3457 772 3511 que
825 3452 881 3497 et
942 3443 1037 3499 Dei
1084 3460 1314 3510 amans,
1350 3444 1593 3501 fsuctum
1645 3451 1909 3518 capiens,
1957 3471 2233 3528 nunquam

664 3534 826 3605 hujus
854 3536 1043 3606 scripti
1073 3537 1297 3592 nimiam
1328 3539 1698 3609 prolixitatem
1728 3547 2023 3602 accusarit.

1400 3630 1505 3688 CC.

666 3714 839 3770 Marci
875 3718 1511 3795 monachiﬁscctirorum
1557 3725 1678 3780 libri
1722 3744 1839 3795 vrtr,
1877 3741 1927 3786 et
1974 3734 2236 3791 Adversus

1090 3790 1557 3851 'Melchisedecitas
1608 3797 1738 3853 liber
1763 3817 1802 3855 ι.

734 3877 1078 3950 Legebantur
1097 3882 1262 3939 Marci
1298 3887 1546 3942 monachi
1582 3890 1704 3944 libri
1734 3902 1858 3949 octo
1896 3894 2009 3963 (86)
2047 3915 2060 3950 :
2098 3913 2236 3969 quo-

666 3990 786 4030 rum
817 3977 1023 4046 primus
1062 3978 1277 4032 titulum
1315 3978 1534 4050 praefert
1566 3980 1642 4037 De
1672 3983 1789 4055 lege
1838 3988 2093 4056 spiritali,
2130 3992 2237 4046 uti-

667 4070 842 4139 lisque
876 4071 1090 4125 exsistit
1138 4072 1205 4127 iis
1239 4073 1330 4142 qui
1391 4073 1702 4144 religiosam
1750 4094 1912 4149 agere
1944 4081 2107 4137 vitam
2141 4100 2239 4154 ag-

664 4163 836 4231 gressi
868 4172 1017 4231 sunt,
1052 4166 1505 4233 quemadmodum
1533 4175 1587 4222 et
1619 4184 1860 4239 sequens
1892 4187 1987 4228 eos
2055 4176 2145 4245 qui
2170 4189 2238 4232 ex

663 4255 920 4323 operibus
968 4258 1257 4326 justillcari
1296 4274 1354 4315 se
1397 4269 1609 4328 putant,
1646 4262 1697 4316 in
1748 4279 1941 4318 vanam
1998 4267 2240 4325 incidere

664 4349 973 4417 opinionem
1009 4352 1200 4419 docet;
1234 4352 1342 4406 imo
1367 4352 1419 4406 id
1452 4356 1538 4409 vel
1567 4354 1618 4409 in
1650 4355 1838 4423 primis
1869 4359 2237 4426 perniciosum

664 4457 786 4497 esse
804 4443 1159 4501 demonstrat.
1190 4446 1475 4501 Adduntur
1490 4458 1548 4502 et
1576 4448 1682 4502 alia
1709 4448 1781 4503 ibi
1806 4450 2069 4507 salutaria
2096 4469 2237 4524 prae-

2339 626 2750 695 ταγενεστέρων
2768 622 2978 695 ἀνδρῶν
3003 621 3141 692 ἔργα
3170 637 3228 673 τε
3250 620 3344 673 καὶ
3363 619 3586 689 πράξεις
3611 622 3865 693 άξιοζηλὼ-

2338 736 2461 780 τους
2521 717 2869 785 ἀναγράφει·
2922 714 3020 767 καὶ
3074 713 3183 783 γὰρ
3235 712 3441 766 ἐκεῖθεν
3477 714 3584 765 τῶν
3612 714 3759 785 μέχρι
3786 721 3864 787 τῆς

2350 808 2671 880 Ἡρακλείου
2697 808 2868 879 ἀρχῆς
2902 808 2996 860 xui
3024 807 3118 860 ἐπὶ
3152 806 3310 858 πλέον
3332 805 3728 876 διαπρεψάντων
3760 809 3864 877 άρε.

2336 904 2456 964 ταῖς
2483 901 2775 970 ἐπέρχεται
2794 901 2919 961 τοὺς
2948 897 3114 968 βίους.

2414 987 2684 1061 Λείμῶνα
2740 990 2797 1043 δὲ
2844 989 3126 1043 καλεῖσθαι
3176 987 3392 1041 δίδωσιν
3433 988 3462 1040 δ
3513 989 3865 1057 συνταξάμενος

2337 1086 2508 1155 δνομα
2545 1086 2604 1137 τὸ
2630 1082 2834 1154 βιόλίον
2860 1099 2873 1112 ·
2906 1082 3054 1145 τινὲς
3098 1080 3155 1133 δὲ
3180 1080 3312 1134 αὐτὸ
3335 1080 3381 1111 ⁸⁷
3422 1079 3516 1133 xui
3546 1080 3690 1133 Νέον
3711 1082 3867 1133 ὲπονο-

2340 1177 2567 1248 μάζουσι
2594 1176 2639 1208 ⁸⁸
2665 1174 3071 1243 Παραδείσιον
3089 1172 3156 1227 ⁸⁸.
3177 1172 3235 1226 '0
3256 1172 3312 1224 δὲ
3337 1170 3690 1241 συντεταχὼς,
3711 1172 3865 1225 Ἰωάν-

2336 1282 2433 1334 νης
2467 1265 2567 1332 μὲν
2622 1264 2772 1333 αὑτῷ
2806 1265 2975 1332 ὄνομα
3001 1263 3068 1327 ⁸ο,
3098 1261 3159 1326 ἐξ
3216 1262 3561 1333 ἐπικλήσεως
3595 1262 3648 1315 δὲ
3686 1262 3866 1330 ἐλέγετο

2335 1357 2364 1409 ό
2427 1356 2520 1408 τοῦ
2561 1357 2781 1425 Μόσχου
2806 1370 2820 1384 ·
2848 1354 2908 1417 ὃς
2940 1354 3253 1418 ἀπετάξατο
3282 1354 3382 1424 μὲν
3414 1355 3472 1406 ὲν
3498 1356 3562 1424 τῇ
3603 1353 3690 1405 τοῦ
3738 1355 3864 1421 ἁγίου

2334 1444 2616 1498 Θεοδοσίου
2638 1447 2793 1515 μονῇ,
2817 1439 2934 1496 εἶτα
2951 1442 3289 1514 συνδιέτριψε
3302 1445 3413 1508 τοῖς
3427 1460 3485 1495 τε
3504 1444 3639 1496 κατὰ
3665 1443 3866 1513 τὺνῚορ-

2332 1534 2496 1605 δάνην
2530 1534 2633 1588 sva
2652 1535 2751 1605 τὴν
2778 1533 2983 1603 ἔρημον
3000 1534 3363 1603 άσκουμένοις
3390 1534 3485 1587 καὶ
3511 1535 3618 1595 τοῖς
3645 1534 3698 1584 ὲν
3720 1535 3775 1602 τῇ
3792 1535 3867 1603 νέᾳ

2332 1625 2433 1679 λαύ
2449 1642 2516 1697 ρᾳ
2550 1624 2645 1678 τοῦ
2681 1624 2919 1695 μεγάλου
2944 1624 3094 1678 Σά6α
3127 1626 3168 1655 ⁸⁸
3197 1623 3797 1678 διαθλοῦσιν.Ὲντεῦθεν
3821 1624 3866 1675 δὲ

2332 1720 2401 1773 τά
2418 1736 2476 1771 τε
2496 1718 2593 1787 τῆς
2608 1717 2937 1785 Ἀντιοχείας
2961 1717 3200 1786 κλίματα
3216 1716 3311 1768 καὶ
3336 1717 3436 1786 τὴν
3451 1714 3777 1785 Ἀλεξάνδρου
3794 1716 3868 1768 καὶ

2333 1811 2431 1881 τὴν
2452 1827 2518 1863 πε
2529 1813 2580 1879 pi
2608 1808 2777 1880 αὐτὴν
2798 1809 3004 1879 ἔρημον
3033 1809 3125 1860 καὶ
3148 1807 3557 1877 μέχριὈάσεως
3573 1809 3614 1839 ⁸³
3642 1806 3865 1869 ἐπελθὼν,

2344 1904 2439 1957 xui
2468 1902 2679 1956 πολλῶν
2717 1901 2813 1955 xui
2851 1901 3104 1971 μεγάλων
3131 1900 3338 1970 ἀνδρῶν
3373 1901 3646 1971 ἀριστείας
3672 1917 3868 1968 συναγη-

2343 1993 2483 2064 οχὼς
2516 1993 2672 2046 τοῦτο
2706 1994 2803 2063 μὲν
2859 1992 2979 2061 ὄψει
3016 1991 3173 2045 τοῦτο
3202 1992 3260 2045 δὲ
3303 1993 3398 2045 xui
3445 1992 3702 2062 νεαζούσῃ
3738 1993 3868 2060 ἀκοῇ.

2342 2086 2430 2139 διὰ
2445 2085 2543 2156 τὴν
2569 2086 2737 2155 αὐτὴν
2754 2085 2799 2137 δ’
2833 2084 3011 2137 αἰτίαν
3041 2084 3133 2137 xui
3154 2084 3349 2155 νήσους
3400 2085 3798 2154 ίστορησάμενος
3824 2086 3840 2135 ἐ

2340 2180 2419 2249 τῷ
2453 2180 2586 2251 πρὸς
2619 2179 2718 2251 τὴν
2751 2179 2970 2249 Ῥώμην
2993 2177 3221 2248 διάπλῳ,
3260 2178 3438 2230 ὲκείσέ
3478 2194 3536 2229 τε
3556 2178 3600 2209 ⁸³
3626 2178 3689 2228 τὰ
3722 2193 3871 2243 παραυ

2342 2270 2546 2340 πλήσια
2568 2270 3060 2340 διερευνησάμενος
3092 2268 3188 2322 καὶ
3252 2267 3463 2337 μαθὼν,
3500 2268 3559 2321 τὸ
3586 2268 3744 2339 παρὸν
3765 2266 3867 2320 σύν-

2332 2374 2525 2431 ταγμα
2551 2364 2771 2433 γράφει,
2803 2362 2896 2415 καὶ
2921 2364 3233 2431 προσφωνεί
3263 2362 3556 2432 Σωφρονίῳ
3586 2363 3615 2431 ἦ
3650 2362 3869 2431 Σωφρονᾷ

2338 2454 2417 2524 τῷ
2438 2456 2622 2522 οἰκείῳ
2659 2453 2874 2524 μαθητῇ
2900 2453 2995 2507 xui
3027 2452 3345 2523 ἐγχειρίζει,
3378 2453 3527 2523 αὐτῷ
3555 2454 3716 2524 τούτῳ
3731 2452 3769 2484 ⁸⁸
3791 2450 3869 2521 τὴν

2338 2544 2434 2596 τοῦ
2467 2544 2580 2613 βίου
2620 2544 2917 2611 μέλλουσαν
2974 2543 3300 2613 ἐφίστασθαι
3362 2545 3503 2616 πρὸς
3555 2544 3618 2598 τὰ
3651 2544 3868 2614 ἀμείνονα

2343 2634 2775 2705 προτεθεαμένος
2798 2635 3125 2705 μεταϐολήν.

2421 2728 2485 2780 Ἦ
2518 2727 2574 2780 δὲ
2598 2727 2691 2780 τοῦ
2721 2727 2881 2796 λόγου
2917 2726 3184 2797 ἑρμηνεία
3211 2728 3291 2789 είς
3330 2728 3393 2779 τδ
3416 2727 3772 2797 ταπεινότερον
3796 2724 3868 2778 τοῦ

2338 2820 2608 2892 προτέρου
2666 2820 2759 2873 καὶ
2806 2819 3178 2889 ἀμαθέστερον
3237 2820 3539 2873 ἀποκλίνει.
3569 2821 3670 2874 Καὶ
3709 2819 3767 2873 τά
3811 2818 3872 2871 διο

2346 2915 2456 2985 ηγή
2467 2930 2610 2983 ματα
2636 2913 2692 2965 δὲ
2711 2913 2830 2983 οὐχὶ
2857 2913 2945 2965 τὸν
2971 2912 3083 2965 ἴσον
3115 2911 3345 2983 ἀριθμὸν
3367 2914 3427 2965 ὲν
3463 2915 3636 2966 πᾶσιν
3657 2913 3869 2981 εὑρήσεις

2335 3010 2447 3069 τοῖς
2479 3005 2703 3075 βιϐλίοις
2753 3004 3184 3074 διασεσωσμένα,
3223 3005 3338 3059 ἀλλ’
3370 3006 3430 3059 ἔν
3460 3024 3566 3059 τισι
3623 3006 3709 3058 xui
3747 3007 3813 3068 εἰς
3837 3004 3871 3074 β’

2337 3103 2430 3152 xui
2474 3097 2524 3169 μ’
2556 3101 2647 3152 xui
2674 3105 2719 3152 τ’
2745 3099 2789 3129 ⁸⁵
2810 3096 3183 3169 διηπλωμένα,
3215 3098 3376 3151 τοῦτο
3425 3100 3521 3168 μὲν
3555 3099 3705 3150 ἐνίων
3731 3114 3872 3163 κεφα-

2337 3189 2505 3242 λαίων
2535 3189 2896 3258 ὲπιδιαιρέσει
2916 3189 3009 3240 τοῦ
3036 3186 3273 3258 ἀριθμοῦ
3308 3188 3720 3258 συναυξομένου,
3744 3185 3871 3238 τοῦτο

2336 3281 2391 3333 δὲ
2419 3280 2513 3331 xui
2549 3278 2904 3348 διηγημάτων
2926 3277 3075 3329 ἔστιν
3113 3270 3188 3330 ὧν
3250 3276 3596 3347 παρενθήκη.
3655 3274 3784 3341 Πλὴν
3825 3271 3870 3334 ἐξ

2338 3371 2591 3426 ἁπάντων
2620 3369 2681 3421 τὸ
2715 3369 2987 3440 χρήσιμον
3032 3368 3059 3420 ὁ
3118 3366 3337 3431 συνετὸς
3367 3368 3464 3420 καὶ
3491 3366 3729 3436 θεοφιλὴς
3758 3361 3871 3431 ἀνὴρ

2336 3463 2669 3535 δρεπόμενος
2697 3461 2795 3514 οὐκ
2830 3459 2897 3514 ἂν
2921 3459 3030 3515 τῶν
3059 3461 3510 3531 συντεταγμένων
3534 3459 3686 3529 κόρον
3737 3471 3873 3511 κατα-

2338 3556 2515 3626 γνοίη.

3008 3648 3083 3705 Σ⁹.

2338 3742 2582 3812 Μάρκου
2610 3741 2887 3813 μοναχοῦ
2926 3742 3106 3811 Λόγοι
3146 3740 3467 3808 ἀσκητικοὶ
3512 3747 3598 3808 η’·
3630 3737 3717 3792 καί
3748 3732 3870 3802 Πρὸς

2687 3813 3200 3881 Μελχισεδεκίτας
3253 3814 3438 3880 λόγος
3469 3819 3539 3866 a'.

2422 3904 2758 3977 Ἀνεγνὼσθη
2784 3905 2985 3976 βιϐλίον
3012 3904 3241 3972 Μάρκου
3276 3900 3522 3973 μοναχοῦ
3544 3903 3599 3955 ἐν
3630 3898 3793 3965 λόγοις
3810 3898 3867 3961 η’.

2338 3986 2413 4048 ὧν
2438 3995 2467 4046 ό
2491 3995 2587 4064 μὲν
2620 3994 2836 4066 πρῶτος
2870 3994 3187 4065 ἐπιγραφὴν
3215 3992 3374 4062 ἔλαχε
3406 3994 3533 4065 περὶ
3566 3990 3718 4062 νόμου
3737 4001 3869 4039 πνεν-

2344 4081 2595 4153 ματικοῦ,
2625 4086 2722 4137 xui
2752 4086 3017 4155 χρήσιμος
3050 4086 3163 4147 τοῖς
3192 4083 3284 4136 τὸν
3313 4081 3612 4153 ἀσκητικὸν
3640 4081 3872 4146 ὲπανῃρη·

2343 4175 2523 4245 μένοις
2559 4174 2702 4245 βίον⁹
2751 4174 2942 4246 ὥσπερ
2974 4176 3071 4229 xui
3102 4177 3130 4228 ὁ
3174 4175 3396 4245 ἐφεξῆς,
3451 4176 3575 4238 τοὺς
3625 4171 3678 4237 ἐξ
3721 4169 3865 4239 ἔργων

2339 4264 2615 4332 οἰομένους
2649 4264 2987 4319 δικαιοῦσθαι
3018 4268 3096 4329 εἰς
3132 4267 3363 4338 μάταιον
3393 4266 3699 4320 διαπίπτειν
3722 4262 3759 4291 ⁸⁸
3802 4257 3869 4308 λο-

2339 4357 2555 4427 γισμὸν,
2591 4358 2789 4428 μᾶλλον
2811 4359 2869 4412 δὲ
2898 4359 2991 4412 καὶ
3042 4360 3133 4413 τὸν
3160 4361 3241 4413 ὅτι
3277 4360 3511 4430 μάλιστα
3545 4352 3786 4426 σφαλερὸν
3809 4348 3863 4410 ⁸⁷,

2341 4450 2783 4521 ἐπιδεικνύμενος
2805 4466 2818 4479 ⁸
2874 4451 2997 4523 [521
3033 4450 3128 4524 IL]
3164 4454 3220 4505 ἐν
3282 4449 3363 4515 οἷς
3398 4452 3503 4505 xui
3561 4451 3732 4519 ἕτεραι
3770 4457 3871 4494 συν·

662 4544 839 4605 cepta,
870 4552 988 4606 qua:
1024 4537 1091 4590 ad
1122 4539 1416 4605 spiritalem
1443 4554 1597 4607 aeque
1630 4541 1793 4595 vitam
1824 4552 1879 4597 et
1926 4543 2234 4602 institutum

2344 4541 2670 4610 υφαίνονται
2704 4544 3077 4614 παραινέσεις,
3101 4547 3178 4607 είς
3197 4543 3286 4597 τὸν
3306 4542 3667 4614 πνευματικὸν
3693 4530 3773 4592 καὶ
3793 4533 3871 4588 αὐ·

662 4623 987 4679 conducant.
1036 4624 1252 4679 Tertius
1272 4642 1398 4681 vero
1449 4628 1586 4683 liber
1615 4632 1680 4685 de
1704 4633 2043 4701 pteuiteutia,
2092 4640 2235 4706 quod

667 4724 779 4771 haec
800 4716 998 4785 ubique
1012 4716 1224 4779 deceat,
1244 4717 1437 4772 docere
1453 4734 1548 4788 pro
1573 4734 1739 4789 scopo
1763 4723 1868 4777 sibi
1894 4726 2226 4795 proponens,

663 4808 731 4862 ad
764 4808 1012 4864 eumdem
1037 4823 1262 4877 prorsus
1284 4809 1537 4864 utilitatis
1565 4813 1791 4882 gradum
1825 4817 2016 4873 tendit.

735 4985 1028 5055 Perspicua
1068 4985 1235 5057 igitur
1269 4986 1387 5056 ejus
1418 4998 1502 5044 est
1518 4989 1712 5056 dictio,
1739 5002 2013 5061 quatenus
2042 4999 2225 5055 verbis
2268 5024 2271 5025 ν

665 5076 834 5131 utitur
861 5082 1266 5146 communibus,
1298 5090 1351 5135 et
1379 5096 1587 5136 summa
1613 5084 1791 5153 capita
1819 5088 2087 5155 percurrit
2110 5105 2236 5146 ora-

2342 4635 2435 4688 ταὶ
2459 4636 2854 4706 συνανήκουσαι
2882 4634 2994 4705 βίον
3024 4637 3068 4669 ⁸⁸
3098 4637 3193 4689 xui
3216 4637 3402 4707 νόμον.
3434 4636 3544 4690 Καὶ
3566 4637 3594 4688 ὁ
3617 4639 3661 4702 γ’
3683 4632 3749 4696 δὲ,
3766 4624 3870 4693 περὶ

2347 4727 2632 4797 μετανοίας
2659 4728 2759 4798 τῆς
2791 4731 3023 4783 πάντοτε
3058 4728 3452 4800 προσηκούσης
3481 4723 3870 4792 ἁπευθυνόμενος

2341 4821 2432 4873 τὸν
2463 4822 2682 4887 σκοπὸν,
2714 4825 2794 4886 είς
2808 4822 2899 4876 τὸν
2932 4822 3096 4877 αὐτὸν
3133 4822 3236 4893 τῆς
3255 4822 3524 4893 ὡφελείας
3547 4817 3739 4892 βαθμὸν
3759 4813 3868 4866 ἀνα-

2337 4913 2539 4984 τρέχει.

2408 5005 2591 5077 Σαφῆς
2622 5006 2717 5075 μὲν
2748 5001 2843 5059 οὖν
2889 5007 3061 5072 ἐστιν,
3094 5007 3226 5061 ὅσον
3256 5008 3349 5062 ἐπὶ
3404 5011 3471 5077 τῇ
3510 5004 3760 5071 κοινότητι
3782 4991 3869 5046 τῶν

2342 5096 2539 5160 λέξεων
2555 5097 2651 5149 καὶ
2687 5097 2766 5165 τῷ
2790 5096 3179 5165 κεφαλαιωδῶς
3209 5098 3580 5168 ἐξενηνέχθαι,
3622 5096 3652 5163 ἡ
3682 5087 3868 5160 φράσις,

666 5170 741 5225 tio
771 5186 786 5224 :
821 5170 926 5225 etsi
961 5170 1105 5239 quod
1135 5171 1200 5225 ad
1234 5172 1470 5226 Atticum
1506 5188 1816 5232 sermonem
1840 5194 1943 5235 non
1975 5182 2231 5239 satisac-

2341 5191 2389 5241 εί
2415 5189 2509 5243 καὶ
2541 5190 2615 5261 μὴ
2672 5191 2807 5261 πρὸς
2836 5190 2935 5262 τὴν
2978 5190 3229 5261 Ἀττικὴν
3282 5189 3662 5263 ἀπηκρίϐωται
3710 5180 3769 5233 τὰ
3792 5174 3869 5228 ὅλα

1952 5296 2187 5353 VARle
2222 5300 2633 5359 LECTIONES.
3316 5316 3319 5319 λ

766 5377 1040 5453 ἔξμπλὴν]
1111 5382 1272 5435 πλέον
1333 5384 1398 5437 Α.
1496 5387 1541 5419 ⁸⁷
1600 5388 1762 5443 αὐτὸν
1790 5390 1853 5443 Α.

666 5449 707 5478 ⁶¹
734 5447 918 5537 ξάξὸα
943 5447 1003 5515 ςέ.
1022 5447 1040 5453 ’
1082 5455 1348 5537 δξημέχρις
1404 5455 1577 5537 ἄσεως
1639 5461 1687 5537 ξ’
1715 5478 1774 5513 τε
1796 5476 1929 5537 pun-
1954 5476 2035 5537 pr:
2068 5463 2132 5515 A.

1973 5392 2019 5423 ⁸⁸
2076 5392 2399 5465 ὀνομάζουσι
2461 5414 2521 5460 ς.

2230 5467 2276 5497 ⁸⁸
2300 5470 2456 5521 τοῦτο
2498 5486 2556 5531 ς.

3317 5399 3360 5430 ⁶⁰
3410 5397 3573 5466 ὄνομα
3636 5386 3769 5466 αὖτῷ
3818 5398 3865 5444 ς·

2659 5396 2705 5429 δ’
2763 5396 3080 5466 παράδεισιν
3141 5399 3209 5452 Α.
3317 5399 3360 5430 ⁶⁰
3410 5397 3573 5466 ὄνομα
3636 5396 3769 5455 αὐτῷ
3818 5398 3863 5444 ς·

2659 5468 2679 5498 ⁸
2708 5466 2775 5520 τ’]
2814 5469 2934 5520 libri
2962 5470 3315 5520 τριακοσίοις.
3419 5469 3464 5499 ⁸⁸
3501 5464 3786 5520 διαπίπτειν
3812 5468 3863 5516 ς-

2636 5468 2679 5499 ⁶⁶
2708 5466 2775 5539 τ’]
2814 5469 2934 5522 libri
2962 5470 3315 5539 τριακοσίοις.

667 5520 799 5589 φησὶ
820 5519 936 5590 λογ.
976 5540 1038 5586 ς.
1090 5519 1285 5606 ,ον’τῶξ»
1314 5557 1383 5566 —-
1421 5519 1703 5599 σφαλερῶν
1729 5530 1885 5583 τοῦτο
1914 5519 2053 5586 ἐπιδ.
2087 5550 2147 5597 ς.
2181 5536 2269 5606 ff
2302 5519 2420 5603 βίον
2441 5519 2684 5593 xuiom.
2716 5519 2782 5590 A1.

2177 5604 2407 5662 NOTAE.

742 5683 855 5809 (8‘5)
893 5684 1060 5745 llodic
1095 5690 1149 5744 in
1199 5690 1303 5748 219
1337 5692 1514 5761 capita
1556 5693 1820 5747 duntaxat.
1860 5693 2117 5748 distincta
2160 5693 2236 5749 le-

748 5776 775 5808 n
808 5774 891 5809 ur.

671 5774 891 5826 gittttlll‘.

743 5827 854 5896 (86)
874 5831 1101 5886 Exstant
1120 5832 1341 5887 Parisiis
1362 5832 1549 5888 Latine
1571 5836 1806 5896 excussi,
1833 5834 1950 5888 etin
1977 5822 2227 5889 Biblioth.

675 5900 775 5953 b5.
801 5900 945 5958 Patr.
977 5903 1291 5976 Margariui,
1327 5914 1365 5960 t.
1394 5903 1477 5960 ιν.
1516 5907 1665 5963 Alios
1699 5907 1938 5977 ejusdem
1968 5916 2228 5976 praetcrea

2344 5698 2413 5751 52
2449 5700 2735 5774 asceticos
2765 5700 2830 5753 ad
2860 5715 2956 5752 sua
2987 5700 3301 5774 pervenisse
3326 5710 3562 5774 tempora
3582 5681 3864 5774 iudicatji:

2343 5771 2499 5837 ceph.
2558 5753 2658 5822 lih.
2683 5784 2793 5828 xiv.
2833 5785 2951 5836 cap.
2987 5753 3082 5830 ἒδι,
3114 5771 3205 5837 qui
3241 5770 3384 5825 hunc
3417 5753 3587 5821 virum
3626 5777 3735 5816 cum
3760 5753 3862 5808 Nilo

2344 5840 2404 5894 Β.
2438 5841 2721 5910 Chrysost.
2752 5840 3075 5908 discipulum
3112 5840 3263 5896 facit.
