4038 6404
194 454 286 517 069

1182 456 1704 517 BIBLIOTHECA.
1733 479 1805 489 --
1822 454 2039 515 CODD.
2072 456 2178 531 CC,
2215 457 2349 518 CCI.

3313 452 3416 514 670

193 568 425 636 γλῶτταν
445 564 486 596 ⁸⁸
504 579 519 595 ’
552 564 599 616 εἰ
626 563 682 616 δέ
721 580 823 616 που
852 564 978 636 [269
1007 554 1099 637 IL}
1129 565 1190 619 τὸ
1238 567 1445 634 ἀσαφὲς
1467 566 1745 635 ἐνορᾶται,

1869 576 2041 620 :urate
2088 566 2326 637 linguam
2376 575 2685 635 componat.
2739 564 2922 621 Sicubi
2971 581 3099 621 vero
3130 568 3182 622 in
3216 571 3299 624 his
3318 572 3419 626 ob—

193 661 262 730 τῷ
291 658 375 712 διά
426 656 672 728 πράξεως
725 657 865 710 αὐτὰ
896 662 1197 727 πεφυκέναι
1230 658 1431 729 μᾶλλον
1456 658 1739 711 κατανοεῖ-

197 753 309 804 σθαι
347 751 618 819 ἀναχωρεῖ
652 750 752 818 τῆς
799 748 891 802 διά
935 749 1109 818 λόγων
1159 749 1478 821 ἑρμηνείας,
1513 748 1637 818 ούχὶ
1666 746 1744 818 τῷ

192 840 454 903 δυσκόλως
483 840 755 910 εἰρῆσθαι.
784 839 857 892 Τὸ
882 839 937 893 δὲ
970 840 1212 894 τοιοῦτον
1232 841 1332 894 οὐκ
1358 842 1416 893 ἐν
1444 841 1559 902 τοῖς
1592 840 1746 909 εἰρη-

197 932 366 999 μένοις
400 929 559 1000 μόνον
611 930 976 997 ἀναφαίνεται
1020 929 1223 997 λόγοις,
1269 929 1406 983 ἀλλά
1434 930 1527 981 καὶ
1546 931 1605 981 ὲν
1630 929 1746 991 τοῖς

194 1022 337 1090 ἑξῆς·
373 1022 467 1073 καὶ
488 1021 610 1091 οὐχὶ
638 1021 783 1092 μόνῳ
802 1021 939 1092 τῷδε
960 1022 1039 1093 τῷ
1095 1022 1269 1091 ἀνδρὶ,
1306 1020 1443 1074 ἀλλά
1470 1020 1515 1051 ⁷ο
1545 1018 1744 1089 μικροῦ

195 1122 369 1183 πᾶσιν,
393 1113 477 1181 οἷς
502 1119 833 1189 ἀσκητικοὺς
857 1119 1052 1189 νόμους
1068 1119 1162 1171 καὶ
1191 1117 1335 1187 πάθη
1358 1117 1451 1170 καὶ
1479 1114 1748 1177 διαθέσεις

193 1212 252 1264 δι’
298 1210 476 1280 ἔργων
516 1209 800 1280 χωρούσας
828 1209 1198 1277 ἀπαγγέλλειν
1240 1207 1433 1276 γέγονε
1462 1204 1689 1275 σπουδὴ,
1722 1205 1751 1257 ὁ

195 1303 284 1370 τῆς
302 1302 559 1373 τοιαύτης
586 1301 854 1370 ἀσαφείας
887 1300 1103 1371 ἐνιαχοῦ
1142 1299 1471 1371 συμπρόεισι
1526 1298 1749 1367 τρόπος,

197 1396 285 1464 τῆς
305 1396 369 1448 ἐκ
390 1394 434 1425 ⁷⁸
468 1394 577 1447 τῶν
607 1393 783 1464 ἔργων
807 1394 989 1447 αὐτῶν
1043 1391 1392 1461 ἐπιγνώσεως
1436 1388 1497 1444 ού
1520 1407 1574 1443 τι
1610 1388 1755 1460 μάλα

200 1479 640 1551 στεργούσηςτάς
661 1482 750 1534 διά
772 1482 882 1534 τῶν
907 1481 1169 1553 ῥημάτων
1196 1478 1580 1550 ἐπιδηλώσεις.
1611 1477 1753 1530 Ἀλλ’

196 1571 326 1624 οὕτω
363 1572 467 1640 μὲν
492 1572 623 1641 περὶ
636 1572 845 1626 τούτου.
880 1572 949 1626 Ὀ
974 1589 1039 1641 γε
1075 1574 1183 1643 μὴν
1202 1570 1243 1625 δ’
1275 1572 1454 1638 λόγος,
1480 1570 1561 1633 εἰς
1585 1569 1755 1623 τύπον

200 1663 515 1733 ἐρωτήσεως
540 1664 633 1716 καὶ
662 1662 1008 1733 ἀποκρίσεως
1028 1663 1526 1735 ἐσχηματισμένος,
1551 1662 1759 1715 δείκνυ-

1851 658 2088 713 scuritas
2132 658 2308 728 aliqua
2335 658 2601 721 cernitur,
2642 657 2764 712 ideo
2794 658 3050 712 nimirum
3080 659 3152 713 ab
3183 676 3267 723 ea,
3298 676 3419 729 qua:

1850 768 1951 822 per
1983 754 2148 807 verba
2176 752 2235 806 ﬁt
2266 749 2463 822 [clara]
2493 750 2857 819 explicatione
2890 750 3117 813 recedit,
3145 752 3290 821 quod
3306 753 3421 805 hac

1844 842 2114 914 ejusmodi
2134 844 2262 907 sint,
2308 852 2364 895 ιιι
2406 858 2502 912 per
2536 842 2803 895 actionem
2870 841 3038 910 ipsam
3080 840 3420 907 potissimum

1853 935 2057 1005 percipi
2099 936 2352 998 debeant,
2389 949 2494 986 non
2527 934 2671 999 quod
2700 930 2991 985 diﬂiculter
3024 932 3211 983 eadem
3239 930 3424 998 expri-

1856 1028 1927 1081 mi
1960 1028 2207 1080 oratione
2243 1027 2473 1094 possint.
2502 1025 2652 1090 Quod
2680 1039 2786 1077 non
2821 1025 2874 1076 in
2902 1023 3049 1077 hisce
3072 1024 3245 1076 solum
3272 1020 3422 1076 libris

1846 1123 1957 1175 'nsu
1998 1120 2179 1186 venit,
2232 1120 2324 1173 sed
2372 1130 2426 1173 et
2476 1118 2527 1171 in
2576 1117 2698 1171 aliis
2739 1117 2992 1183 deinceps
3046 1115 3423 1185 sequentibus.

1857 1211 1995 1279 Quin
2028 1227 2200 1281 neque
2236 1212 2289 1265 in
2324 1210 2424 1264 hoc
2447 1210 2707 1263 duntaxat
2728 1208 3017 1277 scriptore,
3050 1222 3233 1261 verum
3260 1206 3423 1260 etiam

1848 1296 1913 1359 in
1946 1305 2197 1357 omnibus
2224 1302 2395 1357 ferme
2427 1303 2517 1365 iis,
2552 1302 2642 1371 qui
2682 1303 2748 1355 de
2772 1300 3024 1354 asceticis
3052 1300 3342 1363 institutis,
3373 1307 3428 1352 et

1858 1396 1926 1450 de
1971 1395 2468 1464 perturbationibus
2506 1403 2665 1462 atque
2708 1380 3112 1455 affectionibus,
3165 1406 3284 1461 qia:
3333 1403 3430 1457 per

1861 1487 1975 1556 ipsa
2004 1485 2373 1557 producuntur
2401 1500 2589 1554 opera,
2621 1486 2818 1540 docere
2843 1485 3048 1553 aliquid
3081 1485 3425 1547 studuerunt,

1861 1579 2122 1647 ejusmodi
2154 1577 2505 1633 obscuritatis
2526 1577 2714 1630 vitium
2734 1576 2932 1630 alicubi
2966 1575 3240 1628 invenitur
3268 1589 3282 1637 ;
3307 1588 3428 1641 quae

1863 1674 2007 1727 enim
2039 1686 2105 1725 ex
2144 1671 2277 1740 ipsis
2327 1679 2411 1724 est
2444 1669 2699 1737 operibus
2726 1677 2981 1737 percepta
3011 1666 3272 1734 cognitio,
3322 1680 3427 1716 non

202 1771 278 1807 σιν
306 1753 383 1817 ὡς
415 1753 484 1807 τὸ
510 1756 778 1825 σωτήριον
828 1754 1113 1824 βάπτισμα
1161 1754 1260 1825 τὴν
1307 1753 1621 1825 ἐλευθερίαν
1663 1754 1760 1807 καὶ

1869 1777 2035 1831 usque
2064 1767 2198 1816 adeo
2242 1762 2421 1815 verbis
2449 1761 2715 1827 explicari
2756 1767 3008 1814 contenta
3045 1766 3147 1810 est.
3178 1756 3282 1809 Sed
3316 1756 3432 1808 haec

200 1843 281 1896 τδν
317 1844 666 1914 καθαρισμὸν
704 1844 813 1897 τῶν
849 1845 1262 1916 ἁμαρτημάτων
1319 1844 1599 1915 μυστικῶς
1628 1844 1763 1915 ἡμῖν

203 1937 488 2007 ἐχαρίσατο
534 1939 580 1969 ⁷¹
622 1938 717 1989 καὶ
748 1937 848 2008 τὴν
880 1937 1043 2007 χάριν
1080 1936 1175 1991 τοῦ
1225 1939 1491 2005 παναγίου
1537 1937 1763 2009 ἐνῴκισε

204 2027 531 2098 Πνεύματος,
575 2029 669 2081 καὶ
723 2028 933 2081 τοιαῦθ’
964 2029 1149 2099 ἕτερα.
1188 2029 1246 2081 '0
1274 2027 1331 2080 δέ
1358 2034 1399 2081 ε’
1451 2029 1765 2083 διαπλάττει

204 2122 284 2176 τὸν
310 2122 432 2175 νοῦν
486 2124 628 2193 πρὸς
658 2124 758 2193 τὴν
797 2124 1002 2177 οἰκείαν
1052 2123 1230 2195 ψυχὴν
1290 2124 1603 2194 συμϐουλὴν
1654 2120 1764 2177 οἷον

206 2215 669 2285 ἀνακοινούμενον,
695 2216 761 2268 δι’
784 2210 851 2287 ἧς
892 2218 994 2269 οὐκ
1022 2216 1214 2279 ἄλλους
1263 2216 1490 2279 αἰτίους,
1526 2215 1638 2269 ἀλλ’
1670 2217 1769 2269 αύ-

207 2308 318 2369 τοὺς
348 2308 499 2377 ἡμᾶς
522 2307 634 2360 τῶν
663 2308 1130 2378 ἁμαρτανομένων
1184 2308 1566 2375 ἀποφαίνεται.
1606 2309 1714 2362 Καὶ
1739 2309 1768 2361 δ

209 2396 259 2462 ς’
280 2397 331 2450 δέ
357 2398 438 2461 εἰς
455 2397 708 2465 διάλογον
727 2395 1144 2468 σχηματίζεται,
1165 2398 1519 2468 σχολαστικὸν
1534 2400 1768 2469 εἰσάγων

208 2487 313 2541 τινά
337 2488 476 2557 πρὸς
504 2489 734 2557 Μάρκον
759 2488 920 2541 αὐτὸν
947 2488 1351 2559 διαλεγόμενον,
1376 2482 1451 2544 ὧν
1498 2493 1566 2543 τὰ
1596 2490 1769 2558 κεφά-

208 2578 319 2631 λαια
349 2580 433 2633 ὅτι
453 2579 543 2633 δεῖ
570 2580 930 2649 ἀδικούμενον
961 2580 1034 2651 μὴ
1082 2580 1388 2651 ἀμύνεσθαι
1430 2582 1561 2652 μηδέ
1599 2598 1769 2634 κατα-

209 2674 399 2743 κρίνειν
445 2674 581 2736 τοῦς
621 2673 963 2738 ἀδικοῦντας,
996 2674 1113 2726 ἀλλ’
1162 2674 1306 2727 ἰδίων
1360 2674 1771 2745 ἁμαρτημάτων

209 2766 515 2836 εἰσπράξεις
547 2766 800 2837 ἡγεῖσθαι
831 2765 931 2829 τὰς
962 2767 1019 2833 ἐξ
1046 2766 1251 2835 ἐτέρων
1278 2768 1410 2836 ἡμῖν
1441 2766 1772 2837 ἐπιφερομέ-

207 2874 292 2920 νας
312 2858 354 2889 ⁷³
375 2860 679 2928 ἐπηρείας·
717 2858 809 2911 καὶ
840 2858 922 2911 ὅτι
967 2857 1206 2928 χαλεπὸν
1226 2859 1260 2927 ἡ
1289 2857 1770 2929 ἀνθρωπαρεσκία,

209 2952 291 3001 καὶ
313 2950 387 3013 ὡς
416 2951 504 3003 δεῖ
540 2950 743 3013 παντὸς
774 2949 1089 3017 σωματικοῦ
1120 2950 1283 3020 ἔργου
1306 2950 1484 3022 πολλῷ
1520 2951 1598 3021 τῷ
1626 2950 1775 3020 μέσῳ

1867 1853 2148 1908 hactenus.
2184 1852 2422 1919 Quartus
2479 1866 2642 1919 porro
2680 1850 2815 1905 liber
2854 1847 3238 1916 interrogantis
3268 1855 3433 1913 atque

1868 1946 2237 2015 respondentis
2254 1944 2423 1999 forma
2444 1945 2795 2014 compositus,
2813 1945 2967 1997 docet
2983 1940 3318 1995 salutiferum
3337 1939 3435 1993 ba-

1866 2040 2087 2111 ptisma,
2110 2053 2230 2091 cum
2255 2038 2630 2093 liberationem
2653 2026 3122 2105 expiationemque
3141 2032 3431 2088 criminum

1866 2130 2093 2200 mystice
2106 2127 2259 2182 nobis
2277 2127 2589 2191 contulisse,
2613 2136 2724 2179 tum
2748 2124 2920 2179 sancti
2946 2123 3181 2189 Spiritus
3204 2119 3435 2189 gratiam

1868 2220 2176 2276 inl‘ndisse:
2212 2218 2404 2289 163a
2450 2228 2505 2272 et
2542 2220 2593 2272 id
2628 2232 2799 2287 genus
2849 2214 3222 2282 alia.Quintns
3242 2213 3435 2268 deinde

1868 2312 2067 2365 mentis
2100 2312 2249 2365 velut
2276 2310 2755 2376 consultationem,
2788 2325 2907 2363 cum
2938 2324 3032 2361 sua
3064 2308 3231 2375 ipsius
3256 2306 3435 2359 anima

1870 2405 1945 2458 ita
1977 2403 2204 2468 inducit,
2234 2412 2292 2455 ut
2318 2417 2414 2455 nos
2444 2402 2593 2470 ipsos
2628 2412 2878 2454 auctores
2916 2415 3037 2454 esse
3066 2407 3433 2471 peccatorum,

1871 2509 1975 2548 non
2007 2508 2136 2547 vero
2167 2492 2219 2545 in
2241 2492 2375 2545 alios
2398 2495 2611 2559 culpam
2642 2490 3050 2553 conferendam,
3076 2490 3436 2542 demonstret.

1874 2585 2072 2639 Sextus
2096 2594 2276 2638 autem
2304 2582 2500 2651 dialogi
2559 2581 2729 2636 forma
2773 2583 3134 2648 conscriptus,
3163 2594 3271 2648 quo
3312 2592 3442 2631 cau-

1873 2677 2076 2732 sidicus
2109 2675 2325 2744 quidam
2362 2689 2483 2728 cum
2517 2671 2699 2727 Marco
2726 2673 2841 2739 ipso
2870 2672 3144 2727 disserens
3168 2670 3442 2726 inducitur

1874 2777 2217 2836 tractantque
2245 2767 2358 2821 haec
2388 2765 2500 2820 fere
2525 2767 2700 2834 capita
2734 2783 2747 2818 :
2781 2765 2883 2830 Qui
2917 2764 3166 2833 injuriam
3215 2778 3443 2831 accepe-

1873 2861 1969 2924 rit,
2010 2858 2197 2912 ulcisci
2251 2872 2357 2911 non
2392 2858 2611 2919 debere,
2662 2870 2760 2909 nec
2806 2857 2940 2908 adeo
2994 2855 3113 2907 illus
3161 2855 3441 2918 damnare,

1876 2949 1967 3019 qui
2016 2948 2269 3017 iniuriam
2308 2948 2558 3008 fecerint,
2587 2960 2708 2999 cum
2762 2958 3039 3011 poenarum
3084 2942 3443 3011 sitpotiusde

207 3041 292 3105 τὴν
311 3042 632 3113 προσευχὴν
670 3042 1017 3110 προτάττειν,
1082 3044 1177 3095 καὶ
1208 3042 1261 3095 τί
1288 3044 1405 3095 ἐστι
1456 3043 1518 3096 τὸ
1564 3042 1767 3110 θέλημα

1878 3044 2117 3114 peccatis
2173 3041 2380 3095 nostris
2426 3041 2720 3107 reputanda
2769 3035 3005 3099 exactio,
3052 3050 3172 3105 quae
3212 3034 3279 3089 ab
3325 3034 3446 3087 aliis

207 3132 295 3201 τῆς
320 3135 550 3203 σαρκός.
591 3134 650 3187 Ὀ
677 3134 733 3187 δὲ
758 3134 824 3199 ξ’,
859 3137 959 3188 ούκ
990 3137 1070 3198 εἰς
1091 3136 1159 3188 τά
1187 3136 1295 3189 τῶν
1326 3136 1586 3207 ῥημάτων
1618 3135 1767 3203 ἀμοι-

1879 3138 2037 3192 nobis
2068 3133 2373 3189 inferantur
2395 3132 2627 3201 injuriae.
2658 3129 2880 3184 Diiﬁcile
2897 3144 3111 3197 quoque
3132 3143 3254 3181 esse
3270 3128 3448 3180 homi-

210 3222 325 3277 ϐαῖα
345 3225 393 3257 ⁷⁸
451 3224 911 3295 διατυπούμενος,
946 3226 1073 3298 περὶ
1102 3226 1356 3297 νηστείας
1403 3225 1775 3295 διαλαμϐάνει.

217 3314 271 3368 Ὀ
298 3317 352 3370 δέ
379 3323 455 3387 η’,
507 3316 765 3387 Νικολάῳ
796 3316 904 3370 τινὶ
953 3317 1173 3388 μοναχῷ
1212 3320 1595 3388 γεγραμμένος
1618 3359 1632 3383 ,
1670 3319 1779 3372 τίσι

212 3407 431 3476 μάλιστα
480 3408 798 3474 κοιμίζεται
832 3409 879 3440 ⁷⁵
919 3409 1086 3480 θυμὸς
1114 3411 1210 3462 καὶ
1239 3410 1434 3479 ὁργὴῆ
1474 3409 1569 3461 καὶ
1598 3409 1780 3461 τέλεον

209 3503 582 3568 καταργεῖται,
610 3501 976 3564 ἀναδιδάσκει,
1010 3502 1105 3554 καί
1128 3502 1270 3553 τίσιν
1299 3503 1331 3570 ή
1366 3500 1597 3569 σαρκίνη
1654 3501 1779 3551 ἐπι-

213 3590 380 3660 θυμία.
405 3592 602 3646 Ταῦτα
638 3594 756 3663 μὲν,
787 3595 835 3646 εί
864 3592 958 3646 καὶ
984 3592 1125 3646 κατά
1158 3593 1218 3645 τὸ
1263 3593 1459 3663 μᾶλλον
1494 3592 1590 3645 καὶ
1622 3587 1782 3663 ἧττον

213 3681 441 3749 ἀλλήλων
472 3682 824 3752 διαφέροντα,
852 3682 1000 3751 ὅμως
1016 3682 1095 3743 εἰς
1119 3681 1215 3751 τὴν
1247 3681 1557 3753 πρακτικὴν
1626 3699 1782 3752 χειρ⁴

213 3776 405 3840 αγωγεῖ
436 3772 767 3842 φιλοσοφίαν
811 3772 881 3825 τά
907 3773 1051 3825 ὀκτὼ
1075 3772 1119 3803 ⁷⁸
1148 3773 1257 3825 τῶν
1286 3772 1502 3841 λογίων.
1537 3776 1597 3826 ’0
1625 3775 1681 3826 δὲ
1714 3774 1779 3838 θ’,

215 3866 340 3916 κατά
366 3864 847 3933 Μελχισεδεκιτῶν
906 3864 1327 3933 ἀγωνιζόμενος,
1359 3865 1509 3917 οὐδὲν
1564 3865 1785 3918 ἔλαττον

213 3954 292 4007 τὸν
311 3956 727 4025 γεννησάμενον
746 3954 908 4009 αὐτὸν
945 3954 1212 4025 αἰρέσεως
1242 3954 1423 4024 ἔνοχον
1457 3955 1518 4007 ού
1550 3972 1784 4024 μετριω-

215 4044 360 4114 τέρας
398 4045 744 4117 στηλιτεύειο
791 4044 931 4117 πλὴν
988 4044 1068 4114 τῷ
1117 4062 1182 4114 γε
1234 4045 1405 4116 θηρᾷν
1450 4046 1785 4115 πανταχόθεν

217 4137 478 4210 ἐφιεμένῳ
520 4140 583 4191 τὸ
630 4143 920 4209 χρήσιμον,
963 4138 1064 4191 ούκ
1095 4138 1392 4210 ἀσυντελὴς
1429 4138 1579 4209 αύτῷ
1605 4132 1784 4209 ούδἈή

218 4231 274 4281 ἐκ
310 4231 505 4285 τούτου
531 4230 838 4298 ἀνάγνωσις
881 4230 1058 4283 ἐσται.
1086 4229 1196 4300 Τὴν
1229 4229 1287 4282 δὲ
1334 4228 1443 4283 τῶν
1476 4230 1786 4301 εἰρημένων

216 4320 376 4388 λόγων
412 4323 577 4388 τάξιν
602 4322 662 4374 ού
695 4324 871 4376 πάντα
897 4323 966 4375 τά
986 4322 1297 4392 ἀντίγραφα
1346 4322 1446 4394 τὴν
1476 4324 1647 4395 αὐτὴν
1670 4323 1788 4376 δια-

219 4414 391 4479 σώζει,
418 4415 563 4469 ἀλλά
598 4414 714 4466 ἐνια
746 4414 846 4483 μὲν
862 4414 908 4446 ⁷⁷
936 4414 1248 4483 προτάττει,
1295 4412 1431 4466 ἄλλα
1464 4413 1520 4466 δὲ
1550 4413 1784 4466 ὑποτάτ-

1819 4462 1864 4517 Ι)

1879 3230 2040 3284 nibus
2074 3228 2311 3297 placere.
2351 3225 2724 3280 Precationem
2761 3222 2958 3277 dehinc
2988 3224 3294 3289 cuicunque
3322 3234 3446 3273 cor-

1879 3319 2052 3387 porali
2085 3317 2237 3387 operi
2287 3316 2448 3386 longo
2478 3329 2598 3369 esse
2642 3313 2929 3368 intervallo
2980 3307 3396 3379 prazponendam
3424 3322 3442 3359 :

1879 3425 1935 3470 et
1963 3429 2081 3483 qua:
2114 3413 2185 3466 sit
2216 3412 2449 3478 denique
2480 3408 2661 3462 carnis
2701 3407 2973 3459 voluntas.
3009 3401 3285 3470 Septimus
3316 3399 3452 3451 liber

1885 3507 2012 3581 [non
2046 3520 2141 3576 per
2182 3503 2454 3573 dialogum
2484 3497 2742 3571 scriptus]
2781 3500 2847 3550 de
2870 3494 3078 3565 jejunio
3113 3493 3246 3563 agit.
3278 3489 3444 3543 Octa—

1882 3616 1981 3654 vus
2030 3597 2246 3652 tandem
2289 3593 2511 3647 Nicolao
2554 3591 2767 3646 cuidam
2803 3586 3083 3655 unonacbo
3129 3582 3452 3649 inscriptus,

1887 3692 2083 3761 quibus
2108 3688 2450 3757 potissimum
2487 3684 2563 3736 ira
2596 3698 2658 3734 ac
2690 3682 2842 3734 furor
2875 3678 3041 3731 animi
3073 3675 3337 3745 scpiatur,
3369 3675 3450 3725 vel

1858 3782 2045 3861 etiam
2076 3782 2292 3849 penitus
2341 3777 2577 3837 tollatur,
2617 3782 2672 3826 et
2700 3772 2896 3840 quibus
2941 3768 3104 3823 etiam
3150 3765 3329 3820 carnis
3358 3778 3483 3850 ωι-ι

1884 3875 2200 3942 stinguatur
2232 3866 2695 3937 concupiscentia,
2720 3870 2930 3916 edocet.
2955 3859 3055 3927 Qui
3084 3858 3303 3928 quidem
3332 3864 3456 3910 octo

1860 3944 2038 4027 -libri,
2071 3964 2174 4020 etsi
2200 3963 2321 4033 plus
2350 3962 2595 4014 minusve
2633 3959 2740 4010 sint
2770 3957 2913 4009 inter
2943 3968 3002 4008 se
3023 3951 3244 4015 diversi,
3265 3962 3458 4002 omnes

1888 4069 2067 4113 tamen
2118 4057 2183 4111 ad
2230 4061 2551 4125 operantem
2598 4048 2920 4119 Sapientiam
2952 4043 3106 4115 quasi
3155 4056 3316 4096 manu
3353 4038 3461 4093 du-

1860 4159 2037 4217 cunt.
2065 4149 2312 4202 Accessit
2350 4155 2401 4199 et
2455 4156 2626 4197 nonus
2664 4140 2824 4203 liber,
2877 4152 2984 4207 quo
3027 4136 3152 4188 dum
3200 4132 3461 4185 adversus

1890 4239 2354 4296 Melchisedecitas
2408 4231 2519 4305 (87)
2562 4234 2854 4300 depugnat,
2908 4226 3074 4279 nihilo
3104 4221 3321 4276 interim
3351 4221 3459 4273 mi-

1891 4346 1990 4385 nus
2014 4330 2069 4385 in
2111 4328 2286 4397 ipsum
2328 4335 2607 4397 parentem
2643 4336 2823 4384 suum,
2873 4306 3098 4371 haeresis
3141 4313 3299 4382 liuius
3339 4311 3461 4364 labe

1891 4420 2342 4481 contaminatum,
2391 4418 2741 4470 vehementer
2784 4407 3057 4463 invehitur
3091 4421 3105 4458 :
3134 4403 3225 4472 qui
3276 4412 3457 4455 tamen

219 4522 291 4557 τει
320 4508 393 4571 ὣς
423 4523 552 4560 τινα
575 4506 669 4558 καὶ
701 4503 799 4577 τὴν
820 4505 1056 4575 ἐσχάτην
1077 4505 1191 4567 τοῖς
1217 4504 1456 4573 πρώτοις
1484 4504 1767 4575 ἀπονέμειι

1893 4516 2179 4568 utilitatem
2210 4510 2447 4579 undique
2484 4504 2814 4572 investigare
2849 4499 3144 4559 desideret,
3175 4494 3264 4547 ille
3299 4507 3365 4545 ne
3407 4491 3461 4543 in

220 4595 390 4667 χώραν
412 4599 485 4652 ⁷⁸.

1894 4605 1996 4658 hoc
2021 4603 2237 4670 quidem
2276 4598 2498 4668 legendo
2529 4608 2746 4663 operam
2774 4590 2940 4643 ludet.
2973 4587 3118 4643 Ordo
3161 4598 3291 4637 vero
3327 4582 3464 4635 isto-

222 4691 620 4745 rumlibrorum
655 4702 760 4742 non
791 4688 929 4743 idem
965 4687 1017 4741 in
1052 4686 1304 4742 omnibus
1334 4696 1418 4741 est
1449 4688 1766 4753 codicibus:
1807 4698 1911 4752 alia
1958 4698 2101 4752 enim
2141 4694 2362 4764 quidam
2436 4694 2798 4759 przeponunt,
2849 4683 2952 4734 alia
3040 4675 3357 4746 subjiciunt,
3408 4683 3467 4727 ut

223 4782 402 4851 primis
431 4781 602 4837 etiam
637 4780 803 4850 aliqui
828 4789 1131 4834 extremum
1171 4778 1415 4833 tribuant
1442 4780 1645 4839 locum.

912 4871 1034 4926 ΣΝ.

224 4966 509 5036 Διαδόχου
538 4964 806 5032 Φωτικῆς
839 4964 908 5017 ἐν
929 4963 1003 5030 τῇ
1019 4962 1245 5036 παλαιᾷ
1261 4964 1510 5032 Ἠπείρῳ
1540 4966 1787 5023 ἐπισκό-

287 5034 562 5105 ποιῖὃροι
598 5043 658 5090 ι’·
692 5036 792 5089 καὶ
818 5034 1117 5099 ἀσκητικὰ
1154 5036 1448 5102 κεφάλαια
1465 5042 1627 5103 p‘.—
1661 5038 1794 5091 Νεί-

284 5109 396 5160 λου
422 5107 698 5174 μοναχοῦ
720 5107 911 5173 Λόγος
946 5105 1016 5155 ἐν
1041 5105 1389 5171 κεφαλαίοις
1414 5111 1565 5174 pr)“.
1584 5136 1656 5145 -—
1681 5109 1793 5163 Καὶ

299 5176 581 5230 Ἰωάννου
606 5176 711 5228 τοῦ
739 5174 1079 5241 Καρπαθίου
1103 5178 1580 5241 Παρακλητικός.

291 5264 415 5336 [524
447 5264 544 5337 8.]
594 5265 929 5334 Ἀνεγνὼσθη
960 5264 1163 5333 βιϐλίον
1193 5268 1304 5329 τοῖς
1335 5266 1624 5334 ἑπομένοις
1686 5267 1787 5343 μὲν

2617 4858 2747 4917 CCI.

1888 4966 2150 5025 Diadochi
2206 4961 2443 5016 Photicw
2474 4958 2661 5013 veteris
2693 4952 2845 5022 Epiri
2890 4950 3065 5025 pepigit.
3115 4947 3462 5025 Deﬁnitiones

1960 5019 2083 5093 et
2118 5035 2308 5096 Capita
2352 5047 2401 5085 c.
2435 5058 2505 5069 ——
2540 5028 2653 5082 Nili
2684 5019 3041 5096 tttbnqd-ti‘pe
3087 5019 3327 5096 oratione
3380 5034 3473 5070 ca-

2103 5088 2253 5160 cttit.
2279 5132 2346 5143 —-
2365 5100 2590 5175 Joannis
2625 5092 2899 5162 Carpathii
2934 5088 3361 5145 Consolatorius.

1962 5263 2091 5333 Legi
2134 5260 2370 5315 libellum
2403 5255 2511 5327 (88)
2543 5254 2597 5308 in
2639 5267 2771 5323 quo,
2804 5259 2921 5320 post
2947 5247 3135 5302 decem
3182 5242 3470 5298 admodum

1489 5406 1722 5462 VARIE
1756 5400 2162 5461 LECTIONES.

296 5500 338 5529 "
375 5499 628 5565 γλῶσσαν
650 5516 731 5561 ςκ,
810 5498 855 5529 ὀ
887 5498 1022 5551 ἀλλὰ
1058 5498 1153 5550 καὶ
1203 5513 1349 5567 μσς·
1453 5497 1496 5527 ⁷¹
1532 5497 1630 5567 τῆς
1654 5500 1699 5550 δ’
1735 5501 1799 5551 ἐκ
1828 5516 1887 5561 ς-

233 5566 658 5636 ’δάμείϐοντας.
752 5568 797 5599 ’⁷⁵
826 5570 1128 5637 κοιμίζεται
1187 5566 1420 5637 μάλιστα
1475 5583 1533 5628 ς.

234 5635 337 5691 0m.
361 5642 425 5692 Α.
505 5638 549 5670 ⁷⁸
578 5648 698 5708 post
729 5635 925 5710 χώραν
971 5643 1021 5691 in
1053 5639 1096 5690 Α
1125 5635 1310 5691 versus
1339 5636 1372 5689 5
1408 5635 1583 5690 vacui.

1648 5571 1692 5600 ⁷⁸
1711 5570 1779 5622 τὰ
1803 5554 1947 5641 ὀκτὼ
2003 5554 2334 5632 τῶν’λόγίων
2368 5554 2490 5629 post
2518 5560 2668 5627 ὅμως
2692 5555 2841 5623 ponit
2862 5554 2927 5603 A.

2789 5481 2836 5513 "
2865 5474 3265 5548 ἐπιφερομένας
3301 5471 3472 5548 ,ἡμῖγς

1989 5498 2033 5527 ⁷¹
2087 5497 2111 5546 ἐ
2152 5491 2380 5563 αρίσατο
2437 5490 2569 5559 ἡμῖν
2618 5503 2679 5549 ς’.
2789 5490 2836 5513 ⁷⁸
2865 5490 3265 5548 ἐπιφερομένας
3316 5490 3472 5556 ημιν.

2003 5513 2334 5615 τῶνγλογίων
2369 5560 2490 5615 DnSl
2518 5560 2668 5615 ὅμως
2692 5555 2841 5615 ponit
2862 5554 2927 5603 A.
3022 5548 3064 5580 ⁷⁷
3095 5548 3192 5615 μὲν
3221 5543 3386 5598 e120.
3418 5537 3476 5590 οὲ

1750 5723 1980 5779 NOTAE.

304 5822 414 5889 (87)
444 5821 519 5875 De
546 5822 741 5890 quibus
788 5838 853 5875 ex
887 5829 1127 5875 veterum
1157 5820 1375 5890 scriptis
1404 5819 1556 5890 plura
1584 5817 1791 5875 cardiu.
1862 5856 1871 5859 -

239 5887 518 5960 Batonius,
550 5887 683 5950 tom.
709 5892 777 5960 ll,
807 5893 874 5949 ad
902 5907 1034 5948 ann.
1059 5887 1419 5949 Christi'196;

1981 5814 2092 5884 (88)
2125 5812 2458 5884 Etcxstatj
2497 5814 2713 5884 nostro.
2737 5800 2934 5884 Franc.
2970 5796 3237 5850 'l'urriano
3278 5791 3471 5847 Latine

1900 5872 2111 5953 versus,
2143 5892 2197 5938 ct
2222 5880 2365 5951 typis
2394 5873 2748 5934 Plautinianis
2771 5872 2899 5926 olim
2938 5881 3193 5923 excusas.
