3940 6456
589 436 691 503 671
1706 449 1973 510 ΡΗΟΤΙΙ
1999 449 2145 509 ΡΑΤῖ

2222 448 2506 509 'ARCH/E
2546 449 2656 510 CP.
3692 462 3778 525 δη

592 546 844 616 ιποωιηίἱ
904 547 1117 617 capita,
1154 555 1369 604 centum
1426 561 1728 620 sequuntur
1781 555 1925 619 alia,
1967 555 2148 624 quibus

2222 579 2240 616 ι
2262 555 2580 626 κεφαλαίοις
2597 561 2645 627 ρ’
2669 554 3126 627 ἀπαρτιζόμενον,
3150 554 3263 619 τοῖς
3291 556 3366 620 ὡς
3395 558 3440 591 τι
3467 560 3525 612 εν
3555 570 3778 639 προοιμίῳ

596 644 749 689 totus
773 634 1097 689 absolvitur.
1124 636 1341 690 Illorum
1370 637 1601 704 primunt
1626 638 1751 693 ﬁdei
1773 650 1858 695 est
1876 640 2152 696 deﬁnitio:

2259 648 2321 702 δὲ
2354 648 2445 702 τὸν
2483 647 2615 702 δέκα
2650 649 2749 719 οὐχ
2799 647 3244 719 ὑπερϐαίνουσιν,
3292 644 3368 702 ὧν
3420 651 3620 721 πρῶτόν
3664 634 3781 713 ἐστιν

592 724 902 796 Gonceptus
933 726 1234 800 [nimirum]
1266 729 1466 784 mentis
1498 730 1563 785 de
1591 730 1700 785 Deo
1727 729 2031 788 aﬁ‘ectionis
2060 748 2148 788 ex-

2260 739 2337 804 ὡς
2393 739 2607 811 πρῶτος
2679 741 2806 811 ὅρος
2857 740 2957 811 τῆς
3013 739 3251 802 πίστεως
3302 739 3478 795 ἔννοια
3527 746 3645 816 περὶ
3678 748 3781 805 Θεοῦ

592 829 740 884 pers.
776 814 1021 871 Alterum
1055 817 1178 871 dein
1205 816 1450 873 deﬁnitio
1473 820 1590 888 spei
1628 838 1641 874 :
1672 819 1933 890 Egressio
1962 823 2148 878 mentis

2261 830 2508 902 ἀπαθὴς,
2543 832 2588 903 β’
2620 832 2697 897 ὡς
2726 831 2979 904 δεύτερος
3007 833 3132 904 ὅρος
3187 833 3290 901 τῆς
3348 833 3553 901 ἐλπίδος
3599 814 3784 910 ἐπιδημία

594 908 665 962 ad
694 920 756 962 ea
818 924 941 977 quae
984 919 1292 979 sperantur.
1346 910 1613 977 Tertium,
1650 913 1926 981 patientiae
1969 914 2150 970 deﬁni-

2260 923 2358 977 τοῦ
2384 922 2477 977 νοῦ
2510 924 2649 995 πρὸς
2675 924 2745 979 τὰ
2777 924 3127 996 ἐλπιζόμενα,
3159 930 3209 993 γ’
3251 927 3377 996 ὄρος
3404 926 3501 997 τῆς
3525 908 3779 1000 ὑπομονῆς,

597 999 715 1055 tio:
754 1000 947 1056 Mentis
990 1003 1163 1057 oculis
1195 1001 1413 1077 [Deum]
1460 1004 1807 1073 invisibilem,
1844 1006 2072 1077 perinde
2099 1023 2153 1064 ac

2260 1015 2353 1069 τὸν
2380 1015 2610 1087 ἀόρατον
2657 1015 2734 1079 ὡς
2780 1016 2976 1087 ὁρατὸν
3027 1018 3241 1087 ὁρῶντα
3290 1020 3406 1081 τοῖς
3449 1020 3545 1087 τῆς
3592 999 3784 1089 διανοίας

596 1090 643 1144 si
670 1088 901 1144 visibilis
944 1100 1088 1145 esset
1128 1092 1410 1157 intuendo,
1449 1093 1523 1147 ita
1556 1094 1925 1151 indesinenter
1943 1098 2152 1154 durare.

2262 1106 2560 1177 ὀφθαλμοῖς
2582 1106 2939 1171 ἀδιαλείπτως
2965 1112 3273 1179 καρτερεῖν,
3319 1110 3362 1162 δ’
3393 1110 3516 1180 ὅρος
3543 1112 3632 1182 τῆς
3658 1088 3788 1183 seu;

595 1181 883 1249 Quartum,
919 1182 1161 1238 deﬁnitio
1195 1182 1501 1241 aﬁectionis
1540 1187 1762 1243 minime
1796 1203 1995 1244 avaraa.
2028 1188 2151 1244 Tam

2263 1196 2552 1268 αργυρίας,
2575 1195 2748 1261 οὕτως
2798 1196 2944 1265 ἔχειν
2988 1198 3051 1251 τὸ
3101 1198 3176 1270 μὴ
3210 1199 3353 1269 ἔχειν
3379 1199 3454 1263 ὡς
3482 1200 3612 1255 θέλει
3639 1181 3709 1267 τις
3745 1207 3790 1258 τὸ

597 1292 721 1333 esse
754 1276 1052 1330 animatum
1081 1276 1147 1331 ad
1178 1292 1286 1331 non
1320 1277 1625 1333 habendum
1650 1294 1812 1348 quam
1842 1280 1981 1335 alius
2011 1281 2153 1352 quis-

2265 1288 2430 1358 ἔχειν,
2462 1287 2501 1341 ε’
2528 1289 2656 1359 ὅρος
2677 1289 2779 1357 τῆς
2808 1288 3180 1357 ἐπιγνώσεως,
3210 1291 3427 1358 ἀγνοεῖν
3453 1292 3633 1345 ἑαυτὸν
3656 1295 3707 1347 έν
3721 1296 3779 1361 τῷ

596 1369 741 1438 piam
771 1368 838 1422 ad
875 1368 1203 1423 habendum.
1229 1368 1510 1435 Quintum,
1536 1370 1785 1425 deﬁnitio
1812 1372 2152 1442 cognitionis:

2266 1380 2525 1451 ἐκστῆναι
2555 1378 2683 1452 [270
2716 1378 2807 1451 11.]
2830 1379 2971 1450 Θεῷ,
3006 1380 3061 1446 ς’
3088 1382 3215 1449 ὄρος
3260 1380 3362 1448 τῆς
3417 1386 3790 1453 ταπεινοφροσύ-

603 1457 850 1527 Seipsum
889 1458 1119 1524 nescire,
1144 1469 1300 1514 extra
1327 1474 1386 1515 se
1419 1460 1651 1529 positum
1682 1460 1734 1515 in
1758 1461 1891 1516 Deo.
1920 1460 2159 1529 Sextum,

2266 1489 2387 1542 νης,
2416 1473 2553 1545 λήθη
2583 1472 2693 1526 τῶν
2716 1474 3170 1545 κατωρθωμένων
3195 1474 3490 1544 προσεχὴς,
3512 1474 3556 1538 ζ’
3590 1475 3697 1544 ὅρος
3716 1477 3791 1547 τῆς

600 1544 919 1600 humilitatis
938 1546 1178 1600 deﬁnitio
1202 1564 1217 1600 :
1244 1546 1509 1602 Cont-inua
1544 1546 1746 1602 oblivio
1773 1563 1995 1603 suorum
2019 1558 2156 1604 recte

2267 1544 2591 1635 άοργησίας,
2639 1544 2902 1634 ἐπιθυμία
2930 1566 3100 1634 πολλὴ
3131 1565 3225 1621 τοῦ
3275 1566 3351 1635 μὴ
3410 1565 3718 1636 ὀργίζεσθαι,
3757 1544 3793 1636 η’

600 1634 889 1690 factorum.
916 1635 1241 1705 Septimum,
1274 1635 1519 1691 deﬁnitio
1539 1637 1828 1693 vacuitatis
1850 1639 1944 1693 ira:
1968 1656 1981 1693 :
2010 1639 2156 1693 vehe-

2268 1634 2394 1724 ὅρος
2426 1634 2526 1724 τῆς
2550 1654 2794 1723 ἁγνείας,
2820 1655 3070 1724 αἷσθησις
3088 1654 3178 1708 ἀεὶ
3209 1634 3437 1723 κεκολλη
3600 1654 3669 1722 τῷ
3686 1634 3791 1724 Θεῷ,

602 1741 754 1781 mens
776 1727 1104 1782 desiderium
1139 1743 1243 1782 non
1280 1728 1569 1783 irascendi.
1594 1729 1880 1795 Octavum,
1914 1730 2158 1785 castimo-

2270 1739 2313 1792 θ’
2350 1740 2474 1810 ὅρος
2506 1742 2606 1811 τῆς
2638 1741 2877 1811 ἀγάπης,
2900 1741 3131 1813 αὔξησις
3159 1742 3343 1813 φιλίας
3363 1743 3495 1812 πρὸς
3525 1742 3651 1805 τοῦς
3676 1744 3792 1812 ὑϐρί-

600 1820 749 1873 niaa:
785 1817 991 1874 Sensus
1031 1834 1248 1887 semper
1283 1821 1389 1874 Deo
1434 1817 1643 1875 afﬁxus.
1704 1820 1937 1887 Nonum,
1979 1821 2156 1892 163!

2272 1828 2488 1893 ζοντας,
2523 1836 2553 1883 ι’
2592 1831 2718 1902 ὅρος
2748 1833 2849 1902 τῆς
2899 1833 3109 1899 τελείας
3156 1833 3514 1895 ἀλλοιώσεως,
3569 1836 3621 1886 ἐν
3652 1837 3792 1904 τρυφῇ

601 1913 884 1968 cbaritatis
918 1931 933 1969 :
971 1914 1184 1968 Amoris
1213 1915 1603 1969 incrementum
1634 1928 1763 1983 erga
1796 1928 1890 1969 eos
1934 1914 2024 1983 qui
2081 1914 2157 1967 in-

2268 1921 2403 1973 Θεοῦ
2433 1921 2610 1993 χαρὰν
2645 1924 2897 1992 ἡγεῖσθαι
2933 1924 2995 1977 τὸ
3025 1925 3254 1993 στυγνὸν
3280 1924 3377 1978 τοῦ
3413 1924 3651 1979 θανάτου.
3701 1926 3796 1979 Τού-

600 2002 800 2071 juriarn
834 2003 1092 2058 inferunt.
1124 2003 1426 2069 Decimum,
1454 2002 1706 2073 perfectae
1734 2004 2168 2059 immutationis:
2267 2030 2383 2077 τοις
2409 2011 2502 2069 οὖν
2533 2017 2647 2079 τοῖς
2674 2016 2808 2070 δέκα
2835 2017 2905 2069 τά
2936 2017 3130 2071 ἑκατὸν
3152 2017 3537 2071 ὑποτέτακται.
3569 2016 3668 2071 Καὶ
3683 2016 3785 2069 Em

604 2096 795 2152 Mortis
834 2099 1116 2153 horrorem
1154 2114 1252 2167 pro
1281 2097 1477 2168 gaudio
1504 2106 1755 2167 reputare
1780 2098 1833 2152 in
1882 2097 1983 2153 Dei
2027 2099 2160 2155 oble

2284 2098 2440 2169 οὗτος
2472 2106 2501 2158 ό
2530 2105 2687 2174 λόγος
2720 2107 2801 2169 είς
2833 2107 2894 2160 τὸ
2917 2106 3139 2181 ἄριστον
3174 2109 3288 2170 τοῖς
3321 2106 3657 2176 ἀσκουμένοις
3698 2125 3770 2175 συγ

606 2190 863 2244 ctatione.
892 2189 1087 2243 Decem
1138 2204 1266 2260 ergo
1314 2189 1464 2244 hisce
1515 2188 1917 2244 deﬁnitionibus
1960 2199 2162 2246 centun

2270 2193 2543 2265 κείμενος,
2570 2197 2663 2249 καὶ
2688 2199 2798 2261 τοῖς
2827 2199 2885 2251 ὲν
2937 2199 3129 2260 αὐταῖς
3156 2197 3673 2267 ὲγγεγυμνασμένοις
3711 2199 3797 2259 ταῖς

607 2279 699 2334 illa
738 2280 916 2348 capita
960 2279 1201 2347 subjecta
1245 2289 1392 2335 sunt.
1440 2279 1540 2334 llic
1584 2288 1763 2334 autem
1809 2280 1948 2334 liber
1988 2281 2055 2335 iis
2091 2282 2163 2336 vel

2273 2285 2630 2351 τελειοποιοῖς
2659 2288 2925 2359 πράξεσιν
2953 2289 3059 2343 οὐδ’
3081 2288 3290 2359 ἀσαφές
3310 2307 3364 2342 τι
3385 2288 3795 2359 ὲμπαρεχόμενος·

610 2371 852 2425 maxime
876 2371 1212 2437 commodus,
1236 2371 1327 2440 qui
1361 2387 1421 2427 se
1447 2370 1556 2444 [ad
1574 2370 1993 2444 perfectionem]
2021 2387 2166 2428 exer-

2279 2376 2313 2447 ὴ
2343 2376 2453 2447 γὰρ
2476 2377 2564 2432 διά
2596 2377 2794 2448 πείρας
2840 2379 3038 2448 γνῶσις
3075 2380 3318 2450 εὐχερῶς
3375 2379 3475 2448 τῆς
3500 2380 3545 2409 ⁸ο
3566 2378 3644 2431 διὰ
3663 2378 3794 2445 λόγων

612 2471 763 2520 cent,
792 2461 903 2516 imo
938 2468 995 2516 et
1036 2463 1125 2531 qui
1163 2463 1214 2516 in
1259 2462 1389 2532 ipsis
1431 2463 1734 2518 actionibus
1773 2463 2168 2533 perﬁcientibus

2278 2467 2589 2523 ὲπιϐατεύει
2613 2469 2981 2535 διδασκαλίας.
3013 2472 3233 2540 Πατέρα
3261 2470 3321 2524 δὲ
3345 2470 3440 2524 τοῦ
3482 2471 3628 2539 λόγου
3655 2470 3798 2522 Διάδο-

605 2552 716 2620 jam
746 2555 1026 2610 exercitati
1063 2563 1217 2622 sunt;
1264 2554 1397 2609 nihil
1430 2554 1644 2611 interim
1680 2554 1836 2623 paulo
1881 2555 2161 2613 obscurius

2284 2560 2440 2630 χονή
2475 2559 2756 2631 ἐπιγραφὴ
2802 2553 2975 2630 λέγει,
3002 2561 3253 2630 Φωτικῆς
3311 2561 3412 2631 τῆς
3453 2561 3510 2613 έν
3536 2563 3598 2631 τῇ
3642 2559 3799 2628 ἀλαιᾷ

612 2641 881 2711 aﬁ'erens;
918 2644 1145 2699 scientia
1177 2643 1322 2698 enim
1352 2658 1448 2712 per
1469 2643 1860 2713 experientiam
1887 2653 2165 2715 percepta,

1352 2658 1448 2712 per
1469 2643 1860 2713 experientiam
1887 2653 2165 2715 percepta,
2297 2648 2541 2720 Ἠπείρῳ
2577 2650 2893 2707 ἐπίσκοπον.

506 2812 513 2819 ἱ
612 2731 773 2787 facile
806 2749 866 2789 se
911 2734 1094 2789 verbis
1136 2733 1317 2788 doceri
1363 2732 1588 2802 patitur.
1645 2732 1938 2788 Auctorem
1996 2733 2115 2802 ejus
2140 2735 2429 2809 inscriptio
2484 2740 2601 2808 ipsa
2650 2740 2787 2797 facit
2843 2732 3201 2809 Diadochum,
3262 2742 3517 2797 Photices
3554 2741 3682 2796 illius
3715 2756 3802 2810 qua:

613 2834 699 2881 est
730 2826 786 2881 in
824 2835 1008 2880 vetere
1034 2824 1221 2895 Epiro,
1243 2825 1584 2896 episcopum.

685 2919 745 2974 In
775 2919 965 2975 eodem
1015 2919 1288 2975 volumine
1328 2920 1498 2975 lectus
1523 2920 1652 2975 item
1683 2930 1766 2976 est
1783 2919 1891 2975 Nili
1925 2922 2180 2978 monachi

2362 2922 2451 2975 Ἑν
2478 2919 2671 2991 ταυτῷ
2700 2920 2758 2974 δὲ
2786 2920 2968 2991 τεύχει
2996 2921 3090 2975 καὶ
3118 2921 3314 2975 Νείλου
3350 2920 3577 2992 μοναχοῦ
3624 2920 3753 2989 λόγον
3769 2924 3799 2953 ⁸¹

613 3010 749 3067 liber
790 3013 844 3067 in
888 3020 1103 3067 centum
1146 3011 1256 3083 (89)
1293 3019 1348 3067 et
1399 3012 1793 3083 quinquaginta
1844 3013 1949 3068 tria
2004 3014 2169 3082 capita

2295 3011 2559 3080 ἀνέγνων,
2598 3012 2744 3083 τρισὶ
2772 3013 2867 3065 καὶ
2890 3018 2933 3066 ν’
2980 3011 3075 3065 καὶ
3103 3019 3149 3085 ρ’
3206 3013 3520 3082 κεφαλαίοις
3548 3012 3801 3084 διαιρούμε-

615 3105 859 3161 divisus:
904 3104 1101 3174 quibus
1139 3104 1399 3173 precandi
1447 3103 1678 3160 formam
1714 3104 1799 3158 vir
1830 3104 1920 3159 ille
1970 3104 2171 3159 divinus

2282 3121 2373 3158 νον
2403 3105 2472 3157 ³⁸.
2510 3104 2615 3156 Τὸν
2667 3104 2768 3172 τῆς
2816 3104 3129 3175 προσευχῆς
3172 3104 3230 3157 δὲ
3282 3105 3342 3157 ὲν
3380 3103 3583 3166 τούτοις
3627 3106 3652 3157 ό
3693 3104 3799 3165 θεῖος

617 3198 886 3266 exposuit.
923 3195 1195 3251 Feruntur
1225 3194 1464 3262 ejusdem
1503 3204 1558 3250 et
1614 3196 1720 3250 alia
1757 3197 1985 3266 plurima
2044 3195 2173 3251 lectu

2284 3195 2424 3266 ἀνὴρ
2468 3194 2801 3249 ἀναπτύσσει
2828 3194 3021 3248 τύπον.
3056 3194 3232 3249 Πολλὰ
3275 3194 3334 3248 δὲ
3384 3194 3479 3248 καὶ
3534 3192 3655 3248 ἄλλα
3682 3192 3800 3245 αὐτοῦ

619 3289 784 3359 digna
813 3289 1013 3344 diversi
1042 3287 1621 3357 argnmentiopuscula
1652 3287 1788 3359 (90),
1821 3287 2020 3355 partim
2069 3287 2175 3356 epi-

2245 3328 2261 3382 ι
2291 3286 2561 3355 ἀξιόλογα,
2591 3286 2841 3349 ποικίλας
2880 3284 3166 3349 ὑποθέσεις
3200 3285 3629 3354 ὐποϐαλλόμενα,
3675 3282 3742 3345 είς
3763 3299 3801 3333 τε

619 3383 794 3447 stolae,
832 3381 1027 3451 partim
1059 3381 1304 3436 historia:
1326 3379 1500 3435 forma
1543 3382 1873 3453 conscripta,
1912 3398 2031 3452 qua:
2076 3398 2175 3437 non

2248 3376 2260 3382 ⁷
2292 3379 2382 3432 τὸν
2410 3377 2814 3448 έπιστολιμαῖον
2841 3378 3043 3449 τρόπον
3074 3379 3171 3431 καὶ
3215 3378 3298 3441 είς
3349 3376 3442 3430 τὸν
3486 3377 3530 3407 ⁸³
3562 3391 3804 3445 συγγραφι-

619 3492 845 3544 operum
898 3483 1107 3530 tantum
1147 3475 1539 3543 perfeCtionem
1580 3475 1867 3545 insignem,
1894 3476 1989 3531 sed
2026 3476 2080 3530 in
2113 3475 2175 3530 dit

2287 3469 2382 3523 κὺν
2410 3469 2688 3541 ἀνηγμένα
2714 3470 3069 3539 συντάγματα
3130 3468 3381 3539 φέρεται,
3411 3468 3509 3538 τήν
3536 3484 3590 3520 τε
3618 3468 3735 3519 κατὰ
3758 3465 3805 3516 τὰ

623 3570 795 3624 cendo
846 3584 1059 3638 quoque
1116 3567 1424 3622 facultatem
1471 3569 1586 3637 ejus
1631 3577 1922 3625 testantur.
1985 3569 2179 3624 Verum

2289 3560 2426 3632 ἔργα
2452 3560 2764 3631 τελειότητα
2794 3560 2889 3614 καὶ
2918 3561 3017 3633 τὴν
3045 3562 3103 3613 ἐν
3127 3559 3311 3627 λόγοις
3339 3558 3701 3631 μαρτυρόμενα
3733 3556 3802 3608 δύ·

624 3659 725 3714 clsi
764 3658 992 3714 diﬁ‘usus
1025 3673 1178 3726 aeque
1213 3657 1514 3712 Diadochus
1537 3674 1643 3712 non
1681 3667 1767 3713 est
1801 3697 1816 3722 ,
1853 3674 1973 3727 quas
2009 3666 2180 3713 tamen

2289 3671 2473 3723 ναμιν.
2515 3652 2660 3724 Πλὴν
2699 3653 2749 3705 εί
2775 3653 2870 3706 καὶ
2898 3652 2976 3723 μὴ
3000 3651 3267 3723 πολύχους
3295 3653 3496 3721 ὁμοίως
3525 3654 3551 3705 ό
3578 3650 3803 3717 Διάδοχος,

629 3751 699 3804 ab
731 3751 847 3819 ipso
878 3748 1187 3817 conscripta
1212 3756 1338 3802 sunt
1362 3758 1578 3803 centum
1606 3747 1808 3817 capita,
1842 3748 2044 3802 nullam
2067 3762 2185 3817 par-

2291 3745 2427 3799 ἀλλὰ
2452 3745 2521 3800 τά
2550 3762 2613 3813 γε
2646 3745 3119 3816 ἀναγεγραμμένα
3156 3743 3309 3815 αὐτῷ
3348 3744 3545 3798 ἑκατὸν
3594 3741 3804 3810 κεφάλαια

630 3853 738 3895 tem
785 3839 1043 3894 inferiore
1078 3841 1245 3909 gradu
1270 3838 1634 3903 collocantur,
1675 3853 1837 3908 quam
1875 3854 1998 3909 qua:
2030 3837 2186 3892 modo

2291 3837 2392 3890 οὐκ
2424 3839 2502 3900 εἰς
2534 3838 2792 3891 ἐλάττονα
2822 3837 3030 3907 βαθμὸν
3059 3837 3117 3889 ὲν
3151 3836 3420 3907 οὐδετέρῳ
3447 3836 3593 3907 μέρει
3620 3834 3711 3887 τῶν
3744 3831 3801 3881 εἱ-

627 3929 808 3985 retuli.
834 3928 967 3982 Nam
994 3937 1049 3983 et
1075 3929 1241 3984 dictio
1270 3930 1341 3983 ita
1356 3931 1656 3999 composita
1688 3937 1792 3994 est,
1811 3936 1870 3983 ut
1895 3928 2183 3999 reprehen-

2297 3928 2547 4000 ρημένων
2571 3927 2787 3999 τίθησιν
2817 3942 2835 3959 ·
2876 3928 2905 3981 ὃ
2931 3944 2990 3980 τε
3017 3928 3125 3995 γὰρ
3147 3926 3305 3995 λόγος
3333 3926 3480 3996 αὺτῷ
3508 3928 3585 3988 είς
3611 3923 3665 3976 τδ
3686 3920 3802 3990 ἀμὼ.

631 4023 682 4077 di
715 4028 969 4092 nequeat,
1006 4030 1062 4077 et
1100 4035 1294 4075 sensus
1325 4034 1390 4074 ex
1421 4021 1729 4075 actionibus
1764 4029 1944 4073 natam
1985 4019 2187 4087 sapien-

2297 4036 2468 4092 μητον
2507 4018 2814 4088 σύγκειται,
2849 4019 2943 4073 καὶ
2970 4021 2999 4072 ὸ
3038 4018 3162 4081 νοῦς
3189 4018 3289 4088 τὴν
3318 4018 3425 4072 ἀπὸ
3472 4016 3576 4070 τῶν
3607 4014 3803 4084 πράξεων

630 4113 759 4165 tiam
790 4109 1028 4180 praefert.
1064 4109 1330 4165 Caeterum
1363 4108 1534 4164 Marci
1579 4108 1776 4163 librum
1808 4123 1931 4163 cum
1964 4118 2186 4177 utraque

2298 4111 2488 4180 σοφίαν
2518 4110 2903 4181 προϐάλλεται.
2928 4108 3037 4164 Τοῦ
3063 4110 3247 4180 μέντοι
3270 4111 3502 4181 Μάρκου
3519 4109 3581 4162 δι’
3597 4106 3804 4173 ἑκατέρας

630 4204 815 4275 [quam
858 4200 992 4276 dixi]
1029 4204 1199 4258 forma
1241 4204 1550 4272 praecedat,
1591 4201 1788 4256 alicubi
1820 4202 2040 4269 insuper
2078 4215 2186 4255 sen-

2297 4200 2544 4273 προέχων
2582 4200 2743 4265 ἰδέας,
2770 4200 2864 4253 καὶ
2895 4199 3111 4269 ἐνιαχοῦ
3143 4201 3262 4262 ταῖς
3292 4198 3538 4268 γνώμαις
3578 4193 3804 4263 ἀντιφέρε-

632 4294 815 4349 tentiis
851 4294 1143 4349 antecellit.
1189 4293 1407 4349 Dederit
1433 4308 1561 4347 vero
1598 4304 1653 4348 et
1680 4292 1770 4347 ille
1803 4293 1870 4346 ad
1911 4292 2071 4345 ﬁnem
2104 4306 2188 4345 cu-

2295 4310 2408 4347 ται.
2458 4292 2583 4362 Δοίη
2629 4292 2672 4345 δ’
2730 4292 2797 4345 ἂν
2842 4293 2938 4345 καὶ
2989 4291 3151 4354 αὐτὸς
3198 4290 3372 4361 λαϐὴν
3408 4292 3518 4349 τοῖς
3561 4285 3806 4340 ἁδεκάστως

629 4385 823 4456 jusque
851 4385 1041 4453 capitis
1059 4400 1247 4440 ansam
1278 4386 1344 4440 iis
1360 4385 1451 4455 qui
1480 4386 1791 4454 incorrupte
1816 4385 2185 4455 pronuntiant,

2297 4382 2844 4454 ἀκριϐολογουμένοις
2875 4385 3013 4437 κατὰ
3035 4382 3097 4435 τὸ
3132 4382 3287 4445 τέλος
3346 4380 3443 4434 τοῦ
3496 4373 3749 4432 ὲκατοστοῦ
3774 4372 3805 4401 ⁸⁵

633 4476 775 4542 quod
811 4475 926 4530 sive
948 4477 1262 4531 accessione
1290 4474 1519 4544 alicujus
1548 4475 1903 4542 adulteratus,
1936 4474 2189 4530 sivealias

2299 4472 2616 4542 κεφαλαίου,
2646 4472 2758 4525 εἴτε
2808 4472 3128 4543 παρενθήκη
3162 4472 3307 4534 τινὸς
3356 4469 3700 4537 νοθευὸμενος,
3731 4462 3806 4513 εἴτε

634 4566 1062 4622 hallucinatione
1093 4567 1274 4633 aliqua
1305 4568 1563 4636 abreptus
1597 4566 1697 4621 ista
1729 4566 1946 4620 dixerit.
1988 4563 2190 4619 Vellem

2299 4564 2470 4627 ἄλλως
2491 4564 2598 4616 τινὶ
2618 4563 3015 4631 συναρπασθεὶς
3041 4562 3393 4633 παροράματι
3420 4562 3486 4592 δ”
3517 4560 3573 4612 τὸ
3600 4557 3691 4629 γάρ
3708 4551 3806 4605 κατὰ

635 4658 800 4724 enim,
846 4673 914 4713 ne
953 4672 1080 4713 vere
1109 4658 1431 4712 conﬁrmare
1477 4672 1713 4727 possem,
1746 4658 2053 4729 opinionem
2095 4655 2191 4711 sal-

2040 4673 2053 4710 ι
2095 4655 2205 4711 sal-
2234 4659 2279 4714 D
2305 4655 2462 4722 δόξαν
2489 4654 2691 4709 ἁλῶναι
2716 4653 2981 4725 εὐξαίμην
3012 4654 3077 4707 ἂν
3123 4654 3199 4725 μὴ
3228 4653 3596 4726 ἐπαληθεύειν.

638 4755 744 4801 tem
774 4749 892 4816 ejus
923 4750 1233 4815 damnatam
1260 4747 1451 4803 fuisse.
2749 4825 2752 4826 ν

712 4839 878 4897 Valde
923 4852 1103 4898 autem
1159 4842 1212 4897 in
1259 4842 1349 4909 iis,
1385 4857 1506 4912 qua:
1547 4842 1704 4911 paulo
1760 4851 1887 4894 ante
1928 4838 2195 4903 recensui,

2384 4833 2594 4903 Κρατεί
2621 4830 2666 4884 δ’
2694 4825 2788 4884 οῦν
2814 4831 2872 4883 ὲν
2892 4830 3004 4893 τοῖς
3032 4827 3137 4901 πρὸ
3159 4827 3341 4898 ὀλίγου
3361 4827 3651 4900 εἰρημένοις
3676 4818 3807 4883 πολλῷ

1857 4966 2093 5022 VARIIE
2129 4964 2535 5024 LECTIONES.

711 5085 758 5117 τ’
792 5084 868 5149 ὼς
922 5086 1045 5140 add.
1081 5086 1147 5140 A.
1219 5086 1267 5119 ⁸ο
1296 5086 1362 5155 τῇ
1385 5082 1676 5154 ἐμϐατεύει
1706 5081 2044 5155 ⁸διδασκαλία
2084 5100 2146 5146 ς.
2218 5080 2469 5155 μδίμλόγος
2510 5077 2825 5155 ἀνεγνώσθη
2844 5095 2903 5142 ς.
3016 5078 3062 5110 δ’
3088 5073 3463 5148 διαιρούμενος
3486 5092 3543 5139 ς.
3641 5069 3680 5101 ⁸⁸
3703 5064 3747 5119 τὸ
3764 5078 3804 5126 ς.

643 5156 691 5188 ³⁸⁵
720 5148 1036 5227 ἑκατοστοῦ]
1060 5163 1106 5227 ρ’
1159 5154 1207 5210 Α
1236 5172 1252 5211 :
1287 5148 1517 5209 ἑκάστου
1566 5172 1627 5218 ς.
1702 5152 1748 5185 ⁸⁸
1776 5148 2127 5224 παροράματι
2147 5149 2297 5205 ταῦτ’
2362 5150 2572 5220 εἴρηκε.
2604 5148 2665 5203 τὸ
2692 5166 2753 5214 ς’.

2147 5306 2382 5365 NOTAE.

731 5434 844 5506 (89)
881 5432 995 5506 1L8
1028 5430 1298 5506 duntaxat
1348 5426 1609 5484 exhibent
1643 5426 1770 5480 libri
1805 5422 2039 5493 evulgati
2086 5437 2116 5476 a
2148 5424 2211 5479 P.
2318 5425 2604 5506 stolarum,
2640 5441 2760 5506 quae
2800 5425 2852 5480 in
2884 5424 3051 5479 Italiae
3085 5408 3809 5506 bibliothecisuexstan‘tﬁﬂﬁc

653 5478 849 5560 Franci
881 5478 1298 5557 ﬁnale?”
1354 5478 1508 5484 ⁷η--
1527 5478 1565 5481 ﬂ
1595 5478 1607 5480 ﬁ
1646 5478 1767 5480 “ﬁ
1822 5478 1825 5479 ν
1932 5478 1961 5493 υ
2152 5478 2171 5479 Π
2200 5478 2205 5479 7
2317 5478 2851 5551 rio—sterr'l‘t'trrianus
2874 5478 3124 5550 recenset
3155 5494 3220 5546 ad
3242 5506 3397 5545 suum
3422 5487 3610 5543 Nilum.
3634 5478 3808 5560 Νὲφνίξο

727 5551 1238 5645 νῧξῦᾇᾟίῂξι
1270 5565 1632 5645 possidendo;
1670 5562 2211 5645 ξῖερὶηπροστασίας.
2315 5565 2410 5621 lib.
2441 5582 2552 5631 xuv,
2609 5566 2877 5645 cap.
2933 5565 3082 5618 addit
3116 5562 3202 5645 ad
3232 5562 3435 5645 (graecae
3476 5551 3811 5645 ξυρςξξξίξξοηξξ

657 5617 1597 5715 Dc\"piiilosojﬁtiauﬁliri'stiana,ﬁde
1617 5617 1780 5687 Ivirtu
1791 5617 1931 5713 tibus
1946 5642 2007 5714 _et
2024 5617 2211 5715 Vitiis';
2316 5617 3051 5715 sectalorci—scripsisse,et
3066 5631 3155 5715 ad“
3166 5631 3441 5715 Eulogium
3468 5617 3809 5715 quiatmjffﬁ'l

765 5687 1758 5783 Eélii‘piiii'i'line"§i'l2£Damnatam
1810 5703 1900 5783 qui
2029 5687 2216 5757 solitu;
2315 5687 3072 5783 impingas"dilaberentur
3095 5700 3224 5769 Nili,
3249 5687 3473 5757 forsitan
3486 5687 3591 5753 hon
3619 5687 3814 5761 ejusdem

660 5789 806 5849 dine,
840 5772 1005 5850 et'qui
1045 5785 1098 5835 in
1129 5780 1348 5853 civitate
1377 5777 1630 5853 degunt__;_
1656 5774 1730 5827 De
1756 5774 1899 5853 caede
2064 5788 2213 5853 ni‘ar-
2314 5785 2440 5831 sunt
2465 5772 2669 5832 omnia,

667 5842 845 5925 tyruin
870 5842 1253 5908 monachorum
1289 5850 1341 5904 in
1365 5842 1546 5903 monte
1577 5846 1726 5899 Sina.
1760 5842 1919 5897 Liber
1946 5843 2071 5898 itcnt
2092 5842 2217 5912 Epi-
