3940 6398
160 389 237 451 673
1007 375 1538 441 BIBLIOTHECA.
1574 404 1644 416 -
1672 379 1889 442 CODD.
1920 380 2093 456 CCI],
2123 382 2331 445 CCIII.

3240 395 3347 462 674

160 499 227 553 καὶ
258 487 464 545 Ἰωάννου
492 481 585 536 τοῦ
623 481 968 552 Καρπαθίου,
999 482 1060 546 ὃς
1112 485 1427 554 ἐπιγραφὴν
1488 484 1656 539 αὐτοῦ

1780 488 1923 540 etiam
1962 490 2240 544 antecellit
2278 490 2544 547 Joannem
2590 494 2704 565 (9i)
2755 496 2905 552 illum
2954 498 3337 573 Carpathium.

156 591 211 659 τῷ
238 582 469 649 πονήματι
496 574 676 627 δίδωσι
705 592 720 605 ·
753 575 908 641 Πρὸς
934 575 1082 641 τοὺς
1114 575 1233 630 ἀπὸ
1298 576 1412 646 τῆς
1454 576 1664 643 Ἰνδίας

1780 577 1861 646 qui
1889 578 2031 633 hunc
2058 581 2212 649 operi
2246 596 2347 637 suo
2386 585 2601 639 titulum
2634 586 2830 642 indidit
2867 608 2881 644 :
2922 589 3006 644 Ad
3032 590 3207 649 India:
3230 612 3347 649 mo-

154 674 527 751 προτρέψαντας
554 683 862 735 μοναχσυς
888 669 1364 737 παρακλητικός.
1399 668 1455 726 P’
1481 668 1539 723 δὲ
1560 669 1660 725 καὶ

1780 668 1987 732 tacitos,
2007 686 2161 739 quem
2192 672 2557 741 postularant,
2577 672 2999 734 Conaolatorius.
3020 680 3192 740 Porro
3216 700 3347 741 cen-

152 766 264 833 οὖτος
292 761 578 834 κεφαλαίοις
613 763 833 833 περαιοῖ
858 760 992 814 αὐτό
1019 760 1093 814 ac.

791 852 888 904 ΣΒ¹
896 895 911 910 .

160 951 452 1011 Ἱππολύτου
481 945 821 1018 ἐπισκόπου
856 946 954 999 καὶ
978 946 1283 1018 μάρτυρος
1311 950 1399 1015 εἰς
1417 947 1527 1003 τὸν
1551 949 1663 1002 Δα-

195 1024 309 1089 νιὴλ
342 1018 647 1087 ἑρμηνεία·
705 1016 808 1068 καὶ
853 1016 1229 1087 λόγος’περὶ
1258 1021 1520 1089 Χριστοῦ
1562 1019 1664 1074 καί

198 1091 580 1159 Ἀντιχρίστου.

197 1186 297 1258 [525
321 1182 404 1254 8.]
460 1180 804 1253 Ἀνεγνώσθη
855 1180 1171 1236 Ἱππολύτου
1218 1183 1516 1239 ἐπισκόπου
1566 1186 1662 1241 καὶ

153 1280 364 1350 μάρτυρος
389 1275 653 1344 ἑρμηνεία
686 1276 767 1336 είς
798 1272 890 1326 τδν
923 1275 1145 1345 Δανιήλ.
1175 1276 1333 1330 Κατά
1360 1277 1507 1344 λέξιν
1564 1279 1664 1349 μὲν

146 1370 188 1422 οὐ
208 1368 402 1419 ποιεῖται
425 1364 522 1434 τὴν
550 1365 871 1432 ἀνάπτυξιν,
889 1365 1029 1437 πλὴν
1058 1366 1149 1419 τὸν
1166 1364 1290 1420 νοῦν
1319 1384 1404 1436 γε,
1430 1369 1507 1430 ὡς
1530 1366 1662 1433 ἔπος

147 1462 293 1522 εἰπεῖν,
319 1456 372 1509 οὐ
402 1457 740 1526 παρατρέχει
771 1473 787 1489 '
820 1456 991 1511 πολλά
1025 1457 1212 1528 μέντοι
1253 1458 1665 1529 ἀρχαιοτρόπως

144 1554 211 1607 καὶ
236 1549 319 1602 οὐκ
348 1548 422 1609 είς
463 1547 529 1599 τὸ
578 1546 807 1618 ὕστερον
857 1548 1298 1619 διηκριϐωμένον
1349 1551 1663 1619 καταλέγει.

152 1644 253 1697 Ἀλλ’
270 1642 474 1696 ἐκείνων
518 1642 621 1695 οὐκ
664 1641 733 1695 ἂν
783 1643 872 1713 εἴη
919 1644 1130 1708 δίκαιος
1182 1644 1338 1713 λόγον
1394 1645 1661 1715 ὑπέχειν·

140 1736 231 1798 τοῖος
252 1734 344 1803 γὰρ
369 1731 544 1803 ἀρχὴν
574 1732 813 1804 Θεωρίας
857 1736 1368 1806 καταϐαλλομένους
1398 1736 1461 1790 ού
1497 1737 1543 1769 ⁸⁷
1582 1737 1664 1791 δί-

1760 770 1880 816 'tum
1915 770 1968 818 et
1998 762 2090 819 hic
2114 765 2384 836 capitibus
2416 766 2615 823 librum
2646 786 2803 825 suum
2835 773 3091 829 absolvit.

2482 858 2633 915 CCII.

1768 944 1924 1021 Beati
1954 948 2231 1021 Hippolyti
2294 951 2453 1019 episc.
2484 962 2531 1003 et
2554 962 2713 1008 mort.
2748 952 3125 1021 Interpretatio
3152 958 3348 1013 Danie-

1905 1020 1992 1087 lit,
2026 1033 2074 1076 et
2119 1020 2359 1076 Homilia
2383 1022 2450 1077 de
2476 1022 2688 1079 Christo
2741 1035 2790 1080 et
2812 1020 3163 1083 Antichristo.

1834 1177 1965 1250 Legi
1993 1177 2265 1251 Hippolyti
2290 1179 2403 1251 (92)
2428 1181 2665 1252 episcopi
2692 1196 2755 1237 ac
2796 1185 3051 1253 martyris
3074 1184 3345 1255 Interpre-

1767 1273 2021 1326 tationem
2043 1270 2283 1327 Danielis
2306 1289 2325 1335 ;
2351 1290 2511 1343 quem
2548 1276 2653 1330 etsi
2685 1277 2751 1331 ad
2784 1277 3007 1331 verbum
3046 1294 3152 1334 non
3175 1282 3349 1351 expli-

1766 1370 1877 1426 cat,
1912 1361 2117 1415 nullum
2150 1373 2331 1417 tamen
2368 1380 2615 1431 sensum,
2649 1375 2709 1420 ut
2741 1382 2928 1421 verum
2974 1369 3169 1435 dicam,
3203 1386 3345 1439 pra!-

1768 1454 2043 1509 termittit.
2067 1454 2332 1525 Pleraque
2362 1472 2524 1526 porro
2554 1458 2723 1514 veteri
2756 1475 2930 1525 more,
2960 1476 3067 1516 non
3112 1472 3169 1517 ut
3194 1473 3347 1532 post-

1766 1559 1829 1599 ea
1876 1545 2029 1601 fuere
2088 1548 2398 1602 accuratius
2418 1564 2671 1615 excussa,
2726 1562 2996 1618 recenset,
3033 1570 3345 1625 quanquam

1766 1652 1955 1692 eorum
1989 1638 2161 1706 ipsum
2209 1640 2439 1696 reddere
2489 1643 2757 1698 rationem
2810 1660 3023 1715 aequum
3083 1662 3188 1701 non
3239 1659 3344 1704 est.

1769 1727 1937 1783 Decet
1966 1730 2111 1783 enim
2141 1730 2210 1785 ab
2239 1732 2326 1795 iis,
2359 1734 2451 1802 qui
2475 1734 2686 1804 princip
2708 1735 2816 1789 ium
2842 1737 3087 1793 scientiae
3119 1739 3347 1811 alicujus

142 1844 212 1889 aa;
231 1827 451 1881 ἀπαιτεῖν
479 1825 594 1879 τῶν
627 1828 1000 1896 παρειμένων,
1034 1828 1148 1882 ἀλλ’
1174 1830 1401 1900 ἀγαπᾷν
1426 1829 1662 1899 μάλιστα

1780 1828 2100 1885 statuerunt,
2129 1838 2236 1876 non
2268 1839 2554 1894 reposcere
2570 1826 2836 1882 rationem
2862 1843 3050 1884 eorum
3077 1846 3196 1901 qua:
3212 1848 3349 1902 pra:-

138 1919 261 1989 αὐτῆς
282 1935 335 1972 τε
353 1918 447 1989 τῆς
490 1919 754 1991 ἐπιϐολῆς
780 1921 875 1973 καὶ
901 1922 986 1991 ἐφ’
1014 1921 1141 1973 ὅσον
1198 1920 1265 1974 ἂν
1296 1921 1663 1993 καταλήψεως

138 2010 215 2063 τῶν
248 2009 709 2081 διασκοπουμένων
786 2013 1125 2084 προχωροίη.
1173 2014 1247 2067 Τὸ
1298 2015 1354 2068 δὲ
1401 2016 1502 2087 τὴν
1569 2017 1665 2070 τοῦ

156 2104 452 2173 Δντιχρίστου
503 2104 834 2173 παρουσίαν.
886 2105 1007 2159 καθ’
1038 2107 1105 2176 ἢν
1134 2106 1231 2160 καὶ
1257 2109 1291 2177 ὴ
1314 2107 1408 2160 τοῦ
1470 2109 1669 2180 αίσθη-

139 2194 203 2247 τοῦ
226 2194 405 2264 κόσμου
437 2194 597 2249 τοῦδε
624 2198 907 2251 συντέλεια
943 2198 1181 2265 ἵσταται,
1220 2200 1353 2270 μηδὲ
1394 2203 1507 2265 τοῖς
1546 2218 1655 2271 μα-

139 2288 280 2357 θηταῖς
302 2286 574 2357 δεομένοις
604 2288 697 2342 τοῦ
726 2290 977 2361 Σωτῆρος
1023 2292 1498 2362 ἀποκαλύψαντος,
1550 2290 1670 2348 εἶτα

139 2377 269 2429 αὐτῶν
315 2378 517 2450 ταύτην
569 2382 948 2446 πεντακοσίοις
1000 2382 1121 2455 [‘271
1164 2383 1255 2456 [1.]
1321 2385 1496 2438 ἔτεσιν
1561 2387 1671 2441 ἀπὸ

138 2470 317 2541 Χριστοῦ
342 2472 656 2542 ὑπαχθέντα
688 2474 1155 2545 περιγράψασθαι,
1192 2477 1395 2531 ὡσανεὶ⁸
1428 2477 1537 2532 τῶν
1556 2479 1668 2532 ἀπδ

137 2563 308 2633 πρώτης
334 2562 425 2617 τοῦ
475 2565 691 2636 κόσμου
752 2567 1060 2637 καταϐολῆς
1100 2568 1481 2638 ἑξακισχιλίων
1533 2572 1671 2625 ἑτῶν

138 2655 548 2726 συντελουμένων,
578 2659 673 2710 καὶ
703 2658 803 2729 τὴν
838 2659 1086 2713 διάλυσιν
1144 2662 1310 2715 αὐτοῦ
1346 2664 1668 2730 ἐφεστάναι,

133 2750 349 2802 τοῦτοκαὶ
387 2750 735 2822 θερμοτέρας
767 2750 832 2805 ἂν
863 2753 949 2823 εἰη
984 2753 1079 2806 τοῦ
1112 2756 1489 2826 προσήκοντος
1532 2756 1671 2825 γνώ-

133 2858 228 2910 μης,
250 2841 333 2895 καὶ
356 2843 388 2912 ἡ
416 2842 700 2909 ἀπόφασις
734 2842 1086 2914 ἀνθρωπίνης
1109 2845 1356 2912 ἀγνοίας,
1398 2844 1513 2898 ἀλλ’
1570 2846 1672 2900 οὐκ

132 2934 361 2997 ἐπιπνοίας
387 2935 491 3005 τῆς
524 2935 734 2989 ἀνωθεν
772 2935 1062 3005 διελέγχει.
1107 2936 1175 2990 Ἦ
1207 2937 1265 2990 δὲ
1293 2938 1493 3008 φράσις
1523 2937 1672 3011 αὐτῷ

129 3026 172 3077 τὸ
198 3030 341 3094 σαφὲς
367 3028 447 3081 ὅτι
488 3027 729 3098 μάλιστα
759 3028 1108 3100 οἰκειουμένη
1136 3031 1339 3101 πρέποι
1391 3030 1459 3086 ἂν
1497 3032 1671 3103 ἑρμη-

1771 1914 2041 1967 terierunt
2074 1932 2086 1969 :
2131 1912 2329 1987 [64a
2386 1917 2483 1971 sed
2521 1928 2838 1974 contentum
2876 1938 2999 1978 esse
3037 1925 3219 1992 potius
3257 1941 3349 1982 co-

1768 2012 1901 2059 natu
1934 2004 2072 2073 ipso,
2098 2016 2155 2060 et
2177 2008 2246 2061 iis
2280 2023 2403 2076 quae
2430 2019 2699 2079 quatenus
2728 2011 2902 2076 licuit,
2931 2029 2961 2067 e
3000 2016 3351 2071 consideran-

1770 2096 1857 2150 dis
1883 2098 2124 2153 assecuti
2155 2107 2305 2155 sunt.
2337 2100 2630 2169 Caeterum,
2649 2105 2792 2172 quod
2816 2106 3136 2161 Antichristi
3156 2110 3351 2164 adven-

1771 2197 1884 2242 tum
1914 2188 2156 2260 (quando
2209 2192 2373 2247 etiam
2408 2196 2591 2249 mundi
2627 2195 2787 2264 hujus
2828 2199 3172 2267 aspectabilis
3210 2201 3350 2257 inte-

1771 2281 1909 2337 ritus
1949 2284 2228 2356 sequetur)
2264 2299 2424 2354 quem
2471 2303 2539 2342 ne
2575 2288 2861 2358 discipulis
2890 2291 3107 2360 quidem
3153 2309 3353 2363 rogan-

1772 2372 1916 2428 tibus
1948 2374 2316 2431 manifestavit
2366 2375 2644 2444 Christus,
2687 2377 3010 2450 Hippolytus
3056 2383 3143 2437 hic
3194 2384 3354 2453 quin—

1772 2465 2075 2533 gentesimo
2122 2476 2244 2536 post
2286 2466 2567 2523 Christum
2591 2485 2736 2525 anno
2758 2475 3034 2529 ascribere
3062 2490 3227 2530 ausus
3252 2478 3345 2538 sit,

1770 2553 1929 2623 quasi
1968 2569 1998 2607 a
2033 2556 2207 2624 prima
2234 2560 2416 2612 mundi
2444 2562 2831 2620 constitutione
2859 2581 2953 2619 sex
2986 2567 3227 2624 millibus
3254 2584 3352 2622 au-

1772 2660 1963 2699 norum
1989 2655 2102 2701 tum
2128 2648 2372 2705 decursis
2392 2652 2512 2721 ejus
2535 2653 2794 2710 interitus
2816 2657 3069 2721 instaret,
3094 2660 3198 2715 hoc
3222 2675 3353 2715 sane

1771 2740 2052 2798 calidioris
2077 2758 2239 2812 quam
2279 2760 2379 2814 par
2403 2746 2474 2800 sit
2524 2748 2686 2801 animi
2721 2758 2823 2804 est.
2865 2750 3059 2805 Verum
3084 2753 3199 2808 haec
3234 2752 3353 2824 ejus

1771 2833 2003 2887 assertio
2041 2834 2329 2888 humanam
2353 2837 2713 2906 ignorantiam
2735 2842 2938 2910 potius,
2963 2857 3123 2911 quam
3179 2845 3350 2900 caele-

1770 2933 1912 2979 stem
1942 2924 2180 2995 aliquam
2228 2928 2644 2996 inspirationem
2682 2933 2878 3002 arguit.
2909 2933 3094 2990 Genus
3130 2936 3250 3006 ejus
3270 2938 3354 2993 di-

1770 3017 1926 3070 cendi
1954 3018 2159 3073 clarum
2204 3020 2257 3074 in
2317 3022 2510 3091 primis
2547 3039 2612 3077 ac
2661 3027 3030 3095 perspicuum,
3089 3030 3356 3099 interpre-

130 3118 221 3189 νεὶᾳ
240 3119 304 3179 ⁸³,
329 3122 375 3173 εί
400 3120 499 3174 καὶ
532 3121 662 3183 τοὺς
696 3120 977 3185 Ἀττικοὺς
1023 3121 1083 3175 οὗ
1108 3140 1161 3175 τι
1190 3123 1335 3193 μάλα
1363 3123 1602 3194 θεσμοὺς
1619 3122 1667 3157 ⁸⁸

1780 3118 1879 3162 tem
1915 3113 2046 3166 satis
2097 3113 2273 3179 decet,
2300 3115 2402 3170 etsi
2441 3115 2653 3172 Atticas
2693 3133 2879 3174 revera
2898 3120 3042 3191 leges
3072 3121 3233 3178 valde
3260 3138 3349 3179 re-

130 3215 427 3268 δυσωπεῖται.

179 3305 576 3377 Συνανεγνώσθη
608 3305 774 3361 αὑτοῦ
824 3307 921 3361 καὶ
947 3307 1133 3379 ἕτερος
1162 3306 1322 3376 λόγος
1371 3306 1502 3379 περὶ
1537 3309 1675 3378 Χρι-

130 3394 227 3449 στοῦ
255 3399 338 3450 καὶ
392 3399 792 3470 Ἀντιχρίστου,
824 3402 882 3453 ὲν
914 3393 958 3470 ᾧ
987 3402 1021 3471 ἦ
1059 3418 1119 3454 τε
1170 3402 1308 3472 αὑτὴ
1345 3400 1456 3455 τῶν
1500 3401 1674 3469 λόγων

132 3486 215 3540 ἰδέα
236 3489 545 3559 διαπρέπει,
578 3493 672 3543 καὶ
715 3489 776 3543 τὸ
802 3490 911 3545 τῶν
957 3492 1249 3563 νοημάτων
1302 3492 1675 3564 ἁπλούστερον

130 3593 171 3629 τε
189 3580 264 3632 καί
292 3582 693 3653 ἁρχαιότροπον
708 3582 776 3636 ⁵⁸.

814 3676 932 3729 ΣΡ.

132 3761 221 3816 Τοῦ
268 3766 567 3838 μακαρίου
625 3764 1003 3838 Θεοδωρήτογυ
1066 3766 1409 3838 ἐπισκόπου
1479 3769 1678 3838 Κύρου

468 3837 761 3904 ἑρμηνεία
791 3838 879 3901 είς
909 3837 1017 3889 τὸν
1044 3837 1289 3905 Δανιὴλ.

180 3925 498 4000 ’Δνεγνὼσθη
530 3928 628 3981 τοῦ
663 3928 932 3999 μακαρίου
967 3928 1341 3999 Θεοδωρήτου,
1372 3930 1675 3983 ἐπισκόπου

125 4015 295 4087 Κύρου,
343 4020 674 4090 Ἐρμηνεία
723 4023 811 4087 εις
862 4021 971 4075 τὸν
1021 4022 1265 4089 Δανιὴλ.
1315 4024 1529 4095 Μακρῷ
1576 4027 1678 4095 μὲν

122 4102 246 4174 οὗτος
269 4113 297 4163 ὁ
326 4113 491 4180 σοφὸς
532 4112 673 4182 ἀνὴρ
700 4113 799 4183 οὐχ
854 4112 1171 4167 Ἱππολύτου
1207 4114 1390 4186 μόνον,
1419 4116 1557 4169 ἀλλὰ
1583 4117 1679 4171 καὶ

122 4200 297 4255 πολλῶν
332 4203 517 4256 ἀλλων
554 4206 620 4274 τῇ
647 4202 757 4257 τῶν
793 4204 1167 4275 προφητικῶν
1228 4209 1294 4278 ρη
1306 4207 1491 4275 μάτων
1539 4209 1674 4262 ἁνα-

124 4290 282 4354 πτύξει
312 4311 369 4345 τε
394 4294 496 4347 καὶ
534 4292 890 4365 διακαθάρσει
920 4299 1152 4366 κρατεῖ·
1183 4296 1300 4349 ἐστι
1326 4298 1382 4351 δὲ
1418 4298 1515 4369 τὴν
1538 4300 1678 4370 φρά-

122 4397 202 4447 σιν,
227 4384 373 4448 είτις
403 4386 591 4450 ἄλλος,
623 4387 941 4457 ἑρμηνείαις
966 4389 1215 4459 πρέπων,
1253 4390 1333 4459 τῷ
1357 4407 1419 4444 τε
1445 4392 1675 4463 καθαρῷ

121 4472 194 4521 καὶ
241 4472 464 4545 εύσήμῳ
530 4474 640 4528 τῶν
699 4476 962 4547 ῥημάτων
997 4479 1397 4532 ἀνακαλύπτων
1433 4481 1501 4533 τὰ
1549 4497 1675 4535 συν-

1692 3192 1735 3252 C
1768 3203 1971 3271 pudiat.

1843 3295 2099 3367 Legimus
2126 3314 2231 3353 una
2255 3298 2499 3367 ejusdem
2540 3300 2834 3358 Homiliam
2874 3304 2987 3377 (9'5)
3035 3309 3099 3362 de
3143 3308 3353 3364 Christo

1773 3395 1824 3441 et
1856 3389 2179 3443 Amic/tritta
2201 3407 2221 3445 :
2246 3392 2299 3445 in
2328 3407 2434 3460 qua
2458 3395 2647 3449 eadem
2676 3396 2887 3451 dicendi
2913 3397 3086 3453 forma
3112 3412 3351 3467 servata,

1774 3490 1832 3535 et
1858 3496 2120 3537 sensuum
2146 3484 2469 3554 simplicitas
2496 3486 2670 3557 major
2692 3496 2776 3544 est
2797 3504 2863 3545 ac
2893 3500 3155 3548 vetustas.

2570 3669 2661 3725 Ill.

2570 3669 2661 3725 ΙΙΙ.

1814 3754 2127 3812 Theodoreti
2162 3756 2407 3829 Cyrentis
2641 3760 3017 3834 Interpretatio
3057 3765 3319 3822 Danielis.

1850 3916 2101 3986 Legimus
2116 3915 2443 3973 Theodoreti
2455 3919 2696 3992 episcopi
2718 3922 2842 3992 Cyri
2858 3920 3354 3991 [interpretationem

1778 4005 2041 4062 Danielis.
2078 4008 2170 4063 Vir
2191 4024 2325 4065 sane
2341 4011 2553 4079 doctus,
2593 4029 2699 4068 non
2728 4013 3021 4085 llippolyto
3048 4020 3228 4086 modo,
3260 4034 3354 4074 ve-

1780 4115 1900 4153 rum
1943 4102 2105 4154 etiam
2156 4100 2280 4156 aliis
2330 4102 2515 4158 multis
2556 4106 2997 4176 proplieticorum
3042 4122 3352 4162 sermonum

1783 4193 2235 4263 interpretatione
2270 4205 2435 4266 atque
2461 4199 2845 4268 explanatione
2880 4200 3034 4270 longe
3056 4202 3349 4257 antecellit.

1783 4287 1957 4341 llictio
2007 4286 2125 4356 ejus
2173 4290 2616 4345 connuentationi
2692 4291 2759 4362 (si
2812 4291 3128 4363 cujusquam
3192 4294 3352 4365 alius)

1783 4380 2086 4447 aptissima.
2113 4379 2247 4434 Nam
2288 4391 2342 4435 et
2374 4384 2523 4451 puris
2558 4384 3008 4455 signantibusque
3046 4386 3225 4441 verbis
3254 4388 3351 4442 ab-

1784 4469 1896 4524 dita
1924 4486 2151 4540 quaeque
2174 4480 2231 4525 et
2259 4472 2492 4526 obscura
2527 4474 2755 4536 revelat,
2779 4475 3192 4543 etjucunditate
3220 4491 3355 4544 qua-

119 4566 456 4633 εσκιασμένα,
474 4566 573 4619 καὶ
598 4565 674 4636 τῷ
692 4567 963 4637 ἡδύνοντι,
991 4569 1084 4622 ἆτε
1100 4570 1164 4641 δὴ
1190 4570 1584 4638 διαγλυκαίνων
1609 4573 1672 4641 ⁹¹,

1784 4562 1909 4616 dam
1941 4564 2092 4632 quasi
2122 4564 2498 4632 delinimento,
2528 4566 2792 4635 suavique
2824 4566 3006 4637 lepore
3053 4568 3119 4621 ad
3165 4568 3249 4622 sui
3285 4569 3354 4623 le-

120 4653 535 4729 προθυμοτέρους
568 4660 702 4729 πρὸς
730 4658 828 4731 τὴν
866 4662 1173 4729 ἀνάγνωσιν
1214 4665 1677 4735 παρασκευάζων,

119 4746 191 4797 καὶ
211 4747 272 4819 δὴ
304 4750 350 4781 ν’
388 4752 486 4804 καὶ
518 4750 596 4821 τῷ
620 4752 759 4824 πρὸς
794 4754 1071 4825 μηδεμίαν
1101 4756 1379 4826 ἐκτροπὴν
1409 4756 1505 4809 καλ⁸
1534 4776 1679 4828 παρ-

117 4835 309 4891 έκϐασιν
370 4842 752 4912 ἀποφέρεσθαι
816 4845 911 4897 τοῦ
970 4846 1336 4916 προκειμένου
1398 4847 1560 4917 κόρον
1618 4865 1678 4901 τε

115 4928 499 5003 ἀραιρούμενος
524 4935 730 5002 πάντα,
776 4936 872 4991 καὶ
897 4938 997 5007 τὴν
1034 4939 1273 5011 μάθησιν
1322 4938 1431 4991 τῶν
1481 4940 1678 5010 ζητου-

118 5024 268 5088 μένων
294 5027 612 5099 ἀσύγχυτόν
634 5046 695 5081 τε
733 5032 840 5097 ικαὶ
889 5030 1311 5085 ἀδιασκέδαστον
1348 5032 1440 5085 καὶ
1481 5031 1680 5102 εὐχερῆ

112 5117 204 5179 τοῖς
229 5119 654 5192 ἀναλεγομένοις
683 5121 850 5176 αὐτοῦ
884 5123 931 5156 ’⁸
961 5123 1053 5177 τὸν
1084 5125 1244 5178 πόνον
1271 5124 1539 5195 ἐμποιῶν.
1561 5125 1671 5178 Kal

112 5207 292 5276 ἠλέεις
320 5211 378 5265 δὲ
422 5213 573 5285 αὐτῷ
596 5215 689 5268 καί
714 5216 748 5285 ἡ
790 5215 1035 5288 συνθήκη
1065 5219 1165 5288 τῆς
1224 5217 1477 5291 Ἀττικῆς
1512 5218 1671 5288 εὐγε-

112 5298 239 5364 νείας
259 5302 320 5355 ού
346 5303 547 5372 φεύγει
576 5304 675 5368 τάς
700 5306 889 5373 γονὰς,
914 5305 1057 5379 πλὴν
1085 5308 1139 5361 εί
1166 5324 1221 5360 τι
1250 5308 1671 5380 περιεργότερον
1734 5364 1735 5367 η

1776 4653 2013 4708 ctionem
2047 4654 2255 4707 invitat.
2288 4653 2429 4720 Quin
2484 4665 2539 4711 et
2586 4672 2651 4712 ex
2691 4672 2755 4711 eo
2799 4660 2940 4727 quod
2992 4660 3057 4712 ad
3100 4660 3355 4730 ambages

1777 4743 1951 4799 nullas
1989 4745 2459 4815 digressionesque
2495 4763 2523 4801 a
2565 4750 2839 4817 proposito
2869 4758 3185 4819 argumento
3202 4764 3354 4806 rece—

1783 4836 1899 4901 dat,
1928 4836 2236 4890 satietatem
2272 4852 2379 4891 non
2419 4839 2579 4892 modo
2612 4840 2813 4893 nullam
2848 4839 3026 4906 allcrt,
3052 4841 3147 4895 sed
3181 4856 3241 4895 ea
3265 4841 3351 4895 in-

1776 4943 1963 4998 super,
2000 4944 2119 4999 quae
2145 4928 2199 4982 in
2234 4928 2455 4983 dubium
2495 4942 2783 4998 vocantur,
2815 4933 2934 4987 sine
2970 4933 3077 4986 ulla
3106 4934 3185 4987 vel
3221 4948 3352 4987 con-

1778 5021 1992 5076 fusione
2017 5021 2101 5075 vel
2139 5020 2498 5089 dissipatione
2534 5022 2712 5086 facile,
2740 5032 2794 5077 et
2830 5024 3112 5078 commoda
3138 5024 3351 5079 ratione

1778 5114 2009 5170 lectores
2059 5126 2189 5167 suos
2242 5112 2419 5166 docet.
2480 5110 2680 5167 Vocum
2734 5113 2860 5169 item
2912 5115 3033 5185 ejus
3082 5114 3348 5179 delectus,

1778 5218 1944 5277 atque
1976 5207 2090 5275 ipsa
2114 5203 2436 5273 compositio
2478 5206 2545 5259 ab
2588 5206 2784 5262 Attica:
2812 5206 3098 5278 elegantiae
3142 5207 3349 5279 origine

1780 5318 1888 5360 non
1939 5297 2165 5369 refugit,
2203 5295 2309 5363 nisi
2348 5297 2479 5367 quid
2513 5297 2656 5353 forte
2696 5300 2965 5355 curiosius
2994 5299 3103 5355 illic
3150 5313 3350 5356 occur-

1346 5399 1575 5455 VARIIE
1616 5396 2023 5457 LECTIONES.
2168 5434 2174 5441 .
3100 5444 3106 5448 .

194 5484 237 5567 ξι
264 5496 389 5553 post
448 5490 672 5567 abe6_in
732 5509 925 5567 versus
979 5494 1135 5567 vacui
1184 5494 1215 5546 7
1241 5495 1363 5565 1/9.,
1388 5495 1441 5549 in
1468 5497 1509 5551 (ι
1549 5498 1735 5552 21/2.
1810 5498 1853 5530 ετ
1884 5493 1970 5567 οὐ]
2012 5493 2164 5567 deest
2192 5492 2295 5567 est.
2368 5492 2413 5526 ⁸⁸
2444 5491 2969 5567 aeneia—053A
3008 5511 3021 5545 =
3056 5487 3351 5567 ἑρμηνείςις

106 5577 165 5587 --
186 5554 295 5608 ὄντι

111 5620 177 5676 A:
207 5620 383 5680 αὐτοῦί
404 5646 472 5693 ς.

359 5576 422 5635 ς.
502 5562 548 5596 ⁸ο
581 5562 815 5635 θερμοὺς
842 5582 903 5629 ς.
979 5566 1024 5597 ⁸ο
1056 5560 1457 5638 ἀρχαιοτροπον
1481 5583 1593 5624 om.
1629 5585 1713 5639 pl.
1743 5569 1803 5625 (Ξ.
1856 5568 1899 5601 ⁹¹
1919 5560 2355 5635 δῐαγλυκαίνοντι
2410 5560 2487 5628 ς(
2516 5560 2589 5594 ’⁸³
2611 5560 2744 5633 δὴήΛ
2772 5583 2785 5619 ί
2820 5565 2924 5634 μὴν
2965 5580 3027 5628 ς.
3101 5561 3146 5594 ⁸³
3177 5560 3348 5629 αὐτῆς

1604 5702 1841 5762 NOTAE.

170 5785 275 5863 (9t)
328 5788 505 5863 llujus
560 5793 694 5863 Περὶ
729 5792 1019 5863 ἀσκήσεως
1066 5804 1283 5849 exstare
1326 5794 1574 5853 teruntur
1608 5795 1663 5853 in

111 5852 271 5926 Italia,
312 5870 369 5917 et
398 5852 726 5921 bibliotheca
765 5852 932 5934 lleéia
960 5852 1016 5920 et
1044 5866 1385 5936 Augustana.

1471 5932 1509 5958 οἳ

1844 5794 1961 5868 (99:)
1990 5795 2135 5868 Yideﬁ
2162 5796 2222 5850 Β.
2244 5798 2556 5868 Ilieronym.
2588 5800 2640 5851 in
2672 5797 2847 5853 Catal.
2880 5813 2999 5867 cap.
3024 5797 3115 5852 61.

1850 5866 1966 5937 ’93)
1996 5866 2071 5921 Ea
2099 5867 2285 5925 Graiae
2323 5877 2378 5924 et
2400 5866 2593 5924 Latine
2628 5866 3009 5943 typisjulga’ta
3032 5874 3243 5924 exstat.
