3940 6408
633 354 739 419 675
1763 354 2027 416 ΡΗΟΤΙΙ
2066 354 2189 414 PA']

2243 352 2571 415 UARCH/E
2603 356 2717 417 CP.
3721 373 3799 444 576

630 474 739 526 rat,
769 462 913 531 quod
948 463 1072 533 quis
1109 461 1401 516 multorum
1435 462 1659 518 auribus
1706 464 1982 518 insolitum
2028 463 2186 518 di'cat.

2245 462 2275 521 ι
2298 462 2469 533 αὐτῆς
2502 465 2619 518 ἐστι
2644 465 2738 518 καὶ
2767 465 2869 535 τῆς
2894 465 2969 529 ὡς
3000 466 3165 536 φάναι
3193 465 3398 522 πολλῶν
3452 471 3606 545 ἀκοῆς
3648 479 3801 540 ἀνακε-

632 552 747 606 lloc
775 563 1007 615 constat.
1056 554 1190 609 nihil
1237 569 1385 619 eum,
1442 556 1585 624 quod
1625 555 1693 610 ad
1741 554 2188 629 interpretandun

2310 555 2595 626 χωρηκός·
2632 557 2788 609 τοῦτο
2818 557 2896 622 δὲ,
2938 558 3019 610 ὅτι
3071 556 3206 628 μηδὲ
3262 558 3529 630 προσῆκον
3570 567 3801 645 ἑρμηνείᾳ,

634 644 815 710 iaciat,
838 646 1129 713 declinare,
1156 649 1401 718 adeoque
1426 647 1481 701 in
1509 661 1779 701 summum
1808 646 2050 701 evasisse
2078 646 2190 713 opti

2306 646 2612 701 ἀποκλίνει.
2644 647 2757 701 Καὶ
2788 648 2925 711 ὅλως
2947 649 2994 681 ⁸⁸
3034 650 3115 711 είς
3143 648 3202 702 τὸ
3227 648 3443 719 ἄριστόν
3470 653 3576 709 ἐστι
3624 660 3713 724 τῷν
3738 644 3805 730 ἐξ.

631 752 869 803 morum
914 736 1269 805 interpretum
1325 738 1560 802 culmen,
1590 746 1648 790 ut
1680 752 1784 790 non
1818 735 1975 789 facile
2002 736 2078 790 sis
2106 734 2187 790 alii

2305 736 2529 807 ηγητῶν
2552 738 2645 790 καὶ
2689 739 2789 791 οὐκ
2821 738 2944 809 ἐχον
2966 740 3011 771 ³⁵
3042 738 3238 810 ῥαδίως
3289 739 3380 792 τὸν
3416 742 3621 813 ἄμεινον
3661 750 3807 807 διασα.

632 846 797 897 quem
837 841 1175 900 reperturus,
1208 832 1299 901 qui
1332 833 1429 886 illo
1453 832 1645 887 melius
1685 833 1917 887 obscura
1947 832 2183 901 eXplicet

2306 829 2511 898 φοῦντα
2555 832 2881 903 ἀνηγμένος.
2946 832 3103 886 Ἔστι
3156 832 3255 903 μὲν
3305 835 3413 904 γὰρ
3448 839 3536 890 καὶ
3574 841 3728 908 ἄλλοις
3762 852 3808 901 τὸ

630 919 771 975 Sunt
802 923 1021 991 quidem
1056 933 1113 978 et
1139 922 1229 977 alii
1267 939 1401 993 pure
1433 924 1735 993 loquentes,
1782 925 1871 993 qui
1910 925 2186 995 proposita

2305 924 2565 996 καθαρῶς
2612 927 2786 979 εἰπεῖν
2838 926 2933 980 καὶ
2964 926 3277 997 ἀνιχνεῦσαι
3302 926 3394 980 τὸν
3426 928 3544 981 νοῦν
3570 932 3667 985 τῶν
3703 937 3809 991 θεωε

628 1029 747 1068 rum
774 1014 878 1068 sibi
905 1030 1095 1070 rerum
1127 1030 1345 1071 sensum
1374 1017 1521 1071 haud
1557 1017 1796 1085 segniter
1826 1017 2152 1088 investigent

2306 1013 2608 1087 ρουμένων·
2661 1015 2722 1068 τὸ
2758 1014 2804 1069 δ’
2835 1015 2950 1086 ἄμα
2994 1031 3055 1067 τε
3091 1015 3498 1083 σαφῶς-εἰπεῖν
3555 1020 3641 1072 καὶ
3680 1025 3809 1095 μηδὲν

628 1116 686 1160 at
723 1106 886 1161 simul
930 1116 985 1162 et
1020 1108 1305 1177 perspicue
1347 1110 1550 1172 dicere,
1591 1119 1646 1164 et
1684 1109 1816 1164 nihil
1852 1110 2069 1166 interim
2113 1126 2184 1165 co

2303 1107 2412 1160 τῶν
2440 1106 2756 1175 ἀναγκαίων
2806 1109 2864 1162 ὲν
2895 1106 2973 1177 τῷ
3029 1106 3279 1178 συντόμῳ
3333 1107 3665 1177 παραλιπεῖν,
3708 1102 3810 1185 μηδὲ

627 1198 778 1265 gnitu
822 1200 1192 1255 necessarium
1219 1200 1324 1271 (vel
1360 1202 1642 1256 brevitatis
1666 1201 1849 1273 causa)
1872 1204 2183 1272 praetermit'

2302 1198 2440 1267 πρὸς
2489 1198 2762 1269 ὲκδρομάς
2804 1199 2838 1271 ἢ
2886 1199 3257 1261 ἐπιδεικτικὰς
3300 1200 3488 1265 σοφίας
3512 1201 3627 1271 ’⁸,ἥ

626 1298 783 1354 tere;
826 1304 930 1343 non
980 1290 1109 1345 item
1174 1291 1241 1344 ad
1315 1291 1656 1353 diverticula,
1706 1292 1789 1347 vel
1840 1294 1905 1346 ad
1941 1293 2182 1347 doctrina

2303 1289 2403 1359 μὲν
2432 1290 2533 1343 οὐκ
2562 1291 2893 1361 ἀχρήστους,
2926 1289 3351 1361 παρασυρούσας
3374 1291 3418 1322 ³⁷
3448 1290 3503 1345 δὲ
3521 1292 3607 1345 τοῦ
3634 1311 3810 1366 προκει-

626 1382 1046 1436 ostentationem
1076 1382 1281 1452 digredi
1326 1382 1453 1449 (nisi
1484 1385 1601 1440 haec
1631 1383 1878 1450 forsitan,
1926 1401 2035 1440 non
2083 1385 2182 1439 sint

2302 1380 2485 1449 μένου,
2521 1382 2596 1451 μὴ
2640 1381 2872 1445 ἀπιδεῖν,
2902 1382 2957 1435 εἰ
2983 1399 3089 1434 τινι
3136 1380 3279 1452 ἄλλῳ
3312 1381 3379 1442 ’⁸,
3411 1383 3501 1435 καὶ
3523 1382 3595 1453 τῷ
3640 1388 3811 1457 χρηστῷ

625 1471 883 1538 utilitate,
924 1473 1004 1527 sic
1035 1475 1420 1540 adhibeantur,
1452 1485 1510 1530 ut
1538 1476 1739 1545 percipi
1773 1488 2026 1547 nequeat,
2054 1492 2181 1547 quoc

2298 1469 2629 1541 Θεοδωρήτῳ
2658 1469 2834 1525 ἔνεστι
2893 1470 3407 1540 διεσπουδασμένον,
3464 1471 3560 1525 οὐκ
3606 1475 3659 1525 ὲν
3680 1475 3813 1547 ταύτῃ

622 1572 654 1610 a
695 1574 754 1613 re
801 1561 1079 1629 proposita
1104 1560 1457 1633 discedatur),
1491 1563 1685 1635 16411
1749 1564 1853 1618 hoc
1893 1574 2041 1619 certe
2088 1580 2178 1633 pra

2301 1562 2459 1632 μόνον
2480 1564 2547 1632 τῇ
2589 1563 2962 1634 πραγματείᾳ,
2991 1562 3127 1616 ἀλλά
3157 1580 3220 1631 γε
3242 1563 3289 1595 θ’
3324 1564 3517 1633 μικροῦ
3550 1564 3644 1618 δέω
3684 1568 3811 1634 φάναι

623 1650 837 1705 caeteris
858 1652 1020 1707 rebus
1040 1654 1292 1708 omnibus
1322 1670 1353 1707 a
1392 1655 1537 1709 bono
1569 1655 1923 1711 Theodoreto
1956 1658 2179 1711 studiose

2300 1655 2395 1708 καὶ
2424 1656 2483 1705 ἐν
2513 1654 2717 1719 πάσαις
2746 1685 2814 1695 -
2836 1655 3030 1709 πολλαὶ
3053 1655 3111 1707 δὲ
3141 1648 3301 1709 αὗται
3333 1684 3405 1696 -
3434 1658 3491 1709 ὲν
3522 1650 3603 1720 αἷς
3641 1657 3733 1711 τῶν
3754 1660 3810 1711 ἱε-

623 1752 870 1795 curatum
914 1752 1018 1808 est,
1054 1759 1158 1799 non
1206 1745 1263 1798 in
1309 1744 1414 1801 hoc
1473 1746 1650 1801 solum
1704 1762 1891 1817 opere,
1933 1748 2032 1803 sed
2080 1746 2179 1803 fert

2303 1743 2410 1813 ρῶν
2451 1744 2798 1816 Γραμμάτων
2828 1746 2977 1817 αὐτῷ
3024 1748 3058 1817 ἡ
3106 1746 3433 1816 διασάφησις
3486 1746 3812 1815 φιλοπονεῐταιε

622 1832 850 1887 diierim
881 1834 935 1888 in
967 1835 1215 1890 omnibus
1262 1834 1380 1903 eius
1417 1838 1664 1907 scriptis,
1700 1815 1819 1909 quae
1866 1841 2030 1892 multa
2066 1853 2178 1893 sant

2256 1817 2271 1872 ι
2305 1837 2457 1889 Ἐστι
2499 1815 2623 1908 μὲν
2649 1834 2743 1892 οὖν
2804 1839 2864 1893 ὲν
3018 1815 3149 1910 περὶ
3198 1840 3290 1893 τὸν
3335 1815 3619 1893 θεσπέσιον
3659 1842 3812 1911 Δανιὴλ

619 1923 865 1992 reliquit,
902 1926 1354 1995 quibus_sacram
1396 1925 1737 1998 Scripturam
1793 1927 2055 1983 industria
2100 1943 2175 1983 sn:

2296 1929 2595 1996 ἀναπτύξει
2625 1933 2747 1985 κατ’
2781 1931 2898 1985 ἔνια
2926 1932 3005 2004 τῷ
3037 1935 3276 2004 μάρτυρι
3308 1933 3699 2005 συμφερόμενος
3732 1934 3813 1986 Ἰπ-

620 2012 852 2068 miriﬁce
881 2014 1192 2069 illustravit.
1221 2014 1390 2085 Igitur
1431 2016 1486 2071 in
1528 2015 1802 2085 aliquibus
1844 2016 2064 2085 quidem
2116 2018 2172 2071 ill

2295 2021 2540 2093 πολύτῳ·
2573 2022 2744 2077 πλείω
2773 2023 2831 2077 δὲ
2859 2026 2999 2096 πρὸς
3048 2024 3085 2080 ἀ
3118 2025 3347 2097 φέρεται
3373 2024 3471 2098 τὴν
3534 2025 3722 2097 ἑτέραν,
3758 2018 3812 2078 ὧν

618 2109 673 2163 in
704 2111 804 2164 hac
844 2108 1011 2165 divini
1047 2109 1286 2166 Danielis
1337 2113 1678 2182 expositione
1716 2128 1839 2167 cum
1892 2112 2174 2185 Hippolytt

1518 2113 1678 2168 itione
1716 2128 1839 2167 cum
1892 2112 2191 2185 Hippolyto
2294 2112 2364 2167 τά
2390 2114 2795 2188 ἐπιφανέστερα
2824 2116 2997 2171 ταῦτα
3035 2117 3074 2173 ³.

617 2210 859 2271 martyre
891 2202 1170 2265 convenit,
1209 2202 1305 2256 sed
1340 2204 1493 2273 plura
1561 2204 1615 2256 in
1669 2203 1868 2272 quibus
1895 2205 2145 2260 dissentit
2174 2223 2188 2259 :

617 2306 847 2360 quormn
888 2293 1001 2348 haec
1028 2292 1326 2349 illustriora
1353 2295 1695 2367 sunt‘“(94).

1343 2386 1491 2441 :ClV.
2884 2380 2899 2441 Ῐ

2884 2380 3011 2441 [826
3046 2380 3137 2441 1H
3171 2380 3283 2435 ΣΝ.

616 2472 869 2542 Ejusdem
907 2386 1609 2549 0ctateuchi_ex::sli‘t’io,et
1659 2477 1727 2531 In
1761 2477 1924 2533 libros
1983 2477 2172 2549 Regum

2907 2380 3011 2437 826
3046 2381 3109 2435 Β.
3171 2380 3284 2435 ΣΝ.

2291 2470 2406 2526 Τοῦ
2427 2471 2615 2549 αὑτοῦ
2653 2475 2742 2549 εἰς
2786 2380 3369 2549 τὴὲᾪκτιὶέευχονη
3395 2488 3494 2525 και
3537 2469 3639 2537 τὰς
3677 2473 3816 2523 Βασι-

1139 2561 1200 2597 ac
1227 2542 1663 2614 Paralipomena.
2062 2542 2084 2549 ⁷
2574 2543 2695 2596 λεία

2062 2542 2084 2549 ⁷
2574 2543 2764 2609 λείαις,
2793 2545 2893 2597 καὶ
2924 2542 2996 2596 τὰ
3027 2544 3535 2611 Παραλειπόμενα.

684 2634 813 2705 Legi
842 2635 1085 2706 ejusdem
1113 2637 1280 2691 divini
1322 2638 1421 2691 viri
1449 2639 1887 2707 explanationem
1927 2641 2185 2697 Octateu-

2368 2634 2706 2706 Ἀνεγνώσθη
2739 2636 2759 2665 ³
2798 2634 2894 2688 τοῦ
2948 2634 3112 2688 αὑτοῦ
3169 2634 3445 2705 μακαρίου
3496 2634 3517 2665 ³
3547 2631 3717 2701 ἀνδρὸς
3753 2632 3817 2695 ἐξ·

614 2728 727 2791 clii,
766 2734 885 2797 Quae
929 2730 1341 2798 inscriptionem
1381 2742 1529 2785 certe
1581 2733 1733 2801 operi
1774 2736 1990 2803 egregie
2048 2751 2170 2790 con-

2284 2728 2479 2797 ήγησις
2506 2728 2528 2759 ⁸
2561 2730 2641 2792 εἰς
2673 2728 2770 2798 τὴν
2795 2727 3173 2796 Ὀκτάτευχον.
3219 2724 3562 2795 Ἐπιγραφὴν
3592 2725 3629 2774 δ’
3652 2724 3777 2792 ἔλαχε
3804 2728 3816 2756 ³

611 2829 890 2888 gruentetn
934 2832 1089 2875 nacta
1131 2830 1234 2886 est,
1272 2820 1340 2876 In
1397 2824 1643 2891 impedita
1680 2841 1846 2879 sacra:
1891 2827 2167 2895 Scriptura

2285 2816 2685 2885 συμϐαίνουσαν
2716 2817 2794 2887 τῷ
2824 2816 3004 2889 ἔργῳο
3041 2819 3145 2881 Εἰς
3174 2817 3245 2869 τὰ
3266 2816 3467 2883 ἄπορα
3518 2816 3619 2883 γὰρ
3655 2830 3820 2883 χρημαι

609 2914 729 2965 loca
761 2912 896 2982 (95);
941 2914 991 2966 in
1019 2914 1214 2982 quibus
1235 2914 1368 2968 etad
1394 2913 1559 2969 libros
1577 2914 1780 2985 Regum
1812 2931 1877 2972 ac
1905 2916 2165 2987 Paralipo-

2279 2912 2417 2974 τίξει
2433 2912 2544 2980 τῆς
2562 2911 2821 2981 Τραφῆς
2842 2912 2953 2981 (95)
2976 2928 2989 2941 ⁸
3011 2914 3069 2965 ὲν
3096 2906 3177 2975 οἷς
3199 2913 3430 2965 ἐστικαὶ
3454 2913 3531 2973 εἰς
3552 2910 3615 2962 τὰ
3632 2910 3724 2961 τῶν
3738 2908 3815 2959 Ba-

578 3019 790 3058 .mena.
840 3004 1191 3059 Utilissimum
1240 3006 1292 3058 in
1337 3006 1527 3073 primis
1573 3005 1678 3061 hoc
1728 3023 1887 3078 opus,
1928 3010 2134 3078 qnodqu

2282 3003 2497 3056 σιλειῶν
2531 3004 2622 3057 καὶ
2652 3005 2732 3067 είς
2758 3004 2826 3056 τὰ
2853 3003 3330 3074 Παραλειπόμενα.
3393 3004 3665 3073 Χρήσιμον
3685 3000 3722 3053 δ’
3770 3001 3810 3060 ἒς

610 3113 733 3150 cum
775 3096 906 3164 ipsis
930 3096 1083 3165 quasi
1124 3097 1463 3151 naturalibus
1510 3099 1757 3167 parentis
1805 3114 1925 3154 mox
1962 3101 2166 3167 genium

2279 3095 2349 3147 τὰ
2379 3096 2611 3165 μάλιστα
2641 3097 2701 3149 τὸ
2741 3096 2962 3166 βιϐλίον,
3001 3096 3091 3148 καὶ
3113 3097 3303 3158 αὐταῖς
3335 3098 3522 3164 γοναῖς
3547 3098 3651 3156 τοῖς
3674 3095 3817 3157 ἐντυγ-

610 3189 875 3243 lectorum
909 3190 1081 3244 oculis
1104 3190 1375 3256 subjiciat.
1408 3188 1784 3259 Praeterquam
1823 3201 2002 3245 autem
2036 3207 2166 3260 quoc

2288 3188 2511 3257 χάνουσι
2556 3186 2619 3239 τὸ
2647 3185 2867 3257 γνήσιον
2903 3185 3349 3256 ἐπιδεικνύμενον
3379 3186 3579 3239 αὐτίκα
3624 3184 3707 3237 τοῦ
3751 3200 3820 3251 γε·

608 3281 699 3334 hic
737 3293 998 3335 consueta
1045 3282 1146 3350 ipsi
1186 3281 1398 3336 dicendi
1434 3283 1605 3335 forma
1650 3284 1865 3352 egregie
1910 3283 2120 3337 eluceat

2288 3278 2635 3348 γεννηκὸτος.
2666 3279 2777 3345 Τῆς
2806 3278 2864 3331 δὲ
2908 3278 3172 3348 συνήθους
3206 3277 3358 3347 αὐτῷ
3390 3278 3531 3341 ἰδέας
3552 3278 3820 3345 διαπρεπού-

580 3426 587 3435 ,
608 3373 771 3426 habet
787 3388 1000 3443 quoque
1024 3374 1089 3445 (si
1112 3373 1178 3427 ad
1205 3373 1461 3443 majorem
1486 3372 1936 3443 perspicuitatem
1958 3384 2015 3428 et
2038 3390 2136 3429 con

2290 3387 2407 3441 σης,
2438 3369 2551 3439 ἔχει
2579 3387 2633 3422 τι
2681 3370 2817 3438 πρὸς
2848 3370 2910 3423 τὸ
2940 3369 3272 3439 σαφέστερον
3297 3370 3438 3441 ὁρᾷν
3479 3370 3573 3422 καὶ
3625 3362 3818 3421 cititati-

608 3466 976 3533 prehendendi
1011 3466 1329 3520 facilitatem
1376 3466 1661 3536 respicias)
1688 3482 1811 3521 cum
1847 3466 1991 3520 aliud
2021 3467 2164 3535 quod

2287 3460 2491 3530 ληπτον
2516 3461 2610 3514 καὶ
2648 3460 2839 3532 ἓτερον
2864 3460 3265 3530 πλεονέκτημα,
3294 3461 3395 3514 καὶ
3421 3461 3482 3513 τὸ
3512 3461 3583 3523 ὡς
3611 3461 3664 3512 ὲν
3687 3476 3818 3525 κεφα-

606 3560 728 3612 dam
754 3558 1119 3624 commodum,
1165 3569 1276 3611 tum
1320 3559 1463 3628 quod
1516 3559 1568 3613 in
1618 3574 1827 3614 summa
1881 3560 2046 3614 veluti
2088 3576 2162 3614 ca-

2285 3552 2421 3624 λαίῳ
2448 3554 2589 3606 κατά
2620 3553 2683 3605 τὸ
2714 3553 3093 3624 ἀπορούμενον
3121 3553 3219 3607 καὶ
3276 3552 3634 3624 ὲπιλυόμενον
3664 3550 3718 3604 τὸ
3756 3549 3817 3618 ﬁt.

604 3652 717 3720 pita
761 3665 857 3721 per
890 3651 1219 3720 quaestiones
1259 3650 1668 3720 solutionesque
1716 3651 1852 3706 liber
1890 3651 2160 3706 distinctu:

1381 3650 1668 3720 tionesque
1716 3651 1852 3706 liber
1890 3651 2179 3707 distinctus
2284 3644 2432 3697 6λίον
2474 3643 2931 3698 διατετυπῶσθαι.

603 3743 696 3796 sit.

1298 3832 1455 3889 CCV.
2986 3831 3114 3885 EE'.

1058 3925 1209 3981 Idem
1232 3928 1285 3981 in
1310 3943 1383 3981 xu
1410 3928 1717 3997 Prophetas.
2460 3920 2572 3975 Τοῦ
2592 3939 2614 3974 e

2460 3920 2572 3975 Τοῦ
2592 3920 2779 3975 αὐτοῦ
2802 3921 2901 3988 Εἰς
2930 3922 3074 3988 τοὺς
3096 3921 3330 3977 δώδεκα
3352 3920 3678 3991 προφήτας.

673 4016 928 4088 Legimus
962 4017 1201 4086 ejusdem
1258 4019 1316 4071 in
1357 4020 1631 4072 duodecim
1673 4021 1952 4089 prophetas
1983 4019 2170 4074 eadem

2354 4010 2483 4083 [Q72
2540 4010 2633 4085 ll.]
2686 4013 3022 4083 Ἀνεγνὼσθη
3077 4013 3171 4066 τοῦ
3225 4014 3395 4067 αὑτοῦ
3430 4016 3537 4080 Εἰς
3592 4012 3720 4076 τοὺς
3759 4009 3819 4072 ιβ

600 4110 859 4165 dictionis
926 4124 993 4164 ac
1040 4112 1323 4165 sententia:
1382 4119 1662 4166 venustate
1730 4113 2052 4166 adornatum
2106 4111 2156 4166 li«

2277 4104 2589 4172 προφήτας
2636 4108 2694 4158 ἐν
2743 4109 2809 4177 τῇ
2838 4106 2974 4177 αὑτῇ
3016 4106 3124 4160 τῶν
3149 4106 3323 4175 λόγων
3350 4106 3588 4178 καλλονῇ
3618 4106 3704 4159 καὶ
3738 4102 3813 4171 τῆς

600 4202 781 4255 brum.
2274 4194 2509 4259 διανοίας
2541 4196 2993 4267 διεσκευασμένον
3017 4198 3057 4251 ⁸.

1301 4293 1476 4350 CCVI.

2981 4284 3113 4352 Σζῖ.

599 4384 854 4451 Procopii
903 4388 1150 4455 sophistae
1180 4388 1388 4444 Scholia
1419 4392 1913 4445 commentariorum
1958 4391 2014 4445 in
2061 4390 2155 4446 0c-

2272 4377 2627 4459 Hpoxorft'os:
2657 4378 2954 4459 σοςρισῖοῦ
2982 4380 3070 4459 είς
3112 4376 3701 4459 τῂνηὊκζάτειίχον,
3742 4369 3815 4459 ξςὶ

651 4441 974 4525 tateuchum;
993 4469 1042 4512 et
1063 4441 1132 4513 in
1162 4441 1553 4530 librrosilieﬁgum
1579 4441 2126 4531 ucVVPVa—rulvipon'tena'.‘
2194 4509 2207 4569 Ι

2319 4441 2415 4504 ⁷τὰ
2436 4449 2556 4503 τῶν
2583 4441 2915 4503 Βασιλειῶν
2974 4441 3072 4501 καὶ
3110 4441 3183 4502 τὰ
3217 4441 3708 4516 Παραλειπόμενα
3740 4441 3814 4503 ἐξ·

2338 4519 2615 4591 ηγητικαὶ
2647 4519 2902 4587 σχολαί.

668 4617 844 4673 Lecta:
873 4628 998 4673 sunt
1034 4617 1283 4688 Procopii
1325 4618 1585 4687 sophista:
1609 4617 1818 4673 SChOlt‘B
1842 4630 2165 4673 commenta-

2346 4609 2800 4680 Ἀνεγνὼσθησαν
2854 4606 3172 4678 Προκοπίου
3217 4608 3485 4675 σοφιστοῦ
3556 4605 3816 4701 Ἐξηγηῖι·

598 4707 795 4759 riorum
832 4707 887 4759 in
936 4705 1316 4761 Octaleuchum
1378 4708 1574 4762 Veteris
1622 4705 1942 4762 Testamenti
1967 4751 1981 4774 ,
2018 4717 2067 4761 et
2108 4710 2154 4762 in

2262 4704 2362 4759 καὶ
2397 4701 2621 4771 σχολαὶ
2660 4701 2751 4766 εἷς
2780 4717 2842 4753 τε
2857 4700 2973 4767 τὴν
3010 4699 3416 4769 Ὀκτάτευχον
3448 4699 3569 4753 τῶν
3586 4699 3818 4752 Παλαιὰν·

595 4798 772 4868 Regna
803 4816 863 4851 ac
907 4797 1345 4869 Paratipomena.
1380 4799 1614 4855 Diffusus
1644 4809 1823 4856 autem
1870 4811 1953 4855 est
1995 4802 2151 4855 inter-

2260 4791 2630 4865 Γραμμὰτων
2659 4792 2757 4845 καὶ
2791 4793 2877 4853 εἰς
2897 4790 3004 4856 τὰς
3035 4792 3364 4857 Βασιλείας
3404 4790 3509 4845 καί
3554 4790 3627 4856 δὴ
3654 4785 3737 4840 καί
3761 4782 3816 4835 τὰ

595 4904 720 4959 pres
767 4891 852 4945 liic
900 4900 1063 4961 atque
1115 4892 1408 4960 prolixus:
1450 4907 1553 4946 non
1594 4892 1812 4961 quidem
1846 4901 2151 4960 propterea,

2260 4886 2774 4956 Ιιαραλειπόμενα.
2806 4884 3077 4955 Πολύχους
3106 4885 3205 4956 μὲν
3230 4877 3391 4949 οὗτος
3422 4884 3521 4938 καὶ
3543 4882 3816 4948 πολύστιχος

595 4983 738 5051 quod
767 4982 820 5037 in
852 4998 1303 5053 supervacaneas,
1333 4998 1560 5054 quaeque
1596 4983 1663 5039 ad
1698 4996 1811 5037 rem
1834 4981 1964 5036 nihil
1988 4982 2151 5051 perti-

2262 4983 2287 5035 ὅ
2324 4978 2616 5049 ἐξηγητὴς,
2662 4977 2816 5048 πλὴν
2862 4978 2966 5031 οὐκ
3007 4978 3089 5041 εἰς
3129 4978 3400 5050 περιττάς
3452 4994 3606 5041 τινας
3642 4973 3725 5028 καὶ
3751 4969 3818 5033 ἐξ.

1866 5076 2101 5131 νΛιίΙιέΕ
2132 5075 2417 5133 LECTION
2428 5074 2530 5128 ES.

662 5168 935 5247 “761mg.
1010 5169 1411 5247 ⁹⁸Ᾰὶ1ιτίῌξχωνη
1470 5169 1517 5203 ⁹⁶
1547 5169 1736 5247 σοφίας
1757 5173 1953 5240 χωρεῖν
1975 5172 2109 5247 ῆῤ-
2149 5171 2462 5247 ἀχρήστους
2512 5169 2686 5219 ποιεῖν
2736 5183 2870 5246 παρ.
2920 5183 2981 5229 ς’.
3106 5165 3153 5197 ’⁷
3184 5164 3609 5247 παρασρροντας
3638 5164 3815 5247 ᾼ..

597 5240 897 5312 ρασύροντα
928 5258 988 5303 ς.
1064 5241 1111 5271 ⁸⁸
1136 5257 1187 5292 τι
1218 5238 1363 5295 ἄλλο.
1397 5238 1919 5321 ἐσπουδασμένονής.
1973 5241 2039 5321 7"
2064 5257 2126 5309 γε
2149 5238 2371 5295 οὖᾶίΑ.
2447 5239 2464 5269 ⁸
2530 5248 2653 5305 post
2695 5238 2866 5289 ταῦτα
2923 5250 3110 5289 versus
3149 5239 3302 5289 vacui
3366 5238 3423 5289 in
3460 5238 3506 5288 Α
3535 5245 3591 5290 et
3620 5238 3817 5285 sinistrae

597 5312 852 5365 columna.-
880 5312 949 5363 54
983 5310 1124 5376 1/2:
1160 5320 1215 5364 et
1235 5314 1438 5365 dextrae
1466 5313 1817 5376 onines(t.'e.
1847 5310 1938 5375 58)
1974 5326 2022 5362 ιιι
2053 5312 2094 5365 C
2131 5312 2185 5366 4.
2261 5313 2281 5343 ¹
2302 5311 2512 5376 ἀνέγνω
2538 5309 2631 5363 A-
2679 5307 2700 5338 ³
2728 5304 3061 5376 μακαρίουΑ
3096 5320 3110 5358 :
3139 5304 3434 5359 θεσπεσίου
3468 5323 3530 5370 ς.
3603 5306 3625 5337 ⁵
3650 5301 3819 5372 ἐξηγή-

591 5310 852 5365 columna:
880 5312 949 5363 54
983 5310 1124 5379 1/2:
1160 5320 1215 5364 et
1235 5314 1438 5365 dextrae
1466 5310 1817 5378 onmes(i.'e.
1847 5310 1938 5375 58)
1973 5310 2022 5362 in
2053 5312 2094 5365 Ο
2131 5312 2185 5366 4.
2261 5313 2281 5343 ¹
2302 5311 2512 5376 ἀνέγνω
2538 5310 2631 5363 A-
2679 5310 2700 5338 ³
2728 5310 3061 5376 μακαρίουΑ
3096 5320 3110 5358 :
3139 5310 3434 5359 θεσπεσίου
3468 5323 3530 5370 ς.
3603 5310 3625 5337 ⁵
3650 5310 3756 5372 ﬁt):

593 5396 705 5444 σεις
733 5382 797 5435 Α.
873 5380 894 5412 ⁸
917 5380 1105 5449 ἔλαχεν
1128 5381 1187 5433 οὺ
1220 5382 1387 5449 συμό.
1444 5380 1745 5434 Fabricius.
1818 5382 1838 5411 ‘
1868 5380 2320 5450 διεσκευασμένον
2366 5378 2575 5449 βιϐλίον
2612 5394 2671 5441 ς’.

2107 5468 2341 5524 NOTAE.

662 5566 775 5641 (94)
807 5565 1225 5641 Desiderariliic
1254 5580 1338 5641 ea,
1368 5574 1685 5641 argumento
1709 5574 1795 5620 est
1822 5579 2054 5617 vacuum
2082 5565 2136 5619 in
2247 5567 2348 5619 ctis
2403 5564 2694 5641 Scriptura:
2727 5580 2894 5618 sacra!
2918 5564 3319 5641 questionibus
3372 5563 3666 5641 ambiguis.
3691 5557 3819 5641 77003

589 5632 911 5706 quibusdam
941 5637 1215 5689 codicibus
1241 5632 1485 5690 relictum
1517 5636 1773 5703 spatium.
1914 5704 1943 5706 77
1979 5704 1988 5706 _
2025 5705 2030 5706 7
2067 5705 2070 5706 7
2132 5705 2138 5706 7
2250 5646 2432 5689 autem
2455 5636 2725 5706 7hocloco,
2763 5651 2793 5687 e
2829 5632 2958 5706 cod.
2983 5633 3177 5706 Qavar.
3230 5634 3538 5706 descripta.
3580 5632 3817 5706 exhibcnf

659 5707 768 5772 (95)
799 5708 892 5777 Εἰς
919 5708 984 5758 τὰ
1010 5707 1191 5777 ἀπορα
1221 5706 1323 5773 τῆς
1350 5696 1587 5777 Γραφῆς.
1615 5706 1833 5758 Addunt
1862 5704 1989 5777 editi
2022 5705 2143 5758 libri
2252 5713 2342 5757 tur
2375 5707 2425 5758 in
2450 5704 2599 5759 Notis
2629 5696 2956 5777 exemplaris
2984 5704 3182 5777 Graeci.
3238 5696 3434 5757 eadeni
3461 5715 3517 5759 et
3539 5704 3685 5774 plura
3710 5696 3820 5753 Vidit

590 5778 710 5832 κατ’
737 5776 988 5847 ἐκλογήν.
1028 5772 1179 5833 Unde
1203 5772 1538 5847 iiitci'pi‘ctcs'
1562 5778 1803 5833 fecerunt
1833 5792 1846 5829 :
1879 5773 1959 5828 De
2015 5778 2147 5831 sele-
2258 5784 2420 5845 atque
2445 5776 2716 5832 convertit
2750 5775 2879 5832 olim
2913 5774 3076 5831 Gent.
3112 5772 3404 5831 llcrvctus.
