4038 6416
209 356 283 417 ϋῖῖ
1140 363 1666 424 BIBLIOTHECA.
1697 388 1768 398 —
1806 362 2018 422 CODD.
2062 362 2439 443 CCIV‘CCIX
3330 364 3435 425 (578

213 475 463 541 αγωνίους
496 474 898 547 ἀποδιατρίόων
925 478 1335 548 παρεκδρομὰς,
1384 479 1523 534 ἀλλά
1550 480 1626 550 τῷ
1654 480 1770 532 δια·-
1794 515 1808 538 λ

1839 487 2036 539 ,ιιεειιιι
2097 479 2441 547 egressiones
2493 478 2747 542 divertat,
2789 478 2884 533 sed
2925 479 3066 547 quod
3117 479 3434 548 opinionum

209 565 357 636 φορὰς
390 566 558 633 δοξῶν
605 568 736 637 περὶ
773 567 872 636 τῆς
921 568 1091 638 αὐτῆς
1146 568 1457 632 ὑποθέσεως
1519 567 1763 637 ἀναγρά-

1865 568 2053 621 eadem
2082 569 2149 622 de
2168 584 2224 623 re
2248 570 2593 624 diversitates
2625 584 3001 638 saepenumero
3025 581 3432 641 commemoret.

211 676 307 729 φειν
344 659 366 689 ⁷
399 658 680 721 πολλάκις.
718 658 891 712 Τοῦτο
916 659 972 712 δὲ
997 659 1092 713 καὶ
1117 660 1534 730 προοιμιάζεται
1572 661 1651 721 είς
1670 660 1761 727 ὅγε

1865 658 1933 711 Et
1964 673 2095 713 vero
2126 659 2287 713 etiam
2330 658 2586 728 pra'fatur
2616 644 2717 713 hoc
2756 675 2785 711 a
2814 673 2875 712 se
2909 674 3042 728 opus
3093 675 3342 727 magnam
3380 658 3433 712 in

214 770 289 806 κον
315 751 463 819 αὐτῷ
503 750 988 819 διαπλαττόμενον,
1047 750 1142 804 καὶ
1198 752 1434 820 μάλιστα
1469 753 1612 822 πρὸς
1665 751 1763 822 τὴν

1866 750 2059 804 molem
2109 765 2229 805 esse
2302 762 2580 819 aggestum
2633 769 2647 805 :
2695 753 2838 821 quod
2899 752 3026 805 item
3081 753 3313 806 maxime
3369 753 3436 806 ad

215 844 535 913 Θεοδωρήτου
569 840 790 911 σύνοψίν
818 858 877 893 τε
910 841 1006 895 καὶ
1037 841 1358 910 φιλοκαλίαν
1386 842 1448 895 τὸ
1474 842 1764 914 σύνταγμα

1866 840 2196 896 Theodoreti
2269 841 2592 896 brevitatem
2653 851 3110 912 venustatemque
3151 845 3436 911 assurgit:

216 935 419 1005 αἴρεται.
453 935 562 986 Καὶ
585 934 668 1003 εἴη
687 934 754 988 ἂν
779 932 1102 987 οἰκειότατόν
1126 950 1185 986 τε
1204 934 1295 986 καὶ
1316 935 1762 1004 χρειωδέστατον,

1865 944 1925 987 ut
1965 934 2304 1002 aptissimum
2338 934 2464 987 illud
2488 918 2647 1003 plane
2683 924 2970 1003 sit,'atque
2994 934 3367 997 utilissimum,
3392 935 3438 990 si

217 1029 254 1079 εί
280 1027 405 1096 μετά
431 1025 531 1096 τὴν
578 1027 635 1078 ὲν
678 1025 907 1088 ἐκείνοις
943 1023 1139 1095 τριϐὴν
1191 1027 1223 1094 ἡ
1288 1024 1413 1096 περὶ
1444 1026 1618 1079 ταῦτα
1668 1027 1762 1080 τοῦ

1863 1032 1987 1092 post
2020 1022 2171 1076 illum
2214 1023 2433 1087 lectum,
2476 1028 2542 1078 ad
2578 1023 2740 1093 hujus
2768 1026 2931 1079 etiam
2970 1025 3068 1078 viri
3117 1025 3331 1080 labores
3362 1027 3440 1080 le-

216 1119 379 1189 ἀνδρὸς
399 1116 467 1171 τά
524 1118 915 1188 σπουδάσματα
978 1116 1144 1187 σχολὴ
1202 1118 1517 1188 διαδέχοιτο.
1578 1120 1687 1172 Καὶ
1730 1120 1762 1188 ἡ

1866 1112 2073 1184 gendos
2118 1116 2286 1169 otium
2336 1116 2636 1186 contingat.
2680 1116 2856 1172 Dictio
2895 1118 2963 1172 ah
2997 1131 3062 1171 eo
3104 1128 3189 1172 est
3237 1118 3439 1187 Optime

214 1211 391 1279 φράσις
421 1209 477 1261 δὲ
524 1209 676 1279 αὐτῷ
701 1211 757 1272 ἐς
782 1208 844 1261 τὸ
873 1210 1094 1279 ἄριστον
1127 1209 1385 1280 ἤσκηται,
1432 1213 1481 1263 εί
1508 1212 1601 1263 καὶ
1620 1213 1715 1281 τῆς
1742 1212 1765 1243 ⁸

1869 1209 2087 1275 quidem
2141 1209 2376 1272 exculta,
2434 1209 2526 1262 sed
2577 1210 2848 1277 comptior
2899 1210 3221 1277 aliquanto,
3279 1226 3438 1279 quam

212 1301 515 1371 ἐξηγητικῆς
539 1300 927 1363 διατυπώσεως
952 1300 1065 1369 ἔχει
1103 1318 1158 1352 τι
1188 1302 1282 1354 καὶ
1332 1302 1692 1374 κομψότερον.

1451 1302 1692 1374 ᾠότερον.
1866 1300 2240 1359 commentarii
2276 1301 2548 1353 rudiorem
2582 1299 2809 1355 formam
2837 1302 3046 1356 deceat.

918 1417 1032 1469 :z'.
1270 1380 1274 1385 ’
2552 1412 2752 1470 CCVII.

538 1506 653 1559 Τοῦ
681 1508 757 1559 αὐ
769 1507 874 1559 τοῦ
892 1507 996 1572 Εἰς
1021 1506 1129 1559 τὸν
1168 1507 1438 1561 Ἡσαΐαν.
1830 1556 1835 1559 .
2084 1576 2088 1585 ι

1830 1556 1835 1559 ,
2084 1576 2088 1585 ι
2255 1504 2402 1559 Idem
2435 1506 2490 1556 in
2529 1503 2729 1559 Isaiam
2755 1509 3081 1575 prophetam.

278 1594 604 1667 Ἀνεγνὼσθη
638 1597 731 1651 τοῦ
763 1598 927 1651 αὐτοῦ
959 1598 1249 1668 φιλοπόνου
1282 1599 1478 1668 ἀνδρὸς
1521 1600 1627 1665 Εἰς
1658 1598 1767 1652 τὸν

1938 1597 2192 1665 Legimus
2235 1596 2476 1666 ejusdem
2540 1600 2870 1667 perstudiosi
2923 1601 3156 1655 hominis
3204 1600 3317 1672 (96)
3372 1599 3440 1655 In

207 1689 505 1757 προφήτην
555 1689 825 1755 Ἡσαΐαν,
852 1692 951 1761 τήν
986 1709 1042 1742 τε
1066 1691 1257 1760 ὁμοίαν
1294 1693 1405 1751 τοῖς
1431 1688 1767 1761 προειρημέ-

1866 1686 2070 1755 Isaiam
2085 1690 2393 1758 prophetam
2418 1706 2552 1759 opus
2572 1709 2586 1746 :
2606 1692 2747 1760 quod
2777 1691 3012 1745 similem
3048 1694 3438 1761 suprascriptis

208 1797 309 1841 νοις
338 1779 571 1833 διάθεσιν
610 1779 1040 1851 φυλαττόμενον,
1084 1784 1178 1835 καὶ
1210 1782 1309 1852 τὴν
1347 1782 1514 1852 αὐτὴν
1540 1782 1648 1835 τῶν
1681 1782 1766 1833 λό-

1870 1791 2050 1834 servat
2077 1784 2479 1837 commentandi
2507 1784 2796 1846 rationem,
2839 1786 3195 1854 eamdemque
3228 1784 3439 1840 dicendi

209 1886 311 1939 γων
345 1870 780 1940 ἐπιδεικνύμενον
817 1872 1044 1943 δύναμιν
1069 1912 1084 1937 ,
1135 1874 1229 1926 καὶ
1278 1873 1435 1944 δῆλον
1464 1874 1544 1927 ὅτι
1572 1872 1669 1926 καὶ
1702 1872 1762 1927 τὸ

1868 1872 1972 1927 vim
1994 1874 2231 1942 pra’fert,
2254 1875 2371 1942 pari
2397 1891 2520 1930 cum
2547 1876 2771 1932 lectoris
2801 1877 2886 1948 (ut
2914 1879 3149 1949 constat)
3180 1879 3438 1934 utilitate.

208 1959 502 2014 λυσιτελοῦν
530 1963 911 2035 παραπλήσιον
930 1968 973 2018 ⁹.

892 2055 1017 2108 zn'.
2427 2055 2618 2125 165a
2667 2054 2887 2111 CCVIII.

214 2169 490 2234 Εὐλοτίου
548 2168 1024 2238 ἁρχιεπισκόπου
1106 2168 1560 2238 Ἀλεξανδρείας
1619 2170 1768 2225 κατὰ

1870 2164 2083 2236 Eulogii
2120 2165 2469 2220 Alexandrini
2523 2168 2833 2238 archiepisc.
2868 2166 3065 2225 Contra
3113 2168 3443 2225 Navatianos

644 2239 1036 2292 Ναυατιανῶν
1062 2238 1232 2308 λόγοι
1256 2245 1320 2293 ε’.
1397 2237 1402 2238 ⁷
2186 2298 2189 2301 λ

1159 2256 1232 2292 μοι
1256 2245 1320 2293 ε’.
1397 2237 1402 2238 7
2186 2298 2189 2301 Α
2551 2237 2674 2291 libri
2702 2253 2754 2292 ν.

289 2330 619 2401 Ἀνεγνώσθη
651 2330 743 2383 τοῦ
770 2333 827 2383 ὲν
849 2330 1021 2399 ἁγίοις
1046 2331 1306 2399 Εὑλογίου
1336 2331 1766 2402 ἀρχιεπισκόπου
1838 2376 1841 2387 ,

1941 2328 2070 2399 Legi
2093 2329 2156 2383 Β.
2184 2328 2396 2399 Eulogii
2439 2330 2831 2399 archiepiscopi
2867 2330 3219 2386 Alexandrini
3247 2331 3448 2385 Aduer-

196 2422 612 2491 ›’Δλεξανδρείας
668 2423 835 2477 Κατὰ
898 2422 1325 2487 Ναυατιανῶν,
1377 2426 1434 2476 ὲν
1484 2424 1662 2492 λόγοις
1704 2422 1765 2478 ε’.

1868 2438 1957 2475 sus
1981 2420 2311 2475 Navatianos
2334 2421 2628 2491 (97)libros
2649 2424 2910 2492 quinque.
2939 2422 3039 2489 Qui
3078 2423 3179 2478 etsi
3211 2424 3447 2494 scriptor

222 2516 386 2585 Τούτῳ
410 2515 487 2585 τῷ
517 2515 671 2586 ἀνδρὶ
715 2515 884 2583 δνομα
930 2516 1029 2584 μὲν
1061 2514 1188 2587 [529
1235 2514 1329 2587 IL]
1364 2515 1540 2569 λιπεῖν
1571 2516 1664 2569 ἐπὶ
1685 2516 1769 2568 δε-

1870 2515 2087 2568 dicendi
2123 2514 2393 2581 elegantia
2431 2530 2624 2569 nomen
2665 2515 2769 2570 sibi
2810 2531 3053 2584 quaerere
3094 2515 3242 2570 nullo
3287 2517 3449 2572 modo

224 2605 400 2674 ξιότητι
431 2608 603 2674 λόγων
625 2607 729 2659 οὐδ’
759 2607 935 2660 ὁτιοῦν
964 2608 1367 2678 προσεμέλησε,
1405 2609 1471 2661 τά
1498 2608 1557 2660 δὲ
1586 2609 1771 2661 Ναυά-

1871 2606 2098 2672 curarit,
2134 2606 2267 2661 nihil
2294 2616 2493 2671 tamen,
2519 2622 2626 2677 quo
2648 2608 2827 2662 minus
2847 2607 3035 2662 Navali
3055 2610 3446 2679 sophismatum

223 2713 303 2748 του
326 2699 700 2769 σοφισματώδη
758 2698 1122 2769 προϐλήματα
1174 2717 1233 2752 τε
1288 2700 1382 2752 καὶ
1428 2699 1770 2769 δελεάσματα

1872 2698 2043 2767 plenae
2104 2699 2435 2753 assertioncs
2483 2699 2867 2768 captionesque
2906 2698 3238 2765 refellantur,
3286 2709 3450 2768 atque

223 2786 463 2856 διελέγξαι
506 2790 601 2842 καὶ
644 2791 894 2858 αἰσχῦναι
949 2790 1101 2844 οὐδὲν
1154 2789 1212 2843 τὸ
1258 2791 1642 2861 ἀπαράσκευον
1673 2792 1771 2856 τῆς

1871 2791 2165 2859 ignominia
2202 2800 2475 2855 notentur,
2504 2794 2770 2846 sermonis
2804 2793 3036 2860 neglecti
3090 2794 3295 2848 incuria
3344 2796 3450 2847 im-

226 2878 351 2931 κατὰ
399 2880 520 2944 τοὺς
553 2880 745 2949 λόγους
780 2881 1008 2951 μελέτης
1037 2879 1288 2950 ἐμποδὼν
1319 2882 1480 2953 ἕστηδ
1520 2883 1635 2945 τοῖς
1663 2884 1771 2951 γὰρ

1872 2883 2179 2950 pedimento
2205 2882 2388 2936 fuerit.
2423 2881 2600 2936 Sacra:
2616 2884 2757 2937 enim
2782 2880 3079 2952 Scripturae
3111 2896 3454 2937 commenta-

235 2970 501 3038 Γραφικοῖς
560 2972 806 3026 πλουτῶν
855 2974 1085 3042 νοήμασί
1130 2990 1190 3025 τε
1227 2975 1319 3028 καὶ
1349 2974 1626 3045 Θεωρίαις,
1671 2977 1772 3028 ὅσα

1874 2972 2114 3027 tionibus
2161 2988 2224 3027 ac
2268 2974 2810 3042 contemplationibus
2863 2975 3079 3029 abunde
3124 2973 3447 3035 instructus,

229 3062 408 3126 ἐκεῖνος
444 3065 890 3133 ἀποσπαράσσων
914 3064 1014 3133 τῆς
1034 3064 1170 3127 ἰδίας
1191 3065 1454 3136 αἱρέσεως
1481 3065 1771 3136 πρόϐλημα

1873 3078 1992 3132 quae
2027 3062 2151 3118 hinc
2175 3064 2242 3118 ad
2273 3080 2427 3118 suam
2466 3066 2716 3119 haeresim
2750 3064 3103 3119 asserendam
3133 3075 3295 3134 atque
3321 3080 3449 3133 pro-

202 3156 312 3205 .xal.
336 3157 653 3226 συνηγορίαν
697 3158 950 3219 ἐποιεῖτο,
989 3158 1158 3211 ταῦτα
1198 3158 1359 3221 αὐτὸς
1393 3159 1770 3225 ἀναπτύσσων,

1883 3157 2223 3224 pugnandam
2265 3157 2353 3210 ille
2398 3157 2789 3226 discerpscrat,
2837 3159 3026 3211 eadem
3067 3158 3154 3212 hic
3180 3159 3449 3227 interpre-

232 3248 312 3299 καὶ
352 3248 407 3300 τὸ
454 3251 582 3319 περὶ
608 3250 745 3302 αὺτά
804 3250 1108 3321 κακοῦργον
1139 3252 1239 3320 τῆς
1271 3253 1539 3323 αἱρέσεως
1570 3254 1773 3306 ἐπιδει-

1882 3248 2068 3309 tando,
2113 3259 2168 3302 et
2198 3263 2302 3301 una
2346 3248 2569 3303 hmresis
2621 3249 2673 3302 in
2738 3250 2803 3303 iis
2861 3249 3079 3303 fraudes
3127 3250 3444 3319 detegendo,

232 3342 360 3403 κνὺς,
416 3343 728 3411 ἀφαιρεῖται
776 3342 984 3395 αὐτοῦ’
1039 3344 1099 3394 οὐ
1161 3344 1265 3413 μὴν
1322 3344 1456 3397 ἀλλά
1512 3344 1609 3399 καὶ
1659 3345 1778 3397 ἐτέ-

1876 3337 2082 3392 Navato
2164 3338 2324 3407 eripit
2399 3355 2462 3394 ac
2544 3340 2741 3393 tollit..
2803 3340 3122 3409 Quanquam
3196 3349 3252 3395 et
3326 3341 3449 3394 aliis

234 3446 330 3499 ροις
364 3433 464 3483 τῶν
492 3432 724 3502 Γραφῶν
787 3434 994 3502 ῥήμασι
1029 3433 1091 3485 τὸ
1141 3434 1573 3503 ἀπονενοημένον
1609 3433 1774 3487 αὑτοῦ

1879 3432 2285 3501 Scripturarum
2335 3433 2489 3498 locis,
2529 3434 2697 3502 ipsius
2741 3434 2895 3488 venia
2949 3436 3218 3503 indignam
3259 3451 3449 3488 anien-

233 3523 312 3574 καὶ
351 3525 733 3593 ἀσύγγνωστον
759 3526 853 3577 καὶ
890 3525 1187 3593 ἀλλόφυλον
1217 3525 1318 3595 τῆς
1356 3526 1621 3595 αἱρέσεως
1651 3543 1776 3594 στη-

1878 3525 2032 3583 tiam,
2068 3537 2133 3576 ac
2172 3526 2513 3594 peregrinam
2552 3526 2826 3590 lueresim,
2857 3526 3001 3579 velut
3030 3527 3186 3595 cippo
3220 3541 3337 3580 eam
3367 3528 3451 3579 in-

234 3613 424 3669 λιτεύει.
465 3618 552 3669 Ἐν
586 3616 643 3669 δὲ
667 3616 744 3686 τῷ
771 3617 1068 3685 τελευταίῳ
1096 3617 1401 3684 τῶννλόγων
1429 3616 1601 3670 καὶτὸ
1622 3616 1775 3669 νόθον

1878 3615 2189 3680 scribendo,
2241 3616 2499 3686 divulgat.
2546 3616 2802 3672 Extremo
2848 3618 2963 3689 (98)
3024 3619 3255 3687 denique
3309 3619 3448 3672 librc

236 3709 315 3759 καὶ
369 3708 761 3771 κακόπλαστον,
809 3710 837 3763 ὃ
882 3712 961 3772 είς
1008 3710 1259 3762 Ναυάτον
1313 3709 1674 3778 ἀναφέρουσιν
1725 3708 1775 3759 oi.

1878 3706 2075 3759 falsum
2128 3707 2258 3761 illud
2304 3718 2358 3759 et
2404 3708 2650 3776 improbe
2703 3708 3018 3773 coutictum,
3056 3709 3198 3778 quod
3241 3707 3450 3761 Navato

237 3800 375 3852 αὐτοῦ
421 3802 773 3861 σπουδασταὶ,
822 3801 1123 3872 μαρτύριον
1158 3800 1445 3869 διελέγχει.
1484 3801 1641 3852 Ἔστι
1676 3800 1777 3868 μὲν

1880 3795 1999 3863 eius
2040 3799 2269 3852 Studiosi
2312 3800 2638 3862 attribuunt,
2689 3803 3011 3869 martyrium
3068 3802 3326 3869 exagitat.
3356 3801 3451 3854 Est.

238 3884 315 3942 οὖν
342 3893 426 3943 καὶ
454 3893 584 3946 αὐτὸ
614 3894 773 3945 τοῦτο
807 3897 834 3945 ὁ
860 3895 1001 3946 κατά
1035 3893 1288 3945 Ναυάτου
1309 3891 1526 3960 ἔλεγχος
1553 3890 1615 3943 τὸ
1640 3893 1774 3961 χρή-

1880 3889 2043 3959 igitur
2067 3889 2181 3943 haec
2199 3888 2692 3944 Navaticont'utatio
2709 3890 3006 3961 legentibus
3025 3891 3166 3944 utilis
3189 3906 3203 3942 :
3230 3900 3451 3958 praeter-

240 3997 373 4050 σιμον
410 3984 544 4053 ἔχων
568 4026 582 4049 ,
647 3984 786 4053 πλὴν
840 3986 959 4037 καὶ.
987 3984 1278 4053 Γραφικῶν
1323 3983 1422 4034 οὐκ
1458 3982 1654 4049 ὀλίγων
1692 3982 1779 4034 ὲν-

1878 3995 2040 4048 quam
2078 3981 2219 4049 quod
2255 3981 2344 4035 hic
2375 3997 2479 4036 non
2512 3997 2807 4049 paucorum
2843 3983 3135 4050 Scriptura:
3160 3981 3270 4050 (99)
3302 3983 3450 4036 loco-

238 4072 488 4143 θεωρεῖται
516 4076 726 4139 τούτοις
755 4075 1025 4146 πολλαχοῦ
1053 4077 1164 4137 τοῖς
1183 4073 1633 4140 ἀξιολογωτάτοις
1666 4073 1776 4125 τῶν

1880 4088 1998 4125 rum
2035 4073 2241 4140 passim
2270 4087 2392 4127 sese
2424 4071 2613 4127 offerat
2640 4074 2954 4142 explicatio,
2998 4074 3129 4143 ipsis
3168 4074 3331 4127 etiam
3370 4074 3451 4127 in-

238 4162 485 4234 ἐξηγητῶν
549 4169 936 4235 συμφερομένη
1008 4164 1295 4235 ἑρμηνεία.
1354 4165 1513 4217 Ἀλλὰ
1562 4164 1657 4216 καὶ
1718 4164 1779 4216 τὸ

1882 4169 2182 4228 terpretum
2235 4161 2571 4230 principibus
2629 4161 3018 4231 proluturaﬂ).
3074 4161 3178 4216 Sed
3217 4171 3271 4215 et
3305 4162 3450 4216 illius

204 4260 208 4263 '
239 4254 431 4307 πιθανόν
458 4273 515 4308 τε
552 4258 648 4309 καὶ
674 4255 868 4326 ήδῦνον
918 4257 992 4320 ὡς
1033 4258 1091 4308 ἐν
1121 4255 1346 4326 τοιούτῳ
1392 4256 1565 4325 λόγων
1610 4272 1781 4325 χαρα-

1880 4253 2243 4320 persuadendi
2264 4254 2369 4307 vim
2403 4269 2466 4308 ac
2490 4254 2905 4321 jucunditatem,
2935 4267 2993 4309 ut
3031 4256 3084 4309 in
3133 4257 3232 4309 hoc
3248 4255 3448 4308 chara-

204 4362 207 4375 η
236 4345 375 4415 κτῆρι
406 4349 502 4401 οὐκ
536 4348 600 4401 ἀν
629 4363 715 4410 τις
749 4348 1007 4415 ἀγασθεὶς
1045 4349 1361 4418 μεταγνοίη.

1881 4355 2052 4407 ctere,
2088 4359 2245 4399 nemo
2302 4345 2393 4414 qui
2452 4360 2577 4400 eum
2630 4358 2938 4414 veneretur,
2999 4347 3450 4403 contemnendam

1838 4478 1841 4481 .
1882 4435 2061 4491 ducat.

912 4551 1010 4601 ΣΘ
1813 4508 1856 4561 D

1813 4508 1856 4561 θ
2585 4547 2760 4603 CCIX.

717 4643 935 4707 Δίωνος
972 4641 1149 4710 Λόγοι
1180 4646 1258 4695 π’.
2141 4637 2312 4691 Dioni:

2141 4637 2328 4691 Dionis
2349 4637 2704 4709 Chrysostomi
2729 4641 3011 4695 Orationes
3044 4658 3205 4697 Lxxx.

308 4729 630 4803 ’Λνεγνώσθη
666 4734 867 4799 Δίωνος
918 4734 1210 4803 βιϐλίονηὲν
1249 4735 1461 4803 Λόγοις
1504 4732 1577 4786 π’.
1614 4725 1785 4795 Οὗτος
1836 4742 1848 4751 ’

1964 4728 2162 4783 Lectus
2181 4740 2265 4783 est
2289 4730 2472 4784 Dionis
2497 4730 2573 4800 (ἓ)
2592 4732 2890 4785 orationum
2916 4736 3185 4804 octoginta
3201 4734 3336 4788 liber
3351 4736 3448 4808 (5).

238 4819 335 4873 ἔστι
376 4826 469 4894 μὲν
497 4827 599 4896 τὴν
630 4825 866 4897 πατρίδα
892 4826 1227 4896 Προυσαεὺς,
1264 4825 1441 4894 φυγάς
1468 4823 1514 4877 δ’
1540 4823 1784 4891 ἐγεγόνει

1892 4818 2072 4873 Patria
2126 4818 2212 4874 hic
2258 4820 2356 4873 l'uit
2408 4820 2715 4888 Prusensis,
2746 4822 2839 4876 sed
2870 4823 3280 4896 tyrannidis“)
3318 4826 3446 4879 dum

1118 5032 1119 5035 γ
1434 4942 1435 4945 ‘
1514 4953 1749 5009 vanus
1783 4912 2189 5031 LECTIONES.
2328 5026 2331 5029 δ
2578 5028 2583 5035 ¹

294 5081 312 5111 ⁷
343 5075 676 5145 ὑπογράφειν
706 5092 767 5138 ς.
838 5074 861 5106 ⁸
886 5074 985 5145 τῆς
1022 5088 1130 5129 om.
1171 5071 1237 5127 A.
1313 5072 1333 5103 ⁹
1397 5079 1519 5141 post
1562 5073 1889 5151 παραπλήσιε

1223 5113 1237 5127 .
1313 5072 1333 5103 ⁹
1397 5079 1519 5141 post
1562 5073 1943 5145 παραπλήσιον
2015 5086 2155 5125 unus
2178 5070 2230 5123 in
2262 5068 2308 5122 A
2374 5082 2563 5122 versus
2597 5082 2814 5123 vacuus.

298 5325 401 5395 (96)
420 5324 569 5393 Quod
596 5339 715 5379 cum
740 5322 930 5376 Latina
953 5337 1048 5397 sua
1068 5321 1271 5397 insigni
1291 5321 1781 5397 interpretatione,
1963 5324 2043 5397 (ᾖ)
2079 5325 2274 5397 Eadem
2314 5324 2469 5397 plane
2498 5324 2646 5397 κρίσι
2684 5324 2845 5397 etiam
2868 5339 3036 5397 supra
3065 5326 3254 5397 codice
3292 5326 3414 5381 182.

235 5390 907 5466 etsacri'prophetaitextu
940 5393 1107 5445 edidit
1134 5390 1356 5445 Parisiis
1381 5392 1779 5457 doctissJoan.
1961 5390 2059 5466 (‘2),
2086 5395 2161 5449 De
2210 5390 2326 5465 quo'
2358 5396 2473 5464 lege
2512 5390 2825 5465 interpretis
2861 5390 3036 5450 Latini
3083 5395 3452 5466 prmfationem

236 5463 516 5519 Curterius.
547 5463 637 5517 an.
672 5463 830 5517 1580.
1036 5486 1053 5507 ι

1885 5473 1940 5518 et
1971 5465 2215 5519 Suidam.
2231 5463 2243 5465 ’
2414 5463 2428 5464 ί
2662 5463 2671 5465 ἡ
2750 5500 2751 5503 η
2912 5486 2914 5488 ·

301 5536 400 5606 (97)
430 5535 722 5606 υθμὶἱεύθηι
755 5531 997 5601 pluribus
1036 5545 1183 5599 Sllpr-
1211 5529 1497 5606 ($41582.
1962 5533 2197 5606 (5)_Qu:e
2212 5534 2369 5606 hodie
2402 5550 2592 5591 omnes
2625 5543 2841 5591 exstant
2879 5534 3104 5593 Parisiis
3139 5535 3451 5606 nuperrime

298 5600 403 5670 (98)
432 5604 531 5670 Qui
560 5600 1098 5658 sextus'numeratur
1138 5604 1257 5656 cod.
1292 5600 1395 5654 182
1443 5603 1779 5671 iterumque,
1888 5600 2194 5660 cum'Notis
2224 5605 2410 5659 Grzrce
2429 5617 2482 5659 et
2512 5606 2701 5660 Latine
2727 5606 2904 5661 edita».

235 5675 485 5749 cnd._28(l.
887 5740 901 5749 ‘
1155 5744 1165 5749 _
1230 5742 1326 5749 ΔΜ
1828 5744 1837 5749 _
1960 5676 2037 5749 (4)
2067 5676 2109 5749 ᾼ
2149 5676 2307 5749 cujus
2336 5677 2603 5749 mentione
2644 5686 2805 5741 orat.,
2844 5679 2912 5732 15
2951 5694 3110 5749 quam
3158 5678 3224 5732 de
3265 5676 3456 5731 exsilio

298 5746 408 5815 I99)
438 5748 576 5812 Quae
607 5751 858 5810 excerpta
887 5740 1037 5810 leges
1070 5744 1186 5796 cod.
1228 5742 1351 5797 250.
1814 5744 1856 5798 Α
1930 5745 2111 5800 thenis
2152 5740 2355 5810 habuit,
2390 5748 2691 5801 inchoatam
2727 5740 2926 5819 videas.
