4038 6406
675 379 784 442 679

1833 373 2096 437 PHOTII
2126 374 2648 438 PATRIARCHB
2688 375 2801 436 CP.

3793 385 3877 450 680

684 492 822 561 fugit
847 490 1188 555 servitutem,
1211 489 1366 545 exsul
1388 489 1587 555 factus,
1610 488 1791 547 varias
1806 492 2109 548 oberrando
2127 507 2239 561 per-

2352 492 2559 565 ταύτης
2587 493 2632 525 "
2658 490 2972 563 τυραννίδος
3005 490 3273 546 ἐκκλίνων
3293 490 3559 576 δουλείαν,
3595 495 3685 549 καὶ
3710 497 3880 571 πολλὴν

679 584 894 653 agravit
938 583 1207 653 regiones.
1268 583 1419 638 idem
1464 585 1517 638 in
1559 584 1771 639 dicendi
1817 592 1935 640 arte
1972 594 2161 638 acutus
2189 600 2254 639 ac

675 676 848 730 solere
898 682 981 730 est
1015 675 1258 738 habitus,
1307 676 1607 745 praesertim
1658 676 1706 731 si
1759 676 1826 732 de
1868 677 2251 746 componendis

677 768 919 823 moribus
960 768 1199 823 dandum
1246 779 1391 823 esset
1441 768 1751 824 consilium.
1785 767 1966 839 Viguit
2013 767 2251 837 Traiano

676 856 862 911 Roma:
940 858 1293 928 imperante,
1364 873 1485 913 cum
1555 873 1663 927 quo
1736 858 1829 913 diu
1912 858 2251 929 multumque

680 950 817 1004 vixit
857 990 873 1015 ,
914 960 967 1006 et
1026 951 1077 1005 in
1126 965 1187 1005 ea
1238 951 1645 1006 existimatione
1702 960 1866 1021 atque
1908 951 2134 1015 honore,
2192 960 2251 1007 ut

674 1055 729 1096 et
752 1060 873 1099 cum
902 1042 1146 1112 Augusto
1181 1043 1466 1099 communi
1499 1045 1769 1099 interdum
1800 1054 2057 1113 carpento
2087 1044 2252 1098 vehe-

675 1148 844 1190 retur.
882 1134 1095 1192 Patrem
1127 1136 1320 1192 habuit
1370 1134 1735 1204 Pasicratem,
1778 1137 1962 1192 rhetor
2005 1137 2118 1208 ipse
2164 1138 2250 1192 in-

682 1227 872 1280 stituto
926 1235 1089 1297 atque
1127 1227 1505 1295 philosophus.
1536 1225 1765 1281 Tantam
1811 1236 1992 1280 autem
2036 1242 2246 1281 morum

674 1320 1019 1373 severitatem
1081 1318 1365 1373 affectasse
1421 1315 1625 1381 ferunt,
1664 1328 1723 1372 ut
1774 1317 1963 1390 165i:
2031 1317 2246 1372 leonina

674 1425 817 1479 saepe
850 1410 1067 1464 indutus
1112 1410 1253 1479 pelle
1304 1410 1360 1463 in
1415 1410 1691 1478 publicum
1743 1412 2003 1479 prodiret.
2046 1410 2245 1464 Vocem

672 1501 916 1557 mittebat
942 1501 1205 1572 placidam
1242 1509 1299 1556 et
1329 1502 1562 1565 firmam,
1596 1502 1844 1556 incessus
1875 1501 2095 1555 minime
2121 1501 2245 1570 qui-

671 1595 791 1647 dem
831 1593 1110 1655 incitatus,
1163 1593 1259 1647 sed
1308 1607 1415 1647 non
1465 1592 1588 1647 ideo
1633 1593 1815 1660 segnis
1840 1590 2186 1655 autfractus,
2214 1606 2243 1646 a

670 1698 779 1752 quo
817 1696 916 1739 nec
945 1683 1138 1753 reliqui
1177 1686 1425 1751 corporis
1457 1692 1643 1738 motus
1672 1682 2075 1752 discrepabunt.
2109 1683 2246 1737 Gra-

667 1776 788 1830 cilis
819 1776 1004 1831 adhaec
1030 1784 1172 1840 erat,
1202 1786 1255 1830 et
1277 1788 1509 1845 corpore
1541 1775 1965 1844 haudquaquam
1995 1784 2174 1831 vasto.

738 1864 1026 1922 Orationes
1074 1868 1469 1936 conscripsisse
1511 1866 1769 1935 plurimas
1805 1867 2067 1931 referunt,
2100 1881 2237 1936 qua-

668 1972 788 2011 rum
824 1958 1099 2026 octoginta
1165 1958 1217 2011 in
1277 1972 1426 2011 meas
1486 1957 1797 2012 inciderunt
1851 1972 2237 2027 manus:qu:e

664 2048 883 2118 quidem
915 2050 1188 2104 orationes
1224 2048 1606 2119 Chrysostomi
1638 2049 1775 2120 [hoc
1799 2059 1884 2103 est
1925 2050 2073 2103 aurei
2104 2048 2233 2121 oris]

668 2144 1084 2212 cognomentum
1128 2140 1204 2195 illi
1255 2142 1399 2210 apud
1444 2140 1560 2206 ejus
1586 2142 1765 2196 aetatis
1798 2141 2043 2196 homines
2072 2157 2237 2213 pepe-

665 2238 873 2283 rerunt.
900 2229 1169 2284 Cazterum
1193 2229 1492 2299 pleraeque,
1522 2240 1581 2285 ut
1622 2231 1889 2295 dicebam,
1930 2232 2237 2287 orationum

662 2312 782 2380 eius
821 2328 958 2383 quas
994 2314 1213 2384 quidem
1244 2318 1514 2385 noverim,
1568 2319 1849 2373 suasoriae.
1880 2319 1985 2374 Sed
2021 2322 2237 2390 quando

665 2415 877 2472 equum
911 2414 997 2459 est
1029 2405 1387 2461 deliberativo
1414 2409 1598 2477 generi
1622 2408 1881 2477 quiddam
1909 2410 2071 2465 etiam
2094 2412 2238 2480 judi-

665 2493 804 2548 ciaie
824 2496 1163 2566 permisceri,
1179 2512 1365 2566 parem
1390 2500 1506 2568 ipse
1529 2499 1788 2553 virtutem
1816 2500 1868 2554 in
1893 2501 1995 2555 hoc
2022 2516 2238 2572 quoque

664 2585 931 2641 orationis
972 2601 1172 2655 genere
1214 2589 1498 2645 ostendit:
1529 2598 1584 2643 et
1624 2590 1767 2643 inter
1805 2606 1994 2647 omnes
2020 2593 2234 2661 quidem

670 2676 904 2731 maxime
963 2674 1260 2731 Rhodiaca.
1303 2677 1441 2732 Nam
1492 2689 1548 2733 et
1591 2679 1770 2733 acrius
1816 2681 2238 2751 enthymematis

666 2767 855 2831 instat,
881 2777 937 2822 et
964 2770 1185 2823 brevem
1219 2779 1383 2839 atque
1407 2779 1712 2825 contortam
1734 2772 2034 2827 orationem
2068 2773 2237 2845 (quod

664 2860 857 2915 saltem
886 2861 951 2915 ad
978 2863 1374 2934 characterem)
1409 2864 1724 2926 adhibet,ct
1752 2866 2088 2922 vehementia
2114 2882 2236 2922 cum

666 2950 910 3007 ubertate
937 2952 1200 3008 abundat.
1246 2954 1523 3023 Exemplis
1556 2956 1790 3024 insuper
1820 2959 2054 3012 maxime
2098 2974 2238 3027 prm-

662 3052 797 3110 stat,
831 3059 954 3113 qua
989 3046 1188 3115 ubique
1220 3046 1386 3099 multa
1424 3061 1455 3101 e
1482 3048 1650 3101 variis
1674 3048 1838 3117 petita
1870 3048 2050 3116 rebus,
2073 3050 2239 3120 aptis-

662 3134 809 3230 sime
826 3137 894 3230 ad
917 3138 1249 3207 pr0positum
1283 3150 1665 3230 argumentum
1704 3142 2102 3196 accommodat.
2148 3141 2237 3194 Li-
2263 3172 2306 3230 ο

665 3226 983 3282 beatissime
1032 3240 1247 3297 quoque
1299 3227 1580 3284 fabulosas
1627 3230 1967 3285 narrationes
2026 3232 2237 3301 aliquas

668 3317 1066 3373 monitionibus
1118 3318 1337 3385 intexit,
1385 3329 1445 3372 ut
1474 3335 1597 3374 eam
1627 3323 1789 3376 etiam
1835 3326 1905 3379 ob
1938 3339 2052 3378 rem
2103 3324 2237 3378 sim-

668 3408 789 3478 plex
816 3409 1031 3464 dicendi
1065 3423 1238 3478 genus
1259 3422 1604 3466 consectatus
1629 3414 1795 3469 videri
1826 3418 2015 3485 possit.
2039 3413 2237 3472 Rarius

662 3497 810 3553 enim
850 3499 1087 3556 Plato-is
1129 3504 1374 3572 exemplo
1418 3503 1682 3571 ejusmodi
1729 3521 1849 3561 eum
1889 3506 2102 3565 fabulas
2154 3509 2236 3563 af-

665 3589 930 3645 ferentetn
956 3594 1159 3659 videas,
1182 3609 1303 3663 qua:
1326 3596 1410 3666 (ut
1433 3596 1485 3650 in
1509 3595 1923 3668 Borysthenica)
1945 3599 2232 3655 elationem

664 3680 902 3750 aliquam
948 3686 1419 3757 granditatemque
1462 3690 1693 3744 orationi
1722 3692 1943 3745 addant.
1991 3691 2234 3762 Simplici

670 3773 835 3838 igitur
859 3774 977 3829 idea
1019 3775 1311 3845 plurimum
1355 3786 1441 3834 est
1474 3795 1604 3835 usus
1635 3782 1716 3853 (ut
1753 3782 1912 3851 paulo
1956 3793 2081 3838 ante
2104 3784 2236 3838 dixi-

668 3866 812 3939 mus)
844 3867 896 3920 in
936 3867 1205 3936 sensibus,
1249 3872 1525 3927 vocabulis
1575 3874 1703 3927 item
1753 3873 2131 3938 familiaribus,
2179 3886 2236 3931 et

620 3988 625 3991 ι
669 3960 869 4025 passim
900 3961 1099 4027 obviis,
1143 3962 1386 4033 nihilque
1412 3966 1734 4035 compositio
1766 3966 1927 4021 habet
1956 3978 2047 4021 aut
2074 3968 2234 4023 subli-

620 4082 621 4085 η
668 4048 874 4103 mitatis
938 4054 1274 4107 ostentandae
1309 4092 1326 4117 ,
1405 4064 1499 4109 aut
1556 4058 1837 4126 captanda;
1880 4059 2235 4125 iucunditatis

666 4140 837 4207 gratia
888 4140 1223 4200 innovatum.
1256 4146 1321 4200 Et
1359 4160 1509 4213 vero,
1550 4147 1603 4200 in
1648 4148 1827 4201 verbis
1879 4148 2093 4212 saltem,
2139 4164 2235 4201 no-

675 4231 990 4302 minumque
1019 4236 1420 4305 conjunctione,
1449 4242 1794 4307 perspicuum
1820 4241 2031 4295 dicendi
2064 4254 2233 4311 genus

663 4325 982 4394 scriptorem
1003 4328 1144 4383 hunc
1167 4331 1499 4399 propositum
1524 4331 1775 4385 habuisse
1799 4332 2078 4386 existimes
2101 4348 2115 4385 :
2140 4333 2232 4387 sed

664 4419 789 4470 dum
835 4417 1045 4488 longius
1099 4422 1384 4476 sententia!
1436 4422 1794 4477 redditionem
1847 4424 2117 4493 producit,
2152 4425 2234 4479 di-

2354 584 2557 654 ἐπῆλθε
2587 583 2939 655 πλανώμενος
2970 584 3094 654 γῆν.
3124 582 3305 648 Δεξιδς
3349 584 3406 637 δὲ
3438 587 3564 656 περὶ
3584 587 3704 650 τοὺς
3722 588 3880 655 λόγους

2353 676 2531 741 ἔδοξεν
2565 670 2727 743 εἶναι,
2757 676 2855 729 καὶ
2878 676 3117 747 μάλιστα
3146 676 3272 739 τοὺς
3304 677 3417 730 ὅσοι
3458 676 3731 748 ῥυθμίζειν
3764 697 3879 751 συμ-

2352 767 2666 821 ϐουλεύουσι
2694 768 2761 822 τὰ
2798 767 2924 838 ἤθη.
2964 768 3222 837 Ἦκμασε
3263 767 3320 820 δὲ
3352 769 3496 822 κατὰ
3532 770 3654 833 τοὺς
3691 770 3881 841 χρόνους

2350 858 2445 912 τοῦ
2472 858 2735 929 βασιλέως
2754 858 3045 931 Τραϊανοῦ,
3071 859 3168 913 καὶ
3195 858 3449 912 πλεῖστον
3472 858 3704 930 διέτριψε
3724 862 3882 933 χρόνον

2352 952 2484 1023 παρ’
2514 950 2686 1022 αύτῷ.
2715 952 2810 1005 καὶ
2836 952 2934 1022 τῆς
2957 952 3039 1005 ὅτι
3065 951 3301 1023 μάλιστα
3315 952 3483 1022 τιμῆς
3508 952 3603 1005 καὶ
3623 952 3882 1017 δεξιώσεως

2350 1044 2562 1114 ἔτυχεν,
2608 1044 2686 1108 ώς
2736 1045 2829 1097 καὶ
2874 1041 3305 1113 συγκαθέζεσθαι
3351 1044 3515 1099 αὑτὸν
3547 1043 3623 1116 τῷ
3651 1044 3770 1117 [275
3805 1045 3879 1115 [1.]

2351 1137 2605 1208 βασιλείῳ
2626 1138 2885 1208 ὀχήματι.
2907 1138 3042 1200 Παῖς
3064 1138 3164 1208 μὲν
3185 1132 3251 1208 ἦν
3277 1137 3317 1169 “
3342 1130 3501 1200 οὗτος
3523 1137 3881 1207 Πασικράτους,

2350 1228 2608 1299 σοφιστὴς
2640 1229 2697 1282 δέ
2721 1230 2815 1282 καὶ
2842 1229 3132 1299 φιλόσοφος
3158 1226 3220 1282 τὸ
3244 1228 3607 1299 ἐπιτήδευμα.
3640 1226 3754 1283 Ἐπὶ
3777 1245 3881 1282 τοσ-

2345 1318 2501 1373 οῦτον
2525 1318 2569 1371 δ’
2593 1316 2755 1372 αὐτὸν
2781 1318 2882 1389 τῆς
2914 1318 3058 1371 κατὰ
3092 1318 3153 1371 τὸ
3185 1318 3372 1388 σχῆμά
3398 1328 3531 1385 φασι
3593 1317 3881 1387 σεμνότητος

2345 1413 2760 1477 ἀντιποιεῖσθαι,
2800 1411 2877 1475 tif;
2915 1410 3013 1464 καὶ
3056 1408 3276 1481 λεοντῆν
3315 1409 3577 1473 πολλάκις
3619 1408 3881 1477 ἐνημμένον

2347 1504 2622 1559 ποιεῖσθαι
2650 1504 2752 1574 τὴν
2779 1502 3026 1573 πρόοδον.
3046 1502 3237 1572 Φωνὴν
3256 1500 3301 1553 δ’
3328 1497 3604 1571 ἠρεμαίαν
3641 1498 3778 1568 ἠφίει
3805 1499 3881 1551 καὶ

2347 1590 2639 1661 σταθερὰν.
2673 1590 2784 1644 Καὶ
2822 1588 3069 1658 σχολαῖον
3090 1590 3189 1660 μὲν
3218 1587 3343 1641 ἀλλ’
3360 1589 3463 1641 οὐκ
3484 1587 3879 1658 ἀναϐεϐλημένον

2346 1682 2607 1752 βάδισμα,
2652 1681 2749 1734 καὶ
2791 1677 2964 1735 τᾶλλα
2995 1682 3040 1713 ¹²
3084 1681 3193 1734 τῶν
3246 1682 3567 1751 κινημάτων
3608 1680 3703 1733 οὐκ
3728 1678 3877 1749 ἀσύμ-

2344 1789 2531 1843 φωνα*
2570 1774 2747 1844 ἰσχνὸς
2776 1772 2824 1827 δ’
2853 1773 2899 1806 ⁸⁸
2930 1768 3000 1844 ἦν
3027 1773 3122 1825 καὶ
3154 1773 3276 1827 οὐδὲ
3313 1774 3489 1843 μέγας
3521 1772 3583 1825 τὸ
3607 1768 3774 1840 σῶμα.

2412 1864 2614 1917 Τοῦτον
2658 1863 2889 1926 πολλούς
2932 1880 3067 1933 φασι
3116 1865 3212 1916 καὶ
3259 1861 3540 1923 ποικίλους
3584 1860 3775 1929 γράψαι
3809 1857 3877 1911 λό-

2346 1970 2509 2025 γουςο
2547 1955 2599 2007 οἱ
2647 1953 2692 2007 δ’
2717 1956 2797 2017 είς
2840 1954 3118 2024 ἡμετέραν
3169 1952 3480 2022 φθάσαντες
3516 1952 3708 2021 γνῶσιν
3733 1950 3812 2003 τὸν
3834 1946 3876 2001 π’

2338 2046 2609 2117 ἐπλήρουν
2652 2045 2909 2115 ἀριθμόν.
2961 2046 3348 2116 Χρυσόστομον
3399 2046 3447 2097 δ’
3482 2044 3638 2097 αὑτὸν
3664 2043 3712 2095 oi
3754 2041 3875 2108 λόγοι

2338 2142 2403 2210 τῇ
2453 2137 2573 2192 κατ’
2603 2138 2771 2191 αὐτὸν
2794 2139 2964 2209 γενεᾷ
3005 2138 3306 2191 δεδώκασιν
3345 2136 3715 2206 ἐπονομάζειν.
3747 2132 3875 2187 Ἔστι

2342 2228 2443 2298 μὲν
2481 2225 2595 2293 οὖν,
2637 2230 2776 2295 ὅπερ
2805 2228 2965 2298 ἔφην,
2996 2226 3057 2280 τὸ
3096 2225 3354 2279 πλεῖστον
3392 2226 3554 2281 αὐτοῦ
3580 2224 3683 2277 τῶν
3710 2222 3871 2291 λόγων,

2338 2318 2432 2384 οὓς
2459 2321 2621 2391 ἡμεῖς
2650 2322 2833 2392 ίσμεν,
2876 2315 3341 2386 συμϐουλευτικόν
3365 2333 3381 2348 ο
3409 2311 3499 2370 οἷα
3528 2316 3576 2369 δ’
3614 2314 3767 2376 είκὺς,
3797 2312 3871 2365 καί

2338 2412 2416 2483 τῷ
2454 2410 2904 2483 συμϐουλευτικῷ
2944 2407 3439 2481 παραπλεκόμενον
3480 2408 3541 2461 τὸ
3566 2402 3670 2469 οἷον
3697 2406 3870 2459 δικανι-

2338 2504 2434 2557 κὸν
2464 2505 2842 2575 παραπλήσιον
2873 2504 2972 2574 τὴν
2997 2502 3199 2575 ἀρετὴν
3224 2504 3326 2556 κὰν
3352 2500 3433 2572 τῷ
3458 2502 3615 2572 μέρει
3644 2497 3767 2568 τῷδε
3794 2493 3868 2547 τοῦ

2337 2594 2496 2665 λόγον
2523 2594 2781 2661 δεικνύει,
2804 2597 2900 2650 καὶ
2926 2597 3161 2667 μάλιστα
3192 2595 3299 2648 τῶν
3322 2593 3503 2647 ἄλλων
3522 2595 3551 2647 ὁ
3586 2588 3867 2652 Ῥοδιακός.

2338 2687 2547 2758 Δριμύς
2581 2704 2639 2742 τε
2674 2690 2783 2761 γάρ
2827 2691 2944 2742 ἐστι
2989 2691 3104 2753 τοῖς
3146 2687 3516 2757 ἐνθυμήμασι,
3566 2684 3658 2737 καὶ
3691 2682 3745 2735 τὸ
3768 2697 3869 2733 συνε-

2337 2782 2716 2853 εστραμμένον
2745 2782 2883 2853 πρός
2912 2798 2973 2850 γε
3004 2779 3095 2834 τὸν
3130 2778 3295 2834 αὑτοῦ
3334 2776 3657 2848 χαρακτῆρα
3688 2773 3782 2827 τῶν
3802 2768 3869 2821 λό-

2338 2885 2449 2937 γων
2474 2870 2635 2941 ἔχων,
2668 2870 2762 2925 καὶ
2785 2870 2849 2925 τὸ
2875 2870 3087 2924 ἔντονον
3112 2868 3250 2939 μετὰ
3269 2867 3368 2921 τοῦ
3388 2868 3611 2937 γονίμου
3640 2860 3864 2917 πλουτῶν.

2342 2961 2600 3031 ’Ἄριστος
2667 2960 2725 3016 δέ
2776 2965 2888 3026 τοῖς
2939 2960 3348 3033 παραδείγμασι
3402 2960 3497 3013 καὶ
3568 2955 3723 3017 πολύς
3772 2955 3866 3006 ἐστι

2338 3052 2639 3122 πανταχοῦ,
2688 3052 2783 3105 καὶ
2831 3052 3084 3122 ποικίλης
3136 3050 3269 3121 ὕλης
3302 3049 3594 3121 λαμϐάνων
3629 3044 3756 3101 αὐτὰ
3789 3041 3866 3095 καὶ

2339 3144 2635 3215 προσφυῶς
2686 3144 3080 3216 ἁρμοζόμενος.
3165 3142 3361 3212 Χαίρει
3420 3141 3477 3193 δὲ
3533 3139 3750 3211 μάλιστα
3791 3132 3865 3187 καὶ

2341 3232 2751 3303 μυθολογήμασι
2804 3233 2904 3295 τὰς
2949 3231 3299 3303 παραινέσεις
3340 3229 3758 3289 συνδιαπλέκειν,
3792 3221 3858 3275 διὸ

2338 3325 2433 3378 καὶ
2464 3324 2525 3377 τὸ
2576 3324 2771 3392 ἀφελὲς
2810 3324 3026 3380 διώκειν
3068 3323 3217 3376 δοκεῖ
3242 3338 3257 3354 ·
3293 3324 3525 3377 σπάνιον
3574 3319 3676 3389 γὰρ
3719 3315 3863 3373 εἴτις

2338 3416 2488 3487 εὖροι
2529 3416 2671 3471 κατὰ
2705 3418 2795 3470 τὸν
2828 3418 3175 3470 Πλατωνικὸν
3203 3417 3367 3487 ζῆλον
3411 3418 3523 3479 τοῖς
3566 3414 3751 3482 δίαρμα
3789 3404 3865 3458 καὶ

2336 3507 2500 3575 ὖγκον
2528 3506 2973 3580 ἐνεργαζομένοις
3009 3506 3089 3579 τῷ
3124 3506 3290 3578 λόγῳ,
3320 3506 3514 3577 ὥσπερ
3553 3506 3610 3557 ἐν
3629 3500 3701 3571 τῷ
3728 3500 3865 3566 Βορυ-

2338 3598 2607 3669 σθενικῷ,
2666 3598 2858 3668 μύθοις
2925 3599 3088 3653 αὑτὸν
3147 3598 3562 3669 ἀποχρώμενον.
3630 3591 3746 3665 [552
3787 3583 3861 3657 R.]

2350 3688 2579 3759 Ἀφελὴς
2611 3687 2710 3758 μὲν
2740 3685 2835 3740 οὖν
2863 3690 2979 3740 ἐστι
3009 3688 3078 3739 τὰ
3106 3686 3296 3751 πολλὰ,
3328 3686 3405 3749 ὡς
3436 3685 3605 3754 ἔφθην
3634 3680 3675 3711 ⁸⁸
3704 3673 3860 3731 εἰπὼν.

2334 3782 2455 3843 ταῖς
2486 3780 2737 3845 ἐννοίαις,
2769 3779 2865 3833 καὶ
2890 3778 3001 3833 τῶν
3027 3792 3088 3831 τε
3124 3777 3596 3848 καθωμιλημένων
3624 3768 3757 3840 αὐτῷ
3786 3762 3862 3818 καὶ

2336 3870 2778 3936 ἐπιπολαζουσῶν
2804 3872 2861 3925 αἱ
2890 3872 3086 3938 λέξεις,
3119 3871 3215 3923 καὶ
3255 3870 3415 3924 οὐδὲν
3440 3869 3548 3923 οὐδ’
3580 3869 3611 3937 ή
3651 3857 3860 3921 σύνταξις

2333 3964 2440 4017 οὐδ’
2471 3965 2564 4017 ἐπὶ
2582 3964 2640 4017 τὸ
2670 3963 2963 4035 βαθύτερον
2996 3963 3119 4016 οὐδὲ
3165 3963 3227 4016 τὸ
3258 3960 3678 4034 καθηδυνόμενον
3697 3956 3859 4007 ἐκνεω-

2332 4056 2557 4127 τερίζει.
2611 4057 2720 4111 Καὶ
2744 4056 2805 4109 τό
2834 4073 2898 4125 γε
2924 4056 3018 4110 ἐπὶ
3033 4058 3147 4119 τοῖς
3172 4056 3383 4126 ῥήμασι
3412 4054 3507 4107 καὶ⁵
3527 4055 3589 4122 τῇ
3616 4039 3858 4117 συμπλοκῇ

2332 4148 2441 4200 τῶν
2456 4146 2732 4217 ὀνομάτων
2748 4147 2841 4200 τοῦ
2874 4148 3077 4216 σαφοῦς
3097 4148 3163 4201 ἄν
3189 4164 3272 4209 τις
3293 4147 3532 4199 ἐλπίσειε
3550 4142 3636 4195 τὸν
3654 4146 3858 4203 συγγρα-

2334 4238 2441 4305 φέα
2474 4238 2902 4307 κατεστοχάσθαι
2923 4253 2939 4268 ⁸
2979 4237 3114 4291 ἀλλὰ
3140 4238 3201 4291 τό
3231 4254 3296 4305 γε
3320 4238 3410 4290 διὰ
3438 4231 3641 4306 μακροῦ
3670 4227 3757 4297 τὴν
3780 4222 3859 4287 τῆς
3944 4224 3949 4235 ’

2333 4327 2570 4391 διανοίας
2590 4329 2843 4383 ἀπόδοσιν
2864 4329 3135 4401 προϊέναι,
3161 4330 3255 4382 καὶ
3277 4332 3399 4391 ταῖς
3419 4324 3683 4384 ἐπιϐολαῖς
3704 4321 3759 4371 ἐκ
3781 4310 3856 4367 τοῦ

2337 4421 2432 4473 ἐπὶ
2463 4419 2714 4474 πλεῖστον
2732 4424 2821 4475 τὸν
2840 4421 2997 4489 λόγον
3021 4420 3437 4491 διαπεπλέχθαι,
3462 4418 3559 4473 οὐκ
3586 4414 3671 4467 ἐπὶ
3699 4401 3851 4479 μικρῷ

665 4508 1149 4577 gressionibusque
1174 4519 1231 4563 ut
1261 4509 1553 4579 plurimum
1587 4512 1893 4565 orationem
1929 4511 2230 4579 intertexit,

2340 4512 2435 4582 τῆς
2470 4512 2729 4583 τοιαύτης
2753 4513 2916 4567 αὑτὸν
2944 4511 3180 4566 ἐκκλείει
3211 4513 3379 4575 ίδέας.
3422 4508 3580 4564 Ἀλλὰ
3598 4502 3752 4559 ταῦτα
3776 4496 3855 4567 μὲν

665 4613 770 4653 non
822 4614 1015 4669 parum
1058 4598 1126 4653 ab
1180 4599 1284 4653 hoc
1334 4600 1582 4654 instituto
1625 4599 1879 4655 deﬂectit.
1906 4599 2228 4672 Quanquam

665 4689 781 4745 haec
806 4691 1021 4756 quidem
1053 4689 1289 4745 varietas
1305 4689 1550 4762 quaedam
1586 4691 1737 4758 ideae,
1759 4692 2091 4748 characteris
2114 4706 2231 4761 pro-

665 4781 885 4849 prietas,
920 4796 1024 4835 non
1059 4795 1157 4851 pro
1185 4780 1299 4835 vitii
1342 4780 1541 4835 indicio
1598 4780 1784 4837 haberi
1832 4783 2059 4837 forsitan
2105 4796 2229 4851 pos-

665 4872 795 4926 sint.
820 4874 888 4926 At
916 4872 1060 4943 quod
1085 4871 1333 4937 exordia,
1369 4882 1461 4926 aut
1504 4888 1623 4943 quae
1668 4874 2012 4928 exordiorum
2060 4874 2232 4926 instar

667 4970 815 5025 sunt,
861 4961 1170 5033 longissime
1211 4963 1490 5033 producat,
1534 4963 1586 5018 id
1629 4963 1742 5033 jam
1777 4964 1953 5031 palam
1994 4962 2145 5025 facit,
2177 4970 2232 5017 et

664 5066 793 5107 eum
830 5067 1167 5122 nequaquam
1211 5052 1557 5109 familiarium
1605 5054 1985 5124 congressibus
2014 5067 2231 5107 accom-

666 5141 938 5195 modatam
988 5141 1200 5198 dicendi
1258 5142 1489 5198 formam
1536 5159 1632 5215 pro
1677 5144 1822 5199 civili
1876 5152 1933 5199 et
1968 5142 2229 5197 historica

665 5244 949 5299 usurpare,
975 5240 1029 5285 et
1058 5231 1231 5301 majus
1260 5234 1411 5301 quasi
1436 5242 1621 5304 caput,
1653 5249 1813 5304 quam
1854 5233 2121 5303 reliquum
2156 5233 2228 5288 sit

662 5320 924 5375 orationis
949 5335 1163 5393 corpus,
1190 5322 1465 5395 efﬁngere.

732 5413 1051 5471 Oratiouum
1081 5417 1244 5489 igitur
1271 5419 1389 5489 ejus
1421 5426 1656 5491 quatuor
1697 5420 1927 5490 priores,
1961 5415 2028 5472 de
2058 5431 2226 5485 regno

2338 4602 2667 4675 παραλλαγὴ
2698 4604 2741 4635 ⁸⁵
2784 4604 2925 4667 ἰδέας
2952 4606 3045 4657 καὶ
3067 4602 3419 4674 χαρακτῆρος
3439 4601 3646 4671 ἰδίωμα,
3664 4586 3855 4646 ἀλλὀὐκ

2335 4696 2518 4758 αίτίας
2548 4693 2677 4757 ἴσως
2716 4694 2940 4759 ἔνδειξιν
2965 4694 3078 4765 ἔχει
3122 4696 3165 4727 ⁸⁸
3193 4711 3207 4725 ·
3238 4694 3300 4748 τὺ
3329 4694 3375 4746 δ’
3420 4692 3513 4745 ἐπὶ
3561 4682 3854 4760 μακρότατον

2334 4787 2639 4840 ἀποτείνειν
2670 4786 2739 4840 τὰ
2766 4786 3029 4856 προοίμια
3066 4785 3198 4857 ῆτὰ
3249 4782 3362 4838 οἷον
3411 4782 3663 4854 προοίμια
3700 4767 3852 4857 ούκὲτνι

2337 4879 2564 4947 ἀφίησιν
2618 4878 2779 4932 αὑτὸν
2814 4878 2875 4931 τὸ
2917 4879 2994 4948 μὴ
3045 4856 3165 4947 ούχι
3208 4877 3330 4930 ἀντὶ
3378 4876 3421 4908 ⁸⁷
3472 4862 3733 4926 πολιτικοῦ
3775 4856 3853 4910 καὶ

2335 4969 2714 5040 συγγραφικοῦ
2734 4969 2904 5023 τύπου
2928 4972 3020 5023 τὸν
3060 4973 3153 5023 ἐπὶ
3186 4974 3307 5034 ταῖς
3339 4966 3634 5026 συνουσίαις
3658 4951 3851 5015 masta-

2334 5060 2459 5116 σθαι
2487 5062 2919 5132 παραδεδυκότα,
2957 5064 3053 5117 καὶ
3083 5058 3254 5133 μείζω
3300 5063 3400 5135 τὴν
3428 5058 3661 5130 κεφαλὴν
3684 5050 3767 5121 τὴν
3790 5045 3848 5103 ὡς

2330 5153 2391 5205 ἐν
2428 5152 2572 5223 λόγῳ
2606 5154 2648 5186 ⁸⁸
2675 5153 2771 5208 τοῦ
2799 5154 2990 5209 λοιποῦ
3021 5156 3273 5227 σώματος
3310 5153 3664 5209 διαπλάττειν.

2406 5412 2527 5465 Τῶν
2563 5412 2741 5466 τοίνυν
2791 5413 2964 5482 λόγων
3005 5412 3171 5467 αὐτοῦ
3199 5409 3241 5465 δ’
3278 5412 3403 5483 περὶ
3459 5399 3713 5480 βασιλείας
3764 5387 3845 5459 μέν

1940 5528 2170 5583 ἻΛΡιΙΑῖ
2206 5527 2610 5585 LECTIONES.

738 5690 781 5721 ¹⁰
820 5688 1143 5768 τα,ύ,της-Αξ
1178 5690 1275 5768 ﬁt?
1301 5690 1405 5768 fflc
1440 5707 1501 5755 ςο
1577 5684 1955 5768 ξξῆνλῆν-οῦν
1984 5690 2050 5744 Α.
2203 5682 2371 5768 τᾶλλα
2473 5706 2486 5742 ;
2513 5690 2579 5743 τὰ
2602 5690 2763 5747 λοιπὰ
2810 5689 2869 5746 δέ
2900 5706 2960 5757 ς.
3041 5689 3081 5721 ⁸³
3106 5689 3147 5741 δ’
3198 5688 3261 5742 Δ.
3298 5703 3313 5743 ι
3344 5702 3401 5741 τε
3438 5700 3496 5749 ς.
3572 5677 3613 5710 ⁸⁸
3638 5674 3761 5742 ἔφην
3783 5661 3837 5716 Λο

668 5761 712 5793 ⁸⁸
731 5757 1086 5833 παραλλαγῆς
1109 5761 1175 5826 Α,
1227 5757 1269 5795 ί⁶
1301 5757 1410 5826 ἕξει
1438 5779 1477 5826 ς
1554 5762 1618 5815 .¹⁷
1650 5757 1918 5833 ἀντίὀύχι
1954 5776 2014 5824 ς’.
2092 5759 2134 5792 ⁸⁸
2160 5759 2218 5812 ἐν
2267 5757 2346 5827 τῷ
2391 5757 2531 5831 λόγῳ
2560 5776 2622 5823 ς,
