4038 6416
221 379 312 446 681

1298 358 1818 439 mBLIo’mEeA.
1860 407 1925 415 —
1953 380 2115 441 con.
2154 381 2345 441 ccxx.

3332 379 3438 446 683

220 498 352 551 τίσιν
404 492 677 565 εἰρημένοι
706 511 720 523 ·
763 493 857 546 καὶ
912 494 941 546 ό
989 491 1044 545 E'
1073 493 1149 553 δέ,
1193 494 1447 560 Λιϐυκὸς
1480 496 1783 567 ἐπιγραφό-

1892 498 2045 552 dictae
2072 508 2218 552 sunt.
2241 498 2434 563 Quinta
2467 495 2609 557 dein.
2642 507 2763 562 quas
2798 490 2993 563 Libym
3026 501 3265 560 vocatur,
3289 506 3345 550 et
3371 498 3442 551 ab

220 604 399 658 μενος.
462 585 629 654 μῦθον
682 585 779 655 μὲν
835 585 1004 638 Λίϐυν
1054 585 1409 653 ἀπαγγέλλει,
1460 588 1683 640 ἐκείνων
1734 586 1778 638 δ’

216 681 359 731 ἐστὶν
404 677 724 746 ἐξημμένος.
787 676 847 730 '0
914 676 959 730 δ’
1012 676 1169 739 ἕκτος
1201 679 1243 708 ¹⁹
1296 681 1421 748 περὶ
1469 679 1781 749 τυραννίδος

216 769 388 824 δίεισι.
411 770 501 821 καὶ
532 769 658 836 περὶ
689 768 889 838 ἀρετῆς
916 770 944 822 ό
976 770 1069 821 ἐπὶ
1098 767 1294 838 τούτῳ.
1325 768 1383 824 '0
1411 770 1468 823 δὲ
1495 771 1555 822 Η¹
1580 770 1779 839 Διογέ-

215 874 323 922 νης
362 856 532 926 μὲνῆ
581 856 881 924 Ἰσθμικὸς
936 857 1246 927 ἐπιγραφὴν
1305 858 1436 928 ἔχει,
1491 859 1690 928 πρᾶξιν
1724 858 1781 912 δέ

216 966 329 1003 τινα
344 952 435 1001 καὶ
453 947 643 1010 λόγους
660 948 938 1016 Διογένους
955 950 1095 1002 κατὰ
1116 950 1184 1001 τὰ
1205 949 1317 1002 Ἰσθ
1327 967 1430 1018 μια
1452 949 1778 1018 διαγγέλλει.

220 1042 321 1093 Καὶ
352 1044 381 1093 ό
418 1040 497 1104 Θ’,
539 1039 819 1109 Διογένης
853 1041 900 1071 ¹⁶
928 1040 960 1109 ἢ
989 1041 1128 1108 Περὶ
1160 1040 1406 1094 οἰκετῶν
1424 1044 1493 1104 ²¹,
1533 1046 1784 1111 παραινεῖ

220 1130 313 1199 μὲν
339 1128 585 1190 ἅπαντας
602 1130 668 1182 δι’
696 1132 811 1194 ἐνὸς
844 1130 1141 1200 προσώπου
1170 1130 1335 1183 αὑτοῦ
1368 1132 1464 1201 μὲν
1484 1132 1714 1185 ἕκαστον
1737 1133 1782 1163 ¹¹

219 1220 413 1291 πολλὴν
470 1221 805 1291 ἐπιστροφὴν
868 1224 959 1275 καὶ
1010 1222 1334 1291 ἐπιμέλειαν
1387 1224 1660 1276 ποιεῖσθαι
1711 1224 1781 1287 ’³,

216 1312 396 1380 ὀλίγην
417 1313 473 1366 δέ
504 1313 613 1365 τῶν
645 1312 841 1377 ἔξωθεν
871 1315 1290 1385 συμπιπτόντων
1318 1330 1331 1344 ⁸
1360 1316 1454 1367 καὶ
1488 1316 1562 1384 μὴ
1584 1316 1783 1386 χρῆναι

218 1403 483 1472 φεύγοντα
548 1404 765 1457 διώκειν
804 1406 1017 1476 οίκέτην
1047 1423 1061 1438 ·
1116 1404 1241 1477 [274
1291 1404 1383 1477 Η.]
1430 1407 1629 1461 ἄτοπον
1675 1408 1784 1477 γὰρ

218 1497 455 1559 ἐκείνους
477 1497 576 1567 μὲν
606 1501 808 1560 κακοὺς
836 1498 994 1561 ὂντας
1016 1498 1258 1561 ἐλπίζειν
1292 1499 1421 1552 ἄνευ
1449 1498 1555 1551 τῶν
1591 1498 1785 1551 δεσπο-

216 1588 317 1640 τῶν
346 1589 576 1656 ἄμεινον
602 1588 916 1657 βιώσεσθαι,
942 1589 1067 1651 τοὺς
1091 1590 1355 1651 δεσπότας
1377 1590 1431 1642 δέ
1464 1589 1538 1659 μὴ
1569 1588 1784 1654 ἀξιοῦν-

218 1695 309 1741 τας
336 1678 383 1708 ³⁸
414 1678 653 1745 φαύλους
689 1674 825 1731 εἶναι
860 1679 935 1750 μὴ
954 1679 1193 1750 νομίζειν
1218 1679 1441 1749 ἄμεινον
1470 1679 1670 1742 διάξειν
1692 1720 1705 1740 ,
1738 1680 1785 1731 εί

221 1774 289 1843 μὴ
345 1773 789 1843 παραπολαύοιεν
829 1774 927 1843 τῆς
976 1775 1085 1825 τῶν
1117 1772 1401 1844 δραπετῶν
1445 1774 1783 1842 σκαιότητος.

1883 592 1989 646 illis
2048 591 2342 643 etiamnum
2388 587 2686 656 dependet,
2744 585 2974 639 fabulam
3033 585 3199 657 Libyn
3256 588 3439 642 refert.

1887 680 2081 750 166a
2141 680 2270 734 Eam
2304 678 2503 745 excipit
2537 686 2710 739 sexta,
2738 689 2857 743 qua:
2880 677 2945 728 de
2984 676 3264 745 tyrannide
3295 691 3445 732 COIII-

1885 779 2147 824 memorat
2175 786 2189 822 :
2224 778 2280 822 ιιι
2310 772 2377 821 de
2405 768 2605 820 virtute
2631 766 2882 833 septima.
2916 762 3140 829 Oetava,
3172 764 3446 834 Diogenis,

1881 861 1998 916 sive
2049 860 2317 914 Isthmiae
2372 859 2585 913 titulum
2638 857 2969 928 praeferens,
3013 856 3153 911 facta
3198 859 3443 926 quaedam

1882 954 2136 1022 dictaque
2167 951 2420 1021 Diogenis
2454 951 2504 1003 in
2543 949 2815 1003 lstlunicis
2853 958 3059 1003 narrat.
3097 947 3272 1015 Noua,
3313 949 3444 1003 Dio-

1880 1060 2033 1113 genes
2069 1058 2282 1113 quoque
2321 1043 2539 1107 dicitur,
2582 1057 2673 1094 seu
2707 1041 2779 1093 De
2807 1041 2989 1095 servis.
3036 1040 3291 1095 Hortatur
3333 1043 3446 1096 sine

1883 1135 2107 1205 gulatim
2155 1136 2459 1198 universos,
2499 1144 2748 1203 satagere
2776 1147 3039 1202 quosque.
3075 1148 3139 1186 ac
3185 1133 3444 1187 sollicitos

1882 1241 2005 1281 esse
2028 1228 2137 1291 sui,
2164 1226 2421 1296 neglectis
2463 1240 2582 1295 qua!
2623 1225 2961 1279 extrinsecus
2996 1224 3302 1279 adveniant.
3327 1222 3441 1278 Non

1883 1319 2138 1388 expedire
2161 1319 2382 1388 insuper
2410 1316 2694 1386 fugitivum
2721 1331 2937 1372 servum
2969 1316 3199 1384 insequi.
3241 1316 3443 1372 Absur-

1884 1410 2009 1463 dum
2032 1409 2175 1463 enim
2200 1424 2340 1475 esse,
2359 1409 2406 1463 si
2442 1408 2524 1461 vel
2552 1409 2647 1471 illi,
2676 1423 2794 1461 cum
2827 1406 3053 1477 improbi
3081 1408 3207 1474 sint,
3228 1414 3447 1475 sperent

1885 1500 2087 1568 absque
2126 1501 2360 1555 dominis
2400 1500 2592 1555 melius
2621 1499 2721 1554 sibi
2768 1498 2902 1561 I‘ore,
2934 1498 3016 1551 vel
3063 1499 3177 1551 beri
3235 1497 3446 1553 illorum

1888 1593 2137 1660 nequitiae
2185 1591 2330 1644 velut
2384 1591 2577 1659 ignari,
2621 1606 2725 1645 non
2765 1590 3013 1657 judicent
3042 1589 3237 1642 melius
3265 1602 3447 1642 secum

1886 1687 2177 1750 agendum,
2209 1684 2252 1737 si
2300 1699 2398 1736 nec
2426 1683 2602 1735 obiter
2625 1681 2788 1734 ullum
2816 1697 2848 1735 θ
2886 1681 3231 1749 fugitivorum
3268 1695 3451 1734 servm

1890 1791 2006 1829 rum
2075 1775 2372 1828 stoliditate
2434 1777 2688 1827 damnum
2752 1773 2949 1827 ferant.
3010 1773 3222 1827 Decima
3275 1774 3451 1826 oratio

230 1862 285 1915 '0
310 1864 365 1916 δὲ
389 1866 425 1915 l'
465 1864 718 1931 Τρωϊκός
746 1864 842 1933 μὲν
864 1864 1013 1916 ἕλκει
1045 1866 1144 1934 τὴν
1170 1862 1500 1934 ἐπιγραφὴν,
1528 1864 1667 1934 ὑπὲρ
1703 1863 1786 1916 τοῦ

1892 1864 2080 1919 Troica
2118 1866 2452 1927 inscribitur,
2484 1865 2553 1919 de
2586 1880 2650 1918 eo
2685 1867 2930 1919 studiose
2973 1865 3269 1929 elaborata,
3307 1864 3450 1933 quod

224 1954 293 2022 μὴ
333 1954 543 2007 ἁλῶναι
594 1954 649 2008 δὲ
686 1955 746 2007 τὸ
788 1956 949 2008 Ἴλιον
981 1955 1415 2017 διεσπούδασται,
1466 1956 1687 2025 Ὁμήρῳ
1723 1972 1783 2007 τε

222 2040 351 2093 κατά
373 2041 438 2093 τὸ
462 2032 798 2113 τραχύτερον
827 2042 1217 2113 προσφέρεται,
1241 2042 1335 2095 καὶ
1362 2044 1461 2095 ὅσα
1494 2042 1627 2097 ἄλλα
1647 2042 1788 2096 κατά

221 2130 311 2203 τὴν
360 2134 565 2186 Ἰλιάδα
590 2135 736 2203 αὑτῴ
771 2135 1082 2202 πεποίηται,
1118 2135 1377 2187 τάναντία
1405 2134 1615 2197 τούτοις
1644 2151 1787 2204 πρα-

222 2226 575 2292 γματεύεται.
594 2227 649 2279 ’0
670 2228 723 2280 δέ
740 2227 1100 2296 Ὀλυμπικὸς
1116 2226 1148 2297 ἢ
1165 2229 1301 2296 Περὶ
1320 2226 1428 2296 τῆς
1440 2227 1670 2295 πρώτης
1683 2226 1787 2281 τοῦ

224 2313 362 2367 Θεοῦ
398 2316 673 2382 ἐννοίας,
704 2318 834 2369 αὐτὸ
862 2316 1017 2370 τοῦτο
1050 2315 1785 2388 πειρώμενοςέπιδεικνύειν,

224 2405 506 2468 ἑνδέκατος
528 2410 694 2461 ἐστιν.
716 2409 771 2460 '0
797 2408 853 2461 δὲ
879 2406 985 2473 IB',
1012 2408 1115 2463 Ἐν
1132 2408 1405 2474 Ἀθήναις
1433 2409 1563 2477 περὶ
1594 2406 1789 2477 φυγῆς

223 2497 529 2566 ἐπιγραφὴν
579 2498 740 2568 ἔχων,
789 2500 1005 2571 εἴρηται
1058 2500 1157 2569 μέν
1200 2502 1257 2553 ἐν
1288 2501 1495 2563 αὑταῖς,
1536 2500 1695 2573 δίςισι
1732 2499 1789 2553 δὲ

222 2588 286 2649 ὡς
307 2589 468 2643 οὐδὲν
492 2592 525 2658 ἡ
554 2592 697 2661 φυγὴ
722 2592 979 2662 χαλεπὸν,
1010 2592 1105 2645 καὶ
1132 2593 1206 2655 ώς
1241 2593 1286 2622 ’⁸
1316 2591 1544 2654 πλοῦτος
1571 2592 1668 2661 μὲν
1698 2589 1790 2644 καὶ⁸

222 2678 336 2743 δόξα
360 2682 464 2734 καὶ
493 2682 781 2736 δυναστεία
806 2685 997 2737 θᾶττον
1030 2686 1137 2737 ἀπὸ
1168 2684 1275 2737 τῶν
1294 2685 1521 2754 ἐχόντων
1546 2686 1636 2736 ἐπὶ
1666 2684 1791 2746 τοὺς

228 2772 337 2841 μηδ’
360 2773 700 2838 ἐλπίσαντας
748 2780 1032 2849 μεταρρεῖ,
1061 2780 1121 2830 τὸ
1147 2778 1204 2831 δέ
1234 2778 1545 2847 φιλοσοφεῖν
1569 2779 1661 2831 καὶ
1693 2778 1789 2845 τὴν

223 2864 413 2935 ἀρετὴν
461 2867 650 2919 ἀσκεῖν
686 2868 773 2921 διὰ
812 2869 926 2938 βίου
958 2886 1017 2922 τε
1056 2869 1243 2939 κτῆμα
1290 2870 1534 2938 διαμένει
1588 2870 1791 2937 ἀγαθὸν

225 2954 310 3008 καὶ
343 2958 734 3026 ἀποιχομένοις
774 2960 1083 3012 συνέπεται.
1131 2959 1188 3011 '0
1220 2958 1278 3012 δὲ
1311 2959 1388 3010 II"
1426 2959 1715 3024 Εὑϐοϊκὸς
1744 2959 1789 2989 ’⁸

225 3048 254 3117 ἢ
283 3050 691 3118 Κυνηγετικὸς
721 3050 912 3119 ἐλαχεν
940 3050 1277 3122 ἐπιγραφὴν,
1307 3052 1519 3119 εἰσάγει
1556 3051 1614 3103 δέ
1646 3067 1790 3114 τινας

225 3141 276 3192 ἐν
298 3142 507 3213 Εὐϐοίᾳ
539 3141 778 3195 τοιοῦτον
815 3142 927 3212 βίον
972 3142 1244 3212 βιοῦντας,
1291 3143 1358 3195 δι’
1385 3136 1459 3196 ὧν
1489 3159 1791 3195 κατασκευ-

226 3234 335 3296 άζει
391 3234 480 3295 ὡς
512 3237 540 3286 ό
573 3235 884 3305 ἀπράγμων
934 3235 1068 3304 βίος,
1119 3238 1165 3287 εἰ
1209 3236 1303 3287 καὶ
1346 3236 1637 3305 πενόμενος
1691 3237 1797 3304 εἴη,

230 3327 393 3395 πολλῷ
415 3326 532 3379 τῶν
550 3330 605 3378 ἐν
636 3326 787 3378 ἄστει
817 3326 1227 3396 θορυϐουμένων
1257 3343 1314 3377 τε
1341 3327 1433 3379 καὶ
1464 3326 1795 3394 τρυφώντων

228 3419 377 3486 ἡδίων
433 3436 499 3471 τε
547 3419 641 3470 καὶ
685 3418 1141 3486 λυσιτελέστερος.
1198 3418 1501 3483 Ῥοδιακὸς
1545 3420 1603 3470 δὲ
1645 3422 1668 3471 ό
1722 3417 1795 3470 ΙΔ⁹

229 3512 591 3581 ἐπιγράφεται
615 3527 629 3540 ·
672 3513 729 3562 ἐν
766 3510 940 3579 τούτῳ
981 3510 1098 3571 ἔθος
1126 3510 1318 3576 ἄλογον
1364 3510 1518 3579 παρὰ
1574 3510 1795 3573 Ῥοδίοις

232 3604 458 3674 ἐπιτιμᾷ
510 3603 847 3655 ἐπιπολάσαν
879 3604 945 3654 ⁸⁷.
1001 3604 1072 3655 Τὸ
1129 3602 1171 3654 δ’
1221 3599 1307 3673 ἦν,
1369 3601 1461 3663 οὓς
1518 3602 1797 3654 ἐϐούλοντο

232 3700 382 3766 τιμᾷν
422 3694 702 3765 ἀνδριᾶσι,
748 3694 956 3756 τούτοις
1014 3694 1112 3763 μὲν
1153 3693 1441 3761 ἀνδριάντα
1502 3692 1796 3745 ἀνίστασαν

234 3787 438 3850 οὐδένα,
493 3789 619 3849 τοὺς
664 3787 721 3839 δὲ
787 3788 896 3848 τοῖς
943 3788 1109 3839 πάλαι
1161 3785 1547 3854 ἀνεστηκότας,
1593 3784 1796 3836 τούτων

238 3878 331 3947 ἄρα
358 3880 403 3911 ⁸⁸
438 3879 477 3949 ἢ
523 3878 621 3940 τὰς
679 3880 991 3949 ἐπιγραφὰς
1040 3876 1389 3947 μεταξέοντες
1440 3877 1519 3938 είς
1561 3877 1630 3928 τὰ
1687 3875 1796 3928 τῶν

240 3971 536 4037 μελλόντων
588 3969 887 4039 τιμηθῆναι
938 3969 1197 4039 ὀνόματα,
1250 3968 1284 4037 ἢ
1326 3966 1404 4037 τῷ
1453 3968 1628 4036 χρόνῳ
1663 3966 1796 4036 μηδέ

237 4062 570 4130 φαινομένων
602 4061 1024 4129 ἐπιγράφοντες,
1072 4059 1179 4110 τῶν
1213 4075 1273 4109 τε
1313 4058 1606 4127 οἰχομένων
1634 4057 1696 4109 τό
1732 4074 1795 4124 γε

237 4152 298 4203 ἐπ
335 4155 527 4215 αὐτοῖς
562 4154 659 4222 τὴν
691 4156 734 4183 ²⁹
772 4152 936 4223 τιμὴν
964 4151 1334 4215 ἐλυμαίνοντο,
1376 4150 1468 4202 καὶ
1506 4149 1597 4213 οὒς
1633 4152 1797 4219 τιμᾷν

236 4242 654 4306 ὑπεπλὰπτοντο,
710 4244 1015 4312 ἀλλοτρίαις
1058 4246 1151 4295 καὶ
1186 4241 1308 4294 κατ’
1343 4242 1494 4294 οὐδὲν
1537 4243 1797 4306 ἐοικυίαις

237 4335 430 4389 εἰκόσιν
485 4335 786 4402 ἐνύϐριζον.
824 4334 953 4407 [555
998 4334 1089 4407 8.]
1133 4335 1221 4387 Ἐν
1245 4334 1379 4404 τῷδε
1411 4333 1489 4404 τῷ
1515 4334 1657 4402 λόγῳ
1701 4354 1797 4405 με-

237 4426 362 4498 γάλη
411 4427 516 4479 τοῦ
571 4428 760 4497 ἀνδρὸς
810 4428 909 4499 τῆς
958 4428 1426 4495 ἀνασκευαστικῆς
1461 4426 1505 4457 ⁸ο
1558 4427 1735 4496 ίσχύος
1764 4430 1797 4497 ή

237 4519 461 4591 ἀρετὴ⁸¹
487 4520 845 4588 διαφαίνεται.
897 4522 955 4574 '0
991 4523 1052 4575 δέ
1082 4524 1159 4575 IE’
1190 4524 1345 4590 Πρὸς
1384 4524 1799 4591 Ἀλεξανδρεῖς

243 4610 331 4678 μὲν
358 4612 788 4682 ἐπιγέγραπται.
818 4613 881 4683 δή
895 4631 993 4683 μου
1014 4616 1074 4669 δὲ
1104 4616 1267 4683 φύσιν
1290 4618 1649 4671 ἀναπτύσσων
1675 4617 1802 4669 ταύ-

241 4722 328 4773 της
354 4708 721 4776 κατατρέχει·
762 4710 856 4761 καὶ
887 4711 968 4762 ὃτι
1003 4710 1078 4780 μὴ
1125 4712 1231 4781 χρὴ
1279 4712 1368 4764 τὸν
1410 4710 1803 4781 Ἀλεξανδρέων

243 4796 424 4867 δῆμον,
464 4798 568 4851 ῐδια
603 4799 773 4852 πολλά
828 4800 896 4853 τά
952 4802 1088 4871 πρὸς
1139 4803 1341 4873 ἀρετὴν
1385 4801 1803 4873 παρακαλοῦντα

245 4885 449 4954 ἔχοντα,
486 4889 585 4958 τῆς
643 4891 700 4939 ἐν
744 4888 823 4959 τῷ
856 4890 1022 4959 κοινῷ
1072 4892 1513 4963 ἐπιπολαζούσης
1561 4891 1804 4962 ταραχῆς

247 4977 328 5028 καὶ
352 4978 582 5042 ἀταξίας
614 4980 707 5030 καὶ
742 4980 904 5033 αὑτὸν
936 4977 1074 5033 εἶναι
1106 4981 1150 5012 ³⁸
1178 4982 1532 5053 ἀνδράποδον,
1564 4982 1800 5052 μάλιστα

246 5067 293 5121 δὲ
311 5072 831 5140 παραφυλάττεσθαι
865 5073 926 5126 τὸ
954 5074 1259 5144 ἁμάρτημα
1290 5074 1431 5128 κατὰ
1460 5074 1557 5135 τὰς
1578 5074 1805 5143 δημοτε-

247 5158 347 5223 λεῖς
377 5164 718 5234 πανηγύρεις
764 5166 859 5217 καὶ
889 5166 957 5217 τά
1004 5164 1226 5235 θέατρα.
1290 5166 1567 5233 Ταρσικοὶ
1611 5165 1670 5217 δέ
1712 5164 1805 5218 δύο

249 5250 435 5321 ἐφεξῆς
463 5254 775 5324 ἐπιγραφῆς
803 5256 1012 5324 ἔτυχον,
1032 5248 1106 5307 ὧν
1134 5258 1163 5308 ό
1192 5254 1293 5324 μὲν
1325 5261 1373 5308 α’
1420 5255 1640 5308 ἔπαινόν
1683 5272 1804 5306 τινα

248 5339 340 5409 τῆς
372 5344 579 5409 πόλεως
612 5346 915 5417 ἐπιτρέχων
936 5348 1037 5399 οὑκ
1070 5347 1393 5417 εὐδαίμονας
1422 5347 1636 5410 ἐκείνας
1673 5348 1806 5399 ἀπο-

1891 1956 2042 2010 Ilium
2092 1972 2200 2009 non
2250 1955 2415 2009 fuerit
2449 1966 2684 2024 captum.
2722 1955 2956 2010 Homero
3002 1957 3164 2024 igitur
3207 1956 3451 2023 asperius

1892 2052 2229 2111 adversatur,
2290 2050 2458 2116 iisque
2518 2049 2768 2103 omnibus
2828 2049 3101 2102 contraria
3159 2047 3449 2105 describit,

1891 2153 2013 2206 quae
2039 2148 2164 2192 sunt
2188 2140 2255 2190 ab
2286 2138 2377 2192 illo
2414 2140 2463 2192 in
2492 2138 2664 2192 Iliade
2691 2139 3006 2206 composita.
3037 2137 3328 2207 Olympico,
3357 2148 3451 2190 seu

1892 2229 1970 2284 De
1992 2233 2161 2298 prima
2181 2232 2278 2286 Dei
2295 2232 2589 2301 cognitione
2606 2230 2746 2300 (quae
2770 2230 2908 2285 idem
2934 2228 3060 2284 illud
3084 2230 3453 2284 demonstrare

1894 2325 2143 2393 conatur)
2177 2324 2462 2377 undecima
2492 2330 2601 2375 est.
2638 2321 2958 2375 Duodecimn
2984 2321 3202 2374 Athenis
3234 2320 3299 2372 de
3317 2318 3453 2372 exsi-

1894 2413 1969 2467 lio
1995 2415 2179 2468 habita
2210 2416 2418 2469 titulum
2465 2415 2703 2484 μετείθη.
2744 2412 2811 2468 Ει
2856 2414 3035 2467 habita
3082 2428 3210 2468 vere
3258 2411 3452 2465 ibidem

1895 2516 1999 2571 est,
2047 2509 2312 2575 docetque
2361 2507 2608 2561 exsilium
2642 2508 2775 2563 nihil
2804 2507 3004 2561 habere
3039 2505 3402 2561 molestiarum
3438 2519 3452 2555 :

1896 2598 2114 2651 divitias
2154 2599 2281 2651 item
2330 2607 2385 2651 et
2437 2598 2660 2663 gloriam
2698 2610 2859 2667 atque
2898 2598 3178 2665 imperium
3220 2595 3378 2649 citius
3425 2610 3453 2644 a

1894 2688 2294 2755 possidentibus
2318 2688 2381 2740 ad
2414 2702 2506 2741 eos
2542 2689 2631 2757 qui
2668 2686 2889 2741 minime
2929 2687 3242 2755 sperabant,
3276 2692 3457 2738 trans.

1896 2776 2025 2831 ferri
2058 2795 2071 2830 :
2104 2778 2378 2846 sapientiai
2404 2792 2536 2832 vero
2566 2779 2800 2831 studium
2829 2818 2844 2839 ,
2888 2792 2952 2833 ac
2995 2778 3208 2831 virtutis
3253 2775 3459 2830 exerci‘

1897 2873 2184 2937 tationem,
2212 2882 2267 2926 et
2316 2883 2600 2941 perpetuas
2648 2873 2698 2925 in
2742 2873 2840 2925 hac
2887 2872 2992 2924 vita
3035 2878 3459 2936 constantesqun

1897 2964 2116 3019 divitias
2155 2979 2296 3027 esse,
2340 2974 2395 3017 et
2438 2965 2564 3017 hinc
2600 2965 2760 3017 etiam
2811 2964 3141 3031 etnigrantes
3187 2958 3456 3015 comitari.

1899 3057 2035 3111 XIII.
2080 3058 2313 3111 Euboica
2356 3072 2449 3111 seu
2506 3056 2792 3110 Venatoria
2851 3056 3183 3110 inscribitur.
3250 3052 3462 3108 lnducit

1902 3158 2080 3201 autem
2128 3150 2389 3217 quosdam
2442 3149 2579 3202 hanc
2611 3149 2664 3201 in
2714 3148 2913 3202 Eubma
2944 3147 3107 3200 vitam
3156 3146 3457 3199 ducentes:

1828 3238 1871 3297 C
1903 3257 2001 3309 per
2032 3257 2170 3309 quos
2211 3242 2368 3294 docet
2404 3242 2566 3293 vitam
2600 3240 2888 3308 privatam,
2923 3238 3022 3293 etsi
3060 3237 3345 3307 pauperior
3369 3236 3459 3299 sit.

1900 3334 2057 3401 longe
2083 3331 2463 3399 iucundiorem
2493 3347 2632 3390 esse.
2672 3340 2725 3385 et
2757 3330 3051 3393 utiliorem,
3083 3344 3242 3396 quant
3276 3342 3460 3381 eorum

1897 3426 2068 3492 quiin
2111 3425 2335 3479 urbibus
2374 3423 2557 3476 turbas
2601 3423 2752 3491 juxta
2796 3438 2857 3477 ac
2906 3421 3130 3476 delicias
3173 3418 3463 3488 experiuna

1901 3526 2007 3569 tur.
2041 3515 2181 3569 XIV.
2221 3515 2488 3568 Rhodiaca
2521 3517 2846 3568 nominatur.
2878 3516 3181 3569 Absurdum
3214 3513 3314 3566 hac
3337 3526 3461 3566 ora-

1899 3610 2047 3662 tione
2076 3624 2304 3673 morem,
2342 3611 2431 3677 qui
2485 3619 2596 3661 tum
2632 3608 2805 3661 Rhodi
2854 3608 3233 3671 invalescebat,
3279 3619 3466 3673 repre-

1906 3702 2111 3755 hendit.
2152 3700 2302 3766 Quos
2327 3702 2471 3754 enim
2511 3701 2704 3754 statuis
2742 3699 3082 3752 honorandos
3118 3705 3461 3758 censuerant,

1901 3791 1985 3845 Itis
2025 3792 2200 3845 nullas
2239 3792 2566 3853 statuebant,
2601 3795 2693 3844 sed
2731 3806 2939 3852 earum,
2974 3803 3094 3858 quae
3124 3789 3314 3858 priscis
3344 3789 3461 3842 fne-

1899 3897 2022 3938 rant
2072 3886 2367 3949 collocatae,
2405 3884 2485 3937 vel
2546 3883 2925 3951 inscriptiones
2982 3880 3035 3933 in
3087 3894 3319 3943 eorum,
3372 3880 3459 3947 qui

1902 3978 2116 4030 venturi
2166 3986 2351 4030 essent
2405 3976 2624 4029 nomina
2663 3982 2987 4027 mutantes:
3025 3971 3111 4025 vel
3158 3970 3203 4025 si
3257 3978 3466 4041 tempo-

1901 4072 1975 4123 ris
2019 4070 2211 4137 injuria
2269 4083 2373 4121 non
2401 4078 2724 4136 apparerent
2755 4066 2916 4126 tituli.
2960 4080 3125 4119 novos
3164 4063 3466 4132 insculpeu-

1899 4172 2015 4223 tes,
2058 4158 2229 4213 simul
2280 4158 2388 4210 vita
2442 4158 2748 4210 functorum
2806 4155 3030 4221 gloriam
3073 4154 3352 4223 (quantum
3407 4153 3464 4207 in

1901 4254 2032 4323 ipsis
2084 4252 2232 4320 'erat)
2268 4250 2566 4312 foedabant,
2609 4247 2770 4303 simul
2818 4262 2957 4316 quos
2984 4247 3251 4299 honorare
3287 4245 3467 4297 decre-

1897 4352 2111 4406 verant,
2170 4342 2396 4405 alienis,
2466 4350 2522 4394 et
2573 4354 2691 4405 qum
2752 4338 2885 4392 nihil
2944 4336 3312 4391 similitudinis
3373 4335 3467 4389 Ita-

1902 4437 2135 4497 berent,
2201 4431 2526 4501 imaginibus
2587 4431 2851 4483 dedecore
2921 4428 3096 4496 potius
3141 4423 3465 4479 aﬂiciebant.

1824 4522 2016 4621 DQua
2068 4522 2283 4590 quidem
2325 4521 2374 4573 in
2432 4521 2678 4572 oratione
2720 4519 2912 4587 ingens
2968 4515 3150 4569 Dionis
3198 4512 3465 4567 refutandi

1902 4615 2040 4667 alios
2068 4614 2148 4665 vis
2176 4623 2336 4681 atque
2368 4612 2596 4666 facultas
2623 4611 2910 4679 insigniter
2936 4608 3214 4661 elncescit.
3244 4602 3360 4658 XV.
3388 4604 3467 4658 Ad

1900 4704 2287 4756 Alexandrinos
2312 4704 2514 4765 habita,
2564 4702 2898 4754 inscribitur.
2925 4700 3080 4767 Vulgi
3125 4699 3176 4750 in
3220 4712 3281 4751 ea
3321 4697 3471 4764 iuge‘

1903 4797 2050 4847 nium
2106 4808 2389 4863 moresque
2445 4792 2686 4861 exponit,
2734 4807 2798 4845 ac
2860 4790 3189 4859 perstringit.
3260 4787 3475 4856 Nequa-

1902 4900 2061 4953 quam
2116 4885 2337 4951 insuper
2394 4885 2605 4949 decere,
2667 4892 2726 4935 ut
2777 4883 2938 4935 etiam
2971 4882 3196 4950 p0pu|us
3238 4881 3475 4934 Alexan-

1902 4978 2113 5042 drinus,
2168 4974 2373 5046 ιθϐὁ
2434 4975 2523 5042 qui
2579 4975 2796 5043 propria
2853 4982 2931 5026 tot
2984 4972 3211 5026 haberet
3258 4971 3475 5023 virtutis

1904 5068 2281 5129 incitamenta,
2310 5076 2624 5119 exortorutn
2666 5064 2718 5116 in
2748 5062 3018 5132 republica
3051 5059 3375 5114 tmnultuum
3415 5072 3479 5110 ac

1906 5160 2235 5216 seditionum
2272 5159 2419 5212 velut
2460 5155 2790 5226 mancipium
2841 5154 2956 5207 ﬁat.
3011 5150 3319 5206 Praesertim
3349 5163 3478 5203 vero

1910 5252 2059 5307 illum
2102 5265 2342 5307 errorem
2379 5248 2679 5303 cavendum
2711 5260 2833 5300 esse
2867 5253 3079 5308 monet,
3110 5242 3199 5311 qui
3228 5242 3280 5296 in
3305 5238 3480 5309 publi-

1911 5346 1993 5399 cis
2026 5344 2381 5398 conventibus
2421 5355 2487 5395 ac
2515 5339 2743 5395 theatris
2788 5337 3250 5392 committebatur.
3292 5330 3479 5386 Tarsi.

1505 5484 1733 5538 VARl/E
1774 5481 2179 5538 LECTIONES.

322 5640 360 5669 "
388 5640 541 5703 ἕκτος
572 5641 668 5694 καὶ
695 5640 817 5710 περί
848 5642 911 5694 Α.
1023 5641 1068 5671 ¹⁰
1096 5641 1374 5706 Διογένους
1394 5642 1457 5693 A.

259 5708 298 5739 ’³
328 5711 585 5762 ποιεῖσθαι
613 5708 777 5763 αὑτοῦ
806 5711 884 5763 ὁλ.
922 5728 981 5773 ς’.
1060 5710 1105 5741 ’⁵
1131 5711 1407 5776 ἀξιοῦντες
1430 5728 1490 5773 ς.

1556 5642 1596 5670 ²¹
1628 5641 1736 5695 οἰκ.
1786 5639 1878 5691 καὶ
1933 5639 2280 5709 παραινεῖς.

1567 5710 1611 5740 ³⁸
1642 5710 1717 5772 ώς
1769 5712 1809 5762 Α
1842 5711 1962 5762 εὸτι
2012 5726 2071 5772 ς’.

2384 5636 2430 5666 ²¹
2464 5636 2563 5703 μὲν
2606 5634 2836 5686 ἕκαστον
2876 5633 2917 5684 Δ
2955 5650 2974 5703 :~
3000 5631 3229 5703 ἕκαστον
3270 5628 3383 5703 μέν
3421 5644 3483 5703 ς-2

2149 5708 2195 5739 ²⁶
2228 5694 2512 5768 Εὑϐοεικός
2568 5722 2628 5767 ς.
2705 5704 2748 5735 ²¹
2798 5701 3125 5762 ἐπιπολάζον
3155 5718 3215 5764 ς.
3271 5694 3335 5729 ⁷³⁸
3357 5694 3485 5768 ἄρα]

342 5781 484 5847 παρά
510 5796 590 5844 pr.
621 5782 683 5831 A.
757 5784 799 5812 ²⁹
831 5769 945 5849 τῆν’
968 5781 1091 5833 add.
1126 5769 1195 5837 Δί
1268 5779 1311 5811 ³⁰
1342 5769 1739 5849 ἀνα-σκευτικῆς
1786 5769 2158 5848 ἀττικῆςὶσχ.
2185 5777 2249 5831 Α.
2324 5778 2365 5809 ³³
2394 5778 2425 5845 ἡ
2456 5776 2623 5844 ἀρετὴ
2651 5775 2768 5827 add.
2802 5774 2864 5826 A.
2944 5773 2986 5801 ³²
3008 5769 3147 5825 εἶναι
3180 5786 3289 5825 om.
3327 5773 3387 5820 Α.

486 5871 753 5932 Ριτιιοι..
786 5874 900 5934 Gn.
934 5873 1097 5932 CIII.

2988 5862 3065 5922 22
