4038 6444
559 403 662 467 683

1685 396 1951 459 PHOTII
1989 392 2503 456 PATRIABCH/E
2541 392 2651 453 CP.

3699 388 3821 452 684

559 531 761 579 carum,
792 527 913 584 qua
956 512 1075 569 dum
1121 520 1447 585 sequuntur,
1491 511 1909 584 appellationem
1959 520 2132 567 nactae

2247 510 2419 579 φαίνει
2463 509 2574 562 τῶν
2620 509 2853 571 πόλεων,
2893 509 3020 562 ὅσαι
3050 509 3256 581 κρήνας
3289 508 3383 561 καὶ
3408 508 3685 576 ποταμοὺς
3715 510 3822 560 καὶ

559 617 709 664 sunt.
742 606 943 663 Harum
979 607 1129 676 prior
1154 616 1279 677 post
1312 606 1504 662 urbem
1538 606 1685 662 illam
1715 606 1917 661 cursim
1942 604 2132 659 lauda-

563 714 696 763 tam.
753 713 1025 768 nunquam
1098 697 1381 753 civitatum
1434 696 1749 753 felicitatem
1805 698 2130 752 metiendam

561 791 778 845 doceta
810 786 1087 854 fontibus,
1135 786 1468 853 ﬂuminibus,
1536 788 1781 843 venustis
1834 787 2134 857 porticibus

560 889 656 935 aut
684 878 945 940 aedificiis,
978 876 1359 945 fructuumque
1380 876 1734 941 abundantia,
1790 889 2019 945 quaeque
2049 874 2134 929 bis

562 969 759 1026 similia
789 969 1098 1033 laudantur,
1158 968 1251 1021 sed
1299 982 1394 1021 eas
1446 969 1611 1022 urbes
1649 966 2042 1030 commendari,
2079 966 2133 1019 in

561 1062 761 1133 quibus
787 1060 1073 1130 disciplina
1103 1074 1165 1114 ac
1195 1059 1369 1112 virtus
1395 1059 1592 1113 civium
1637 1058 1986 1113 claresceret.
2011 1056 2135 1111 Haec

560 1168 779 1224 quoque
822 1152 998 1207 oratio
1046 1153 1338 1206 absurdum
1381 1153 1668 1220 quemdam
1709 1166 1772 1205 ac
1813 1150 2134 1219 probrosum

562 1246 796 1314 castigat
824 1258 1030 1299 morem
1056 1244 1107 1297 in
1137 1243 1286 1298 vocis
1312 1243 1608 1297 emissione
1627 1243 1858 1311 quadam
1885 1237 2135 1312 [lasciva]

561 1353 629 1395 ex
665 1338 1155 1394 Alexandrinorum
1182 1337 1574 1392 consuetudine
1601 1337 1787 1405 petita,
1838 1349 2063 1388 monens
2087 1334 2136 1387 ei

565 1440 817 1488 assuetos
845 1440 904 1485 ut
940 1430 1275 1495 abstineant,
1334 1429 1418 1484 vel
1451 1429 1630 1497 potius
1661 1425 1914 1481 acerbius
1946 1425 2135 1495 ipsein

563 1539 659 1580 eos
683 1524 991 1580 incurrens.
1023 1522 1209 1577 Altera
1262 1537 1391 1578 vero
1440 1522 1710 1585 hortatur,
1744 1535 1811 1575 ne
1853 1518 2139 1574 calumniis

566 1616 921 1685 magistratus
968 1622 1398 1684 persequantur;
1431 1626 1564 1666 neve
1608 1611 1789 1680 parvis
1820 1608 2133 1663 offensioni-

568 1710 666 1764 bus
689 1707 872 1763 statim
900 1705 1209 1769 irritentur,
1242 1714 1402 1774 atque
1442 1704 1565 1758 illos
1612 1712 1814 1755 temere
1860 1709 2136 1754 accusent.

567 1796 754 1854 XVIII.
779 1798 877 1853 Cui
909 1797 1091 1853 nullus
1113 1797 1366 1866 prmﬂxus
1395 1795 1603 1857 titulus,
1635 1793 1864 1848 Celaenis
1895 1790 2139 1861 Phrygiae

2235 602 2407 671 κάλλη
2448 600 2621 654 στοῶν
2651 601 2748 653 καὶ
2775 598 3225 669 οἰκοδομημάτων
3264 598 3359 652 καὶ
3380 596 3609 668 καρπῶν
3634 596 3825 665 ἀφθο-

2233 698 2353 748 νίαν
2384 694 2477 746 καὶ
2509 694 2579 745 τά
2600 692 2961 761 παραπλήσια
2986 688 3402 761 προϐάλλονται,
3428 688 3545 741 ἀλλ’
3570 690 3629 741 ἐν
3656 689 3827 750 ὅσαις

2233 787 2384 853 τάξις
2439 784 2536 838 καὶ
2585 783 2754 855 ἀρετὴ
2795 782 2903 837 τῶν
2949 783 3382 853 πολιτευομένων
3416 780 3821 834 διαδείκνυται.

2235 875 2404 941 Οὗτος
2423 881 2451 932 6
2484 878 2642 947 λόγος
2664 876 2758 930 καὶ
2786 875 3095 945 παράλογόν
3122 892 3181 927 τε
3216 874 3310 927 καὶ
3341 872 3665 943 ἐφύϐριστον
3692 870 3830 934 ἔθος

2235 973 2375 1027 κατὰ
2417 971 2603 1042 φωνῆς
2640 970 2917 1039 άπήχησιν
2949 968 2997 1001 ³³
3048 970 3161 1030 τοῖς
3199 964 3592 1035 ’Δλεξανδρεῖσι
3638 979 3831 1031 πρατ-

2235 1065 2464 1134 τόμενον
2525 1061 2777 1123 εὐθύναις
2839 1060 3061 1127 ὑπάγει,
3134 1058 3419 1128 παραινῶν
3472 1052 3827 1125 ἀποσχέσθαι

2236 1156 2360 1219 τοὺς
2386 1154 2717 1225 χρωμένους,
2751 1152 2783 1219 ἢ
2820 1151 3019 1222 μᾶλλον
3056 1151 3235 1204 αὐτῶν
3266 1150 3312 1182 ³δ
3360 1146 3827 1219 πληκτικώτερον

2236 1246 2675 1315 καθαπτόμενος.
2721 1244 2781 1297 Ὀ
2826 1243 2882 1297 δὲ
2928 1243 3180 1314 δεύτερος
3227 1244 3486 1310 παραινεῖ
3531 1242 3606 1311 μὴ
3647 1256 3827 1292 συκο-

2236 1338 2513 1409 φαντικῶς
2561 1337 2699 1407 πρὸς
2735 1336 2861 1398 τοὺς
2904 1335 3170 1407 ἄρχοντας
3200 1334 3524 1397 διακεῖσθαι,
3563 1333 3688 1402 μηδ’
3728 1332 3830 1384 ἐπὶ

2236 1433 2349 1493 τοῖς
2407 1429 2633 1499 βραχέσι
2664 1429 2771 1481 τῶν
2800 1426 3263 1501 παραλυπούντων
3295 1425 3459 1488 εὐθὺς
3503 1422 3833 1494 ἀνερεθίζε-

2238 1524 2361 1577 σθαι
2402 1523 2500 1576 καὶ
2533 1521 2881 1575 ἐπαιτιᾶσθαι
2938 1520 3180 1583 τούτους.
3250 1520 3307 1572 '0
3366 1519 3425 1572 δὲ
3470 1517 3577 1583 ιιιι,
3613 1517 3674 1579 ὃς
3720 1518 3833 1569 ούκ

2238 1614 2659 1683 ἐπιγέγραπται,
2712 1614 2770 1666 ἐν
2811 1612 3100 1674 Κελαιναῖς
3127 1612 3171 1645 ³⁸
3203 1595 3411 1681 ἐρρήθη
3434 1610 3531 1680 τῆς
3550 1607 3830 1679 Φρυγίας,

2236 1705 2593 1774 διαλαμϐάνει
2625 1705 2681 1757 δὲ
2704 1705 2778 1767 ὡς
2804 1705 2909 1777 οὐκ.
2931 1704 3134 1774 ἀρετῆς
3162 1703 3246 1772 εἴη
3272 1704 3500 1770 σημεῖον
3525 1700 3586 1753 τὸ
3613 1700 3829 1771 κομᾷν,

2239 1798 2429 1869 ὥσπερ
2447 1797 2555 1851 οὐδ’
2571 1797 2700 1852 ἄλλο
2724 1816 2778 1850 τι
2799 1796 2906 1849 τῶν
2926 1796 3221 1867 σχημάτων
3249 1794 3359 1846 τῶν
3384 1792 3513 1864 περὶ
3541 1793 3603 1845 τὸ
3632 1792 3831 1860 σῶμα,

568 1889 704 1944 urbe
738 1889 917 1943 habita
951 1896 1050 1942 est.
1089 1886 1318 1941 Disserit
1370 1896 1553 1940 autem
1603 1901 1707 1938 non
1758 1898 1876 1938 esse
1922 1880 2137 1933 virtutis

2247 1890 2428 1961 ὥσπερ
2451 1889 2575 1942 οὐδὲ
2596 1888 2803 1942 τούτων
2825 1887 2893 1941 τὰ
2917 1887 3136 1940 ἐναντία
3156 1902 3169 1915 ·
3193 1885 3543 1939 διαπλέκεται
3573 1882 3710 1955 [9.75
3732 1880 3831 1955 H.]

569 1980 828 2037 indicium
859 1994 1071 2035 comam
1111 1978 1255 2031 illam
1315 1977 1744 2047 promissiorem,
1782 1984 1839 2028 ut
1891 1987 1990 2027 nec
2030 1971 2133 2023 alia

568 2087 690 2143 quae
734 2071 801 2126 ad
844 2070 1091 2140 corporis
1128 2068 1332 2123 cultum
1400 2068 1692 2137 pertinent,
1735 2080 1800 2119 ac
1841 2080 1909 2118 ne
1946 2069 2135 2118 horum

567 2161 786 2233 quidem
819 2160 1118 2216 contraria.
1144 2157 1279 2213 Huic
1300 2168 1355 2213 et
1386 2157 1555 2228 ipsius
1591 2156 1739 2211 urbis
1762 2152 2001 2211 laudatio
2041 2154 2139 2208 ad-

569 2249 831 2319 iungitur.
858 2246 997 2303 XIX.
1017 2246 1139 2316 Ipso
1169 2262 1291 2300 mox
1314 2247 1467 2301 titulo
1498 2244 1878 2315 indicat(5-3),
1902 2245 2137 2297 habitam

570 2342 789 2411 quidem
824 2340 1055 2409 primum
1074 2338 1425 2408 Borysthene,
1449 2339 1541 2392 sed
1568 2338 1846 2391 recitatam
1868 2345 2050 2404 postea
2083 2334 2138 2389 in

572 2431 769 2500 patria.
802 2429 857 2484 In
887 2444 950 2485 ea
982 2444 1103 2484 cum
1135 2428 1243 2483 alia
1276 2427 1443 2483 refert
1485 2438 1695 2491 auctor,
1748 2437 1858 2480 tum
1901 2424 2141 2481 Platonis

573 2522 877 2578 imitatione
924 2520 1180 2590 prmdicat
1224 2521 1292 2575 de
1341 2520 1712 2576 universitatis
1755 2518 1947 2588 opifice
2000 2517 2139 2585 apud

572 2612 989 2682 Borysthenitas
1032 2627 1094 2668 se
1141 2611 1488 2676 disseruisse,
1533 2624 1598 2664 ac
1647 2608 1717 2663 de
1749 2609 1931 2662 mundi
1979 2608 2142 2661 totius

574 2714 774 2759 ornatu
800 2712 1084 2772 motuque,
1117 2712 1172 2757 et
1214 2701 1497 2756 elementis
1529 2700 1795 2769 ejusdem.
1831 2698 1925 2752 Est
1958 2709 2140 2750 autent

577 2790 838 2846 illustrior
867 2791 982 2845 haec
1020 2790 1345 2860 graviorque
1380 2803 1488 2858 prae
1534 2790 1744 2843 caeteris
1783 2788 2138 2841 orationibus.

572 2878 878 2937 Corinthian
916 2890 1096 2936 autem
1154 2895 1381 2936 numero
1419 2880 1698 2945 vicesima,
1750 2879 1990 2935 Corinthi
2045 2880 2144 2932 ha-

573 2973 709 3040 bita,
742 2974 892 3029 cives
928 2972 999 3028 ibi
1025 2971 1302 3043 obiurgat,
1333 2971 1476 3042 quod
1516 2980 1693 3027 statua
1721 2986 1781 3028 se
1803 2973 1951 3041 prius
1978 2972 2144 3025 hono-

575 3074 808 3130 rassent,
856 3078 1018 3134 quam
1070 3074 1249 3119 tamen
1307 3075 1430 3133 post
1494 3064 1663 3134 ipsius
1718 3061 2142 3133 profectionem,

574 3154 712 3212 falsa
740 3156 972 3227 quadam
992 3155 1264 3210 calumnia
1281 3155 1524 3220 adducti,
1543 3155 1742 3210 iterum
1772 3156 2142 3211 sustulissent.

574 3224 830 3299 Proxima
861 3254 947 3299 est
1005 3244 1121 3298 haec
1155 3244 1370 3298 dicendi
1404 3244 1455 3297 vi
1506 3259 1570 3297 ac
1602 3245 1805 3299 virtute
1858 3243 2146 3300 Rhodiaca:
2171 3224 2216 3283 ε

576 3336 833 3392 orationi.
861 3335 1179 3405 Quanquam
1210 3337 1329 3406 eius
1368 3336 1511 3405 quod
1556 3335 1765 3391 exordii
1810 3335 1927 3391 loco
1958 3339 2150 3391 statuit

578 3427 886 3501 longitudo,
920 3427 1030 3491 hic,
1057 3426 1282 3495 perinde
1310 3438 1473 3496 atque
1502 3427 1626 3481 alibi
1661 3426 1773 3480 fere
1799 3425 2017 3496 ubique,
2048 3428 2151 3482 vir-

580 3532 696 3576 tute
746 3530 923 3575 vacat.
980 3517 1123 3573 XXI.
1166 3517 1484 3574 Inscribitur
1532 3518 1606 3573 De
1663 3517 2148 3574 Nicomediensium

578 3612 860 3667 concordia
893 3627 1011 3664 cum
1040 3610 1423 3666 Nicaeensibus.
1462 3609 1635 3677 Quam
1678 3614 1895 3682 quidem
1939 3613 2152 3683 potissi-

582 3719 726 3759 mum
756 3702 1037 3757 contendit
1097 3702 1308 3758 ellicere
1348 3703 1461 3757 haec
1489 3702 1665 3758 oratio
1685 3742 1701 3767 .
1749 3718 1868 3771 quae
1899 3719 2003 3758 non
2033 3704 2152 3759 sine

576 3794 934 3864 jucunditatis
977 3808 1044 3849 ex
1081 3809 1145 3848 ea
1179 3809 1236 3847 re
1279 3796 1824 3863 commemoratione,
1852 3806 2151 3864 opportune

582 3886 872 3952 profertur.
906 3883 999 3941 Sic
1035 3886 1179 3940 enim
1226 3887 1418 3942 melius
1456 3888 1817 3956 persuadendi
1867 3889 1950 3944 vis
1978 3890 2152 3944 homi-

583 3993 712 4031 num
771 3991 894 4033 sese
948 3978 1146 4034 animis
1195 3980 1473 4034 insinuare
1524 3980 1684 4035 solet.
1732 3978 1900 4035 XXII.
1957 3980 2152 4037 Nicaeae

585 4067 777 4140 167a
806 4070 1209 4139 pronuntiatam
1267 4071 1452 4126 titulus
1480 4072 1751 4143 signiﬁcat
1777 4091 1792 4128 :
1824 4074 1900 4127 De
1930 4090 2150 4128 concor-

583 4161 697 4226 dia,
720 4162 971 4217 seditione
989 4162 1108 4232 jam
1130 4162 1409 4220 exstincta.
1443 4160 1558 4218 Hoc
1591 4174 1770 4219 autem
1810 4172 1892 4219 est
1927 4165 2018 4219 hic
2049 4165 2150 4218 viri

584 4252 915 4318 institutum,
949 4266 1062 4308 rem
1088 4253 1160 4308 ibi
1196 4263 1307 4309 tum
1333 4264 1539 4324 gestam
1567 4254 1815 4310 laudibus
1851 4255 2148 4310 celebrare.

583 4340 771 4395 XXIII.
802 4339 861 4395 In
912 4341 1087 4412 patria
1138 4343 1363 4396 recitata
1414 4350 1534 4407 est,
1580 4341 1660 4395 De
1711 4343 1995 4394 concordia
2030 4357 2150 4393 cum

582 4430 1010 4500 Apamensibus:
1055 4431 1198 4499 quod
1252 4431 1424 4500 ipsum
1476 4431 1548 4486 ibi
1604 4441 1933 4500 pertractat;
1992 4440 2049 4483 ut
2097 4439 2153 4485 et

2238 1980 2283 2034 δ’
2314 1980 2465 2051 αὐτῷ
2502 1983 2593 2037 καὶ
2628 1980 2717 2050 τῆς
2755 1980 2963 2042 πόλεως
2993 1978 3236 2041 ἔπαινος.
3274 1978 3377 2029 Τὸν
3416 1977 3471 2029 δέ
3501 1975 3579 2029 IB’
3621 1975 3833 2045 μηνύει

2238 2075 2271 2142 ὴ
2297 2072 2575 2143 ἐπιγραφὴ
2608 2071 2838 2143 ῥηθῆναι
2870 2071 2969 2141 μὲν
3002 2072 3059 2123 ἐν
3096 2069 3174 2140 τῷ
3202 2068 3543 2139 Βορυσθένει,
3575 2068 3838 2135 ἀναγνω-

2243 2165 2435 2234 σθῆναι
2458 2166 2515 2220 δέ
2536 2166 2592 2217 ἐν
2613 2168 2679 2236 τῇ
2712 2163 2934 2236 πατρίδι
2957 2181 2969 2194 ·
2998 2165 3056 2215 ἐν
3078 2156 3120 2230 ᾧ
3150 2162 3289 2217 ἆθλα
3313 2178 3371 2213 τε
3396 2160 3589 2214 δίεισιν
3623 2162 3652 2213 ὁ
3686 2175 3836 2227 συγ-

2240 2257 2505 2329 γραφεὺς,
2542 2258 2636 2311 καὶ
2668 2257 2809 2310 κατὰ
2834 2256 2927 2309 τὸν
2964 2253 3312 2309 Πλατωνικὸν
3340 2252 3699 2323 συνομολογεῖ
3727 2249 3836 2320 ζῆ-

2240 2350 2330 2404 λον
2370 2348 2498 2420 περί
2527 2366 2587 2402 τε
2619 2349 2664 2381 ³⁸
2691 2349 2786 2402 τοῦ
2818 2346 3152 2420 δημιουργοῦ
3190 2345 3301 2400 τῶν
3329 2345 3466 2398 ὅλων
3497 2347 3611 2407 τοῖς
3647 2343 3835 2414 Βορυ-

2244 2441 2514 2505 σθενίταις
2534 2440 2827 2511 διειλέχθαι
2849 2441 2948 2511 τῆς
2975 2457 3036 2493 τε
3070 2439 3163 2492 τοῦ
3187 2438 3388 2501 παντὸς
3406 2437 3837 2506 διακοσμήσεως
3890 2496 3900 2506 ,

2242 2535 2337 2589 καὶ
2378 2534 2646 2606 κινήσεως
2680 2533 2775 2586 καὶ
2814 2532 2923 2586 τῶν
2972 2534 3029 2586 ἐν
3078 2531 3226 2601 αὐτῷ
3260 2531 3559 2600 στοιχείων.
3596 2530 3837 2598 Ἐχεται

2242 2623 2299 2678 δέ
2336 2641 2481 2685 τινος
2525 2622 2908 2694 λαμπρότητος
2961 2621 3057 2676 καὶ
3114 2620 3443 2690 σεμνότητος
3493 2612 3649 2681 οὗτος
3684 2617 3839 2687 ὑπὲρ

2243 2716 2367 2778 τοὺς
2397 2714 2586 2776 ἄλλους
2630 2714 2656 2766 6
2689 2713 2860 2781 λόγος.
2898 2712 3006 2766 Καὶ
3044 2713 3072 2764 6
3123 2709 3507 2779 Κορινθιακὸς
3537 2708 3594 2761 δὲ
3623 2709 3685 2760 K'
3734 2709 3834 2770 ὢν,

2245 2808 2304 2858 ἐν
2330 2804 2578 2877 Κορίνθῳ
2613 2805 2711 2874 μὲν
2731 2804 2964 2875 ἐρρήθη,
3009 2803 3326 2872 ἐπιτίμησιν
3352 2803 3396 2853 δ’
3427 2799 3605 2854 αὐτῶν
3632 2799 3837 2851 διαπε-

2251 2897 2423 2968 ραίνει
2472 2897 2588 2950 ἀνθ’
2620 2890 2696 2950 ὧν
2730 2896 2902 2948 εἰκόνι
2947 2895 3015 2949 τὰ
3071 2894 3262 2963 πρῶτα
3308 2892 3639 2962 τιμήσαντες
3665 2890 3841 2943 αὑτὸν

2248 2987 2471 3059 ὕστερον
2526 2987 2975 3057 ἀποδημήσαντος
3033 2986 3098 3038 ἐκ
3158 2985 3409 3052 διαϐολῆς
3488 2983 3547 3035 ού
3607 2981 3841 3043 δικαίας

2249 3081 2585 3151 περιείλοντο
2616 3081 2676 3133 τὸ
2706 3081 2894 3150 γέρας.
2940 3078 3139 3146 Ἐγγὺς
3184 3076 3227 3129 δ’
3260 3077 3377 3128 ἐστὶ
3406 3082 3499 3128 τοῦ
3548 3072 3840 3127 Ῥοδιακοῦ

2250 3171 2394 3225 κατὰ
2420 3173 2521 3242 τὴν
2573 3172 2632 3223 ἐν
2670 3170 2847 3235 λόγοις
2882 3167 3070 3240 ῥώμην
3098 3170 3193 3222 καὶ
3248 3167 3448 3238 ἀρετὴν
3487 3160 3639 3228 οὗτος
3669 3166 3718 3196 ³⁷
3756 3182 3771 3196 ο
3806 3168 3839 3235 ἠ

2250 3263 2305 3316 δὲ
2330 3262 2425 3317 τοῦ
2455 3259 2565 3315 οἷον
2600 3262 2886 3333 προοιμίου
2919 3261 3230 3330 παράτασις
3263 3259 3559 3319 κάνταῦθα.
3615 3258 3694 3320 ὡς
3741 3258 3841 3311 καὶ

2255 3356 2407 3427 παρὰ
2442 3356 2637 3427 μικρὸν
2668 3354 2967 3425 πανταχοῦ,
2998 3354 3095 3424 τῆς
3126 3353 3326 3428 ἀρετῆς
3360 3354 3420 3405 οὐ
3448 3352 3686 3421 μετέχει.
3724 3351 3836 3403 Τοῦ

2250 3448 2307 3501 δὲ
2334 3446 2446 3500 KA'
2477 3450 2509 3518 ὴ
2563 3444 2847 3518 ἐπιγραφὴ
2886 3447 3026 3513 Περὶ
3063 3444 3175 3513 τῆς
3224 3444 3373 3513 πρὸς
3411 3442 3652 3508 Νικαεῖς
3687 3444 3841 3511 ὀμο-

2249 3538 2418 3603 νοίας
2448 3536 2566 3590 τῶν
2590 3535 2971 3605 Νικομηδέων
3003 3537 3147 3589 ἐστί’
3202 3537 3294 3590 καὶ
3326 3534 3512 3587 τοῦτον
3534 3536 3840 3603 ὑπέρχεται

2254 3629 2344 3681 τὸν
2379 3627 2567 3696 ἀγῶνα
2596 3628 2641 3659 ⁸⁸
2673 3628 2701 3679 6
2726 3627 2882 3694 λόγος
2919 3626 3189 3697 εὐκαίρως
3221 3626 3308 3679 διὰ
3339 3627 3434 3695 τῆς
3467 3625 3661 3694 ἡδονῆς
3684 3641 3833 3696 προ-

2252 3720 2626 3790 ενηνεγμένος·
2662 3720 2861 3789 μᾶλλον
2894 3720 3003 3791 γὰρ
3027 3718 3173 3772 οὕτω
3210 3722 3331 3784 ταῖς
3356 3719 3554 3787 ψυχαῖς
3572 3718 3633 3770 τὺ
3665 3719 3838 3771 πιθα-

2252 3813 2339 3866 νὸν
2377 3813 2551 3866 ἐθέλει
2606 3812 2859 3865 διαδύειν.
2897 3813 3001 3865 Τὸν
3055 3812 3112 3865 δὲ
3162 3814 3212 3863 B'
3273 3813 3367 3865 καὶ
3412 3813 3473 3864 Κ¹
3520 3812 3578 3862 ἐν
3623 3810 3836 3881 Νικαίᾳ

2252 3905 2503 3975 εἰρῆσθαι
2528 3908 2561 3976 ἡ
2589 3905 2869 3975 ἐπιγραφὴ
2895 3905 3045 3975 δηλοῖ
3069 3904 3203 3970 Περὶ
3230 3905 3510 3973 ὁμονοίας
3536 3944 3550 3968 ,
3591 3919 3835 3957 πεπαυ-

2247 3994 2433 4063 μένης
2472 3993 2579 4060 τῆς
2615 3995 2887 4061 στάσεως
2912 4012 2926 4025 ⁸
2964 3995 3095 4047 αὐτὸ
3136 3995 3193 4047 δὲ
3243 3994 3403 4046 τοῦτο
3457 3994 3770 4064 διατίθησιν
3804 3996 3831 4045 6

2253 4088 2414 4155 ἀνὴρ,
2445 4086 2662 4139 ἔπαινον
2693 4086 2785 4139 τοῦ
2824 4086 3127 4154 γεγονότος.
3165 4085 3224 4138 '0
3283 4086 3339 4139 δὲ
3390 4086 3483 4138 ΚΓ
3486 4085 3499 4104 ’
3528 4084 3669 4152 Περὶ
3716 4085 3833 4155 τῆς

2252 4175 2401 4244 πρὸς
2439 4174 2717 4243 Ἀπαμεῖς
2768 4176 3047 4243 ὁμονοίας
3086 4175 3299 4244 εἴρηται
3357 4177 3413 4227 ἐν
3467 4179 3532 4245 τῇ
3582 4176 3830 4245 πατρίδι,

2249 4265 2384 4317 αὐτὸ
2428 4264 2487 4317 δὲ
2533 4263 2918 4332 διαπράττεται
2964 4266 3140 4316 τοῦτο.
3194 4265 3302 4316 Καὶ
3335 4264 3363 4315 6
3395 4264 3592 4335 ἐφεξῆς
3615 4264 3673 4318 δὲ
3697 4266 3829 4335 περὶ

2250 4353 2501 4423 ὁμονοίας
2532 4354 2629 4423 τῆς
2664 4352 2710 4385 ⁸⁹
2733 4354 2870 4423 πρὸς
2892 4354 3016 4415 τοὺς
3041 4354 3339 4422 Προυσαεῖς
3368 4355 3679 4424 παρακαλεῖ
3703 4357 3832 4418 τοὺς

2264 4445 2568 4515 Ἀπαμέας.
2609 4446 2669 4498 '0
2691 4445 2746 4498 δὲ
2771 4446 2879 4498 KE’
2899 4444 3170 4510 Διάλεξίς
3192 4446 3340 4497 ἐστιν
3358 4446 3427 4498 ἐν
3450 4444 3527 4513 τῇ
3554 4448 3824 4514 πατρίδι·

583 4522 830 4593 Ρτθῖίιηθ
861 4522 1108 4614 δθρυθηίί
1149 4521 1495 4614 Apamense?
1521 4522 1878 4614 δοτῑξιξιξ-θιξ
1922 4536 2148 4576 concor‘
2172 4554 2227 4614 D
2252 4536 2474 4605 ἄγνοιαν
2494 4537 2552 4590 δὲ
2578 4537 2972 4591 ύποπλάττεται
2994 4538 3091 4606 τῆς
3130 4537 3311 4601 αἰτίας
3344 4539 3371 4590 6
3408 4538 3823 4614 διαλεγόμενος,

582 4614 727 4669 diam
755 4628 877 4668 cum
917 4610 1277 4667 Prusensibus
1302 4612 1613 4668 ineundam.
1649 4612 1816 4668 XXV.
1852 4613 2144 4682 Disputatio

2256 4627 2324 4681 δι’
2354 4628 2422 4699 ἢν
2454 4629 2616 4699 μηδὲν
2653 4630 2921 4699 χρήσιμον
2958 4629 3123 4682 αὐτοῦ
3166 4629 3277 4682 τῶν
3314 4629 3490 4698 λόγων
3520 4611 3825 4700 «90656111-

579 4714 655 4759 εει
684 4705 741 4759 in
772 4704 1024 4771 patriam.
1060 4703 1314 4774 lgnorare
1347 4719 1474 4759 vero
1509 4720 1569 4759 se
1613 4704 1767 4775 ﬁngit
1790 4720 2011 4759 causam
2038 4705 2153 4774 ipse

580 4797 674 4868 qui
709 4799 968 4867 disputat,
1002 4812 1101 4850 cur
1149 4795 1379 4849 libenter
1409 4811 1533 4849 eum
1567 4803 1624 4849 et
1665 4796 1859 4864 cupide
1910 4798 2152 4858 audiant,

581 4905 705 4945 cum
738 4889 871 4944 nihil
921 4887 1048 4942 utile
1074 4887 1243 4957 ipsius
1275 4886 1553 4942 orationes
1577 4898 1898 4956 proponant.
1927 4887 2155 4943 Politica

579 4981 777 5037 dehinc
805 4982 1063 5051 inscripta
1095 4990 1180 5036 est
1199 4980 1455 5035 vicesima
1497 4988 1652 5035 sexta
1685 4981 1888 5048 oratio,
1920 4985 2147 5037 recitata

583 5076 637 5128 in
667 5076 878 5143 patria:
902 5074 1355 5145 quemadmodum
1385 5081 1440 5127 et
1460 5088 1581 5141 quae
1605 5073 1852 5141 proxime
1875 5076 2118 5143 sequitur
2139 5117 2153 5138 ,

580 5164 961 5221 Benevolentia:
1011 5165 1309 5233 testiﬁcatio
1352 5164 1408 5218 in
1447 5164 1697 5231 patriam,
1724 5166 1868 5233 quod
1909 5180 1968 5221 se
2002 5168 2158 5221 benc-

583 5256 704 5312 volo
754 5272 873 5313 eam
933 5258 1117 5313 animo
1178 5263 1593 5326 prosequentem
1639 5256 1938 5313 honorifice
2006 5274 2157 5315 exce-

582 5351 768 5419 pisset.
817 5350 1070 5407 Succedit
1103 5350 1187 5404 bis
1216 5346 1496 5415 Apologia,
1529 5363 1622 5401 seu
1670 5348 1931 5416 Defensio,
1964 5354 2028 5407 de
2054 5370 2153 5408 suo

2261 4720 2439 4792 μένων
2469 4722 2639 4791 ἡδέως
2675 4722 2768 4774 καί⁸
2808 4720 3099 4783 ποθοῦντες
3137 4721 3417 4774 ἀκούουσι.
3439 4721 3753 4787 Πολιτικὸς
3771 4722 3827 4773 δέ

2259 4814 2377 4865 ἐστι
2399 4811 2478 4882 τῷ
2513 4812 3001 4884 Κανήέπιγραφὴ,
3021 4812 3124 4865 Καὶ
3140 4813 3367 4881 εἴρηται
3395 4814 3459 4867 ἐν
3485 4812 3561 4881 τῇ
3589 4814 3823 4881 πατριδι

2261 4903 2451 4974 ὥσπερ
2481 4905 2573 4958 καὶ
2600 4907 2628 4957 ὀ
2660 4905 2879 4974 ἐφεξῆς,
2918 4903 3362 4974 φιλοφρονητικδς
3405 4905 3661 4973 ὑπάρχων
3691 4908 3823 4973 αὒτῇ

2263 4994 2379 5048 ἀνθ’
2434 4990 2510 5048 ὧν
2583 4999 2768 5066 τιμαῖς
2826 4997 2917 5049 τὸν
2987 4995 3475 5065 φιλοφρονούμενον
3536 4994 3823 5059 ἐδεξιοῦτο.

2276 5088 2715 5158 Ἀπολογισμὸς
2745 5088 2872 5160 [556
2891 5088 2981 5159 IL]
3006 5088 3060 5141 δέ
3080 5090 3225 5140 ἐστιν
3255 5090 3283 5140 ὁ
3301 5087 3418 5158 μετ’
3446 5088 3661 5155 αὐτοὺς,
3684 5090 3827 5149 ὅπως

2265 5177 2495 5231 διέκειτο
2523 5182 2657 5248 πρὸς
2687 5179 2785 5250 τὴν
2811 5180 3063 5248 πατρίδα.
3111 5179 3172 5230 '0
3204 5177 3261 5230 δὲ
3290 5178 3345 5231 Θ¹
3367 5180 3460 5231 καὶ
3495 5181 3555 5232 K'
3578 5181 3701 5248 Πρὸ
3727 5178 3827 5233 τοῦ

2265 5267 2623 5335 φιλοσοφεῖν
2650 5268 2765 5338 μὲν
2788 5269 2857 5321 ἐν
2877 5267 2949 5335 τῇ
2974 5266 3205 5334 πατρίδι
3233 5268 3616 5339 ἐπιγράφεται,
3642 5273 3764 5331 τοὺς
3785 5271 3827 5322 δ’

2265 5358 2721 5427 ἐπιχειρήσαντας
2762 5358 3080 5413 καταλεύειν
3105 5359 3265 5413 αὐτόν
3304 5378 3360 5413 τε
3396 5361 3489 5413 καὶ
3537 5361 3635 5413 σὺν
3683 5363 3827 5432 αὑτῴ

1873 5440 2107 5518 νΑιιιΑέ
2147 5465 2545 5524 LECTIONES.

656 5558 699 5635 ³,³
722 5560 1018 5635 ἀπέχεσθᾳι
1052 5571 1137 5635 εἶλ
1190 5553 1233 5632 ti
1287 5553 1465 5635 αιὲῖῶγ
1494 5555 1531 5604 Α
1567 5571 1579 5606 ε
1615 5554 1771 5615 αὐτός
1802 5573 1860 5618 ς.
1939 5558 1981 5589 ³⁵
2009 5560 2266 5623 Κελεναῐς
2321 5580 2383 5626 ς.
2460 5564 2503 5595 ³⁸
2533 5581 2591 5616 τε
2614 5565 2738 5619 add.
2775 5564 2838 5617 A.
2918 5567 2959 5595 ³⁷
2997 5559 3173 5635 οὗτος]
3205 5566 3297 5617 καὶ
3335 5561 3487 5629 οὗτος
3520 5567 3582 5620 A.

582 5627 804 5696 ἀγώνων
956 5628 1018 5676 Α.
1097 5622 1138 5655 ³³
1163 5623 1258 5689 τῆς
1279 5624 1401 5675 add.
1428 5624 1511 5693 A._

3664 5568 3706 5597 ³⁸
3726 5566 3829 5620 τῶν

2094 5709 2321 5766 NOTAE.

656 5813 799 5885 (5-5)
825 5812 1195 5868 Boristheuica
1226 5821 1387 5877 quam
1424 5809 1476 5861 in
1514 5804 1681 5873 patria
1722 5803 1982 5858 recitavit.
