  <div class='ocr_page' id='page_1' title='image "/cluster/home/n/w/nwhite01/storage/ocr_20150623/103/hvd.32044018872861/350.png"; bbox 0 0 4038 6402; ppageno 0'>
   <div class='ocr_carea' id='block_1_1' title="bbox 191 360 280 422">
    <p class='ocr_par' dir='ltr' id='par_1_1' title="bbox 191 360 280 422">
     <span class='ocr_line' id='line_1_1' title="bbox 191 360 280 422; baseline -0.011 0"><span class='ocrx_word' id='word_1_1' title='bbox 191 360 280 422; x_wconf 81' lang='grc'><strong>685</strong></span> 
     </span>
    </p>
   </div>
   <div class='ocr_carea' id='block_1_2' title="bbox 1261 359 2306 423">
    <p class='ocr_par' dir='ltr' id='par_1_2' title="bbox 1261 359 2306 423">
     <span class='ocr_line' id='line_1_2' title="bbox 1261 359 2306 423; baseline 0.007 -7"><span class='ocrx_word' id='word_1_2' title='bbox 1261 359 1783 420; x_wconf 87' lang='lat' dir='ltr'><strong>BIBLIOTIIECA.</strong></span> <span class='ocrx_word' id='word_1_3' title='bbox 1817 384 1888 396; x_wconf 90' lang='grc'><strong>--</strong></span> <span class='ocrx_word' id='word_1_4' title='bbox 1912 360 2074 422; x_wconf 80' lang='lat' dir='ltr'><strong>COD.</strong></span> <span class='ocrx_word' id='word_1_5' title='bbox 2113 364 2306 423; x_wconf 83' lang='lat' dir='ltr'><strong>CCIX.</strong></span> 
     </span>
    </p>
   </div>
   <div class='ocr_carea' id='block_1_3' title="bbox 3296 371 3403 433">
    <p class='ocr_par' dir='ltr' id='par_1_3' title="bbox 3296 371 3403 433">
     <span class='ocr_line' id='line_1_3' title="bbox 3296 371 3403 433; baseline 0.019 -2"><span class='ocrx_word' id='word_1_6' title='bbox 3296 371 3403 433; x_wconf 78' lang='lat'><strong>686</strong></span> 
     </span>
    </p>
   </div>
   <div class='ocr_carea' id='block_1_4' title="bbox 185 457 1725 544">
    <p class='ocr_par' dir='ltr' id='par_1_4' title="bbox 185 457 1725 536">
     <span class='ocr_line' id='line_1_4' title="bbox 185 457 1725 536; baseline 0 -15"><span class='ocrx_word' id='word_1_7' title='bbox 185 469 364 536; x_wconf 77' lang='grc' dir='ltr'>ἕτερον,</span> <span class='ocrx_word' id='word_1_8' title='bbox 382 457 496 517; x_wconf 66' lang='grc' dir='ltr'>εἶτα</span> <span class='ocrx_word' id='word_1_9' title='bbox 517 461 573 517; x_wconf 80' lang='grc' dir='ltr'>δὲ</span> <span class='ocrx_word' id='word_1_10' title='bbox 592 462 686 518; x_wconf 74' lang='grc' dir='ltr'>καὶ</span> <span class='ocrx_word' id='word_1_11' title='bbox 708 465 843 534; x_wconf 75' lang='grc' dir='ltr'>πυρὶ</span> <span class='ocrx_word' id='word_1_12' title='bbox 874 463 921 494; x_wconf 66' lang='grc' dir='ltr'><strong>δ’</strong></span> <span class='ocrx_word' id='word_1_13' title='bbox 948 462 1047 534; x_wconf 75' lang='grc' dir='ltr'><strong>τὴν</strong></span> <span class='ocrx_word' id='word_1_14' title='bbox 1077 464 1254 519; x_wconf 86' lang='grc' dir='ltr'>οίκίαν</span> <span class='ocrx_word' id='word_1_15' title='bbox 1267 466 1474 533; x_wconf 83' lang='grc' dir='ltr'>δοῦναι,</span> <span class='ocrx_word' id='word_1_16' title='bbox 1504 467 1725 531; x_wconf 78' lang='grc' dir='ltr'><strong>τούτους</strong></span> 
     </span>
    </p>
   </div>
   <div class='ocr_carea' id='block_1_5' title="bbox 1829 457 3403 544">
    <p class='ocr_par' dir='ltr' id='par_1_5' title="bbox 1835 468 3403 544">
     <span class='ocr_line' id='line_1_5' title="bbox 1835 468 3403 544; baseline 0.009 -24"><span class='ocrx_word' id='word_1_17' title='bbox 1835 468 1885 521; x_wconf 89' lang='lat' dir='ltr'><strong>in</strong></span> <span class='ocrx_word' id='word_1_18' title='bbox 1909 471 2138 537; x_wconf 85' lang='lat' dir='ltr'><strong>patriam</strong></span> <span class='ocrx_word' id='word_1_19' title='bbox 2175 485 2379 526; x_wconf 91' lang='lat' dir='ltr'><strong>amore.</strong></span> <span class='ocrx_word' id='word_1_20' title='bbox 2415 471 2604 527; x_wconf 86' lang='lat' dir='ltr'><strong>XXIX.</strong></span> <span class='ocrx_word' id='word_1_21' title='bbox 2637 474 2769 529; x_wconf 80' lang='lat' dir='ltr'><strong>Ante</strong></span> <span class='ocrx_word' id='word_1_22' title='bbox 2799 476 3141 544; x_wconf 74' lang='lat' dir='ltr'><strong>philosophice</strong></span> <span class='ocrx_word' id='word_1_23' title='bbox 3170 480 3403 534; x_wconf 76' lang='lat' dir='ltr'><strong>studium</strong></span> 
     </span>
    </p>
   </div>
   <div class='ocr_carea' id='block_1_6' title="bbox 184 556 1726 631">
    <p class='ocr_par' dir='ltr' id='par_1_6' title="bbox 184 556 1726 631">
     <span class='ocr_line' id='line_1_6' title="bbox 184 556 1726 631; baseline 0.012 -28"><span class='ocrx_word' id='word_1_24' title='bbox 184 559 342 630; x_wconf 62' lang='grc' dir='ltr'>ἠρέμα</span> <span class='ocrx_word' id='word_1_25' title='bbox 356 574 465 620; x_wconf 87' lang='grc' dir='ltr'><strong>πως</strong></span> <span class='ocrx_word' id='word_1_26' title='bbox 488 556 775 626; x_wconf 86' lang='grc' dir='ltr'>ἐπιτιμῶν,</span> <span class='ocrx_word' id='word_1_27' title='bbox 798 556 858 609; x_wconf 82' lang='grc' dir='ltr'>τὸ</span> <span class='ocrx_word' id='word_1_28' title='bbox 888 557 1194 612; x_wconf 81' lang='grc' dir='ltr'>πλανᾶσθαι</span> <span class='ocrx_word' id='word_1_29' title='bbox 1218 560 1311 613; x_wconf 81' lang='grc' dir='ltr'>ἐπὶ</span> <span class='ocrx_word' id='word_1_30' title='bbox 1332 562 1431 631; x_wconf 83' lang='grc' dir='ltr'>τῆς</span> <span class='ocrx_word' id='word_1_31' title='bbox 1457 560 1613 630; x_wconf 81' lang='grc' dir='ltr'><strong>ξένης</strong></span> <span class='ocrx_word' id='word_1_32' title='bbox 1628 561 1726 629; x_wconf 77' lang='grc' dir='ltr'>τῆς</span> 
     </span>
    </p>
   </div>
   <div class='ocr_carea' id='block_1_7' title="bbox 181 646 1726 723">
    <p class='ocr_par' dir='ltr' id='par_1_7' title="bbox 181 646 1726 723">
     <span class='ocr_line' id='line_1_7' title="bbox 181 646 1726 723; baseline 0.001 -20"><span class='ocrx_word' id='word_1_33' title='bbox 181 652 297 703; x_wconf 80' lang='grc' dir='ltr'>οίκοι</span> <span class='ocrx_word' id='word_1_34' title='bbox 330 646 605 717; x_wconf 78' lang='grc' dir='ltr'>διατριϐῆς</span> <span class='ocrx_word' id='word_1_35' title='bbox 633 647 721 700; x_wconf 83' lang='grc' dir='ltr'><strong>διὰ</strong></span> <span class='ocrx_word' id='word_1_36' title='bbox 770 648 869 711; x_wconf 75' lang='grc' dir='ltr'>τὰς</span> <span class='ocrx_word' id='word_1_37' title='bbox 906 650 964 702; x_wconf 91' lang='grc' dir='ltr'>ἐν</span> <span class='ocrx_word' id='word_1_38' title='bbox 1017 650 1172 703; x_wconf 88' lang='grc' dir='ltr'>πόλει</span> <span class='ocrx_word' id='word_1_39' title='bbox 1215 650 1445 716; x_wconf 79' lang='grc' dir='ltr'><strong>ἀταξίας</strong></span> <span class='ocrx_word' id='word_1_40' title='bbox 1503 653 1726 723; x_wconf 82' lang='grc' dir='ltr'>ἄμεινον</span> 
     </span>
    </p>
   </div>
   <div class='ocr_carea' id='block_1_8' title="bbox 181 739 1723 814">
    <p class='ocr_par' dir='ltr' id='par_1_8' title="bbox 181 739 1723 814">
     <span class='ocr_line' id='line_1_8' title="bbox 181 739 1723 814; baseline 0.001 -18"><span class='ocrx_word' id='word_1_41' title='bbox 181 739 572 803; x_wconf 72' lang='grc' dir='ltr'>κατασκευάζει.</span> <span class='ocrx_word' id='word_1_42' title='bbox 616 739 679 791; x_wconf 88' lang='grc' dir='ltr'>Ἡ</span> <span class='ocrx_word' id='word_1_43' title='bbox 712 740 769 791; x_wconf 85' lang='grc' dir='ltr'>δὲ</span> <span class='ocrx_word' id='word_1_44' title='bbox 799 740 909 793; x_wconf 83' lang='grc' dir='ltr'><strong>τῶν</strong></span> <span class='ocrx_word' id='word_1_45' title='bbox 939 741 1173 796; x_wconf 83' lang='grc' dir='ltr'>πολιτῶν</span> <span class='ocrx_word' id='word_1_46' title='bbox 1216 743 1354 814; x_wconf 80' lang='grc' dir='ltr'>ὀργὴ</span> <span class='ocrx_word' id='word_1_47' title='bbox 1383 745 1505 797; x_wconf 86' lang='grc' dir='ltr'>κατ’</span> <span class='ocrx_word' id='word_1_48' title='bbox 1536 743 1723 807; x_wconf 82' lang='grc' dir='ltr'>αὑτοῦ,</span> 
     </span>
    </p>
   </div>
   <div class='ocr_carea' id='block_1_9' title="bbox 176 832 1726 911">
    <p class='ocr_par' dir='ltr' id='par_1_9' title="bbox 176 832 1726 911">
     <span class='ocr_line' id='line_1_9' title="bbox 176 832 1726 911; baseline 0.003 -25"><span class='ocrx_word' id='word_1_49' title='bbox 176 834 308 895; x_wconf 82' lang='grc' dir='ltr'>διότι,</span> <span class='ocrx_word' id='word_1_50' title='bbox 341 832 491 903; x_wconf 76' lang='grc' dir='ltr'>φησὶ,</span> <span class='ocrx_word' id='word_1_51' title='bbox 536 834 948 911; x_wconf 73' lang='grc' dir='ltr'>καταρρέουσαν</span> <span class='ocrx_word' id='word_1_52' title='bbox 1006 838 1100 889; x_wconf 71' lang='grc' dir='ltr'>ἐπὶ</span> <span class='ocrx_word' id='word_1_53' title='bbox 1142 836 1202 890; x_wconf 85' lang='grc' dir='ltr'><strong>τὸ</strong></span> <span class='ocrx_word' id='word_1_54' title='bbox 1238 836 1444 907; x_wconf 87' lang='grc' dir='ltr'>βέλτιον</span> <span class='ocrx_word' id='word_1_55' title='bbox 1500 836 1726 891; x_wconf 85' lang='grc' dir='ltr'>ἀνέλαϐε</span> 
     </span>
    </p>
   </div>
   <div class='ocr_carea' id='block_1_10' title="bbox 176 923 1723 997">
    <p class='ocr_par' dir='ltr' id='par_1_10' title="bbox 176 923 1723 997">
     <span class='ocr_line' id='line_1_10' title="bbox 176 923 1723 997; baseline 0.001 -20"><span class='ocrx_word' id='word_1_56' title='bbox 176 926 259 995; x_wconf 83' lang='grc' dir='ltr'><strong>τὴν</strong></span> <span class='ocrx_word' id='word_1_57' title='bbox 278 923 468 977; x_wconf 74' lang='grc' dir='ltr'>οἰκίαν.</span> <span class='ocrx_word' id='word_1_58' title='bbox 502 924 611 976; x_wconf 83' lang='lat' dir='ltr'><strong>Kal.</strong></span> <span class='ocrx_word' id='word_1_59' title='bbox 630 927 658 977; x_wconf 97' lang='lat'><strong>6</strong></span> <span class='ocrx_word' id='word_1_60' title='bbox 689 926 747 977; x_wconf 85' lang='lat' dir='ltr'><strong>A&#39;</strong></span> <span class='ocrx_word' id='word_1_61' title='bbox 784 925 861 996; x_wconf 77' lang='grc' dir='ltr'><strong>δέ,</strong></span> <span class='ocrx_word' id='word_1_62' title='bbox 896 928 1234 997; x_wconf 76' lang='grc' dir='ltr'>Δημηγορία</span> <span class='ocrx_word' id='word_1_63' title='bbox 1266 928 1337 982; x_wconf 79' lang='grc' dir='ltr'>ἐν</span> <span class='ocrx_word' id='word_1_64' title='bbox 1361 927 1439 997; x_wconf 78' lang='grc' dir='ltr'>τῇ</span> <span class='ocrx_word' id='word_1_65' title='bbox 1460 928 1723 995; x_wconf 80' lang='grc' dir='ltr'>πατρίδι,</span> 
     </span>
    </p>
   </div>
   <div class='ocr_carea' id='block_1_11' title="bbox 174 1014 1729 1092">
    <p class='ocr_par' dir='ltr' id='par_1_11' title="bbox 174 1014 1729 1092">
     <span class='ocr_line' id='line_1_11' title="bbox 174 1014 1729 1092; baseline 0.004 -25"><span class='ocrx_word' id='word_1_66' title='bbox 174 1015 257 1086; x_wconf 81' lang='grc' dir='ltr'><strong>τὴν</strong></span> <span class='ocrx_word' id='word_1_67' title='bbox 320 1014 629 1084; x_wconf 79' lang='grc' dir='ltr'>ἐπιγραφήν</span> <span class='ocrx_word' id='word_1_68' title='bbox 696 1016 916 1086; x_wconf 84' lang='grc' dir='ltr'>φέρων,</span> <span class='ocrx_word' id='word_1_69' title='bbox 972 1021 1052 1081; x_wconf 86' lang='grc' dir='ltr'>εἰς</span> <span class='ocrx_word' id='word_1_70' title='bbox 1098 1018 1197 1090; x_wconf 84' lang='grc' dir='ltr'>τὴν</span> <span class='ocrx_word' id='word_1_71' title='bbox 1251 1019 1422 1092; x_wconf 81' lang='grc' dir='ltr'>αὐτὴν</span> <span class='ocrx_word' id='word_1_72' title='bbox 1473 1020 1729 1073; x_wconf 87' lang='grc' dir='ltr'>ὑπόθεσιν</span> 
     </span>
    </p>
   </div>
   <div class='ocr_carea' id='block_1_12' title="bbox 174 1107 1726 1185">
    <p class='ocr_par' dir='ltr' id='par_1_12' title="bbox 174 1107 1726 1185">
     <span class='ocr_line' id='line_1_12' title="bbox 174 1107 1726 1185; baseline 0.005 -26"><span class='ocrx_word' id='word_1_73' title='bbox 174 1107 464 1161; x_wconf 83' lang='grc' dir='ltr'>ἀποϐλέπει.</span> <span class='ocrx_word' id='word_1_74' title='bbox 485 1109 595 1161; x_wconf 75' lang='grc' dir='ltr'><strong>Καὶ</strong></span> <span class='ocrx_word' id='word_1_75' title='bbox 624 1109 652 1161; x_wconf 88' lang='lat'><strong>6</strong></span> <span class='ocrx_word' id='word_1_76' title='bbox 676 1110 732 1161; x_wconf 82' lang='lat' dir='ltr'><strong>A&#39;</strong></span> <span class='ocrx_word' id='word_1_77' title='bbox 755 1112 851 1164; x_wconf 64' lang='grc' dir='ltr'><strong>κοι)⁵</strong></span> <span class='ocrx_word' id='word_1_78' title='bbox 874 1112 931 1164; x_wconf 83' lang='grc' dir='ltr'><strong>Λ⁹</strong></span> <span class='ocrx_word' id='word_1_79' title='bbox 962 1111 1019 1164; x_wconf 83' lang='grc' dir='ltr'>ἐν</span> <span class='ocrx_word' id='word_1_80' title='bbox 1052 1114 1117 1183; x_wconf 80' lang='grc' dir='ltr'>τῇ</span> <span class='ocrx_word' id='word_1_81' title='bbox 1138 1114 1353 1185; x_wconf 89' lang='grc' dir='ltr'>πατρίδι</span> <span class='ocrx_word' id='word_1_82' title='bbox 1378 1113 1478 1183; x_wconf 83' lang='grc' dir='ltr'>μὲν</span> <span class='ocrx_word' id='word_1_83' title='bbox 1512 1113 1726 1184; x_wconf 78' lang='grc' dir='ltr'><strong>ἐλέχθη,</strong></span> 
     </span>
    </p>
   </div>
   <div class='ocr_carea' id='block_1_13' title="bbox 174 1196 1727 1270">
    <p class='ocr_par' dir='ltr' id='par_1_13' title="bbox 174 1196 1727 1270">
     <span class='ocr_line' id='line_1_13' title="bbox 174 1196 1727 1270; baseline 0.003 -19"><span class='ocrx_word' id='word_1_84' title='bbox 174 1196 463 1263; x_wconf 78' lang='grc' dir='ltr'>Πολιτικὸς</span> <span class='ocrx_word' id='word_1_85' title='bbox 498 1196 543 1250; x_wconf 84' lang='grc' dir='ltr'>δ’</span> <span class='ocrx_word' id='word_1_86' title='bbox 598 1199 1005 1270; x_wconf 83' lang='grc' dir='ltr'>ἐπιγέγραπται</span> <span class='ocrx_word' id='word_1_87' title='bbox 1037 1202 1108 1255; x_wconf 79' lang='grc' dir='ltr'>ἐν</span> <span class='ocrx_word' id='word_1_88' title='bbox 1152 1202 1483 1270; x_wconf 78' lang='grc' dir='ltr'>ἐκκλησίᾳ,</span> <span class='ocrx_word' id='word_1_89' title='bbox 1533 1203 1629 1256; x_wconf 80' lang='grc' dir='ltr'>καὶ</span> <span class='ocrx_word' id='word_1_90' title='bbox 1683 1205 1727 1233; x_wconf 73' lang='grc'>⁸³</span> 
     </span>
    </p>
   </div>
   <div class='ocr_carea' id='block_1_14' title="bbox 177 1287 1729 1364">
    <p class='ocr_par' dir='ltr' id='par_1_14' title="bbox 177 1287 1729 1364">
     <span class='ocr_line' id='line_1_14' title="bbox 177 1287 1729 1364; baseline 0.005 -25"><span class='ocrx_word' id='word_1_91' title='bbox 177 1287 505 1357; x_wconf 86' lang='grc' dir='ltr'>συμϐουλεύει</span> <span class='ocrx_word' id='word_1_92' title='bbox 536 1289 643 1341; x_wconf 85' lang='grc' dir='ltr'>τῶν</span> <span class='ocrx_word' id='word_1_93' title='bbox 672 1293 752 1354; x_wconf 81' lang='grc' dir='ltr'><strong>είς</strong></span> <span class='ocrx_word' id='word_1_94' title='bbox 782 1291 1045 1361; x_wconf 82' lang='grc' dir='ltr'><strong>ἀλλήλους</strong></span> <span class='ocrx_word' id='word_1_95' title='bbox 1074 1293 1283 1364; x_wconf 79' lang='grc' dir='ltr'>ὕϐρεων</span> <span class='ocrx_word' id='word_1_96' title='bbox 1321 1294 1729 1364; x_wconf 82' lang='grc' dir='ltr'><strong>ἀποσχομένους</strong></span> 
     </span>
    </p>
   </div>
   <div class='ocr_carea' id='block_1_15' title="bbox 176 1379 1726 1453">
    <p class='ocr_par' dir='ltr' id='par_1_15' title="bbox 176 1379 1726 1453">
     <span class='ocr_line' id='line_1_15' title="bbox 176 1379 1726 1453; baseline 0.005 -22"><span class='ocrx_word' id='word_1_97' title='bbox 176 1380 253 1432; x_wconf 78' lang='grc' dir='ltr'>καὶ</span> <span class='ocrx_word' id='word_1_98' title='bbox 265 1379 732 1450; x_wconf 72' lang='grc' dir='ltr'>προπηλακισμιῖΝ</span> <span class='ocrx_word' id='word_1_99' title='bbox 752 1382 852 1452; x_wconf 85' lang='grc' dir='ltr'><strong>τὴν</strong></span> <span class='ocrx_word' id='word_1_100' title='bbox 879 1383 1067 1435; x_wconf 82' lang='grc' dir='ltr'>στάσιν</span> <span class='ocrx_word' id='word_1_101' title='bbox 1088 1384 1169 1444; x_wconf 85' lang='grc' dir='ltr'>εἰς</span> <span class='ocrx_word' id='word_1_102' title='bbox 1190 1383 1442 1453; x_wconf 86' lang='grc' dir='ltr'>ὁμόνοιαν</span> <span class='ocrx_word' id='word_1_103' title='bbox 1469 1384 1726 1438; x_wconf 87' lang='grc' dir='ltr'>διαλύειν.</span> 
     </span>
    </p>
   </div>
   <div class='ocr_carea' id='block_1_16' title="bbox 185 1469 1725 1547">
    <p class='ocr_par' dir='ltr' id='par_1_16' title="bbox 185 1469 1725 1547">
     <span class='ocr_line' id='line_1_16' title="bbox 185 1469 1725 1547; baseline 0.005 -25"><span class='ocrx_word' id='word_1_104' title='bbox 185 1469 432 1533; x_wconf 76' lang='grc' dir='ltr'><strong>Ὡσαύτως</strong></span> <span class='ocrx_word' id='word_1_105' title='bbox 463 1472 522 1524; x_wconf 86' lang='grc' dir='ltr'>ἐν</span> <span class='ocrx_word' id='word_1_106' title='bbox 546 1474 612 1542; x_wconf 77' lang='grc' dir='ltr'>τῇ</span> <span class='ocrx_word' id='word_1_107' title='bbox 644 1473 861 1544; x_wconf 90' lang='grc' dir='ltr'>πατρίδι</span> <span class='ocrx_word' id='word_1_108' title='bbox 892 1475 992 1545; x_wconf 83' lang='grc' dir='ltr'><strong>μὲν</strong></span> <span class='ocrx_word' id='word_1_109' title='bbox 1019 1475 1210 1547; x_wconf 88' lang='grc' dir='ltr'>ἐλέχθη</span> <span class='ocrx_word' id='word_1_110' title='bbox 1248 1476 1344 1529; x_wconf 74' lang='grc' dir='ltr'>καὶ</span> <span class='ocrx_word' id='word_1_111' title='bbox 1376 1478 1405 1530; x_wconf 87' lang='grc' dir='ltr'>ὁ</span> <span class='ocrx_word' id='word_1_112' title='bbox 1444 1476 1667 1545; x_wconf 78' lang='grc' dir='ltr'>ἐφεξῆς,</span> <span class='ocrx_word' id='word_1_113' title='bbox 1697 1476 1725 1529; x_wconf 86' lang='grc' dir='ltr'><strong>ὃ</strong></span> 
     </span>
    </p>
   </div>
   <div class='ocr_carea' id='block_1_17' title="bbox 176 1562 1728 1637">
    <p class='ocr_par' dir='ltr' id='par_1_17' title="bbox 176 1562 1728 1637">
     <span class='ocr_line' id='line_1_17' title="bbox 176 1562 1728 1637; baseline 0.006 -22"><span class='ocrx_word' id='word_1_114' title='bbox 176 1562 223 1615; x_wconf 83' lang='grc' dir='ltr'><strong>δέ</strong></span> <span class='ocrx_word' id='word_1_115' title='bbox 271 1564 654 1634; x_wconf 76' lang='grc' dir='ltr'><strong>ἐπιγράφεται,</strong></span> <span class='ocrx_word' id='word_1_116' title='bbox 687 1566 1051 1634; x_wconf 82' lang='grc' dir='ltr'>Παραίτησις</span> <span class='ocrx_word' id='word_1_117' title='bbox 1082 1567 1275 1636; x_wconf 84' lang='grc' dir='ltr'>ἀρχῆς</span> <span class='ocrx_word' id='word_1_118' title='bbox 1302 1569 1371 1622; x_wconf 81' lang='grc' dir='ltr'>ἐν</span> <span class='ocrx_word' id='word_1_119' title='bbox 1399 1568 1471 1637; x_wconf 81' lang='grc' dir='ltr'>τῇ</span> <span class='ocrx_word' id='word_1_120' title='bbox 1501 1568 1728 1637; x_wconf 72' lang='grc' dir='ltr'>βουλῇ,</span> 
     </span>
    </p>
   </div>
   <div class='ocr_carea' id='block_1_18' title="bbox 172 1653 1730 1732">
    <p class='ocr_par' dir='ltr' id='par_1_18' title="bbox 172 1653 1730 1732">
     <span class='ocr_line' id='line_1_18' title="bbox 172 1653 1730 1732; baseline 0.006 -26"><span class='ocrx_word' id='word_1_121' title='bbox 172 1653 305 1707; x_wconf 75' lang='grc' dir='ltr'>τοῦτο</span> <span class='ocrx_word' id='word_1_122' title='bbox 337 1657 428 1709; x_wconf 79' lang='grc' dir='ltr'>καὶ</span> <span class='ocrx_word' id='word_1_123' title='bbox 454 1656 793 1711; x_wconf 80' lang='grc' dir='ltr'><strong>ἐνδείκνυται</strong></span> <span class='ocrx_word' id='word_1_124' title='bbox 818 1674 830 1685; x_wconf 88' lang='grc'><strong>·</strong></span> <span class='ocrx_word' id='word_1_125' title='bbox 856 1659 920 1711; x_wconf 87' lang='grc' dir='ltr'><strong>ἐκ</strong></span> <span class='ocrx_word' id='word_1_126' title='bbox 941 1657 1289 1730; x_wconf 76' lang='grc' dir='ltr'>ψηφίσματος</span> <span class='ocrx_word' id='word_1_127' title='bbox 1324 1660 1433 1732; x_wconf 87' lang='grc' dir='ltr'><strong>γὰρ</strong></span> <span class='ocrx_word' id='word_1_128' title='bbox 1463 1661 1651 1732; x_wconf 84' lang='grc' dir='ltr'>ἄρχειν</span> <span class='ocrx_word' id='word_1_129' title='bbox 1686 1662 1730 1695; x_wconf 80' lang='grc'><strong>⁸⁵⁸</strong></span> 
     </span>
    </p>
   </div>
   <div class='ocr_carea' id='block_1_19' title="bbox 172 1748 1727 1821">
    <p class='ocr_par' dir='ltr' id='par_1_19' title="bbox 172 1748 1727 1821">
     <span class='ocr_line' id='line_1_19' title="bbox 172 1748 1727 1821; baseline 0.007 -25"><span class='ocrx_word' id='word_1_130' title='bbox 172 1748 547 1815; x_wconf 74' lang='grc' dir='ltr'>ὁσυγγραφεὺς</span> <span class='ocrx_word' id='word_1_131' title='bbox 580 1749 853 1819; x_wconf 77' lang='grc' dir='ltr'><strong>ᾑρημένος</strong></span> <span class='ocrx_word' id='word_1_132' title='bbox 874 1752 1234 1820; x_wconf 85' lang='grc' dir='ltr'>παραιτεῖται.</span> <span class='ocrx_word' id='word_1_133' title='bbox 1275 1751 1332 1804; x_wconf 90' lang='grc' dir='ltr'>Ὁ</span> <span class='ocrx_word' id='word_1_134' title='bbox 1360 1752 1416 1805; x_wconf 87' lang='grc' dir='ltr'><strong>δέ</strong></span> <span class='ocrx_word' id='word_1_135' title='bbox 1435 1753 1557 1813; x_wconf 85' lang='lat' dir='ltr'><strong>AI&quot;.</strong></span> <span class='ocrx_word' id='word_1_136' title='bbox 1590 1754 1727 1821; x_wconf 70' lang='grc' dir='ltr'>Περὶ</span> 
     </span>
    </p>
   </div>
   <div class='ocr_carea' id='block_1_20' title="bbox 1833 562 3405 639">
    <p class='ocr_par' dir='ltr' id='par_1_20' title="bbox 1833 562 3405 639">
     <span class='ocr_line' id='line_1_20' title="bbox 1833 562 3405 639; baseline 0.004 -25"><span class='ocrx_word' id='word_1_137' title='bbox 1833 562 1887 614; x_wconf 85' lang='lat' dir='ltr'><strong>in</strong></span> <span class='ocrx_word' id='word_1_138' title='bbox 1930 563 2105 629; x_wconf 84' lang='lat' dir='ltr'><strong>patria</strong></span> <span class='ocrx_word' id='word_1_139' title='bbox 2132 562 2310 616; x_wconf 86' lang='lat' dir='ltr'><strong>habita</strong></span> <span class='ocrx_word' id='word_1_140' title='bbox 2373 565 2705 620; x_wconf 79' lang='lat' dir='ltr'><strong>inscribitur.</strong></span> <span class='ocrx_word' id='word_1_141' title='bbox 2745 565 2849 621; x_wconf 85' lang='lat' dir='ltr'><strong>Eos</strong></span> <span class='ocrx_word' id='word_1_142' title='bbox 2874 576 3053 620; x_wconf 87' lang='lat' dir='ltr'><strong>autem</strong></span> <span class='ocrx_word' id='word_1_143' title='bbox 3088 571 3174 637; x_wconf 89' lang='lat' dir='ltr'><strong>qui</strong></span> <span class='ocrx_word' id='word_1_144' title='bbox 3214 571 3405 639; x_wconf 83' lang='lat' dir='ltr'><strong>lapidi-</strong></span> 
     </span>
    </p>
   </div>
   <div class='ocr_carea' id='block_1_21' title="bbox 1836 654 3407 728">
    <p class='ocr_par' dir='ltr' id='par_1_21' title="bbox 1836 654 3407 728">
     <span class='ocr_line' id='line_1_21' title="bbox 1836 654 3407 728; baseline 0.007 -23"><span class='ocrx_word' id='word_1_145' title='bbox 1836 654 1937 707; x_wconf 92' lang='lat' dir='ltr'><strong>bus</strong></span> <span class='ocrx_word' id='word_1_146' title='bbox 1970 654 2141 720; x_wconf 89' lang='lat' dir='ltr'><strong>ipsum</strong></span> <span class='ocrx_word' id='word_1_147' title='bbox 2174 669 2294 707; x_wconf 86' lang='lat' dir='ltr'><strong>cum</strong></span> <span class='ocrx_word' id='word_1_148' title='bbox 2335 654 2444 708; x_wconf 90' lang='lat' dir='ltr'><strong>alio</strong></span> <span class='ocrx_word' id='word_1_149' title='bbox 2486 656 2716 721; x_wconf 88' lang='lat' dir='ltr'><strong>quodam</strong></span> <span class='ocrx_word' id='word_1_150' title='bbox 2761 657 2997 711; x_wconf 80' lang='lat' dir='ltr'><strong>obruere</strong></span> <span class='ocrx_word' id='word_1_151' title='bbox 3054 662 3291 728; x_wconf 76' lang='lat' dir='ltr'><strong>aggressi</strong></span> <span class='ocrx_word' id='word_1_152' title='bbox 3319 676 3407 716; x_wconf 90' lang='lat' dir='ltr'><strong>es-</strong></span> 
     </span>
    </p>
   </div>
   <div class='ocr_carea' id='block_1_22' title="bbox 1834 745 3402 815">
    <p class='ocr_par' dir='ltr' id='par_1_22' title="bbox 1834 745 3402 815">
     <span class='ocr_line' id='line_1_22' title="bbox 1834 745 3402 815; baseline 0.003 -16"><span class='ocrx_word' id='word_1_153' title='bbox 1834 755 1972 809; x_wconf 83' lang='lat' dir='ltr'><strong>sent,</strong></span> <span class='ocrx_word' id='word_1_154' title='bbox 2004 759 2068 800; x_wconf 86' lang='lat' dir='ltr'><strong>ac</strong></span> <span class='ocrx_word' id='word_1_155' title='bbox 2130 754 2248 814; x_wconf 89' lang='lat' dir='ltr'><strong>post</strong></span> <span class='ocrx_word' id='word_1_156' title='bbox 2276 747 2438 798; x_wconf 87' lang='lat' dir='ltr'><strong>etiam</strong></span> <span class='ocrx_word' id='word_1_157' title='bbox 2484 745 2602 815; x_wconf 88' lang='lat' dir='ltr'><strong>ejus</strong></span> <span class='ocrx_word' id='word_1_158' title='bbox 2647 746 2863 800; x_wconf 89' lang='lat' dir='ltr'><strong>domum</strong></span> <span class='ocrx_word' id='word_1_159' title='bbox 2900 748 3005 811; x_wconf 77' lang='lat' dir='ltr'><strong>igni</strong></span> <span class='ocrx_word' id='word_1_160' title='bbox 3055 751 3402 803; x_wconf 82' lang='lat' dir='ltr'><strong>cremandam</strong></span> 
     </span>
    </p>
   </div>
   <div class='ocr_carea' id='block_1_23' title="bbox 1836 837 3407 905">
    <p class='ocr_par' dir='ltr' id='par_1_23' title="bbox 1836 837 3407 905">
     <span class='ocr_line' id='line_1_23' title="bbox 1836 837 3407 905; baseline 0.003 -15"><span class='ocrx_word' id='word_1_161' title='bbox 1836 838 2072 902; x_wconf 89' lang='lat' dir='ltr'><strong>tradere,</strong></span> <span class='ocrx_word' id='word_1_162' title='bbox 2126 838 2420 891; x_wconf 86' lang='lat' dir='ltr'><strong>clementer</strong></span> <span class='ocrx_word' id='word_1_163' title='bbox 2476 837 2811 905; x_wconf 72' lang='lat' dir='ltr'><strong>objurgaus,</strong></span> <span class='ocrx_word' id='word_1_164' title='bbox 2862 838 3054 892; x_wconf 89' lang='lat' dir='ltr'><strong>melius</strong></span> <span class='ocrx_word' id='word_1_165' title='bbox 3104 840 3175 893; x_wconf 91' lang='lat' dir='ltr'><strong>ob</strong></span> <span class='ocrx_word' id='word_1_166' title='bbox 3223 841 3407 895; x_wconf 81' lang='lat' dir='ltr'><strong>civiles</strong></span> 
     </span>
    </p>
   </div>
   <div class='ocr_carea' id='block_1_24' title="bbox 1836 930 3405 1002">
    <p class='ocr_par' dir='ltr' id='par_1_24' title="bbox 1836 930 3405 1002">
     <span class='ocr_line' id='line_1_24' title="bbox 1836 930 3405 1002; baseline 0.003 -19"><span class='ocrx_word' id='word_1_167' title='bbox 1836 930 2021 985; x_wconf 90' lang='lat' dir='ltr'><strong>turbas</strong></span> <span class='ocrx_word' id='word_1_168' title='bbox 2067 945 2187 984; x_wconf 90' lang='lat' dir='ltr'><strong>esse</strong></span> <span class='ocrx_word' id='word_1_169' title='bbox 2223 930 2507 984; x_wconf 87' lang='lat' dir='ltr'><strong>contirmat</strong></span> <span class='ocrx_word' id='word_1_170' title='bbox 2545 945 2772 1000; x_wconf 82' lang='lat' dir='ltr'><strong>peregre</strong></span> <span class='ocrx_word' id='word_1_171' title='bbox 2818 933 3024 1002; x_wconf 82' lang='lat' dir='ltr'><strong>vagari,</strong></span> <span class='ocrx_word' id='word_1_172' title='bbox 3058 947 3218 1001; x_wconf 88' lang='lat' dir='ltr'><strong>quam</strong></span> <span class='ocrx_word' id='word_1_173' title='bbox 3263 935 3405 989; x_wconf 91' lang='lat' dir='ltr'><strong>domi</strong></span> 
     </span>
    </p>
   </div>
   <div class='ocr_carea' id='block_1_25' title="bbox 1834 1021 3404 1094">
    <p class='ocr_par' dir='ltr' id='par_1_25' title="bbox 1834 1021 3404 1094">
     <span class='ocr_line' id='line_1_25' title="bbox 1834 1021 3404 1094; baseline 0.002 -21"><span class='ocrx_word' id='word_1_174' title='bbox 1834 1021 2047 1091; x_wconf 91' lang='lat' dir='ltr'><strong>degere.</strong></span> <span class='ocrx_word' id='word_1_175' title='bbox 2081 1022 2295 1075; x_wconf 83' lang='lat' dir='ltr'><strong>Civium</strong></span> <span class='ocrx_word' id='word_1_176' title='bbox 2326 1037 2454 1076; x_wconf 87' lang='lat' dir='ltr'><strong>vero</strong></span> <span class='ocrx_word' id='word_1_177' title='bbox 2485 1037 2704 1077; x_wconf 89' lang='lat' dir='ltr'><strong>suorum</strong></span> <span class='ocrx_word' id='word_1_178' title='bbox 2733 1038 2861 1094; x_wconf 85' lang='lat' dir='ltr'><strong>erga</strong></span> <span class='ocrx_word' id='word_1_179' title='bbox 2895 1038 2953 1077; x_wconf 90' lang='lat' dir='ltr'><strong>se</strong></span> <span class='ocrx_word' id='word_1_180' title='bbox 2983 1023 3404 1094; x_wconf 78' lang='lat' dir='ltr'><strong>indignationem</strong></span> 
     </span>
    </p>
   </div>
   <div class='ocr_carea' id='block_1_26' title="bbox 1834 1113 3407 1185">
    <p class='ocr_par' dir='ltr' id='par_1_26' title="bbox 1834 1113 3407 1185">
     <span class='ocr_line' id='line_1_26' title="bbox 1834 1113 3407 1185; baseline 0.001 -17"><span class='ocrx_word' id='word_1_181' title='bbox 1834 1113 1960 1168; x_wconf 87' lang='lat' dir='ltr'><strong>hinc</strong></span> <span class='ocrx_word' id='word_1_182' title='bbox 1985 1124 2160 1167; x_wconf 85' lang='lat' dir='ltr'><strong>ortam</strong></span> <span class='ocrx_word' id='word_1_183' title='bbox 2191 1115 2286 1177; x_wconf 88' lang='lat' dir='ltr'><strong>ait,</strong></span> <span class='ocrx_word' id='word_1_184' title='bbox 2321 1114 2462 1184; x_wconf 87' lang='lat' dir='ltr'><strong>quod</strong></span> <span class='ocrx_word' id='word_1_185' title='bbox 2499 1130 2666 1171; x_wconf 90' lang='lat' dir='ltr'><strong>ruens</strong></span> <span class='ocrx_word' id='word_1_186' title='bbox 2688 1115 2799 1185; x_wconf 88' lang='lat' dir='ltr'><strong>jam</strong></span> <span class='ocrx_word' id='word_1_187' title='bbox 2829 1115 3115 1170; x_wconf 62' lang='lat' dir='ltr'><strong>aedificium</strong></span> <span class='ocrx_word' id='word_1_188' title='bbox 3139 1118 3407 1185; x_wconf 87' lang='lat' dir='ltr'><strong>quoddam</strong></span> 
     </span>
    </p>
   </div>
   <div class='ocr_carea' id='block_1_27' title="bbox 1837 1206 3406 1277">
    <p class='ocr_par' dir='ltr' id='par_1_27' title="bbox 1837 1206 3406 1277">
     <span class='ocr_line' id='line_1_27' title="bbox 1837 1206 3406 1277; baseline 0.002 -17"><span class='ocrx_word' id='word_1_189' title='bbox 1837 1207 2217 1263; x_wconf 84' lang='lat' dir='ltr'><strong>instaurasset.</strong></span> <span class='ocrx_word' id='word_1_190' title='bbox 2261 1206 2559 1261; x_wconf 84' lang='lat' dir='ltr'><strong>Tricesima</strong></span> <span class='ocrx_word' id='word_1_191' title='bbox 2617 1208 2811 1263; x_wconf 89' lang='lat' dir='ltr'><strong>deinde</strong></span> <span class='ocrx_word' id='word_1_192' title='bbox 2865 1208 3056 1262; x_wconf 84' lang='lat' dir='ltr'><strong>Concio</strong></span> <span class='ocrx_word' id='word_1_193' title='bbox 3110 1209 3165 1262; x_wconf 86' lang='lat' dir='ltr'><strong>in</strong></span> <span class='ocrx_word' id='word_1_194' title='bbox 3230 1211 3406 1277; x_wconf 80' lang='lat' dir='ltr'><strong>patria</strong></span> 
     </span>
    </p>
   </div>
   <div class='ocr_carea' id='block_1_28' title="bbox 1838 1298 3400 1369">
    <p class='ocr_par' dir='ltr' id='par_1_28' title="bbox 1838 1298 3400 1369">
     <span class='ocr_line' id='line_1_28' title="bbox 1838 1298 3400 1369; baseline 0.003 -19"><span class='ocrx_word' id='word_1_195' title='bbox 1838 1298 2180 1361; x_wconf 87' lang='lat' dir='ltr'><strong>inscribitur,</strong></span> <span class='ocrx_word' id='word_1_196' title='bbox 2213 1300 2464 1369; x_wconf 91' lang='lat' dir='ltr'><strong>idemque</strong></span> <span class='ocrx_word' id='word_1_197' title='bbox 2514 1300 2736 1369; x_wconf 89' lang='lat' dir='ltr'><strong>respicit</strong></span> <span class='ocrx_word' id='word_1_198' title='bbox 2771 1311 3170 1367; x_wconf 74' lang='lat' dir='ltr'><strong>argumentum.</strong></span> <span class='ocrx_word' id='word_1_199' title='bbox 3206 1299 3400 1354; x_wconf 83' lang='lat' dir='ltr'><strong>XXXI.</strong></span> 
     </span>
    </p>
   </div>
   <div class='ocr_carea' id='block_1_29' title="bbox 1836 1390 3406 1462">
    <p class='ocr_par' dir='ltr' id='par_1_29' title="bbox 1836 1390 3406 1462">
     <span class='ocr_line' id='line_1_29' title="bbox 1836 1390 3406 1462; baseline 0.001 -17"><span class='ocrx_word' id='word_1_200' title='bbox 1836 1391 1893 1445; x_wconf 92' lang='lat' dir='ltr'><strong>In</strong></span> <span class='ocrx_word' id='word_1_201' title='bbox 1927 1392 2100 1460; x_wconf 86' lang='lat' dir='ltr'><strong>patria</strong></span> <span class='ocrx_word' id='word_1_202' title='bbox 2139 1392 2342 1457; x_wconf 89' lang='lat' dir='ltr'><strong>habita,</strong></span> <span class='ocrx_word' id='word_1_203' title='bbox 2374 1391 2615 1446; x_wconf 72' lang='lat' dir='ltr'><strong>Politicw</strong></span> <span class='ocrx_word' id='word_1_204' title='bbox 2648 1392 2702 1445; x_wconf 87' lang='lat' dir='ltr'><strong>in</strong></span> <span class='ocrx_word' id='word_1_205' title='bbox 2732 1392 2979 1445; x_wconf 80' lang='lat' dir='ltr'><strong>concione</strong></span> <span class='ocrx_word' id='word_1_206' title='bbox 3022 1390 3235 1445; x_wconf 83' lang='lat' dir='ltr'><strong>titulum</strong></span> <span class='ocrx_word' id='word_1_207' title='bbox 3268 1406 3406 1462; x_wconf 76' lang='lat' dir='ltr'><strong>pra:-</strong></span> 
     </span>
    </p>
   </div>
   <div class='ocr_carea' id='block_1_30' title="bbox 1837 1480 3406 1551">
    <p class='ocr_par' dir='ltr' id='par_1_30' title="bbox 1837 1480 3406 1551">
     <span class='ocr_line' id='line_1_30' title="bbox 1837 1480 3406 1551; baseline 0.002 -18"><span class='ocrx_word' id='word_1_208' title='bbox 1837 1480 2314 1550; x_wconf 83' lang='lat' dir='ltr'><strong>fert:suadetqus</strong></span> <span class='ocrx_word' id='word_1_209' title='bbox 2361 1491 2419 1536; x_wconf 91' lang='lat' dir='ltr'><strong>ut</strong></span> <span class='ocrx_word' id='word_1_210' title='bbox 2471 1483 2715 1551; x_wconf 80' lang='lat' dir='ltr'><strong>posthac,</strong></span> <span class='ocrx_word' id='word_1_211' title='bbox 2771 1481 2989 1548; x_wconf 88' lang='lat' dir='ltr'><strong>injuriis</strong></span> <span class='ocrx_word' id='word_1_212' title='bbox 3045 1481 3278 1535; x_wconf 83' lang='lat' dir='ltr'><strong>invicem</strong></span> <span class='ocrx_word' id='word_1_213' title='bbox 3341 1496 3406 1536; x_wconf 89' lang='lat' dir='ltr'><strong>ac</strong></span> 
     </span>
    </p>
   </div>
   <div class='ocr_carea' id='block_1_31' title="bbox 1837 1570 3402 1641">
    <p class='ocr_par' dir='ltr' id='par_1_31' title="bbox 1837 1570 3402 1641">
     <span class='ocr_line' id='line_1_31' title="bbox 1837 1570 3402 1641; baseline -0.001 -18"><span class='ocrx_word' id='word_1_214' title='bbox 1837 1570 2114 1639; x_wconf 79' lang='lat' dir='ltr'><strong>probrosis</strong></span> <span class='ocrx_word' id='word_1_215' title='bbox 2147 1570 2491 1625; x_wconf 88' lang='lat' dir='ltr'><strong>contumeliis</strong></span> <span class='ocrx_word' id='word_1_216' title='bbox 2518 1570 2699 1625; x_wconf 86' lang='lat' dir='ltr'><strong>valere</strong></span> <span class='ocrx_word' id='word_1_217' title='bbox 2744 1570 2933 1641; x_wconf 87' lang='lat' dir='ltr'><strong>jussis,</strong></span> <span class='ocrx_word' id='word_1_218' title='bbox 2981 1572 3300 1626; x_wconf 85' lang='lat' dir='ltr'><strong>seditionem</strong></span> <span class='ocrx_word' id='word_1_219' title='bbox 3349 1572 3402 1624; x_wconf 85' lang='lat' dir='ltr'><strong>in</strong></span> 
     </span>
    </p>
   </div>
   <div class='ocr_carea' id='block_1_32' title="bbox 1835 1662 3405 1731">
    <p class='ocr_par' dir='ltr' id='par_1_32' title="bbox 1835 1662 3405 1731">
     <span class='ocr_line' id='line_1_32' title="bbox 1835 1662 3405 1731; baseline -0.001 -16"><span class='ocrx_word' id='word_1_220' title='bbox 1835 1662 2180 1716; x_wconf 84' lang='lat' dir='ltr'><strong>concordiam</strong></span> <span class='ocrx_word' id='word_1_221' title='bbox 2207 1670 2442 1717; x_wconf 82' lang='lat' dir='ltr'><strong>vertant.</strong></span> <span class='ocrx_word' id='word_1_222' title='bbox 2489 1662 2754 1717; x_wconf 87' lang='lat' dir='ltr'><strong>Similiter</strong></span> <span class='ocrx_word' id='word_1_223' title='bbox 2796 1673 2852 1716; x_wconf 92' lang='lat' dir='ltr'><strong>et</strong></span> <span class='ocrx_word' id='word_1_224' title='bbox 2893 1677 2955 1717; x_wconf 86' lang='lat' dir='ltr'><strong>ea</strong></span> <span class='ocrx_word' id='word_1_225' title='bbox 2998 1678 3117 1731; x_wconf 67' lang='lat' dir='ltr'><strong>qua:</strong></span> <span class='ocrx_word' id='word_1_226' title='bbox 3158 1664 3405 1731; x_wconf 80' lang='lat' dir='ltr'><strong>sequitur</strong></span> 
     </span>
    </p>
   </div>
   <div class='ocr_carea' id='block_1_33' title="bbox 1808 1726 3405 1824">
    <p class='ocr_par' dir='ltr' id='par_1_33' title="bbox 1808 1726 3405 1824">
     <span class='ocr_line' id='line_1_33' title="bbox 1808 1726 3405 1824; baseline 0.001 -17"><span class='ocrx_word' id='word_1_227' title='bbox 1808 1726 2021 1809; x_wconf 80' lang='lat' dir='ltr'><strong>habita</strong></span> <span class='ocrx_word' id='word_1_228' title='bbox 2055 1763 2139 1810; x_wconf 87' lang='lat' dir='ltr'><strong>est</strong></span> <span class='ocrx_word' id='word_1_229' title='bbox 2167 1754 2219 1809; x_wconf 92' lang='lat' dir='ltr'><strong>in</strong></span> <span class='ocrx_word' id='word_1_230' title='bbox 2253 1756 2449 1824; x_wconf 88' lang='lat' dir='ltr'><strong>patria,</strong></span> <span class='ocrx_word' id='word_1_231' title='bbox 2483 1755 2904 1824; x_wconf 90' lang='lat' dir='ltr'><strong>inscribiturque</strong></span> <span class='ocrx_word' id='word_1_232' title='bbox 2939 1726 3109 1809; x_wconf 39' lang='lat' dir='ltr'><strong>ex-eo</strong></span> <span class='ocrx_word' id='word_1_233' title='bbox 3137 1726 3277 1824; x_wconf 79' lang='lat' dir='ltr'><strong>quod</strong></span> <span class='ocrx_word' id='word_1_234' title='bbox 3308 1770 3405 1823; x_wconf 87' lang='lat' dir='ltr'><strong>pa-</strong></span> 
     </span>
    </p>
   </div>
   <div class='ocr_carea' id='block_1_34' title="bbox 174 1833 1725 1921">
    <p class='ocr_par' dir='ltr' id='par_1_34' title="bbox 174 1836 1723 1915">
     <span class='ocr_line' id='line_1_34' title="bbox 174 1836 1723 1915; baseline 0.005 -26"><span class='ocrx_word' id='word_1_235' title='bbox 174 1836 269 1890; x_wconf 77' lang='grc' dir='ltr'>τῶν</span> <span class='ocrx_word' id='word_1_236' title='bbox 310 1838 495 1907; x_wconf 75' lang='grc' dir='ltr'>ἔργων</span> <span class='ocrx_word' id='word_1_237' title='bbox 561 1840 633 1894; x_wconf 85' lang='grc' dir='ltr'>ἐν</span> <span class='ocrx_word' id='word_1_238' title='bbox 679 1840 905 1910; x_wconf 76' lang='grc' dir='ltr'>βουλῇ,</span> <span class='ocrx_word' id='word_1_239' title='bbox 953 1840 1052 1912; x_wconf 80' lang='grc' dir='ltr'>τὴν</span> <span class='ocrx_word' id='word_1_240' title='bbox 1076 1842 1389 1914; x_wconf 83' lang='grc' dir='ltr'>ἐπιγραφὴν</span> <span class='ocrx_word' id='word_1_241' title='bbox 1451 1844 1723 1915; x_wconf 84' lang='grc' dir='ltr'><strong>παρέχων,</strong></span> 
     </span>
    </p>
   </div>
   <div class='ocr_carea' id='block_1_35' title="bbox 1829 1833 3405 1921">
    <p class='ocr_par' dir='ltr' id='par_1_35' title="bbox 1838 1848 3405 1921">
     <span class='ocr_line' id='line_1_35' title="bbox 1838 1848 3405 1921; baseline -0.001 -19"><span class='ocrx_word' id='word_1_242' title='bbox 1838 1849 1941 1903; x_wconf 89' lang='lat' dir='ltr'><strong>Iam</strong></span> <span class='ocrx_word' id='word_1_243' title='bbox 1970 1850 2171 1904; x_wconf 75' lang='lat' dir='ltr'><strong>indicat</strong></span> <span class='ocrx_word' id='word_1_244' title='bbox 2199 1866 2214 1904; x_wconf 90' lang='lat'><strong>:</strong></span> <span class='ocrx_word' id='word_1_245' title='bbox 2244 1848 2519 1904; x_wconf 80' lang='lat' dir='ltr'><strong>Recusatio</strong></span> <span class='ocrx_word' id='word_1_246' title='bbox 2544 1852 2883 1921; x_wconf 86' lang='lat' dir='ltr'><strong>magistratus</strong></span> <span class='ocrx_word' id='word_1_247' title='bbox 2919 1850 2973 1903; x_wconf 83' lang='lat' dir='ltr'><strong>in</strong></span> <span class='ocrx_word' id='word_1_248' title='bbox 3012 1862 3213 1905; x_wconf 85' lang='lat' dir='ltr'><strong>senatu.</strong></span> <span class='ocrx_word' id='word_1_249' title='bbox 3243 1850 3405 1920; x_wconf 83' lang='lat' dir='ltr'><strong>Magi-</strong></span> 
     </span>
    </p>
   </div>
   <div class='ocr_carea' id='block_1_36' title="bbox 175 1928 1729 2003">
    <p class='ocr_par' dir='ltr' id='par_1_36' title="bbox 175 1928 1729 2003">
     <span class='ocr_line' id='line_1_36' title="bbox 175 1928 1729 2003; baseline 0.005 -24"><span class='ocrx_word' id='word_1_250' title='bbox 175 1928 365 1981; x_wconf 76' lang='grc' dir='ltr'>ἔπαινον</span> <span class='ocrx_word' id='word_1_251' title='bbox 387 1930 490 1998; x_wconf 85' lang='grc' dir='ltr'><strong>μέν</strong></span> <span class='ocrx_word' id='word_1_252' title='bbox 521 1947 643 1983; x_wconf 89' lang='grc' dir='ltr'>τινα</span> <span class='ocrx_word' id='word_1_253' title='bbox 670 1932 767 1999; x_wconf 86' lang='grc' dir='ltr'>τῆς</span> <span class='ocrx_word' id='word_1_254' title='bbox 808 1930 1003 2001; x_wconf 84' lang='grc' dir='ltr'>βουλῆς</span> <span class='ocrx_word' id='word_1_255' title='bbox 1033 1932 1331 2003; x_wconf 88' lang='grc' dir='ltr'>ἐπιτρέχει,</span> <span class='ocrx_word' id='word_1_256' title='bbox 1374 1933 1729 2001; x_wconf 86' lang='grc' dir='ltr'><strong>ἀπολογεῖται</strong></span> 
     </span>
    </p>
   </div>
   <div class='ocr_carea' id='block_1_37' title="bbox 174 2016 1728 2097">
    <p class='ocr_par' dir='ltr' id='par_1_37' title="bbox 174 2016 1728 2097">
     <span class='ocr_line' id='line_1_37' title="bbox 174 2016 1728 2097; baseline 0.006 -26"><span class='ocrx_word' id='word_1_257' title='bbox 174 2019 219 2072; x_wconf 74' lang='grc' dir='ltr'>δὲ</span> <span class='ocrx_word' id='word_1_258' title='bbox 238 2019 323 2072; x_wconf 73' lang='grc' dir='ltr'>καὶ</span> <span class='ocrx_word' id='word_1_259' title='bbox 347 2020 389 2051; x_wconf 64' lang='grc'><strong>⁸³</strong></span> <span class='ocrx_word' id='word_1_260' title='bbox 413 2021 559 2092; x_wconf 78' lang='grc' dir='ltr'>ὑπὲρ</span> <span class='ocrx_word' id='word_1_261' title='bbox 588 2016 662 2074; x_wconf 84' lang='grc' dir='ltr'><strong>ὧν</strong></span> <span class='ocrx_word' id='word_1_262' title='bbox 690 2024 718 2075; x_wconf 91' lang='lat'><strong>6</strong></span> <span class='ocrx_word' id='word_1_263' title='bbox 745 2020 874 2094; x_wconf 71' lang='grc'><strong>[276</strong></span> <span class='ocrx_word' id='word_1_264' title='bbox 922 2022 1020 2095; x_wconf 86' lang='grc' dir='ltr'><strong>Η.]</strong></span> <span class='ocrx_word' id='word_1_265' title='bbox 1047 2023 1182 2077; x_wconf 85' lang='grc' dir='ltr'><strong>Δίων</strong></span> <span class='ocrx_word' id='word_1_266' title='bbox 1216 2025 1516 2089; x_wconf 81' lang='grc' dir='ltr'>ὑπενοεῖτο,</span> <span class='ocrx_word' id='word_1_267' title='bbox 1542 2026 1616 2090; x_wconf 83' lang='grc' dir='ltr'>ὼς</span> <span class='ocrx_word' id='word_1_268' title='bbox 1653 2027 1728 2097; x_wconf 84' lang='grc' dir='ltr'>μὴ</span> 
     </span>
    </p>
   </div>
   <div class='ocr_carea' id='block_1_38' title="bbox 176 2111 1729 2187">
    <p class='ocr_par' dir='ltr' id='par_1_38' title="bbox 176 2111 1729 2187">
     <span class='ocr_line' id='line_1_38' title="bbox 176 2111 1729 2187; baseline 0.005 -24"><span class='ocrx_word' id='word_1_269' title='bbox 176 2111 231 2164; x_wconf 75' lang='grc' dir='ltr'>τὰ</span> <span class='ocrx_word' id='word_1_270' title='bbox 267 2111 354 2166; x_wconf 79' lang='grc' dir='ltr'><strong>τοῦ</strong></span> <span class='ocrx_word' id='word_1_271' title='bbox 395 2112 591 2176; x_wconf 79' lang='grc' dir='ltr'>παιδὸς</span> <span class='ocrx_word' id='word_1_272' title='bbox 631 2112 770 2185; x_wconf 79' lang='grc' dir='ltr'>ἔργα</span> <span class='ocrx_word' id='word_1_273' title='bbox 825 2114 921 2167; x_wconf 82' lang='grc' dir='ltr'>καὶ</span> <span class='ocrx_word' id='word_1_274' title='bbox 951 2115 1007 2168; x_wconf 83' lang='lat' dir='ltr'><strong>aI</strong></span> <span class='ocrx_word' id='word_1_275' title='bbox 1054 2115 1281 2185; x_wconf 81' lang='grc' dir='ltr'>πράξεις</span> <span class='ocrx_word' id='word_1_276' title='bbox 1337 2118 1395 2171; x_wconf 90' lang='grc' dir='ltr'><strong>αί</strong></span> <span class='ocrx_word' id='word_1_277' title='bbox 1440 2118 1580 2171; x_wconf 86' lang='grc' dir='ltr'><strong>κατά</strong></span> <span class='ocrx_word' id='word_1_278' title='bbox 1630 2117 1729 2187; x_wconf 83' lang='grc' dir='ltr'>τὴν</span> 
     </span>
    </p>
   </div>
   <div class='ocr_carea' id='block_1_39' title="bbox 176 2207 1728 2283">
    <p class='ocr_par' dir='ltr' id='par_1_39' title="bbox 176 2207 1728 2283">
     <span class='ocr_line' id='line_1_39' title="bbox 176 2207 1728 2283; baseline 0.005 -23"><span class='ocrx_word' id='word_1_279' title='bbox 176 2207 305 2261; x_wconf 83' lang='grc' dir='ltr'>πόλιν</span> <span class='ocrx_word' id='word_1_280' title='bbox 332 2208 430 2279; x_wconf 79' lang='grc' dir='ltr'>τῆς</span> <span class='ocrx_word' id='word_1_281' title='bbox 480 2210 758 2280; x_wconf 80' lang='grc' dir='ltr'><strong>πατρικῆς</strong></span> <span class='ocrx_word' id='word_1_282' title='bbox 811 2210 857 2242; x_wconf 69' lang='grc'>⁸⁸</span> <span class='ocrx_word' id='word_1_283' title='bbox 902 2213 1011 2264; x_wconf 81' lang='grc' dir='ltr'>εἱσι</span> <span class='ocrx_word' id='word_1_284' title='bbox 1050 2210 1243 2283; x_wconf 81' lang='grc' dir='ltr'>βουλῆς</span> <span class='ocrx_word' id='word_1_285' title='bbox 1290 2211 1618 2283; x_wconf 82' lang='grc' dir='ltr'>ἐξημμέναι.</span> <span class='ocrx_word' id='word_1_286' title='bbox 1672 2213 1728 2267; x_wconf 88' lang='grc' dir='ltr'><strong>Ὀ</strong></span> 
     </span>
    </p>
   </div>
   <div class='ocr_carea' id='block_1_40' title="bbox 178 2299 1722 2376">
    <p class='ocr_par' dir='ltr' id='par_1_40' title="bbox 178 2299 1722 2376">
     <span class='ocr_line' id='line_1_40' title="bbox 178 2299 1722 2376; baseline 0.004 -25"><span class='ocrx_word' id='word_1_287' title='bbox 178 2299 341 2370; x_wconf 80' lang='grc' dir='ltr'>ἑφεξῆς</span> <span class='ocrx_word' id='word_1_288' title='bbox 360 2300 415 2353; x_wconf 78' lang='grc' dir='ltr'>δὲ</span> <span class='ocrx_word' id='word_1_289' title='bbox 437 2301 596 2368; x_wconf 78' lang='grc' dir='ltr'>Πρὸς</span> <span class='ocrx_word' id='word_1_290' title='bbox 617 2300 909 2370; x_wconf 82' lang='grc' dir='ltr'><strong>Διόδωρον</strong></span> <span class='ocrx_word' id='word_1_291' title='bbox 926 2303 1386 2373; x_wconf 80' lang='grc' dir='ltr'>ἐπιγραφόμενος,</span> <span class='ocrx_word' id='word_1_292' title='bbox 1405 2305 1722 2376; x_wconf 79' lang='grc' dir='ltr'>προτροπὴν</span> 
     </span>
    </p>
   </div>
   <div class='ocr_carea' id='block_1_41' title="bbox 177 2392 1730 2464">
    <p class='ocr_par' dir='ltr' id='par_1_41' title="bbox 177 2392 1730 2464">
     <span class='ocr_line' id='line_1_41' title="bbox 177 2392 1730 2464; baseline 0.003 -21"><span class='ocrx_word' id='word_1_293' title='bbox 177 2392 259 2459; x_wconf 82' lang='grc' dir='ltr'><strong>μέν</strong></span> <span class='ocrx_word' id='word_1_294' title='bbox 282 2410 395 2445; x_wconf 89' lang='grc' dir='ltr'>τινα</span> <span class='ocrx_word' id='word_1_295' title='bbox 425 2394 521 2445; x_wconf 87' lang='grc' dir='ltr'><strong>ἐπ’</strong></span> <span class='ocrx_word' id='word_1_296' title='bbox 553 2394 752 2464; x_wconf 83' lang='grc' dir='ltr'>ἀρετὴν</span> <span class='ocrx_word' id='word_1_297' title='bbox 784 2395 1014 2462; x_wconf 88' lang='grc' dir='ltr'>είσάγει,</span> <span class='ocrx_word' id='word_1_298' title='bbox 1068 2396 1310 2448; x_wconf 78' lang='grc' dir='ltr'>ἐπαινεῖν</span> <span class='ocrx_word' id='word_1_299' title='bbox 1356 2396 1412 2449; x_wconf 85' lang='grc' dir='ltr'>δὲ</span> <span class='ocrx_word' id='word_1_300' title='bbox 1448 2397 1545 2463; x_wconf 85' lang='grc' dir='ltr'>τὴν</span> <span class='ocrx_word' id='word_1_301' title='bbox 1575 2397 1730 2450; x_wconf 85' lang='grc' dir='ltr'>πόλιν</span> 
     </span>
    </p>
   </div>
   <div class='ocr_carea' id='block_1_42' title="bbox 177 2477 1731 2559">
    <p class='ocr_par' dir='ltr' id='par_1_42' title="bbox 177 2477 1731 2559">
     <span class='ocr_line' id='line_1_42' title="bbox 177 2477 1731 2559; baseline 0.004 -25"><span class='ocrx_word' id='word_1_302' title='bbox 177 2485 285 2554; x_wconf 66' lang='grc' dir='ltr'>φησὶ</span> <span class='ocrx_word' id='word_1_303' title='bbox 323 2483 387 2536; x_wconf 88' lang='grc' dir='ltr'><strong>δι’</strong></span> <span class='ocrx_word' id='word_1_304' title='bbox 433 2477 517 2536; x_wconf 85' lang='grc' dir='ltr'><strong>ὧν</strong></span> <span class='ocrx_word' id='word_1_305' title='bbox 571 2484 663 2536; x_wconf 72' lang='grc' dir='ltr'><strong>τὸν</strong></span> <span class='ocrx_word' id='word_1_306' title='bbox 705 2487 1131 2555; x_wconf 82' lang='grc' dir='ltr'>ἐγκωμιάσαντά</span> <span class='ocrx_word' id='word_1_307' title='bbox 1176 2487 1437 2559; x_wconf 84' lang='grc' dir='ltr'><strong>Διόδωρον</strong></span> <span class='ocrx_word' id='word_1_308' title='bbox 1486 2488 1731 2551; x_wconf 79' lang='grc' dir='ltr'>ἐπαίνοις</span> 
     </span>
    </p>
   </div>
   <div class='ocr_carea' id='block_1_43' title="bbox 179 2574 1732 2649">
    <p class='ocr_par' dir='ltr' id='par_1_43' title="bbox 179 2574 1732 2649">
     <span class='ocr_line' id='line_1_43' title="bbox 179 2574 1732 2649; baseline 0.006 -24"><span class='ocrx_word' id='word_1_309' title='bbox 179 2574 473 2643; x_wconf 76' lang='grc' dir='ltr'>περιϐάλλει.</span> <span class='ocrx_word' id='word_1_310' title='bbox 496 2574 556 2629; x_wconf 85' lang='lat'><strong>&#39;0</strong></span> <span class='ocrx_word' id='word_1_311' title='bbox 570 2576 624 2629; x_wconf 88' lang='grc' dir='ltr'><strong>δέ</strong></span> <span class='ocrx_word' id='word_1_312' title='bbox 639 2576 907 2645; x_wconf 78' lang='lat' dir='ltr'><strong>AE&#39;,flt-:pl</strong></span> <span class='ocrx_word' id='word_1_313' title='bbox 921 2580 1228 2647; x_wconf 77' lang='grc' dir='ltr'><strong>Αἰσχύλου</strong></span> <span class='ocrx_word' id='word_1_314' title='bbox 1240 2580 1338 2635; x_wconf 78' lang='grc' dir='ltr'>καὶ</span> <span class='ocrx_word' id='word_1_315' title='bbox 1352 2579 1732 2649; x_wconf 72' lang='grc' dir='ltr'><strong>Σοφοκλέους</strong></span> 
     </span>
    </p>
   </div>
   <div class='ocr_carea' id='block_1_44' title="bbox 179 2666 1732 2738">
    <p class='ocr_par' dir='ltr' id='par_1_44' title="bbox 179 2666 1732 2738">
     <span class='ocr_line' id='line_1_44' title="bbox 179 2666 1732 2738; baseline 0.005 -20"><span class='ocrx_word' id='word_1_316' title='bbox 179 2666 253 2718; x_wconf 78' lang='grc' dir='ltr'>καὶ</span> <span class='ocrx_word' id='word_1_317' title='bbox 284 2666 630 2735; x_wconf 79' lang='grc' dir='ltr'>Εὐριπίδου,</span> <span class='ocrx_word' id='word_1_318' title='bbox 679 2667 711 2738; x_wconf 79' lang='grc' dir='ltr'><strong>ἧ</strong></span> <span class='ocrx_word' id='word_1_319' title='bbox 749 2668 885 2737; x_wconf 80' lang='grc' dir='ltr'>Περὶ</span> <span class='ocrx_word' id='word_1_320' title='bbox 924 2668 1044 2723; x_wconf 85' lang='grc' dir='ltr'><strong>τῶν</strong></span> <span class='ocrx_word' id='word_1_321' title='bbox 1079 2669 1445 2737; x_wconf 77' lang='grc' dir='ltr'>Φιλοκτήτου</span> <span class='ocrx_word' id='word_1_322' title='bbox 1475 2671 1520 2704; x_wconf 77' lang='grc'><strong>’⁸⁵</strong></span> <span class='ocrx_word' id='word_1_323' title='bbox 1542 2673 1732 2737; x_wconf 81' lang='grc' dir='ltr'>τόξων</span> 
     </span>
    </p>
   </div>
   <div class='ocr_carea' id='block_1_45' title="bbox 180 2758 1735 2831">
    <p class='ocr_par' dir='ltr' id='par_1_45' title="bbox 180 2758 1735 2831">
     <span class='ocr_line' id='line_1_45' title="bbox 180 2758 1735 2831; baseline 0.004 -21"><span class='ocrx_word' id='word_1_324' title='bbox 180 2758 658 2828; x_wconf 80' lang='grc' dir='ltr'>ἐπιγεγραμμένος,</span> <span class='ocrx_word' id='word_1_325' title='bbox 706 2758 804 2830; x_wconf 84' lang='grc' dir='ltr'>τὴν</span> <span class='ocrx_word' id='word_1_326' title='bbox 847 2760 941 2812; x_wconf 82' lang='grc' dir='ltr'>τοῦ</span> <span class='ocrx_word' id='word_1_327' title='bbox 986 2760 1313 2831; x_wconf 79' lang='grc' dir='ltr'>Φιλοκτήτου</span> <span class='ocrx_word' id='word_1_328' title='bbox 1371 2761 1596 2815; x_wconf 80' lang='grc' dir='ltr'>πλάττει</span> <span class='ocrx_word' id='word_1_329' title='bbox 1650 2763 1735 2828; x_wconf 79' lang='grc' dir='ltr'><strong>ἐξ-</strong></span> 
     </span>
    </p>
   </div>
   <div class='ocr_carea' id='block_1_46' title="bbox 174 2849 1734 2924">
    <p class='ocr_par' dir='ltr' id='par_1_46' title="bbox 174 2849 1734 2924">
     <span class='ocr_line' id='line_1_46' title="bbox 174 2849 1734 2924; baseline 0.004 -24"><span class='ocrx_word' id='word_1_330' title='bbox 174 2850 378 2920; x_wconf 72' lang='grc' dir='ltr'>απάτην,</span> <span class='ocrx_word' id='word_1_331' title='bbox 420 2852 492 2921; x_wconf 78' lang='grc' dir='ltr'><strong>ἠν</strong></span> <span class='ocrx_word' id='word_1_332' title='bbox 525 2849 968 2922; x_wconf 85' lang='grc' dir='ltr'>προϐεϐλημένος</span> <span class='ocrx_word' id='word_1_333' title='bbox 1010 2851 1297 2916; x_wconf 81' lang='grc' dir='ltr'>Ὀδυσσεὺς</span> <span class='ocrx_word' id='word_1_334' title='bbox 1347 2851 1526 2907; x_wconf 85' lang='grc' dir='ltr'>λαϐὼν</span> <span class='ocrx_word' id='word_1_335' title='bbox 1563 2853 1734 2924; x_wconf 77' lang='grc' dir='ltr'>ῷχετο</span> 
     </span>
    </p>
   </div>
   <div class='ocr_carea' id='block_1_47' title="bbox 178 2936 1731 3016">
    <p class='ocr_par' dir='ltr' id='par_1_47' title="bbox 178 2936 1731 3016">
     <span class='ocr_line' id='line_1_47' title="bbox 178 2936 1731 3016; baseline 0.005 -25"><span class='ocrx_word' id='word_1_336' title='bbox 178 2939 231 2992; x_wconf 79' lang='grc' dir='ltr'><strong>τὰ</strong></span> <span class='ocrx_word' id='word_1_337' title='bbox 249 2941 384 3005; x_wconf 84' lang='grc' dir='ltr'>τόξα.</span> <span class='ocrx_word' id='word_1_338' title='bbox 435 2940 537 3011; x_wconf 79' lang='grc' dir='ltr'><strong>Τῷ</strong></span> <span class='ocrx_word' id='word_1_339' title='bbox 582 2941 641 2994; x_wconf 82' lang='grc' dir='ltr'>δὲ</span> <span class='ocrx_word' id='word_1_340' title='bbox 690 2944 761 3008; x_wconf 66' lang='grc' dir='ltr'><strong>(τ’</strong></span> <span class='ocrx_word' id='word_1_341' title='bbox 791 2942 887 2996; x_wconf 75' lang='grc' dir='ltr'><strong>καὶ</strong></span> <span class='ocrx_word' id='word_1_342' title='bbox 916 2943 975 2995; x_wconf 86' lang='lat' dir='ltr'><strong>A’</strong></span> <span class='ocrx_word' id='word_1_343' title='bbox 1019 2942 1160 3014; x_wconf 86' lang='grc' dir='ltr'>λόγῳ</span> <span class='ocrx_word' id='word_1_344' title='bbox 1208 2946 1242 3015; x_wconf 80' lang='grc' dir='ltr'>ἡ</span> <span class='ocrx_word' id='word_1_345' title='bbox 1303 2936 1402 3014; x_wconf 84' lang='grc' dir='ltr'><strong>μὲν</strong></span> <span class='ocrx_word' id='word_1_346' title='bbox 1449 2945 1731 3016; x_wconf 82' lang='grc' dir='ltr'>ἐπιγραφὴ</span> 
     </span>
    </p>
   </div>
   <div class='ocr_carea' id='block_1_48' title="bbox 180 3031 1732 3108">
    <p class='ocr_par' dir='ltr' id='par_1_48' title="bbox 180 3031 1732 3108">
     <span class='ocr_line' id='line_1_48' title="bbox 180 3031 1732 3108; baseline 0.006 -26"><span class='ocrx_word' id='word_1_347' title='bbox 180 3031 290 3099; x_wconf 76' lang='grc' dir='ltr'>Περὶ</span> <span class='ocrx_word' id='word_1_348' title='bbox 323 3032 577 3102; x_wconf 78' lang='grc' dir='ltr'>Ὀμήρου</span> <span class='ocrx_word' id='word_1_349' title='bbox 605 3033 777 3103; x_wconf 84' lang='grc' dir='ltr'>λέγει,</span> <span class='ocrx_word' id='word_1_350' title='bbox 811 3033 1033 3098; x_wconf 74' lang='grc' dir='ltr'>ἔπαινος</span> <span class='ocrx_word' id='word_1_351' title='bbox 1074 3037 1130 3089; x_wconf 87' lang='grc' dir='ltr'><strong>δέ</strong></span> <span class='ocrx_word' id='word_1_352' title='bbox 1175 3054 1260 3099; x_wconf 84' lang='grc' dir='ltr'><strong>τις</strong></span> <span class='ocrx_word' id='word_1_353' title='bbox 1307 3037 1354 3068; x_wconf 70' lang='grc'>⁸⁸</span> <span class='ocrx_word' id='word_1_354' title='bbox 1380 3037 1474 3090; x_wconf 81' lang='grc' dir='ltr'><strong>τοῦ</strong></span> <span class='ocrx_word' id='word_1_355' title='bbox 1508 3038 1732 3108; x_wconf 85' lang='grc' dir='ltr'>ποιητοῦ</span> 
     </span>
    </p>
   </div>
   <div class='ocr_carea' id='block_1_49' title="bbox 1827 1940 3402 2011">
    <p class='ocr_par' dir='ltr' id='par_1_49' title="bbox 1827 1940 3402 2011">
     <span class='ocr_line' id='line_1_49' title="bbox 1827 1940 3402 2011; baseline -0.004 -15"><span class='ocrx_word' id='word_1_356' title='bbox 1827 1949 2054 1997; x_wconf 85' lang='lat' dir='ltr'><strong>stratum</strong></span> <span class='ocrx_word' id='word_1_357' title='bbox 2081 1941 2225 1996; x_wconf 89' lang='lat' dir='ltr'><strong>enim</strong></span> <span class='ocrx_word' id='word_1_358' title='bbox 2277 1943 2531 2011; x_wconf 84' lang='lat' dir='ltr'><strong>scriptor,</strong></span> <span class='ocrx_word' id='word_1_359' title='bbox 2567 1942 2633 1995; x_wconf 86' lang='lat' dir='ltr'><strong>ad</strong></span> <span class='ocrx_word' id='word_1_360' title='bbox 2664 1957 2822 2010; x_wconf 90' lang='lat' dir='ltr'><strong>quem</strong></span> <span class='ocrx_word' id='word_1_361' title='bbox 2876 1940 3128 2010; x_wconf 74' lang='lat' dir='ltr'><strong>suffragio</strong></span> <span class='ocrx_word' id='word_1_362' title='bbox 3165 1943 3402 1997; x_wconf 75' lang='lat' dir='ltr'><strong>delectus</strong></span> 
     </span>
    </p>
   </div>
   <div class='ocr_carea' id='block_1_50' title="bbox 1828 2032 3400 2101">
    <p class='ocr_par' dir='ltr' id='par_1_50' title="bbox 1828 2032 3400 2101">
     <span class='ocr_line' id='line_1_50' title="bbox 1828 2032 3400 2101; baseline -0.002 -13"><span class='ocrx_word' id='word_1_363' title='bbox 1828 2043 1968 2100; x_wconf 87' lang='lat' dir='ltr'><strong>erat,</strong></span> <span class='ocrx_word' id='word_1_364' title='bbox 2018 2033 2285 2101; x_wconf 88' lang='lat' dir='ltr'><strong>repudiat.</strong></span> <span class='ocrx_word' id='word_1_365' title='bbox 2329 2032 2570 2086; x_wconf 78' lang='lat' dir='ltr'><strong>XXXIII.</strong></span> <span class='ocrx_word' id='word_1_366' title='bbox 2630 2032 2703 2086; x_wconf 84' lang='lat' dir='ltr'><strong>De</strong></span> <span class='ocrx_word' id='word_1_367' title='bbox 2744 2033 3295 2087; x_wconf 73' lang='lat' dir='ltr'><strong>administrationibus</strong></span> <span class='ocrx_word' id='word_1_368' title='bbox 3347 2033 3400 2085; x_wconf 81' lang='lat' dir='ltr'><strong>in</strong></span> 
     </span>
    </p>
   </div>
   <div class='ocr_carea' id='block_1_51' title="bbox 1828 2123 3399 2193">
    <p class='ocr_par' dir='ltr' id='par_1_51' title="bbox 1828 2123 3399 2193">
     <span class='ocr_line' id='line_1_51' title="bbox 1828 2123 3399 2193; baseline -0.001 -16"><span class='ocrx_word' id='word_1_369' title='bbox 1828 2134 2038 2190; x_wconf 84' lang='lat' dir='ltr'><strong>senatu,</strong></span> <span class='ocrx_word' id='word_1_370' title='bbox 2071 2124 2482 2193; x_wconf 88' lang='lat' dir='ltr'><strong>inscriptionem</strong></span> <span class='ocrx_word' id='word_1_371' title='bbox 2526 2123 2765 2192; x_wconf 73' lang='lat' dir='ltr'><strong>praefert.</strong></span> <span class='ocrx_word' id='word_1_372' title='bbox 2811 2126 2865 2177; x_wconf 93' lang='lat' dir='ltr'><strong>lu</strong></span> <span class='ocrx_word' id='word_1_373' title='bbox 2913 2139 2973 2177; x_wconf 85' lang='lat' dir='ltr'><strong>ea</strong></span> <span class='ocrx_word' id='word_1_374' title='bbox 3020 2134 3141 2193; x_wconf 91' lang='lat' dir='ltr'><strong>post</strong></span> <span class='ocrx_word' id='word_1_375' title='bbox 3186 2126 3399 2179; x_wconf 85' lang='lat' dir='ltr'><strong>brevem</strong></span> 
     </span>
    </p>
   </div>
   <div class='ocr_carea' id='block_1_52' title="bbox 1829 2214 3401 2285">
    <p class='ocr_par' dir='ltr' id='par_1_52' title="bbox 1829 2214 3401 2285">
     <span class='ocr_line' id='line_1_52' title="bbox 1829 2214 3401 2285; baseline -0.001 -16"><span class='ocrx_word' id='word_1_376' title='bbox 1829 2227 2050 2269; x_wconf 86' lang='lat' dir='ltr'><strong>senatus</strong></span> <span class='ocrx_word' id='word_1_377' title='bbox 2083 2215 2317 2278; x_wconf 90' lang='lat' dir='ltr'><strong>Iaudem,</strong></span> <span class='ocrx_word' id='word_1_378' title='bbox 2365 2214 2432 2268; x_wconf 91' lang='lat' dir='ltr'><strong>de</strong></span> <span class='ocrx_word' id='word_1_379' title='bbox 2462 2217 2526 2269; x_wconf 91' lang='lat' dir='ltr'><strong>iis</strong></span> <span class='ocrx_word' id='word_1_380' title='bbox 2577 2230 2635 2269; x_wconf 90' lang='lat' dir='ltr'><strong>se</strong></span> <span class='ocrx_word' id='word_1_381' title='bbox 2674 2226 2866 2285; x_wconf 87' lang='lat' dir='ltr'><strong>purgat</strong></span> <span class='ocrx_word' id='word_1_382' title='bbox 2912 2215 3069 2281; x_wconf 92' lang='lat' dir='ltr'><strong>Dion,</strong></span> <span class='ocrx_word' id='word_1_383' title='bbox 3100 2216 3169 2269; x_wconf 93' lang='lat' dir='ltr'><strong>ob</strong></span> <span class='ocrx_word' id='word_1_384' title='bbox 3199 2230 3319 2284; x_wconf 65' lang='lat' dir='ltr'><strong>qua</strong></span> <span class='ocrx_word' id='word_1_385' title='bbox 3350 2216 3401 2267; x_wconf 88' lang='lat' dir='ltr'><strong>in</strong></span> 
     </span>
    </p>
   </div>
   <div class='ocr_carea' id='block_1_53' title="bbox 1831 2305 3404 2375">
    <p class='ocr_par' dir='ltr' id='par_1_53' title="bbox 1831 2305 3404 2375">
     <span class='ocr_line' id='line_1_53' title="bbox 1831 2305 3404 2375; baseline -0.001 -16"><span class='ocrx_word' id='word_1_386' title='bbox 1831 2308 2193 2375; x_wconf 82' lang='lat' dir='ltr'><strong>suspicionem</strong></span> <span class='ocrx_word' id='word_1_387' title='bbox 2220 2314 2444 2359; x_wconf 83' lang='lat' dir='ltr'><strong>venerat</strong></span> <span class='ocrx_word' id='word_1_388' title='bbox 2475 2324 2489 2359; x_wconf 91' lang='lat'><strong>:</strong></span> <span class='ocrx_word' id='word_1_389' title='bbox 2526 2305 2782 2358; x_wconf 90' lang='lat' dir='ltr'><strong>nimirum</strong></span> <span class='ocrx_word' id='word_1_390' title='bbox 2812 2321 2840 2358; x_wconf 85' lang='lat' dir='ltr'><strong>a</strong></span> <span class='ocrx_word' id='word_1_391' title='bbox 2888 2314 3113 2373; x_wconf 85' lang='lat' dir='ltr'><strong>paterno</strong></span> <span class='ocrx_word' id='word_1_392' title='bbox 3152 2319 3256 2358; x_wconf 91' lang='lat' dir='ltr'><strong>non</strong></span> <span class='ocrx_word' id='word_1_393' title='bbox 3285 2318 3404 2359; x_wconf 84' lang='lat' dir='ltr'><strong>esse</strong></span> 
     </span>
    </p>
   </div>
   <div class='ocr_carea' id='block_1_54' title="bbox 1829 2395 3404 2465">
    <p class='ocr_par' dir='ltr' id='par_1_54' title="bbox 1829 2395 3404 2465">
     <span class='ocr_line' id='line_1_54' title="bbox 1829 2395 3404 2465; baseline 0 -17"><span class='ocrx_word' id='word_1_394' title='bbox 1829 2396 2067 2465; x_wconf 76' lang='lat' dir='ltr'><strong>profecta</strong></span> <span class='ocrx_word' id='word_1_395' title='bbox 2126 2397 2374 2463; x_wconf 91' lang='lat' dir='ltr'><strong>consilio,</strong></span> <span class='ocrx_word' id='word_1_396' title='bbox 2416 2410 2534 2465; x_wconf 67' lang='lat' dir='ltr'><strong>qua:</strong></span> <span class='ocrx_word' id='word_1_397' title='bbox 2598 2397 2649 2449; x_wconf 92' lang='lat' dir='ltr'><strong>in</strong></span> <span class='ocrx_word' id='word_1_398' title='bbox 2704 2395 3131 2450; x_wconf 88' lang='lat' dir='ltr'><strong>administranda</strong></span> <span class='ocrx_word' id='word_1_399' title='bbox 3185 2396 3404 2450; x_wconf 85' lang='lat' dir='ltr'><strong>civitate</strong></span> 
     </span>
    </p>
   </div>
   <div class='ocr_carea' id='block_1_55' title="bbox 1832 2486 3399 2559">
    <p class='ocr_par' dir='ltr' id='par_1_55' title="bbox 1832 2486 3399 2559">
     <span class='ocr_line' id='line_1_55' title="bbox 1832 2486 3399 2559; baseline -0.001 -18"><span class='ocrx_word' id='word_1_400' title='bbox 1832 2488 1973 2543; x_wconf 82' lang='lat' dir='ltr'><strong>ﬁlius</strong></span> <span class='ocrx_word' id='word_1_401' title='bbox 1999 2489 2219 2559; x_wconf 78' lang='lat' dir='ltr'><strong>egisset.</strong></span> <span class='ocrx_word' id='word_1_402' title='bbox 2251 2486 2505 2543; x_wconf 79' lang='lat' dir='ltr'><strong>Proxima</strong></span> <span class='ocrx_word' id='word_1_403' title='bbox 2546 2487 2626 2540; x_wconf 82' lang='lat' dir='ltr'><strong>Ad</strong></span> <span class='ocrx_word' id='word_1_404' title='bbox 2656 2486 2946 2539; x_wconf 87' lang='lat' dir='ltr'><strong>Diodorum</strong></span> <span class='ocrx_word' id='word_1_405' title='bbox 2990 2486 3245 2553; x_wconf 89' lang='lat' dir='ltr'><strong>inscripta</strong></span> <span class='ocrx_word' id='word_1_406' title='bbox 3274 2500 3399 2540; x_wconf 87' lang='lat' dir='ltr'><strong>ora-</strong></span> 
     </span>
    </p>
   </div>
   <div class='ocr_carea' id='block_1_56' title="bbox 1834 2577 3405 2648">
    <p class='ocr_par' dir='ltr' id='par_1_56' title="bbox 1834 2577 3405 2648">
     <span class='ocr_line' id='line_1_56' title="bbox 1834 2577 3405 2648; baseline -0.001 -15"><span class='ocrx_word' id='word_1_407' title='bbox 1834 2581 1926 2642; x_wconf 89' lang='lat' dir='ltr'><strong>tio,</strong></span> <span class='ocrx_word' id='word_1_408' title='bbox 1944 2591 1999 2633; x_wconf 90' lang='lat' dir='ltr'><strong>et</strong></span> <span class='ocrx_word' id='word_1_409' title='bbox 2030 2579 2096 2633; x_wconf 88' lang='lat' dir='ltr'><strong>ad</strong></span> <span class='ocrx_word' id='word_1_410' title='bbox 2130 2580 2378 2634; x_wconf 84' lang='lat' dir='ltr'><strong>virtutem</strong></span> <span class='ocrx_word' id='word_1_411' title='bbox 2399 2580 2666 2644; x_wconf 87' lang='lat' dir='ltr'><strong>hortatur,</strong></span> <span class='ocrx_word' id='word_1_412' title='bbox 2691 2587 2746 2632; x_wconf 93' lang='lat' dir='ltr'><strong>et</strong></span> <span class='ocrx_word' id='word_1_413' title='bbox 2771 2594 2830 2633; x_wconf 90' lang='lat' dir='ltr'><strong>se</strong></span> <span class='ocrx_word' id='word_1_414' title='bbox 2857 2577 3079 2632; x_wconf 88' lang='lat' dir='ltr'><strong>laudare</strong></span> <span class='ocrx_word' id='word_1_415' title='bbox 3108 2578 3184 2648; x_wconf 77' lang='grc'><strong>(4)</strong></span> <span class='ocrx_word' id='word_1_416' title='bbox 3215 2578 3405 2632; x_wconf 89' lang='lat' dir='ltr'><strong>civita-</strong></span> 
     </span>
    </p>
   </div>
   <div class='ocr_carea' id='block_1_57' title="bbox 1832 2671 3407 2742">
    <p class='ocr_par' dir='ltr' id='par_1_57' title="bbox 1832 2671 3407 2742">
     <span class='ocr_line' id='line_1_57' title="bbox 1832 2671 3407 2742; baseline -0.001 -16"><span class='ocrx_word' id='word_1_417' title='bbox 1832 2682 1936 2726; x_wconf 89' lang='lat' dir='ltr'><strong>tem</strong></span> <span class='ocrx_word' id='word_1_418' title='bbox 1960 2673 2055 2737; x_wconf 84' lang='lat' dir='ltr'><strong>ait,</strong></span> <span class='ocrx_word' id='word_1_419' title='bbox 2089 2673 2303 2741; x_wconf 89' lang='lat' dir='ltr'><strong>quando</strong></span> <span class='ocrx_word' id='word_1_420' title='bbox 2333 2672 2424 2742; x_wconf 91' lang='lat' dir='ltr'><strong>qui</strong></span> <span class='ocrx_word' id='word_1_421' title='bbox 2451 2687 2568 2725; x_wconf 88' lang='lat' dir='ltr'><strong>eam</strong></span> <span class='ocrx_word' id='word_1_422' title='bbox 2615 2671 2863 2726; x_wconf 87' lang='lat' dir='ltr'><strong>Iaudarat</strong></span> <span class='ocrx_word' id='word_1_423' title='bbox 2900 2672 3190 2724; x_wconf 88' lang='lat' dir='ltr'><strong>Diodorum</strong></span> <span class='ocrx_word' id='word_1_424' title='bbox 3228 2671 3407 2724; x_wconf 84' lang='lat' dir='ltr'><strong>laudi-</strong></span> 
     </span>
    </p>
   </div>
   <div class='ocr_carea' id='block_1_58' title="bbox 1833 2761 3405 2831">
    <p class='ocr_par' dir='ltr' id='par_1_58' title="bbox 1833 2761 3405 2831">
     <span class='ocr_line' id='line_1_58' title="bbox 1833 2761 3405 2831; baseline -0.002 -14"><span class='ocrx_word' id='word_1_425' title='bbox 1833 2766 1931 2817; x_wconf 88' lang='lat' dir='ltr'><strong>bus</strong></span> <span class='ocrx_word' id='word_1_426' title='bbox 1956 2774 2134 2819; x_wconf 91' lang='lat' dir='ltr'><strong>ornat.</strong></span> <span class='ocrx_word' id='word_1_427' title='bbox 2159 2762 2376 2817; x_wconf 84' lang='lat' dir='ltr'><strong>XXXV.</strong></span> <span class='ocrx_word' id='word_1_428' title='bbox 2409 2763 2483 2816; x_wconf 88' lang='lat' dir='ltr'><strong>De</strong></span> <span class='ocrx_word' id='word_1_429' title='bbox 2524 2761 2802 2831; x_wconf 64' lang='lat' dir='ltr'><strong>zEschylo,</strong></span> <span class='ocrx_word' id='word_1_430' title='bbox 2837 2761 3123 2830; x_wconf 82' lang='lat' dir='ltr'><strong>Sophocle,</strong></span> <span class='ocrx_word' id='word_1_431' title='bbox 3160 2771 3210 2813; x_wconf 87' lang='lat' dir='ltr'><strong>et</strong></span> <span class='ocrx_word' id='word_1_432' title='bbox 3246 2761 3405 2814; x_wconf 56' lang='lat' dir='ltr'><strong>Euri-</strong></span> 
     </span>
    </p>
   </div>
   <div class='ocr_carea' id='block_1_59' title="bbox 1830 2852 3401 2922">
    <p class='ocr_par' dir='ltr' id='par_1_59' title="bbox 1830 2852 3401 2922">
     <span class='ocr_line' id='line_1_59' title="bbox 1830 2852 3401 2922; baseline -0.001 -16"><span class='ocrx_word' id='word_1_433' title='bbox 1830 2856 1948 2922; x_wconf 83' lang='lat' dir='ltr'><strong>pide</strong></span> <span class='ocrx_word' id='word_1_434' title='bbox 1977 2870 1995 2908; x_wconf 91' lang='lat'><strong><em>:</em></strong></span> <span class='ocrx_word' id='word_1_435' title='bbox 2022 2870 2142 2919; x_wconf 89' lang='lat' dir='ltr'><strong>seu,</strong></span> <span class='ocrx_word' id='word_1_436' title='bbox 2173 2855 2246 2907; x_wconf 87' lang='lat' dir='ltr'><strong>De</strong></span> <span class='ocrx_word' id='word_1_437' title='bbox 2280 2853 2582 2907; x_wconf 75' lang='lat' dir='ltr'><strong>Philoctetw</strong></span> <span class='ocrx_word' id='word_1_438' title='bbox 2616 2869 2743 2905; x_wconf 86' lang='lat' dir='ltr'><strong>arcu</strong></span> <span class='ocrx_word' id='word_1_439' title='bbox 2786 2862 2833 2905; x_wconf 89' lang='lat' dir='ltr'><strong>et</strong></span> <span class='ocrx_word' id='word_1_440' title='bbox 2865 2852 3095 2921; x_wconf 74' lang='lat' dir='ltr'><strong>sagittis,</strong></span> <span class='ocrx_word' id='word_1_441' title='bbox 3144 2852 3401 2921; x_wconf 80' lang='lat' dir='ltr'><strong>inscripta</strong></span> 
     </span>
    </p>
   </div>
   <div class='ocr_carea' id='block_1_60' title="bbox 1833 2942 3405 3016">
    <p class='ocr_par' dir='ltr' id='par_1_60' title="bbox 1833 2942 3405 3016">
     <span class='ocr_line' id='line_1_60' title="bbox 1833 2942 3405 3016; baseline -0.001 -19"><span class='ocrx_word' id='word_1_442' title='bbox 1833 2959 1934 3000; x_wconf 83' lang='lat' dir='ltr'><strong>est.</strong></span> <span class='ocrx_word' id='word_1_443' title='bbox 1968 2946 2300 3000; x_wconf 87' lang='lat' dir='ltr'><strong>Philocteten</strong></span> <span class='ocrx_word' id='word_1_444' title='bbox 2328 2946 2405 3016; x_wconf 85' lang='lat'><strong>(5)</strong></span> <span class='ocrx_word' id='word_1_445' title='bbox 2449 2946 2561 2998; x_wconf 71' lang='lat' dir='ltr'><strong>haec</strong></span> <span class='ocrx_word' id='word_1_446' title='bbox 2609 2944 2733 2998; x_wconf 88' lang='lat' dir='ltr'><strong>dolo</strong></span> <span class='ocrx_word' id='word_1_447' title='bbox 2780 2943 3064 3012; x_wconf 89' lang='lat' dir='ltr'><strong>deceptum</strong></span> <span class='ocrx_word' id='word_1_448' title='bbox 3110 2942 3259 3008; x_wconf 84' lang='lat' dir='ltr'><strong>facit,</strong></span> <span class='ocrx_word' id='word_1_449' title='bbox 3295 2959 3405 3012; x_wconf 88' lang='lat' dir='ltr'><strong>quo</strong></span> 
     </span>
    </p>
   </div>
   <div class='ocr_carea' id='block_1_61' title="bbox 1838 3037 3403 3108">
    <p class='ocr_par' dir='ltr' id='par_1_61' title="bbox 1838 3037 3403 3108">
     <span class='ocr_line' id='line_1_61' title="bbox 1838 3037 3403 3108; baseline -0.001 -17"><span class='ocrx_word' id='word_1_450' title='bbox 1838 3039 2037 3108; x_wconf 75' lang='lat'><strong>1676</strong></span> <span class='ocrx_word' id='word_1_451' title='bbox 2070 3038 2293 3108; x_wconf 79' lang='lat' dir='ltr'><strong>Ulysses</strong></span> <span class='ocrx_word' id='word_1_452' title='bbox 2341 3052 2509 3102; x_wconf 88' lang='lat' dir='ltr'><strong>usus,</strong></span> <span class='ocrx_word' id='word_1_453' title='bbox 2542 3054 2664 3091; x_wconf 91' lang='lat' dir='ltr'><strong>cum</strong></span> <span class='ocrx_word' id='word_1_454' title='bbox 2714 3037 2857 3092; x_wconf 89' lang='lat' dir='ltr'><strong>illius</strong></span> <span class='ocrx_word' id='word_1_455' title='bbox 2918 3053 3047 3091; x_wconf 90' lang='lat' dir='ltr'><strong>arcu</strong></span> <span class='ocrx_word' id='word_1_456' title='bbox 3091 3047 3145 3092; x_wconf 93' lang='lat' dir='ltr'><strong>et</strong></span> <span class='ocrx_word' id='word_1_457' title='bbox 3191 3038 3403 3105; x_wconf 86' lang='lat' dir='ltr'><strong>sagittis</strong></span> 
     </span>
    </p>
   </div>
   <div class='ocr_carea' id='block_1_62' title="bbox 176 3122 1725 3229">
    <p class='ocr_par' dir='ltr' id='par_1_62' title="bbox 176 3122 1725 3198">
     <span class='ocr_line' id='line_1_62' title="bbox 176 3122 1725 3198; baseline 0.006 -25"><span class='ocrx_word' id='word_1_458' title='bbox 176 3122 503 3191; x_wconf 70' lang='grc' dir='ltr'>διυφαίνεται,</span> <span class='ocrx_word' id='word_1_459' title='bbox 546 3124 737 3197; x_wconf 82' lang='grc' dir='ltr'>ὥσπερ</span> <span class='ocrx_word' id='word_1_460' title='bbox 771 3126 867 3179; x_wconf 76' lang='grc' dir='ltr'>καὶ</span> <span class='ocrx_word' id='word_1_461' title='bbox 924 3126 1002 3197; x_wconf 83' lang='grc' dir='ltr'>τῷ</span> <span class='ocrx_word' id='word_1_462' title='bbox 1044 3127 1171 3198; x_wconf 74' lang='grc' dir='ltr'>περὶ</span> <span class='ocrx_word' id='word_1_463' title='bbox 1224 3128 1545 3198; x_wconf 84' lang='grc' dir='ltr'>Σωκράτους</span> <span class='ocrx_word' id='word_1_464' title='bbox 1605 3131 1725 3183; x_wconf 86' lang='grc' dir='ltr'>ἐπι-</span> 
     </span>
    </p>
   </div>
   <div class='ocr_carea' id='block_1_63' title="bbox 1829 3122 3403 3229">
    <p class='ocr_par' dir='ltr' id='par_1_63' title="bbox 1834 3128 3403 3198">
     <span class='ocr_line' id='line_1_63' title="bbox 1834 3128 3403 3198; baseline 0.001 -17"><span class='ocrx_word' id='word_1_465' title='bbox 1834 3130 2043 3184; x_wconf 90' lang='lat' dir='ltr'><strong>abierit.</strong></span> <span class='ocrx_word' id='word_1_466' title='bbox 2088 3128 2266 3183; x_wconf 69' lang='lat' dir='ltr'><strong>Sexta:</strong></span> <span class='ocrx_word' id='word_1_467' title='bbox 2312 3144 2471 3198; x_wconf 89' lang='lat' dir='ltr'><strong>porro</strong></span> <span class='ocrx_word' id='word_1_468' title='bbox 2517 3139 2572 3182; x_wconf 91' lang='lat' dir='ltr'><strong>et</strong></span> <span class='ocrx_word' id='word_1_469' title='bbox 2618 3129 2901 3183; x_wconf 66' lang='lat' dir='ltr'><strong>tricesima:</strong></span> <span class='ocrx_word' id='word_1_470' title='bbox 2959 3129 3142 3183; x_wconf 89' lang='lat' dir='ltr'><strong>titulus</strong></span> <span class='ocrx_word' id='word_1_471' title='bbox 3192 3139 3274 3184; x_wconf 86' lang='lat' dir='ltr'><strong>est</strong></span> <span class='ocrx_word' id='word_1_472' title='bbox 3324 3128 3403 3183; x_wconf 84' lang='lat' dir='ltr'><strong>De</strong></span> 
     </span>
    </p>
   </div>
   <div class='ocr_carea' id='block_1_64' title="bbox 179 3215 1725 3289">
    <p class='ocr_par' dir='ltr' id='par_1_64' title="bbox 179 3215 1723 3287">
     <span class='ocr_line' id='line_1_64' title="bbox 179 3215 1723 3287; baseline 0.004 -22"><span class='ocrx_word' id='word_1_473' title='bbox 179 3217 468 3287; x_wconf 78' lang='grc' dir='ltr'>γραφομένῳ</span> <span class='ocrx_word' id='word_1_474' title='bbox 505 3215 601 3268; x_wconf 82' lang='grc' dir='ltr'>τοῦ</span> <span class='ocrx_word' id='word_1_475' title='bbox 630 3217 943 3287; x_wconf 73' lang='grc' dir='ltr'>φιλοσόφου.</span> <span class='ocrx_word' id='word_1_476' title='bbox 987 3215 1047 3268; x_wconf 86' lang='lat'><strong>&#39;0</strong></span> <span class='ocrx_word' id='word_1_477' title='bbox 1077 3216 1133 3268; x_wconf 83' lang='grc' dir='ltr'>δὲ</span> <span class='ocrx_word' id='word_1_478' title='bbox 1171 3216 1309 3285; x_wconf 78' lang='grc' dir='ltr'>Περὶ</span> <span class='ocrx_word' id='word_1_479' title='bbox 1346 3217 1593 3285; x_wconf 77' lang='grc' dir='ltr'>Ὀμήρου</span> <span class='ocrx_word' id='word_1_480' title='bbox 1624 3218 1723 3271; x_wconf 78' lang='grc' dir='ltr'>καὶ</span> 
     </span>
    </p>
   </div>
   <div class='ocr_carea' id='block_1_65' title="bbox 1829 3215 3403 3289">
    <p class='ocr_par' dir='ltr' id='par_1_65' title="bbox 1832 3219 3403 3289">
     <span class='ocr_line' id='line_1_65' title="bbox 1832 3219 3403 3289; baseline 0 -17"><span class='ocrx_word' id='word_1_481' title='bbox 1832 3219 2061 3274; x_wconf 77' lang='lat' dir='ltr'><strong>Homero</strong></span> <span class='ocrx_word' id='word_1_482' title='bbox 2096 3236 2114 3273; x_wconf 92' lang='lat'><strong><em>:</em></strong></span> <span class='ocrx_word' id='word_1_483' title='bbox 2146 3221 2303 3289; x_wconf 88' lang='lat' dir='ltr'><strong>cujus</strong></span> <span class='ocrx_word' id='word_1_484' title='bbox 2334 3232 2501 3288; x_wconf 70' lang='lat' dir='ltr'><strong>poeta:</strong></span> <span class='ocrx_word' id='word_1_485' title='bbox 2534 3220 2715 3273; x_wconf 88' lang='lat' dir='ltr'><strong>laudes</strong></span> <span class='ocrx_word' id='word_1_486' title='bbox 2742 3221 2996 3288; x_wconf 66' lang='lat' dir='ltr'><strong>praedicat</strong></span> <span class='ocrx_word' id='word_1_487' title='bbox 3020 3236 3035 3272; x_wconf 91' lang='lat'><strong>:</strong></span> <span class='ocrx_word' id='word_1_488' title='bbox 3059 3220 3403 3288; x_wconf 82' lang='lat' dir='ltr'><strong>quemadmo-</strong></span> 
     </span>
    </p>
   </div>
   <div class='ocr_carea' id='block_1_66' title="bbox 181 3307 1721 3382">
    <p class='ocr_par' dir='ltr' id='par_1_66' title="bbox 181 3307 1721 3382">
     <span class='ocr_line' id='line_1_66' title="bbox 181 3307 1721 3382; baseline 0.004 -24"><span class='ocrx_word' id='word_1_489' title='bbox 181 3309 492 3375; x_wconf 77' lang='grc' dir='ltr'>Σωκράτους</span> <span class='ocrx_word' id='word_1_490' title='bbox 538 3307 646 3362; x_wconf 81' lang='lat' dir='ltr'><strong>AH&#39;</strong></span> <span class='ocrx_word' id='word_1_491' title='bbox 688 3309 842 3378; x_wconf 81' lang='grc' dir='ltr'>λόγος</span> <span class='ocrx_word' id='word_1_492' title='bbox 883 3308 979 3376; x_wconf 81' lang='grc' dir='ltr'><strong>ὢν,</strong></span> <span class='ocrx_word' id='word_1_493' title='bbox 1010 3310 1256 3381; x_wconf 79' lang='grc' dir='ltr'>ζηλωτὴν</span> <span class='ocrx_word' id='word_1_494' title='bbox 1315 3311 1555 3382; x_wconf 75' lang='grc' dir='ltr'>Ὀμήρου</span> <span class='ocrx_word' id='word_1_495' title='bbox 1606 3312 1721 3364; x_wconf 88' lang='grc' dir='ltr'><strong>Σω-</strong></span> 
     </span>
    </p>
   </div>
   <div class='ocr_carea' id='block_1_67' title="bbox 180 3398 1722 3473">
    <p class='ocr_par' dir='ltr' id='par_1_67' title="bbox 180 3398 1722 3473">
     <span class='ocr_line' id='line_1_67' title="bbox 180 3398 1722 3473; baseline 0.006 -25"><span class='ocrx_word' id='word_1_496' title='bbox 180 3398 354 3470; x_wconf 80' lang='grc' dir='ltr'>κράτην</span> <span class='ocrx_word' id='word_1_497' title='bbox 374 3401 467 3455; x_wconf 73' lang='grc' dir='ltr'>καὶ</span> <span class='ocrx_word' id='word_1_498' title='bbox 490 3400 746 3473; x_wconf 80' lang='grc' dir='ltr'>μαθητὴν</span> <span class='ocrx_word' id='word_1_499' title='bbox 769 3401 1102 3455; x_wconf 82' lang='grc' dir='ltr'>ἐπιδείκνυσι</span> <span class='ocrx_word' id='word_1_500' title='bbox 1127 3402 1196 3468; x_wconf 70' lang='grc'><strong>⁸⁷,</strong></span> <span class='ocrx_word' id='word_1_501' title='bbox 1212 3402 1307 3457; x_wconf 76' lang='grc' dir='ltr'>καὶ</span> <span class='ocrx_word' id='word_1_502' title='bbox 1345 3404 1407 3457; x_wconf 87' lang='grc' dir='ltr'><strong>τό</strong></span> <span class='ocrx_word' id='word_1_503' title='bbox 1431 3420 1491 3456; x_wconf 86' lang='grc' dir='ltr'><strong>τε</strong></span> <span class='ocrx_word' id='word_1_504' title='bbox 1521 3406 1722 3457; x_wconf 82' lang='grc' dir='ltr'>οἰκεῖον</span> 
     </span>
    </p>
   </div>
   <div class='ocr_carea' id='block_1_68' title="bbox 178 3489 1722 3568">
    <p class='ocr_par' dir='ltr' id='par_1_68' title="bbox 178 3489 1722 3568">
     <span class='ocr_line' id='line_1_68' title="bbox 178 3489 1722 3568; baseline 0.004 -24"><span class='ocrx_word' id='word_1_505' title='bbox 178 3489 256 3557; x_wconf 81' lang='grc' dir='ltr'>τῆς</span> <span class='ocrx_word' id='word_1_506' title='bbox 313 3494 414 3545; x_wconf 85' lang='grc' dir='ltr'><strong>τῶν</strong></span> <span class='ocrx_word' id='word_1_507' title='bbox 476 3494 949 3564; x_wconf 79' lang='grc' dir='ltr'>παραδειγμάτων</span> <span class='ocrx_word' id='word_1_508' title='bbox 1020 3498 1445 3568; x_wconf 82' lang='grc' dir='ltr'>μεταχειρίσεως</span> <span class='ocrx_word' id='word_1_509' title='bbox 1515 3499 1722 3550; x_wconf 85' lang='grc' dir='ltr'>ἐκεῖθεν</span> 
     </span>
    </p>
   </div>
   <div class='ocr_carea' id='block_1_69' title="bbox 182 3584 1723 3660">
    <p class='ocr_par' dir='ltr' id='par_1_69' title="bbox 182 3584 1723 3660">
     <span class='ocr_line' id='line_1_69' title="bbox 182 3584 1723 3660; baseline 0.008 -28"><span class='ocrx_word' id='word_1_510' title='bbox 182 3584 440 3652; x_wconf 74' lang='grc' dir='ltr'>ἁναμαθεῖν</span> <span class='ocrx_word' id='word_1_511' title='bbox 467 3586 570 3638; x_wconf 81' lang='grc' dir='ltr'><strong>τὸν</strong></span> <span class='ocrx_word' id='word_1_512' title='bbox 607 3586 897 3655; x_wconf 72' lang='grc' dir='ltr'>φιλόσοφον</span> <span class='ocrx_word' id='word_1_513' title='bbox 922 3587 1270 3653; x_wconf 89' lang='grc' dir='ltr'>ἐπιδεικνύει,</span> <span class='ocrx_word' id='word_1_514' title='bbox 1299 3591 1394 3642; x_wconf 75' lang='grc' dir='ltr'>καὶ</span> <span class='ocrx_word' id='word_1_515' title='bbox 1421 3590 1520 3660; x_wconf 83' lang='grc' dir='ltr'><strong>τὴν</strong></span> <span class='ocrx_word' id='word_1_516' title='bbox 1557 3591 1723 3659; x_wconf 82' lang='grc' dir='ltr'>ἄλλην</span> 
     </span>
    </p>
   </div>
   <div class='ocr_carea' id='block_1_70' title="bbox 179 3671 1720 3749">
    <p class='ocr_par' dir='ltr' id='par_1_70' title="bbox 179 3671 1720 3749">
     <span class='ocr_line' id='line_1_70' title="bbox 179 3671 1720 3749; baseline 0.006 -26"><span class='ocrx_word' id='word_1_517' title='bbox 179 3671 404 3742; x_wconf 78' lang='grc' dir='ltr'>τοῦλόγου</span> <span class='ocrx_word' id='word_1_518' title='bbox 425 3677 593 3746; x_wconf 82' lang='grc' dir='ltr'>χάριν</span> <span class='ocrx_word' id='word_1_519' title='bbox 608 3677 703 3729; x_wconf 75' lang='grc' dir='ltr'>καὶ</span> <span class='ocrx_word' id='word_1_520' title='bbox 724 3675 950 3747; x_wconf 89' lang='grc' dir='ltr'>δύναμιν</span> <span class='ocrx_word' id='word_1_521' title='bbox 969 3679 1435 3749; x_wconf 82' lang='grc' dir='ltr'>ἐναπομάξασθαι.</span> <span class='ocrx_word' id='word_1_522' title='bbox 1454 3679 1510 3732; x_wconf 89' lang='lat'><strong>&#39;0</strong></span> <span class='ocrx_word' id='word_1_523' title='bbox 1524 3681 1578 3732; x_wconf 84' lang='grc' dir='ltr'>δὲ</span> <span class='ocrx_word' id='word_1_524' title='bbox 1598 3679 1720 3745; x_wconf 83' lang='grc' dir='ltr'><strong>ΛΘ’,</strong></span> 
     </span>
    </p>
   </div>
   <div class='ocr_carea' id='block_1_71' title="bbox 190 3760 1720 3841">
    <p class='ocr_par' dir='ltr' id='par_1_71' title="bbox 190 3760 1720 3841">
     <span class='ocr_line' id='line_1_71' title="bbox 190 3760 1720 3841; baseline 0.008 -25"><span class='ocrx_word' id='word_1_525' title='bbox 190 3760 602 3836; x_wconf 76' lang='grc' dir='ltr'>Ἀγαμέμνωνῆ</span> <span class='ocrx_word' id='word_1_526' title='bbox 665 3768 806 3835; x_wconf 77' lang='grc' dir='ltr'>Περὶ</span> <span class='ocrx_word' id='word_1_527' title='bbox 869 3768 1178 3837; x_wconf 83' lang='grc' dir='ltr'>,βασιλέως</span> <span class='ocrx_word' id='word_1_528' title='bbox 1247 3773 1720 3841; x_wconf 79' lang='grc' dir='ltr'>ἐπιγραφόμενος.</span> 
     </span>
    </p>
   </div>
   <div class='ocr_carea' id='block_1_72' title="bbox 182 3852 1723 3935">
    <p class='ocr_par' dir='ltr' id='par_1_72' title="bbox 182 3852 1723 3935">
     <span class='ocr_line' id='line_1_72' title="bbox 182 3852 1723 3935; baseline 0.007 -30"><span class='ocrx_word' id='word_1_529' title='bbox 182 3852 391 3918; x_wconf 82' lang='grc' dir='ltr'>διέξεισιν</span> <span class='ocrx_word' id='word_1_530' title='bbox 424 3857 506 3921; x_wconf 79' lang='grc' dir='ltr'>ὼς</span> <span class='ocrx_word' id='word_1_531' title='bbox 531 3857 613 3909; x_wconf 87' lang='grc' dir='ltr'>δεῖ</span> <span class='ocrx_word' id='word_1_532' title='bbox 637 3858 959 3929; x_wconf 87' lang='grc' dir='ltr'>συμϐούλων</span> <span class='ocrx_word' id='word_1_533' title='bbox 984 3865 1097 3927; x_wconf 85' lang='grc' dir='ltr'>τοῖς</span> <span class='ocrx_word' id='word_1_534' title='bbox 1124 3864 1366 3935; x_wconf 87' lang='grc' dir='ltr'>ἀρίστοις</span> <span class='ocrx_word' id='word_1_535' title='bbox 1389 3865 1478 3917; x_wconf 83' lang='grc' dir='ltr'>τὸν</span> <span class='ocrx_word' id='word_1_536' title='bbox 1502 3865 1723 3935; x_wconf 81' lang='grc' dir='ltr'>βασιλέα</span> 
     </span>
    </p>
   </div>
   <div class='ocr_carea' id='block_1_73' title="bbox 185 3950 1721 4026">
    <p class='ocr_par' dir='ltr' id='par_1_73' title="bbox 185 3950 1721 4026">
     <span class='ocr_line' id='line_1_73' title="bbox 185 3950 1721 4026; baseline 0.008 -30"><span class='ocrx_word' id='word_1_537' title='bbox 185 3950 483 4019; x_wconf 79' lang='grc' dir='ltr'>κεχρημένον</span> <span class='ocrx_word' id='word_1_538' title='bbox 528 3952 763 4015; x_wconf 87' lang='grc' dir='ltr'>ἐκείνοις</span> <span class='ocrx_word' id='word_1_539' title='bbox 792 3970 851 4005; x_wconf 87' lang='grc' dir='ltr'><strong>τε</strong></span> <span class='ocrx_word' id='word_1_540' title='bbox 892 3954 1177 4008; x_wconf 87' lang='grc' dir='ltr'>πείθεσθαι</span> <span class='ocrx_word' id='word_1_541' title='bbox 1205 3956 1300 4009; x_wconf 81' lang='grc' dir='ltr'>καὶ</span> <span class='ocrx_word' id='word_1_542' title='bbox 1338 3956 1412 4026; x_wconf 87' lang='grc' dir='ltr'>μὴ</span> <span class='ocrx_word' id='word_1_543' title='bbox 1461 3956 1601 4009; x_wconf 84' lang='grc' dir='ltr'>κατὰ</span> <span class='ocrx_word' id='word_1_544' title='bbox 1660 3957 1721 4008; x_wconf 82' lang='grc' dir='ltr'>τὸ</span> 
     </span>
    </p>
   </div>
   <div class='ocr_carea' id='block_1_74' title="bbox 185 4035 1721 4118">
    <p class='ocr_par' dir='ltr' id='par_1_74' title="bbox 185 4035 1721 4118">
     <span class='ocr_line' id='line_1_74' title="bbox 185 4035 1721 4118; baseline 0.008 -29"><span class='ocrx_word' id='word_1_545' title='bbox 185 4035 338 4094; x_wconf 78' lang='grc' dir='ltr'>δοκοῦν</span> <span class='ocrx_word' id='word_1_546' title='bbox 352 4042 795 4107; x_wconf 81' lang='grc' dir='ltr'>ἁπαυθαδιάζειν.</span> <span class='ocrx_word' id='word_1_547' title='bbox 823 4046 935 4099; x_wconf 76' lang='grc' dir='ltr'><strong>Καὶ</strong></span> <span class='ocrx_word' id='word_1_548' title='bbox 960 4040 1004 4100; x_wconf 82' lang='grc' dir='ltr'><strong>ὦ</strong></span> <span class='ocrx_word' id='word_1_549' title='bbox 1019 4046 1076 4099; x_wconf 85' lang='grc' dir='ltr'>δὲ</span> <span class='ocrx_word' id='word_1_550' title='bbox 1103 4047 1344 4115; x_wconf 83' lang='grc' dir='ltr'>Νέστωρ</span> <span class='ocrx_word' id='word_1_551' title='bbox 1366 4048 1398 4118; x_wconf 80' lang='grc' dir='ltr'>ἡ</span> <span class='ocrx_word' id='word_1_552' title='bbox 1421 4048 1721 4117; x_wconf 84' lang='grc' dir='ltr'>ἐπιγραφὴ,</span> 
     </span>
    </p>
   </div>
   <div class='ocr_carea' id='block_1_75' title="bbox 187 4126 1723 4209">
    <p class='ocr_par' dir='ltr' id='par_1_75' title="bbox 187 4126 1723 4209">
     <span class='ocr_line' id='line_1_75' title="bbox 187 4126 1723 4209; baseline 0.007 -28"><span class='ocrx_word' id='word_1_553' title='bbox 187 4126 304 4192; x_wconf 81' lang='grc' dir='ltr'>ὅπως</span> <span class='ocrx_word' id='word_1_554' title='bbox 330 4133 636 4205; x_wconf 84' lang='grc' dir='ltr'>κεχρῆσθαι</span> <span class='ocrx_word' id='word_1_555' title='bbox 680 4137 925 4206; x_wconf 84' lang='grc' dir='ltr'>προσῆκε</span> <span class='ocrx_word' id='word_1_556' title='bbox 977 4140 1043 4209; x_wconf 83' lang='grc' dir='ltr'><strong>τῇ</strong></span> <span class='ocrx_word' id='word_1_557' title='bbox 1104 4138 1239 4209; x_wconf 80' lang='grc' dir='ltr'>πρὸς</span> <span class='ocrx_word' id='word_1_558' title='bbox 1292 4140 1419 4202; x_wconf 77' lang='grc' dir='ltr'>τοὺς</span> <span class='ocrx_word' id='word_1_559' title='bbox 1483 4139 1723 4209; x_wconf 83' lang='grc' dir='ltr'>βασιλεῖς</span> 
     </span>
    </p>
   </div>
   <div class='ocr_carea' id='block_1_76' title="bbox 184 4226 1723 4299">
    <p class='ocr_par' dir='ltr' id='par_1_76' title="bbox 184 4226 1723 4299">
     <span class='ocr_line' id='line_1_76' title="bbox 184 4226 1723 4299; baseline 0.006 -24"><span class='ocrx_word' id='word_1_560' title='bbox 184 4226 463 4292; x_wconf 81' lang='grc' dir='ltr'>παραινέσει</span> <span class='ocrx_word' id='word_1_561' title='bbox 483 4226 968 4298; x_wconf 84' lang='grc' dir='ltr'>περιλαμϐάνεται.</span> <span class='ocrx_word' id='word_1_562' title='bbox 998 4231 1057 4283; x_wconf 89' lang='lat' dir='ltr'><strong>&#39;O</strong></span> <span class='ocrx_word' id='word_1_563' title='bbox 1079 4230 1136 4284; x_wconf 85' lang='grc' dir='ltr'><strong>δέ</strong></span> <span class='ocrx_word' id='word_1_564' title='bbox 1154 4230 1373 4299; x_wconf 82' lang='grc' dir='ltr'>ἐφεξῆς,</span> <span class='ocrx_word' id='word_1_565' title='bbox 1410 4230 1723 4299; x_wconf 84' lang='grc' dir='ltr'>Ἀχιλλεὺς</span> 
     </span>
    </p>
   </div>
   <div class='ocr_carea' id='block_1_77' title="bbox 184 4312 1722 4394">
    <p class='ocr_par' dir='ltr' id='par_1_77' title="bbox 184 4312 1722 4394">
     <span class='ocr_line' id='line_1_77' title="bbox 184 4312 1722 4394; baseline 0.008 -32"><span class='ocrx_word' id='word_1_566' title='bbox 184 4312 232 4363; x_wconf 80' lang='grc' dir='ltr'>οὐ</span> <span class='ocrx_word' id='word_1_567' title='bbox 263 4317 567 4388; x_wconf 83' lang='grc' dir='ltr'>πειθόμενος</span> <span class='ocrx_word' id='word_1_568' title='bbox 601 4319 680 4390; x_wconf 80' lang='grc' dir='ltr'>τῷ</span> <span class='ocrx_word' id='word_1_569' title='bbox 699 4321 953 4390; x_wconf 87' lang='grc' dir='ltr'>Χείρωνι,</span> <span class='ocrx_word' id='word_1_570' title='bbox 985 4321 1212 4393; x_wconf 82' lang='grc' dir='ltr'>προνοίᾳ</span> <span class='ocrx_word' id='word_1_571' title='bbox 1234 4325 1327 4375; x_wconf 80' lang='grc' dir='ltr'>καὶ</span> <span class='ocrx_word' id='word_1_572' title='bbox 1358 4324 1544 4394; x_wconf 80' lang='grc' dir='ltr'>τέχνῃ,</span> <span class='ocrx_word' id='word_1_573' title='bbox 1584 4322 1722 4375; x_wconf 85' lang='grc' dir='ltr'>ἀλλὰ</span> 
     </span>
    </p>
   </div>
   <div class='ocr_carea' id='block_1_78' title="bbox 190 4401 1722 4483">
    <p class='ocr_par' dir='ltr' id='par_1_78' title="bbox 190 4401 1722 4483">
     <span class='ocr_line' id='line_1_78' title="bbox 190 4401 1722 4483; baseline 0.004 -25"><span class='ocrx_word' id='word_1_574' title='bbox 190 4401 246 4473; x_wconf 80' lang='grc' dir='ltr'>μὴ</span> <span class='ocrx_word' id='word_1_575' title='bbox 272 4404 448 4476; x_wconf 84' lang='grc' dir='ltr'>θράσει</span> <span class='ocrx_word' id='word_1_576' title='bbox 507 4410 605 4463; x_wconf 71' lang='grc' dir='ltr'>καὶ</span> <span class='ocrx_word' id='word_1_577' title='bbox 668 4412 867 4481; x_wconf 84' lang='grc' dir='ltr'>χειρῶν</span> <span class='ocrx_word' id='word_1_578' title='bbox 898 4412 1055 4482; x_wconf 85' lang='grc' dir='ltr'>ίσχύῖ</span> <span class='ocrx_word' id='word_1_579' title='bbox 1084 4413 1503 4483; x_wconf 86' lang='grc' dir='ltr'>συμϐουλεύοντι</span> <span class='ocrx_word' id='word_1_580' title='bbox 1558 4429 1722 4483; x_wconf 88' lang='grc' dir='ltr'>μετα-</span> 
     </span>
    </p>
   </div>
   <div class='ocr_carea' id='block_1_79' title="bbox 1826 3310 3398 3380">
    <p class='ocr_par' dir='ltr' id='par_1_79' title="bbox 1826 3310 3398 3380">
     <span class='ocr_line' id='line_1_79' title="bbox 1826 3310 3398 3380; baseline -0.002 -13"><span class='ocrx_word' id='word_1_581' title='bbox 1826 3313 1950 3367; x_wconf 91' lang='lat' dir='ltr'><strong>dum</strong></span> <span class='ocrx_word' id='word_1_582' title='bbox 1981 3323 2034 3365; x_wconf 92' lang='lat' dir='ltr'><strong>et</strong></span> <span class='ocrx_word' id='word_1_583' title='bbox 2066 3310 2306 3365; x_wconf 84' lang='lat' dir='ltr'><strong>Socratis</strong></span> <span class='ocrx_word' id='word_1_584' title='bbox 2342 3311 2451 3374; x_wconf 81' lang='lat' dir='ltr'><strong>illa,</strong></span> <span class='ocrx_word' id='word_1_585' title='bbox 2505 3326 2625 3380; x_wconf 68' lang='lat' dir='ltr'><strong>qua:</strong></span> <span class='ocrx_word' id='word_1_586' title='bbox 2665 3311 2822 3379; x_wconf 86' lang='lat' dir='ltr'><strong>hujus</strong></span> <span class='ocrx_word' id='word_1_587' title='bbox 2856 3310 3156 3379; x_wconf 84' lang='lat' dir='ltr'><strong>philosophi</strong></span> <span class='ocrx_word' id='word_1_588' title='bbox 3206 3326 3398 3365; x_wconf 91' lang='lat' dir='ltr'><strong>nomen</strong></span> 
     </span>
    </p>
   </div>
   <div class='ocr_carea' id='block_1_80' title="bbox 1824 3399 3394 3471">
    <p class='ocr_par' dir='ltr' id='par_1_80' title="bbox 1824 3399 3394 3471">
     <span class='ocr_line' id='line_1_80' title="bbox 1824 3399 3394 3471; baseline 0 -16"><span class='ocrx_word' id='word_1_589' title='bbox 1824 3400 2062 3471; x_wconf 65' lang='lat' dir='ltr'><strong>praefert.</strong></span> <span class='ocrx_word' id='word_1_590' title='bbox 2097 3400 2234 3454; x_wconf 88' lang='lat' dir='ltr'><strong>Hinc</strong></span> <span class='ocrx_word' id='word_1_591' title='bbox 2262 3400 2352 3453; x_wconf 86' lang='lat' dir='ltr'><strong>illa</strong></span> <span class='ocrx_word' id='word_1_592' title='bbox 2387 3399 2465 3453; x_wconf 88' lang='lat' dir='ltr'><strong>De</strong></span> <span class='ocrx_word' id='word_1_593' title='bbox 2490 3399 2717 3453; x_wconf 83' lang='lat' dir='ltr'><strong>Homero</strong></span> <span class='ocrx_word' id='word_1_594' title='bbox 2747 3410 2794 3453; x_wconf 89' lang='lat' dir='ltr'><strong>et</strong></span> <span class='ocrx_word' id='word_1_595' title='bbox 2841 3399 3078 3454; x_wconf 85' lang='lat' dir='ltr'><strong>Socrate.</strong></span> <span class='ocrx_word' id='word_1_596' title='bbox 3107 3399 3394 3456; x_wconf 79' lang='lat' dir='ltr'><strong>XXXVIII.</strong></span> 
     </span>
    </p>
   </div>
   <div class='ocr_carea' id='block_1_81' title="bbox 1824 3492 3397 3556">
    <p class='ocr_par' dir='ltr' id='par_1_81' title="bbox 1824 3492 3397 3556">
     <span class='ocr_line' id='line_1_81' title="bbox 1824 3492 3397 3556; baseline -0.001 -8"><span class='ocrx_word' id='word_1_597' title='bbox 1824 3492 2046 3556; x_wconf 88' lang='lat' dir='ltr'><strong>Oratio,</strong></span> <span class='ocrx_word' id='word_1_598' title='bbox 2082 3492 2297 3547; x_wconf 86' lang='lat' dir='ltr'><strong>Homeri</strong></span> <span class='ocrx_word' id='word_1_599' title='bbox 2325 3492 2574 3546; x_wconf 65' lang='lat' dir='ltr'><strong>aemulum</strong></span> <span class='ocrx_word' id='word_1_600' title='bbox 2616 3492 2788 3547; x_wconf 82' lang='lat' dir='ltr'><strong>fuisse</strong></span> <span class='ocrx_word' id='word_1_601' title='bbox 2827 3492 3105 3547; x_wconf 86' lang='lat' dir='ltr'><strong>Socratem</strong></span> <span class='ocrx_word' id='word_1_602' title='bbox 3136 3493 3397 3553; x_wconf 88' lang='lat' dir='ltr'><strong>ostendit.</strong></span> 
     </span>
    </p>
   </div>
   <div class='ocr_carea' id='block_1_82' title="bbox 1825 3586 3396 3655">
    <p class='ocr_par' dir='ltr' id='par_1_82' title="bbox 1825 3586 3396 3655">
     <span class='ocr_line' id='line_1_82' title="bbox 1825 3586 3396 3655; baseline -0.001 -16"><span class='ocrx_word' id='word_1_603' title='bbox 1825 3602 1890 3641; x_wconf 89' lang='lat' dir='ltr'><strong>ac</strong></span> <span class='ocrx_word' id='word_1_604' title='bbox 1914 3588 2262 3655; x_wconf 89' lang='lat' dir='ltr'><strong>discipulum.</strong></span> <span class='ocrx_word' id='word_1_605' title='bbox 2285 3586 2367 3638; x_wconf 83' lang='lat' dir='ltr'><strong>Ab</strong></span> <span class='ocrx_word' id='word_1_606' title='bbox 2407 3586 2508 3640; x_wconf 93' lang='lat' dir='ltr'><strong>hoc</strong></span> <span class='ocrx_word' id='word_1_607' title='bbox 2541 3587 2666 3639; x_wconf 89' lang='lat' dir='ltr'><strong>item</strong></span> <span class='ocrx_word' id='word_1_608' title='bbox 2697 3586 3078 3654; x_wconf 87' lang='lat' dir='ltr'><strong>philosophum</strong></span> <span class='ocrx_word' id='word_1_609' title='bbox 3113 3602 3216 3641; x_wconf 93' lang='lat' dir='ltr'><strong>non</strong></span> <span class='ocrx_word' id='word_1_610' title='bbox 3252 3587 3396 3640; x_wconf 86' lang='lat' dir='ltr'><strong>illam</strong></span> 
     </span>
    </p>
   </div>
   <div class='ocr_carea' id='block_1_83' title="bbox 1831 3675 3401 3745">
    <p class='ocr_par' dir='ltr' id='par_1_83' title="bbox 1831 3675 3401 3745">
     <span class='ocr_line' id='line_1_83' title="bbox 1831 3675 3401 3745; baseline 0.001 -14"><span class='ocrx_word' id='word_1_611' title='bbox 1831 3688 2041 3731; x_wconf 86' lang='lat' dir='ltr'><strong>tantum</strong></span> <span class='ocrx_word' id='word_1_612' title='bbox 2067 3675 2387 3730; x_wconf 82' lang='lat' dir='ltr'><strong>familiarem</strong></span> <span class='ocrx_word' id='word_1_613' title='bbox 2420 3678 2555 3730; x_wconf 89' lang='lat' dir='ltr'><strong>adeo</strong></span> <span class='ocrx_word' id='word_1_614' title='bbox 2590 3677 2693 3730; x_wconf 86' lang='lat' dir='ltr'><strong>sibi</strong></span> <span class='ocrx_word' id='word_1_615' title='bbox 2721 3677 3086 3745; x_wconf 78' lang='lat' dir='ltr'><strong>exemplorum</strong></span> <span class='ocrx_word' id='word_1_616' title='bbox 3122 3678 3401 3732; x_wconf 87' lang='lat' dir='ltr'><strong>tractatio-</strong></span> 
     </span>
    </p>
   </div>
   <div class='ocr_carea' id='block_1_84' title="bbox 1824 3770 3396 3839">
    <p class='ocr_par' dir='ltr' id='par_1_84' title="bbox 1824 3770 3396 3839">
     <span class='ocr_line' id='line_1_84' title="bbox 1824 3770 3396 3839; baseline -0.003 -14"><span class='ocrx_word' id='word_1_617' title='bbox 1824 3786 1946 3826; x_wconf 91' lang='lat' dir='ltr'><strong>nem</strong></span> <span class='ocrx_word' id='word_1_618' title='bbox 1979 3770 2245 3835; x_wconf 87' lang='lat' dir='ltr'><strong>hausisse,</strong></span> <span class='ocrx_word' id='word_1_619' title='bbox 2290 3776 2384 3825; x_wconf 91' lang='lat' dir='ltr'><strong>sed</strong></span> <span class='ocrx_word' id='word_1_620' title='bbox 2449 3771 2711 3839; x_wconf 89' lang='lat' dir='ltr'><strong>reliquam</strong></span> <span class='ocrx_word' id='word_1_621' title='bbox 2773 3772 2996 3839; x_wconf 86' lang='lat' dir='ltr'><strong>insuper</strong></span> <span class='ocrx_word' id='word_1_622' title='bbox 3028 3771 3241 3825; x_wconf 86' lang='lat' dir='ltr'><strong>dicendi</strong></span> <span class='ocrx_word' id='word_1_623' title='bbox 3290 3772 3396 3824; x_wconf 78' lang='lat' dir='ltr'><strong>viui</strong></span> 
     </span>
    </p>
   </div>
   <div class='ocr_carea' id='block_1_85' title="bbox 1823 3859 3400 3930">
    <p class='ocr_par' dir='ltr' id='par_1_85' title="bbox 1823 3859 3400 3930">
     <span class='ocr_line' id='line_1_85' title="bbox 1823 3859 3400 3930; baseline -0.001 -13"><span class='ocrx_word' id='word_1_624' title='bbox 1823 3878 2037 3917; x_wconf 90' lang='lat' dir='ltr'><strong>omnem</strong></span> <span class='ocrx_word' id='word_1_625' title='bbox 2078 3879 2141 3917; x_wconf 88' lang='lat' dir='ltr'><strong>ac</strong></span> <span class='ocrx_word' id='word_1_626' title='bbox 2168 3871 2501 3917; x_wconf 90' lang='lat' dir='ltr'><strong>venustatem</strong></span> <span class='ocrx_word' id='word_1_627' title='bbox 2529 3862 2825 3916; x_wconf 89' lang='lat' dir='ltr'><strong>imbibisse.</strong></span> <span class='ocrx_word' id='word_1_628' title='bbox 2862 3859 3101 3915; x_wconf 84' lang='lat' dir='ltr'><strong>XXXIX.</strong></span> <span class='ocrx_word' id='word_1_629' title='bbox 3121 3862 3400 3930; x_wconf 80' lang='lat' dir='ltr'><strong>Agamem-</strong></span> 
     </span>
    </p>
   </div>
   <div class='ocr_carea' id='block_1_86' title="bbox 1824 3952 3401 4023">
    <p class='ocr_par' dir='ltr' id='par_1_86' title="bbox 1824 3952 3401 4023">
     <span class='ocr_line' id='line_1_86' title="bbox 1824 3952 3401 4023; baseline -0.003 -14"><span class='ocrx_word' id='word_1_630' title='bbox 1824 3972 1948 4021; x_wconf 84' lang='lat' dir='ltr'><strong>non,</strong></span> <span class='ocrx_word' id='word_1_631' title='bbox 1994 3968 2089 4009; x_wconf 84' lang='lat' dir='ltr'><strong>seu</strong></span> <span class='ocrx_word' id='word_1_632' title='bbox 2135 3952 2221 4006; x_wconf 88' lang='lat' dir='ltr'><strong>De</strong></span> <span class='ocrx_word' id='word_1_633' title='bbox 2262 3969 2379 4022; x_wconf 87' lang='lat' dir='ltr'><strong>rege</strong></span> <span class='ocrx_word' id='word_1_634' title='bbox 2432 3953 2793 4007; x_wconf 87' lang='lat' dir='ltr'><strong>inscribitur:</strong></span> <span class='ocrx_word' id='word_1_635' title='bbox 2837 3954 3097 4019; x_wconf 86' lang='lat' dir='ltr'><strong>docetque</strong></span> <span class='ocrx_word' id='word_1_636' title='bbox 3147 3964 3401 4023; x_wconf 89' lang='lat' dir='ltr'><strong>oportere</strong></span> 
     </span>
    </p>
   </div>
   <div class='ocr_carea' id='block_1_87' title="bbox 1824 4043 3390 4115">
    <p class='ocr_par' dir='ltr' id='par_1_87' title="bbox 1824 4043 3390 4115">
     <span class='ocr_line' id='line_1_87' title="bbox 1824 4043 3390 4115; baseline -0.001 -17"><span class='ocrx_word' id='word_1_637' title='bbox 1824 4060 2005 4115; x_wconf 86' lang='lat' dir='ltr'><strong>regem</strong></span> <span class='ocrx_word' id='word_1_638' title='bbox 2055 4045 2274 4115; x_wconf 88' lang='lat' dir='ltr'><strong>optimis</strong></span> <span class='ocrx_word' id='word_1_639' title='bbox 2329 4059 2487 4098; x_wconf 90' lang='lat' dir='ltr'><strong>usum</strong></span> <span class='ocrx_word' id='word_1_640' title='bbox 2544 4044 2891 4107; x_wconf 87' lang='lat' dir='ltr'><strong>consiliariis,</strong></span> <span class='ocrx_word' id='word_1_641' title='bbox 2931 4043 3122 4098; x_wconf 87' lang='lat' dir='ltr'><strong>iisdem</strong></span> <span class='ocrx_word' id='word_1_642' title='bbox 3178 4058 3390 4111; x_wconf 90' lang='lat' dir='ltr'><strong>parere,</strong></span> 
     </span>
    </p>
   </div>
   <div class='ocr_carea' id='block_1_88' title="bbox 1825 4135 3396 4206">
    <p class='ocr_par' dir='ltr' id='par_1_88' title="bbox 1825 4135 3396 4206">
     <span class='ocr_line' id='line_1_88' title="bbox 1825 4135 3396 4206; baseline -0.002 -14"><span class='ocrx_word' id='word_1_643' title='bbox 1825 4152 2001 4206; x_wconf 91' lang='lat' dir='ltr'><strong>neque</strong></span> <span class='ocrx_word' id='word_1_644' title='bbox 2038 4152 2196 4193; x_wconf 88' lang='lat' dir='ltr'><strong>suum</strong></span> <span class='ocrx_word' id='word_1_645' title='bbox 2232 4135 2516 4191; x_wconf 90' lang='lat' dir='ltr'><strong>arbitrium</strong></span> <span class='ocrx_word' id='word_1_646' title='bbox 2546 4135 2904 4204; x_wconf 88' lang='lat' dir='ltr'><strong>pervicaciter</strong></span> <span class='ocrx_word' id='word_1_647' title='bbox 2932 4136 3110 4204; x_wconf 87' lang='lat' dir='ltr'><strong>sequi.</strong></span> <span class='ocrx_word' id='word_1_648' title='bbox 3142 4135 3396 4189; x_wconf 80' lang='lat' dir='ltr'><strong>Proxima</strong></span> 
     </span>
    </p>
   </div>
   <div class='ocr_carea' id='block_1_89' title="bbox 1822 4225 3397 4297">
    <p class='ocr_par' dir='ltr' id='par_1_89' title="bbox 1822 4225 3397 4297">
     <span class='ocr_line' id='line_1_89' title="bbox 1822 4225 3397 4297; baseline -0.003 -16"><span class='ocrx_word' id='word_1_649' title='bbox 1822 4242 1951 4283; x_wconf 91' lang='lat' dir='ltr'><strong>vero</strong></span> <span class='ocrx_word' id='word_1_650' title='bbox 2002 4242 2122 4297; x_wconf 69' lang='lat' dir='ltr'><strong>quae</strong></span> <span class='ocrx_word' id='word_1_651' title='bbox 2180 4226 2517 4289; x_wconf 89' lang='lat' dir='ltr'><strong>inscribitur,</strong></span> <span class='ocrx_word' id='word_1_652' title='bbox 2575 4226 2811 4291; x_wconf 85' lang='lat' dir='ltr'><strong>Nestor,</strong></span> <span class='ocrx_word' id='word_1_653' title='bbox 2896 4241 3129 4295; x_wconf 88' lang='lat' dir='ltr'><strong>quanam</strong></span> <span class='ocrx_word' id='word_1_654' title='bbox 3185 4225 3397 4279; x_wconf 84' lang='lat' dir='ltr'><strong>ratione</strong></span> 
     </span>
    </p>
   </div>
   <div class='ocr_carea' id='block_1_90' title="bbox 1826 4315 3390 4388">
    <p class='ocr_par' dir='ltr' id='par_1_90' title="bbox 1826 4315 3390 4388">
     <span class='ocr_line' id='line_1_90' title="bbox 1826 4315 3390 4388; baseline -0.004 -15"><span class='ocrx_word' id='word_1_655' title='bbox 1826 4333 1979 4388; x_wconf 88' lang='lat' dir='ltr'><strong>reges</strong></span> <span class='ocrx_word' id='word_1_656' title='bbox 2009 4318 2331 4372; x_wconf 81' lang='lat' dir='ltr'><strong>admonendi</strong></span> <span class='ocrx_word' id='word_1_657' title='bbox 2362 4319 2468 4371; x_wconf 90' lang='lat' dir='ltr'><strong>sint</strong></span> <span class='ocrx_word' id='word_1_658' title='bbox 2492 4318 2730 4372; x_wconf 88' lang='lat' dir='ltr'><strong>instruit.</strong></span> <span class='ocrx_word' id='word_1_659' title='bbox 2767 4315 2889 4371; x_wconf 80' lang='lat' dir='ltr'><strong>Mox</strong></span> <span class='ocrx_word' id='word_1_660' title='bbox 2936 4315 3166 4370; x_wconf 85' lang='lat' dir='ltr'><strong>Achilles</strong></span> <span class='ocrx_word' id='word_1_661' title='bbox 3205 4318 3390 4385; x_wconf 85' lang='lat' dir='ltr'><strong>sequi-</strong></span> 
     </span>
    </p>
   </div>
   <div class='ocr_carea' id='block_1_91' title="bbox 1825 4407 3395 4478">
    <p class='ocr_par' dir='ltr' id='par_1_91' title="bbox 1825 4407 3395 4478">
     <span class='ocr_line' id='line_1_91' title="bbox 1825 4407 3395 4478; baseline -0.002 -15"><span class='ocrx_word' id='word_1_662' title='bbox 1825 4420 1914 4463; x_wconf 91' lang='lat' dir='ltr'><strong>tur</strong></span> <span class='ocrx_word' id='word_1_663' title='bbox 1948 4427 1963 4463; x_wconf 89' lang='lat'><strong>:</strong></span> <span class='ocrx_word' id='word_1_664' title='bbox 2003 4408 2096 4478; x_wconf 91' lang='lat' dir='ltr'><strong>qui</strong></span> <span class='ocrx_word' id='word_1_665' title='bbox 2152 4407 2373 4463; x_wconf 89' lang='lat' dir='ltr'><strong>Cbironi</strong></span> <span class='ocrx_word' id='word_1_666' title='bbox 2431 4423 2535 4461; x_wconf 90' lang='lat' dir='ltr'><strong>non</strong></span> <span class='ocrx_word' id='word_1_667' title='bbox 2589 4408 2981 4477; x_wconf 85' lang='lat' dir='ltr'><strong>acquiesceus,</strong></span> <span class='ocrx_word' id='word_1_668' title='bbox 3010 4407 3251 4461; x_wconf 90' lang='lat' dir='ltr'><strong>monenti</strong></span> <span class='ocrx_word' id='word_1_669' title='bbox 3293 4407 3395 4477; x_wconf 82' lang='lat'><strong>(5‘)</strong></span> 
     </span>
    </p>
   </div>
   <div class='ocr_carea' id='block_1_92' title="bbox 188 4499 1725 4574">
    <p class='ocr_par' dir='ltr' id='par_1_92' title="bbox 188 4500 1719 4574">
     <span class='ocr_line' id='line_1_92' title="bbox 188 4500 1719 4574; baseline 0.007 -28"><span class='ocrx_word' id='word_1_670' title='bbox 188 4500 480 4565; x_wconf 77' lang='grc' dir='ltr'>χειρίζεσθαι</span> <span class='ocrx_word' id='word_1_671' title='bbox 564 4502 820 4573; x_wconf 86' lang='grc' dir='ltr'>πόλεμον,</span> <span class='ocrx_word' id='word_1_672' title='bbox 886 4502 1112 4573; x_wconf 76' lang='grc' dir='ltr'>ὕστερον</span> <span class='ocrx_word' id='word_1_673' title='bbox 1164 4506 1266 4558; x_wconf 78' lang='grc' dir='ltr'><strong>οὐκ</strong></span> <span class='ocrx_word' id='word_1_674' title='bbox 1313 4504 1566 4558; x_wconf 82' lang='grc' dir='ltr'>ἀπώνατο</span> <span class='ocrx_word' id='word_1_675' title='bbox 1618 4507 1719 4574; x_wconf 81' lang='grc' dir='ltr'>τῆς</span> 
     </span>
    </p>
   </div>
   <div class='ocr_carea' id='block_1_93' title="bbox 1829 4499 3399 4574">
    <p class='ocr_par' dir='ltr' id='par_1_93' title="bbox 1829 4499 3399 4572">
     <span class='ocr_line' id='line_1_93' title="bbox 1829 4499 3399 4572; baseline -0.003 -17"><span class='ocrx_word' id='word_1_676' title='bbox 1829 4501 2109 4572; x_wconf 87' lang='lat' dir='ltr'><strong>prudentia</strong></span> <span class='ocrx_word' id='word_1_677' title='bbox 2170 4501 2352 4571; x_wconf 90' lang='lat' dir='ltr'><strong>potius</strong></span> <span class='ocrx_word' id='word_1_678' title='bbox 2400 4510 2563 4568; x_wconf 89' lang='lat' dir='ltr'><strong>atque</strong></span> <span class='ocrx_word' id='word_1_679' title='bbox 2625 4511 2745 4554; x_wconf 90' lang='lat' dir='ltr'><strong>arte</strong></span> <span class='ocrx_word' id='word_1_680' title='bbox 2805 4515 2964 4569; x_wconf 89' lang='lat' dir='ltr'><strong>quam</strong></span> <span class='ocrx_word' id='word_1_681' title='bbox 3034 4499 3257 4553; x_wconf 88' lang='lat' dir='ltr'><strong>audacia</strong></span> <span class='ocrx_word' id='word_1_682' title='bbox 3305 4509 3399 4551; x_wconf 85' lang='lat' dir='ltr'><strong>aut</strong></span> 
     </span>
    </p>
   </div>
   <div class='ocr_carea' id='block_1_94' title="bbox 187 4588 1719 4666">
    <p class='ocr_par' dir='ltr' id='par_1_94' title="bbox 187 4588 1719 4666">
     <span class='ocr_line' id='line_1_94' title="bbox 187 4588 1719 4666; baseline 0.005 -25"><span class='ocrx_word' id='word_1_683' title='bbox 187 4588 448 4654; x_wconf 77' lang='grc' dir='ltr'>ἀπειθείας.</span> <span class='ocrx_word' id='word_1_684' title='bbox 482 4595 646 4648; x_wconf 79' lang='grc' dir='ltr'><strong>Καὶὸ</strong></span> <span class='ocrx_word' id='word_1_685' title='bbox 687 4594 1055 4663; x_wconf 80' lang='grc' dir='ltr'>Φιλοκτήτης</span> <span class='ocrx_word' id='word_1_686' title='bbox 1103 4596 1160 4648; x_wconf 85' lang='grc' dir='ltr'><strong>δέ</strong></span> <span class='ocrx_word' id='word_1_687' title='bbox 1208 4594 1560 4666; x_wconf 84' lang='grc' dir='ltr'>παράφρασίς</span> <span class='ocrx_word' id='word_1_688' title='bbox 1602 4596 1719 4648; x_wconf 88' lang='grc' dir='ltr'>ἐστι</span> 
     </span>
    </p>
   </div>
   <div class='ocr_carea' id='block_1_95' title="bbox 189 4680 1720 4757">
    <p class='ocr_par' dir='ltr' id='par_1_95' title="bbox 189 4680 1720 4757">
     <span class='ocr_line' id='line_1_95' title="bbox 189 4680 1720 4757; baseline 0.007 -28"><span class='ocrx_word' id='word_1_689' title='bbox 189 4680 254 4731; x_wconf 76' lang='grc' dir='ltr'><strong>τοῦ</strong></span> <span class='ocrx_word' id='word_1_690' title='bbox 279 4684 389 4736; x_wconf 84' lang='grc' dir='ltr'>κατ’</span> <span class='ocrx_word' id='word_1_691' title='bbox 421 4686 587 4738; x_wconf 82' lang='grc' dir='ltr'>αὐτὸν</span> <span class='ocrx_word' id='word_1_692' title='bbox 611 4686 977 4757; x_wconf 84' lang='grc' dir='ltr'>ἀτυχήματος.</span> <span class='ocrx_word' id='word_1_693' title='bbox 1013 4686 1130 4757; x_wconf 81' lang='grc' dir='ltr'><strong>Ἐφ’</strong></span> <span class='ocrx_word' id='word_1_694' title='bbox 1161 4682 1241 4750; x_wconf 76' lang='grc' dir='ltr'><strong>οἷς</strong></span> <span class='ocrx_word' id='word_1_695' title='bbox 1285 4690 1314 4739; x_wconf 90' lang='lat'><strong>6</strong></span> <span class='ocrx_word' id='word_1_696' title='bbox 1358 4687 1599 4751; x_wconf 82' lang='grc' dir='ltr'>Νέσσος</span> <span class='ocrx_word' id='word_1_697' title='bbox 1626 4690 1720 4740; x_wconf 78' lang='grc' dir='ltr'>καὶ</span> 
     </span>
    </p>
   </div>
   <div class='ocr_carea' id='block_1_96' title="bbox 189 4770 1719 4848">
    <p class='ocr_par' dir='ltr' id='par_1_96' title="bbox 189 4770 1719 4848">
     <span class='ocr_line' id='line_1_96' title="bbox 189 4770 1719 4848; baseline 0.005 -24"><span class='ocrx_word' id='word_1_698' title='bbox 189 4770 530 4844; x_wconf 78' lang='grc' dir='ltr'>ἠΔηϊάνειρα</span> <span class='ocrx_word' id='word_1_699' title='bbox 559 4776 605 4808; x_wconf 72' lang='grc'><strong>⁸³</strong></span> <span class='ocrx_word' id='word_1_700' title='bbox 644 4776 754 4829; x_wconf 87' lang='grc' dir='ltr'><strong>τῶν</strong></span> <span class='ocrx_word' id='word_1_701' title='bbox 792 4776 1067 4840; x_wconf 85' lang='grc' dir='ltr'>ἀπιθάνως</span> <span class='ocrx_word' id='word_1_702' title='bbox 1108 4777 1236 4848; x_wconf 77' lang='grc' dir='ltr'>περὶ</span> <span class='ocrx_word' id='word_1_703' title='bbox 1265 4778 1462 4841; x_wconf 79' lang='grc' dir='ltr'>αὐτοὺς</span> <span class='ocrx_word' id='word_1_704' title='bbox 1507 4778 1719 4831; x_wconf 85' lang='grc' dir='ltr'>πεπλα-</span> 
     </span>
    </p>
   </div>
   <div class='ocr_carea' id='block_1_97' title="bbox 190 4868 1719 4940">
    <p class='ocr_par' dir='ltr' id='par_1_97' title="bbox 190 4868 1719 4940">
     <span class='ocr_line' id='line_1_97' title="bbox 190 4868 1719 4940; baseline 0.002 -20"><span class='ocrx_word' id='word_1_705' title='bbox 190 4868 367 4931; x_wconf 77' lang='grc' dir='ltr'>σμένων</span> <span class='ocrx_word' id='word_1_706' title='bbox 411 4869 502 4922; x_wconf 87' lang='grc' dir='ltr'><strong>διά</strong></span> <span class='ocrx_word' id='word_1_707' title='bbox 551 4886 697 4931; x_wconf 89' lang='grc' dir='ltr'>τινος</span> <span class='ocrx_word' id='word_1_708' title='bbox 747 4869 1045 4940; x_wconf 80' lang='grc' dir='ltr'>θεραπείας</span> <span class='ocrx_word' id='word_1_709' title='bbox 1093 4870 1173 4932; x_wconf 86' lang='grc' dir='ltr'><strong>είς</strong></span> <span class='ocrx_word' id='word_1_710' title='bbox 1211 4870 1402 4940; x_wconf 82' lang='grc' dir='ltr'>είρμόν</span> <span class='ocrx_word' id='word_1_711' title='bbox 1456 4887 1579 4923; x_wconf 86' lang='grc' dir='ltr'>τινα</span> <span class='ocrx_word' id='word_1_712' title='bbox 1624 4870 1719 4923; x_wconf 82' lang='grc' dir='ltr'>καὶ</span> 
     </span>
    </p>
   </div>
   <div class='ocr_carea' id='block_1_98' title="bbox 186 4954 1719 5035">
    <p class='ocr_par' dir='ltr' id='par_1_98' title="bbox 186 4954 1719 5035">
     <span class='ocr_line' id='line_1_98' title="bbox 186 4954 1719 5035; baseline 0.006 -27"><span class='ocrx_word' id='word_1_713' title='bbox 186 4954 309 5021; x_wconf 77' lang='grc' dir='ltr'>τάξιν</span> <span class='ocrx_word' id='word_1_714' title='bbox 350 4961 495 5014; x_wconf 87' lang='grc' dir='ltr'>δοκεῖ</span> <span class='ocrx_word' id='word_1_715' title='bbox 530 4961 594 5014; x_wconf 84' lang='grc' dir='ltr'>τὸ</span> <span class='ocrx_word' id='word_1_716' title='bbox 621 4960 881 5014; x_wconf 88' lang='grc' dir='ltr'>ἀπίθανον</span> <span class='ocrx_word' id='word_1_717' title='bbox 926 4961 1409 5035; x_wconf 76' lang='grc' dir='ltr'>μεταρρυθμίζειν.</span> <span class='ocrx_word' id='word_1_718' title='bbox 1460 4962 1620 5016; x_wconf 73' lang='grc' dir='ltr'><strong>Καὶὸ</strong></span> <span class='ocrx_word' id='word_1_719' title='bbox 1674 4961 1719 4993; x_wconf 66' lang='grc'><strong>’⁵9</strong></span> 
     </span>
    </p>
   </div>
   <div class='ocr_carea' id='block_1_99' title="bbox 1826 4578 3392 4660">
    <p class='ocr_par' dir='ltr' id='par_1_99' title="bbox 1826 4578 3392 4660">
     <span class='ocr_line' id='line_1_99' title="bbox 1826 4578 3392 4660; baseline -0.004 -14"><span class='ocrx_word' id='word_1_720' title='bbox 1826 4591 2070 4660; x_wconf 90' lang='lat' dir='ltr'><strong>corporis</strong></span> <span class='ocrx_word' id='word_1_721' title='bbox 2100 4591 2306 4644; x_wconf 89' lang='lat' dir='ltr'><strong>viribus</strong></span> <span class='ocrx_word' id='word_1_722' title='bbox 2344 4604 2431 4644; x_wconf 84' lang='lat' dir='ltr'><strong>res</strong></span> <span class='ocrx_word' id='word_1_723' title='bbox 2480 4578 2704 4644; x_wconf 88' lang='lat' dir='ltr'><strong>bellicas</strong></span> <span class='ocrx_word' id='word_1_724' title='bbox 2750 4590 2887 4658; x_wconf 84' lang='lat' dir='ltr'><strong>geri,</strong></span> <span class='ocrx_word' id='word_1_725' title='bbox 2915 4588 3131 4642; x_wconf 86' lang='lat' dir='ltr'><strong>tandem</strong></span> <span class='ocrx_word' id='word_1_726' title='bbox 3164 4586 3392 4657; x_wconf 78' lang='lat' dir='ltr'><strong>neglecd</strong></span> 
     </span>
    </p>
   </div>
   <div class='ocr_carea' id='block_1_100' title="bbox 1825 4678 3397 4751">
    <p class='ocr_par' dir='ltr' id='par_1_100' title="bbox 1825 4678 3397 4751">
     <span class='ocr_line' id='line_1_100' title="bbox 1825 4678 3397 4751; baseline -0.005 -14"><span class='ocrx_word' id='word_1_727' title='bbox 1825 4682 2035 4737; x_wconf 91' lang='lat' dir='ltr'><strong>consilii</strong></span> <span class='ocrx_word' id='word_1_728' title='bbox 2060 4696 2247 4751; x_wconf 68' lang='lat' dir='ltr'><strong>poenas</strong></span> <span class='ocrx_word' id='word_1_729' title='bbox 2265 4682 2430 4735; x_wconf 90' lang='lat' dir='ltr'><strong>dedit.</strong></span> <span class='ocrx_word' id='word_1_730' title='bbox 2461 4679 2591 4746; x_wconf 82' lang='lat' dir='ltr'><strong>Quae</strong></span> <span class='ocrx_word' id='word_1_731' title='bbox 2612 4695 2741 4733; x_wconf 83' lang='lat' dir='ltr'><strong>vero</strong></span> <span class='ocrx_word' id='word_1_732' title='bbox 2774 4679 3087 4733; x_wconf 79' lang='lat' dir='ltr'><strong>Philoctetes</strong></span> <span class='ocrx_word' id='word_1_733' title='bbox 3115 4690 3236 4748; x_wconf 87' lang='lat' dir='ltr'><strong>post</strong></span> <span class='ocrx_word' id='word_1_734' title='bbox 3258 4678 3397 4731; x_wconf 90' lang='lat' dir='ltr'><strong>hanc</strong></span> 
     </span>
    </p>
   </div>
   <div class='ocr_carea' id='block_1_101' title="bbox 1826 4766 3457 4844">
    <p class='ocr_par' dir='ltr' id='par_1_101' title="bbox 1826 4766 3457 4844">
     <span class='ocr_line' id='line_1_101' title="bbox 1826 4766 3457 4844; baseline -0.005 -16"><span class='ocrx_word' id='word_1_735' title='bbox 1826 4774 2109 4844; x_wconf 88' lang='lat' dir='ltr'><strong>inscripta,</strong></span> <span class='ocrx_word' id='word_1_736' title='bbox 2140 4770 2317 4828; x_wconf 84' lang='lat' dir='ltr'><strong>fusius</strong></span> <span class='ocrx_word' id='word_1_737' title='bbox 2347 4770 2462 4838; x_wconf 87' lang='lat' dir='ltr'><strong>ejus</strong></span> <span class='ocrx_word' id='word_1_738' title='bbox 2501 4770 2795 4825; x_wconf 84' lang='lat' dir='ltr'><strong>infortunia</strong></span> <span class='ocrx_word' id='word_1_739' title='bbox 2829 4779 3235 4823; x_wconf 89' lang='lat' dir='ltr'><strong>commemorat.</strong></span> <span class='ocrx_word' id='word_1_740' title='bbox 3266 4766 3396 4822; x_wconf 87' lang='lat' dir='ltr'><strong>Post</strong></span> <span class='ocrx_word' id='word_1_741' title='bbox 3454 4786 3457 4789; x_wconf 94' lang='grc'>·</span> 
     </span>
    </p>
   </div>
   <div class='ocr_carea' id='block_1_102' title="bbox 1825 4858 3391 4936">
    <p class='ocr_par' dir='ltr' id='par_1_102' title="bbox 1825 4858 3391 4936">
     <span class='ocr_line' id='line_1_102' title="bbox 1825 4858 3391 4936; baseline -0.004 -16"><span class='ocrx_word' id='word_1_742' title='bbox 1825 4883 1960 4936; x_wconf 88' lang='lat' dir='ltr'><strong>quas</strong></span> <span class='ocrx_word' id='word_1_743' title='bbox 2017 4864 2214 4920; x_wconf 83' lang='lat' dir='ltr'><strong>Nessus</strong></span> <span class='ocrx_word' id='word_1_744' title='bbox 2273 4873 2322 4919; x_wconf 86' lang='lat' dir='ltr'><strong>et</strong></span> <span class='ocrx_word' id='word_1_745' title='bbox 2372 4863 2659 4934; x_wconf 86' lang='lat' dir='ltr'><strong>Dejaneira</strong></span> <span class='ocrx_word' id='word_1_746' title='bbox 2712 4860 2854 4933; x_wconf 66' lang='lat' dir='ltr'><strong>[quae</strong></span> <span class='ocrx_word' id='word_1_747' title='bbox 2906 4870 3132 4915; x_wconf 83' lang='lat' dir='ltr'><strong>vocatur</strong></span> <span class='ocrx_word' id='word_1_748' title='bbox 3194 4858 3391 4931; x_wconf 90' lang='lat' dir='ltr'><strong>oratio]</strong></span> 
     </span>
    </p>
   </div>
   <div class='ocr_carea' id='block_1_103' title="bbox 1828 4953 3389 5025">
    <p class='ocr_par' dir='ltr' id='par_1_103' title="bbox 1828 4953 3389 5025">
     <span class='ocr_line' id='line_1_103' title="bbox 1828 4953 3389 5025; baseline -0.005 -12"><span class='ocrx_word' id='word_1_749' title='bbox 1828 4962 2114 5015; x_wconf 83' lang='lat' dir='ltr'><strong>absurdius</strong></span> <span class='ocrx_word' id='word_1_750' title='bbox 2147 4962 2213 5014; x_wconf 86' lang='lat' dir='ltr'><strong>de</strong></span> <span class='ocrx_word' id='word_1_751' title='bbox 2243 4960 2309 5013; x_wconf 89' lang='lat' dir='ltr'><strong>iis</strong></span> <span class='ocrx_word' id='word_1_752' title='bbox 2341 4956 2583 5025; x_wconf 88' lang='lat' dir='ltr'><strong>obsequii</strong></span> <span class='ocrx_word' id='word_1_753' title='bbox 2629 4953 2909 5021; x_wconf 87' lang='lat' dir='ltr'><strong>cujusdam</strong></span> <span class='ocrx_word' id='word_1_754' title='bbox 2941 4967 3103 5006; x_wconf 82' lang='lat' dir='ltr'><strong>causa</strong></span> <span class='ocrx_word' id='word_1_755' title='bbox 3136 4953 3389 5015; x_wconf 82' lang='lat' dir='ltr'><strong>conficta,</strong></span> 
     </span>
    </p>
   </div>
   <div class='ocr_carea' id='block_1_104' title="bbox 1484 5094 2185 5155">
    <p class='ocr_par' dir='ltr' id='par_1_104' title="bbox 1484 5094 2185 5155">
     <span class='ocr_line' id='line_1_104' title="bbox 1484 5094 2185 5155; baseline -0.01 0"><span class='ocrx_word' id='word_1_756' title='bbox 1484 5098 1720 5155; x_wconf 68' lang='grc' dir='ltr'>νΑιιιΑι</span> <span class='ocrx_word' id='word_1_757' title='bbox 1777 5094 2185 5152; x_wconf 86' lang='lat' dir='ltr'><strong>LECTIONES.</strong></span> 
     </span>
    </p>
   </div>
   <div class='ocr_carea' id='block_1_105' title="bbox 238 5187 785 5260">
    <p class='ocr_par' dir='ltr' id='par_1_105' title="bbox 238 5187 785 5260">
     <span class='ocr_line' id='line_1_105' title="bbox 238 5187 785 5260; baseline 0.005 -19"><span class='ocrx_word' id='word_1_758' title='bbox 238 5187 418 5260; x_wconf 46' lang='grc' dir='ltr'>δίπυρί</span> <span class='ocrx_word' id='word_1_759' title='bbox 440 5192 485 5244; x_wconf 74' lang='grc' dir='ltr'><strong>Α</strong></span> <span class='ocrx_word' id='word_1_760' title='bbox 516 5208 531 5245; x_wconf 91' lang='lat'><strong>:</strong></span> <span class='ocrx_word' id='word_1_761' title='bbox 561 5189 691 5260; x_wconf 89' lang='grc' dir='ltr'>περί</span> <span class='ocrx_word' id='word_1_762' title='bbox 725 5209 785 5256; x_wconf 81' lang='grc' dir='ltr'><strong>ς.</strong></span> 
     </span>
    </p>
   </div>
   <div class='ocr_carea' id='block_1_106' title="bbox 184 5252 710 5386">
    <p class='ocr_par' dir='ltr' id='par_1_106' title="bbox 184 5252 710 5386">
     <span class='ocr_line' id='line_1_106' title="bbox 186 5252 710 5386; baseline 0.01 -78"><span class='ocrx_word' id='word_1_763' title='bbox 186 5252 219 5281; x_wconf 68' lang='grc'>⁸⁸</span> <span class='ocrx_word' id='word_1_764' title='bbox 238 5258 329 5309; x_wconf 81' lang='grc' dir='ltr'>τῶν</span> <span class='ocrx_word' id='word_1_765' title='bbox 360 5252 710 5386; x_wconf 55' lang='grc' dir='ltr'><strong>ἐΙιι.λοκτήτόυέ</strong></span> 
     </span>
     <span class='ocr_line' id='line_1_107' title="bbox 184 5321 658 5386; baseline -0.002 0"><span class='ocrx_word' id='word_1_766' title='bbox 184 5321 452 5386; x_wconf 76' lang='grc' dir='ltr'>ἧΔιάνειοα</span> <span class='ocrx_word' id='word_1_767' title='bbox 473 5333 539 5385; x_wconf 81' lang='grc' dir='ltr'><strong>Δ.</strong></span> <span class='ocrx_word' id='word_1_768' title='bbox 616 5333 658 5363; x_wconf 70' lang='grc'>⁸⁸</span> 
     </span>
    </p>
   </div>
   <div class='ocr_carea' id='block_1_107' title="bbox 200 5333 539 5401">
    <p class='ocr_par' dir='ltr' id='par_1_107' title="bbox 200 5333 539 5401">
     <span class='ocr_line' id='line_1_108' title="bbox 200 5333 539 5401; baseline 0.018 -22"><span class='ocrx_word' id='word_1_769' title='bbox 200 5333 452 5401; x_wconf 67' lang='grc' dir='ltr'>ξΔιάνειρα</span> <span class='ocrx_word' id='word_1_770' title='bbox 473 5333 539 5385; x_wconf 81' lang='grc' dir='ltr'><strong>Δ.</strong></span> 
     </span>
    </p>
   </div>
   <div class='ocr_carea' id='block_1_108' title="bbox 859 5191 1656 5263">
    <p class='ocr_par' dir='ltr' id='par_1_108' title="bbox 859 5191 1656 5263">
     <span class='ocr_line' id='line_1_109' title="bbox 859 5191 1656 5263; baseline 0 -17"><span class='ocrx_word' id='word_1_771' title='bbox 859 5191 904 5223; x_wconf 77' lang='grc'><strong>⁸¹</strong></span> <span class='ocrx_word' id='word_1_772' title='bbox 936 5193 1030 5263; x_wconf 69' lang='grc' dir='ltr'>καὶ</span> <span class='ocrx_word' id='word_1_773' title='bbox 1051 5207 1160 5246; x_wconf 92' lang='lat' dir='ltr'><strong>om.</strong></span> <span class='ocrx_word' id='word_1_774' title='bbox 1188 5194 1253 5247; x_wconf 87' lang='lat' dir='ltr'><strong>A.</strong></span> <span class='ocrx_word' id='word_1_775' title='bbox 1326 5194 1374 5225; x_wconf 79' lang='lat'>&quot;</span> <span class='ocrx_word' id='word_1_776' title='bbox 1398 5193 1576 5263; x_wconf 83' lang='grc' dir='ltr'>ἀρχήν</span> <span class='ocrx_word' id='word_1_777' title='bbox 1597 5211 1656 5256; x_wconf 83' lang='grc' dir='ltr'><strong>ς.</strong></span> 
     </span>
    </p>
   </div>
   <div class='ocr_carea' id='block_1_109' title="bbox 716 5332 1071 5405">
    <p class='ocr_par' dir='ltr' id='par_1_109' title="bbox 716 5332 1071 5405">
     <span class='ocr_line' id='line_1_110' title="bbox 716 5332 1071 5405; baseline 0 -19"><span class='ocrx_word' id='word_1_778' title='bbox 716 5332 734 5405; x_wconf 95' lang='lat'>]</span> <span class='ocrx_word' id='word_1_779' title='bbox 762 5335 794 5403; x_wconf 84' lang='grc' dir='ltr'>ὴ</span> <span class='ocrx_word' id='word_1_780' title='bbox 823 5348 962 5387; x_wconf 91' lang='lat' dir='ltr'><strong>corr.</strong></span> <span class='ocrx_word' id='word_1_781' title='bbox 1006 5335 1071 5386; x_wconf 80' lang='grc' dir='ltr'>Α.</span> 
     </span>
    </p>
   </div>
   <div class='ocr_carea' id='block_1_110' title="bbox 1730 5190 2285 5245">
    <p class='ocr_par' dir='ltr' id='par_1_110' title="bbox 1730 5190 2285 5245">
     <span class='ocr_line' id='line_1_111' title="bbox 1730 5190 2285 5245; baseline -0.005 0"><span class='ocrx_word' id='word_1_782' title='bbox 1730 5192 1775 5225; x_wconf 72' lang='grc'><strong>’⁵³</strong></span> <span class='ocrx_word' id='word_1_783' title='bbox 1797 5192 1889 5245; x_wconf 76' lang='grc' dir='ltr'><strong>καὶ</strong></span> <span class='ocrx_word' id='word_1_784' title='bbox 1916 5192 2039 5244; x_wconf 88' lang='lat' dir='ltr'><strong>add.</strong></span> <span class='ocrx_word' id='word_1_785' title='bbox 2073 5190 2135 5242; x_wconf 85' lang='lat' dir='ltr'><strong>A.</strong></span> <span class='ocrx_word' id='word_1_786' title='bbox 2240 5190 2285 5220; x_wconf 76' lang='lat'><strong>“</strong></span> 
     </span>
    </p>
   </div>
   <div class='ocr_carea' id='block_1_111' title="bbox 768 5261 2161 5335">
    <p class='ocr_par' dir='ltr' id='par_1_111' title="bbox 768 5261 2161 5335">
     <span class='ocr_line' id='line_1_112' title="bbox 768 5261 2161 5335; baseline 0 -22"><span class='ocrx_word' id='word_1_787' title='bbox 768 5262 887 5316; x_wconf 87' lang='lat' dir='ltr'><strong>libri</strong></span> <span class='ocrx_word' id='word_1_788' title='bbox 939 5262 1047 5315; x_wconf 88' lang='grc' dir='ltr'><strong>τῶν</strong></span> <span class='ocrx_word' id='word_1_789' title='bbox 1075 5263 1418 5335; x_wconf 86' lang='grc' dir='ltr'>Ἐπικτήτου.</span> <span class='ocrx_word' id='word_1_790' title='bbox 1443 5261 1452 5263; x_wconf 53' lang='grc'>⁷</span> <span class='ocrx_word' id='word_1_791' title='bbox 1477 5261 1539 5296; x_wconf 46' lang='grc'><strong>⁷⁸⁸</strong></span> <span class='ocrx_word' id='word_1_792' title='bbox 1562 5264 1618 5317; x_wconf 84' lang='grc' dir='ltr'><strong>δέ</strong></span> <span class='ocrx_word' id='word_1_793' title='bbox 1665 5280 1747 5328; x_wconf 84' lang='grc' dir='ltr'><strong>τις</strong></span> <span class='ocrx_word' id='word_1_794' title='bbox 1774 5264 1818 5314; x_wconf 79' lang='grc' dir='ltr'>Α</span> <span class='ocrx_word' id='word_1_795' title='bbox 1851 5279 1866 5314; x_wconf 89' lang='lat'><strong>:</strong></span> <span class='ocrx_word' id='word_1_796' title='bbox 1898 5278 1981 5323; x_wconf 90' lang='grc' dir='ltr'><strong>τις</strong></span> <span class='ocrx_word' id='word_1_797' title='bbox 2011 5261 2068 5313; x_wconf 86' lang='grc' dir='ltr'><strong>δέ</strong></span> <span class='ocrx_word' id='word_1_798' title='bbox 2101 5277 2161 5322; x_wconf 76' lang='grc' dir='ltr'><strong>ς.</strong></span> 
     </span>
    </p>
   </div>
   <div class='ocr_carea' id='block_1_112' title="bbox 2319 5188 2813 5259">
    <p class='ocr_par' dir='ltr' id='par_1_112' title="bbox 2319 5188 2813 5259">
     <span class='ocr_line' id='line_1_113' title="bbox 2319 5188 2813 5259; baseline 0.002 -20"><span class='ocrx_word' id='word_1_799' title='bbox 2319 5190 2414 5259; x_wconf 82' lang='grc' dir='ltr'>τῆς</span> <span class='ocrx_word' id='word_1_800' title='bbox 2472 5189 2743 5258; x_wconf 72' lang='grc' dir='ltr'>πατρικῆς</span> <span class='ocrx_word' id='word_1_801' title='bbox 2770 5188 2813 5240; x_wconf 84' lang='grc' dir='ltr'>Α</span> 
     </span>
    </p>
   </div>
   <div class='ocr_carea' id='block_1_113' title="bbox 2238 5258 2721 5321">
    <p class='ocr_par' dir='ltr' id='par_1_113' title="bbox 2238 5258 2721 5321">
     <span class='ocr_line' id='line_1_114' title="bbox 2238 5258 2721 5321; baseline 0 -10"><span class='ocrx_word' id='word_1_802' title='bbox 2238 5260 2282 5291; x_wconf 71' lang='grc'><strong>⁸⁷</strong></span> <span class='ocrx_word' id='word_1_803' title='bbox 2306 5258 2629 5312; x_wconf 86' lang='grc' dir='ltr'>ἐπιδεικνύει</span> <span class='ocrx_word' id='word_1_804' title='bbox 2661 5275 2721 5321; x_wconf 82' lang='grc' dir='ltr'><strong>ς.</strong></span> 
     </span>
    </p>
   </div>
   <div class='ocr_carea' id='block_1_114' title="bbox 2869 5188 3390 5257">
    <p class='ocr_par' dir='ltr' id='par_1_114' title="bbox 2869 5188 3390 5257">
     <span class='ocr_line' id='line_1_115' title="bbox 2869 5188 3390 5257; baseline 0 -18"><span class='ocrx_word' id='word_1_805' title='bbox 2869 5205 2883 5239; x_wconf 92' lang='lat'><strong>:</strong></span> <span class='ocrx_word' id='word_1_806' title='bbox 2931 5188 3309 5257; x_wconf 81' lang='grc' dir='ltr'>πνευματικῆς</span> <span class='ocrx_word' id='word_1_807' title='bbox 3329 5204 3390 5257; x_wconf 74' lang='grc' dir='ltr'><strong>ς.</strong></span> 
     </span>
    </p>
   </div>
   <div class='ocr_carea' id='block_1_115' title="bbox 2824 5256 3390 5328">
    <p class='ocr_par' dir='ltr' id='par_1_115' title="bbox 2824 5256 3390 5328">
     <span class='ocr_line' id='line_1_116' title="bbox 2824 5256 3390 5328; baseline 0.004 -19"><span class='ocrx_word' id='word_1_808' title='bbox 2824 5256 2868 5288; x_wconf 77' lang='grc'><strong>⁸⁸</strong></span> <span class='ocrx_word' id='word_1_809' title='bbox 2902 5260 3000 5310; x_wconf 73' lang='grc' dir='ltr'><strong>καὶ</strong></span> <span class='ocrx_word' id='word_1_810' title='bbox 3026 5260 3058 5328; x_wconf 81' lang='grc' dir='ltr'><strong>ή</strong></span> <span class='ocrx_word' id='word_1_811' title='bbox 3078 5256 3390 5328; x_wconf 84' lang='grc' dir='ltr'>Δηϊάνειρα]</span> 
     </span>
    </p>
   </div>
   <div class='ocr_carea' id='block_1_116' title="bbox 1624 5419 1857 5476">
    <p class='ocr_par' dir='ltr' id='par_1_116' title="bbox 1624 5419 1857 5476">
     <span class='ocr_line' id='line_1_117' title="bbox 1624 5419 1857 5476; baseline 0 -1"><span class='ocrx_word' id='word_1_812' title='bbox 1624 5419 1857 5476; x_wconf 64' lang='lat' dir='ltr'><strong>NOTAE.</strong></span> 
     </span>
    </p>
   </div>
   <div class='ocr_carea' id='block_1_117' title="bbox 237 5508 1719 5581">
    <p class='ocr_par' dir='ltr' id='par_1_117' title="bbox 237 5508 1719 5581">
     <span class='ocr_line' id='line_1_118' title="bbox 237 5508 1719 5581; baseline 0 -15"><span class='ocrx_word' id='word_1_813' title='bbox 237 5508 304 5575; x_wconf 76' lang='lat' dir='ltr'><strong>(-I)</strong></span> <span class='ocrx_word' id='word_1_814' title='bbox 322 5511 425 5567; x_wconf 91' lang='lat' dir='ltr'><strong>lmo</strong></span> <span class='ocrx_word' id='word_1_815' title='bbox 449 5526 640 5569; x_wconf 86' lang='lat' dir='ltr'><strong>contra</strong></span> <span class='ocrx_word' id='word_1_816' title='bbox 653 5514 902 5570; x_wconf 88' lang='lat' dir='ltr'><strong>Photium</strong></span> <span class='ocrx_word' id='word_1_817' title='bbox 921 5516 1058 5569; x_wconf 78' lang='lat' dir='ltr'><strong>dixit</strong></span> <span class='ocrx_word' id='word_1_818' title='bbox 1077 5515 1196 5581; x_wconf 91' lang='lat' dir='ltr'><strong>Dio,</strong></span> <span class='ocrx_word' id='word_1_819' title='bbox 1220 5515 1493 5575; x_wconf 83' lang='lat' dir='ltr'><strong>Laudasse</strong></span> <span class='ocrx_word' id='word_1_820' title='bbox 1519 5530 1577 5569; x_wconf 91' lang='lat' dir='ltr'><strong>se</strong></span> <span class='ocrx_word' id='word_1_821' title='bbox 1598 5514 1719 5567; x_wconf 88' lang='lat' dir='ltr'><strong>Dio-</strong></span> 
     </span>
    </p>
   </div>
   <div class='ocr_carea' id='block_1_118' title="bbox 184 5576 1710 5699">
    <p class='ocr_par' dir='ltr' id='par_1_118' title="bbox 184 5576 1710 5699">
     <span class='ocr_line' id='line_1_119' title="bbox 184 5576 1710 5699; baseline -0.041 -1"><span class='ocrx_word' id='word_1_822' title='bbox 184 5576 370 5699; x_wconf 49' lang='lat' dir='ltr'><strong>tqeonrium&#39;</strong></span> <span class='ocrx_word' id='word_1_823' title='bbox 402 5598 525 5638; x_wconf 68' lang='lat' dir='ltr'><strong>cum</strong></span> <span class='ocrx_word' id='word_1_824' title='bbox 553 5602 672 5655; x_wconf 50' lang='lat' dir='ltr'><strong>qua</strong></span> <span class='ocrx_word' id='word_1_825' title='bbox 720 5587 861 5641; x_wconf 72' lang='lat' dir='ltr'><strong>hunc</strong></span> <span class='ocrx_word' id='word_1_826' title='bbox 897 5576 1223 5656; x_wconf 64' lang='lat' dir='ltr'><strong>Pratdtcarat</strong></span> <span class='ocrx_word' id='word_1_827' title='bbox 1252 5587 1492 5640; x_wconf 86' lang='lat' dir='ltr'><strong>laudavit</strong></span> <span class='ocrx_word' id='word_1_828' title='bbox 1516 5587 1710 5639; x_wconf 86' lang='lat' dir='ltr'><strong>civita-</strong></span> 
     </span>
    </p>
   </div>
   <div class='ocr_carea' id='block_1_119' title="bbox 241 5716 1714 5795">
    <p class='ocr_par' dir='ltr' id='par_1_119' title="bbox 241 5716 1714 5795">
     <span class='ocr_line' id='line_1_120' title="bbox 241 5716 1714 5795; baseline -0.003 -14"><span class='ocrx_word' id='word_1_829' title='bbox 241 5716 482 5795; x_wconf 45' lang='lat'><strong>(5)119“</strong></span> <span class='ocrx_word' id='word_1_830' title='bbox 548 5723 831 5795; x_wconf 89' lang='lat' dir='ltr'><strong>Sophoclis</strong></span> <span class='ocrx_word' id='word_1_831' title='bbox 888 5724 1232 5781; x_wconf 86' lang='lat' dir='ltr'><strong>Philocteten.</strong></span> <span class='ocrx_word' id='word_1_832' title='bbox 1284 5724 1419 5779; x_wconf 79' lang='lat' dir='ltr'><strong>Nam</strong></span> <span class='ocrx_word' id='word_1_833' title='bbox 1469 5724 1714 5794; x_wconf 67' lang='lat' dir='ltr'><strong>Aischyli</strong></span> 
     </span>
    </p>
   </div>
   <div class='ocr_carea' id='block_1_120' title="bbox 185 5792 1710 5865">
    <p class='ocr_par' dir='ltr' id='par_1_120' title="bbox 185 5792 1710 5865">
     <span class='ocr_line' id='line_1_121' title="bbox 185 5792 1710 5865; baseline 0.003 -23"><span class='ocrx_word' id='word_1_834' title='bbox 185 5793 324 5855; x_wconf 68' lang='lat' dir='ltr'><strong>autne</strong></span> <span class='ocrx_word' id='word_1_835' title='bbox 369 5792 638 5864; x_wconf 73' lang='lat' dir='ltr'><strong>Euripidis</strong></span> <span class='ocrx_word' id='word_1_836' title='bbox 684 5796 1031 5861; x_wconf 86' lang='lat' dir='ltr'><strong>intercidere,</strong></span> <span class='ocrx_word' id='word_1_837' title='bbox 1071 5806 1126 5852; x_wconf 90' lang='lat' dir='ltr'><strong>et</strong></span> <span class='ocrx_word' id='word_1_838' title='bbox 1173 5795 1331 5865; x_wconf 86' lang='lat' dir='ltr'><strong>hujus</strong></span> <span class='ocrx_word' id='word_1_839' title='bbox 1362 5812 1480 5850; x_wconf 75' lang='lat' dir='ltr'><strong>niox</strong></span> <span class='ocrx_word' id='word_1_840' title='bbox 1541 5792 1710 5848; x_wconf 70' lang='grc' dir='ltr'>ιιι)δίιὶ</span> 
     </span>
    </p>
   </div>
   <div class='ocr_carea' id='block_1_121' title="bbox 1825 5511 3393 5593">
    <p class='ocr_par' dir='ltr' id='par_1_121' title="bbox 1825 5511 3393 5593">
     <span class='ocr_line' id='line_1_122' title="bbox 1825 5511 3393 5593; baseline 0.001 -28"><span class='ocrx_word' id='word_1_841' title='bbox 1825 5512 2146 5593; x_wconf 51' lang='lat' dir='ltr'><strong>Philoctetae</strong></span> <span class='ocrx_word' id='word_1_842' title='bbox 2168 5513 2413 5569; x_wconf 90' lang='lat' dir='ltr'><strong>meminit</strong></span> <span class='ocrx_word' id='word_1_843' title='bbox 2447 5528 2665 5584; x_wconf 91' lang='lat' dir='ltr'><strong>quoque</strong></span> <span class='ocrx_word' id='word_1_844' title='bbox 2695 5512 2765 5567; x_wconf 85' lang='lat' dir='ltr'><strong>M.</strong></span> <span class='ocrx_word' id='word_1_845' title='bbox 2812 5513 3021 5567; x_wconf 85' lang='lat' dir='ltr'><strong>Tullius</strong></span> <span class='ocrx_word' id='word_1_846' title='bbox 3056 5511 3209 5565; x_wconf 83' lang='lat' dir='ltr'><strong>Tusc.</strong></span> <span class='ocrx_word' id='word_1_847' title='bbox 3245 5523 3307 5579; x_wconf 87' lang='grc' dir='ltr'><strong>ιι,</strong></span> <span class='ocrx_word' id='word_1_848' title='bbox 3337 5522 3393 5568; x_wconf 90' lang='lat' dir='ltr'><strong>et</strong></span> 
     </span>
    </p>
   </div>
   <div class='ocr_carea' id='block_1_122' title="bbox 1824 5584 3388 5723">
    <p class='ocr_par' dir='ltr' id='par_1_122' title="bbox 1824 5584 3388 5723">
     <span class='ocr_line' id='line_1_123' title="bbox 1824 5584 2169 5640; baseline 0.014 -5"><span class='ocrx_word' id='word_1_849' title='bbox 1824 5584 1896 5637; x_wconf 90' lang='lat' dir='ltr'><strong>ibi</strong></span> <span class='ocrx_word' id='word_1_850' title='bbox 1922 5584 2169 5640; x_wconf 85' lang='lat' dir='ltr'><strong>Beroald.</strong></span> 
     </span>
     <span class='ocr_line' id='line_1_124' title="bbox 1897 5651 3388 5723; baseline -0.003 -15"><span class='ocrx_word' id='word_1_851' title='bbox 1897 5654 1999 5723; x_wconf 81' lang='lat'><strong>(5‘)</strong></span> <span class='ocrx_word' id='word_1_852' title='bbox 2030 5654 2323 5708; x_wconf 91' lang='lat' dir='ltr'><strong>IIesiodnm</strong></span> <span class='ocrx_word' id='word_1_853' title='bbox 2347 5651 2599 5709; x_wconf 86' lang='lat' dir='ltr'><strong>Chironis</strong></span> <span class='ocrx_word' id='word_1_854' title='bbox 2621 5654 2686 5707; x_wconf 86' lang='lat' dir='ltr'><strong>ad</strong></span> <span class='ocrx_word' id='word_1_855' title='bbox 2710 5652 2973 5706; x_wconf 84' lang='lat' dir='ltr'><strong>Achillem</strong></span> <span class='ocrx_word' id='word_1_856' title='bbox 3001 5652 3388 5707; x_wconf 82' lang='lat' dir='ltr'><strong>instituendum</strong></span> 
     </span>
    </p>
   </div>
   <div class='ocr_carea' id='block_1_123' title="bbox 1822 5724 3386 5793">
    <p class='ocr_par' dir='ltr' id='par_1_123' title="bbox 1822 5724 3386 5793">
     <span class='ocr_line' id='line_1_125' title="bbox 1822 5724 3386 5793; baseline -0.004 -14"><span class='ocrx_word' id='word_1_857' title='bbox 1822 5724 2247 5793; x_wconf 70' lang='lat' dir='ltr'><strong>Prteceptionem</strong></span> <span class='ocrx_word' id='word_1_858' title='bbox 2292 5724 2578 5793; x_wconf 86' lang='lat' dir='ltr'><strong>scripsisse</strong></span> <span class='ocrx_word' id='word_1_859' title='bbox 2634 5739 2698 5775; x_wconf 81' lang='lat' dir='ltr'><strong>ex</strong></span> <span class='ocrx_word' id='word_1_860' title='bbox 2756 5724 3057 5790; x_wconf 87' lang='lat' dir='ltr'><strong>aliquorum</strong></span> <span class='ocrx_word' id='word_1_861' title='bbox 3118 5724 3386 5777; x_wconf 75' lang='lat' dir='ltr'><strong>sententia</strong></span> 
     </span>
    </p>
   </div>
   <div class='ocr_carea' id='block_1_124' title="bbox 1823 5791 2317 5849">
    <p class='ocr_par' dir='ltr' id='par_1_124' title="bbox 1823 5791 2317 5849">
     <span class='ocr_line' id='line_1_126' title="bbox 1823 5791 2317 5849; baseline -0.004 0"><span class='ocrx_word' id='word_1_862' title='bbox 1823 5791 2057 5849; x_wconf 82' lang='lat' dir='ltr'><strong>Pausan.</strong></span> <span class='ocrx_word' id='word_1_863' title='bbox 2096 5791 2317 5849; x_wconf 68' lang='lat' dir='ltr'><strong>Bactic.</strong></span> 
     </span>
    </p>
   </div>
  </div>
