4038 6412
600 383 616 415 "
631 377 733 442 tibi
1738 383 1998 444 PHOTII
2037 377 2222 442 PATF

2330 375 2546 436 RCH/E
2585 375 2696 438 (ΖΡ.
3778 387 3860 450 688

605 497 693 547 εἰη
729 491 926 549 seriem
960 493 1245 562 quamdam
1284 497 1444 562 atque
1471 492 1716 549 ordinem
1743 495 2020 551 meliorem
2056 494 2211 548 vide-

2330 490 2582 558 Χρυσηῒς
2611 487 2831 551 ἔπαινός
2858 488 2979 540 ἐστι
3005 481 3327 561 Χρυσηΐδος.
3375 489 3435 544 Ὀ
3457 491 3512 545 δὲ
3559 495 3690 564 Περὶ
3710 498 3857 561 βασι.

639 593 728 638 tur
764 584 1082 640 reformare.
1117 584 1362 655 Chryseis
1391 584 1544 653 [item
1569 586 1712 642 dicta
1742 585 1941 657 oratio]
1979 584 2215 639 laudatio

2330 581 2486 646 λείας
2529 580 2625 634 καὶ
2684 578 3038 647 τυραννίδος
3096 581 3227 652 περὶ
3282 581 3466 636 αὐτῶν
3514 585 3711 639 τούτων
3761 589 3860 644 δια-

643 677 959 748 Chryseidis
979 687 1080 732 est.
1113 678 1188 733 De
1203 695 1360 749 regno
1377 693 1508 734 vero
1534 687 1585 734 et
1614 679 1896 749 tyrannide
1922 675 2121 738 oratio,
2148 677 2216 730 de

2330 671 2604 743 λαμϐάνει.
2649 673 2758 725 Καὶ
2803 673 2853 725 οί
2907 671 3108 743 ἐφεξῆς
3147 672 3205 728 δέ
3255 673 3306 742 γ’
3349 675 3491 744 Περὶ
3517 677 3698 746 τύχης
3739 679 3862 750 λόγοι

646 769 730 825 his
749 769 876 838 ipsis
892 769 1132 836 disserit,
1165 779 1224 822 ut
1254 780 1364 826 tres
1391 770 1647 840 deinceps
1666 777 1961 838 sequentes
1986 766 2061 821 De
2078 765 2215 820 For-

2330 763 2578 836 χαρίεντά
2604 765 2831 819 τινακαὶ
2849 763 3167 834 φιλοσοφίας
3188 765 3303 837 ἅμα
3327 767 3562 838 ἐχόμενα
3578 769 3741 841 θεωρὴ
3749 791 3864 843 ματα

643 869 773 909 tuna
813 868 1000 926 gratas
1051 857 1209 912 simul
1262 873 1325 912 ac
1373 858 1778 927 philosophicas
1836 855 2216 910 meditationes

2330 858 2693 914 Βιατυποῦσιν.
2764 859 3041 921 Ὡσαύτως
3085 859 3182 913 καὶ
3222 861 3272 914 οί
3319 859 3462 932 μετὰ
3489 861 3703 925 τούτους
3749 867 3862 934 Περὶ

641 948 917 1001 exhibent.
948 947 1028 1000 Ad
1053 949 1300 1000 eumdem
1360 948 1602 1012 modum,
1631 963 1752 1017 qua:
1780 948 1878 1001 has
1915 945 2214 1016 excipiunt,

2330 949 2505 1018 δόξης
2534 957 2581 1020 γ’
2604 951 2753 1019 λόγοι
2776 949 3312 1020 συμϐουλεύουσικαὶ
3340 951 3664 1022 παραινοῦσι
3696 956 3865 1026 μηδένα

643 1038 863 1091 totidem
914 1037 988 1091 De
1015 1037 1184 1108 gloria
1231 1039 1542 1102 orationes,
1608 1041 1839 1094 suadent
1888 1047 1944 1091 et
1993 1046 2215 1091 monent

2330 1041 2474 1112 λόγον
2507 1047 2607 1116 τῆς
2629 1045 2737 1097 τῶν
2767 1043 2977 1097 πολλῶν
2997 1043 3154 1114 δόξης
3183 1044 3462 1098 ποιεῖσθαι
3486 1061 3502 1077 ·
3533 1046 3669 1099 καλὰ
3693 1047 3743 1101 δὲ
3790 1051 3865 1103 καὶ

2317 1136 2570 1206 ὠφέλιμα
2598 1139 2666 1207 τῇ
2700 1136 3022 1207 παραινέσει
3057 1136 3510 1191 συνδιαπλέκεται
3549 1138 3862 1210 θεωρήματα.

2322 1229 2449 1300 [557
2474 1228 2568 1300 It]
2611 1227 2672 1283 Ὀ
2693 1228 2750 1282 δὲ
2783 1227 2888 1282 NB'
2907 1229 3043 1298 Περὶ
3066 1228 3286 1298 ἀρετῆς
3308 1231 3405 1283 καὶ
3428 1230 3868 1302 ἐπιγράφεταικαι

2317 1323 2476 1377 δίεισι
2510 1324 2578 1380 ⁸⁸.
2607 1323 2747 1393 Περὶ
2772 1325 3137 1394 φιλοσοφίας
3160 1323 3214 1376 δέ
3255 1327 3402 1378 ἐστιν
3431 1326 3461 1378 6
3494 1324 3547 1378 I"
3574 1325 3664 1378 καὶ
3693 1326 3767 1381 Ν’.
3820 1329 3866 1378 '0

2318 1415 2376 1468 δὲ
2434 1416 2478 1446 ⁸¹
2531 1413 2636 1468 NA'
2671 1415 2810 1485 Περὶ
2858 1415 2967 1469 τοῦ
3003 1417 3368 1486 φιλοσόφου.
3415 1417 3474 1470 '0
3518 1416 3574 1470 δὲ
3600 1415 3759 1472 Ε’καὶ
3798 1417 3865 1482 N',

2321 1506 2458 1573 Περὶ
2491 1506 2598 1560 τοῦ
2627 1507 2940 1576 σχήματος
2974 1508 3486 1578 ἐπιγεγραμμένος,
3521 1507 3774 1562 δείκνυσιν
3806 1511 3866 1571 ὼς

2320 1599 2381 1651 οὐ
2407 1597 2598 1667 χιτῶνι
2639 1600 2732 1652 καὶ
2759 1598 3069 1669 ὑποδήματι
3102 1599 3410 1668 φιλοσόφων
3438 1602 3467 1654 6
3501 1617 3864 1671 κατεσχηματι-

2323 1690 2518 1761 σμένος
2532 1691 2576 1722 ⁵¹
2607 1691 2732 1762 ήδη,
2763 1691 2968 1744 καὶτὸν
2995 1690 3108 1762 βίον
3135 1691 3428 1762 φιλόσοφός
3461 1695 3625 1746 ἐστιν.
3666 1693 3721 1744 '0
3745 1693 3792 1746 δὲ
3811 1692 3863 1760 ς

2322 1783 2416 1834 καὶ
2440 1782 2522 1849 N',
2542 1783 2678 1851 Περὶ
2693 1783 2953 1848 πίστεως
2967 1785 3282 1856 ἐπιγραφῆς
3300 1782 3502 1854 τυχὼν,
3521 1785 3608 1837 καὶ
3633 1785 3660 1837 6
3676 1784 3858 1854 ἐφεξῆς,

641 1133 1094 1184 «ιοηιειιιηιθιιιιαιη
1150 1146 1271 1187 esse
1320 1132 1463 1202 vulgi
1515 1132 1794 1202 gloriam:
1834 1132 1924 1185 ubi
1978 1128 2218 1198 pulchra:

637 1221 804 1275 simul
853 1233 907 1276 et
952 1223 1106 1277 utiles
1163 1223 1628 1280 considerationes
1691 1224 1834 1278 inter
1888 1219 2215 1277 hortandum

634 1313 960 1368 miscentur.
992 1312 1100 1367 LII.
1132 1314 1208 1367 De
1228 1316 1418 1370 virtute
1441 1325 1495 1370 et
1524 1315 1862 1378 inscribitur,
1887 1324 1940 1368 et
1975 1313 2215 1367 disserit.

632 1404 774 1461 LIII.
807 1405 930 1477 Agit
963 1407 1036 1460 De
1063 1407 1418 1477 philosophia,
1453 1419 1509 1462 ut
1541 1405 1677 1463 LIV.
1703 1407 1779 1461 De
1791 1406 2120 1474 philosopho.
2149 1406 2219 1457 At

639 1493 752 1556 LV.
787 1499 861 1552 De
908 1501 1090 1554 habitu
1150 1502 1401 1570 cultuque
1456 1501 1694 1569 corporis
1728 1500 2008 1567 inscripta,
2061 1501 2221 1551 docet

639 1607 746 1645 non
781 1591 850 1645 ob
897 1592 1132 1646 tunicam
1177 1609 1299 1648 mox
1347 1602 1402 1646 et
1474 1591 1689 1646 calceos
1741 1591 2211 1660 philosophorum,

641 1699 817 1752 neque
851 1684 919 1738 ob
979 1694 1259 1738 extis-ruam
1301 1684 1478 1739 cultus
1533 1685 1766 1752 speciem
1840 1683 2217 1752 philosophum

639 1790 963 1844 quemquam
1005 1775 1525 1842 essejudicandum.
1584 1775 1721 1830 LVI.
1751 1775 1825 1829 De
1860 1775 2058 1844 ﬁducia
2089 1776 2215 1825 titti-

2253 1839 2292 1894 Β

640 1868 749 1922 lum
780 1868 1035 1934 sortitur;
1067 1877 1124 1922 ut
1151 1878 1333 1922 contra
1370 1869 1493 1922 huic
1524 1870 1767 1938 proxima
1798 1867 1871 1920 De
1893 1867 2211 1937 difﬁdentia.

641 1962 882 2019 Suadent
936 1966 1017 2017 liae
1067 1963 1369 2017 cavendmn
1429 1964 1514 2016 cui
1558 1963 1711 2027 lidas,
1757 1971 1850 2014 aut
1905 1970 1955 2014 te
2000 1969 2209 2022 credas;

641 2069 710 2109 ne
742 2054 809 2108 iis
843 2053 1083 2122 quidem,
1147 2052 1238 2120 qui
1290 2051 1372 2105 vel
1425 2052 1664 2105 maxime
1723 2063 1908 2103 amare
1943 2047 2210 2102 videntur.

641 2147 838 2202 Multos
869 2145 1012 2200 enim
1040 2143 1162 2198 aliis
1189 2143 1422 2198 conlisos
1457 2145 1510 2198 in
1559 2158 1810 2213 magnam
1840 2141 2094 2196 incidisse
2120 2155 2212 2193 ca-

643 2241 940 2294 lamitatem
980 2255 995 2291 :
1033 2253 1156 2291 cum
1201 2235 1491 2291 diliidentia
1520 2234 1742 2289 munitis
1773 2233 2057 2288 manifesta
2083 2247 2215 2285 con-

646 2331 828 2401 tigerit
875 2329 1042 2384 salus.
1087 2329 1193 2382 Sed
1229 2328 1344 2382 haec
1391 2327 1608 2397 quidem
1668 2326 1755 2380 illa
1801 2325 1878 2379 De
1932 2325 2217 2395 diﬁidentia

642 2424 843 2478 oratio.
871 2421 1192 2477 Praecedens
1223 2422 1367 2475 enim
1417 2420 1698 2483 edisserit,
1742 2417 1994 2472 ﬁduciam
2025 2430 2216 2485 magna

646 2526 704 2572 ut
732 2516 1021 2586 plurimum
1052 2513 1245 2584 1680
1277 2514 1470 2568 damna
1519 2511 1918 2566 conlidentibus
1947 2510 2214 2563 attulisse.

642 2612 1032 2679 Argumentum
1085 2607 1277 2660 deinde
1328 2603 1588 2658 orationis
1640 2601 1817 2656 LVIII.
1855 2601 1998 2672 quod
2063 2602 2219 2654 docet

648 2699 951 2768 inscriptio,
984 2697 1059 2750 De
1095 2699 1202 2767 lege
1236 2709 1341 2762 est,
1391 2705 1444 2747 ut
1473 2705 1526 2748 et
1573 2696 1912 2763 insequentis
1962 2693 2094 2747 LIX.
2148 2693 2220 2746 De

647 2792 1019 2846 consuetudine
1057 2807 1070 2843 :
1102 2805 1260 2858 quam
1291 2789 1525 2857 lquidem
1565 2786 1898 2839 tantumdem
1939 2792 2216 2851 praestare,

647 2894 908 2954 quantum
943 2882 1024 2935 Iex
1073 2882 1229 2944 solet,
1263 2879 1520 2941 ostendit,
1567 2881 1662 2931 sed
1696 2895 1817 2931 cum
1863 2878 2139 2944 voluptate
2171 2875 2218 2927 id

647 2976 829 3043 potius
860 2983 1022 3040 atque
1052 2973 1391 3031 inductione,
1425 2987 1585 3040 quam
1619 2971 1704 3033 vi,
1750 2969 2027 3038 multoque
2066 2983 2222 3020 secu—

649 3067 782 3120 rius.
809 3065 934 3118 Duae
965 3079 1092 3118 vero
1125 3065 1424 3127 orationes,
1458 3079 1577 3132 quae
1605 3072 1927 3131 sequuntur,
1967 3060 2038 3113 De
2084 3061 2220 3112 invi-

649 3158 736 3209 dia
770 3166 956 3224 agunt,
996 3167 1052 3207 ut
1107 3154 1265 3208 LXII.
1307 3155 1379 3208 De
1419 3155 1642 3218 divitiis,
1687 3169 1911 3220 quarum
1949 3152 2223 3204 molestias

652 3261 812 3318 atque
838 3251 1060 3304 insidias
1094 3252 1164 3303 ita
1199 3251 1450 3302 Omnibus
1483 3259 1638 3301 notas
1670 3248 1818 3311 facit,
1863 3257 1921 3298 ut
1945 3246 2222 3299 utiliorem

652 3348 806 3415 longe
866 3359 984 3397 esse
1042 3352 1244 3397 statuat
1297 3343 1508 3408 justitia
1559 3343 1864 3394 comitatam
1939 3350 2226 3407 pauperta-

655 3454 785 3494 tem.
819 3435 1002 3492 LXIII.
1037 3433 1182 3489 Inter
1229 3433 1424 3489 Cilicas
1452 3435 1728 3488 orationes
1767 3432 1841 3485 De
1864 3432 2102 3485 libertate
2137 3432 2230 3484 ha-

653 3532 762 3585 bita
793 3528 1132 3584 inscribitur.
1171 3525 1326 3579 Illum
1367 3525 1444 3595 (6)
1481 3535 1665 3580 autem
1713 3525 1939 3578 liberum
1990 3540 2230 3596 pronun-

653 3625 771 3688 tiat,
805 3621 894 3688 qui
930 3635 1150 3674 suarum
1207 3620 1276 3673 sit
1307 3620 1554 3672 dominus
1586 3617 2073 3686 perturbationum,
2101 3615 2230 3671 alle-

653 3717 1001 3784 ctionumque
1033 3713 1222 3776 animi,
1255 3713 1466 3765 tametsi
1495 3711 1638 3766 inille
1674 3712 1789 3781 ejus
1813 3711 2026 3779 corpori
2058 3712 2228 3781 impe-

656 3815 774 3862 rent
802 3807 1040 3874 domini;
1083 3805 1230 3859 iIIum
1262 3816 1446 3858 contra
1483 3820 1738 3870 servum,
1787 3806 1878 3875 qui
1927 3805 2084 3859 malis
2119 3807 2231 3860 suis

655 3911 853 3967 parcns
874 3895 1268 3961 ati’ectionibus,
1295 3898 1610 3950 servitutem
1641 3897 1865 3962 serviat,
1893 3896 2017 3950 licet
2045 3896 2230 3951 mundi

657 3986 819 4040 totius
850 3986 1132 4055 imperium
1181 3996 1366 4040 tenere
1419 3987 1686 4041 videatur.
1719 3987 1891 4052 Quam
1923 3988 1975 4040 in
2013 3998 2225 4042 senten-

654 4079 783 4132 tiam
816 4079 1150 4147 subsequens
1205 4094 1420 4146 quoque
1475 4081 1715 4144 disserit,
1776 4078 1853 4132 De
1896 4082 2144 4134 servitute
2185 4090 2231 4131 et

654 4168 893 4221 libertate
910 4168 1167 4239 inscripta
1191 4186 1203 4222 :
1225 4179 1283 4222 ut
1300 4181 1351 4222 et
1368 4185 1622 4238 sequens,
1639 4184 1760 4239 qua:
1781 4168 1857 4224 De
1879 4170 2037 4224 servis
2063 4169 2231 4222 altera

657 4271 759 4316 est.
806 4259 940 4315 IIinc
972 4261 1043 4316 De
1067 4263 1401 4332 (egritudine,
1456 4263 1708 4316 hortatur
1737 4276 1841 4315 non
1874 4270 2126 4330 oportere
2155 4261 2232 4313 vi-

660 4369 777 4406 rum
828 4369 1147 4422 generosum
1182 4370 1244 4408 ac
1275 4354 1592 4422 prudentem
1629 4353 1769 4406 vinci
1819 4361 1912 4405 aut
1945 4351 2232 4422 perturba-

660 4446 792 4498 tioni
827 4446 1200 4508 succumbere,
1269 4444 1361 4497 sed
1394 4449 1745 4498 contemnere
1803 4445 2000 4512 potius.
2069 4452 2232 4510 atque

2325 1872 2464 1942 Περὶ
2535 1874 2860 1939 ἀπιστίας,
2917 1876 3320 1946 προτρέπονται
3398 1874 3753 1945 φυλάσσεσθαι
3817 1877 3864 1928 τὸ

2325 1964 2546 2038 θαρρεῖν
2585 1966 2678 2020 καὶ
2726 1967 3151 2020 καταπιστεύειν
3193 1969 3286 2021 καὶ
3319 1971 3433 2032 τοῖς
3464 1969 3692 2038 μάλιστα
3725 1967 3864 2036 φιλεῖν

2327 2055 2544 2108 δοκοῦσι
2571 2070 2586 2086 ’
2617 2055 2833 2120 πολλοῖς
2863 2057 2972 2129 γὰρ
2995 2059 3320 2112 πιστεύσασι
3355 2060 3454 2130 μὲν
3493 2059 3697 2130 μεγάλη
3719 2060 3863 2128 ἀπήν-

2324 2164 2456 2219 τησε
2526 2149 2804 2220 συμφορὰ,
2863 2151 3090 2223 ἀπιστίᾳ
3138 2152 3195 2204 δὲ
3253 2153 3624 2223 φραξαμένοις
3673 2151 3866 2222 λαμπρά

2326 2238 2647 2309 περιγέγονε
2667 2241 2933 2312 σωτηρία.
2958 2242 3117 2296 Ἀλλὰ
3131 2243 3306 2297 ταῦτα
3320 2246 3420 2316 μὲν
3436 2247 3463 2298 6
3479 2244 3612 2312 Περὶ
3626 2243 3865 2306 ἀπιστίας

2324 2331 2483 2400 λόγος
2504 2347 2518 2360 ⁸
2537 2333 2632 2386 ὀδέ
2664 2333 2768 2403 πρὸ
2789 2333 2953 2387 αὐτοῦ
2973 2336 3224 2400 διέξεισιν
3249 2337 3326 2398 ὡς
3346 2343 3442 2392 καὶ
3469 2339 3530 2392 τὸ
3558 2337 3867 2392 πιστεύεσθαι

2327 2419 2402 2486 ὡς
2437 2423 2644 2476 ἐπίπαν
2698 2426 2910 2494 μεγάλα
2935 2428 3064 2490 τοὺς
3119 2430 3548 2498 πιστευομένους
3579 2431 3863 2501 ἐζημίωσεν.

2340 2513 2406 2566 Ἦ
2434 2513 2479 2567 δ’
2508 2506 2763 2581 ύπὸθεσις
2798 2518 2889 2572 τοῦ
2942 2514 3051 2572 NH'
3099 2519 3284 2588 λόγου,
3341 2522 3528 2594 ὥσπερ
3577 2523 3666 2576 καὶ
3704 2523 3734 2593 ἡ
3773 2525 3867 2574 ἐπι-

2329 2606 2542 2678 γραφὴ,
2574 2608 2712 2676 Περί
2741 2609 2927 2678 νόμου
2957 2611 3102 2664 ἐστίν
3125 2629 3139 2642 ο
3187 2612 3264 2676 ὡς
3288 2614 3384 2666 καὶ
3414 2615 3447 2684 ἠ
3479 2613 3572 2667 τοῦ
3619 2613 3718 2667 ΝΘ¹
3754 2611 3863 2680 Περὶ

2328 2695 2526 2764 ἔθους,
2555 2698 2583 2749 ὂ
2613 2699 2872 2770 πράττειν
2897 2701 2995 2771 μὲν
3021 2701 3122 2757 ὅσα
3144 2705 3172 2757 6
3200 2704 3368 2774 νόμος
3393 2703 3747 2771 ἀποδείκνυσι,
3770 2704 3866 2772 μεθ’

2327 2787 2522 2858 ἡδονῆς
2555 2789 2611 2842 δέ
2649 2791 2742 2844 καὶ⁵
2782 2791 3008 2856 πειθοῦς
3057 2793 3258 2863 μᾶλλον
3304 2793 3435 2866 [2'77
3468 2787 3562 2867 11.]
3585 2795 3616 2866 ἢ
3641 2794 3764 2865 βίας,
3793 2793 3866 2846 καὶ

2330 2881 2752 2953 ἀσφαλέστερον.
2783 2884 2887 2937 Δύο
2914 2885 2971 2938 δέ
3000 2886 3049 2938 οἱ
3097 2886 3297 2956 ἐφεξῆς
3344 2886 3486 2956 Περὶ
3523 2889 3735 2957 φθόνου
3776 2885 3866 2938 δια·

2330 2972 2701 3043 λαμὸάνουσι,
2761 2979 2855 3030 καὶ
2904 2977 2932 3029 6
2990 2977 3041 3029 B'
3095 2978 3190 3032 καὶ
3233 2979 3290 3031 Ξ¹
3339 2980 3477 3048 Περὶ
3526 2979 3789 3044 πλούτου,
3818 2976 3865 3028 τὸ

2330 3066 2561 3137 ὀχληρὸν
2591 3066 2756 3120 αὐτοῦ
2780 3069 2873 3121 καὶ
2899 3068 3183 3121 ἐπίϐουλον
3215 3070 3568 3140 στηλιτεύων,
3606 3071 3690 3123 καὶ
3721 3065 3865 3135 πολλῴ

2332 3155 2779 3229 λυσιτελεστέραν
2819 3159 2983 3213 αὐτοῦ
3015 3159 3298 3230 παριστῶν
3344 3161 3445 3232 τὴν
3472 3161 3610 3229 μετὰ
3632 3157 3864 3214 δικαιοσύ-

2332 3264 2432 3317 νης
2483 3251 2694 3303 πενίαν.
2761 3251 2822 3303 ’0
2851 3252 2907 3304 δὲ
2967 3251 3140 3306 Γκαὶ
3194 3252 3247 3305 Ξ’
3272 3255 3637 3326 ἐπιγράφεται
3694 3250 3787 3306 τῶν
3820 3253 3864 3302 ἐν

2331 3337 2557 3409 Κιλικίᾳ
2605 3341 2744 3409 Περὶ
2823 3342 3200 3411 ἐλευθερίας,
3249 3347 3458 3399 ἐκεῖνον
3514 3345 3570 3398 δὲ
3628 3343 3875 3414 ἐλεύθερον

2332 3433 2598 3503 παριστᾷ,
2651 3431 2708 3494 6,-
2753 3432 2861 3484 τῶν
2900 3435 2956 3486 ἐν
2997 3435 3145 3506 αὐτῷ
3193 3435 3382 3506 κύριος
3426 3438 3510 3508 εἴη
3564 3435 3754 3500 παθῶν,
3786 3431 3864 3485 κᾶν

2335 3523 2519 3593 μυρίοι
2549 3523 2747 3589 ἔξωθεν
2772 3525 2936 3577 αὐτοῦ
2968 3527 3061 3578 τοῦ
3099 3526 3355 3598 σώματος
3380 3524 3481 3582 ὦσι
3513 3525 3865 3589 δεσπόται,καὶ

2331 3614 2516 3666 δοῦλον
2571 3617 2797 3681 ἐκεῖνον,
2855 3618 2912 3681 ὃς
2960 3620 3293 3690 ἀνδράποδόν
3349 3621 3689 3684 ἐστιπαθῶν,
3725 3621 3765 3673 εί
3793 3619 3865 3672 καὶ

2337 3708 2631 3778 συμπάσης
2663 3711 2707 3741 ⁸³
2747 3710 2932 3780 ἄρχειν
2965 3713 3061 3783 τῆς
3091 3714 3420 3785 οἰκουμένης
3456 3715 3618 3768 δοκεῖ.
3665 3715 3746 3776 Et;
3788 3709 3864 3778 τὴν

2334 3799 2504 3868 αὐτὴν
2552 3799 2596 3852 δ’
2655 3796 2985 3873 ἀναφέρεται
3033 3805 3272 3858 διάνοιαν
3313 3808 3407 3861 καὶ
3437 3808 3466 3859 6
3502 3805 3710 3876 ἐφεξῆς,
3755 3798 3867 3867 Περί

2331 3890 2611 3960 δουλείας
2648 3897 2747 3948 καί
2802 3896 3143 3966 ἐλευθερίας
3176 3901 3492 3972 ἐπιγραφὴν
3519 3899 3652 3970 έχων
3676 3914 3689 3928 ⁸
3711 3896 3863 3961 ὥσπερ

2334 3984 2426 4034 καὶ
2457 3986 2486 4036 6
2519 3984 2715 4057 ἐφεξῆς
2737 3987 2985 4058 δεύτερος
3016 3991 3154 4057 Περὶ
3199 3991 3438 4046 δούλων
3465 3991 3559 4046 ὥν.
3591 3991 3694 4046 Καὶ
3727 3985 3862 4057 ὁμετ’

2332 4072 2494 4125 αὐτὸν
2526 4074 2604 4138 δὲ,
2641 4077 2780 4144 Περὶ
2805 4079 3028 4144 λύπης,
3059 4079 3134 4141 ὡς
3167 4081 3227 4133 οὐ
3263 4083 3370 4154 χρὴ
3417 4081 3770 4153 παρεγγυᾶται
3793 4075 3867 4128 τὸν

2332 4168 2579 4230 γενναῖον
2614 4167 2710 4218 κα)⁸
2733 4167 2856 4221 νοῦν
2880 4169 3068 4239 ἔχοντα
3099 4169 3268 4243 ἄνδρα
3293 4169 3788 4227 ὑποκατακλίνεσθαι
3804 4162 3862 4232 τῷ

2332 4255 2515 4319 πάθει,
2550 4260 2810 4329 περιορᾷν
2840 4259 2897 4312 δὲ
2933 4259 3133 4330 μᾶλλον
3163 4265 3259 4316 καὶ
3279 4264 3685 4336 ἀποτρίϐεσθαι.
3733 4255 3862 4311 liciti

2331 4347 2471 4413 Περὶ
2539 4348 2918 4417 πλεονεξίας,
2972 4353 3026 4405 Z'
3061 4353 3156 4407 καὶ
3187 4354 3240 4406 Ξ’
3272 4355 3319 4386 ⁵⁸
3348 4353 3446 4419 ὢν,
3502 4347 3860 4424 ἀποτρέπεσθαι

2330 4441 2535 4509 ταύτην
2564 4444 2872 4513 παρεγγυᾷ.
2922 4444 3030 4496 Καὶ
3062 4447 3090 4497 6
3119 4446 3245 4510 EH',
3275 4447 3467 4518 ὥσπερ
3513 4446 3864 4514 ἐπιγέγραπται

657 4537 923 4591 obterere.
959 4532 1171 4608 LXVII.
1213 4532 1284 4586 De
1328 4533 1559 4586 avaritia
1601 4532 1894 4599 inscripta,
1923 4532 2099 4584 vitare
2129 4532 2222 4584 hoc

2336 4531 2473 4598 Περὶ
2530 4533 2716 4601 λόγου
2771 4534 2868 4588 καί
2915 4535 3270 4605 ἀσκήσεως,
3335 4539 3589 4610 τοιαύτην
3649 4535 3733 4590 καὶ
3784 4528 3866 4598 τὴν

656 4629 859 4682 tnalum
887 4627 1058 4694 jubet.
1089 4622 1316 4678 LXVIII.
1366 4625 1540 4676 oratio
1593 4623 1804 4677 titulum
1856 4620 2115 4691 praefert:
2151 4619 2227 4673 De

581 4788 589 4797 υ
660 4722 786 4774 bene
812 4719 1022 4772 dicendi
1057 4717 1328 4779 exercitio,
1359 4725 1523 4784 atque
1554 4716 1654 4770 hoc
1684 4717 1822 4769 idem
1850 4722 2228 4786 argumentum

660 4812 917 4881 suggerit.
969 4808 1085 4862 Mox
1140 4805 1328 4862 LXIX.
1378 4808 1488 4876 agit
1533 4806 1955 4875 inscribiturque
2013 4802 2092 4857 De
2133 4821 2232 4856 sua

661 4899 848 4976 [alios]
873 4899 1123 4954 audiendi
1141 4899 1451 4970 cupiditate.
1469 4898 1894 4969 Septuagesima:
1915 4899 2104 4952 titulus
2124 4907 2231 4958 est,

662 4994 738 5048 De
767 5010 992 5057 secessu,
1018 4996 1281 5061 docetque
1331 5009 1435 5046 non
1475 4993 1590 5046 loca
1627 4991 1736 5046 sola
1785 4992 2066 5055 sectando,
2110 5005 2232 5043 mox

660 5083 826 5138 etiam
855 5083 1080 5135 vitiosas
1129 5084 1292 5134 animi
1342 5082 1675 5146 atI'ectiones,
1709 5096 1773 5134 ac
1805 5081 1926 5134 vitae
1971 5080 2232 5133 tumultus

663 5176 844 5239 vitari,
872 5175 965 5229 sed
988 5177 1056 5229 ad
1088 5177 1325 5243 seipsum
1359 5189 1479 5239 sese
1496 5175 1882 5238 convertendo,
1932 5180 1986 5224 et
2034 5173 2102 5226 ad
2149 5172 2231 5226 sui

664 5268 1024 5338 cognitionem
1062 5266 1456 5325 contendendo.
1511 5265 1730 5318 aliunde
1759 5261 2070 5317 accedentis
2105 5262 2231 5315 mali

2333 4624 2588 4702 ὑπόθεσιν
2615 4625 2922 4681 ὑποϐάλλει.
2965 4628 3103 4697 Περὶ
3150 4630 3206 4683 δὲ
3247 4631 3359 4702 τῆς
3386 4633 3571 4686 αὐτοῦ
3593 4623 3864 4701 φιληκοΐας

2335 4719 2363 4768 6
2389 4713 2486 4768 ΞΘ⁹
2539 4717 2635 4770 καὶ
2683 4719 3047 4789 ἐπιγράφεται
3097 4723 3191 4775 καὶ
3223 4723 3598 4795 διαλαμϐάνει.
3645 4721 3694 4774 ’0
3733 4716 3782 4768 δὲ
3819 4715 3863 4764 0'

2338 4809 2650 4879 ἐπιγραφῆς
2675 4811 2773 4880 μὲν
2794 4812 2935 4881 Περὶ
2970 4808 3410 4885 ἀναχωρήσεως
3437 4815 3699 4886 τυγχάνει,
3727 4823 3863 4874 κατα-

2342 4899 2597 4962 σκευάζει
2625 4901 2684 4954 δέ
2715 4902 2791 4967 ὡς
2821 4905 2940 4974 οὐχὶ
2967 4905 3029 4957 τὸ
3057 4906 3157 4970 τὰς
3188 4909 3430 4979 ἐρήμους
3457 4907 3662 4960 διώκειν
3686 4894 3862 4967 ἀναχώ-

2345 4993 2500 5062 ρησίς
2527 4995 2643 5046 ἐστι
2670 4995 2861 5048 παθῶν
2888 5003 2984 5051 καὶ
3013 4998 3132 5051 τῶν·
3153 5000 3214 5052 ἐν
3244 5000 3344 5071 βίῳ
3371 4999 3625 5071 θορύϐων,
3655 4990 3771 5049 ἀλλὰ
3814 4984 3866 5036 τὸ

2341 5087 2421 5145 εἰς
2452 5085 2644 5139 ἑαυτὸν
2675 5089 3048 5160 ἐπεστράφθαι
3077 5093 3172 5145 καὶ
3190 5092 3441 5146 σπεύδειν
3465 5089 3656 5160 γνῶναι
3685 5078 3859 5138 ἑαυτὸν.

2341 5177 2439 5245 τῆς
2466 5177 2577 5232 ἀπὸ
2601 5179 2711 5232 τῶν
2727 5179 2899 5235 ἄλλων
2927 5183 3124 5248 κακίας
3142 5185 3192 5218 ⁸³
3214 5185 3495 5258 φορολίγον
3523 5183 3698 5254 ἔχοντα
3714 5173 3858 5240 λόγον·

2340 5270 2478 5337 Περὶ
2520 5269 2790 5338 κάλλους
2837 5273 2893 5325 δέ
2941 5275 2972 5326 6
3030 5275 3169 5344 μετὰ
3196 5275 3386 5330 τοῦτον
3429 5275 3596 5343 λόγος,
3635 5269 3688 5323 ὅν
3715 5261 3862 5328 ἐπιγέ-

1955 5377 2186 5434 VARIAS
2220 5380 2617 5440 LECTIONES.

738 5505 784 5537 ⁵ο
815 5505 1033 5570 διέξεισι
1093 5506 1464 5575 apograplium
1527 5501 1786 5575 Stephani

1846 5517 1858 5554 :
1897 5499 2226 5576 ⁵ειεύᾼδίεισιν
2291 5512 2374 5576 est
2429 5505 2590 5560 etiam
2647 5525 2698 5576 p.
2769 5510 2872 5563 166
2910 5527 2942 5562 α
2995 5523 3047 5566 et
3082 5512 3166 5566 I9.
3198 5515 3226 5565 b
3255 5514 3343 5567 Ἡ.
3430 5513 3476 5543 ⁸⁸
3501 5515 3527 5564 6
3553 5509 3607 5563 δέ
3639 5510 3674 5560 Α

664 5576 763 5645 μέν
787 5593 844 5654 ς.
912 5569 1556 5654 ξ’κατεσχηματισμένος
1615 5571 1713 5654 ἤδη
1739 5572 1833 5654 καὶ
1863 5570 1952 5622 τὸν
2004 5570 2118 5651 βίον
2150 5571 2325 5654 Auiola
2361 5569 2924 5654 κατεσχῃματισμένῳ
2978 5583 3106 5634 εἴδει
3132 5602 3192 5648 ς.
3269 5587 3314 5616 ⁸⁵³
3343 5585 3518 5652 πάσης
3571 5597 3623 5644 ς.
3695 5572 3772 5622 ³⁵6
3794 5569 3854 5630 ις’

663 5665 721 5701 π.
755 5648 842 5701 πλ.
903 5649 977 5700 ὢν
1023 5666 1082 5713 ς.

1163 5641 1450 5704 Μ’κακίὸις
1503 5641 1812 5713 φορολίγονι
1852 5641 2146 5711 συμφορῶν
2172 5643 2350 5710 ὀλίγον
2374 5641 2642 5702 ουτικᾚᾏ
2677 5663 2758 5717 pr.
2779 5641 2910 5706 ὀιιιξ
2943 5641 3160 5710 κακίαςῖ

2180 5737 2413 5793 NOTAE.

735 5835 812 5898 l6)
833 5835 1026 5893 Cicero
1069 5841 1120 5892 iti
1156 5838 1478 5903 l’aradoxis,
1517 5846 1569 5891 ct
1617 5833 1772 5890 Philo
1805 5835 2019 5890 Iudaeus
2070 5849 2231 5904 atque
2266 5834 2540 5892 Horatius.
