3940 6404
663 464 760 527 691

1776 465 2039 527 ΡΗΟΤΙΙ
2078 462 2584 524 ΡΑΤΒΙΛΒΟΗᾸΞ
2617 463 2706 522 CP
3024 468 3046 489 '
3739 483 3813 545 διῇ

660 579 858 651 cuique
882 580 1166 635 assertioni
1197 578 1451 635 refutatio
1480 578 1660 633 statim
1688 591 2072 648 opponeretur.
2112 576 2230 644 Ipsa

2345 576 2544 644 πμένων
2571 575 2918 638 ἐσπούδαζεν,
2972 575 3172 644 ἑκάστῃ
3204 579 3501 645 κατασκευῇ
3535 578 3818 656 ἀντιπαρατι-

660 691 825 745 porro
876 674 1110 730 elocutio
1161 687 1336 741 neque
1384 672 1673 726 admodum
1704 680 2022 734 exornatur,
2058 684 2233 736 neque

663 779 845 820 tamen
897 765 1015 819 sine
1049 772 1334 818 venustate
1383 762 1716 832 negligitur:
1749 761 2051 830 praesertim
2111 775 2232 814 cum

663 873 766 914 uon
798 858 863 911 ad
886 857 1304 912 ostentationem
1333 854 1589 924 aliquam,
1614 853 1709 909 sed
1732 852 1796 906 ad
1814 852 2231 919 disputationem

660 952 838 1019 potius
854 965 986 1018 opus
1013 950 1115 1004 hoc
1140 958 1510 1017 comparatum
1531 946 1644 1001 sita
1670 960 1767 999 suo
1789 955 2027 1008 auctore,
2045 944 2129 999 cui
2152 954 2234 997 te-

663 1059 767 1097 nue
798 1043 1007 1097 dicendi
1033 1056 1202 1112 genus
1228 1050 1283 1093 et
1311 1049 1657 1107 cognatarum
1684 1052 1861 1089 rerum
1884 1038 2054 1091 series
2089 1052 2234 1091 cura:

664 1134 783 1187 fuit.
812 1132 973 1187 Utilis
1002 1143 1176 1185 autem
1198 1130 1334 1183 liber
1351 1128 1414 1182 iis
1436 1136 1539 1191 est,
1563 1126 1651 1193 qui
1678 1126 1730 1179 in
1755 1125 2052 1179 dialecticis
2071 1140 2233 1180 exer-

662 1235 872 1289 centur,
891 1234 1054 1292 atque
1083 1224 1185 1276 ista
1207 1221 1320 1274 fere
1337 1234 1435 1274 suo
1463 1228 1785 1288 argumento
1817 1218 2232 1284 comprehensa.

666 1319 718 1372 1.
771 1320 852 1371 Ab
912 1328 1141 1384 utroque
1187 1322 1413 1385 parente
1448 1312 1586 1365 mitti
1637 1326 1844 1375 semen,
1900 1310 2233 1363 animantia-

664 1425 768 1480 que
795 1409 969 1480 gigni;
1002 1418 1257 1463 etcontra
1283 1405 1471 1458 nouab
1497 1414 1748 1472 utroque.
1788 1402 1843 1456 2.
1880 1401 1955 1456 Ex
1983 1403 2234 1456 universo

665 1516 893 1569 corpore
950 1514 1131 1553 semen
1190 1496 1402 1551 cxcerni
1438 1514 1451 1549 :
1488 1504 1675 1549 contra
1710 1510 1837 1547 vero
1873 1510 1901 1548 a
1948 1494 2233 1548 testiculis.

666 1594 719 1648 5.
756 1592 1172 1647 Concoctionem
1223 1590 1404 1643 calore
1480 1589 1591 1642 lieri
1627 1608 1639 1642 :
1673 1598 1863 1642 contra
1944 1601 2072 1641 vero
2129 1600 2233 1639 non

640 1687 813 1738 «item.
893 1684 948 1737 4.
987 1684 1186 1737 Attritu
1240 1681 1651 1735 concoctionem
1716 1680 1829 1733 ﬁeri
1876 1702 1887 1735 :
1932 1688 1989 1732 et
2042 1678 2234 1731 attritu

667 1777 887 1829 minime
922 1774 1060 1829 ﬁeri.
1116 1775 1168 1827 5.
1200 1772 1599 1827 Putrefactioue
1635 1772 1747 1825 ﬁeri
1781 1770 2185 1824 concoctionem
2214 1785 2232 1821 :

664 1877 853 1922 contra
886 1884 1014 1921 vero
1045 1866 1284 1921 minime.
1321 1865 1375 1919 6.
1452 1864 1645 1934 169a
1707 1861 2047 1931 Proprietate
2076 1862 2235 1928 spiri-

668 1971 753 2014 tus
780 1960 1185 2013 concoctionem
1230 1957 1343 2009 ﬁeri
1379 1976 1391 2009 ι
1428 1966 1611 2009 contra
1650 1970 1753 2008 non
1782 1955 1930 2007 item.

665 2065 849 2105 corum
878 2050 1209 2119 proprietate
1232 2048 1510 2102 concoctio
1543 2048 1634 2111 lit;
1666 2047 1749 2100 vel
1768 2047 2012 2099 minime.
2033 2043 2236 2099 8.Pro-

668 2142 899 2209 prietate
931 2140 1129 2194 caloris
1163 2141 1221 2193 ﬁt
1248 2139 1527 2193 concoctio
1562 2157 1574 2191 :
1611 2149 1665 2192 et
1700 2152 1803 2191 non
1836 2139 1985 2191 item.
2048 2137 2101 2191 9.
2129 2135 2236 2190 Ca-

669 2234 779 2286 lore
809 2232 1165 2301 digestionem
1208 2231 1321 2283 ﬁeri
1361 2250 1377 2287 :
1415 2240 1468 2284 et
1503 2247 1607 2283 non
1650 2229 1801 2283 item.
1858 2230 1946 2283 10.
1983 2228 2237 2282 Ciborurn

669 2323 1102 2377 distributionem
1130 2337 1222 2390 per
1254 2321 1450 2375 caloris
1480 2323 1543 2373 ad
1586 2336 1643 2373 se
1674 2321 2056 2374 attractionem
2092 2319 2237 2385 ﬂeri;

670 2416 750 2469 vel
776 2414 1017 2468 minime.
1055 2414 1139 2469 'll.
1181 2414 1384 2481 Spiritu
1429 2413 1488 2465 fit
1516 2413 1898 2481 digestiozaut
1941 2427 2043 2463 uon
2087 2411 2237 2464 item.

672 2508 761 2563 12.
787 2508 1127 2559 Arteriarum
1177 2506 1538 2574 applicatione
1593 2504 1823 2573 digestio
1880 2503 1939 2556 ﬁt
1973 2522 1986 2557 :
2020 2503 2243 2556 minime

670 2616 799 2652 vero
833 2602 931 2655 sic.
971 2601 1059 2653 15.
1092 2600 1327 2669 Digestio
1362 2599 1421 2651 tit
1456 2614 1550 2666 per
1576 2598 1878 2653 absentiam
1911 2612 2032 2650 cum
2061 2595 2242 2648 vacui-

671 2700 780 2745 tate
808 2705 823 2743 :
858 2702 912 2744 et
939 2694 1080 2761 quod
1108 2707 1201 2758 per
1222 2692 1484 2744 inccrtatn
1506 2691 1619 2742 sive
1641 2702 2020 2757 quamcunque
2048 2689 2243 2741 absen-

671 2779 797 2831 tiam
860 2778 975 2832 iieri
1009 2778 1179 2833 soleat
1213 2779 1466 2848 digestio.
1508 2778 1592 2831 H.
1631 2776 1706 2830 Ex
1753 2792 1818 2829 eo
1856 2776 2114 2845 glaucedo
2149 2790 2244 2827 ua-

668 2872 856 2936 scitur,
890 2872 1031 2940 quod
1047 2871 1306 2926 alimento
1328 2886 1426 2925 suo
1442 2870 1665 2924 visualis
1690 2885 1851 2939 porus
1876 2870 2203 2923 destituatur
2227 2886 2240 2923 :

669 2971 725 3019 et
754 2980 860 3019 non
898 2965 1050 3018 item.
1086 2965 1171 3019 15.
1207 2963 1502 3033 Sanguinis
1524 2962 1713 3031 illapsu
1740 2963 1790 3014 in
1811 2961 2030 3015 visionis
2053 2974 2242 3027 porum

668 3057 930 3127 glaucedo
962 3056 1019 3109 lit
1050 3056 1333 3110 oculormu
1381 3073 1394 3108 :
1429 3064 1482 3108 et
1523 3069 1628 3109 non
1664 3054 1812 3107 item.
1869 3052 1958 3105 16.
1987 3051 2246 3105 Humido-

668 3166 787 3204 ruut
844 3149 1117 3211 crassitie,
1165 3158 1325 3216 atque
1371 3147 1716 3202 exhalatione
1762 3146 1819 3199 ﬁt
1856 3145 2112 3214 glaucedo
2143 3161 2157 3197 :
2190 3153 2249 3199 et

2008 1952 2057 2005 7.
2101 1953 2236 2005 Sttc-
2269 1928 2311 1981 Β

2338 669 2570 739 θεμένης
2596 669 2839 738 παρευθὺ
2865 672 2958 722 καὶ
2985 669 3125 721 κατά
3150 667 3426 737 συνέχειαν
3448 671 3536 737 τῆς
3558 675 3817 750 άνασχευῆς.

2351 762 2414 815 Ἦ
2440 764 2537 831 μὲν
2567 764 2830 833 ἑρμηνεία
2862 762 2955 814 τοῦ
3007 762 3167 829 λόγου
3202 761 3328 814 οὔτε
3358 762 3653 832 ὲξωράῖσται
3675 773 3709 804 ⁸⁸
3732 776 3821 832 οὔτε

2336 856 2590 926 ἔρριπται
2640 854 2734 907 τοῦ
2781 853 3030 916 κάλλους,
3086 853 3260 914 ἄλλως
3292 869 3349 905 τε
3407 856 3493 908 καὶ
3523 856 3596 911 ὃτι
3627 862 3820 920 οὐδ’ὲπι.

2334 951 2639 1013 δεικτικῶς,
2672 950 2785 1003 ἀλλ’
2829 951 2886 1012 ἐς
2930 948 2991 1001 τὸ
3031 950 3328 1018 γυμνάσιον
3368 949 3442 1018 τῷ
3492 962 3752 1025 συγγραφεῖ
3782 964 3824 1015 τδ

2337 1042 2657 1110 σπούδασμα
2706 1042 2870 1094 τείνει
2917 1039 2983 1105 ⁸⁸,
3011 1042 3103 1093 καὶ
3138 1040 3443 1108 ἰσχνότητος
3489 1043 3621 1113 αὐτῷ
3652 1050 3822 1104 καὶτῶν

2338 1132 2629 1201 συστοίχων
2670 1131 2841 1199 μέλει*
2885 1130 3154 1202 χρήσιμον
3212 1129 3270 1182 δὲ
3324 1129 3386 1181 τὸ
3413 1128 3599 1199 βιϐλίον
3631 1139 3827 1211 τοῖς-τὴν

2334 1222 2676 1293 διαλεκτικὴν
2699 1223 2889 1294 τριϐὴν
2912 1225 3078 1277 ἀσκου
3088 1222 3288 1292 μένοις.
3325 1221 3388 1274 Ἦ
3406 1221 3459 1274 δὲ
3483 1224 3705 1291 ὑπόθεσις
3721 1230 3829 1297 λέγει

2334 1314 2529 1375 ταῦτα,
2554 1314 2636 1366 ὅτι
2663 1314 2722 1379 ἐξ
2755 1312 3079 1384 ἀμφοτέρων
3106 1314 3138 1383 ἡ
3172 1311 3443 1381 καταδολὴ
3478 1314 3565 1367 τοῦ
3588 1317 3831 1387 σπέρματος

2336 1409 2429 1461 καὶ
2458 1407 2718 1474 ζωογονία
2746 1407 2974 1474 γίνεται,
3015 1406 3107 1458 καί¹
3135 1404 3442 1458 τούναντίον
3478 1406 3570 1458 οὐκ
3617 1408 3669 1472 ἐξ
3697 1411 3829 1479 ἀμφο-

2335 1498 2528 1567 τὲρων.
2584 1496 2845 1565 Δεύτερον
2889 1496 2971 1548 ὅτι
3024 1494 3115 1563 ἀφ’
3141 1495 3264 1548 ὅλου
3298 1493 3392 1547 τοῦ
3444 1495 3675 1566 σώματος
3707 1502 3732 1570 ἡ
3767 1502 3831 1554 τοῦ

2337 1587 2651 1656 σπέρματος
2680 1584 2945 1653 ἔκκρισις,
2977 1585 3071 1638 καὶ
3100 1584 3408 1637 τούναντίον
3428 1586 3504 1638 ὅτι
3531 1587 3628 1640 ἀπὸ
3646 1590 3783 1657 μόνων
3803 1596 3831 1627 ⁸⁷

2333 1680 2442 1730 τῶν
2471 1677 2726 1746 διδύμων.
2754 1676 2801 1745 γ’
2825 1678 2905 1729 ὅτι
2938 1679 2970 1747 ἡ
3006 1676 3168 1745 πέψις
3216 1676 3486 1747 Θερμασίᾳ
3540 1680 3738 1746 γίνεται,
3771 1684 3834 1736 καὶ

2334 1771 2414 1823 ὅτι
2441 1772 2537 1839 οὑχ
2567 1769 2759 1832 οὕτως.
2799 1770 2839 1822 δ’
2872 1770 2954 1822 ὃτι
2980 1770 3161 1839 τρίψει
3195 1770 3227 1839 ἡ
3268 1768 3430 1838 πέψις
3460 1768 3668 1837 γίνεται,
3696 1774 3833 1827 καὶὸτι

2337 1865 2395 1915 οὺ
2423 1862 2619 1933 τρίψει.
2656 1868 2696 1915 ε’
2728 1863 2809 1915 ὅτι
2842 1862 2999 1933 σήψει
3030 1863 3062 1933 ἠ
3092 1862 3273 1930 πέψις,
3328 1862 3423 1913 καὶ
3449 1862 3527 1914 ὃτι
3550 1864 3607 1917 οὑ
3630 1864 3774 1933 σήψει.
3801 1883 3834 1930 ςσ

2339 1958 2423 2008 ὅτι
2472 1956 2565 2009 τοῦ
2615 1954 2925 2024 πνεύματος
2988 1954 3208 2022 ἰδιότητι
3260 1956 3292 2023 ἡ
3352 1954 3531 2023 πέψις,
3563 1958 3646 2008 καὶ
3670 1958 3737 2009 ὅτι
3771 1960 3836 2027 οὐχ

2338 2046 2531 2107 οὕτως.
2568 2045 2612 2107 ζ’
2656 2045 2737 2097 ὅτι
2790 2044 2980 2113 χυμῶν
3015 2043 3236 2112 ἰδιότητι
3278 2043 3311 2113 ἡ
3345 2042 3523 2111 πέψις,
3562 2046 3646 2097 καὶ
3688 2046 3838 2115 ὅτιούκ

2339 2136 2528 2199 οὕτως.
2557 2135 2608 2206 η’
2639 2137 2721 2188 ὅτι
2746 2135 3044 2204 θερμασίας
3077 2134 3295 2205 ἰδιότητι
3326 2135 3362 2203 ἡ
3382 2134 3557 2203 πέψις,
3585 2137 3664 2186 καὶ
3691 2136 3837 2205 ὅτιούκ

2340 2230 2532 2292 οὓτως.
2571 2228 2615 2281 0'
2664 2230 2747 2281 ὅτι
2776 2227 3050 2298 θερμασίᾳ
3084 2229 3117 2297 ἡ
3151 2226 3427 2289 ἀνάδοσις,
3456 2226 3545 2278 καὶ
3584 2227 3656 2279 ὅτι
3678 2228 3755 2296 of),
3779 2226 3839 2279 οὗ·

2340 2342 2467 2385 τως.
2505 2329 2535 2375 ι’
2579 2323 2718 2392 ὁτιή
2755 2321 3004 2382 ἀνάδοσις
3036 2319 3114 2389 τῷ
3151 2319 3250 2386 τὴν
3296 2317 3591 2387 θερμασίαν
3648 2319 3719 2385 ἐφ’
3755 2320 3840 2370 ἐπιν-

2341 2418 2440 2485 τὴν
2472 2416 2673 2477 ἕλκειν,
2711 2416 2803 2467 καὶ
2830 2415 2910 2467 ὅτι
2934 2414 3031 2482 οὐχ
3078 2411 3269 2475 οὕτως.
3310 2408 3380 2464 ια’
3429 2411 3507 2463 ὅτι
3538 2411 3609 2481 τῷ
3636 2410 3841 2478 πνεύματι

2343 2512 2375 2579 η
2408 2509 2677 2570 ἀνάδοσις,
2711 2510 2804 2559 καὶ
2828 2508 2909 2559 ὅτι
2935 2507 3032 2574 οὐχ
3057 2504 3250 2567 οὕτως.
3303 2503 3375 2573 ιβ’
3410 2504 3489 2555 ὅτι
3518 2505 3579 2573 τῇ
3606 2503 3697 2554 τῶν
3724 2504 3843 2571 ἀρτη-

2347 2601 2477 2670 ριῶν
2515 2598 2807 2665 παραθέσει
2837 2600 2869 2668 ή
2916 2599 3166 2659 ἀνάδοσις
3187 2636 3201 2656 ,
3231 2596 3325 2649 καὶ
3346 2580 3436 2648 ὅτι
3470 2597 3564 2665 οὐχ
3596 2593 3757 2656 οὕτως.
3801 2602 3843 2658 ιγ’

2346 2694 2426 2745 ὅτι
2459 2696 2522 2761 τῇ
2579 2691 2720 2744 κατά
2748 2690 2902 2743 κενὸν
2960 2689 3197 2759 ἀπουσίᾳ
3226 2690 3259 2757 ἡ
3292 2688 3562 2750 ἀνάδοσις,
3596 2688 3678 2740 καὶ
3714 2688 3775 2739 ὅτι
3805 2686 3845 2737 οὗ

2346 2786 2488 2839 κατά
2503 2787 2560 2838 τὸ
2586 2785 2777 2853 ἄδηλον
2792 2783 3072 2852 ἀπουσίαὴ
3099 2781 3372 2841 ἀνάδοσις.
3410 2777 3470 2833 ιδ’
3488 2778 3634 2831 ὄτιδι⁹
3648 2777 3847 2847 ἀτροφίαν

2345 2876 2439 2929 τοῦ
2471 2878 2726 2944 ὁρατικοῦ
2764 2874 2931 2942 πόρου
2965 2874 2997 2941 ἡ
3033 2870 3457 2938 ἀπογλαύκωσις
3490 2870 3762 2938 συμὸαίνει,
3787 2870 3849 2918 καὶ

2348 2971 2427 3022 ὃτι
2479 2972 2575 3038 οὐχ
2607 2966 2798 3029 οὕτως.
2823 2973 2881 3019 ιε’
2908 2968 2990 3018 ὅτι
3021 2965 3148 3035 παρ’
3179 2964 3470 3033 ἔμπτωσιν
3507 2962 3549 2996 ⁸⁸
3586 2965 3775 3031 αἵματος
3798 2962 3849 3021 εἰς

2348 3061 2438 3113 τὸν
2489 3058 2740 3129 ὁρατικὸν
2780 3058 2948 3128 πόρον
2997 3059 3029 3126 ἡ
3088 3055 3534 3123 ἀπογλαύκωσις,
3573 3054 3657 3106 καὶ
3704 3052 3849 3115 ὅτιούκ

2352 3152 2544 3214 οὕτως.
2607 3155 2681 3215 ις’
2712 3151 2793 3203 ὅτι
2845 3148 2967 3202 καθ’
3018 3146 3200 3217 ὑγρῶν
3248 3147 3425 3218 πάχος
3475 3149 3563 3199 καὶ
3601 3143 3851 3210 διαπνοὴνθθ

669 3257 775 3295 non
834 3240 914 3294 lit.
979 3238 1067 3293 17.
1124 3237 1490 3293 Phrenitidem
1554 3237 1668 3290 neri
1722 3250 1817 3307 per
1858 3236 2242 3290 distensionem

2347 3253 2381 3321 ἠ
2409 3247 2848 3315 ἀπογλαύκωσις,
2879 3244 2973 3297 καὶ
3011 3246 3092 3297 ὅτι
3119 3244 3216 3312 οὐχ
3240 3242 3437 3305 οὕτως.
3479 3241 3591 3312 [διε
3617 3238 3694 3309 tt]
3718 3240 3766 3300 ιζ’
3798 3238 3851 3287 ὅτι

668 3332 975 3400 nteningis,
1029 3330 1415 3399 sanguinisque
1448 3330 1852 3396 corruptionem
1888 3346 1902 3383 :
1936 3338 1991 3383 et
2022 3344 2125 3383 non
2166 3328 2241 3383 ita

674 3424 812 3477 fieri.
868 3423 955 3477 18.
991 3422 1067 3475 Ex
1120 3423 1318 3475 caloris
1363 3437 1596 3475 excessu
1650 3422 1795 3474 nasci
1826 3420 2185 3489 phrenitidem
2226 3437 2242 3476 :

671 3526 725 3567 et
754 3530 860 3568 non
892 3515 1041 3568 item.
1104 3515 1195 3568 19.
1228 3514 1333 3567 Per
1373 3513 1850 3567 inﬂammationem
1884 3514 2244 3581 phrenitidem

672 3607 819 3661 nasci
847 3623 862 3660 :
889 3616 942 3662 et
961 3622 1065 3661 non
1084 3608 1231 3662 item.
1263 3606 1353 3661 20.
1388 3606 1712 3676 Lethargum
1736 3621 1798 3659 ex
1823 3605 2247 3660 inﬂammatione

676 3696 790 3751 tieri
820 3715 835 3750 :
866 3706 921 3752 et
947 3712 1056 3749 non
1089 3697 1184 3749 ita.
1261 3695 1355 3749 2|.
1391 3692 1498 3748 Per
1524 3692 1913 3747 distensionem
1940 3692 2247 3760 corruptio-

676 3802 905 3855 nemque
932 3786 1269 3857 lethargicos
1297 3788 1409 3840 lieri
1436 3806 1449 3841 :
1478 3797 1651 3839 etnon
1685 3785 1837 3839 item.
1877 3784 1968 3838 22.
1999 3784 2101 3838 Per
2125 3785 2244 3837 uni—

676 3892 891 3931 versum
939 3893 1137 3947 corpus
1198 3878 1423 3932 diﬂ'undi
1472 3880 1767 3946 appetitum
1831 3878 2022 3932 edendi
2084 3890 2248 3945 atque

678 3970 889 4024 bibendi
931 3988 945 4023 :
984 3980 1039 4023 et
1091 3977 1301 4023 tantum
1365 3970 1416 4024 in
1467 3970 1751 4023 Stomacho
1797 3972 2079 4024 exsistere.
2155 3968 2245 4023 25.

678 4061 881 4117 Edendi
930 4071 1095 4132 atque
1137 4063 1353 4118 bibendi
1410 4065 1708 4133 appetitum
1759 4065 1810 4117 in
1861 4064 2249 4131 imaginatione

677 4154 840 4207 situm
881 4169 1022 4209 esse.
1108 4155 1199 4210 24.
1238 4156 1313 4209 Ex
1346 4156 1629 4209 humorum
1666 4154 1845 4222 inopia
1875 4154 2021 4209 sitim
2052 4152 2202 4206 nasci
2233 4170 2247 4205 :

679 4254 731 4298 et
764 4262 867 4301 non
917 4248 1066 4302 item.
1120 4247 1210 4302 25.
1268 4247 1323 4302 lu
1383 4250 1666 4303 stomacho
1703 4247 1970 4314 duplicem
2019 4247 2247 4314 spectari

680 4337 943 4392 elﬁciendi
978 4340 1086 4393 vim
1121 4358 1135 4394 :
1171 4349 1226 4394 et
1275 4356 1402 4395 vero
1449 4340 1694 4395 minime.
1740 4340 1831 4395 26.
1886 4337 2249 4406 lnferior(li)

680 4431 883 4485 cerebri
917 4432 1166 4502 pellicula
1200 4434 1250 4486 in
1284 4435 1623 4489 concavitate
1650 4433 1971 4503 principium
2004 4442 2081 4484 est
2129 4448 2251 4484 ner-

680 4538 867 4577 vorum
901 4541 915 4576 :
953 4531 1008 4576 et
1042 4538 1169 4577 vero
1200 4525 1443 4585 minime,
1496 4525 1589 4577 sed
1615 4524 1875 4577 exterior.
1945 4522 2034 4574 27.
2076 4520 2250 4575 Phar-

2352 3346 2385 3413 ή
2429 3344 2671 3413 φρενῖτις
2713 3338 2854 3392 κατά
2883 3338 3131 3391 διάτασιν
3159 3336 3260 3404 τῆς
3298 3338 3562 3406 μήνιγγος
3592 3334 3673 3386 καὶ
3706 3330 3853 3399 φθορὰν

2344 3435 2438 3488 τοῦ
2460 3434 2689 3501 αἵματος
2726 3430 2954 3499 γίνεται,
2988 3430 3079 3482 καὶ
3109 3429 3310 3497 ὃτιούχ
3350 3426 3543 3489 οὕτως.
3579 3432 3643 3494 ιη’
3671 3426 3739 3477 ὅτι
3762 3421 3855 3473 κατὰ

2347 3524 2650 3595 θερμασίας
2709 3522 3051 3590 πλεονασμὸν
3102 3521 3133 3590 ἡ
3192 3524 3442 3592 φρενῖτις
3493 3517 3761 3587 συμϐαίνει,
3793 3514 3855 3562 καὶ

2347 3617 2427 3669 ὅτι
2457 3616 2551 3683 οὐχ
2576 3613 2769 3677 οὕτως.
2838 3613 2901 3665 ιϐ’
2922 3613 3005 3665 ὅτι
3036 3612 3125 3665 διά
3146 3610 3463 3680 φλεγμονὴν
3496 3611 3529 3680 ὴ
3553 3608 3774 3678 φρενῖτις,
3796 3600 3856 3652 καὶ

2346 3707 2427 3760 ὄτι
2477 3708 2574 3775 οὐχ
2626 3704 2817 3767 οὕτως.
2846 3711 2893 3757 κ’
2946 3704 3028 3756 ὅτι
3088 3705 3116 3757 ὁ
3161 3702 3443 3774 λὴθαργος
3498 3700 3581 3753 διὰ
3620 3692 3855 3766 φλεγμηνὶτι

2346 3795 2583 3861 γίνεται,
2628 3793 2720 3845 καὶ
2757 3793 2839 3845 ὃτι
2891 3791 2990 3860 οὐχ
3030 3789 3223 3854 οὕτως.
3257 3796 3347 3842 κα’
3377 3790 3459 3841 ὅτι
3504 3787 3635 3839 κατὰ
3679 3784 3859 3835 διάτασιν

2347 3886 2396 3937 oi
2424 3884 2747 3954 ληθαργικοὶ
2792 3883 2887 3937 καὶ
2948 3882 3175 3953 φθορὰν,
3210 3881 3306 3934 καὶ
3352 3881 3436 3933 ὅτι
3474 3879 3569 3948 οὐχ
3597 3876 3759 3934 οὕτως.
3801 3868 3855 3934 ιβ’

2349 3979 2430 4030 ὅτι
2474 3978 2520 4008 "°
2565 3979 2694 4045 περὶ
2725 3976 2844 4029 ὅλον
2869 3975 2929 4028 τὸ
2960 3976 3118 4043 σῶμα
3175 3976 3209 4043 ἡ
3240 3973 3336 4027 τοῦ
3395 3974 3541 4026 πιεῖν
3592 3970 3674 4022 καὶ
3721 3962 3859 4028 φαγεῖν

2352 4068 2665 4120 συνίσταται
2692 4066 2892 4135 δρεξις,
2915 4067 3009 4119 καὶ
3043 4068 3123 4119 ὄτι
3151 4066 3278 4136 περὶ
3324 4064 3490 4135 μόνον
3517 4062 3602 4114 τὸν
3638 4057 3857 4124 στόμαχον.

2350 4159 2435 4227 κγ’
2467 4161 2548 4212 ὃτι
2601 4160 2633 4230 ή
2692 4158 2786 4211 τοῦ
2828 4162 3023 4227 φαγεῖν
3072 4157 3165 4211 καὶ
3223 4160 3373 4211 πιεῖν
3422 4155 3601 4226 (ipsth
3649 4150 3754 4218 περὶ
3787 4145 3861 4196 διὰ·

2352 4269 2519 4304 νοιαν.
2557 4252 2634 4304 κδ’
2658 4253 2740 4304 ὅτι
2800 4251 2922 4303 καθ’
2968 4250 3149 4321 ὑγρῶν
3197 4250 3413 4302 ἔνδειαν
3447 4249 3508 4299 τὸ
3534 4246 3690 4313 δίψος.
3721 4238 3858 4292 καὶότι

2350 4342 2447 4411 οὐχ
2480 4340 2673 4404 οὕτως.
2740 4347 2818 4393 κε’
2874 4342 2953 4393 ὅτι
3015 4340 3144 4410 περὶ
3181 4341 3271 4392 τὸν
3329 4340 3600 4408 στόμαχον
3644 4332 3772 4398 διπλῆ
3808 4341 3862 4384 τις

2350 4434 2543 4501 ὁρᾶται
2566 4433 2835 4501 ἐνέργεια,
2861 4432 2955 4483 καὶ
2974 4432 3053 4483 ὅτι
3081 4431 3179 4499 οὐχ
3200 4429 3401 4493 οὕτως.
3428 4436 3520 4493 κς¹
3550 4430 3627 4480 ὅτι
3654 4427 3682 4494 ἡ
3705 4425 3739 4454 ⁷¹
3759 4422 3864 4473 ἐντέπ

2362 4523 2487 4596 [279
2520 4523 2611 4592 Η.)
2651 4522 2849 4593 μῆνιγξ
2892 4524 2924 4593 ὴ
2968 4526 3025 4575 ἐν
3050 4521 3129 4592 τῷ
3162 4521 3476 4591 κοιλώματι
3506 4519 3638 4589 ἀρχὴ
3666 4514 3753 4567 τῶν
3783 4505 3866 4559 vati-

682 4612 1059 4668 maca-dill‘usa
1098 4630 1193 4684 per
1227 4630 1423 4681 corpus
1457 4630 1717 4683 purgare;
1750 4625 1803 4667 et
1827 4631 1929 4667 non
1972 4616 2119 4677 item,
2160 4615 2242 4667 sed

2361 4634 2469 4686 ρων
2508 4618 2643 4681 ἐστὶ,
2686 4616 2778 4668 καὶ
2802 4616 2883 4668 ὅτι
2922 4616 3019 4685 οὐχ
3061 4614 3256 4678 οὕτως,
3289 4614 3409 4668 ἀλλ’
3442 4616 3476 4682 ἡ
3511 4611 3673 4671 ἐκτός.
3717 4604 3781 4664 κζ’
3812 4604 3868 4651 57'-

681 4704 798 4771 ipso
848 4704 1073 4772 allapsu.
1132 4704 1223 4758 28.
1282 4703 1399 4757 Non
1450 4705 1854 4759 esseutcndum
1898 4705 2250 4774 purgantibus

684 4793 1097 4848 medicamentis
1130 4812 1145 4847 :
1178 4796 1287 4849 imo
1319 4800 1459 4849 esse.
1517 4794 1607 4849 29.
1656 4794 1773 4849 Vini
1810 4796 2058 4849 haustum
2089 4793 2255 4847 febri-

682 4880 975 4937 citantibus
1024 4898 1143 4936 esse
1189 4885 1590 4938 concedendum
1627 4903 1641 4938 :
1677 4895 1731 4937 et
1786 4900 1887 4938 non
1935 4900 2075 4950 esse,
2133 4901 2254 4939 cum

685 4973 1026 5039 perniciosus
1060 4974 1150 5027 sit.
1222 4975 1310 5027 50.
1375 4974 1575 5027 Balnea
1628 4974 2068 5030 febricitantibus
2101 4976 2255 5029 utilia

682 5080 806 5118 esse
840 5083 852 5118 :
889 5066 995 5117 into
1055 5066 1213 5119 noxia
1265 5080 1408 5120 esse.
1474 5066 1562 5118 5|.
1613 5067 1671 5119 lu
1724 5068 2036 5125 morborum
2074 5069 2251 5121 incre—

685 5156 1131 5227 nteutist-lyslere
1162 5159 1415 5213 utendum
1441 5175 1455 5211 ι
1489 5168 1542 5210 et
1570 5174 1675 5211 non
1706 5160 1984 5217 utendum.
2028 5160 2115 5213 52.
2142 5158 2253 5212 Non

686 5261 807 5300 esse
866 5248 1178 5301 morborum
1227 5248 1380 5301 initio
1423 5250 1767 5304 unctionibus
1817 5254 2115 5304 utendum:
2150 5253 2259 5305 itno

688 5338 739 5390 id
765 5338 992 5405 perutile
1008 5353 1148 5392 esse.
1177 5340 1267 5393 55.
1286 5338 1459 5399 Caput
1491 5342 1889 5406 cataplasmatis
1912 5344 2208 5396 curandum
2241 5362 2254 5398 :

685 5438 736 5481 et
789 5444 895 5480 non
950 5429 1107 5492 item,
1171 5432 1264 5486 sed
1312 5431 1610 5489 olfactoriis
1652 5433 1916 5489 duntaxat
1970 5438 2249 5491 utendum.

2351 4708 2705 4778 ἀναδιδόμενα
2719 4708 2784 4759 τὰ
2808 4708 3074 4777 φάρμακα
3094 4707 3377 4778 καθαίρει,
3398 4708 3499 4759 καὶ
3525 4706 3602 4757 ὅτι
3624 4702 3705 4769 οὐχ
3721 4695 3867 4749 οὕτως.

2354 4801 2487 4854 ἀλλὰ
2541 4801 2680 4854 κατά
2720 4801 2817 4871 τὴν
2869 4801 3239 4868 πρόσπτωσιν.
3302 4806 3389 4869 κη’
3436 4799 3519 4851 ὅτι
3564 4795 3621 4847 οὗ
3671 4785 3870 4860 χρηστέον

2356 4895 2469 4956 τοῖς
2520 4893 2892 4963 καθαρτικοῖς.
2920 4893 3013 4944 καὶ
3062 4893 3142 4944 ὅτι
3194 4890 3494 4961 χρηστέον.
3550 4884 3721 4941 κθ¹ὂτι
3768 4876 3870 4929 οἶνῦύ

2360 4983 2503 5035 δόσει
2538 4983 2804 5053 χρηστέον
2860 4980 3090 5034 ἐπὶτῶν
3137 4980 3550 5051 πυρεσσόντων,
3576 4976 3661 5029 καὶ
3704 4968 3871 5021 ειοὺναν⁴

2361 5075 2474 5127 τίον
2498 5075 2576 5127 ὃτι
2604 5074 2940 5144 ἀσύμφορον.
2975 5073 3018 5125 λ’
3049 5074 3129 5125 ὅτι
3160 5071 3393 5141 λουτρὸν
3420 5071 3533 5132 τοῖς
3560 5054 3870 5136 πυρέσσουσι⁷¹

2362 5166 2650 5227 λυσιτελεῖ,
2678 5167 2771 5219 καὶ
2805 5168 2885 5219 ὅτι
2909 5165 3250 5234 ἀσύμφορον.
3272 5164 3354 5216 λα’
3383 5164 3469 5215 ὄτι
3499 5161 3579 5213 δεῖ
3602 5160 3653 5209 ἐν
3673 5154 3769 5212 ταῖς

2362 5258 2552 5310 τάσεσι
2580 5257 2689 5311 τῶν
2717 5259 2887 5310 νόσων
2923 5257 3156 5321 κλύζειν,
3214 5258 3309 5308 καὶ
3334 5256 3421 5308 ὅτι
3453 5253 3513 5307 οὐ
3554 5246 3794 5321 προσῆκον
3828 5236 3875 5285 ⁷³.

2362 5348 2440 5418 λβ¹
2470 5350 2553 5401 ὅτι
2576 5350 2637 5402 οὐ
2668 5349 2748 5401 δεῖ
2763 5348 2885 5399 κατ’
2924 5347 3095 5419 ἀρχάς
3111 5344 3405 5413 ὑπαλείψει
3440 5342 3687 5414 χρῆσθαι,
3717 5333 3792 5386 καὶ
3820 5329 3875 5378 ὅτι

2362 5442 2663 5510 συμφέρον.
2720 5438 2799 5509 λγ¹
2848 5440 2930 5491 ὅτι
2972 5439 3053 5492 δεῖ
3104 5436 3517 5491 καταπλάττειν
3564 5434 3655 5500 τὴν
3676 5420 3879 5492 κεφαλὴν*

1995 5546 2229 5604 νΑηιιΕ
2268 5550 2671 5613 LECTIONES.

761 5633 942 5709 ‘“_ﬁ—-
964 5634 1286 5705 ὲξωράῖσται
1315 5638 1356 5690 Α
1382 5657 1395 5691 :
1428 5637 1523 5691 καὶ
1551 5640 1655 5708 ἡσ-
1684 5638 2038 5709 ἑξωραῑξεται
2068 5661 2123 5705 ς’.

2204 5645 2248 5674 ⁵⁸
2276 5644 2533 5697 διατείνει
2564 5664 2624 5710 ς.

2726 5648 2769 5679 ⁸⁷
2802 5646 2978 5716 μόνων
3011 5644 3130 5716 add.
3173 5646 3239 5702 Α.
3314 5641 3363 5675 ⁸⁸
3389 5622 3877 5716 παρ’-ἔμπτωῗνζλξ

690 5701 1086 5773 παρέμπτωσιέ
1110 5725 1168 5770 ς’·
1245 5709 1291 5741 ⁸³
1318 5709 1406 5761 διὰ
1431 5701 1599 5780 moti-‘1
1622 5728 1685 5773 ς.
1727 5701 1740 5704 ⁷
1761 5701 1803 5742 τά
1820 5701 1983 5765 ὅτιού
2007 5701 2133 5783 περί
2165 5731 2225 5777 ς’,
2310 5715 2352 5744 ⁷¹
2389 5717 2421 5786 ἠ
2454 5701 2673 5771 υιΙιΙ.Ἀ.
2748 5701 2947 5781 ⁷²’τοὺς
2985 5701 3361 5785 πυρέσσοντας
3389 5731 3457 5777 ς.
3477 5701 3489 5711 ’
3530 5701 3877 5776 ’θηροσήκειΐι

2186 5805 2413 5867 NOTAE.

772 5892 883 5963 (ii)
926 5892 1085 5963 Supr.
1112 5912 1231 5965 cap.
1266 5895 1369 5961 85,
1402 5898 1433 5965 ἡ
1465 5896 1643 5960 ἐκτός.
