  <div class='ocr_page' id='page_1' title='image "/cluster/home/n/w/nwhite01/storage/ocr_20150623/103/hvd.32044018872861/355.png"; bbox 0 0 3940 6456; ppageno 0'>
   <div class='ocr_carea' id='block_1_1' title="bbox 489 376 597 440">
    <p class='ocr_par' dir='ltr' id='par_1_1' title="bbox 489 376 597 440">
     <span class='ocr_line' id='line_1_1' title="bbox 489 376 597 440; baseline 0.037 -3"><span class='ocrx_word' id='word_1_1' title='bbox 489 376 597 440; x_wconf 72' lang='lat'><strong>095</strong></span> 
     </span>
    </p>
   </div>
   <div class='ocr_carea' id='block_1_2' title="bbox 1611 374 2557 438">
    <p class='ocr_par' dir='ltr' id='par_1_2' title="bbox 1611 374 2557 438">
     <span class='ocr_line' id='line_1_2' title="bbox 1611 374 2557 438; baseline 0.002 -2"><span class='ocrx_word' id='word_1_2' title='bbox 1611 375 1874 436; x_wconf 85' lang='lat' dir='ltr'><strong>PHOTII</strong></span> <span class='ocrx_word' id='word_1_3' title='bbox 1911 374 2412 436; x_wconf 64' lang='lat' dir='ltr'><strong>PATRIARCHIE</strong></span> <span class='ocrx_word' id='word_1_4' title='bbox 2447 377 2557 438; x_wconf 77' lang='grc' dir='ltr'><strong>ΟΡ.</strong></span> 
     </span>
    </p>
   </div>
   <div class='ocr_carea' id='block_1_3' title="bbox 3629 373 3740 435">
    <p class='ocr_par' dir='ltr' id='par_1_3' title="bbox 3629 373 3740 435">
     <span class='ocr_line' id='line_1_3' title="bbox 3629 373 3740 435; baseline 0 0"><span class='ocrx_word' id='word_1_5' title='bbox 3629 373 3740 435; x_wconf 72' lang='grc'><strong>696</strong></span> 
     </span>
    </p>
   </div>
   <div class='ocr_carea' id='block_1_4' title="bbox 489 487 2064 565">
    <p class='ocr_par' dir='ltr' id='par_1_4' title="bbox 489 487 2049 561">
     <span class='ocr_line' id='line_1_4' title="bbox 489 487 2049 561; baseline -0.001 -17"><span class='ocrx_word' id='word_1_6' title='bbox 489 492 608 544; x_wconf 80' lang='lat' dir='ltr'><strong>sine</strong></span> <span class='ocrx_word' id='word_1_7' title='bbox 668 487 775 543; x_wconf 87' lang='lat' dir='ltr'><strong>ulla</strong></span> <span class='ocrx_word' id='word_1_8' title='bbox 837 487 1174 546; x_wconf 74' lang='lat' dir='ltr'><strong>dubitatione</strong></span> <span class='ocrx_word' id='word_1_9' title='bbox 1229 489 1824 561; x_wconf 66' lang='lat' dir='ltr'><strong>tollerezl’yrrhonios</strong></span> <span class='ocrx_word' id='word_1_10' title='bbox 1872 501 2049 544; x_wconf 88' lang='lat' dir='ltr'><strong>autem</strong></span> 
     </span>
    </p>
   </div>
   <div class='ocr_carea' id='block_1_5' title="bbox 2167 487 3740 565">
    <p class='ocr_par' dir='ltr' id='par_1_5' title="bbox 2167 489 3740 565">
     <span class='ocr_line' id='line_1_5' title="bbox 2167 489 3740 565; baseline 0 -23"><span class='ocrx_word' id='word_1_11' title='bbox 2167 492 2418 556; x_wconf 72' lang='grc' dir='ltr'>ττάκτως,</span> <span class='ocrx_word' id='word_1_12' title='bbox 2449 493 2515 546; x_wconf 76' lang='grc' dir='ltr'>τὰ</span> <span class='ocrx_word' id='word_1_13' title='bbox 2541 493 2598 547; x_wconf 78' lang='grc' dir='ltr'><strong>δὲ</strong></span> <span class='ocrx_word' id='word_1_14' title='bbox 2630 494 2874 565; x_wconf 79' lang='grc' dir='ltr'>αῖρουσιν</span> <span class='ocrx_word' id='word_1_15' title='bbox 2903 491 3314 563; x_wconf 84' lang='grc' dir='ltr'>ἀναμφιϐόλως,</span> <span class='ocrx_word' id='word_1_16' title='bbox 3353 492 3399 544; x_wconf 84' lang='lat' dir='ltr'><strong>oi</strong></span> <span class='ocrx_word' id='word_1_17' title='bbox 3448 490 3492 544; x_wconf 83' lang='grc' dir='ltr'>δ’</span> <span class='ocrx_word' id='word_1_18' title='bbox 3525 489 3647 544; x_wconf 73' lang='grc' dir='ltr'>ἀπὸ</span> <span class='ocrx_word' id='word_1_19' title='bbox 3695 490 3740 522; x_wconf 72' lang='grc'><strong>⁸³</strong></span> 
     </span>
    </p>
   </div>
   <div class='ocr_carea' id='block_1_6' title="bbox 405 583 2058 655">
    <p class='ocr_par' dir='ltr' id='par_1_6' title="bbox 405 583 2058 655">
     <span class='ocr_line' id='line_1_6' title="bbox 405 583 2058 655; baseline 0.001 -17"><span class='ocrx_word' id='word_1_20' title='bbox 405 623 410 630; x_wconf 90' lang='grc'><strong><em>-</em></strong></span> <span class='ocrx_word' id='word_1_21' title='bbox 494 583 684 638; x_wconf 82' lang='lat' dir='ltr'><strong>dubios</strong></span> <span class='ocrx_word' id='word_1_22' title='bbox 723 583 954 648; x_wconf 69' lang='lat' dir='ltr'><strong>hatrere,</strong></span> <span class='ocrx_word' id='word_1_23' title='bbox 1011 594 1066 638; x_wconf 93' lang='lat' dir='ltr'><strong>et</strong></span> <span class='ocrx_word' id='word_1_24' title='bbox 1089 587 1156 640; x_wconf 89' lang='lat' dir='ltr'><strong>ab</strong></span> <span class='ocrx_word' id='word_1_25' title='bbox 1206 585 1352 639; x_wconf 93' lang='lat' dir='ltr'><strong>omni</strong></span> <span class='ocrx_word' id='word_1_26' title='bbox 1385 585 1636 655; x_wconf 77' lang='lat' dir='ltr'><strong>dogmate</strong></span> <span class='ocrx_word' id='word_1_27' title='bbox 1668 585 1864 640; x_wconf 85' lang='lat' dir='ltr'><strong>liberos</strong></span> <span class='ocrx_word' id='word_1_28' title='bbox 1895 596 2058 654; x_wconf 89' lang='lat' dir='ltr'><strong>atque</strong></span> 
     </span>
    </p>
   </div>
   <div class='ocr_carea' id='block_1_7' title="bbox 492 674 2059 744">
    <p class='ocr_par' dir='ltr' id='par_1_7' title="bbox 492 674 2059 744">
     <span class='ocr_line' id='line_1_7' title="bbox 492 674 2059 744; baseline 0.001 -16"><span class='ocrx_word' id='word_1_29' title='bbox 492 674 697 730; x_wconf 85' lang='lat' dir='ltr'><strong>solutos</strong></span> <span class='ocrx_word' id='word_1_30' title='bbox 737 689 898 740; x_wconf 84' lang='lat' dir='ltr'><strong>esse;</strong></span> <span class='ocrx_word' id='word_1_31' title='bbox 951 685 1008 729; x_wconf 92' lang='lat' dir='ltr'><strong>ut</strong></span> <span class='ocrx_word' id='word_1_32' title='bbox 1057 691 1244 730; x_wconf 89' lang='lat' dir='ltr'><strong>eorum</strong></span> <span class='ocrx_word' id='word_1_33' title='bbox 1289 678 1450 732; x_wconf 90' lang='lat' dir='ltr'><strong>etiam</strong></span> <span class='ocrx_word' id='word_1_34' title='bbox 1481 694 1640 734; x_wconf 90' lang='lat' dir='ltr'><strong>nemo</strong></span> <span class='ocrx_word' id='word_1_35' title='bbox 1667 679 1910 744; x_wconf 87' lang='lat' dir='ltr'><strong>omnino,</strong></span> <span class='ocrx_word' id='word_1_36' title='bbox 1965 686 2059 730; x_wconf 88' lang='lat' dir='ltr'><strong>aut</strong></span> 
     </span>
    </p>
   </div>
   <div class='ocr_carea' id='block_1_8' title="bbox 493 767 2059 838">
    <p class='ocr_par' dir='ltr' id='par_1_8' title="bbox 493 767 2059 838">
     <span class='ocr_line' id='line_1_8' title="bbox 493 767 2059 838; baseline 0.001 -17"><span class='ocrx_word' id='word_1_37' title='bbox 493 767 875 837; x_wconf 78' lang='lat' dir='ltr'><strong>comprehendi</strong></span> <span class='ocrx_word' id='word_1_38' title='bbox 927 769 1107 822; x_wconf 88' lang='lat' dir='ltr'><strong>omnia</strong></span> <span class='ocrx_word' id='word_1_39' title='bbox 1164 783 1320 837; x_wconf 83' lang='lat' dir='ltr'><strong>posse</strong></span> <span class='ocrx_word' id='word_1_40' title='bbox 1379 769 1570 838; x_wconf 75' lang='lat' dir='ltr'><strong>170a</strong></span> <span class='ocrx_word' id='word_1_41' title='bbox 1618 778 1711 822; x_wconf 90' lang='lat' dir='ltr'><strong>aut</strong></span> <span class='ocrx_word' id='word_1_42' title='bbox 1756 783 1859 822; x_wconf 91' lang='lat' dir='ltr'><strong>non</strong></span> <span class='ocrx_word' id='word_1_43' title='bbox 1900 783 2059 836; x_wconf 83' lang='lat' dir='ltr'><strong>posse</strong></span> 
     </span>
    </p>
   </div>
   <div class='ocr_carea' id='block_1_9' title="bbox 493 859 2059 928">
    <p class='ocr_par' dir='ltr' id='par_1_9' title="bbox 493 859 2059 928">
     <span class='ocr_line' id='line_1_9' title="bbox 493 859 2059 928; baseline -0.003 -12"><span class='ocrx_word' id='word_1_44' title='bbox 493 861 724 928; x_wconf 81' lang='lat' dir='ltr'><strong>dixerit;</strong></span> <span class='ocrx_word' id='word_1_45' title='bbox 756 860 850 916; x_wconf 88' lang='lat' dir='ltr'><strong>sed</strong></span> <span class='ocrx_word' id='word_1_46' title='bbox 878 861 1046 916; x_wconf 85' lang='lat' dir='ltr'><strong>nihilo</strong></span> <span class='ocrx_word' id='word_1_47' title='bbox 1074 863 1247 928; x_wconf 87' lang='lat' dir='ltr'><strong>magis</strong></span> <span class='ocrx_word' id='word_1_48' title='bbox 1278 860 1426 926; x_wconf 88' lang='lat' dir='ltr'><strong>talia,</strong></span> <span class='ocrx_word' id='word_1_49' title='bbox 1455 874 1613 928; x_wconf 66' lang='lat' dir='ltr'><strong>quam</strong></span> <span class='ocrx_word' id='word_1_50' title='bbox 1645 859 1768 912; x_wconf 89' lang='lat' dir='ltr'><strong>talia</strong></span> <span class='ocrx_word' id='word_1_51' title='bbox 1801 871 1938 923; x_wconf 87' lang='lat' dir='ltr'><strong>esse,</strong></span> <span class='ocrx_word' id='word_1_52' title='bbox 1967 867 2059 911; x_wconf 86' lang='lat' dir='ltr'><strong>aut</strong></span> 
     </span>
    </p>
   </div>
   <div class='ocr_carea' id='block_1_10' title="bbox 495 950 2055 1018">
    <p class='ocr_par' dir='ltr' id='par_1_10' title="bbox 495 950 2055 1018">
     <span class='ocr_line' id='line_1_10' title="bbox 495 950 2055 1018; baseline -0.002 -15"><span class='ocrx_word' id='word_1_53' title='bbox 495 961 620 1006; x_wconf 88' lang='lat' dir='ltr'><strong>tunc</strong></span> <span class='ocrx_word' id='word_1_54' title='bbox 644 953 856 1018; x_wconf 84' lang='lat' dir='ltr'><strong>quidem</strong></span> <span class='ocrx_word' id='word_1_55' title='bbox 882 953 1028 1014; x_wconf 85' lang='lat' dir='ltr'><strong>talia,</strong></span> <span class='ocrx_word' id='word_1_56' title='bbox 1061 952 1196 1006; x_wconf 89' lang='lat' dir='ltr'><strong>alias</strong></span> <span class='ocrx_word' id='word_1_57' title='bbox 1231 967 1358 1006; x_wconf 86' lang='lat' dir='ltr'><strong>vero</strong></span> <span class='ocrx_word' id='word_1_58' title='bbox 1389 967 1492 1005; x_wconf 94' lang='lat' dir='ltr'><strong>non</strong></span> <span class='ocrx_word' id='word_1_59' title='bbox 1526 950 1672 1016; x_wconf 90' lang='lat' dir='ltr'><strong>talia,</strong></span> <span class='ocrx_word' id='word_1_60' title='bbox 1701 950 1779 1001; x_wconf 80' lang='lat' dir='ltr'><strong>vel</strong></span> <span class='ocrx_word' id='word_1_61' title='bbox 1814 951 1901 1002; x_wconf 92' lang='lat' dir='ltr'><strong>uni</strong></span> <span class='ocrx_word' id='word_1_62' title='bbox 1934 950 2055 1017; x_wconf 90' lang='lat' dir='ltr'><strong>qui-</strong></span> 
     </span>
    </p>
   </div>
   <div class='ocr_carea' id='block_1_11' title="bbox 493 1041 2058 1108">
    <p class='ocr_par' dir='ltr' id='par_1_11' title="bbox 493 1041 2058 1108">
     <span class='ocr_line' id='line_1_11' title="bbox 493 1041 2058 1108; baseline -0.001 -12"><span class='ocrx_word' id='word_1_63' title='bbox 493 1043 612 1097; x_wconf 91' lang='lat' dir='ltr'><strong>dem</strong></span> <span class='ocrx_word' id='word_1_64' title='bbox 672 1042 998 1108; x_wconf 78' lang='lat' dir='ltr'><strong>huiusmodi,</strong></span> <span class='ocrx_word' id='word_1_65' title='bbox 1051 1042 1138 1096; x_wconf 88' lang='lat' dir='ltr'><strong>alii</strong></span> <span class='ocrx_word' id='word_1_66' title='bbox 1182 1057 1307 1095; x_wconf 84' lang='lat' dir='ltr'><strong>vero</strong></span> <span class='ocrx_word' id='word_1_67' title='bbox 1357 1058 1461 1094; x_wconf 94' lang='lat' dir='ltr'><strong>non</strong></span> <span class='ocrx_word' id='word_1_68' title='bbox 1518 1041 1846 1107; x_wconf 86' lang='lat' dir='ltr'><strong>hujusmodi,</strong></span> <span class='ocrx_word' id='word_1_69' title='bbox 1897 1041 2058 1094; x_wconf 89' lang='lat' dir='ltr'><strong>tertio</strong></span> 
     </span>
    </p>
   </div>
   <div class='ocr_carea' id='block_1_12' title="bbox 492 1129 2056 1201">
    <p class='ocr_par' dir='ltr' id='par_1_12' title="bbox 492 1129 2056 1201">
     <span class='ocr_line' id='line_1_12' title="bbox 492 1129 2056 1201; baseline -0.003 -14"><span class='ocrx_word' id='word_1_70' title='bbox 492 1133 656 1187; x_wconf 86' lang='lat' dir='ltr'><strong>etiam</strong></span> <span class='ocrx_word' id='word_1_71' title='bbox 693 1132 856 1201; x_wconf 85' lang='lat' dir='ltr'><strong>plane</strong></span> <span class='ocrx_word' id='word_1_72' title='bbox 904 1147 1009 1185; x_wconf 92' lang='lat' dir='ltr'><strong>non</strong></span> <span class='ocrx_word' id='word_1_73' title='bbox 1046 1145 1184 1185; x_wconf 87' lang='lat' dir='ltr'><strong>esse.</strong></span> <span class='ocrx_word' id='word_1_74' title='bbox 1242 1129 1426 1199; x_wconf 84' lang='lat' dir='ltr'><strong>Neque</strong></span> <span class='ocrx_word' id='word_1_75' title='bbox 1466 1147 1680 1185; x_wconf 88' lang='lat' dir='ltr'><strong>rursum</strong></span> <span class='ocrx_word' id='word_1_76' title='bbox 1726 1130 1906 1184; x_wconf 84' lang='lat' dir='ltr'><strong>omnia</strong></span> <span class='ocrx_word' id='word_1_77' title='bbox 1936 1146 2056 1184; x_wconf 81' lang='lat' dir='ltr'><strong>esse</strong></span> 
     </span>
    </p>
   </div>
   <div class='ocr_carea' id='block_1_13' title="bbox 491 1222 2057 1292">
    <p class='ocr_par' dir='ltr' id='par_1_13' title="bbox 491 1222 2057 1292">
     <span class='ocr_line' id='line_1_13' title="bbox 491 1222 2057 1292; baseline -0.003 -13"><span class='ocrx_word' id='word_1_78' title='bbox 491 1224 852 1279; x_wconf 84' lang='lat' dir='ltr'><strong>communiter</strong></span> <span class='ocrx_word' id='word_1_79' title='bbox 877 1222 1164 1291; x_wconf 81' lang='lat' dir='ltr'><strong>ejusmodi,</strong></span> <span class='ocrx_word' id='word_1_80' title='bbox 1196 1224 1482 1291; x_wconf 90' lang='lat' dir='ltr'><strong>utassequi</strong></span> <span class='ocrx_word' id='word_1_81' title='bbox 1517 1223 1606 1275; x_wconf 87' lang='lat' dir='ltr'><strong>illa</strong></span> <span class='ocrx_word' id='word_1_82' title='bbox 1637 1223 1905 1292; x_wconf 76' lang='lat' dir='ltr'><strong>quispiam</strong></span> <span class='ocrx_word' id='word_1_83' title='bbox 1935 1237 2057 1288; x_wconf 91' lang='lat' dir='ltr'><strong>pos-</strong></span> 
     </span>
    </p>
   </div>
   <div class='ocr_carea' id='block_1_14' title="bbox 489 1313 2054 1384">
    <p class='ocr_par' dir='ltr' id='par_1_14' title="bbox 489 1313 2054 1384">
     <span class='ocr_line' id='line_1_14' title="bbox 489 1313 2054 1384; baseline -0.004 -15"><span class='ocrx_word' id='word_1_84' title='bbox 489 1315 584 1378; x_wconf 84' lang='lat' dir='ltr'><strong>sit.</strong></span> <span class='ocrx_word' id='word_1_85' title='bbox 635 1315 718 1369; x_wconf 84' lang='lat' dir='ltr'><strong>vel</strong></span> <span class='ocrx_word' id='word_1_86' title='bbox 750 1315 993 1384; x_wconf 70' lang='lat' dir='ltr'><strong>quaedam</strong></span> <span class='ocrx_word' id='word_1_87' title='bbox 1019 1313 1211 1370; x_wconf 82' lang='lat' dir='ltr'><strong>saltem</strong></span> <span class='ocrx_word' id='word_1_88' title='bbox 1240 1313 1430 1368; x_wconf 92' lang='lat' dir='ltr'><strong>horum</strong></span> <span class='ocrx_word' id='word_1_89' title='bbox 1471 1313 1686 1382; x_wconf 85' lang='lat' dir='ltr'><strong>assequi</strong></span> <span class='ocrx_word' id='word_1_90' title='bbox 1728 1329 1832 1366; x_wconf 95' lang='lat' dir='ltr'><strong>non</strong></span> <span class='ocrx_word' id='word_1_91' title='bbox 1867 1314 2054 1380; x_wconf 81' lang='lat' dir='ltr'><strong>possit,</strong></span> 
     </span>
    </p>
   </div>
   <div class='ocr_carea' id='block_1_15' title="bbox 491 1406 2053 1476">
    <p class='ocr_par' dir='ltr' id='par_1_15' title="bbox 491 1406 2053 1476">
     <span class='ocr_line' id='line_1_15' title="bbox 491 1406 2053 1476; baseline -0.006 -12"><span class='ocrx_word' id='word_1_92' title='bbox 491 1407 585 1464; x_wconf 70' lang='lat' dir='ltr'><strong>sed</strong></span> <span class='ocrx_word' id='word_1_93' title='bbox 618 1421 722 1462; x_wconf 92' lang='lat' dir='ltr'><strong>non</strong></span> <span class='ocrx_word' id='word_1_94' title='bbox 762 1406 933 1476; x_wconf 84' lang='lat' dir='ltr'><strong>magis</strong></span> <span class='ocrx_word' id='word_1_95' title='bbox 968 1406 1083 1461; x_wconf 90' lang='lat' dir='ltr'><strong>ﬁeri</strong></span> <span class='ocrx_word' id='word_1_96' title='bbox 1117 1420 1291 1474; x_wconf 88' lang='lat' dir='ltr'><strong>posse,</strong></span> <span class='ocrx_word' id='word_1_97' title='bbox 1330 1413 1385 1458; x_wconf 93' lang='lat' dir='ltr'><strong>ut</strong></span> <span class='ocrx_word' id='word_1_98' title='bbox 1440 1406 1562 1474; x_wconf 86' lang='lat' dir='ltr'><strong>quis</strong></span> <span class='ocrx_word' id='word_1_99' title='bbox 1615 1420 1678 1458; x_wconf 84' lang='lat' dir='ltr'><strong>ea</strong></span> <span class='ocrx_word' id='word_1_100' title='bbox 1710 1414 2053 1472; x_wconf 74' lang='lat' dir='ltr'><strong>assequatur,</strong></span> 
     </span>
    </p>
   </div>
   <div class='ocr_carea' id='block_1_16' title="bbox 489 1497 2054 1567">
    <p class='ocr_par' dir='ltr' id='par_1_16' title="bbox 489 1497 2054 1567">
     <span class='ocr_line' id='line_1_16' title="bbox 489 1497 2054 1567; baseline -0.001 -17"><span class='ocrx_word' id='word_1_101' title='bbox 489 1512 655 1566; x_wconf 84' lang='lat' dir='ltr'><strong>quant</strong></span> <span class='ocrx_word' id='word_1_102' title='bbox 686 1507 743 1550; x_wconf 93' lang='lat' dir='ltr'><strong>ut</strong></span> <span class='ocrx_word' id='word_1_103' title='bbox 773 1511 880 1551; x_wconf 87' lang='lat' dir='ltr'><strong>non</strong></span> <span class='ocrx_word' id='word_1_104' title='bbox 909 1506 1269 1567; x_wconf 86' lang='lat' dir='ltr'><strong>assequatur:</strong></span> <span class='ocrx_word' id='word_1_105' title='bbox 1303 1497 1382 1550; x_wconf 86' lang='lat' dir='ltr'><strong>vel</strong></span> <span class='ocrx_word' id='word_1_106' title='bbox 1422 1513 1566 1550; x_wconf 89' lang='lat' dir='ltr'><strong>nunc</strong></span> <span class='ocrx_word' id='word_1_107' title='bbox 1596 1499 1814 1566; x_wconf 85' lang='lat' dir='ltr'><strong>quidem</strong></span> <span class='ocrx_word' id='word_1_108' title='bbox 1842 1497 2054 1565; x_wconf 83' lang='lat' dir='ltr'><strong>assequi</strong></span> 
     </span>
    </p>
   </div>
   <div class='ocr_carea' id='block_1_17' title="bbox 489 1589 2057 1658">
    <p class='ocr_par' dir='ltr' id='par_1_17' title="bbox 489 1589 2057 1658">
     <span class='ocr_line' id='line_1_17' title="bbox 489 1589 2057 1658; baseline 0 -15"><span class='ocrx_word' id='word_1_109' title='bbox 489 1593 685 1658; x_wconf 85' lang='lat' dir='ltr'><strong>possit,</strong></span> <span class='ocrx_word' id='word_1_110' title='bbox 743 1599 872 1644; x_wconf 88' lang='lat' dir='ltr'><strong>tunc</strong></span> <span class='ocrx_word' id='word_1_111' title='bbox 899 1606 1024 1645; x_wconf 86' lang='lat' dir='ltr'><strong>vero</strong></span> <span class='ocrx_word' id='word_1_112' title='bbox 1052 1605 1158 1645; x_wconf 92' lang='lat' dir='ltr'><strong>non</strong></span> <span class='ocrx_word' id='word_1_113' title='bbox 1188 1591 1336 1644; x_wconf 88' lang='lat' dir='ltr'><strong>item.</strong></span> <span class='ocrx_word' id='word_1_114' title='bbox 1378 1589 1488 1644; x_wconf 92' lang='lat' dir='ltr'><strong>Imo</strong></span> <span class='ocrx_word' id='word_1_115' title='bbox 1519 1605 1693 1658; x_wconf 87' lang='lat' dir='ltr'><strong>neque</strong></span> <span class='ocrx_word' id='word_1_116' title='bbox 1715 1605 1922 1654; x_wconf 85' lang='lat' dir='ltr'><strong>verum,</strong></span> <span class='ocrx_word' id='word_1_117' title='bbox 1965 1606 2057 1643; x_wconf 87' lang='lat' dir='ltr'><strong>ne-</strong></span> 
     </span>
    </p>
   </div>
   <div class='ocr_carea' id='block_1_18' title="bbox 489 1681 2053 1750">
    <p class='ocr_par' dir='ltr' id='par_1_18' title="bbox 489 1681 2053 1750">
     <span class='ocr_line' id='line_1_18' title="bbox 489 1681 2053 1750; baseline 0.002 -16"><span class='ocrx_word' id='word_1_118' title='bbox 489 1696 598 1748; x_wconf 86' lang='lat' dir='ltr'><strong>que</strong></span> <span class='ocrx_word' id='word_1_119' title='bbox 630 1681 847 1744; x_wconf 78' lang='lat' dir='ltr'><strong>falsum,</strong></span> <span class='ocrx_word' id='word_1_120' title='bbox 881 1696 1054 1749; x_wconf 91' lang='lat' dir='ltr'><strong>neque</strong></span> <span class='ocrx_word' id='word_1_121' title='bbox 1079 1681 1375 1750; x_wconf 85' lang='lat' dir='ltr'><strong>probabile,</strong></span> <span class='ocrx_word' id='word_1_122' title='bbox 1413 1696 1588 1750; x_wconf 90' lang='lat' dir='ltr'><strong>neque</strong></span> <span class='ocrx_word' id='word_1_123' title='bbox 1613 1696 1731 1747; x_wconf 87' lang='lat' dir='ltr'><strong>ens,</strong></span> <span class='ocrx_word' id='word_1_124' title='bbox 1757 1698 1928 1749; x_wconf 88' lang='lat' dir='ltr'><strong>neque</strong></span> <span class='ocrx_word' id='word_1_125' title='bbox 1950 1699 2053 1737; x_wconf 92' lang='lat' dir='ltr'><strong>non</strong></span> 
     </span>
    </p>
   </div>
   <div class='ocr_carea' id='block_1_19' title="bbox 491 1770 2050 1839">
    <p class='ocr_par' dir='ltr' id='par_1_19' title="bbox 491 1770 2050 1839">
     <span class='ocr_line' id='line_1_19' title="bbox 491 1770 2050 1839; baseline 0 -16"><span class='ocrx_word' id='word_1_126' title='bbox 491 1783 612 1831; x_wconf 86' lang='lat' dir='ltr'><strong>ens.</strong></span> <span class='ocrx_word' id='word_1_127' title='bbox 659 1770 754 1824; x_wconf 86' lang='lat' dir='ltr'><strong>sed</strong></span> <span class='ocrx_word' id='word_1_128' title='bbox 797 1770 962 1834; x_wconf 89' lang='lat' dir='ltr'><strong>idem,</strong></span> <span class='ocrx_word' id='word_1_129' title='bbox 1019 1780 1076 1824; x_wconf 92' lang='lat' dir='ltr'><strong>ut</strong></span> <span class='ocrx_word' id='word_1_130' title='bbox 1105 1771 1186 1825; x_wconf 90' lang='lat' dir='ltr'><strong>sic</strong></span> <span class='ocrx_word' id='word_1_131' title='bbox 1211 1772 1443 1833; x_wconf 85' lang='lat' dir='ltr'><strong>dicatur,</strong></span> <span class='ocrx_word' id='word_1_132' title='bbox 1499 1785 1605 1824; x_wconf 89' lang='lat' dir='ltr'><strong>non</strong></span> <span class='ocrx_word' id='word_1_133' title='bbox 1658 1772 1836 1839; x_wconf 83' lang='lat' dir='ltr'><strong>potius</strong></span> <span class='ocrx_word' id='word_1_134' title='bbox 1866 1786 2050 1824; x_wconf 83' lang='lat' dir='ltr'><strong>verum</strong></span> 
     </span>
    </p>
   </div>
   <div class='ocr_carea' id='block_1_20' title="bbox 491 1860 2049 1932">
    <p class='ocr_par' dir='ltr' id='par_1_20' title="bbox 491 1860 2049 1932">
     <span class='ocr_line' id='line_1_20' title="bbox 491 1860 2049 1932; baseline 0 -17"><span class='ocrx_word' id='word_1_135' title='bbox 491 1875 631 1924; x_wconf 83' lang='lat' dir='ltr'><strong>esse,</strong></span> <span class='ocrx_word' id='word_1_136' title='bbox 688 1876 849 1932; x_wconf 88' lang='lat' dir='ltr'><strong>quam</strong></span> <span class='ocrx_word' id='word_1_137' title='bbox 902 1860 1092 1915; x_wconf 79' lang='lat' dir='ltr'><strong>falsum</strong></span> <span class='ocrx_word' id='word_1_138' title='bbox 1125 1879 1138 1919; x_wconf 88' lang='lat'><strong>:</strong></span> <span class='ocrx_word' id='word_1_139' title='bbox 1171 1871 1264 1916; x_wconf 91' lang='lat' dir='ltr'><strong>aut</strong></span> <span class='ocrx_word' id='word_1_140' title='bbox 1311 1862 1587 1930; x_wconf 86' lang='lat' dir='ltr'><strong>probabile</strong></span> <span class='ocrx_word' id='word_1_141' title='bbox 1637 1863 1837 1930; x_wconf 82' lang='lat' dir='ltr'><strong>potius,</strong></span> <span class='ocrx_word' id='word_1_142' title='bbox 1891 1877 2049 1930; x_wconf 88' lang='lat' dir='ltr'><strong>quam</strong></span> 
     </span>
    </p>
   </div>
   <div class='ocr_carea' id='block_1_21' title="bbox 497 1952 2053 2022">
    <p class='ocr_par' dir='ltr' id='par_1_21' title="bbox 497 1952 2053 2022">
     <span class='ocr_line' id='line_1_21' title="bbox 497 1952 2053 2022; baseline 0.002 -19"><span class='ocrx_word' id='word_1_143' title='bbox 497 1952 844 2021; x_wconf 86' lang='lat' dir='ltr'><strong>improbabile</strong></span> <span class='ocrx_word' id='word_1_144' title='bbox 874 1969 888 2007; x_wconf 88' lang='lat'><strong>:</strong></span> <span class='ocrx_word' id='word_1_145' title='bbox 922 1962 1015 2005; x_wconf 89' lang='lat' dir='ltr'><strong>aut</strong></span> <span class='ocrx_word' id='word_1_146' title='bbox 1042 1967 1158 2016; x_wconf 90' lang='lat' dir='ltr'><strong>eus,</strong></span> <span class='ocrx_word' id='word_1_147' title='bbox 1191 1967 1352 2021; x_wconf 87' lang='lat' dir='ltr'><strong>quam</strong></span> <span class='ocrx_word' id='word_1_148' title='bbox 1377 1970 1480 2007; x_wconf 93' lang='lat' dir='ltr'><strong>non</strong></span> <span class='ocrx_word' id='word_1_149' title='bbox 1527 1969 1644 2017; x_wconf 89' lang='lat' dir='ltr'><strong>ens,</strong></span> <span class='ocrx_word' id='word_1_150' title='bbox 1674 1963 1767 2007; x_wconf 90' lang='lat' dir='ltr'><strong>aut</strong></span> <span class='ocrx_word' id='word_1_151' title='bbox 1791 1963 1902 2006; x_wconf 89' lang='lat' dir='ltr'><strong>tum</strong></span> <span class='ocrx_word' id='word_1_152' title='bbox 1935 1955 2053 2022; x_wconf 87' lang='lat' dir='ltr'><strong>qui-</strong></span> 
     </span>
    </p>
   </div>
   <div class='ocr_carea' id='block_1_22' title="bbox 492 2042 2053 2111">
    <p class='ocr_par' dir='ltr' id='par_1_22' title="bbox 492 2042 2053 2111">
     <span class='ocr_line' id='line_1_22' title="bbox 492 2042 2053 2111; baseline 0.001 -15"><span class='ocrx_word' id='word_1_153' title='bbox 492 2042 614 2096; x_wconf 85' lang='lat' dir='ltr'><strong>dem</strong></span> <span class='ocrx_word' id='word_1_154' title='bbox 649 2043 773 2105; x_wconf 87' lang='lat' dir='ltr'><strong>tale,</strong></span> <span class='ocrx_word' id='word_1_155' title='bbox 805 2042 939 2097; x_wconf 84' lang='lat' dir='ltr'><strong>alias</strong></span> <span class='ocrx_word' id='word_1_156' title='bbox 969 2057 1098 2096; x_wconf 84' lang='lat' dir='ltr'><strong>vero</strong></span> <span class='ocrx_word' id='word_1_157' title='bbox 1139 2043 1424 2098; x_wconf 89' lang='lat' dir='ltr'><strong>aliusmodi</strong></span> <span class='ocrx_word' id='word_1_158' title='bbox 1457 2062 1471 2097; x_wconf 90' lang='lat'><strong>:</strong></span> <span class='ocrx_word' id='word_1_159' title='bbox 1502 2055 1594 2097; x_wconf 89' lang='lat' dir='ltr'><strong>aut</strong></span> <span class='ocrx_word' id='word_1_160' title='bbox 1632 2047 1720 2098; x_wconf 93' lang='lat' dir='ltr'><strong>nni</strong></span> <span class='ocrx_word' id='word_1_161' title='bbox 1765 2045 1892 2111; x_wconf 84' lang='lat' dir='ltr'><strong>tale,</strong></span> <span class='ocrx_word' id='word_1_162' title='bbox 1930 2061 2053 2098; x_wconf 83' lang='lat' dir='ltr'><strong>mox</strong></span> 
     </span>
    </p>
   </div>
   <div class='ocr_carea' id='block_1_23' title="bbox 493 2133 2052 2191">
    <p class='ocr_par' dir='ltr' id='par_1_23' title="bbox 493 2133 2052 2191">
     <span class='ocr_line' id='line_1_23' title="bbox 493 2133 2052 2191; baseline 0.005 -9"><span class='ocrx_word' id='word_1_163' title='bbox 493 2133 647 2187; x_wconf 79' lang='lat' dir='ltr'><strong>alteri</strong></span> <span class='ocrx_word' id='word_1_164' title='bbox 708 2134 873 2188; x_wconf 90' lang='lat' dir='ltr'><strong>etiam</strong></span> <span class='ocrx_word' id='word_1_165' title='bbox 934 2150 1042 2188; x_wconf 89' lang='lat' dir='ltr'><strong>non</strong></span> <span class='ocrx_word' id='word_1_166' title='bbox 1105 2134 1232 2190; x_wconf 85' lang='lat' dir='ltr'><strong>tale.</strong></span> <span class='ocrx_word' id='word_1_167' title='bbox 1285 2134 1426 2188; x_wconf 88' lang='lat' dir='ltr'><strong>Nihil</strong></span> <span class='ocrx_word' id='word_1_168' title='bbox 1466 2136 1609 2190; x_wconf 90' lang='lat' dir='ltr'><strong>enim</strong></span> <span class='ocrx_word' id='word_1_169' title='bbox 1640 2137 1692 2188; x_wconf 91' lang='lat' dir='ltr'><strong>iu</strong></span> <span class='ocrx_word' id='word_1_170' title='bbox 1747 2138 2052 2191; x_wconf 82' lang='lat' dir='ltr'><strong>universum</strong></span> 
     </span>
    </p>
   </div>
   <div class='ocr_carea' id='block_1_24' title="bbox 493 2224 2054 2298">
    <p class='ocr_par' dir='ltr' id='par_1_24' title="bbox 493 2224 2054 2298">
     <span class='ocr_line' id='line_1_24' title="bbox 493 2224 2054 2298; baseline 0.001 -18"><span class='ocrx_word' id='word_1_171' title='bbox 493 2224 825 2293; x_wconf 79' lang='lat' dir='ltr'><strong>Pyrrhonios</strong></span> <span class='ocrx_word' id='word_1_172' title='bbox 868 2227 1108 2291; x_wconf 87' lang='lat' dir='ltr'><strong>deﬁnite,</strong></span> <span class='ocrx_word' id='word_1_173' title='bbox 1165 2244 1233 2282; x_wconf 91' lang='lat' dir='ltr'><strong>ne</strong></span> <span class='ocrx_word' id='word_1_174' title='bbox 1263 2229 1364 2283; x_wconf 84' lang='lat' dir='ltr'><strong>hoc</strong></span> <span class='ocrx_word' id='word_1_175' title='bbox 1398 2229 1612 2298; x_wconf 83' lang='lat' dir='ltr'><strong>quidem</strong></span> <span class='ocrx_word' id='word_1_176' title='bbox 1663 2231 1857 2296; x_wconf 88' lang='lat' dir='ltr'><strong>ipsum,</strong></span> <span class='ocrx_word' id='word_1_177' title='bbox 1913 2230 2054 2297; x_wconf 93' lang='lat' dir='ltr'><strong>quod</strong></span> 
     </span>
    </p>
   </div>
   <div class='ocr_carea' id='block_1_25' title="bbox 497 2315 2053 2389">
    <p class='ocr_par' dir='ltr' id='par_1_25' title="bbox 497 2315 2053 2389">
     <span class='ocr_line' id='line_1_25' title="bbox 497 2315 2053 2389; baseline 0.004 -23"><span class='ocrx_word' id='word_1_178' title='bbox 497 2315 627 2368; x_wconf 84' lang='lat' dir='ltr'><strong>nihil</strong></span> <span class='ocrx_word' id='word_1_179' title='bbox 655 2315 963 2372; x_wconf 88' lang='lat' dir='ltr'><strong>deﬁniatur.</strong></span> <span class='ocrx_word' id='word_1_180' title='bbox 995 2319 1189 2372; x_wconf 83' lang='lat' dir='ltr'><strong>Verum</strong></span> <span class='ocrx_word' id='word_1_181' title='bbox 1213 2335 1334 2373; x_wconf 91' lang='lat' dir='ltr'><strong>cum</strong></span> <span class='ocrx_word' id='word_1_182' title='bbox 1359 2337 1463 2374; x_wconf 90' lang='lat' dir='ltr'><strong>non</strong></span> <span class='ocrx_word' id='word_1_183' title='bbox 1492 2330 1761 2389; x_wconf 84' lang='lat' dir='ltr'><strong>suppetat.</strong></span> <span class='ocrx_word' id='word_1_184' title='bbox 1798 2331 1854 2374; x_wconf 88' lang='lat' dir='ltr'><strong>ut</strong></span> <span class='ocrx_word' id='word_1_185' title='bbox 1881 2322 2053 2386; x_wconf 88' lang='lat' dir='ltr'><strong>aiunt,</strong></span> 
     </span>
    </p>
   </div>
   <div class='ocr_carea' id='block_1_26' title="bbox 495 2406 2059 2478">
    <p class='ocr_par' dir='ltr' id='par_1_26' title="bbox 495 2406 2059 2478">
     <span class='ocr_line' id='line_1_26' title="bbox 495 2406 2059 2478; baseline 0.009 -24"><span class='ocrx_word' id='word_1_186' title='bbox 495 2421 603 2474; x_wconf 82' lang='lat' dir='ltr'><strong>quo</strong></span> <span class='ocrx_word' id='word_1_187' title='bbox 636 2420 797 2460; x_wconf 88' lang='lat' dir='ltr'><strong>sensa</strong></span> <span class='ocrx_word' id='word_1_188' title='bbox 829 2408 1026 2463; x_wconf 91' lang='lat' dir='ltr'><strong>mentis</strong></span> <span class='ocrx_word' id='word_1_189' title='bbox 1061 2406 1368 2474; x_wconf 72' lang='lat' dir='ltr'><strong>eﬁ‘eramus,</strong></span> <span class='ocrx_word' id='word_1_190' title='bbox 1397 2411 1476 2463; x_wconf 90' lang='lat' dir='ltr'><strong>sic</strong></span> <span class='ocrx_word' id='word_1_191' title='bbox 1507 2410 1649 2478; x_wconf 80' lang='lat' dir='ltr'><strong>loqui</strong></span> <span class='ocrx_word' id='word_1_192' title='bbox 1680 2411 1935 2465; x_wconf 86' lang='lat' dir='ltr'><strong>solemus.</strong></span> <span class='ocrx_word' id='word_1_193' title='bbox 1988 2414 2059 2468; x_wconf 84' lang='lat' dir='ltr'><strong>At</strong></span> 
     </span>
    </p>
   </div>
   <div class='ocr_carea' id='block_1_27' title="bbox 494 2495 2057 2568">
    <p class='ocr_par' dir='ltr' id='par_1_27' title="bbox 494 2495 2057 2568">
     <span class='ocr_line' id='line_1_27' title="bbox 494 2495 2057 2568; baseline 0.006 -20"><span class='ocrx_word' id='word_1_194' title='bbox 494 2495 588 2562; x_wconf 85' lang='lat' dir='ltr'><strong>qui</strong></span> <span class='ocrx_word' id='word_1_195' title='bbox 635 2495 702 2548; x_wconf 89' lang='lat' dir='ltr'><strong>ad</strong></span> <span class='ocrx_word' id='word_1_196' title='bbox 752 2499 1118 2565; x_wconf 86' lang='lat' dir='ltr'><strong>Academiam,</strong></span> <span class='ocrx_word' id='word_1_197' title='bbox 1172 2500 1514 2568; x_wconf 70' lang='lat' dir='ltr'><strong>maximeque</strong></span> <span class='ocrx_word' id='word_1_198' title='bbox 1571 2502 1636 2554; x_wconf 89' lang='lat' dir='ltr'><strong>ad</strong></span> <span class='ocrx_word' id='word_1_199' title='bbox 1684 2502 1826 2556; x_wconf 87' lang='lat' dir='ltr'><strong>hanc</strong></span> <span class='ocrx_word' id='word_1_200' title='bbox 1865 2518 2057 2557; x_wconf 81' lang='lat' dir='ltr'><strong>noram</strong></span> 
     </span>
    </p>
   </div>
   <div class='ocr_carea' id='block_1_28' title="bbox 498 2586 2061 2663">
    <p class='ocr_par' dir='ltr' id='par_1_28' title="bbox 498 2586 2061 2663">
     <span class='ocr_line' id='line_1_28' title="bbox 498 2586 2061 2663; baseline 0.007 -25"><span class='ocrx_word' id='word_1_201' title='bbox 498 2586 795 2656; x_wconf 81' lang='lat' dir='ltr'><strong>pertinent,</strong></span> <span class='ocrx_word' id='word_1_202' title='bbox 822 2590 1018 2659; x_wconf 89' lang='lat' dir='ltr'><strong>inquit,</strong></span> <span class='ocrx_word' id='word_1_203' title='bbox 1052 2606 1174 2644; x_wconf 91' lang='lat' dir='ltr'><strong>cum</strong></span> <span class='ocrx_word' id='word_1_204' title='bbox 1201 2592 1399 2646; x_wconf 86' lang='lat' dir='ltr'><strong>Stoicis</strong></span> <span class='ocrx_word' id='word_1_205' title='bbox 1426 2592 1690 2646; x_wconf 90' lang='lat' dir='ltr'><strong>interdum</strong></span> <span class='ocrx_word' id='word_1_206' title='bbox 1719 2595 2061 2663; x_wconf 85' lang='lat' dir='ltr'><strong>opinionibus</strong></span> 
     </span>
    </p>
   </div>
   <div class='ocr_carea' id='block_1_29' title="bbox 498 2680 2056 2751">
    <p class='ocr_par' dir='ltr' id='par_1_29' title="bbox 498 2680 2056 2751">
     <span class='ocr_line' id='line_1_29' title="bbox 498 2680 2056 2751; baseline 0.007 -23"><span class='ocrx_word' id='word_1_207' title='bbox 498 2680 862 2748; x_wconf 61' lang='lat' dir='ltr'><strong>consentiunt,</strong></span> <span class='ocrx_word' id='word_1_208' title='bbox 915 2691 970 2736; x_wconf 89' lang='lat' dir='ltr'><strong>et</strong></span> <span class='ocrx_word' id='word_1_209' title='bbox 1022 2682 1091 2751; x_wconf 87' lang='lat' dir='ltr'><strong>(si</strong></span> <span class='ocrx_word' id='word_1_210' title='bbox 1145 2697 1330 2736; x_wconf 86' lang='lat' dir='ltr'><strong>verum</strong></span> <span class='ocrx_word' id='word_1_211' title='bbox 1385 2683 1537 2736; x_wconf 76' lang='lat' dir='ltr'><strong>fateri</strong></span> <span class='ocrx_word' id='word_1_212' title='bbox 1582 2686 1847 2751; x_wconf 77' lang='lat' dir='ltr'><strong>volumus)</strong></span> <span class='ocrx_word' id='word_1_213' title='bbox 1892 2685 2056 2741; x_wconf 88' lang='lat' dir='ltr'><strong>Stoici</strong></span> 
     </span>
    </p>
   </div>
   <div class='ocr_carea' id='block_1_30' title="bbox 502 2772 2060 2842">
    <p class='ocr_par' dir='ltr' id='par_1_30' title="bbox 502 2772 2060 2842">
     <span class='ocr_line' id='line_1_30' title="bbox 502 2772 2060 2842; baseline 0.005 -18"><span class='ocrx_word' id='word_1_214' title='bbox 502 2772 626 2840; x_wconf 88' lang='lat' dir='ltr'><strong>ipsi,</strong></span> <span class='ocrx_word' id='word_1_215' title='bbox 651 2772 744 2827; x_wconf 89' lang='lat' dir='ltr'><strong>sed</strong></span> <span class='ocrx_word' id='word_1_216' title='bbox 772 2773 1002 2840; x_wconf 90' lang='lat' dir='ltr'><strong>quicum</strong></span> <span class='ocrx_word' id='word_1_217' title='bbox 1031 2773 1229 2828; x_wconf 91' lang='lat' dir='ltr'><strong>Stoicis</strong></span> <span class='ocrx_word' id='word_1_218' title='bbox 1260 2784 1518 2842; x_wconf 76' lang='lat' dir='ltr'><strong>pugnent,</strong></span> <span class='ocrx_word' id='word_1_219' title='bbox 1557 2776 1822 2831; x_wconf 85' lang='lat' dir='ltr'><strong>videntur.</strong></span> <span class='ocrx_word' id='word_1_220' title='bbox 1858 2776 2060 2832; x_wconf 87' lang='lat' dir='ltr'><strong>Deinde</strong></span> 
     </span>
    </p>
   </div>
   <div class='ocr_carea' id='block_1_31' title="bbox 497 2861 2060 2932">
    <p class='ocr_par' dir='ltr' id='par_1_31' title="bbox 497 2861 2060 2932">
     <span class='ocr_line' id='line_1_31' title="bbox 497 2861 2060 2932; baseline 0.003 -16"><span class='ocrx_word' id='word_1_221' title='bbox 497 2871 552 2916; x_wconf 89' lang='lat' dir='ltr'><strong>et</strong></span> <span class='ocrx_word' id='word_1_222' title='bbox 579 2862 647 2915; x_wconf 90' lang='lat' dir='ltr'><strong>de</strong></span> <span class='ocrx_word' id='word_1_223' title='bbox 682 2861 863 2916; x_wconf 90' lang='lat' dir='ltr'><strong>multis</strong></span> <span class='ocrx_word' id='word_1_224' title='bbox 894 2861 1108 2916; x_wconf 90' lang='lat' dir='ltr'><strong>decreta</strong></span> <span class='ocrx_word' id='word_1_225' title='bbox 1131 2871 1395 2915; x_wconf 87' lang='lat' dir='ltr'><strong>statuunt.</strong></span> <span class='ocrx_word' id='word_1_226' title='bbox 1429 2861 1697 2918; x_wconf 82' lang='lat' dir='ltr'><strong>Virtutem</strong></span> <span class='ocrx_word' id='word_1_227' title='bbox 1729 2867 1871 2918; x_wconf 88' lang='lat' dir='ltr'><strong>enim</strong></span> <span class='ocrx_word' id='word_1_228' title='bbox 1899 2876 2060 2932; x_wconf 87' lang='lat' dir='ltr'><strong>atque</strong></span> 
     </span>
    </p>
   </div>
   <div class='ocr_carea' id='block_1_32' title="bbox 498 2951 2064 3023">
    <p class='ocr_par' dir='ltr' id='par_1_32' title="bbox 498 2951 2064 3023">
     <span class='ocr_line' id='line_1_32' title="bbox 498 2951 2064 3023; baseline 0.003 -19"><span class='ocrx_word' id='word_1_229' title='bbox 498 2952 787 3006; x_wconf 85' lang='lat' dir='ltr'><strong>amentiam</strong></span> <span class='ocrx_word' id='word_1_230' title='bbox 821 2951 1120 3006; x_wconf 89' lang='lat' dir='ltr'><strong>inducunt:</strong></span> <span class='ocrx_word' id='word_1_231' title='bbox 1148 2952 1344 3005; x_wconf 92' lang='lat' dir='ltr'><strong>bonum</strong></span> <span class='ocrx_word' id='word_1_232' title='bbox 1373 2968 1608 3023; x_wconf 91' lang='lat' dir='ltr'><strong>quoque,</strong></span> <span class='ocrx_word' id='word_1_233' title='bbox 1631 2965 1685 3008; x_wconf 92' lang='lat' dir='ltr'><strong>et</strong></span> <span class='ocrx_word' id='word_1_234' title='bbox 1709 2957 1906 3009; x_wconf 89' lang='lat' dir='ltr'><strong>malum</strong></span> <span class='ocrx_word' id='word_1_235' title='bbox 1923 2957 2064 3009; x_wconf 84' lang='lat' dir='ltr'><strong>velut</strong></span> 
     </span>
    </p>
   </div>
   <div class='ocr_carea' id='block_1_33' title="bbox 501 3044 2061 3113">
    <p class='ocr_par' dir='ltr' id='par_1_33' title="bbox 501 3044 2061 3113">
     <span class='ocr_line' id='line_1_33' title="bbox 501 3044 2061 3113; baseline 0.006 -17"><span class='ocrx_word' id='word_1_236' title='bbox 501 3044 760 3112; x_wconf 87' lang='lat' dir='ltr'><strong>principia</strong></span> <span class='ocrx_word' id='word_1_237' title='bbox 793 3055 1026 3113; x_wconf 91' lang='lat' dir='ltr'><strong>ponunt;</strong></span> <span class='ocrx_word' id='word_1_238' title='bbox 1069 3059 1253 3097; x_wconf 85' lang='lat' dir='ltr'><strong>verum</strong></span> <span class='ocrx_word' id='word_1_239' title='bbox 1280 3045 1430 3107; x_wconf 85' lang='lat' dir='ltr'><strong>item,</strong></span> <span class='ocrx_word' id='word_1_240' title='bbox 1487 3059 1541 3101; x_wconf 91' lang='lat' dir='ltr'><strong>et</strong></span> <span class='ocrx_word' id='word_1_241' title='bbox 1574 3047 1790 3113; x_wconf 90' lang='lat' dir='ltr'><strong>falsum,</strong></span> <span class='ocrx_word' id='word_1_242' title='bbox 1849 3066 2061 3106; x_wconf 89' lang='lat' dir='ltr'><strong>rursum</strong></span> 
     </span>
    </p>
   </div>
   <div class='ocr_carea' id='block_1_34' title="bbox 2161 581 3744 656">
    <p class='ocr_par' dir='ltr' id='par_1_34' title="bbox 2161 581 3744 656">
     <span class='ocr_line' id='line_1_34' title="bbox 2161 581 3744 656; baseline -0.003 -20"><span class='ocrx_word' id='word_1_243' title='bbox 2161 583 2451 655; x_wconf 71' lang='grc' dir='ltr'>Πύρρωνος</span> <span class='ocrx_word' id='word_1_244' title='bbox 2477 585 2802 656; x_wconf 80' lang='grc' dir='ltr'>ἀπορητικοί</span> <span class='ocrx_word' id='word_1_245' title='bbox 2829 585 2888 638; x_wconf 82' lang='grc' dir='ltr'><em>τέ</em></span> <span class='ocrx_word' id='word_1_246' title='bbox 2917 587 3024 638; x_wconf 77' lang='grc' dir='ltr'>εισι</span> <span class='ocrx_word' id='word_1_247' title='bbox 3053 585 3147 638; x_wconf 74' lang='grc' dir='ltr'>καὶ</span> <span class='ocrx_word' id='word_1_248' title='bbox 3163 581 3362 644; x_wconf 74' lang='grc' dir='ltr'>παντὸς</span> <span class='ocrx_word' id='word_1_249' title='bbox 3386 581 3627 634; x_wconf 80' lang='grc' dir='ltr'>ἀπολελυ</span> <span class='ocrx_word' id='word_1_250' title='bbox 3638 583 3744 650; x_wconf 82' lang='grc' dir='ltr'>μέ-</span> 
     </span>
    </p>
   </div>
   <div class='ocr_carea' id='block_1_35' title="bbox 2157 670 3742 745">
    <p class='ocr_par' dir='ltr' id='par_1_35' title="bbox 2157 670 3742 745">
     <span class='ocr_line' id='line_1_35' title="bbox 2157 670 3742 745; baseline -0.001 -19"><span class='ocrx_word' id='word_1_251' title='bbox 2157 691 2238 728; x_wconf 91' lang='grc' dir='ltr'><strong>νοι</strong></span> <span class='ocrx_word' id='word_1_252' title='bbox 2287 675 2579 745; x_wconf 84' lang='grc' dir='ltr'>δόγματος,</span> <span class='ocrx_word' id='word_1_253' title='bbox 2612 679 2708 730; x_wconf 80' lang='grc' dir='ltr'>καὶ</span> <span class='ocrx_word' id='word_1_254' title='bbox 2754 677 2926 740; x_wconf 76' lang='grc' dir='ltr'>οὐδεὶς</span> <span class='ocrx_word' id='word_1_255' title='bbox 2971 676 3152 730; x_wconf 82' lang='grc' dir='ltr'>αὐτῶν</span> <span class='ocrx_word' id='word_1_256' title='bbox 3180 676 3240 728; x_wconf 83' lang='grc' dir='ltr'>τὸ</span> <span class='ocrx_word' id='word_1_257' title='bbox 3286 675 3554 744; x_wconf 83' lang='grc' dir='ltr'>παράπαν</span> <span class='ocrx_word' id='word_1_258' title='bbox 3607 670 3742 725; x_wconf 73' lang='grc' dir='ltr'>οὔτε</span> 
     </span>
    </p>
   </div>
   <div class='ocr_carea' id='block_1_36' title="bbox 2157 763 3742 838">
    <p class='ocr_par' dir='ltr' id='par_1_36' title="bbox 2157 763 3742 838">
     <span class='ocr_line' id='line_1_36' title="bbox 2157 763 3742 838; baseline -0.003 -18"><span class='ocrx_word' id='word_1_259' title='bbox 2157 765 2518 836; x_wconf 81' lang='grc' dir='ltr'><strong>ἀκατάληπτα</strong></span> <span class='ocrx_word' id='word_1_260' title='bbox 2569 768 2744 820; x_wconf 83' lang='grc' dir='ltr'>πάντα</span> <span class='ocrx_word' id='word_1_261' title='bbox 2787 767 3011 838; x_wconf 79' lang='grc' dir='ltr'>είρηκεν</span> <span class='ocrx_word' id='word_1_262' title='bbox 3051 766 3176 820; x_wconf 78' lang='grc' dir='ltr'>οὔτε</span> <span class='ocrx_word' id='word_1_263' title='bbox 3223 766 3570 837; x_wconf 80' lang='grc' dir='ltr'>καταληπτά,</span> <span class='ocrx_word' id='word_1_264' title='bbox 3607 763 3742 818; x_wconf 78' lang='grc' dir='ltr'>ἀλλ’</span> 
     </span>
    </p>
   </div>
   <div class='ocr_carea' id='block_1_37' title="bbox 2157 857 3744 930">
    <p class='ocr_par' dir='ltr' id='par_1_37' title="bbox 2157 857 3744 930">
     <span class='ocr_line' id='line_1_37' title="bbox 2157 857 3744 930; baseline -0.003 -18"><span class='ocrx_word' id='word_1_265' title='bbox 2157 859 2309 912; x_wconf 79' lang='grc' dir='ltr'>οὐδὲν</span> <span class='ocrx_word' id='word_1_266' title='bbox 2343 860 2542 929; x_wconf 78' lang='grc' dir='ltr'>μᾶλλον</span> <span class='ocrx_word' id='word_1_267' title='bbox 2572 861 2768 924; x_wconf 82' lang='grc' dir='ltr'>τοιάδε,</span> <span class='ocrx_word' id='word_1_268' title='bbox 2799 860 2831 930; x_wconf 85' lang='grc' dir='ltr'>ἢ</span> <span class='ocrx_word' id='word_1_269' title='bbox 2871 861 3070 919; x_wconf 78' lang='grc' dir='ltr'><strong>τοιάδε,</strong></span> <span class='ocrx_word' id='word_1_270' title='bbox 3105 861 3136 930; x_wconf 87' lang='grc' dir='ltr'>ἢ</span> <span class='ocrx_word' id='word_1_271' title='bbox 3172 860 3291 912; x_wconf 83' lang='grc' dir='ltr'>τότε</span> <span class='ocrx_word' id='word_1_272' title='bbox 3313 860 3410 928; x_wconf 82' lang='grc' dir='ltr'>μὲν</span> <span class='ocrx_word' id='word_1_273' title='bbox 3435 860 3576 921; x_wconf 87' lang='grc' dir='ltr'>τοῖα,</span> <span class='ocrx_word' id='word_1_274' title='bbox 3610 857 3744 910; x_wconf 77' lang='grc' dir='ltr'>τότε</span> 
     </span>
    </p>
   </div>
   <div class='ocr_carea' id='block_1_38' title="bbox 2155 941 3744 1021">
    <p class='ocr_par' dir='ltr' id='par_1_38' title="bbox 2155 941 3744 1021">
     <span class='ocr_line' id='line_1_38' title="bbox 2155 941 3744 1021; baseline -0.003 -18"><span class='ocrx_word' id='word_1_275' title='bbox 2155 950 2212 1003; x_wconf 77' lang='grc' dir='ltr'>δὲ</span> <span class='ocrx_word' id='word_1_276' title='bbox 2241 951 2302 1003; x_wconf 78' lang='lat' dir='ltr'><em>o6</em></span> <span class='ocrx_word' id='word_1_277' title='bbox 2323 953 2462 1014; x_wconf 85' lang='grc' dir='ltr'>τοῖα,</span> <span class='ocrx_word' id='word_1_278' title='bbox 2497 951 2529 1021; x_wconf 81' lang='grc' dir='ltr'>ἢ</span> <span class='ocrx_word' id='word_1_279' title='bbox 2572 946 2616 1019; x_wconf 87' lang='grc' dir='ltr'>ᾧ</span> <span class='ocrx_word' id='word_1_280' title='bbox 2654 951 2754 1020; x_wconf 84' lang='grc' dir='ltr'><strong>μὲν</strong></span> <span class='ocrx_word' id='word_1_281' title='bbox 2782 951 3005 1004; x_wconf 80' lang='grc' dir='ltr'>τοιαῦτα</span> <span class='ocrx_word' id='word_1_282' title='bbox 3029 945 3074 1019; x_wconf 82' lang='grc' dir='ltr'><strong>ᾧ</strong></span> <span class='ocrx_word' id='word_1_283' title='bbox 3117 952 3174 1004; x_wconf 74' lang='grc' dir='ltr'><strong>δὲ</strong></span> <span class='ocrx_word' id='word_1_284' title='bbox 3216 952 3277 1004; x_wconf 79' lang='grc' dir='ltr'><strong>οὐ</strong></span> <span class='ocrx_word' id='word_1_285' title='bbox 3332 951 3558 1004; x_wconf 75' lang='grc' dir='ltr'>τοιαῦτα</span> <span class='ocrx_word' id='word_1_286' title='bbox 3592 941 3647 1016; x_wconf 79' lang='grc' dir='ltr'>ᾧ</span> <span class='ocrx_word' id='word_1_287' title='bbox 3699 947 3744 999; x_wconf 87' lang='grc' dir='ltr'>δ’</span> 
     </span>
    </p>
   </div>
   <div class='ocr_carea' id='block_1_39' title="bbox 2155 1039 3737 1112">
    <p class='ocr_par' dir='ltr' id='par_1_39' title="bbox 2155 1039 3737 1112">
     <span class='ocr_line' id='line_1_39' title="bbox 2155 1039 3737 1112; baseline -0.001 -18"><span class='ocrx_word' id='word_1_288' title='bbox 2155 1043 2263 1095; x_wconf 81' lang='grc' dir='ltr'>οὐδ’</span> <span class='ocrx_word' id='word_1_289' title='bbox 2289 1044 2424 1106; x_wconf 84' lang='grc' dir='ltr'><strong>ὅλως</strong></span> <span class='ocrx_word' id='word_1_290' title='bbox 2456 1043 2584 1095; x_wconf 74' lang='grc' dir='ltr'>ὄντα</span> <span class='ocrx_word' id='word_1_291' title='bbox 2612 1060 2625 1074; x_wconf 88' lang='grc'><strong>·</strong></span> <span class='ocrx_word' id='word_1_292' title='bbox 2658 1043 2779 1096; x_wconf 77' lang='grc' dir='ltr'>οὐδὲ</span> <span class='ocrx_word' id='word_1_293' title='bbox 2823 1043 2869 1076; x_wconf 73' lang='grc'><strong>⁸⁸</strong></span> <span class='ocrx_word' id='word_1_294' title='bbox 2902 1043 3233 1112; x_wconf 74' lang='grc' dir='ltr'>μῆν’ὲφικτά</span> <span class='ocrx_word' id='word_1_295' title='bbox 3292 1043 3467 1096; x_wconf 86' lang='grc' dir='ltr'>πάντα</span> <span class='ocrx_word' id='word_1_296' title='bbox 3521 1039 3737 1103; x_wconf 80' lang='grc' dir='ltr'><strong>κοινῶς</strong></span> 
     </span>
    </p>
   </div>
   <div class='ocr_carea' id='block_1_40' title="bbox 2156 1133 3748 1205">
    <p class='ocr_par' dir='ltr' id='par_1_40' title="bbox 2156 1133 3748 1205">
     <span class='ocr_line' id='line_1_40' title="bbox 2156 1133 3748 1205; baseline -0.001 -20"><span class='ocrx_word' id='word_1_297' title='bbox 2156 1135 2189 1203; x_wconf 73' lang='grc' dir='ltr'>ἢ</span> <span class='ocrx_word' id='word_1_298' title='bbox 2241 1151 2360 1186; x_wconf 87' lang='grc' dir='ltr'>τινα</span> <span class='ocrx_word' id='word_1_299' title='bbox 2391 1135 2594 1188; x_wconf 76' lang='grc' dir='ltr'>τούτων</span> <span class='ocrx_word' id='word_1_300' title='bbox 2624 1137 2656 1205; x_wconf 80' lang='grc' dir='ltr'>ἢ</span> <span class='ocrx_word' id='word_1_301' title='bbox 2685 1135 2729 1168; x_wconf 77' lang='grc'><strong>³⁵</strong></span> <span class='ocrx_word' id='word_1_302' title='bbox 2762 1137 2861 1187; x_wconf 79' lang='grc' dir='ltr'><strong>οὐκ</strong></span> <span class='ocrx_word' id='word_1_303' title='bbox 2924 1135 3139 1202; x_wconf 74' lang='grc' dir='ltr'>ἐφικτὰ,</span> <span class='ocrx_word' id='word_1_304' title='bbox 3173 1135 3288 1188; x_wconf 80' lang='grc' dir='ltr'>ἀλλ’</span> <span class='ocrx_word' id='word_1_305' title='bbox 3317 1135 3469 1188; x_wconf 82' lang='grc' dir='ltr'>οὐδὲν</span> <span class='ocrx_word' id='word_1_306' title='bbox 3524 1133 3748 1203; x_wconf 74' lang='grc' dir='ltr'>μᾶλλον</span> 
     </span>
    </p>
   </div>
   <div class='ocr_carea' id='block_1_41' title="bbox 2155 1225 3716 1299">
    <p class='ocr_par' dir='ltr' id='par_1_41' title="bbox 2155 1225 3716 1299">
     <span class='ocr_line' id='line_1_41' title="bbox 2155 1225 3716 1299; baseline -0.001 -22"><span class='ocrx_word' id='word_1_307' title='bbox 2155 1225 2350 1292; x_wconf 75' lang='grc' dir='ltr'>ἐφικτὰ</span> <span class='ocrx_word' id='word_1_308' title='bbox 2375 1225 2406 1295; x_wconf 77' lang='grc' dir='ltr'><strong>ἢ</strong></span> <span class='ocrx_word' id='word_1_309' title='bbox 2439 1227 2537 1278; x_wconf 78' lang='grc' dir='ltr'><strong>οὐκ</strong></span> <span class='ocrx_word' id='word_1_310' title='bbox 2578 1226 2864 1299; x_wconf 58' lang='grc' dir='ltr'>ἐφικτὰηῆ</span> <span class='ocrx_word' id='word_1_311' title='bbox 2895 1226 3014 1278; x_wconf 87' lang='grc' dir='ltr'>τότε</span> <span class='ocrx_word' id='word_1_312' title='bbox 3046 1227 3142 1296; x_wconf 85' lang='grc' dir='ltr'>μὲν</span> <span class='ocrx_word' id='word_1_313' title='bbox 3167 1226 3361 1294; x_wconf 77' lang='grc' dir='ltr'>ὲφικτὰ</span> <span class='ocrx_word' id='word_1_314' title='bbox 3383 1226 3502 1278; x_wconf 86' lang='grc' dir='ltr'>τότε</span> <span class='ocrx_word' id='word_1_315' title='bbox 3524 1225 3570 1277; x_wconf 84' lang='grc' dir='ltr'>δ’</span> <span class='ocrx_word' id='word_1_316' title='bbox 3599 1225 3716 1276; x_wconf 69' lang='grc' dir='ltr'><strong>οὐκ</strong></span> 
     </span>
    </p>
   </div>
   <div class='ocr_carea' id='block_1_42' title="bbox 2158 1315 3750 1388">
    <p class='ocr_par' dir='ltr' id='par_1_42' title="bbox 2158 1315 3750 1388">
     <span class='ocr_line' id='line_1_42' title="bbox 2158 1315 3750 1388; baseline -0.001 -19"><span class='ocrx_word' id='word_1_317' title='bbox 2158 1318 2332 1383; x_wconf 78' lang='grc' dir='ltr'>έτι⁸⁶,</span> <span class='ocrx_word' id='word_1_318' title='bbox 2379 1319 2524 1388; x_wconf 79' lang='grc' dir='ltr'><strong>ἢτῷ</strong></span> <span class='ocrx_word' id='word_1_319' title='bbox 2561 1319 2658 1388; x_wconf 87' lang='grc' dir='ltr'>μὲν</span> <span class='ocrx_word' id='word_1_320' title='bbox 2713 1319 2908 1385; x_wconf 75' lang='grc' dir='ltr'>ἐφικτὰ</span> <span class='ocrx_word' id='word_1_321' title='bbox 2945 1318 3024 1387; x_wconf 84' lang='grc' dir='ltr'>τῷ</span> <span class='ocrx_word' id='word_1_322' title='bbox 3073 1318 3118 1370; x_wconf 84' lang='grc' dir='ltr'>δ’</span> <span class='ocrx_word' id='word_1_323' title='bbox 3175 1318 3258 1372; x_wconf 78' lang='grc' dir='ltr'><strong>οὗ.</strong></span> <span class='ocrx_word' id='word_1_324' title='bbox 3291 1318 3401 1370; x_wconf 72' lang='grc' dir='ltr'><strong>Καὶ</strong></span> <span class='ocrx_word' id='word_1_325' title='bbox 3459 1318 3570 1386; x_wconf 83' lang='grc' dir='ltr'><strong>μὴν</strong></span> <span class='ocrx_word' id='word_1_326' title='bbox 3628 1315 3750 1368; x_wconf 72' lang='grc' dir='ltr'>οὐδ’</span> 
     </span>
    </p>
   </div>
   <div class='ocr_carea' id='block_1_43' title="bbox 2155 1407 3745 1479">
    <p class='ocr_par' dir='ltr' id='par_1_43' title="bbox 2155 1407 3745 1479">
     <span class='ocr_line' id='line_1_43' title="bbox 2155 1407 3745 1479; baseline -0.006 -15"><span class='ocrx_word' id='word_1_327' title='bbox 2155 1411 2406 1479; x_wconf 81' lang='grc' dir='ltr'>ἀληθινὸν</span> <span class='ocrx_word' id='word_1_328' title='bbox 2450 1411 2566 1464; x_wconf 80' lang='grc' dir='ltr'>οὐδὲ</span> <span class='ocrx_word' id='word_1_329' title='bbox 2605 1410 2820 1479; x_wconf 76' lang='grc' dir='ltr'>ψεῦδος,</span> <span class='ocrx_word' id='word_1_330' title='bbox 2859 1410 2979 1462; x_wconf 77' lang='grc' dir='ltr'>οὐδὲ</span> <span class='ocrx_word' id='word_1_331' title='bbox 3013 1409 3267 1472; x_wconf 83' lang='grc' dir='ltr'>πιθανὸν,</span> <span class='ocrx_word' id='word_1_332' title='bbox 3295 1409 3402 1460; x_wconf 79' lang='grc' dir='ltr'>οὐδ’</span> <span class='ocrx_word' id='word_1_333' title='bbox 3439 1407 3745 1467; x_wconf 81' lang='grc' dir='ltr'>απίθοινον,</span> 
     </span>
    </p>
   </div>
   <div class='ocr_carea' id='block_1_44' title="bbox 2155 1498 3750 1569">
    <p class='ocr_par' dir='ltr' id='par_1_44' title="bbox 2155 1498 3750 1569">
     <span class='ocr_line' id='line_1_44' title="bbox 2155 1498 3750 1569; baseline -0.003 -17"><span class='ocrx_word' id='word_1_334' title='bbox 2155 1500 2263 1552; x_wconf 82' lang='grc' dir='ltr'>οὐδ’</span> <span class='ocrx_word' id='word_1_335' title='bbox 2283 1499 2339 1552; x_wconf 84' lang='grc' dir='ltr'><strong>ὂν</strong></span> <span class='ocrx_word' id='word_1_336' title='bbox 2386 1501 2504 1552; x_wconf 78' lang='grc' dir='ltr'>οὐδὲ</span> <span class='ocrx_word' id='word_1_337' title='bbox 2537 1499 2611 1569; x_wconf 83' lang='grc' dir='ltr'>μὴ</span> <span class='ocrx_word' id='word_1_338' title='bbox 2642 1500 2723 1563; x_wconf 81' lang='grc' dir='ltr'>ὃν,</span> <span class='ocrx_word' id='word_1_339' title='bbox 2754 1501 2889 1552; x_wconf 82' lang='grc' dir='ltr'><strong>ἀλλά</strong></span> <span class='ocrx_word' id='word_1_340' title='bbox 2918 1501 2977 1552; x_wconf 87' lang='grc' dir='ltr'><strong>τὸ</strong></span> <span class='ocrx_word' id='word_1_341' title='bbox 3011 1501 3142 1553; x_wconf 76' lang='grc' dir='ltr'>αὐτὸ</span> <span class='ocrx_word' id='word_1_342' title='bbox 3175 1501 3248 1562; x_wconf 87' lang='grc' dir='ltr'>ὡς</span> <span class='ocrx_word' id='word_1_343' title='bbox 3282 1501 3456 1551; x_wconf 77' lang='grc' dir='ltr'>εἰπεῖν</span> <span class='ocrx_word' id='word_1_344' title='bbox 3498 1499 3561 1550; x_wconf 77' lang='grc' dir='ltr'><strong>οὐ</strong></span> <span class='ocrx_word' id='word_1_345' title='bbox 3603 1498 3750 1566; x_wconf 72' lang='grc' dir='ltr'>μᾶλ-</span> 
     </span>
    </p>
   </div>
   <div class='ocr_carea' id='block_1_45' title="bbox 2156 1585 3747 1660">
    <p class='ocr_par' dir='ltr' id='par_1_45' title="bbox 2156 1585 3747 1660">
     <span class='ocr_line' id='line_1_45' title="bbox 2156 1585 3747 1660; baseline 0 -18"><span class='ocrx_word' id='word_1_346' title='bbox 2156 1591 2244 1643; x_wconf 91' lang='grc' dir='ltr'><strong>λον</strong></span> <span class='ocrx_word' id='word_1_347' title='bbox 2282 1591 2480 1658; x_wconf 76' lang='grc' dir='ltr'>ἀληθὲς</span> <span class='ocrx_word' id='word_1_348' title='bbox 2508 1591 2539 1659; x_wconf 81' lang='grc' dir='ltr'>ἦ</span> <span class='ocrx_word' id='word_1_349' title='bbox 2586 1591 2799 1658; x_wconf 78' lang='grc' dir='ltr'>ψεῦδος,</span> <span class='ocrx_word' id='word_1_350' title='bbox 2834 1590 2865 1659; x_wconf 81' lang='grc' dir='ltr'><strong>ἢ</strong></span> <span class='ocrx_word' id='word_1_351' title='bbox 2919 1591 3145 1642; x_wconf 78' lang='grc' dir='ltr'>πιθανὸν</span> <span class='ocrx_word' id='word_1_352' title='bbox 3175 1590 3205 1660; x_wconf 80' lang='grc' dir='ltr'>ἧ</span> <span class='ocrx_word' id='word_1_353' title='bbox 3237 1588 3524 1651; x_wconf 84' lang='grc' dir='ltr'>ἀπίθανον,</span> <span class='ocrx_word' id='word_1_354' title='bbox 3556 1587 3592 1656; x_wconf 80' lang='grc' dir='ltr'>ἢ</span> <span class='ocrx_word' id='word_1_355' title='bbox 3659 1585 3747 1642; x_wconf 79' lang='grc' dir='ltr'>ὃν.</span> 
     </span>
    </p>
   </div>
   <div class='ocr_carea' id='block_1_46' title="bbox 2156 1671 3749 1751">
    <p class='ocr_par' dir='ltr' id='par_1_46' title="bbox 2156 1671 3749 1751">
     <span class='ocr_line' id='line_1_46' title="bbox 2156 1671 3749 1751; baseline -0.005 -17"><span class='ocrx_word' id='word_1_356' title='bbox 2156 1682 2187 1751; x_wconf 82' lang='grc' dir='ltr'>ἦ</span> <span class='ocrx_word' id='word_1_357' title='bbox 2220 1683 2318 1734; x_wconf 82' lang='grc' dir='ltr'><strong>οὐκ</strong></span> <span class='ocrx_word' id='word_1_358' title='bbox 2348 1681 2426 1742; x_wconf 81' lang='grc' dir='ltr'>ὃν,</span> <span class='ocrx_word' id='word_1_359' title='bbox 2459 1682 2490 1750; x_wconf 80' lang='grc' dir='ltr'>ἢ</span> <span class='ocrx_word' id='word_1_360' title='bbox 2532 1681 2654 1733; x_wconf 89' lang='grc' dir='ltr'>τότε</span> <span class='ocrx_word' id='word_1_361' title='bbox 2703 1681 2798 1749; x_wconf 87' lang='grc' dir='ltr'><strong>μὲν</strong></span> <span class='ocrx_word' id='word_1_362' title='bbox 2828 1682 2989 1743; x_wconf 87' lang='grc' dir='ltr'>τοῖον,</span> <span class='ocrx_word' id='word_1_363' title='bbox 3022 1681 3143 1732; x_wconf 90' lang='grc' dir='ltr'>τότε</span> <span class='ocrx_word' id='word_1_364' title='bbox 3174 1681 3228 1732; x_wconf 80' lang='grc' dir='ltr'>δὲ</span> <span class='ocrx_word' id='word_1_365' title='bbox 3261 1682 3424 1741; x_wconf 88' lang='grc' dir='ltr'>τοῖον,</span> <span class='ocrx_word' id='word_1_366' title='bbox 3464 1679 3494 1748; x_wconf 72' lang='grc' dir='ltr'>ἢ</span> <span class='ocrx_word' id='word_1_367' title='bbox 3533 1671 3579 1744; x_wconf 77' lang='grc' dir='ltr'><strong>ᾧ</strong></span> <span class='ocrx_word' id='word_1_368' title='bbox 3641 1677 3749 1745; x_wconf 82' lang='grc' dir='ltr'>μὲν</span> 
     </span>
    </p>
   </div>
   <div class='ocr_carea' id='block_1_47' title="bbox 2154 1766 3749 1841">
    <p class='ocr_par' dir='ltr' id='par_1_47' title="bbox 2154 1766 3749 1841">
     <span class='ocr_line' id='line_1_47' title="bbox 2154 1766 3749 1841; baseline -0.003 -16"><span class='ocrx_word' id='word_1_369' title='bbox 2154 1774 2368 1833; x_wconf 72' lang='grc' dir='ltr'>τοιονδὶ,</span> <span class='ocrx_word' id='word_1_370' title='bbox 2403 1766 2446 1838; x_wconf 79' lang='grc' dir='ltr'><strong>ᾧ</strong></span> <span class='ocrx_word' id='word_1_371' title='bbox 2481 1773 2536 1824; x_wconf 82' lang='grc' dir='ltr'>δὲ</span> <span class='ocrx_word' id='word_1_372' title='bbox 2569 1776 2662 1825; x_wconf 71' lang='grc' dir='ltr'><strong>καὶ</strong></span> <span class='ocrx_word' id='word_1_373' title='bbox 2679 1772 2722 1803; x_wconf 84' lang='grc'><strong>⁸⁷</strong></span> <span class='ocrx_word' id='word_1_374' title='bbox 2749 1771 2809 1824; x_wconf 88' lang='grc' dir='ltr'><strong>οὑ</strong></span> <span class='ocrx_word' id='word_1_375' title='bbox 2845 1771 3059 1825; x_wconf 88' lang='grc' dir='ltr'>τοιονδί.</span> <span class='ocrx_word' id='word_1_376' title='bbox 3094 1771 3338 1823; x_wconf 76' lang='grc' dir='ltr'>Καθόλου</span> <span class='ocrx_word' id='word_1_377' title='bbox 3369 1771 3477 1841; x_wconf 77' lang='grc' dir='ltr'><strong>γάρ</strong></span> <span class='ocrx_word' id='word_1_378' title='bbox 3509 1770 3676 1822; x_wconf 82' lang='grc' dir='ltr'>οὐδὲν</span> <span class='ocrx_word' id='word_1_379' title='bbox 3719 1769 3749 1820; x_wconf 89' lang='lat'><strong>6</strong></span> 
     </span>
    </p>
   </div>
   <div class='ocr_carea' id='block_1_48' title="bbox 2158 1857 3750 1935">
    <p class='ocr_par' dir='ltr' id='par_1_48' title="bbox 2158 1857 3750 1935">
     <span class='ocr_line' id='line_1_48' title="bbox 2158 1857 3750 1935; baseline -0.014 -6"><span class='ocrx_word' id='word_1_380' title='bbox 2158 1864 2469 1935; x_wconf 69' lang='grc' dir='ltr'><strong>Πύρῤώνιος</strong></span> <span class='ocrx_word' id='word_1_381' title='bbox 2503 1863 2694 1933; x_wconf 74' lang='grc' dir='ltr'>ὀρέξει,</span> <span class='ocrx_word' id='word_1_382' title='bbox 2743 1861 2855 1915; x_wconf 82' lang='grc' dir='ltr'>ἀλλ’</span> <span class='ocrx_word' id='word_1_383' title='bbox 2903 1862 3024 1914; x_wconf 83' lang='grc' dir='ltr'>οὐδὲ</span> <span class='ocrx_word' id='word_1_384' title='bbox 3083 1861 3216 1913; x_wconf 73' lang='grc' dir='ltr'>αὐτὸ</span> <span class='ocrx_word' id='word_1_385' title='bbox 3241 1860 3422 1921; x_wconf 79' lang='grc' dir='ltr'>τοῦτο,</span> <span class='ocrx_word' id='word_1_386' title='bbox 3455 1861 3539 1912; x_wconf 87' lang='grc' dir='ltr'>ὃτι</span> <span class='ocrx_word' id='word_1_387' title='bbox 3573 1857 3750 1911; x_wconf 76' lang='grc' dir='ltr'>οὐδὲν</span> 
     </span>
    </p>
   </div>
   <div class='ocr_carea' id='block_1_49' title="bbox 2157 1948 3750 2026">
    <p class='ocr_par' dir='ltr' id='par_1_49' title="bbox 2157 1948 3750 2026">
     <span class='ocr_line' id='line_1_49' title="bbox 2157 1948 3750 2026; baseline -0.005 -19"><span class='ocrx_word' id='word_1_388' title='bbox 2157 1954 2486 2026; x_wconf 78' lang='grc' dir='ltr'>διορίζεταιο</span> <span class='ocrx_word' id='word_1_389' title='bbox 2532 1955 2646 2005; x_wconf 80' lang='grc' dir='ltr'>ἀλλ’</span> <span class='ocrx_word' id='word_1_390' title='bbox 2701 1955 2801 2006; x_wconf 84' lang='grc' dir='ltr'><strong>οὑκ</strong></span> <span class='ocrx_word' id='word_1_391' title='bbox 2842 1953 3076 2022; x_wconf 76' lang='grc' dir='ltr'>ἔχοντες,</span> <span class='ocrx_word' id='word_1_392' title='bbox 3138 1953 3300 2020; x_wconf 67' lang='grc' dir='ltr'>φησιν</span> <span class='ocrx_word' id='word_1_393' title='bbox 3349 1953 3416 2014; x_wconf 73' lang='grc'>⁸⁸,</span> <span class='ocrx_word' id='word_1_394' title='bbox 3465 1953 3621 2012; x_wconf 71' lang='grc' dir='ltr'>ὅπως</span> <span class='ocrx_word' id='word_1_395' title='bbox 3683 1948 3750 2000; x_wconf 84' lang='grc' dir='ltr'><strong>τδ</strong></span> 
     </span>
    </p>
   </div>
   <div class='ocr_carea' id='block_1_50' title="bbox 2158 2039 3750 2114">
    <p class='ocr_par' dir='ltr' id='par_1_50' title="bbox 2158 2039 3750 2114">
     <span class='ocr_line' id='line_1_50' title="bbox 2158 2039 3750 2114; baseline -0.004 -16"><span class='ocrx_word' id='word_1_396' title='bbox 2158 2047 2443 2114; x_wconf 83' lang='grc' dir='ltr'>νοούμενον</span> <span class='ocrx_word' id='word_1_397' title='bbox 2493 2045 2901 2112; x_wconf 81' lang='grc' dir='ltr'>ὲκλαλήσωμεν,</span> <span class='ocrx_word' id='word_1_398' title='bbox 2937 2043 3080 2095; x_wconf 68' lang='grc' dir='ltr'>οὕτω</span> <span class='ocrx_word' id='word_1_399' title='bbox 3111 2043 3410 2112; x_wconf 75' lang='grc' dir='ltr'><strong>φράζομεν.</strong></span> <span class='ocrx_word' id='word_1_400' title='bbox 3433 2044 3498 2094; x_wconf 79' lang='lat' dir='ltr'><strong>Oi</strong></span> <span class='ocrx_word' id='word_1_401' title='bbox 3545 2041 3593 2093; x_wconf 85' lang='grc' dir='ltr'>δ’</span> <span class='ocrx_word' id='word_1_402' title='bbox 3631 2039 3750 2092; x_wconf 77' lang='grc' dir='ltr'>ἀπὸ</span> 
     </span>
    </p>
   </div>
   <div class='ocr_carea' id='block_1_51' title="bbox 2159 2134 3750 2208">
    <p class='ocr_par' dir='ltr' id='par_1_51' title="bbox 2159 2134 3750 2208">
     <span class='ocr_line' id='line_1_51' title="bbox 2159 2134 3750 2208; baseline -0.006 -18"><span class='ocrx_word' id='word_1_403' title='bbox 2159 2142 2257 2208; x_wconf 77' lang='grc' dir='ltr'><strong>τῆς</strong></span> <span class='ocrx_word' id='word_1_404' title='bbox 2297 2137 2652 2206; x_wconf 83' lang='grc' dir='ltr'>Ἀκαδημίας.</span> <span class='ocrx_word' id='word_1_405' title='bbox 2685 2141 2838 2204; x_wconf 71' lang='grc' dir='ltr'>φησι,</span> <span class='ocrx_word' id='word_1_406' title='bbox 2877 2136 3110 2204; x_wconf 85' lang='grc' dir='ltr'>μάλιστα</span> <span class='ocrx_word' id='word_1_407' title='bbox 3149 2134 3250 2201; x_wconf 83' lang='grc' dir='ltr'><strong>τῆς</strong></span> <span class='ocrx_word' id='word_1_408' title='bbox 3285 2134 3402 2196; x_wconf 77' lang='grc' dir='ltr'>νῦν,</span> <span class='ocrx_word' id='word_1_409' title='bbox 3429 2134 3523 2187; x_wconf 71' lang='grc' dir='ltr'>καὶ</span> <span class='ocrx_word' id='word_1_410' title='bbox 3564 2134 3750 2184; x_wconf 69' lang='grc' dir='ltr'>Στωῖρ</span> 
     </span>
    </p>
   </div>
   <div class='ocr_carea' id='block_1_52' title="bbox 2160 2219 3750 2296">
    <p class='ocr_par' dir='ltr' id='par_1_52' title="bbox 2160 2219 3750 2296">
     <span class='ocr_line' id='line_1_52' title="bbox 2160 2219 3750 2296; baseline -0.008 -14"><span class='ocrx_word' id='word_1_411' title='bbox 2160 2232 2283 2291; x_wconf 88' lang='grc' dir='ltr'>καῖς</span> <span class='ocrx_word' id='word_1_412' title='bbox 2311 2229 2674 2296; x_wconf 76' lang='grc' dir='ltr'>συμφέρονται</span> <span class='ocrx_word' id='word_1_413' title='bbox 2701 2228 2869 2279; x_wconf 77' lang='grc' dir='ltr'>ἐνίοτε</span> <span class='ocrx_word' id='word_1_414' title='bbox 2922 2225 3121 2290; x_wconf 80' lang='grc' dir='ltr'>δόξαις,</span> <span class='ocrx_word' id='word_1_415' title='bbox 3149 2225 3244 2278; x_wconf 78' lang='grc' dir='ltr'><strong>καὶ</strong></span> <span class='ocrx_word' id='word_1_416' title='bbox 3274 2225 3324 2276; x_wconf 75' lang='grc' dir='ltr'><strong>εί</strong></span> <span class='ocrx_word' id='word_1_417' title='bbox 3357 2223 3462 2292; x_wconf 85' lang='grc' dir='ltr'>χρὴ</span> <span class='ocrx_word' id='word_1_418' title='bbox 3497 2219 3750 2286; x_wconf 79' lang='grc' dir='ltr'>τάληθὲς</span> 
     </span>
    </p>
   </div>
   <div class='ocr_carea' id='block_1_53' title="bbox 2161 2311 3750 2385">
    <p class='ocr_par' dir='ltr' id='par_1_53' title="bbox 2161 2311 3750 2385">
     <span class='ocr_line' id='line_1_53' title="bbox 2161 2311 3750 2385; baseline -0.006 -13"><span class='ocrx_word' id='word_1_419' title='bbox 2161 2320 2353 2380; x_wconf 70' lang='grc' dir='ltr'>εἰπεῖν,</span> <span class='ocrx_word' id='word_1_420' title='bbox 2384 2318 2611 2370; x_wconf 73' lang='grc' dir='ltr'>Στωϊκοὶ</span> <span class='ocrx_word' id='word_1_421' title='bbox 2636 2317 2916 2383; x_wconf 83' lang='grc' dir='ltr'>φαίνονται</span> <span class='ocrx_word' id='word_1_422' title='bbox 2946 2317 3243 2385; x_wconf 85' lang='grc' dir='ltr'>μαχόμενοι</span> <span class='ocrx_word' id='word_1_423' title='bbox 3268 2316 3547 2375; x_wconf 76' lang='grc' dir='ltr'><strong>Στωϊκοῖς.</strong></span> <span class='ocrx_word' id='word_1_424' title='bbox 3606 2311 3750 2363; x_wconf 80' lang='grc' dir='ltr'><strong>Δεύ-</strong></span> 
     </span>
    </p>
   </div>
   <div class='ocr_carea' id='block_1_54' title="bbox 2159 2403 3747 2480">
    <p class='ocr_par' dir='ltr' id='par_1_54' title="bbox 2159 2403 3747 2480">
     <span class='ocr_line' id='line_1_54' title="bbox 2159 2403 3747 2480; baseline -0.006 -17"><span class='ocrx_word' id='word_1_425' title='bbox 2159 2428 2318 2480; x_wconf 89' lang='grc' dir='ltr'>τερον</span> <span class='ocrx_word' id='word_1_426' title='bbox 2353 2411 2396 2441; x_wconf 74' lang='lat'><strong>”</strong></span> <span class='ocrx_word' id='word_1_427' title='bbox 2418 2410 2544 2476; x_wconf 67' lang='grc' dir='ltr'>περὶ</span> <span class='ocrx_word' id='word_1_428' title='bbox 2570 2406 2776 2459; x_wconf 85' lang='grc' dir='ltr'>πολλῶν</span> <span class='ocrx_word' id='word_1_429' title='bbox 2805 2405 3241 2475; x_wconf 78' lang='grc' dir='ltr'>δογματίζουσιν.</span> <span class='ocrx_word' id='word_1_430' title='bbox 3278 2407 3334 2458; x_wconf 75' lang='grc' dir='ltr'>Ἀ</span> <span class='ocrx_word' id='word_1_431' title='bbox 3347 2411 3507 2474; x_wconf 76' lang='grc' dir='ltr'>ρετὴν</span> <span class='ocrx_word' id='word_1_432' title='bbox 3531 2421 3595 2456; x_wconf 85' lang='grc' dir='ltr'><strong>τε</strong></span> <span class='ocrx_word' id='word_1_433' title='bbox 3629 2403 3747 2470; x_wconf 79' lang='grc' dir='ltr'><strong>γὰρ</strong></span> 
     </span>
    </p>
   </div>
   <div class='ocr_carea' id='block_1_55' title="bbox 2163 2499 3750 2570">
    <p class='ocr_par' dir='ltr' id='par_1_55' title="bbox 2163 2499 3750 2570">
     <span class='ocr_line' id='line_1_55' title="bbox 2163 2499 3750 2570; baseline -0.006 -15"><span class='ocrx_word' id='word_1_434' title='bbox 2163 2506 2258 2556; x_wconf 74' lang='grc' dir='ltr'>καὶ</span> <span class='ocrx_word' id='word_1_435' title='bbox 2308 2501 2618 2570; x_wconf 77' lang='grc' dir='ltr'>ἀφροσύνην</span> <span class='ocrx_word' id='word_1_436' title='bbox 2658 2499 2958 2566; x_wconf 79' lang='grc' dir='ltr'>εἰσάγουσι,</span> <span class='ocrx_word' id='word_1_437' title='bbox 3016 2499 3110 2552; x_wconf 72' lang='grc' dir='ltr'>καὶ</span> <span class='ocrx_word' id='word_1_438' title='bbox 3168 2499 3371 2564; x_wconf 85' lang='grc' dir='ltr'>ἀγαθὸν</span> <span class='ocrx_word' id='word_1_439' title='bbox 3418 2499 3511 2549; x_wconf 80' lang='grc' dir='ltr'><strong>καὶ</strong></span> <span class='ocrx_word' id='word_1_440' title='bbox 3563 2500 3750 2548; x_wconf 75' lang='grc' dir='ltr'>κακὸν</span> 
     </span>
    </p>
   </div>
   <div class='ocr_carea' id='block_1_56' title="bbox 2163 2585 3749 2658">
    <p class='ocr_par' dir='ltr' id='par_1_56' title="bbox 2163 2585 3749 2658">
     <span class='ocr_line' id='line_1_56' title="bbox 2163 2585 3749 2658; baseline -0.006 -13"><span class='ocrx_word' id='word_1_441' title='bbox 2163 2592 2524 2652; x_wconf 87' lang='grc' dir='ltr'>ὑποτίθενται,</span> <span class='ocrx_word' id='word_1_442' title='bbox 2572 2592 2664 2642; x_wconf 69' lang='grc' dir='ltr'>καὶ</span> <span class='ocrx_word' id='word_1_443' title='bbox 2709 2591 2966 2657; x_wconf 86' lang='grc' dir='ltr'>ἀλήθειαν</span> <span class='ocrx_word' id='word_1_444' title='bbox 3011 2590 3106 2642; x_wconf 79' lang='grc' dir='ltr'>καὶ</span> <span class='ocrx_word' id='word_1_445' title='bbox 3153 2589 3485 2658; x_wconf 73' lang='grc' dir='ltr'>ψεῦδος.καὶ</span> <span class='ocrx_word' id='word_1_446' title='bbox 3526 2587 3594 2654; x_wconf 79' lang='grc' dir='ltr'>δὴ</span> <span class='ocrx_word' id='word_1_447' title='bbox 3651 2585 3749 2636; x_wconf 80' lang='grc' dir='ltr'>καὶ</span> 
     </span>
    </p>
   </div>
   <div class='ocr_carea' id='block_1_57' title="bbox 2165 2677 3750 2748">
    <p class='ocr_par' dir='ltr' id='par_1_57' title="bbox 2165 2677 3750 2748">
     <span class='ocr_line' id='line_1_57' title="bbox 2165 2677 3750 2748; baseline -0.004 -14"><span class='ocrx_word' id='word_1_448' title='bbox 2165 2683 2388 2735; x_wconf 82' lang='grc' dir='ltr'>πιθανὸν</span> <span class='ocrx_word' id='word_1_449' title='bbox 2457 2682 2550 2732; x_wconf 78' lang='grc' dir='ltr'><strong>καὶ</strong></span> <span class='ocrx_word' id='word_1_450' title='bbox 2589 2681 2871 2745; x_wconf 82' lang='grc' dir='ltr'>ἀπίθανον,</span> <span class='ocrx_word' id='word_1_451' title='bbox 2915 2680 3008 2732; x_wconf 61' lang='grc' dir='ltr'><strong>καὶ⁵</strong></span> <span class='ocrx_word' id='word_1_452' title='bbox 3039 2680 3098 2731; x_wconf 77' lang='grc' dir='ltr'>ὃν</span> <span class='ocrx_word' id='word_1_453' title='bbox 3129 2683 3222 2732; x_wconf 64' lang='grc' dir='ltr'><strong>καλ⁸</strong></span> <span class='ocrx_word' id='word_1_454' title='bbox 3275 2680 3347 2748; x_wconf 82' lang='grc' dir='ltr'>μὴ</span> <span class='ocrx_word' id='word_1_455' title='bbox 3377 2679 3458 2742; x_wconf 82' lang='grc' dir='ltr'>ὃν,</span> <span class='ocrx_word' id='word_1_456' title='bbox 3494 2677 3641 2730; x_wconf 77' lang='grc' dir='ltr'>ἄλλα</span> <span class='ocrx_word' id='word_1_457' title='bbox 3690 2692 3750 2728; x_wconf 82' lang='grc' dir='ltr'><strong>τε</strong></span> 
     </span>
    </p>
   </div>
   <div class='ocr_carea' id='block_1_58' title="bbox 2165 2769 3752 2844">
    <p class='ocr_par' dir='ltr' id='par_1_58' title="bbox 2165 2769 3752 2844">
     <span class='ocr_line' id='line_1_58' title="bbox 2165 2769 3752 2844; baseline -0.005 -16"><span class='ocrx_word' id='word_1_458' title='bbox 2165 2776 2332 2828; x_wconf 77' lang='grc' dir='ltr'>πολλὰ</span> <span class='ocrx_word' id='word_1_459' title='bbox 2365 2773 2596 2844; x_wconf 85' lang='grc' dir='ltr'>βεϐαίως</span> <span class='ocrx_word' id='word_1_460' title='bbox 2629 2773 2888 2841; x_wconf 80' lang='grc' dir='ltr'>ὁρίζουσι,</span> <span class='ocrx_word' id='word_1_461' title='bbox 2909 2772 3328 2841; x_wconf 89' lang='grc' dir='ltr'>διαμφισϐητεῖν</span> <span class='ocrx_word' id='word_1_462' title='bbox 3361 2771 3417 2823; x_wconf 83' lang='grc' dir='ltr'><em>δέ</em></span> <span class='ocrx_word' id='word_1_463' title='bbox 3445 2786 3578 2838; x_wconf 90' lang='grc' dir='ltr'>φασι</span> <span class='ocrx_word' id='word_1_464' title='bbox 3614 2769 3752 2837; x_wconf 75' lang='grc' dir='ltr'>περὶ</span> 
     </span>
    </p>
   </div>
   <div class='ocr_carea' id='block_1_59' title="bbox 2169 2859 3754 2938">
    <p class='ocr_par' dir='ltr' id='par_1_59' title="bbox 2169 2859 3754 2938">
     <span class='ocr_line' id='line_1_59' title="bbox 2169 2859 3754 2938; baseline -0.005 -19"><span class='ocrx_word' id='word_1_465' title='bbox 2169 2868 2443 2938; x_wconf 82' lang='grc' dir='ltr'>μόνηςτῆς</span> <span class='ocrx_word' id='word_1_466' title='bbox 2478 2865 2890 2933; x_wconf 62' lang='grc' dir='ltr'>καταληπικῆς</span> <span class='ocrx_word' id='word_1_467' title='bbox 2941 2865 3260 2932; x_wconf 77' lang='grc' dir='ltr'>φαντασίας.</span> <span class='ocrx_word' id='word_1_468' title='bbox 3295 2863 3386 2914; x_wconf 88' lang='grc' dir='ltr'>Διδ</span> <span class='ocrx_word' id='word_1_469' title='bbox 3413 2862 3592 2929; x_wconf 75' lang='grc' dir='ltr'>οἱμὲν</span> <span class='ocrx_word' id='word_1_470' title='bbox 3638 2859 3754 2913; x_wconf 67' lang='grc' dir='ltr'>ἀπὸ</span> 
     </span>
    </p>
   </div>
   <div class='ocr_carea' id='block_1_60' title="bbox 2171 2955 3753 3031">
    <p class='ocr_par' dir='ltr' id='par_1_60' title="bbox 2171 2955 3753 3031">
     <span class='ocr_line' id='line_1_60' title="bbox 2171 2955 3753 3031; baseline -0.006 -18"><span class='ocrx_word' id='word_1_471' title='bbox 2171 2961 2455 3031; x_wconf 73' lang='grc' dir='ltr'>ΙΙύῤῥωνος</span> <span class='ocrx_word' id='word_1_472' title='bbox 2483 2960 2538 3009; x_wconf 82' lang='grc' dir='ltr'>ἐν</span> <span class='ocrx_word' id='word_1_473' title='bbox 2565 2957 2642 3026; x_wconf 85' lang='grc' dir='ltr'>τῷ</span> <span class='ocrx_word' id='word_1_474' title='bbox 2671 2957 2836 3026; x_wconf 82' lang='grc' dir='ltr'>μηδὲν</span> <span class='ocrx_word' id='word_1_475' title='bbox 2867 2955 3067 3026; x_wconf 79' lang='grc' dir='ltr'>ὁρίζειν</span> <span class='ocrx_word' id='word_1_476' title='bbox 3105 2958 3462 3023; x_wconf 80' lang='grc' dir='ltr'>ἀνεπίληπτοι</span> <span class='ocrx_word' id='word_1_477' title='bbox 3493 2955 3556 3006; x_wconf 75' lang='grc' dir='ltr'><strong>τὸ</strong></span> <span class='ocrx_word' id='word_1_478' title='bbox 3602 2970 3753 3022; x_wconf 61' lang='grc' dir='ltr'><strong>’κταρ⁴</strong></span> 
     </span>
    </p>
   </div>
   <div class='ocr_carea' id='block_1_61' title="bbox 2169 3046 3751 3118">
    <p class='ocr_par' dir='ltr' id='par_1_61' title="bbox 2169 3046 3751 3118">
     <span class='ocr_line' id='line_1_61' title="bbox 2169 3046 3751 3118; baseline -0.007 -12"><span class='ocrx_word' id='word_1_479' title='bbox 2169 3055 2313 3106; x_wconf 83' lang='grc' dir='ltr'>ἁπαν</span> <span class='ocrx_word' id='word_1_480' title='bbox 2341 3050 2680 3118; x_wconf 79' lang='grc' dir='ltr'>διαμένουσιν</span> <span class='ocrx_word' id='word_1_481' title='bbox 2698 3064 2711 3078; x_wconf 78' lang='grc' dir='ltr'><strong><em>ο</em></strong></span> <span class='ocrx_word' id='word_1_482' title='bbox 2733 3049 2780 3100; x_wconf 86' lang='grc' dir='ltr'>οἱ</span> <span class='ocrx_word' id='word_1_483' title='bbox 2808 3047 2850 3097; x_wconf 81' lang='grc' dir='ltr'>δ’</span> <span class='ocrx_word' id='word_1_484' title='bbox 2871 3048 2929 3110; x_wconf 79' lang='grc' dir='ltr'><strong>ἐξ</strong></span> <span class='ocrx_word' id='word_1_485' title='bbox 2960 3047 3311 3115; x_wconf 75' lang='grc' dir='ltr'>Ἀκαδημίας,</span> <span class='ocrx_word' id='word_1_486' title='bbox 3334 3047 3522 3112; x_wconf 66' lang='grc' dir='ltr'>φησιν,</span> <span class='ocrx_word' id='word_1_487' title='bbox 3546 3046 3751 3110; x_wconf 81' lang='grc' dir='ltr'>ὁμοίας</span> 
     </span>
    </p>
   </div>
   <div class='ocr_carea' id='block_1_62' title="bbox 499 3135 2064 3233">
    <p class='ocr_par' dir='ltr' id='par_1_62' title="bbox 499 3135 2061 3205">
     <span class='ocr_line' id='line_1_62' title="bbox 499 3135 2061 3205; baseline 0.006 -18"><span class='ocrx_word' id='word_1_488' title='bbox 499 3135 796 3202; x_wconf 84' lang='lat' dir='ltr'><strong>probabile,</strong></span> <span class='ocrx_word' id='word_1_489' title='bbox 857 3144 912 3190; x_wconf 87' lang='lat' dir='ltr'><strong>et</strong></span> <span class='ocrx_word' id='word_1_490' title='bbox 961 3135 1340 3204; x_wconf 88' lang='lat' dir='ltr'><strong>improbabile,</strong></span> <span class='ocrx_word' id='word_1_491' title='bbox 1394 3152 1491 3191; x_wconf 90' lang='lat' dir='ltr'><strong>ens</strong></span> <span class='ocrx_word' id='word_1_492' title='bbox 1537 3140 1681 3202; x_wconf 90' lang='lat' dir='ltr'><strong>dein,</strong></span> <span class='ocrx_word' id='word_1_493' title='bbox 1718 3150 1773 3192; x_wconf 90' lang='lat' dir='ltr'><strong>et</strong></span> <span class='ocrx_word' id='word_1_494' title='bbox 1804 3157 1907 3194; x_wconf 95' lang='lat' dir='ltr'><strong>nou</strong></span> <span class='ocrx_word' id='word_1_495' title='bbox 1941 3158 2061 3205; x_wconf 87' lang='lat' dir='ltr'><strong>ens,</strong></span> 
     </span>
    </p>
   </div>
   <div class='ocr_carea' id='block_1_63' title="bbox 2167 3135 3750 3233">
    <p class='ocr_par' dir='ltr' id='par_1_63' title="bbox 2168 3135 3750 3206">
     <span class='ocr_line' id='line_1_63' title="bbox 2168 3135 3750 3206; baseline -0.005 -11"><span class='ocrx_word' id='word_1_496' title='bbox 2168 3143 2264 3203; x_wconf 75' lang='grc' dir='ltr'>τὰς</span> <span class='ocrx_word' id='word_1_497' title='bbox 2294 3141 2523 3203; x_wconf 69' lang='grc' dir='ltr'>εὐθύνας</span> <span class='ocrx_word' id='word_1_498' title='bbox 2553 3144 2661 3200; x_wconf 74' lang='grc' dir='ltr'>τοῖς</span> <span class='ocrx_word' id='word_1_499' title='bbox 2689 3141 2866 3194; x_wconf 74' lang='grc' dir='ltr'>ἄλλοις</span> <span class='ocrx_word' id='word_1_500' title='bbox 2918 3138 3226 3206; x_wconf 77' lang='grc' dir='ltr'>φιλοσόφοις</span> <span class='ocrx_word' id='word_1_501' title='bbox 3262 3139 3546 3205; x_wconf 78' lang='grc' dir='ltr'>ὑπέχουσι.</span> <span class='ocrx_word' id='word_1_502' title='bbox 3580 3137 3661 3187; x_wconf 82' lang='grc' dir='ltr'><strong>Τὸ</strong></span> <span class='ocrx_word' id='word_1_503' title='bbox 3694 3135 3750 3187; x_wconf 85' lang='grc' dir='ltr'>δὲ</span> 
     </span>
    </p>
   </div>
   <div class='ocr_carea' id='block_1_64' title="bbox 498 3226 2064 3305">
    <p class='ocr_par' dir='ltr' id='par_1_64' title="bbox 498 3226 2064 3301">
     <span class='ocr_line' id='line_1_64' title="bbox 498 3226 2064 3301; baseline 0.006 -23"><span class='ocrx_word' id='word_1_504' title='bbox 498 3226 712 3295; x_wconf 83' lang='lat' dir='ltr'><strong>aliaque</strong></span> <span class='ocrx_word' id='word_1_505' title='bbox 760 3241 868 3281; x_wconf 91' lang='lat' dir='ltr'><strong>non</strong></span> <span class='ocrx_word' id='word_1_506' title='bbox 918 3242 1086 3296; x_wconf 91' lang='lat' dir='ltr'><strong>pauca</strong></span> <span class='ocrx_word' id='word_1_507' title='bbox 1145 3238 1295 3282; x_wconf 88' lang='lat' dir='ltr'><strong>certo</strong></span> <span class='ocrx_word' id='word_1_508' title='bbox 1343 3227 1648 3284; x_wconf 90' lang='lat' dir='ltr'><strong>deﬁniunt:</strong></span> <span class='ocrx_word' id='word_1_509' title='bbox 1684 3231 1958 3301; x_wconf 78' lang='lat' dir='ltr'><strong>ambigere</strong></span> <span class='ocrx_word' id='word_1_510' title='bbox 2005 3249 2064 3288; x_wconf 89' lang='lat' dir='ltr'><strong>se</strong></span> 
     </span>
    </p>
   </div>
   <div class='ocr_carea' id='block_1_65' title="bbox 2167 3226 3751 3305">
    <p class='ocr_par' dir='ltr' id='par_1_65' title="bbox 2169 3228 3751 3305">
     <span class='ocr_line' id='line_1_65' title="bbox 2169 3228 3751 3305; baseline -0.005 -19"><span class='ocrx_word' id='word_1_511' title='bbox 2169 3237 2444 3305; x_wconf 82' lang='grc' dir='ltr'>μέγιστον,</span> <span class='ocrx_word' id='word_1_512' title='bbox 2470 3235 2518 3286; x_wconf 85' lang='grc' dir='ltr'>οἱ</span> <span class='ocrx_word' id='word_1_513' title='bbox 2547 3233 2644 3302; x_wconf 82' lang='grc' dir='ltr'><strong>μὲν</strong></span> <span class='ocrx_word' id='word_1_514' title='bbox 2679 3234 2805 3300; x_wconf 74' lang='grc' dir='ltr'>περὶ</span> <span class='ocrx_word' id='word_1_515' title='bbox 2835 3230 3033 3292; x_wconf 84' lang='grc' dir='ltr'>παντὸς</span> <span class='ocrx_word' id='word_1_516' title='bbox 3055 3231 3146 3282; x_wconf 78' lang='grc' dir='ltr'><strong>τοῦ</strong></span> <span class='ocrx_word' id='word_1_517' title='bbox 3174 3229 3528 3298; x_wconf 82' lang='grc' dir='ltr'>προτεθέντος</span> <span class='ocrx_word' id='word_1_518' title='bbox 3547 3228 3751 3279; x_wconf 81' lang='grc' dir='ltr'>διαπο-</span> 
     </span>
    </p>
   </div>
   <div class='ocr_carea' id='block_1_66' title="bbox 502 3320 2062 3393">
    <p class='ocr_par' dir='ltr' id='par_1_66' title="bbox 502 3320 2062 3393">
     <span class='ocr_line' id='line_1_66' title="bbox 502 3320 2062 3393; baseline 0.004 -23"><span class='ocrx_word' id='word_1_519' title='bbox 502 3329 707 3373; x_wconf 86' lang='lat' dir='ltr'><strong>tantum</strong></span> <span class='ocrx_word' id='word_1_520' title='bbox 761 3320 1002 3374; x_wconf 88' lang='lat' dir='ltr'><strong>dicentes</strong></span> <span class='ocrx_word' id='word_1_521' title='bbox 1049 3320 1115 3374; x_wconf 89' lang='lat' dir='ltr'><strong>de</strong></span> <span class='ocrx_word' id='word_1_522' title='bbox 1160 3322 1604 3387; x_wconf 85' lang='lat' dir='ltr'><strong>comprehensiva</strong></span> <span class='ocrx_word' id='word_1_523' title='bbox 1659 3324 2062 3393; x_wconf 80' lang='lat' dir='ltr'><strong>imaginatione.</strong></span> 
     </span>
    </p>
   </div>
   <div class='ocr_carea' id='block_1_67' title="bbox 500 3409 2068 3481">
    <p class='ocr_par' dir='ltr' id='par_1_67' title="bbox 500 3409 2068 3481">
     <span class='ocr_line' id='line_1_67' title="bbox 500 3409 2068 3481; baseline 0.004 -18"><span class='ocrx_word' id='word_1_524' title='bbox 500 3412 860 3475; x_wconf 74' lang='lat' dir='ltr'><strong>Quamobrem</strong></span> <span class='ocrx_word' id='word_1_525' title='bbox 896 3409 1206 3479; x_wconf 86' lang='lat' dir='ltr'><strong>Pyrrhonii,</strong></span> <span class='ocrx_word' id='word_1_526' title='bbox 1259 3414 1384 3466; x_wconf 91' lang='lat' dir='ltr'><strong>dum</strong></span> <span class='ocrx_word' id='word_1_527' title='bbox 1434 3413 1568 3466; x_wconf 86' lang='lat' dir='ltr'><strong>nihil</strong></span> <span class='ocrx_word' id='word_1_528' title='bbox 1611 3415 1896 3481; x_wconf 83' lang='lat' dir='ltr'><strong>deﬁniunt,</strong></span> <span class='ocrx_word' id='word_1_529' title='bbox 1946 3433 2068 3471; x_wconf 90' lang='lat' dir='ltr'><strong>om-</strong></span> 
     </span>
    </p>
   </div>
   <div class='ocr_carea' id='block_1_68' title="bbox 503 3503 2068 3572">
    <p class='ocr_par' dir='ltr' id='par_1_68' title="bbox 503 3503 2068 3572">
     <span class='ocr_line' id='line_1_68' title="bbox 503 3503 2068 3572; baseline 0.003 -16"><span class='ocrx_word' id='word_1_530' title='bbox 503 3503 633 3557; x_wconf 90' lang='lat' dir='ltr'><strong>nino</strong></span> <span class='ocrx_word' id='word_1_531' title='bbox 683 3503 1046 3570; x_wconf 87' lang='lat' dir='ltr'><strong>irreprehensi</strong></span> <span class='ocrx_word' id='word_1_532' title='bbox 1087 3514 1439 3572; x_wconf 86' lang='lat' dir='ltr'><strong>permanent;</strong></span> <span class='ocrx_word' id='word_1_533' title='bbox 1481 3520 1667 3560; x_wconf 86' lang='lat' dir='ltr'><strong>verum</strong></span> <span class='ocrx_word' id='word_1_534' title='bbox 1707 3505 2068 3572; x_wconf 84' lang='lat' dir='ltr'><strong>Academicis,</strong></span> 
     </span>
    </p>
   </div>
   <div class='ocr_carea' id='block_1_69' title="bbox 503 3593 2064 3664">
    <p class='ocr_par' dir='ltr' id='par_1_69' title="bbox 503 3593 2064 3664">
     <span class='ocr_line' id='line_1_69' title="bbox 503 3593 2064 3664; baseline 0.003 -17"><span class='ocrx_word' id='word_1_535' title='bbox 503 3596 600 3658; x_wconf 89' lang='lat' dir='ltr'><strong>ait,</strong></span> <span class='ocrx_word' id='word_1_536' title='bbox 635 3608 793 3662; x_wconf 85' lang='lat' dir='ltr'><strong>pares</strong></span> <span class='ocrx_word' id='word_1_537' title='bbox 817 3608 939 3648; x_wconf 91' lang='lat' dir='ltr'><strong>cum</strong></span> <span class='ocrx_word' id='word_1_538' title='bbox 967 3593 1092 3648; x_wconf 90' lang='lat' dir='ltr'><strong>aliis</strong></span> <span class='ocrx_word' id='word_1_539' title='bbox 1115 3594 1454 3664; x_wconf 83' lang='lat' dir='ltr'><strong>philosOphis</strong></span> <span class='ocrx_word' id='word_1_540' title='bbox 1493 3596 1731 3650; x_wconf 86' lang='lat' dir='ltr'><strong>rationes</strong></span> <span class='ocrx_word' id='word_1_541' title='bbox 1763 3597 2064 3651; x_wconf 81' lang='lat' dir='ltr'><strong>reddendae.</strong></span> 
     </span>
    </p>
   </div>
   <div class='ocr_carea' id='block_1_70' title="bbox 502 3684 2068 3755">
    <p class='ocr_par' dir='ltr' id='par_1_70' title="bbox 502 3684 2068 3755">
     <span class='ocr_line' id='line_1_70' title="bbox 502 3684 2068 3755; baseline -0.001 -14"><span class='ocrx_word' id='word_1_542' title='bbox 502 3684 638 3741; x_wconf 79' lang='lat' dir='ltr'><strong>illud</strong></span> <span class='ocrx_word' id='word_1_543' title='bbox 669 3699 829 3752; x_wconf 89' lang='lat' dir='ltr'><strong>porro</strong></span> <span class='ocrx_word' id='word_1_544' title='bbox 860 3684 1185 3740; x_wconf 81' lang='lat' dir='ltr'><strong>maximum:</strong></span> <span class='ocrx_word' id='word_1_545' title='bbox 1217 3687 1359 3754; x_wconf 92' lang='lat' dir='ltr'><strong>quod</strong></span> <span class='ocrx_word' id='word_1_546' title='bbox 1395 3686 1467 3739; x_wconf 95' lang='lat' dir='ltr'><strong>illi</strong></span> <span class='ocrx_word' id='word_1_547' title='bbox 1503 3687 1570 3740; x_wconf 90' lang='lat' dir='ltr'><strong>de</strong></span> <span class='ocrx_word' id='word_1_548' title='bbox 1603 3701 1661 3740; x_wconf 87' lang='lat' dir='ltr'><strong>re</strong></span> <span class='ocrx_word' id='word_1_549' title='bbox 1695 3685 1935 3755; x_wconf 81' lang='lat' dir='ltr'><strong>qualibet</strong></span> <span class='ocrx_word' id='word_1_550' title='bbox 1967 3688 2068 3742; x_wconf 88' lang='lat' dir='ltr'><strong>sibi</strong></span> 
     </span>
    </p>
   </div>
   <div class='ocr_carea' id='block_1_71' title="bbox 502 3775 2072 3848">
    <p class='ocr_par' dir='ltr' id='par_1_71' title="bbox 502 3775 2072 3848">
     <span class='ocr_line' id='line_1_71' title="bbox 502 3775 2072 3848; baseline 0.001 -17"><span class='ocrx_word' id='word_1_551' title='bbox 502 3778 680 3831; x_wconf 87' lang='lat' dir='ltr'><strong>oblata</strong></span> <span class='ocrx_word' id='word_1_552' title='bbox 738 3775 1068 3843; x_wconf 75' lang='lat' dir='ltr'><strong>dubitantes,</strong></span> <span class='ocrx_word' id='word_1_553' title='bbox 1116 3792 1220 3831; x_wconf 87' lang='lat' dir='ltr'><strong>non</strong></span> <span class='ocrx_word' id='word_1_554' title='bbox 1273 3788 1477 3831; x_wconf 86' lang='lat' dir='ltr'><strong>tantum</strong></span> <span class='ocrx_word' id='word_1_555' title='bbox 1517 3779 1765 3832; x_wconf 87' lang='lat' dir='ltr'><strong>eumdem</strong></span> <span class='ocrx_word' id='word_1_556' title='bbox 1815 3790 2072 3848; x_wconf 86' lang='lat' dir='ltr'><strong>perpetuo</strong></span> 
     </span>
    </p>
   </div>
   <div class='ocr_carea' id='block_1_72' title="bbox 507 3867 2070 3939">
    <p class='ocr_par' dir='ltr' id='par_1_72' title="bbox 507 3867 2070 3939">
     <span class='ocr_line' id='line_1_72' title="bbox 507 3867 2070 3939; baseline 0.003 -20"><span class='ocrx_word' id='word_1_557' title='bbox 507 3878 725 3921; x_wconf 87' lang='lat' dir='ltr'><strong>teneant</strong></span> <span class='ocrx_word' id='word_1_558' title='bbox 770 3868 1036 3933; x_wconf 87' lang='lat' dir='ltr'><strong>ordinem,</strong></span> <span class='ocrx_word' id='word_1_559' title='bbox 1093 3867 1188 3922; x_wconf 84' lang='lat' dir='ltr'><strong>sed</strong></span> <span class='ocrx_word' id='word_1_560' title='bbox 1239 3883 1512 3936; x_wconf 85' lang='lat' dir='ltr'><strong>nunquam</strong></span> <span class='ocrx_word' id='word_1_561' title='bbox 1545 3869 1710 3923; x_wconf 86' lang='lat' dir='ltr'><strong>etiam</strong></span> <span class='ocrx_word' id='word_1_562' title='bbox 1748 3884 1932 3924; x_wconf 86' lang='lat' dir='ltr'><strong>secum</strong></span> <span class='ocrx_word' id='word_1_563' title='bbox 1970 3871 2070 3939; x_wconf 89' lang='lat' dir='ltr'><strong>ipsi</strong></span> 
     </span>
    </p>
   </div>
   <div class='ocr_carea' id='block_1_73' title="bbox 505 3961 2074 4028">
    <p class='ocr_par' dir='ltr' id='par_1_73' title="bbox 505 3961 2074 4028">
     <span class='ocr_line' id='line_1_73' title="bbox 505 3961 2074 4028; baseline 0.001 -15"><span class='ocrx_word' id='word_1_564' title='bbox 505 3971 762 4028; x_wconf 85' lang='lat' dir='ltr'><strong>pugnent,</strong></span> <span class='ocrx_word' id='word_1_565' title='bbox 826 3975 948 4013; x_wconf 92' lang='lat' dir='ltr'><strong>cum</strong></span> <span class='ocrx_word' id='word_1_566' title='bbox 994 3961 1049 4014; x_wconf 93' lang='lat' dir='ltr'><strong>hi</strong></span> <span class='ocrx_word' id='word_1_567' title='bbox 1095 3974 1278 4014; x_wconf 87' lang='lat' dir='ltr'><strong>secum</strong></span> <span class='ocrx_word' id='word_1_568' title='bbox 1313 3975 1554 4028; x_wconf 84' lang='lat' dir='ltr'><strong>pugnare</strong></span> <span class='ocrx_word' id='word_1_569' title='bbox 1601 3975 1682 4025; x_wconf 90' lang='lat' dir='ltr'><strong>se,</strong></span> <span class='ocrx_word' id='word_1_570' title='bbox 1740 3975 1808 4015; x_wconf 89' lang='lat' dir='ltr'><strong>ne</strong></span> <span class='ocrx_word' id='word_1_571' title='bbox 1834 3962 2074 4015; x_wconf 88' lang='lat' dir='ltr'><strong>sentiant</strong></span> 
     </span>
    </p>
   </div>
   <div class='ocr_carea' id='block_1_74' title="bbox 506 4050 2072 4120">
    <p class='ocr_par' dir='ltr' id='par_1_74' title="bbox 506 4050 2072 4120">
     <span class='ocr_line' id='line_1_74' title="bbox 506 4050 2072 4120; baseline 0.003 -20"><span class='ocrx_word' id='word_1_572' title='bbox 506 4050 744 4118; x_wconf 81' lang='lat' dir='ltr'><strong>quidem.</strong></span> <span class='ocrx_word' id='word_1_573' title='bbox 787 4050 961 4105; x_wconf 90' lang='lat' dir='ltr'><strong>Simul</strong></span> <span class='ocrx_word' id='word_1_574' title='bbox 989 4051 1132 4107; x_wconf 90' lang='lat' dir='ltr'><strong>enim</strong></span> <span class='ocrx_word' id='word_1_575' title='bbox 1172 4065 1372 4119; x_wconf 89' lang='lat' dir='ltr'><strong>ponere</strong></span> <span class='ocrx_word' id='word_1_576' title='bbox 1414 4051 1717 4120; x_wconf 89' lang='lat' dir='ltr'><strong>quidpiam,</strong></span> <span class='ocrx_word' id='word_1_577' title='bbox 1762 4061 1816 4106; x_wconf 88' lang='lat' dir='ltr'><strong>et</strong></span> <span class='ocrx_word' id='word_1_578' title='bbox 1858 4069 2072 4105; x_wconf 85' lang='lat' dir='ltr'><strong>rursum</strong></span> 
     </span>
    </p>
   </div>
   <div class='ocr_carea' id='block_1_75' title="bbox 508 4143 2074 4207">
    <p class='ocr_par' dir='ltr' id='par_1_75' title="bbox 508 4143 2074 4207">
     <span class='ocr_line' id='line_1_75' title="bbox 508 4143 2074 4207; baseline 0.002 -13"><span class='ocrx_word' id='word_1_579' title='bbox 508 4143 879 4197; x_wconf 80' lang='lat' dir='ltr'><strong>indubitanter</strong></span> <span class='ocrx_word' id='word_1_580' title='bbox 907 4143 1115 4207; x_wconf 89' lang='lat' dir='ltr'><strong>tollere,</strong></span> <span class='ocrx_word' id='word_1_581' title='bbox 1155 4143 1317 4197; x_wconf 87' lang='lat' dir='ltr'><strong>simul</strong></span> <span class='ocrx_word' id='word_1_582' title='bbox 1352 4143 1476 4198; x_wconf 89' lang='lat' dir='ltr'><strong>item</strong></span> <span class='ocrx_word' id='word_1_583' title='bbox 1507 4144 1686 4198; x_wconf 88' lang='lat' dir='ltr'><strong>dicere</strong></span> <span class='ocrx_word' id='word_1_584' title='bbox 1715 4145 2074 4197; x_wconf 82' lang='lat' dir='ltr'><strong>communiter</strong></span> 
     </span>
    </p>
   </div>
   <div class='ocr_carea' id='block_1_76' title="bbox 508 4231 2076 4301">
    <p class='ocr_par' dir='ltr' id='par_1_76' title="bbox 508 4231 2076 4301">
     <span class='ocr_line' id='line_1_76' title="bbox 508 4231 2076 4301; baseline 0.003 -21"><span class='ocrx_word' id='word_1_585' title='bbox 508 4231 685 4298; x_wconf 82' lang='lat' dir='ltr'><strong>aliqua</strong></span> <span class='ocrx_word' id='word_1_586' title='bbox 727 4246 850 4286; x_wconf 86' lang='lat' dir='ltr'><strong>esse</strong></span> <span class='ocrx_word' id='word_1_587' title='bbox 895 4232 1422 4301; x_wconf 87' lang='lat' dir='ltr'><strong>comprehensibilia,</strong></span> <span class='ocrx_word' id='word_1_588' title='bbox 1465 4241 1518 4285; x_wconf 90' lang='lat' dir='ltr'><strong>et</strong></span> <span class='ocrx_word' id='word_1_589' title='bbox 1566 4249 1670 4286; x_wconf 93' lang='lat' dir='ltr'><strong>non</strong></span> <span class='ocrx_word' id='word_1_590' title='bbox 1697 4247 1838 4294; x_wconf 86' lang='lat' dir='ltr'><strong>esse,</strong></span> <span class='ocrx_word' id='word_1_591' title='bbox 1905 4233 2076 4285; x_wconf 86' lang='lat' dir='ltr'><strong>mani-</strong></span> 
     </span>
    </p>
   </div>
   <div class='ocr_carea' id='block_1_77' title="bbox 508 4323 2076 4394">
    <p class='ocr_par' dir='ltr' id='par_1_77' title="bbox 508 4323 2076 4394">
     <span class='ocr_line' id='line_1_77' title="bbox 508 4323 2076 4394; baseline 0.001 -17"><span class='ocrx_word' id='word_1_592' title='bbox 508 4323 700 4377; x_wconf 74' lang='lat' dir='ltr'><strong>festam</strong></span> <span class='ocrx_word' id='word_1_593' title='bbox 749 4324 934 4392; x_wconf 83' lang='lat' dir='ltr'><strong>utique</strong></span> <span class='ocrx_word' id='word_1_594' title='bbox 986 4339 1220 4394; x_wconf 86' lang='lat' dir='ltr'><strong>pugnam</strong></span> <span class='ocrx_word' id='word_1_595' title='bbox 1260 4325 1437 4378; x_wconf 76' lang='lat' dir='ltr'><strong>aﬂ‘ert.</strong></span> <span class='ocrx_word' id='word_1_596' title='bbox 1503 4325 1754 4392; x_wconf 85' lang='lat' dir='ltr'><strong>Alioquin</strong></span> <span class='ocrx_word' id='word_1_597' title='bbox 1804 4325 2076 4392; x_wconf 89' lang='lat' dir='ltr'><strong>quomodo</strong></span> 
     </span>
    </p>
   </div>
   <div class='ocr_carea' id='block_1_78' title="bbox 509 4413 2074 4486">
    <p class='ocr_par' dir='ltr' id='par_1_78' title="bbox 509 4413 2074 4486">
     <span class='ocr_line' id='line_1_78' title="bbox 509 4413 2074 4486; baseline 0.002 -21"><span class='ocrx_word' id='word_1_598' title='bbox 509 4413 626 4467; x_wconf 83' lang='lat' dir='ltr'><strong>ﬁeri</strong></span> <span class='ocrx_word' id='word_1_599' title='bbox 653 4413 844 4483; x_wconf 87' lang='lat' dir='ltr'><strong>possit,</strong></span> <span class='ocrx_word' id='word_1_600' title='bbox 897 4416 1076 4484; x_wconf 89' lang='lat' dir='ltr'><strong>utqui</strong></span> <span class='ocrx_word' id='word_1_601' title='bbox 1111 4415 1360 4486; x_wconf 79' lang='lat' dir='ltr'><strong>cognorit</strong></span> <span class='ocrx_word' id='word_1_602' title='bbox 1402 4416 1502 4470; x_wconf 88' lang='lat' dir='ltr'><strong>hoc</strong></span> <span class='ocrx_word' id='word_1_603' title='bbox 1527 4431 1645 4470; x_wconf 84' lang='lat' dir='ltr'><strong>esse</strong></span> <span class='ocrx_word' id='word_1_604' title='bbox 1687 4431 1896 4479; x_wconf 89' lang='lat' dir='ltr'><strong>verum,</strong></span> <span class='ocrx_word' id='word_1_605' title='bbox 1947 4415 2074 4468; x_wconf 91' lang='lat' dir='ltr'><strong>illud</strong></span> 
     </span>
    </p>
   </div>
   <div class='ocr_carea' id='block_1_79' title="bbox 2171 3319 3750 3396">
    <p class='ocr_par' dir='ltr' id='par_1_79' title="bbox 2171 3319 3750 3396">
     <span class='ocr_line' id='line_1_79' title="bbox 2171 3319 3750 3396; baseline -0.006 -18"><span class='ocrx_word' id='word_1_606' title='bbox 2171 3326 2387 3396; x_wconf 82' lang='grc' dir='ltr'>ροῦντες</span> <span class='ocrx_word' id='word_1_607' title='bbox 2409 3325 2470 3376; x_wconf 88' lang='grc' dir='ltr'><strong>τό</strong></span> <span class='ocrx_word' id='word_1_608' title='bbox 2497 3341 2556 3375; x_wconf 90' lang='grc' dir='ltr'><strong>τε</strong></span> <span class='ocrx_word' id='word_1_609' title='bbox 2608 3323 2890 3390; x_wconf 81' lang='grc' dir='ltr'>σύστοιχον</span> <span class='ocrx_word' id='word_1_610' title='bbox 2944 3321 3262 3390; x_wconf 80' lang='grc' dir='ltr'>διατηροῦσι</span> <span class='ocrx_word' id='word_1_611' title='bbox 3293 3322 3383 3372; x_wconf 74' lang='grc' dir='ltr'><strong>καὶ</strong></span> <span class='ocrx_word' id='word_1_612' title='bbox 3421 3321 3644 3380; x_wconf 72' lang='grc' dir='ltr'>ἑαυτοῖς</span> <span class='ocrx_word' id='word_1_613' title='bbox 3686 3319 3750 3370; x_wconf 81' lang='grc' dir='ltr'><strong>οὐ</strong></span> 
     </span>
    </p>
   </div>
   <div class='ocr_carea' id='block_1_80' title="bbox 2172 3411 3747 3488">
    <p class='ocr_par' dir='ltr' id='par_1_80' title="bbox 2172 3411 3747 3488">
     <span class='ocr_line' id='line_1_80' title="bbox 2172 3411 3747 3488; baseline -0.004 -19"><span class='ocrx_word' id='word_1_614' title='bbox 2172 3420 2456 3488; x_wconf 82' lang='grc' dir='ltr'>μάχονται,</span> <span class='ocrx_word' id='word_1_615' title='bbox 2489 3419 2537 3468; x_wconf 82' lang='grc' dir='ltr'><strong>οἱ</strong></span> <span class='ocrx_word' id='word_1_616' title='bbox 2577 3415 2634 3468; x_wconf 79' lang='grc' dir='ltr'>δὲ</span> <span class='ocrx_word' id='word_1_617' title='bbox 2661 3414 2984 3484; x_wconf 82' lang='grc' dir='ltr'>μαχομένοις</span> <span class='ocrx_word' id='word_1_618' title='bbox 3023 3415 3069 3445; x_wconf 71' lang='grc'>⁹⁰</span> <span class='ocrx_word' id='word_1_619' title='bbox 3100 3415 3313 3475; x_wconf 77' lang='grc' dir='ltr'>ἑαυτοῖς</span> <span class='ocrx_word' id='word_1_620' title='bbox 3345 3412 3406 3464; x_wconf 81' lang='grc' dir='ltr'><strong>οὐ</strong></span> <span class='ocrx_word' id='word_1_621' title='bbox 3449 3411 3747 3462; x_wconf 84' lang='grc' dir='ltr'>συνίσασι·</span> 
     </span>
    </p>
   </div>
   <div class='ocr_carea' id='block_1_81' title="bbox 2166 3500 3750 3578">
    <p class='ocr_par' dir='ltr' id='par_1_81' title="bbox 2166 3500 3750 3578">
     <span class='ocr_line' id='line_1_81' title="bbox 2166 3500 3750 3578; baseline -0.006 -16"><span class='ocrx_word' id='word_1_622' title='bbox 2166 3511 2227 3563; x_wconf 76' lang='grc' dir='ltr'><strong>τὸ</strong></span> <span class='ocrx_word' id='word_1_623' title='bbox 2250 3508 2359 3578; x_wconf 84' lang='grc' dir='ltr'><strong>γάρ</strong></span> <span class='ocrx_word' id='word_1_624' title='bbox 2388 3509 2503 3577; x_wconf 75' lang='grc' dir='ltr'>ἅμα</span> <span class='ocrx_word' id='word_1_625' title='bbox 2534 3507 2738 3559; x_wconf 81' lang='grc' dir='ltr'>τιθέναι</span> <span class='ocrx_word' id='word_1_626' title='bbox 2767 3523 2820 3557; x_wconf 87' lang='grc' dir='ltr'><strong>τι</strong></span> <span class='ocrx_word' id='word_1_627' title='bbox 2851 3505 2946 3557; x_wconf 71' lang='grc' dir='ltr'><strong>καὶ</strong></span> <span class='ocrx_word' id='word_1_628' title='bbox 2967 3504 3143 3572; x_wconf 75' lang='grc' dir='ltr'>αἴρειν</span> <span class='ocrx_word' id='word_1_629' title='bbox 3181 3502 3590 3572; x_wconf 83' lang='grc' dir='ltr'>ἀναμφιϐόλως,</span> <span class='ocrx_word' id='word_1_630' title='bbox 3633 3500 3750 3569; x_wconf 73' lang='grc' dir='ltr'><strong>ἅμα</strong></span> 
     </span>
    </p>
   </div>
   <div class='ocr_carea' id='block_1_82' title="bbox 2167 3595 3749 3668">
    <p class='ocr_par' dir='ltr' id='par_1_82' title="bbox 2167 3595 3749 3668">
     <span class='ocr_line' id='line_1_82' title="bbox 2167 3595 3749 3668; baseline -0.006 -15"><span class='ocrx_word' id='word_1_631' title='bbox 2167 3619 2227 3654; x_wconf 90' lang='grc' dir='ltr'><strong>τε</strong></span> <span class='ocrx_word' id='word_1_632' title='bbox 2258 3603 2421 3668; x_wconf 80' lang='grc' dir='ltr'>φάναι</span> <span class='ocrx_word' id='word_1_633' title='bbox 2443 3597 2634 3659; x_wconf 84' lang='grc' dir='ltr'>κοινῶς</span> <span class='ocrx_word' id='word_1_634' title='bbox 2666 3598 2928 3666; x_wconf 74' lang='grc' dir='ltr'>ὑπάρχειν</span> <span class='ocrx_word' id='word_1_635' title='bbox 2958 3597 3002 3628; x_wconf 84' lang='grc'><strong>⁹¹</strong></span> <span class='ocrx_word' id='word_1_636' title='bbox 3027 3595 3368 3665; x_wconf 73' lang='grc' dir='ltr'>καταληπτά,</span> <span class='ocrx_word' id='word_1_637' title='bbox 3399 3595 3582 3663; x_wconf 85' lang='grc' dir='ltr'>μάχην</span> <span class='ocrx_word' id='word_1_638' title='bbox 3613 3595 3749 3661; x_wconf 83' lang='grc' dir='ltr'>ὁμο-</span> 
     </span>
    </p>
   </div>
   <div class='ocr_carea' id='block_1_83' title="bbox 2169 3683 3751 3760">
    <p class='ocr_par' dir='ltr' id='par_1_83' title="bbox 2169 3683 3751 3760">
     <span class='ocr_line' id='line_1_83' title="bbox 2169 3683 3751 3760; baseline -0.006 -16"><span class='ocrx_word' id='word_1_639' title='bbox 2169 3690 2502 3760; x_wconf 74' lang='grc' dir='ltr'>λογουμένην</span> <span class='ocrx_word' id='word_1_640' title='bbox 2538 3690 2768 3755; x_wconf 70' lang='grc' dir='ltr'>εἰσάγει,</span> <span class='ocrx_word' id='word_1_641' title='bbox 2821 3688 2940 3741; x_wconf 76' lang='grc' dir='ltr'>ἐπεὶ</span> <span class='ocrx_word' id='word_1_642' title='bbox 2986 3689 3104 3751; x_wconf 89' lang='grc' dir='ltr'><strong>πῶς</strong></span> <span class='ocrx_word' id='word_1_643' title='bbox 3145 3683 3254 3740; x_wconf 77' lang='grc' dir='ltr'>οἷόν</span> <span class='ocrx_word' id='word_1_644' title='bbox 3301 3703 3360 3738; x_wconf 89' lang='grc' dir='ltr'><strong>τε</strong></span> <span class='ocrx_word' id='word_1_645' title='bbox 3409 3685 3751 3751; x_wconf 68' lang='grc' dir='ltr'>γινώσκοντα</span> 
     </span>
    </p>
   </div>
   <div class='ocr_carea' id='block_1_84' title="bbox 2173 3776 3755 3853">
    <p class='ocr_par' dir='ltr' id='par_1_84' title="bbox 2173 3776 3755 3853">
     <span class='ocr_line' id='line_1_84' title="bbox 2173 3776 3755 3853; baseline -0.007 -16"><span class='ocrx_word' id='word_1_646' title='bbox 2173 3784 2288 3838; x_wconf 84' lang='grc' dir='ltr'>τόδε</span> <span class='ocrx_word' id='word_1_647' title='bbox 2327 3784 2424 3853; x_wconf 80' lang='grc' dir='ltr'>μὲν</span> <span class='ocrx_word' id='word_1_648' title='bbox 2452 3779 2590 3834; x_wconf 79' lang='grc' dir='ltr'>εἶναι</span> <span class='ocrx_word' id='word_1_649' title='bbox 2615 3781 2811 3850; x_wconf 84' lang='grc' dir='ltr'>ἀληθὲς</span> <span class='ocrx_word' id='word_1_650' title='bbox 2847 3779 2964 3832; x_wconf 85' lang='grc' dir='ltr'>τόδε</span> <span class='ocrx_word' id='word_1_651' title='bbox 2994 3779 3053 3832; x_wconf 84' lang='grc' dir='ltr'>δὲ</span> <span class='ocrx_word' id='word_1_652' title='bbox 3103 3779 3296 3847; x_wconf 74' lang='grc' dir='ltr'>ψεῦδος</span> <span class='ocrx_word' id='word_1_653' title='bbox 3342 3776 3423 3828; x_wconf 80' lang='grc' dir='ltr'>ἔτι</span> <span class='ocrx_word' id='word_1_654' title='bbox 3469 3776 3755 3843; x_wconf 78' lang='grc' dir='ltr'>διαπορεῖν</span> 
     </span>
    </p>
   </div>
   <div class='ocr_carea' id='block_1_85' title="bbox 2172 3867 3750 3939">
    <p class='ocr_par' dir='ltr' id='par_1_85' title="bbox 2172 3867 3750 3939">
     <span class='ocr_line' id='line_1_85' title="bbox 2172 3867 3750 3939; baseline -0.008 -10"><span class='ocrx_word' id='word_1_655' title='bbox 2172 3878 2263 3929; x_wconf 65' lang='grc' dir='ltr'>καὶ</span> <span class='ocrx_word' id='word_1_656' title='bbox 2283 3873 2550 3936; x_wconf 84' lang='grc' dir='ltr'>διστάσαι,</span> <span class='ocrx_word' id='word_1_657' title='bbox 2569 3874 2663 3926; x_wconf 74' lang='grc' dir='ltr'><strong>καὶ</strong></span> <span class='ocrx_word' id='word_1_658' title='bbox 2680 3874 2740 3924; x_wconf 83' lang='grc' dir='ltr'><strong>οὑ</strong></span> <span class='ocrx_word' id='word_1_659' title='bbox 2758 3872 2943 3939; x_wconf 81' lang='grc' dir='ltr'>σαφῶς</span> <span class='ocrx_word' id='word_1_660' title='bbox 2973 3871 3034 3923; x_wconf 86' lang='grc' dir='ltr'><strong>τὸ</strong></span> <span class='ocrx_word' id='word_1_661' title='bbox 3056 3871 3154 3939; x_wconf 86' lang='grc' dir='ltr'><strong>μὲν</strong></span> <span class='ocrx_word' id='word_1_662' title='bbox 3174 3870 3389 3922; x_wconf 77' lang='grc' dir='ltr'>ἑλέσθαι</span> <span class='ocrx_word' id='word_1_663' title='bbox 3412 3869 3473 3920; x_wconf 73' lang='grc' dir='ltr'><strong>τὸ</strong></span> <span class='ocrx_word' id='word_1_664' title='bbox 3502 3867 3562 3919; x_wconf 78' lang='grc' dir='ltr'>δὲ</span> <span class='ocrx_word' id='word_1_665' title='bbox 3593 3883 3750 3936; x_wconf 80' lang='grc' dir='ltr'>περι-</span> 
     </span>
    </p>
   </div>
   <div class='ocr_carea' id='block_1_86' title="bbox 2176 3958 3750 4035">
    <p class='ocr_par' dir='ltr' id='par_1_86' title="bbox 2176 3958 3750 4035">
     <span class='ocr_line' id='line_1_86' title="bbox 2176 3958 3750 4035; baseline -0.007 -17"><span class='ocrx_word' id='word_1_666' title='bbox 2176 3966 2366 4035; x_wconf 84' lang='grc' dir='ltr'>στῆναι</span> <span class='ocrx_word' id='word_1_667' title='bbox 2393 3981 2407 4027; x_wconf 84' lang='grc'><strong>;</strong></span> <span class='ocrx_word' id='word_1_668' title='bbox 2435 3966 2483 4016; x_wconf 81' lang='grc' dir='ltr'><strong>εί</strong></span> <span class='ocrx_word' id='word_1_669' title='bbox 2513 3963 2611 4031; x_wconf 81' lang='grc' dir='ltr'>μὲν</span> <span class='ocrx_word' id='word_1_670' title='bbox 2640 3961 2749 4031; x_wconf 81' lang='grc' dir='ltr'>γὰρ</span> <span class='ocrx_word' id='word_1_671' title='bbox 2779 3963 2823 3992; x_wconf 72' lang='grc' dir='ltr'>θ’</span> <span class='ocrx_word' id='word_1_672' title='bbox 2855 3963 3128 4028; x_wconf 84' lang='grc' dir='ltr'>ἀγνοεῖται</span> <span class='ocrx_word' id='word_1_673' title='bbox 3151 3960 3232 4011; x_wconf 83' lang='grc' dir='ltr'>ὅτι</span> <span class='ocrx_word' id='word_1_674' title='bbox 3266 3958 3384 4010; x_wconf 84' lang='grc' dir='ltr'>τόδε</span> <span class='ocrx_word' id='word_1_675' title='bbox 3414 3959 3564 4010; x_wconf 77' lang='grc' dir='ltr'>ἐστὶν</span> <span class='ocrx_word' id='word_1_676' title='bbox 3615 3958 3750 4022; x_wconf 84' lang='grc' dir='ltr'>ἁγα-</span> 
     </span>
    </p>
   </div>
   <div class='ocr_carea' id='block_1_87' title="bbox 2175 4047 3748 4128">
    <p class='ocr_par' dir='ltr' id='par_1_87' title="bbox 2175 4047 3748 4128">
     <span class='ocr_line' id='line_1_87' title="bbox 2175 4047 3748 4128; baseline -0.01 -17"><span class='ocrx_word' id='word_1_677' title='bbox 2175 4060 2265 4111; x_wconf 76' lang='grc' dir='ltr'><strong>θὸν</strong></span> <span class='ocrx_word' id='word_1_678' title='bbox 2289 4058 2322 4128; x_wconf 82' lang='grc' dir='ltr'>ἢ</span> <span class='ocrx_word' id='word_1_679' title='bbox 2349 4060 2535 4120; x_wconf 76' lang='grc' dir='ltr'>κακὸν,</span> <span class='ocrx_word' id='word_1_680' title='bbox 2566 4055 2598 4124; x_wconf 80' lang='grc' dir='ltr'>ἢ</span> <span class='ocrx_word' id='word_1_681' title='bbox 2627 4054 2743 4107; x_wconf 83' lang='grc' dir='ltr'>τόδε</span> <span class='ocrx_word' id='word_1_682' title='bbox 2779 4053 2877 4121; x_wconf 81' lang='grc' dir='ltr'>μὲν</span> <span class='ocrx_word' id='word_1_683' title='bbox 2910 4051 3108 4120; x_wconf 81' lang='grc' dir='ltr'>ἀληθὲς</span> <span class='ocrx_word' id='word_1_684' title='bbox 3137 4050 3254 4103; x_wconf 80' lang='grc' dir='ltr'>τόδε</span> <span class='ocrx_word' id='word_1_685' title='bbox 3286 4050 3343 4102; x_wconf 81' lang='grc' dir='ltr'>δὲ</span> <span class='ocrx_word' id='word_1_686' title='bbox 3388 4047 3608 4116; x_wconf 75' lang='grc' dir='ltr'>ψεῦδος,</span> <span class='ocrx_word' id='word_1_687' title='bbox 3658 4047 3748 4098; x_wconf 80' lang='grc' dir='ltr'><strong>καὶ</strong></span> 
     </span>
    </p>
   </div>
   <div class='ocr_carea' id='block_1_88' title="bbox 2175 4139 3747 4218">
    <p class='ocr_par' dir='ltr' id='par_1_88' title="bbox 2175 4139 3747 4218">
     <span class='ocr_line' id='line_1_88' title="bbox 2175 4139 3747 4218; baseline -0.01 -16"><span class='ocrx_word' id='word_1_688' title='bbox 2175 4150 2290 4204; x_wconf 79' lang='grc' dir='ltr'>τόδε</span> <span class='ocrx_word' id='word_1_689' title='bbox 2324 4149 2421 4218; x_wconf 82' lang='grc' dir='ltr'><strong>μὲν</strong></span> <span class='ocrx_word' id='word_1_690' title='bbox 2448 4147 2506 4200; x_wconf 84' lang='grc' dir='ltr'>ὃν</span> <span class='ocrx_word' id='word_1_691' title='bbox 2529 4147 2645 4200; x_wconf 88' lang='grc' dir='ltr'>τόδε</span> <span class='ocrx_word' id='word_1_692' title='bbox 2676 4145 2734 4197; x_wconf 79' lang='grc' dir='ltr'>δὲ</span> <span class='ocrx_word' id='word_1_693' title='bbox 2782 4146 2855 4212; x_wconf 86' lang='grc' dir='ltr'>μὴ</span> <span class='ocrx_word' id='word_1_694' title='bbox 2878 4143 2958 4205; x_wconf 81' lang='grc' dir='ltr'>ὃν,</span> <span class='ocrx_word' id='word_1_695' title='bbox 2995 4144 3212 4204; x_wconf 83' lang='grc' dir='ltr'>πάντως</span> <span class='ocrx_word' id='word_1_696' title='bbox 3237 4140 3602 4209; x_wconf 78' lang='grc' dir='ltr'>ὁμολογητέον</span> <span class='ocrx_word' id='word_1_697' title='bbox 3627 4139 3747 4188; x_wconf 69' lang='grc' dir='ltr'>ἕκα-</span> 
     </span>
    </p>
   </div>
   <div class='ocr_carea' id='block_1_89' title="bbox 2178 4225 3748 4305">
    <p class='ocr_par' dir='ltr' id='par_1_89' title="bbox 2178 4225 3748 4305">
     <span class='ocr_line' id='line_1_89' title="bbox 2178 4225 3748 4305; baseline -0.01 -13"><span class='ocrx_word' id='word_1_698' title='bbox 2178 4257 2302 4292; x_wconf 88' lang='grc' dir='ltr'>στον</span> <span class='ocrx_word' id='word_1_699' title='bbox 2325 4236 2708 4305; x_wconf 74' lang='grc' dir='ltr'>ἀκατάληπτον</span> <span class='ocrx_word' id='word_1_700' title='bbox 2743 4231 2904 4286; x_wconf 82' lang='grc' dir='ltr'>εἷναι·</span> <span class='ocrx_word' id='word_1_701' title='bbox 2931 4234 3057 4303; x_wconf 69' lang='grc'><strong>[545</strong></span> <span class='ocrx_word' id='word_1_702' title='bbox 3091 4231 3182 4302; x_wconf 60' lang='lat' dir='ltr'><strong>IL]</strong></span> <span class='ocrx_word' id='word_1_703' title='bbox 3215 4234 3263 4282; x_wconf 86' lang='grc' dir='ltr'><strong>εί</strong></span> <span class='ocrx_word' id='word_1_704' title='bbox 3295 4231 3338 4282; x_wconf 86' lang='grc' dir='ltr'>δ’</span> <span class='ocrx_word' id='word_1_705' title='bbox 3354 4228 3604 4297; x_wconf 73' lang='grc' dir='ltr'>ἐναργῶς</span> <span class='ocrx_word' id='word_1_706' title='bbox 3634 4225 3748 4278; x_wconf 81' lang='grc' dir='ltr'>κατ’</span> 
     </span>
    </p>
   </div>
   <div class='ocr_carea' id='block_1_90' title="bbox 2176 4318 3747 4398">
    <p class='ocr_par' dir='ltr' id='par_1_90' title="bbox 2176 4318 3747 4398">
     <span class='ocr_line' id='line_1_90' title="bbox 2176 4318 3747 4398; baseline -0.008 -16"><span class='ocrx_word' id='word_1_707' title='bbox 2176 4329 2428 4398; x_wconf 78' lang='grc' dir='ltr'>αἴσθησιν</span> <span class='ocrx_word' id='word_1_708' title='bbox 2451 4327 2484 4398; x_wconf 84' lang='grc' dir='ltr'>ἢ</span> <span class='ocrx_word' id='word_1_709' title='bbox 2506 4326 2642 4379; x_wconf 83' lang='grc' dir='ltr'>κατὰ</span> <span class='ocrx_word' id='word_1_710' title='bbox 2659 4326 2843 4394; x_wconf 83' lang='grc' dir='ltr'>νόησιν</span> <span class='ocrx_word' id='word_1_711' title='bbox 2875 4323 3370 4392; x_wconf 83' lang='grc' dir='ltr'>καταλαμϐάνεται,</span> <span class='ocrx_word' id='word_1_712' title='bbox 3404 4318 3747 4388; x_wconf 77' lang='grc' dir='ltr'>καταληπτὸν</span> 
     </span>
    </p>
   </div>
   <div class='ocr_carea' id='block_1_91' title="bbox 2177 4411 3746 4484">
    <p class='ocr_par' dir='ltr' id='par_1_91' title="bbox 2177 4411 3746 4484">
     <span class='ocr_line' id='line_1_91' title="bbox 2177 4411 3746 4484; baseline -0.007 -11"><span class='ocrx_word' id='word_1_713' title='bbox 2177 4420 2406 4473; x_wconf 73' lang='grc' dir='ltr'>ἕκαστον</span> <span class='ocrx_word' id='word_1_714' title='bbox 2462 4417 2677 4484; x_wconf 83' lang='grc' dir='ltr'>φατέον.</span> <span class='ocrx_word' id='word_1_715' title='bbox 2712 4415 2898 4470; x_wconf 82' lang='grc' dir='ltr'>Ταῦτα</span> <span class='ocrx_word' id='word_1_716' title='bbox 2939 4415 3036 4484; x_wconf 82' lang='grc' dir='ltr'>μὲν</span> <span class='ocrx_word' id='word_1_717' title='bbox 3080 4414 3381 4482; x_wconf 81' lang='grc' dir='ltr'>ἀρχόμενος</span> <span class='ocrx_word' id='word_1_718' title='bbox 3429 4411 3540 4463; x_wconf 91' lang='grc' dir='ltr'><strong>τῶν</strong></span> <span class='ocrx_word' id='word_1_719' title='bbox 3583 4412 3746 4479; x_wconf 81' lang='grc' dir='ltr'>λόγων</span> 
     </span>
    </p>
   </div>
   <div class='ocr_carea' id='block_1_92' title="bbox 509 4502 2064 4581">
    <p class='ocr_par' dir='ltr' id='par_1_92' title="bbox 509 4509 2064 4581">
     <span class='ocr_line' id='line_1_92' title="bbox 509 4509 2064 4581; baseline 0.001 -19"><span class='ocrx_word' id='word_1_720' title='bbox 509 4509 741 4575; x_wconf 73' lang='lat' dir='ltr'><strong>falsum,</strong></span> <span class='ocrx_word' id='word_1_721' title='bbox 795 4510 970 4566; x_wconf 88' lang='lat' dir='ltr'><strong>adhuc</strong></span> <span class='ocrx_word' id='word_1_722' title='bbox 1016 4511 1274 4576; x_wconf 83' lang='lat' dir='ltr'><strong>dubitet,</strong></span> <span class='ocrx_word' id='word_1_723' title='bbox 1330 4522 1494 4580; x_wconf 90' lang='lat' dir='ltr'><strong>atque</strong></span> <span class='ocrx_word' id='word_1_724' title='bbox 1546 4512 1824 4581; x_wconf 77' lang='lat' dir='ltr'><strong>ambigat:</strong></span> <span class='ocrx_word' id='word_1_725' title='bbox 1858 4521 1911 4565; x_wconf 89' lang='lat' dir='ltr'><strong>et</strong></span> <span class='ocrx_word' id='word_1_726' title='bbox 1966 4525 2064 4564; x_wconf 91' lang='lat' dir='ltr'><strong>non</strong></span> 
     </span>
    </p>
   </div>
   <div class='ocr_carea' id='block_1_93' title="bbox 2167 4502 3745 4581">
    <p class='ocr_par' dir='ltr' id='par_1_93' title="bbox 2181 4502 3745 4578">
     <span class='ocr_line' id='line_1_93' title="bbox 2181 4502 3745 4578; baseline -0.005 -16"><span class='ocrx_word' id='word_1_727' title='bbox 2181 4511 2274 4562; x_wconf 75' lang='lat' dir='ltr'><strong>ml.</strong></span> <span class='ocrx_word' id='word_1_728' title='bbox 2294 4508 2494 4560; x_wconf 78' lang='grc' dir='ltr'>τοιαῦθ’</span> <span class='ocrx_word' id='word_1_729' title='bbox 2517 4507 2701 4578; x_wconf 71' lang='grc' dir='ltr'>ἕτερα,</span> <span class='ocrx_word' id='word_1_730' title='bbox 2737 4509 2836 4574; x_wconf 80' lang='grc' dir='ltr'><strong>τὴν</strong></span> <span class='ocrx_word' id='word_1_731' title='bbox 2865 4505 3128 4574; x_wconf 76' lang='grc' dir='ltr'>διαφορὰν</span> <span class='ocrx_word' id='word_1_732' title='bbox 3158 4504 3266 4556; x_wconf 80' lang='grc' dir='ltr'><strong>τῶν</strong></span> <span class='ocrx_word' id='word_1_733' title='bbox 3292 4503 3628 4572; x_wconf 73' lang='grc' dir='ltr'>Πυρρωνίων</span> <span class='ocrx_word' id='word_1_734' title='bbox 3661 4502 3745 4555; x_wconf 79' lang='grc' dir='ltr'><strong>καὶ</strong></span> 
     </span>
    </p>
   </div>
   <div class='ocr_carea' id='block_1_94' title="bbox 506 4601 2078 4672">
    <p class='ocr_par' dir='ltr' id='par_1_94' title="bbox 506 4601 2078 4672">
     <span class='ocr_line' id='line_1_94' title="bbox 506 4601 2078 4672; baseline -0.001 -16"><span class='ocrx_word' id='word_1_735' title='bbox 506 4612 659 4656; x_wconf 77' lang='lat' dir='ltr'><strong>certo</strong></span> <span class='ocrx_word' id='word_1_736' title='bbox 685 4603 836 4671; x_wconf 86' lang='lat' dir='ltr'><strong>prius</strong></span> <span class='ocrx_word' id='word_1_737' title='bbox 864 4601 998 4656; x_wconf 90' lang='lat' dir='ltr'><strong>illud</strong></span> <span class='ocrx_word' id='word_1_738' title='bbox 1023 4602 1403 4672; x_wconf 83' lang='lat' dir='ltr'><strong>amplectatur.</strong></span> <span class='ocrx_word' id='word_1_739' title='bbox 1436 4602 1776 4670; x_wconf 84' lang='lat' dir='ltr'><strong>alterumque</strong></span> <span class='ocrx_word' id='word_1_740' title='bbox 1808 4601 2078 4656; x_wconf 78' lang='lat' dir='ltr'><strong>declinet?</strong></span> 
     </span>
    </p>
   </div>
   <div class='ocr_carea' id='block_1_95' title="bbox 507 4690 2078 4760">
    <p class='ocr_par' dir='ltr' id='par_1_95' title="bbox 507 4690 2078 4760">
     <span class='ocr_line' id='line_1_95' title="bbox 507 4690 2078 4760; baseline 0.001 -16"><span class='ocrx_word' id='word_1_741' title='bbox 507 4690 640 4745; x_wconf 87' lang='lat' dir='ltr'><strong>Nam</strong></span> <span class='ocrx_word' id='word_1_742' title='bbox 677 4691 723 4746; x_wconf 87' lang='lat' dir='ltr'><strong>si</strong></span> <span class='ocrx_word' id='word_1_743' title='bbox 747 4693 1030 4760; x_wconf 80' lang='lat' dir='ltr'><strong>ignoratur</strong></span> <span class='ocrx_word' id='word_1_744' title='bbox 1063 4693 1164 4748; x_wconf 93' lang='lat' dir='ltr'><strong>hoc</strong></span> <span class='ocrx_word' id='word_1_745' title='bbox 1194 4692 1392 4748; x_wconf 92' lang='lat' dir='ltr'><strong>bonum</strong></span> <span class='ocrx_word' id='word_1_746' title='bbox 1421 4707 1564 4755; x_wconf 85' lang='lat' dir='ltr'><strong>esse,</strong></span> <span class='ocrx_word' id='word_1_747' title='bbox 1599 4701 1696 4747; x_wconf 88' lang='lat' dir='ltr'><strong>aut</strong></span> <span class='ocrx_word' id='word_1_748' title='bbox 1722 4692 1918 4746; x_wconf 90' lang='lat' dir='ltr'><strong>malum</strong></span> <span class='ocrx_word' id='word_1_749' title='bbox 1948 4709 1964 4747; x_wconf 89' lang='lat'><strong>:</strong></span> <span class='ocrx_word' id='word_1_750' title='bbox 1995 4692 2078 4747; x_wconf 84' lang='lat' dir='ltr'><strong>vel</strong></span> 
     </span>
    </p>
   </div>
   <div class='ocr_carea' id='block_1_96' title="bbox 510 4784 2081 4849">
    <p class='ocr_par' dir='ltr' id='par_1_96' title="bbox 510 4784 2081 4849">
     <span class='ocr_line' id='line_1_96' title="bbox 510 4784 2081 4849; baseline 0 -11"><span class='ocrx_word' id='word_1_751' title='bbox 510 4785 614 4838; x_wconf 84' lang='lat' dir='ltr'><strong>hoc</strong></span> <span class='ocrx_word' id='word_1_752' title='bbox 647 4800 864 4848; x_wconf 81' lang='lat' dir='ltr'><strong>verum,</strong></span> <span class='ocrx_word' id='word_1_753' title='bbox 913 4784 1042 4838; x_wconf 89' lang='lat' dir='ltr'><strong>illud</strong></span> <span class='ocrx_word' id='word_1_754' title='bbox 1091 4784 1414 4840; x_wconf 82' lang='lat' dir='ltr'><strong>falsum:et</strong></span> <span class='ocrx_word' id='word_1_755' title='bbox 1460 4786 1563 4839; x_wconf 84' lang='lat' dir='ltr'><strong>hoc</strong></span> <span class='ocrx_word' id='word_1_756' title='bbox 1612 4785 1900 4849; x_wconf 79' lang='lat' dir='ltr'><strong>exsistere,</strong></span> <span class='ocrx_word' id='word_1_757' title='bbox 1952 4785 2081 4838; x_wconf 88' lang='lat' dir='ltr'><strong>illud</strong></span> 
     </span>
    </p>
   </div>
   <div class='ocr_carea' id='block_1_97' title="bbox 511 4875 2084 4945">
    <p class='ocr_par' dir='ltr' id='par_1_97' title="bbox 511 4875 2084 4945">
     <span class='ocr_line' id='line_1_97' title="bbox 511 4875 2084 4945; baseline 0.002 -18"><span class='ocrx_word' id='word_1_758' title='bbox 511 4887 642 4931; x_wconf 81' lang='lat' dir='ltr'><strong>vero</strong></span> <span class='ocrx_word' id='word_1_759' title='bbox 655 4875 875 4929; x_wconf 88' lang='lat' dir='ltr'><strong>minime</strong></span> <span class='ocrx_word' id='word_1_760' title='bbox 896 4898 909 4932; x_wconf 66' lang='grc' dir='ltr'><strong>ς</strong></span> <span class='ocrx_word' id='word_1_761' title='bbox 933 4876 1155 4930; x_wconf 92' lang='lat' dir='ltr'><strong>omnino</strong></span> <span class='ocrx_word' id='word_1_762' title='bbox 1184 4875 1459 4929; x_wconf 82' lang='lat' dir='ltr'><strong>fatendum</strong></span> <span class='ocrx_word' id='word_1_763' title='bbox 1485 4876 1676 4930; x_wconf 84' lang='lat' dir='ltr'><strong>horum</strong></span> <span class='ocrx_word' id='word_1_764' title='bbox 1703 4877 1911 4945; x_wconf 83' lang='lat' dir='ltr'><strong>singula</strong></span> <span class='ocrx_word' id='word_1_765' title='bbox 1929 4891 2084 4930; x_wconf 90' lang='lat' dir='ltr'><strong>cum-</strong></span> 
     </span>
    </p>
   </div>
   <div class='ocr_carea' id='block_1_98' title="bbox 515 4967 2081 5036">
    <p class='ocr_par' dir='ltr' id='par_1_98' title="bbox 515 4967 2081 5036">
     <span class='ocr_line' id='line_1_98' title="bbox 515 4967 2081 5036; baseline 0.001 -16"><span class='ocrx_word' id='word_1_766' title='bbox 515 4967 770 5034; x_wconf 76' lang='lat' dir='ltr'><strong>pnehendi</strong></span> <span class='ocrx_word' id='word_1_767' title='bbox 826 4983 936 5022; x_wconf 88' lang='lat' dir='ltr'><strong>non</strong></span> <span class='ocrx_word' id='word_1_768' title='bbox 997 4983 1190 5036; x_wconf 88' lang='lat' dir='ltr'><strong>posse;</strong></span> <span class='ocrx_word' id='word_1_769' title='bbox 1231 4971 1315 5022; x_wconf 90' lang='lat' dir='ltr'><strong>sin</strong></span> <span class='ocrx_word' id='word_1_770' title='bbox 1363 4968 1642 5022; x_wconf 86' lang='lat' dir='ltr'><strong>evidenter</strong></span> <span class='ocrx_word' id='word_1_771' title='bbox 1689 4983 1849 5022; x_wconf 86' lang='lat' dir='ltr'><strong>sensu</strong></span> <span class='ocrx_word' id='word_1_772' title='bbox 1882 4969 1961 5022; x_wconf 77' lang='lat' dir='ltr'><strong>rel</strong></span> <span class='ocrx_word' id='word_1_773' title='bbox 2000 4971 2081 5022; x_wconf 89' lang='lat' dir='ltr'><strong>in-</strong></span> 
     </span>
    </p>
   </div>
   <div class='ocr_carea' id='block_1_99' title="bbox 517 5057 2081 5128">
    <p class='ocr_par' dir='ltr' id='par_1_99' title="bbox 517 5057 2081 5128">
     <span class='ocr_line' id='line_1_99' title="bbox 517 5057 2081 5128; baseline 0.001 -18"><span class='ocrx_word' id='word_1_774' title='bbox 517 5057 810 5125; x_wconf 81' lang='lat' dir='ltr'><strong>telligentia</strong></span> <span class='ocrx_word' id='word_1_775' title='bbox 843 5059 1035 5114; x_wconf 90' lang='lat' dir='ltr'><strong>horum</strong></span> <span class='ocrx_word' id='word_1_776' title='bbox 1069 5059 1310 5128; x_wconf 87' lang='lat' dir='ltr'><strong>quidque</strong></span> <span class='ocrx_word' id='word_1_777' title='bbox 1333 5059 1686 5127; x_wconf 76' lang='lat' dir='ltr'><strong>percipiatur,</strong></span> <span class='ocrx_word' id='word_1_778' title='bbox 1723 5059 2081 5128; x_wconf 87' lang='lat' dir='ltr'><strong>comprehcn-</strong></span> 
     </span>
    </p>
   </div>
   <div class='ocr_carea' id='block_1_100' title="bbox 513 5147 2076 5219">
    <p class='ocr_par' dir='ltr' id='par_1_100' title="bbox 513 5147 2076 5219">
     <span class='ocr_line' id='line_1_100' title="bbox 513 5147 2076 5219; baseline 0.003 -17"><span class='ocrx_word' id='word_1_779' title='bbox 513 5147 670 5203; x_wconf 85' lang='lat' dir='ltr'><strong>sibile</strong></span> <span class='ocrx_word' id='word_1_780' title='bbox 688 5147 798 5219; x_wconf 87' lang='lat' dir='ltr'><strong>jam</strong></span> <span class='ocrx_word' id='word_1_781' title='bbox 832 5153 1025 5204; x_wconf 91' lang='lat' dir='ltr'><strong>horum</strong></span> <span class='ocrx_word' id='word_1_782' title='bbox 1045 5166 1168 5205; x_wconf 87' lang='lat' dir='ltr'><strong>esse</strong></span> <span class='ocrx_word' id='word_1_783' title='bbox 1187 5151 1464 5219; x_wconf 90' lang='lat' dir='ltr'><strong>quodlibet</strong></span> <span class='ocrx_word' id='word_1_784' title='bbox 1487 5151 1770 5205; x_wconf 90' lang='lat' dir='ltr'><strong>dicendum</strong></span> <span class='ocrx_word' id='word_1_785' title='bbox 1799 5161 1905 5206; x_wconf 92' lang='lat' dir='ltr'><strong>est.</strong></span> <span class='ocrx_word' id='word_1_786' title='bbox 1931 5153 2076 5218; x_wconf 83' lang='lat' dir='ltr'><strong>Haec,</strong></span> 
     </span>
    </p>
   </div>
   <div class='ocr_carea' id='block_1_101' title="bbox 514 5239 2082 5310">
    <p class='ocr_par' dir='ltr' id='par_1_101' title="bbox 514 5239 2082 5310">
     <span class='ocr_line' id='line_1_101' title="bbox 514 5239 2082 5310; baseline 0.004 -20"><span class='ocrx_word' id='word_1_787' title='bbox 514 5239 730 5308; x_wconf 85' lang='lat' dir='ltr'><strong>aliaque</strong></span> <span class='ocrx_word' id='word_1_788' title='bbox 767 5241 817 5294; x_wconf 93' lang='lat' dir='ltr'><strong>id</strong></span> <span class='ocrx_word' id='word_1_789' title='bbox 837 5256 1030 5309; x_wconf 86' lang='lat' dir='ltr'><strong>genus,</strong></span> <span class='ocrx_word' id='word_1_790' title='bbox 1085 5244 1152 5296; x_wconf 90' lang='lat' dir='ltr'><strong>ab</strong></span> <span class='ocrx_word' id='word_1_791' title='bbox 1191 5242 1306 5310; x_wconf 89' lang='lat' dir='ltr'><strong>ipso</strong></span> <span class='ocrx_word' id='word_1_792' title='bbox 1351 5257 1472 5296; x_wconf 83' lang='lat' dir='ltr'><strong>mox</strong></span> <span class='ocrx_word' id='word_1_793' title='bbox 1505 5240 1766 5294; x_wconf 91' lang='lat' dir='ltr'><strong>librorum</strong></span> <span class='ocrx_word' id='word_1_794' title='bbox 1799 5242 1953 5296; x_wconf 91' lang='lat' dir='ltr'><strong>initio</strong></span> <span class='ocrx_word' id='word_1_795' title='bbox 1974 5246 2082 5296; x_wconf 80' lang='lat' dir='ltr'><strong>dis-</strong></span> 
     </span>
    </p>
   </div>
   <div class='ocr_carea' id='block_1_102' title="bbox 515 5330 2081 5403">
    <p class='ocr_par' dir='ltr' id='par_1_102' title="bbox 515 5330 2081 5403">
     <span class='ocr_line' id='line_1_102' title="bbox 515 5330 2081 5403; baseline 0.002 -21"><span class='ocrx_word' id='word_1_796' title='bbox 515 5330 720 5383; x_wconf 87' lang='lat' dir='ltr'><strong>crimen</strong></span> <span class='ocrx_word' id='word_1_797' title='bbox 748 5330 1083 5403; x_wconf 78' lang='lat' dir='ltr'><strong>Pyrrhonios</strong></span> <span class='ocrx_word' id='word_1_798' title='bbox 1103 5359 1105 5361; x_wconf 60' lang='grc' dir='ltr'><strong>ι</strong></span> <span class='ocrx_word' id='word_1_799' title='bbox 1128 5332 1270 5387; x_wconf 89' lang='lat' dir='ltr'><strong>inter</strong></span> <span class='ocrx_word' id='word_1_800' title='bbox 1311 5344 1364 5387; x_wconf 89' lang='lat' dir='ltr'><strong>et</strong></span> <span class='ocrx_word' id='word_1_801' title='bbox 1391 5332 1745 5387; x_wconf 84' lang='lat' dir='ltr'><strong>Academicos</strong></span> <span class='ocrx_word' id='word_1_802' title='bbox 1766 5337 2081 5396; x_wconf 75' lang='lat' dir='ltr'><strong>ostendens,</strong></span> 
     </span>
    </p>
   </div>
   <div class='ocr_carea' id='block_1_103' title="bbox 517 5419 2080 5496">
    <p class='ocr_par' dir='ltr' id='par_1_103' title="bbox 517 5419 2080 5496">
     <span class='ocr_line' id='line_1_103' title="bbox 517 5419 2080 5496; baseline 0.004 -23"><span class='ocrx_word' id='word_1_803' title='bbox 517 5420 604 5475; x_wconf 94' lang='lat' dir='ltr'><strong>hic</strong></span> <span class='ocrx_word' id='word_1_804' title='bbox 618 5419 1001 5479; x_wconf 57' lang='lat' dir='ltr'><strong>(Enesidentus</strong></span> <span class='ocrx_word' id='word_1_805' title='bbox 1016 5421 1222 5494; x_wconf 63' lang='lat' dir='ltr'><strong>IEgeus</strong></span> <span class='ocrx_word' id='word_1_806' title='bbox 1237 5431 1554 5493; x_wconf 86' lang='lat' dir='ltr'><strong>pertractat,</strong></span> <span class='ocrx_word' id='word_1_807' title='bbox 1574 5423 1880 5480; x_wconf 87' lang='lat' dir='ltr'><strong>universum</strong></span> <span class='ocrx_word' id='word_1_808' title='bbox 1891 5425 2080 5496; x_wconf 68' lang='lat' dir='ltr'><strong>17Gb</strong></span> 
     </span>
    </p>
   </div>
   <div class='ocr_carea' id='block_1_104' title="bbox 2194 4593 3746 4672">
    <p class='ocr_par' dir='ltr' id='par_1_104' title="bbox 2194 4593 3746 4672">
     <span class='ocr_line' id='line_1_104' title="bbox 2194 4593 3746 4672; baseline -0.006 -17"><span class='ocrx_word' id='word_1_809' title='bbox 2194 4599 2606 4672; x_wconf 80' lang='grc' dir='ltr'>Ἀκαδημαϊκῶν</span> <span class='ocrx_word' id='word_1_810' title='bbox 2633 4599 2970 4660; x_wconf 81' lang='grc' dir='ltr'>ὑποδεικνὺς,</span> <span class='ocrx_word' id='word_1_811' title='bbox 3001 4596 3308 4666; x_wconf 81' lang='grc' dir='ltr'>ἀναγράφει</span> <span class='ocrx_word' id='word_1_812' title='bbox 3333 4595 3360 4647; x_wconf 97' lang='lat'><strong>6</strong></span> <span class='ocrx_word' id='word_1_813' title='bbox 3386 4593 3746 4662; x_wconf 68' lang='grc' dir='ltr'>Μνησίδημος</span> 
     </span>
    </p>
   </div>
   <div class='ocr_carea' id='block_1_105' title="bbox 2180 4684 3745 4763">
    <p class='ocr_par' dir='ltr' id='par_1_105' title="bbox 2180 4684 3745 4763">
     <span class='ocr_line' id='line_1_105' title="bbox 2180 4684 3745 4763; baseline -0.008 -13"><span class='ocrx_word' id='word_1_814' title='bbox 2180 4699 2209 4750; x_wconf 91' lang='lat'><strong>6</strong></span> <span class='ocrx_word' id='word_1_815' title='bbox 2239 4697 2298 4763; x_wconf 80' lang='grc' dir='ltr'><strong>ἐξ</strong></span> <span class='ocrx_word' id='word_1_816' title='bbox 2332 4694 2513 4762; x_wconf 78' lang='grc' dir='ltr'>Αἰγῶν</span> <span class='ocrx_word' id='word_1_817' title='bbox 2545 4711 2560 4725; x_wconf 88' lang='grc'><strong>·</strong></span> <span class='ocrx_word' id='word_1_818' title='bbox 2590 4691 2788 4760; x_wconf 78' lang='grc' dir='ltr'>ἐφεξῆς</span> <span class='ocrx_word' id='word_1_819' title='bbox 2831 4691 2888 4742; x_wconf 81' lang='grc' dir='ltr'>δὲ</span> <span class='ocrx_word' id='word_1_820' title='bbox 2921 4691 3062 4743; x_wconf 77' lang='grc' dir='ltr'>κατὰ</span> <span class='ocrx_word' id='word_1_821' title='bbox 3094 4690 3184 4742; x_wconf 87' lang='grc' dir='ltr'><strong>τὸν</strong></span> <span class='ocrx_word' id='word_1_822' title='bbox 3218 4687 3382 4741; x_wconf 82' lang='grc' dir='ltr'>αὑτὸν</span> <span class='ocrx_word' id='word_1_823' title='bbox 3415 4687 3579 4756; x_wconf 82' lang='grc' dir='ltr'>λόγον</span> <span class='ocrx_word' id='word_1_824' title='bbox 3609 4684 3745 4756; x_wconf 80' lang='grc' dir='ltr'>πρῶ-</span> 
     </span>
    </p>
   </div>
   <div class='ocr_carea' id='block_1_106' title="bbox 2183 4777 3744 4859">
    <p class='ocr_par' dir='ltr' id='par_1_106' title="bbox 2183 4777 3744 4859">
     <span class='ocr_line' id='line_1_106' title="bbox 2183 4777 3744 4859; baseline -0.004 -15"><span class='ocrx_word' id='word_1_825' title='bbox 2183 4808 2275 4844; x_wconf 87' lang='grc' dir='ltr'><strong>τον</strong></span> <span class='ocrx_word' id='word_1_826' title='bbox 2314 4789 2410 4843; x_wconf 75' lang='grc' dir='ltr'>καὶ</span> <span class='ocrx_word' id='word_1_827' title='bbox 2435 4789 2533 4859; x_wconf 77' lang='grc' dir='ltr'>τὴν</span> <span class='ocrx_word' id='word_1_828' title='bbox 2554 4788 2682 4857; x_wconf 81' lang='grc' dir='ltr'>ὃλην</span> <span class='ocrx_word' id='word_1_829' title='bbox 2709 4784 2929 4853; x_wconf 79' lang='grc' dir='ltr'>ἀγωγὴν</span> <span class='ocrx_word' id='word_1_830' title='bbox 2953 4783 3027 4844; x_wconf 79' lang='grc' dir='ltr'><strong>ὡς</strong></span> <span class='ocrx_word' id='word_1_831' title='bbox 3048 4781 3206 4852; x_wconf 84' lang='grc' dir='ltr'>τύπῳ</span> <span class='ocrx_word' id='word_1_832' title='bbox 3244 4783 3341 4834; x_wconf 80' lang='grc' dir='ltr'>καὶ</span> <span class='ocrx_word' id='word_1_833' title='bbox 3367 4777 3744 4847; x_wconf 76' lang='grc' dir='ltr'>κεφαλαιωδῶς</span> 
     </span>
    </p>
   </div>
   <div class='ocr_carea' id='block_1_107' title="bbox 2185 4867 3746 4952">
    <p class='ocr_par' dir='ltr' id='par_1_107' title="bbox 2185 4867 3746 4952">
     <span class='ocr_line' id='line_1_107' title="bbox 2185 4867 3746 4952; baseline -0.009 -17"><span class='ocrx_word' id='word_1_834' title='bbox 2185 4882 2292 4935; x_wconf 88' lang='grc' dir='ltr'><strong>τῶν</strong></span> <span class='ocrx_word' id='word_1_835' title='bbox 2313 4878 2643 4952; x_wconf 73' lang='grc' dir='ltr'>Πυρρωνίων</span> <span class='ocrx_word' id='word_1_836' title='bbox 2666 4876 3004 4948; x_wconf 80' lang='grc' dir='ltr'>παραδίδωσι</span> <span class='ocrx_word' id='word_1_837' title='bbox 3019 4875 3212 4943; x_wconf 83' lang='grc' dir='ltr'>λόγων.</span> <span class='ocrx_word' id='word_1_838' title='bbox 3249 4872 3336 4926; x_wconf 84' lang='grc' dir='ltr'>Ἐν</span> <span class='ocrx_word' id='word_1_839' title='bbox 3365 4873 3422 4926; x_wconf 78' lang='grc' dir='ltr'>δὲ</span> <span class='ocrx_word' id='word_1_840' title='bbox 3444 4871 3524 4935; x_wconf 85' lang='grc' dir='ltr'>τῷ</span> <span class='ocrx_word' id='word_1_841' title='bbox 3552 4870 3595 4940; x_wconf 86' lang='grc' dir='ltr'><strong>β’</strong></span> <span class='ocrx_word' id='word_1_842' title='bbox 3619 4867 3746 4924; x_wconf 72' lang='grc' dir='ltr'>κατὰ</span> 
     </span>
    </p>
   </div>
   <div class='ocr_carea' id='block_1_108' title="bbox 2184 4963 3747 5048">
    <p class='ocr_par' dir='ltr' id='par_1_108' title="bbox 2184 4963 3747 5048">
     <span class='ocr_line' id='line_1_108' title="bbox 2184 4963 3747 5048; baseline -0.009 -22"><span class='ocrx_word' id='word_1_843' title='bbox 2184 4975 2346 5048; x_wconf 81' lang='grc' dir='ltr'>μέρος</span> <span class='ocrx_word' id='word_1_844' title='bbox 2375 4972 2475 5042; x_wconf 74' lang='grc' dir='ltr'>ἤδη</span> <span class='ocrx_word' id='word_1_845' title='bbox 2514 4971 2811 5040; x_wconf 86' lang='grc' dir='ltr'>ἀρχόμενος</span> <span class='ocrx_word' id='word_1_846' title='bbox 2829 4966 3099 5030; x_wconf 77' lang='grc' dir='ltr'>ἐπεξιέναι</span> <span class='ocrx_word' id='word_1_847' title='bbox 3117 4968 3184 5018; x_wconf 81' lang='grc' dir='ltr'><strong>τά</strong></span> <span class='ocrx_word' id='word_1_848' title='bbox 3215 4968 3273 5019; x_wconf 83' lang='grc' dir='ltr'>ἐν</span> <span class='ocrx_word' id='word_1_849' title='bbox 3299 4964 3585 5033; x_wconf 85' lang='grc' dir='ltr'>κεφαλαίῳ</span> <span class='ocrx_word' id='word_1_850' title='bbox 3614 4963 3747 5028; x_wconf 70' lang='grc' dir='ltr'>εἰρη-</span> 
     </span>
    </p>
   </div>
   <div class='ocr_carea' id='block_1_109' title="bbox 2186 5052 3747 5136">
    <p class='ocr_par' dir='ltr' id='par_1_109' title="bbox 2186 5052 3747 5136">
     <span class='ocr_line' id='line_1_109' title="bbox 2186 5052 3747 5136; baseline -0.012 -17"><span class='ocrx_word' id='word_1_851' title='bbox 2186 5067 2321 5136; x_wconf 87' lang='grc' dir='ltr'>μένα</span> <span class='ocrx_word' id='word_1_852' title='bbox 2350 5063 2476 5132; x_wconf 89' lang='grc' dir='ltr'>περί</span> <span class='ocrx_word' id='word_1_853' title='bbox 2498 5077 2556 5113; x_wconf 89' lang='grc' dir='ltr'><strong>τε</strong></span> <span class='ocrx_word' id='word_1_854' title='bbox 2580 5059 2794 5132; x_wconf 83' lang='grc' dir='ltr'>ἀληθῶν</span> <span class='ocrx_word' id='word_1_855' title='bbox 2816 5059 2910 5112; x_wconf 82' lang='grc' dir='ltr'><strong>καὶ</strong></span> <span class='ocrx_word' id='word_1_856' title='bbox 2929 5057 3118 5110; x_wconf 76' lang='grc' dir='ltr'>αἰτίων</span> <span class='ocrx_word' id='word_1_857' title='bbox 3137 5056 3258 5128; x_wconf 68' lang='grc'><strong>[281</strong></span> <span class='ocrx_word' id='word_1_858' title='bbox 3283 5054 3375 5126; x_wconf 62' lang='grc' dir='ltr'>ιι]</span> <span class='ocrx_word' id='word_1_859' title='bbox 3397 5052 3747 5122; x_wconf 84' lang='grc' dir='ltr'>διαλαμϐάνει</span> 
     </span>
    </p>
   </div>
   <div class='ocr_carea' id='block_1_110' title="bbox 2183 5141 3746 5221">
    <p class='ocr_par' dir='ltr' id='par_1_110' title="bbox 2183 5141 3746 5221">
     <span class='ocr_line' id='line_1_110' title="bbox 2183 5141 3746 5221; baseline -0.011 -10"><span class='ocrx_word' id='word_1_860' title='bbox 2183 5158 2278 5212; x_wconf 71' lang='grc' dir='ltr'>καὶ</span> <span class='ocrx_word' id='word_1_861' title='bbox 2299 5153 2489 5210; x_wconf 83' lang='grc' dir='ltr'>παθῶν</span> <span class='ocrx_word' id='word_1_862' title='bbox 2512 5153 2606 5207; x_wconf 80' lang='grc' dir='ltr'>καὶ</span> <span class='ocrx_word' id='word_1_863' title='bbox 2627 5153 2914 5221; x_wconf 83' lang='grc' dir='ltr'>κινήσεως,</span> <span class='ocrx_word' id='word_1_864' title='bbox 2945 5149 3214 5218; x_wconf 84' lang='grc' dir='ltr'>γενέσεώς</span> <span class='ocrx_word' id='word_1_865' title='bbox 3230 5166 3290 5201; x_wconf 90' lang='grc' dir='ltr'><strong>τε</strong></span> <span class='ocrx_word' id='word_1_866' title='bbox 3319 5148 3412 5200; x_wconf 82' lang='grc' dir='ltr'><strong>καὶ</strong></span> <span class='ocrx_word' id='word_1_867' title='bbox 3439 5147 3646 5216; x_wconf 78' lang='grc' dir='ltr'>φθοράς</span> <span class='ocrx_word' id='word_1_868' title='bbox 3662 5141 3746 5196; x_wconf 73' lang='grc' dir='ltr'>καὶ</span> 
     </span>
    </p>
   </div>
   <div class='ocr_carea' id='block_1_111' title="bbox 2151 5233 3744 5308">
    <p class='ocr_par' dir='ltr' id='par_1_111' title="bbox 2151 5233 3744 5308">
     <span class='ocr_line' id='line_1_111' title="bbox 2151 5233 3744 5308; baseline -0.009 -8"><span class='ocrx_word' id='word_1_869' title='bbox 2151 5238 2153 5241; x_wconf 51' lang='grc'><strong>’</strong></span> <span class='ocrx_word' id='word_1_870' title='bbox 2182 5248 2289 5300; x_wconf 83' lang='grc' dir='ltr'><strong>τῶν</strong></span> <span class='ocrx_word' id='word_1_871' title='bbox 2309 5245 2515 5304; x_wconf 76' lang='grc' dir='ltr'>τούτοις</span> <span class='ocrx_word' id='word_1_872' title='bbox 2533 5243 2810 5308; x_wconf 77' lang='grc' dir='ltr'>ἐναντίων,</span> <span class='ocrx_word' id='word_1_873' title='bbox 2839 5240 2986 5295; x_wconf 87' lang='grc' dir='ltr'><strong>κατά</strong></span> <span class='ocrx_word' id='word_1_874' title='bbox 3017 5241 3234 5294; x_wconf 85' lang='grc' dir='ltr'>πάντων</span> <span class='ocrx_word' id='word_1_875' title='bbox 3257 5237 3438 5292; x_wconf 83' lang='grc' dir='ltr'>αὐτῶν</span> <span class='ocrx_word' id='word_1_876' title='bbox 3465 5239 3528 5290; x_wconf 84' lang='grc' dir='ltr'><strong>τὸ</strong></span> <span class='ocrx_word' id='word_1_877' title='bbox 3553 5233 3744 5304; x_wconf 83' lang='grc' dir='ltr'>ἄπορόν</span> 
     </span>
    </p>
   </div>
   <div class='ocr_carea' id='block_1_112' title="bbox 2184 5327 3742 5403">
    <p class='ocr_par' dir='ltr' id='par_1_112' title="bbox 2184 5327 3742 5403">
     <span class='ocr_line' id='line_1_112' title="bbox 2184 5327 3742 5403; baseline -0.009 -13"><span class='ocrx_word' id='word_1_878' title='bbox 2184 5354 2241 5390; x_wconf 89' lang='grc' dir='ltr'><strong>τε</strong></span> <span class='ocrx_word' id='word_1_879' title='bbox 2264 5339 2309 5369; x_wconf 80' lang='grc'><strong>⁸³</strong></span> <span class='ocrx_word' id='word_1_880' title='bbox 2334 5337 2430 5390; x_wconf 70' lang='grc' dir='ltr'>καὶ</span> <span class='ocrx_word' id='word_1_881' title='bbox 2478 5334 2860 5403; x_wconf 81' lang='grc' dir='ltr'>ἀκατάληπτον</span> <span class='ocrx_word' id='word_1_882' title='bbox 2899 5335 3141 5396; x_wconf 84' lang='grc' dir='ltr'>πυκνοῖς,</span> <span class='ocrx_word' id='word_1_883' title='bbox 3168 5331 3243 5394; x_wconf 83' lang='grc' dir='ltr'>ὡς</span> <span class='ocrx_word' id='word_1_884' title='bbox 3274 5330 3468 5393; x_wconf 79' lang='grc' dir='ltr'>οἴεται,</span> <span class='ocrx_word' id='word_1_885' title='bbox 3511 5327 3742 5393; x_wconf 76' lang='grc' dir='ltr'>ἐπιλογι-</span> 
     </span>
    </p>
   </div>
   <div class='ocr_carea' id='block_1_113' title="bbox 2195 5419 3741 5497">
    <p class='ocr_par' dir='ltr' id='par_1_113' title="bbox 2195 5419 3741 5497">
     <span class='ocr_line' id='line_1_113' title="bbox 2195 5419 3741 5497; baseline -0.007 -16"><span class='ocrx_word' id='word_1_886' title='bbox 2195 5431 2352 5497; x_wconf 87' lang='grc' dir='ltr'>σμοῖς</span> <span class='ocrx_word' id='word_1_887' title='bbox 2378 5427 2714 5490; x_wconf 79' lang='grc' dir='ltr'>ὑποδεικνύς.</span> <span class='ocrx_word' id='word_1_888' title='bbox 2741 5426 2853 5483; x_wconf 73' lang='grc' dir='ltr'>Καὶ</span> <span class='ocrx_word' id='word_1_889' title='bbox 2876 5427 2906 5479; x_wconf 91' lang='lat'><strong>6</strong></span> <span class='ocrx_word' id='word_1_890' title='bbox 2926 5432 2974 5495; x_wconf 86' lang='grc' dir='ltr'>γ’</span> <span class='ocrx_word' id='word_1_891' title='bbox 3001 5425 3058 5478; x_wconf 77' lang='grc' dir='ltr'>δὲ</span> <span class='ocrx_word' id='word_1_892' title='bbox 3089 5423 3237 5494; x_wconf 79' lang='grc' dir='ltr'>αὑτῷ</span> <span class='ocrx_word' id='word_1_893' title='bbox 3265 5421 3420 5491; x_wconf 82' lang='grc' dir='ltr'>λόγος</span> <span class='ocrx_word' id='word_1_894' title='bbox 3448 5419 3578 5491; x_wconf 72' lang='grc' dir='ltr'>περὶ</span> <span class='ocrx_word' id='word_1_895' title='bbox 3597 5419 3741 5487; x_wconf 75' lang='grc' dir='ltr'>κινή-</span> 
     </span>
    </p>
   </div>
   <div class='ocr_carea' id='block_1_114' title="bbox 1773 5539 2472 5598">
    <p class='ocr_par' dir='ltr' id='par_1_114' title="bbox 1773 5539 2472 5598">
     <span class='ocr_line' id='line_1_114' title="bbox 1773 5539 2472 5598; baseline 0.006 -6"><span class='ocrx_word' id='word_1_896' title='bbox 1773 5539 2006 5598; x_wconf 73' lang='lat' dir='ltr'><strong>VARUE</strong></span> <span class='ocrx_word' id='word_1_897' title='bbox 2065 5539 2472 5598; x_wconf 84' lang='lat' dir='ltr'><strong>LECTlONES.</strong></span> 
     </span>
    </p>
   </div>
   <div class='ocr_carea' id='block_1_115' title="bbox 588 5649 1676 5723">
    <p class='ocr_par' dir='ltr' id='par_1_115' title="bbox 588 5649 1676 5723">
     <span class='ocr_line' id='line_1_115' title="bbox 588 5649 1676 5723; baseline 0.003 -19"><span class='ocrx_word' id='word_1_898' title='bbox 588 5650 634 5683; x_wconf 84' lang='grc'><strong><em>⁸⁸</em></strong></span> <span class='ocrx_word' id='word_1_899' title='bbox 659 5649 766 5723; x_wconf 84' lang='grc' dir='ltr'><strong>ὑπό</strong></span> <span class='ocrx_word' id='word_1_900' title='bbox 812 5667 899 5723; x_wconf 28' lang='grc' dir='ltr'>ς..</span> <span class='ocrx_word' id='word_1_901' title='bbox 948 5649 995 5681; x_wconf 72' lang='grc'><strong>⁸⁵</strong></span> <span class='ocrx_word' id='word_1_902' title='bbox 1019 5650 1144 5723; x_wconf 77' lang='grc' dir='ltr'>οὐδέ</span> <span class='ocrx_word' id='word_1_903' title='bbox 1173 5650 1252 5707; x_wconf 83' lang='grc' dir='ltr'><strong>Α;</strong></span> <span class='ocrx_word' id='word_1_904' title='bbox 1284 5652 1406 5706; x_wconf 76' lang='grc' dir='ltr'>οὔτε</span> <span class='ocrx_word' id='word_1_905' title='bbox 1429 5671 1491 5720; x_wconf 83' lang='grc' dir='ltr'><strong>ς.</strong></span> <span class='ocrx_word' id='word_1_906' title='bbox 1567 5655 1613 5687; x_wconf 81' lang='grc'><strong>⁸⁸</strong></span> <span class='ocrx_word' id='word_1_907' title='bbox 1644 5655 1676 5723; x_wconf 83' lang='grc' dir='ltr'>ἦ</span> 
     </span>
    </p>
   </div>
   <div class='ocr_carea' id='block_1_116' title="bbox 1708 5654 3267 5728">
    <p class='ocr_par' dir='ltr' id='par_1_116' title="bbox 1708 5654 3267 5728">
     <span class='ocr_line' id='line_1_116' title="bbox 1708 5654 3267 5728; baseline -0.001 -20"><span class='ocrx_word' id='word_1_908' title='bbox 1708 5656 1842 5728; x_wconf 86' lang='lat' dir='ltr'><strong>add._</strong></span> <span class='ocrx_word' id='word_1_909' title='bbox 1962 5725 1968 5728; x_wconf 17' lang='grc' dir='ltr'><strong>Δ</strong></span> <span class='ocrx_word' id='word_1_910' title='bbox 1999 5656 2045 5687; x_wconf 82' lang='grc'><strong>⁸⁸</strong></span> <span class='ocrx_word' id='word_1_911' title='bbox 2060 5656 2267 5728; x_wconf 75' lang='grc' dir='ltr'>οὐκέτι,</span> <span class='ocrx_word' id='word_1_912' title='bbox 2293 5658 2326 5726; x_wconf 83' lang='grc' dir='ltr'>ἦ</span> <span class='ocrx_word' id='word_1_913' title='bbox 2357 5655 2435 5728; x_wconf 74' lang='grc' dir='ltr'>τῷ</span> <span class='ocrx_word' id='word_1_914' title='bbox 2471 5657 2570 5725; x_wconf 81' lang='grc' dir='ltr'><strong>μὲν</strong></span> <span class='ocrx_word' id='word_1_915' title='bbox 2623 5655 2821 5724; x_wconf 72' lang='grc' dir='ltr'>ἐφικτὰ</span> <span class='ocrx_word' id='word_1_916' title='bbox 2861 5655 2938 5728; x_wconf 85' lang='grc' dir='ltr'>τῷ</span> <span class='ocrx_word' id='word_1_917' title='bbox 2987 5655 3034 5707; x_wconf 87' lang='grc' dir='ltr'>δ’</span> <span class='ocrx_word' id='word_1_918' title='bbox 3067 5654 3129 5708; x_wconf 77' lang='grc' dir='ltr'>οὕ</span> <span class='ocrx_word' id='word_1_919' title='bbox 3253 5672 3267 5707; x_wconf 90' lang='lat'>:</span> 
     </span>
    </p>
   </div>
   <div class='ocr_carea' id='block_1_117' title="bbox 3315 5649 3734 5718">
    <p class='ocr_par' dir='ltr' id='par_1_117' title="bbox 3315 5649 3734 5718">
     <span class='ocr_line' id='line_1_117' title="bbox 3315 5649 3734 5718; baseline 0.017 -15"><span class='ocrx_word' id='word_1_920' title='bbox 3315 5653 3416 5704; x_wconf 75' lang='grc' dir='ltr'><strong>οὐκ</strong></span> <span class='ocrx_word' id='word_1_921' title='bbox 3468 5649 3656 5718; x_wconf 78' lang='grc' dir='ltr'>ἐφικτὰ</span> <span class='ocrx_word' id='word_1_922' title='bbox 3681 5662 3734 5709; x_wconf 83' lang='grc' dir='ltr'>ς-</span> 
     </span>
    </p>
   </div>
   <div class='ocr_carea' id='block_1_118' title="bbox 520 5720 3736 5799">
    <p class='ocr_par' dir='ltr' id='par_1_118' title="bbox 520 5720 3736 5799">
     <span class='ocr_line' id='line_1_118' title="bbox 520 5720 3736 5799; baseline 0.002 -25"><span class='ocrx_word' id='word_1_923' title='bbox 520 5722 566 5755; x_wconf 81' lang='grc'><strong>⁸⁷</strong></span> <span class='ocrx_word' id='word_1_924' title='bbox 608 5721 703 5777; x_wconf 78' lang='grc' dir='ltr'><strong>καὶ</strong></span> <span class='ocrx_word' id='word_1_925' title='bbox 731 5721 947 5799; x_wconf 39' lang='grc' dir='ltr'>οιηηΑ..</span> <span class='ocrx_word' id='word_1_926' title='bbox 1015 5721 1061 5799; x_wconf 53' lang='grc' dir='ltr'>ξδ</span> <span class='ocrx_word' id='word_1_927' title='bbox 1090 5722 1210 5776; x_wconf 89' lang='lat' dir='ltr'><strong>libri</strong></span> <span class='ocrx_word' id='word_1_928' title='bbox 1241 5725 1424 5799; x_wconf 81' lang='grc' dir='ltr'>φασίν.</span> <span class='ocrx_word' id='word_1_929' title='bbox 1569 5720 1844 5799; x_wconf 78' lang='grc' dir='ltr'>δεύτερον]</span> <span class='ocrx_word' id='word_1_930' title='bbox 1878 5727 1920 5796; x_wconf 79' lang='grc' dir='ltr'><strong>β’</strong></span> <span class='ocrx_word' id='word_1_931' title='bbox 1944 5725 1988 5780; x_wconf 81' lang='grc' dir='ltr'><strong>Α</strong></span> <span class='ocrx_word' id='word_1_932' title='bbox 2015 5743 2032 5799; x_wconf 62' lang='grc' dir='ltr'>ξ</span> <span class='ocrx_word' id='word_1_933' title='bbox 2065 5720 2435 5799; x_wconf 74' lang='grc' dir='ltr'>δεύτερον’κοίί</span> <span class='ocrx_word' id='word_1_934' title='bbox 2469 5720 2530 5795; x_wconf 61' lang='grc' dir='ltr'><strong>ὲ.</strong></span> <span class='ocrx_word' id='word_1_935' title='bbox 2606 5720 3016 5798; x_wconf 60' lang='grc' dir='ltr'>’θ’μαχομὲπλους</span> <span class='ocrx_word' id='word_1_936' title='bbox 3051 5743 3113 5794; x_wconf 65' lang='grc' dir='ltr'>ς.</span> <span class='ocrx_word' id='word_1_937' title='bbox 3181 5725 3228 5783; x_wconf 64' lang='grc'><strong>9³</strong></span> <span class='ocrx_word' id='word_1_938' title='bbox 3258 5720 3550 5795; x_wconf 83' lang='grc' dir='ltr'>ὑπάρχειν]</span> <span class='ocrx_word' id='word_1_939' title='bbox 3577 5720 3736 5790; x_wconf 74' lang='grc' dir='ltr'>ὑπάρ-</span> 
     </span>
    </p>
   </div>
   <div class='ocr_carea' id='block_1_119' title="bbox 526 5792 2360 5882">
    <p class='ocr_par' dir='ltr' id='par_1_119' title="bbox 526 5792 2360 5882">
     <span class='ocr_line' id='line_1_119' title="bbox 526 5792 2360 5882; baseline 0.002 -32"><span class='ocrx_word' id='word_1_940' title='bbox 526 5809 638 5862; x_wconf 68' lang='grc' dir='ltr'>χειν</span> <span class='ocrx_word' id='word_1_941' title='bbox 681 5793 775 5851; x_wconf 78' lang='grc' dir='ltr'><strong>καὶ</strong></span> <span class='ocrx_word' id='word_1_942' title='bbox 809 5794 882 5863; x_wconf 80' lang='grc' dir='ltr'>μὴ</span> <span class='ocrx_word' id='word_1_943' title='bbox 924 5792 1189 5866; x_wconf 78' lang='grc' dir='ltr'>ὑπάρχειν</span> <span class='ocrx_word' id='word_1_944' title='bbox 1217 5810 1326 5866; x_wconf 69' lang='lat' dir='ltr'><strong>mg.</strong></span> <span class='ocrx_word' id='word_1_945' title='bbox 1358 5796 1424 5855; x_wconf 70' lang='grc' dir='ltr'>Α.</span> <span class='ocrx_word' id='word_1_946' title='bbox 1500 5798 1542 5828; x_wconf 80' lang='grc'><strong>⁹¹</strong></span> <span class='ocrx_word' id='word_1_947' title='bbox 1564 5796 1672 5882; x_wconf 75' lang='grc' dir='ltr'><strong>γάρ</strong></span> <span class='ocrx_word' id='word_1_948' title='bbox 1693 5792 1908 5854; x_wconf 60' lang='grc' dir='ltr'>δίωξις.</span> <span class='ocrx_word' id='word_1_949' title='bbox 1982 5798 2102 5850; x_wconf 65' lang='lat' dir='ltr'><strong>“se</strong></span> <span class='ocrx_word' id='word_1_950' title='bbox 2138 5792 2258 5851; x_wconf 84' lang='lat' dir='ltr'><strong>add.</strong></span> <span class='ocrx_word' id='word_1_951' title='bbox 2295 5799 2360 5854; x_wconf 80' lang='grc' dir='ltr'>Α.</span> 
     </span>
    </p>
   </div>
  </div>
