4014 6474
1368 372 1397 403 \

529 433 632 497 699

1582 431 1847 494 PHOTII
1878 425 2384 490 PATRIARGHE
2423 428 2533 489 CP.

3660 413 3775 475 700

528 548 796 604 Asiatieas
849 563 937 604 res
987 550 1141 605 libris
1196 552 1402 616 decem,
1447 558 1503 607 et
1542 550 1611 607 de
1653 549 1880 618 Europae
1938 549 2099 601 rebus

2208 543 2414 614 Γράψαι
2458 543 2515 596 δὲ
2566 541 2660 596 τὸν
2706 539 2875 612 ἄνδρα
2920 532 3111 591 τοῦτον
3140 532 3209 588 τὰ
3240 532 3384 587 κατὰ
3435 531 3539 601 τὴν
3578 531 3778 585 Ἀσίαν

529 641 681 695 libris
733 640 872 710 (l7)
928 642 1284 713 quadraginta
1352 658 1545 697 novem
1612 643 1896 696 historiam
1972 653 2096 709 per-

529 732 785 797 texuisse,
824 733 1131 787 didicimus.
1174 733 1302 802 Ejus
1338 742 1517 788 autem
1552 732 1674 786 libri
1711 730 1823 801 (l8)
1858 729 2098 799 quinque

532 823 771 878 Rubrum
819 840 991 892 mare,
1031 839 1258 895 quaeque
1308 826 1374 880 ad
1424 826 1553 881 illud
1599 825 1890 895 pertinent,
1926 836 2097 891 expo-

531 922 683 968 nunt.
716 914 781 968 Et
818 918 932 971 haec
964 916 1178 983 quidem
1217 918 1395 971 omnia
1432 918 1659 985 ipsemet
1686 926 1931 971 extremo
1960 913 2099 967 libro

530 1008 720 1073 quinto
750 1019 1159 1063 commemorat.
1198 1009 1296 1065 Ubi
1343 1020 1399 1066 et
1429 1010 1498 1065 ob
1532 1010 1667 1065 alias
1695 1018 1872 1064 certas
1900 1021 2098 1062 causas

530 1110 561 1149 a
607 1098 891 1151 scribendo
945 1114 1005 1153 se
1056 1114 1299 1154 cessasse
1345 1103 1439 1164 ait,
1473 1101 1722 1171 quodque
1762 1108 1950 1155 exacta
1987 1097 2099 1167 iam

532 1198 662 1242 aetas
695 1190 744 1242 in
777 1190 984 1244 senium
1020 1201 1286 1260 vergeret.
1337 1191 1477 1247 Sunt
1504 1192 1595 1261 qui
1627 1201 1821 1261 praeter
1855 1192 1970 1245 haec
1995 1189 2099 1243 alia

533 1279 601 1332 ab
642 1279 731 1334 illo
777 1283 1083 1352 conscripta
1120 1283 1358 1345 tradunt.
1403 1298 1522 1351 quae
1560 1284 1693 1337 mihi
1734 1284 1918 1338 videre
1962 1299 2101 1337 nun-

532 1383 696 1437 quam
750 1372 998 1442 contigit.
1047 1373 1181 1428 Nam
1240 1384 1296 1430 et
1347 1374 1735 1443 Compendinm
1794 1374 1943 1428 aiunt
1996 1388 2102 1428 uno

534 1458 673 1513 libro
720 1460 1001 1530 reliquisse
1047 1478 1257 1529 eorum,
1289 1480 1409 1533 quae
1455 1466 1520 1518 de
1566 1463 1748 1520 Rubro
1789 1464 1921 1517 mari
1962 1465 2101 1519 scri-

535 1551 759 1618 psisset;
797 1553 924 1608 item
958 1554 1035 1609 De
1069 1554 1403 1627 Troglodytis
1438 1556 1603 1610 libros
1632 1557 1887 1625 quinque,
1921 1558 2015 1610 sed
2051 1564 2104 1608 et

537 1642 813 1709 Epitomen
866 1644 1040 1717 Lytles
1097 1647 1165 1701 ab
1206 1647 1528 1702 Antimacho
1578 1649 1825 1717 seriptze;
1888 1663 2102 1701 rursum

535 1733 677 1786 aliud
705 1733 1034 1790 Breviarium
1081 1752 1266 1792 eorum
1313 1755 1431 1808 quae
1470 1740 1537 1794 de
1579 1740 1900 1796 collectione
1932 1740 2106 1793 admi-

2198 634 2444 705 ἔγνωμεν
2473 634 2495 666 ⁸
2520 636 2578 687 ὲν
2622 630 2847 704 βιϐλίοις
2880 636 2911 683 ι’
2940 645 2955 660 ο
2995 627 3091 681 καὶ
3117 626 3226 680 τῶν
3254 624 3394 679 κατὰ
3430 624 3532 693 τὴν
3581 620 3780 693 Εύρώο

2198 746 2308 796 πην
2332 728 2388 780 δὲ
2421 726 2442 759 ⁸
2473 728 2552 790 είς
2584 726 2628 779 θ’
2648 725 2741 778 καὶ
2768 730 2818 795 μ’
2853 720 3241 792 παρατείνεται
3272 716 3421 786 αὐτῷ
3456 717 3488 787 ἡ
3516 714 3737 785 ἱστορία
3758 728 3779 744 ⁸

2199 820 2334 875 ἀλλὰ
2362 820 2454 873 καὶ
2480 818 2519 872 ε’
2550 817 2732 889 βιϐλία
2764 816 2863 887 τὴν
2892 814 3164 883 Ἐρυθρὰν
3200 810 3347 880 αὐτῷ
3378 810 3561 862 πᾶσαν
3587 804 3786 860 καὶτὰ

2202 910 2327 981 περὶ
2344 907 2548 978 ταύτην
2579 904 2937 976 ἑξιστοροῦσι.
2975 903 3088 969 Τὴν
3119 896 3212 955 οῦν
3234 899 3531 971 εἰρημένην
3553 898 3786 951 ἃπασαν

2202 1002 2528 1075 συγγραφὴν
2582 1001 2711 1074 [282
2762 997 2857 1072 IL]
2912 998 3004 1052 καὶ
3042 998 3203 1060 αὐτὸς
3250 996 3342 1048 ἐπὶ
3394 995 3537 1048 τέλει
3588 991 3693 1047 τοῦ
3742 997 3785 1045 ε’

2198 1096 2360 1164 λόγου
2399 1095 2479 1157 είς
2529 1096 2750 1165 μνήμην
2778 1092 2992 1159 ἀνάγει,
3027 1090 3086 1145 ὲν
3117 1081 3161 1156 ᾧ
3188 1088 3282 1142 καὶ
3315 1085 3631 1140 πεπαῦσθαι
3684 1082 3788 1138 τοῦ

2200 1186 2434 1258 γράφειν
2466 1186 2553 1240 διά
2580 1184 2731 1247 τινάς
2773 1200 2835 1237 τε
2878 1182 3058 1244 αίτίας
3091 1181 3245 1248 ἄλλα,
3294 1181 3388 1233 καὶ
3428 1181 3508 1233 ὃτι
3568 1179 3643 1232 τὰ
3683 1177 3789 1247 τῆς

2199 1275 2420 1345 ἡλικίας
2472 1273 2756 1328 ἀποκλίνοι
2798 1272 2935 1344 πρὸς
2979 1270 3040 1324 τὸ
3067 1269 3287 1341 ἔξωρον.
3319 1268 3467 1338 Πλὴν
3522 1284 3586 1336 γε
3634 1266 3789 1319 εἰσιν

2201 1367 2256 1420 οἴ
2286 1383 2449 1435 φασιν
2474 1366 2635 1419 αὐτὸν
2671 1364 2767 1419 καὶ
2796 1364 2987 1435 ἑτέρας
3033 1359 3475 1432 συγγεγραφέναι
3504 1373 3786 1428 πραγμα-

2201 1440 2372 1524 τείας,
2409 1452 2483 1512 ὧν
2516 1460 2678 1528 ἡμεῖς
2706 1456 2894 1509 ούδένα
2921 1453 3129 1508 οὐδέπω
3162 1454 3205 1485 ¹⁰
3248 1453 3425 1521 ῐσμεν.
3474 1447 3791 1518 Ἐπιτομὴν

2201 1548 2259 1601 δὲ
2288 1547 2448 1600 αὐτόν
2465 1564 2595 1616 φασι
2621 1545 2729 1598 τῶν
2758 1545 2887 1615 περὶ
2913 1544 3013 1613 τῆς
3040 1542 3307 1614 Ἐρυθρᾶς
3334 1541 3611 1610 θαλάσσης
3648 1540 3793 1592 ἀνα-

2204 1637 2604 1708 γεγραμμένων
2646 1639 2704 1689 ὲν
2746 1637 2826 1689 ἐνὶ
2883 1634 3139 1699 συντάξαι
3168 1634 3379 1704 βιϐλίῳ,
3412 1636 3502 1687 καὶ
3540 1634 3652 1702 μὴν
3690 1631 3792 1683 καὶ

2204 1731 2346 1797 Περί
2396 1728 2815 1798 Τρωγλοδυτῶν
2856 1726 3036 1798 βιϐλία
3064 1733 3126 1792 ε’,
3168 1726 3302 1780 ἀλλὰ
3332 1726 3423 1778 καὶ
3448 1722 3794 1792 Ἐπιτομὴν

535 1822 785 1876 rabilium
833 1836 1115 1880 ventorum
1162 1829 1362 1897 scripta
1401 1839 1696 1883 exstarent.
1744 1830 2100 1885 Historiarum

2208 1823 2304 1893 τῆς
2331 1822 2657 1892 Ἀντιμάχου
2689 1820 2889 1892 Λύδης,
2926 1820 3022 1872 καὶ
3064 1819 3224 1874 πάλιν
3254 1818 3419 1889 ἄλλην
3447 1814 3793 1885 Ἐπιτομήν

536 1912 723 1967 adluec
771 1914 1041 1986 Excerpta
1070 1920 1457 1985 composuisse,
1491 1931 1653 1990 atque
1691 1921 1757 1977 de
1799 1922 2098 1977 amicorum

2208 1890 2312 1968 τῶν
2367 1890 2831 1985 συγγεγραφότων*
2892 1912 3020 1983 περὶ
3074 1911 3396 1979 συναγωγῆς
3455 1908 3794 1979 θαυμασίων

538 2002 682 2057 inter
715 2004 857 2073 ipsos
892 2010 1302 2063 consuetudine.

608 2183 703 2237 Est
742 2194 922 2239 autem
955 2184 1043 2240 hic
1081 2187 1184 2253 vir,
1218 2196 1481 2257 quantum
1516 2190 1632 2259 ejus
1667 2191 1819 2247 libris
1860 2194 2103 2264 legendis

537 2290 865 2345 cognoscere
898 2277 1070 2347 potui,
1102 2280 1508 2351 grandiloquus,
1539 2292 1593 2337 et
1620 2286 1901 2340 sententiis
1932 2287 2107 2342 abun-

539 2368 694 2420 dans.
738 2365 839 2433 Qui
886 2368 1154 2424 orationis
1199 2372 1570 2440 magnitudine
1606 2388 1668 2430 ac
1704 2376 1965 2445 dignitate
1996 2395 2106 2449 prie

539 2457 749 2511 caeteris
803 2458 1016 2526 quidem
1070 2462 1301 2528 gaudet,
1358 2464 1452 2518 sed
1502 2466 1683 2522 verbis
1733 2468 2106 2527 selectioribns

540 2564 645 2601 non
688 2549 972 2603 admodum
1012 2550 1223 2608 videtur
1252 2555 1518 2610 addictus.
1554 2556 1739 2628 Neque
1768 2570 1945 2615 tamen
1980 2564 2105 2617 dum

542 2639 766 2694 usitatas
793 2655 889 2710 per
915 2643 1091 2695 omnia
1120 2655 1512 2716 consuetasque
1547 2664 1703 2705 voces
1730 2668 1834 2707 non
1863 2653 2105 2721 adhibet,

540 2746 708 2786 novas
748 2734 860 2802 ipse
892 2734 1091 2789 format
1118 2755 1133 2791 :
1167 2738 1269 2792 nisi
1310 2737 1453 2795 forte
1483 2746 1911 2811 usurpandorum
1942 2764 2107 2804 voca-

541 2823 790 2878 bulorum
837 2827 1032 2881 artifex
1086 2831 1372 2899 quispiam,
1409 2848 1599 2888 novam
1651 2839 1937 2905 quamdam
1982 2858 2107 2910 spe-

540 2918 677 2970 ciem
711 2917 1088 2985 praeferentem
1126 2922 1366 2988 phrasim
1409 2926 1472 2979 de
1512 2941 1616 2980 non
1649 2929 1803 2983 novis
1832 2931 2108 2987 vocabulis

539 3008 798 3067 etl'ecerit.
844 3010 995 3077 Quod
1041 3015 1255 3083 quidem
1305 3019 1593 3072 artiﬁcium
1646 3021 1926 3091 ingeniose
1973 3028 2107 3081 adeo

540 3102 635 3154 tibi
669 3103 911 3170 subjicit,
943 3116 1001 3159 ut
1032 3123 1130 3161 nec
1163 3108 1472 3164 innovatum
1514 3112 1803 3182 quidquam
1838 3117 2103 3187 videatur,

2204 2008 2443 2078 ἀνέμων,
2480 2005 2711 2075 ἐκλογάς
2740 2022 2798 2059 τε
2833 2001 3085 2075 ἱστοριῶν
3117 2002 3278 2056 αὑτὸν
3296 2000 3553 2067 συντάξαι
3581 2002 3653 2065 ιι,
3691 2000 3794 2053 καὶ

2207 2104 2334 2174 περὶ
2358 2105 2458 2169 τῆς
2490 2100 2818 2173 προσφιλοῦς
2852 2099 3088 2170 ὁμιλίας.

2280 2197 2434 2249 Ἔστι
2463 2195 2519 2245 δὲ
2550 2194 2608 2258 ἐξ
2635 2190 2709 2247 ὧν
2736 2193 2825 2245 τὸν
2853 2192 3020 2262 ἄνδρα
3054 2189 3185 2253 τοὺς
3206 2188 3400 2258 λόγους
3433 2186 3600 2241 αὑτοῦ
3635 2186 3793 2239 διελ-

2207 2290 2391 2351 θόντες
2422 2287 2763 2355 ἐπέγνωμεν,
2811 2282 3241 2355 μεγαλοπρεπής
3275 2298 3334 2334 τε
3362 2282 3454 2333 καὶ
3497 2280 3793 2347 γνωμολο-

2204 2384 2377 2451 γικὸς,
2394 2382 2573 2452 καὶτῷ
2597 2381 2695 2451 μὲν
2719 2379 2812 2432 τοῦ
2834 2379 2991 2447 λόγου
3019 2378 3238 2447 μεγέθει
3262 2377 3355 2429 καὶ
3373 2373 3649 2438 ἀξιώματι
3669 2372 3790 2423 τῶν

2205 2474 2378 2529 ἄλλων
2408 2471 2605 2543 μᾶλλον
2631 2470 2857 2541 χαίρων,
2891 2468 3068 2535 λέξεσι
3096 2467 3277 2537 μέντοι
3298 2466 3519 2533 λογάσιν
3544 2471 3606 2516 ue
3632 2464 3791 2515 πάνυ

2205 2564 2681 2638 προστεθειμένος,
2714 2561 2833 2615 οὐδὲ
2858 2561 2944 2614 διὰ
2977 2560 3085 2615 τῶν
3116 2559 3320 2630 ὲθίμων
3348 2557 3406 2611 δὲ
3437 2556 3526 2609 διὰ
3578 2556 3791 2617 παντὸς

2207 2659 2591 2729 πορευόμενος,
2623 2655 2825 2726 γεννῶν
2855 2655 2913 2707 δὲ
2952 2654 3114 2715 αὐτὸς
3136 2652 3198 2705 ού
3227 2650 3424 2716 λέξεις,
3459 2647 3577 2701 ἀλλ’
3606 2648 3662 2701 εἰ
3699 2664 3790 2708 τις

2205 2751 2363 2815 ἄλλος
2405 2752 2449 2782 ¹¹
2497 2748 2824 2820 δημιουργὸς
2870 2747 2967 2816 τῆς
3012 2744 3138 2815 περὶ
3171 2744 3270 2806 τὰς
3300 2741 3473 2805 λέξεις
3504 2738 3787 2810 χρήσεως.

2208 2843 2403 2913 καινήν
2433 2858 2554 2894 τινα
2578 2841 2653 2911 μὴ
2678 2842 2893 2902 καιναῖς
2926 2838 2968 2869 ¹³
2994 2834 3332 2905 κεχρημένος
3361 2832 3537 2898 λέξεσι
3571 2846 3786 2899 φανταο

2208 2936 2327 2989 σίαν
2377 2935 2697 3004 πέμπουσαν
2743 2931 2787 2961 ¹¹⁵
2830 2928 3085 2983 ἀποτελεῖ
3130 2926 3229 2997 τὴν
3258 2924 3460 2996 φράσιν
3491 2937 3505 2952 ⁸
3545 2919 3791 2974 οὓτωδὲ

2207 3024 2501 3098 προσφυῶς
2545 3021 2905 3077 ὑποϐάλλεται
2950 3020 3049 3091 τὴν
3080 3018 3299 3087 πρᾶξιν,
3331 3016 3405 3079 ὡς
3432 3015 3529 3085 τήν
3566 3030 3628 3065 τε
3660 3029 3791 3065 και-

2205 3116 2460 3186 νοτομίαν
2489 3115 2564 3185 μὴ
2589 3114 2766 3167 δοκεῖν
2808 3106 2946 3164 εἶναι
2982 3108 3355 3180 καινοτομίαν,
3387 3107 3482 3160 καὶ
3517 3106 3577 3158 τὺ
3608 3104 3790 3173 σαφὲς

536 3208 640 3247 nec
688 3196 863 3249 minor
912 3198 1003 3260 sit,
1039 3213 1200 3266 quam
1250 3201 1294 3254 si
1346 3202 1574 3257 usitatas
1627 3206 1897 3261 attulisset
1950 3224 2106 3266 voces

2210 3210 2308 3261 ούκ
2333 3208 2552 3261 ἔλαττον
2578 3204 2686 3259 τῶν
2707 3204 2766 3271 ἐξ
2790 3204 2945 3266 ἔθους
2960 3202 3158 3267 λέξεων
3187 3201 3468 3271 παρέχειν.
3498 3198 3789 3268 Κέχρηται

538 3286 917 3355 perspicuitas.
947 3287 1127 3343 Utitur
1158 3292 1319 3345 etiam
1352 3296 1653 3363 sententiis,
1681 3313 1799 3367 quae
1832 3301 1947 3368 ejus
1981 3316 2109 3370 pru-

537 3378 777 3432 dentiam
830 3394 934 3434 non
987 3381 1190 3446 minus,
1233 3399 1393 3453 quam
1447 3386 1767 3443 industriam
1823 3392 2110 3451 manifeste

538 3469 834 3524 declarant.
889 3471 970 3525 Ad
1026 3474 1315 3528 verborum
1364 3476 1490 3532 item
1546 3479 1975 3539 immutationem
2022 3501 2111 3543 re-

537 3561 677 3615 ctius
724 3563 1127 3630 assumendam,
1159 3566 1374 3636 egregie
1418 3585 1526 3638 pra:
1560 3573 1772 3628 caneris
1814 3589 2110 3645 compara-

538 3662 623 3706 tus
677 3660 781 3705 est.
841 3651 1242 3711 Jucunditatem
1300 3674 1500 3727 porro,
1555 3666 1805 3734 quodque
1868 3669 2107 3726 animum

537 3749 867 3815 demulcere,
917 3760 1010 3804 aut
1062 3751 1365 3810 diﬂ’undere
1418 3762 1599 3827 queat,
1652 3763 1858 3820 occulte
1908 3772 2108 3835 passim

539 3854 605 3892 ac
650 3838 877 3895 latenter
914 3843 1104 3912 171i:
1136 3860 1229 3914 per
1264 3856 1434 3902 totum
1479 3866 1614 3919 Opus
1655 3853 1994 3913 disseminat.
2028 3862 2111 3915 Ad

542 3939 724 4000 tropos
770 3946 985 4002 quoque
1034 3935 1122 3989 ubi
1178 3951 1237 3991 se
1286 3940 1591 4007 applicarit,
1623 3942 1742 4000 sine
1786 3947 1897 4003 ullo
1944 3952 2111 4007 mole-

541 4020 658 4075 stiae
708 4036 867 4077 sensu
914 4024 1033 4079 illos
1077 4026 1319 4083 adhibet.
1358 4029 1510 4096 Quod
1551 4034 1767 4103 quidem
1812 4037 1865 4092 in
1902 4054 1969 4095 eo
2000 4041 2112 4097 eili-

541 4112 616 4167 cit
662 4127 765 4167 non
808 4115 1092 4171 verborum
1137 4118 1250 4186 ipsa
1287 4136 1382 4189 per
1411 4137 1469 4176 se
1499 4128 1871 4194 commutatio,
1903 4133 1998 4186 sed
2028 4132 2111 4187 in-

540 4206 757 4271 geniosa
809 4207 1053 4275 quaedam
1097 4217 1153 4264 et
1205 4214 1386 4267 suavis
1430 4214 1496 4266 ad
1548 4230 1635 4270 res
1676 4217 1810 4272 alias
1864 4222 2111 4278 transitio

542 4306 703 4366 atque
745 4300 1046 4354 conversio.
1103 4301 1314 4355 Etenim
1360 4320 1555 4358 nomen
1607 4322 1703 4375 pro
1743 4310 1907 4364 verbo
1950 4327 2111 4366 assu-

544 4404 713 4455 mere,
758 4405 1083 4460 rursumque
1135 4394 1355 4446 verbum
1408 4395 1461 4447 in
1512 4412 1704 4451 nomen
1752 4412 2107 4470 commutare,

544 4494 702 4534 voces
750 4495 964 4550 quoque
1013 4482 1063 4535 in
1112 4482 1410 4539 orationem
1451 4485 1770 4556 diﬂ‘undere,
1806 4500 1862 4545 et
1908 4494 2112 4548 oratio-

2208 3301 2267 3353 δὲ
2316 3300 2409 3353 καὶ
2446 3299 2693 3368 γνώμαις
2731 3297 2793 3351 τὸ
2840 3295 3088 3366 νουνεχὲς
3117 3295 3211 3348 καὶ
3241 3293 3564 3365 δραστήριον
3594 3290 3792 3358 ἐπιδη-

2208 3391 2447 3455 λούσαις.
2479 3390 2697 3462 Τροπὰς
2727 3389 2781 3442 δὲ
2812 3386 3085 3449 ὑπελθεῖν,
3138 3385 3190 3438 εῐ
3233 3400 3317 3446 τις
3353 3382 3533 3447 ἄλλος,
3582 3379 3789 3452 ἄριστα

2209 3483 2721 3553 παρεσκευασμένος
2750 3481 2811 3533 τὸ
2858 3479 2956 3550 μὲν
3001 3478 3099 3548 ἡδὺ
3146 3475 3241 3529 καὶ
3288 3474 3488 3545 κηλοῦν
3538 3476 3634 3527 καὶ
3684 3474 3790 3543 τὴν

2207 3576 2384 3648 ψυχὴν
2422 3576 2635 3645 διαχέον
2678 3572 2981 3643 λεληθότως
3008 3572 3075 3625 δι’
3098 3570 3219 3624 ὅλου
3250 3567 3556 3637 διασπείρει
3593 3565 3637 3597 ¹¹
3689 3564 3789 3618 τοῦ

2208 3666 2553 3737 γράμματος,
2593 3666 2672 3727 εἰς
2703 3663 2912 3735 τροπὴν
2952 3661 3009 3715 δὲ
3048 3661 3128 3714 ὅτι
3168 3660 3593 3731 παρενήνεκται,
3630 3656 3791 3711 οὐδε-

2213 3761 2343 3829 μίαν
2390 3758 2563 3829 λύπην
2609 3756 2875 3827 δηλοῦσαν
2919 3754 3137 3825 ἀφίησι.
3184 3754 3335 3807 Ποιεῖ
3361 3752 3418 3804 δὲ
3452 3748 3601 3820 αὐτῷ
3625 3748 3791 3802 τοῦτο

2213 3851 2447 3920 μάλιστα
2476 3850 2597 3920 οὐχὶ
2624 3851 2657 3921 ἠ
2691 3847 2798 3903 τῶν
2834 3846 3033 3915 λέξεων
3065 3844 3203 3915 αὑτὴ
3226 3845 3348 3898 καθ’
3381 3843 3576 3911 ἑαυτὴν
3616 3859 3789 3913 μετα-

2210 3941 2361 4011 ϐολὴ,
2389 3939 2502 3994 ἀλλ’
2530 3940 2563 4010 ἡ
2594 3938 2701 3992 άπὸ
2729 3937 3070 4010 πραγμάτων
3096 3934 3300 4005 ἐτέρων
3329 3933 3409 3996 εἰς
3444 3932 3606 4001 ἕτερα
3643 3931 3791 4001 μετά

2208 4050 2353 4096 τινος
2382 4034 2555 4101 σοφῆς
2585 4031 2680 4083 καὶ
2723 4028 2995 4101 ἠρεμαίας
3047 4027 3472 4098 μεταχειρίσεως
3516 4026 3560 4058 ιο
3622 4025 3790 4095 μετά-

2210 4126 2367 4188 ϐασίς
2394 4143 2452 4178 τε
2481 4125 2577 4177 καὶ
2607 4122 2947 4193 μετατροπή.
2993 4118 3155 4171 Ἀλλά
3188 4118 3297 4187 γάρ
3338 4120 3434 4170 καὶ
3476 4114 3789 4169 ἀντιλαϐεῖν

2213 4219 2311 4290 μὲν
2341 4218 2512 4287 ὄνομα
2546 4217 2812 4287 ῥήματος,
2844 4211 3073 4282 ἀμεῖψαι
3108 4210 3165 4263 δὲ
3202 4210 3262 4263 τὸ
3296 4211 3447 4280 ῥῆμα
3477 4209 3555 4270 είς
3587 4208 3785 4276 ὄνομα,

2210 4309 2306 4364 καὶ
2349 4307 2505 4361 λῦσαι
2552 4306 2649 4374 μὲν
2687 4303 2862 4367 λέξεις
2911 4303 2989 4366 είς
3014 4303 3225 4368 λόγους,
3265 4300 3587 4367 συναγαγεῖν
3614 4298 3670 4350 δὲ
3700 4297 3787 4350 λό-

2209 4418 2304 4469 γον
2339 4402 2418 4464 είς
2460 4397 2629 4451 τύπον
2663 4396 2963 4466 ὀνόματος,
3011 4392 3223 4455 οὐδενὸς
3282 4389 3787 4460 άνεπιτηδειότερυς

2209 4487 2285 4549 ὧν
2318 4493 2494 4563 ἴσμεν.
2523 4491 2632 4545 Καὶ
2652 4486 2897 4559 ζηλωτὴς
2927 4486 3024 4556 μέν
3056 4486 3171 4537 ἐστι
3196 4482 3515 4535 θουκυδίδου
3546 4481 3603 4535 ἐν
3626 4497 3684 4533 τε
3715 4483 3784 4550 τῇ

544 4584 666 4623 nem
713 4568 764 4623 in
819 4570 1054 4625 nominis
1106 4572 1259 4640 quasi
1311 4573 1538 4627 formam
1579 4590 1793 4649 cogere,
1837 4595 1996 4637 nemo
2027 4593 2106 4640 est

2212 4587 2320 4640 τῶν
2352 4561 2701 4656 δημηγοριῶν
2728 4578 2979 4650 δαψιλείᾳ
3022 4594 3081 4630 τε
3122 4578 3215 4631 καὶ
3266 4578 3527 4647 διασκευῇ
3588 4575 3655 4638 ³⁷,
3705 4573 3787 4642 τῷ

543 4660 806 4726 omnium,
855 4677 990 4729 quos
1042 4663 1307 4729 novimus,
1347 4665 1450 4720 hoc
1496 4666 1610 4735 ipso
1664 4670 1908 4739 peritior.
1961 4675 2106 4730 Idem

545 4752 912 4823 Thucydidem
961 4755 1012 4808 in
1062 4755 1417 4811 concionibus
1464 4770 1721 4826 apparatu
1765 4772 1819 4816 et
1862 4765 2110 4823 ubertate

547 4844 817 4909 imitatus,
878 4846 1247 4916 magnitudine
1308 4848 1569 4901 orationis
1623 4862 1832 4918 aequat,
1900 4860 2109 4924 perSpi-

545 4937 744 4990 cuitate
790 4947 967 4991 autem
1007 4938 1171 4991 etiam
1220 4939 1406 4994 vincit.
1452 4937 1599 4994 Talis
1636 4944 1858 4998 omnino
1901 4947 1982 5000 vir
2012 4949 2111 5004 iste

543 5037 648 5089 est,
685 5028 751 5080 ab
803 5028 917 5097 ipsa
961 5043 1174 5098 quoque
1216 5032 1567 5098 grammatica
1620 5033 1844 5101 gloriam
1890 5053 2110 5093 assecu-

546 5124 653 5170 tus.
693 5115 789 5169 Cui
852 5116 956 5172 etsi
1007 5119 1242 5173 rhetoris
1291 5132 1704 5189 cognomentum
1752 5124 2108 5193 improvidum

2219 4677 2488 4750 μεγαλείῳ
2542 4676 2599 4728 δὲ
2651 4674 2724 4743 μὴ
2771 4668 3101 4739 δευτερεύων
3152 4667 3244 4721 τοῦ
3288 4669 3450 4736 λόγου
3502 4666 3580 4737 τῷ
3624 4667 3789 4733 σαφεῖ

2216 4769 2543 4842 παρελαύνει
2571 4768 2662 4820 τὸν
2695 4765 2882 4836 ἄνδρα.
2930 4763 3092 4816 Ἀλλὰ
3120 4762 3229 4830 γὰρ
3253 4761 3281 4813 ὁ
3320 4760 3419 4830 μὲν
3445 4760 3583 4830 ἀνὴρ
3604 4756 3785 4812 τοιοῦο·

2215 4877 2328 4922 τος,
2385 4857 2480 4910 καὶ
2528 4856 2589 4909 τὸ
2646 4854 2752 4907 ἀπὸ
2801 4853 2899 4922 τῆς
2956 4847 3355 4921 γραμματικῆς
3391 4846 3530 4916 ἔχων
3586 4843 3783 4905 κλέος·

2214 4953 2261 5004 εί
2287 4950 2343 5003 δὲ
2369 4949 2463 5002 καὶ
2490 4948 2551 5000 τὸ
2575 4947 2673 5016 τῆς
2715 4945 3010 5016 ῥητορικῆς
3037 4940 3323 5010 ἐπώνυμον
3348 4935 3495 5008 αὐτῷ
3521 4936 3553 5006 ἡ
3583 4934 3659 5005 μὴ
3690 4934 3787 5004 νή-

2214 5057 2389 5111 φουσα
2436 5037 2616 5108 ψῆφος
2661 5037 2762 5089 οὐκ
2802 5034 3025 5087 ἐπέθετο
3053 5050 3067 5063 ο
3104 5030 3241 5083 ἀλλὰ
3282 5030 3391 5099 γάρ
3422 5028 3608 5099 ἔμοιγε
3642 5026 3787 5077 δοκεῖ

2215 5132 2370 5186 οὐδὲν
2400 5130 2621 5184 έλαττον
2655 5127 2697 5159 ⁸⁸
2746 5127 2856 5179 τῶν
2901 5121 3303 5196 γραμματικῶν
3347 5121 3408 5173 ού
3460 5116 3709 5186 δεύτερος
3748 5114 3781 5183 ἢ

1853 5287 2082 5347 ΥΑΒΙᾹΞ
2116 5293 2520 5351 LECTIONES.

618 5392 640 5421 '
670 5391 912 5477 573W?"
939 5394 1018 5477 ᾼέ
1053 5396 1455 5477 ἐγνίῖσμέναης.
1516 5398 1620 5477 ξδὲ
1648 5400 1770 5453 add.
1793 5401 1856 5457 Α.
1898 5406 1942 5477 ⁸9
1973 5406 2183 5477 ούδέναΙ
2214 5408 2322 5461 imo
2344 5406 2494 5460 οὐδέν
2517 5413 2609 5477 aut
2628 5403 2905 5477 οὐδεμίαν.
2965 5400 3005 5431 ¹¹
3038 5394 3479 5477 συντάξαι-αὐτόν
3504 5409 3566 5477 ς.
3623 5389 3666 5477 ²ξ
3691 5388 3783 5477 {11-

546 5462 635 5537 λος
678 5462 901 5537 ξιόιιρΑ.
927 5465 1216 5537 *Δίιγκεναῐς
1238 5462 1301 5528 ς.
1363 5471 1407 5499 ιδ
1428 5468 1740 5537 πρέπουσαν
1775 5491 1834 5537 ς.

546 5532 729 5602 ψιλείᾳ
755 5549 814 5595 ς.
924 5533 968 5565 ¹⁸
1006 5536 1241 5587 ἐλάττων
1269 5554 1331 5600 ς.

1923 5475 1963 5508 ’⁸
1995 5460 2353 5545 κατασπείρει
2387 5493 2425 5541 ς
2445 5517 2460 5541 ,
2527 5476 2571 5508 ⁸⁸
2598 5460 3033 5545 μεταχειρήσεως
3078 5471 3142 5522 Α.
3220 5460 3262 5497 ³⁷
3290 5465 3548 5532 διασκευῇ
3579 5461 3673 5514 καὶ
3688 5460 3780 5514 δαν

2046 5622 2283 5692 NOTAE.

621 5765 739 5840 (l7l
767 5764 912 5840 Quos
947 5770 1076 5821 citat
1123 5785 1223 5820 nun
1252 5771 1431 5840 semel
1481 5772 1792 5840 Athenaeus,
1830 5782 1887 5829 ut
1915 5782 1968 5828 et
1997 5771 2105 5830 Lu-

553 5835 695 5889 tian.
732 5838 781 5889 in
814 5836 1117 5905 Macrobiis,
1147 5854 1198 5894 ιχ
1227 5839 1509 5896 Asiaticor.

2287 5772 2401 5841 (53)
2436 5772 2679 5841 Quorum
2709 5769 2868 5838 primi
2903 5778 2958 5826 et
2990 5767 3163 5840 quinti
3197 5764 3465 5835 Excerpta
3497 5764 3781 5818 occurrent

2220 5839 2407 5913 poStea
2439 5841 2561 5897 cod.
2592 5839 2719 5896 250.
