3940 6398
295 414 375 481 701
1334 417 1689 477 ΒΙΒΙᾸΟΤΙῙ
1700 415 1798 475 EC.

1903 438 1959 451 -
2004 414 2166 475 COD.
2204 415 2443 475 CCXIV.

3381 415 3489 479 702

290 527 379 578 τῶν
407 523 653 594 ρητόρων,
691 521 759 576 δι’
792 516 867 577 ὧν
915 526 1009 578 καὶ
1060 524 1260 595 γράφει
1308 528 1402 578 καὶ
1447 526 1684 579 διδάσκει
1743 527 1798 575 ‘9.

1915 523 2138 577 aliorum
2185 523 2447 593 judicium
2500 537 2604 576 non
2660 521 2950 587 concessit,
2987 536 3103 575 mea
3159 531 3307 577 certe
3356 539 3481 577 sen-

289 615 699 683 καταφαίνεσθαι.

939 877 1076 933 Σ1Δ’.

286 966 616 1034 Ἱεροκλέους
653 970 791 1038 Περὶ
843 971 1135 1100 Πὲοἷὲοίιέ
1177 968 1273 1024 καὶ
1304 970 1677 1039 Εἱμαρμένης
1716 969 1814 1037 ﬁt-

1006 1058 1044 1093 a
1130 1080 1141 1092 .

332 1130 653 1199 Ἀνεγνὼσθη
702 1131 906 1200 βιϐλίον
947 1132 1276 1203 Ἱεροκλέους
1330 1132 1469 1199 Περὶ
1510 1132 1805 1199 Προνοίας

269 1226 349 1273 καί
386 1221 769 1288 Hyantea-nc,
801 1223 893 1274 καὶ
942 1224 1039 1292 τῆς
1082 1222 1177 1274 τοῦ
1227 1222 1310 1290 ἐφ’
1358 1224 1491 1291 ἡμῖν
1538 1222 1675 1291 πρὸς
1715 1221 1811 1291 τὴν

268 1310 377 1383 1549
408 1311 492 1381 ιι]
529 1310 678 1364 θείαν
709 1314 998 1380 ἡγεμονίαν
1034 1313 1355 1377 συντάξεως.
1394 1314 1551 1365 Ἔστι
1587 1313 1685 1383 μὲν
1716 1310 1809 1365 οὖν

264 1402 347 1468 τὴν
376 1400 689 1469 προαίρεσιν
730 1402 1069 1471 φιλόσοφοςό
1105 1402 1265 1473 ἀνὴρ,
1319 1405 1352 1473 ή
1403 1402 1460 1455 δὲ
1514 1403 1807 1474 συγγραφὴ

265 1491 393 1559 αὐτῷ
431 1492 866 1562 Ὀλυμπιόδωρον
896 1494 1087 1564 κριτὴν
1125 1494 1466 1565 προκαθίξει,
1495 1494 1553 1547 ὃν
1582 1497 1676 1546 καὶ
1704 1512 1807 1547 πα·

268 1585 461 1651 ρασχεῖν
487 1584 582 1635 τοῦ
612 1584 773 1651 λόγου
800 1587 898 1647 τὰς
928 1586 1185 1654 ἀφορμὰς
1217 1586 1551 1650 ὑποτίθεται,
1585 1587 1679 1638 καὶ
1709 1587 1807 1639 αύ-

260 1675 335 1724 τὸν
368 1673 552 1740 ἔχοντα
594 1675 687 1727 τοῦ
724 1676 1031 1745 φιλοσοφεῖν
1075 1676 1272 1746 ἔρωτα,
1315 1677 1373 1727 ού
1412 1678 1516 1745 μὴν
1559 1676 1677 1729 ούδέ
1710 1678 1807 1744 τῆς

260 1764 516 1832 πολιτικῆς
565 1766 756 1832 σοφίας
800 1766 1026 1837 ἄπειρον
1061 1784 1074 1796 ⁸
1128 1766 1408 1838 ἐμπρέψαι
1451 1766 1578 1837 [285
1621 1766 1715 1836 IL]
1747 1784 1805 1818 τε

1918 616 2079 670 tentia
2131 631 2236 668 non
2283 616 2759 683 grammaticorum
2808 612 3001 677 solum,
3048 614 3143 665 sed
3192 628 3259 665 ne
3303 614 3484 666 rheto-

1915 722 2032 759 rum
2073 706 2288 774 quidem
2320 704 2408 757 ulli
2449 704 2717 758 secundus
2750 717 2871 756 cum
2906 703 3170 768 docendo,
3204 712 3315 757 tum
3346 703 3480 758 seri-

1915 797 2088 851 bendo
2119 795 2350 851 videtur.

2582 881 2810 939 CCXIV.

2075 981 2331 1035 Hieroclis
2363 980 2439 1034 De
2472 978 2811 1033 Providentia
2842 985 2890 1031 et
2924 973 3068 1030 Fato
3098 975 3220 1029 libri
3244 989 3341 1028 vn.

1984 1138 2180 1191 Lectus
2210 1145 2292 1190 est
2333 1132 2595 1188 Hieroclis
2626 1130 2737 1201 (19)
2775 1130 2913 1184 liber
2946 1128 3022 1183 De
3056 1128 3393 1183 Providentia
3432 1138 3485 1183 et

1915 1229 2056 1283 Fato
2091 1228 2227 1297 (20),
2260 1238 2419 1295 atque
2456 1227 2523 1279 de
2556 1224 2763 1279 arbitrii
2806 1223 2975 1278 nostri
3010 1237 3133 1276 cum
3163 1222 3340 1275 divina
3387 1237 3486 1290 gu-

1913 1322 2228 1376 bernatione
2290 1318 2663 1385 congruentia.
2722 1317 2928 1369 Auctor
2998 1315 3082 1369 hic
3151 1314 3484 1383 professione

1912 1412 2286 1481 pliilosoiiltus,
2328 1410 2411 1463 cui
2467 1410 2603 1462 liber
2647 1408 2765 1474 ipse
2810 1405 3248 1476 Olympiodorum
3297 1418 3487 1472 quem-

1910 1505 2032 1558 dam
2065 1501 2227 1555 veluti
2270 1514 2551 1554 censorem
2584 1498 2891 1559 constituit,
2934 1496 3022 1563 qui
3057 1495 3175 1563 ejus
3211 1495 3481 1548 scribendi

1910 1608 2126 1647 causam
2190 1592 2436 1653 dederit,
2468 1605 2615 1649 cum.
2670 1589 3023 1656 philosophiae
3084 1602 3187 1640 non
3242 1585 3483 1651 vulgaris

1910 1687 2213 1745 adamator,
2258 1697 2325 1735 ne
2367 1682 2538 1734 civilis
2576 1681 2792 1747 quidem
2822 1676 3103 1746 sapientiae
3133 1676 3286 1729 rudis
3314 1684 3482 1727 esset.

1909 1776 2124 1831 Clarum
2157 1774 2299 1828 enim
2335 1771 2694 1841 legationibus
2723 1768 2982 1823 Romanis
3028 1766 3213 1828 fuisse,
3251 1766 3482 1819 multas-

256 1856 347 1922 γὰρ
385 1856 717 1923 Ῥωμαϊκαῖς
748 1859 1085 1927 πρεσϐείαις,
1120 1858 1211 1910 καὶ
1238 1858 1410 1912 πολλά
1449 1858 1543 1910 καὶ
1576 1858 1798 1927 μέγιστα

1909 1883 2014 1936 que
2069 1882 2131 1921 ac
2179 1880 2399 1935 magnas
2446 1879 2475 1917 e
2526 1864 2771 1917 barbaris
2818 1861 3068 1930 gentibus
3112 1860 3355 1913 Romano
3382 1857 3478 1911 atl-

255 1946 347 1997 τῶν
373 1946 664 2017 βαρϐάρων
691 1948 859 2000 ἐθνῶν
881 1952 946 2018 τῇ
986 1949 1273 2020 Ῥωμαϊκῇ
1303 1949 1535 2018 συνάψαι
1555 1948 1704 2019 λήξει
1733 1950 1800 2012 ³⁸,

252 2038 428 2100 αἵτινες
457 2038 611 2109 αὑτῷ
665 2040 757 2092 καὶ
805 2039 914 2093 τῶν
961 2042 1231 2111 μεγίστων
1262 2041 1389 2111 παρ’
1422 2042 1604 2103 αὐτοῖς
1630 2041 1805 2112 τιμῶν

250 2131 572 2191 κατέστησαν
606 2130 797 2185 αίτιαι.
847 2132 904 2184 '0
953 2132 1051 2202 μὲν
1080 2135 1119 2165 ²¹
1168 2134 1626 2203 Ὀλυμπιόδωρος,
1668 2133 1803 2199 πρὸς

244 2220 336 2273 ὂνό
360 2222 535 2289 λόγος,
569 2222 807 2285 τοιοῦτος
830 2241 843 2254 °
876 2217 920 2290 ᾧ
953 2224 1017 2293 δὴ
1043 2226 1135 2277 καὶ
1163 2224 1581 2294 παραμυθικους
1612 2225 1804 2291 λόγους

243 2314 626 2380 όσυγγραφεὺς
672 2314 764 2365 ἐπὶ
801 2314 947 2365 τέλει
981 2315 1075 2367 τοῦ
1112 2314 1329 2382 πρώτου
1367 2314 1595 2383 βιϐλίου,
1647 2314 1802 2366 θετοῦ

242 2404 408 2466 παιδὸς
435 2404 711 2474 ἀποϐολὴν
742 2406 1098 2475 ποτνιωμένῳ
1126 2407 1171 2437 ²²
1204 2406 1299 2458 καὶ
1330 2405 1801 2475 σκυθρωπάζοντι,

242 2497 643 2567 προσενήνοχεν.
684 2498 747 2547 'H
780 2496 824 2547 δ’
866 2496 1167 2563 ἐπαγγελία
1201 2498 1301 2565 τῆς
1350 2496 1634 2564 παρούσης
1681 2496 1801 2548 σκέο

236 2587 367 2656 ψεως
415 2588 562 2653 Περὶ
602 2588 899 2655 Προνοίας
934 2588 1052 2639 ἐστὶ
1086 2588 1361 2639 διαλαϐεῖν
1402 2590 1467 2658 τῇ
1515 2587 1803 2649 Πλάτωνος

236 2677 346 2750 δόξῃ
380 2678 471 2729 καὶ¹
509 2679 925 2746 Ἀριστοτέλους
958 2678 1415 2748 συνδιατιθεμένῳ
1452 2696 1464 2708 ·
1506 2678 1801 2731 συνάπτειν

234 2769 328 2838 γὰρ
357 2767 609 2839 βούλεται
636 2771 761 2833 τοὺς
789 2769 987 2840 ἄνδρας
1027 2774 1146 2832 ταῖς
1180 2770 1378 2834 δόξαις,
1410 2771 1469 2822 οὐ
1507 2773 1650 2822 κατά
1675 2770 1802 2832 τοὺς

232 2860 403 2925 λόγους
448 2862 555 2930 τῆς
611 2861 871 2930 Προνοίας
913 2861 1097 2929 μόνον,
1134 2860 1268 2912 ἀλλὰ
1306 2862 1399 2912 καὶ
1428 2861 1539 2913 ὅσοι
1570 2862 1668 2931 τὴν
1694 2859 1800 2927 ψυ-

233 2949 318 3019 χὴν
350 2951 647 3021 φρονοῦσιν
676 2951 965 3012 ἀθάνατον,
994 2952 1089 3003 καὶ
1112 2951 1165 3003 εῐ
1194 2968 1247 3003 τι
1276 2951 1403 3019 περὶ
1433 2950 1663 3021 ούρανοῦ
1702 2954 1798 3003 καὶ

232 3044 417 3111 κόσμου
443 3042 665 3104 τούτοις
703 3043 1158 3111 πεφιλοσόφηται.
1180 3041 1339 3093 Ὀσοι
1364 3041 1419 3093 δὲ
1448 3042 1575 3102 τοὺς
1597 3039 1798 3109 ἄνδρας

230 3135 295 3197 είς
325 3132 626 3202 διαφωνίαν
657 3135 910 3203 ἔστησαν,
946 3133 1169 3195 τούτους
1210 3135 1286 3194 είς
1322 3132 1391 3184 τά
1428 3131 1663 3201 μάλιστα
1696 3148 1797 3182 πε-

1902 1955 2151 2021 junxisse
2184 1955 2430 2023 imperio,
2457 1969 2574 2022 quae
2606 1952 2708 2019 ipsi
2744 1966 2957 2019 quoque
2986 1954 3051 2004 ad
3082 1966 3303 2018 magnos
3338 1948 3480 2017 apud

1908 2048 2024 2099 illus
2057 2046 2403 2115 magistratus
2442 2044 2799 2113 acquirendos
2844 2042 2987 2094 viam
3027 2044 3341 2095 straveriut.
3378 2040 3485 2108 lgi-

1908 2151 1993 2191 tur
2042 2138 2480 2208 Olympiodorus,
2514 2136 2595 2189 ad
2642 2149 2801 2203 quem
2856 2134 2993 2187 liber
3045 2134 3296 2197 mittitur,
3355 2132 3483 2186 talis

1907 2230 2042 2291 fuit;
2077 2232 2141 2282 ad
2192 2243 2351 2297 quem
2406 2229 2623 2295 insuper
2672 2226 2810 2279 libro
2866 2225 3042 2292 primo
3095 2234 3340 2277 extremo
3386 2223 3483 2276 ad-

1900 2321 2079 2389 junxit
2114 2333 2306 2373 auctor
2336 2318 2785 2380 consolationem,
2819 2330 2938 2370 cum
2982 2315 3073 2369 ille
3109 2315 3343 2383 adoptivi
3383 2313 3476 2367 lilii

1905 2410 2254 2465 amissionem
2289 2425 2449 2477 supra
2494 2409 2710 2461 modum
2744 2407 2953 2474 lugens,
2986 2422 3092 2459 non
3128 2404 3330 2460 dolenti
3363 2414 3481 2457 tan-

1905 2510 2016 2552 tum
2065 2507 2210 2552 esset
2257 2497 2462 2562 animo,
2495 2499 2587 2549 sed
2634 2500 2793 2549 etiam
2847 2497 2994 2548 vultu
3053 2497 3312 2549 tristiore.
3362 2493 3482 2561 Ipse

1902 2602 2081 2645 autem
2132 2589 2557 2643 commentarius
2607 2586 2680 2641 De
2740 2587 3112 2651 Providentia,
3156 2586 3481 2656 disputatio-

1905 2698 2024 2735 nem
2074 2679 2315 2748 prazl'ert,
2346 2679 2464 2746 ejus
2512 2680 2602 2746 qui
2662 2694 2789 2747 erga
2848 2677 3091 2732 Platonis
3142 2694 3246 2731 non
3296 2678 3480 2741 aliter,

1901 2789 2063 2843 quam
2113 2787 2239 2841 erga
2290 2770 2597 2825 Aristotelis
2647 2771 2970 2824 sententiam
3027 2772 3209 2825 animo
3254 2770 3480 2825 allectus

1902 2874 2069 2921 esset.
2103 2862 2411 2917 Conciliare
2442 2862 2585 2915 enim
2621 2862 2812 2915 borum
2848 2861 3294 2930 pliilosorihorum
3336 2863 3480 2916 inter

1903 2971 1961 3011 se
1991 2955 2275 3025 Opiniones
2305 2955 2506 3018 studet,
2542 2968 2645 3005 non
2678 2953 2855 3005 solum
2899 2954 2952 3005 iu
3002 2952 3067 3005 iis
3096 2967 3217 3020 qua:
3245 2953 3310 3005 de
3349 2950 3483 3005 Pro-

1902 3048 2137 3102 videntia
2173 3048 2467 3115 disputant,
2493 3060 2683 3099 verum
2710 3046 2874 3099 etiam
2916 3045 3004 3098 ubi
3043 3043 3253 3097 animos
3286 3044 3481 3097 docent

1900 3154 2020 3195 esse
2050 3139 2408 3202 immortales,
2444 3149 2537 3191 aut
2570 3138 2635 3193 de
2670 3138 2809 3193 cmlo
2839 3138 3119 3207 quidpiam
3165 3151 3230 3189 ac
3276 3137 3477 3188 mundo

228 3229 526 3298 πλανῆσθαί
570 3246 628 3281 τε
675 3232 773 3297 τῆς
808 3230 913 3281 τῶν
946 3227 1153 3298 ἀνδρῶν
1200 3226 1513 3297 προθέσεως
1544 3225 1641 3278 καὶ
1700 3225 1792 3277 τοῦ

1903 3232 2063 3285 iidem
2118 3229 2590 3299 philosophantur.
2638 3226 2915 3297 Quotquot
2966 3237 3147 3280 autem
3205 3226 3303 3280 bos
3334 3224 3478 3278 inter

227 3321 440 3390 ἀληθοῦς
470 3323 731 3373 ἐκπεσεῖν
761 3321 807 3352 ’³
834 3320 1200 3383 ἀποτείνεται,
1247 3320 1372 3380 τοὺς
1424 3318 1521 3387 μὲν
1568 3318 1794 3381 ἑκόντας

226 3410 345 3479 ἔριδι
378 3411 474 3465 καὶ
508 3410 739 3481 ἀπονοία
763 3412 904 3480 σφᾶς
934 3411 1131 3471 αὐτοὺς
1161 3408 1626 3479 προσαναθέντας,
1666 3410 1793 3471 τοὺς

223 3502 271 3554 δὲ
310 3504 401 3556 καὶ
452 3504 727 3573 προλήψει
790 3505 886 3557 καὶ
935 3502 1142 3573 ἀμαθίᾳ
1180 3502 1630 3571 δεδουλωμένους.
1686 3503 1794 3554 Καὶ

222 3593 375 3647 πολὺν
428 3597 566 3659 τοὺς
622 3595 931 3666 ἔμπροσθεν
976 3597 1169 3665 στῆσαι
1207 3596 1389 3664 χορὸν,
1421 3594 1615 3663 μέχρις
1670 3594 1793 3647 ὅτου

222 3688 249 3755 ἡ
280 3686 598 3757 Ἀμμωνίου
637 3688 795 3755 σοφία
836 3687 1152 3757 διέλαμψεν,
1178 3686 1235 3737 ὃν
1268 3685 1362 3737 καὶ
1392 3683 1790 3738 Θεοδίδακτον

220 3778 596 3833 ἐπικαλεῖσθαι
644 3780 850 3849 ὑμνεῖ·
888 3778 1076 3831 τοῦτον
1118 3778 1227 3847 γὰρ
1256 3778 1353 3839 τὰς
1386 3776 1495 3829 ⁴τῶν
1550 3775 1795 3829 παλαιῶν

220 3868 415 3940 ἀνδρῶν
460 3871 876 3942 διακαθάραντα
921 3873 1101 3938 δόξας,
1151 3872 1246 3924 καὶ
1293 3869 1419 3933 τοὺς
1458 3870 1795 3939 ἑκατέρωθεν

219 3959 623 4031 ἀναφυομένους
675 3964 1196 4033 ἀποσκευασάμενον
1233 3963 1452 4032 λήρους,
1506 3960 1796 4031 σύμφωνον

220 4051 270 4101 ἐν
316 4055 429 4115 τοῖς
478 4054 790 4125 ἐπικαίροις
846 4072 906 4107 τε
942 4054 1035 4107 καὶ
1077 4055 1525 4122 ἀναγκαιοτάτοις
1557 4052 1666 4105 τῶν
1712 4052 1797 4104 δο-

218 4145 435 4210 γμάτων
465 4144 759 4209 Πλάτωνός
796 4162 854 4198 τε
891 4146 984 4199 καὶ
1007 4145 1419 4216 Ἀριστοτέλους
1443 4147 1543 4215 τὴν
1570 4143 1796 4213 γνώμην

216 4233 517 4304 ἀποφῆναι.
576 4234 759 4289 Ταῦτα
820 4235 909 4289 διὰ
955 4236 1055 4305 τῆς
1091 4237 1309 4306 γραφῆς
1361 4238 1389 4288 ό
1463 4235 1795 4306 Ἱεροκλέους

214 4320 362 4390 λόγος
399 4322 719 4387 σπουδάζων
743 4326 1141 4387 κατασκευάζει
1168 4326 1267 4394 μὲν
1300 4324 1336 4378 ἃ
1374 4326 1614 4387 ἐκείνους
1643 4324 1795 4393 φιλο-

215 4418 443 4484 τιμεῖται
472 4417 737 4483 δοξάζειν.
762 4418 1180 4486 ἀνταγωνίςεται
1203 4418 1258 4470 δὲ
1280 4418 1417 4487 πρὸς
1449 4418 1574 4481 τοὺς
1602 4419 1797 4470 ἐσπου-

210 4507 434 4572 δακότας
518 4510 810 4575 τάναντία,
874 4510 1282 4579 Ἐπικουρείους
1342 4511 1401 4562 τέ
1481 4528 1624 4581 φημι
1698 4510 1795 4563 καὶ

211 4599 501 4664 Στωϊκοὺς,
562 4602 656 4656 καὶ
707 4604 819 4655 ὅσοι
862 4603 1122 4657 Πλάτωνα
1177 4603 1276 4673 μὲν
1322 4602 1645 4657 ὑποδύονται
1693 4603 1790 4656 καὶ
1826 4581 1868 4635 D

211 4691 614 4764 Ἀριστοτέλην,
646 4696 747 4748 οὐκ
786 4694 964 4765 ὀρθῶς
986 4694 1041 4746 δὲ
1064 4694 1132 4746 τὰ
1159 4694 1383 4745 ἐκείνων
1416 4692 1787 4761 εἰσηγοῦνται.

209 4784 314 4835 Καὶ
373 4788 486 4855 μὴν
534 4787 693 4849 ὅσους
738 4788 766 4839 ὁ
813 4787 910 4855 τῆς
963 4784 1398 4852 γενεθλιαλογίας
1441 4784 1787 4854 ἀνηρτήσατο

208 4878 387 4940 πόνος,
438 4877 509 4930 δι’
560 4878 799 4947 ἐλέγχων
853 4878 897 4908 ’⁸
942 4878 1085 4946 ἄγει,
1140 4876 1415 4946 σφαλερὰν
1454 4875 1633 4927 αὐτῶν
1686 4876 1787 4945 τὴν

209 4968 331 5035 περὶ
384 4968 490 5038 τῆς
538 4971 878 5041 εἱμαρμένης
916 4971 1227 5033 ἐπιδεικνὺς
1269 4968 1445 5034 δόξαν.
1499 4970 1609 5021 Καὶ
1654 4968 1783 5031 τοὺς

209 5062 479 5127 μηχαναῖς
525 5062 570 5092 ’⁵
601 5076 742 5112 τισιν
799 5061 831 5129 ἢ
882 5062 1159 5131 γοητείαις
1208 5061 1307 5131 τὴν
1360 5059 1624 5130 Πρόνοιαν
1671 5058 1782 5111 τῶν

208 5151 374 5205 όντων
424 5154 822 5218 ἀποσκευάζειν
872 5154 1188 5223 τολμῶντας
1236 5154 1357 5215 ταῖς
1408 5150 1619 5219 ὁμοίαις
1678 5149 1787 5202 τῶν

1898 3338 1957 3376 se
1996 3321 2292 3375 dissentire
2336 3334 2400 3373 ac
2453 3333 2693 3390 pugnare
2735 3318 2982 3372 arbitrati
3038 3327 3182 3384 sunt,
3223 3332 3317 3371 eos
3360 3316 3478 3369 lon-

1897 3414 2120 3483 gissime
2177 3412 2247 3467 ab
2296 3425 2484 3465 eorum
2539 3411 2807 3464 sententia
2858 3409 3137 3475 abductos,
3183 3424 3211 3461 a
3252 3408 3477 3461 veritate

1896 3508 2116 3561 omnino
2160 3507 2444 3558 aberrasse
2476 3501 2773 3558 contendit.
2814 3498 2949 3553 alios
2984 3514 3078 3553 Slta
3118 3506 3312 3565 sponte
3340 3510 3475 3549 con—

1898 3599 2153 3653 teudendi
2206 3596 2387 3652 studio
2434 3604 2599 3663 atque
2648 3592 2841 3661 172a
2888 3589 3121 3644 νεεςηιὶιιι
3156 3603 3276 3643 sese
3321 3586 3474 3641 addi-

1898 3699 2103 3757 eentes,
2134 3688 2269 3743 alios
2312 3697 2689 3758 praeoccupata
2728 3685 2986 3751 opinione
3030 3692 3198 3749 atque
3244 3679 3471 3747 imperi-

1899 3783 1969 3835 tia
2015 3785 2292 3835 subactos.
2337 3778 2416 3833 Ac
2460 3778 2659 3847 prioris
2692 3776 2913 3845 quidem
2954 3774 3163 3827 ordinis
3200 3772 3473 3839 ingentem

1901 3872 2068 3925 fuisse
2103 3885 2390 3923 numerum
2428 3868 2617 3930 refert,
2660 3871 2834 3921 donec
2876 3864 3144 3918 Ammonii
3180 3862 3474 3933 aliquando

1898 3962 2164 4030 sapientia
2200 3961 2319 4015 orbi
2371 3960 2569 4024 illuxit,
2617 3974 2775 4027 quem
2823 3958 2987 4011 etiam
3040 3955 3300 4009 Divinitus
3350 3957 3475 4008 edo-

1899 4061 2041 4105 ctum
2084 4050 2342 4121 appellari
2391 4050 2668 4117 praedicat.
2706 4047 2863 4101 lluuc
2895 4047 3039 4101 enim
3077 4055 3321 4099 veterum
3353 4044 3473 4113 pbi-

1901 4142 2251 4211 losopltorum
2300 4139 2648 4209 opinionibus
2706 4136 3085 4208 perpurgatis,
3142 4146 3196 4190 et
3245 4132 3474 4188 resectis

1899 4248 2019 4303 qua:
2091 4232 2348 4298 utrinque
2406 4239 2760 4283 excreverant
2818 4228 3009 4297 nugis,
3068 4227 3119 4279 in
3180 4222 3471 4291 praecipuis

1900 4325 2205 4395 quibusque
2232 4333 2287 4377 et
2316 4323 2552 4376 maxime
2584 4320 2915 4375 necessariis
2944 4320 3309 4387 dogmatibus,
3335 4331 3469 4371 con-

1899 4416 2118 4471 cordem
2169 4427 2293 4469 esse
2346 4412 2587 4467 Platonis
2648 4419 2699 4463 et
2749 4407 3060 4463 Aristotelis
3117 4403 3467 4466 sententiam,

1901 4508 2324 4562 demonstrasse.
2358 4502 2471 4557 Huc
2514 4502 2676 4571 igitur
2706 4499 2967 4553 Hieroclis
3012 4497 3234 4566 scriptio
3276 4507 3471 4563 magno

1894 4596 2074 4650 studio
2121 4595 2433 4657 conuiteus,
2469 4602 2525 4646 et
2569 4590 2908 4659 argumentis
2960 4588 3045 4641 illa
3094 4586 3312 4647 astruit,
3349 4600 3469 4654 qua:

1893 4685 2040 4754 ipsos
2072 4682 2311 4737 sensisse
2336 4679 2650 4743 contendit;
2678 4688 2731 4731 e‘t
2765 4677 2968 4731 acriter
2995 4691 3116 4728 cum
3161 4674 3228 4727 iis
3272 4672 3467 4733 certat,

1892 4778 1983 4845 qui
2028 4776 2367 4829 contrariam
2421 4770 2559 4825 tueri
2613 4780 2821 4839 partem
2869 4767 3046 4821 conati
3094 4774 3241 4819 sunt.
3284 4762 3471 4831 Epicu-

1892 4882 2014 4921 reos
2050 4867 2188 4929 dico,
2221 4878 2285 4917 ac
2326 4860 2560 4924 Stoicos,
2606 4872 2661 4915 et
2699 4868 2963 4929 quotquot
3006 4856 3147 4911 forte
3188 4854 3469 4911 Platonem

1889 4970 2050 5029 atque
2082 4958 2425 5011 Aristotelem
2463 4956 2651 5011 colunt
2688 4955 2927 5024 quidem,
2955 4955 3049 5008 sed
3079 4967 3268 5008 eorum
3305 4966 3463 5006 sensa

1890 5052 2070 5105 minus
2123 5058 2268 5104 recte
2321 5048 2613 5118 explicant.
2675 5046 2779 5101 Eos
2836 5047 2987 5110 item,
3050 5045 3142 5115 qui
3195 5044 3251 5098 in
3304 5059 3469 5110 geneo

1895 5144 2093 5199 thliaca
2149 5142 2416 5197 desudaut
2476 5150 2615 5206 arte,
2675 5140 2987 5210 redarguit,
3041 5139 3168 5193 dum
3220 5136 3465 5190 fallacem

1512 5283 1744 5340 VARUE
1784 5277 2187 5337 LECTIONES.

282 5401 324 5431 ¹⁹
347 5401 586 5452 διδάσκει
622 5402 713 5453 καὶ
735 5402 931 5470 γράφει
969 5419 1029 5464 ς.
1104 5402 1149 5432 ⁸ο
1178 5400 1319 5465 λέξει
1352 5402 1415 5451 Α.
1494 5398 1537 5470 ξι
1562 5398 1659 5470 μὲν
1679 5394 1902 5470 οὖν’ρλ.
1924 5393 2081 5470 sua"
2100 5392 2453 5470 ποτνιωμένῳ
2472 5391 2759 5470 περιαλγεῖ
2798 5407 2854 5441 τε
2882 5388 2995 5470 ὄντι
3025 5388 3117 5439 καί
3149 5403 3211 5449 ς’.
3234 5457 3254 5469 η
3286 5383 3331 5414 ’³
3372 5385 3466 5434 ἐκ·

206 5474 391 5522 πεσεῖν
422 5472 513 5523 τοῦ
548 5457 786 5539 ἀληθοῦᾟ
808 5457 867 5535 ςιί
944 5457 994 5502 ’ί
1005 5472 1069 5522 δι’
1098 5457 1335 5539 ἐλέγχων
1368 5457 1641 5539 Bentleius
1688 5465 1829 5535 apud
1860 5457 2161 5539 Nijedham.
2191 5481 2244 5534 υ.
2276 5457 2383 5518 ΗΟ
2418 5457 2435 5513 ε’
2466 5457 2759 5530 διελέγχων
2794 5478 2851 5523 ς.
2928 5461 2974 5490 ’⁸
3012 5457 3282 5525 μηχαναῖς
3322 5470 3465 5505 τισιν

209 5541 541 5609 ἧγατείαις
592 5536 709 5612 pust
738 5542 1048 5611 τολμῶντας
1081 5536 1333 5612 ρυιιίῖς,
1369 5541 1554 5592 addito
1582 5537 1639 5590 δὲ
1674 5546 1793 5605 post
1828 5536 2108 5601 πρόνοιαν.

1776 5653 2009 5709 NOTAE.

248 5838 251 5843 _
280 5769 396 5837 (l9)
434 5770 504 5825 De
536 5788 642 5841 quo
674 5771 825 5827 Suid.
857 5783 908 5828 et
940 5772 1129 5830 Liban.
1163 5774 1256 5830 lib.
1293 5791 1305 5831 ι
1343 5773 1513 5845 Epist.
1546 5776 1612 5829 ad
1640 5777 1773 5828 Acu-

210 5852 366 5892 (tum.

1954 5769 2065 5836 (‘30)
2104 5768 2252 5823 Unde
2301 5770 2561 5831 impressa
2603 5764 2829 5821 Lutetia:
2884 5762 3127 5833 qumdatn
3175 5766 3456 5827 excerpta,

1888 5843 2024 5913 apud
2059 5839 2189 5894 Fed.
2225 5837 2426 5892 .‘lurcll.
