3940 6402
513 408 618 469 703
1641 410 1904 469 PIIOTII
1945 407 2217 467 PATRIA
2232 405 2446 464 “€11.12
2485 405 2595 463 (ΣΡ.
3611 399 3696 458 illi

512 532 698 571 eorum
734 529 857 571 esse
883 516 1231 573 aclubricam
1263 518 1329 572 de
1358 518 1469 572 fato
1502 520 1809 587 opinionem
1833 520 2078 574 ostendit.

2193 516 2367 584 λόγων
2424 514 2713 568 ὑποϐάλλει
2768 511 3039 581 βασάνοις.
3098 507 3208 560 Καὶ
3266 502 3480 557 καθόλου
3531 509 3693 574 φάναι,

510 606 623 661 ltno
649 618 705 663 et
729 609 821 679 qui
843 608 1248 664 Providentiam
1274 624 1452 664 rerum
1478 620 1787 665 creatarum
1804 624 2077 665 commen-

2189 608 2325 678 προς
2382 608 2483 670 τὰς
2541 604 2837 674 ὑπολήψεις
2893 602 3171 653 ὲνίσταται
3229 597 3420 661 πάσας,
3466 596 3575 650 ὅσαι
3617 601 3696 669 τὴν

511 698 579 751 tis
601 700 921 768 quibusdam
949 710 1043 757 aut
1084 702 1377 772 prazstigiis
1415 702 1601 757 tollere
1624 702 1856 766 audent,
1887 700 2075 754 iisdem

2186 701 2336 753 θείαν
2369 701 2470 752 οὑκ
2513 695 2962 767 εἷναιᾘρόνοιαν,
3007 692 3040 762 ἢ
3091 685 3230 743 εἶναι
3272 690 3367 757 μὲν
3408 688 3595 759 φαύλην
3633 690 3698 753 δὲ,

511 807 732 857 prorsus
774 794 1043 849 rationum
1092 795 1249 864 quasi
1292 796 1679 863 quaestionibus
1722 794 2078 862 explorandos

2184 794 2311 854 τοὺς
2342 790 2750 861 ἀμαθεστέρους
2787 787 3031 839 πείθουσι
3069 780 3330 850 νομίζειν.

508 883 746 952 subjicit.
779 882 844 939 Ut
866 893 1045 939 autem
1064 884 1421 940 simulomnia
1439 886 1635 949 dicam,
1663 886 1919 941 adversus
1949 900 2137 939 omnes
2164 885 2280 939 illas
2297 886 2579 954 opiniones
2605 884 2849 952 insurgit,
2879 896 2999 949 qua:
3019 877 3343 932 indoctiores
3362 889 3423 927 eo
3449 875 3699 942 addmunt,

511 983 567 1028 ut
593 975 829 1029 divinam
864 976 1258 1032 Providentiam
1294 978 1375 1032 vel
1432 976 1651 1030 omnino
1685 992 1791 1030 non
1821 992 1942 1033 esse
1966 1019 1980 1042 ,
2010 978 2093 1031 vel
2124 976 2318 1032 nullius
2352 992 2470 1031 esse
2502 977 2755 1030 momenti
2788 992 2849 1029 ac
2876 972 3173 1041 despicatui
3209 969 3497 1021 docendam
3526 977 3698 1034 putent.

583 1067 658 1120 Ex
691 1066 930 1123 Platonis
961 1069 1125 1139 igitur
1158 1071 1428 1123 sententia
1459 1070 1709 1138 supponit
1742 1071 1855 1123 itazc
1884 1070 2076 1138 dispu-

512 1160 644 1213 tatio
688 1161 851 1214 Deum
898 1171 1089 1214 natura
1131 1172 1254 1214 ante
1289 1160 1433 1213 illam
1465 1157 1903 1231 [providentiam]
1935 1174 2077 1223 esse,

511 1251 659 1305 velut
699 1252 964 1306 universa:
1011 1252 1169 1305 simul
1222 1252 1570 1321 aspectabilis
1609 1259 1665 1305 et
1709 1250 2078 1320 inspectabilis

511 1344 676 1413 hujus
725 1344 1018 1399 tnolitionis
1049 1343 1318 1413 opiﬁcem,
1351 1358 1511 1412 quam
1556 1358 1618 1396 ex
1670 1342 1813 1397 nulla
1860 1356 1919 1396 re
1958 1343 2079 1396 sub-

504 1436 642 1503 jo-t-ta
691 1436 802 1488 vult
845 1451 873 1488 a
911 1450 1007 1489 suo
1043 1436 1252 1489 artiﬁce
1303 1436 1621 1503 productam
1674 1456 1685 1490 :
1734 1444 1790 1488 ut
1831 1433 1915 1489 cui
1962 1434 2076 1487 sola

509 1524 781 1579 suﬁiceret
826 1523 1097 1586 voluntas,
1131 1539 1239 1592 quo
1286 1538 1467 1577 rerum
1511 1534 1701 1577 natura
1736 1525 2072 1579 subsisteret.

509 1617 775 1669 Caeterum
812 1630 1071 1684 corporea
1117 1616 1415 1669 substantia
1457 1630 1552 1685 per
1580 1618 1908 1671 creationem
1952 1632 2072 1670 cum

510 1709 827 1776 incorporea
873 1707 1185 1777 conjuncta,
1230 1710 1487 1762 mundum
1521 1723 1587 1761 ex
1623 1718 1851 1777 utraque
1883 1719 2073 1761 natura

507 1800 982 1868 perfectissimum,
1024 1800 1290 1869 duplicem
1343 1800 1501 1855 simul
1547 1808 1601 1854 et
1640 1816 1827 1865 unum,
1868 1802 2072 1855 consti-

3209 1058 3234 1071 η

2259 1068 2367 1119 Καὶ
2422 1066 2562 1120 κατὰ
2621 1066 2881 1119 Πλάτωνα
2928 1062 3061 1116 Θεὸν
3095 1058 3245 1130 αὑτῴ
3275 1058 3321 1089 ³⁸
3354 1060 3701 1129 προὺφίστησιν

2184 1159 2217 1227 ἡ
2251 1156 2461 1225 σκέψις,
2495 1158 2673 1225 πάσης
2709 1154 2988 1223 ἐμφανοῦς
3019 1171 3078 1205 τε
3108 1152 3202 1205 καὶ
3226 1150 3458 1219 ἀφανοῦς
3480 1150 3702 1221 δημιουρ-

2184 1248 2279 1315 γὸν
2313 1248 2746 1316 διακοσμήσεως,
2767 1246 2833 1315 ἢν
2858 1246 2919 1297 ἐκ
2944 1242 3169 1314 μηδενός
3198 1256 3361 1309 φησιν
3387 1240 3703 1308 ὑποκειμένου

2185 1340 2517 1408 προαγαγεῖν
2546 1338 2635 1389 τὸν
2660 1336 2909 1406 τεχνίτην
2936 1352 2950 1366 ο
2995 1336 3183 1404 ἀρκεῖν
3207 1334 3315 1401 γὰρ
3339 1330 3481 1398 αὑτῷ
3505 1332 3575 1395 εἰς
3601 1332 3706 1384 ὑπόο

2185 1447 2370 1482 στασιν
2411 1430 2520 1481 τῶν
2574 1428 2743 1481 ὄντων
2775 1427 2835 1479 τὸ
2868 1426 3135 1497 βούλημα.
3189 1424 3301 1492 Τῆς
3354 1422 3408 1474 δὲ
3432 1423 3705 1492 σωματικῆς

2181 1518 2485 1580 ούσιώσεως
2511 1523 2577 1590 τῇ
2608 1519 2883 1589 ἀσωμάτῳ
2918 1514 3357 1586 συντεταγμένης
3396 1513 3705 1585 δημιουργίᾳ,

2182 1610 2385 1680 κόσμον
2420 1610 2478 1674 ἐξ
2511 1611 2712 1679 ἀμφοῖν
2765 1611 3113 1675 τελεώτατον,
3150 1606 3369 1662 διπλοῦν
3402 1624 3455 1658 τε
3494 1606 3599 1676 ἅμα
3630 1608 3709 1659 καὶ

2183 1700 2298 1765 ἕνα,
2333 1702 2620 1771 συστῆσαι,
2645 1704 2703 1755 ὲν
2741 1694 2785 1769 ᾧ
2823 1702 2967 1773 ἀκρα
2998 1700 3093 1755 καὶ
3132 1700 3274 1771 μέσα
3317 1700 3411 1751 καὶ
3460 1698 3709 1749 τελευταῖα

2182 1797 2281 1869 τὴν
2306 1796 2633 1866 κοσμοποιόν
2658 1796 2850 1864 σοφίαν
2874 1797 3014 1850 κατά
3043 1795 3204 1865 φύσιν
3233 1795 3501 1865 διακρῖναι
3531 1806 3543 1819 ’
3573 1788 3637 1844 ὧν
3654 1791 3711 1844 τὰ

510 1902 686 1944 tutum
726 1907 891 1946 esse:
922 1893 971 1945 in
1017 1907 1126 1961 quo
1173 1908 1404 1957 summa,
1443 1891 1636 1956 media,
1675 1901 1729 1944 et
1757 1891 1861 1944 ima
1890 1889 2075 1944 mundi

2182 1861 2280 1957 μεν
2304 1861 2497 1958 πρῶτα
2522 1861 2744 1957 λογικᾶ
2781 1884 3031 1955 οὐράνιά
3050 1861 3109 1938 τε
3131 1886 3226 1939 καὶ
3248 1861 3422 1949 θεοὺς
3442 1882 3710 1948 καλεῖσθαι,

508 1981 685 2049 opifex
732 1981 997 2051 sapientia
1030 1984 1184 2053 juxta
1232 1982 1489 2051 cujusque
1531 1992 1779 2033 naturam
1823 1981 2077 2034 decreve-

510 2074 599 2127 rit.
634 2071 833 2127 Horum
867 2076 1039 2143 pritna
1086 2076 1288 2128 ratione
1319 2074 1538 2143 pradita
1583 2071 1831 2139 cwlestia,
1866 2082 1921 2126 et
1954 2072 2077 2124 deos

505 2161 686 2215 vocari
717 2163 793 2216 ait
831 2181 844 2217 :
887 2163 1014 2229 ane
1071 2180 1197 2219 vero
1228 2164 1484 2235 proxima}
1519 2173 1636 2230 post
1661 2162 1802 2216 hunc
1832 2162 2075 2215 ordinem

512 2252 714 2320 regioni
757 2255 1017 2307 attributa
1079 2266 1247 2318 sunt,
1302 2270 1363 2307 ea
1425 2269 1544 2304 cum
1602 2253 1801 2305 ratione
1855 2250 2079 2319 prwdita

506 2346 751 2411 a’therea,
808 2354 918 2398 tum
980 2346 1246 2399 clamantis
1302 2347 1459 2398 bonos
1511 2343 1760 2412 appellat,
1812 2343 2073 2394 bonorum

507 2437 638 2491 item
671 2438 981 2493 hominibus
1016 2439 1339 2506 interpretes
1384 2446 1437 2489 et
1477 2437 1694 2490 nuntios
1724 2435 1894 2489 factos
1926 2451 1939 2488 :
1975 2432 2075 2486 ltu-

506 2543 724 2581 tnanunt
760 2528 992 2598 denique
1018 2544 1187 2599 genus
1222 2527 1462 2580 inﬁmum
1500 2537 1681 2579 tenere
1717 2524 1916 2587 locum,
1949 2537 2074 2576 eos-

505 2632 611 2684 que
656 2627 859 2671 terrena
906 2618 1223 2678 animantia,
1258 2626 1306 2670 et
1349 2618 1611 2669 humanas
1651 2616 1884 2677 animas,
1915 2625 2076 2683 atque

508 2710 591 2775 (ut
625 2705 779 2764 Plato
830 2708 1056 2778 diceret)
1111 2710 1361 2761 martales
1400 2708 1631 2762 homines
1675 2707 1929 2777 appellari
1973 2718 2077 2759 tra-

505 2799 608 2851 dit.
641 2798 763 2852 Htec
793 2815 955 2868 porro
993 2802 1093 2853 tria
1126 2817 1323 2870 genera
1362 2802 1414 2854 in
1450 2816 1555 2853 uno
1596 2800 1746 2853 velut
1780 2800 2075 2864 animante,

505 2892 588 2944 νει
622 2891 789 2947 choro
820 2902 982 2964 atque
1019 2904 1281 2957 concentu
1336 2895 1409 2947 ita
1449 2908 1569 2947 esse
1617 2901 1798 2962 aptata
1846 2892 2076 2947 invicem

507 2996 668 3053 atque
711 2999 980 3053 connexa,
1016 2996 1074 3040 ut
1122 2986 1386 3040 naturalis
1433 3001 1619 3040 eorum
1668 2985 1943 3039 distinctio
1984 3000 2079 3053 per

510 3077 762 3128 unionem
806 3077 974 3141 illam,
1013 3094 1075 3131 ac
1127 3094 1323 3132 nexum
1380 3086 1623 3131 mutuum
1676 3078 1898 3132 minime
1947 3092 2077 3130 con-

507 3168 622 3219 i‘usa
654 3179 1027 3222 conservetur.
1058 3169 1137 3224 Ac
1169 3184 1402 3240 praeesse
1442 3170 1659 3240 quidem
1702 3168 2074 3238 praestantiora

510 3260 860 3316 inferioribus
912 3280 926 3317 ε
973 3263 1227 3317 omnibus
1285 3272 1461 3316 tamen
1525 3262 1746 3315 omnino
1810 3263 2076 3328 imperare

510 3353 749 3419 ipsorum
795 3354 1006 3409 Patrem
1057 3366 1217 3424 atque
1245 3355 1593 3409 Conditorem
1642 3357 1833 3410 Deum.
1888 3352 2077 3423 l72b

513 3442 625 3495 licc
690 3460 821 3514 ergo
875 3444 991 3512 ejus
1052 3454 1307 3514 tauquam
1371 3461 1399 3498 a
1467 3457 1617 3512 patre
1677 3446 2079 3497 denominatmn

506 3550 752 3602 regnum,
788 3544 841 3589 et
873 3536 1065 3599 videri,
1095 3548 1148 3589 et
1184 3551 1307 3589 vere
1337 3550 1457 3588 esse
1498 3533 1921 3601 Providentiam,
1963 3550 2082 3603 quae

508 3626 650 3691 quod
688 3626 881 3695 cuique
917 3629 1098 3697 generi
1149 3626 1420 3688 convenit,
1470 3627 1569 3680 hoc
1610 3626 1683 3679 illi
1733 3625 2026 3679 distribuat
2065 3645 2077 3679 :

510 3726 563 3769 at
623 3732 749 3770 vero
791 3715 1056 3784 justitiam
1117 3719 1294 3779 illam,
1353 3732 1472 3785 quae
1525 3717 1617 3771 Dei
1684 3716 2081 3771 Providentiam

511 3810 821 3874 comitatur,
853 3810 1034 3865 vocari
1071 3810 1259 3863 fatum.
1298 3806 1417 3863 Uno
1454 3807 1598 3861 enim
1634 3806 1728 3862 fati
1774 3808 1991 3861 nomine
2028 3808 2081 3862 in

510 3902 691 3969 plures
738 3903 1008 3968 notiones,
1044 3904 1110 3956 ab
1155 3902 1220 3957 iis
1271 3902 1360 3971 qui
1413 3902 1651 3955 novitate
1683 3901 1939 3971 gaudent,
1974 3900 2084 3955 dis-

510 4005 703 4059 tracto,
761 4011 868 4049 non
916 3993 1061 4047 aliud
1111 4002 1285 4045 tamen
1326 3992 1493 4045 fatum
1546 3991 1647 4046 sibi
1689 3991 1883 4059 videri,
1918 4006 2081 4061 quam

512 4088 562 4139 id
595 4086 738 4154 quod
769 4084 1117 4140 Aristotelem
1150 4093 1204 4137 et
1237 4081 1517 4137 Platonem
1552 4081 1849 4136 credidisse
1896 4082 2080 4135 tradit.

511 4178 697 4246 Neque
730 4178 875 4232 enim
912 4177 1057 4230 illaut
1117 4187 1318 4229 temere
1358 4175 1585 4244 positam
1626 4173 2083 4243 genetltliacorum

510 4268 891 4321 necessitatem
926 4265 1033 4318 ullo
1066 4266 1223 4317 modo
1255 4262 1511 4327 admittit,
1561 4278 1659 4317 nec
1692 4263 1919 4317 stoicam
1954 4263 2082 4316 item

509 4361 668 4422 vim,
713 4372 889 4426 neque
947 4354 1079 4409 illud
1132 4357 1294 4410 etiam
1355 4353 1547 4419 fatum,
1592 4353 1734 4422 quod
1780 4353 2085 4407 Alexander

511 4449 951 4529 Apltrqdisiensis
999 4449 1207 4514 statuit,
1258 4462 1431 4517 eoque
1483 4446 1699 4500 tandem
1745 4445 1983 4510 deducit,
2027 4456 2085 4499 ut

2177 1979 2213 2033 ἃ
2246 1978 2300 2031 δὲ
2332 1982 2363 2050 ἡ
2398 1980 2515 2050 μετ’
2546 1982 2723 2034 ἐκεῖνο
2750 1980 2811 2033 τὸ
2844 1980 3096 2049 σύστημα
3115 1979 3256 2048 ἔχειν
3286 1978 3440 2048 ἔλαχε
3466 1977 3605 2048 χώρα
3626 1982 3711 2032 λο-

2177 2072 2333 2140 γικὰ,
2369 2070 2593 2139 αὶθέριά
2624 2090 2681 2125 τε
2716 2072 2811 2125 καὶ
2857 2073 3119 2141 ἀγαθοὺς
3151 2071 3439 2139 δαίμονας
3471 2068 3713 2138 ὀνομάζει,

2180 2161 2307 2233 [552
2340 2162 2433 2235 Κ]
2464 2163 2568 2216 τῶν
2597 2180 2656 2215 τε
2698 2163 3084 2235 συμφερόντων
3128 2162 3437 2231 ἀνθρώποις
3477 2160 3715 2231 ἑρμηνέας

2177 2270 2235 2304 τε
2271 2255 2364 2306 καὶ
2392 2254 2659 2321 ἀγγέλους
2702 2254 3029 2323 γενομένους
3055 2268 3069 2282 ·
3102 2253 3164 2304 τὸ
3195 2252 3251 2306 δὲ
3282 2250 3606 2320 ἀνθρώπειον
3632 2249 3715 2318 φῦ-

2176 2343 2268 2398 λον
2312 2344 2410 2415 τὴν
2452 2344 2773 2398 τελευταίαν
2817 2344 2971 2408 τάξιν
3007 2343 3243 2413 ἐπέχειν,
3280 2340 3375 2403 οὓς
3402 2339 3647 2408 περίγειὰ
3669 2357 3717 2391 τε

2177 2437 2291 2501 ζῶα
2338 2438 2436 2493 καὶ
2467 2438 2804 2501 ἀθανάτους
2836 2436 3040 2506 ¹ψυχὰς
3072 2436 3165 2488 καὶ
3201 2433 3295 2504 (ὡς
3330 2434 3396 2486 ἂν
3440 2432 3574 2485 εἴποι
3603 2432 3720 2483 Πλά-

2146 2538 2303 2597 ςτων)
2354 2533 2691 2597 ἀθανάτους
2736 2531 3094 2600 ὀνομάζεσθαι
3149 2527 3523 2596 ἀνθρώπους.
3564 2525 3637 2577 Τὰ
3674 2525 3719 2577 δὲ

2176 2625 2302 2694 τρία
2333 2624 2503 2676 ταῦτα
2534 2624 2666 2693 γὲνη
2712 2622 2837 2693 1⁸284
2870 2621 2960 2695 H.]
2982 2622 3055 2684 ὼς
3089 2623 3146 2674 ἒν
3177 2622 3256 2672 ἐνὶ
3288 2618 3464 2689 ζάλῳῆ
3489 2618 3623 2690 χορῷ
3645 2617 3721 2670 καὶ

2183 2711 2474 2782 συμφωνία
2512 2713 2883 2782 συνηρτῆσθαι
2924 2712 3020 2781 μὲν
3050 2710 3325 2781 ἀλλήλοις,
3361 2709 3649 2777 ἀσύγχυτον
3678 2707 3722 2758 δὲ

2176 2806 2244 2873 τῇ
2295 2802 2482 2856 ὲνώσει
2535 2804 2628 2857 καὶ
2674 2803 3006 2874 ἀλληλουχίᾳ
3053 2802 3149 2871 τὴν
3176 2802 3320 2855 κατά
3366 2800 3525 2865 φύσιν
3573 2798 3725 2851 αὐτῶν

2176 2895 2450 2964 διάκρισιν
2482 2895 2890 2965 συεδτηρείσθαι.
2939 2896 3048 2949 Καὶ
3086 2893 3341 2965 ἡγεῖσθαι
3392 2894 3488 2962 μὲν
3515 2893 3613 2944 τῶν
3638 2908 3723 2944 κα-

2177 2986 2547 3056 ταδεεστέρως)
2605 2987 2673 3039 τὰ
2722 2986 3155 3057 προτεταγμένα,
3207 2986 3428 3039 πάντων
3469 2984 3522 3036 δὲ
3574 2982 3727 3035 αὑτῶν

2180 3076 2486 3147 βασιλεύειν
2516 3077 2607 3131 τὸν
2650 3080 2869 3150 Πατέρα
2904 3080 3037 3132 Θεὸν
3086 3078 3180 3132 καὶ
3231 3077 3589 3147 Δημιουργόν.
3637 3076 3727 3127 Καὶ

2178 3168 2383 3239 ταύτην
2434 3170 2533 3241 τὴν
2568 3172 2976 3241 πατρονομικὴν
3020 3172 3065 3202 ’⁷
3107 3170 3271 3223 αὑτοῦ
3310 3169 3580 3241 βασιλείαν
3612 3167 3729 3237 πρό-

2179 3279 2329 3315 νοιαν
2374 3263 2470 3315 καὶ
2518 3262 2836 3333 νομίζεσθαι
2869 3263 2963 3316 καὶ
3002 3258 3163 3325 εἶναι,
3188 3262 3317 3333 ἥτις
3347 3263 3561 3330 ἑκάστῳ
3604 3260 3730 3327 γένει

2179 3351 2247 3404 τὰ
2279 3354 2621 3423 προσήκοντα
2648 3354 2916 3424 διανέμει.
2943 3355 3054 3425 Τὴν
3096 3356 3279 3425 μέντοι
3312 3372 3375 3423 γε
3410 3356 3474 3425 τῇ
3523 3350 3733 3424 Προνοίᾳ

2181 3446 2558 3515 συνεπομένην
2587 3446 2746 3517 δίκην
2772 3446 3115 3519 εἱμαρμένην
3150 3445 3435 3500 καλεῖσθαι
3468 3462 3482 3477 ο
3532 3445 3606 3506 είς
3634 3442 3733 3504 ἐνὸς

2179 3536 2290 3609 γὰρ
2318 3536 2489 3589 πλείω
2529 3537 2905 3607 σημαινόμενα
2939 3537 3033 3591 τοῦ
3069 3539 3168 3609 τῆς
3198 3537 3540 3607 εἱμαρμένης
3562 3533 3736 3603 ὀνόμα-

2179 3646 2271 3691 τος
2302 3629 2405 3682 ὑπὸ
2431 3631 2539 3683 τῶν
2586 3630 2890 3701 χαιρόντων
2917 3632 3037 3693 ταῖς
3075 3630 3461 3699 καινοτομίαις
3488 3641 3737 3679 κατασκε·

2179 3720 2488 3785 δασθέντος,
2540 3722 2639 3774 οὑκ
2684 3720 2853 3791 ἀλλην
2898 3721 3140 3790 νομίζειν
3199 3719 3365 3773 αὑτὸν
3419 3716 3739 3789 εἱμαρμένην

2180 3810 2297 3863 ἀλλ’
2326 3811 2394 3883 ἢν
2426 3810 2794 3881 Ἀριστοτέλει
2829 3810 2925 3865 καὶ
2972 3812 3219 3866 Πλάτωνι
3262 3812 3512 3883 νομίζειν
3556 3808 3737 3861 δίδωσι.

2184 3903 2297 3973 Τήν
2340 3920 2399 3955 τε
2444 3903 2552 3973 γὰρ
2596 3902 2705 3956 τῶν
2753 3903 3181 3972 γενεθλιαλόγων
3205 3903 3493 3971 ἀλόγιστον
3520 3899 3741 3967 ἀνάγκην

2182 3994 2295 4049 οὐδ’
2320 3994 2458 4057 ὅλως
2493 3995 2800 4064 προσίεται,
2838 3995 2960 4048 οὐδὲ
2987 3995 3085 4066 τὴν
3113 3995 3362 4065 Στωῖκὴν
3394 3993 3536 4064 βίαν,
3567 3990 3624 4043 ού
3652 3989 3743 4057 μὴν

2182 4086 2298 4139 ἀλλ’
2333 4084 2444 4138 οὐδ’
2472 4086 2540 4156 ἢν
2572 4086 2598 4137 ὁ
2621 4086 2679 4153 ἐξ
2707 4086 3115 4157 Ἀφροδισιάδος
3141 4086 3357 4151 δοξάζει
3389 4082 3741 4152 Ἀλέξανδρος,

2182 4180 2249 4249 τῇ
2280 4178 2597 4248 Πλατωνικῆ
2628 4178 2738 4231 τῶν
2790 4180 3061 4247 σωμάτων
3114 4179 3275 4248 φύσει
3325 4181 3408 4241 εἰς
3461 4176 3744 4243 ταυτότητα

2185 4271 2468 4341 περιάγων
2501 4270 2702 4341 ταύτην
2734 4289 2747 4302 ·
2790 4272 2905 4325 ἀλλ’
2957 4272 3077 4324 οὐδὲ
3114 4273 3213 4342 τὴν
3251 4271 3488 4340 ἐπῳδαῖς
3539 4267 3631 4321 καὶ
3670 4266 3745 4317 θυ-

2186 4362 2329 4424 σίαις
2366 4364 2863 4435 παρατρεπομένην
2906 4365 3143 4433 γένεσιν.
3182 4362 3433 4433 Ἐκείνην
3464 4362 3543 4425 δὲ,
3584 4356 3747 4417 καθὼς

2186 4452 2419 4524 ἔφημεν,
2458 4456 2777 4526 πρεσϐεύει,
2810 4457 2879 4527 ἢν
2904 4458 2954 4510 οἱ
2986 4458 3113 4527 περὶ
3140 4456 3409 4510 Πλάτωνα
3439 4453 3743 4525 βούλονται·

514 4546 653 4596 idem
688 4557 915 4612 prorsus
953 4558 1073 4596 cum
1127 4550 1315 4594 natura
1359 4554 1646 4609 corporum
1681 4538 2078 4592 Platonicorum

2188 4546 2310 4616 ἥτις
2332 4547 2439 4601 τῶν
2462 4548 2824 4603 ἐκϐαινόντων
2853 4549 2995 4603 κατὰ
3022 4550 3114 4603 τὸν
3146 4549 3247 4619 τῆς
3278 4548 3548 4621 Προνοίας
3569 4540 3746 4612 Θεσμδν

509 4635 706 4691 ciiiciat
754 4652 768 4689 :
810 4639 903 4691 sed
950 4650 1050 4689 nec
1103 4648 1243 4695 eam,
1282 4647 1399 4701 quae
1456 4630 1792 4683 carminibus
1856 4627 2079 4699 magicis

509 4740 603 4781 aut
647 4727 935 4783 sacriﬁciis
960 4742 990 4781 a
1021 4736 1281 4780 consueto
1342 4731 1547 4777 natum
1598 4720 1792 4775 ordine
1832 4720 2081 4775 deflecta-

514 4832 621 4886 tur,
673 4820 927 4889 genesiu;
986 4820 1079 4873 sed
1130 4817 1256 4872 illttd
1319 4813 1691 4868 tantummodo
1744 4809 1949 4876 fatum,
2001 4816 2074 4868 uti

2186 4637 2477 4711 δικαστικὴ
2511 4640 2605 4694 τοῦ
2660 4641 2817 4696 Θείου
2857 4643 3097 4714 ὑπάρχει
3148 4643 3427 4713 ἐνέργεια,
3479 4637 3631 4703 τάξει
3670 4633 3747 4687 καὶ

2187 4730 2363 4803 εἰρμῷ
2393 4732 2531 4803 πρὸς
2558 4734 2657 4798 τὰς
2686 4736 3078 4807 προαιρετικάς
3102 4734 3392 4799 ὑποθέσεις
3436 4732 3548 4786 τῶν
3585 4724 3750 4789 αὐτεξ-

2183 4826 2383 4880 ουσίων
2437 4827 2616 4899 ἔργων
2640 4828 3093 4901 ὲπανορθουμένη
3121 4829 3190 4881 τὰ
3212 4827 3338 4881 καθ’
3366 4826 3542 4898 ἡμᾶς.

512 4918 793 4977 diximUS.
858 4915 1111 4979 θιιουῖῑν
1181 4914 1325 4982 (Ιηοά
1376 4925 1498 4964 ευιη
1570 4905 1684 4960 suis
1731 4903 1885 4959 PWO
1929 4909 2041 4966 vult
2077 4930 2093 4968 :
2128 4929 2309 4971 rerum
2362 4919 2571 4975 scilicet
2627 4920 2992 4975 evenientium
3049 4920 3350 4976 secundum
3406 4911 3753 4973 Providentia“!

510 5000 659 5079 leges
698 5006 1013 5076 iudicialem
1089 5006 1377 5076 quamdam
1429 4999 1675 5059 Numinis
1741 5004 2130 5073 operationem,
2191 5008 2335 5064 bono
2386 5013 2575 5068 ordine
2624 5028 2689 5067 ac
2742 5013 2887 5069 serie
2938 5029 3024 5068 res
3076 5026 3292 5068 nostras
3343 5011 3663 5081 dirigentem
3706 5005 3753 5059 in

512 5101 658 5159 illum
716 5099 910 5163 ﬁnem,
967 5099 1020 5153 in
1079 5112 1237 5168 quem
1297 5097 1477 5152 libera?
1527 5099 1774 5152 actiones
1824 5112 1890 5151 ex
1939 5108 2088 5153 certo
2121 5104 2397 5171 praposito
2435 5103 2713 5162 feruntur.

584 5192 653 5244 At
678 5191 821 5246 enim
852 5189 1040 5244 istbaec
1069 5188 1228 5257 hujus
1270 5187 1371 5241 viri
1408 5187 1613 5255 scripto
1648 5203 1770 5242 cum
1810 5187 2076 5241 contineri

519 5284 725 5349 videas,
759 5282 1017 5351 frequens
1058 5280 1406 5334 nihilominus
1439 5280 1541 5349 ipsi
1575 5289 1633 5335 et
1665 5295 1912 5350 magnum
1959 5295 2083 5333 cer-

519 5384 698 5429 tamen
744 5384 828 5428 est
878 5374 943 5427 de
991 5373 1349 5427 humanorum
1399 5373 1701 5427 animorum
1736 5373 1917 5442 priore
1952 5373 2085 5437 vita,

518 5469 691 5535 deque
721 5479 908 5521 eorum
937 5463 990 5518 in
1025 5464 1129 5518 alia
1158 5443 1385 5535 corpora
1421 5465 1917 5534 transmigratione.
1952 5465 2085 5521 Nam

2261 5191 2424 5247 Ἀλλά
2454 5194 2561 5265 γὰρ
2589 5194 2762 5247 ταῦτα
2800 5194 2899 5264 μὲν
2934 5192 3080 5247 ἔστιν
3137 5192 3268 5245 ἰδεῖν
3313 5190 3392 5261 τῷ
3440 5191 3537 5243 τοῦ
3583 5184 3756 5257 ἀνδρὸς

2192 5285 2546 5355 ἐμφερόμενα
2572 5286 2617 5315 ’⁸
2658 5285 2949 5355 γράμματι
2978 5300 2993 5315 ο
3030 5284 3059 5336 ὁ
3094 5282 3346 5344 πλεῖστος
3383 5280 3431 5335 δ’
3482 5278 3630 5349 αύτῷ
3673 5274 3758 5327 ml

2197 5373 2371 5441 μέγας
2400 5371 2550 5441 ἀγὼν
2593 5373 2628 5442 ἡ
2669 5372 2779 5427 τῶν
2829 5372 3190 5443 ἀνθρωπίνων
3231 5371 3422 5442 ψυχῶν
3472 5371 3589 5423 ἐστι
3634 5380 3758 5435 προ·

2195 5462 2348 5532 ϐιοτὴ
2398 5464 2494 5516 καὶ
2542 5463 3058 5533 μετενσωμάτωσις,
3098 5463 3192 5516 τὸν
3241 5462 3338 5533 μὲν
3374 5462 3421 5494 ’⁸
3469 5460 3529 5525 ἐξ
3563 5459 3758 5524 ἀλόγων

1818 5624 2051 5681 νΑῐῖΙιΈ
2091 5622 2500 5682 IECTIONES.

597 5768 643 5797 "
672 5768 807 5838 αὐτῇ
850 5784 910 5833 ς.

530 5839 573 5871 ιι
612 5838 709 5909 μέν
735 5842 776 5894 Α
816 5859 826 5895 ;
860 5840 963 5911 γάρ
988 5858 1045 5906 ς.

1026 5771 1069 5800 "'
1128 5771 1245 5827 libri
1306 5769 1758 5839 πατρωνυμικήν.
1809 5767 1881 5823 cf;
1925 5783 1979 5837 p.
2021 5768 2088 5826 Β.
2126 5765 2283 5831 1581,
2315 5765 2404 5821 54.

2497 5766 2541 5795 ³⁸⁸
2572 5760 2921 5835 ὲμφερόμενα
2970 5777 3081 5833 mg.
3141 5779 3155 5817 :
3215 5758 3334 5816 libri
3381 5748 3753 5826 ἑμφερομέυῳ.
