4014 6398
241 364 340 424 705

1307 362 1830 423 ΒΙΒῙᾸΟἹἮΕΟΑ.
1870 391 1942 403 -
1969 366 2133 428 COD.
2162 368 2403 428 CCXIV.

3377 363 3485 427 706

252 474 389 538 ζώων
434 470 467 540 ἦ
519 471 598 533 εἰς
621 468 792 537 ἀλογα
826 472 1202 543 μεταγγισμδν
1238 473 1339 526 οὐκ
1388 473 1804 545 ἀναδεχόμενος,

1912 491 1972 531 ex
2019 478 2386 533 animantibus
2424 477 2643 547 quidem
2679 475 2891 528 ratione
2932 474 3262 539 carentibus,
3299 486 3396 531 aut
3429 481 3483 531 in

244 566 335 635 τὴν
354 562 408 617 δὲ
431 562 492 628 ἐξ
513 562 814 634 ἀνθρώπων
843 564 922 626 είς
958 564 1284 635 ἀνθρώπους
1318 565 1622 636 μεταϐολὴν
1639 583 1808 620 σπου-

240 656 693 726 δαιολογούμενος.
733 655 955 727 Ταύτην
991 656 1050 709 δέ
1093 659 1194 727 τὴν
1240 658 1518 728 ἐπισφαλῆ
1564 658 1658 712 καὶ
1700 677 1808 730 μα-

246 750 386 802 ταίαν
415 748 685 818 ὑπόληψιν
704 748 817 802 ἀνω
839 749 935 803 καὶ
960 750 1110 803 κάτω
1135 749 1513 819 περιστρέφει,
1546 750 1613 803 δι’
1636 750 1809 819 αὐτῆς

246 840 353 905 μὲν,
382 838 458 902 ὡς
510 840 700 903 οἴεται,
743 840 840 911 τὴν
882 840 977 894 τοῦ
1013 841 1159 895 θείου
1194 841 1457 911 Πρόνοιαν
1500 842 1805 912 κρατύνων,

232 931 298 985 δι’
314 930 480 999 αὐτῆς
502 929 559 983 δὲ
580 930 639 984 τὸ
662 931 747 999 ἐφ’
770 933 905 1002 ἡμῖν
919 933 1013 986 καὶ
1042 933 1434 987 αὑτοδέσποτον
1462 935 1808 988 κατασκευά-

242 1023 360 1087 ζων,
392 1025 484 1076 ναὶ
509 1024 574 1095 δὴ
600 1026 695 1078 καὶ
720 1025 821 1097 τὴν
869 1027 1032 1097 φίλην
1074 1028 1224 1098 αὐτῷ
1257 1029 1566 1099 ἐπικουρῶν
1612 1030 1808 1101 εἱμαρ-

234 1114 417 1186 μένην,
459 1116 521 1182 ἐξ
545 1117 851 1170 ἀλλοκότων
883 1119 984 1187 μὲν
1014 1120 1269 1173 ἐπινοιῶν
1291 1120 1634 1192 ὁρμώμενος,
1671 1122 1808 1175 ἀσυ-

237 1208 455 1269 στάτους
482 1208 529 1239 ³⁶
559 1208 616 1260 δὲ
663 1209 772 1262 τῶν
817 1210 1264 1282 ἐπιχειρημάτων
1308 1213 1408 1276 τὰς
1446 1214 1808 1283 νομιζομένας

232 1298 375 1369 αὐτῷ
399 1300 442 1330 ³²
466 1302 810 1365 κατασκευὰς
842 1305 1117 1374 προάγων,
1155 1306 1214 1372 ἐξ
1251 1298 1325 1359 ὧν
1373 1305 1419 1359 δ’
1460 1306 1537 1369 ὡς
1589 1306 1809 1377 ἀληθῶς

234 1392 289 1443 τὸ
318 1391 417 1460 τῆς
444 1393 710 1462 Προνοίας
736 1395 802 1448 ἂν
835 1396 1147 1465 παρασταίη
1191 1397 1391 1467 δόγμα,
1448 1397 1556 1450 οὐδ’
1616 1398 1660 1429 ³³
1714 1398 1808 1451 ἐπὶ

234 1482 349 1535 νοῦν
370 1482 700 1554 βαλλόμενος
734 1486 798 1540 ³³.
839 1487 1058 1541 Μᾶλλον
1082 1488 1138 1541 δὲ
1163 1489 1215 1543 εί
1240 1507 1323 1553 τις
1357 1489 1453 1543 τοῦ
1481 1488 1676 1561 ἀνδρὸς
1709 1490 1807 1561 τὴν

235 1576 481 1647 ἀλήθειαν
507 1580 784 1650 προτιμῶ
813 1579 1008 1639 ἐθέλοι,
1040 1582 1106 1635 δι’
1138 1574 1213 1635 ὧν
1242 1582 1448 1652 ταύτην
1476 1580 1805 1651 ἀγωνίζεται

236 1668 679 1732 κατασκευάζειν,
713 1670 994 1732 παντελῶς
1014 1671 1185 1741 αὐτῆς
1217 1672 1315 1743 τὴν
1353 1670 1637 1742 ἀναίρεσιν
1673 1691 1804 1727 συν-

235 1759 432 1826 εισάγει
462 1775 477 1789 ο
524 1760 735 1829 σαθρὰν
777 1760 883 1831 γὰρ
928 1764 1063 1833 αύτῇ
1110 1763 1313 1836 βάθραν
1344 1765 1587 1829 ὑποθεὶς,
1627 1766 1703 1828 ὡς
1746 1767 1805 1819 ἐν

234 1849 402 1914 ἀλλοις
447 1852 553 1921 τῆς
596 1852 906 1917 ὑποθέσεως
934 1832 1275 1927 ἀπαιτούσης
1319 1856 1657 1930 πλατύτερον
1703 1858 1807 1910 ὑπ-
1844 1832 1883 1886 Β

236 1942 531 2012 εδείξαμεν,
578 1944 975 2016 εὐπερίτρεπτον
1016 1947 1061 1979 ³⁵
1096 1949 1266 2017 αὐτὴν
1315 1951 1451 2021 πρὸς
1494 1952 1805 2005 τούναντίον

235 2033 318 2085 καὶ
353 2034 732 2089 ἀνυπόστατον
764 2036 1161 2108 συναπέφηνεν.
1194 2040 1305 2111 Τῆς
1340 2044 1448 2112 γὰρ
1480 2042 1589 2097 τῶν
1616 2041 1804 2112 ψυχῶν

236 2122 518 2194 προϐιοτῆς
557 2124 653 2178 καὶ
685 2127 1253 2197 μετενσωματώσεως,
1286 2130 1354 2201 ἢν
1380 2132 1542 2195 αὐτὸς
1571 2132 1851 2203 ἔρεισμακ.

234 2216 315 2266 καὶ
340 2215 594 2285 θεμέλιον
627 2218 725 2287 τῆς
755 2219 1022 2288 Προνοίας
1051 2220 1343 2274 ὑποὸάλλει
1389 2224 1486 2275 καὶ
1531 2222 1627 2275 τοῦ
1682 2225 1811 2276 αὑτ-

236 2304 458 2370 εξουσίου
544 2308 638 2360 καὶ
685 2309 783 2374 τῆς
829 2310 1195 2380 εἱμαρμένης,
1244 2311 1451 2382 ταύτης
1530 2312 1812 2377 παντελῶς

234 2399 300 2461 εἰς
331 2398 389 2450 τὸ
413 2399 615 2467 ἄλογόν
644 2417 703 2452 τε
734 2402 827 2454 καὶ
868 2401 1128 2456 ἀδύνατον
1157 2404 1263 2457 ὑπὸ
1302 2405 1401 2473 τῆς
1433 2404 1694 2472 ἀληθείας
1720 2406 1811 2471 ἐξ-

232 2490 727 2559 οστρακιζομένης,
785 2492 945 2562 δῆλον
994 2494 1078 2546 ὅτι
1136 2498 1681 2567 συγκαταστρέφεται
1731 2499 1811 2569 τῷ

232 2581 289 2633 δι’
318 2582 547 2635 ἐκείνων
593 2582 765 2636 ταῦτα
808 2590 1321 2660 πραγματευομένῳ
1365 2591 1460 2643 καὶ
1508 2590 1807 2662 ήΠρόνοια

234 2671 315 2724 καὶ
358 2672 420 2724 τὸ
466 2674 562 2740 ἐφ’
594 2675 727 2742 ἡμῖν
780 2676 870 2726 καὶ
908 2676 941 2744 ἠ
992 2676 1325 2748 εἱμαρμένη,
1376 2680 1471 2731 καὶ
1514 2681 1594 2741 είς
1638 2678 1807 2749 λῆρον

233 2762 366 2833 αύτῷ
391 2763 453 2815 τὸ
489 2762 837 2833 πολύμοχθον
867 2764 1141 2819 διαλύεται
1174 2767 1517 2838 σπούδασμα.

1910 567 2066 622 bruta
2103 568 2521 622 transfusionem
2571 582 2675 621 non
2734 565 3019 635 recipiens,
3053 575 3107 617 at
3144 581 3274 619 vero
3315 566 3488 622 homi-

1909 674 2038 713 num
2098 660 2149 712 in
2204 659 2480 714 hominem
2534 659 2822 711 transitum
2873 656 3112 709 studiose
3166 655 3484 722 defendens,

1910 749 2268 819 periculosam
2332 750 2470 804 banc
2515 759 2677 817 atque
2729 750 2967 816 ineptam
3014 745 3326 815 opinionem
3372 762 3489 802 sur-

1908 858 2028 895 sum
2062 844 2315 896 deorsum
2345 852 2548 895 versat.
2591 841 2691 895 Per
2733 840 2877 894 illam
2922 838 3167 908 quidem,
3198 846 3258 891 ut
3291 837 3486 900 credit,

1909 935 2146 988 divinam
2190 934 2587 1003 providentiam
2642 934 3037 997 corroborans;
3086 946 3183 999 per
3222 930 3382 997 hanc,
3425 931 3489 983 Ii-

1909 1026 2096 1080 herum
2137 1027 2446 1091 arbitrium,
2499 1026 2840 1095 liberumque
2891 1026 2973 1080 sui
3028 1026 3194 1095 ipsius
3234 1027 3489 1082 domina—

1912 1128 2020 1170 tum
2064 1127 2351 1184 astruens;
2404 1118 2515 1173 fato
2566 1126 2714 1172 certe
2770 1128 2878 1171 tam
2928 1118 2977 1172 ei
3025 1128 3181 1187 grato
3226 1119 3486 1173 auxilium

1911 1212 2089 1263 ferens
2135 1227 2150 1265 :
2202 1209 2361 1278 idque
2418 1225 2523 1262 non
2580 1209 2833 1262 absurdis
2904 1218 3113 1262 tantum
3166 1208 3489 1263 commentis

1911 1300 2187 1364 int-italus,
2212 1302 2306 1354 sed
2341 1301 2504 1353 etiam
2544 1316 2608 1354 ex
2648 1303 2867 1356 minime
2897 1283 3295 1358 cohaerentibus
3328 1318 3491 1370 argo-

1910 1391 2332 1445 mentationibus
2382 1408 2530 1456 suas,
2578 1407 2715 1461 quas
2760 1401 2930 1461 putat,
2970 1392 3321 1462 probationes
3365 1408 3490 1460 pro-

1909 1485 2110 1537 ducens
2141 1501 2153 1536 :
2188 1500 2309 1537 eum
2346 1484 2579 1545 ittteritn,
2618 1500 2712 1552 per
2742 1500 2861 1552 quae
2899 1499 3086 1538 revera
3132 1482 3491 1538 Providentia:

1909 1574 2105 1640 dogma
2155 1573 2409 1625 constitui
2444 1582 2679 1641 poterat,
2712 1588 2776 1625 ne
2814 1573 2865 1625 in
2900 1583 3131 1626 mentem
3163 1574 3379 1642 quidem
3412 1570 3487 1624 illi

1910 1666 2175 1719 venerint.
2212 1664 2324 1718 lino
2362 1680 2512 1731 vero,
2557 1668 2600 1719 si
2650 1667 2773 1733 quis
2805 1666 2927 1719 huic
2960 1665 3165 1719 homini
3202 1665 3486 1719 veritatem

1908 1768 2237 1825 anteponere
2310 1758 2564 1821 studeat,
2648 1760 2843 1827 quibus
2930 1759 3077 1812 illam
3155 1759 3490 1827 argumentis

1912 1858 2159 1901 astruere
2195 1849 2408 1912 nititur,
2442 1850 2529 1904 his
2560 1850 2691 1918 ipsis
2718 1852 2963 1905 eamdem
3004 1851 3228 1905 omnino
3270 1852 3486 1905 evertit.

1911 1940 2048 1993 Nam
2107 1940 2199 2008 qui
2265 1941 2538 1995 intlrmum
2600 1955 2978 2012 argumentum
3038 1942 3207 1998 semel
3269 1942 3488 1997 veritati

1912 2032 2208 2086 substravit
2250 2031 2333 2103 (ut
2371 2032 2523 2097 alibi,
2562 2048 2683 2088 cum
2722 2050 2810 2087 res
2848 2035 2921 2087 ita
2958 2035 3280 2103 postularet,
3315 2037 3491 2102 copio-

1910 2121 2023 2175 sius
2051 2122 2433 2194 ostendimus),
2456 2124 2500 2177 is
2520 2124 2570 2176 in
2589 2125 2916 2177 contrariam
2947 2123 3104 2179 facile
3127 2134 3332 2193 partem
3353 2140 3489 2180 con-

1911 2214 2046 2266 verti
2085 2214 2229 2268 illam
2282 2229 2464 2283 posse,
2499 2215 2629 2284 quin
2676 2225 2731 2269 et
2780 2231 3121 2287 nequaquam
3171 2218 3486 2278 subsistere.

1908 2305 2073 2360 simul
2117 2307 2534 2361 demonstravit.
2585 2307 2678 2360 lila
2719 2310 2922 2377 quippe
2963 2310 3266 2363 animorum
3309 2310 3489 2379 priore

1909 2402 2052 2467 vita,
2104 2412 2160 2456 et
2208 2402 2262 2455 in
2313 2417 2541 2471 corpora
2602 2404 3079 2473 transmigratione
3136 2403 3334 2473 (quam
3376 2404 3491 2474 ipse

1908 2492 2078 2545 basim
2112 2506 2174 2546 ac
2208 2492 2616 2547 fundamentum
2662 2493 3041 2557 Providentia,
3079 2494 3360 2564 liberoque
3402 2510 3492 2548 ar-

1916 2583 2100 2649 bitrio,
2133 2598 2200 2636 ac
2245 2582 2358 2636 fato
2392 2582 2467 2636 illi
2511 2583 2772 2653 snbjicit),
2800 2587 3022 2640 omnino
3068 2587 3210 2641 inter
3254 2587 3487 2642 absurda

1912 2683 1964 2726 et
2001 2673 2357 2742 impossibilia
2389 2675 2585 2744 173a
2634 2690 2729 2743 per
2762 2678 3047 2729 veritatem
3100 2676 3367 2745 ablegata,
3402 2676 3488 2729 ni-

1914 2768 2110 2820 mirum
2147 2783 2250 2821 una
2292 2783 2414 2822 cum
2459 2769 2570 2827 illo.
2607 2772 2697 2837 qui
2728 2784 2825 2837 per
2856 2771 2956 2823 ista
2985 2771 3099 2824 haec
3132 2771 3354 2823 molitur
3377 2768 3492 2823 elli-

234 2868 360 2918 cere,
407 2854 582 2907 etiam
640 2854 1003 2921 Providentia,
1038 2868 1091 2910 et
1144 2858 1371 2912 liberum
1425 2860 1710 2914 arbitrium
1747 2868 1802 2914 et
1834 2858 2001 2912 fatum
2032 2861 2311 2922 evertitur,
2359 2861 2604 2928 atquein
2638 2877 2809 2930 nugas
2837 2876 3064 2931 operosa
3132 2862 3221 2915 illa
3285 2861 3492 2915 machi-

235 2947 365 3001 natio
397 2952 540 3011 abit,

294 3040 415 3113 [553
444 3042 546 3115 R.]
583 3043 754 3097 Ἐπτά
778 3044 832 3097 δὲ
865 3044 1011 3113 λόγοι
1061 3046 1225 3099 αὑτοῦ
1263 3047 1674 3119 ἐπιμερίζονται
1704 3049 1805 3114 τὴν

236 3131 476 3201 σπουδήν.
518 3133 626 3185 Καὶ
649 3136 678 3185 ό
708 3134 806 3202 μὲν
823 3134 868 3165 ³⁸
898 3132 947 3186 α’
980 3136 1059 3197 είς
1091 3136 1308 3191 ἔκθεσιν
1339 3138 1689 3192 διατυποῦται
1728 3133 1805 3192 ὧν

1983 3047 2154 3101 Porro
2186 3047 2237 3100 in
2272 3057 2479 3116 septem
2520 3046 2633 3117 (21)
2676 3046 2842 3109 libros
2889 3047 3202 3100 universum
3238 3059 3374 3116 opus
3402 3044 3490 3099 di-

1913 3138 2117 3192 viditur
2147 3156 2161 3192 :
2191 3154 2422 3208 quormn
2450 3140 2657 3208 primus
2693 3139 2907 3207 quidem
2947 3152 3221 3206 exponere
3251 3137 3489 3192 instituit

234 3220 379 3285 αὐτὸς
402 3224 492 3292 ἐφ’
524 3224 699 3295 ἐαυτῴ
721 3228 848 3295 περὶ
866 3227 1128 3297 Προνοίας
1150 3228 1245 3281 καὶ
1263 3228 1417 3299 δίκης
1438 3232 1533 3283 καὶ
1554 3230 1656 3299 τῆς
1674 3248 1778 3283 κατ
1792 3232 1808 3247 '

1912 3245 1971 3284 ea
2008 3245 2127 3298 qua:
2154 3231 2267 3300 ipse
2297 3230 2439 3299 apud
2465 3246 2525 3285 se
2550 3231 2617 3285 de
2646 3230 3024 3297 Providentia,
3058 3232 3125 3286 de
3151 3231 3367 3301 justitia
3388 3272 3404 3296 ,
3434 3240 3492 3285 et

234 3312 375 3379 ἀξίαν
421 3316 541 3368 τῶν
574 3315 751 3387 ἔργων
780 3320 861 3381 είς
890 3320 1039 3387 ἡμᾶς
1069 3320 1367 3391 κατιούσης
1411 3322 1646 3393 κρίσεως
1684 3340 1810 3376 συν-

1913 3321 1980 3374 de
2008 3322 2275 3375 sententia
2318 3320 2370 3374 in
2415 3336 2511 3373 nos
2554 3336 2650 3389 pro
2692 3321 2958 3375 factorum
2993 3323 3188 3376 merito
3243 3320 3488 3386 ferenda,

235 3405 574 3472 εγυμνάσατό
598 3421 656 3457 τε
679 3405 773 3458 καὶ
799 3406 1135 3475 διεσκέψατο,
1170 3408 1229 3461 '0
1252 3409 1296 3479 β’
1324 3410 1381 3463 δὲ
1408 3412 1508 3474 τὰς
1540 3412 1813 3467 Πλατωνι-

236 3492 325 3555 ιιὰς
355 3494 636 3562 συλλέγων
663 3493 841 3560 δόξας,
863 3498 962 3565 τὴν
993 3498 1175 3551 πίστιν
1202 3498 1260 3564 ἐξ
1285 3502 1464 3555 αὐτῶν
1487 3500 1561 3556 ὧν
1584 3504 1811 3558 Πλάτων

238 3581 455 3654 ἔγραψεν
508 3586 834 3656 ἐπιτίθησιν.
886 3588 943 3640 Ὁ
964 3589 1086 3659 δὲγ’
1124 3591 1224 3655 τὰς
1268 3594 1581 3665 ὑποφοράς,
1612 3591 1703 3659 αἷς
1747 3596 1811 3650 ἄν

236 3688 309 3734 τις
332 3678 602 3745 χρήσαιτο
632 3678 769 3748 πρὸς
797 3680 1111 3735 ἐναντίωσιν
1149 3685 1259 3737 τῶν
1285 3684 1410 3758 [285
1443 3687 1535 3759 IL]
1556 3688 1813 3760 δεδογμέ-

236 3782 365 3831 νων,
418 3771 756 3839 παρατιθεὶς
798 3773 1037 3827 διαλύειν
1086 3778 1269 3830 αὐτῶν
1316 3779 1416 3851 τὴν
1460 3782 1811 3854 ἐπιδουλὴν³⁸

238 3861 698 3929 πραγματεύεται.
752 3863 811 3916 '0
830 3864 887 3917 δέ
919 3865 961 3918 δ’
989 3867 1057 3920 τὰ
1085 3869 1349 3937 λεγόμενα
1377 3872 1531 3939 λόγια
1561 3876 1655 3929 καὶ
1686 3878 1812 3939 τοὺς

239 3949 541 4021 ίερατικοὺς
564 3953 795 4025 Θεσμοὺς
816 3959 895 4020 είς
927 3962 1247 4029 συμφωνίαν
1279 3965 1533 4031 συνάγειν
1551 3962 1631 4029 οἷς
1659 3968 1808 4022 Πλά-

234 4059 330 4094 των
378 4045 709 4114 ἐδογμάτισε
745 4046 1011 4117 βούλεται.
1065 4051 1123 4104 Ὀ
1173 4052 1230 4105 δὲ
1282 4060 1322 4105 ε’
1355 4058 1433 4119 είς
1459 4057 1663 4127 Ὀρφέα
1716 4060 1810 4112 καὶ

237 4132 502 4206 Ὅμηρον,
540 4140 632 4189 καὶ
664 4139 778 4191 ὅσοι
824 4140 973 4194 ἄλλοι
1008 4142 1113 4213 πρὸ
1158 4143 1259 4211 τῆς
1294 4145 1581 4211 Πλάτωνος
1612 4150 1810 4218 ἐπεφα-

234 4225 366 4288 νείας
410 4227 798 4295 ἐγνωρίζοντο.
830 4230 927 4301 τὴν
954 4232 1308 4305 Πλατωνικὴν
1342 4237 1475 4305 περὶ
1520 4237 1628 4289 τῶν
1675 4255 1810 4308 προ-

235 4320 496 4385 κειμένων
545 4318 861 4389 φιλοσοφίαν
905 4323 1157 4380 ἀνάπτει.
1190 4325 1250 4379 ’0
1293 4327 1348 4380 δὲ
1395 4334 1448 4392 ς’
1492 4330 1617 4391 τοὺς
1671 4332 1811 4400 μετά

234 4405 492 4462 Πλάτωνα
526 4410 755 4476 πάντας,
784 4413 947 4466 αὑτὸν
979 4414 1357 4489 Ἀριστοτέλην
1384 4422 1679 4489 κορυφαῖον
1714 4421 1809 4475 λα-

234 4497 360 4561 ϐὼν,
418 4502 618 4573 μέχρις
640 4504 951 4574 Ἀμμωνίου
999 4508 1093 4560 τοῦ
1120 4509 1549 4581 Ἀλεξανδρέως,
1592 4508 1653 4566 οὗ
1698 4516 1808 4567 τῶν

1914 3412 2202 3468 meditatus
2220 3424 2389 3468 esset.
2420 3411 2703 3467 Secundus
2732 3415 2875 3477 dein,
2900 3413 3212 3468 Platonicas
3233 3414 3491 3482 colligens

1912 3506 2215 3573 Opiniones,
2257 3520 2383 3559 suas
2410 3507 2607 3575 cuique
2638 3506 2980 3575 probationes
2998 3521 3063 3560 ex
3086 3506 3217 3575 ipsis
3250 3504 3491 3559 Platonis

1913 3599 2171 3667 Operibus
2213 3600 2453 3667 apponit.
2499 3598 2738 3663 Tertius,
2777 3600 3112 3667 objectiones
3158 3612 3488 3669 preponens,

1912 3690 2109 3758 quibus
2141 3690 2215 3745 uti
2250 3692 2524 3761 quispiam
2559 3693 2822 3747 adversus
2851 3707 2912 3745 ea
2952 3707 3074 3762 quis
3104 3692 3304 3746 tradita
3339 3702 3488 3758 sunt,

1912 3792 2119 3853 queat,
2188 3784 2487 3838 dissolvere
2542 3786 2733 3838 harum
2798 3783 3176 3838 cavillationes
3240 3794 3489 3838 conatur.

1911 3873 2149 3939 Quartus
2189 3875 2429 3937 oracula,
2468 3890 2589 3944 qua:
2635 3886 2916 3937 vocantur,
2951 3890 3015 3927 ac
3048 3875 3390 3929 sacerdotum
3415 3874 3492 3928 le-

1911 3978 2026 4032 ges,
2050 3976 2103 4018 et
2132 3964 2377 4017 Platonis
2413 3966 2664 4031 dogmata
2702 3965 2936 4019 invicem
2965 3962 3259 4017 conciliare
3287 3963 3489 4016 studet.

1914 4057 2169 4120 Quintus,
2198 4054 2435 4124 Orpheo,
2469 4056 2723 4120 Homero,
2750 4065 2804 4111 et
2839 4044 3050 4111 caeteris
3080 4056 3169 4127 qui
3204 4064 3328 4110 ante
3367 4053 3492 4107 Pla-

1914 4158 2091 4201 tonem
2143 4150 2598 4213 celebrabantur,
2648 4149 2978 4203 Platonicam
3016 4149 3082 4203 de
3126 4146 3285 4201 modo
3326 4147 3488 4202 dictis

1909 4242 2211 4296 doctrinam
2231 4243 2444 4295 tribuit.
2469 4241 2691 4305 Sextus,
2718 4256 2932 4304 omnes,
2957 4241 3046 4310 qui
3070 4249 3190 4309 post
3207 4239 3487 4293 Platonem

1909 4333 2082 4398 fuere,
2134 4334 2252 4402 ipso
2291 4348 2508 4404 quoque
2559 4332 2855 4388 Aristotele
2895 4332 3141 4401 principe
3184 4342 3485 4401 assumpto,

1911 4441 2080 4495 usque
2107 4427 2173 4479 ad
2196 4426 2542 4480 Ammonium
2578 4424 3026 4486 Alexandrinum,
3062 4422 3214 4492 cujus
3252 4421 3304 4474 in
3327 4420 3486 4474 fanti-

1910 4518 2141 4573 liaribus
2190 4518 2538 4573 celeberrimi
2577 4514 2819 4570 Plotinus
2857 4524 2912 4568 et
2950 4513 3237 4583 Origenes,
3270 4512 3335 4565 ad
3366 4512 3484 4579 bos,

232 4593 520 4662 γνωρίμων
546 4594 595 4647 οί
627 4596 1044 4663 ἐπιφανέστατοι
1083 4602 1345 4665 Πλωτῖνός
1376 4621 1435 4656 τε
1469 4605 1561 4658 καὶ
1591 4607 1807 4676 Ὠριγέ-

1915 4610 2160 4675 inquam,
2217 4625 2389 4679 usque
2432 4608 2676 4663 Platonis
2702 4617 2969 4677 posteros,
2997 4604 3090 4675 qui
3130 4605 3349 4674 quidem
3382 4606 3487 4659 ali.-

232 4696 338 4749 νης,
368 4687 498 4746 τοὺς
542 4682 635 4739 οὖν
682 4688 819 4757 μετά
846 4690 1106 4745 Πλάτωνα
1143 4692 1303 4763 μέχρι
1336 4694 1443 4747 τῶν
1494 4698 1803 4767 εἰρημένων

1912 4703 2049 4770 quod
2084 4702 2185 4756 sibi
2210 4717 2404 4756 nomen
2444 4700 2723 4769 sapientia:
2756 4707 3104 4767 pepererunt,
3141 4696 3385 4764 ejusdem
3419 4697 3499 4749 ad.

233 4770 453 4843 ἀνδρῶν,
488 4777 632 4839 ὅσοις
676 4778 770 4830 ἐπὶ
806 4781 968 4851 σοφίᾳ
994 4781 1216 4849 γέγονεν
1244 4784 1415 4853 ὅνομα
1448 4785 1644 4850 λιπεῖν,
1681 4789 1801 4842 τού-

233 4882 343 4931 τους
384 4872 635 4933 ἃπαντας
677 4874 949 4941 ὁμοδοξεῖν
996 4881 1061 4947 τῇ
1090 4878 1371 4943 Πλάτωνος
1402 4884 1801 4949 κατασκευάζει

234 4960 401 5027 κρίσει
420 5002 435 5025 ,
477 4964 571 5015 καὶ
596 4965 711 5016 ὅσοι
740 4967 948 5039 διιστᾷν
976 4969 1075 5039 τῆς
1102 4972 1387 5039 ὑμοδοξίας
1417 4973 1681 5027 Πλάτωνα
1713 4979 1805 5030 καὶ

243 5048 611 5125 Ἀριστοτέλην
643 5058 1003 5128 ἐπεχείρησαν
1024 5102 1041 5126 ,
1068 5061 1175 5114 τῶν
1201 5064 1418 5129 φαύλων
1445 5083 1504 5118 τε
1540 5068 1633 5119 καὶ
1665 5069 1801 5121 ἀπο-

231 5144 501 5210 τροπαίων
524 5145 726 5215 τίθησι,
758 5150 929 5203 πολλά
956 5168 1016 5203 τε
1038 5152 1288 5207 νοθεῦσαι
1313 5155 1420 5210 τῶν
1442 5158 1804 5211 Πλατωνικῶν

233 5229 415 5301 λόγων,
435 5238 615 5292 καίτοι
635 5241 893 5296 Πλάτωνα
910 5244 1226 5300 διδάσκαλον
1246 5250 1721 5321 ἐπιγραφομένους
1735 5253 1801 5320 ³⁷,

1907 4809 2072 4847 unum
2107 4809 2300 4848 omnes
2318 4809 2439 4847 cum
2467 4792 2694 4845 Platone
2720 4805 2843 4845 esse
2867 4790 3170 4852 sententiae,
3196 4803 3499 4858 argumen~

1907 4888 1979 4941 tis
2004 4890 2216 4957 probat.
2264 4886 2421 4953 Quod
2461 4886 2507 4939 si
2557 4886 2650 4955 qui
2696 4884 3103 4940 consentientes
3147 4880 3393 4935 Platonis
3431 4889 3488 4935 et

1913 4979 2222 5034 Aristotelis
2260 4978 2545 5048 opiniones
2578 4977 2839 5031 dirimere
2858 4976 3097 5047 aggressi
3126 4974 3351 5039 fuerint,
3388 4989 3485 5031 eos

1912 5083 1968 5126 et
2004 5073 2158 5126 nihili
2202 5072 2474 5137 homines,
2503 5081 2558 5125 et
2590 5069 2873 5138 fugiendos
2902 5069 3114 5124 statuit.
3146 5067 3312 5123 Multa
3343 5069 3488 5122 insu-

1912 5176 2009 5230 per
2034 5160 2435 5217 Platonicorum
2466 5162 2793 5230 scriptorum
2827 5161 3169 5216 adulterasse
3201 5176 3295 5215 eos
3320 5160 3484 5214 etiam

1912 5254 2003 5324 qui
2030 5255 2172 5309 hunc
2203 5254 2305 5308 sibi
2350 5265 2735 5325 praeceptorem
2772 5254 3129 5321 ascriberent,
3179 5264 3238 5308 ut
3283 5254 3485 5307 etAri-

1504 5386 1735 5443 VARIIE
1778 5390 2187 5446 LECTIONES.

319 5495 798 5581 ’ζαρυσλτάτων-ς.
864 5503 1220 5581 βίαὺτῷοέιι..
1257 5505 1321 5556 Α.
1399 5504 1577 5581 κούδ’
1604 5508 1677 5559 A:
1717 5508 1808 5560 ὁδ’
1840 5526 1903 5573 ς.
1973 5510 2017 5540 ³³
2042 5508 2334 5581 βαλόμενος
2366 5512 2429 5563 Λ.

239 5563 293 5614 Α.
346 5566 389 5598 ³⁸
422 5571 681 5641 ἐπιϐολήν
724 5558 1017 5627 Bentleius.
1053 5558 1064 5574 ⁸
1124 5575 1164 5605 ³⁷
1196 5575 1631 5645 ἐπιγραφόμενος

2530 5507 2575 5540 ³⁸
2607 5507 3009 5579 ἀπερίτρεπτον
3036 5525 3098 5572 ς.
3167 5507 3211 5541 ³⁸
3245 5502 3346 5575 μὲν
3373 5513 3483 5554 0m-

1695 5687 1922 5744 NOT/E.

306 5800 413 5865 (21)
452 5798 493 5853 E
523 5815 754 5871 quorum
809 5800 980 5854 tribus
1028 5800 1215 5868 primis
1250 5812 1504 5871 excerpta
1564 5804 1809 5873 quaedam
1842 5806 2145 5863 oderantur
2174 5808 2302 5862 iul'r.
2342 5807 2464 5863 cod.
2496 5806 2623 5862 202.
