3940 6412
543 355 648 417 707
1703 353 1967 417 PHOTII
2005 355 2509 417 PATRIARCHAE
2545 356 2653 417 cp.
3645 379 3729 444 708

549 468 922 528 stotelicorum
951 481 1178 537 cperum
1196 481 1312 533 eos,
1335 466 1426 537 qui
1447 482 1505 523 se
1536 467 1698 539 hujus
1721 480 1928 539 partem
1950 471 2105 525 maxi-

2222 469 2483 533 ὡσαύτως
2513 470 2681 523 δὲκαὶ
2706 468 2813 525 τῶν
2836 468 3284 541 Ἀριστοτελικῶν
3313 480 3618 549 γραμμάτων
3632 497 3731 554 τοὺς

549 564 621 618 mi
666 562 846 617 faccre
884 560 1272 629 proﬁterentur
1302 576 1318 616 :
1346 576 1451 615 non
1487 560 1649 614 aliam
1713 560 1766 615 id
1818 562 2004 631 utique
2050 564 2105 616 οι

2220 563 2320 633 τὴν
2351 563 2561 615 ἐκείνου
2612 562 2804 633 μερίδα
2835 564 3003 635 τιμᾷν
3029 562 3446 633 ὁμολογοῦντας·
3476 576 3557 629 καὶ
3580 579 3636 632 δι’
3658 586 3731 638 οὺ-

546 668 791 719 causam,
840 667 1002 721 quam
1039 663 1098 707 ut
1143 653 1489 708 committere
1529 655 1672 707 inter
1718 668 1778 708 se
1826 653 2105 723 Stagiriter

2219 656 2308 711 δέν
2351 658 2538 728 ἕτερον
2574 657 2786 720 τούτοις
2819 657 2887 711 τά
2914 656 3139 712 τοιαῦτα
3167 662 3587 736 μεμηχανῆσθαι,
3617 675 3645 745 ἢ
3672 678 3733 730 ενι

548 755 715 812 atque
743 743 1013 797 Aristonis
1038 742 1203 795 lilium
1232 750 1474 812 possent.
1504 741 1782 812 Septimus
1814 743 2105 812 liber,pro-

2221 748 2397 820 ἔχοιεν
2424 749 2745 823 συγκρούειν
2770 750 2862 805 τὸν
2895 752 3248 822 Σταγειρίτην
3270 754 3399 824 πρὸς
3420 755 3504 810 τὸν
3519 741 3736 831 apum.

545 838 667 905 prio
714 835 818 890 sibi
868 845 1087 901 sumpto
1126 844 1471 904 argumento,
1515 838 1581 891 de
1612 836 1881 891 Ammonii
1931 852 2123 902 supra-

547 928 736 996 scripti
758 928 1135 997 Disputatioue
1155 928 1397 983 studiose
1414 930 1655 994 disserit,
1682 940 1847 996 utque
1872 927 2120 983 Plotinus

540 1032 599 1075 et
633 1017 915 1089 Origenes,
972 1023 1080 1074 imo
1108 1031 1162 1074 et
1186 1020 1520 1092 Porphyrius
1554 1031 1717 1090 atque
1758 1020 2116 1085 Jambliclms,

542 1121 599 1166 et
621 1114 874 1182 deinceps
907 1113 1099 1168 ordine
1142 1114 1349 1178 caeteri,
1386 1113 1476 1182 qui
1522 1113 1702 1167 divina
1752 1112 2122 1183 (quemadmo-

545 1205 673 1257 dum
713 1205 831 1273 ipse
865 1206 1081 1273 quidem
1120 1204 1381 1273 loquitur)
1417 1204 1766 1272 generatione
1812 1214 1938 1259 sunt
1962 1205 2114 1270 editi,

544 1310 720 1365 usque
750 1298 816 1349 ad
859 1295 1210 1351 Plutarchum
1269 1296 1698 1359 Atheniensem,
1749 1313 1907 1366 quem
1955 1299 2115 1351 etiam

541 1398 821 1442 auctorem
871 1390 1054 1442 talium
1112 1394 1226 1456 ipse
1276 1390 1520 1443 nominat
1561 1389 1892 1458 dogmatum,
1928 1397 2005 1453 ut,
2036 1392 2119 1442 in-

538 1493 728 1545 quam,
763 1479 814 1532 hi
851 1496 1041 1535 omnes
1084 1489 1323 1551 purgata:
1366 1479 1609 1535 Platonis
1646 1481 2001 1551 philosophia:
2028 1481 2116 1537 ad-

541 1571 668 1624 dicti
697 1573 824 1626 sint.

613 1662 730 1730 Ipsa
777 1678 905 1716 vero
942 1664 1101 1730 hujus
1135 1665 1374 1719 auctoris
1415 1666 1582 1721 dictio
1611 1666 1890 1736 perspicua
1933 1674 2018 1719 est
2051 1681 2115 1719 ac

540 1768 693 1820 pura,
746 1762 801 1807 et
831 1755 1261 1823 philosoplticum
1319 1757 1518 1810 decens
1577 1757 1860 1811 studium:
1895 1757 2108 1812 tametsi

544 1842 735 1913 173!»
785 1845 980 1899 fucatis
1018 1855 1071 1899 et
1103 1848 1523 1914 supervacaneis
1550 1848 1844 1913 coloribus.
1880 1859 1976 1902 aut
2011 1848 2107 1903 be-

539 1950 607 1989 ne
627 1935 839 1989 dicendi
867 1942 1132 1991 varietate
1162 1952 1267 1990 nou
1295 1947 1612 1991 exornetur.

1221 2024 1427 2081 CCXV.

543 2114 771 2170 Ioannes
831 2116 1161 2188 Philoponus
1240 2120 1442 2174 Contra
1498 2118 1789 2174 Jamblichi
1847 2136 1975 2175 onus
2033 2120 2109 2174 De

1171 2190 1498 2245 simulacris.

608 2279 735 2347 Legi
782 2278 1008 2334 Joannis
1052 2292 1414 2351 cognomento
1458 2282 1739 2353 PliilOponi
1768 2282 1963 2337 librum
1994 2283 2107 2336 Ad-

2220 858 2328 905 νος.
2347 841 2403 894 '0
2431 842 2486 894 δὲ
2519 842 2565 907 ζ’
2591 841 2747 912 λόγος
2793 844 2968 915 ἀρχὴν
3004 845 3139 898 ἰδίαν
3175 845 3595 919 ὑποστησάμενος
3634 862 3736 926 περὶ

2219 937 2316 1004 τῆς
2372 935 2654 1006 διατριϐῆς
2720 936 2813 990 τοῦ
2874 938 3274 1008 προειρημένου
3330 937 3614 1011 Ἀμμωνίου
3659 951 3738 1021 τὴν

2221 1027 2457 1099 σπουδὴν
2489 1028 2860 1099 ἀναλαμϐάνει
2880 1044 2895 1059 ⁸
2932 1031 3025 1083 καὶ
3053 1031 3130 1094 ὡς
3155 1031 3418 1096 Πλωτῖνός
3443 1052 3494 1088 τε
3518 1038 3600 1091 καὶ
3622 1041 3737 1113 Ὦρι-

2218 1120 2403 1189 γένης,
2444 1122 2538 1175 καὶ
2568 1126 2674 1193 μὴν
2704 1124 2798 1176 καὶ
2832 1123 3138 1193 Πορφύριος
3163 1125 3257 1177 καὶ
3290 1124 3577 1197 Ἰάμϐλιχος
3606 1136 3740 1189 καὶοί

2217 1212 2437 1283 ἐφεξῆς,
2461 1215 2576 1267 ὅσοι
2598 1214 2697 1285 τῆς
2725 1217 2874 1285 ἱερᾶς
2904 1215 3000 1285 (ὡς
3021 1216 3183 1279 αὑτός
3204 1217 3357 1286 φησι)
3387 1223 3563 1285 γενεᾶς
3586 1223 3740 1294 ἔτυχον

2217 1308 2446 1375 φύντες,
2482 1308 2586 1371 ἓως
2616 1309 2962 1379 Πλουτάρχου
2992 1309 3086 1363 τοῦ
3111 1309 3413 1381 Ἀθηναίου,
3444 1312 3500 1365 ὃν
3528 1317 3609 1368 καὶ
3630 1319 3741 1370 καθ-

2214 1399 2426 1471 ηγητὴν
2454 1400 2618 1454 αὑτοῦ
2634 1401 2677 1433 ³⁸
2718 1400 2826 1454 τῶν
2867 1400 3121 1454 τοιούτων
3150 1403 3452 1472 ἀναγράφει
3478 1405 3738 1476 δογμάτων,

2215 1486 2360 1546 οὗτοι
2396 1492 2598 1557 πάντες
2614 1496 2677 1565 τῇ
2700 1493 2983 1558 Πλάτωνος
2999 1493 3333 1564 διακεκαθαρ
3342 1497 3471 1568 μένῃ
3502 1500 3742 1571 συνᾴδουσι

2216 1586 2522 1656 φιλοσοφίᾳ.

2289 1674 2523 1728 Ἐστιδέ
2548 1675 2580 1746 ἡ
2610 1677 2811 1746 φράσις
2836 1674 2914 1746 τῷ
2944 1675 3096 1748 ἀνδρὶ
3123 1678 3302 1747 σαφὴς
3332 1678 3427 1746 μὲν
3455 1680 3544 1731 καὶ⁵
3564 1681 3744 1753 καθαρὰ

2214 1766 2309 1820 καὶ
2344 1767 2546 1838 σπουδῇ
2584 1766 2856 1838 φιλοσόφῳ
2888 1769 3170 1840 πρέπουσα
3189 1810 3203 1834 ,
3236 1770 3297 1822 οὐ
3328 1772 3433 1840 μήν
3460 1788 3519 1839 γε
3546 1776 3645 1836 τοῖς
3668 1793 3743 1827 κε-

2211 1858 2681 1927 καλλωπισμένοις
2701 1861 2793 1913 καὶ
2816 1864 3092 1930 περιττοῖς
3109 1862 3511 1934 ἐξωραῖζομένη
3527 1865 3743 1936 χρώμασι

2209 1967 2270 2002 τε
2297 1953 2389 2004 καὶ
2424 1953 2743 2023 ποικίλμασι
2772 1953 2870 2023 τῆς
2906 1954 3207 2024 ῥητορείας.

2926 2046 3069 2099 ΣΙΕ’.

2224 2134 2504 2189 Ἰωάννου
2536 2137 2876 2192 Φιλοπόνου
2908 2138 3070 2191 Κατὰ
3088 2136 3195 2203 τῆς
3218 2137 3491 2205 σπουδῆς
3521 2139 3743 2208 Ἰαμόλί-

2562 2226 2676 2276 χου
2708 2210 2845 2276 Περὶ
2875 2211 2995 2262 τῶν
3019 2210 3397 2277 ἀγαλμάτων.

2280 2301 2620 2372 Ἀνεγνὼσθη
2674 2303 2920 2358 Ἰωάννου
2983 2305 3076 2359 τοῦ
3123 2306 3413 2358 Φιλοπόνου
3463 2306 3611 2360 Κατὰ
3656 2306 3744 2373 τῆς

534 2391 712 2430 versus
748 2372 1037 2427 Jamblichi
1079 2391 1208 2442 opus
1249 2376 1394 2445 quod
1431 2375 1504 2429 De
1559 2376 1859 2430 simulacris
1905 2378 2105 2431 inscri-

2208 2396 2486 2465 σπουδῆς
2516 2399 2880 2467 Ἰαμϐλίχου,
2909 2400 2975 2470 ἦν
3023 2399 3301 2470 ἐπέγραψε
3336 2399 3470 2467 Περὶ
3515 2399 3744 2467 ἀγαλμὰ-

533 2467 661 2537 psit.
689 2464 897 2534 Scopus
927 2477 1104 2519 autem
1123 2464 1429 2522 Jamblicho
1453 2468 1761 2537 propositus
1790 2478 1892 2533 est,
1920 2479 2105 2525 osten-

533 2558 687 2620 dere,
738 2571 859 2609 cum
916 2556 1101 2610 divina
1161 2572 1283 2613 esse
1317 2558 1454 2612 idola
1488 2558 1634 2628 (nam
1685 2560 1787 2615 ista
1819 2561 2003 2631 etiam;
2032 2564 2105 2618 si-

534 2646 762 2701 mulacri
785 2646 1003 2700 nomine
1019 2647 1441 2718 complectitur),
1469 2658 1578 2702 tum
1598 2652 1885 2718 praesentia
1909 2653 2103 2706 Nurni-

536 2742 621 2796 nis
685 2740 884 2795 referta
925 2756 938 2792 :
978 2755 1083 2793 non
1129 2740 1302 2794 solum
1349 2758 1470 2810 qua:
1526 2744 1807 2799 hominum
1857 2748 2106 2803 manibus

531 2831 740 2886 occulta
774 2832 1006 2899 quadam
1031 2840 1148 2884 arte
1175 2829 1463 2897 fabricata,
1482 2834 1550 2888 ob
1576 2834 1908 2903 incognitum
1941 2839 2102 2893 nimi-

532 2936 651 2973 rum
684 2921 948 2973 artiticem
982 2920 1123 2973 ctelo
1152 2921 1374 2991 delapsa
1407 2926 1759 2980 nominentur
1792 2927 1929 2998 (haac
1957 2932 2101 2983 enim

530 3020 586 3065 et
615 3012 851 3066 caelestis
881 3025 1003 3065 esse
1032 3021 1257 3087 naturae,
1283 3022 1339 3067 et
1367 3014 1489 3069 inde
1514 3015 1568 3069 in
1593 3025 1789 3071 terram
1817 3020 2101 3087 decidisse,

529 3103 674 3156 unde
694 3106 855 3157 etiam
878 3104 989 3157 sint
1005 3104 1195 3157 merita
1220 3084 1721 3177 nomenlaccipere),
1736 3123 1922 3163 verum
1939 3111 2101 3165 etiam

529 3208 862 3263 quaecunque
896 3194 1154 3249 fundendi
1180 3204 1315 3261 arte,
1347 3209 1398 3249 et
1417 3169 1715 3267 sccl-pendi
1746 3210 1907 3272 atque
1938 3202 2104 3258 fabri-
2130 3169 2171 3227 Ο

528 3286 569 3339 li
603 3295 748 3339 certa
779 3285 940 3338 simul
974 3286 1225 3339 mercede
1248 3293 1302 3340 et
1322 3302 1484 3354 opera
1515 3288 1609 3360 [ab
1634 3291 2106 3364 artiﬁcibus]con-

530 3377 767 3429 formata
800 3384 1003 3429 essent.
1043 3374 1244 3428 Horum
1277 3377 1438 3446 igitur
1471 3381 1717 3435 omnium
1744 3396 1907 3451 opera
1940 3394 2106 3437 natu-

532 3481 645 3520 ram
683 3467 969 3535 excedere,
1018 3475 1073 3520 et
1114 3467 1398 3524 hominum
1438 3472 1694 3540 Opinione
1740 3474 1952 3543 majora
1985 3490 2105 3530 esse

526 3556 867 3613 Jamblichus
898 3560 1123 3628 scribit;
1146 3562 1309 3615 multa
1330 3563 1528 3630 partim
1548 3564 1885 3621 incredibilia
1902 3568 2102 3621 efabu-

532 3651 597 3704 lis
622 3652 895 3707 narrando
920 3692 938 3719 ,
974 3654 1170 3722 partim
1195 3653 1249 3706 in
1274 3656 1537 3711 obscuras
1565 3672 1760 3713 causas
1794 3660 2100 3726 referendo,

529 3743 727 3811 partim
775 3744 939 3796 etiam
976 3756 1165 3799 contra
1200 3758 1361 3815 atque
1385 3747 1558 3805 oculis
1603 3760 1915 3820 cernantur,
1964 3755 2105 3807 suri-

529 3836 661 3888 bere
696 3835 833 3888 nihil
870 3839 1181 3890 metuendo.
1205 3840 1352 3905 Opus
1378 3843 1647 3911 integrum
1681 3844 1816 3897 duas
1845 3844 1893 3896 in
1923 3856 2104 3912 partes

529 3938 704 3983 secat.
743 3927 1108 4001 Majoremque
1135 3931 1388 3997 alteram,
1434 3933 1663 3989 alteram
1710 3936 1968 3991 Minorem
2008 3955 2102 3993 no-

529 4022 722 4074 minat.
765 4020 1071 4091 Utramque
1118 4021 1451 4093 Philoponus
1498 4040 1796 4096 oppugnat,
1843 4043 2104 4087 consueto

528 4110 794 4166 orationis
842 4127 1040 4181 genere
1087 4128 1241 4177 usus,
1293 4116 1421 4183 quin
1467 4126 1522 4168 et
1555 4120 2000 4187 compositionem
2035 4124 2101 4176 ad

530 4202 746 4257 solitam
792 4203 895 4256 sibi
940 4203 1167 4258 formam
1201 4206 1485 4275 adaptatis.
1519 4208 1565 4261 Α
1596 4225 1733 4280 puro
1762 4214 1904 4265 enim
1937 4224 1991 4267 et
2019 4215 2100 4268 di-

528 4294 708 4348 lucido
740 4308 843 4346 non
871 4296 1075 4349 recedit
1107 4314 1119 4349 :
1158 4312 1331 4365 neque
1358 4309 1536 4354 tamen
1578 4302 1843 4372 elegantia
1880 4313 1934 4359 et
1967 4306 2103 4359 Atti-

526 4399 590 4439 ca
625 4385 804 4451 phrasi
841 4396 1141 4440 exornatus
1166 4387 1322 4442 nitet.
1355 4387 1649 4445 Rationum
1680 4394 2098 4461 praetereaJam-

529 4475 696 4529 blichi
747 4475 1203 4544 reprehensiones
1231 4492 1365 4533 sane
1396 4496 1710 4548 generosas,

527 4580 743 4634 quoque
780 4576 1129 4633 penetrantes
1161 4583 1363 4624 causas
1395 4570 1707 4641 frequenter
1732 4575 1823 4628 tibi
1849 4576 2097 4643 exhibet;

528 4687 666 4741 quas
694 4673 967 4727 interdum
1007 4673 1294 4742 superﬁcie
1338 4684 1494 4727 tenus
1531 4682 1735 4727 tantum
1771 4674 2100 4739 refellentes,

531 4774 588 4817 et
636 4765 703 4818 ad
764 4765 878 4818 sola
928 4766 1149 4819 nomina
1192 4764 1412 4827 relatas,
1462 4763 1783 4834 longiusque
1814 4782 1842 4819 a
1876 4781 1936 4820 re
1974 4784 2103 4822 con-

535 4870 778 4912 troversa
817 4859 1133 4912 recedentes
1179 4854 1419 4928 [θῆρε-ις]
1443 4856 1601 4909 etiam
1632 4873 1751 4910 cum
1786 4859 1897 4914 haec
1925 4862 2105 4923 redar-

530 4947 713 5015 guenti
748 4948 902 5000 valde
937 4957 1021 5000 est
1060 4947 1313 5010 obnoxia,
1343 4955 1399 4998 et
1437 4959 1531 5014 per
1568 4960 1630 5001 se
1673 4948 2096 5007 imbecillitatem

528 5052 683 5093 suam
708 5039 904 5108 prodit.

1202 5135 1428 5192 CCXVI.

976 5225 1208 5281 Oribasii
1238 5230 1428 5283 medici
1466 5248 1642 5296 Opera.

598 5314 728 5385 Legi
784 5315 1054 5370 volumina
1108 5328 1379 5387 quatuor,
1428 5324 1626 5390 quibus
1665 5325 1929 5379 medicam
1985 5343 2096 5380 rem

527 5407 810 5465 Oribasius
846 5407 959 5477 (ἓξ)
1007 5424 1037 5462 a
1098 5424 1157 5464 se
1197 5414 1551 5481 compositam
1599 5419 1913 5487 complexus
1962 5432 2091 5475 est:

2206 2492 2510 2544 των.”Εστι
2541 2492 2639 2562 μὲν
2668 2488 2761 2545 οὖν
2788 2496 2814 2545 ό
2842 2494 3041 2555 σκοπὸς
3062 2492 3358 2562 Ἰαμὸλίχῳ
3392 2492 3507 2545 θεῖά
3534 2510 3587 2544 τε
3606 2492 3744 2555 δεῖξαι

2205 2582 2275 2635 τὰ
2303 2583 2498 2637 εἴδωλα
2534 2584 2745 2655 (ταῦτα
2791 2585 2899 2655 γὰρ
2947 2585 3239 2638 ὑποϐάλλει
3289 2585 3367 2654 τῷ
3419 2585 3625 2653 ὀνόματι
3667 2583 3742 2638 τοῦ

2206 2674 2561 2744 ἀγάλματος)
2610 2678 2703 2730 καὶ
2736 2675 2882 2741 θείας
2909 2677 3192 2747 μετουσίας
3224 2677 3491 2739 ἀνάπλεα,
3522 2677 3579 2729 οὐ
3610 2676 3743 2745 μόνον

2206 2766 2308 2819 ὅσα
2356 2770 2537 2837 χεῖρες
2582 2767 2883 2839 ἀνθρώπων
2918 2768 3125 2839 κρυφίᾳ
3157 2769 3356 2839 πράξει
3385 2767 3745 2837 τεχνησάμεναι

2204 2857 2292 2911 διὰ
2337 2860 2397 2912 τὸ
2438 2860 2631 2929 ἄδηλον
2692 2861 2784 2914 τοῦ
2834 2862 3076 2931 τεχνίτου
3133 2862 3358 2932 διοπετῆ
3423 2862 3747 2931 ἐπωνόμασαν

2207 2947 2398 3017 (ταῦτα
2448 2951 2555 3019 γὰρ
2598 2950 2853 3019 οὐρανίας
2881 2968 2941 3004 τε
2974 2952 3189 3020 φύσεως
3232 2948 3376 3004 εἶναι
3411 2953 3649 3005 κάκεῖθεν
3672 2952 3746 3006 ἐπὶ

2205 3041 2307 3110 γῆς
2350 3044 2556 3104 πεσεῖν,
2590 3040 2649 3103 ἐξ
2697 3035 2758 3094 οὗ
2812 3043 2907 3095 καὶ
2953 3043 3052 3113 τὴν
3099 3045 3419 3112 ἐπωνυμίαν
3450 3044 3623 3114 φέρειν
3648 3061 3748 3096 ουν·

2205 3136 2556 3205 εστὴσαντο),
2601 3136 2736 3188 ἀλλὰ
2763 3136 2855 3189 καὶ
2886 3137 2986 3190 ὅσα
3018 3138 3181 3207 τέχνη
3209 3138 3535 3209 χαλκευτικὴ
3581 3156 3633 3190 τε
3672 3140 3748 3190 καὶ

2208 3226 2495 3298 λαξευτικὴ
2523 3228 2614 3280 καὶ
2639 3229 2669 3298 ἡ
2704 3228 2968 3280 τεκτόνων
2996 3229 3085 3281 ἐπὶ
3110 3228 3252 3298 δήλῳ
3292 3229 3470 3299 μισθῷ
3500 3230 3587 3283 καὶ
3614 3231 3751 3300 ἐργα-

2208 3317 2299 3388 σία
2343 3319 2803 3390 διεμορςρώσαντο.
2842 3321 3058 3373 Τούτων
3106 3317 3198 3373 οὖν
3241 3322 3501 3374 ἁπάντων
3543 3320 3666 3390 ἔργα
3700 3338 3749 3373 τε

2206 3412 2457 3483 ὑπερφυῆ
2493 3413 2585 3465 καὶ
2614 3413 2771 3482 δόξης
2811 3412 3159 3482 ἀνθρωπίνης
3200 3413 3484 3483 κρείττονα
3526 3413 3749 3482 γράφειό

2216 3503 2538 3572 Ίάμϐλιχος,
2568 3502 2693 3574 [556
2715 3500 2806 3574 [ι]
2839 3502 3009 3554 πολλὰ
3042 3504 3139 3572 μὲν
3172 3504 3418 3557 ἀπίθανα
3450 3503 3747 3573 μυθολογῶν,

2206 3596 2375 3649 πολλὰ
2401 3596 2456 3647 δὲ
2486 3596 2561 3657 είς
2596 3594 2824 3665 ἀδήλους
2843 3595 2886 3626 ³⁸
2925 3595 3103 3665 φέρων
3134 3595 3313 3657 αἰτίας
3339 3636 3353 3658 ,
3389 3595 3556 3648 πολλὰ
3588 3595 3639 3647 δὲ
3675 3594 3750 3647 καὶ

2204 3692 2315 3751 τοῖς
2348 3690 2646 3759 ὁρωμένοις
2689 3687 2904 3739 ἐναντία
2948 3688 3181 3758 γράφειν
3224 3690 3327 3742 οὐκ
3377 3690 3747 3758 αἰσχυνόμενος,

2206 3782 2300 3843 Et;
2343 3780 2435 3834 δύο
2465 3782 2521 3833 δὲ
2554 3780 2650 3851 τὴν
2693 3780 2876 3845 ὃληνδο
2926 3783 3311 3850 πραγματείαν
3358 3782 3643 3851 διατέμνει,
3672 3783 3751 3849 τὴν

2210 3874 2309 3944 μὲν
2338 3872 2590 3935 Μείζονα
2613 3875 2816 3940 καλῶν,
2836 3874 2931 3945 τὴν
2964 3876 3019 3928 δὲ
3049 3877 3391 3930 Ἐλάττονα.
3427 3877 3562 3929 Καθ’
3587 3874 3751 3928 ἐκατέο

2208 3985 2308 4038 ρας
2353 3968 2408 4020 δὲ
2456 3970 2659 4021 τούτων
2703 3968 2797 4021 καὶ
2843 3970 2871 4020 ὁ
2902 3969 3190 4031 Φιλόπονος
3236 3972 3476 4034 ἵσταται,
3506 3970 3639 4035 λέξει
3672 3968 3752 4038 μὲν

2205 4061 2541 4129 κεχρημένος
2569 4056 2711 4131 ᾗπερ
2738 4060 2939 4127 εἰώθει,
2968 4064 3061 4114 καὶ
3079 4061 3175 4132 τὴν
3205 4062 3483 4133 συνθήκην
3513 4062 3566 4115 δὲ
3590 4062 3662 4121 είς
3679 4058 3751 4109 τὸν

2204 4153 2387 4220 ὅμοιον
2420 4153 2598 4222 ἐαυτῷ
2620 4154 2784 4205 τύπον
2812 4153 3210 4223 ἁρμοζόμενος⁸
3235 4155 3330 4207 τοῦ
3359 4155 3459 4223 μὲν
3483 4154 3584 4224 γὰρ
3612 4152 3755 4206 καθα-

2206 4241 2301 4314 ροῦ
2336 4245 2429 4295 καὶ
2458 4245 2737 4313 εὐκρινοῦς
2768 4244 2893 4315 [⁸286
2928 4244 3018 4316 Η.]
3051 4247 3149 4297 οὐκ
3178 4248 3486 4309 ἀποκλίνει,
3510 4246 3567 4297 ού
3599 4245 3750 4313 μέντοι

2202 4351 2264 4403 γε
2291 4337 2356 4405 τῇ
2394 4334 2575 4400 λογάδι
2612 4337 2706 4389 καὶ
2734 4337 3083 4408 ἁττικιζούσῃ
3122 4338 3320 4407 φράσει
3358 4336 3749 4399 καλλωπίζεται.

2202 4427 2311 4480 Καὶ
2338 4428 2463 4489 τοὺς
2488 4426 2746 4496 ἐλέγχους
2769 4428 2825 4479 δὲ
2855 4428 2961 4480 τῶν
2982 4429 3291 4499 Ἰαμόλίχου
3315 4430 3491 4497 λόγων
3518 4425 3750 4493 πολλαχοῦ

1742 4492 1930 4591 an)“.
1955 4501 2097 4591 sas
2132 4519 2176 4574 D
2209 4518 2307 4588 μὲν
2335 4520 2615 4586 γενναίους
2644 4538 2705 4572 τε
2736 4524 2828 4573 καί
2858 4521 2923 4573 δι’
2947 4522 3125 4574 αὐτῶν
3150 4523 3487 4591 ἐρχομένους
3517 4519 3617 4572 τῶν
3639 4535 3751 4588 πρα-

2198 4612 2423 4679 γμάτων
2455 4613 2839 4679 ἐπιδείκνυσιν,
2874 4614 3042 4666 ἐνίοτε
3076 4616 3132 4667 δὲ
3159 4615 3486 4669 ἐπιπόλαιον
3526 4617 3620 4685 τὴν
3647 4615 3751 4665 ἀνα·

2202 4704 2402 4772 σκευὴν
2449 4704 2711 4774 φέροντας
2757 4707 2850 4758 καὶ¹
2906 4706 3043 4775 πρὸς
3088 4707 3259 4775 ὄνομα
3324 4708 3639 4777 γινομένους
3675 4704 3751 4756 καὶ

2203 4795 2392 4866 πόρρω
2425 4796 2517 4848 τοῦ
2554 4797 2823 4850 ἅπτεσθαι
2862 4798 2965 4851 τῶν
3000 4800 3377 4869 εύθυνομένων
3426 4799 3749 4869 φερομένους.

2202 4882 2379 4935 καίτοι
2430 4884 2629 4955 ῥᾳδίων
2652 4885 2697 4914 ⁸¹
2758 4887 3026 4940 κάκείνων
3077 4889 3213 4958 πρὸς
3259 4890 3487 4959 ἔλεγχον
3527 4886 3750 4955 ἐκκειμέ-

2204 4990 2309 5027 νων
2324 4973 2391 5039 ιι,
2424 4975 2517 5028 καὶ
2542 4976 2599 5042 ἐξ
2623 4977 2828 5029 ἑαυτῶν
2859 4979 3313 5050 προϐαλλομένων
3349 4984 3412 5035 τὸ
3439 4984 3722 5050 ἀνίσχνρονο

2917 5159 3024 5213 ΣΙΕΑ
3057 5200 3069 5213 .

2917 5178 2974 5209 ιιι
3057 5200 3069 5213 .

2688 5178 3055 5315 Ὀρειϐασίῖυ
3073 5252 3301 5314 βιϐλία.

2278 5334 2720 5407 Ἀνεγνώσθησαν
2774 5339 2951 5409 βιϐλία
3000 5342 3063 5404 δ’,
3097 5343 3133 5395 ἃ
3182 5344 3342 5414 τὴνδδ
3399 5339 3755 5413 πραγματεέαν

2209 5426 2459 5498 ἰατρικὴν
2490 5431 2810 5503 Ὀρειόασίῳ
2830 5432 2873 5463 ⁸⁵³
2916 5436 3352 5507 συντεταγμένην
3381 5436 3647 5508 περιεῖχε’
3680 5430 3756 5481 καὶ

1822 5511 2056 5569 VARle
2086 5516 2490 5576 LECTIONES.

598 5594 642 5625 ³⁸
671 5593 834 5648 αὐτοῦ
871 5596 917 5646 Α
943 5594 1131 5656 ιαύτός
1159 5612 1218 5658 ς.

526 5666 719 5720 verim.
784 5666 830 5697 ⁸⁵
854 5664 1150 5735 ὐριὸασίῳ
1180 5666 1245 5721 Α.

1325 5597 1369 5628 ³³
1395 5599 1605 5669 ἀδήλως
1637 5618 1699 5665 ς.
1768 5603 1813 5635 ⁸⁰
1842 5605 1970 5676 ὅλην
2011 5602 2110 5676 ’ἑήν
2140 5628 2200 5674 ς.
2273 5613 2316 5645 δι
2352 5615 2473 5673 libri
2510 5617 2713 5689 ῥᾴδιον.
2797 5620 2841 5652 ’⁵⁸
2874 5620 3208 5691 ἐγκειμένων
3231 5639 3288 5687 ς.

3399 5621 3445 5653 ιι
3474 5620 3569 5691 τὴν
3630 5615 3757 5672 dele-

2029 5745 2253 5803 NOTAE.

596 5827 708 5901 ('22)
739 5830 813 5888 De
854 5832 955 5886 ltoc
989 5833 1194 5904 Eunap.
1224 5843 1276 5889 et
1313 5833 1465 5889 Suid.
1503 5838 1820 5893 meminere.
