4014 6398
201 373 289 435 709

1152 366 1682 427 BIBLIOTHECA.
1719 391 1787 399 —
1814 365 1975 426 COD.
2001 363 2487 425 CCXV-CCXVII

3312 358 3415 422 ’110

199 486 267 538 ιτι
286 482 437 550 ἔτερα
461 478 505 544 ζ’
524 478 712 550 ἀνδρός
737 495 797 532 τε
816 478 909 533 τοῦ
938 479 1102 534 αὐτοῦ
1130 482 1223 535 καὶ
1248 484 1328 546 εις
1358 482 1737 553 παραπλήσιον

1858 481 2053 551 iliaque
2083 491 2344 552 praeterea
2369 491 2597 551 septem,
2628 481 2817 535 eadem
2850 493 2985 547 pene
3018 478 3187 531 forma
3221 478 3288 530 ab
3326 492 3417 530 eo-

198 573 557 642 ὲξενηνεγμένα
570 570 616 602 ⁸⁸
640 570 832 625 τύπον.

235 663 569 732 Ὀρειϐασίου
612 660 895 786 Ἐπιτοιᾶὴ
926 663 1031 749 τοᾷ
1070 663 1359 732 Γαληνοῦ
1381 664 1531 733 πρὸς
1554 668 1704 718 Ἰου-

872 750 1066 786 ιανον.

872 750 1066 788 ιανον.

261 826 319 879 Ἦ
367 824 461 894 μέν
504 823 593 877 οὖν
627 824 820 895 πρώτη
866 827 1069 897 σπουδὴ
1112 826 1189 898 τῷ
1235 827 1408 897 ἀνδρὶ,
1442 826 1477 881 ἃ
1505 827 1742 898 Γαληνὸς

197 918 280 988 μὲν
304 916 529 985 ἔγραψεν
550 917 577 968 ό
608 916 810 985 ἰατρὸς,
843 916 1150 985 συντέμνει,
1169 918 1443 989 Ἰουλιανῷ
1463 919 1519 971 δέ
1543 918 1621 989 τῷ
1640 918 1741 987 τῆς

194 1009 441 1072 εὐσεϐείας
493 1009 776 1082 ἀποστάτῃ
819 1009 1156 1081 ἀναγράφει·
1203 1012 1237 1083 ἢ
1288 1013 1382 1066 καὶ
1434 1012 1741 1083 ἀπάρχεται

193 1100 361 1163 οὕτως’

254 1210 271 1243 ι
302 1188 627 1245 Κελεύσαντί
652 1208 756 1258 σοι,
802 1192 1047 1249 θειότατε
1091 1194 1430 1266 αὐτοκράτορ
1463 1193 1739 1262 ἰουλιανέ,

191 1284 296 1347 τοὺς
320 1282 394 1353 τῷ
424 1284 713 1354 θαυμασίῳ
745 1285 968 1357 Γαληνῷ
996 1287 1298 1358 χρησίμους
1329 1289 1408 1351 εἰς
1437 1289 1535 1357 τὴν
1568 1291 1743 1359 ἰατριυ

192 1376 275 1445 κὴν
322 1375 511 1446 τέχνην
560 1375 981 1446 γεγραμμένους
1034 1376 1225 1444 λόγους
1279 1374 1619 1447 ιιυντεμεῖνδε⁵
1663 1377 1743 1441 είς

190 1467 381 1520 ἔλαττον
403 1507 417 1532 ,
454 1467 751 1538 προθύμως
779 1469 1090 1540 ὑπήκουσα.
1119 1469 1245 1532 Τοῖς
1275 1486 1334 1521 τε
1361 1470 1468 1539 γὰρ
1502 1470 1744 1540 μετιέναι

190 1556 270 1628 τὴν
291 1556 475 1627 τέχνην
508 1557 712 1629 ταύτην
745 1559 1204 1628 προαιρουμένοις
1222 1598 1235 1620 ,
1264 1556 1340 1620 ὼς
1366 1558 1530 1621 αὑτός
1556 1576 1744 1627 φησιν,

190 1649 293 1703 οὔτε
319 1649 371 1703 δὲ
410 1649 626 1720 φύσεως
662 1650 980 1722 ἐπιτηδείως
1001 1651 1069 1716 ⁵⁷,
1087 1650 1200 1704 οὗθ’
1229 1650 1444 1721 ἡλικίας
1473 1650 1747 1720 ἀρμοζξού⁸

191 1758 274 1810 σης
291 1741 634 1811 τετυχηκόσι,
662 1740 923 1803 πολλάκις
946 1741 1004 1794 δὲ
1026 1741 1147 1795 οὐδὲ
1173 1740 1281 1794 τῶν
1309 1740 1540 1810 πρώτων
1566 1740 1747 1810 μαθη-

1844 575 1963 626 dem
2001 573 2168 627 edita.

1844 663 2081 718 Oribasii
2118 664 2306 718 medici
2365 661 2550 744 Caleni
2600 662 2973 727 Compendium
3020 665 3087 714 ad
3137 659 3417 713 lulianum

2467 745 2854 807 ynperatorem.

1916 823 2105 882 Priore
2124 841 2253 895 ergo
2284 826 2582 888 volumine,
2618 840 2738 893 quae
2764 824 2998 879 Galenus
3028 822 3268 877 medicus
3290 837 3421 876 con-

1843 920 2158 987 scripserat,
2197 932 2260 971 ea
2297 918 2385 971 hic
2437 917 2487 969 in
2527 916 2905 984 compendium
2944 914 3159 983 redigit.
3202 912 3415 966 Juliano

1844 1020 2022 1065 autem
2049 1010 2372 1064 Christianae
2396 1009 2673 1079 religionis
2697 1007 2960 1062 desertori
3006 1008 3150 1061 hunc
3175 1007 3415 1060 laborem

1844 1099 2143 1167 inscripsit,
2166 1099 2270 1153 hoc
2309 1097 2421 1152 fere
2447 1114 2577 1151 usus
2610 1096 2878 1164 principio
2907 1114 2921 1150 :

1920 1209 1939 1242 ι
1975 1189 2167 1247 Jussus
2194 1206 2221 1242 a
2258 1200 2330 1253 te,
2359 1188 2707 1243 diveJuliaue
2741 1188 3058 1255 imperator,
3094 1184 3279 1239 Caleni
3318 1184 3420 1237 hoc

1844 1284 2006 1341 minis
2046 1282 2345 1338 admirandi
2380 1280 2641 1350 perutiles
2676 1278 2869 1350 174a
2914 1280 2980 1332 de
3032 1294 3092 1333 re
3126 1279 3329 1331 medica
3368 1276 3425 1327 li-

1844 1377 1970 1432 bros
2000 1375 2066 1429 ad
2097 1373 2355 1444 pauciora
2389 1372 2658 1439 redigere,
2708 1371 2940 1425 libenter
2986 1383 3119 1424 sane
3157 1368 3420 1421 νοιιιιιιειιὶ

1849 1479 1953 1524 tuae
1995 1483 2116 1524 sum
2143 1467 2461 1521 obsecutus.
2494 1464 2565 1519 lis
2604 1465 2748 1519 enim
2795 1465 2885 1534 qui
2924 1464 2990 1518 ad
3025 1464 3169 1517 hanc
3196 1476 3315 1515 sese
3341 1477 3424 1512 ar-

1847 1574 1953 1619 tem
1995 1563 2273 1633 applicare
2309 1562 2515 1625 volent,
2559 1562 2640 1631 (ut
2676 1562 2789 1629 ipse
2826 1560 2948 1631 ait),
2993 1570 3047 1613 et
3088 1569 3276 1611 natura
3314 1558 3422 1609 forr-

1847 1658 1986 1712 sitan
2022 1657 2411 1719 destituuntur,
2444 1669 2619 1723 neque
2651 1664 2831 1721 aptam
2860 1661 2985 1707 sunt
3013 1651 3150 1704 nacti
3184 1660 3419 1710 aetatem,

1850 1764 1914 1802 ne
1946 1747 2219 1815 prioribus
2246 1747 2463 1816 quidem
2491 1758 2864 1814 saepenumero
2897 1741 3201 1810 disciplinis
3223 1739 3422 1792 initiati

194 1832 351 1903 μάτων
379 1833 730 1903 ἀρξαμένοις,
765 1833 861 1886 καὶ¹
905 1832 994 1887 διὰ
1035 1833 1215 1887 ταῦτα
1256 1834 1533 1895 ἀδυνάτως
1562 1833 1746 1903 έχουσι

1858 1837 1931 1906 [ιιι
1963 1836 2031 1889 ob
2061 1850 2155 1889 eas
2184 1850 2379 1889 causas
2411 1832 2584 1887 libros
2626 1831 2746 1886 illos
2775 1831 3007 1885 fusiores
3040 1828 3285 1883 ediscere
3326 1842 3422 1879 ne-

190 1927 295 1988 τοὺς
322 1926 457 1978 κατά
483 1925 716 1991 διέξοδον
762 1925 953 1993 λόγους
1000 1924 1385 1995 ἐκμανθάνειν,
1417 1924 1647 1996 ἀρκέσει
1678 1924 1747 1979 τὰ

192 2016 268 2070 νῦν
302 2016 728 2087 γραφησόμενα,
760 2018 953 2089 χρόνου
1000 2034 1059 2069 τε
1113 2016 1451 2087 βραχυτέρου
1482 2017 1619 2088 πρὸς
1647 2016 1747 2088 τὴν

193 2108 465 2178 ἐκμάθησιν
490 2107 784 2179 χρῄζοντα,
817 2109 913 2161 καὶ
939 2106 1037 2177 τὴν
1068 2109 1253 2179 νόησιν
1284 2109 1682 2180 εύπετεστέραν
1701 2109 1746 2141 ⁸⁸

192 2200 352 2264 ἕξοντα
378 2202 455 2272 τῷ
475 2202 577 2272 τὴν
605 2202 915 2271 συναίρεσιν
941 2203 1021 2264 είς
1051 2200 1415 2271 βραχυλογίαν
1441 2202 1541 2254 οὐκ
1560 2201 1745 2272 ἀσαφῆ

194 2291 513 2362 γενήσεσθαι.
540 2292 668 2354 Τοῖς
710 2309 769 2344 τε
786 2292 829 2324 ⁶⁹
875 2292 934 2343 ὲν
967 2290 1293 2362 προπαιδεία
1338 2291 1746 2360 γεγενημένοις,

194 2385 269 2435 καὶ
297 2385 426 2455 μήτε
463 2384 569 2436 ὑπὸ
604 2383 818 2452 φύσεως
864 2384 1002 2453 μήτε
1054 2382 1273 2450 ἡλικίας
1323 2381 1615 2435 κωλυθείσι
1659 2399 1748 2435 τε·

194 2478 336 2542 λείαις
378 2478 685 2550 χρήσεσθαι
736 2480 855 2540 ταῖς
905 2476 1298 2539 διδασκαλίαις,
1330 2475 1562 2546 ἁρμόζοι
1603 2474 1669 2528 ἂν
1712 2476 1746 2547 ἠ

195 2569 383 2640 τοιαύτη
415 2569 642 2639 σύνοψις
673 2571 757 2621 ἐπ’
780 2569 958 2623 αὐτῶν
989 2567 1093 2621 τῶν
1125 2567 1301 2637 ἔργων
1322 2568 1419 2638 τῆς
1444 2568 1542 2638 μὲν
1564 2568 1750 2638 χρείας

198 2662 512 2732 ἐπειγούσης,
549 2664 610 2713 ἐν
642 2661 835 2732 βραχεῖ
857 2660 913 2713 δέ
943 2660 1040 2729 τῆς
1063 2658 1420 2730 ἀναμνήσεως
1446 2658 1555 2711 τῶν
1582 2661 1751 2725 ἀναγ-

196 2756 465 2808 καιοτάτων
488 2754 810 2823 γενομένης.
846 2771 865 2804 ι

250 2846 391 2900 Οὕτω
422 2846 521 2917 μὲν
568 2848 598 2899 ὁ
620 2844 959 2916 Ὀρειϐάσιος
994 2845 1051 2896 ἐν
1087 2841 1260 2913 ταύτῃ
1290 2844 1355 2913 τῇ
1398 2840 1755 2913 πραγματείᾳ

197 2939 608 3009 προοιμιάζεται,
634 2937 1004 3007 ὑποσχόμενος
1031 2937 1217 2988 ἐκεῖνα
1241 2936 1376 3004 μόνα
1402 2938 1750 3003 συναγαγεῖν,

195 3028 225 3081 ἀ
245 3029 339 3082 τῶν
362 3030 709 3100 ἀρεσκόντων
741 3029 856 3081 ἐστὶ
883 3026 960 3098 τῷ
984 3027 1140 3097 ιίινδρ)⁵
1166 3028 1261 3078 καὶ
1289 3026 1425 3096 πρὸς
1455 3027 1552 3098 τὴν
1582 3028 1755 3097 ἰατρι-

202 3121 284 3189 κὴν
306 3122 478 3192 ἀφορᾷ
509 3120 712 3189 τέχνην
752 3135 813 3171 τε
860 3119 954 3171 καὶ
983 3118 1084 3184 τῆς
1114 3116 1312 3186 τέχνης
1359 3116 1751 3188 μεταχείρισιν.

200 3211 474 3283 Πεπόνηται
504 3212 566 3265 δὲ
600 3210 749 3282 αὑτῷ
776 3211 811 3281 ή
844 3209 1067 3280 τοιαύτη
1100 3207 1303 3278 σπουδὴ
1336 3211 1393 3261 ἐν
1421 3208 1689 3279 λόγοις....

879 3302 1024 3354 ΣΙΖ’.

202 3386 294 3442 Ταῦ
338 3390 520 3445 αὐτοῦ
553 3392 932 3461 Πραγματεία
971 3393 1042 3445 ἐν
1080 3394 1284 3464 λόγοις
1319 3391 1752 3462 ἑϐδομήκοντα.

263 3480 321 3534 Ἦ
347 3482 401 3536 δὲ
422 3483 659 3555 δευτέρα
691 3484 1046 3555 πραγματεία
1066 3484 1338 3556 Ἰουλιανῷ
1368 3486 1466 3556 μὲν
1496 3487 1590 3539 καὶ
1617 3485 1755 3555 αὑτὴ

196 3571 275 3643 τὴν
304 3576 688 3647 προσφώνησιν
722 3579 977 3643 ποιεῖται,
1006 3579 1063 3630 ἐν
1095 3576 1196 3629 ο¹⁵⁰
1228 3576 1285 3629 δέ
1321 3577 1637 3646 περαίνεται
1667 3576 1757 3629 λό-

197 3682 310 3733 γοις,
338 3670 427 3722 καὶ
454 3669 515 3722 τὸ
542 3671 814 3741 χρήσιμον
838 3670 939 3723 οὐκ
970 3669 1216 3734 ἔλαττον,
1250 3668 1388 3723 ἀλλὰ
1428 3671 1521 3723 καὶ
1555 3670 1756 3739 μᾶλλον

198 3759 224 3829 ἢ
246 3762 276 3830 ὴ
300 3763 535 3833 προτέρα
563 3761 659 3814 τοῦ
686 3762 1015 3832 πολυστίχου
1051 3762 1372 3832 παρέχεται.
1401 3760 1760 3832 Προοιμιάζε-

196 3869 267 3905 τοι
312 3856 365 3908 δέ
410 3858 505 3909 καὶ
543 3855 684 3926 αὕτη
725 3855 914 3910 τοῦτον
963 3856 1056 3909 τὸν
1100 3857 1303 3926 τρόπον
1333 3871 1350 3888 ⁸

254 3941 363 4012 [557
382 3945 471 4019 ἢ]
500 3946 645 4010 «Τὰς
662 3947 1365 4018 προσταχθείσαςέπιτομάς
1383 3946 1643 4018 παρὰτῆς
1661 3948 1758 4017 σῆς

198 4033 460 4109 θειότητος,
495 4039 842 4109 αὐτοκράτορ
868 4039 1146 4104 Ἰουλιανὲ,
1162 4041 1444 4110 πρότερον,
1469 4040 1634 4109 ἡνίκα
1654 4040 1762 4093 διε-

197 4128 420 4200 τρίϐομεν
443 4133 503 4185 ἐν
530 4131 771 4202 Γαλατία
793 4135 860 4203 τῇ
902 4133 1037 4203 πρὸς
1064 4134 1322 4205 ἐσπέραν,
1355 4134 1434 4197 είς
1456 4134 1605 4197 τέλος
1623 4134 1761 4203 ἧγα-

196 4234 273 4286 γον
290 4222 461 4287 καθὼς
472 4222 804 4294 ησουλήθης,
824 4223 889 4288 ἀς
901 4243 1051 4288 τινας
1067 4228 1131 4278 ἐκ
1149 4226 1323 4295 μόνων
1340 4228 1449 4282 τῶν
1470 4227 1573 4280 ὑπὸ
1589 4228 1763 4298 Γαλη-

196 4308 269 4360 νοῦ
288 4315 603 4382 γραφέντων
626 4315 989 4386 ἐποιησάμην.
1008 4314 1227 4386 Ἐπειδὴ
1248 4317 1303 4369 δέ
1318 4317 1613 4381 ἐπαινέσας
1633 4316 1765 4370 ταύ-

194 4414 273 4463 τας
300 4402 554 4473 δευτέραν
578 4403 847 4470 ἐπέταξας
879 4405 1100 4475 πρᾶξιν,
1138 4406 1352 4459 πάντων
1386 4406 1494 4460 τῶν
1524 4407 1762 4477 ἀρίστων

196 4491 374 4562 ἀνδρῶν
421 4497 845 4568 ἀναζητήσαντά
898 4514 966 4567 με
1010 4499 1080 4552 τὰ
1123 4500 1464 4571 καιριώτατα
1522 4517 1761 4569 συναγα-
1790 4532 1838 4591 D

197 4587 340 4647 γεῖν⁸¹
372 4592 467 4643 καὶ
495 4591 679 4645 πάντα
710 4590 811 4643 ὅσα
845 4590 1172 4662 χρησιμεύει
1199 4592 1336 4662 πρὸς
1364 4592 1427 4646 τὸ
1454 4593 1585 4646 αὐτὸ
1608 4594 1761 4657 τέλος

196 4678 278 4746 τῆς
324 4682 601 4753 ἰατρικῆς,
642 4680 926 4736 καὶτοῦτο
954 4684 1216 4755 πράττειν
1250 4685 1327 4747 ὡς
1373 4680 1486 4746 οἷός
1533 4685 1593 4736 τέ
1641 4687 1756 4754 εἰμι

199 4768 466 4841 προθύμως
504 4772 804 4841 διέγνωκα.
838 4773 1100 4845 Περιττδν
1138 4773 1195 4826 δὲ
1240 4774 1463 4843 νομίσας
1499 4769 1762 4827 εἶναικαὶ

200 4864 449 4927 παντελῶς
483 4864 682 4934 εὔηθες
713 4865 774 4917 τὸ
798 4865 1097 4936 ἐγγράφειν
1120 4864 1191 4918 τά
1219 4865 1360 4919 αὐτά
1383 4865 1641 4928 πολλάκις
1665 4867 1759 4918 καὶ

198 4950 287 5003 τῶν
333 4954 530 5025 ἄριστα
585 4957 1015 5027 συγγραψάντων
1066 4956 1162 5010 καὶ
1214 4957 1323 5009 τῶν
1368 4956 1442 5028 μὴ
1471 4956 1671 5027 ὁμοίως
1695 4957 1756 5009 τὸ

200 5045 398 5115 ἀκριϐὲς
428 5050 991 5121 ὲξεργασαμένων⁵⁸,¹
1022 5049 1158 5121 μόνα
1195 5049 1265 5103 τά
1295 5051 1402 5102 τῶν
1431 5049 1652 5119 ἄμεινον
1681 5050 1758 5100 εί·-

201 5135 383 5194 πόντων
410 5144 651 5207 συνάξω,
683 5141 849 5213 μηδὲν
880 5135 956 5195 ὧν
988 5140 1229 5211 Γαληνὸς
1254 5136 1375 5193 εἷπε
1408 5137 1755 5211 παραλιπὼν,

1847 1932 2070 1998 queant)
2114 1927 2387 1982 suﬁicient
2440 1940 2560 1994 quae
2606 1925 2717 1993 jam
2772 1923 3082 1977 scribentur
3135 1939 3150 1974 :
3194 1936 3313 1974 cum
3368 1928 3425 1972 et

1850 2030 2092 2089 tempore
2119 2030 2316 2090 egeant
2340 2020 2407 2072 ad
2433 2016 2781 2073 ediscendum
2818 2014 3086 2075 breviore,
3120 2022 3173 2067 et
3203 2026 3422 2066 sensmn

1849 2113 2250 2187 habitura‘sint
2302 2111 2643 2176 faciliorem;
2676 2110 2895 2178 quando
2952 2107 3003 2158 in
3055 2120 3224 2173 pauca
3262 2103 3422 2155 verba

1850 2207 1955 2261 hoc
1976 2206 2357 2275 compendium
2386 2204 2551 2256 vitata
2580 2201 2795 2255 interim
2822 2196 3184 2260 obscuritate,
3216 2193 3427 2262 redige—

1852 2308 1958 2351 tur.
1994 2296 2089 2351 His
2118 2312 2246 2351 vero
2275 2296 2367 2365 qui
2412 2292 2847 2365 praecedentibus
2887 2290 3211 2345 medicinam
3250 2287 3428 2341 scien-

1852 2388 1944 2442 tiis
1970 2387 2196 2449 exculti,
2241 2401 2419 2454 neque
2445 2398 2541 2453 per
2567 2394 2844 2445 naturam,
2881 2394 3059 2448 neque
3093 2392 3190 2447 per
3207 2385 3426 2432 aetatem

1850 2480 2207 2552 prohibentur
2231 2462 2651 2549 'perfectioribus
2679 2477 2766 2529 hic
2788 2473 2955 2528 imbui
2976 2470 3284 2541 prmeeptis,
3314 2468 3429 2521 haec

1850 2590 2068 2647 quoque
2114 2575 2365 2646 synopsis
2394 2570 2681 2626 conveniet
2718 2586 2733 2622 :
2760 2584 2883 2623 cum
2914 2566 3150 2619 maxime
3180 2575 3431 2617 necessa-

1854 2671 1930 2723 ria
1963 2683 2191 2737 quaeque
2239 2666 2476 2720 breviter
2504 2664 2571 2717 iis
2611 2673 2976 2731 suggerentur
3016 2669 3165 2721 tmte,
3210 2654 3428 2727 quando

1852 2761 1907 2815 in
1936 2760 2054 2829 ipso
2080 2757 2303 2813 curandi
2343 2772 2508 2825 opere
2535 2754 2747 2823 urgebit
2776 2751 3099 2806 necessitas.
3137 2770 3154 2803 ι

1925 2851 2020 2908 Sic
2054 2851 2219 2922 igitur
2261 2848 2541 2905 Oribasius
2572 2848 2623 2901 in
2668 2848 2770 2900 hoc
2814 2858 2980 2913 opere
3019 2841 3297 2912 prafatus,
3339 2840 3429 2894 illa

1853 2946 2028 3001 solum
2070 2944 2355 3016 pollicetur
2386 2941 2743 2995 collecturum
2791 2951 2870 3000 se,
2911 2951 3032 3005 qua:
3079 2935 3286 2987 Galcno
3317 2933 3431 3001 pla-

1855 3036 2119 3098 cuissent,
2154 3046 2383 3102 quazque
2432 3030 2499 3082 ad
2538 3027 2800 3081 medicam
2836 3033 3034 3089 artem,
3084 3034 3139 3076 et
3167 3022 3285 3090 ejus
3314 3032 3432 3073 tra-

1858 3124 2152 3178 ctationem
2200 3120 2461 3174 facerent.
2500 3109 2748 3169 Absolvit
2796 3121 2976 3166 autem
3023 3109 3153 3165 illud
3198 3114 3334 3180 dpus
3366 3109 3433 3162 li-

1860 3217 2015 3271 bris.
2050 3256 2064 3271 .
2098 3253 2111 3267 .

2507 3302 2763 3358 CCXVII.

1882 3395 2139 3465 Ejusdem
2165 3393 2565 3448 Medisinalium
2603 3394 2715 3464 (23)
2743 3394 3091 3448 collectorum
3129 3392 3252 3446 libri
3277 3408 3405 3448 LXX.

1925 3488 2168 3543 Alterum
2216 3502 2431 3557 quoque
2478 3501 2615 3556 Opus
2655 3489 2829 3541 eidem
2860 3487 3077 3543 Juliano
3125 3487 3433 3541 dedicatum

1856 3581 2198 3650 septuaginta
2245 3578 2400 3635 libris
2435 3578 2737 3634 absolvitur
2772 3599 2786 3634 :
2820 3581 2989 3634 nihilo
3017 3581 3233 3634 interim
3266 3578 3440 3633 mino-

1859 3682 1995 3735 rem,
2028 3686 2190 3741 quam
2223 3672 2354 3726 illud
2387 3673 2560 3742 prius,
2589 3674 2684 3727 sed
2732 3674 2992 3739 majorem
3027 3674 3205 3740 potius
3232 3673 3441 3726 utilita-

1861 3774 1967 3818 tem
2000 3779 2096 3817 sua
2126 3763 2265 3819 mole
2288 3763 2545 3821 atterens.
2570 3764 2701 3832 Ejus
2724 3774 2905 3819 autem
2931 3765 3275 3834 proloquium
3296 3764 3439 3818 hunc

1860 3857 1914 3911 in
1956 3857 2173 3910 modum
2210 3856 2515 3911 instituitur
2557 3876 2570 3912 :

1936 3949 2267 4019 «Epitomas,
2322 3965 2458 4019 quas
2503 3959 2559 4004 tu
2600 3951 2752 4017 olim,
2801 3952 2922 4005 dive
2966 3949 3177 4005 Iuliane
3231 3948 3438 4011 Caesar,

1862 4042 1990 4096 mihi
2050 4042 2420 4097 conficiendas
2469 4045 2984 4111 mandaveras,jam
3044 4043 3251 4110 pridem
3286 4046 3437 4111 (cum

1863 4134 1915 4187 in
1971 4132 2207 4188 Occidua
2268 4134 2444 4191 Gallia
2482 4136 2955 4203 versaremur)ad
3009 4134 3194 4201 ﬁnem,
3250 4148 3441 4202 quem-

1862 4225 2150 4280 admodum
2202 4236 2256 4279 tu
2291 4226 2530 4291 voluisti,
2579 4227 3047 4295 perduximus:et
3092 4240 3185 4279 eas
3218 4226 3439 4294 quidem

1862 4329 1928 4368 ex
1961 4313 2027 4368 iis
2056 4313 2185 4369 solis
2226 4313 2523 4378 confectas,
2567 4329 2689 4383 quae
2721 4314 2958 4369 Galenus
2994 4313 3437 4379 conscripsisset.

1866 4405 2062 4459 Verum
2121 4405 2212 4459 ubi
2271 4414 2323 4459 tu
2387 4404 2455 4459 iis
2517 4404 2747 4459 laudatis
2808 4405 3039 4460 alterum
3102 4405 3230 4458 mihi
3292 4403 3442 4458 labo-

1866 4512 1978 4551 rem
2033 4497 2351 4567 adjunxisti,
2404 4504 2462 4550 ut
2518 4496 2833 4565 perquisitis
2874 4495 3128 4550 omnibus
3174 4510 3295 4565 qua:
3330 4509 3443 4549 me-

1863 4588 1969 4642 dici
2002 4586 2436 4657 prtestantissimi
2498 4588 2734 4641 maxime
2788 4597 3094 4656 opportuna
3144 4586 3439 4649 dixissent,

1860 4688 1914 4734 et
1960 4694 2293 4749 quaecunque
2322 4680 2389 4733 ad
2443 4680 2691 4733 eumdem
2746 4678 2891 4733 hunc
2950 4677 3231 4732 medicinae
3278 4677 3439 4731 ﬁnem

1860 4772 2215 4841 pertinerent,
2268 4786 2435 4825 unum
2479 4770 2533 4824 in
2560 4770 2810 4824 volumen
2850 4770 3175 4838 redigerem.
3208 4769 3265 4822 ld
3298 4783 3441 4838 qno—

1860 4878 1965 4933 que
2024 4878 2125 4933 ego
2170 4878 2267 4933 pro
2318 4862 2461 4918 virili
2515 4873 2694 4933 parte,
2744 4871 2798 4917 et
2840 4868 3092 4933 prompto
3135 4862 3318 4916 animo
3354 4862 3441 4915 fa-

1861 4970 1986 5010 cere
2035 4955 2268 5010 decrevi.
2335 4954 2812 5026 Supervacaneum
2878 4956 3062 5025 igitur,
3114 4962 3168 5008 et
3216 4953 3441 5008 omnino

1864 5048 2104 5117 ineptum
2136 5048 2428 5103 arbitratus
2468 5051 2658 5104 eadem
2716 5062 2858 5116 saepe
2887 5047 3148 5112 scribere,
3177 5046 3291 5100 sive
3319 5059 3441 5114 qua:

1863 5140 1931 5195 ab
1986 5140 2205 5209 optimis
2260 5139 2505 5203 medicis,
2544 5140 2659 5193 sive
2701 5154 2821 5208 qua:
2849 5139 2917 5191 ab
2959 5139 3026 5192 iis
3062 5139 3153 5206 qui
3210 5152 3315 5191 non
3367 5137 3438 5189 ita

201 5228 364 5284 καθότι
410 5235 517 5287 τῶν
566 5235 1001 5304 συγγραψάντων
1050 5235 1310 5288 ἁπάντων
1354 5234 1433 5296 εἰς
1462 5233 1561 5297 τὰς
1590 5231 1754 5295 αύτάς

1865 5232 2148 5300 diligenter
2216 5246 2301 5286 res
2355 5241 2746 5297 tractaverunt,
2805 5232 3008 5299 scripta
3073 5231 3306 5284 fuerint:
3376 5243 3440 5282 ea

202 5316 459 5387 ὑποθέσεις
485 5324 650 5389 αὐτὸς
678 5328 889 5396 κρατεῖ,
926 5324 1171 5396 μεθόδοις
1211 5322 1306 5377 καὶ
1329 5323 1629 5394 διορισμοῖς
1650 5324 1754 5385 τοῖς

1870 5323 2038 5377 solum
2089 5322 2363 5393 colligam,
2433 5338 2553 5393 quae
2632 5322 2787 5378 nobis
2858 5323 3191 5392 reliquerunt
3253 5323 3289 5376 ii
3349 5323 3439 5393 qui

1453 5435 1689 5491 VARl/E
1722 5434 2015 5491 LECTION
2025 5436 2127 5491 ES.

260 5554 303 5589 "
320 5558 742 5630 ἐξενηνεγμένην
774 5562 838 5615 A.
914 5561 959 5591 ⁸⁸
994 5560 1265 5611 συντελεῖν
1295 5577 1353 5623 ς.
1428 5556 1857 5630 ⁸⁷Α-ἐπιτηδείως]
1887 5560 1993 5613 imo
2007 5560 2336 5629 ἐπιτηδείας.
2414 5560 2459 5591 ⁸⁸
2486 5559 2935 5630 εὐπρεπεστέραν
2963 5574 3023 5621 ς,
3055 5556 3196 5609 unde
3219 5553 3432 5630 Casau-

205 5619 824 5701 δοηυδέύίέρεπεστέραν.
899 5632 945 5662 ⁴¹⁹
965 5648 1024 5683 τε
1047 5635 1087 5683 Α
1118 5630 1210 5684 εδέ
1242 5619 1320 5694 ς(
1380 5631 1425 5661 ⁵ο
1439 5627 1504 5701 0'}
1530 5629 1605 5699 οβ’
1634 5619 1856 5684 Suidas'
1873 5646 1923 5683 v.
1943 5619 2310 5701 Ὀρειϐόίσιος.⁷
2368 5631 2409 5663 ⁸⁸
2444 5619 2695 5699 συνάγειν
2730 5646 2789 5694 ς.
2833 5619 2911 5660 ’⁸η
2949 5619 3339 5697 ἐργασαμένων
3367 5640 3432 5685 ς.

1689 5718 1921 5776 NOTAE.

272 5810 375 5883 (23)
404 5812 481 5869 lta
517 5816 605 5872 hic
638 5816 829 5873 titulus
858 5817 910 5872 in
939 5817 1101 5872 editis
1125 5815 1323 5886 legitur
1355 5814 1527 5869 libris.
