4014 6400
603 349 707 416 711
1768 343 2028 407 PHOTII
2068 343 2188 404 PA']

2221 341 2570 403 RIARCHrE
2607 342 2714 403 (ΣΡ.
3722 346 3806 409 ’ῖιέ

603 462 815 517 caeteris
850 459 1239 531 praestiterunt,
1277 456 1409 513 nihil
1464 472 1649 514 eorum
1689 455 2011 521 omittendo,
2052 469 2173 525 quae

2223 453 2691 525 ιάκριϐεστάτοις
2761 450 3042 522 χρώμενος
3067 490 3082 516 ,
3128 449 3223 504 ita
3274 452 3389 511 ταῖς
3427 451 3808 524 Ἱπποκρατείοις

601 554 845 608 Galenus
896 552 1134 615 dixerit;
1185 551 1225 606 si
1262 549 1479 621 quidem
1534 549 1768 613 cmteris,
1825 549 1918 619 qui
1964 547 2181 603 easdem

2281 545 2475 615 ἀρχαῖς
2509 544 2605 598 καὶ
2648 543 2825 610 δίξαις
2855 542 3245 610 ὲξακολουθῶν.
3280 543 3563 614 Χρήσομαι
3604 545 3656 599 δὲ
3702 549 3810 601 κάν-

603 659 692 700 res
738 653 1230 715 pertractaverunt,
1278 642 1481 711 optima
1540 642 1676 711 ipse,
1725 650 1778 696 et
1834 640 1919 694 via
1975 652 2041 693 ac
2096 652 2185 691 ra-

2279 633 2454 687 ταῦθα
2492 632 2717 706 τοιαύτῃ
2762 631 2933 697 τάξει.
2973 633 3198 703 Πρῶτον
3248 632 3344 701 μὲν
3395 632 3600 697 συνάξω
3631 634 3695 688 τὰ
3734 637 3810 689 τοῦ

601 740 767 805 tione,
810 748 865 793 et
903 738 1248 791 distinctione
1302 735 1563 800 adhibita,
1600 733 1856 787 omnibus
1894 728 2186 795 antecellit,

2282 723 2468 777 ύλικοῦ
2496 725 2716 795 μέρους,
2738 721 2857 777 εἶτα
2881 726 2981 777 ὅσα
3011 726 3133 794 περὶ
3158 724 3371 792 φύσεως
3395 724 3489 777 καὶ
3508 728 3812 798 κατασκευῆς

603 842 661 884 ιιι
728 832 818 899 qui
896 830 1160 899 principia
1244 838 1298 882 et
1361 825 1553 898 174!)
1616 824 1920 881 sententias
1991 821 2187 891 Hippo-

2283 815 2499 887 εἴρηται
2521 816 2833 887 ἀνθρώπου,
2869 816 2992 886 μεθ’
3021 816 3058 870 ἃ
3088 816 3157 869 τὰ
3188 816 3287 885 τῆς
3315 816 3551 887 ὑγιεινῆς
3588 820 3673 871 καὶ
3709 819 3815 872 ἁνα-

603 921 770 974 cratis
811 919 1027 973 assidue
1090 926 1456 971 consectetur.
1510 914 1624 985 Ego
1684 928 1812 968 vero
1863 912 1955 968 hic
1995 911 2180 981 hujus-

2284 910 2558 979 ληπτικῆς
2585 910 2989 981 πραγματείας,
3023 908 3161 979 μετὰ
3185 908 3357 961 ταῦτα
3380 909 3479 962 ὅσα
3504 910 3600 980 τῆς
3624 910 3817 979 διαγνω-

607 1013 747 1065 modi
817 1023 938 1063 utar
976 1011 1185 1064 ordine.
1236 1008 1487 1079 Inprimis
1544 1007 1795 1079 colligam
1827 1020 1891 1061 ea
1938 1018 2057 1074 quae
2112 1002 2180 1058 ad

2286 1003 2480 1072 συκῆς
2510 1003 2602 1056 καὶ
2630 1003 3046 1071 προγνωπικῆς
3077 1000 3262 1071 ἔχεται
3289 1000 3539 1072 θεωρίας,
3570 1002 3645 1071 ἐφ’
3670 1000 3740 1067 οἷς
3765 1005 3817 1057 τὰ

604 1112 811 1174 partem
854 1102 1184 1155 materialem
1223 1111 1489 1170 spectant,
1538 1100 1730 1154 deinde
1773 1113 1891 1168 qua:
1953 1098 2019 1151 de
2080 1098 2181 1150 ho-

2286 1095 2417 1164 περὶ
2448 1094 2770 1163 νοσημάτων
2794 1094 2887 1147 καὶ
2917 1094 3341 1164 συμπτωμάτων
3368 1095 3461 1148 καὶ
3479 1094 3609 1159 ὅλως
3625 1094 3715 1165 τῆς
3730 1095 3820 1149 τῶν

604 1197 767 1251 minis
820 1205 1015 1249 natura
1059 1203 1224 1263 atque
1294 1193 1500 1247 fabrica
1567 1194 1707 1246 dicta
1769 1202 1926 1255 sunt;
1958 1200 2068 1243 tum
2118 1188 2185 1243 de

1571 1194 1707 1246 dicta
1769 1202 1926 1255 sunt;
1958 1200 2068 1243 tum
2118 1188 2185 1243 de
2290 1186 2442 1257 παρὰ
2466 1184 2629 1254 φύσιν
2656 1184 3101 1258 ἐπανορθώσεως.
3136 1204 3156 1237 ι

604 1292 799 1344 tuenda
841 1291 1094 1353 sanitate,
1129 1298 1183 1341 et
1243 1288 1549 1341 reficiendis
1616 1287 1933 1354 corporibus
1979 1291 2199 1351 agetur:
2261 1280 2457 1348 quibus
2517 1281 2783 1335 conlectis
2831 1282 3024 1335 addam
3086 1296 3207 1351 qua:
3257 1282 3324 1335 ad
3375 1280 3717 1350 dignotionetn
3779 1289 3823 1334 et

604 1383 989 1453 praenotionem
1054 1364 1355 1449 pertinent:
1411 1380 1476 1433 ad
1524 1380 1659 1446 Iure,
1706 1394 1824 1447 quae
1874 1378 1941 1432 de
1982 1375 2184 1429 morbis
2212 1374 2385 1443 deque
2437 1374 2818 1445 symptomatis
2864 1384 2990 1429 sunt
3039 1375 3319 1441 accedent,
3374 1384 3429 1429 et
3495 1374 3708 1445 denique
3772 1390 3825 1429 ea

604 1488 725 1543 qua:
784 1474 963 1526 valent
1018 1472 1081 1525 ad
1130 1472 1506 1541 corrigendum
1552 1486 1637 1531 ea,
1671 1486 1789 1539 qum
1838 1477 2033 1538 prmter
2081 1475 2329 1521 naturam
2364 1477 2515 1528 sunt.
2557 1466 3013 1522 adhibebuntur.»

676 1567 789 1620 Hoc
861 1567 1023 1635 igitur
1081 1568 1424 1634 proloquium
1483 1565 1706 1619 secundi
1762 1563 1969 1631 operis,
2027 1560 2189 1629 cujus

2357 1560 2450 1623 Ἐς
2479 1561 2725 1615 τοιοῦτον
2757 1561 2855 1632 μὲν
2884 1562 3056 1616 τύπον
3080 1563 3177 1616 καὶ
3203 1564 3487 1633 ήδευτέρα
3519 1563 3826 1633 προοιμιάζε-

610 1658 873 1728 (perinde
930 1674 993 1708 ac
1047 1656 1535 1725 pr.t-cedentis)ab
1574 1671 1637 1707 eo
1687 1664 2014 1724 argumento
2090 1653 2182 1706 du-

2285 1671 2374 1707 ται
2406 1654 2796 1725 πραγματεία,
2830 1656 2926 1708 ἀπ’
2956 1656 3173 1725 ἐκείνης
3217 1656 3494 1727 ἀρχομένη
3530 1659 3623 1725 τῆς
3662 1656 3826 1709 ὑποθέ-

608 1752 751 1803 citur
783 1750 1016 1811 initium,
1085 1749 1226 1815 quod
1300 1749 1677 1801 alimentorum
1713 1746 1864 1799 nubis
1906 1745 2187 1799 facultates

2286 1762 2443 1810 σεως,
2476 1746 2726 1819 καθάπερ
2754 1749 2847 1801 καὶ
2881 1749 2912 1818 ἡ
2948 1750 3055 1817 πρὸ
3085 1750 3275 1819 αὐτῆς,
3328 1750 3363 1819 ἧ
3409 1767 3493 1813 τις
3522 1750 3619 1813 τὰς
3650 1751 3701 1803 ὲν
3724 1766 3826 1821 τρο-

607 1840 850 1908 exponit.
892 1840 1249 1910 Septuaginta
1294 1854 1422 1894 vero
1473 1839 1583 1909 (24)
1639 1839 1810 1900 libris,
1860 1852 1979 1907 qua:
2025 1852 2179 1889 rece-

2286 1843 2413 1909 φαῖς
2457 1840 2717 1912 δυνάμεις
2764 1842 3141 1896 ἀναδιδάσκει·
3175 1842 3299 1915 [Ξ87
3329 1844 3424 1915 Η.]
3451 1847 3507 1897 ὲν
3531 1842 3569 1898 o'
3601 1844 3654 1898 δὲ
3679 1844 3827 1913 λόγοις

610 1944 789 2004 perat,
857 1942 1180 2002 pertractat.
1265 1932 1412 2001 Opus
1472 1932 1741 2000 equidem.
1821 1940 1875 1982 ut
1947 1940 2187 1999 tempore

2243 1965 2262 2018 ι
2288 1933 2541 1998 διέξεισιν
2569 1934 2605 1988 ἃ
2632 1934 3052 2003 ἐπαγγέλλεται.
3092 1938 3200 1989 Καὶ
3224 1937 3457 2006 δευτέρα
3506 1936 3602 2007 μέν
3646 1939 3749 1990 ἐστι
3770 1937 3828 2006 τῷ

610 2028 900 2095 posterius.
951 2026 1021 2077 ita
1074 2026 1305 2077 utilitate
1363 2025 1528 2093 prius.
1575 2025 1757 2092 Neque
1812 2024 1957 2077 enim
2003 2038 2063 2077 ea
2096 2038 2187 2075 so-

2290 2026 2490 2098 χρόνῳ,
2521 2028 2841 2098 προτερεύει
2866 2029 2923 2081 δὲ
2944 2032 3009 2101 τῇ
3042 2029 3220 2101 χρείᾳ,
3248 2030 3347 2083 ἆτε
3378 2030 3451 2100 μὴ
3486 2030 3618 2100 μόνα
3643 2030 3733 2083 ὅσα
3751 2030 3830 2082 Γα-

612 2116 746 2179 Ium,
789 2132 907 2184 qua-
957 2116 1193 2170 Galenus
1246 2128 1394 2169 recte
1464 2117 1762 2169 litterarum
1822 2113 2189 2168 monumentis

2289 2116 2449 2187 ληνὸς
2479 2117 2654 2187 ὀρθῶς
2686 2117 2891 2188 ἔγραψε
2921 2118 3276 2189 περιέχουσα,
3302 2117 3442 2170 ἀλλὰ
3470 2117 3561 2170 καὶ
3596 2117 3688 2170 ὅσα
3710 2114 3830 2183 αὐτῷ

612 2208 941 2275 prodiderat,
974 2208 1231 2269 continet,
1279 2209 1371 2261 sed
1416 2209 1578 2260 etiam
1635 2222 1753 2273 quae
1801 2207 1867 2259 ab
1900 2206 2015 2274 ipso
2056 2220 2192 2275 prae-

2295 2207 2396 2278 μὲν
2429 2210 2704 2279 παρεῖται,
2733 2207 2915 2271 ἄλλοις
2936 2208 2992 2261 δὲ
3016 2209 3095 2272 είς
3123 2207 3474 2261 διδασκαλίαν
3503 2205 3826 2276 προτέθειται.

616 2300 860 2352 terruissa
894 2298 981 2351 alii
1028 2299 1283 2353 discenda
1335 2308 1749 2368 proposuerunt.
1803 2300 1881 2352 Ac
1918 2298 2046 2351 mihi
2071 2298 2193 2367 qui-

2292 2300 2402 2352 Καί
2426 2299 2491 2367 γέ
2520 2318 2608 2371 μοι
2637 2300 2778 2354 δοκῶ
2796 2301 2843 2333 ⁸³
2870 2300 3226 2371 χρησιμεύειν
3255 2300 3357 2371 τὴν
3383 2299 3612 2369 σπουδὴν
3639 2296 3827 2366 ταύτην,

616 2390 739 2440 dem
802 2401 935 2440 sane
996 2388 1142 2441 utilis
1205 2389 1291 2443 hic
1356 2390 1507 2443 labor
1559 2390 1791 2453 videtur,
1848 2387 1893 2443 si
1947 2405 2052 2443 non
2092 2404 2195 2443 ca:-

2294 2391 2381 2445 ῑνα
2434 2394 2507 2463 μὴ
2556 2392 2730 2459 λέγων
2764 2392 2954 2445 πασῶν
2982 2382 3091 2445 τῶν
3122 2392 3298 2446 ἄλλων
3329 2392 3451 2445 ὅσαι
3498 2394 3574 2453 είς
3620 2388 3829 2461 ἰατρικὴν

619 2479 755 2531 teris
793 2479 1064 2541 omnibus,
1109 2491 1372 2549 quotquot
1411 2483 1461 2533 Ill
1506 2484 1725 2535 medica:
1762 2483 1896 2536 artis
1936 2497 2090 2535 usum
2115 2490 2194 2535 at-

2293 2481 2483 2552 χρείαν
2514 2498 2573 2534 τε
2620 2482 2712 2534 καὶ
2743 2482 2976 2549 Θεωρίαν
3018 2482 3438 2552 κατεϐλήθησαν
3476 2482 3828 2553 πραγματεῖαι,

615 2583 721 2636 que
783 2572 1293 2637 centemplatiouem
1353 2573 1613 2626 hactenus
1679 2573 1855 2626 collati
1917 2582 2082 2637 sunt;
2137 2584 2194 2627 at

2294 2573 2432 2627 ἀλλὰ
2461 2574 2681 2636 πάντως
2712 2588 2775 2641 γε
2801 2572 2909 2625 τῶν
2944 2572 3205 2626 πλειόνων
3234 2572 3313 2643 τῷ
3342 2589 3402 2625 τε
3431 2570 3662 2639 σαφῶς⁸⁸
3684 2571 3831 2638 ἀπηγ-

616 2672 761 2716 certe
808 2677 917 2730 pra!
958 2665 1239 2731 plurimis;
1276 2667 1450 2735 idque
1496 2667 1578 2720 Vel
1642 2682 1708 2721 eo
1769 2668 2010 2731 nomine,
2052 2667 2194 2735 quod

2296 2669 2484 2737 γέλθαι
2511 2668 2579 2721 τὰ
2609 2668 3003 2737 ἀπηγγελμένα
3026 2708 3040 2731 ,
3074 2667 3166 2721 καὶ
3196 2666 3272 2736 τῷ
3307 2665 3478 2735 μηδὲν
3510 2664 3828 2735 παραλιπεῖν,

615 2768 726 2808 non
784 2758 1069 2824 perspicue
1111 2768 1317 2810 tantum
1373 2774 1467 2811 sua
1523 2760 1719 2823 tradat,
1764 2759 2005 2827 nihilque
2061 2773 2199 2828 prae.

2297 2761 2390 2813 καὶ
2416 2759 2492 2827 τῷ
2529 2760 2731 2826 φωναῖς
2760 2758 3038 2827 διαφόροις
3074 2757 3144 2809 τὰ
3173 2756 3347 2809 πλείω
3375 2754 3483 2809 τῶν
3514 2754 3832 2822 συντεταγμέ⁴

618 2845 903 2911 terntittat,
949 2847 1042 2899 sed
1093 2862 1280 2900 eorum
1350 2852 1511 2901 etiam
1564 2865 1683 2917 qua:
1756 2850 2028 2918 congessit
2082 2849 2197 2916 ple-

2296 2868 2404 2903 νων
2432 2849 2683 2921 ῥηθῆναι,
2717 2850 2773 2913 ἐξ
2802 2842 2875 2901 ὧν
2905 2851 2997 2901 καὶ
3026 2850 3079 2901 εί
3102 2865 3154 2900 τι
3184 2848 3391 2917 ἀσαφὲς
3420 2849 3475 2900 ὲν
3503 2847 3699 2910 τούτοις
3730 2861 3832 2898 συν-

617 2951 785 3005 raque
819 2939 984 2990 variis
1019 2942 1239 2993 vocibus
1268 2938 1584 2993 elferautur.
1620 2940 1771 2996 Unde
1800 2941 1842 2993 si
1898 2940 2024 3008 quid
2058 2938 2198 2991 forte

2300 2943 2399 3012 έϐη
2446 2943 2557 2995 τινὶ
2600 2942 2852 3012 ῥηθῆναι,
2886 2941 2973 2995 διὰ
3003 2942 3102 3011 τῆς
3130 2942 3304 2997 ἄλλων
3321 2944 3368 2974 ⁵⁸
3398 2940 3728 3005 ἁναπτύξεως
3754 2952 3832 2990 σα-

616 3030 902 3083 obscurius
955 3030 1040 3083 hic
1094 3042 1177 3083 est
1235 3035 1303 3085 ab
1363 3032 1546 3100 aliquo
1602 3034 1890 3099 prolatum,
1958 3031 2011 3083 id
2074 3045 2196 3083 mox

2301 3033 2601 3104 φηνίζεται.
2628 3034 2735 3086 Καὶ
2767 3034 2845 3104 τῷ
2871 3051 2934 3101 γε
2972 3035 3218 3103 ίατρικὴν
3251 3034 3490 3101 μετιόντι
3516 3031 3650 3084 κατὰ
3666 3028 3833 3096 ταύτην

620 3135 715 3188 per
762 3106 991 3172 aliorum
1038 3121 1456 3189 explicationem
1521 3125 1846 3177 declaratur.
1907 3122 2087 3187 Quare
2135 3122 2198 3173 ad

2300 3128 2474 3196 ἔγωγε
2509 3125 2901 3197 παραινέσαιμ’
2926 3126 2991 3179 ἂν
3016 3126 3115 3195 τὴν
3136 3126 3182 3157 ⁸⁸
3220 3124 3599 3195 πραγματείαν
3624 3124 3714 3193 τὴν
3740 3122 3833 3174 δια-

620 3212 900 3266 tnedieinze
959 3214 1193 3267 studium
1224 3229 1345 3268 sese
1402 3214 1798 3283 applicantibus
1854 3223 2045 3266 auctor
2101 3226 2201 3277 ego

2300 3220 2495 3291 τριϐὴν
2528 3220 2610 3272 ὃτι
2637 3218 2871 3288 μάλιστα
2901 3218 3190 3270 ποιεῖσθαι.
3212 3218 3374 3271 Ἀλλὰ
3399 3216 3614 3284 τοιαύτη
3646 3214 3734 3285 μὲν
3758 3208 3836 3265 καὶ

618 3302 745 3365 sitit,
808 3314 865 3355 ut
928 3304 1028 3356 hoc
1079 3304 1419 3370 potissimum
1476 3321 1612 3370 opus
1673 3304 1893 3357 assidue
1950 3310 2189 3355 versent.

2251 3298 2263 3352 ἶ
2299 3312 2584 3385 ήδευτέρα
2610 3310 2936 3382 ὐρειϐασίῳ
2953 3311 2998 3341 ⁸⁷
3031 3309 3131 3379 τῆς
3165 3311 3415 3381 ἰατρικῆς
3444 3303 3836 3381 μεταχειρήσεὼς

618 3392 791 3461 Atque
842 3394 1153 3462 huiusmodi
1195 3396 1413 3464 quidem
1466 3392 1703 3451 Oribasii
1757 3395 1926 3449 altera
1983 3394 2068 3446 illa
2119 3403 2201 3445 est

1505 3398 1703 3449 lribasii
1757 3395 1926 3449 altera
1983 3394 2068 3446 illa
2119 3403 2201 3445 est
2300 3420 2359 3455 τε
2384 3402 2479 3457 καὶ
2508 3401 2740 3471 Θεωρίας
2776 3401 3090 3470 συναγωγή.

622 3484 844 3539 medicae
904 3488 1241 3541 tractationis
1275 3497 1327 3541 et
1359 3488 1835 3557 contemplationis
1890 3486 2163 3541 collectio.

1282 3579 1562 3633 CCXVIII.
3025 3580 3173 3634 SIH'.

880 3667 1134 3738 Ejusdem
1181 3670 1484 3739 Compeudti
1520 3676 1585 3725 ad
1622 3672 1957 3728 Eustalhium
2304 3672 2465 3728 Τοῦ(

2304 3672 2421 3728 Τοῦ
2448 3672 2634 3726 αὐτοῦ
2661 3672 2959 3740 Συντομία
2996 3670 3107 3739 τῆς
3150 3670 3433 3739 δευτέρας
3466 3667 3838 3740 Πραγματείας

1181 3742 1348 3808 ﬁlium
1394 3742 1514 3795 libri
1559 3760 1608 3797 ἰ.
2528 3744 2766 3811 πρὸςΕί

2528 3744 2676 3811 πρὸς
2694 3742 3035 3796 Εὑστάθιον
3068 3743 3226 3805 υἱὸν,
3256 3743 3329 3795 ὲν
3360 3744 3560 3811 λόγοις
3580 3741 3644 3795 θ’.

690 3826 933 3882 Tertium
982 3830 1109 3884 item
1163 3840 1230 3884 ab
1288 3836 1478 3886 eodeni
1539 3847 1624 3888 est
1676 3838 2013 3893 elaboratum
2039 3854 2197 3910 Opus,

2373 3834 2545 3905 Τρίτη
2571 3834 2628 3887 δὲ
2659 3834 2809 3904 αὐτῷ
2835 3833 3274 3897 διεσπούδασται,
3309 3835 3388 3897 ὡς
3426 3834 3519 3888 καὶ
3548 3829 3698 3893 αὐτὸς
3721 3825 3837 3880 ἐκεῖ·

620 3931 679 3974 ιιι
742 3921 969 3989 ipsemet
1019 3922 1071 3975 in
1134 3926 1395 3992 prooemio
1461 3934 1712 3983 testatur.
1766 3930 1999 3985 Secundi
2055 3934 2199 3985 illius

2303 3946 2393 3989 νος
2422 3926 2917 3998 προοιμιαζόμενος
2945 3927 3115 3995 λέγει,
3151 3928 3449 3995 συντομίαν
3472 3925 3615 3995 αὐτῷ
3640 3923 3727 3992 τῆς
3746 3919 3838 3972 δευ-

617 4015 1029 4084 (Jompeudiutn,
1102 4015 1385 4071 Eustathio
1442 4017 1552 4074 lilio
1611 4021 1955 4089 inscriptum,
2014 4040 2076 4079 ac
2130 4025 2198 4079 li-

2300 4022 2463 4091 τέρας
2486 4020 2817 4091 περιέχουσα
2844 4019 3252 4090 πραγματείας.
3284 4018 3565 4089 Εύσταθίῳ
3586 4016 3638 4069 δὲ
3666 4012 3736 4083 τῷ
3756 4007 3838 4077 υίῷ

620 4105 733 4159 bris
780 4120 970 4159 novem
1026 4106 1357 4173 distinctum,
1400 4110 1595 4177 quibus
1634 4128 1695 4165 ea
1738 4113 2047 4168 morborum
2091 4131 2200 4171 me-

2300 4112 2361 4164 τὸ
2391 4110 2594 4181 βιϐλίον
2619 4111 2912 4177 ἀναφωνεῖ,
2936 4108 2979 4162 θ’
3003 4110 3340 4180 διῃρημένον
3366 4111 3563 4178 λόγοις.
3581 4108 3634 4158 ὲν
3657 4100 3729 4167 οἷς
3746 4104 3838 4154 ἐστι

618 4196 920 4250 dieamenta
979 4212 1372 4267 proponuntur,
1436 4217 1557 4270 quae
1608 4206 1784 4270 parari
1848 4206 2007 4259 facile
2069 4222 2200 4276 pos-

2299 4203 2409 4256 τῶν
2433 4201 2621 4255 παθῶν
2651 4202 2877 4271 ἰάματα,
2907 4201 3007 4254 ὅσα
3040 4202 3101 4254 τὸ
3127 4201 3450 4270 εὐπόριστον
3477 4200 3568 4252 καὶ
3593 4195 3838 4267 πρόχειρον

622 4288 752 4350 sint,
820 4288 877 4342 in
934 4302 1291 4359 promptuque
1348 4296 1478 4345 siut.
1552 4293 1817 4348 Caeterum
1897 4298 2189 4368 chirurgia:

2365 4293 2615 4348 ιοτίθεται
2641 4310 2657 4326 ο
2688 4294 2749 4346 τὸ
2785 4295 2965 4363 μέντοι
2999 4294 3381 4364 χειρουργικὸν
3425 4289 3559 4353 εἶδος
3605 4282 3839 4341 παντελῶς

623 4380 866 4446 speciem
921 4396 1137 4435 onmem
1205 4385 1352 4436 hisce
1403 4383 1763 4453 collectaneis"
1793 4386 2008 4453 penitus
2061 4402 2201 4457 pra:-

2301 4384 2449 4453 αύτῷ
2500 4384 2641 4437 κατὰ
2672 4383 2894 4452 ιταύτην
2947 4384 3046 4453 τὴν
3091 4383 3417 4454 συναγωγὴν
3452 4372 3840 4453 παρεῖται.

624 4471 872 4524 termisit.
930 4472 1111 4541 Itaque
1172 4473 1306 4527 liber
1336 4474 1423 4528 hic
1469 4475 1787 4529 memoriam
1817 4478 2107 4533 excitando
2142 4481 2196 4535 in

2305 4474 2397 4547 8.]
2424 4476 2579 4530 Ἔστι
2628 4474 2687 4527 δὲ
2732 4474 2793 4527 τὸ
2838 4474 3012 4544 παρὸν
3042 4473 3244 4543 βιϐλίον
3273 4476 3411 4545 πρὸς
3452 4475 3551 4543 μὲν
3575 4474 3837 4539 ἀνάμνησιν

622 4564 689 4616 iis
736 4564 825 4630 qui
888 4566 940 4617 iu
971 4564 1193 4618 medicae
1248 4567 1380 4619 artis
1431 4566 1821 4622 exercitatione
1850 4583 1913 4623 ac
1940 4571 2191 4638 specula-

2300 4567 2416 4628 τοῖς
2444 4563 2586 4618 κατὰ
2609 4565 2709 4626 τὰς
2742 4566 2992 4634 ἰατρικὰς
3023 4562 3249 4632 πράξεις
3279 4580 3340 4615 τε
3373 4564 3469 4617 καὶ
3500 4561 3713 4630 θεωρίας
3738 4571 3839 4607 συν-

623 4653 768 4709 tione
807 4655 917 4723 jam
961 4655 1159 4708 versati
1192 4666 1339 4718 sunt,
1393 4672 1500 4710 non
1560 4657 1825 4711 modicam
1887 4660 2046 4714 aﬂ‘ert
2102 4674 2197 4717 aut

2256 4648 2276 4703 )
2302 4660 2635 4732 ησκημένοις
2662 4660 2724 4712 ού
2761 4658 2973 4728 φαύλην
3004 4656 3246 4726 παρέχον
3274 4656 3376 4727 τὴν
3398 4656 3600 4726 χρείαν,
3626 4651 3709 4704 καὶ
3732 4644 3841 4717 μᾶλ-

623 4760 814 4812 parum
859 4758 1163 4815 promptam
1203 4747 1508 4802 utilitatem.
1536 4746 1603 4800 Iis
1629 4749 1776 4814 item,
1828 4749 1920 4819 qui
1968 4753 2199 4819 primum

2302 4750 2393 4803 λον
2426 4750 2751 4819 πρόχειρον·
2790 4750 2903 4810 τοῖς
2948 4748 2994 4801 δ’
3025 4749 3090 4799 ἐκ
3136 4746 3370 4815 πρώτων
3401 4748 3481 4808 είς
3512 4743 3728 4814 μάθησιν
3758 4734 3840 4802 τῆς

621 4838 687 4892 ad
722 4840 857 4892 artis
896 4840 1053 4909 hujus
1099 4841 1465 4908 c0gnitionetn
1524 4842 1624 4895 hoc
1686 4844 2011 4913 compendio
2070 4860 2195 4915 per-

2299 4841 2496 4911 τέχνης
2523 4840 2611 4893 διὰ
2641 4840 2804 4909 τῆσδε
2847 4838 2945 4909 τῆς
2990 4837 3265 4908 συνόψεως
3292 4838 3468 4890 ἐλθεῖν
3496 4832 3759 4906 ἡλπικόσιν
3780 4820 3840 4878 εἷ-

623 4930 809 4984 venire
856 4946 915 4985 se
968 4945 1128 4999 posse
1193 4940 1435 4999 sperant,
1476 4932 1713 4986 dicerem
1760 4934 1909 4989 brevi
1957 4946 2199 5005 tempore

2297 4954 2400 4989 πον
2433 4937 2500 4990 ἂν
2546 4938 2623 5000 ὠς
2656 4938 2745 4989 ἐπ’
2776 4936 2957 5004 ὀλίγον
3007 4936 3093 5006 εἴη
3124 4935 3185 4988 τὸ
3219 4934 3495 4997 λυσιτελὲς
3534 4930 3771 5000 παρέχον,
3802 4927 3839 4975 εὶ

624 5035 729 5073 non
802 5021 1074 5075 modicum
1144 5021 1433 5075 allaturum
1506 5023 1790 5078 utilitatis:
1860 5025 1965 5079 nisi
2015 5038 2083 5079 ex
2131 5040 2197 5080 eo

2298 5028 2373 5099 μὴ
2402 5029 2461 5081 τδ
2492 5029 2611 5081 κατ’
2637 5028 2806 5097 αὐτὴν
2849 5028 3113 5097 ἀμέθοδόν
3157 5045 3217 5079 τε
3239 5027 3284 5058 ⁸⁸
3318 5030 3410 5079 καὶ
3440 5020 3840 5095 ἀπροσδιόριστον

623 5111 765 5181 quod
826 5115 1081 5169 methodo
1139 5124 1345 5179 careat,
1405 5125 1461 5168 et
1515 5115 1646 5169 nihil
1703 5116 1923 5171 deﬁnite
1958 5133 2192 5188 pronun-

2304 5119 2429 5179 τοὺς
2463 5118 2817 5185 ἀπειρότερον
2846 5119 2977 5187 περὶ
3014 5117 3187 5171 ταῦτα
3212 5117 3589 5186 διακειμένους
3621 5111 3704 5165 καὶ
3727 5108 3840 5159 ἑτοι-

626 5204 745 5268 tiet,
819 5207 1084 5273 quosdam
1168 5220 1333 5275 parva
1408 5222 1587 5261 rerum
1643 5211 1833 5263 harum
1898 5211 2196 5265 instructos

2309 5210 2539 5279 μότερον
2567 5210 2703 5281 πρὸς
2731 5213 2828 5273 τὰς
2854 5210 3150 5281 θεραπείας
3196 5211 3507 5282 χωροῦντας
3545 5208 3622 5271 είς
3648 5204 3734 5263 τὰς
3761 5210 3838 5267 με’

1945 5348 2176 5403 ΥΑΒΙΑΞ
2200 5347 2602 5403 LECTIONES.

693 5436 1201 5516 “fnﬁox‘tbhfortasse
1224 5440 1522 5516 legendum
1548 5442 1713 5516 δοκεῖ.
1788 5444 1834 5475 ⁸³
1866 5442 2036 5511 σαφές
2075 5460 2134 5506 ς.
2238 5444 2284 5475 ⁵⁵
2318 5442 2520 5516 ἄλλων]
2563 5442 2672 5495 τῶν
2705 5441 2879 5498 ἄλλων
2917 5457 2993 5494 rc.
3032 5442 3096 5496 A.
3194 5443 3240 5472 "
3272 5441 3369 5512 τὴν
3409 5448 3523 5509 post
3549 5436 3612 5491 ἂν
3654 5431 3763 5489 add.
3786 5426 3838 5476 Α.

627 5506 670 5539 ³⁷
728 5506 1056 5577 Ὀριὸασίων
1078 5511 1144 5565 Α.
1222 5506 1357 5563 ⁸⁸Ῑτε
1423 5513 1646 5567 atItI.A.

2167 5626 2397 5684 NOT/E.

720 5717 841 5799 βλ)
875 5719 1110 5783 Quorum
1160 5724 1319 5778 hodie
1360 5725 1745 5793 septemdecim
1812 5731 2016 5776 tantum
2081 5722 2271 5777 Latine
2301 5733 2537 5788 exstant,
2579 5725 2753 5792 primo
2808 5739 3020 5793 quoque
3081 5738 3144 5777 eo
3193 5720 3482 5785 volumine,
3544 5726 3595 5769 ut
3655 5708 3837 5779 υΡί¹¹⁰τν

627 5805 844 5846 aIIIISDO.
