4014 6434
200 456 285 520 ’113
1208 440 1733 503 BIBLIOTHECA-
1765 406 1832 475 -ἓ
1855 438 2016 498 con.
2042 435 2346 498 CCXVIII.

3301 423 3405 489 7H

198 567 363 636 γίστας
389 557 585 630 βλάϐας
617 555 727 609 τῶν
757 552 1094 625 καμνόντων,
1127 549 1241 604 ἔσθ’
1266 550 1357 604 ὅτε
1404 547 1461 602 δὲ
1503 548 1598 601 καὶ
1624 545 1733 599 τῶν
1759 600 1764 609 η

1866 546 2192 616 xperientia,
2265 540 2458 613 175a
2518 549 2574 597 et
2631 554 2786 610 atquo
2861 547 3041 593 tamen
3108 543 3411 608 promptius

197 654 532 724 ὑγιαινόντων,
562 649 650 701 ἐπ’
679 645 858 702 αὐτῶν
883 645 991 698 τῶν
1021 644 1199 715 ἔργων
1224 638 1366 694 εἶδον
1395 637 1737 707 συνωθουμέ-

1844 639 1911 693 ad
1940 638 2251 693 curationes
2279 633 2681 706 aggredientes,
2714 633 2769 687 in
2796 633 2915 701 ipso
2959 631 3217 687 vidissem
3246 646 3411 701 opere

195 761 317 806 νους.
347 739 485 810 Πλὴν
521 737 636 791 ἀλλ’
665 736 723 789 ἐν
756 751 821 802 γε
861 736 974 797 τοῖς
998 731 1312 804 εἰρημένοις
1344 728 1526 797 λόγοις
1560 726 1603 779 θ’
1629 725 1737 780 τῶν

1864 729 2090 799 :ompelli
2147 729 2213 783 ad
2269 727 2534 782 maximas
2589 738 2759 780 noxas
2818 734 2930 777 tum
2961 724 3140 792 aegris,
3176 732 3286 777 tum
3328 725 3414 778 in-

191 843 229 890 θ’
253 834 452 907 βιϐλίων
484 829 583 900 τὴν
615 828 837 896 σύνοψιν
868 824 1222 897 περιγράφει.

257 1098 356 1152 Καὶ
394 1097 450 1150 ὲν
493 1096 595 1167 μὲν
626 1095 703 1167 τῷ
734 1102 783 1150 α’
815 1094 1172 1165 διαλαμϐάνει
1223 1091 1354 1163 περί
1386 1108 1445 1146 τε
1476 1092 1576 1161 τῆς
1602 1088 1744 1143 κατὰ

195 1191 253 1244 τὰ
275 1188 541 1263 γυμνάσια
578 1186 934 1258 προφυλακῆς
983 1187 1079 1240 καὶ
1124 1185 1302 1240 αὐτῶν
1328 1185 1438 1238 τῶν
1454 1184 1500 1216 ⁸⁵
1532 1198 1745 1253 γυμνα-

197 1282 324 1344 σίων,
351 1279 632 1333 κενώσεών
670 1295 731 1333 τε
759 1276 990 1331 καθόλου
1014 1276 1109 1330 καὶ⁴
1140 1275 1236 1331 ἐπὶ
1291 1275 1512 1347 μέρους,
1544 1274 1651 1327 τῶν
1686 1289 1745 1325 τε

194 1372 249 1425 δι’
267 1370 498 1433 ἐπινοίας
521 1370 618 1423 καὶ
647 1370 789 1422 ὅσων
826 1368 859 1437 ἡ
898 1368 1060 1437 φύσις
1086 1368 1252 1439 κυρία
1272 1383 1285 1397 ·
1318 1365 1445 1437 περί
1482 1382 1543 1418 τε
1569 1364 1747 1434 ἀέρων

194 1461 277 1514 καὶ
305 1459 561 1529 λουτρῶν,
592 1456 876 1526 αὐτοφυῶν
909 1473 969 1509 τε
994 1458 1090 1511 καὶ
1135 1456 1246 1511 τῶν
1290 1458 1355 1509 ὲκ
1385 1456 1580 1526 τέχνης
1599 1470 1615 1485 ο
1654 1456 1749 1509 καί⁸

195 1552 310 1621 περὶ
354 1550 614 1623 ἱδρώτων,
645 1551 733 1605 ναὶ
752 1550 799 1582 ⁶⁰
828 1549 894 1620 δὴ
928 1549 1023 1603 καὶ
1068 1550 1199 1619 περὶ
1245 1547 1747 1615 καταπλασμάτων,

194 1643 307 1712 περί
332 1661 390 1697 τε
424 1644 524 1713 τῆς
554 1644 635 1706 είς
672 1641 851 1696 ἔλαιον
891 1642 984 1695 καὶ
1010 1641 1288 1712 ὐδρέλαιον
1314 1640 1622 1711 ὲμϐάσεως,
1655 1639 1749 1692 καὶ

194 1733 280 1787 ὅσα
320 1733 380 1785 τὸ
426 1733 603 1803 δέρμα
646 1732 911 1786 δάκνοντα
942 1731 977 1801 ἢ
1006 1728 1180 1793 ἄλλως
1233 1729 1592 1799 διαφοροῦντα
1643 1727 1753 1780 τῶν

195 1824 532 1896 χρονιζόντων
584 1823 773 1879 παθῶν
819 1823 934 1891 τὴν
979 1820 1548 1892 μετασυτκριτικὴν,
1577 1820 1654 1884 ὡς
1687 1822 1753 1875 ἂν

198 1917 454 1990 μεθοδικὸς
469 1917 517 1949 ⁶¹
544 1917 678 1989 φαίη
708 1918 870 1989 ἀνὴρ,
899 1915 1271 1987 ἀπεργάζεται
1302 1913 1621 1985 θεραπείαν.

280 2209 365 2261 Ἐν
406 2207 468 2261 δὲ
506 2207 586 2278 τῷ
638 2204 684 2277 β’
710 2205 842 2278 περί
877 2222 939 2261 τε
973 2206 1076 2277 τῆς
1120 2203 1406 2275 δυνάμεως
1431 2204 1541 2259 τῶν
1571 2203 1759 2257 ἁπλῶν

199 2298 539 2370 διαλαμϐάνει
570 2298 900 2369 φαρμάκων,
935 2297 1030 2351 καὶ
1063 2296 1195 2367 περὶ
1238 2296 1340 2366 τῆς
1368 2295 1572 2349 τούτων
1602 2295 1757 2348 ἐκλο-

201 2391 309 2460 γῆς,
346 2391 443 2445 xui.
473 2390 607 2460 art-:91
633 2388 984 2457 κατασκευῆς
1007 2388 1118 2442 τῶν
1141 2405 1203 2441 τε
1233 2387 1463 2442 ἀκόπων
1492 2386 1761 2456 καλουμέ-

203 2500 293 2537 νων
310 2478 633 2554 χρισμάτων
659 2482 755 2535 καὶ
786 2480 1175 2552 ὲμπλάστρων,
1200 2481 1294 2534 καὶ
1324 2479 1456 2550 περὶ
1482 2477 1758 2548 σταθμῶν,

205 2578 314 2647 περί
343 2592 403 2629 τε
441 2576 556 2628 τῶν
592 2573 811 2628 κοπτῶν
841 2574 1193 2643 καλουμένων
1217 2572 1639 2643 πλατυσμάτων,
1666 2569 1762 2623 καὶ

206 2668 318 2736 περὶ
355 2667 611 2737 ἑψήσεως
649 2665 759 2719 τῶν
818 2664 1241 2736 ἐμϐαλλομένων
1295 2665 1378 2727 εἰς
1421 2664 1522 2726 τὰς
1550 2662 1762 2734 ἐμπλά-

208 2775 383 2830 στρους
413 2748 553 2831 [288
577 2756 675 2830 11.]
698 2758 1025 2829 φαρμάκων.

265 2949 333 3002 Τὸ
384 2949 444 3003 δὲ
488 2954 541 3017 γ’
577 2948 854 3014 συνθέσεις
899 2948 1049 3021 αὐτῷ
1075 2949 1381 3021 φαρμάκων
1411 2949 1765 3004 παντοδαπῶν

208 3054 452 3095 περιεγει.

303 3059 318 3092 ι
382 3058 452 3095 ει.

266 3040 413 3183 ξ’ὸέχδὲ
441 3130 490 3183 δ’
525 3131 655 3202 περὶ
680 3131 901 3201 τροφῶν
937 3129 1089 3183 ἐστὶν
1134 3128 1282 3201 αὐτῷ
1336 3130 1765 3201 συντεταγμένον

1846 823 2061 877 terdum
2114 821 2278 875 etiam
2332 819 2482 874 sanis
2556 814 2886 872 inferendas.
2959 814 3157 869 Verum
3221 830 3413 871 novem

1851 916 2005 972 hisce
2059 916 2214 970 libris
2271 914 2483 970 illorum
2530 910 2870 981 septuaginta
2912 909 3289 980 compendium
3335 908 3416 965 itt-

1849 1006 2036 1062 cludit.

1918 1096 2104 1151 Primo
2137 1096 2249 1168 (Ξὸ)
2272 1110 2401 1166 ergo
2463 1094 2605 1150 libro
2673 1093 2891 1149 disserit
2939 1093 3005 1148 tle
3058 1093 3309 1148 cautione
3362 1091 3417 1145 in

1850 1189 2095 1260 corporis
2147 1186 2629 1243 exercitationibus
2685 1186 3011 1251 adhibenda,
3081 1195 3137 1240 et
3178 1185 3245 1239 de
3290 1183 3422 1253 ipsis

1852 1279 2353 1344 exercitationibus,
2392 1280 2458 1333 de
2494 1277 2935 1332 evacuationibus
2967 1292 3088 1330 cum
3146 1278 3420 1339 universe,

1855 1378 1965 1423 tum
1995 1370 2297 1440 singulatim
2338 1388 2353 1425 :
2382 1379 2439 1423 et
2468 1370 2554 1435 iis,
2585 1369 2669 1423 vel
2699 1383 2794 1439 per
2821 1383 2882 1423 ea
2910 1383 3029 1438 quae
3050 1367 3270 1436 ingenio
3296 1376 3424 1421 sunt

1854 1461 2177 1530 excogitata,
2228 1462 2312 1516 vel
2347 1476 2445 1531 per
2486 1475 2549 1516 ea
2593 1476 2820 1530 quorum
2855 1462 3067 1516 domina
3100 1470 3288 1514 natura
3319 1469 3421 1514 est.

1855 1549 1937 1605 De
1993 1566 2121 1606 aere
2165 1550 2231 1606 ad
2288 1552 2423 1617 haec,
2472 1561 2527 1606 et
2581 1552 2788 1608 balneis
2843 1561 2953 1607 tam
2993 1553 3206 1619 nativis,
3260 1567 3424 1622 quam

1858 1643 2186 1700 artiﬁciosis.
2257 1642 2389 1700 Item
2430 1644 2499 1699 de
2537 1645 2824 1701 sudoribus
2860 1654 2918 1699 et
2979 1645 3385 1713 cataplasmatis
3407 1650 3431 1698 ι’

1859 1737 1925 1793 de
1952 1737 2053 1793 olei
2100 1737 2257 1803 meri,
2310 1745 2365 1792 et
2415 1738 2517 1794 olei
2566 1754 2703 1808 aqua
2762 1739 2919 1795 diluti
2978 1740 3154 1795 labro.
3196 1738 3323 1812 [De
3359 1740 3429 1794 iis

1860 1830 2273 1902 denique]quaa
2301 1839 2480 1886 cutem
2522 1832 2784 1897 rodendo,
2840 1840 2932 1886 aut
2981 1833 3172 1887 saltem
3232 1832 3429 1887 dissol-

1791 1914 2060 1987 Bvendo,
2114 1923 2260 1977 illam
2304 1923 2683 1979 diuturnorum
2732 1924 3044 1979 morborum
3092 1926 3428 1979 curationem

1857 2014 2114 2082 cilicium,
2178 2030 2339 2086 quam
2372 2017 2846 2088 metasyncriticam
2888 2017 3180 2073 methodici
3243 2016 3431 2088 appel-

1857 2105 1991 2160 lant.

1934 2198 2193 2254 Secundo
2252 2198 2393 2256 libro
2439 2198 2553 2272 (26)
2580 2200 2647 2256 de
2674 2199 3004 2268 simplicium
3069 2200 3435 2257 medicamen-

1856 2299 2035 2345 torum
2085 2290 2346 2347 facultate
2392 2300 2608 2357 tractat,
2691 2307 2991 2364 eorumque
3057 2293 3310 2349 delectu:
3367 2296 3434 2349 de

1859 2392 2142 2454 apparatu,
2194 2400 2316 2439 cum
2348 2384 2573 2439 άκόπων
2616 2385 2727 2455 (27)
2759 2400 2880 2456 qua:
2937 2388 3288 2443 nominantur
3333 2404 3436 2441 un-

1859 2486 2208 2545 guentorum,
2259 2484 2371 2530 tum
2410 2475 2856 2545 emplastrorum.
2887 2477 3015 2534 Post
3047 2480 3161 2534 ltatc
3196 2480 3263 2535 de
3297 2495 3436 2552 pon-

1860 2569 2114 2622 deribus:
2171 2568 2237 2621 de
2284 2567 2407 2621 latis
2458 2567 2791 2637 emplastris,
2852 2585 2973 2640 qua:
3048 2571 3228 2626 κοπτὰ
3268 2570 3438 2644 [sive

1862 2658 2134 2731 contusa]
2181 2661 2473 2730 appellant,
2534 2661 2711 2732 deque
2771 2665 3016 2718 eoelione
3074 2666 3438 2720 medicamen-

1863 2759 2065 2814 torum,
2106 2765 2228 2821 quae.
2282 2750 2351 2805 ad
2397 2751 2676 2821 emplastri
2736 2755 3132 2810 coniectionem
3208 2758 3439 2812 commi-

1862 2852 2045 2898 scentu
2055 2860 2100 2900 I‘.

1937 2936 2123 2993 Tertio
2190 2940 2328 2995 libro
2410 2938 2840 3008 compositiones
2915 2938 3435 2994 medicamentorum

1866 3032 2042 3086 omnis
2090 3034 2305 3101 generis
2363 3033 2726 3103 persequitur.

1939 3124 2173 3191 Quartus
2205 3124 2314 3196 (‘28)
2334 3127 2399 3180 de
2427 3126 2801 3179 alimentorum
2828 3123 3101 3191 facultate,
3150 3125 3323 3194 deque
3344 3123 3437 3178 ho~

209 3219 496 3292 δυνάμεως,
522 3222 616 3275 κα)⁸
663 3224 793 3292 περὶ
825 3223 926 3293 τῆς
953 3223 1159 3276 τούτων
1194 3221 1506 3288 σκευασίας,
1542 3223 1671 3292 περί
1702 3240 1763 3276 τε

1870 3234 1985 3270 rum
2005 3228 2283 3287 apparatu,
2306 3218 2753 3287 conseriptus:de
2802 3216 2974 3271 mulso
3018 3217 3167 3278 item,
3206 3216 3445 3269 caneris-

214 3311 530 3383 μελικράτου
572 3312 669 3365 καὶ
714 3314 978 3382 πομάτων
1002 3313 1197 3380 ἄλλων,
1237 3313 1337 3365 ὅσα
1375 3315 1633 3384 χρήσιμα
1656 3315 1767 3375 τοῖς

212 3402 564 3472 ἀρρωστοῦσι,
605 3405 734 3476 περί
780 3422 841 3459 τε
882 3405 1343 3475 γαλακτοποσίας,
1377 3405 1473 3459 καὶ
1522 3403 1602 3458 ἔτι
1642 3404 1771 3475 περὶ

214 3494 419 3552 ὑδάτων.

271 3586 338 3639 Τὸ
374 3588 432 3641 δὲ
474 3586 523 3640 ε’
547 3587 649 3640 ὅσα
691 3604 754 3640 τε
770 3589 818 3620 ⁶¹
841 3590 963 3653 ταῖς
1001 3589 1265 3653 κυούσαις
1314 3588 1601 3660 συμϐαίνει
1630 3589 1773 3643 διδά-

216 3688 339 3738 σκει,
373 3676 589 3730 δίαιτάν
618 3693 677 3728 τε
724 3675 928 3741 αὐτῶν,
974 3678 1068 3730 κα)⁵
1116 3680 1294 3731 ὁποῖαι
1329 3679 1386 3731 αἱ
1416 3678 1615 3744 τιτθαὶ,
1646 3678 1773 3749 περί

215 3780 265 3815 τε
299 3766 529 3835 κομιδῆς
556 3766 794 3831 παιδίου,
843 3768 939 3820 καὶ
978 3768 1078 3821 ὅσα
1138 3767 1296 3821 εἴωθε
1330 3769 1647 3838 συμϐαίνειν
1699 3768 1775 3838 τῷ

216 3855 366 3910 ἀιδί.
404 3857 549 3926 Περί
578 3873 637 3910 τε
668 3858 874 3924 κόπων,
911 3859 1003 3923 οὓς
1031 3862 1176 3913 ποιεῖ
1190 3860 1237 3892 ⁸³
1265 3860 1334 3913 τὰ
1362 3861 1656 3930 γυμνάσια,
1681 3863 1777 3913 καὶ

216 3941 279 3999 ὧν
306 3950 401 4003 οὑκ
454 3950 577 4003 ἐστι
621 3950 806 4004 λαϐεῖν
863 3954 928 4005 ἐκ
985 3952 1080 4006 τοῦ
1129 3954 1453 4024 φαινομένου
1485 3953 1548 4007 τὸ
1581 3955 1772 4009 αἴτιον.

216 4036 310 4091 Καὶ
334 4042 461 4113 περὶ
518 4041 867 4111 στεγνὼσεως
908 4043 1198 4114 δέρματος.
1235 4045 1510 4115 Γερόντων
1538 4063 1597 4099 τε
1636 4046 1777 4100 δίαι-

216 4144 300 4182 ταν
344 4132 612 4203 εὑρήσεις
657 4133 717 4187 ἐν
748 4134 947 4205 τούτῳ,
983 4135 1078 4189 καλ⁵
1107 4136 1206 4189 ὅσα
1232 4135 1327 4189 τοῦ
1361 4135 1609 4207 σώματος
1637 4137 1779 4191 κατὰ

216 4220 300 4290 τὴν
337 4224 665 4295 ἐπιφάνειαν
708 4226 1057 4297 συμπεσόντα
1097 4229 1263 4299 ἄχαρι
1313 4229 1410 4300 τὴν
1444 4229 1565 4300 ὄψιν
1614 4232 1774 4295 ποιεί,

216 4312 406 4369 τούτων
434 4316 763 4388 ἀπαλλαγὴν
787 4319 883 4374 καὶ
908 4320 1006 4389 τῆς
1053 4322 1416 4392 παρατροπῆς
1468 4322 1779 4394 ἐπανόρθω-

219 4419 309 4468 etv,
335 4407 569 4461 ὀδόντων
600 4426 660 4461 τε
681 4408 951 4481 φυλακὴν,
984 4412 1079 4465 καὶ
1111 4412 1445 4483 βαρυηκοῖας
1470 4415 1778 4485 καὶδάχλύος

217 4497 465 4566 ὀμμάτων
516 4500 825 4572 διόρθωσιν,
854 4505 948 4557 καὶ
1007 4503 1110 4573 τῆς
1155 4506 1262 4559 ἀπὸ
1312 4506 1411 4576 τῆς
1460 4507 1779 4578 πλησμονῆς

1871 3324 1974 3378 que
2004 3310 2236 3378 potionis
2270 3311 2576 3378 generibus,
2609 3323 2727 3379 quae
2775 3308 2989 3379 quidem
3055 3307 3449 3378 aegrotantibus

1872 3402 2022 3455 utilia
2058 3403 2188 3457 sint.
2248 3403 2324 3456 De
2376 3402 2533 3457 lactis
2573 3403 2793 3470 insuper
2838 3411 2989 3471 potu,
3019 3415 3083 3456 ac
3116 3398 3350 3468 denique
3377 3397 3445 3453 de

1873 3480 2053 3565 aquis.

1944 3589 2176 3656 Quintus
2222 3586 2522 3658 ἤδει-(29),
2555 3603 2675 3657 quae
2729 3587 2965 3658 gravidis
2996 3601 3060 3640 ac
3109 3585 3443 3655 praegnanti-

1874 3682 1977 3736 bus
2018 3682 2292 3747 accidant,
2351 3683 2543 3747 tradit,
2591 3694 2892 3751 earumque
2965 3680 3186 3745 victum,
3219 3689 3274 3733 et
3307 3692 3446 3748 qua-

1876 3770 1954 3826 les
1988 3771 2225 3824 nutrices
2266 3770 2543 3838 eligendae.
2582 3769 2657 3823 De
2693 3768 2914 3822 infantis
2940 3766 3276 3833 educatione,
3308 3781 3449 3835 quae-

1875 3878 1978 3932 que
2008 3861 2055 3915 ei
2102 3862 2247 3916 aatati
2301 3862 2547 3915 accidere
2608 3861 2803 3914 solent.
2840 3861 2913 3914 De
2954 3858 3269 3914 lassitudine
3323 3868 3448 3912 cum

1877 3956 1944 4010 ab
1979 3955 2369 4009 exercitatione
2415 3964 2562 4018 nata,
2613 3962 2724 4006 tum
2763 3966 2825 4005 ea
2872 3952 3027 4019 cujus
3077 3965 3240 4004 causa
3291 3959 3446 4003 exte-

1878 4049 1993 4102 rius
2058 4048 2279 4101 minime
2312 4057 2562 4116 apparet:
2593 4045 2830 4113 itemque
2847 4043 2915 4097 de
2940 4042 3080 4097 cutis
3108 4041 3444 4097 astrictione.

1880 4138 2079 4192 Senum
2144 4152 2357 4207 quoque
2419 4136 2618 4189 victum
2662 4136 2748 4188 hic
2800 4134 3061 4202 reperias,
3090 4142 3143 4186 et
3186 4146 3449 4200 quatenu-

1879 4246 1987 4300 que
2047 4229 2261 4298 corpori
2327 4228 2664 4284 extrinsecus
2727 4226 3069 4280 advenientia
3130 4223 3451 4278 deformita-

1882 4328 1988 4373 tem
2047 4318 2360 4381 conciliant,
2424 4317 2726 4383 horumque
2782 4313 3155 4382 depulsionem
3205 4320 3453 4365 etcura-

1882 4413 2103 4467 tionem.
2165 4410 2413 4464 Dentium
2470 4420 2729 4478 praalerea
2761 4405 3087 4471 custodiam,
3115 4414 3169 4459 et
3208 4418 3329 4471 quae
3356 4416 3452 4455 an-

1882 4505 2060 4560 diendi
2120 4504 2486 4559 dilﬁcultatem
2581 4512 2743 4572 atque
2810 4501 3092 4557 oculorum
3165 4497 3450 4565 caliginem

220 4584 409 4658 βλάϐης
439 4590 763 4660 θεραπείαν,
796 4593 1026 4663 ἀσχόλου
1059 4611 1118 4646 τε
1148 4593 1264 4663 βίου
1288 4594 1497 4650 δίαιταν
1518 4612 1531 4625 ⁸
1562 4596 1691 4668 περί
1714 4614 1764 4649 τε

1878 4597 2171 4651 restituunt
2211 4596 2433 4651 :datnni
2489 4594 2555 4648 ad
2597 4595 2713 4648 haec
2756 4609 2785 4646 a
2845 4593 3129 4646 saturitate
3172 4588 3302 4643 illati
3359 4604 3455 4639 cn-

216 4677 310 4730 τῶν
353 4681 782 4753 διαφθειρόντων
819 4686 889 4738 τὰ
938 4686 1102 4738 σιτία.
1150 4685 1516 4762 Ὀδοιποροῦσί
1560 4705 1620 4740 τε
1682 4691 1775 4742 καὶ

220 4769 582 4842 πλοϊζομένοις
629 4776 901 4829 ἐκτίθεται
935 4778 1169 4844 δίαιταν,
1210 4778 1463 4848 καὶπερὶ
1514 4779 1777 4850 καθαιρέ-

221 4874 341 4925 σεως
367 4866 596 4936 σαρκῶν
638 4866 997 4938 διαλαμϐάνει
1041 4869 1391 4939 ἀναθρέψεως
1415 4886 1495 4934 τε,
1523 4870 1619 4923 καὶ
1668 4870 1781 4925 διά-

220 4964 402 5017 γνωσιν
433 4958 709 5029 κράσεως,
739 4962 833 5014 καὶ
868 4961 1321 5033 παρατραπείσης
1342 4962 1389 4993 ⁸⁸
1419 4963 1587 5033 αὐτῆς
1615 4964 1781 5035 θερα-

220 5043 385 5100 πείαν.

1874 4689 2162 4751 rationem,
2194 4696 2248 4741 et
2301 4686 2593 4757 negotiosm
2652 4687 2775 4739 vitae
2816 4686 3039 4738 victum.
3079 4683 3153 4736 De
3183 4682 3248 4733 iis
3288 4677 3452 4734 etiam

1876 4778 2075 4847 quibus
2127 4762 2383 4833 alimenta
2437 4788 2889 4847 corrumpuntur:
2927 4787 2981 4831 et
3018 4777 3120 4830 iter
3171 4775 3453 4846 agentibus

1879 4885 1944 4923 ac
1974 4871 2357 4938 navigantibus
2400 4850 2575 4924 victus
2614 4869 2876 4923 rationem
2912 4868 3236 4938 praescribit.
3274 4867 3451 4920 Disse—

1880 4962 1954 5016 rit
1984 4968 2037 5015 et
2077 4963 2141 5015 de
2170 4963 2353 5016 carnis
2377 4963 2761 5017 extenuatione
2783 4972 2943 5030 atque
2976 4960 3294 5023 nutritione,
3336 4969 3458 5029 post

1883 5066 2002 5119 qua:
2048 5053 2457 5120 temperamenti
2511 5053 2871 5123 cognitionem
2896 5061 2951 5108 et
2978 5052 3094 5121 ejus
3141 5052 3315 5107 eversi
3354 5066 3454 5106 cu-

1888 5144 2153 5197 rationem
2202 5145 2387 5200 tradit.

1480 5300 1714 5358 VARIJE
1753 5303 2151 5361 LECTIONES.

283 5379 324 5408 "
358 5381 637 5464 TQV‘?dd.
673 5387 737 5440 A.
813 5389 858 5419 ³ο
888 5389 976 5464 ναὶ
1008 5389 1054 5442 A
1098 5408 1110 5442 :
1142 5390 1234 5444 καὶ
1263 5408 1324 5454 ς.
1400 5392 1442 5423 ⁶¹
1464 5393 1753 5463 μεθοδικὴν
1786 5395 1866 5449 A:
1896 5396 2196 5464 μεθοδικῶς
2227 5416 2285 5462 ς.
2365 5400 2410 5433 ⁶¹
2428 5417 2488 5453 τε
2521 5401 2646 5455 add.
2678 5402 2744 5457 A.
2822 5402 2868 5434 ”
2896 5404 3043 5455 ποιεῖ
3073 5401 3142 5457 τὰ
3163 5403 3207 5455 Δ
3246 5420 3260 5457 :
3289 5405 3460 5457 ποιεί-ι

221 5460 301 5498 ται
344 5466 406 5512 ς.
485 5453 531 5483 ⁸⁸
581 5459 1009 5529 περιτραπείσης
1038 5476 1099 5523 ς.

1752 5597 1981 5656 NOTAE.

429 5698 502 5780 is.
524 5703 588 5780 _in
612 5704 681 5757 55
704 5706 861 5761 hodie
905 5713 1078 5779 capita
1112 5714 1395 5769 dissectus.

437 5770 602 5848 [jujus
646 5792 805 5830 unum
834 5788 888 5832 et
913 5766 985 5833 611
1012 5766 1211 5848 capita.

292 5836 403 5908 (υ)
435 5836 689 5905 Quaenam
725 5860 787 5899 ea
817 5848 945 5912 sint,
1007 5836 1220 5910 docebit
1262 5854 1515 5911 Gemens
1562 5856 1614 5911 in
1659 5856 1777 5913 Dei.

470 5933 737 5996 ΡΑτιιοι.
777 5939 895 6001 Gn.
930 5942 1091 6004 Clll.

2102 5724 2293 5795 Capita
2332 5727 2382 5780 ei
2414 5728 2610 5783 tribnla
2654 5731 2706 5784 in
2747 5730 2909 5786 editis
2943 5733 3032 5787 M.

1956 5792 2070 5863 (29)
2098 5792 2289 5851 Sestus
2330 5798 2381 5851 in
2413 5800 2589 5869 capita
2630 5800 2722 5855 55.

3022 5950 3101 6016 23
