3940 6402
615 385 725 457 715

613 594 767 664 signa
794 600 921 648 sunt
948 592 1014 647 ad
1048 602 1195 649 recte
1222 603 1445 664 tutoque
1473 596 1540 651 de
1570 598 1773 652 morbis
1810 595 2183 665 iudicandum.

613 684 837 740 Curatio
886 683 1040 748 item,
1065 699 1129 739 ac
1163 687 1422 755 prenotio
1470 688 1701 742 febrium
1744 698 1906 757 atque
1945 698 2182 761 sympto-

613 781 851 826 matum:
889 772 1162 841 adiunctis
1189 783 1245 830 et
1277 774 1507 831 febrium
1559 777 1851 847 generibus
1888 793 2187 850 earumque

612 864 889 920 remediis.
951 866 1023 920 De
1066 865 1228 929 fame,
1278 867 1346 921 de
1383 868 1547 923 animi
1596 868 1898 926 defectione
1943 886 2009 927 ac
2056 888 2187 945 syn-

614 968 769 1022 copa,
822 964 986 1024 atque
1015 955 1083 1009 de
1115 955 1323 1022 dolore,
1376 966 1430 1011 et
1474 958 1711 1029 singultu
1753 960 1883 1031 agit.
1933 960 2069 1017 Item
2115 964 2184 1019 de

613 1045 808 1099 canina
865 1048 1194 1116 appetentia,
1242 1057 1299 1102 et
1345 1057 1532 1105 contra
1580 1052 1648 1108 de
1702 1064 1978 1122 prostrato
2024 1071 2187 1125 appe-

614 1134 734 1197 titu,
782 1143 839 1191 et
885 1138 1166 1194 curatione
1228 1138 1504 1196 immensa:
1564 1141 1746 1198 famis.
1800 1144 2067 1202 Praeterea
2117 1148 2186 1203 de

610 1241 811 1282 nausea
842 1236 897 1282 et
923 1229 1149 1296 vomitu,
1176 1239 1230 1284 et
1260 1231 1326 1283 de
1352 1231 1642 1299 insomnia,
1662 1244 1901 1305 torpore,
1924 1238 2186 1309 colliqua-

610 1318 780 1384 tione,
814 1320 930 1385 siti,
971 1328 1133 1389 atque
1161 1322 1462 1377 exulcerati
1489 1324 1628 1380 ossis
1661 1328 1800 1381 sacri
1838 1330 2121 1386 medicina.

686 1408 927 1481 Septimo
959 1410 1071 1482 (51)
1106 1426 1236 1466 vero
1292 1412 1433 1468 libro
1465 1415 1533 1469 de
1568 1416 1836 1474 ulceribus
1894 1420 2182 1486 universis,

608 1509 720 1556 tam
755 1517 875 1572 quae
893 1503 1186 1574 simplicia,
1220 1519 1382 1575 quam
1413 1523 1534 1577 quae
1561 1523 1693 1563 cava
1743 1510 1998 1567 dicuntur
2026 1531 2041 1567 :
2074 1514 2182 1569 imo

605 1594 746 1649 etde
775 1594 841 1649 iis
873 1596 1070 1664 quibus
1114 1598 1370 1655 cicatrice
1398 1610 1482 1657 est
1534 1616 1692 1673 Opus,
1731 1612 1896 1674 atque
1924 1606 1992 1662 de
2021 1620 2185 1663 carne

1784 391 2049 455 ΡΗΟΤΠ
2086 392 2594 456 PATRIARCH/E
2631 396 2744 458 ΟΡ.

689 495 847 569 ι¹15
863 496 964 553 Ηιι
981 506 1196 557 sertum
1213 498 1409 558 librum
1429 500 1545 575 (50)
1562 517 1623 558 ea
1644 513 1769 559 sunt
1796 506 2062 576 conjecta.
2083 520 2202 573 quae
2225 504 2279 564 A

3753 406 3826 471 716

2386 503 2475 556 Ἐν
2503 504 2560 557 δὲ
2587 504 2667 573 τῷ
2707 511 2760 570 ς’
2795 506 3148 563 συντέτακται
3185 507 3336 581 αὐτῷ
3371 510 3473 564 ὅσα
3501 525 3561 565 τε
3586 513 3633 545 ⁸⁸
3664 515 3737 578 εἰς
3764 535 3830 587 ση.

2299 593 2528 665 μείωσιν
2561 595 2780 667 ἀσφαλῆ
2821 598 2988 652 τείνει
3018 601 3112 653 καὶ
3143 602 3325 673 κρίσιν
3350 603 3538 675 ὀρθὴν,
3578 604 3828 676 θεραπεῖαί

2290 707 2355 742 τε
2388 691 2485 744 xui
2518 691 2857 760 προγνώσεις
2883 696 3135 763 πυρετῶν
3179 697 3274 749 καὶ
3308 699 3746 769 συμπτωμάτων.
3774 704 3831 758 Τά

2287 801 2345 835 τε
2387 783 2500 854 εἴδη
2520 782 2628 836 τῶν
2652 784 2906 855 πυρετῶν
2939 786 3157 851 καὶτὰς
3194 787 3387 855 ἰάσεις,
3420 792 3548 859 περί
3577 808 3637 843 τε
3663 791 3831 862 λοιμῶν

2288 870 2718 940 λειποθυμίαςτε
2741 872 2834 924 xui
2860 874 3138 944 συγκοπῆς
3172 876 3265 928 xui
3292 876 3483 946 ὀδύνης
3534 880 3625 932 xui
3658 878 3830 949 λυγμοῦ

2287 958 2666 1031 διαλαμϐάνει,
2698 960 2969 1026 κυνώδους
2989 980 3049 1015 τε
3078 964 3308 1035 ὀρέξεως
3338 967 3433 1020 xui
3457 969 3737 1039 άνορεξίας
3762 976 3830 1024 καὶ

2289 1049 2544 1120 βουλίμου
2574 1051 2892 1124 θεραπείας,
2925 1052 3043 1127 [561
3076 1055 3168 1128 R.]
3190 1056 3348 1111 ἔτιδὲ
3370 1060 3501 1129 περὶ
3530 1061 3745 1124 ναυτίας
3765 1070 3833 1116 καὶ

2286 1139 2498 1209 ἐμέτων
2548 1140 2858 1211 ἀγρυπνίας
2905 1160 2966 1196 τε
3005 1145 3100 1198 καὶ
3143 1149 3479 1216 καταφορᾶς,
3520 1150 3612 1202 καὶ
3663 1155 3831 1221 συντή-

2287 1232 2423 1298 ξεως
2477 1231 2572 1285 xui
2611 1232 2818 1303 δίψους,
2864 1236 2958 1289 xui
3012 1236 3339 1302 ὲλκωθέντος
3365 1239 3462 1292 τοῦ
3520 1241 3665 1311 ἱεροῦ
3701 1242 3831 1298 ὀστοῦ

2290 1324 2588 1398 θεραπείας
2606 1327 2673 1382 ⁸⁸.

2356 1419 2517 1472 Κατὰ
2552 1419 2609 1472 δὲ
2637 1419 2698 1472 τδ
2730 1417 2776 1481 ζ’
2804 1420 2978 1474 ἑλκῶν
3015 1422 3113 1493 μὲν
3152 1422 3429 1487 ἁπάντων,
3479 1424 3589 1478 τῶν
3626 1443 3684 1480 τε
3711 1428 3833 1494 λεγο-

2289 1509 2467 1578 μένων
2523 1510 2712 1564 ἁπλῶν
2746 1512 2843 1565 xui
2876 1512 2986 1565 τῶν
3014 1514 3230 1579 κοίλων,
3266 1516 3360 1569 καί
3393 1533 3457 1585 γε
3507 1519 3603 1571 xui
3633 1519 3739 1572 τῶν
3763 1522 3833 1574 οὐ·

2289 1598 2389 1669 λῆς
2414 1600 2683 1670 δεομένων
2727 1603 2824 1656 καὶ
2851 1604 3344 1672 ὑπερσαρκοῦντων
3374 1609 3697 1671 ἐκδιδάσκει,
3723 1615 3833 1681 πρὸς

606 1689 1009 1748 abundantibus
1038 1694 1151 1764 agit
1182 1711 1196 1750 :
1226 1695 1317 1751 ubi
1345 1705 1399 1751 et
1429 1697 1551 1768 igne
1590 1700 1856 1756 ambustis
1884 1702 2175 1758 remedium

2285 1708 2343 1744 τε
2382 1692 2450 1745 τά
2486 1692 2808 1763 πυρίκαυτα
2844 1696 3141 1766 θεραπείας
3163 1700 3397 1768 εἰσάγει,
3430 1702 3525 1753 xui
3560 1704 3687 1773 περὶ
3708 1705 3834 1770 ἐξαν-

604 1780 780 1836 affert.
815 1781 946 1838 Item
978 1785 1045 1839 de
1067 1786 1295 1857 papulis,
1324 1788 1389 1842 de
1423 1790 1660 1858 pruritu,
1690 1790 1758 1846 de
1787 1792 2039 1861 pustulis,
2061 1808 2175 1864 qua!

2287 1782 2546 1853 θημάτων
2580 1786 2675 1839 xui
2710 1788 2968 1858 κνησμῶν
2998 1789 3091 1842 xui
3120 1790 3488 1859 φλυκταινῶν,
3513 1795 3831 1867 ἀναρρηγνυ-

602 1873 924 1944 pblyctama:
960 1851 1245 1942 vocaiiiur,
1282 1851 1353 1933 vet
1394 1851 1460 1933 de
1511 1879 1781 1936 ulceribus
1823 1851 2175 1954 diruptislac

2288 1851 2464 1945 μένων
2493 1893 2554 1929 τε
2586 1875 2761 1932 ἑλκῶν
2799 1851 2903 1933 ’κᾷι
2956 1851 3275 1951 κακοήθων·
3308 1884 3445 1955 πρὸς
3787 1907 3830 1942 τε

602 1966 880 2036 malignis.
903 1967 984 2021 Ad
1031 1969 1390 2026 carbunculos
1430 1986 1644 2041 quoque
1669 1983 1724 2029 et
1758 1988 1984 2031 cancros
2014 1992 2177 2032 cura-

607 2059 786 2112 tiones
826 2060 1047 2115 ascribit
1079 2078 1093 2115 :
1126 2062 1505 2117 convulsorum
1542 2065 1668 2119 item
1698 2080 1762 2120 ac
1787 2067 2096 2124 luxatorum
2123 2082 2178 2127 et

601 2162 921 2220 ruptorum:
958 2154 1152 2222 quibus
1186 2156 1251 2209 ad
1303 2154 1418 2210 bare
1473 2158 1636 2213 rebus
1688 2160 1890 2229 cuspis,
1946 2164 2177 2230 arundo,

601 2243 780 2312 spina,
809 2252 903 2298 aut
940 2247 1101 2299 sudes
1146 2247 1300 2301 carni
1356 2246 1519 2302 infixa
1548 2250 1868 2307 evellantur.
1914 2252 1992 2308 De
2022 2256 2181 2311 redu-

605 2333 728 2397 viis,
784 2334 1136 2390 articulorum
1198 2337 1493 2404 ulceribus,
1555 2342 1836 2409 sanguinis
1875 2347 2174 2414 eruptione.

600 2422 679 2479 De
712 2426 895 2480 nervis
928 2428 1246 2491 vulneratis,
1275 2438 1329 2483 et
1363 2430 1861 2501 articulisluxatis;
1892 2435 2179 2491 deinﬂam-

602 2514 860 2577 matione,
892 2526 946 2569 et
991 2516 1058 2570 de
1112 2512 1419 2585 affectione,
1475 2535 1596 2589 qua:
1653 2536 1719 2576 ex
1769 2524 2176 2583 deﬂuxionibus

602 2605 657 2657 lit
688 2622 704 2673 ;
737 2606 801 2660 de
826 2621 1116 2677 gangrena,
1147 2619 1203 2662 et
1267 2610 1628 2679 Spitacelismo
1657 2631 1672 2680 ;
1707 2614 1774 2669 de
1826 2618 2177 2684 apostematis

599 2712 695 2750 seu
717 2697 1059 2754 abscessibus
1082 2709 1136 2754 et
1167 2700 1394 2769 fistulis;
1423 2704 1489 2759 de
1514 2706 1835 2775 erysipelate
1850 2719 1905 2763 et
1931 2710 2172 2779 berpete.

598 2787 731 2843 Item
781 2790 847 2844 de
880 2791 1127 2858 scirrbis,
1158 2795 1463 2858 mdematis.
1500 2798 1817 2863 termintho,
1849 2801 2171 2872 epinyctide.

600 2881 676 2935 Ite
705 2880 959 2936 dissectis
987 2881 1293 2953 Iigamentis
1321 2896 1376 2940 et
1406 2887 1619 2959 thymo,
1639 2888 1754 2944 ficis
1785 2901 1948 2961 atque
1982 2891 2176 2947 furun-

597 2972 755 3026 culis.
791 2972 867 3027 De
902 2975 1148 3030 verrucis
1206 2985 1261 3029 et
1294 2980 1625 3048 myrmeciis,
1675 2991 1839 3052 atque
1877 2984 2170 3041 similibus.

597 3063 679 3117 Ad
718 3064 954 3134 ganglia,
982 3080 1101 3133 quae
1155 3066 1519 3136 appellantur,
1546 3072 1612 3125 ad
1649 3073 1957 3140 perniones,
1983 3091 2048 3130 ac
2075 3077 2170 3131 lis-

596 3169 751 3209 suras
780 3155 894 3209 edit
922 3157 1314 3212 medicamenta
1345 3176 1362 3227 ;
1394 3170 1449 3216 et
1497 3162 1567 3216 ad
1610 3163 1852 3220 ulcerata
1898 3169 2167 3235 pudenda.

598 3243 673 3298 De
690 3244 843 3300 leuce
876 3255 1157 3314 praeterea,
1201 3248 1385 3317 alpho,
1423 3249 1595 3317 lepra,
1625 3254 1826 3319 scabie,
1851 3257 2164 3328 impetigine

600 3344 818 3399 "aetat,
852 3345 907 3390 et
940 3337 1007 3389 de
1038 3333 1443 3395 inﬂationibus:
1473 3353 1638 3412 utque
1659 3345 1900 3401 theriaca
1920 3363 1951 3403 e
1972 3349 2173 3419 viperis

600 3439 794 3491 magno
817 3424 891 3480 sit
921 3425 1315 3495 elephantiaeis
1352 3429 1686 3500 adiumento.
1715 3433 1783 3489 Et
1806 3436 1922 3493 haec
1955 3440 2169 3508 quidem

594 3517 829 3585 septimo
861 3518 1216 3573 continentur
1240 3519 1398 3577 libro.

668 3688 981 3762 Insequenti
1006 3708 1133 3749 vero
1152 3695 1221 3751 de
1248 3699 1520 3753 memoria:
1538 3699 1771 3769 jactura,
1791 3702 1969 3772 deque
1986 3704 2050 3759 iis
2080 3707 2171 3775 qni

600 3781 763 3834 nimia
796 3782 1095 3852 vigilia,vel
1130 3789 1281 3856 gravi
1310 3791 1669 3847 somnolentia
1700 3803 2041 3864 torquentur,
2063 3800 2174 3869 agit

598 3872 883 3928 Oribasius
908 3875 1019 3947 (52)
1054 3893 1068 3931 :
1114 3887 1225 3932 tum
1262 3880 1391 3950 quid
1429 3882 1695 3951 epbialtes
1728 3886 1822 3953 sit,
1847 3890 2172 3959 tnorbnsque

598 3964 981 4028 comitialis,et
1013 3966 1243 4038 vertigo,
1275 3971 1579 4040 ap0plexia,
1613 3984 1732 4028 atra
1763 3976 1908 4042 bilis,
1936 3979 2169 4046 insania,

598 4052 888 4109 vehemens
918 4072 1092 4124 amor,
1117 4074 1180 4111 ac
1212 4059 1587 4132 lycantbropia
1615 4082 1630 4118 :
1666 4066 1968 4137 horumque
1997 4084 2173 4126 reme-

596 4145 703 4199 tlia.
726 4145 800 4199 De
831 4148 1040 4202 cerebri
1056 4150 1122 4204 ad
1141 4150 1256 4206 haze
1282 4154 1760 4219 morbis,etrabidi
1788 4161 1943 4216 canis
1966 4176 2167 4217 morsu.

596 4235 672 4290 De
712 4239 970 4310 paralysi,
1019 4256 1113 4297 seu
1160 4259 1449 4300 nervorum
1505 4246 1858 4315 resolutione,
1889 4262 1943 4307 et
1970 4253 2167 4322 rigore,

596 4328 687 4395 qui
714 4330 951 4385 calelieri
1004 4346 1261 4403 nequeat.
1311 4337 1386 4391 De
1417 4337 1860 4397 convnlsionibus
1886 4358 1950 4398 ac
1982 4345 2172 4398 distin-

592 4421 793 4483 ctione.
832 4421 1007 4491 deque
1045 4426 1237 4494 capitis
1271 4428 1569 4487 doloribus.
1613 4433 1693 4485 Ad
1751 4448 2038 4498 puerorum
2090 4438 2169 4489 in-

2285 1966 2379 2019 xui
2429 1969 2724 2038 καρκίνους
2762 1970 2935 2036 ἰάσεις
2980 1973 3311 2043 ἀναγράφει,
3360 1976 3632 2046 σπασμῶν
3671 1995 3723 2030 τε
3757 1982 3830 2031 xui

2286 2062 2649 2128 στρεμμάτων
2677 2061 2772 2115 xui
2793 2062 3116 2132 θλασμάτων
3136 2080 3151 2096 ⁶
3169 2065 3303 2128 οἵοις
3324 2082 3382 2118 τε
3404 2067 3470 2119 ἂν
3486 2069 3612 2132 άκὶς
3636 2069 3667 2139 ἢ
3689 2069 3830 2122 κάλα-

2288 2150 2447 2222 μοςῆ
2489 2151 2762 2223 ἄκανθαῆ
2809 2154 3010 2225 σκόλοψ
3053 2144 3371 2227 ἐμπαγέντα
3412 2162 3574 2230 σαρκὶ
3607 2162 3829 2215 ἀποσπα-

2285 2242 2455 2312 σθείη·
2483 2244 2610 2315 περί
2638 2262 2696 2297 τε
2721 2248 3077 2318 παρωνυχιῶν
3104 2249 3199 2303 xui
3215 2252 3321 2304 τῶν
3346 2251 3403 2303 ἐν
3423 2253 3645 2323 ἄρθροις
3662 2254 3827 2319 ἑλκῶν,

2283 2334 2648 2405 αἱμορῤαγίας
2672 2336 2731 2389 τε
2758 2340 2852 2392 xui
2893 2342 3296 2411 νευροτρώτων,
3348 2343 3442 2397 καὶ
3473 2362 3539 2396 πε
3548 2346 3603 2415 pi
3629 2347 3832 2416 κεχαλα-

2285 2424 2497 2493 σμένων
2525 2426 2765 2497 ἄρθρων,
2797 2429 2923 2499 περί
2955 2448 3014 2483 τε
3047 2431 3357 2504 φλεγμονῆς
3393 2435 3485 2487 xui
3520 2438 3830 2505 ρευματικῆς

2282 2514 2598 2584 διαθέσεως,
2634 2519 2761 2587 περί
2806 2537 2864 2573 τε
2916 2526 3263 2594 γαγγραίνης
3315 2526 3409 2578 xui
3462 2528 3833 2598 σφακελισμοῦ,

2282 2609 2375 2662 xui
2408 2611 2537 2681 περὶ
2566 2612 2974 2683 ἀποστημάτων
3002 2618 3097 2669 xui
3140 2619 3437 2687 συρίγγων,
3471 2621 3830 2690 ὲρυσιπέλατός

2280 2715 2341 2750 τε
2375 2699 2469 2752 xui
2512 2699 2774 2770 ἓρπητος,
2809 2701 2907 2755 xui
2964 2702 3097 2773 περὶ
3127 2705 3372 2775 σκίρῤων
3393 2707 3439 2738 ⁸⁷
3484 2708 3583 2759 καὶ
3631 2709 3829 2778 οἰδημά-

2278 2805 2408 2854 των,
2442 2790 2735 2862 τερμίνθου
2769 2809 2830 2845 τε
2858 2794 2951 2847 xui
2987 2795 3346 2863 ὲπινυκτίδος,
3375 2799 3501 2869 περί
3539 2816 3598 2853 τε
3623 2800 3830 2869 διατμη-

2280 2876 2481 2933 θέντων
2513 2880 2847 2950 συνδέσμων,
2879 2882 2976 2934 xui
3007 2882 3178 2954 θύμου
3212 2886 3306 2938 xui
3342 2887 3524 2940 συκῶν
3559 2888 3648 2941 xui
3670 2886 3829 2959 δοθιή-

2280 2989 2409 3037 νων,
2446 2971 2855 3043 ἁκροχορδόνων
2895 2991 2955 3027 τε
2985 2977 3082 3029 xui
3123 2978 3456 3047 μυρμηκιῶν
3490 2980 3585 3031 xui
3613 2980 3714 3033 τῶν
3749 2998 3828 3033 συ-

2281 3063 2530 3134 στοίχων.
2588 3064 2733 3135 Πρός
2768 3082 2827 3118 τε
2862 3064 2931 3119 τὰ
2983 3065 3251 3155 λεγόμενα
3297 3069 3535 3137 γαγγλία
3588 3072 3677 3124 xui
3731 3076 3825 3140 χεί-

2282 3156 2452 3227 μεθλα
2473 3157 2517 3188 ⁸⁸
2545 3157 2639 3211 xui
2677 3158 2915 3230 ῥαγάδας
2939 3160 3213 3214 ἐκτίθεται
3255 3162 3449 3227 ἰάσεις,
3477 3165 3575 3217 xui
3606 3164 3737 3235 πρὸς
3759 3168 3815 3215 τὰ

2277 3250 2569 3320 ἡλκωμένα
2598 3250 2707 3304 τῶν
2747 3252 2981 3306 αἰδοίων.
3025 3254 3160 3324 Περί
3183 3271 3243 3307 τε
3276 3254 3475 3325 λεύκης
3533 3257 3626 3309 xui
3660 3256 3823 3326 ἀλφῶν

2274 3343 2370 3397 xui
2389 3343 2600 3414 λέπρας
2631 3345 2727 3398 xui
2758 3344 2947 3416 ψώρας
2988 3345 3084 3398 xui
3126 3345 3386 3417 λειχήνων
3402 3348 3447 3379 ⁸⁸
3473 3347 3823 3417 διαλαμϐάνει,

2271 3435 2368 3487 xui
2391 3437 2517 3504 περὶ
2552 3436 2981 3505 ὲμφυσημάτων,
3010 3435 3103 3489 xui
3136 3436 3213 3500 ὡς
3249 3439 3281 3508 ή
3317 3438 3425 3491 τῶν
3458 3439 3679 3507 ἐχιδνῶν
3710 3439 3823 3491 ἑδω-

2272 3524 2335 3595 δὴ
2359 3525 2577 3597 ἄριστον
2607 3527 2857 3599 βοήθημα
2875 3531 2987 3592 τοῖς
3003 3529 3380 3600 ὲλεφαντιῶσι.
3403 3530 3593 3585 Ταῦτα
3626 3532 3717 3601 μὲν
3746 3532 3824 3584 xui

2273 3617 2414 3670 κατὰ
2438 3618 2495 3670 τὸ
2528 3618 2773 3688 ἕϐδομον.

2344 3710 2501 3763 Κατὰ
2532 3709 2681 3763 δὲτὸ
2719 3718 2767 3782 η’
2807 3713 2936 3783 περὶ
2968 3712 3069 3783 τῆς
3118 3712 3259 3767 κατὰ
3308 3714 3407 3786 τὴν
3476 3716 3695 3786 μνήμην
3734 3716 3821 3768 ἀπο

2271 3800 2468 3863 ωλείας
2502 3802 2593 3853 xui
2627 3802 2735 3855 τῶν
2754 3802 2927 3868 ἄλλως
2952 3805 3433 3876 άγρυπνητικῶνῆ
3465 3806 3818 3875 καταφορικῶν

2273 3888 2652 3959 διαλαμϐάνει,
2695 3893 2779 3957 τίς
2814 3912 2874 3947 τε
2900 3896 2929 3947 ὁ
2960 3896 3219 3966 ὲφιάλτης
3270 3896 3365 3949 xui
3394 3900 3427 3967 ἡ
3464 3897 3717 3967 έπιληψία
3740 3899 3817 3950 xui

2272 3982 2333 4035 τὸ
2367 3982 2495 4054 [289
2523 3983 2617 4055 Η.]
2644 3988 3052 4056 σκοτωματικὺν
3093 3988 3287 4051 πάθος,
3321 3989 3635 4060 ἀποπληξία
3666 4007 3717 4042 τε
3740 3992 3816 4041 καί

2274 4075 2605 4146 μελαγχολια
2639 4078 2731 4130 xui
2758 4080 2925 4147 μανία
2949 4081 3045 4133 xui
3072 4081 3211 4151 ἔρως
3245 4080 3389 4148 ὀξὺς,
3410 4083 3505 4135 xui
3533 4083 3613 4145 τίς
3640 4085 3677 4159 ἡ
3702 4083 3813 4133 iux-

2271 4167 2572 4238 ανθρωπία,
2626 4171 2721 4222 xui
2763 4169 2971 4225 τούτων
3022 4172 3376 4243 ἰάσειςοπερί
3429 4191 3488 4226 τε
3540 4173 3647 4227 τῶν
3696 4172 3813 4225 κατὰ

2271 4251 2361 4304 τὸν
2394 4254 2699 4321 ἐγκέφαλον
2745 4256 2956 4324 παθῶν,
3003 4260 3098 4313 xui
3137 4261 3267 4329 περὶ
3312 4261 3704 4332 λυσσοδήκτων,
3737 4262 3815 4314 καὶ

2272 4343 2403 4413 περὶ
2439 4345 2797 4415 παραλύσεως
2848 4350 2942 4403 xui
2993 4351 3437 4423 ἁνεκθερμάντου
3480 4355 3680 4425 ῥίγους,
3708 4351 3813 4421 περί

2270 4451 2331 4486 τε
2384 4438 2651 4507 σπασμῶν
2705 4440 2801 4493 xui
2842 4442 3087 4507 τετάνου,
3112 4445 3208 4498 xui
3263 4446 3394 4516 περὶ
3421 4446 3532 4499 τῶν
3568 4448 3700 4499 κατὰ
3730 4446 3811 4513 τὴν

593 4525 756 4578 super
783 4513 1116 4580 adustiones,
1137 4517 1203 4570 ad
1231 4516 1433 4572 fustium
1457 4522 1667 4574 narium
1698 4523 1940 4591 odorem,
1960 4526 2166 4597 176a

594 4600 657 4623 ω,
692 4600 1088 4623 η,,μ..,,,.,-,,
1254 4620 1298 4623 μ
1355 4608 1366 4623 .
1527 4620 1537 4623 -
1621 4612 1631 4623 .
1752 4612 1762 4623 .
2084 4618 2093 4623 .

2279 4524 2517 4596 κεφαλὴν
2570 4526 2780 4581 παθῶν.
2819 4530 2961 4599 Πρός
3003 4548 3062 4583 τε
3116 4532 3184 4585 τὰ
3240 4534 3596 4603 σειριῶντα⁷⁰
3628 4531 3807 4593 παιδία,

592 4600 658 4653 ad
690 4600 1093 4670 suggillationes
1120 4605 1221 4659 sub
1246 4608 1455 4672 oculos,
1490 4620 1543 4663 et
1567 4612 1632 4664 ad
1653 4612 2055 4683 eccbymomata
2082 4618 2165 4669 in-

2279 4614 2406 4683 πρός
2439 4633 2498 4668 τε
2529 4616 2795 4682 δυσωδίας
2822 4621 2989 4690 ῥινὸς,
3014 4623 3107 4676 καὶ
3143 4624 3279 4694 πρὸς
3309 4600 3554 4691 ύπώπια,
3589 4623 3810 4693 καὶπρὸς

580 4688 834 4747 veterata
865 4694 1005 4763 (33).
1027 4694 1159 4751 Item
1191 4697 1255 4752 de
1289 4699 1561 4754 labiorutn
1625 4702 1861 4758 fissione.
1893 4706 1973 4758 Ad
2000 4708 2165 4777 ephe-

594 4782 754 4835 lidetn
790 4798 1005 4852 quoque
1040 4800 1103 4841 ac
1133 4786 1293 4841 faciei
1326 4804 1531 4855 naevos,
1564 4790 1952 4863 oculorumque
1979 4799 2164 4866 nigras

593 4875 857 4941 maculas,
893 4886 947 4930 et
994 4892 1172 4942 varos,
1233 4894 1296 4934 ac
1362 4880 1555 4935 ﬁcosas
1603 4885 1772 4937 menti
1821 4886 2161 4943 eminentiae.

593 4965 670 5019 De
696 4966 842 5021 foedo
876 4970 1081 5023 alarum
1109 4972 1277 5025 odore
1306 4990 1319 5024 :
1355 4973 1420 5026 de
1452 4973 1622 5029 variis
1652 4975 1929 5045 oculorum
1954 4977 2165 5032 dolori-

592 5055 713 5118 bus,
738 5056 807 5109 de
838 5057 1133 5125 pediculari
1165 5060 1375 5125 morbo,
1412 5062 1479 5115 de
1534 5063 1745 5117 narium
1782 5067 2158 5123 obstructione

587 5154 644 5199 et
672 5148 737 5200 de
764 5148 1131 5217 strangulatis.
1162 5151 1337 5219 Atque
1368 5151 1457 5207 hic
1482 5163 1708 5210 octavus
1735 5154 1871 5211 liber
1904 5166 2008 5213 est.

2264 4706 2703 4778 ὲκχυμώματα⁷¹
2734 4715 3149 4784 κεχρονισμένα.
3203 4715 3338 4786 Περί
3382 4734 3441 4769 τε
3488 4717 3700 4787 χειλέων
3729 4719 3810 4785 ῥα-

2264 4796 2447 4864 γάδος,
2473 4803 2567 4851 xui
2597 4800 2733 4869 πρὸς
2754 4803 2976 4873 ὲφήλεις
3004 4807 3097 4859 xui
3126 4808 3348 4871 σπίλους
3370 4810 3466 4864 xui
3497 4811 3692 4880 φακοὺς
3733 4809 3809 4861 xui

2269 4890 2477 4954 ίόνθους
2524 4892 2620 4945 xui
2657 4893 2757 4955 τὰς
2786 4896 2844 4948 ὲν
2893 4896 2972 4966 τῷ
3000 4899 3194 4970 γενείῳ
3229 4901 3495 4967 συκώδεις
3536 4883 3809 4957 ’ἐπαναστά-

2269 4998 2382 5044 σεις
2400 4998 2413 5011 ο
2445 4983 2573 5053 περί
2622 5001 2683 5037 τε
2714 4988 3010 5057 μασχαλῶν
3037 4991 3324 5061 δυσωδίας,
3360 4995 3456 5048 xui
3485 4998 3608 5066 περὶ
3634 4995 3731 5047 τῶν
3758 4996 3809 5045 ἐν

2268 5075 2383 5136 τοῖς
2431 5073 2734 5148 ὀφθαλμοῖς
2788 5079 3001 5147 παθῶν,
3039 5086 3169 5154 περί
3229 5102 3288 5138 τε
3344 5087 3693 5160 φθειριάσεως
3725 5085 3807 5137 xui

2268 5165 2596 5237 ἐμφράξεως
2649 5170 3005 5244 μυξωτήρων,
3047 5178 3141 5231 καὶ
3183 5180 3312 5250 περὶ
3355 5181 3465 5235 τῶν
3513 5180 3803 5250 ἀπαγχομέ-

2273 5272 2401 5310 νων.
2441 5258 2529 5312 Ἐν
2553 5260 2763 5326 τούτοις
2789 5264 2890 5334 μὲν
2918 5267 3010 5320 xui
3034 5269 3063 5321 ὀ
3092 5269 3143 5340 η’
3167 5270 3343 5340 λόγος.

1861 5383 2096 5442 VARIIE
2135 5389 2539 5452 LECTIONES.

658 5482 721 5578 1"
721 5500 779 5535 τε
796 5485 932 5565 add.
1182 5489 1475 5578 θεραπείας
1503 5508 1579 5550 rc.
1606 5496 1661 5578 ὲ
1683 5516 1699 5553 :
1723 5497 1991 5578 θεραπείᾳ
2019 5519 2080 5578 ς.
2159 5505 2429 5578 ⁴ξῖσκίρων
2450 5510 2515 5565 Α.
2592 5510 2639 5544 ⁸⁸

586 5549 631 5582 ⁷⁰
657 5554 934 5622 σηριῶντα
966 5558 1032 5613 A.
1106 5558 1150 5589 ⁷¹
1182 5549 1573 5633 ἐκχυμώματαί
2105 5592 2118 5627 :
2165 5575 2193 5627 li

2659 5514 2905 5584 χήμεθλα
2925 5515 2972 5571 Α
2997 5535 3010 5571 :
3037 5517 3273 5588 χέμεθλα
3302 5538 3365 5585 ς.
3445 5522 3488 5556 ⁶δ
3507 5521 3725 5593 λιχήνων
3749 5520 3789 5574 Α

2202 5576 2286 5631 bri
2324 5576 2517 5650 scripti
2545 5576 2812 5653 ἐχύμαὲα.

2098 5666 2325 5724 NOTAE.

802 5734 1234 5814 Qontine_t___nnnc
1272 5746 1447 5814 capita
1488 5749 1579 5804 47.

658 5802 769 5874 (51)
802 5804 916 5862 Uno
952 5818 1009 5869 et
1030 5808 1099 5865 50
1121 5802 1409 5881 capitibus.

2318 5760 2907 5849 ’(Ξὲ).ίξέρὲιίυυξ⁵7-..
2974 5842 2985 5849 .
3051 5838 3063 5849 .
3285 5843 3298 5849 -

2338 5831 2450 5904 (35)
2488 5831 2690 5890 Vi‘tiose
2724 5838 2822 5907 legi
2858 5840 2942 5895 hic
2970 5838 3218 5911 ἐκύματα
3266 5843 3462 5902 docent
3509 5845 3620 5901 libri
3660 5841 3797 5896 editi.
