4014 6396
183 408 278 476 τίΊ

1243 399 1768 464 BIBLIOTHECA.
1795 425 1864 435 —
1902 400 2065 463 COD.
2095 402 2343 463 CCXIX.

3298 407 3405 473 7l8

253 526 305 576 ‘0
350 521 404 576 δὲ
450 520 492 575 θ’
519 518 687 590 αὐτῷ.
718 518 817 573 ὅσα
874 515 1022 588 πάθη
1080 516 1207 589 περί
1254 534 1315 571 τε
1373 515 1601 588 Θώρακα
1633 514 1726 570 καὶ

1905 514 2087 569 Nonus
2155 522 2337 570 autem
2369 520 2424 570 et
2451 511 2699 579 ultimus,
2734 512 2873 587 (54),
2925 512 3055 570 illud
3094 516 3404 574 morborum

182 606 443 684 σπλάγχνα
490 612 805 665 συνίσταται
860 610 956 664 καὶ
980 608 1087 672 ἕως
1142 607 1359 661 αἰδοίων
1389 608 1587 680 διήκει,
1613 608 1730 660 δια-

1833 620 2005 676 genus
2039 606 2440 677 complectitur,
2461 606 2606 677 quod
2634 607 2782 662 circa
2815 606 3090 663 thoracem
3116 624 3179 665 ac
3197 610 3406 666 viscera

178 702 446 773 λαμϐάνει,
474 700 543 754 τά
575 717 634 753 τε
658 702 946 767 γυναικεῖα
971 696 1265 766 καταλέγει
1288 697 1457 769 πάθη,
1485 698 1726 766 καὶπερὶ

1831 699 2106 761 consistit,
2138 707 2192 752 et
2220 699 2286 752 ad
2312 698 2548 753 verenda
2576 712 2750 768 usque
2796 701 3077 771 pertingit.
3117 699 3409 757 Muliebres

180 796 434 864 ποδάγρας
476 794 569 847 καὶ
625 791 961 862 ἀρθρίτιδο;“
989 792 1084 845 καὶ
1135 790 1373 863 ἰσχιάδος
1422 790 1725 861 θεραπείας

177 886 477 955 ἀναγράφει.
508 882 745 954 Τοιαύτη
774 885 868 938 καὶ
895 885 929 955 ἡ
949 884 1108 955 τρίτη
1142 883 1219 954 τῷ
1261 882 1581 955 Ὀρειόασίῳ
1605 900 1728 934 συν-

175 975 465 1070 τεταγμένη
500 975 874 1045 πραγματεία.

896 1154 1043 1206 ΣΙΘ⁸.

357 1246 468 1301 Τοῦ
507 1245 697 1300 αὑτοῦ
724 1244 873 1314 πρὸς
907 1244 1214 1300 Εὑνάπιον
1236 1246 1405 1314 λόγοι
1442 1243 1511 1298 δ’.

239 1337 295 1393 Ἥ
322 1338 381 1391 δὲ
412 1339 653 1411 τετάρτη
684 1338 1025 1406 Συντομίαν
1054 1337 1152 1407 μὲν
1177 1337 1272 1389 καὶ
1300 1336 1439 1407 αὑτὴ
1467 1332 1718 1406 βούλεται

169 1430 299 1501 αὖτῷ
322 1428 433 1498 τῆς
462 1429 703 1499 τέχνης,
735 1429 793 1481 ὲν
815 1429 855 1482 δ’
882 1428 940 1482 δὲ
966 1426 1329 1497 ἀπαρτίζεται
1368 1428 1547 1496 λόγοις
1578 1468 1595 1494 ,
1630 1429 1727 1482 καὶ

168 1521 246 1574 τὸν
272 1520 539 1574 Εὑνάπιον
583 1519 900 1585 ὑποϐάλλει,
941 1520 1002 1574 ὃν
1050 1521 1144 1573 καὶ
1172 1518 1501 1589 λογιώτατον
1540 1521 1720 1592 ὑμνεῖ,

168 1616 325 1669 αἴτιον
353 1614 507 1685 αὐτῷ
533 1612 629 1671 τοῦ
664 1615 1041 1686 συντάγματος
1081 1616 1468 1688 γεγενημένον.
1509 1616 1592 1670 Τά
1634 1617 1725 1669 εὑ-

169 1709 381 1778 πόριστα
436 1707 495 1761 δὲ
547 1706 698 1779 αύτῷ
735 1706 842 1762 τῶν
880 1708 1125 1779 ἰαμάτων
1180 1709 1463 1763 κάνταῦθα
1498 1707 1724 1780 γνώμην

1827 791 1991 844 etiam
2026 791 2248 843 morbos
2308 797 2575 854 recenset,
2615 791 2875 845 adversus
2923 792 3242 861 podagram,
3274 792 3407 845 arti-

1828 880 2068 933 cularem
2106 880 2375 943 morbum,
2399 888 2454 932 et
2478 878 2771 934 iscltiadem
2802 881 3035 934 remedia
3079 882 3403 951 praescribit.

1827 972 1982 1036 Quod
2007 971 2227 1039 quidem
2254 971 2473 1025 tertium
2503 980 2587 1025 est
2616 973 2683 1025 ab
2717 972 2971 1027 Uribasio
3015 973 3278 1043 scriptum
3340 974 3408 1028 de

1826 1076 1886 1116 re
1916 1062 2122 1115 medica
2148 1068 2307 1130 opus.

2542 1149 2772 1206 CCXIX.

2132 1243 2384 1314 Ejusdem
2410 1244 2479 1297 ad
2505 1241 2807 1311 Eunapium
2828 1244 2951 1299 libri
2983 1260 3055 1300 tv.

1898 1330 2159 1399 Quartum
2194 1333 2325 1388 item
2378 1326 2515 1402 Opus
2544 1331 2792 1399 ejusdem
2816 1346 2936 1388 esse
2964 1332 3113 1387 Artis
3148 1331 3408 1401 Compen-

1826 1423 2293 1489 dium,0ribasius
2317 1424 2453 1488 vult,
2472 1433 2706 1493 quatuor
2735 1425 2867 1479 illud
2900 1425 3053 1480 libris
3082 1426 3395 1482 absolvens.

1824 1515 1989 1585 Cujus
2019 1517 2240 1587 quidem
2263 1515 2619 1585 componendi
2646 1513 2947 1586 Eunapium
2979 1518 3166 1587 (quem
3200 1528 3254 1573 et
3288 1519 3406 1573 elo-

1826 1610 2246 1678 quentissimum
2278 1608 2561 1678 praadicat)
2584 1616 2867 1664 auctorem
2904 1610 3008 1665 sibi
3039 1610 3210 1667 fuisse
3241 1627 3403 1666 com-

1824 1713 2118 1758 memorat.
2172 1702 2436 1757 Remedia
2502 1717 2657 1769 vero,
2715 1716 2838 1772 quae
2892 1702 3055 1758 facile
3119 1714 3404 1772 parantur,

169 1800 477 1866 συναγαγεῖν
525 1799 757 1869 εἰσάγει,
785 1791 862 1853 ὧν
911 1800 1007 1854 καὶ
1032 1800 1131 1871 τὴν
1173 1801 1524 1855 διδασκαλίαν
1572 1800 1721 1871 τρισὶ

1830 1796 2045 1851 tradere
2075 1795 2178 1851 sibi
2220 1795 2556 1867 propositum
2602 1795 2680 1851 ait
2710 1812 2724 1849 :
2753 1811 2917 1869 quam
2962 1797 3128 1852 etiam
3194 1796 3402 1851 doctri-

166 1860 414 1960 διέρχεται
445 1860 693 1960 τρόποις,
726 1860 805 1943 tu
839 1890 936 1961 μὲν
959 1890 1058 1953 τάς
1086 1860 1146 1942 τε
1181 1890 1412 1943 καθόλου
1459 1860 1718 1960 δυνάμεις

1830 1905 1951 1944 nam
1979 1888 2175 1959 triplici
2206 1889 2319 1944 fere
2347 1889 2505 1944 modo
2531 1888 2772 1943 conficit.
2825 1888 3069 1944 Primum
3100 1890 3242 1942 enim
3273 1890 3404 1942 sim-

169 1982 248 2035 καὶ
290 1982 382 2046 τὰς
440 1983 539 2036 ὲπί
600 1982 799 2054 μέρους
846 1982 1076 2054 χρήσεις
1125 1982 1355 2036 ἑκάστου
1389 1983 1500 2037 τῶν
1535 1983 1723 2038 ἁπλῶν

169 2074 336 2133 ἐπιὼν.
361 2074 494 2146 [564
530 2074 627 2147 3.]
653 2075 895 2146 δευτέρῳ
921 2074 980 2128 δὲ
1012 2074 1221 2139 πάθους
1271 2075 1502 2129 ἑκάστου
1544 2074 1614 2129 τὰ
1642 2076 1723 2128 ἰά-

173 2185 293 2237 ματα
329 2167 674 2221 συντάττων·
739 2168 824 2237 ἐφ’
858 2163 938 2229 οἷς
988 2169 1088 2238 τήν
1139 2184 1199 2220 τε
1258 2164 1594 2236 κατανόησιν
1627 2166 1722 2221 τοῦ
1755 2195 1766 2208 -

173 2257 472 2321 πεπονθότος
505 2257 697 2328 μορίου
737 2258 832 2311 καὶ
856 2258 955 2329 τὴν
984 2258 1241 2330 διήγησιν
1266 2258 1325 2323 ἐξ
1354 2249 1429 2313 ὧν
1460 2258 1527 2312 ἂν
1558 2259 1722 2330 θερα-

173 2351 395 2421 πευθείη.
438 2351 726 2422 Τετάρτην
783 2350 841 2404 δὲ
870 2348 1129 2405 ὑπόθεσιν
1168 2350 1631 2423 μεταχειρίζεται,
1658 2352 1724 2422 ἢν

172 2442 373 2495 καὶτῶν
406 2442 723 2513 εἰρημένων
756 2438 1205 2513 προτάττει,τοῦ
1237 2442 1478 2511 ὑγιεινοῦ
1530 2442 1727 2512 τυγχά·

175 2550 334 2586 νουσαν
384 2534 609 2605 μέρους.
653 2533 767 2587 Καὶ
820 2532 1052 2605 ἄρχεται
1094 2534 1151 2588 δὲ
1202 2536 1399 2588 αὐτίκα
1432 2535 1491 2601 ἐξ
1521 2529 1599 2588 ὧν
1632 2535 1726 2588 καὶ

173 2626 198 2693 ἡ
226 2625 390 2693 φύσις,
419 2625 555 2695 περί
584 2624 800 2679 παιδίου
842 2624 985 2693 λέγω
1016 2627 1244 2696 τροφῆς.

220 2714 358 2769 Ἔστι
387 2716 491 2786 μὲν
507 2711 598 2768 οὖν
615 2717 649 2785 ἡ
678 2715 815 2786 πρὸς
839 2714 1110 2768 Εὐνάπιον
1138 2714 1288 2785 αύτῷ
1315 2713 1724 2785 συντεταγμένη

174 2806 345 2876 σπουδὴ
363 2806 557 2878 σχεδὸν
584 2808 618 2877 ἡ
656 2806 793 2877 αὐτὴ
807 2809 873 2877 τῇ
898 2804 1262 2877 γεγραμμένῃ
1291 2806 1426 2876 πρὸς
1449 2805 1541 2859 τὸν
1573 2804 1688 2857 υἱόν
1709 2820 1725 2836 ⁸

173 2896 271 2950 Τῶν
286 2916 339 2951 τε
358 2900 467 2970 γάρ
488 2915 809 2971 χειρουργου
818 2898 993 2970 μένων
1020 2897 1272 2967 οὐδετέρα
1292 2896 1449 2967 λόγον
1477 2900 1609 2968 ἔχει,
1625 2899 1726 2951 κάν

173 2991 262 3051 τοῖς
275 2989 443 3053 ἄλλοις
475 2990 537 3043 δὲ
552 2991 910 3064 συμφέρεται,
940 2989 1079 3059 πλὴν
1100 2991 1200 3042 ὃσα
1227 2988 1326 3061 τὴν
1362 2988 1514 3054 τάξιν
1540 2991 1601 3043 οὐ
1629 2990 1727 3061 τὴν

176 3080 273 3150 ἴσην
302 3084 391 3136 καὶ
428 3082 633 3153 ὁμοίαν
671 3080 949 3146 διασώζει.
998 3078 1119 3133 Ἐπ’
1149 3079 1312 3143 ὲνίοις
1342 3079 1399 3131 δὲ
1432 3080 1627 3149 μικρόν
1663 3096 1722 3133 τι

1823 1978 2046 2047 plicium
2099 1976 2385 2033 facultates
2428 1978 2705 2044 universe,
2741 1988 2796 2033 et
2860 1979 3173 2049 singulatim
3244 1994 3399 2033 usum

1825 2068 2089 2137 cujusque
2117 2077 2389 2123 recenset.
2431 2067 2639 2123 Deinde
2671 2069 2845 2124 morbi
2869 2069 3134 2140 cujusque
3158 2075 3393 2126 curatio-

1827 2172 1947 2209 nem
1967 2162 2142 2210 docet.
2158 2152 2345 2212 Tertio
2363 2168 2561 2228 praeter
2589 2159 2764 2228 partis
2786 2157 2988 2215 allectat
3014 2161 3398 2231 cognitionem,

1825 2248 1990 2302 etiam
2025 2247 2333 2303 medicandi
2366 2249 2636 2305 rationem
2700 2251 2944 2320 exponit.
3002 2250 3209 2318 Quarto
3250 2254 3403 2309 deni-

1826 2354 1933 2409 que
1971 2338 2091 2393 loco
2119 2337 2249 2393 illud
2287 2348 2669 2403 argumentum
2723 2349 2944 2402 tractat,
2975 2342 3115 2409 quod
3148 2344 3214 2395 ad
3258 2346 3404 2397 sani-

1829 2439 1992 2485 tatem
2019 2432 2317 2484 curandam
2349 2438 2590 2499 spectat:
2626 2434 2768 2499 quod
2798 2442 2852 2485 et
2881 2433 3093 2487 caneris
3116 2434 3225 2503 jam
3263 2450 3399 2489 euu-

1828 2522 2051 2577 tneratis
2081 2521 2388 2592 praemittit.
2422 2521 2546 2577 Mox
2573 2538 2702 2591 ergo
2735 2539 2860 2578 cum
2894 2533 3084 2579 natura
3116 2529 3185 2582 ab
3220 2527 3402 2581 infan-

1831 2615 1898 2669 tis
1925 2615 2250 2669 educatione
2299 2614 2631 2682 auspicatur.

1899 2704 2168 2757 Cazterum
2204 2703 2296 2758 hic
2356 2704 2424 2757 ad
2466 2704 2772 2773 Eunapium
2799 2704 2954 2759 labor
2985 2706 3127 2761 idem
3186 2707 3299 2763 fere
3338 2724 3406 2765 ac

1829 2795 2080 2865 geminus
2108 2804 2337 2850 estcum
2379 2810 2444 2849 eo
2484 2808 2669 2864 opere,
2698 2796 2840 2864 quod
2870 2796 2935 2850 ad
2970 2798 3135 2851 tilium
3163 2800 3400 2869 scripsit.

1828 2884 2093 2940 Neutrum
2124 2886 2269 2940 enim
2313 2886 2606 2955 chirurgia:
2638 2885 2907 2940 rationem
2938 2886 3085 2941 ducit
3122 2903 3138 2954 ;
3188 2898 3243 2941 et
3277 2904 3401 2945 verc

1832 2977 1885 3033 iu
1912 2977 2128 3031 caeteris
2175 2990 2396 3046 quoque
2455 2976 2801 3045 conspirant,
2838 2978 2940 3031 nisi
2981 2982 3123 3048 quod
3159 2980 3400 3035 ordinem

1832 3070 2013 3139 aliqua
2038 3070 2288 3125 eumdem
2319 3068 2407 3123 vel
2435 3067 2668 3123 similem
2696 3085 2803 3123 non
2826 3082 3069 3125 servant.
3104 3070 3162 3125 In
3181 3073 3407 3143 quibus-

176 3174 249 3225 καὶ
270 3175 421 3248 ἑτέρα
453 3177 563 3243 τῆς
602 3175 799 3246 ἐτέρας
829 3174 1161 3239 πλεονεκτεῖ,
1198 3170 1389 3242 ὥσπερ
1417 3175 1476 3225 ὲν
1510 3172 1723 3235 πολλοῖς

1831 3163 1953 3216 dam
2019 3161 2145 3216 item
2201 3160 2433 3215 alterum
2464 3159 2636 3216 altero
2685 3161 2931 3216 nonnihil
2962 3171 3202 3233 praestat,
3258 3172 3317 3218 ιιι
3348 3165 3402 3218 in

175 3264 259 3320 τῶν
281 3269 412 3322 κατά
438 3270 575 3332 τοὺς
605 3268 807 3331 τόπους
837 3266 1028 3320 παθῶν
1059 3268 1093 3337 η
1127 3265 1269 3336 πρὸς
1303 3264 1596 3329 Εύνάπιον,
1628 3264 1721 3317 καὶ

176 3362 240 3422 εἰς
263 3362 351 3431 τὴν
388 3361 507 3413 τῶν
552 3360 743 3415 ἁπλῶν
789 3360 1100 3430 φαρμάκων
1149 3357 1475 3426 διάγνωσινο
1504 3356 1620 3409 ἔστι
1667 3355 1724 3408 δὲ

175 3446 223 3504 οὗ
248 3453 330 3504 καὶ
356 3452 389 3522 ἡ
414 3451 561 3523 πρδς
591 3450 889 3506 Εὑστάθιον
928 3450 1043 3521 ἔχει
1074 3467 1127 3503 τι
1183 3449 1386 3519 ταύτης
1420 3448 1580 3501 πλέον
1628 3464 1721 3499 σε·

179 3543 610 3614 μνολογήσασθαι.
657 3544 819 3599 Ἀλλά
844 3561 908 3612 γε
939 3543 1111 3614 ξχάρις
1136 3542 1276 3612 ὑπὲρ
1319 3541 1587 3610 ἑκατέρας
1618 3540 1724 3591 τῶν

177 3635 322 3688 πόνων
365 3635 438 3705 τῷ
493 3635 683 3706 ἀνδρί·
720 3635 780 3689 τὸ
828 3636 935 3705 γὰρ
966 3633 1133 3688 αὐτοῦ
1193 3633 1358 3704 μέρος
1407 3634 1466 3685 ού
1518 3630 1726 3701 βλάσης

176 3725 339 3793 οὐδενὶ,
383 3728 509 3780 ἀλλ’
538 3727 807 3797 ὠφελείας
855 3726 1117 3796 ἑκατέρα,
1151 3725 1339 3794 ῶσπερ
1386 3722 1450 3793 δὴ
1493 3723 1587 3775 καὶ
1628 3723 1725 3784 τὰς

178 3817 265 3883 πρὸ
300 3818 509 3873 τούτων
560 3818 869 3883 συνέταξεν.
901 3817 1158 3889 Φράσεως
1183 3816 1238 3869 δὲ
1275 3815 1598 3885 χαρακτῆρα
1640 3813 1729 3866 λέ-

178 3921 273 3970 γειν
315 3909 406 3962 τοῦ
449 3909 618 3978 λόγου
665 3909 781 3980 ἅμα
820 3926 881 3961 τε
927 3910 1134 3980 ἄπορον
1182 3906 1277 3960 καί
1306 3906 1559 3976 περιττὸν
1587 3901 1726 3958 εἶναι

178 3997 318 4053 δοκεῖ’
354 4002 415 4056 ἐκ
442 4020 512 4056 τε
533 4004 580 4035 ⁶¹²
607 4003 713 4073 γάρ
751 4001 1024 4073 διαφόρων
1057 4000 1152 4054 καὶ
1181 3997 1540 4051 παντοδαπῶν
1568 3995 1719 4065 αύτῷ

177 4092 230 4142 τά
274 4096 629 4165 συντάγματα
677 4094 1086 4166 συνήθροισται,
1122 4095 1216 4145 καὶ
1271 4090 1454 4159 ίατρδς
1496 4086 1634 4159 ἀνὴρ
1665 4087 1726 4140 ού

178 4180 251 4233 τοῦ
279 4185 331 4236 ἐν
361 4185 513 4256 λόγῳ
542 4184 770 4247 κάλλους
794 4184 887 4236 καὶ
914 4182 1017 4252 τῆς
1046 4180 1235 4249 σοφίας
1262 4178 1489 4241 εὐθύνας
1520 4178 1585 4231 ἄν
1618 4194 1728 4230 τινι

179 4272 264 4325 τῶν
306 4274 730 4347 σωφρονούντων
776 4273 1072 4343 παράσχοι,
1108 4269 1224 4324 ἀλλ’
1254 4269 1307 4321 εί
1334 4285 1385 4321 τι
1442 4267 1553 4320 τῶν
1586 4268 1731 4321 κατὰ

182 4363 259 4433 τὴν
287 4366 531 4439 ἰατρικὴν
569 4364 744 4435 ἔργων
775 4363 876 4418 οὐκ
904 4362 1080 4434 ὀρθῶς
1123 4357 1476 4431 διῆλθεν-οὐδ’
1515 4358 1729 4412 ἐπεδεί-

184 4453 304 4517 ξατο.

1827 3254 2104 3323 plerisque
2139 3249 2384 3308 locorum
2422 3253 2649 3319 morbis,
2681 3262 2737 3307 et.
2764 3265 3030 3323 quantum
3066 3256 3134 3309 ad
3194 3255 3406 3326 simpli-

1825 3346 1967 3399 cium
2017 3344 2538 3399 medicamentorum
2567 3344 2939 3415 cognitionem
2976 3345 3125 3412 illud,
3145 3346 3291 3416 quod
3332 3348 3403 3402 ad

1825 3435 2126 3506 Eunapium
2172 3435 2452 3500 scribitur,
2511 3450 2667 3505 opus.
2696 3436 2762 3491 Et
2793 3437 2956 3492 habet
2983 3437 3224 3494 vicissim
3276 3438 3405 3493 alibi

1824 3529 2103 3598 quidpiam
2137 3526 2202 3580 ad
2229 3526 2573 3583 EuStatbium
2606 3527 2767 3594 liber,
2799 3529 2864 3585 de
2879 3544 2987 3599 quo
3022 3546 3130 3601 pra:
3162 3531 3254 3587 illo
3284 3531 3404 3600 glo‘

1830 3621 1957 3674 riari
1988 3621 2180 3689 possit.
2196 3616 2394 3674 Verum
2420 3634 2518 3688 pro
2551 3630 2785 3689 utroque
2811 3633 3066 3693 suscepto
3089 3624 3273 3679 labore
3288 3624 3403 3694 (33)

1829 3711 2075 3765 habenda
2095 3711 2297 3765 bomini
2316 3710 2486 3781 gratia
2502 3719 2605 3765 est.
2623 3711 2775 3778 Quod
2794 3712 2936 3766 enim
2954 3714 3007 3767 in
3027 3714 3291 3782 scriptore
3304 3714 3407 3770 fuit

1830 3817 1939 3856 non
1989 3801 2322 3856 incommodi
2353 3799 2678 3873 cuiuspiam,
2717 3803 2814 3858 sed
2847 3803 3196 3860 emolumenti
3221 3807 3406 3874 potius

1829 3907 1994 3947 causa
2022 3892 2137 3962 (56)
2168 3902 2461 3962 utrumque
2488 3892 2572 3962 (ut
2607 3902 2663 3948 et
2722 3909 2843 3964 quae
2886 3905 3043 3950 antea
3087 3898 3405 3967 scripserat)

1830 3985 2148 4041 elaboravit.
2173 3983 2326 4051 Quod
2356 3994 2537 4039 autem
2564 3985 2632 4040 ad
2668 3984 2885 4041 dicendi
2908 3987 3284 4043 characterem
3323 4001 3405 4043 at-

1832 4079 1988 4142 tinet,
2057 4077 2277 4132 dubium
2329 4092 2448 4133 esse
2480 4093 2547 4134 ac
2623 4091 3087 4148 supervacaneum
3136 4079 3406 4144 videatur,

1831 4167 2127 4238 quidquam
2159 4167 2423 4235 judicare.
2448 4168 2584 4224 Nam
2615 4185 2697 4226 cat
2748 4172 2915 4227 variis
2952 4180 3116 4240 atque
3163 4173 3411 4242 omnige-

1833 4256 1919 4310 nis
1948 4254 2140 4326 176b
2171 4255 2289 4311 haec
2308 4266 2435 4312 sunt
2460 4258 2529 4313 ab
2551 4272 2618 4312 eo
2640 4258 2868 4314 collecta
2927 4261 3235 4315 volumina:
3261 4261 3411 4316 etvir

1834 4349 2079 4403 medicus
2106 4363 2216 4403 non
2248 4350 2522 4403 sermonis
2544 4350 2826 4419 elegantiae
2848 4353 3162 4421 peritiaeque
3184 4352 3410 4406 reddere

1837 4441 2108 4496 rationem
2144 4441 2504 4509 prudentibus
2530 4441 2709 4509 debet,
2732 4444 2826 4497 sed
2848 4443 2893 4497 si
2924 4458 3085 4511 quam
3125 4442 3264 4496 forte
3294 4456 3411 4496 me-

1762 4542 1807 4597 ι)
1837 4533 2082 4587 dicarum
2109 4532 2447 4588 functionum
2491 4533 2674 4589 minus
2723 4544 2874 4591 recte
2912 4545 3005 4588 aut
3035 4534 3286 4601 reddidit,
3320 4543 3413 4586 aut

1829 4625 2243 4679 demonstravit.

239 4715 377 4773 Εἶδον
406 4720 462 4774 δὲ
510 4720 688 4790 ἔγωγε
720 4719 816 4774 τοῦ
860 4720 1052 4791 ἀνδρὸς
1087 4720 1183 4772 καὶ
1228 4717 1426 4787 ἑτέραν
1472 4734 1726 4789 πραγμα-

1903 4715 2028 4769 Vidi
2056 4730 2159 4783 ego
2191 4715 2423 4769 alterum
2457 4714 2698 4785 ejusdem
2733 4714 2977 4770 auctoris
2999 4729 3154 4781 opus,
3184 4712 3408 4766 totidem

186 4809 308 4863 τείαν
350 4815 406 4865 ὲν
448 4814 491 4865 δ’
537 4812 718 4879 λόγοις
768 4812 1218 4882 συντεθειμένην.
1263 4810 1611 4878 Εὐπόριστα
1667 4809 1724 4861 δὲ

1830 4808 1990 4862 libris
2017 4808 2363 4871 distinctum,
2394 4806 3407 4877 iuscriptumqueParatu-[acilin(57).

189 4898 503 4972 ἐπεγράφετο
539 4905 601 4957 τὸ
643 4904 865 4974 βιϐλίον,
912 4904 1128 4957 καὶτὸν
1172 4903 1433 4970 Εύγένιον
1470 4900 1726 4953 ὑπόθεσιν

1830 4896 1885 4953 ld
1914 4900 1981 4953 ad
2012 4899 2315 4967 Eugenium
2338 4900 2626 4967 quemdam
2653 4908 3036 4967 argumentum
3072 4914 3227 4953 suum
3261 4898 3410 4951 refc-

190 4992 265 5044 τοῦ
308 4998 683 5065 συντάγματος
738 4998 998 5050 ἐποιεῖτο.
1030 4996 1376 5063 Δογιώτατον
1405 4993 1463 5046 δὲ
1511 4994 1606 5046 καὶ
1640 4994 1726 5047 τὸν

1836 4991 2013 5053 rebat,
2040 5005 2199 5058 quem
2231 5000 2285 5043 et
2317 4990 2581 5045 disertum
2645 4991 2917 5044 nominat.
2971 4987 3167 5044 Utilem
3197 5003 3410 5057 quoque

190 5080 413 5147 Εὐγένιον
460 5088 753 5157 ὁνομάζεν
802 5088 897 5140 καὶ
944 5086 1303 5156 χρησιμεύειν
1351 5084 1480 5157 [Q90
1510 5084 1604 5155 H.]
1634 5084 1726 5154 τὴν

1839 5084 2195 5152 scriptionem
2253 5080 2373 5138 fore
2448 5081 2848 5138 rusticantibus
2910 5082 3148 5144 additur,
3207 5081 3413 5148 iterque

191 5179 551 5246 πραγματείαν
597 5180 738 5233 κατά
788 5195 846 5232 τε
894 5179 1100 5250 ἀγροὺς
1134 5180 1229 5231 καὶ
1276 5177 1589 5247 ὁδοιπορίας
1638 5176 1726 5229 καί

1839 5176 2146 5241 agentibus,
2180 5185 2236 5231 et
2266 5176 2576 5245 ubicunque
2610 5174 2850 5231 locorum
2888 5175 3082 5231 medici
3119 5174 3271 5244 copia
3306 5189 3411 5228 non

1415 5312 1651 5367 VARle
1684 5310 2087 5367 LECTIONES.

247 5402 439 5459 "12A
477 5422 581 5473 ιγε
610 5423 671 5468 ς.

1681 5516 1914 5575 ΝΟΤΧΕ.

253 5675 353 5813 ἵόι)
378 5675 482 5731 Per
516 5678 686 5746 capita
712 5677 801 5732 62.

273 5746 354 5813 ‘55;
375 5747 774 5813 Ειηοηιίοώπὲρ
796 5770 801 5799 ε

273 5746 354 5815 ’55)
375 5744 774 5820 Ιηξιηοηιίοώπὲρ
796 5746 1063 5818 ἑκατέρας
1079 5744 1187 5799 τῶν
1211 5745 1475 5814 σπονδῶν,
1495 5757 1585 5803 aut
1607 5749 1736 5801 ἐκα-

203 5813 461 5886 τιρουντῷν
495 5820 691 5875 πόνων.

1915 5675 2025 5743 (36)
2066 5675 2268 5747 Ἕνεκα
2303 5689 2506 5747 repono
2535 5691 2632 5743 pro
2662 5678 2921 5747 ἑκατέρα.

1918 5746 2165 5818 (δηρυί
2195 5745 2580 5818 titulusmodo
2629 5745 2889 5805 libroruin
2938 5749 3002 5802 ad
3036 5745 3408 5818 Eunaptumln

1846 5816 2092 5873 excussis
2122 5814 2545 5884 cxcruplaribus.
