  <div class='ocr_page' id='page_1' title='image "/cluster/home/n/w/nwhite01/storage/ocr_20150623/103/hvd.32044018872861/367.png"; bbox 0 0 3940 6404; ppageno 0'>
   <div class='ocr_carea' id='block_1_1' title="bbox 623 446 728 510">
    <p class='ocr_par' dir='ltr' id='par_1_1' title="bbox 623 446 728 510">
     <span class='ocr_line' id='line_1_1' title="bbox 623 446 728 510; baseline 0.019 -3"><span class='ocrx_word' id='word_1_1' title='bbox 623 446 728 510; x_wconf 82' lang='grc'><strong>719</strong></span> 
     </span>
    </p>
   </div>
   <div class='ocr_carea' id='block_1_2' title="bbox 1748 448 3778 531">
    <p class='ocr_par' dir='ltr' id='par_1_2' title="bbox 1748 448 3778 531">
     <span class='ocr_line' id='line_1_2' title="bbox 1748 448 3778 531; baseline -0 -24"><span class='ocrx_word' id='word_1_2' title='bbox 1748 448 2007 507; x_wconf 83' lang='lat' dir='ltr'><strong>PIIOTII</strong></span> <span class='ocrx_word' id='word_1_3' title='bbox 2047 448 2552 508; x_wconf 66' lang='lat' dir='ltr'><strong>PA&#39;rnIAticn/E</strong></span> <span class='ocrx_word' id='word_1_4' title='bbox 2596 450 2705 509; x_wconf 89' lang='lat' dir='ltr'><strong>CP.</strong></span> <span class='ocrx_word' id='word_1_5' title='bbox 3702 472 3778 531; x_wconf 54' lang='grc' dir='ltr'>ηρ</span> 
     </span>
    </p>
   </div>
   <div class='ocr_carea' id='block_1_3' title="bbox 627 556 2189 641">
    <p class='ocr_par' dir='ltr' id='par_1_3' title="bbox 627 557 2189 624">
     <span class='ocr_line' id='line_1_3' title="bbox 627 557 2189 624; baseline -0.001 -14"><span class='ocrx_word' id='word_1_6' title='bbox 627 564 977 624; x_wconf 76' lang='lat' dir='ltr'><strong>Suppeteret:</strong></span> <span class='ocrx_word' id='word_1_7' title='bbox 1016 564 1383 611; x_wconf 76' lang='lat' dir='ltr'><strong>verumtamen</strong></span> <span class='ocrx_word' id='word_1_8' title='bbox 1448 557 1537 612; x_wconf 85' lang='lat' dir='ltr'><strong>hic</strong></span> <span class='ocrx_word' id='word_1_9' title='bbox 1590 558 1725 612; x_wconf 90' lang='lat' dir='ltr'><strong>liber</strong></span> <span class='ocrx_word' id='word_1_10' title='bbox 1767 558 1869 612; x_wconf 89' lang='lat' dir='ltr'><strong>etsi</strong></span> <span class='ocrx_word' id='word_1_11' title='bbox 1920 557 2096 619; x_wconf 90' lang='lat' dir='ltr'><strong>titulo,</strong></span> <span class='ocrx_word' id='word_1_12' title='bbox 2139 568 2189 611; x_wconf 93' lang='lat' dir='ltr'><strong>et</strong></span> 
     </span>
    </p>
   </div>
   <div class='ocr_carea' id='block_1_4' title="bbox 2291 556 3778 641">
    <p class='ocr_par' dir='ltr' id='par_1_4' title="bbox 2295 556 3778 641">
     <span class='ocr_line' id='line_1_4' title="bbox 2295 556 3778 641; baseline 0.009 -32"><span class='ocrx_word' id='word_1_13' title='bbox 2295 556 2548 627; x_wconf 78' lang='grc' dir='ltr'><strong>ἀλλαχοῦ,</strong></span> <span class='ocrx_word' id='word_1_14' title='bbox 2586 559 2694 628; x_wconf 82' lang='grc' dir='ltr'><strong>ὅπῃ</strong></span> <span class='ocrx_word' id='word_1_15' title='bbox 2745 558 3018 626; x_wconf 74' lang='grc' dir='ltr'><strong>παρουσία</strong></span> <span class='ocrx_word' id='word_1_16' title='bbox 3079 558 3266 629; x_wconf 83' lang='grc' dir='ltr'>ίατροῦ</span> <span class='ocrx_word' id='word_1_17' title='bbox 3318 563 3414 616; x_wconf 81' lang='grc' dir='ltr'>οὐκ</span> <span class='ocrx_word' id='word_1_18' title='bbox 3466 566 3778 641; x_wconf 74' lang='grc' dir='ltr'><strong>ἐπιχωριάζει,</strong></span> 
     </span>
    </p>
   </div>
   <div class='ocr_carea' id='block_1_5' title="bbox 624 646 2184 717">
    <p class='ocr_par' dir='ltr' id='par_1_5' title="bbox 624 646 2184 717">
     <span class='ocr_line' id='line_1_5' title="bbox 624 646 2184 717; baseline -0.002 -18"><span class='ocrx_word' id='word_1_19' title='bbox 624 646 873 717; x_wconf 88' lang='lat' dir='ltr'><strong>apposita</strong></span> <span class='ocrx_word' id='word_1_20' title='bbox 940 646 1264 702; x_wconf 84' lang='lat' dir='ltr'><strong>dedicationi</strong></span> <span class='ocrx_word' id='word_1_21' title='bbox 1325 663 1579 716; x_wconf 83' lang='lat' dir='ltr'><strong>persona,</strong></span> <span class='ocrx_word' id='word_1_22' title='bbox 1641 648 1885 701; x_wconf 83' lang='lat' dir='ltr'><strong>nonnihil</strong></span> <span class='ocrx_word' id='word_1_23' title='bbox 1938 646 2184 708; x_wconf 80' lang='lat' dir='ltr'><strong>differat,</strong></span> 
     </span>
    </p>
   </div>
   <div class='ocr_carea' id='block_1_6' title="bbox 621 738 2228 808">
    <p class='ocr_par' dir='ltr' id='par_1_6' title="bbox 621 738 2228 808">
     <span class='ocr_line' id='line_1_6' title="bbox 621 738 2228 808; baseline -0.002 -16"><span class='ocrx_word' id='word_1_24' title='bbox 621 748 815 792; x_wconf 76' lang='lat' dir='ltr'><strong>czetera</strong></span> <span class='ocrx_word' id='word_1_25' title='bbox 866 748 1046 792; x_wconf 86' lang='lat' dir='ltr'><strong>tamen</strong></span> <span class='ocrx_word' id='word_1_26' title='bbox 1103 740 1314 792; x_wconf 91' lang='lat' dir='ltr'><strong>nonnisi</strong></span> <span class='ocrx_word' id='word_1_27' title='bbox 1376 740 1707 808; x_wconf 83' lang='lat' dir='ltr'><strong>descriptum</strong></span> <span class='ocrx_word' id='word_1_28' title='bbox 1760 756 1879 795; x_wconf 89' lang='lat' dir='ltr'><strong>esse</strong></span> <span class='ocrx_word' id='word_1_29' title='bbox 1914 738 2095 807; x_wconf 88' lang='lat' dir='ltr'><strong>operis</strong></span> <span class='ocrx_word' id='word_1_30' title='bbox 2126 738 2228 790; x_wconf 82' lang='lat' dir='ltr'><strong>ad-</strong></span> 
     </span>
    </p>
   </div>
   <div class='ocr_carea' id='block_1_7' title="bbox 623 830 2193 903">
    <p class='ocr_par' dir='ltr' id='par_1_7' title="bbox 623 830 2193 903">
     <span class='ocr_line' id='line_1_7' title="bbox 623 830 2193 903; baseline -0.001 -19"><span class='ocrx_word' id='word_1_31' title='bbox 623 830 924 900; x_wconf 83' lang='lat' dir='ltr'><strong>Eunapium</strong></span> <span class='ocrx_word' id='word_1_32' title='bbox 958 831 1091 885; x_wconf 89' lang='lat' dir='ltr'><strong>satis</strong></span> <span class='ocrx_word' id='word_1_33' title='bbox 1154 831 1439 886; x_wconf 71' lang='lat' dir='ltr'><strong>manifeste</strong></span> <span class='ocrx_word' id='word_1_34' title='bbox 1491 840 1736 903; x_wconf 88' lang='lat' dir='ltr'><strong>apparet.</strong></span> <span class='ocrx_word' id='word_1_35' title='bbox 1784 831 1961 897; x_wconf 86' lang='lat' dir='ltr'><strong>Quare</strong></span> <span class='ocrx_word' id='word_1_36' title='bbox 1995 830 2045 883; x_wconf 90' lang='lat' dir='ltr'><strong>in</strong></span> <span class='ocrx_word' id='word_1_37' title='bbox 2073 844 2193 883; x_wconf 88' lang='lat' dir='ltr'><strong>eatn</strong></span> 
     </span>
    </p>
   </div>
   <div class='ocr_carea' id='block_1_8' title="bbox 625 917 2194 990">
    <p class='ocr_par' dir='ltr' id='par_1_8' title="bbox 625 917 2194 990">
     <span class='ocr_line' id='line_1_8' title="bbox 625 917 2194 990; baseline -0.003 -15"><span class='ocrx_word' id='word_1_38' title='bbox 625 921 913 990; x_wconf 86' lang='lat' dir='ltr'><strong>cogitando</strong></span> <span class='ocrx_word' id='word_1_39' title='bbox 935 921 1263 974; x_wconf 87' lang='lat' dir='ltr'><strong>sententiam</strong></span> <span class='ocrx_word' id='word_1_40' title='bbox 1294 920 1438 986; x_wconf 84' lang='lat' dir='ltr'><strong>veni,</strong></span> <span class='ocrx_word' id='word_1_41' title='bbox 1464 936 1571 974; x_wconf 93' lang='lat' dir='ltr'><strong>non</strong></span> <span class='ocrx_word' id='word_1_42' title='bbox 1594 935 1718 975; x_wconf 89' lang='lat' dir='ltr'><strong>esse</strong></span> <span class='ocrx_word' id='word_1_43' title='bbox 1756 920 1809 973; x_wconf 89' lang='lat' dir='ltr'><strong>id</strong></span> <span class='ocrx_word' id='word_1_44' title='bbox 1861 933 2096 987; x_wconf 83' lang='lat' dir='ltr'><strong>unquam</strong></span> <span class='ocrx_word' id='word_1_45' title='bbox 2125 917 2194 971; x_wconf 86' lang='lat' dir='ltr'><strong>ab</strong></span> 
     </span>
    </p>
   </div>
   <div class='ocr_carea' id='block_1_9' title="bbox 627 1009 2195 1079">
    <p class='ocr_par' dir='ltr' id='par_1_9' title="bbox 627 1009 2195 1079">
     <span class='ocr_line' id='line_1_9' title="bbox 627 1009 2195 1079; baseline -0.003 -14"><span class='ocrx_word' id='word_1_46' title='bbox 627 1012 877 1067; x_wconf 76' lang='lat' dir='ltr'><strong>Oti-basio</strong></span> <span class='ocrx_word' id='word_1_47' title='bbox 900 1011 1104 1066; x_wconf 85' lang='lat' dir='ltr'><strong>factum</strong></span> <span class='ocrx_word' id='word_1_48' title='bbox 1150 1030 1162 1066; x_wconf 93' lang='lat'>:</span> <span class='ocrx_word' id='word_1_49' title='bbox 1199 1012 1292 1066; x_wconf 90' lang='lat' dir='ltr'><strong>sed</strong></span> <span class='ocrx_word' id='word_1_50' title='bbox 1328 1013 1409 1063; x_wconf 89' lang='lat' dir='ltr'><strong>vel</strong></span> <span class='ocrx_word' id='word_1_51' title='bbox 1441 1028 1682 1065; x_wconf 89' lang='lat' dir='ltr'><strong>errorem</strong></span> <span class='ocrx_word' id='word_1_52' title='bbox 1713 1010 1849 1078; x_wconf 86' lang='lat' dir='ltr'><strong>ejus,</strong></span> <span class='ocrx_word' id='word_1_53' title='bbox 1875 1010 1968 1079; x_wconf 87' lang='lat' dir='ltr'><strong>qui</strong></span> <span class='ocrx_word' id='word_1_54' title='bbox 1998 1010 2065 1062; x_wconf 92' lang='lat' dir='ltr'><strong>ab</strong></span> <span class='ocrx_word' id='word_1_55' title='bbox 2088 1009 2195 1062; x_wconf 53' lang='lat' dir='ltr'><strong>ini-</strong></span> 
     </span>
    </p>
   </div>
   <div class='ocr_carea' id='block_1_10' title="bbox 630 1102 2195 1174">
    <p class='ocr_par' dir='ltr' id='par_1_10' title="bbox 630 1102 2195 1174">
     <span class='ocr_line' id='line_1_10' title="bbox 630 1102 2195 1174; baseline -0.001 -16"><span class='ocrx_word' id='word_1_56' title='bbox 630 1105 705 1159; x_wconf 91' lang='lat' dir='ltr'><strong>tio</strong></span> <span class='ocrx_word' id='word_1_57' title='bbox 731 1104 956 1160; x_wconf 84' lang='lat' dir='ltr'><strong>missum</strong></span> <span class='ocrx_word' id='word_1_58' title='bbox 988 1105 1055 1159; x_wconf 90' lang='lat' dir='ltr'><strong>ad</strong></span> <span class='ocrx_word' id='word_1_59' title='bbox 1076 1102 1377 1174; x_wconf 86' lang='lat' dir='ltr'><strong>Eunapiuni</strong></span> <span class='ocrx_word' id='word_1_60' title='bbox 1421 1104 1616 1157; x_wconf 90' lang='lat' dir='ltr'><strong>librum</strong></span> <span class='ocrx_word' id='word_1_61' title='bbox 1652 1102 2033 1167; x_wconf 85' lang='lat' dir='ltr'><strong>describenda,</strong></span> <span class='ocrx_word' id='word_1_62' title='bbox 2066 1103 2195 1157; x_wconf 88' lang='lat' dir='ltr'><strong>titu-</strong></span> 
     </span>
    </p>
   </div>
   <div class='ocr_carea' id='block_1_11' title="bbox 628 1196 2193 1266">
    <p class='ocr_par' dir='ltr' id='par_1_11' title="bbox 628 1196 2193 1266">
     <span class='ocr_line' id='line_1_11' title="bbox 628 1196 2193 1266; baseline -0.003 -15"><span class='ocrx_word' id='word_1_63' title='bbox 628 1197 737 1251; x_wconf 91' lang='lat' dir='ltr'><strong>lum</strong></span> <span class='ocrx_word' id='word_1_64' title='bbox 769 1197 985 1266; x_wconf 84' lang='lat' dir='ltr'><strong>quidem</strong></span> <span class='ocrx_word' id='word_1_65' title='bbox 1016 1197 1070 1250; x_wconf 93' lang='lat' dir='ltr'><strong>in</strong></span> <span class='ocrx_word' id='word_1_66' title='bbox 1095 1196 1524 1265; x_wconf 77' lang='lat' dir='ltr'><strong>Parata-facilia</strong></span> <span class='ocrx_word' id='word_1_67' title='bbox 1563 1196 1939 1260; x_wconf 89' lang='lat' dir='ltr'><strong>commutarit,</strong></span> <span class='ocrx_word' id='word_1_68' title='bbox 1968 1210 2066 1265; x_wconf 90' lang='lat' dir='ltr'><strong>pro</strong></span> <span class='ocrx_word' id='word_1_69' title='bbox 2083 1196 2193 1247; x_wconf 84' lang='lat' dir='ltr'><strong>Eu—</strong></span> 
     </span>
    </p>
   </div>
   <div class='ocr_carea' id='block_1_12' title="bbox 628 1288 2193 1361">
    <p class='ocr_par' dir='ltr' id='par_1_12' title="bbox 628 1288 2193 1361">
     <span class='ocr_line' id='line_1_12' title="bbox 628 1288 2193 1361; baseline -0.003 -17"><span class='ocrx_word' id='word_1_70' title='bbox 628 1292 791 1361; x_wconf 91' lang='lat' dir='ltr'><strong>napio</strong></span> <span class='ocrx_word' id='word_1_71' title='bbox 821 1306 953 1345; x_wconf 84' lang='lat' dir='ltr'><strong>vero</strong></span> <span class='ocrx_word' id='word_1_72' title='bbox 994 1290 1291 1357; x_wconf 75' lang='lat' dir='ltr'><strong>Eugenium</strong></span> <span class='ocrx_word' id='word_1_73' title='bbox 1335 1289 1628 1357; x_wconf 85' lang='lat' dir='ltr'><strong>subjecerit</strong></span> <span class='ocrx_word' id='word_1_74' title='bbox 1661 1306 1674 1342; x_wconf 91' lang='lat'>:</span> <span class='ocrx_word' id='word_1_75' title='bbox 1711 1290 1793 1343; x_wconf 85' lang='lat' dir='ltr'><strong>vel</strong></span> <span class='ocrx_word' id='word_1_76' title='bbox 1841 1288 2004 1341; x_wconf 89' lang='lat' dir='ltr'><strong>alium</strong></span> <span class='ocrx_word' id='word_1_77' title='bbox 2046 1299 2193 1343; x_wconf 89' lang='lat' dir='ltr'><strong>certe</strong></span> 
     </span>
    </p>
   </div>
   <div class='ocr_carea' id='block_1_13' title="bbox 627 1380 2191 1452">
    <p class='ocr_par' dir='ltr' id='par_1_13' title="bbox 627 1380 2191 1452">
     <span class='ocr_line' id='line_1_13' title="bbox 627 1380 2191 1452; baseline -0.002 -18"><span class='ocrx_word' id='word_1_78' title='bbox 627 1382 938 1452; x_wconf 87' lang='lat' dir='ltr'><strong>quempiam</strong></span> <span class='ocrx_word' id='word_1_79' title='bbox 968 1380 1193 1451; x_wconf 81' lang='lat' dir='ltr'><strong>gloriam</strong></span> <span class='ocrx_word' id='word_1_80' title='bbox 1224 1381 1326 1435; x_wconf 87' lang='lat' dir='ltr'><strong>sibi</strong></span> <span class='ocrx_word' id='word_1_81' title='bbox 1353 1394 1420 1434; x_wconf 83' lang='lat' dir='ltr'><strong>ex</strong></span> <span class='ocrx_word' id='word_1_82' title='bbox 1466 1380 1802 1436; x_wconf 74' lang='lat' dir='ltr'><strong>dedicatione</strong></span> <span class='ocrx_word' id='word_1_83' title='bbox 1834 1389 2191 1449; x_wconf 67' lang='lat' dir='ltr'><strong>quaerentem,</strong></span> 
     </span>
    </p>
   </div>
   <div class='ocr_carea' id='block_1_14' title="bbox 625 1472 2193 1544">
    <p class='ocr_par' dir='ltr' id='par_1_14' title="bbox 625 1472 2193 1544">
     <span class='ocr_line' id='line_1_14' title="bbox 625 1472 2193 1544; baseline 0 -17"><span class='ocrx_word' id='word_1_84' title='bbox 625 1475 693 1527; x_wconf 88' lang='lat' dir='ltr'><strong>ad</strong></span> <span class='ocrx_word' id='word_1_85' title='bbox 738 1474 843 1528; x_wconf 90' lang='lat' dir='ltr'><strong>hoc</strong></span> <span class='ocrx_word' id='word_1_86' title='bbox 892 1472 1200 1544; x_wconf 87' lang='lat' dir='ltr'><strong>confugisse</strong></span> <span class='ocrx_word' id='word_1_87' title='bbox 1249 1482 1637 1539; x_wconf 86' lang='lat' dir='ltr'><strong>commentum,</strong></span> <span class='ocrx_word' id='word_1_88' title='bbox 1683 1482 1895 1543; x_wconf 87' lang='lat' dir='ltr'><strong>ut&#39;pro</strong></span> <span class='ocrx_word' id='word_1_89' title='bbox 1949 1472 2193 1538; x_wconf 83' lang='lat' dir='ltr'><strong>Eunapio</strong></span> 
     </span>
    </p>
   </div>
   <div class='ocr_carea' id='block_1_15' title="bbox 627 1564 2193 1636">
    <p class='ocr_par' dir='ltr' id='par_1_15' title="bbox 627 1564 2193 1636">
     <span class='ocr_line' id='line_1_15' title="bbox 627 1564 2193 1636; baseline 0.001 -17"><span class='ocrx_word' id='word_1_90' title='bbox 627 1564 953 1635; x_wconf 80' lang='lat' dir='ltr'><strong>Eugenium,</strong></span> <span class='ocrx_word' id='word_1_91' title='bbox 981 1574 1035 1620; x_wconf 92' lang='lat' dir='ltr'><strong>et</strong></span> <span class='ocrx_word' id='word_1_92' title='bbox 1061 1579 1162 1636; x_wconf 90' lang='lat' dir='ltr'><strong>pro</strong></span> <span class='ocrx_word' id='word_1_93' title='bbox 1206 1565 1413 1635; x_wconf 89' lang='lat' dir='ltr'><strong>scripto</strong></span> <span class='ocrx_word' id='word_1_94' title='bbox 1457 1565 1533 1620; x_wconf 92' lang='lat' dir='ltr'><strong>ibi</strong></span> <span class='ocrx_word' id='word_1_95' title='bbox 1595 1565 1754 1621; x_wconf 90' lang='lat' dir='ltr'><strong>titulo</strong></span> <span class='ocrx_word' id='word_1_96' title='bbox 1781 1564 2193 1635; x_wconf 78' lang='lat' dir='ltr'><strong>Parata-facilia</strong></span> 
     </span>
    </p>
   </div>
   <div class='ocr_carea' id='block_1_16' title="bbox 624 1657 912 1713">
    <p class='ocr_par' dir='ltr' id='par_1_16' title="bbox 624 1657 912 1713">
     <span class='ocr_line' id='line_1_16' title="bbox 624 1657 912 1713; baseline 0 -2"><span class='ocrx_word' id='word_1_97' title='bbox 624 1657 912 1713; x_wconf 84' lang='lat' dir='ltr'><strong>scriberet.</strong></span> 
     </span>
    </p>
   </div>
   <div class='ocr_carea' id='block_1_17' title="bbox 1307 1830 1511 1888">
    <p class='ocr_par' dir='ltr' id='par_1_17' title="bbox 1307 1830 1511 1888">
     <span class='ocr_line' id='line_1_17' title="bbox 1307 1830 1511 1888; baseline -0.01 0"><span class='ocrx_word' id='word_1_98' title='bbox 1307 1830 1511 1888; x_wconf 78' lang='lat' dir='ltr'><strong>CCXX.</strong></span> 
     </span>
    </p>
   </div>
   <div class='ocr_carea' id='block_1_18' title="bbox 1048 1924 1774 1979">
    <p class='ocr_par' dir='ltr' id='par_1_18' title="bbox 1048 1924 1774 1979">
     <span class='ocr_line' id='line_1_18' title="bbox 1048 1924 1774 1979; baseline -0.001 -1"><span class='ocrx_word' id='word_1_99' title='bbox 1048 1924 1273 1979; x_wconf 75' lang='lat' dir='ltr'><strong>Theonis</strong></span> <span class='ocrx_word' id='word_1_100' title='bbox 1300 1924 1560 1979; x_wconf 86' lang='lat' dir='ltr'><strong>archiatri</strong></span> <span class='ocrx_word' id='word_1_101' title='bbox 1587 1924 1774 1978; x_wconf 87' lang='lat' dir='ltr'><strong>Homo.</strong></span> 
     </span>
    </p>
   </div>
   <div class='ocr_carea' id='block_1_19' title="bbox 698 2015 2191 2088">
    <p class='ocr_par' dir='ltr' id='par_1_19' title="bbox 698 2015 2191 2088">
     <span class='ocr_line' id='line_1_19' title="bbox 698 2015 2191 2088; baseline -0.002 -16"><span class='ocrx_word' id='word_1_102' title='bbox 698 2017 826 2088; x_wconf 85' lang='lat' dir='ltr'><strong>Legi</strong></span> <span class='ocrx_word' id='word_1_103' title='bbox 854 2017 1096 2072; x_wconf 86' lang='lat' dir='ltr'><strong>Theonis</strong></span> <span class='ocrx_word' id='word_1_104' title='bbox 1122 2018 1377 2072; x_wconf 84' lang='lat' dir='ltr'><strong>arcliiatri</strong></span> <span class='ocrx_word' id='word_1_105' title='bbox 1416 2017 1763 2070; x_wconf 81' lang='lat' dir='ltr'><strong>Alexandrini</strong></span> <span class='ocrx_word' id='word_1_106' title='bbox 1802 2015 1996 2071; x_wconf 91' lang='lat' dir='ltr'><strong>librum</strong></span> <span class='ocrx_word' id='word_1_107' title='bbox 2022 2015 2191 2070; x_wconf 91' lang='lat' dir='ltr'><strong>medi-</strong></span> 
     </span>
    </p>
   </div>
   <div class='ocr_carea' id='block_1_20' title="bbox 624 2107 2185 2175">
    <p class='ocr_par' dir='ltr' id='par_1_20' title="bbox 624 2107 2185 2175">
     <span class='ocr_line' id='line_1_20' title="bbox 624 2107 2185 2175; baseline -0.003 -12"><span class='ocrx_word' id='word_1_108' title='bbox 624 2125 771 2174; x_wconf 90' lang='lat' dir='ltr'><strong>cum,</strong></span> <span class='ocrx_word' id='word_1_109' title='bbox 799 2110 892 2175; x_wconf 86' lang='lat' dir='ltr'><strong>qui</strong></span> <span class='ocrx_word' id='word_1_110' title='bbox 911 2108 1082 2163; x_wconf 82' lang='lat' dir='ltr'><strong>Homo</strong></span> <span class='ocrx_word' id='word_1_111' title='bbox 1110 2109 1446 2172; x_wconf 88' lang='lat' dir='ltr'><strong>inscribitur,</strong></span> <span class='ocrx_word' id='word_1_112' title='bbox 1474 2108 1852 2163; x_wconf 81' lang='lat' dir='ltr'><strong>etTlteoetisto</strong></span> <span class='ocrx_word' id='word_1_113' title='bbox 1887 2107 2185 2162; x_wconf 87' lang='lat' dir='ltr'><strong>dedicatur.</strong></span> 
     </span>
    </p>
   </div>
   <div class='ocr_carea' id='block_1_21' title="bbox 623 2201 2189 2274">
    <p class='ocr_par' dir='ltr' id='par_1_21' title="bbox 623 2201 2189 2274">
     <span class='ocr_line' id='line_1_21' title="bbox 623 2201 2189 2274; baseline -0.001 -17"><span class='ocrx_word' id='word_1_114' title='bbox 623 2203 946 2257; x_wconf 87' lang='lat' dir='ltr'><strong>Curationes</strong></span> <span class='ocrx_word' id='word_1_115' title='bbox 967 2214 1146 2257; x_wconf 90' lang='lat' dir='ltr'><strong>autem</strong></span> <span class='ocrx_word' id='word_1_116' title='bbox 1179 2203 1494 2274; x_wconf 84' lang='lat' dir='ltr'><strong>auspicatur</strong></span> <span class='ocrx_word' id='word_1_117' title='bbox 1515 2203 1583 2256; x_wconf 89' lang='lat' dir='ltr'><strong>ab</strong></span> <span class='ocrx_word' id='word_1_118' title='bbox 1623 2202 1858 2256; x_wconf 91' lang='lat' dir='ltr'><strong>hominis</strong></span> <span class='ocrx_word' id='word_1_119' title='bbox 1894 2201 2069 2270; x_wconf 87' lang='lat' dir='ltr'><strong>capite</strong></span> <span class='ocrx_word' id='word_1_120' title='bbox 2095 2215 2189 2255; x_wconf 92' lang='lat' dir='ltr'><strong>us-</strong></span> 
     </span>
    </p>
   </div>
   <div class='ocr_carea' id='block_1_22' title="bbox 624 2290 2183 2363">
    <p class='ocr_par' dir='ltr' id='par_1_22' title="bbox 624 2290 2183 2363">
     <span class='ocr_line' id='line_1_22' title="bbox 624 2290 2183 2363; baseline 0 -18"><span class='ocrx_word' id='word_1_121' title='bbox 624 2310 730 2363; x_wconf 86' lang='lat' dir='ltr'><strong>que</strong></span> <span class='ocrx_word' id='word_1_122' title='bbox 768 2294 834 2348; x_wconf 90' lang='lat' dir='ltr'><strong>ad</strong></span> <span class='ocrx_word' id='word_1_123' title='bbox 857 2293 1373 2361; x_wconf 74' lang='lat' dir='ltr'><strong>pedes,alfectorum</strong></span> <span class='ocrx_word' id='word_1_124' title='bbox 1404 2294 1649 2347; x_wconf 91' lang='lat' dir='ltr'><strong>omnium</strong></span> <span class='ocrx_word' id='word_1_125' title='bbox 1679 2292 1905 2347; x_wconf 86' lang='lat' dir='ltr'><strong>humani</strong></span> <span class='ocrx_word' id='word_1_126' title='bbox 1937 2290 2183 2361; x_wconf 87' lang='lat' dir='ltr'><strong>corporis</strong></span> 
     </span>
    </p>
   </div>
   <div class='ocr_carea' id='block_1_23' title="bbox 627 2384 2189 2459">
    <p class='ocr_par' dir='ltr' id='par_1_23' title="bbox 627 2384 2189 2459">
     <span class='ocr_line' id='line_1_23' title="bbox 627 2384 2189 2459; baseline -0.001 -18"><span class='ocrx_word' id='word_1_127' title='bbox 627 2390 858 2459; x_wconf 88' lang='lat' dir='ltr'><strong>partium</strong></span> <span class='ocrx_word' id='word_1_128' title='bbox 879 2389 1080 2443; x_wconf 89' lang='lat' dir='ltr'><strong>morbis</strong></span> <span class='ocrx_word' id='word_1_129' title='bbox 1108 2387 1347 2441; x_wconf 86' lang='lat' dir='ltr'><strong>remedia</strong></span> <span class='ocrx_word' id='word_1_130' title='bbox 1390 2386 1635 2455; x_wconf 61' lang='lat' dir='ltr'><strong>quaadam</strong></span> <span class='ocrx_word' id='word_1_131' title='bbox 1664 2384 1915 2441; x_wconf 84' lang='lat' dir='ltr'><strong>all&#39;erens.</strong></span> <span class='ocrx_word' id='word_1_132' title='bbox 1953 2385 2066 2439; x_wconf 87' lang='lat' dir='ltr'><strong>Non</strong></span> <span class='ocrx_word' id='word_1_133' title='bbox 2108 2395 2189 2439; x_wconf 87' lang='lat' dir='ltr'><strong>ta-</strong></span> 
     </span>
    </p>
   </div>
   <div class='ocr_carea' id='block_1_24' title="bbox 626 2477 2189 2546">
    <p class='ocr_par' dir='ltr' id='par_1_24' title="bbox 626 2477 2189 2546">
     <span class='ocr_line' id='line_1_24' title="bbox 626 2477 2189 2546; baseline -0.002 -12"><span class='ocrx_word' id='word_1_134' title='bbox 626 2497 749 2534; x_wconf 87' lang='lat' dir='ltr'><strong>men</strong></span> <span class='ocrx_word' id='word_1_135' title='bbox 775 2490 868 2533; x_wconf 90' lang='lat' dir='ltr'><strong>aut</strong></span> <span class='ocrx_word' id='word_1_136' title='bbox 895 2478 1069 2533; x_wconf 89' lang='lat' dir='ltr'><strong>morbi</strong></span> <span class='ocrx_word' id='word_1_137' title='bbox 1103 2489 1378 2539; x_wconf 89' lang='lat' dir='ltr'><strong>naturam,</strong></span> <span class='ocrx_word' id='word_1_138' title='bbox 1404 2477 1507 2530; x_wconf 88' lang='lat' dir='ltr'><strong>nisi</strong></span> <span class='ocrx_word' id='word_1_139' title='bbox 1533 2478 1584 2529; x_wconf 91' lang='lat' dir='ltr'><strong>in</strong></span> <span class='ocrx_word' id='word_1_140' title='bbox 1621 2479 1807 2545; x_wconf 87' lang='lat' dir='ltr'><strong>paucis</strong></span> <span class='ocrx_word' id='word_1_141' title='bbox 1834 2479 1991 2541; x_wconf 85' lang='lat' dir='ltr'><strong>forte,</strong></span> <span class='ocrx_word' id='word_1_142' title='bbox 2015 2478 2189 2546; x_wconf 79' lang='lat' dir='ltr'><strong>expli-</strong></span> 
     </span>
    </p>
   </div>
   <div class='ocr_carea' id='block_1_25' title="bbox 626 2568 2185 2637">
    <p class='ocr_par' dir='ltr' id='par_1_25' title="bbox 626 2568 2185 2637">
     <span class='ocr_line' id='line_1_25' title="bbox 626 2568 2185 2637; baseline -0.001 -13"><span class='ocrx_word' id='word_1_143' title='bbox 626 2582 737 2636; x_wconf 86' lang='lat' dir='ltr'><strong>cat,</strong></span> <span class='ocrx_word' id='word_1_144' title='bbox 772 2571 1018 2624; x_wconf 88' lang='lat' dir='ltr'><strong>autsatis</strong></span> <span class='ocrx_word' id='word_1_145' title='bbox 1069 2570 1323 2623; x_wconf 84' lang='lat' dir='ltr'><strong>distincte</strong></span> <span class='ocrx_word' id='word_1_146' title='bbox 1348 2568 1469 2621; x_wconf 88' lang='lat' dir='ltr'><strong>illas</strong></span> <span class='ocrx_word' id='word_1_147' title='bbox 1540 2583 1625 2621; x_wconf 88' lang='lat' dir='ltr'><strong>res</strong></span> <span class='ocrx_word' id='word_1_148' title='bbox 1672 2569 1836 2621; x_wconf 85' lang='lat' dir='ltr'><strong>tradit</strong></span> <span class='ocrx_word' id='word_1_149' title='bbox 1885 2569 1949 2622; x_wconf 91' lang='lat' dir='ltr'><strong>de</strong></span> <span class='ocrx_word' id='word_1_150' title='bbox 1990 2569 2185 2637; x_wconf 90' lang='lat' dir='ltr'><strong>quibus</strong></span> 
     </span>
    </p>
   </div>
   <div class='ocr_carea' id='block_1_26' title="bbox 626 2659 2185 2730">
    <p class='ocr_par' dir='ltr' id='par_1_26' title="bbox 626 2659 2185 2730">
     <span class='ocr_line' id='line_1_26' title="bbox 626 2659 2185 2730; baseline -0.001 -17"><span class='ocrx_word' id='word_1_151' title='bbox 626 2663 895 2715; x_wconf 85' lang='lat' dir='ltr'><strong>disserere</strong></span> <span class='ocrx_word' id='word_1_152' title='bbox 967 2660 1243 2730; x_wconf 81' lang='lat' dir='ltr'><strong>preponit.</strong></span> <span class='ocrx_word' id='word_1_153' title='bbox 1306 2659 1602 2727; x_wconf 82' lang='lat' dir='ltr'><strong>Descriplis</strong></span> <span class='ocrx_word' id='word_1_154' title='bbox 1653 2673 1780 2711; x_wconf 83' lang='lat' dir='ltr'><strong>vero</strong></span> <span class='ocrx_word' id='word_1_155' title='bbox 1834 2659 1945 2727; x_wconf 88' lang='lat' dir='ltr'><strong>jam</strong></span> <span class='ocrx_word' id='word_1_156' title='bbox 1998 2674 2185 2712; x_wconf 91' lang='lat' dir='ltr'><strong>eorum</strong></span> 
     </span>
    </p>
   </div>
   <div class='ocr_carea' id='block_1_27' title="bbox 627 2749 2188 2819">
    <p class='ocr_par' dir='ltr' id='par_1_27' title="bbox 627 2749 2188 2819">
     <span class='ocr_line' id='line_1_27' title="bbox 627 2749 2188 2819; baseline -0.001 -14"><span class='ocrx_word' id='word_1_157' title='bbox 627 2754 940 2806; x_wconf 85' lang='lat' dir='ltr'><strong>morborum</strong></span> <span class='ocrx_word' id='word_1_158' title='bbox 979 2752 1255 2813; x_wconf 85' lang='lat' dir='ltr'><strong>remediis,</strong></span> <span class='ocrx_word' id='word_1_159' title='bbox 1277 2750 1369 2819; x_wconf 87' lang='lat' dir='ltr'><strong>qui</strong></span> <span class='ocrx_word' id='word_1_160' title='bbox 1403 2749 1563 2819; x_wconf 88' lang='lat' dir='ltr'><strong>pedes</strong></span> <span class='ocrx_word' id='word_1_161' title='bbox 1603 2759 1765 2819; x_wconf 87' lang='lat' dir='ltr'><strong>atque</strong></span> <span class='ocrx_word' id='word_1_162' title='bbox 1815 2750 2071 2805; x_wconf 87' lang='lat' dir='ltr'><strong>articulos</strong></span> <span class='ocrx_word' id='word_1_163' title='bbox 2102 2750 2188 2804; x_wconf 85' lang='lat' dir='ltr'><strong>in-</strong></span> 
     </span>
    </p>
   </div>
   <div class='ocr_carea' id='block_1_28' title="bbox 624 2837 2188 2909">
    <p class='ocr_par' dir='ltr' id='par_1_28' title="bbox 624 2837 2188 2909">
     <span class='ocr_line' id='line_1_28' title="bbox 624 2837 2188 2909; baseline 0 -17"><span class='ocrx_word' id='word_1_164' title='bbox 624 2840 824 2895; x_wconf 79' lang='lat' dir='ltr'><strong>vadere</strong></span> <span class='ocrx_word' id='word_1_165' title='bbox 859 2839 1054 2905; x_wconf 85' lang='lat' dir='ltr'><strong>solent,</strong></span> <span class='ocrx_word' id='word_1_166' title='bbox 1118 2838 1186 2893; x_wconf 89' lang='lat' dir='ltr'><strong>de</strong></span> <span class='ocrx_word' id='word_1_167' title='bbox 1250 2840 1609 2909; x_wconf 68' lang='lat' dir='ltr'><strong>purgantibus</strong></span> <span class='ocrx_word' id='word_1_168' title='bbox 1690 2837 1882 2890; x_wconf 89' lang='lat' dir='ltr'><strong>deinde</strong></span> <span class='ocrx_word' id='word_1_169' title='bbox 1949 2837 2188 2892; x_wconf 87' lang='lat' dir='ltr'><strong>medica-</strong></span> 
     </span>
    </p>
   </div>
   <div class='ocr_carea' id='block_1_29' title="bbox 627 2929 2184 2999">
    <p class='ocr_par' dir='ltr' id='par_1_29' title="bbox 627 2929 2184 2999">
     <span class='ocr_line' id='line_1_29' title="bbox 627 2929 2184 2999; baseline 0 -15"><span class='ocrx_word' id='word_1_170' title='bbox 627 2932 822 2985; x_wconf 86' lang='lat' dir='ltr'><strong>mentis</strong></span> <span class='ocrx_word' id='word_1_171' title='bbox 895 2930 1233 2999; x_wconf 83' lang='lat' dir='ltr'><strong>simplicibus</strong></span> <span class='ocrx_word' id='word_1_172' title='bbox 1285 2929 1418 2999; x_wconf 83' lang='lat' dir='ltr'><strong>agit,</strong></span> <span class='ocrx_word' id='word_1_173' title='bbox 1475 2938 1809 2997; x_wconf 86' lang='lat' dir='ltr'><strong>conaturque</strong></span> <span class='ocrx_word' id='word_1_174' title='bbox 1875 2938 1929 2982; x_wconf 90' lang='lat' dir='ltr'><strong>et</strong></span> <span class='ocrx_word' id='word_1_175' title='bbox 1984 2942 2184 2984; x_wconf 86' lang='lat' dir='ltr'><strong>causas</strong></span> 
     </span>
    </p>
   </div>
   <div class='ocr_carea' id='block_1_30' title="bbox 624 3020 2182 3091">
    <p class='ocr_par' dir='ltr' id='par_1_30' title="bbox 624 3020 2182 3091">
     <span class='ocr_line' id='line_1_30' title="bbox 624 3020 2182 3091; baseline 0 -18"><span class='ocrx_word' id='word_1_176' title='bbox 624 3023 885 3090; x_wconf 84' lang='lat' dir='ltr'><strong>quasdam</strong></span> <span class='ocrx_word' id='word_1_177' title='bbox 936 3022 1163 3075; x_wconf 86' lang='lat' dir='ltr'><strong>reddere</strong></span> <span class='ocrx_word' id='word_1_178' title='bbox 1191 3022 1372 3091; x_wconf 89' lang='lat' dir='ltr'><strong>idque,</strong></span> <span class='ocrx_word' id='word_1_179' title='bbox 1428 3032 1484 3074; x_wconf 90' lang='lat' dir='ltr'><strong>ut</strong></span> <span class='ocrx_word' id='word_1_180' title='bbox 1523 3021 1654 3074; x_wconf 81' lang='lat' dir='ltr'><strong>milii</strong></span> <span class='ocrx_word' id='word_1_181' title='bbox 1694 3021 1909 3090; x_wconf 87' lang='lat' dir='ltr'><strong>quidem</strong></span> <span class='ocrx_word' id='word_1_182' title='bbox 1952 3020 2182 3086; x_wconf 87' lang='lat' dir='ltr'><strong>videtur,</strong></span> 
     </span>
    </p>
   </div>
   <div class='ocr_carea' id='block_1_31' title="bbox 626 3110 2185 3182">
    <p class='ocr_par' dir='ltr' id='par_1_31' title="bbox 626 3110 2185 3182">
     <span class='ocr_line' id='line_1_31' title="bbox 626 3110 2185 3182; baseline 0 -17"><span class='ocrx_word' id='word_1_183' title='bbox 626 3130 730 3166; x_wconf 92' lang='lat' dir='ltr'><strong>non</strong></span> <span class='ocrx_word' id='word_1_184' title='bbox 772 3123 937 3177; x_wconf 77' lang='lat' dir='ltr'><strong>recte,</strong></span> <span class='ocrx_word' id='word_1_185' title='bbox 991 3127 1163 3179; x_wconf 89' lang='lat' dir='ltr'><strong>neque</strong></span> <span class='ocrx_word' id='word_1_186' title='bbox 1215 3112 1498 3165; x_wconf 89' lang='lat' dir='ltr'><strong>veritatem</strong></span> <span class='ocrx_word' id='word_1_187' title='bbox 1527 3123 1769 3175; x_wconf 86' lang='lat' dir='ltr'><strong>secutus,</strong></span> <span class='ocrx_word' id='word_1_188' title='bbox 1800 3126 1894 3165; x_wconf 87' lang='lat' dir='ltr'><strong>cur</strong></span> <span class='ocrx_word' id='word_1_189' title='bbox 1923 3110 2185 3182; x_wconf 89' lang='lat' dir='ltr'><strong>purgandi</strong></span> 
     </span>
    </p>
   </div>
   <div class='ocr_carea' id='block_1_32' title="bbox 625 3200 2187 3273">
    <p class='ocr_par' dir='ltr' id='par_1_32' title="bbox 625 3200 2187 3273">
     <span class='ocr_line' id='line_1_32' title="bbox 625 3200 2187 3273; baseline 0 -16"><span class='ocrx_word' id='word_1_190' title='bbox 625 3203 936 3257; x_wconf 78' lang='lat' dir='ltr'><strong>facultatem</strong></span> <span class='ocrx_word' id='word_1_191' title='bbox 968 3203 1384 3273; x_wconf 86' lang='lat' dir='ltr'><strong>pharmacorum</strong></span> <span class='ocrx_word' id='word_1_192' title='bbox 1435 3212 1627 3257; x_wconf 88' lang='lat' dir='ltr'><strong>natura</strong></span> <span class='ocrx_word' id='word_1_193' title='bbox 1670 3212 1878 3256; x_wconf 85' lang='lat' dir='ltr'><strong>exerat.</strong></span> <span class='ocrx_word' id='word_1_194' title='bbox 1912 3200 2049 3257; x_wconf 89' lang='lat' dir='ltr'><strong>llinc</strong></span> <span class='ocrx_word' id='word_1_195' title='bbox 2074 3218 2187 3257; x_wconf 87' lang='lat' dir='ltr'><strong>me-</strong></span> 
     </span>
    </p>
   </div>
   <div class='ocr_carea' id='block_1_33' title="bbox 627 3293 2187 3364">
    <p class='ocr_par' dir='ltr' id='par_1_33' title="bbox 627 3293 2187 3364">
     <span class='ocr_line' id='line_1_33' title="bbox 627 3293 2187 3364; baseline -0.003 -13"><span class='ocrx_word' id='word_1_196' title='bbox 627 3299 1054 3351; x_wconf 83' lang='lat' dir='ltr'><strong>dicamentorum</strong></span> <span class='ocrx_word' id='word_1_197' title='bbox 1116 3296 1293 3349; x_wconf 86' lang='lat' dir='ltr'><strong>omnis</strong></span> <span class='ocrx_word' id='word_1_198' title='bbox 1349 3294 1561 3364; x_wconf 76' lang='lat' dir='ltr'><strong>generis</strong></span> <span class='ocrx_word' id='word_1_199' title='bbox 1591 3293 2029 3362; x_wconf 83' lang='lat' dir='ltr'><strong>compositionem</strong></span> <span class='ocrx_word' id='word_1_200' title='bbox 2064 3309 2187 3362; x_wconf 83' lang='lat' dir='ltr'><strong>per-</strong></span> 
     </span>
    </p>
   </div>
   <div class='ocr_carea' id='block_1_34' title="bbox 630 3381 2188 3454">
    <p class='ocr_par' dir='ltr' id='par_1_34' title="bbox 630 3381 2188 3454">
     <span class='ocr_line' id='line_1_34' title="bbox 630 3381 2188 3454; baseline -0.004 -14"><span class='ocrx_word' id='word_1_201' title='bbox 630 3398 852 3449; x_wconf 85' lang='lat' dir='ltr'><strong>tractat,</strong></span> <span class='ocrx_word' id='word_1_202' title='bbox 903 3402 1023 3454; x_wconf 68' lang='lat' dir='ltr'><strong>qna:</strong></span> <span class='ocrx_word' id='word_1_203' title='bbox 1048 3383 1403 3438; x_wconf 67' lang='lat' dir='ltr'><strong>subicientem</strong></span> <span class='ocrx_word' id='word_1_204' title='bbox 1435 3385 1501 3436; x_wconf 89' lang='lat' dir='ltr'><strong>ad</strong></span> <span class='ocrx_word' id='word_1_205' title='bbox 1528 3399 1691 3451; x_wconf 86' lang='lat' dir='ltr'><strong>supra</strong></span> <span class='ocrx_word' id='word_1_206' title='bbox 1726 3381 2029 3435; x_wconf 87' lang='lat' dir='ltr'><strong>nominatos</strong></span> <span class='ocrx_word' id='word_1_207' title='bbox 2053 3397 2188 3435; x_wconf 90' lang='lat' dir='ltr'><strong>mor-</strong></span> 
     </span>
    </p>
   </div>
   <div class='ocr_carea' id='block_1_35' title="bbox 625 3471 2185 3546">
    <p class='ocr_par' dir='ltr' id='par_1_35' title="bbox 625 3471 2185 3546">
     <span class='ocr_line' id='line_1_35' title="bbox 625 3471 2185 3546; baseline -0.005 -12"><span class='ocrx_word' id='word_1_208' title='bbox 625 3481 744 3541; x_wconf 92' lang='lat' dir='ltr'><strong>bos,</strong></span> <span class='ocrx_word' id='word_1_209' title='bbox 770 3484 1106 3546; x_wconf 69' lang='lat' dir='ltr'><strong>ca-terasque</strong></span> <span class='ocrx_word' id='word_1_210' title='bbox 1143 3475 1363 3530; x_wconf 84' lang='lat' dir='ltr'><strong>humani</strong></span> <span class='ocrx_word' id='word_1_211' title='bbox 1393 3474 1639 3544; x_wconf 90' lang='lat' dir='ltr'><strong>corporis</strong></span> <span class='ocrx_word' id='word_1_212' title='bbox 1670 3471 1990 3528; x_wconf 80' lang='lat' dir='ltr'><strong>affectiones</strong></span> <span class='ocrx_word' id='word_1_213' title='bbox 2026 3488 2185 3527; x_wconf 90' lang='lat' dir='ltr'><strong>usum</strong></span> 
     </span>
    </p>
   </div>
   <div class='ocr_carea' id='block_1_36' title="bbox 626 3567 2189 3645">
    <p class='ocr_par' dir='ltr' id='par_1_36' title="bbox 626 3567 2189 3645">
     <span class='ocr_line' id='line_1_36' title="bbox 626 3567 2189 3645; baseline -0.004 -19"><span class='ocrx_word' id='word_1_214' title='bbox 626 3575 927 3645; x_wconf 70' lang='lat' dir='ltr'><strong>praebeant,</strong></span> <span class='ocrx_word' id='word_1_215' title='bbox 963 3573 1195 3643; x_wconf 81' lang='lat' dir='ltr'><strong>singulis</strong></span> <span class='ocrx_word' id='word_1_216' title='bbox 1258 3571 1526 3625; x_wconf 84' lang='lat' dir='ltr'><strong>morbosis</strong></span> <span class='ocrx_word' id='word_1_217' title='bbox 1579 3567 1841 3637; x_wconf 89' lang='lat' dir='ltr'><strong>partibus,</strong></span> <span class='ocrx_word' id='word_1_218' title='bbox 1870 3582 2005 3635; x_wconf 89' lang='lat' dir='ltr'><strong>quas</strong></span> <span class='ocrx_word' id='word_1_219' title='bbox 2055 3567 2189 3619; x_wconf 84' lang='lat' dir='ltr'><strong>Oml-</strong></span> 
     </span>
    </p>
   </div>
   <div class='ocr_carea' id='block_1_37' title="bbox 624 3658 2187 3734">
    <p class='ocr_par' dir='ltr' id='par_1_37' title="bbox 624 3658 2187 3734">
     <span class='ocr_line' id='line_1_37' title="bbox 624 3658 2187 3734; baseline -0.007 -12"><span class='ocrx_word' id='word_1_220' title='bbox 624 3676 792 3731; x_wconf 84' lang='lat' dir='ltr'><strong>serat,</strong></span> <span class='ocrx_word' id='word_1_221' title='bbox 823 3667 1061 3720; x_wconf 84' lang='lat' dir='ltr'><strong>remedia</strong></span> <span class='ocrx_word' id='word_1_222' title='bbox 1094 3664 1289 3734; x_wconf 80' lang='lat' dir='ltr'><strong>177a</strong></span> <span class='ocrx_word' id='word_1_223' title='bbox 1354 3662 1659 3717; x_wconf 86' lang='lat' dir='ltr'><strong>ascribens.</strong></span> <span class='ocrx_word' id='word_1_224' title='bbox 1686 3658 1991 3728; x_wconf 86' lang='lat' dir='ltr'><strong>Emplastra</strong></span> <span class='ocrx_word' id='word_1_225' title='bbox 2028 3658 2187 3712; x_wconf 90' lang='lat' dir='ltr'><strong>insu-</strong></span> 
     </span>
    </p>
   </div>
   <div class='ocr_carea' id='block_1_38' title="bbox 624 3747 2190 3826">
    <p class='ocr_par' dir='ltr' id='par_1_38' title="bbox 624 3747 2190 3826">
     <span class='ocr_line' id='line_1_38' title="bbox 624 3747 2190 3826; baseline -0.006 -15"><span class='ocrx_word' id='word_1_226' title='bbox 624 3774 744 3826; x_wconf 87' lang='lat' dir='ltr'><strong>per,</strong></span> <span class='ocrx_word' id='word_1_227' title='bbox 800 3766 855 3811; x_wconf 86' lang='lat' dir='ltr'><strong>et</strong></span> <span class='ocrx_word' id='word_1_228' title='bbox 914 3757 1176 3809; x_wconf 85' lang='lat' dir='ltr'><strong>adversus</strong></span> <span class='ocrx_word' id='word_1_229' title='bbox 1230 3752 1598 3807; x_wconf 86' lang='lat' dir='ltr'><strong>lassitudinem</strong></span> <span class='ocrx_word' id='word_1_230' title='bbox 1656 3749 1914 3811; x_wconf 84' lang='lat' dir='ltr'><strong>remedia,</strong></span> <span class='ocrx_word' id='word_1_231' title='bbox 1967 3747 2190 3819; x_wconf 82' lang='lat' dir='ltr'><strong>collyria</strong></span> 
     </span>
    </p>
   </div>
   <div class='ocr_carea' id='block_1_39' title="bbox 628 3839 2190 3913">
    <p class='ocr_par' dir='ltr' id='par_1_39' title="bbox 628 3839 2190 3913">
     <span class='ocr_line' id='line_1_39' title="bbox 628 3839 2190 3913; baseline -0.005 -13"><span class='ocrx_word' id='word_1_232' title='bbox 628 3850 776 3913; x_wconf 87' lang='lat' dir='ltr'><strong>item,</strong></span> <span class='ocrx_word' id='word_1_233' title='bbox 817 3863 881 3900; x_wconf 89' lang='lat' dir='ltr'><strong>ac</strong></span> <span class='ocrx_word' id='word_1_234' title='bbox 913 3847 1089 3899; x_wconf 85' lang='lat' dir='ltr'><strong>varias</strong></span> <span class='ocrx_word' id='word_1_235' title='bbox 1143 3846 1413 3898; x_wconf 89' lang='lat' dir='ltr'><strong>antidotos</strong></span> <span class='ocrx_word' id='word_1_236' title='bbox 1439 3861 1468 3897; x_wconf 91' lang='lat' dir='ltr'><strong>a</strong></span> <span class='ocrx_word' id='word_1_237' title='bbox 1495 3842 1663 3897; x_wconf 86' lang='lat' dir='ltr'><strong>variis</strong></span> <span class='ocrx_word' id='word_1_238' title='bbox 1695 3839 2038 3911; x_wconf 59' lang='lat' dir='ltr'><strong>praescriptas</strong></span> <span class='ocrx_word' id='word_1_239' title='bbox 2074 3855 2190 3893; x_wconf 85' lang='lat' dir='ltr'><strong>me-</strong></span> 
     </span>
    </p>
   </div>
   <div class='ocr_carea' id='block_1_40' title="bbox 627 3930 2191 4002">
    <p class='ocr_par' dir='ltr' id='par_1_40' title="bbox 627 3930 2191 4002">
     <span class='ocr_line' id='line_1_40' title="bbox 627 3930 2191 4002; baseline -0.004 -13"><span class='ocrx_word' id='word_1_240' title='bbox 627 3939 763 3992; x_wconf 87' lang='lat' dir='ltr'><strong>dicis</strong></span> <span class='ocrx_word' id='word_1_241' title='bbox 794 3935 970 3990; x_wconf 79' lang='lat' dir='ltr'><strong>affert.</strong></span> <span class='ocrx_word' id='word_1_242' title='bbox 1006 3936 1119 4001; x_wconf 84' lang='lat' dir='ltr'><strong>Qua</strong></span> <span class='ocrx_word' id='word_1_243' title='bbox 1156 3937 1207 3987; x_wconf 92' lang='lat' dir='ltr'><strong>in</strong></span> <span class='ocrx_word' id='word_1_244' title='bbox 1246 3950 1382 4002; x_wconf 82' lang='lat' dir='ltr'><strong>Opus</strong></span> <span class='ocrx_word' id='word_1_245' title='bbox 1428 3934 1555 3986; x_wconf 91' lang='lat' dir='ltr'><strong>illud</strong></span> <span class='ocrx_word' id='word_1_246' title='bbox 1615 3931 1975 3986; x_wconf 86' lang='lat' dir='ltr'><strong>consumitur.</strong></span> <span class='ocrx_word' id='word_1_247' title='bbox 2031 3930 2191 3984; x_wconf 85' lang='lat' dir='ltr'><strong>Liber</strong></span> 
     </span>
    </p>
   </div>
   <div class='ocr_carea' id='block_1_41' title="bbox 624 4021 2188 4093">
    <p class='ocr_par' dir='ltr' id='par_1_41' title="bbox 624 4021 2188 4093">
     <span class='ocr_line' id='line_1_41' title="bbox 624 4021 2188 4093; baseline -0.005 -10"><span class='ocrx_word' id='word_1_248' title='bbox 624 4043 802 4083; x_wconf 85' lang='lat' dir='ltr'><strong>autem</strong></span> <span class='ocrx_word' id='word_1_249' title='bbox 840 4030 924 4083; x_wconf 86' lang='lat' dir='ltr'><strong>hic</strong></span> <span class='ocrx_word' id='word_1_250' title='bbox 953 4028 1197 4081; x_wconf 85' lang='lat' dir='ltr'><strong>eamdem</strong></span> <span class='ocrx_word' id='word_1_251' title='bbox 1228 4026 1340 4081; x_wconf 89' lang='lat' dir='ltr'><strong>fere</strong></span> <span class='ocrx_word' id='word_1_252' title='bbox 1398 4025 1706 4089; x_wconf 88' lang='lat' dir='ltr'><strong>utilitatem,</strong></span> <span class='ocrx_word' id='word_1_253' title='bbox 1742 4039 1905 4093; x_wconf 90' lang='lat' dir='ltr'><strong>quam</strong></span> <span class='ocrx_word' id='word_1_254' title='bbox 1954 4021 2188 4078; x_wconf 86' lang='lat' dir='ltr'><strong>Oribasii</strong></span> 
     </span>
    </p>
   </div>
   <div class='ocr_carea' id='block_1_42' title="bbox 624 4120 1136 4193">
    <p class='ocr_par' dir='ltr' id='par_1_42' title="bbox 624 4120 1136 4193">
     <span class='ocr_line' id='line_1_42' title="bbox 624 4120 1136 4193; baseline -0.006 -17"><span class='ocrx_word' id='word_1_255' title='bbox 624 4124 894 4193; x_wconf 84' lang='lat' dir='ltr'><strong>synopsis,</strong></span> <span class='ocrx_word' id='word_1_256' title='bbox 926 4120 1136 4176; x_wconf 76' lang='lat' dir='ltr'><strong>afferat.</strong></span> 
     </span>
    </p>
   </div>
   <div class='ocr_carea' id='block_1_43' title="bbox 1322 4293 1555 4352">
    <p class='ocr_par' dir='ltr' id='par_1_43' title="bbox 1322 4293 1555 4352">
     <span class='ocr_line' id='line_1_43' title="bbox 1322 4293 1555 4352; baseline -0.004 0"><span class='ocrx_word' id='word_1_257' title='bbox 1322 4295 1407 4352; x_wconf 85' lang='lat' dir='ltr'><strong>CC</strong></span> <span class='ocrx_word' id='word_1_258' title='bbox 1417 4293 1555 4351; x_wconf 77' lang='lat' dir='ltr'><strong>XXI.</strong></span> 
     </span>
    </p>
   </div>
   <div class='ocr_carea' id='block_1_44' title="bbox 841 4386 1976 4457">
    <p class='ocr_par' dir='ltr' id='par_1_44' title="bbox 841 4386 1976 4457">
     <span class='ocr_line' id='line_1_44' title="bbox 841 4386 1976 4457; baseline -0.002 -17"><span class='ocrx_word' id='word_1_259' title='bbox 841 4390 976 4442; x_wconf 80' lang='lat' dir='ltr'><strong>Aetii</strong></span> <span class='ocrx_word' id='word_1_260' title='bbox 1008 4389 1252 4442; x_wconf 84' lang='lat' dir='ltr'><strong>Amideni</strong></span> <span class='ocrx_word' id='word_1_261' title='bbox 1288 4387 1471 4457; x_wconf 78' lang='lat' dir='ltr'><strong>Operis</strong></span> <span class='ocrx_word' id='word_1_262' title='bbox 1500 4386 1684 4440; x_wconf 85' lang='lat' dir='ltr'><strong>medici</strong></span> <span class='ocrx_word' id='word_1_263' title='bbox 1712 4386 1835 4438; x_wconf 82' lang='lat' dir='ltr'><strong>libri</strong></span> <span class='ocrx_word' id='word_1_264' title='bbox 1869 4400 1976 4438; x_wconf 78' lang='lat' dir='ltr'><strong>xvi.</strong></span> 
     </span>
    </p>
   </div>
   <div class='ocr_carea' id='block_1_45' title="bbox 696 4478 2191 4549">
    <p class='ocr_par' dir='ltr' id='par_1_45' title="bbox 696 4478 2191 4549">
     <span class='ocr_line' id='line_1_45' title="bbox 696 4478 2191 4549; baseline -0.003 -14"><span class='ocrx_word' id='word_1_265' title='bbox 696 4482 949 4549; x_wconf 71' lang='lat' dir='ltr'><strong>Legimus</strong></span> <span class='ocrx_word' id='word_1_266' title='bbox 979 4482 1116 4534; x_wconf 81' lang='lat' dir='ltr'><strong>Aetii</strong></span> <span class='ocrx_word' id='word_1_267' title='bbox 1147 4480 1391 4532; x_wconf 83' lang='lat' dir='ltr'><strong>Amideni</strong></span> <span class='ocrx_word' id='word_1_268' title='bbox 1434 4479 1509 4532; x_wconf 83' lang='lat' dir='ltr'><strong>De</strong></span> <span class='ocrx_word' id='word_1_269' title='bbox 1530 4495 1583 4531; x_wconf 84' lang='lat' dir='ltr'><strong>re</strong></span> <span class='ocrx_word' id='word_1_270' title='bbox 1606 4478 1807 4530; x_wconf 85' lang='lat' dir='ltr'><strong>medica</strong></span> <span class='ocrx_word' id='word_1_271' title='bbox 1837 4478 2002 4532; x_wconf 88' lang='lat' dir='ltr'><strong>libros</strong></span> <span class='ocrx_word' id='word_1_272' title='bbox 2036 4478 2191 4531; x_wconf 88' lang='lat' dir='ltr'><strong>sede-</strong></span> 
     </span>
    </p>
   </div>
   <div class='ocr_carea' id='block_1_46' title="bbox 624 4570 2188 4644">
    <p class='ocr_par' dir='ltr' id='par_1_46' title="bbox 624 4570 2188 4644">
     <span class='ocr_line' id='line_1_46' title="bbox 624 4570 2188 4644; baseline -0.004 -16"><span class='ocrx_word' id='word_1_273' title='bbox 624 4577 727 4629; x_wconf 76' lang='lat' dir='ltr'><strong>cim</strong></span> <span class='ocrx_word' id='word_1_274' title='bbox 761 4576 894 4644; x_wconf 65' lang='lat'><strong>(58).</strong></span> <span class='ocrx_word' id='word_1_275' title='bbox 929 4574 1158 4641; x_wconf 78' lang='lat' dir='ltr'><strong>Collegit</strong></span> <span class='ocrx_word' id='word_1_276' title='bbox 1185 4584 1362 4625; x_wconf 85' lang='lat' dir='ltr'><strong>autem</strong></span> <span class='ocrx_word' id='word_1_277' title='bbox 1418 4581 1587 4623; x_wconf 86' lang='lat' dir='ltr'><strong>totum</strong></span> <span class='ocrx_word' id='word_1_278' title='bbox 1620 4570 1788 4623; x_wconf 86' lang='lat' dir='ltr'><strong>hocce</strong></span> <span class='ocrx_word' id='word_1_279' title='bbox 1822 4586 1958 4637; x_wconf 85' lang='lat' dir='ltr'><strong>opus</strong></span> <span class='ocrx_word' id='word_1_280' title='bbox 1995 4585 2099 4622; x_wconf 85' lang='lat' dir='ltr'><strong>non</strong></span> <span class='ocrx_word' id='word_1_281' title='bbox 2122 4583 2188 4622; x_wconf 79' lang='lat' dir='ltr'><strong>ex</strong></span> 
     </span>
    </p>
   </div>
   <div class='ocr_carea' id='block_1_47' title="bbox 2216 1902 2265 1963">
    <p class='ocr_par' dir='ltr' id='par_1_47' title="bbox 2216 1902 2265 1963">
     <span class='ocr_line' id='line_1_47' title="bbox 2216 1902 2265 1963; baseline 0 0"><span class='ocrx_word' id='word_1_282' title='bbox 2216 1902 2265 1963; x_wconf 93' lang='lat' dir='ltr'><strong>B</strong></span> 
     </span>
    </p>
   </div>
   <div class='ocr_carea' id='block_1_48' title="bbox 2308 648 3782 732">
    <p class='ocr_par' dir='ltr' id='par_1_48' title="bbox 2308 648 3782 732">
     <span class='ocr_line' id='line_1_48' title="bbox 2308 648 3782 732; baseline 0.028 -35"><span class='ocrx_word' id='word_1_283' title='bbox 2308 648 2467 700; x_wconf 79' lang='grc' dir='ltr'>’Λλλὰ</span> <span class='ocrx_word' id='word_1_284' title='bbox 2495 648 2653 700; x_wconf 75' lang='grc' dir='ltr'>τοῦτο</span> <span class='ocrx_word' id='word_1_285' title='bbox 2682 651 2740 700; x_wconf 88' lang='grc' dir='ltr'>τὸ</span> <span class='ocrx_word' id='word_1_286' title='bbox 2772 649 2972 718; x_wconf 53' lang='grc' dir='ltr'>βιβλίον</span> <span class='ocrx_word' id='word_1_287' title='bbox 2999 650 3139 701; x_wconf 72' lang='grc' dir='ltr'>κατὰ</span> <span class='ocrx_word' id='word_1_288' title='bbox 3172 651 3271 719; x_wconf 74' lang='grc' dir='ltr'>μὲν</span> <span class='ocrx_word' id='word_1_289' title='bbox 3294 653 3387 723; x_wconf 80' lang='grc' dir='ltr'>τὴν</span> <span class='ocrx_word' id='word_1_290' title='bbox 3414 655 3687 732; x_wconf 72' lang='grc' dir='ltr'>ἐπιγραφὴν</span> <span class='ocrx_word' id='word_1_291' title='bbox 3710 666 3782 723; x_wconf 70' lang='grc' dir='ltr'>κάι</span> 
     </span>
    </p>
   </div>
   <div class='ocr_carea' id='block_1_49' title="bbox 2295 740 3783 822">
    <p class='ocr_par' dir='ltr' id='par_1_49' title="bbox 2295 740 3783 822">
     <span class='ocr_line' id='line_1_49' title="bbox 2295 740 3783 822; baseline 0.011 -30"><span class='ocrx_word' id='word_1_292' title='bbox 2295 740 2355 792; x_wconf 85' lang='grc' dir='ltr'>τὸ</span> <span class='ocrx_word' id='word_1_293' title='bbox 2398 741 2829 809; x_wconf 78' lang='grc' dir='ltr'>ὑποϐαλλόμενον</span> <span class='ocrx_word' id='word_1_294' title='bbox 2880 744 2959 805; x_wconf 75' lang='grc' dir='ltr'>εἷς</span> <span class='ocrx_word' id='word_1_295' title='bbox 3002 745 3101 814; x_wconf 87' lang='grc' dir='ltr'>τὴν</span> <span class='ocrx_word' id='word_1_296' title='bbox 3131 744 3503 817; x_wconf 82' lang='grc' dir='ltr'>προσφώνησιν</span> <span class='ocrx_word' id='word_1_297' title='bbox 3548 756 3783 822; x_wconf 84' lang='grc' dir='ltr'>πρόσωπον</span> 
     </span>
    </p>
   </div>
   <div class='ocr_carea' id='block_1_50' title="bbox 2294 833 3785 914">
    <p class='ocr_par' dir='ltr' id='par_1_50' title="bbox 2294 833 3785 914">
     <span class='ocr_line' id='line_1_50' title="bbox 2294 833 3785 914; baseline 0.005 -29"><span class='ocrx_word' id='word_1_298' title='bbox 2294 833 2558 903; x_wconf 76' lang='grc' dir='ltr'>διαφορὰν</span> <span class='ocrx_word' id='word_1_299' title='bbox 2613 835 2747 903; x_wconf 84' lang='grc' dir='ltr'>ἔχει,</span> <span class='ocrx_word' id='word_1_300' title='bbox 2796 834 2863 886; x_wconf 84' lang='grc' dir='ltr'>τὰ</span> <span class='ocrx_word' id='word_1_301' title='bbox 2912 834 3114 889; x_wconf 77' lang='grc' dir='ltr'>δ’ἄλλα</span> <span class='ocrx_word' id='word_1_302' title='bbox 3150 833 3293 904; x_wconf 83' lang='grc' dir='ltr'>μάλα</span> <span class='ocrx_word' id='word_1_303' title='bbox 3344 844 3629 907; x_wconf 83' lang='grc' dir='ltr'>περιφανῶς</span> <span class='ocrx_word' id='word_1_304' title='bbox 3658 864 3785 914; x_wconf 71' lang='grc' dir='ltr'>μετα.</span> 
     </span>
    </p>
   </div>
   <div class='ocr_carea' id='block_1_51' title="bbox 2295 920 3784 1004">
    <p class='ocr_par' dir='ltr' id='par_1_51' title="bbox 2295 920 3784 1004">
     <span class='ocr_line' id='line_1_51' title="bbox 2295 920 3784 1004; baseline 0.022 -48"><span class='ocrx_word' id='word_1_305' title='bbox 2295 921 2480 989; x_wconf 74' lang='grc' dir='ltr'>γραφὴ</span> <span class='ocrx_word' id='word_1_306' title='bbox 2517 920 2649 990; x_wconf 85' lang='grc' dir='ltr'>μόνη</span> <span class='ocrx_word' id='word_1_307' title='bbox 2690 922 2807 972; x_wconf 79' lang='grc' dir='ltr'>ἐστὶ</span> <span class='ocrx_word' id='word_1_308' title='bbox 2835 921 2935 991; x_wconf 82' lang='grc' dir='ltr'>τῆς</span> <span class='ocrx_word' id='word_1_309' title='bbox 2966 922 3103 992; x_wconf 74' lang='grc' dir='ltr'>πρὸς</span> <span class='ocrx_word' id='word_1_310' title='bbox 3131 923 3396 976; x_wconf 81' lang='grc' dir='ltr'>Εὐνάπιον</span> <span class='ocrx_word' id='word_1_311' title='bbox 3442 936 3784 1004; x_wconf 73' lang='grc' dir='ltr'><strong>πραγματείας,</strong></span> 
     </span>
    </p>
   </div>
   <div class='ocr_carea' id='block_1_52' title="bbox 2294 1009 3785 1095">
    <p class='ocr_par' dir='ltr' id='par_1_52' title="bbox 2294 1009 3785 1095">
     <span class='ocr_line' id='line_1_52' title="bbox 2294 1009 3785 1095; baseline 0.003 -32"><span class='ocrx_word' id='word_1_312' title='bbox 2294 1009 2433 1063; x_wconf 84' lang='grc' dir='ltr'>ὥστε</span> <span class='ocrx_word' id='word_1_313' title='bbox 2460 1012 2634 1079; x_wconf 75' lang='grc' dir='ltr'>ἔγωγε</span> <span class='ocrx_word' id='word_1_314' title='bbox 2664 1012 2756 1064; x_wconf 74' lang='grc' dir='ltr'>καὶ</span> <span class='ocrx_word' id='word_1_315' title='bbox 2782 1013 2861 1074; x_wconf 86' lang='grc' dir='ltr'><strong>εἰς</strong></span> <span class='ocrx_word' id='word_1_316' title='bbox 2885 1012 3176 1080; x_wconf 79' lang='grc' dir='ltr'>λογισμοὺς</span> <span class='ocrx_word' id='word_1_317' title='bbox 3203 1014 3470 1085; x_wconf 78' lang='grc' dir='ltr'><strong>ἀφικόμην</strong></span> <span class='ocrx_word' id='word_1_318' title='bbox 3496 1018 3564 1082; x_wconf 82' lang='grc' dir='ltr'><strong>ὡς</strong></span> <span class='ocrx_word' id='word_1_319' title='bbox 3588 1020 3677 1091; x_wconf 84' lang='grc' dir='ltr'>ἄρα</span> <span class='ocrx_word' id='word_1_320' title='bbox 3706 1030 3785 1095; x_wconf 62' lang='grc' dir='ltr'><strong>μή-</strong></span> 
     </span>
    </p>
   </div>
   <div class='ocr_carea' id='block_1_53' title="bbox 2298 1100 3785 1176">
    <p class='ocr_par' dir='ltr' id='par_1_53' title="bbox 2298 1100 3785 1176">
     <span class='ocr_line' id='line_1_53' title="bbox 2298 1100 3785 1176; baseline 0.009 -22"><span class='ocrx_word' id='word_1_321' title='bbox 2298 1118 2429 1154; x_wconf 88' lang='grc' dir='ltr'>ποτε</span> <span class='ocrx_word' id='word_1_322' title='bbox 2456 1102 2556 1154; x_wconf 82' lang='grc' dir='ltr'>οὐκ</span> <span class='ocrx_word' id='word_1_323' title='bbox 2585 1102 2672 1171; x_wconf 80' lang='grc' dir='ltr'>εἴη</span> <span class='ocrx_word' id='word_1_324' title='bbox 2695 1100 2853 1154; x_wconf 83' lang='grc' dir='ltr'>τοῦτο</span> <span class='ocrx_word' id='word_1_325' title='bbox 2882 1101 3201 1171; x_wconf 79' lang='grc' dir='ltr'>Ὀρειὸασίῳ</span> <span class='ocrx_word' id='word_1_326' title='bbox 3222 1103 3683 1176; x_wconf 81' lang='grc' dir='ltr'><strong>διαπεπραγμένον,</strong></span> <span class='ocrx_word' id='word_1_327' title='bbox 3701 1115 3785 1168; x_wconf 83' lang='grc' dir='ltr'>ἀλλ’</span> 
     </span>
    </p>
   </div>
   <div class='ocr_carea' id='block_1_54' title="bbox 2294 1191 3787 1270">
    <p class='ocr_par' dir='ltr' id='par_1_54' title="bbox 2294 1191 3787 1270">
     <span class='ocr_line' id='line_1_54' title="bbox 2294 1191 3787 1270; baseline 0.002 -26"><span class='ocrx_word' id='word_1_328' title='bbox 2294 1191 2327 1261; x_wconf 83' lang='grc' dir='ltr'>ἦ</span> <span class='ocrx_word' id='word_1_329' title='bbox 2366 1191 2672 1263; x_wconf 86' lang='grc' dir='ltr'>ἁμάρτημα</span> <span class='ocrx_word' id='word_1_330' title='bbox 2702 1193 2796 1245; x_wconf 75' lang='grc' dir='ltr'>τοῦ</span> <span class='ocrx_word' id='word_1_331' title='bbox 2826 1194 2920 1245; x_wconf 80' lang='grc' dir='ltr'><strong>ἀπ’</strong></span> <span class='ocrx_word' id='word_1_332' title='bbox 2951 1194 3122 1263; x_wconf 78' lang='grc' dir='ltr'>ἀρχῆς</span> <span class='ocrx_word' id='word_1_333' title='bbox 3154 1194 3458 1264; x_wconf 71' lang='grc' dir='ltr'>γράψαντος</span> <span class='ocrx_word' id='word_1_334' title='bbox 3481 1199 3537 1251; x_wconf 83' lang='grc' dir='ltr'>τὸ</span> <span class='ocrx_word' id='word_1_335' title='bbox 3564 1202 3679 1270; x_wconf 81' lang='grc' dir='ltr'>πρὸς</span> <span class='ocrx_word' id='word_1_336' title='bbox 3710 1207 3787 1258; x_wconf 55' lang='grc' dir='ltr'><strong>εὖ-</strong></span> 
     </span>
    </p>
   </div>
   <div class='ocr_carea' id='block_1_55' title="bbox 2295 1283 3790 1356">
    <p class='ocr_par' dir='ltr' id='par_1_55' title="bbox 2295 1283 3790 1356">
     <span class='ocr_line' id='line_1_55' title="bbox 2295 1283 3790 1356; baseline 0.001 -22"><span class='ocrx_word' id='word_1_337' title='bbox 2295 1284 2485 1339; x_wconf 87' lang='grc' dir='ltr'>νάπιον</span> <span class='ocrx_word' id='word_1_338' title='bbox 2536 1283 2758 1353; x_wconf 79' lang='grc' dir='ltr'>βιϐλίον,</span> <span class='ocrx_word' id='word_1_339' title='bbox 2791 1283 2848 1347; x_wconf 86' lang='grc' dir='ltr'>ὃς</span> <span class='ocrx_word' id='word_1_340' title='bbox 2875 1285 2973 1353; x_wconf 83' lang='grc' dir='ltr'>τήν</span> <span class='ocrx_word' id='word_1_341' title='bbox 3005 1301 3065 1336; x_wconf 89' lang='grc' dir='ltr'><strong>τε</strong></span> <span class='ocrx_word' id='word_1_342' title='bbox 3104 1285 3412 1356; x_wconf 75' lang='grc' dir='ltr'>ἐπιγραφὴν</span> <span class='ocrx_word' id='word_1_343' title='bbox 3438 1289 3513 1351; x_wconf 88' lang='grc' dir='ltr'><strong>εἰς</strong></span> <span class='ocrx_word' id='word_1_344' title='bbox 3546 1289 3610 1341; x_wconf 83' lang='grc' dir='ltr'>τὰ</span> <span class='ocrx_word' id='word_1_345' title='bbox 3636 1293 3790 1346; x_wconf 78' lang='grc' dir='ltr'>Εὑπό.</span> 
     </span>
    </p>
   </div>
   <div class='ocr_carea' id='block_1_56' title="bbox 2284 1376 3789 1448">
    <p class='ocr_par' dir='ltr' id='par_1_56' title="bbox 2284 1376 3789 1448">
     <span class='ocr_line' id='line_1_56' title="bbox 2284 1376 3789 1448; baseline 0.007 -19"><span class='ocrx_word' id='word_1_346' title='bbox 2284 1393 2468 1446; x_wconf 72' lang='lat' dir='ltr'><strong>piata</strong></span> <span class='ocrx_word' id='word_1_347' title='bbox 2496 1376 2824 1448; x_wconf 78' lang='grc' dir='ltr'><strong>μετετάξατο</strong></span> <span class='ocrx_word' id='word_1_348' title='bbox 2854 1378 2949 1431; x_wconf 78' lang='grc' dir='ltr'>καὶ</span> <span class='ocrx_word' id='word_1_349' title='bbox 2982 1378 3104 1430; x_wconf 81' lang='grc' dir='ltr'>ἀντὶ</span> <span class='ocrx_word' id='word_1_350' title='bbox 3137 1378 3404 1431; x_wconf 81' lang='grc' dir='ltr'>Εὺναπίου</span> <span class='ocrx_word' id='word_1_351' title='bbox 3436 1380 3665 1447; x_wconf 82' lang='grc' dir='ltr'>Εὑγένιον</span> <span class='ocrx_word' id='word_1_352' title='bbox 3710 1387 3789 1439; x_wconf 76' lang='grc' dir='ltr'><strong>ὑπο</strong></span> 
     </span>
    </p>
   </div>
   <div class='ocr_carea' id='block_1_57' title="bbox 2294 1468 3794 1545">
    <p class='ocr_par' dir='ltr' id='par_1_57' title="bbox 2294 1468 3794 1545">
     <span class='ocr_line' id='line_1_57' title="bbox 2294 1468 3794 1545; baseline 0.005 -24"><span class='ocrx_word' id='word_1_353' title='bbox 2294 1468 2537 1534; x_wconf 85' lang='grc' dir='ltr'>ε6άλετο,</span> <span class='ocrx_word' id='word_1_354' title='bbox 2572 1468 2605 1539; x_wconf 82' lang='grc' dir='ltr'><strong>ἢ</strong></span> <span class='ocrx_word' id='word_1_355' title='bbox 2640 1468 2825 1539; x_wconf 78' lang='grc' dir='ltr'>ἕτερόν</span> <span class='ocrx_word' id='word_1_356' title='bbox 2844 1485 2967 1521; x_wconf 87' lang='grc' dir='ltr'>τινα</span> <span class='ocrx_word' id='word_1_357' title='bbox 2988 1468 3144 1534; x_wconf 77' lang='grc' dir='ltr'>δόξαν</span> <span class='ocrx_word' id='word_1_358' title='bbox 3178 1468 3356 1539; x_wconf 71' lang='grc' dir='ltr'>ἑαυτῴ</span> <span class='ocrx_word' id='word_1_359' title='bbox 3386 1472 3449 1523; x_wconf 81' lang='grc' dir='ltr'>ἐκ</span> <span class='ocrx_word' id='word_1_360' title='bbox 3474 1472 3564 1540; x_wconf 81' lang='grc' dir='ltr'>τῆς</span> <span class='ocrx_word' id='word_1_361' title='bbox 3590 1490 3794 1545; x_wconf 66' lang='grc' dir='ltr'>προσφω.</span> 
     </span>
    </p>
   </div>
   <div class='ocr_carea' id='block_1_58' title="bbox 2291 1559 3793 1635">
    <p class='ocr_par' dir='ltr' id='par_1_58' title="bbox 2291 1559 3793 1635">
     <span class='ocr_line' id='line_1_58' title="bbox 2291 1559 3793 1635; baseline 0.004 -20"><span class='ocrx_word' id='word_1_362' title='bbox 2291 1562 2499 1632; x_wconf 84' lang='grc' dir='ltr'>νήσεως</span> <span class='ocrx_word' id='word_1_363' title='bbox 2548 1560 2829 1630; x_wconf 85' lang='grc' dir='ltr'>μνώμενον</span> <span class='ocrx_word' id='word_1_364' title='bbox 2874 1560 2953 1622; x_wconf 81' lang='grc' dir='ltr'>εἰς</span> <span class='ocrx_word' id='word_1_365' title='bbox 2994 1560 3094 1629; x_wconf 80' lang='grc' dir='ltr'>τὴν</span> <span class='ocrx_word' id='word_1_366' title='bbox 3140 1559 3399 1630; x_wconf 80' lang='grc' dir='ltr'>τοιαύτην</span> <span class='ocrx_word' id='word_1_367' title='bbox 3443 1566 3793 1635; x_wconf 75' lang='grc' dir='ltr'>περιενεχθῆναι</span> 
     </span>
    </p>
   </div>
   <div class='ocr_carea' id='block_1_59' title="bbox 2292 1649 3794 1723">
    <p class='ocr_par' dir='ltr' id='par_1_59' title="bbox 2292 1649 3794 1723">
     <span class='ocr_line' id='line_1_59' title="bbox 2292 1649 3794 1723; baseline 0.005 -20"><span class='ocrx_word' id='word_1_368' title='bbox 2292 1651 2559 1715; x_wconf 78' lang='grc' dir='ltr'>ἐπίνοιαν,</span> <span class='ocrx_word' id='word_1_369' title='bbox 2594 1651 2687 1704; x_wconf 75' lang='grc' dir='ltr'>καὶ</span> <span class='ocrx_word' id='word_1_370' title='bbox 2718 1649 2951 1720; x_wconf 73' lang='grc' dir='ltr'>ἀμεῖψαι</span> <span class='ocrx_word' id='word_1_371' title='bbox 2980 1651 3074 1704; x_wconf 88' lang='grc' dir='ltr'><strong>τόν</strong></span> <span class='ocrx_word' id='word_1_372' title='bbox 3103 1667 3163 1703; x_wconf 83' lang='grc' dir='ltr'><strong>τε</strong></span> <span class='ocrx_word' id='word_1_373' title='bbox 3194 1650 3460 1705; x_wconf 85' lang='grc' dir='ltr'>Εὑνάπιον</span> <span class='ocrx_word' id='word_1_374' title='bbox 3488 1655 3561 1716; x_wconf 82' lang='grc' dir='ltr'><strong>είς</strong></span> <span class='ocrx_word' id='word_1_375' title='bbox 3590 1655 3794 1723; x_wconf 78' lang='grc' dir='ltr'>Εὑγένιον</span> 
     </span>
    </p>
   </div>
   <div class='ocr_carea' id='block_1_60' title="bbox 2292 1742 3689 1813">
    <p class='ocr_par' dir='ltr' id='par_1_60' title="bbox 2292 1742 3689 1813">
     <span class='ocr_line' id='line_1_60' title="bbox 2292 1742 3689 1813; baseline 0.001 -16"><span class='ocrx_word' id='word_1_376' title='bbox 2292 1743 2386 1797; x_wconf 73' lang='grc' dir='ltr'>καὶ</span> <span class='ocrx_word' id='word_1_377' title='bbox 2415 1743 2513 1813; x_wconf 77' lang='grc' dir='ltr'>τὴν</span> <span class='ocrx_word' id='word_1_378' title='bbox 2544 1743 2800 1813; x_wconf 81' lang='grc' dir='ltr'>κειμένην</span> <span class='ocrx_word' id='word_1_379' title='bbox 2834 1742 3143 1813; x_wconf 77' lang='grc' dir='ltr'>ἐπιγραφὴν</span> <span class='ocrx_word' id='word_1_380' title='bbox 3165 1744 3269 1808; x_wconf 82' lang='grc' dir='ltr'><strong>Εις</strong></span> <span class='ocrx_word' id='word_1_381' title='bbox 3299 1744 3614 1813; x_wconf 80' lang='grc' dir='ltr'>εὐπόριστα</span> <span class='ocrx_word' id='word_1_382' title='bbox 3632 1748 3689 1802; x_wconf 83' lang='grc'><strong>⁷³.</strong></span> 
     </span>
    </p>
   </div>
   <div class='ocr_carea' id='block_1_61' title="bbox 2998 1831 3147 1884">
    <p class='ocr_par' dir='ltr' id='par_1_61' title="bbox 2998 1831 3147 1884">
     <span class='ocr_line' id='line_1_61' title="bbox 2998 1831 3147 1884; baseline 0.007 -1"><span class='ocrx_word' id='word_1_383' title='bbox 2998 1831 3147 1884; x_wconf 83' lang='grc' dir='ltr'><strong>.ΣΚ’.</strong></span> 
     </span>
    </p>
   </div>
   <div class='ocr_carea' id='block_1_62' title="bbox 2541 1921 3602 1993">
    <p class='ocr_par' dir='ltr' id='par_1_62' title="bbox 2541 1921 3602 1993">
     <span class='ocr_line' id='line_1_62' title="bbox 2541 1921 3602 1993; baseline -0.002 -16"><span class='ocrx_word' id='word_1_384' title='bbox 2541 1922 2768 1989; x_wconf 80' lang='grc' dir='ltr'><strong>Θέωνος</strong></span> <span class='ocrx_word' id='word_1_385' title='bbox 2816 1921 3137 1993; x_wconf 80' lang='grc' dir='ltr'>ἀρχιατροῦ</span> <span class='ocrx_word' id='word_1_386' title='bbox 3184 1924 3219 1976; x_wconf 82' lang='grc' dir='ltr'><strong>ό</strong></span> <span class='ocrx_word' id='word_1_387' title='bbox 3254 1923 3602 1990; x_wconf 81' lang='grc' dir='ltr'>Ἀνθρωπος.</span> 
     </span>
    </p>
   </div>
   <div class='ocr_carea' id='block_1_63' title="bbox 2378 2014 3799 2087">
    <p class='ocr_par' dir='ltr' id='par_1_63' title="bbox 2378 2014 3799 2087">
     <span class='ocr_line' id='line_1_63' title="bbox 2378 2014 3799 2087; baseline 0.001 -18"><span class='ocrx_word' id='word_1_388' title='bbox 2378 2014 2719 2085; x_wconf 79' lang='grc' dir='ltr'>’Δνεγνὼσοη</span> <span class='ocrx_word' id='word_1_389' title='bbox 2750 2016 2958 2079; x_wconf 83' lang='grc' dir='ltr'>Θέωνος</span> <span class='ocrx_word' id='word_1_390' title='bbox 2991 2014 3290 2087; x_wconf 84' lang='grc' dir='ltr'>ἀρχιητροῦ</span> <span class='ocrx_word' id='word_1_391' title='bbox 3334 2016 3695 2086; x_wconf 80' lang='grc' dir='ltr'>Ἀλεξανδρέως</span> <span class='ocrx_word' id='word_1_392' title='bbox 3738 2020 3799 2071; x_wconf 75' lang='grc' dir='ltr'>ία-</span> 
     </span>
    </p>
   </div>
   <div class='ocr_carea' id='block_1_64' title="bbox 2292 2106 3800 2178">
    <p class='ocr_par' dir='ltr' id='par_1_64' title="bbox 2292 2106 3800 2178">
     <span class='ocr_line' id='line_1_64' title="bbox 2292 2106 3800 2178; baseline -0.001 -18"><span class='ocrx_word' id='word_1_393' title='bbox 2292 2108 2479 2178; x_wconf 75' lang='grc' dir='ltr'>τρικδν</span> <span class='ocrx_word' id='word_1_394' title='bbox 2514 2106 2738 2177; x_wconf 82' lang='grc' dir='ltr'>βιϐλίον,</span> <span class='ocrx_word' id='word_1_395' title='bbox 2766 2107 2795 2160; x_wconf 83' lang='grc' dir='ltr'><strong>ὃ</strong></span> <span class='ocrx_word' id='word_1_396' title='bbox 2847 2108 3141 2176; x_wconf 74' lang='grc' dir='ltr'>ἐπιγράφει</span> <span class='ocrx_word' id='word_1_397' title='bbox 3170 2108 3525 2175; x_wconf 79' lang='grc' dir='ltr'>Ἄνθρωπον.</span> <span class='ocrx_word' id='word_1_398' title='bbox 3553 2111 3800 2177; x_wconf 57' lang='lat' dir='ltr'><strong>ﬂammea?</strong></span> 
     </span>
    </p>
   </div>
   <div class='ocr_carea' id='block_1_65' title="bbox 2296 2196 3801 2269">
    <p class='ocr_par' dir='ltr' id='par_1_65' title="bbox 2296 2196 3801 2269">
     <span class='ocr_line' id='line_1_65' title="bbox 2296 2196 3801 2269; baseline 0.001 -20"><span class='ocrx_word' id='word_1_399' title='bbox 2296 2197 2395 2265; x_wconf 81' lang='grc' dir='ltr'>μὲν</span> <span class='ocrx_word' id='word_1_400' title='bbox 2423 2196 2484 2249; x_wconf 85' lang='grc' dir='ltr'>τὸ</span> <span class='ocrx_word' id='word_1_401' title='bbox 2516 2196 2799 2265; x_wconf 76' lang='grc' dir='ltr'>σύνταγμα</span> <span class='ocrx_word' id='word_1_402' title='bbox 2834 2200 3169 2267; x_wconf 84' lang='grc' dir='ltr'>προσφωνεῖ,</span> <span class='ocrx_word' id='word_1_403' title='bbox 3218 2198 3528 2269; x_wconf 79' lang='grc' dir='ltr'>ἀπάρχεται</span> <span class='ocrx_word' id='word_1_404' title='bbox 3554 2197 3605 2249; x_wconf 80' lang='grc' dir='ltr'>δὲ</span> <span class='ocrx_word' id='word_1_405' title='bbox 3634 2198 3715 2267; x_wconf 80' lang='grc' dir='ltr'>τῆς</span> <span class='ocrx_word' id='word_1_406' title='bbox 3738 2199 3801 2251; x_wconf 72' lang='grc' dir='ltr'><strong>Θε-</strong></span> 
     </span>
    </p>
   </div>
   <div class='ocr_carea' id='block_1_66' title="bbox 2297 2288 3802 2361">
    <p class='ocr_par' dir='ltr' id='par_1_66' title="bbox 2297 2288 3802 2361">
     <span class='ocr_line' id='line_1_66' title="bbox 2297 2288 3802 2361; baseline 0 -20"><span class='ocrx_word' id='word_1_407' title='bbox 2297 2288 2531 2361; x_wconf 86' lang='grc' dir='ltr'>ραπείας</span> <span class='ocrx_word' id='word_1_408' title='bbox 2569 2288 2677 2342; x_wconf 84' lang='grc' dir='ltr'><strong>ἀπὸ</strong></span> <span class='ocrx_word' id='word_1_409' title='bbox 2710 2288 2953 2359; x_wconf 79' lang='grc' dir='ltr'>κεφαλῆς</span> <span class='ocrx_word' id='word_1_410' title='bbox 2980 2290 3073 2342; x_wconf 77' lang='grc' dir='ltr'>καὶ</span> <span class='ocrx_word' id='word_1_411' title='bbox 3100 2288 3277 2361; x_wconf 82' lang='grc' dir='ltr'>διήκει</span> <span class='ocrx_word' id='word_1_412' title='bbox 3309 2290 3470 2359; x_wconf 84' lang='grc' dir='ltr'>μέχρι</span> <span class='ocrx_word' id='word_1_413' title='bbox 3500 2289 3676 2350; x_wconf 84' lang='grc' dir='ltr'>ποδῶν,</span> <span class='ocrx_word' id='word_1_414' title='bbox 3702 2288 3802 2341; x_wconf 80' lang='grc' dir='ltr'>πάν-</span> 
     </span>
    </p>
   </div>
   <div class='ocr_carea' id='block_1_67' title="bbox 2290 2378 3800 2451">
    <p class='ocr_par' dir='ltr' id='par_1_67' title="bbox 2290 2378 3800 2451">
     <span class='ocr_line' id='line_1_67' title="bbox 2290 2378 3800 2451; baseline 0 -18"><span class='ocrx_word' id='word_1_415' title='bbox 2290 2398 2399 2434; x_wconf 91' lang='grc' dir='ltr'><strong>των</strong></span> <span class='ocrx_word' id='word_1_416' title='bbox 2430 2380 2539 2432; x_wconf 86' lang='grc' dir='ltr'><strong>τῶν</strong></span> <span class='ocrx_word' id='word_1_417' title='bbox 2576 2379 2926 2433; x_wconf 77' lang='grc' dir='ltr'>πεπονθότων</span> <span class='ocrx_word' id='word_1_418' title='bbox 2978 2380 3183 2451; x_wconf 81' lang='grc' dir='ltr'>μορίων</span> <span class='ocrx_word' id='word_1_419' title='bbox 3240 2378 3339 2433; x_wconf 80' lang='grc' dir='ltr'><strong>τοῦ</strong></span> <span class='ocrx_word' id='word_1_420' title='bbox 3395 2380 3630 2449; x_wconf 83' lang='grc' dir='ltr'>σώματος</span> <span class='ocrx_word' id='word_1_421' title='bbox 3676 2379 3800 2451; x_wconf 73' lang='lat' dir='ltr'><strong>(lapa-</strong></span> 
     </span>
    </p>
   </div>
   <div class='ocr_carea' id='block_1_68' title="bbox 2292 2472 3803 2543">
    <p class='ocr_par' dir='ltr' id='par_1_68' title="bbox 2292 2472 3803 2543">
     <span class='ocr_line' id='line_1_68' title="bbox 2292 2472 3803 2543; baseline 0 -18"><span class='ocrx_word' id='word_1_422' title='bbox 2292 2473 2452 2536; x_wconf 82' lang='grc' dir='ltr'>πείας</span> <span class='ocrx_word' id='word_1_423' title='bbox 2479 2472 2633 2536; x_wconf 85' lang='grc' dir='ltr'>τινὰς</span> <span class='ocrx_word' id='word_1_424' title='bbox 2661 2474 3015 2543; x_wconf 84' lang='grc' dir='ltr'>ἀναγράφων.</span> <span class='ocrx_word' id='word_1_425' title='bbox 3049 2472 3186 2526; x_wconf 76' lang='grc' dir='ltr'>Οὔτε</span> <span class='ocrx_word' id='word_1_426' title='bbox 3216 2472 3273 2525; x_wconf 83' lang='grc' dir='ltr'>δὲ</span> <span class='ocrx_word' id='word_1_427' title='bbox 3304 2474 3405 2542; x_wconf 81' lang='grc' dir='ltr'><strong>τὴν</strong></span> <span class='ocrx_word' id='word_1_428' title='bbox 3437 2472 3528 2525; x_wconf 82' lang='grc' dir='ltr'><strong>τοῦ</strong></span> <span class='ocrx_word' id='word_1_429' title='bbox 3555 2475 3803 2543; x_wconf 77' lang='grc' dir='ltr'>νοσήματος</span> 
     </span>
    </p>
   </div>
   <div class='ocr_carea' id='block_1_69' title="bbox 2291 2564 3805 2637">
    <p class='ocr_par' dir='ltr' id='par_1_69' title="bbox 2291 2564 3805 2637">
     <span class='ocr_line' id='line_1_69' title="bbox 2291 2564 3805 2637; baseline 0 -20"><span class='ocrx_word' id='word_1_430' title='bbox 2291 2564 2455 2634; x_wconf 80' lang='grc' dir='ltr'>φύσιν</span> <span class='ocrx_word' id='word_1_431' title='bbox 2511 2565 2650 2637; x_wconf 81' lang='grc' dir='ltr'>πλὴν</span> <span class='ocrx_word' id='word_1_432' title='bbox 2693 2564 2786 2617; x_wconf 83' lang='grc' dir='ltr'>ἐπί</span> <span class='ocrx_word' id='word_1_433' title='bbox 2834 2582 2896 2633; x_wconf 85' lang='grc' dir='ltr'><strong>γε</strong></span> <span class='ocrx_word' id='word_1_434' title='bbox 2946 2565 3194 2636; x_wconf 81' lang='grc' dir='ltr'>βραχέων</span> <span class='ocrx_word' id='word_1_435' title='bbox 3232 2564 3560 2631; x_wconf 82' lang='grc' dir='ltr'><strong>ἐκδιδάσκει,</strong></span> <span class='ocrx_word' id='word_1_436' title='bbox 3589 2564 3694 2618; x_wconf 73' lang='grc' dir='ltr'>οὔτε</span> <span class='ocrx_word' id='word_1_437' title='bbox 3723 2569 3805 2629; x_wconf 81' lang='grc' dir='ltr'>τοῖς</span> 
     </span>
    </p>
   </div>
   <div class='ocr_carea' id='block_1_70' title="bbox 2290 2650 3807 2729">
    <p class='ocr_par' dir='ltr' id='par_1_70' title="bbox 2290 2650 3807 2729">
     <span class='ocr_line' id='line_1_70' title="bbox 2290 2650 3807 2729; baseline -0.003 -18"><span class='ocrx_word' id='word_1_438' title='bbox 2290 2658 2564 2729; x_wconf 76' lang='grc' dir='ltr'>πρέπουσι</span> <span class='ocrx_word' id='word_1_439' title='bbox 2601 2658 3045 2728; x_wconf 85' lang='grc' dir='ltr'>προσδιορισμοῐς</span> <span class='ocrx_word' id='word_1_440' title='bbox 3065 2657 3130 2723; x_wconf 71' lang='grc'><strong>⁷⁸,</strong></span> <span class='ocrx_word' id='word_1_441' title='bbox 3163 2658 3295 2727; x_wconf 78' lang='grc' dir='ltr'>περὶ</span> <span class='ocrx_word' id='word_1_442' title='bbox 3331 2650 3404 2709; x_wconf 84' lang='grc' dir='ltr'>ὧν</span> <span class='ocrx_word' id='word_1_443' title='bbox 3436 2657 3709 2727; x_wconf 84' lang='grc' dir='ltr'>προάγεται</span> <span class='ocrx_word' id='word_1_444' title='bbox 3743 2657 3807 2707; x_wconf 83' lang='grc' dir='ltr'>λέ-</span> 
     </span>
    </p>
   </div>
   <div class='ocr_carea' id='block_1_71' title="bbox 2290 2750 3806 2821">
    <p class='ocr_par' dir='ltr' id='par_1_71' title="bbox 2290 2750 3806 2821">
     <span class='ocr_line' id='line_1_71' title="bbox 2290 2750 3806 2821; baseline -0.003 -18"><span class='ocrx_word' id='word_1_445' title='bbox 2290 2767 2430 2819; x_wconf 89' lang='grc' dir='ltr'>γειν,</span> <span class='ocrx_word' id='word_1_446' title='bbox 2458 2751 2559 2821; x_wconf 78' lang='grc' dir='ltr'>τὴν</span> <span class='ocrx_word' id='word_1_447' title='bbox 2584 2750 2934 2803; x_wconf 80' lang='grc' dir='ltr'>διδασκαλίαν</span> <span class='ocrx_word' id='word_1_448' title='bbox 2964 2751 3187 2817; x_wconf 81' lang='grc' dir='ltr'>ὑπάγει.</span> <span class='ocrx_word' id='word_1_449' title='bbox 3224 2750 3383 2803; x_wconf 74' lang='grc' dir='ltr'>Μετὰ</span> <span class='ocrx_word' id='word_1_450' title='bbox 3412 2750 3468 2803; x_wconf 79' lang='grc' dir='ltr'><strong>δέ</strong></span> <span class='ocrx_word' id='word_1_451' title='bbox 3510 2767 3569 2818; x_wconf 86' lang='grc' dir='ltr'><strong>γε</strong></span> <span class='ocrx_word' id='word_1_452' title='bbox 3612 2750 3665 2801; x_wconf 78' lang='grc' dir='ltr'>τὸ</span> <span class='ocrx_word' id='word_1_453' title='bbox 3708 2750 3806 2818; x_wconf 66' lang='grc' dir='ltr'>γρᾶο</span> 
     </span>
    </p>
   </div>
   <div class='ocr_carea' id='block_1_72' title="bbox 2289 2839 3808 2913">
    <p class='ocr_par' dir='ltr' id='par_1_72' title="bbox 2289 2839 3808 2913">
     <span class='ocr_line' id='line_1_72' title="bbox 2289 2839 3808 2913; baseline -0.003 -18"><span class='ocrx_word' id='word_1_454' title='bbox 2289 2842 2456 2911; x_wconf 71' lang='grc' dir='ltr'>ψαιπ</span> <span class='ocrx_word' id='word_1_455' title='bbox 2486 2841 2593 2894; x_wconf 86' lang='grc' dir='ltr'><strong>τῶν</strong></span> <span class='ocrx_word' id='word_1_456' title='bbox 2627 2841 2972 2913; x_wconf 81' lang='grc' dir='ltr'>ποδαγρικῶν</span> <span class='ocrx_word' id='word_1_457' title='bbox 3016 2842 3112 2893; x_wconf 77' lang='grc' dir='ltr'>καὶ</span> <span class='ocrx_word' id='word_1_458' title='bbox 3160 2840 3497 2912; x_wconf 85' lang='grc' dir='ltr'>ἀρθριτικῶν</span> <span class='ocrx_word' id='word_1_459' title='bbox 3549 2839 3710 2893; x_wconf 78' lang='grc' dir='ltr'>παθῶν</span> <span class='ocrx_word' id='word_1_460' title='bbox 3750 2839 3808 2891; x_wconf 78' lang='lat' dir='ltr'><strong>li-</strong></span> 
     </span>
    </p>
   </div>
   <div class='ocr_carea' id='block_1_73' title="bbox 2293 2928 3807 3004">
    <p class='ocr_par' dir='ltr' id='par_1_73' title="bbox 2293 2928 3807 3004">
     <span class='ocr_line' id='line_1_73' title="bbox 2293 2928 3807 3004; baseline -0.005 -18"><span class='ocrx_word' id='word_1_461' title='bbox 2293 2951 2457 3003; x_wconf 90' lang='grc' dir='ltr'>ματα,</span> <span class='ocrx_word' id='word_1_462' title='bbox 2514 2933 2732 2998; x_wconf 79' lang='grc' dir='ltr'>διέξεισι</span> <span class='ocrx_word' id='word_1_463' title='bbox 2776 2935 2875 3004; x_wconf 83' lang='grc' dir='ltr'>μὲν</span> <span class='ocrx_word' id='word_1_464' title='bbox 2930 2935 3055 3001; x_wconf 73' lang='grc' dir='ltr'>περὶ</span> <span class='ocrx_word' id='word_1_465' title='bbox 3115 2932 3223 2984; x_wconf 91' lang='grc' dir='ltr'><strong>τῶν</strong></span> <span class='ocrx_word' id='word_1_466' title='bbox 3279 2932 3470 2985; x_wconf 83' lang='grc' dir='ltr'>ἁπλῶν</span> <span class='ocrx_word' id='word_1_467' title='bbox 3521 2928 3807 3000; x_wconf 73' lang='grc' dir='ltr'>καθαρτικῶν</span> 
     </span>
    </p>
   </div>
   <div class='ocr_carea' id='block_1_74' title="bbox 2290 3022 3808 3097">
    <p class='ocr_par' dir='ltr' id='par_1_74' title="bbox 2290 3022 3808 3097">
     <span class='ocr_line' id='line_1_74' title="bbox 2290 3022 3808 3097; baseline -0.003 -22"><span class='ocrx_word' id='word_1_468' title='bbox 2290 3025 2620 3095; x_wconf 83' lang='grc' dir='ltr'>φαρμάκων,</span> <span class='ocrx_word' id='word_1_469' title='bbox 2654 3026 2915 3097; x_wconf 83' lang='grc' dir='ltr'>πειρᾶται</span> <span class='ocrx_word' id='word_1_470' title='bbox 2939 3025 2996 3077; x_wconf 83' lang='grc' dir='ltr'>δὲ</span> <span class='ocrx_word' id='word_1_471' title='bbox 3022 3024 3118 3077; x_wconf 76' lang='grc' dir='ltr'>καὶ</span> <span class='ocrx_word' id='word_1_472' title='bbox 3149 3026 3333 3088; x_wconf 79' lang='grc' dir='ltr'>αἰτίας</span> <span class='ocrx_word' id='word_1_473' title='bbox 3359 3024 3508 3084; x_wconf 69' lang='grc' dir='ltr'>τινας</span> <span class='ocrx_word' id='word_1_474' title='bbox 3532 3022 3808 3081; x_wconf 82' lang='grc' dir='ltr'>ἀποδιδόναι,</span> 
     </span>
    </p>
   </div>
   <div class='ocr_carea' id='block_1_75' title="bbox 2292 3113 3806 3189">
    <p class='ocr_par' dir='ltr' id='par_1_75' title="bbox 2292 3113 3806 3189">
     <span class='ocr_line' id='line_1_75' title="bbox 2292 3113 3806 3189; baseline -0.006 -17"><span class='ocrx_word' id='word_1_475' title='bbox 2292 3114 2420 3189; x_wconf 79' lang='grc'><strong>[565</strong></span> <span class='ocrx_word' id='word_1_476' title='bbox 2474 3116 2566 3181; x_wconf 59' lang='lat' dir='ltr'><strong>IL]</strong></span> <span class='ocrx_word' id='word_1_477' title='bbox 2602 3118 2703 3172; x_wconf 86' lang='grc' dir='ltr'>οὑκ</span> <span class='ocrx_word' id='word_1_478' title='bbox 2743 3117 2933 3188; x_wconf 74' lang='grc' dir='ltr'>ἔμοιγε</span> <span class='ocrx_word' id='word_1_479' title='bbox 2989 3116 3179 3170; x_wconf 82' lang='grc' dir='ltr'>δοκοῦν</span> <span class='ocrx_word' id='word_1_480' title='bbox 3228 3118 3409 3187; x_wconf 81' lang='grc' dir='ltr'><strong>ὀρθῶς</strong></span> <span class='ocrx_word' id='word_1_481' title='bbox 3442 3118 3558 3168; x_wconf 75' lang='grc' dir='ltr'>οὐδὲ</span> <span class='ocrx_word' id='word_1_482' title='bbox 3584 3115 3669 3184; x_wconf 85' lang='grc' dir='ltr'>τῆς</span> <span class='ocrx_word' id='word_1_483' title='bbox 3707 3113 3806 3181; x_wconf 81' lang='grc' dir='ltr'>ἁλη-</span> 
     </span>
    </p>
   </div>
   <div class='ocr_carea' id='block_1_76' title="bbox 2293 3207 3809 3280">
    <p class='ocr_par' dir='ltr' id='par_1_76' title="bbox 2293 3207 3809 3280">
     <span class='ocr_line' id='line_1_76' title="bbox 2293 3207 3809 3280; baseline -0.004 -18"><span class='ocrx_word' id='word_1_484' title='bbox 2293 3208 2441 3272; x_wconf 71' lang='grc' dir='ltr'>θείις</span> <span class='ocrx_word' id='word_1_485' title='bbox 2478 3209 2809 3279; x_wconf 79' lang='grc' dir='ltr'>ἐξημμένος,</span> <span class='ocrx_word' id='word_1_486' title='bbox 2842 3211 2911 3263; x_wconf 85' lang='grc' dir='ltr'><strong>δι’</strong></span> <span class='ocrx_word' id='word_1_487' title='bbox 2941 3209 3009 3273; x_wconf 80' lang='grc' dir='ltr'>ἃς</span> <span class='ocrx_word' id='word_1_488' title='bbox 3045 3208 3143 3279; x_wconf 78' lang='grc' dir='ltr'>τὴν</span> <span class='ocrx_word' id='word_1_489' title='bbox 3192 3208 3529 3280; x_wconf 77' lang='grc' dir='ltr'>καθαρτικὴν</span> <span class='ocrx_word' id='word_1_490' title='bbox 3574 3207 3809 3275; x_wconf 80' lang='grc' dir='ltr'>δύναμινὴ</span> 
     </span>
    </p>
   </div>
   <div class='ocr_carea' id='block_1_77' title="bbox 2289 3300 3810 3373">
    <p class='ocr_par' dir='ltr' id='par_1_77' title="bbox 2289 3300 3810 3373">
     <span class='ocr_line' id='line_1_77' title="bbox 2289 3300 3810 3373; baseline -0.003 -20"><span class='ocrx_word' id='word_1_491' title='bbox 2289 3302 2397 3353; x_wconf 84' lang='grc' dir='ltr'><strong>τῶν</strong></span> <span class='ocrx_word' id='word_1_492' title='bbox 2425 3304 2731 3373; x_wconf 83' lang='grc' dir='ltr'>φαρμάκων</span> <span class='ocrx_word' id='word_1_493' title='bbox 2774 3302 3106 3355; x_wconf 71' lang='grc' dir='ltr'>ἐπιδείκνυσι</span> <span class='ocrx_word' id='word_1_494' title='bbox 3161 3301 3345 3371; x_wconf 86' lang='grc' dir='ltr'>φύσις.</span> <span class='ocrx_word' id='word_1_495' title='bbox 3382 3301 3512 3353; x_wconf 77' lang='grc' dir='ltr'>Εἶτα</span> <span class='ocrx_word' id='word_1_496' title='bbox 3560 3300 3674 3369; x_wconf 79' lang='grc' dir='ltr'>περὶ</span> <span class='ocrx_word' id='word_1_497' title='bbox 3718 3316 3810 3349; x_wconf 87' lang='grc' dir='ltr'>συν-</span> 
     </span>
    </p>
   </div>
   <div class='ocr_carea' id='block_1_78' title="bbox 2291 3390 3811 3464">
    <p class='ocr_par' dir='ltr' id='par_1_78' title="bbox 2291 3390 3811 3464">
     <span class='ocr_line' id='line_1_78' title="bbox 2291 3390 3811 3464; baseline -0.004 -19"><span class='ocrx_word' id='word_1_498' title='bbox 2291 3391 2491 3455; x_wconf 86' lang='grc' dir='ltr'>θέσεως</span> <span class='ocrx_word' id='word_1_499' title='bbox 2526 3393 2880 3446; x_wconf 85' lang='grc' dir='ltr'>παντοδαπῶν</span> <span class='ocrx_word' id='word_1_500' title='bbox 2907 3392 3260 3462; x_wconf 80' lang='grc' dir='ltr'>διαλαμόάνει</span> <span class='ocrx_word' id='word_1_501' title='bbox 3297 3393 3621 3464; x_wconf 80' lang='grc' dir='ltr'>φαρμάκων,</span> <span class='ocrx_word' id='word_1_502' title='bbox 3670 3390 3750 3442; x_wconf 80' lang='grc' dir='ltr'>ὅσα</span> <span class='ocrx_word' id='word_1_503' title='bbox 3768 3405 3811 3439; x_wconf 86' lang='grc' dir='ltr'><strong>τε</strong></span> 
     </span>
    </p>
   </div>
   <div class='ocr_carea' id='block_1_79' title="bbox 2291 3480 3811 3555">
    <p class='ocr_par' dir='ltr' id='par_1_79' title="bbox 2291 3480 3811 3555">
     <span class='ocr_line' id='line_1_79' title="bbox 2291 3480 3811 3555; baseline -0.005 -19"><span class='ocrx_word' id='word_1_504' title='bbox 2291 3483 2441 3553; x_wconf 85' lang='grc' dir='ltr'><strong>αὑτῷ</strong></span> <span class='ocrx_word' id='word_1_505' title='bbox 2472 3484 2607 3555; x_wconf 89' lang='grc' dir='ltr'>πρὸς</span> <span class='ocrx_word' id='word_1_506' title='bbox 2635 3486 2705 3536; x_wconf 84' lang='grc' dir='ltr'>τὰ</span> <span class='ocrx_word' id='word_1_507' title='bbox 2733 3484 3111 3555; x_wconf 87' lang='grc' dir='ltr'>προειρημένα</span> <span class='ocrx_word' id='word_1_508' title='bbox 3156 3484 3270 3537; x_wconf 84' lang='grc' dir='ltr'><strong>τῶν</strong></span> <span class='ocrx_word' id='word_1_509' title='bbox 3326 3484 3639 3553; x_wconf 87' lang='grc' dir='ltr'>νοσημάτων</span> <span class='ocrx_word' id='word_1_510' title='bbox 3665 3480 3811 3548; x_wconf 76' lang='grc' dir='ltr'>ἱκανὴν</span> 
     </span>
    </p>
   </div>
   <div class='ocr_carea' id='block_1_80' title="bbox 2291 3570 3811 3648">
    <p class='ocr_par' dir='ltr' id='par_1_80' title="bbox 2291 3570 3811 3648">
     <span class='ocr_line' id='line_1_80' title="bbox 2291 3570 3811 3648; baseline -0.003 -22"><span class='ocrx_word' id='word_1_511' title='bbox 2291 3575 2592 3644; x_wconf 86' lang='grc' dir='ltr'>παρέχεται</span> <span class='ocrx_word' id='word_1_512' title='bbox 2623 3574 2723 3645; x_wconf 79' lang='grc' dir='ltr'>τὴν</span> <span class='ocrx_word' id='word_1_513' title='bbox 2750 3575 2962 3646; x_wconf 87' lang='grc' dir='ltr'>χρείαν,</span> <span class='ocrx_word' id='word_1_514' title='bbox 2996 3577 3090 3629; x_wconf 73' lang='grc' dir='ltr'>καὶ</span> <span class='ocrx_word' id='word_1_515' title='bbox 3113 3576 3248 3648; x_wconf 86' lang='grc' dir='ltr'>πρὸς</span> <span class='ocrx_word' id='word_1_516' title='bbox 3270 3575 3346 3629; x_wconf 75' lang='grc' dir='ltr'><strong>τὰ</strong></span> <span class='ocrx_word' id='word_1_517' title='bbox 3381 3575 3541 3628; x_wconf 77' lang='grc' dir='ltr'>λοιπὰ</span> <span class='ocrx_word' id='word_1_518' title='bbox 3568 3574 3723 3627; x_wconf 81' lang='grc' dir='ltr'>πάντα</span> <span class='ocrx_word' id='word_1_519' title='bbox 3742 3570 3811 3622; x_wconf 84' lang='grc' dir='ltr'>τοῦ</span> 
     </span>
    </p>
   </div>
   <div class='ocr_carea' id='block_1_81' title="bbox 2294 3664 3811 3738">
    <p class='ocr_par' dir='ltr' id='par_1_81' title="bbox 2294 3664 3811 3738">
     <span class='ocr_line' id='line_1_81' title="bbox 2294 3664 3811 3738; baseline -0.004 -19"><span class='ocrx_word' id='word_1_520' title='bbox 2294 3664 2543 3735; x_wconf 85' lang='grc' dir='ltr'>σώματος</span> <span class='ocrx_word' id='word_1_521' title='bbox 2590 3666 2761 3737; x_wconf 80' lang='grc' dir='ltr'>πάθη,</span> <span class='ocrx_word' id='word_1_522' title='bbox 2802 3667 2838 3721; x_wconf 77' lang='grc' dir='ltr'><strong>ὃ.</strong></span> <span class='ocrx_word' id='word_1_523' title='bbox 2872 3671 3088 3738; x_wconf 82' lang='grc' dir='ltr'>παρῆκε</span> <span class='ocrx_word' id='word_1_524' title='bbox 3133 3669 3233 3737; x_wconf 83' lang='grc' dir='ltr'>τὴν</span> <span class='ocrx_word' id='word_1_525' title='bbox 3262 3669 3413 3721; x_wconf 82' lang='grc' dir='ltr'>κατά</span> <span class='ocrx_word' id='word_1_526' title='bbox 3449 3668 3516 3720; x_wconf 75' lang='grc' dir='ltr'>τὰ</span> <span class='ocrx_word' id='word_1_527' title='bbox 3561 3664 3811 3718; x_wconf 73' lang='grc' dir='ltr'>πεπονθότα</span> 
     </span>
    </p>
   </div>
   <div class='ocr_carea' id='block_1_82' title="bbox 2294 3754 3813 3828">
    <p class='ocr_par' dir='ltr' id='par_1_82' title="bbox 2294 3754 3813 3828">
     <span class='ocr_line' id='line_1_82' title="bbox 2294 3754 3813 3828; baseline -0.005 -18"><span class='ocrx_word' id='word_1_528' title='bbox 2294 3758 2457 3827; x_wconf 83' lang='grc' dir='ltr'>μόρια</span> <span class='ocrx_word' id='word_1_529' title='bbox 2487 3756 2787 3827; x_wconf 78' lang='grc' dir='ltr'>Θεραπείαν</span> <span class='ocrx_word' id='word_1_530' title='bbox 2828 3760 3186 3828; x_wconf 83' lang='grc' dir='ltr'>ἀναγράφων,</span> <span class='ocrx_word' id='word_1_531' title='bbox 3236 3759 3620 3828; x_wconf 83' lang='grc' dir='ltr'>ὲμπλάστρους</span> <span class='ocrx_word' id='word_1_532' title='bbox 3662 3772 3711 3807; x_wconf 86' lang='grc' dir='ltr'><strong>τε</strong></span> <span class='ocrx_word' id='word_1_533' title='bbox 3743 3754 3813 3805; x_wconf 71' lang='grc' dir='ltr'>καὶ</span> 
     </span>
    </p>
   </div>
   <div class='ocr_carea' id='block_1_83' title="bbox 2290 3847 3811 3919">
    <p class='ocr_par' dir='ltr' id='par_1_83' title="bbox 2290 3847 3811 3919">
     <span class='ocr_line' id='line_1_83' title="bbox 2290 3847 3811 3919; baseline 0.007 -21"><span class='ocrx_word' id='word_1_534' title='bbox 2290 3847 2472 3901; x_wconf 81' lang='grc' dir='ltr'>ἄκοπα</span> <span class='ocrx_word' id='word_1_535' title='bbox 2508 3850 2601 3902; x_wconf 76' lang='grc' dir='ltr'>καὶ</span> <span class='ocrx_word' id='word_1_536' title='bbox 2644 3849 2965 3919; x_wconf 77' lang='grc' dir='ltr'>κουλλούρια</span> <span class='ocrx_word' id='word_1_537' title='bbox 2993 3852 3089 3904; x_wconf 79' lang='grc' dir='ltr'>καὶ</span> <span class='ocrx_word' id='word_1_538' title='bbox 3131 3851 3447 3914; x_wconf 86' lang='grc' dir='ltr'>ἀντιδότους</span> <span class='ocrx_word' id='word_1_539' title='bbox 3481 3850 3741 3919; x_wconf 79' lang='grc' dir='ltr'>διαφόρους</span> <span class='ocrx_word' id='word_1_540' title='bbox 3765 3847 3811 3895; x_wconf 70' lang='grc' dir='ltr'><strong>ἐκ</strong></span> 
     </span>
    </p>
   </div>
   <div class='ocr_carea' id='block_1_84' title="bbox 2289 3938 3813 4013">
    <p class='ocr_par' dir='ltr' id='par_1_84' title="bbox 2289 3938 3813 4013">
     <span class='ocr_line' id='line_1_84' title="bbox 2289 3938 3813 4013; baseline -0.002 -21"><span class='ocrx_word' id='word_1_541' title='bbox 2289 3938 2561 4009; x_wconf 85' lang='grc' dir='ltr'>διαφόρων</span> <span class='ocrx_word' id='word_1_542' title='bbox 2591 3941 2801 4007; x_wconf 86' lang='grc' dir='ltr'>ἀνδρῶν</span> <span class='ocrx_word' id='word_1_543' title='bbox 2826 3945 3346 4013; x_wconf 85' lang='grc' dir='ltr'>κατεσκευασμένας</span> <span class='ocrx_word' id='word_1_544' title='bbox 3402 3943 3710 4013; x_wconf 86' lang='grc' dir='ltr'>ἀναγράφει.</span> <span class='ocrx_word' id='word_1_545' title='bbox 3731 3938 3813 3993; x_wconf 78' lang='grc' dir='ltr'><strong>Καὶ</strong></span> 
     </span>
    </p>
   </div>
   <div class='ocr_carea' id='block_1_85' title="bbox 2290 4031 3811 4103">
    <p class='ocr_par' dir='ltr' id='par_1_85' title="bbox 2290 4031 3811 4103">
     <span class='ocr_line' id='line_1_85' title="bbox 2290 4031 3811 4103; baseline 0.001 -22"><span class='ocrx_word' id='word_1_546' title='bbox 2290 4032 2347 4081; x_wconf 82' lang='grc' dir='ltr'>ὲν</span> <span class='ocrx_word' id='word_1_547' title='bbox 2374 4031 2583 4094; x_wconf 74' lang='grc' dir='ltr'>τούτοις</span> <span class='ocrx_word' id='word_1_548' title='bbox 2636 4032 2782 4101; x_wconf 80' lang='grc' dir='ltr'>αὐτῷ</span> <span class='ocrx_word' id='word_1_549' title='bbox 2812 4034 2845 4102; x_wconf 83' lang='grc' dir='ltr'>ὴ</span> <span class='ocrx_word' id='word_1_550' title='bbox 2872 4033 3097 4102; x_wconf 77' lang='grc' dir='ltr'>τοιαύτη</span> <span class='ocrx_word' id='word_1_551' title='bbox 3126 4034 3565 4103; x_wconf 86' lang='grc' dir='ltr'>συμπεραίνεται</span> <span class='ocrx_word' id='word_1_552' title='bbox 3598 4046 3811 4100; x_wconf 85' lang='grc' dir='ltr'>πραγμα-</span> 
     </span>
    </p>
   </div>
   <div class='ocr_carea' id='block_1_86' title="bbox 2290 4115 3811 4194">
    <p class='ocr_par' dir='ltr' id='par_1_86' title="bbox 2290 4115 3811 4194">
     <span class='ocr_line' id='line_1_86' title="bbox 2290 4115 3811 4194; baseline -0.002 -22"><span class='ocrx_word' id='word_1_553' title='bbox 2290 4121 2431 4174; x_wconf 87' lang='grc' dir='ltr'>τεία.</span> <span class='ocrx_word' id='word_1_554' title='bbox 2476 4122 2633 4174; x_wconf 86' lang='grc' dir='ltr'>Ἔστι</span> <span class='ocrx_word' id='word_1_555' title='bbox 2678 4124 2859 4191; x_wconf 82' lang='grc' dir='ltr'>μέντοι</span> <span class='ocrx_word' id='word_1_556' title='bbox 2895 4123 2992 4193; x_wconf 80' lang='grc' dir='ltr'>τὴν</span> <span class='ocrx_word' id='word_1_557' title='bbox 3044 4124 3230 4194; x_wconf 86' lang='grc' dir='ltr'>χρείαν</span> <span class='ocrx_word' id='word_1_558' title='bbox 3260 4124 3324 4177; x_wconf 82' lang='grc' dir='ltr'>τὸ</span> <span class='ocrx_word' id='word_1_559' title='bbox 3374 4123 3576 4193; x_wconf 78' lang='grc' dir='ltr'>βιῦλίον</span> <span class='ocrx_word' id='word_1_560' title='bbox 3602 4124 3705 4183; x_wconf 85' lang='grc' dir='ltr'>ταῖς</span> <span class='ocrx_word' id='word_1_561' title='bbox 3743 4115 3811 4171; x_wconf 79' lang='grc' dir='ltr'>τοῦ</span> 
     </span>
    </p>
   </div>
   <div class='ocr_carea' id='block_1_87' title="bbox 2304 4211 3755 4284">
    <p class='ocr_par' dir='ltr' id='par_1_87' title="bbox 2304 4211 3755 4284">
     <span class='ocr_line' id='line_1_87' title="bbox 2304 4211 3755 4284; baseline -0.001 -21"><span class='ocrx_word' id='word_1_562' title='bbox 2304 4212 2643 4283; x_wconf 80' lang='grc' dir='ltr'>Ὀρειδασίου</span> <span class='ocrx_word' id='word_1_563' title='bbox 2674 4213 2930 4283; x_wconf 67' lang='grc' dir='ltr'>συνόψεσι</span> <span class='ocrx_word' id='word_1_564' title='bbox 2966 4214 3348 4283; x_wconf 88' lang='grc' dir='ltr'>παρεχόμενον</span> <span class='ocrx_word' id='word_1_565' title='bbox 3376 4211 3755 4284; x_wconf 79' lang='grc' dir='ltr'>παραπλησίαν.</span> 
     </span>
    </p>
   </div>
   <div class='ocr_carea' id='block_1_88' title="bbox 2939 4304 3110 4357">
    <p class='ocr_par' dir='ltr' id='par_1_88' title="bbox 2939 4304 3110 4357">
     <span class='ocr_line' id='line_1_88' title="bbox 2939 4304 3110 4357; baseline 0.018 -3"><span class='ocrx_word' id='word_1_566' title='bbox 2939 4304 3087 4356; x_wconf 75' lang='grc' dir='ltr'><strong>ΣΚΑ¹</strong></span> <span class='ocrx_word' id='word_1_567' title='bbox 3097 4345 3110 4357; x_wconf 93' lang='grc'><em>.</em></span> 
     </span>
    </p>
   </div>
   <div class='ocr_carea' id='block_1_89' title="bbox 2478 4388 3692 4463">
    <p class='ocr_par' dir='ltr' id='par_1_89' title="bbox 2478 4388 3692 4463">
     <span class='ocr_line' id='line_1_89' title="bbox 2478 4388 3692 4463; baseline -0.004 -15"><span class='ocrx_word' id='word_1_568' title='bbox 2478 4393 2701 4448; x_wconf 84' lang='grc' dir='ltr'>Ἀετίου</span> <span class='ocrx_word' id='word_1_569' title='bbox 2738 4392 3053 4462; x_wconf 73' lang='grc' dir='ltr'>Ἀμιδηνοῦ</span> <span class='ocrx_word' id='word_1_570' title='bbox 3097 4392 3372 4462; x_wconf 79' lang='grc' dir='ltr'>Ἰατρικοὶ</span> <span class='ocrx_word' id='word_1_571' title='bbox 3417 4394 3583 4463; x_wconf 69' lang='grc' dir='ltr'>λόγω</span> <span class='ocrx_word' id='word_1_572' title='bbox 3607 4388 3692 4455; x_wconf 84' lang='grc' dir='ltr'>ις’.</span> 
     </span>
    </p>
   </div>
   <div class='ocr_carea' id='block_1_90' title="bbox 2372 4478 3814 4555">
    <p class='ocr_par' dir='ltr' id='par_1_90' title="bbox 2372 4478 3814 4555">
     <span class='ocr_line' id='line_1_90' title="bbox 2372 4478 3814 4555; baseline -0.003 -19"><span class='ocrx_word' id='word_1_573' title='bbox 2372 4484 2715 4554; x_wconf 81' lang='grc' dir='ltr'>Ἀνεγνώσθη</span> <span class='ocrx_word' id='word_1_574' title='bbox 2755 4485 2961 4538; x_wconf 84' lang='grc' dir='ltr'>Ἀετίου</span> <span class='ocrx_word' id='word_1_575' title='bbox 2993 4484 3281 4555; x_wconf 79' lang='grc' dir='ltr'>Ἀμιδηνοῦ</span> <span class='ocrx_word' id='word_1_576' title='bbox 3326 4487 3574 4539; x_wconf 72' lang='grc' dir='ltr'>Βιϐλίαν</span> <span class='ocrx_word' id='word_1_577' title='bbox 3602 4478 3814 4549; x_wconf 69' lang='grc' dir='ltr'>ἰατρικὸν</span> 
     </span>
    </p>
   </div>
   <div class='ocr_carea' id='block_1_91' title="bbox 2294 4574 3809 4649">
    <p class='ocr_par' dir='ltr' id='par_1_91' title="bbox 2294 4574 3809 4649">
     <span class='ocr_line' id='line_1_91' title="bbox 2294 4574 3809 4649; baseline 0.007 -20"><span class='ocrx_word' id='word_1_578' title='bbox 2294 4578 2351 4629; x_wconf 82' lang='grc' dir='ltr'>ἐν</span> <span class='ocrx_word' id='word_1_579' title='bbox 2385 4576 2564 4644; x_wconf 82' lang='grc' dir='ltr'>λόγοις</span> <span class='ocrx_word' id='word_1_580' title='bbox 2590 4574 2684 4641; x_wconf 87' lang='grc' dir='ltr'>ις’.</span> <span class='ocrx_word' id='word_1_581' title='bbox 2721 4578 2877 4629; x_wconf 86' lang='grc' dir='ltr'>Ἔστι</span> <span class='ocrx_word' id='word_1_582' title='bbox 2907 4578 3007 4647; x_wconf 84' lang='grc' dir='ltr'>μὲν</span> <span class='ocrx_word' id='word_1_583' title='bbox 3037 4578 3127 4631; x_wconf 76' lang='grc' dir='ltr'>οὖν</span> <span class='ocrx_word' id='word_1_584' title='bbox 3156 4580 3307 4649; x_wconf 76' lang='grc' dir='ltr'>αὐτῷ</span> <span class='ocrx_word' id='word_1_585' title='bbox 3342 4582 3496 4633; x_wconf 78' lang='grc' dir='ltr'>πᾶσα</span> <span class='ocrx_word' id='word_1_586' title='bbox 3525 4580 3557 4648; x_wconf 82' lang='grc' dir='ltr'><strong>ἡ</strong></span> <span class='ocrx_word' id='word_1_587' title='bbox 3596 4588 3809 4646; x_wconf 68' lang='grc' dir='ltr'>πραγμα-</span> 
     </span>
    </p>
   </div>
   <div class='ocr_carea' id='block_1_92' title="bbox 624 4659 2189 4741">
    <p class='ocr_par' dir='ltr' id='par_1_92' title="bbox 624 4659 2189 4733">
     <span class='ocr_line' id='line_1_92' title="bbox 624 4659 2189 4733; baseline -0.004 -14"><span class='ocrx_word' id='word_1_588' title='bbox 624 4668 690 4719; x_wconf 83' lang='lat' dir='ltr'><strong>iis</strong></span> <span class='ocrx_word' id='word_1_589' title='bbox 735 4678 942 4718; x_wconf 83' lang='lat' dir='ltr'><strong>tantum</strong></span> <span class='ocrx_word' id='word_1_590' title='bbox 1004 4663 1386 4733; x_wconf 87' lang='lat' dir='ltr'><strong>scriptoribus,</strong></span> <span class='ocrx_word' id='word_1_591' title='bbox 1421 4677 1452 4714; x_wconf 92' lang='lat' dir='ltr'><strong>e</strong></span> <span class='ocrx_word' id='word_1_592' title='bbox 1503 4661 1700 4729; x_wconf 87' lang='lat' dir='ltr'><strong>quibus</strong></span> <span class='ocrx_word' id='word_1_593' title='bbox 1731 4659 2018 4713; x_wconf 84' lang='lat' dir='ltr'><strong>Oribasius</strong></span> <span class='ocrx_word' id='word_1_594' title='bbox 2061 4676 2189 4713; x_wconf 86' lang='lat' dir='ltr'><strong>suos</strong></span> 
     </span>
    </p>
   </div>
   <div class='ocr_carea' id='block_1_93' title="bbox 2291 4659 3814 4741">
    <p class='ocr_par' dir='ltr' id='par_1_93' title="bbox 2293 4664 3814 4741">
     <span class='ocr_line' id='line_1_93' title="bbox 2293 4664 3814 4741; baseline 0.001 -22"><span class='ocrx_word' id='word_1_595' title='bbox 2293 4669 2411 4720; x_wconf 90' lang='grc' dir='ltr'>τεία</span> <span class='ocrx_word' id='word_1_596' title='bbox 2434 4669 2836 4738; x_wconf 84' lang='grc' dir='ltr'>συντεταγμένη</span> <span class='ocrx_word' id='word_1_597' title='bbox 2872 4670 2936 4721; x_wconf 75' lang='grc' dir='ltr'>ἐκ</span> <span class='ocrx_word' id='word_1_598' title='bbox 2962 4687 3021 4721; x_wconf 90' lang='grc' dir='ltr'><strong>τε</strong></span> <span class='ocrx_word' id='word_1_599' title='bbox 3045 4664 3119 4722; x_wconf 82' lang='grc' dir='ltr'>ὦν</span> <span class='ocrx_word' id='word_1_600' title='bbox 3161 4671 3506 4741; x_wconf 77' lang='grc' dir='ltr'>Ὀρειὸάσιος</span> <span class='ocrx_word' id='word_1_601' title='bbox 3538 4669 3664 4739; x_wconf 73' lang='grc' dir='ltr'>πρὸς</span> <span class='ocrx_word' id='word_1_602' title='bbox 3716 4664 3814 4715; x_wconf 80' lang='grc' dir='ltr'><strong>ἰου-</strong></span> 
     </span>
    </p>
   </div>
   <div class='ocr_carea' id='block_1_94' title="bbox 623 4751 2189 4829">
    <p class='ocr_par' dir='ltr' id='par_1_94' title="bbox 623 4751 2187 4822">
     <span class='ocr_line' id='line_1_94' title="bbox 623 4751 2187 4822; baseline -0.004 -11"><span class='ocrx_word' id='word_1_603' title='bbox 623 4759 739 4811; x_wconf 85' lang='lat' dir='ltr'><strong>sive</strong></span> <span class='ocrx_word' id='word_1_604' title='bbox 775 4758 839 4809; x_wconf 90' lang='lat' dir='ltr'><strong>ad</strong></span> <span class='ocrx_word' id='word_1_605' title='bbox 866 4754 1141 4808; x_wconf 83' lang='lat' dir='ltr'><strong>Julianum</strong></span> <span class='ocrx_word' id='word_1_606' title='bbox 1178 4755 1559 4822; x_wconf 86' lang='lat' dir='ltr'><strong>imperatorem</strong></span> <span class='ocrx_word' id='word_1_607' title='bbox 1593 4754 1706 4807; x_wconf 89' lang='lat' dir='ltr'><strong>sive</strong></span> <span class='ocrx_word' id='word_1_608' title='bbox 1752 4753 1818 4805; x_wconf 87' lang='lat' dir='ltr'><strong>ad</strong></span> <span class='ocrx_word' id='word_1_609' title='bbox 1848 4751 2187 4805; x_wconf 80' lang='lat' dir='ltr'><strong>Eustatliium</strong></span> 
     </span>
    </p>
   </div>
   <div class='ocr_carea' id='block_1_95' title="bbox 2291 4751 3815 4829">
    <p class='ocr_par' dir='ltr' id='par_1_95' title="bbox 2293 4754 3815 4829">
     <span class='ocr_line' id='line_1_95' title="bbox 2293 4754 3815 4829; baseline 0 -18"><span class='ocrx_word' id='word_1_610' title='bbox 2293 4758 2473 4811; x_wconf 85' lang='grc' dir='ltr'>λιανὸν</span> <span class='ocrx_word' id='word_1_611' title='bbox 2500 4758 2705 4827; x_wconf 72' lang='grc' dir='ltr'>ἔγραψε</span> <span class='ocrx_word' id='word_1_612' title='bbox 2734 4760 2869 4829; x_wconf 90' lang='grc' dir='ltr'>πρός</span> <span class='ocrx_word' id='word_1_613' title='bbox 2888 4776 2949 4811; x_wconf 89' lang='grc' dir='ltr'><strong>τε</strong></span> <span class='ocrx_word' id='word_1_614' title='bbox 2972 4761 3268 4814; x_wconf 82' lang='grc' dir='ltr'>Εὑστάθιον</span> <span class='ocrx_word' id='word_1_615' title='bbox 3308 4763 3410 4816; x_wconf 72' lang='grc' dir='ltr'><strong>καὶ</strong></span> <span class='ocrx_word' id='word_1_616' title='bbox 3454 4762 3720 4819; x_wconf 81' lang='grc' dir='ltr'>Εὑνάπιον,</span> <span class='ocrx_word' id='word_1_617' title='bbox 3755 4754 3815 4804; x_wconf 71' lang='grc' dir='ltr'><strong>ἔτι</strong></span> 
     </span>
    </p>
   </div>
   <div class='ocr_carea' id='block_1_96' title="bbox 623 4843 2189 4921">
    <p class='ocr_par' dir='ltr' id='par_1_96' title="bbox 623 4843 2189 4916">
     <span class='ocr_line' id='line_1_96' title="bbox 623 4843 2189 4916; baseline -0.003 -14"><span class='ocrx_word' id='word_1_618' title='bbox 623 4860 676 4902; x_wconf 90' lang='lat' dir='ltr'><strong>et</strong></span> <span class='ocrx_word' id='word_1_619' title='bbox 699 4850 1001 4916; x_wconf 74' lang='lat' dir='ltr'><strong>Eunapiutn</strong></span> <span class='ocrx_word' id='word_1_620' title='bbox 1035 4847 1222 4911; x_wconf 86' lang='lat' dir='ltr'><strong>libros,</strong></span> <span class='ocrx_word' id='word_1_621' title='bbox 1258 4847 1351 4899; x_wconf 87' lang='lat' dir='ltr'><strong>sed</strong></span> <span class='ocrx_word' id='word_1_622' title='bbox 1414 4860 1480 4897; x_wconf 82' lang='lat' dir='ltr'><strong>ex</strong></span> <span class='ocrx_word' id='word_1_623' title='bbox 1516 4843 1900 4912; x_wconf 76' lang='lat' dir='ltr'><strong>tlierapeuticis</strong></span> <span class='ocrx_word' id='word_1_624' title='bbox 1931 4854 2189 4912; x_wconf 69' lang='lat' dir='ltr'><strong>praeterea</strong></span> 
     </span>
    </p>
   </div>
   <div class='ocr_carea' id='block_1_97' title="bbox 2291 4843 3817 4921">
    <p class='ocr_par' dir='ltr' id='par_1_97' title="bbox 2294 4844 3817 4921">
     <span class='ocr_line' id='line_1_97' title="bbox 2294 4844 3817 4921; baseline -0.005 -15"><span class='ocrx_word' id='word_1_625' title='bbox 2294 4853 2352 4906; x_wconf 83' lang='grc' dir='ltr'>δὲ</span> <span class='ocrx_word' id='word_1_626' title='bbox 2378 4853 2471 4904; x_wconf 77' lang='grc' dir='ltr'>καὶ</span> <span class='ocrx_word' id='word_1_627' title='bbox 2496 4853 2559 4903; x_wconf 80' lang='grc' dir='ltr'>ἐκ</span> <span class='ocrx_word' id='word_1_628' title='bbox 2592 4852 2699 4903; x_wconf 84' lang='grc' dir='ltr'><strong>τῶν</strong></span> <span class='ocrx_word' id='word_1_629' title='bbox 2730 4851 3141 4919; x_wconf 82' lang='grc' dir='ltr'>Θεραπευτικῶν</span> <span class='ocrx_word' id='word_1_630' title='bbox 3188 4852 3413 4921; x_wconf 79' lang='grc' dir='ltr'>βιὸλίων</span> <span class='ocrx_word' id='word_1_631' title='bbox 3460 4853 3500 4904; x_wconf 90' lang='grc' dir='ltr'><strong>Γ</strong></span> <span class='ocrx_word' id='word_1_632' title='bbox 3504 4848 3705 4920; x_wconf 76' lang='grc' dir='ltr'>αληνοῦ,</span> <span class='ocrx_word' id='word_1_633' title='bbox 3745 4844 3817 4895; x_wconf 70' lang='grc' dir='ltr'>καὶ</span> 
     </span>
    </p>
   </div>
   <div class='ocr_carea' id='block_1_98' title="bbox 622 4930 2189 5012">
    <p class='ocr_par' dir='ltr' id='par_1_98' title="bbox 622 4934 2189 5005">
     <span class='ocr_line' id='line_1_98' title="bbox 622 4934 2189 5005; baseline -0.004 -10"><span class='ocrx_word' id='word_1_634' title='bbox 622 4940 809 4995; x_wconf 75' lang='lat' dir='ltr'><strong>Caleni</strong></span> <span class='ocrx_word' id='word_1_635' title='bbox 852 4937 1027 5003; x_wconf 87' lang='lat' dir='ltr'><strong>libris,</strong></span> <span class='ocrx_word' id='word_1_636' title='bbox 1060 4947 1222 5005; x_wconf 86' lang='lat' dir='ltr'><strong>atque</strong></span> <span class='ocrx_word' id='word_1_637' title='bbox 1259 4952 1323 4990; x_wconf 78' lang='lat' dir='ltr'><strong>ex</strong></span> <span class='ocrx_word' id='word_1_638' title='bbox 1342 4937 1643 5005; x_wconf 85' lang='lat' dir='ltr'><strong>Archigene</strong></span> <span class='ocrx_word' id='word_1_639' title='bbox 1674 4945 1728 4988; x_wconf 91' lang='lat' dir='ltr'><strong>et</strong></span> <span class='ocrx_word' id='word_1_640' title='bbox 1752 4934 1915 4988; x_wconf 80' lang='lat' dir='ltr'><strong>Rufo.</strong></span> <span class='ocrx_word' id='word_1_641' title='bbox 1946 4936 2025 4988; x_wconf 87' lang='lat' dir='ltr'><strong>Ad</strong></span> <span class='ocrx_word' id='word_1_642' title='bbox 2074 4938 2189 4989; x_wconf 71' lang='lat' dir='ltr'><strong>haec</strong></span> 
     </span>
    </p>
   </div>
   <div class='ocr_carea' id='block_1_99' title="bbox 2291 4930 3815 5012">
    <p class='ocr_par' dir='ltr' id='par_1_99' title="bbox 2299 4930 3815 5012">
     <span class='ocr_line' id='line_1_99' title="bbox 2299 4930 3815 5012; baseline -0.008 -18"><span class='ocrx_word' id='word_1_643' title='bbox 2299 4942 2405 5012; x_wconf 85' lang='grc' dir='ltr'>μὴν</span> <span class='ocrx_word' id='word_1_644' title='bbox 2432 4942 2523 4993; x_wconf 69' lang='grc' dir='ltr'>καὶ</span> <span class='ocrx_word' id='word_1_645' title='bbox 2552 4941 2899 5011; x_wconf 84' lang='grc' dir='ltr'>Ἀρχιγένους</span> <span class='ocrx_word' id='word_1_646' title='bbox 2931 4941 3023 4993; x_wconf 74' lang='grc' dir='ltr'>καὶ</span> <span class='ocrx_word' id='word_1_647' title='bbox 3066 4940 3316 5009; x_wconf 78' lang='grc' dir='ltr'>Ῥούφου,</span> <span class='ocrx_word' id='word_1_648' title='bbox 3358 4940 3442 4992; x_wconf 75' lang='grc' dir='ltr'>ἔτι</span> <span class='ocrx_word' id='word_1_649' title='bbox 3469 4940 3524 4991; x_wconf 82' lang='grc' dir='ltr'>δὲ</span> <span class='ocrx_word' id='word_1_650' title='bbox 3551 4930 3815 5000; x_wconf 81' lang='grc' dir='ltr'>Διοσκουρίο</span> 
     </span>
    </p>
   </div>
   <div class='ocr_carea' id='block_1_100' title="bbox 621 5025 2188 5095">
    <p class='ocr_par' dir='ltr' id='par_1_100' title="bbox 621 5025 2188 5095">
     <span class='ocr_line' id='line_1_100' title="bbox 621 5025 2188 5095; baseline -0.004 -9"><span class='ocrx_word' id='word_1_651' title='bbox 621 5052 651 5086; x_wconf 85' lang='lat' dir='ltr'><strong>e</strong></span> <span class='ocrx_word' id='word_1_652' title='bbox 686 5031 1016 5095; x_wconf 86' lang='lat' dir='ltr'><strong>Dioscoride,</strong></span> <span class='ocrx_word' id='word_1_653' title='bbox 1062 5028 1355 5091; x_wconf 84' lang='lat' dir='ltr'><strong>llerodoto,</strong></span> <span class='ocrx_word' id='word_1_654' title='bbox 1405 5026 1634 5092; x_wconf 88' lang='lat' dir='ltr'><strong>Sorano,</strong></span> <span class='ocrx_word' id='word_1_655' title='bbox 1678 5025 1975 5095; x_wconf 84' lang='lat' dir='ltr'><strong>Philagrio.</strong></span> <span class='ocrx_word' id='word_1_656' title='bbox 2007 5025 2188 5079; x_wconf 87' lang='lat' dir='ltr'><strong>Philo-</strong></span> 
     </span>
    </p>
   </div>
   <div class='ocr_carea' id='block_1_101' title="bbox 622 5115 2184 5185">
    <p class='ocr_par' dir='ltr' id='par_1_101' title="bbox 622 5115 2184 5185">
     <span class='ocr_line' id='line_1_101' title="bbox 622 5115 2184 5185; baseline -0.005 -10"><span class='ocrx_word' id='word_1_657' title='bbox 622 5137 800 5185; x_wconf 89' lang='lat' dir='ltr'><strong>mene,</strong></span> <span class='ocrx_word' id='word_1_658' title='bbox 831 5119 1146 5182; x_wconf 86' lang='lat' dir='ltr'><strong>Posidonio,</strong></span> <span class='ocrx_word' id='word_1_659' title='bbox 1183 5118 1412 5184; x_wconf 84' lang='lat' dir='ltr'><strong>aliisque</strong></span> <span class='ocrx_word' id='word_1_660' title='bbox 1479 5118 1775 5179; x_wconf 87' lang='lat' dir='ltr'><strong>nonnullis,</strong></span> <span class='ocrx_word' id='word_1_661' title='bbox 1809 5117 1899 5184; x_wconf 89' lang='lat' dir='ltr'><strong>qui</strong></span> <span class='ocrx_word' id='word_1_662' title='bbox 1934 5115 2184 5169; x_wconf 89' lang='lat' dir='ltr'><strong>medendi</strong></span> 
     </span>
    </p>
   </div>
   <div class='ocr_carea' id='block_1_102' title="bbox 621 5207 2185 5277">
    <p class='ocr_par' dir='ltr' id='par_1_102' title="bbox 621 5207 2185 5277">
     <span class='ocr_line' id='line_1_102' title="bbox 621 5207 2185 5277; baseline -0.002 -14"><span class='ocrx_word' id='word_1_663' title='bbox 621 5226 738 5265; x_wconf 78' lang='lat' dir='ltr'><strong>arte</strong></span> <span class='ocrx_word' id='word_1_664' title='bbox 771 5226 967 5265; x_wconf 89' lang='lat' dir='ltr'><strong>nomen</strong></span> <span class='ocrx_word' id='word_1_665' title='bbox 1008 5211 1108 5263; x_wconf 88' lang='lat' dir='ltr'><strong>sibi</strong></span> <span class='ocrx_word' id='word_1_666' title='bbox 1134 5208 1468 5277; x_wconf 79' lang='lat' dir='ltr'><strong>gloriamque</strong></span> <span class='ocrx_word' id='word_1_667' title='bbox 1502 5219 1845 5277; x_wconf 83' lang='lat' dir='ltr'><strong>pepererunt.</strong></span> <span class='ocrx_word' id='word_1_668' title='bbox 1876 5208 1923 5261; x_wconf 79' lang='grc' dir='ltr'><strong>Α</strong></span> <span class='ocrx_word' id='word_1_669' title='bbox 1952 5207 2185 5263; x_wconf 83' lang='lat' dir='ltr'><strong>faculta-</strong></span> 
     </span>
    </p>
   </div>
   <div class='ocr_carea' id='block_1_103' title="bbox 621 5300 2184 5369">
    <p class='ocr_par' dir='ltr' id='par_1_103' title="bbox 621 5300 2184 5369">
     <span class='ocr_line' id='line_1_103' title="bbox 621 5300 2184 5369; baseline -0.003 -12"><span class='ocrx_word' id='word_1_670' title='bbox 621 5308 765 5359; x_wconf 89' lang='lat' dir='ltr'><strong>tibus</strong></span> <span class='ocrx_word' id='word_1_671' title='bbox 790 5315 970 5357; x_wconf 85' lang='lat' dir='ltr'><strong>antetn</strong></span> <span class='ocrx_word' id='word_1_672' title='bbox 1006 5300 1334 5369; x_wconf 87' lang='lat' dir='ltr'><strong>simplicium</strong></span> <span class='ocrx_word' id='word_1_673' title='bbox 1372 5301 1913 5363; x_wconf 86' lang='lat' dir='ltr'><strong>medicamentorum,</strong></span> <span class='ocrx_word' id='word_1_674' title='bbox 1948 5315 2011 5353; x_wconf 87' lang='lat' dir='ltr'><strong>ac</strong></span> <span class='ocrx_word' id='word_1_675' title='bbox 2036 5300 2184 5353; x_wconf 83' lang='lat' dir='ltr'><strong>cibo—</strong></span> 
     </span>
    </p>
   </div>
   <div class='ocr_carea' id='block_1_104' title="bbox 618 5393 2182 5461">
    <p class='ocr_par' dir='ltr' id='par_1_104' title="bbox 618 5393 2182 5461">
     <span class='ocr_line' id='line_1_104' title="bbox 618 5393 2182 5461; baseline -0.005 -11"><span class='ocrx_word' id='word_1_676' title='bbox 618 5412 737 5450; x_wconf 86' lang='lat' dir='ltr'><strong>rum</strong></span> <span class='ocrx_word' id='word_1_677' title='bbox 773 5411 804 5451; x_wconf 89' lang='lat' dir='ltr'><strong>e</strong></span> <span class='ocrx_word' id='word_1_678' title='bbox 832 5394 1038 5461; x_wconf 80' lang='lat' dir='ltr'><strong>Caleno</strong></span> <span class='ocrx_word' id='word_1_679' title='bbox 1068 5395 1307 5448; x_wconf 83' lang='lat' dir='ltr'><strong>breviter</strong></span> <span class='ocrx_word' id='word_1_680' title='bbox 1334 5394 1448 5447; x_wconf 73' lang='lat' dir='ltr'><strong>haec</strong></span> <span class='ocrx_word' id='word_1_681' title='bbox 1474 5408 1931 5454; x_wconf 87' lang='lat' dir='ltr'><strong>commemorans,</strong></span> <span class='ocrx_word' id='word_1_682' title='bbox 1967 5393 2182 5445; x_wconf 91' lang='lat' dir='ltr'><strong>initium</strong></span> 
     </span>
    </p>
   </div>
   <div class='ocr_carea' id='block_1_105' title="bbox 2290 5020 3817 5101">
    <p class='ocr_par' dir='ltr' id='par_1_105' title="bbox 2290 5020 3817 5101">
     <span class='ocr_line' id='line_1_105' title="bbox 2290 5020 3817 5101; baseline -0.01 -16"><span class='ocrx_word' id='word_1_683' title='bbox 2290 5034 2380 5085; x_wconf 90' lang='grc' dir='ltr'><strong>δου</strong></span> <span class='ocrx_word' id='word_1_684' title='bbox 2407 5074 2422 5099; x_wconf 93' lang='grc'><strong>,</strong></span> <span class='ocrx_word' id='word_1_685' title='bbox 2457 5034 2552 5087; x_wconf 82' lang='grc' dir='ltr'>καὶ</span> <span class='ocrx_word' id='word_1_686' title='bbox 2593 5032 2875 5101; x_wconf 80' lang='grc' dir='ltr'>Ἡροδότου</span> <span class='ocrx_word' id='word_1_687' title='bbox 2907 5033 3002 5084; x_wconf 71' lang='grc' dir='ltr'>καὶ</span> <span class='ocrx_word' id='word_1_688' title='bbox 3036 5030 3311 5101; x_wconf 81' lang='grc' dir='ltr'>Σωρανοῦ,</span> <span class='ocrx_word' id='word_1_689' title='bbox 3347 5028 3637 5099; x_wconf 82' lang='grc' dir='ltr'>Φιλαγρίου</span> <span class='ocrx_word' id='word_1_690' title='bbox 3668 5041 3717 5076; x_wconf 90' lang='grc' dir='ltr'><strong>τε</strong></span> <span class='ocrx_word' id='word_1_691' title='bbox 3745 5020 3817 5072; x_wconf 80' lang='grc' dir='ltr'><strong>καὶ</strong></span> 
     </span>
    </p>
   </div>
   <div class='ocr_carea' id='block_1_106' title="bbox 2290 5111 3817 5191">
    <p class='ocr_par' dir='ltr' id='par_1_106' title="bbox 2290 5111 3817 5191">
     <span class='ocr_line' id='line_1_106' title="bbox 2290 5111 3817 5191; baseline -0.004 -19"><span class='ocrx_word' id='word_1_692' title='bbox 2290 5122 2619 5191; x_wconf 83' lang='grc' dir='ltr'>Φιλουμένου</span> <span class='ocrx_word' id='word_1_693' title='bbox 2654 5123 2749 5173; x_wconf 80' lang='grc' dir='ltr'>καὶ</span> <span class='ocrx_word' id='word_1_694' title='bbox 2776 5121 3134 5173; x_wconf 84' lang='grc' dir='ltr'>Ποσειδωνίου</span> <span class='ocrx_word' id='word_1_695' title='bbox 3166 5121 3259 5173; x_wconf 83' lang='grc' dir='ltr'>καὶ</span> <span class='ocrx_word' id='word_1_696' title='bbox 3283 5121 3495 5190; x_wconf 79' lang='grc' dir='ltr'>ἑτέρων</span> <span class='ocrx_word' id='word_1_697' title='bbox 3546 5117 3696 5171; x_wconf 83' lang='grc' dir='ltr'>τινῶν</span> <span class='ocrx_word' id='word_1_698' title='bbox 3730 5111 3817 5161; x_wconf 76' lang='grc' dir='ltr'><strong>τῶν</strong></span> 
     </span>
    </p>
   </div>
   <div class='ocr_carea' id='block_1_107' title="bbox 2292 5202 3819 5283">
    <p class='ocr_par' dir='ltr' id='par_1_107' title="bbox 2292 5202 3819 5283">
     <span class='ocr_line' id='line_1_107' title="bbox 2292 5202 3819 5283; baseline -0.005 -18"><span class='ocrx_word' id='word_1_699' title='bbox 2292 5214 2383 5264; x_wconf 78' lang='grc' dir='ltr'><strong>ἐπὶ</strong></span> <span class='ocrx_word' id='word_1_700' title='bbox 2413 5217 2478 5283; x_wconf 80' lang='grc' dir='ltr'>τῇ</span> <span class='ocrx_word' id='word_1_701' title='bbox 2507 5214 2673 5283; x_wconf 81' lang='grc' dir='ltr'>τέχνῃ</span> <span class='ocrx_word' id='word_1_702' title='bbox 2710 5216 2808 5283; x_wconf 80' lang='grc' dir='ltr'>τῆς</span> <span class='ocrx_word' id='word_1_703' title='bbox 2870 5213 3119 5282; x_wconf 78' lang='grc' dir='ltr'>ἰατρικῆς</span> <span class='ocrx_word' id='word_1_704' title='bbox 3176 5212 3349 5281; x_wconf 70' lang='grc' dir='ltr'>ὄνομα</span> <span class='ocrx_word' id='word_1_705' title='bbox 3412 5211 3687 5264; x_wconf 87' lang='grc' dir='ltr'>λιπόντων.</span> <span class='ocrx_word' id='word_1_706' title='bbox 3730 5202 3819 5256; x_wconf 66' lang='grc' dir='ltr'><strong>Καὶ</strong></span> 
     </span>
    </p>
   </div>
   <div class='ocr_carea' id='block_1_108' title="bbox 2291 5292 3820 5375">
    <p class='ocr_par' dir='ltr' id='par_1_108' title="bbox 2291 5292 3820 5375">
     <span class='ocr_line' id='line_1_108' title="bbox 2291 5292 3820 5375; baseline -0.005 -18"><span class='ocrx_word' id='word_1_707' title='bbox 2291 5304 2598 5374; x_wconf 86' lang='grc' dir='ltr'>ἁπάρχεται</span> <span class='ocrx_word' id='word_1_708' title='bbox 2628 5307 2727 5375; x_wconf 83' lang='grc' dir='ltr'>μὲν</span> <span class='ocrx_word' id='word_1_709' title='bbox 2778 5303 2886 5356; x_wconf 84' lang='grc' dir='ltr'><strong>ἀπὸ</strong></span> <span class='ocrx_word' id='word_1_710' title='bbox 2913 5292 3153 5372; x_wconf 14' lang='grc' dir='ltr'>τῆςντῶν</span> <span class='ocrx_word' id='word_1_711' title='bbox 3203 5305 3392 5357; x_wconf 84' lang='grc' dir='ltr'>ἁπλῶν</span> <span class='ocrx_word' id='word_1_712' title='bbox 3442 5304 3733 5374; x_wconf 82' lang='grc' dir='ltr'>φαρμάκων</span> <span class='ocrx_word' id='word_1_713' title='bbox 3774 5310 3820 5346; x_wconf 77' lang='grc' dir='ltr'><strong>τε</strong></span> 
     </span>
    </p>
   </div>
   <div class='ocr_carea' id='block_1_109' title="bbox 2292 5385 3821 5465">
    <p class='ocr_par' dir='ltr' id='par_1_109' title="bbox 2292 5385 3821 5465">
     <span class='ocr_line' id='line_1_109' title="bbox 2292 5385 3821 5465; baseline -0.007 -19"><span class='ocrx_word' id='word_1_714' title='bbox 2292 5395 2386 5446; x_wconf 76' lang='grc' dir='ltr'>καὶ</span> <span class='ocrx_word' id='word_1_715' title='bbox 2410 5395 2626 5465; x_wconf 79' lang='grc' dir='ltr'>τροφῶν</span> <span class='ocrx_word' id='word_1_716' title='bbox 2675 5395 2958 5465; x_wconf 86' lang='grc' dir='ltr'>δυνάμεως</span> <span class='ocrx_word' id='word_1_717' title='bbox 3006 5394 3271 5464; x_wconf 81' lang='grc' dir='ltr'>Γαληνοῦ,</span> <span class='ocrx_word' id='word_1_718' title='bbox 3302 5396 3366 5449; x_wconf 84' lang='grc' dir='ltr'>ὲν</span> <span class='ocrx_word' id='word_1_719' title='bbox 3407 5392 3626 5463; x_wconf 72' lang='grc' dir='ltr'>συνόψει</span> <span class='ocrx_word' id='word_1_720' title='bbox 3681 5385 3821 5441; x_wconf 81' lang='grc' dir='ltr'>ταῦτα</span> 
     </span>
    </p>
   </div>
   <div class='ocr_carea' id='block_1_110' title="bbox 1872 5500 2557 5559">
    <p class='ocr_par' dir='ltr' id='par_1_110' title="bbox 1872 5500 2557 5559">
     <span class='ocr_line' id='line_1_110' title="bbox 1872 5500 2557 5559; baseline 0.004 -4"><span class='ocrx_word' id='word_1_721' title='bbox 1872 5500 2112 5556; x_wconf 69' lang='grc' dir='ltr'><strong>ἾΑΒΗΕ</strong></span> <span class='ocrx_word' id='word_1_722' title='bbox 2150 5502 2557 5559; x_wconf 77' lang='lat' dir='ltr'><strong>LECTIONES.</strong></span> 
     </span>
    </p>
   </div>
   <div class='ocr_carea' id='block_1_111' title="bbox 686 5586 3822 5668">
    <p class='ocr_par' dir='ltr' id='par_1_111' title="bbox 686 5586 3822 5668">
     <span class='ocr_line' id='line_1_111' title="bbox 686 5586 3822 5668; baseline -0.003 -15"><span class='ocrx_word' id='word_1_723' title='bbox 686 5600 733 5633; x_wconf 89' lang='grc'>⁷³</span> <span class='ocrx_word' id='word_1_724' title='bbox 801 5608 920 5668; x_wconf 90' lang='lat' dir='ltr'><strong>post</strong></span> <span class='ocrx_word' id='word_1_725' title='bbox 940 5598 1235 5668; x_wconf 78' lang='grc' dir='ltr'>εὐπόριστα</span> <span class='ocrx_word' id='word_1_726' title='bbox 1279 5597 1338 5668; x_wconf 86' lang='lat' dir='ltr'><strong>in</strong></span> <span class='ocrx_word' id='word_1_727' title='bbox 1372 5596 1417 5648; x_wconf 79' lang='grc' dir='ltr'><strong>Δ</strong></span> <span class='ocrx_word' id='word_1_728' title='bbox 1460 5596 1615 5668; x_wconf 79' lang='lat' dir='ltr'><strong>vacui</strong></span> <span class='ocrx_word' id='word_1_729' title='bbox 1663 5610 1853 5668; x_wconf 83' lang='lat' dir='ltr'><strong>versus</strong></span> <span class='ocrx_word' id='word_1_730' title='bbox 1880 5594 1952 5649; x_wconf 72' lang='grc'><strong>28</strong></span> <span class='ocrx_word' id='word_1_731' title='bbox 1979 5611 2103 5668; x_wconf 85' lang='lat' dir='ltr'><strong>cum</strong></span> <span class='ocrx_word' id='word_1_732' title='bbox 2136 5594 2329 5668; x_wconf 82' lang='lat' dir='ltr'><strong>pagina</strong></span> <span class='ocrx_word' id='word_1_733' title='bbox 2370 5596 2593 5651; x_wconf 83' lang='lat' dir='ltr'><strong>adversa</strong></span> <span class='ocrx_word' id='word_1_734' title='bbox 2618 5596 2733 5653; x_wconf 90' lang='lat' dir='ltr'><strong>inC</strong></span> <span class='ocrx_word' id='word_1_735' title='bbox 2777 5613 2959 5654; x_wconf 83' lang='lat' dir='ltr'><strong>versus</strong></span> <span class='ocrx_word' id='word_1_736' title='bbox 2986 5596 3176 5668; x_wconf 72' lang='lat'><strong>9.1/2.</strong></span> <span class='ocrx_word' id='word_1_737' title='bbox 3249 5598 3294 5629; x_wconf 72' lang='grc'><strong>⁷⁸</strong></span> <span class='ocrx_word' id='word_1_738' title='bbox 3320 5596 3595 5667; x_wconf 83' lang='grc' dir='ltr'>πρέπουσι</span> <span class='ocrx_word' id='word_1_739' title='bbox 3619 5591 3716 5653; x_wconf 74' lang='grc' dir='ltr'>τοῖς</span> <span class='ocrx_word' id='word_1_740' title='bbox 3736 5586 3822 5639; x_wconf 75' lang='grc' dir='ltr'>διο·</span> 
     </span>
    </p>
   </div>
   <div class='ocr_carea' id='block_1_112' title="bbox 620 5665 2308 5740">
    <p class='ocr_par' dir='ltr' id='par_1_112' title="bbox 620 5665 2308 5740">
     <span class='ocr_line' id='line_1_112' title="bbox 620 5665 2308 5740; baseline -0.005 -14"><span class='ocrx_word' id='word_1_741' title='bbox 620 5665 831 5740; x_wconf 71' lang='grc' dir='ltr'>οισμοῖς</span> <span class='ocrx_word' id='word_1_742' title='bbox 860 5687 919 5735; x_wconf 84' lang='grc' dir='ltr'>ς.</span> <span class='ocrx_word' id='word_1_743' title='bbox 997 5670 1044 5702; x_wconf 80' lang='grc'><strong>’⁵</strong></span> <span class='ocrx_word' id='word_1_744' title='bbox 1077 5665 1134 5722; x_wconf 84' lang='grc' dir='ltr'><strong>δέ</strong></span> <span class='ocrx_word' id='word_1_745' title='bbox 1159 5685 1219 5737; x_wconf 88' lang='grc' dir='ltr'><strong>γε</strong></span> <span class='ocrx_word' id='word_1_746' title='bbox 1242 5667 1304 5720; x_wconf 82' lang='grc' dir='ltr'>τὸ</span> <span class='ocrx_word' id='word_1_747' title='bbox 1333 5666 1539 5738; x_wconf 72' lang='grc' dir='ltr'>γράψαι</span> <span class='ocrx_word' id='word_1_748' title='bbox 1562 5668 1606 5719; x_wconf 85' lang='lat' dir='ltr'><strong>A</strong></span> <span class='ocrx_word' id='word_1_749' title='bbox 1635 5685 1648 5721; x_wconf 92' lang='lat'><strong>:</strong></span> <span class='ocrx_word' id='word_1_750' title='bbox 1682 5666 1738 5719; x_wconf 82' lang='grc' dir='ltr'>δὲ</span> <span class='ocrx_word' id='word_1_751' title='bbox 1766 5666 1826 5718; x_wconf 81' lang='grc' dir='ltr'>τὸ</span> <span class='ocrx_word' id='word_1_752' title='bbox 1854 5665 2062 5736; x_wconf 69' lang='grc' dir='ltr'>γράψαι</span> <span class='ocrx_word' id='word_1_753' title='bbox 2121 5666 2216 5717; x_wconf 74' lang='grc' dir='ltr'>καὶ</span> <span class='ocrx_word' id='word_1_754' title='bbox 2249 5682 2308 5727; x_wconf 76' lang='grc' dir='ltr'>ς.</span> 
     </span>
    </p>
   </div>
   <div class='ocr_carea' id='block_1_113' title="bbox 2127 5778 2361 5834">
    <p class='ocr_par' dir='ltr' id='par_1_113' title="bbox 2127 5778 2361 5834">
     <span class='ocr_line' id='line_1_113' title="bbox 2127 5778 2361 5834; baseline 0.013 -3"><span class='ocrx_word' id='word_1_755' title='bbox 2127 5778 2361 5834; x_wconf 65' lang='lat' dir='ltr'><strong>NOTAE.</strong></span> 
     </span>
    </p>
   </div>
   <div class='ocr_carea' id='block_1_114' title="bbox 690 5872 2456 5951">
    <p class='ocr_par' dir='ltr' id='par_1_114' title="bbox 690 5872 2456 5951">
     <span class='ocr_line' id='line_1_114' title="bbox 690 5872 2456 5951; baseline -0.007 -14"><span class='ocrx_word' id='word_1_756' title='bbox 690 5881 798 5941; x_wconf 69' lang='lat'><strong>(38)</strong></span> <span class='ocrx_word' id='word_1_757' title='bbox 839 5880 1076 5949; x_wconf 80' lang='lat' dir='ltr'><strong>Quorum</strong></span> <span class='ocrx_word' id='word_1_758' title='bbox 1104 5878 1321 5951; x_wconf 71' lang='lat' dir='ltr'><strong>priores</strong></span> <span class='ocrx_word' id='word_1_759' title='bbox 1355 5876 1421 5930; x_wconf 82' lang='grc'><strong>18</strong></span> <span class='ocrx_word' id='word_1_760' title='bbox 1486 5874 1671 5930; x_wconf 68' lang='lat' dir='ltr'><strong>erce</strong></span> <span class='ocrx_word' id='word_1_761' title='bbox 1714 5876 1921 5944; x_wconf 86' lang='lat' dir='ltr'><strong>pridem</strong></span> <span class='ocrx_word' id='word_1_762' title='bbox 1980 5872 2222 5928; x_wconf 82' lang='lat' dir='ltr'><strong>Venetiis</strong></span> <span class='ocrx_word' id='word_1_763' title='bbox 2252 5872 2456 5927; x_wconf 80' lang='lat' dir='ltr'><strong>excusi.</strong></span> 
     </span>
    </p>
   </div>
  </div>
