4014 6406
220 382 303 445 721
1093 380 1612 442 BIBIJOTHECA.
1647 406 1716 416 -
1753 380 1969 443 CODD.
2009 380 2224 455 CCXX,
2256 381 2502 445 CCXXI.
3332 374 3440 443 7‘29

219 489 406 555 διεξιών
430 492 444 508 ⁶
477 484 978 559 συμπεραίνεταιδέ
1011 490 1161 562 αὐτῷ
1192 492 1254 546 τὸ
1273 492 1394 565 [29!
1428 490 1522 564 1L]
1551 491 1755 560 βιϐλίον
1783 504 1804 551 Α

1861 491 2025 559 ducit,
2062 493 2350 563 ﬁniturque
2375 509 2510 562 opus
2559 491 2697 545 libro
2744 499 2899 546 sexto
2953 489 3182 557 decimo,
3233 493 3321 562 qui
3370 491 3440 545 de

217 586 283 645 εἰς
304 582 388 635 τὸν
430 588 502 646 ις’
531 581 703 648 λόγον,
737 584 866 656 περὶ
896 585 1224 651 γυναικείων
1258 585 1356 655 τὴν
1404 584 1757 640 διδασκαλίαν

1855 584 2137 639 mulierum
2191 586 2394 641 morbis
2425 595 2689 655 praecepta
2717 586 2882 638 tradit
2912 600 2926 635 :
2964 584 3160 653 quibus
3182 599 3303 638 cum
3332 585 3437 638 alia

219 675 510 745 ποιούμενον
558 674 770 731 παθῶν.
812 672 907 740 Οἷς
953 677 1045 729 xui
1089 678 1253 748 ἕτερά
1308 695 1429 731 τινα
1473 678 1756 730 συντάττει

1856 675 2309 747 adnectitcapita,
2342 687 2453 730 tum
2485 677 2755 747 tergendze
2785 676 2967 743 faciei,
2994 677 3295 746 reliquique
3311 691 3437 731 cor.

214 768 480 837 κεφάλαια,
522 768 824 837 σμήγματά
847 786 909 821 τε
937 768 1110 838 ὄψεως
1133 769 1463 839 παραδιδοὺς
1516 770 1612 821 xui
1657 767 1754 821 τοῦ

1851 766 2000 835 poris
2031 768 2297 822 rationem
2323 768 2505 834 docet,
2542 767 3016 823 (enanthariorum
3050 766 3272 836 insuper
3299 782 3435 835 pra:-

214 856 377 909 λοιποῦ
426 856 692 927 σώματος,
750 859 1048 922 σκευασίας
1096 876 1158 913 τε
1222 858 1602 930 οἰνανθαρίων,
1657 859 1754 913 xui

1852 858 2159 928 paratione,
2180 870 2234 915 et
2274 862 2324 915 id
2355 875 2523 931 genus
2544 860 2665 914 aliis
2681 858 3004 930 quibusdam
3044 858 3290 924 adjectis.
3321 858 3434 922 Sic,

212 948 352 1020 ἕτερά
376 966 495 1004 τινα
527 951 934 1023 τοιουτότροπα.

1851 953 1928 1005 ιιιί
1966 951 2243 1018 diximus,
2277 968 2415 1021 opus
2469 953 2781 1007 universum
2849 959 2906 1006 et
2952 949 3139 1019 incipit
3200 957 3253 1003 et
3294 947 3436 1002 desi-

215 1042 299 1093 nit.
336 1042 654 1112 Singulatim
709 1054 938 1111 autem;
995 1042 1209 1113 primus
1262 1042 1401 1099 liber
1443 1039 1767 1113 simplicium
1798 1040 2184 1099 alimentorum
2235 1058 2298 1099 ac
2346 1044 2868 1099 medicamentorum
2950 1040 3240 1098 facultates
3312 1041 3437 1094 bre-

212 1133 331 1184 viter
362 1135 696 1204 perstringit.

276 1226 332 1277 Ἥ
359 1228 453 1296 μὲν
484 1223 575 1282 οὗν
594 1229 689 1301 ὅλη
718 1230 867 1301 αὐτῷ
906 1233 1261 1304 πραγματεία
1292 1232 1352 1300 ἐξ
1377 1226 1452 1285 ὧν
1476 1249 1537 1285 τε
1585 1230 1751 1303 ἄρχε-

1922 1228 2073 1282 Alter
2100 1228 2223 1283 dein
2254 1228 2643 1284 metallicorum
2672 1223 2984 1281 facultatem
3021 1234 3076 1278 et
3105 1237 3283 1289 usum,
3310 1220 3433 1275 ani-

209 1332 297 1379 ται,
319 1315 545 1387 εἴρηται,
568 1320 662 1371 καὶ
702 1321 759 1373 ἐν
785 1316 867 1383 οἷς
899 1321 960 1373 τὸ
988 1322 1160 1392 πέρας
1190 1322 1569 1393 ἀπολαμϐάνει
1588 1336 1603 1352 ο
1648 1337 1748 1375 xu-

1851 1320 2232 1390 mantiumque
2262 1319 2349 1375 vel
2373 1322 2707 1391 integrorum
2735 1318 2818 1374 vel
2846 1318 3077 1386 partium
3109 1330 3297 1371 eorum
3328 1314 3435 1367 uti-

206 1407 262 1458 τὰ
286 1408 439 1476 μέρος
472 1409 529 1462 δέ
558 1411 617 1464 τὸ
648 1414 747 1481 μὲν
778 1410 825 1467 u'
854 1414 1003 1484 αὑτῷ
1027 1414 1233 1484 βιϐλίον
1261 1415 1371 1469 τῶν
1408 1413 1594 1469 ἁπλῶν
1622 1429 1748 1483 τρο-

1848 1410 2059 1467 litatem
2094 1413 2288 1483 paucis
2323 1414 2377 1468 in
2426 1415 2665 1470 medium
2699 1411 2898 1468 aﬂert:
2942 1411 3115 1480 possit
3142 1420 3319 1462 autem
3350 1417 3432 1461 to-

205 1496 301 1563 φῶν
344 1500 433 1550 xui
460 1500 570 1552 τῶν
614 1480 923 1573 φαρμάκων
1080 1505 1299 1574 συνόψει
1335 1506 1436 1569 τὰς
1484 1480 1748 1574 δυνάμεις

1904 1520 1956 1559 us
1980 1505 2046 1558 de
2068 1480 2407 1571 simplicibus
2459 1505 2872 1560 medicamentis
2926 1500 3270 1558 tractationis
3304 1513 3432 1570 pars
3466 1480 3489 1505 Χ

202 1588 485 1655 καταλέγει,
509 1591 538 1643 ὁ
565 1593 623 1646 δὲ
658 1594 703 1662 β’
723 1594 823 1658 τὰς
854 1594 967 1648 τῶν
997 1596 1341 1663 μεταλλικῶν
1364 1595 1630 1667 δυνάμεις
1650 1592 1746 1646 xui

1044 1596 1341 1651 εταλλικῶν
1364 1595 1630 1667 δυνάμεις
1650 1592 1746 1646 xui
1852 1593 1970 1649 lucc
2004 1612 2110 1651 non
2142 1598 2355 1650 modica
2397 1598 2629 1651 censeri.

201 1681 397 1751 χρήσεις
419 1684 512 1736 καὶ
541 1685 637 1748 τὰς
670 1687 778 1739 ἀπὸ
804 1687 914 1742 τῶν
942 1688 1096 1753 ζώων
1118 1690 1256 1745 ὅλων
1298 1708 1355 1745 τε
1386 1691 1479 1745 xui
1526 1688 1732 1761 μορίων
1762 1685 2032 1756 ὠφελείας
2056 1692 2114 1743 ἐν
2146 1690 2367 1761 συνόψει
2412 1689 2806 1763 παρατίθεται·
2856 1690 2942 1762 εἴη
3012 1688 3070 1741 δὲ
3102 1686 3199 1741 xui.
3271 1684 3431 1740 τοῦτο

200 1773 281 1843 τῆς
306 1775 426 1843 περὶ
457 1776 567 1830 τῶν
586 1778 772 1831 ἁπλῶν
795 1781 1103 1850 φαρμάκων
1147 1782 1531 1853 πραγματείας
1577 1781 1742 1853 μέρος
1772 1780 1871 1833 οὐκ
1897 1781 2199 1853 ἐλάχιστον.

265 1863 317 1916 '0
342 1866 397 1919 δὲ
425 1873 472 1935 γ’
500 1869 649 1940 αὐτῷ
669 1870 828 1940 λόγος
850 1873 981 1942 περί
1008 1891 1069 1926 τε
1101 1875 1421 1946 γυμνασίων
1469 1876 1734 1929 παντοδα-
1768 1877 1808 1932 Β

1909 1871 2127 1929 Tertius
2160 1873 2277 1946 ejus
2304 1874 2441 1929 liber
2466 1875 2577 1945 agit
2632 1875 2697 1929 tle
2751 1874 2927 1929 omnis
2957 1872 3176 1945 generis
3211 1872 3426 1926 exerci-

199 1957 297 2008 πῶν
326 1957 699 2029 διαλαμϐάνει,
726 1964 821 2017 xui
849 1964 951 2018 ὅσα
971 1967 1391 2037 παρασκευάζει
1420 1968 1484 2022 τὸ
1532 1986 1599 2038 γυ
1610 1969 1745 2039 μνά-

1850 1967 2170 2033 tationibus,
2210 1984 2440 2038 quaeque
2506 1966 2958 2022 exercitationem
3022 1972 3234 2033 parent.
3289 1961 3425 2017 Hinc

199 2066 311 2103 σιον.
340 2045 469 2104 Εἶτα
517 2054 659 2123 μετὰ
710 2057 810 2119 τὰς
842 2058 1164 2130 κενώσειςῆ
1234 2060 1334 2124 τὰς
1388 2061 1742 2132 διαφορήσεις

1845 2070 1968 2131 post
1989 2061 2395 2125 evacuationes,
2436 2073 2531 2115 seu
2584 2060 2870 2114 humorum
2930 2057 3243 2112 eductiones
3306 2053 3426 2109 illas

197 2142 371 2207 ταύτας
392 2145 487 2207 τὰς
518 2146 622 2200 οὐκ
644 2149 935 2222 ἐπιδήλους
959 2152 1086 2223 περὶ
1113 2150 1477 2223 φλεϐοτομίας
1521 2152 1744 2223 διαλαμ·

1844 2152 2113 2216 occultas,
2144 2151 2211 2205 de
2239 2165 2389 2205 vente
2413 2150 2654 2204 sectione
2686 2155 3001 2218 pertractat,
3035 2160 3137 2200 non
3166 2143 3425 2200 sectionis

197 2233 340 2301 ϐάνει,
371 2236 607 2305 τρόπους
622 2256 681 2293 τε
699 2240 801 2311 τῆς
827 2245 999 2315 τομῆς
1040 2244 1384 2316 διευκρινῶν,
1428 2246 1523 2299 καὶ
1580 2248 1742 2316 μεγέ-

1842 2252 2057 2298 tantum
2094 2241 2284 2296 modos
2324 2242 2666 2301 discernens,
2695 2238 2791 2292 sed
2818 2237 2983 2291 etiam
3011 2231 3422 2304 magnitudinis,

196 2321 297 2385 οους
322 2328 409 2378 xui
433 2331 733 2398 σχημάτων
754 2334 849 2385 xui
878 2333 1071 2404 καιροῦ
1098 2337 1193 2388 xui
1213 2336 1416 2409 μέτρου
1451 2336 1739 2402 κενώσεως

1844 2332 2168 2397 formarum,
2240 2332 2500 2401 temporis
2537 2327 2852 2398 opportuni,
2906 2336 3070 2395 atque
3124 2322 3422 2379 evacuandi

195 2416 467 2485 ἀναγράφει
495 2435 512 2451 ο
546 2422 677 2490 περί
705 2438 764 2475 τε
789 2425 1213 2496 ἀρτηριοτομίας
1253 2428 1349 2480 xui.
1394 2430 1736 2499 ἀρτηριακοῦ

1840 2438 2108 2479 mensurae
2133 2424 2471 2477 describens.
2508 2422 2631 2475 Mox
2658 2421 2724 2475 de
2742 2418 2959 2475 arteria‘.
2982 2418 3249 2481 sectione,
3280 2425 3334 2469 et
3357 2414 3423 2468 de

196 2507 437 2578 ίτχαίμου,
470 2514 568 2565 xui
593 2515 805 2579 σικύας,
837 2517 932 2570 xui.
969 2519 1333 2591 ἐγχαράξεως,
1370 2522 1465 2574 xui
1498 2520 1730 2590 βδελλῶν

1838 2516 2157 2583 sanguinem
2177 2514 2406 2569 sistente
2430 2513 2757 2567 arteriarum
2798 2509 3216 2573 medicamento,
3241 2509 3307 2562 de
3327 2522 3422 2562 eu-

194 2601 385 2672 ὲκλογῆς
405 2621 464 2657 τε
484 2606 534 2637 ⁷⁸
556 2608 654 2661 xui
676 2608 886 2680 διαίτης
914 2612 1010 2665 xui.
1044 2612 1316 2683 χρήσεως,
1356 2614 1482 2684 περί
1503 2632 1562 2667 τε
1594 2614 1733 2667 καθ-

1840 2605 2078 2668 curbita,
2139 2602 2563 2667 scarificatione,
2596 2609 2651 2656 et
2703 2599 3016 2654 ltirttdinum
3082 2595 3424 2653 delectu.De

194 2694 423 2764 αιρόντων
469 2700 803 2769 φαρμάκων,
836 2703 931 2755 xui.
984 2705 1141 2757 οἴνων
1170 2706 1521 2777 καθαρτικῶν
1544 2706 1733 2776 διαφό-

1836 2697 2012 2751 victus
2048 2694 2262 2749 ratione
2286 2702 2341 2747 et
2367 2708 2488 2758 usu,
2524 2692 2592 2747 de
2610 2691 2964 2761 purgantibus
2990 2687 3418 2751 medicamentis,

191 2789 351 2853 ρους⁷⁷
386 2791 708 2855 σκευασίας,
737 2794 833 2846 xui
873 2794 1209 2864 οἰνομέλιτος
1260 2796 1594 2868 καθαρτικοῦ
1637 2796 1733 2850 xui.

1837 2800 1893 2845 et
1920 2789 2172 2844 vinorum
2212 2786 2561 2858 purgantium
2614 2785 2764 2837 vario
2822 2790 3110 2851 apparatu.
3173 2779 3249 2833 De
3301 2793 3422 2846 pur-

190 2877 394 2932 κονδίτου
420 2882 515 2934 xui.
544 2882 840 2951 ἀψινθάτου
874 2886 967 2937 καὶ
995 2885 1244 2956 ροσάτου,
1270 2888 1363 2940 καὶ
1390 2887 1732 2958 ροδομέλιτος

1834 2892 2000 2955 gante
2054 2881 2181 2935 vino
2228 2879 2425 2942 mulso,
2508 2876 2749 2939 condito,
2804 2874 3152 2938 alisintltiato,
3211 2883 3414 2933 rosato.

186 2969 619 3042 καὶόξυμέλιτος,
655 2976 826 3045 γάρου
860 2993 919 3028 τε
979 2976 1312 3049 καθαρτικοῦ
1358 2979 1455 3032 xui.
1515 2978 1730 3049 μέλιτος

1839 2974 1993 3029 melle
2025 2986 2269 3035 rosaceo,
2305 2978 2461 3024 aceto
2514 2968 2713 3029 mulso,
2750 2965 2988 3034 itemque
3027 2965 3093 3019 de
3129 2979 3258 3035 garo
3292 2978 3424 3032 put"

182 3061 255 3112 xui
279 3064 563 3135 οἰνογάρου
597 3066 640 3097 ⁷⁸
675 3068 769 3120 xui
799 3067 1091 3135 ὀξυγάρου,
1130 3068 1317 3137 ζωμοῦ
1367 3087 1425 3122 τε
1460 3070 1731 3138 μαλακτι-

1834 3075 2015 3131 gante.
2048 3066 2124 3119 De
2155 3062 2334 3128 melle,
2374 3060 2503 3116 vino
2551 3061 2747 3125 mulso,
2779 3068 3053 3127 oxygato,
3105 3072 3165 3111 ac
3202 3055 3419 3126 jusculo

181 3150 259 3202 κοῦ
289 3154 375 3206 καὶ
406 3156 687 3224 γάλακτος
712 3157 806 3211 xui
831 3158 1028 3211 ἐλαιῶν
1053 3158 1426 3229 καθαρτικῶν,
1452 3162 1581 3231 περὶ
1605 3160 1729 3214 τού·
1760 3218 1766 3231 Α

1835 3155 2147 3211 molliente:
2179 3154 2247 3208 de
2299 3152 2462 3219 lacte,
2515 3161 2682 3219 atque
2741 3149 2902 3203 olivis
2935 3147 3310 3217 purgantibus.
3342 3145 3419 3202 De

180 3260 263 3295 των
283 3207 546 3299 ἁπάντων
575 3207 686 3317 τὴν.
722 3248 1072 3305 διδασκαλίαν
1103 3207 1357 3322 προάγει.
1387 3207 1509 3305 ’ἔτι
1528 3207 1730 3306 Γδιε-κοιλ.
1758 3219 1765 3258 1

1837 3207 2274 3319 quibus—quidem
2301 3207 2560 3300 omnibus
2591 3207 3013 3310 'praeceptiones
3039 3207 3236 3292 iradit.
3277 3234 3419 3292 Prac-

183 3336 282 3403 περὶ
303 3338 581 3392 συνθέτων
604 3338 912 3412 ὀξυπορίων
963 3342 1059 3395 xui.
1108 3342 1499 3415 καθαρτηρίων
1543 3344 1730 3416 διαφό-

1844 3356 1994 3399 terea
2023 3352 2081 3416 e_t
2133 3342 2201 3396 de
2234 3338 2549 3408 compositis
2580 3336 2770 3411 177i:
2811 3334 3089 3406 exyporis,
3142 3347 3207 3387 ac
3247 3331 3418 3389 variis

182 3441 283 3492 ρων,
313 3429 401 3483 καὶ
434 3431 759 3486 παστίλλων
785 3433 878 3486 καὶ
934 3434 1310 3505 βουκελλάτων
1350 3436 1724 3509 καθαρτικῶν.

1833 3412 2181 3505 purgatoriis,
2211 3432 2385 3501 deque
2414 3430 2665 3500 pastillis,
2685 3438 2752 3490 et
2790 3428 3105 3484 buccellatis
3138 3425 3418 3496 purganti-

180 3518 462 3593 ’Δλοηδάριά
516 3540 578 3577 τε
629 3525 935 3598 καθαρτικὰ
976 3527 1320 3599 ἀναγράφει,
1383 3530 1478 3583 καὶ
1555 3531 1729 3585 ἆλατα

1833 3526 1953 3581 bus.
1986 3523 2269 3578 Aloedaria
2300 3536 2515 3592 quoque
2543 3520 2828 3592 purgantia
2862 3519 3144 3585 describit,
3172 3515 3402 3572 similia-

185 3614 369 3683 ὁμοίως,
398 3620 495 3673 xui
529 3619 634 3684 τὰς
680 3620 723 3673 ε’
754 3622 923 3693 ἱερὰς,
970 3622 1098 3690 1568
1131 3622 1225 3695 IL]
1280 3623 1608 3695 βοηθήματά
1665 3644 1726 3681 τε

1839 3631 1938 3687 que
1964 3630 1995 3670 e
2016 3616 2149 3680 sale,
2175 3622 2232 3669 et
2257 3613 2377 3668 illas
2415 3611 2653 3681 quinque
2682 3611 2985 3665 celebratas
3029 3610 3231 3665 bieras.
3257 3608 3424 3662 Ausi-1

184 3710 273 3770 τοῖς
291 3709 509 3765 λαϐοῦσι
534 3710 600 3765 τὸ
622 3712 868 3785 καθαρτή
880 3732 993 3785 ριον
1034 3715 1125 3768 xui
1159 3715 1220 3768 οὐ
1280 3716 1722 3788 καθαιρομένοις,

1834 3708 2017 3763 liantia
2049 3720 2266 3777 quoque
2288 3705 2355 3760 iis
2389 3718 2528 3774 quos
2552 3718 2789 3774 purgans
2824 3702 3277 3758 medicamentum
3309 3717 3414 3755 non

184 3799 255 3850 xui
267 3803 365 3864 τοῖς
392 3803 537 3875 ὑπὲρ
576 3804 779 3877 μέτρον
799 3805 1105 3859 κενωθεῖσι.
1133 3805 1269 3878 Περί
1288 3824 1346 3859 τε
1367 3808 1599 3879 ἐμέτων,
1632 3810 1726 3863 xui

1832 3800 2104 3871 purgavit,
2122 3808 2215 3853 aut
2238 3797 2329 3867 qui
2350 3810 2509 3865 supra
2537 3797 2774 3861 modum,
2791 3794 3035 3850 evacuati
3058 3801 3207 3849 sunt.
3231 3792 3305 3847 De
3321 3808 3417 3847 vo-

183 3888 272 3942 τίσι
297 3891 469 3946 δοτέον
499 3894 596 3947 τὸν
627 3895 934 3967 ἐλλέϐορον,
960 3897 1056 3950 xui
1084 3897 1136 3950 τί
1168 3898 1424 3964 δύναται,
1456 3901 1551 3951 xui
1582 3901 1726 3965 τίνες

1832 3894 1988 3960 mitu,
2009 3900 2062 3947 et
2077 3891 2275 3962 quibus
2298 3890 2534 3943 dandum
2565 3888 2638 3941 sit
2657 3895 2953 3953 veratrum,
2975 3885 3104 3956 quid
3125 3885 3253 3940 illud
3285 3898 3414 3954 pos-

184 3980 291 4047 πρὺς
318 3984 473 4039 αὐτὸν
540 3988 865 4057 ἐπιτήδειοι,
920 3988 1243 4059 δοκιμασίας
1290 4007 1351 4041 τε
1411 3989 1721 4062 ἐλλεϐόρου,

1832 3982 1923 4048 sit,
1939 3998 2002 4037 ac
2023 3984 2111 4052 qui
2134 3980 2199 4035 ad
2218 3980 2535 4035 sumendum
2555 3978 2683 4046 apti.
2700 3978 2777 4031 De
2795 3977 3166 4046 exploratione
3191 3976 3411 4042 veratri,

181 4069 253 4121 xui
281 4078 735 4148 προπαρασκευὰς
755 4079 851 4132 τοῦ
894 4078 1180 4150 μέλλοντος
1209 4080 1373 4134 αὑτὸν
1403 4081 1601 4149 πίνειν,
1625 4083 1724 4147 τάς

1829 4085 1885 4131 et
1900 4075 2292 4144 praeparatione
2310 4073 2553 4129 bibituri.
2576 4074 2651 4129 De
2673 4074 2826 4128 vario
2850 4071 3071 4128 ellebori
3098 4086 3190 4125 seu
3211 4071 3412 4126 veratri

179 4173 224 4210 ts
259 4162 508 4238 διαφορὰς
564 4168 665 4237 τῆς
704 4169 797 4222 τοῦ
854 4169 1141 4240 ἐλλεϐόρου
1178 4172 1447 4243 χρήσεως,
1483 4173 1580 4227 καὶ
1624 4174 1724 4246 τὴν

1830 4183 1929 4223 usu
1954 4176 2112 4236 atque
2126 4166 2480 4232 exhibitione,
2501 4174 2554 4221 et
2568 4166 2634 4220 de
2654 4180 2782 4219 cura
2795 4179 2984 4219 eorum
3002 4163 3092 4233 qui
3118 4162 3247 4217 illud
3260 4162 3415 4217 bibe-

182 4254 282 4322 περὶ
306 4259 425 4321 τοὺς
455 4260 685 4324 πιόντας
707 4261 871 4315 αὑτὸν
906 4263 1242 4333 ἐπιμέλειαν.
1272 4264 1408 4334 Περί
1454 4281 1512 4318 τε
1541 4266 1724 4319 ἐπιθε-

1830 4270 1976 4316 runt.
2004 4261 2081 4315 De
2135 4258 2488 4328 epithematis
2528 4256 2889 4327 purgantibus
2949 4254 3319 4325 prosequitur,
3360 4261 3415 4307 et

181 4341 332 4415 μάτων
383 4351 737 4423 καθαρτικῶν
776 4353 1165 4423 διαλαμϐάνει’
1215 4354 1311 4407 xui
1378 4356 1478 4409 ὅσα
1511 4356 1618 4410 τῶν
1665 4359 1722 4410 ἐν

1829 4364 2166 4422 quazcunque
2198 4350 2251 4404 in
2281 4348 2439 4404 nobis
2459 4356 2644 4417 partes
2674 4355 3005 4417 purgentur,
3044 4354 3173 4414 puta
3202 4343 3410 4407 oculos,

180 4435 284 4503 ἡμῖν
315 4442 520 4509 μορίων
570 4444 687 4496 ἐστὶ
715 4445 1044 4517 καθαρτικὰ,
1089 4445 1384 4516 ὀφθαλμῶν
1441 4448 1583 4516 λέγω
1626 4449 1721 4502 xui

1830 4460 2012 4509 aures,
2038 4441 2372 4511 etreliquas,.
2404 4439 2478 4494 De
2536 4437 2846 4493 squimento
2876 4438 2943 4491 ad
2998 4435 3251 4491 eumdem
3286 4433 3415 4488 effe-

180 4522 301 4619 tiqu
325 4533 415 4584 xui
449 4532 562 4585 τῶν
617 4534 847 4606 ἐφεξῆς
900 4536 1027 4606 περί
1060 4554 1119 4589 τε
1156 4538 1578 4609 ὑποκαπνισμοῦ
1642 4541 1722 4602 είς
1758 4565 1765 4617 ]

1829 4547 1976 4591 ctum
2012 4534 2342 4604 pertinente,
2381 4542 2435 4587 et
2495 4532 2563 4586 de
2617 4532 2686 4585 iis
2735 4545 2857 4603 quae.
2902 4528 3083 4585 tenuia
3130 4526 3412 4589 intestina,

178 4616 251 4685 τὴν
276 4622 435 4693 αὐτὴν
458 4624 744 4695 ἐνέργειαν
776 4627 1160 4693 συντελοῦντος
1188 4646 1203 4660 ⁸
1235 4631 1331 4683 xui
1366 4632 1499 4700 περὶ
1550 4648 1724 4685 κενω-
1760 4616 1763 4617 ν

1830 4642 2117 4696 semasqne
2168 4625 2366 4695 iecoris
2406 4634 2616 4694 partes,
2673 4632 2729 4677 et
2759 4624 2844 4677 his
2878 4621 3079 4676 similia
3125 4629 3410 4674 evacuant.

178 4710 331 4773 τικῶν.
360 4713 577 4768 λεπτῶν
604 4734 661 4769 τε
692 4718 930 4789 ἐντέρων
964 4719 1060 4773 xui
1088 4720 1195 4774 τῶν
1239 4721 1419 4792 σιμῶν
1443 4721 1538 4775 τοῦ
1574 4725 1723 4794 ἧπα-

1832 4721 1905 4776 De
1938 4734 2086 4782 aere,
2122 4720 2297 4773 ventis
2362 4732 2425 4771 ac
2481 4717 2759 4770 stellarum
2794 4712 3299 4781 significationibus.
3343 4713 3414 4765 De

178 4814 245 4861 τος
275 4805 361 4857 xui
387 4806 496 4859 τῶν
518 4808 938 4880 παραπλησίων.
980 4812 1116 4884 Περί
1141 4830 1199 4866 τε
1234 4813 1413 4883 ἀέρων
1456 4815 1551 4868 xui
1593 4816 1722 4869 ἀνέ-

1829 4811 1984 4880 aquis
2017 4810 2146 4865 item
2180 4819 2235 4864 et
2257 4808 2487 4874 balneis,
2516 4807 2713 4875 partim
2748 4805 2983 4859 artiﬁcio
3026 4804 3263 4873 paratis,
3291 4819 3414 4871 par-

182 4897 372 4954 μωνκιὶ
392 4900 799 4969 ἐπισημασιῶν,
843 4903 1051 4957 ὑδάτων
1094 4921 1153 4957 τε
1184 4905 1279 4958 xui
1318 4904 1581 4976 λουτρῶν,
1607 4907 1716 4961 τῶν

1832 4897 1926 4956 tim
1959 4912 2156 4956 natura
2192 4900 2493 4971 productis.
2556 4899 2631 4953 De
2699 4898 2895 4967 frigida
2940 4895 3169 4960 lotiooe,
3238 4894 3414 4964 deque

176 4984 283 5038 τεέκ
299 4988 487 5058 τέχνης
518 4991 613 5045 xui.
644 4992 744 5045 ὅσα
774 4994 807 5063 ἡ
838 4993 1000 5061 φύσις
1046 4996 1357 5066 προήγαγε,
1413 4996 1715 5068 ψυχρολου-

1831 4996 2048 5050 insessu
2100 4994 2219 5049 solii
2273 5009 2341 5047 ex
2396 4994 2540 5058 oleo,
2577 4991 2709 5045 etde
2761 4990 2916 5043 faciei
2965 4987 3304 5057 aspersione,
3349 4988 3413 5041 de

180 5070 271 5136 σίας
290 5093 346 5129 τε
372 5081 591 5151 καὶτῆς
621 5083 701 5145 είς
736 5082 912 5136 ἔλαιον
942 5084 1259 5155 ἐμϐάσεωςο
1292 5086 1389 5140 xui
1430 5090 1557 5158 περὶ
1606 5088 1716 5141 τῶν

1831 5087 2154 5158 perfusione,
2201 5084 2616 5147 insessionibus,
2678 5082 3109 5145 ltumectatione,
3155 5090 3211 5135 et
3269 5079 3416 5133 sicco

176 5162 248 5215 τοῦ
293 5170 586 5239 προσώπου
644 5172 993 5244 κλυσμάτων,
1052 5176 1455 5247 καταιονήσεώς
1504 5196 1564 5230 τε
1614 5179 1709 5231 xui

1831 5180 2089 5234 fomento.
2138 5180 2213 5232 De
2254 5179 2422 5231 variis
2467 5175 2918 5244 cataplasmatum
2964 5173 3273 5244 generibus.
3344 5172 3416 5223 De

181 5252 550 5333 ἔγγαθίσματος
595 5266 691 5320 καὶ
737 5266 1015 5339 ἐμϐροχῆς
1071 5270 1166 5322 xui
1216 5270 1553 5340 πυριάσεως.
1615 5271 1728 5325 Καὶ

1828 5272 2083 5339 dropace,
2120 5269 2414 5340 picatioue,
2474 5268 2800 5335 sinapismo,
2863 5264 3254 5327 rubricationc,
3281 5271 3335 5316 et
3363 5262 3412 5313 in

180 5350 278 5418 περὶ
302 5352 569 5428 διαφόρων
600 5358 1111 5429 ξκαταπλασμάτων,
1170 5360 1461 5431 δροπάκων
1519 5378 1580 5417 τε
1634 5361 1728 5413 xui.

1831 5363 2028 5433 quibus
2081 5363 2152 5417 sit
2197 5360 2677 5431 metasyncriticis.
2730 5360 2847 5413 sive
2894 5359 3151 5413 humores
3202 5370 3265 5409 ex
3306 5354 3415 5407 alto

178 5441 458 5511 πιττῶσεως
484 5448 575 5502 xui
611 5450 937 5521 σιναπισμοῦ
985 5452 1080 5506 xui.
1109 5451 1398 5523 φοινιγμοῦ
1421 5469 1436 5484 ·
1488 5455 1585 5505 xui
1618 5454 1711 5505 ἐπὶ

1833 5454 2189 5507 evocantibus
2219 5452 2460 5517 auxiliis,
2499 5451 2778 5507 utendum.
2823 5447 2887 5503 Et
2940 5448 3056 5504 lucc
3100 5447 3315 5517 quidem
3352 5445 3415 5497 li-

180 5527 264 5582 τίσι
292 5537 553 5607 χρηστέον
586 5538 715 5611 [⁵292
756 5539 849 5611 11.]
898 5543 1012 5604 τοῖς
1048 5546 1561 5612 μετασυγκριτικοῖς
1596 5542 1721 5612 βοη-
1762 5538 1765 5545 “

940 5543 1012 5604 οῖς
1048 5546 1561 5612 μετασυγκριτικοῖς
1596 5542 1721 5612 βοη-
1762 5538 1769 5545 ’
1838 5546 1934 5598 bro
1965 5544 2128 5598 tertio
2155 5544 2525 5597 continentur.

179 5615 375 5688 iﬁlii-cmi.
431 5629 615 5684 Ταῦτα
650 5630 750 5701 μὲν
778 5633 870 5685 xui
895 5634 923 5685 ὁ
965 5639 1013 5703 γ’
1058 5632 1206 5704 αὐτῷ
1231 5634 1511 5687 συντάττει
1546 5635 1725 5701 λόγος.

1451 5725 1681 5780 VARUS
1712 5720 2114 5778 LECTIONES.

233 5804 273 5837 "
291 5824 344 5861 τε
376 5811 502 5867 add.
541 5816 603 5869 Α.
676 5816 721 5847 ⁷⁷
754 5816 1010 5888 διαφόρου
1072 5837 1131 5883 ς.
1211 5822 1254 5853 ⁷⁸
1280 5820 1561 5890 οἱνογάρου
1597 5822 1633 5873 Α
1685 5820 2049 5888 εοξνομέλιτος
2103 5834 2162 5880 ιτ.
