4014 6406
592 361 695 471 723

663 520 1214 591 Quartusliber,quaa
1243 521 1313 576 ad
1347 520 1602 576 tuendam
1635 521 2003 578 valetudinem
2046 538 2168 591 per-
2198 525 2245 579 Α

598 618 792 684 tinent,
834 616 1060 683 colligit.
1093 616 1420 687 Auspicatus
1458 631 1590 687 ergo
1616 618 1685 673 ab
1717 618 2009 673 infantium
2040 618 2177 673 edu-

593 709 830 772 catione,
856 709 1047 763 horum
1083 723 1205 764 cum
1237 711 1480 776 morbos,
1519 720 1633 767 tum
1662 711 1900 766 remedia
1929 708 2171 780 exponit.

592 801 721 870 Agit
751 811 804 856 et
832 804 898 855 de
934 802 1177 856 omnium
1222 811 1441 857 aetatum
1489 818 1552 857 ac
1587 804 1961 858 conditionum
1997 804 2174 859 victus

594 895 825 948 ratione.
852 893 927 948 De
958 894 1205 948 carnium
1233 892 1362 948 item
1396 894 1780 961 diminutione,
1810 904 1865 948 et
1892 894 2173 964 gracilium

593 985 1012 1041 insmuratione.
1045 984 1120 1040 De
1171 986 1491 1042 lassitudine
1540 987 1608 1043 ab
1662 986 2172 1049 exercitationibus,

594 1077 767 1145 deque
794 1075 953 1145 hujus
986 1074 1345 1143 differentiis;
1372 1077 1438 1133 de
1464 1092 1525 1131 ea
1555 1078 1839 1147 item,quae
1869 1092 1935 1131 ex
1960 1075 2175 1131 Venere

593 1169 791 1234 oritur,
821 1168 1045 1235 etcujus
1077 1184 1245 1225 causa
1289 1170 1597 1240 ignoratur,
1626 1185 1786 1237 quam
1834 1179 2173 1239 spontaneum

590 1259 898 1315 nominant.
953 1260 1069 1327 Qua
1114 1275 1243 1315 cura
1300 1262 1366 1316 ad
1416 1264 1722 1317 coctionem
1785 1261 2042 1316 utendum
2079 1263 2171 1326 sit,

593 1361 651 1405 et
686 1353 753 1405 de
772 1352 1013 1407 densata:
1043 1354 1184 1409 cutis
1208 1353 1517 1422 curatione,
1543 1364 1705 1423 atque
1728 1353 1795 1406 de
1817 1364 2053 1409 :estuoso
2083 1370 2174 1408 ar-

604 1442 736 1497 dore
767 1451 820 1497 et
853 1442 1105 1498 frictione
1140 1453 1467 1513 opportuna.
1506 1444 1582 1499 De
1635 1446 1928 1509 cruditate,
1958 1463 2023 1502 ac
2051 1462 2174 1502 cra-

590 1533 736 1603 pula,
766 1542 820 1588 et
854 1535 1049 1604 aequali
1084 1542 1475 1604 temperatura.
1515 1533 1720 1604 Optimi
1748 1548 2009 1604 praeterea
2036 1548 2175 1592 tem-

591 1627 891 1693 peramenti
927 1625 1287 1693 dinotionem,
1324 1636 1381 1683 et
1435 1628 1597 1683 calidi
1650 1629 2013 1700 aliorumque,
2049 1646 2171 1685 cum

590 1717 945 1785 simplicium,
978 1726 1091 1771 tum
1134 1720 1559 1788 compositorum
1614 1728 2171 1788 temperamentorum

590 1818 746 1861 notas
770 1809 953 1878 (idque
995 1824 1103 1863 non
1140 1809 1303 1865 modo
1348 1811 1593 1879 corporis
1631 1811 1819 1877 totius,
1872 1812 1965 1866 sed
1999 1821 2053 1865 et
2079 1826 2172 1866 ca-

590 1901 718 1969 pitis
744 1903 975 1968 cerebri,
1007 1904 1235 1969 ventris,
1284 1904 1492 1968 cordis,
1515 1903 1745 1973 jecoris,
1785 1918 1848 1959 ac
1882 1902 2167 1960 testiculo-

593 1994 739 2063 rum)
770 1996 962 2050 edocet
996 1996 1339 2068 :borumque
1374 1998 1636 2063 omnium,
1682 1998 1728 2053 si
1763 1998 1906 2055 forte
1938 2014 1968 2053 a
2011 2010 2171 2055 natu-

596 2088 695 2144 rali
733 2100 876 2144 statu
917 2088 1262 2157 deﬂexerint,
1296 2094 1537 2148 remedia
1572 2094 1743 2165 ponit.

663 2355 894 2421 Quintus
922 2357 1064 2412 Aetii
1107 2356 1267 2419 liber,
1322 2358 1387 2413 de
1416 2360 1641 2424 morbis,
1675 2370 1730 2415 et
1774 2362 1827 2415 in
1881 2361 2071 2430 primis
2106 2364 2172 2420 de

592 2448 835 2502 febribus
875 2449 1157 2517 disputat,
1199 2450 1396 2520 178a
1450 2467 1679 2521 quorum
1728 2454 1904 2519 signa,
1955 2469 2170 2522 praeno-

594 2539 792 2603 tiones,
821 2537 1151 2603 dinotiones,
1195 2542 1508 2596 curationes
1545 2542 1837 2610 diligenter
1885 2560 2016 2598 sane
2050 2562 2173 2614 per-

593 2639 812 2694 tractat,
842 2640 897 2685 et
923 2646 1261 2702 quaecunque
1308 2643 1570 2701 prmterea
1605 2636 1671 2687 ad
1717 2634 1854 2688 hanc
1906 2636 2169 2692 medicam

590 2722 1106 2791 contemplationem
1143 2732 1393 2793 spectant
1435 2726 1745 2792 :quodnam
1804 2726 1977 2780 morbi
2022 2729 2173 2797 prin-

590 2813 788 2881 ripium
819 2815 889 2868 sit
915 2812 1292 2883 judicandum,
1339 2815 1713 2883 trifariamque
1740 2816 2011 2872 illuddici.
2043 2820 2173 2885 Quae

591 2907 718 2962 item
752 2907 992 2963 accessio
1040 2906 1238 2971 morbi,
1274 2922 1501 2976 quasque
1534 2909 1785 2963 remiSsio
1818 2928 1830 2963 :
1860 2910 2014 2980 vigor
2042 2910 2169 2966 item

589 3008 754 3065 atque
781 2998 1093 3062 declinatio,
1134 3014 1254 3053 cum
1287 3000 1533 3068 partialis
1602 3000 1777 3054 morbi
1836 3002 2166 3061 accessione.

590 3101 701 3143 tum
728 3092 975 3158 corporis
1000 3091 1262 3146 universi.
1298 3092 1428 3157 Quae
1445 3092 1553 3146 sint
1584 3094 1838 3148 sanitatis
1870 3094 2047 3163 signa,
2086 3095 2169 3149 vel

1716 406 1944 469 PHOTI
1952 407 1979 468 Ι
2015 408 2170 467 ΡΑΤὶ

2272 405 2520 467 lRCHIE
2558 405 2669 466 (ΞΡ.
3732 398 3817 467 Ἷὲί

2352 520 2409 573 Ὀ
2438 520 2495 573 δὲ
2528 519 2571 572 δ’
2599 516 2921 587 συναγωγήν
2953 531 3014 569 τε
3036 513 3145 567 τῶν
3173 510 3430 581 ὑγιεινῶν
3458 512 3711 584 περιέχει,
3732 516 3816 585 ἀρ-

2279 611 2506 683 χόμενος
2539 610 2647 664 ἀπὸ
2673 610 2773 680 τῆς
2818 606 2915 661 τοῦ
2946 606 3181 680 βρέφους
3216 605 3448 674 διαίτης,
3508 603 3577 659 τά
3628 622 3684 658 τε
3713 608 3820 675 περὶ

2278 705 2340 759 τὸ
2370 703 2571 774 βρέφος
2605 700 2754 771 πάθη
2809 700 2905 754 καὶ
2955 699 3055 764 τὰς
3113 697 3417 769 θεραπείας
3461 695 3694 762 διέξεισι,
3739 697 3820 750 καὶ

2280 800 2406 864 περὶ
2433 798 2647 867 διαίτης
2672 794 2865 849 πασῶν
2886 794 2993 847 τῶν
3020 791 3248 863 ἡλικιῶν
3285 791 3382 844 καὶ
3432 789 3541 843 τῶν
3577 790 3821 861 διαφόρων

2281 888 2434 959 βίων,
2468 888 2688 958 σαρκῶν
2711 903 2770 938 τε
2799 884 3182 954 καθαιρέσεως
3211 883 3304 936 καὶ
3360 881 3557 944 ἐνδεῶς
3611 883 3823 952 ἐχουσῶν

2277 979 2599 1049 ἀναλήψεως
2625 994 2639 1008 ·
2675 977 2806 1047 περὶ
2831 993 2891 1028 τε
2916 974 3102 1027 κόπων
3129 972 3238 1026 τῶν
3267 973 3360 1026 ἐπὶ
3389 972 3723 1042 γυμνασίοις,
3745 973 3823 1024 καὶ

2275 1072 2375 1142 τῆς
2405 1071 2673 1139 διαφορᾶς
2697 1066 2901 1132 αὐτῶν,
2930 1067 3027 1121 καλ⁵
3049 1064 3145 1120 τοῦ
3196 1064 3255 1130 ἐξ
3285 1063 3617 1136 ἀφροδισίων
3656 1064 3822 1127 κόπου,

2275 1162 2504 1219 καὶτῶν
2533 1161 2728 1232 ἄδηλον
2760 1160 2995 1231 ἑχόντων
3038 1157 3135 1229 τὴν
3166 1157 3346 1211 αἰτίαν
3384 1157 3591 1220 κόπων,
3627 1155 3711 1219 οὓς
3754 1154 3824 1206 λέ-

2274 1274 2464 1327 γουσιν
2500 1251 2908 1324 αὐτομάτους-ο
2953 1250 3086 1305 ποία
3113 1267 3172 1303 τε
3227 1247 3520 1319 ἐπιμέλεια
3568 1248 3697 1317 πρὸς
3741 1247 3824 1310 τὰς

2275 1348 2470 1419 πέψεις
2507 1345 2782 1418 χρησίμη,
2861 1342 2957 1397 καὶ
3009 1339 3104 1395 τοῦ
3155 1339 3539 1403 πυκνωθέντος
3588 1339 3823 1409 δέρματος

2276 1440 2566 1513 θεραπεία,
2596 1439 2690 1493 καὶ
2727 1437 2858 1508 περὶ
2913 1434 3255 1506 ὲγκαύσεως,
3293 1434 3390 1487 καὶ
3438 1433 3571 1504 περὶ
3614 1433 3825 1503 τρίψεως

2274 1533 2556 1603 εὐκαίρου,
2576 1529 2820 1601 ἀπεψίας
2862 1546 2921 1583 τε
2964 1527 3061 1583 καὶ
3101 1526 3419 1600 κραιπάλης
3466 1526 3564 1579 καὶ
3614 1524 3823 1594 ὁμαλοῦς

2273 1623 2610 1693 δυσκρασίας
2642 1637 2656 1649 ’
2697 1620 2929 1692 ἀρίστης
2983 1636 3044 1671 τε
3096 1618 3350 1689 κράσεως
3398 1616 3697 1670 ἐκδιδάσκει
3727 1615 3824 1677 διά-

2275 1733 2501 1786 γνωσιν,
2560 1715 2656 1768 καὶ
2703 1712 2914 1785 θερμῆς
2960 1710 3345 1780 γνωρίσματα,
3384 1709 3481 1762 καὶ
3527 1706 3632 1761 τῶν
3676 1706 3824 1761 ἄλλων

2276 1807 2665 1878 ἁπλουστέρων
2711 1822 2772 1858 τε
2803 1804 2896 1858 καὶ
2942 1802 3214 1857 συνθέτων
3246 1802 3525 1873 κράσεων,
3579 1800 3673 1871 οὐχ
3720 1799 3824 1852 ὅλου

2280 1903 2443 1973 μόνον
2481 1898 2579 1952 τοῦ
2604 1897 2652 1931 ⁷⁸
2691 1896 2966 1968 σώματος,
2998 1895 3135 1949 άλλά
3174 1893 3270 1948 καὶ
3293 1893 3542 1963 κεφαλῆς
3569 1894 3660 1945 καὶ
3683 1893 3821 1961 ἐγκε-

2276 1994 2448 2066 φάλου
2475 1993 2571 2046 καὶ
2602 1989 2839 2061 γαστρὸς
2865 1988 2960 2042 καὶ¹
2989 1987 3295 2057 πνεύμονος
3328 1986 3425 2039 καὶ
3472 1984 3692 2053 καρδίας
3738 1983 3819 2035 καὶ

2274 2088 2485 2159 ἥπατος
2518 2084 2615 2139 καὶ
2652 2083 2883 2154 ὄρχεων,
2934 2080 3029 2134 καὶ
3083 2080 3184 2149 τῆς
3210 2077 3419 2131 τούτων
3454 2076 3699 2131 ἁπάντων
3733 2074 3822 2129 ἀπὸ

2271 2180 2372 2251 τῆς
2402 2176 2499 2232 τοῦ
2536 2176 2677 2231 κατά
2708 2174 2873 2244 φύσιν
2913 2174 2994 2236 είς
3018 2172 3080 2227 τδ
3113 2169 3267 2242 παρὰ
3296 2170 3463 2241 φύσιν
3496 2166 3824 2241 παρατροπῆς

2276 2272 2505 2344 ἰάματα.

2357 2364 2416 2418 '0
2438 2362 2495 2416 δὲ
2524 2369 2565 2416 ε’
2591 2360 2740 2431 αὐτῷ
2772 2360 2931 2430 λόγος
2961 2359 3091 2430 περὶ
3122 2355 3450 2427 νοσημάτων
3475 2351 3821 2422 διαλαμϐάνει,

2274 2458 2371 2511 καὶ
2404 2456 2511 2527 πρὸ
2546 2455 2657 2509 τῶν
2708 2453 2886 2508 ἄλλων
2931 2451 3060 2522 περὶ
3120 2448 3453 2518 πυρετωδῶν
3509 2444 3820 2515 νοσημάτων,

2273 2551 2373 2612 τάς
2398 2565 2457 2602 τε
2488 2546 2816 2619 σημειώσεις
2845 2544 3027 2598 αὐτῶν
3071 2543 3166 2596 καὶ
3197 2538 3541 2611 προγνώσεις
3599 2538 3685 2591 καὶ
3725 2534 3823 2588 δια-

2273 2640 2508 2709 γνώσεις
2542 2640 2637 2694 καὶ
2665 2638 2965 2709 θεραπείας
3013 2637 3073 2690 οὐ
3109 2635 3411 2707 παρέργως
3459 2630 3702 2699 ἐπεξιὼν,
3745 2628 3823 2681 καὶ

2274 2734 2373 2787 ὅσα
2401 2734 2537 2788 ἄλλα
2557 2733 2602 2765 ⁸⁰
2633 2732 2771 2803 πρὸς
2801 2733 2899 2802 τὴν
2947 2728 3199 2802 ίατρικὴν
3228 2728 3437 2798 ταύτην
3471 2723 3692 2795 Θεωρίαν
3712 2738 3821 2774 συν-

2271 2828 2455 2882 τελεῖ·
2494 2827 2615 2880 τίνα
2642 2842 2701 2878 τε
2734 2824 2815 2878 δεῖ
2841 2824 2935 2878 τοῦ
2959 2824 3264 2893 νοσήματος
3294 2820 3474 2891 ἀρχὴν
3520 2819 3710 2886 λέγειν,
3742 2814 3819 2866 καὶ

2272 2923 2354 2975 ὅτι
2384 2918 2587 2990 τριχῶς
2613 2918 2855 2987 λέγεται.
2893 2915 3005 2970 Καὶ
3033 2916 3119 2979 τίς
3148 2916 3176 2968 ό
3203 2912 3583 2984 παροξυσμὸς,
3616 2910 3703 2963 καὶ
3751 2906 3820 2969 τίς

2271 3016 2304 3084 ἡ
2337 3015 2523 3078 ἄνεσις
2552 3013 2646 3067 καὶ
2672 3014 2704 3083 ἡ
2735 3010 2889 3083 ἀκμὴ
2927 3010 3070 3081 καὶὴ
3104 3008 3386 3078 παρακμὴ
3402 3005 3496 3060 τοῦ
3533 3022 3590 3058 τε
3627 2999 3823 3072 μερικοῦ

2272 3102 2630 3176 παροξυσμοῢ
2660 3102 2759 3156 καὶ
2783 3102 2908 3155 ὅλου
2929 3099 3025 3154 τοῦ
3066 3099 3319 3169 σώματος
3338 3113 3352 3128 ·
3389 3096 3512 3150 τίνα
3570 3112 3625 3147 τε
3655 3092 3825 3162 σημεῖα

592 3182 780 3234 mortis
812 3180 866 3235 in
894 3189 1193 3249 aegrotante
1221 3197 1235 3235 :
1261 3191 1313 3235 et
1336 3196 1584 3249 quaenam
1605 3180 1813 3251 'horunt
1837 3181 2047 3237 tardius
2078 3194 2168 3238 aut

2278 3196 2553 3267 σωτηρίας
2575 3194 2669 3249 τοῦ
2692 3192 2994 3257 νοσοῦντος,
3016 3191 3114 3249 καὶ⁹
3165 3191 3287 3245 τίνα
3320 3188 3572 3261 ὀλέθρια,
3620 3186 3737 3240 ποῖά
3776 3198 3823 3233 τε

589 3272 753 3326 citius
783 3272 868 3326 vel
920 3274 1097 3325 medio
1130 3272 1312 3333 modo,
1347 3272 1413 3324 ad
1455 3272 1743 3326 sanitatem
1772 3273 1854 3327 vel
1886 3273 2163 3327 interitum

587 3366 866 3433 pertinere
894 3363 1233 3430 iudicentur.
1274 3363 1347 3416 De
1383 3365 1635 3431 pulsuum
1669 3364 1842 3433 signis
1885 3376 1940 3419 et
1974 3366 2163 3419 urina-

590 3472 706 3507 rum
742 3455 1018 3509 dinotione
1049 3473 1061 3508 :
1091 3471 1153 3509 ac
1199 3456 1328 3524 quid
1361 3456 1473 3510 haec
1514 3457 1815 3527 designent.
1850 3458 1926 3512 De
1977 3473 2167 3512 excre-

590 3555 894 3600 mentorum
935 3548 1098 3613 notis,
1127 3548 1470 3617 vomitusque
1505 3549 1843 3616 prtenotione
1892 3565 1956 3604 ac
2000 3550 2166 3617 Signi-

588 3636 857 3693 licatione.
918 3636 992 3689 De
1050 3639 1327 3707 sanguinis
1387 3654 1417 3694 e
1474 3641 1701 3695 naribus
1747 3641 2051 3707 eruptione.
2110 3652 2166 3695 et

588 3726 836 3805 ninliebri
858 3728 1197 3801 purgatione.
1226 3729 1298 3784 De
1315 3731 1456 3786 notis
1479 3732 1689 3786 criticis
1715 3732 1975 3786 sudorum
1999 3740 2165 3799 atque

586 3822 935 3893 abscessuum
973 3839 989 3878 :
1028 3833 1081 3877 et
1106 3823 1170 3877 de
1206 3824 1405 3879 indicio
1432 3839 1463 3880 e
1508 3836 1688 3894 sputo.
1732 3824 1995 3880 Medicum
2029 3841 2166 3895 prae—

590 3923 735 3976 terea
763 3912 899 3967 bene
937 3914 1174 3983 peritum
1210 3917 1579 3986 cogniturum,
1614 3915 1904 3971 morbusne
1925 3915 2165 3985 perfecte

588 4004 796 4058 solutus
826 4005 918 4069 sit,
952 4020 1157 4083 annon,
1199 4008 1414 4079 etiamsi
1452 4007 1589 4066 forte
1620 4007 1827 4063 solutus
1876 4008 2161 4063 videatur:

585 4094 726 4147 diem
744 4096 906 4150 etiam
935 4109 1099 4167 atque
1131 4095 1265 4151 adeo
1293 4097 1507 4165 horam,
1543 4114 1647 4167 qua
1671 4099 1743 4153 sit
1777 4109 2013 4169 aegrotus
2049 4112 2164 4152 mo-

588 4184 811 4237 riturus.
836 4182 912 4239 De
935 4185 1291 4255 popularibus
1312 4196 1366 4240 et
1400 4187 1783 4241 communibus
1810 4203 1873 4242 ac
1892 4187 2164 4256 pestiferis

588 4276 795 4331 morbis
834 4264 1113 4345 tractatio,
1146 4291 1203 4333 et
1234 4282 1300 4334 de
1328 4280 1394 4335 iis
1427 4281 1520 4349 qui
1552 4281 1719 4335 variis
1747 4296 1813 4335 ex
1843 4281 2022 4335 causis
2039 4296 2164 4351 syn-

584 4384 715 4437 cope
748 4370 1135 4441 corripiuntur,
1158 4372 1335 4443 deque
1374 4373 1539 4425 animi
1575 4372 1832 4441 deliquio,
1876 4372 2018 4438 quod
2073 4388 2162 4425 va-

584 4460 680 4512 riis
703 4461 829 4514 item
865 4476 931 4515 ex
965 4464 1151 4528 causis
1185 4464 1445 4521 animanti
1474 4448 1713 4519 obvenit.
1741 4464 1813 4517 De
1843 4464 2161 4518 febricitan-

2273 3287 2455 3341 αὑτῶν
2492 3285 2711 3359 βράδιον
2741 3284 2776 3355 ἢ
2810 3285 2995 3356 τάχιον
3036 3284 3068 3355 ἢ
3106 3283 3193 3337 διὰ
3242 3282 3336 3335 τοῦ
3394 3283 3559 3353 μέσου
3613 3278 3823 3348 κρίνεται

2275 3379 2415 3451 πρὸς
2440 3378 2539 3448 τὴν
2564 3376 2756 3446 ὑγείαν
2811 3376 2845 3446 ἢ
2874 3376 2968 3430 καὶ
2993 3376 3131 3446 πρὸς
3188 3374 3279 3429 τὸν
3311 3374 3571 3428 θάνατον.
3628 3367 3747 3438 Περί
3774 3382 3821 3417 τε

2275 3469 2548 3541 σφυγμῶν
2580 3468 2936 3540 σημειώσεως
2988 3468 3082 3523 καὶ
3112 3466 3290 3539 οὕρων
3336 3464 3697 3535 διαγνώσεως,
3746 3458 3824 3512 καὶ

2271 3560 2325 3614 τί
2348 3559 2571 3631 δηλοῦσι
2596 3559 2772 3614 ταῦτα
2804 3575 2819 3591 ⁶
2849 3560 2944 3612 καὶ
2977 3558 3109 3630 περὶ
3123 3558 3372 3630 διαχωρη
3386 3557 3572 3629 μάτων
3608 3548 3821 3624 σημειώ-

2273 3669 2413 3715 σεως
2434 3652 2645 3722 ἐμέτων
2672 3669 2733 3705 τε
2762 3648 3144 3723 προγνώσεως,
3175 3650 3270 3705 καὶ
3295 3650 3403 3719 τῆς
3450 3650 3507 3716 ἐξ
3537 3646 3706 3702 αὐτῶν
3740 3659 3821 3708 ση⁴

2279 3745 2564 3815 μειώσεως
2597 3759 2612 3774 ⁶
2638 3742 3012 3815 αίμορῤαγίας
3040 3760 3100 3795 τε
3140 3745 3205 3796 ὲκ
3245 3741 3437 3813 ῥινῶν,
3471 3741 3565 3794 καὶ
3613 3739 3704 3806 τῆς
3744 3751 3823 3800 γυ-

2272 3836 2518 3900 ναικείας
2566 3835 2928 3905 καθάρσεως·
2997 3833 3126 3905 περί
3174 3850 3235 3893 τε
3273 3832 3388 3885 τῶν
3453 3827 3705 3900 κριτικῶν
3746 3840 3822 3890 ση-

2275 3928 2443 3997 μείων
2463 3926 2575 3981 τῶν
2607 3927 2750 3980 κατὰ
2765 3927 2892 3989 τοὺς
2927 3924 3158 3995 ἱδρῶτας
3201 3922 3296 3977 καὶ
3340 3922 3447 3986 τὰς
3503 3917 3819 3976 ἀποστάσεις.

2270 4018 2369 4072 καὶ
2398 4016 2501 4087 τῆς
2527 4016 2637 4071 ἀπὸ
2675 4015 2787 4070 τῶν
2806 4015 3051 4069 πτυέλων
3085 4013 3519 4086 τεκμηριώσεως
3540 4028 3554 4043 ⁸
3587 4010 3678 4065 καὶ
3708 4004 3822 4061 ὅτιύ

2270 4109 2494 4180 ἀριστος
2524 4108 2709 4179 ἰατρὸς
2730 4108 2939 4162 εἴσεται
2963 4110 3011 4162 εί
3036 4107 3271 4178 βεϐαίως
3301 4108 3363 4161 τὸ
3395 4108 3607 4178 νόσημα
3632 4101 3819 4160 λέλυται

2271 4203 2364 4255 καὶ
2396 4202 2445 4253 εί
2479 4200 2554 4272 μὴ
2570 4201 2813 4266 λέλυται,
2839 4200 2945 4254 κᾶν
2986 4200 3116 4271 δοκῇ
3136 4201 3205 4266 ⁸⁸,
3237 4200 3338 4271 τήν
3396 4217 3457 4253 τε
3513 4197 3714 4268 ἡμέραν
3743 4192 3820 4244 καὶ

2270 4293 2419 4364 ὥραν
2441 4294 2500 4347 ὲν
2587 4294 2617 4345 ὁ
2648 4293 2822 4346 νοσῶν
2843 4292 2935 4345 τὸν
2969 4292 3085 4362 βίον
3112 4291 3426 4361 ἀπολείψει.
3459 4290 3585 4363 [569
3609 4278 3822 4357 Β.]Περί

2268 4400 2329 4436 τε
2357 4382 2656 4453 πανδήμων
2690 4383 2787 4435 καὶ
2821 4382 3104 4452 έπιδήμων
3148 4382 3244 4436 καὶ
3274 4381 3563 4451 λοιμωδῶν
3609 4372 3821 4443 νοσημά-

2268 4492 2378 4528 των
2404 4475 2622 4529 ἔκθεσιν
2656 4476 2916 4540 ποιεῖτα.,
2948 4475 3045 4528 καὶ
3098 4475 3229 4547 περὶ
3261 4474 3371 4528 τῶν
3397 4474 3537 4529 κατὰ
3567 4470 3819 4539 διαφόρους

583 4552 716 4603 tium
774 4554 990 4629 capitis,
1040 4556 1276 4621 aurium,
1354 4564 1515 4624 atque
1595 4558 1877 4612 oculorum
1952 4554 2158 4621 dolore,

2272 4568 2451 4631 αίτίας
2473 4568 2962 4638 συγκοπτομένων,
2994 4568 3089 4621 καὶ
3121 4567 3251 4640 περὶ
3280 4568 3383 4637 τῆς
3404 4566 3545 4621 κατά
3566 4562 3819 4631 διαφόρους

582 4644 875 4710 insomnia,
921 4648 1145 4703 luminis
1173 4649 1540 4713 bebetatioue,
1574 4664 1639 4703 ac
1671 4652 1736 4703 de
1770 4665 1956 4703 eurum
2005 4664 2161 4704 curn~

583 4740 728 4790 tione
749 4739 947 4813 quibus
964 4740 1282 4809 sanguinem
1310 4756 1403 4819 per
1418 4756 1575 4793 nares
1608 4742 1659 4794 in
1685 4739 1926 4793 febribus
1952 4738 2171 4817 elﬂuere

580 4828 871 4897 contingit,
899 4838 954 4882 et
986 4830 1256 4896 quomodo
1300 4830 1371 4883 sit
1427 4830 1817 4898 providendum
1850 4828 2167 4885 febricitan-

583 4918 746 4973 tibus.
780 4918 857 4974 De
884 4920 1088 4983 vesica,
1143 4919 1312 4973 urinae
1356 4918 1689 4983 difﬁcultate,
1719 4920 2022 4975 lumborum
2063 4922 2163 4975 do-

580 5010 811 5075 loribus,
846 5012 913 5067 de
962 5012 1342 5081 ulceratojam
1392 5027 1517 5067 osse
1563 5025 1742 5075 sacro,
1799 5027 1862 5065 ac
1912 5011 2159 5074 testibus,

580 5110 634 5165 et
674 5116 798 5155 ano.
837 5101 911 5156 De
970 5101 1202 5172 pustulis
1238 5117 1334 5168 per
1373 5110 1542 5154 tolum
1575 5118 1772 5172 corpus
1802 5100 2039 5175 diffusis,
2072 5104 2159 5156 vel

581 5198 633 5253 in
660 5180 907 5265 corporis
939 5207 1093 5267 parte
1121 5196 1285 5259 natis,
1306 5209 1370 5250 ac
1404 5199 1470 5251 de
1494 5198 1841 5262 tremoribus,
1868 5208 1921 5252 et
1947 5199 2162 5252 convul-

578 5272 847 5343 sionibus.
884 5288 1093 5365 Quibus
1128 5287 1259 5340 item
1298 5287 1481 5342 dulces
1527 5288 1777 5359 potiones
1820 5289 1873 5343 in
1922 5286 2161 5345 febribus

580 5382 815 5434 maxime
848 5379 1013 5435 utiles
1045 5378 1177 5461 sint,
1212 5378 1516 5447 praescribit
1538 5366 1555 5434 ἰ
1596 5380 1777 5461 ibique
1823 5379 1960 5461 liber
2005 5381 2162 5449 quin-

581 5482 665 5525 tus
700 5473 924 5528 desinit.

579 5567 890 5635 σπασμῶν
922 5560 1005 5631 οἷς
1055 5567 1277 5638 πόματα
1332 5567 1463 5638 ἡδέα
1516 5568 1658 5625 κατὰ
1702 5572 1827 5633 τοὺς
1884 5573 2149 5641 πυρετοὺς
2202 5591 2240 5643 μ

574 5652 675 5711 καὶ
695 5658 724 5709 ὁ
756 5655 795 5711 ε’
820 5658 999 5728 λόγος.

2267 4660 2447 4723 αἰτίας
2471 4660 2976 4732 ἐπισυμδαινούσης
2995 4660 3073 4731 τῷ
3094 4658 3219 4729 ζώῳ
3239 4659 3619 4722 λειποθυμίας,
3635 4647 3747 4720 περί
3766 4661 3815 4697 τε

2265 4751 2366 4820 τῆς
2420 4754 2478 4805 ἐν
2509 4755 2765 4823 πυρετοῖς
2811 4752 3184 4823 κεφαλαλγίας
3247 4752 3341 4803 καὶ
3389 4747 3685 4822 ἀγρυπνίας
3738 4743 3817 4792 καὶ

2266 4842 2547 4912 ὼταλγίας
2574 4843 2667 4897 καὶ
2702 4844 3009 4916 ὀφθαλμίας
3035 4844 3129 4897 καὶ
3167 4841 3565 4914 ἀμαυρώσεως,
3613 4833 3698 4889 καὶ
3742 4827 3812 4895 ἐφ’

2268 4918 2343 4988 ὧν
2379 4935 2613 5006 αἵματος
2668 4935 2824 5008 ῥύσις
2858 4938 2918 4990 ὲν
2944 4938 3198 5007 πυρετοῖς
3242 4933 3547 5005 συμϐαίνει,
3585 4932 3675 4997 τῆς
3708 4919 3813 4975 τού-

2266 5038 2375 5075 των
2408 5022 2839 5093 ἁποθεραπείας,
2875 5025 3027 5088 ὅπως
3058 5041 3119 5077 τε
3166 5022 3494 5095 προνοητέον
3539 5016 3673 5073 κατά
3706 5011 3812 5071 τοὺς

2267 5116 2537 5185 πυρετοὺς
2563 5115 2808 5179 κύστεώς
2836 5134 2894 5170 τε
2929 5118 3024 5170 καὶ
3045 5116 3357 5188 δυσουρίας,
3413 5113 3507 5169 καὶ
3547 5110 3647 5165 τῶν
3704 5099 3812 5170 περὶ

2264 5207 2438 5275 ὀσφὺν
2460 5208 2796 5279 ἀλγημάτων
2829 5209 3161 5273 έλκωθέντος
3211 5210 3305 5262 τοῦ
3342 5208 3486 5279 ἱεροῦ
3530 5200 3678 5258 ὀστοῦ
3730 5193 3811 5247 καὶ

2269 5296 2462 5367 ὀσχέου
2495 5298 2598 5372 “ﬂ
2630 5301 2939 5356 Samnitico.
2971 5303 3082 5355 Καὶ
3117 5303 3244 5373 περὶ
3278 5299 3659 5372 ἐξανθημάτων
3708 5285 3811 5344 καθ’

2269 5388 2391 5443 ὅλον
2421 5390 2483 5444 τὸ
2504 5380 2662 5462 σῶμα
2687 5394 2720 5465 ἦ
2758 5393 2850 5447 καὶ
2875 5394 3019 5447 κατὰ
3041 5394 3171 5465 [295
3197 5394 3291 5467 IL]
3324 5394 3487 5465 μέρος
3522 5381 3813 5459 συμϐαινόν-

2270 5496 2380 5532 των
2430 5484 2571 5535 κατά
2598 5467 2728 5547 τοὺς
2777 5487 3047 5555 πυρετοὺς
3065 5484 3137 5551 ⁸³,
3192 5485 3448 5555 καὶπερὶ
3494 5482 3698 5552 τρόμων
3732 5468 3811 5525 καὶ

2246 5574 2437 5630 άλιστα
2500 5579 2906 5650 χρησιμεύοντα
2959 5583 3265 5636 συντάττει.
3319 5581 3406 5634 Ἐν
3481 5576 3648 5645 τούτῳ
3726 5564 3808 5638 μὲν

1902 5750 2137 5829 vatum
2173 5751 2577 5833 LECTIONES.

649 5841 693 5871 ⁷⁹
723 5839 816 5894 τοῦ
849 5841 973 5899 add.
1004 5843 1069 5898 A.
1147 5843 1192 5877 ⁸ο
1219 5843 1355 5899 ἄλλα
1392 5845 1515 5901 add.
1548 5846 1613 5902 A.
1706 5848 1746 5880 ⁸¹
1785 5847 1959 5902 δοκεῖν
2019 5864 2077 5911 ς.
2157 5848 2425 5919 ⁸²ὀσχέων
2454 5866 2512 5911 ς.
2568 5850 2640 5924 Ὶ⁸³
2675 5865 2814 5904 κατα
2840 5851 2963 5914 τοὺς
3003 5852 3269 5923 πυρετοὺς
3320 5849 3443 5907 add.
3482 5848 3543 5901 Α.
