4014 6456
506 424 612 492 ἠτ

1672 420 1933 481 PHUTII
1972 412 2477 478 PATRIARCH/E
2515 411 2628 470 ΟΡ.

3651 399 3770 461 79.8

509 537 723 596 nancbe
762 538 816 596 in
841 538 1092 596 faucibus
1120 538 1479 595 consistentes
1508 535 1680 590 morbi
1708 549 1722 585 :
1753 534 1861 588 imo
1885 540 1939 585 et
1963 540 2083 583 tou-

2208 525 2285 578 ιαὶ
2310 526 2343 594 ή
2398 522 2647 591 κυνάγχη
2711 520 2805 573 καὶ
2866 518 3132 588 συνάγχη,
3183 517 3314 586 περὶ
3367 511 3460 568 τὸν
3505 512 3779 579 φάρυγγα

506 632 745 687 sillarum
780 639 1018 687 tumores
1049 630 1428 701 suprascriptis
1449 628 1730 683 accedunt.
1763 624 1929 680 Docet
1959 622 2084 675 item

505 737 612 793 qua
638 722 847 779 ratione
884 722 1079 792 179a
1096 722 1434 793 strangulati,
1469 720 1702 775 nondum
1733 728 1911 769 tamen
1944 727 2089 767 mor-

511 811 609 873 tui,
641 809 941 865 refocillari
972 810 1218 877 possint,
1245 818 1356 863 tum
1391 809 1459 863 de
1488 808 1810 861 arteriarum
1840 800 2085 855 aﬂectio-

508 901 671 956 nibus
706 916 771 956 ac
797 902 1051 957 remediis
1078 902 1336 970 disputat.
1391 900 1466 954 De
1495 901 1752 953 catharro
1786 907 2002 964 quoque
2024 905 2089 946 ac

510 994 644 1047 tussi
666 1008 854 1064 agens,
884 994 1177 1063 pbarmaca
1209 992 1371 1047 simul
1403 990 1571 1046 tussis
1590 988 1829 1043 dolorem
1854 982 2089 1039 levantia

506 1084 801 1151 describit,
832 1101 953 1140 cum
973 1085 1330 1141 suﬂitionibus
1356 1094 1410 1138 et
1426 1080 1792 1152 epithematis.
1815 1077 1889 1131 De
1908 1074 2093 1131 ortho-

507 1176 712 1241 pnoicis
727 1176 984 1245 posthaec,
1000 1176 1355 1241 ctanhelosis,
1374 1188 1620 1244 aegreque
1646 1171 1891 1240 spiritum
1904 1169 2096 1221 ducen-

510 1264 651 1320 tibus
682 1265 938 1331 disserit,
995 1282 1060 1323 ac
1096 1269 1162 1322 de
1196 1266 1634 1336 palpitationibus
1689 1262 1832 1316 circa
1875 1274 1990 1315 cor.
2021 1257 2096 1312 De

509 1354 783 1420 Pulmonis
845 1358 1079 1431 denique
1130 1372 1194 1412 ac
1251 1356 1484 1426 pectoris
1545 1352 1746 1409 morbis
1810 1357 2094 1418 postquam

510 1446 1010 1511 tractavit,librum
1048 1448 1263 1502 tandem
1313 1446 1568 1501 claudunt
1616 1440 2003 1513 praeceptiones
2030 1441 2097 1492 de

510 1535 829 1602 pleuritide,
856 1548 963 1591 tam
997 1552 1118 1607 quae
1146 1553 1272 1592 vere
1318 1537 1504 1599 adest,
1545 1548 1708 1603 quam
1738 1545 1859 1602 quae
1899 1530 2096 1583 adesse

512 1637 771 1695 putatur,
823 1630 1109 1700 utriusque
1164 1630 1351 1683 harum
1405 1624 1799 1696 descriptione,
1870 1634 2097 1691 quaeque

513 1716 579 1770 ad
599 1731 694 1773 eas
726 1719 995 1774 curandas
1022 1718 1245 1785 faciunt,
1271 1717 1523 1786 adjectis.

2200 616 2565 684 συνιστάμενα
2605 611 2772 682 πάθη.
2803 610 2911 665 Καὶ
2930 612 2984 665 αἱ
3019 608 3266 671 ἀντιὰδες
3287 608 3335 640 ’θ
3374 606 3433 659 δὲ
3456 605 3567 667 τοῖς
3611 604 3782 671 sigm-

2199 707 2380 777 μένοις
2409 702 2892 773 συμπεριέχονται.
2917 701 3041 763 Πῶς
3065 699 3126 752 τέ
3159 700 3277 753 ἐστι
3308 694 3530 751 δυνατὸν
3555 694 3779 746 ἀνακαο

2195 796 2454 851 λέσασθαι
2510 796 2639 857 τοὺς
2700 791 3117 863 ἀπαγχομένους
3140 832 3154 857 ,
3209 789 3377 861 μήπω
3426 786 3505 856 τῷ
3555 784 3779 853 θανάτῳ

2199 888 2691 960 παραδεδομένους.
2712 886 2847 957 Περί
2858 902 2918 938 τε
2936 887 3074 955 ἀρτη
3084 882 3285 955 ριακῶν
3305 879 3492 934 παθῶν
3510 877 3607 931 καὶ
3627 892 3781 947 φαρο

2201 983 2391 1050 μὰκων
2420 980 2745 1049 ἀναγραφὴν
2776 980 3033 1041 ποιεῖται,
3066 974 3312 1045 καὶπερὶ
3340 971 3624 1043 κατάρρου
3682 966 3787 1022 καὶ

2200 1075 2366 1148 βηχός
2389 1092 2403 1107 ⁸
2434 1077 2528 1129 καὶ
2564 1074 2807 1127 ἀνώδυνα
2839 1072 3041 1142 βηχικά
3071 1071 3340 1141 φάρμακα
3369 1066 3597 1136 γράφει,
3638 1063 3788 1117 ὐπο-

2200 1167 2543 1238 καπνισμούς
2583 1185 2642 1219 τε
2692 1167 2787 1220 καὶ
2829 1164 3157 1233 ὲπιθέματα.
3219 1160 3358 1231 Περὶ⁸
3396 1154 3787 1228 ὀρθοπνοῖκῶν

2200 1279 2258 1315 τε
2288 1261 2379 1314 καὶ
2401 1259 2755 1329 ἀσθματικῶν
2772 1260 2867 1311 καὶ
2888 1253 3230 1309 δυσπνοῖκῶν
3253 1251 3644 1321 διαλαμϐάνει,
3675 1265 3784 1300 πε-

2205 1352 2255 1419 ρί
2280 1368 2339 1403 τε
2381 1350 2610 1420 παλμῶν
2639 1350 2747 1403 τῶν
2775 1349 2918 1402 κατὰ
2943 1349 3043 1417 τὴν
3068 1345 3295 1417 καρδίαν
3318 1360 3335 1376 ο
3384 1344 3480 1397 καὶ
3511 1340 3594 1395 ἔτι
3643 1337 3788 1410 περί

2204 1442 2308 1514 [τε]
2338 1444 2445 1496 τῶν
2470 1442 2565 1497 τοῦ
2595 1440 2895 1512 πνεύμονος
2916 1439 3012 1493 καὶ
3046 1439 3296 1507 Θώρακος
3319 1435 3507 1490 παθῶν
3553 1430 3789 1498 διεξιὼν

2205 1532 2564 1602 συμπεραίνει
2584 1532 2676 1585 τὸν
2702 1531 2860 1599 λόγον
2884 1532 2964 1593 είς
2988 1529 3085 1600 τὴν
3112 1526 3463 1582 διδασκαλίαν
3477 1526 3579 1594 τῆς
3600 1523 3790 1575 πλευ-

2206 1622 2423 1692 ρίτιδοςυ
2458 1623 2557 1691 τῆς
2578 1639 2640 1675 τε
2680 1620 2845 1692 οὔσης
2893 1621 2987 1673 καὶ
3015 1620 3113 1690 τῆς
3140 1618 3525 1689 νομιζομένης,
3577 1615 3674 1678 τίς
3723 1630 3791 1665 τε

2205 1713 2442 1784 ἑκατέρα
2468 1713 2694 1780 τούτων,
2712 1711 3069 1783 ὑπογράφων,
3104 1710 3199 1764 καὶ
3231 1710 3333 1763 ὅσα
3362 1708 3442 1772 είς
3473 1702 3795 1777 θεραπείαν

2205 1806 2386 1859 αὐτῶν
2426 1804 2691 1860 συντελεῖ.

581 1883 736 1941 Νοηο
762 1886 897 1943 libro
931 1888 1120 1959 incipit
1153 1888 1218 1945 de
1245 1888 1509 1943 cardiacis
1548 1888 1782 1953 morbis,
1815 1890 2097 1959 pergitque

2269 1895 2427 1950 Κατὰ
2452 1896 2510 1949 δὲ
2548 1895 2639 1949 τὸν
2676 1895 2720 1949 θ’
2753 1894 2912 1963 λόγον
2969 1893 3279 1965 ἀπάρχεται
3328 1890 3427 1961 μὲν
3464 1888 3593 1961 περὶ
3647 1906 3796 1961 καρ-

515 1992 674 2044 porro
729 1978 797 2031 de
828 1978 912 2033 bis
971 1994 1163 2049 agere,
1211 1980 1408 2050 quibus
1467 1989 1584 2034 atra
1623 1981 1730 2036 bile
1786 1985 2100 2035 stomachus

2208 1986 2429 2053 Βιακῶν,
2468 1987 2827 2057 διαλαμϐάνει
2872 1986 2930 2039 δὲ
2973 1985 3171 2055 ἐφεξῆς
3219 1983 3349 2054 περί
3397 1999 3458 2035 τε
3509 1981 3624 2034 τῶν
3682 1980 3796 2035 ὑπὸ

516 2069 899 2135 perturbatur:
953 2079 1046 2123 ant
1092 2071 1250 2140 siqui
1298 2081 1559 2140 praetcrea
1612 2072 1782 2149 morbi
1812 2072 2098 2127 ventriculi

2208 2080 2461 2148 μελαίνης
2502 2079 2667 2148 χολῆς
2712 2077 3119 2148 ἐνοχλουμένων
3145 2074 3237 2129 τὸν
3260 2075 3304 2107 ’⁸
3332 2074 3642 2143 στόμαχον,
3692 2072 3794 2125 καὶ

513 2175 575 2214 us
639 2158 915 2214 infestant.
971 2161 1370 2230 Cataplasmata
1423 2164 1488 2217 iis
1519 2174 1683 2235 atque
1716 2162 1958 2226 auxilia,
2008 2165 2098 2232 qui

2208 2170 2384 2233 ἁπλῶς
2415 2170 2517 2223 ὅσα
2562 2170 2709 2239 πάθη
2746 2171 2889 2224 κατά
2928 2169 2988 2222 τὸ
3031 2168 3206 2236 στόμα
3245 2166 3346 2235 τῆς
3388 2164 3599 2227 κοιλίας
3661 2179 3795 2216 συν-

514 2249 683 2304 variis
710 2251 977 2306 stomachi
1035 2254 1191 2307 malis
1218 2263 1538 2322 torquentur
1561 2295 1596 2322 ,.
1616 2269 1963 2311 enumerans.
1997 2255 2100 2308 lbi-

2208 2262 2430 2325 ίτταται,
2455 2260 2893 2331 καταπλάσματά
2927 2277 2983 2313 τε
3018 2259 3113 2312 καὶ
3147 2256 3469 2327 βοηθήματα
3496 2256 3611 2317 τοῖς
3640 2252 3796 2309 κατὰ

512 2340 633 2395 dem
665 2343 731 2397 de
769 2342 837 2396 iis
856 2358 1070 2412 quoque
1110 2345 1253 2413 agit,
1278 2348 1423 2416 quia
1465 2348 1751 2403 Stomacho
1786 2347 2100 2416 epileptico-

2208 2353 2431 2425 διάφορα
2475 2352 2623 2421 πάθη
2664 2352 2755 2405 τὸν
2802 2351 3073 2420 στόμαχον
3106 2347 3517 2417 κεκακωμένοις
3553 2361 3795 2414 συναρι-

513 2447 630 2485 rnm
652 2447 801 2488 more
826 2434 1223 2501 convelluntur;
1252 2437 1487 2506 itemque
1518 2439 1582 2492 de
1615 2438 2001 2507 inappeteutia;
2034 2438 2101 2491 dc

2208 2446 2373 2516 θμῶν.
2418 2446 2504 2497 Ἐν
2533 2438 2613 2506 οἷς
2644 2444 2738 2498 καὶ
2766 2442 2896 2513 περὶ
2922 2442 3032 2495 τῶν
3058 2443 3165 2494 ἀπὸ
3195 2440 3468 2509 στομάχου
3493 2436 3797 2507 ἐπιληπτι-

513 2524 706 2578 canino
736 2526 1013 2594 appetitu,
1072 2529 1380 2592 cruditate,
1446 2539 1501 2583 et
1556 2531 1746 2582 horum
1795 2530 2098 2584 curatione.

2208 2536 2311 2599 κῶς
2342 2535 2645 2605 σπωμένων
2673 2534 2945 2599 διέξεισιν,
2974 2531 3257 2601 ἀνορεξίας
3285 2548 3345 2583 τε
3376 2530 3470 2583 καὶ
3508 2528 3797 2592 κυνῶδους

520 2615 685 2669 Docet
710 2616 777 2669 ad
801 2618 914 2672 haec
942 2634 1045 2688 qua
1080 2619 1290 2673 ratione
1312 2620 1531 2689 crapula
1563 2620 1935 2675 laborantibus
1980 2620 2101 2689 Opi-

2208 2625 2431 2696 δρέξεως
2462 2626 2555 2679 καὶ
2589 2623 2858 2693 ἀπεψίας,
2906 2622 3003 2676 καὶ
3039 2610 3335 2692 θεραπείας
3364 2618 3591 2673 τούτων.
3623 2618 3797 2671 Διδά-

514 2704 787 2760 tulandnm
814 2707 906 2772 sit,
932 2716 987 2761 et
1014 2708 1116 2763 alvi
1134 2710 1371 2765 astricta:
1394 2726 1579 2764 curam
1596 2710 1944 2781 prmscripsit.
1976 2709 2101 2779 Agit

2208 2734 2321 2770 σκει
2374 2716 2430 2768 δὲ
2486 2715 2581 2769 κοιλ⁹
2639 2717 2787 2778 ὅπως
2856 2712 3148 2785 βοηθητέον
3206 2715 3319 2775 τοῖς
3378 2709 3793 2781 κραιπαλῶσιν.

512 2795 732 2865 insuper
763 2798 827 2851 de
865 2799 1171 2866 inﬂatione,
1200 2808 1254 2854 et
1323 2800 1535 2855 volvulo
1562 2841 1576 2865 ,
1635 2816 1728 2856 seu
1782 2802 2088 2871 gracilioris

2214 2805 2550 2877 Ἐπεχομένῃ
2574 2823 2633 2857 τε
2665 2805 2862 2875 γαστρὶ
2887 2803 3159 2857 διατάττει
3192 2801 3532 2871 ἐπιμέλειαν,
3569 2800 3713 2872 περί
3734 2816 3794 2851 τε

511 2889 751 2944 intestini
780 2890 1149 2947 obstructione
1168 2933 1183 2959 ,
1212 2908 1276 2947 ac
1303 2893 1536 2961 denique
1566 2894 1631 2948 de
1685 2893 1936 2947 omnibus
1962 2934 1978 2958 ,
2008 2892 2100 2963 qui

2208 2896 2715 2967 ὲμπνευματώσεως
2752 2897 2849 2949 καὶ
2896 2895 3073 2960 ίλεοῦ,
3122 2895 3214 2947 καὶ
3264 2893 3449 2956 ἁπλῶς
3496 2894 3627 2962 περὶ
3681 2889 3796 2943 τῶν

509 2980 698 3035 colicis
734 2981 1010 3037 doloribus
1048 2984 1379 3039 cruciantur.
1406 2983 1482 3037 De
1512 2985 1719 3038 ventris
1748 2984 1999 3049 ﬂuxione,
2023 2967 2104 3037 at-

2208 2987 2552 3057 δδυνωμένων
2590 2987 2652 3039 τὸ
2698 2985 2891 3039 κῶλον·
2930 2986 3024 3039 καὶ
3056 2985 3186 3056 περὶ
3216 2984 3425 3046 κοιλίας
3454 2982 3796 3054 ῥευματιζο-

510 3085 615 3145 que
644 3072 709 3126 de
738 3073 983 3138 caaliaca,
1012 3088 1174 3143 quam
1204 3082 1436 3137 vocant,
1492 3071 1794 3127 aﬂ‘ectione.
1841 3072 1915 3125 De
1952 3073 2103 3125 colli-

2209 3080 2398 3149 μένης,
2431 3081 2530 3148 τῆς
2577 3095 2635 3130 τε
2684 3077 2965 3148 κοιλιακῆς
3007 3076 3307 3147 λεγομένης
3341 3075 3663 3139 διαθέσεως,
3700 3074 3796 3127 καὶ

509 3163 767 3231 quatione
800 3179 815 3217 :
876 3165 941 3219 de
973 3163 1253 3218 lumbricis
1279 3180 1399 3219 cum
1457 3164 1706 3218 rotundis
1728 3205 1743 3231 ,
1787 3173 1897 3216 tum
1929 3162 2053 3218 latis
2085 3182 2098 3218 :

2208 3170 2334 3240 περὶ
2367 3168 2693 3240 συντήξεως,
2723 3167 2849 3239 περί
2884 3185 2944 3221 τε
2969 3166 3258 3237 ἑλμίνθων,
3288 3166 3396 3219 τῶν
3422 3183 3481 3218 τε
3517 3163 3799 3234 στρογγύ-

512 3256 578 3308 de
611 3254 678 3310 iis
697 3269 817 3324 qua:
838 3257 1114 3312 ascarides
1129 3257 1499 3324 nominantur,
1524 3255 1695 3325 deque
1725 3256 2101 3311 intestinorum

2208 3222 2313 3313 λων
2339 3261 2431 3313 καὶ
2591 3222 2853 3323 πλατείας
2872 3222 3095 3312 καὶτῶν
3118 3222 3425 3327 ἀσκάρίδων
3451 3222 3793 3324 λεγομένων.

513 3345 1087 3412 passiouibus.Eorum
1131 3362 1346 3418 quoque
1390 3347 1629 3401 remedia
1685 3348 1965 3415 describit,
2013 3350 2104 3418 qui

2208 3352 2341 3422 Περί
2375 3367 2433 3403 τε
2467 3349 2579 3403 τῶν
2622 3350 2764 3403 κατὰ
2802 3350 2871 3403 τά
2905 3349 3099 3421 έντερα
3133 3346 3538 3417 συνισταμένων
3573 3328 3795 3411 παθῶν,

512 3452 722 3505 nurum,
758 3439 849 3508 qui
874 3455 980 3504 res,
1012 3439 1095 3493 vel
1137 3440 1239 3493 tale
1271 3440 1398 3507 quid
1430 3439 1826 3510 dcglutiverunt
1858 3458 1870 3494 :
1904 3441 2104 3511 dysen-

2208 3442 2304 3495 καὶ
2341 3444 2486 3503 ὅσοις
2521 3440 2720 3509 χρυσὸς
2759 3440 2792 3511 ἢ
2838 3440 3039 3509 χαλκὸς
3070 3440 3105 3511 ἡ
3148 3455 3202 3492 τι
3241 3437 3485 3492 τοιοῦτον
3513 3437 3560 3469 ’³
3592 3437 3794 3507 ἐπόθη.

515 3527 697 3583 tericis
720 3530 848 3584 item
877 3546 997 3599 quae
1020 3530 1104 3585 vel
1122 3544 1357 3599 superne
1389 3531 1473 3585 vel
1511 3530 1721 3587 inferne
1750 3532 2104 3597 immittantnr

2209 3535 2425 3587 Τούτων
2445 3550 2502 3585 τε
2541 3531 2863 3603 βοηθήματα
2892 3531 3221 3603 ἀναγράφει,
3264 3531 3357 3585 καὶ
3390 3528 3797 3599 δυσεντερικοῖς

515 3620 749 3674 remedia
770 3630 1162 3676 commemorat
1182 3634 1199 3677 :
1216 3620 1478 3690 pastillos,
1500 3624 1796 3692 supposita,
1816 3634 2106 3693 unguenta.

511 3718 842 3787 «pithemata
864 3759 880 3780 ,
920 3717 1093 3772 donec
1124 3717 1337 3773 tandem
1372 3717 1427 3772 in
1460 3732 1710 3775 sermone
1765 3719 2012 3775 lienteria
2028 3719 2108 3791 ,ιι-

512 3812 667 3863 brum
703 3808 873 3863 ﬁniat.

2209 3625 2278 3678 τὰ
2328 3623 2598 3694 λεγόμενα
2652 3622 2960 3693 ἀνωτερικὰ
3011 3623 3106 3675 καὶ
3149 3619 3494 3691 κατωτερικά
3546 3622 3798 3689 ὲνέματα

2211 3716 2499 3783 καταλέγει
2528 3714 2593 3780 ⁸³,
2633 3716 2955 3784 τροχίσκους
2979 3730 3038 3765 τε
3068 3713 3163 3766 καὶ
3194 3710 3433 3765 ὑποθετά
3460 3711 3556 3764 καὶ
3584 3711 3799 3781 ἐπιχρί-

2214 3824 2396 3876 σματα
2428 3806 2522 3859 καὶ
2545 3804 2874 3875 έπιθέματα,
2907 3805 3001 3858 καὶ
3024 3803 3209 3859 λοιπὸν
3234 3803 3313 3865 είς
3333 3802 3425 3855 τὸν
3453 3801 3585 3871 περὶ
3618 3800 3797 3853 λειεν-

2210 3903 2400 3972 τερίας
2430 3901 2729 3972 καταλήγει
2766 3902 2943 3969 λόγον.

583 3984 855 4041 Decimum
900 3986 1096 4042 librum
1127 3988 1439 4058 auspicatur
1472 3989 1539 4042 ab
1568 3989 1933 4044 imbecillitate
1957 3990 2104 4060 jeco-

2210 3921 2400 3974 τεριας
2430 3921 2729 3972 καταληγει
2768 3921 2943 3969 Λογον.

2296 3994 2353 4047 ὐ
2380 3994 2435 4047 δὲ
2461 4001 2488 4046 ι’
2521 3994 2672 4063 αὐτῷ
2702 3994 2748 4025 ⁸⁸
2775 3993 2930 4060 λόγος
2958 3990 3267 4061 ἀπάρχεται
3296 3987 3395 4057 μὲν
3424 3986 3553 4057 περὶ¹
3580 3985 3797 4057 ἥπατος

517 4079 611 4143 ris,
646 4080 871 4146 indeque
896 4079 960 4133 de
982 4080 1230 4133 omnibus
1282 4080 1492 4149 hepalis
1528 4083 1753 4146 morbis,
1784 4091 1841 4136 et
1878 4098 1973 4151 per
1990 4096 2104 4151 qum

2213 4085 2452 4149 ἀτονίας,
2502 4083 2756 4139 κάκεῖθεν
2802 4083 2930 4153 περὶ
2974 4083 3189 4135 πάντων
3229 4078 3392 4132 αὐτοῦ
3430 4078 3537 4130 τῶν
3579 4076 3792 4141 παθῶν,

517 4176 704 4245 izornm
745 4170 861 4223 ﬂeri
907 4169 1168 4233 medicina
1206 4178 1387 4239 queat,
1414 4170 1593 4225 tradit.
1633 4171 1770 4226 Hinc
1804 4173 1872 4226 ad
1912 4171 2104 4241 splenis

2216 4178 2311 4233 καὶ
2334 4178 2401 4232 δι’
2430 4173 2505 4232 ὧν
2534 4177 2599 4232 ἂν
2634 4176 2996 4248 θεραπευθείη
3020 4174 3213 4239 ταῦτα,
3248 4169 3628 4241 διαλαμϐάνει.
3660 4162 3795 4222 Εἶτα

517 4267 687 4333 pergit
714 4261 1065 4339 affectiones,
1094 4258 1321 4329 ejusque
1346 4261 1946 4331 variamlintemperiem
1990 4279 2104 4316 cum

2218 4271 2533 4342 μεταϐαίνει
2559 4269 2693 4340 πρὸς
2717 4267 2813 4331 τὰς
2836 4270 2893 4320 ὲν
2920 4269 3117 4337 σπληνὶ
3142 4265 3431 4327 διαθέσεις,
3454 4260 3794 4332 δυσκρασίας

515 4355 735 4411 curandi
764 4354 935 4409 modis
957 4356 1117 4417 refert
1148 4352 1359 4427 :[tales]
1384 4353 1700 4418 inﬂationes,
1741 4354 2104 4411 inﬂammatio-

2216 4381 2275 4417 τε
2324 4363 2485 4417 αὑτοῦ
2539 4364 2633 4415 καὶ
2675 4360 2968 4431 θεραπείας
3013 4358 3247 4424 διεξιὼν,
3304 4355 3794 4427 ἐμπνευματώσεις

516 4461 629 4510 ncs,
642 4446 856 4506 scirrht.
879 4454 1119 4515 tumores
1129 4454 1321 4517 praeter
1338 4454 1583 4499 naturam
1609 4454 1769 4513 atque
1786 4443 2026 4499 durities.
2042 4446 2117 4500 De

2219 4456 2312 4509 καὶ
2364 4452 2671 4522 φλεγμονὰς
2704 4453 2800 4505 καὶ
2830 4451 3089 4522 σκίρρους
3111 4450 3155 4481 ⁸⁸
3178 4447 3272 4501 καὶ
3298 4448 3426 4508 τοὺς
3452 4442 3607 4515 παρᾶ
3631 4443 3795 4513 φύσιν

517 4540 683 4608 ictero
716 4547 825 4589 tum
870 4537 1001 4605 agit,
1035 4551 1127 4590 seu
1164 4537 1350 4591 morbo
1374 4545 1620 4603 arquato,
1645 4545 1699 4588 ct
1733 4536 1798 4589 de
1828 4535 1963 4589 mala
1990 4552 2104 4591 cor-

2216 4548 2409 4616 ὄγκους
2442 4547 2535 4600 καὶ
2568 4547 2663 4610 τὰς
2698 4544 2990 4615 σκληρίας·
3025 4543 3153 4614 περί
3192 4558 3250 4595 τε
3293 4539 3506 4610 ἰκτέρου
3537 4540 3633 4591 καὶ
3660 4554 3794 4605 καχ-

516 4630 660 4697 poris
681 4630 993 4705 habitudine
1016 4646 1031 4684 :
1058 4631 1287 4699 itemque
1316 4630 1381 4684 de
1401 4627 1659 4698 hydrope.
1676 4629 1790 4683 sive
1814 4644 1953 4698 aqua
1977 4631 2116 4685 inter

516 4732 693 4775 cutem
716 4739 729 4774 :
753 4723 893 4774 unde
914 4721 1108 4790 singuli
1134 4722 1190 4775 hi
1219 4719 1390 4775 morbi
1416 4729 1732 4780 nascantur.
1750 4727 1805 4772 et
1844 4722 2116 4787 quomodo

516 4812 697 4865 curari
721 4812 930 4881 possint
959 4813 1044 4865 via
1070 4826 1133 4867 ac
1162 4812 1367 4864 ratione
1402 4810 1565 4863 tradit
1597 4826 1616 4863 ι
1648 4822 1759 4878 quo
1780 4810 2115 4865 libridecimi

519 4907 667 4959 labor
701 4904 1038 4961 terminatur.

596 4994 787 5065 1796
839 4994 1135 5049 Undecimo
1162 4994 1302 5049 libro
1340 4994 1404 5047 de
1430 4993 1643 5047 diabetc
1678 4992 1802 5057 (hoc
1828 4992 1924 5057 {est
1948 4994 2117 5049 urina:

518 5086 804 5157 proﬂuvio)
833 5094 1064 5148 tractat,
1099 5096 1149 5140 et
1182 5086 1249 5140 de
1290 5099 1475 5137 renum
1510 5084 1876 5138 imbecillitate
1920 5093 2119 5137 cruen"

522 5196 627 5232 iam
686 5178 894 5232 urinam
959 5175 1383 5247 excernentium.
1427 5173 1561 5227 llinc
1585 5178 1648 5228 de
1676 5176 1953 5229 calculosis
1985 5176 2122 5228 rcui-

523 5272 654 5329 Iius.
699 5268 965 5324 calculosa
998 5268 1209 5331 vesica,
1241 5282 1303 5321 ac
1338 5266 1403 5318 de
1451 5281 1636 5319 rcnnm
1684 5266 2124 5331 inﬂammatione,

523 5361 743 5424 duritia,
774 5360 1178 5429 suppuratione.
1206 5359 1278 5411 De
1299 5358 1513 5427 dysuria
1542 5373 1754 5427 quoque
1787 5370 1839 5409 et
1869 5366 2119 5426 strangu-

525 5452 640 5519 ria,
668 5461 828 5521 atque
865 5450 1122 5505 ischuria.
1163 5448 1238 5502 De
1286 5448 1517 5503 resoluta
1554 5450 1728 5505 vesica
1752 5489 1768 5512 ,
1793 5449 1986 5510 dehis,
2025 5450 2117 5515 qui

526 5558 586 5598 se
646 5543 701 5598 in
756 5542 965 5598 somnis
1008 5540 1397 5611 permingunt:
1446 5543 1511 5595 de
1568 5540 1894 5594 inﬂammata
1936 5540 2115 5593 vesica

2218 4639 2387 4705 εξίας,
2428 4638 2524 4691 καὶ¹
2556 4638 2685 4708 περὶ
2718 4637 2945 4705 ὑδέρων,
2984 4633 3106 4688 ὅθεν
3140 4650 3200 4686 τε
3230 4632 3435 4685 τούτων
3471 4629 3789 4682 συνίσταται

2217 4733 2446 4785 ἕκαστον
2474 4730 2567 4783 καὶ
2599 4729 2715 4791 πῶς
2751 4728 2818 4781 ἂν
2845 4725 3231 4796 θεραπευθείη,
3269 4722 3523 4793 μεθόδους
3556 4719 3789 4789 παραδι-

2217 4823 2359 4885 δούς.
2391 4823 2482 4877 Ἐν
2514 4815 2595 4884 οἷς
2624 4820 2777 4890 αύτῷ
2809 4821 2901 4873 καὶ
2928 4820 2956 4873 δ
2988 4825 3016 4871 ι’
3045 4815 3475 4887 συμπεραίνεται
3500 4814 3681 4876 πόνος.

2298 4998 2385 5049 Ἐν
2418 4995 2474 5049 δὲ
2506 4996 2585 5067 τῷ
2614 5003 2680 5049 ια’
2712 4997 2843 5068 περί
2885 5014 2946 5050 τε
2985 4996 3241 5065 διαϐήτου
3270 4994 3662 5065 διαλαμϐάνει,
3698 4990 3788 5044 καὶ

2219 5089 2436 5151 ἀτονίας
2480 5090 2712 5158 νεφρῶν,
2755 5089 2989 5160 αἵματός
3029 5089 3157 5162 [295
3188 5089 3284 5161 ιι]
3326 5105 3387 5141 τε
3429 5087 3784 5157 έξουρήσεως,

2221 5181 2316 5232 καὶ
2362 5180 2490 5250 περὶ
2515 5180 2811 5233 λιθιώντων
2844 5182 3058 5251 νεφρῶν
3104 5182 3199 5234 καὶ
3234 5180 3495 5249 λιθιώσης
3527 5178 3784 5239 κύστεως,

2223 5271 2532 5341 φλεγμονῆς
2558 5288 2616 5324 τε
2649 5272 2861 5343 νεφρῶν
2892 5273 2984 5324 καὶ
3015 5272 3279 5343 σκληρίας
3306 5272 3401 5326 καὶ
3429 5270 3784 5338 διαπυήσεως,

2219 5361 2503 5430 δυσουρία.⁸
2532 5379 2592 5414 τε
2632 5362 2725 5416 καὶ
2762 5362 3166 5434 στραγγουρίας
3205 5363 3299 5417 καὶ
3335 5359 3632 5431 ἰσχουρίας,
3664 5353 3787 5424 περί

2216 5468 2278 5503 τε
2304 5453 2712 5525 παραλυθείσης
2740 5454 3004 5518 κύστεως,
3026 5456 3118 5507 καὶ
3140 5454 3249 5506 τῶν
3274 5453 3413 5506 κατά
3438 5454 3562 5514 τοὺς
3590 5450 3787 5509 ὕπνους

2217 5544 2278 5594 ού
2311 5543 2646 5615 κατεχόντων
2680 5544 2808 5617 [575
2830 5544 2919 5616 ἢ]
2949 5546 3008 5597 τὸ
3029 5546 3078 5578 ⁹⁶
3098 5544 3277 5614 οὖρον·
3308 5541 3436 5613 περί
3460 5558 3519 5595 τε
3549 5539 3786 5599 κύστεως

1755 5672 1840 5725 VA
1853 5670 1989 5724 “UE
2029 5671 2429 5730 LECTIONES.

597 5772 643 5803 ’°
664 5768 872 5830 ἀντιδες
905 5786 964 5832 ς.
1039 5768 1083 5801 ⁹¹
1123 5767 1216 5819 τὸν
1254 5766 1377 5819 add.
1431 5766 1495 5818 Α.

526 5842 754 5911 λέγεις.
849 5836 905 5870 ’⁸
933 5838 1096 5893 αὐτοῦ
1125 5855 1184 5901 ς.
1261 5837 1307 5872 9⁸
1348 5838 1564 5906 σκίρους
1601 5835 1659 5888 Α.
1729 5838 1772 5867 θ’
1809 5835 1867 5887 τὸ
1896 5837 2018 5887 add.
2047 5840 2110 5887 Α.

1589 5766 1633 5842 ’ξ
1663 5764 1922 5842 τοιοῦτον]
1951 5763 2196 5842 Δτοιοῦτον
2241 5767 2430 5839 ἕτερον
2492 5770 2862 5842 apographum
2912 5768 3193 5840 Stephani.

3298 5768 3345 5802 ⁸³
3380 5768 3670 5839 καταλέγει
3697 5767 3733 5821 Α
3765 5782 3781 5818 ι
