4014 6406
180 383 267 448 729
1227 384 1746 450 BIBLIOTHECA.
1765 415 1835 424 —
1862 391 2023 452 COD.
2063 393 2310 455 CCXXI.
3290 399 3399 461 730

179 498 571 569 φλεγμαινούσης
593 536 609 561 ,
655 500 751 552 καὶ
784 496 885 568 τῆς
932 498 1051 551 κατ’
1100 497 1269 568 αὐτὴν
1300 499 1698 571 αἱμοῤῥαγίας,
1730 508 1764 563 Α

1814 517 1866 556 ιο
1887 505 1951 557 de
1971 507 2246 575 sanguinis
2270 520 2366 577 per
2394 522 2513 563 eam
2556 508 2840 577 eruptione
2858 547 2874 573 ,
2904 508 3080 578 deque
3138 509 3399 564 exsisteu-

178 591 254 643 καὶ
299 590 398 642 τῶν
455 589 852 660 συνισταμένων
901 591 959 642 ἐν
1008 591 1144 658 αὐτῇ
1195 591 1450 661 θρόμϐων
1502 609 1561 644 τε
1610 594 1702 645 καὶ

1812 593 1946 649 tibus
1974 596 2026 649 in
2067 613 2128 652 ea
2160 600 2401 667 grumis,
2435 601 2731 656 tuberculis
2756 641 2771 666 ,
2803 602 3110 655 ulceribus:
3163 602 3397 671 itemque

178 680 407 751 φυμάτων
446 683 536 735 καὶ
565 682 736 735 ἑλκῶν
762 699 777 714 ’
811 682 904 735 καὶ
944 682 1072 749 περὶ
1104 684 1569 753 ῥευματιζομένης
1609 685 1704 738 καὶ

1815 687 1866 740 le
1899 691 2086 743 vesica:
2119 692 2351 747 lluxione
2394 707 2458 747 ac
2491 694 2690 748 scabie.
2737 695 2809 747 De
2855 694 3136 764 satyriasi,
3200 694 3400 761 pt-iap‘i-

176 773 435 842 ψωριώσης
469 773 741 837 κύστεως·
774 773 980 844 περίτε
1015 776 1384 844 σατυριάσεως
1421 778 1516 829 καὶ
1538 793 1706 846 πρια-

1813 784 1956 839 smo,
1990 778 2213 832 seminis
2258 778 2399 833 ﬂuxu
2424 821 2439 846 ,
2467 795 2529 835 ac
2555 780 2606 834 in
2641 782 2844 835 somnis
2890 779 3172 849 proﬂuvio.
3199 780 3398 833 llorum

178 861 353 932 πισμοῦ
412 862 504 914 καὶ
551 862 866 934 γονοῤῥοίας
917 861 1013 915 καὶ
1082 862 1431 931 ὀνειρώξεως.
1488 865 1705 917 Τούτων

1811 865 2039 918 οηιιιίιιηι
2093 868 2411 924 morborum
2436 885 2630 926 causas
2651 911 2667 935 ,
2696 870 2868 940 quoad
2891 869 3009 937 ejus
3039 871 3151 923 ﬁeri
3188 879 3396 937 potest,

178 956 398 1008 ἁπάντων
424 952 529 1006 τῶν
574 953 880 1024 εἰρημένων
925 951 1113 1005 παθῶν
1147 953 1243 1015 τάς
1281 971 1339 1005 τε
1384 954 1593 1019 αἰτίας,
1630 954 1707 1017 ὡς

1816 954 2077 1023 explicat,
2119 968 2173 1011 et
2206 960 2484 1016 cautiones
2509 963 2925 1030 curationesque
2969 976 3175 1015 eorum.
3212 960 3401 1012 Extre-

176 1042 267 1099 οἷόν
302 1045 356 1097 τέ
399 1046 533 1109 ἐστι,
580 1044 903 1111 καταλέγει,
944 1046 1039 1097 καὶ
1078 1044 1176 1108 τὰς
1217 1045 1570 1115 προφυλακάς
1612 1047 1709 1100 καὶ

1813 1060 1904 1100 mo
1922 1061 2049 1102 vero
2079 1049 2214 1105 libro
2246 1051 2313 1108 iis
2356 1066 2594 1124 quoque,
2625 1054 2715 1123 qui
2757 1052 2966 1109 Venere
2999 1054 3075 1106 uti
3109 1061 3397 1120 nequeant,

179 1135 440 1205 θεραπείας
474 1134 675 1191 αὐτῶν.
712 1137 846 1189 Κατ’
877 1136 1009 1190 αὐτὸ
1038 1137 1095 1189 δὲ
1137 1136 1198 1189 τὸ
1229 1136 1379 1201 τέλος
1416 1136 1508 1189 τοῦ
1548 1136 1705 1204 λόγου

1171 1136 1198 1189 ὸ
1229 1136 1379 1201 τέλος
1416 1136 1508 1189 τοῦ
1548 1136 1705 1204 λόγου
1815 1140 2071 1195 exercitia
2100 1144 2512 1215 curationesque
2548 1147 2755 1200 statuit.

178 1235 254 1285 καὶ
280 1235 397 1303 περὶ
425 1232 532 1285 τῶν
569 1233 642 1304 μὴ
680 1231 989 1302 δυναμένων
1023 1232 1325 1301 χρήσασθαι
1361 1232 1715 1301 ἀφροδισίοις,
1746 1235 2053 1303 γυμνασίας
2081 1254 2139 1290 τε
2171 1239 2350 1293 αὐτῶν
2382 1241 2478 1294 καὶ
2506 1240 2802 1313 θεραπείας
2837 1240 3134 1295 διατάττει.

245 1324 320 1376 Ἐν
342 1323 395 1376 δὲ
416 1323 495 1393 τῷ
521 1323 583 1393 ιβ’
607 1322 750 1393 λόγῳ
772 1341 837 1375 πε
846 1323 900 1393 p‘t
924 1323 1160 1392 ίσχιάδος
1183 1324 1276 1375 καὶ
1298 1324 1426 1393 περὶ
1448 1322 1721 1392 ποδάγρας

1900 1326 2227 1385 Duodecimo
2278 1332 2416 1388 libro
2457 1333 2523 1387 de
2570 1333 2812 1387 ischiade
2842 1342 2897 1386 et
2949 1334 3184 1401 podagra
3240 1338 3401 1397 atque

180 1415 257 1467 καὶ
297 1414 595 1486 ἀρθρίτιδος
645 1413 1031 1482 διαλαμϐάνει,
1087 1411 1268 1474 αίτίας
1317 1429 1377 1464 τε
1425 1411 1718 1473 καθολικὰς

1828 1420 2118 1475 artbritide
2169 1423 2286 1478 sive
2340 1425 2622 1479 articulari
2686 1425 2877 1478 morbo
2903 1425 3016 1493 agit
3049 1425 3286 1501 :.ltorum
3330 1423 3402 1472 si-

178 1505 267 1557 τῶν
293 1505 469 1558 παθῶν
494 1504 699 1557 τούτων
728 1502 1063 1571 καταλέγων,
1099 1501 1195 1553 καὶ
1223 1502 1344 1554 ὅσαι
1373 1500 1465 1554 ἐπὶ
1499 1503 1722 1572 μέρους,

1831 1511 1939 1564 mul
1967 1528 2162 1569 causas
2192 1530 2314 1569 cum
2355 1517 2658 1586 generales,
2730 1526 2840 1571 tum
2893 1500 3196 1585 singulares
3232 1533 3401 1572 exin--

180 1598 259 1650 καὶ
290 1596 626 1658 παντοδαπὰς
662 1594 956 1667 θεραπείας
1006 1593 1184 1647 αὐτῶν
1232 1609 1291 1644 τε
1327 1593 1421 1646 καὶ
1462 1593 1562 1645 ὅσα
1601 1593 1723 1647 κατ’

1830 1617 1985 1670 nens,
2016 1619 2121 1659 una
2154 1619 2277 1661 cum
2308 1608 2476 1663 variis
2505 1610 2899 1671 curationibus,
2927 1617 2979 1660 et
3001 1608 3045 1662 si
3082 1610 3171 1676 qui
3212 1610 3277 1660 ad
3303 1609 3401 1662 hos

180 1688 297 1741 αὐτὰ
343 1686 721 1757 ὲπισυμόαίνει
770 1687 1052 1755 νοσήματα
1097 1683 1295 1753 ἕτερα,
1355 1682 1615 1745 κενώσεις
1662 1700 1724 1735 τε
1758 1732 1765 1788 1

218 1778 228 1789 .
275 1779 295 1789 -
356 1778 378 1789 -
491 1779 503 1789 .
772 1778 784 1789 .
904 1776 916 1789 .
1211 1777 1223 1789 .
1343 1772 1400 1789 ς,
1702 1775 1714 1789 .

1831 1697 2091 1751 accedere
2139 1698 2232 1753 alii
2283 1700 2457 1755 morbi
2517 1701 2714 1756 solent.
2785 1700 2977 1756 Varias
3014 1701 3141 1754 item
3209 1702 3397 1753 horum

180 1778 333 1832 αὐτῶν
353 1778 665 1850 διαφόρους,
700 1778 795 1832 καὶ
827 1776 1103 1847 χρίσματα
1138 1777 1233 1829 καὶ
1265 1772 1598 1845 μαλάγματα
1630 1775 1725 1828 καὶ
1759 1772 1765 1788 ¹

1827 1789 2231 1856 evacuationes,
2271 1792 2584 1858 unctiones,
2618 1793 2963 1863 malagmata,
2990 1792 3394 1860 perunctiones,

182 1869 538 1939 συγχρίσματα
584 1869 681 1922 καὶ
707 1870 889 1922 ἄκοπα
918 1868 1012 1919 καὶ
1040 1865 1354 1936 ἀλείμματα
1394 1866 1723 1927 συντάττων,

1828 1893 2018 1947 accpa,
2053 1892 2329 1950 unguenta
2351 1880 2653 1952 praeScribit
2683 1898 2698 1936 :
2728 1884 3008 1951 purgantia
3039 1897 3253 1951 quoque
3294 1882 3400 1935 illis

182 1960 456 2028 καθαρτικὰ
480 1976 540 2012 τε
575 1959 887 2029 ἁρμόζοντα
912 1958 1119 2017 τούτοις
1146 1956 1241 2008 καὶ
1269 1953 1599 2019 άντιδότους,
1632 1955 1726 2008 καὶ

1829 1972 2233 2027 accommodata
2263 1983 2317 2028 et
2350 1974 2643 2037 antidotos,
2694 1974 2911 2042 aliaque
2958 1974 3212 2044 plurima,
3276 1988 3396 2042 qua:

184 2053 265 2105 ὅσα
290 2052 415 2105 ἄλλα
446 2052 584 2121 πρὸς
622 2051 721 2121 τὴν
759 2050 867 2103 τῶν
911 2047 1216 2119 εἰρημένων
1246 2049 1568 2119 νοσημάτων
1602 2046 1729 2117 βοή-

1281 2049 1568 2119 οσημάτων
1602 2046 1729 2117 βοή·
1830 2076 1987 2131 opem
2030 2063 2134 2119 illis
2163 2065 2369 2121 morbis
2396 2066 2594 2122 all‘erre
2635 2068 2866 2136 possint.

186 2138 314 2195 θειαν
340 2143 535 2212 ἀφορᾷ.

252 2233 329 2284 Ἐν
369 2234 425 2285 δὲ
466 2231 545 2303 τῷ
593 2233 660 2303 ιγ’
711 2232 857 2304 λόγῳ
908 2236 1038 2307 περ)⁸
1082 2233 1325 2288 δακετῶν
1376 2228 1732 2300 διαλαμϐάνει

1912 2243 2094 2299 Tertio
2117 2244 2326 2299 decimo
2358 2243 2496 2299 libro
2538 2244 2603 2298 de
2661 2258 2843 2299 morsu
2877 2243 3087 2298 infestis
3113 2243 3402 2296 animanti-

188 2321 335 2388 ζώων,
364 2323 426 2387 ἃς
458 2324 674 2378 ποιοῦσι
710 2326 979 2390 διαθέσεις
1010 2328 1104 2380 καὶ
1139 2326 1285 2395 πάθη
1320 2324 1448 2393 περὶ
1479 2323 1604 2384 τοὺς
1638 2321 1729 2391 δηι

1836 2341 1935 2394 bus
1966 2354 2153 2409 agens,
2193 2338 2514 2409 simulquas
2546 2338 2661 2392 haec
2694 2338 2889 2391 morsis
2931 2337 3012 2389 vel
3066 2335 3401 2396 allectiones,

188 2414 419 2484 χθέντας,
450 2416 547 2469 καὶ
582 2417 679 2478 τὰς
708 2416 913 2469 τούτων
951 2418 1121 2480 ἰάσεις
1152 2413 1592 2486 ἐκδιηγούμενος.
1630 2412 1737 2464 Καὶ

1837 2431 1919 2484 vel
1951 2432 2167 2483 morbos
2194 2426 2447 2492 aderant,
2483 2428 2931 2498 singulormnque
2977 2427 3211 2481 medelas
3240 2441 3407 2488 expo-

190 2507 241 2577 δὴ
268 2508 349 2560 καὶ
375 2509 501 2579 περὶ
527 2509 639 2562 τῶν
672 2509 892 2562 ἰοϐόλων
920 2510 1125 2579 θηρίων
1153 2508 1251 2577 τὴν
1274 2506 1469 2578 ὁμοίαν
1498 2507 1737 2557 ποιεῖται

1838 2524 1941 2576 nit.
1975 2520 2109 2574 Hinc
2134 2533 2187 2573 et
2213 2523 2279 2574 tle
2306 2520 2432 2573 feris
2458 2535 2723 2574 venenum
2747 2518 3142 2587 ejaculantibus
3175 2517 3406 2570 similem

191 2599 527 2655 διδασκαλίαν.
566 2601 642 2654 Οὐ
676 2602 833 2670 μόνον
860 2601 939 2666 δὲ,
961 2601 1097 2654 ἀλλὰ
1121 2601 1215 2653 καὶ
1244 2601 1342 2652 ὅσα
1366 2599 1475 2651 τῶν
1499 2595 1678 2665 φυτῶν
1703 2595 1737 2666 ἦ

1841 2614 2142 2666 doctrinam
2171 2612 2352 2665 tradit.
2383 2611 2519 2677 Quin
2547 2620 2602 2664 et
2622 2610 2832 2678 plantas
2858 2622 3020 2678 atque
3050 2611 3265 2671 herbas,
3293 2626 3415 2678 qua)

194 2688 400 2759 βοτανῶν
439 2691 751 2761 δηλητήρια
791 2692 998 2760 γίνεται
1048 2695 1160 2754 τοῖς
1204 2689 1527 2762 χρωμένοις,
1567 2685 1741 2754 δηλῶ-

1843 2720 2044 2758 venena
2081 2706 2208 2767 sint,
2265 2714 2319 2757 et
2345 2703 2632 2783 ptentibus
2688 2704 2871 2765 noxia,
2938 2705 3050 2772 pari
3092 2703 3272 2757 studio
3311 2704 3405 2756 de-

195 2795 269 2830 σιι
294 2781 333 2811 ⁸⁷
368 2781 608 2850 σπουδὴν
660 2784 915 2835 ποιεῖται.
940 2782 1051 2835 Καὶ
1084 2781 1213 2851 περὶ
1259 2780 1514 2850 μυκήτων
1554 2776 1610 2829 δὲ
1651 2776 1744 2828 καὶ

1843 2806 2132 2848 mOnstrat.
2169 2793 2246 2846 De
2298 2776 2478 2856 iungis
2512 2793 2699 2855 etiam,
2738 2808 2801 2844 ac
2846 2794 3108 2861 sanguine
3180 2793 3415 2852 taurino,

194 2870 392 2939 αἵματος
433 2870 693 2942 ταυρείου
737 2873 833 2926 καὶ
878 2872 1288 2943 θρομϐωθέντος
1333 2873 1392 2924 ὲν
1437 2871 1502 2941 τῇ
1548 2869 1746 2937 γαστρὶ

1847 2884 2020 2950 deque
2084 2882 2219 2936 lacte
2269 2882 2323 2935 in
2374 2892 2558 2934 ventre
2619 2893 2806 2935 coacto
2854 2872 3128 2950 ingruuios
3187 2883 3418 2948 amplius

195 2960 432 3026 γάλακτος
467 2961 875 3032 παραπλησίως
906 2962 953 2994 ⁸⁸
990 2961 1347 3030 διαλαμϐάνει
1368 2974 1383 2989 ⁶
1421 2959 1521 3012 ὅσα
1550 2976 1608 3011 τε
1636 2958 1745 3009 τῶν

1850 2976 2025 3029 docet.
2063 2974 2193 3040 Qua:
2221 2975 2347 3027 item
2399 2973 2669 3027 metallica
2726 2973 2985 3027 anitnanti
3043 2974 3200 3026 noxia
3262 2974 3305 3026 si
3366 2974 3420 3025 in

199 3052 504 3120 μεταλλικῶν
532 3054 812 3126 φθαρτικᾶ
837 3053 912 3124 τῷ
948 3052 1070 3123 ζώῳ
1098 3053 1308 3121 γίνεται
1338 3049 1478 3103 κατὰ
1503 3049 1744 3118 γαστέρα
1771 3083 1784 3135 γ

1846 3078 2087 3121 ventrem
2125 3066 2431 3131 mittantur,
2478 3075 2531 3120 et
2577 3067 2768 3120 borum
2818 3065 3149 3135 explanatio.
3200 3066 3279 3118 Ad
3310 3066 3428 3117 haec

197 3146 476 3215 ληφθέντα,
520 3148 623 3202 καὶ
676 3148 801 3217 περὶ
851 3146 1028 3198 αὐτῶν
1074 3144 1288 3198 ἔκθεσιν
1337 3144 1587 3195 ποιεῖται.
1640 3142 1748 3193 Καὶ

1849 3160 1915 3216 de
1960 3158 2166 3230 frigida:
2225 3159 2305 3212 Vel
2337 3158 2445 3211 vini
2488 3168 2639 3227 potu,
2672 3157 2765 3227 qui
2807 3158 3010 3212 homini
3070 3166 3281 3211 noceat.
3348 3154 3428 3207 De

200 3239 305 3313 περὶ
331 3238 707 3311 ψυχροποσίας
738 3237 771 3309 ἢ
813 3237 1121 3300 οίνοποσίας
1155 3234 1486 3298 ὲπιὸλαϐοὖς
1515 3233 1593 3303 τῷ
1626 3231 1751 3305 ζώῳ

1851 3252 2218 3322 strangulatis,
2259 3261 2314 3305 et
2339 3252 2428 3320 qui
2459 3251 2511 3303 in
2548 3249 2703 3319 aquis
2738 3266 2768 3303 a
2823 3248 3176 3303 suffocatione
3205 3244 3425 3316 pericli-

201 3333 539 3402 γεγενημένης
566 3346 578 3359 ·
615 3331 743 3401 περί
786 3348 844 3383 τε
891 3330 1000 3383 τῶν
1051 3330 1471 3400 ἀπαγχομένων,
1506 3326 1601 3379 καὶ
1640 3326 1753 3378 ὅσοι

1854 3354 2056 3407 tantur,
2089 3352 2180 3397 aut
2209 3358 2275 3397 ex
2309 3344 2457 3397 edito
2488 3342 2608 3396 loco
2637 3341 3065 3410 praecipitarunt.
3102 3340 3176 3392 De
3198 3352 3426 3407 prazscr-

206 3426 251 3474 ὲν
283 3425 425 3478 ὓδασι
467 3425 877 3479 κινδυνεύουσιν
920 3425 1322 3494 ἀποπνιγῆναι,
1365 3424 1459 3475 καὶ
1495 3421 1604 3474 τῶν
1647 3419 1755 3475 ἀπὸ

1854 3435 2108 3489 vautibus
2148 3450 2212 3488 ac
2271 3435 2525 3503 praesagis
2565 3434 2951 3495 animantibus,
2997 3430 3297 3501 prmsertim
3329 3429 3430 3482 do-

210 3517 457 3589 μετεώρου
488 3536 644 3581 τινος
677 3517 1042 3571 πεπτωκότων
1062 3559 1077 3583 ,
1112 3516 1208 3569 καὶ
1256 3515 1319 3586 δὴ
1354 3517 1449 3569 καὶ
1493 3514 1623 3585 περὶ
1650 3513 1758 3565 τῶν

1859 3527 2119 3581 mesticis.
2163 3526 2300 3580 Hinc
2354 3526 2420 3579 de
2459 3523 2822 3578 Andromachi
2878 3522 3118 3576 theriaca
3163 3537 3231 3575 ex
3285 3521 3433 3588 vipe—

212 3610 641 3679 προφυλακτικῶν
682 3610 777 3663 καὶ
818 3607 1242 3678 προγνωστικῶν
1286 3607 1443 3671 ζώων
1475 3606 1584 3659 τῶν
1618 3603 1762 3657 κατὰ

1862 3617 1958 3681 ris,
1985 3619 2254 3686 quomodo
2314 3623 2627 3684 apparetur,
2660 3614 2857 3684 180a
2882 3614 3003 3684 quis
3043 3628 3193 3678 usus,
3218 3611 3442 3681 quando

209 3696 289 3758 τὰς
332 3699 500 3762 οἰκίας
531 3701 579 3731 ⁸³
614 3697 984 3769 τρεφομένων.
1049 3696 1171 3748 Ἐπὶ
1219 3696 1427 3759 τούτοις
1485 3695 1614 3767 περὶ
1664 3697 1763 3765 τῆς

1864 3711 2145 3774 utendum,
2184 3708 2450 3778 quomodo
2488 3706 2846 3775 exploranda,
2883 3721 2985 3774 qua
3042 3720 3298 3758 mensura
3341 3717 3436 3756 ex-

212 3788 404 3855 ἑχιδνῶν
432 3790 708 3860 θηριακῆς
754 3788 1117 3860 Ἀνδρομάχου
1152 3787 1538 3858 διαλαμδάνει,
1576 3788 1676 3857 τήν
1705 3802 1765 3837 τε

1867 3800 2122 3865 hibenda,
2163 3800 2360 3868 quibus
2393 3799 2628 3867 denique
2656 3797 2859 3852 morbis
2908 3796 3247 3866 potissimum
3303 3809 3440 3848 con-

214 3884 529 3954 κατασκευὴν
562 3884 734 3953 αὐτῆς
762 3884 855 3936 καὶ
884 3883 981 3950 τὴν
1015 3882 1212 3951 χρῆσιν
1249 3881 1344 3932 καὶ
1375 3879 1464 3931 τὸν
1492 3879 1593 3948 τῆς
1627 3877 1766 3948 χρὴ·

1869 3892 2072 3955 veniat,
2104 3891 2384 3946 describit.
2418 3891 2494 3946 De
2518 3891 2639 3945 aliis
2669 3890 2796 3944 item
2830 3888 3110 3951 tberiacis,
3170 3887 3281 3955 agit
3311 3901 3448 3939 vero

217 3990 331 4038 σεως
354 3977 564 4046 χρόνον,
591 3974 915 4044 δοκιμασίας
941 3990 1001 4026 τε
1034 3975 1127 4027 καὶ
1156 3974 1354 4044 μέτρον
1384 3973 1399 4002 ¹
1434 3971 1649 4033 δόσεως.
1676 3970 1771 4023 καὶ

1871 3980 1940 4035 de
2004 3980 2252 4035 antidoto
2306 3979 2666 4033 Mitltridatica
2717 3978 2857 4049 (40),
2897 3976 3122 4045 ejusque
3170 3991 3440 4045 praepara-

216 4066 335 4119 τίσιν
363 4067 593 4139 ἁρμόζει
627 4066 735 4120 τῶν
767 4066 1113 4137 νοσημάτων,
1150 4064 1502 4134 ἀναγράφων.
1544 4062 1679 4132 Περί
1710 4079 1772 4115 τε

1877 4073 2044 4132 tione.
2077 4087 2196 4136 usu,
2222 4081 2385 4137 atque
2416 4071 2469 4124 in
2501 4071 2696 4139 quibus
2725 4071 2894 4139 prosit
2921 4086 2934 4123 :
2971 4069 3057 4123 cui
3094 4067 3258 4121 etiam
3301 4066 3438 4120 alias

218 4154 367 4209 ἄλλων
408 4158 731 4229 θηριακῶν,
778 4158 870 4210 καὶ
914 4159 1011 4226 τῆς
1054 4153 1439 4225 Μιθριδατείου
1474 4152 1773 4216 άντιδότου,

1877 4164 2103 4217 autitloti
2134 4164 2341 4232 species
2373 4162 2651 4232 subiungit
2680 4179 2695 4228 ;
2728 4160 2799 4215 de
2850 4160 3061 4214 duobus
3102 4159 3224 4212 inde
3272 4156 3452 4228 Cyplti

219 4251 534 4321 κατασκευῆς
562 4267 628 4303 τε
655 4252 749 4303 καὶ
778 4251 1049 4320 χρήσεως,
1079 4249 1174 4300 καὶ
1205 4246 1290 4315 ἐφ’
1317 4241 1392 4299 ὧν
1424 4243 1774 4316 χρησιμεύει.

1877 4254 2166 4322 generibus
2197 4251 2405 4307 scribit.
2436 4249 2574 4306 llinc
2624 4251 2691 4306 de
2733 4248 3116 4318 elepltautiasi,
3168 4248 3234 4302 de
3267 4247 3449 4315 pruri-

230 4337 429 4411 Ἐτέρας
477 4360 541 4395 τε
592 4342 883 4412 διαφόρους
936 4339 1243 4402 ἀντιδότους
1294 4338 1608 4406 καταλέγει.
1662 4338 1778 4391 Καὶ

1884 4345 2087 4413 ginosis
2110 4346 2505 4413 eruptionibus,
2540 4346 2607 4399 de
2638 4341 2919 4414 psytlracis
2973 4340 3225 4410 pustulis,
3283 4349 3458 4406 atque

224 4431 332 4501 περὶ
364 4434 470 4487 τῶν
512 4434 609 4488 δύο
650 4432 892 4500 κύφεων,
938 4432 1034 4485 καὶ
1066 4431 1129 4502 δὴ
1162 4432 1257 4486 καὶ
1299 4433 1427 4502 περὶ
1458 4428 1809 4499 ὲλεφαντιάος

1881 4437 2136 4490 esudore
2182 4435 2421 4490 subortis
2453 4436 2685 4506 papulis,
2745 4433 2814 4489 de
2872 4434 3124 4487 tibiarum
3190 4430 3456 4483 ulcerosis

225 4537 343 4583 σεως
375 4528 467 4578 καὶ
497 4524 836 4598 κνησμωδῶν
865 4526 884 4555 ¹
913 4523 1303 4594 ἐξανθημάτων
1325 4563 1339 4588 ,
1379 4523 1472 4576 καὶ
1512 4524 1640 4592 περὶ
1676 4522 1781 4591 ψυ-

1879 4526 2274 4594 eruptionibus,
2299 4536 2353 4581 et
2384 4529 2450 4581 de
2500 4527 2869 4588 cicatricibus,
2899 4539 3019 4593 quae
3061 4537 3125 4576 ex
3185 4520 3460 4574 ulceribus

224 4614 414 4686 δράκων
443 4620 538 4672 καὶ
573 4616 884 4687 ίδρωτίδων,
914 4618 1007 4669 καὶ
1031 4616 1158 4686 περὶ
1182 4615 1290 4668 τῶν
1317 4617 1374 4667 ἐν
1397 4617 1518 4677 ταῖς
1544 4615 1783 4682 κνήμαις

1880 4620 2093 4672 relicta:
2119 4634 2318 4688 corpus
2351 4620 2673 4686 denigraut;
2706 4620 2771 4673 de
2796 4618 3007 4671 duobus
3054 4610 3331 4680 vitiliginis
3362 4624 3458 4663 seu

228 4706 451 4760 ὲλκωδῶν
498 4709 921 4780 ὲκῦρασμάτων,
968 4708 1065 4761 καὶ
1106 4708 1235 4777 περὶ
1273 4706 1379 4759 τῶν
1414 4706 1586 4759 οὐλῶν
1628 4706 1683 4758 αἳ
1718 4709 1784 4760 ἐκ

1880 4709 2023 4778 alplti
2058 4710 2507 4779 generibusoagit,
2536 4720 2592 4764 et
2618 4711 2682 4763 de
2716 4709 2889 4769 leuce,
2947 4722 3011 4759 ac
3043 4703 3258 4758 tandem
3291 4703 3356 4755 de
3388 4702 3461 4754 le-

228 4795 319 4848 τῶν
363 4798 534 4851 ἑλκῶν
584 4797 895 4869 μελαίνουσι
926 4796 987 4849 τὸ
1029 4795 1211 4866 σῶμα.
1259 4796 1383 4849 Ἐπὶ
1415 4794 1622 4857 τούτοις
1653 4794 1783 4866 περὶ

1879 4817 1997 4873 pra,
2027 4818 2210 4855 earum
2233 4810 2409 4855 ortum
2436 4812 2489 4856 et
2515 4816 2731 4865 causas,
2764 4798 2907 4853 unde
2928 4797 3193 4865 originem
3219 4797 3459 4856 tt'altaut,

230 4887 321 4941 τῶν
349 4889 439 4942 δύο
468 4890 629 4943 εἱδῶν
654 4888 781 4961 [296
815 4888 906 4960 ιι]
938 4888 1030 4941 τοῦ
1066 4887 1236 4957 ἀλφοῦ
1269 4887 1653 4957 διαλαμϐάνει,
1689 4888 1785 4942 καὶ

1892 4895 2335 4963 curationemque
2359 4893 2620 4948 referens.
2649 4893 2827 4961 Atque
2854 4891 2968 4946 haec
2998 4888 3240 4944 decimus
3273 4884 3463 4942 tertius

234 4982 343 5046 περὶ
372 4978 572 5051 λεύκης
593 5021 609 5045 ,
647 4981 741 5034 καὶ
767 4979 827 5032 τὸ
853 4980 1161 5033 τελευταῖον
1195 4978 1323 5046 περὶ
1356 4978 1562 5046 λέπρας
1583 5021 1597 5042 ,
1632 4979 1785 5042 γενέ-

651 4981 741 5034 καὶ
767 4979 827 5032 τὸ
853 4980 1161 5033 τελευταῖον
1195 4978 1323 5046 περὶ
1356 4978 1562 5046 λέπρας
1583 5021 1597 5042 ,
1632 4979 1785 5042 γενέ-
1893 4986 2030 5040 liber
2061 4989 2236 5040 docet.

238 5090 334 5136 σεις
358 5092 414 5127 τε
444 5076 626 5129 αὐτῶν
660 5076 754 5130 καὶ
781 5074 959 5138 αἰτίας
988 5073 1056 5128 δι’
1085 5074 1151 5137 ἃς
1185 5073 1539 5143 συμϐαίνουσι
1577 5076 1918 5149 καταλέγων,
1958 5082 2054 5136 καὶ
2095 5081 2195 5145 τὰς
2236 5080 2438 5136 τούτων
2502 5076 2820 5151 θεραπείας.
2901 5076 3069 5130 Τοῦτο
3142 5073 3240 5146 μὲν
3290 5071 3385 5125 καὶ
3439 5072 3469 5125 ὁ

242 5169 299 5234 ιγ’
325 5164 495 5235 λόγος.

310 5258 392 5311 Ἐν
429 5260 486 5312 δὲ
527 5260 607 5330 τῷ
648 5259 708 5312 ιδ’
756 5260 883 5331 περί
921 5277 980 5313 τε
1018 5258 1127 5312 τῶν
1167 5260 1225 5312 ἐν
1259 5258 1394 5330 ’έδρα
1437 5257 1804 5327 φιλοπονετται

1985 5261 2188 5327 Quarto
2221 5259 2431 5313 decimo
2460 5257 2599 5312 libro
2631 5255 2698 5311 de
2729 5254 2876 5310 sedis
2904 5252 3072 5308 variis
3119 5248 3323 5305 morbis
3353 5245 3472 5301 dili-

1511 5411 1746 5468 VAllIAE
1794 5415 2198 5471 LECTIUNES.

368 5509 605 5586 δηλῷσαι
644 5510 880 5586 σπουδὴν
933 5513 1166 5586 ποιεῖται
1218 5512 1262 5564 Α
1301 5510 1443 5582 ετὴν
1496 5511 1618 5582 ἴσην
1668 5511 1945 5567 δείκνυται
2003 5516 2238 5586 σπουδήν
2271 5530 2331 5577 ς.
2428 5512 2474 5545 ³⁸
2505 5508 2882 5581 παραπλήσιον
2940 5521 3001 5570 ς.
3096 5502 3140 5535 θ’
3173 5496 3379 5559 οἰκείας
3406 5510 3480 5558 ς».

251 5574 399 5635 ‘libri
418 5574 652 5651 μέτρου.
727 5582 747 5613 ³
774 5574 963 5649 κνίσμ.
994 5583 1060 5635 Α.

1749 5716 1981 5775 NOTJE.

258 5804 359 5877 (40)
390 5808 522 5868 Vide
564 5811 700 5870 Gell.
736 5812 830 5870 lib.
860 5828 993 5879 xvn,
1033 5827 1149 5881 cap.
1185 5810 1271 5866 l6.
