4014 6412
243 388 339 450 733

1327 393 1852 455 BlBLIOTHECA.
1894 420 1963 431 --
2002 396 2164 457 COD.
2200 394 2448 455 CCXXI.

3401 377 3507 440 734

242 500 604 568 συλληπτικά.
651 502 892 558 Ἐκεῖθέν
936 520 995 558 τε
1027 504 1157 577 περὶ
1197 504 1307 560 τῶν
1349 508 1409 560 ὲν
1448 510 1561 571 τοῖς
1606 511 1834 578 μαστοῖς

1953 509 2107 563 tienli
2138 509 2261 563 huic
2288 509 2392 561 arti
2424 505 2650 562 scientia
2692 508 3016 572 pertractat,
3050 510 3346 565 eorumque
3374 508 3507 550 ccn-

240 594 431 648 παθῶν
488 596 744 651 ἁπάντων
804 597 942 668 μετά
996 598 1097 668 τῆς
1148 599 1464 671 πρεπούσης
1528 602 1594 672 τῇ
1656 600 1824 671 τέχνῃ

237 689 426 756 σοφίας
457 688 724 760 διηγεῖται
745 730 760 755 ,
796 690 1083 754 συστάσεις
1118 708 1179 745 τε
1207 692 1411 745 τούτων
1449 694 1545 745 καὶ
1583 693 1827 762 γενέσεις

238 782 333 834 καὶ
380 783 727 852 χειρουργίας
775 783 870 836 καὶ
898 783 997 854 τὴν
1024 784 1045 815 ⁸
1078 783 1244 854 ἄλλην
1277 787 1616 853 συνυφαίνων
1658 784 1826 855 θερα-

235 875 419 928 πείαν.
475 874 614 928 Μεθ’
660 874 696 929 ἆ
730 876 749 906 ⁷
786 877 912 945 περὶ
960 875 1070 929 τῶν
1119 876 1265 929 κατά
1316 876 1605 947 διαφόρους
1649 876 1829 938 αἰτίας

246 967 599 1037 ὲπεχομένων
627 969 748 1030 ταῖς
770 968 1017 1036 γυναιξὶν
1040 969 1300 1039 ἐμμήνων
1330 968 1670 1038 καθάρσεων,
1698 965 1828 1038 περί

237 1077 297 1111 τε
357 1059 825 1131 ὖπερκαθάρσεως
879 1062 973 1115 καὶ
1038 1062 1349 1130 γυναικείου
1416 1061 1550 1132 ῥοῦ,
1610 1062 1703 1115 τοῦ
1767 1077 1828 1113 τε

235 1150 472 1218 ἐρυθροῦ
506 1153 600 1204 καὶ
631 1151 724 1204 τοῦ
758 1150 988 1219 λευκοῦ,
1024 1153 1153 1224 περί
1200 1171 1259 1206 τε
1310 1154 1607 1221 ὑπερικῆς
1637 1153 1829 1221 πνιγὺς

226 1244 332 1295 καὶ
371 1246 497 1314 περὶ
550 1247 869 1317 γονορῤοίας
922 1248 1315 1318 διαλαμϐάνει,
1362 1248 1461 1319 τὴν
1510 1249 1716 1302 τούτων
1767 1244 1827 1303 εὖ

242 1337 394 1404 μάλα
449 1338 712 1403 διατιθεὶς
741 1340 762 1371 ⁸
794 1341 1109 1411 θεραπείαν⁶
1169 1342 1264 1395 καὶ
1314 1343 1442 1412 περὶ
1490 1342 1599 1395 τῶν
1655 1342 1830 1397 ἄλλων

237 1424 347 1493 τῆς
382 1428 595 1497 μήτρας
628 1429 984 1482 παντοδαπῶν
1018 1430 1228 1495 παθῶν,
1255 1431 1658 1500 ἀποστημάτων
1685 1431 1830 1499 λέγω

237 1517 338 1569 καὶ
365 1518 656 1587 οἰδήματος
684 1520 774 1571 καὶ
802 1519 976 1589 μύλης
1002 1522 1095 1574 καὶ
1130 1519 1381 1591 ὕδρωπος
1403 1523 1497 1573 καὶ
1521 1522 1712 1583 ἕλκους
1738 1522 1832 1575 καὶ

237 1609 359 1662 τῶν
390 1611 792 1681 παραπλησίων
812 1628 825 1641 ο
854 1613 911 1664 ἐν
944 1606 1026 1675 οἷς
1055 1614 1182 1683 περί
1208 1630 1267 1666 τε
1294 1612 1586 1683 φιμώσεως
1619 1615 1831 1685 μήτρας

240 1703 346 1755 καὶ
373 1704 608 1773 ἀτρήτου
639 1703 873 1773 ὑστέρας
902 1705 998 1756 καὶ
1030 1704 1136 1757 τῶν
1168 1706 1566 1774 παραπλησίων
1601 1705 1833 1769 ἐπεξιὼν

240 1796 450 1863 γράφει
486 1795 693 1848 τούτων
735 1796 1052 1867 θεραπείας.
1086 1798 1221 1867 Περί
1246 1816 1307 1851 τε
1337 1799 1710 1867 νυμφοτομίας
1738 1800 1833 1853 καὶ

1927 602 2260 664 stitutiones,
2295 610 2468 664 ortus,
2500 595 2852 665 cbirurgiam,
2906 592 3149 658 aliasque
3200 588 3508 644 curationes

1928 691 2139 747 auexit.
2177 689 2302 744 Mox
2336 690 2403 742 de
2445 688 2613 741 variis
2641 686 2748 755 agit
2775 683 2979 744 causis,
3031 695 3131 734 cur
3192 679 3245 732 in
3279 675 3503 731 feminis

1929 793 2208 839 menstrua
2236 782 2460 837 sistatur
2490 778 2762 850 purgatio.
2801 777 2873 831 De
2905 773 3073 827 nimia
3109 785 3325 841 quoque
3359 782 3510 822 men-

1932 877 2075 931 sium
2141 874 2486 945 purgatione,
2514 881 2568 926 et
2599 868 2850 925 muliebri
2886 866 3030 921 fluxu
3085 862 3284 933 partim
3319 861 3506 926 rubro,

1932 967 2129 1037 partim
2167 966 2289 1021 albo
2328 984 2342 1020 :
2381 973 2490 1019 tum
2524 964 2591 1017 de
2631 960 2771 1015 uteri
2806 956 3261 1028 strangulatione,
3309 950 3377 1005 de
3416 964 3509 1003 se-

1940 1058 2105 1113 minis
2136 1058 2322 1124 ﬂuxu;
2357 1055 2646 1111 admodum
2678 1053 2815 1106 bona
2845 1050 2929 1103 his
2963 1056 3164 1101 statuta
3199 1044 3506 1099 curatione.

1929 1150 2010 1204 Ad
2032 1148 2165 1204 alias
2194 1162 2407 1218 quoque
2439 1144 2694 1199 matricis
2729 1142 2909 1196 varias
2956 1139 3129 1209 pergit
3174 1134 3512 1196 aﬂectiones,

1930 1250 2062 1312 puta
2128 1248 2505 1310 apostemata,
2562 1247 2851 1296 tumorem,
2911 1230 3129 1295 molam,
3194 1226 3511 1297 hydropem,

1932 1337 2138 1398 ulcera,
2169 1341 2225 1387 et
2273 1332 2324 1385 id
2356 1344 2527 1400 genus
2566 1327 2716 1380 alia:
2757 1324 2843 1379 ubi
2893 1325 2958 1377 de
2990 1332 3147 1375 utero
3206 1319 3509 1379 obstructo,

1933 1442 2039 1481 non
2076 1427 2375 1495 perforato,
2406 1422 2633 1490 aliisque
2676 1417 2945 1474 similibus
2994 1415 3226 1475 locutus,
3292 1410 3515 1464 medici-

1935 1534 2035 1574 nas
2096 1533 2314 1587 quoque
2375 1516 2584 1583 adjicit.
2644 1512 2776 1568 Item
2826 1512 2893 1564 de
2946 1507 3195 1578 nymphaz
3252 1504 3513 1561 sectione,

1935 1615 2129 1678 cauda,
2166 1614 2412 1666 varicosa
2451 1608 2665 1673 hernia,
2726 1604 2948 1676 thymis,
2980 1599 3355 1665 similibusque
3385 1594 3514 1663 agit,

1935 1718 1989 1761 et
2023 1707 2212 1759 eadem
2246 1704 2314 1758 iis
2350 1701 2602 1757 methodo
2633 1697 2866 1752 remedia
2904 1689 3227 1763 praescribit.
3292 1688 3385 1741 His
3436 1686 3517 1738 fa-

1938 1800 2062 1861 ciei,
2122 1806 2555 1862 caeterarurnque
2629 1787 2875 1859 corporis
2940 1786 3171 1854 partium
3221 1784 3517 1844 smegmata

240 1888 380 1956 περὶ
410 1887 739 1958 κερκὼσεως
781 1889 1118 1959 κιρσοκήλης
1153 1908 1211 1942 τε
1242 1890 1336 1944 καὶ
1374 1890 1562 1961 θύμων
1597 1892 1690 1944 καί⁸
1725 1893 1830 1944 τῶν

1956 1888 2125 1958 ungit,
2154 1897 2210 1942 et
2245 1884 2478 1939 suﬂitum
2532 1879 2974 1949 compositiones.
3036 1873 3217 1941 Atque
3270 1869 3359 1923 hic
3400 1866 3522 1919 tnti-

238 1979 450 2048 ὁμοίων
476 1981 618 2033 κατά
639 1980 738 2049 τὴν
767 1980 889 2050 ἴσην
920 1979 1143 2049 μέθοδον
1171 1980 1269 2043 τὰς
1300 1982 1471 2045 ἰάσεις
1498 1982 1828 2052 ἀναγράφει.

240 2068 347 2135 Οἷς
378 2072 684 2141 σμήγματά
712 2089 771 2124 τε
809 2071 984 2141 ὅψεως
1016 2074 1110 2124 καὶ
1138 2073 1231 2125 τοῦ
1265 2073 1424 2126 ἄλλοι)
1457 2072 1706 2143 σώματος
1735 2076 1831 2127 καί.

1940 1955 2160 2033 versum
2231 1977 2454 2030 medicae
2494 1969 2771 2027 facultatis
2802 1981 2939 2036 opus
2975 1978 3133 2020 suum
3186 1959 3374 2014 Aetius
3421 1955 3517 2010 ab-

1938 2072 2118 2126 S‘liVil.

241 2166 615 2235 Θυμιαμάτων
658 2165 951 2228 σκευασίας
981 2163 1111 2235 [577
1146 2164 1239 2237 [1.]
1273 2168 1573 2231 συντάττει,
1608 2166 1667 2219 τὸ
1708 2165 1826 2219 ὅλον
1864 2163 2102 2219 ἐνταῦθα
2123 2162 2224 2233 τῆς
2257 2156 2689 2227 σπουδασθείσης
2758 2149 2907 2223 αύτῷ
2951 2147 3199 2220 ἰατρικῆς
3256 2162 3518 2219 πραγμα-

240 2258 399 2322 τείας
429 2260 921 2328 συμπερανάμενος
955 2259 1181 2329 βιϐλίον.

323 2354 435 2405 Καὶ
463 2355 563 2407 ὅσα
596 2371 659 2420 γε
691 2354 789 2424 ἐμὲ
821 2354 1043 2417 εἰδέναι,
1076 2356 1105 2407 ὁ
1136 2355 1497 2424 προκείμενος
1531 2354 1622 2408 τοῦ
1652 2354 1847 2424 ἀνδρὸς

245 2444 416 2507 πόνος
463 2444 571 2497 τῶν
634 2444 733 2514 μὲν
779 2445 1118 2515 Ὀρειϐασίου
1166 2445 1459 2514 συνόιζιεων,
1498 2447 1564 2517 ἦν
1607 2463 1667 2498 τε
1714 2447 1851 2515 πρὸς

244 2536 554 2589 Εὖστάθιον
605 2535 698 2588 καὶ
725 2535 793 2607 ἣν
825 2537 960 2607 πρὸς
992 2537 1263 2589 Εύνάπιον
1296 2537 1524 2607 ἔγραψε,
1569 2540 1681 2601 τοίς
1713 2541 1848 2591 πᾶσι

247 2629 481 2691 κρατεῖ·
513 2627 869 2695 αἰτιολογίαις
898 2644 958 2679 τε
986 2629 1097 2697 γὰρ
1124 2627 1348 2697 προέχει
1384 2628 1481 2680 καὶ
1524 2627 1849 2695 διαγνώσεσι

246 2718 367 2770 καὶ
385 2714 726 2783 προγνώσεσι
756 2716 850 2768 καὶ
868 2717 1313 2786 προσδιορισμοῖς
1341 2717 1435 2769 καὶ
1458 2716 1535 2783 τῷ
1559 2716 1658 2784 τῆς
1691 2716 1852 2785 θερα-

247 2809 415 2872 πείας
474 2808 684 2862 πλάτει.
714 2808 790 2864 Ού
826 2807 1032 2862 τούτων
1064 2810 1119 2862 δὲ
1143 2810 1303 2879 μόνον
1334 2810 1392 2860 ὲν
1426 2810 1666 2879 ὑπεροχῇ
1718 2808 1851 2876 ὁρᾶ-

247 2919 368 2963 ται,
433 2900 569 2953 ἀλλά
618 2902 711 2953 καί
748 2902 914 2971 ἧτιςθ
961 2902 1109 2970 αὐτῷ
1165 2900 1273 2952 τῶν
1331 2899 1572 2969 Γαληνοῦ
1629 2898 1850 2969 βιϐλίων

251 2992 484 3061 σύνοψις
531 2991 919 3062 ὲφιλοπονήθη,
983 2992 1078 3045 καὶ
1129 2989 1335 3062 ταύτης
1371 2993 1663 3061 ἐπικρατεῖ
1685 2990 1761 3061 τῷ
1787 3007 1848 3043 τε

250 3088 339 3149 εἰς
392 3085 652 3139 ἐλάττονα
702 3086 865 3153 ὄγκον
912 3084 1121 3156 ταύτην
1178 3084 1581 3146 συνεστάλθαι,
1636 3084 1730 3136 καὶ
1772 3082 1851 3153 τῷ

255 3178 601 3247 σαφεστέραν
649 3178 916 3249 παρέχειν
976 3177 1076 3248 τὴν
1122 3177 1496 3242 διδασκαλίαν,
1555 3176 1651 3230 καὶ
1681 3176 1725 3207 ¹⁰
1769 3174 1848 3245 τῷ

252 3271 390 3339 περί
438 3268 701 3323 πλειόνων
748 3268 935 3322 παθῶν
993 3267 1383 3339 διαλαμϐάνειν
1415 3266 1621 3337 ταύτην
1649 3264 1850 3338 μᾶλλον

253 3363 288 3431 ἢ
326 3361 562 3432 ἐκείνην.
630 3362 742 3430 Τῆς
770 3361 928 3429 δὲτῷ
960 3360 1111 3430 αύτῷ
1173 3361 1331 3433 ἀνδρὶ
1364 3362 1442 3424 εἰς
1474 3360 1851 3432 ἑϐδομήκοντα

256 3450 447 3519 βιϐλία
503 3450 943 3521 συντεταγμένης
970 3450 1069 3521 τὴν
1091 3450 1257 3520 ἀλλην
1300 3451 1537 3521 ἅμιλλαν
1565 3451 1666 3503 οὐκ
1690 3450 1851 3503 εὐλα-

257 3542 526 3612 ϐουμένη,
551 3543 682 3604 ἴσως
710 3541 776 3595 ἂν
808 3542 1142 3612 ἐλαττωθείη
1165 3538 1247 3606 οἷς
1274 3559 1334 3595 τε
1359 3543 1430 3595 τὰ
1452 3544 1550 3612 τῆς
1592 3542 1850 3611 ἀνατομι-

259 3635 365 3703 κῆς
430 3634 785 3704 ὲγχειρίσεως
811 3634 884 3705 μὴ
919 3635 1391 3706 παραδραμούσης
1443 3634 1661 3705 ἐκείνης
1713 3633 1854 3704 αὕτη

262 3726 654 3796 παρατρέχει,
717 3726 811 3779 καὶ
869 3724 971 3796 τὴν
1022 3724 1257 3797 θεωρίαν
1319 3726 1419 3796 τῆς
1476 3725 1585 3778 τῶν
1646 3722 1855 3796 μορίων

263 3815 471 3885 χρείας,
530 3817 818 3889 φιλοσόφου
872 3817 1072 3889 μᾶλλον
1119 3816 1285 3870 οὖσαν
1340 3815 1638 3885 σπουδῆςῆ
1688 3814 1855 3886 θερα-

266 3907 425 3969 πείας
451 3907 631 3977 ἔργον,
652 3909 917 3974 ὡσαύτως
948 3909 1218 3980 παρῆλθε.
1250 3910 1376 3972 Τοῖς
1412 3908 1596 3971 αὐτοῖς
1630 3907 1687 3961 δὲ
1726 3906 1853 3961 τού-

264 4016 377 4062 τοις
405 4000 500 4051 καὶ
524 4001 623 4069 τῆς
646 4002 1055 4073 προειρημένης
1087 4000 1196 4055 τῶν
1224 4001 1531 4072 Γαληνείων
1585 3999 1860 4069 συνὸψεως

264 4090 361 4142 τοῦ
419 4094 641 4160 κρατεῖν
700 4092 767 4145 ἂν
845 4090 1287 4163 ὑπαναχωροῦσα
1343 4091 1451 4161 εἰη.
1521 4089 1684 4144 Ἀλλά
1752 4090 1861 4161 γὰρ

266 4182 443 4249 ἔγωγε
474 4183 640 4253 φαίην
674 4183 739 4237 ἂν
766 4184 841 4248 ὠς
880 4185 1023 4239 κατὰ
1051 4184 1150 4254 τὴν
1190 4183 1473 4256 παροῦσαν
1501 4184 1610 4237 τῶν
1644 4183 1860 4258 ἀνθρώ-

268 4292 388 4328 πων
450 4275 723 4346 ρᾳθυμίαν
764 4277 859 4330 καὶ
908 4277 1005 4348 τὴν
1035 4278 1165 4348 περί
1194 4278 1263 4330 τὰ
1296 4278 1432 4331 ἄλλα
1460 4278 1662 4343 μᾶλλον
1685 4275 1863 4348 ὁρμὴν

268 4368 301 4437 ἦ
336 4367 467 4437 περὶ
496 4361 571 4420 ὧν
606 4371 638 4438 ἡ
667 4369 929 4441 θεραπεία
977 4370 1348 4441 κατορθωθείη
1417 4372 1531 4434 τοῖς
1568 4371 1861 4440 κάμνουσι,

268 4458 475 4525 ταύτην
512 4460 817 4530 ἐκμελετᾷν
848 4464 947 4529 τὴν
976 4461 1294 4531 συναγωγὴν
1318 4461 1427 4515 τῶν
1455 4461 1631 4516 ἄλλων
1660 4459 1864 4530 μᾶλλον

273 4550 709 4620 σπουδασμάτων
755 4551 881 4622 χρὴ,
939 4553 1176 4623 μάλιστά
1200 4570 1262 4622 γε
1300 4554 1446 4617 ὅσοις
1504 4552 1580 4624 μὴ
1644 4552 1782 4622 πρὸς
1805 4551 1866 4604 τὸ

273 4641 438 4710 βάθος
500 4642 601 4711 τῆς
657 4644 910 4715 ἰατρικῆς
944 4645 1179 4715 θεωρίας
1223 4645 1416 4699 ὲλάσαι
1453 4643 1548 4697 καὶ
1592 4643 1691 4714 τὴν
1723 4644 1866 4696 κατὰ

274 4733 625 4801 φυσιολογίαν
685 4737 879 4803 σοφίαν
904 4753 960 4788 τε
996 4737 1090 4789 καὶ
1138 4735 1401 4805 ἀλήθειαν
1465 4734 1669 4796 σκοπός
1717 4735 1864 4786 ἐστιν

276 4826 548 4893 ἀνευρεῖν,
589 4825 729 4895 πρὸς
765 4826 933 4895 μόνην
968 4825 1023 4877 δὲ
1052 4824 1149 4896 τὴν
1175 4825 1281 4878 τῶν
1306 4824 1432 4896 {298
1458 4823 1554 4894 IL]
1590 4822 1865 4892 σωμάτων

278 4914 577 4984 θεραπείαν
608 4917 640 4983 ἡ
671 4916 930 4985 πρόθεσις
993 4917 1193 4986 ἀφορᾷ,
1248 4916 1344 4969 καὶ
1412 4915 1575 4985 μηδὲν
1603 4914 1711 4967 τῶν
1738 4914 1867 4985 περὶ

280 5006 447 5077 αὐτὴν
474 5006 568 5060 ἐπὶ
609 5006 710 5076 τῆς
736 5006 925 5077 χρείας
954 5007 1222 5077 ὑστερεῖν.
1252 5008 1378 5068 Τοῖς
1411 5006 1518 5077 γὰρ
1556 5005 1656 5069 τὰς
1696 5005 1867 5067 ἰάσεις

283 5099 449 5150 νόσων
503 5099 799 5162 ἀπελάσεις
874 5098 1151 5168 ἑλομένοις
1203 5097 1522 5168 ἐμφανίζειν
1572 5097 1641 5150 δι’
1685 5098 1865 5168 ἔργων

282 5189 437 5240 τοῦτο
460 5190 522 5241 τὸ
559 5189 766 5259 βιϐλίον
812 5190 1091 5260 ἐπιμελῶς
1121 5188 1598 5259 μεταχειρίζεσθαι
1641 5188 1739 5253 δεῖ,
1774 5188 1869 5241 καὶ

282 5280 377 5346 τὴν
399 5281 595 5353 σχολὴν
628 5284 709 5346 εἰς
734 5283 867 5335 αὐτὸ
900 5282 1308 5353 συντεταμένην
1332 5283 1370 5313 ¹¹
1425 5281 1590 5350 ἔχειν,
1629 5281 1723 5333 καὶ
1749 5282 1776 5333 ὅ
1804 5298 1867 5348 γε

292 5371 522 5436 μεισθεὶς
555 5375 623 5444 τῇ
656 5374 972 5445 παραινέσει
1005 5376 1062 5429 ὲν
1095 5375 1234 5444 αὐτῇ
1276 5376 1343 5444 τῇ
1378 5372 1541 5443 πείρᾳ
1582 5372 1642 5425 τὸ
1684 5373 1874 5442 κέρδος

289 5462 530 5533 εὑρήσει.

2012 2351 2211 2420 ιεια
2261 2346 2361 2415 Qui
2409 2346 2629 2417 quidem
2681 2339 2842 2408 hujus
2900 2338 3005 2391 viri
3036 2337 3187 2391 labor
3231 2333 3519 2405 (quantum

1948 2455 2048 2509 ego
2066 2450 2397 2508 cognoscere
2427 2434 2600 2505 potui)
2625 2431 2870 2502 λοι-ἰδιωῑί
2895 2442 3179 2501 synopses,
3206 2426 3321 2480 sive
3360 2438 3520 2492 quam

1952 2530 2253 2594 Eustatltio,
2288 2529 2405 2582 sive
2437 2542 2603 2596 quam
2654 2524 2899 2590 Eunapio
2950 2515 3249 2587 inscripsit,
3287 2515 3339 2568 in
3401 2528 3521 2565 ont-

1950 2622 2109 2675 nibus
2129 2627 2367 2689 superat.
2403 2617 2585 2677 Neque
2616 2614 2761 2669 enim
2790 2627 2856 2667 eo
2872 2610 3045 2665 solum
3073 2606 3350 2678 praecedit,
3380 2603 3523 2674 quod

1960 2726 2151 2768 causas
2178 2711 2390 2771 reddat,
2418 2708 2670 2777 quodque
2696 2704 3026 2766 dinotiones,
3064 2698 3435 2770 peruotiones,
3463 2709 3527 2748 ac

1957 2802 2302 2856 deﬁnitiones
2338 2797 2525 2853 alierat
2555 2813 2570 2852 :
2607 2810 2795 2850 verum
2827 2807 2893 2846 eo
2949 2793 3138 2856 etiam,
3178 2787 3321 2858 quod
3356 2802 3519 2841 cura-

1956 2896 2132 2949 tiones
2163 2890 2434 2961 copiosius
2485 2888 2682 2941 tradat.
2718 2884 2901 2954 Neque
2943 2897 3158 2936 rursum
3214 2880 3313 2933 hos
3367 2876 3529 2953 modo

1958 2993 2222 3039 tractatus
2241 2980 2574 3050 conspicitur
2596 2991 2874 3047 superare,
2917 2974 3009 3028 sed
3038 2984 3092 3028 et
3131 2984 3466 3041 quatcnuque
3496 2988 3526 3022 e

1959 3077 2166 3133 Caleno
2188 3074 2276 3130 ille
2300 3075 2354 3128 in
2385 3073 2654 3140 epitomen
2678 3078 2935 3123 accurate
2956 3064 3166 3133 redegit
3200 3086 3212 3119 :
3248 3072 3360 3116 tum
3387 3062 3527 3130 quod

1879 3140 1922 3199 α
1958 3169 2163 3238 majore
2214 3181 2338 3222 cum
2374 3162 2768 3235 perspicuitate
2822 3173 2975 3213 suam
3039 3154 3342 3211 doctrinam
3398 3167 3529 3222 pro-

1953 3270 2133 3331 ponat,
2168 3268 2282 3313 tum
2316 3258 2477 3313 etiam
2496 3256 2637 3326 quod
2660 3254 2727 3308 de
2755 3253 2998 3323 pluribus
3050 3258 3172 3319 agat
3206 3247 3432 3302 morbis.
3461 3246 3527 3300 At

1957 3368 2081 3409 cmn
2116 3350 2355 3405 Oribasii
2407 3347 2750 3411 collectione,
2803 3360 2923 3415 quae
2972 3342 3315 3412 septuaginta
3361 3340 3531 3392 libros

1954 3444 2352 3515 complectitur,
2386 3442 2730 3497 committere
2767 3453 2826 3494 se
2854 3452 3018 3492 ausus
3075 3435 3214 3490 Aetii
3250 3434 3421 3497 labor,
3454 3432 3533 3483 in-

1955 3538 2128 3593 l'erior
2182 3536 2417 3591 fortasse
2442 3533 2758 3601 judicetur:
2796 3540 2910 3585 tum
2942 3527 3088 3598 quod
3142 3525 3529 3581 tractationem

1959 3630 2027 3684 de
2061 3627 2337 3684 anatomia
2372 3633 2684 3696 praetereat,
2710 3637 2876 3696 quam
2910 3620 2998 3674 illa
3034 3617 3328 3690 explicavit
3358 3633 3371 3670 :
3415 3622 3529 3668 tmn

1958 3724 2100 3793 quod
2124 3722 2617 3777 considerationem
2647 3718 2715 3772 de
2758 3731 2856 3769 usu
2891 3715 3147 3784 partium,
3201 3726 3321 3781 qure
3353 3709 3528 3780 philo-

1958 3813 2115 3884 sophi
2139 3813 2319 3883 potius
2343 3819 2488 3876 erat,
2513 3825 2675 3880 quam
2710 3804 3163 3862 medicicurautis
3190 3818 3345 3873 Opus,
3379 3799 3534 3857 simi-

1963 3907 2086 3959 liter
2118 3905 2207 3959 hic
2256 3902 2628 3972 prmtermisit.
2671 3898 2812 3965 Quin
2844 3908 2899 3953 et
2924 3899 3142 3951 easdem
3195 3895 3422 3950 forsitan
3458 3892 3531 3947 ob

1961 4010 2156 4052 causas
2216 3994 2465 4049 nonnihil
2514 3992 2695 4055 cedat,
2742 4000 2803 4045 ut
2854 3990 3030 4042 minus
3086 3987 3231 4041 illam
3263 4001 3293 4039 e
3346 3984 3533 4039 Galeui

1963 4089 2182 4158 scriptis
2209 4086 2494 4142 collectam
2516 4084 2810 4153 epitomam
2842 4082 3050 4135 vincat.
3085 4079 3280 4134 Verum
3304 4078 3533 4130 dixerim

1964 4180 2213 4248 equidem
2271 4175 2670 4246 (animadversa
2727 4186 2848 4239 qua:
2901 4184 3046 4225 nunc
3118 4178 3203 4223 est
3259 4167 3535 4221 hominum

1969 4269 2320 4340 negligentia,
2352 4277 2405 4322 et
2436 4265 2793 4320 inclinatione
2844 4265 3054 4332 majore
3088 4262 3139 4315 itt
3186 4258 3289 4312 alia
3326 4257 3530 4315 omnia,

1970 4376 2131 4430 quam
2163 4363 2213 4414 in
2239 4376 2324 4426 ea,
2359 4357 2559 4428 quibus
2607 4370 2879 4425 aegrorum
2928 4354 3139 4409 curatio
3194 4347 3531 4422 perficiatur)

1970 4454 2112 4508 hanc
2138 4453 2512 4507 collectionem
2549 4466 2661 4521 pra:
2689 4449 2809 4504 aliis
2833 4448 3053 4515 scriptis
3082 4447 3138 4498 in
3171 4458 3326 4499 usum
3361 4440 3533 4495 dedu-

1974 4546 2176 4601 cenda:
2204 4546 2270 4600 iis
2304 4546 2635 4614 priesertim,
2678 4542 2877 4611 quibus
2937 4537 3328 4595 abstrusiorem
3367 4532 3539 4585 medi-

1973 4642 2152 4697 cinam
2171 4640 2425 4707 scrutari,
2445 4648 2537 4692 aut
2554 4636 2903 4709 physiologia‘
2919 4632 3163 4687 subsidio
3180 4627 3540 4697 cognitionem

1972 4744 2026 4788 et
2064 4732 2350 4787 veritatem
2382 4729 2663 4797 consequi,
2692 4725 3026 4796 propositum
3067 4736 3170 4774 non
3206 4729 3309 4782 est,
3345 4716 3440 4771 sed
3475 4717 3540 4768 ad

1971 4826 2141 4883 solam
2195 4838 2485 4891 corporum
2544 4819 2877 4874 medicinam
2933 4823 3239 4882 respectum
3318 4810 3540 4871 habere,

1974 4918 2229 4984 tmlloque
2260 4913 2402 4984 quod
2429 4912 2494 4967 ad
2528 4912 2645 4981 ejus
2678 4926 2831 4962 usmn
2871 4907 3138 4977 pertineat
3169 4903 3411 4959 destitui.
3442 4901 3544 4966 Qui

1975 5011 2116 5065 enim
2136 5011 2308 5077 reipsa
2324 5006 2701 5060 demonstrare
2719 5005 2905 5056 volent
2928 4996 3304 5053 curationibus
3332 4994 3548 5047 morbos

1973 5100 2189 5171 depelli,
2220 5115 2315 5153 eos
2333 5100 2476 5152 hunc
2508 5096 2705 5151 librum
2729 5092 2979 5145 manibus
3011 5089 3303 5159 diligenter
3350 5096 3545 5145 terere,

1974 5194 2256 5258 eidemque
2299 5202 2520 5258 operam
2562 5203 2624 5239 ac
2680 5182 2924 5239 studium
2988 5193 3191 5232 navare
3252 5173 3544 5245 oportebit.

1980 5284 2077 5338 Cui
2116 5280 2475 5336 admonitioni
2509 5278 2755 5348 quisquis
2797 5271 3032 5342 parebit,
3070 5286 3151 5323 na:
3177 5269 3264 5325 ille
3291 5282 3411 5322 mox
3451 5277 3549 5318 ex-

1982 5374 2246 5443 periundo
2283 5368 2485 5425 laboris
2517 5368 2599 5422 sui
2638 5366 2870 5420 fructum
2907 5360 3129 5417 referet.

1580 5636 1816 5693 VARI/El
1860 5634 2262 5693 LECTIONES.

364 5750 383 5776 '
410 5751 658 5826 xai‘zijv‘]
686 5752 784 5809 κάν
807 5754 904 5826 τὴν
932 5756 996 5810 Α.
1075 5757 1095 5789 ⁷
1126 5754 1160 5809 ἀ
1191 5754 1233 5810 Α
1263 5749 1358 5811 ειῖι
1395 5772 1452 5821 ς.
1532 5755 1553 5786 ⁸
1585 5751 1848 5817 διατεθεὶς
1880 5768 1939 5816 ς.
2015 5752 2035 5784 ⁸
2088 5747 2232 5823 ἥτις]
2266 5749 2398 5812 εἴτις

301 5822 627 5892 τεταγμένην
647 5822 713 5887 ς.

2452 5763 2594 5805 corr.
2629 5748 2694 5804 Α.
2774 5744 2820 5783 ⁸³
2852 5744 2969 5820 καὶ]
2998 5742 3119 5802 libri
3152 5744 3270 5798 κάν.
3349 5738 3391 5772 ¹¹
3431 5754 3551 5791 τυν-
