3940 6404
525 430 537 513 ;
1268 456 1474 518 cxxu.

811 541 956 596 [obii
988 548 1231 601 monac/ti
1268 550 1651 611 Cammeutarii
1686 559 1813 614 libri
1839 578 1914 616 Ix.

655 629 872 683 Lectum
907 631 1049 688 Jobii
1086 641 1336 694 monachi
1388 660 1526 711 opus
1563 647 1718 702 libris
1749 666 1963 718 novem,
2001 654 2153 723 capi—

587 719 727 774 tibus
746 737 872 774 vero
901 725 1138 794 quinque
1172 730 1386 796 quidem
1427 735 1533 790 illis
1574 752 1733 806 supra
1767 741 2148 811 quadraginta,

582 810 677 863 sed
707 813 906 880 quibus
934 816 1035 868 alia
1056 821 1312 875 nonnulla
1343 825 1742 894 iuterjiciautur
1771 848 1786 895 ;
1812 832 1925 899 ipse
1955 844 2151 890 auctor

581 901 795 956 titulum
836 907 975 962 ilbro
1001 911 1192 966 dedit:
1234 916 1308 967 De
1353 915 1517 970 Verbo
1563 919 1844 975 incarnato
1885 941 2149 981 concaten-

577 994 772 1049 tarius.
807 996 1099 1067 Propterea
1161 1004 1439 1072 nimirum,
1473 1010 1616 1075 quod
1677 1011 1759 1083 (ut
1789 1013 1888 1087 ait)
1947 1017 2150 1074 multas

581 1085 669 1140 hic
699 1089 763 1142 de
810 1087 944 1144 Filio
981 1095 1070 1146 Dei
1104 1095 1321 1150 homine
1354 1101 1685 1167 quaestiones
1736 1116 2055 1173 pertractet.
2091 1112 2148 1164 In

580 1182 882 1234 tractandis
916 1183 1079 1252 igitur
1144 1193 1534 1246 controversiis
1585 1197 1651 1264 (si
1709 1203 2014 1265 generatim
2061 1204 2146 1258 lo-

578 1275 786 1340 quaris)
823 1290 928 1327 non
986 1282 1329 1343 paenitendus
1381 1285 1596 1350 quidem
1646 1288 1731 1341 ille
1800 1302 1901 1358 est,
1934 1305 2028 1348 aut
2060 1311 2146 1352 re-

578 1360 812 1416 missus:
876 1374 925 1417 at
977 1383 1080 1420 non
1138 1369 1208 1420 ita
1263 1371 1425 1424 etiam
1489 1388 1634 1430 recte
1677 1379 1728 1432 iu
1783 1382 2148 1441 solutionibus

578 1454 843 1517 procedit.
869 1455 1002 1508 Nam
1037 1467 1094 1510 ut
1126 1461 1358 1516 maxime
1417 1465 1741 1522 solutionem
1773 1471 1827 1524 in
1872 1474 2147 1545 plerisque

576 1543 843 1612 vestiget:
893 1545 946 1599 in
993 1550 1314 1616 quibusdam
1373 1555 1590 1610 interim
1640 1562 1753 1614 sola
1794 1564 1892 1631 illi,
1951 1567 2145 1638 181b

576 1647 694 1698 qua:
728 1648 973 1702 apparet,
1013 1644 1224 1708 species
1275 1646 1567 1714 satisfacit,
1603 1661 1660 1704 ut
1694 1655 1825 1707 nihil
1857 1656 2020 1712 altius
2078 1659 2145 1712 ad

574 1725 864 1778 certiorem
901 1731 1180 1785 veritatem
1219 1745 1506 1803 penetret:
1539 1742 1664 1808 quin
1694 1745 1871 1801 ethoc
1894 1746 2146 1804 fortassis

1781 321 2048 419 P'HOTII
2091 359 2598 422 PATRIARCHJE
2637 363 2747 423 ρι’.
3709 367 3789 429 ιιι

2194 491 2242 547 Α
2933 475 3102 532 ΣΚΒ¹.

2631 569 2857 624 Ἰωϐιου
2893 567 3165 637 μαλθακοῦ
3187 569 3356 638 λόγοι
3383 572 3455 626 θ’.

2341 658 2679 730 ’Λνεγνώσθη
2729 661 2933 730 βιϐλίον
3004 660 3206 714 Ἰωϐίου
3259 659 3494 731 μοναχοῦ
3545 661 3606 715 ἐν
3654 661 3793 732 λόγοις

2261 751 2360 821 μὲν
2394 750 2460 816 θ’,
2513 752 2829 821 κεφαλαίοις
2886 753 2944 806 δὲ
3003 760 3054 823 μ’
3080 754 3172 806 καὶ
3197 759 3259 817 ε’,
3313 748 3393 816 οἷς
3445 752 3794 811 συνυποϐάλλει

2259 847 2351 898 καί
2384 862 2508 899 τινα
2539 846 2722 916 ἕτερα.
2751 846 2862 916 Τὴν
2893 845 2951 899 δὲ
2981 845 3074 899 τοῦ
3100 845 3305 916 βιϐλίου
3333 845 3644 935 ἐπιγραφὴν
3662 848 3795 902 Οίκο-

2256 936 2514 1004 νομικὴν
2538 937 2850 1008 ἐπέγραψεν
2871 937 2900 990 ὁ
2930 936 3197 1003 συντάξας
3220 937 3651 1005 Πραγματείαν,
3673 937 3794 1004 διότι,

2258 1029 2443 1097 φησὶν,
2486 1031 2544 1082 ὲν
2582 1029 2731 1100 αὑτῷ
2793 1028 2966 1082 πολλὰ
3015 1027 3125 1082 τῶν
3184 1029 3314 1098 περὶ
3365 1028 3465 1097 τῆς
3523 1029 3798 1097 οἰκονομίας

2257 1122 2569 1191 περιέχεται
2631 1121 2990 1193 ζητημάτων.
3038 1122 3127 1175 Ἐν
3167 1121 3266 1188 μὲν
3305 1119 3398 1174 οὖν
3423 1122 3544 1184 ταῖς
3579 1121 3800 1189 ἀπορίαις

2256 1214 2485 1266 καθόλου
2524 1215 2691 1282 φάναι
2716 1219 2744 1268 ὁ
2769 1215 3123 1286 συγγραφεὺς
3148 1215 3248 1267 οὐκ
3276 1215 3506 1282 ἀγεννής
3535 1215 3684 1264 ἐστιν
3701 1212 3798 1267 οὕτε

2255 1307 2442 1369 ἄτονος
2468 1325 2482 1338 ·
2513 1308 2609 1376 οὐχ
2642 1307 2842 1377 ὁμοίως
2874 1309 2930 1360 δὲ
2985 1306 3076 1359 διὰ
3135 1304 3244 1359 τῶν
3295 1304 3503 1358 λύσεων
3564 1303 3798 1371 πρόεισιν,

2254 1395 2367 1450 ἀλλ’
2400 1397 2457 1447 ἐν
2485 1397 2697 1459 πολλοῖς
2733 1397 2832 1466 μὲν
2858 1396 3158 1466 ίχνηλατῶν
3185 1395 3442 1465 τυγχάνει
3480 1395 3578 1462 τῆς
3603 1393 3797 1460 λύσεως,

2253 1488 2429 1540 ἔστιδ’
2465 1487 2548 1556 ἐφ’
2580 1481 2654 1541 ὧν
2695 1490 2807 1550 τοῖς
2837 1487 3183 1557 φαινομένοις
3211 1487 3484 1556 ἀρκεῖται,
3519 1485 3800 1554 περαιτέρω

2256 1579 2420 1648 μηδὲν
2459 1579 2592 1649 πρὸς
2620 1580 2719 1650 τὴν
2738 1579 2836 1648 τῆς
2858 1578 3114 1647 ἀληθείας
3156 1575 3483 1647 ὲμϐαθόνων
3516 1573 3797 1645 ἀκρίϐειαν.

2254 1671 2406 1738 Τάχα
2442 1670 2486 1722 δ’
2515 1671 2579 1724 ἄν
2629 1687 2712 1733 τις
2761 1669 2950 1739 ἔτερος
2995 1669 3139 1722 είποι
3201 1669 3296 1722 καὶ
3349 1666 3444 1720 τοῦ
3509 1667 3802 1736 φαινομένου

2254 1763 2512 1825 πολλάκις
2544 1762 2642 1832 τὴν
2691 1761 2856 1816 αὐτοῦ
2895 1760 3130 1830 σπουδὴν
3155 1759 3536 1828 καθυφίεσθαι.
3561 1757 3675 1827 Τῆς
3698 1759 3803 1826 μέν·

574 1813 718 1868 alius
772 1818 1042 1888 quispiam
1105 1824 1329 1891 dixerit,
1367 1829 1464 1898 ipsi
1516 1833 1679 1886 etiam
1725 1851 1847 1891 sese
1895 1838 2130 1894 olferent‘

2246 1813 2325 1908 τοι
2348 1813 2756 1923 γενεόσεϐείας,
2809 1854 2909 1907 ὅσα
2939 1869 3002 1922 γε
3039 1854 3139 1923 ἐμὲ
3165 1852 3390 1924 εἰδέναι,
3417 1850 3474 1904 ἓν
3501 1868 3561 1903 τε
3588 1849 3668 1915 τῷ
3690 1868 3802 1921 παρ-

575 1907 772 1972 speciei
805 1921 1057 1966 conatum
1074 1915 1191 1983 ejus
1214 1921 1430 1976 cedere.
1465 1923 1576 1978 Etsi
1609 1942 1729 1979 cum
1760 1928 1812 1980 in
1834 1930 1933 1983 hoc
1955 1946 2142 2000 Opere,

577 2007 686 2051 tum
727 2001 778 2054 in
825 2017 890 2056 eo
919 2007 1063 2073 quod
1092 2019 1285 2072 contra
1319 2011 1581 2070 Severum
1612 2019 1854 2088 scripsit,
1889 2034 1944 2076 et
1981 2036 2144 2081 recta)

573 2091 852 2160 religionis
882 2109 968 2151 est
1017 2098 1180 2169 (quod
1212 2106 1425 2172 quidem
1462 2109 1892 2184 observaverim)
1927 2131 2138 2183 amans,

573 2180 841 2252 laudeque
868 2188 1081 2257 dignus,
1128 2202 1181 2246 et
1216 2197 1512 2262 diligentia:
1559 2218 1668 2256 non
1724 2211 2142 2264 contemnenda:

571 2281 736 2341 atque
774 2276 826 2329 in
852 2294 1131 2336 sacrarum
1161 2296 1421 2354 praetcrea
1447 2287 1850 2359 Scripturarum
1870 2311 2145 2351 connnen-

2246 1946 2360 1999 όντι
2419 1945 2561 2014 λόγῳ
2603 1947 2696 2000 καὶ
2760 1946 2817 1999 ὲν
2858 1948 2924 2016 τῇ
2985 1944 3128 1998 κατὰ
3178 1943 3419 2014 Σεϐήρου
3478 1944 3804 2014 πραγματείᾳ

2245 2037 2479 2105 ἐραστής
2511 2036 2568 2086 τέ
2593 2038 2741 2088 ἐστιν
2771 2036 3106 2100 ἁξιέπαινος,
3176 2036 3270 2088 καὶ
3301 2033 3361 2087 τὸ
3392 2033 3679 2102 φιλόπονον
3723 2033 3803 2086 οὐκ

2244 2127 2523 2196 ἀδόκιμος,
2570 2125 2665 2179 καὶ
2694 2129 2792 2196 τῆς
2837 2125 2943 2179 τῶν
2977 2125 3136 2197 ίερῶν
3169 2126 3210 2178 Γ
3214 2124 3404 2197 ραφῶν
3462 2124 3692 2195 μελέτης
3723 2123 3803 2214 οὐκ

2240 2222 2487 2288 ἄπειρος.
2543 2219 2630 2285 Ἐξ
2687 2219 3059 2287 ἐπιτάγματος
3117 2219 3215 2289 μὲν
3262 2214 3356 2273 οὖν
3397 2216 3545 2278 τινος
3589 2216 3695 2269 τῶν
3730 2216 3789 2266 ἐπ

2241 2313 2410 2382 ἀρετῇ
2468 2310 2758 2382 γνωρίμων
2826 2311 2916 2364 τὸν
2963 2311 3324 2382 προκείμενον
3371 2307 3625 2364 ὑπελθεῖν
3665 2306 3800 2359 πόνον

575 2366 780 2420 talione
839 2371 1125 2442 insigniter
1169 2380 1521 2436 exercitatus.
1587 2382 1748 2438 Jussu
1808 2398 1992 2443 autem
2041 2389 2144 2444 viri
2241 2404 2530 2474 διηγεῖται.

568 2457 846 2525 cujusdam
909 2464 1110 2522 virtute
1153 2470 1321 2536 lelari
1389 2474 1456 2527 ad
1511 2475 1657 2532 hunc
1733 2493 1853 2535 sese
1905 2480 2144 2538 laborem

568 2563 883 2618 aggressum
916 2556 1101 2614 refert.

1008 2689 1124 2746 Lib.
1166 2709 1183 2748 ι
1215 2706 1268 2750 et
1290 2712 1350 2750 ιι.
1383 2728 1456 2742 -
1487 2699 1598 2755 Cur
1617 2701 1717 2758 Dei
1754 2703 1930 2761 Filius
1967 2749 1982 2774 ,
2007 2725 2108 2764 non
2146 2707 2326 2775 Pater,
2353 2720 2443 2764 aut
2477 2710 2704 2780 Spiritus
2729 2719 2941 2765 sanctus
2968 2709 3141 2778 factus
3176 2711 3371 2764 homo?

635 2801 687 2856 1.
714 2800 948 2856 Primam
1002 2805 1185 2875 itaque
1231 2807 1495 2865 librorum
1521 2831 1744 2872 suorttm
1774 2821 2130 2888 quaestionem

564 2895 816 2960 proponit
843 2913 856 2948 :
894 2893 1002 2949 Cur
1026 2896 1123 2951 Dei
1151 2897 1328 2956 Filius
1361 2915 1407 2957 et
1449 2923 1552 2960 non
1585 2906 1769 2975 Pater,
1801 2928 1962 2984 neque
2012 2915 2132 2983 Spi-

560 2986 692 3039 ritus
724 2998 937 3041 sanctus
965 2990 1252 3045 humanam
1280 2995 1506 3063 formam
1531 3000 1804 3056 induerit?
1836 3006 1988 3075 cujus
2009 3021 2132 3062 esse

556 3079 874 3146 qusestionis
945 3083 1268 3140 solutionem
1320 3088 1464 3143 hanc
1524 3093 1838 3150 arbitratur.
1900 3096 2129 3164 Quando

557 3167 727 3223 Filius
750 3168 985 3225 Verbum
1012 3183 1094 3228 est
1120 3186 1173 3229 et
1225 3176 1388 3232 homo
1436 3178 1619 3236 Verbo
1667 3195 1833 3253 atque
1890 3187 2127 3257 imagine

2309 2823 2543 2894 Πρώτην
2583 2825 2642 2878 δὲ
2676 2825 2887 2892 τίθησιν
2935 2824 3101 2879 αὑτοῦ
3156 2825 3265 2878 τῶν
3285 2826 3458 2893 λόγων
3498 2829 3543 2858 “
3569 2829 3800 2897 ἀπορίαν,

2235 2914 2340 2968 Διὰ
2397 2916 2453 2968 τί
2483 2917 2516 2968 ὀ
2548 2915 2679 2981 Υἱὸς
2721 2914 2849 2987 [580
2871 2913 2964 2986 IL]
3006 2915 3201 2985 καὶμὴ
3251 2920 3283 2970 ὀ
3319 2919 3525 2987 Πατὴρ
3554 2921 3704 2988 μηδέ
3746 2922 3799 2974 τὸ

2236 3006 2409 3074 ἅγιον
2438 3006 2677 3076 Πνεῦμα
2708 3007 2821 3075 τὴν
2847 3008 3142 3076 ἡμετέραν
3188 3010 3427 3078 μορφὴν
3460 3011 3668 3066 ὑπέδυ.
3709 3013 3804 3065 Καὶ

2235 3097 2423 3150 τούτου
2464 3098 2558 3150 τοῦ
2619 3099 2976 3168 ἀπορήματος
3031 3100 3184 3162 λύσις
3228 3100 3376 3169 αὐτῷ
3399 3101 3700 3171 νομίζεται,
3729 3104 3798 3154 ὅτι

2233 3189 2419 3258 ἐπειδὴ
2444 3189 2612 3254 Λόγος
2645 3192 2672 3244 ὁ
2697 3189 2840 3256 Υἱὸς,
2869 3191 2897 3242 ὁ
2934 3190 2990 3243 δὲ
3022 3191 3307 3262 ἄνθρωπος
3330 3192 3490 3262 Λόγῳ
3519 3196 3610 3246 καὶ
3647 3195 3801 3247 είκόνι

554 3257 649 3314 Dei
677 3261 804 3315 olim
828 3264 1234 3334 cohonestatus,
1269 3270 1418 3325 hisce
1451 3284 1632 3342 postea
1668 3278 1873 3333 excidit
1905 3298 1918 3334 :
1965 3281 2124 3335 Com-

2236 3281 2359 3333 Θεοΰ
2391 3257 2638 3352 τιμηθεὶς
2658 3279 2860 3336 τούτων
2887 3301 2945 3334 τε
2974 3283 3319 3336 διαπέπτωκε
3376 3284 3473 3337 καὶ
3521 3299 3802 3352 παρεσυν-

551 3362 871 3421 paratusque
934 3366 1010 3408 est
1036 3357 1295 3426 jumentis
1371 3364 1762 3436 insipientibus,
1825 3382 1874 3426 et
1933 3376 2126 3432 similis

552 3442 726 3508 lactus
742 3455 816 3498 est
839 3446 1055 3514 ipsis";
1087 3461 1372 3521 propterea
1399 3457 1651 3512 nimirum
1677 3461 1911 3517 Verbum
1943 3467 2009 3520 ad
2033 3483 2126 3525 eos

549 3533 640 3601 qui
666 3534 720 3588 in
742 3535 1274 3596 irrationabilitatcm
1294 3545 1427 3614 lapsi
1449 3561 1607 3603 erant
1623 3554 1878 3621 accessit,
1905 3558 2121 3616 ruinam

548 3634 790 3680 nostram
847 3643 1131 3699 reparans,
1168 3649 1232 3689 ac
1260 3652 1358 3690 nos
1384 3638 1436 3691 in
1466 3641 1749 3709 pristinam
1805 3646 2122 3718 dignitatem

546 3714 883 3781 postliminio
913 3735 1176 3780 revocans
1209 3742 1222 3779 :
1300 3727 1527 3786 Verbum
1571 3736 1732 3800 enim,
1766 3738 1962 3810 inquit,
1994 3761 2120 3800 caro

547 3805 743 3871 factum
770 3821 843 3865 est
876 3812 954 3882 (id
993 3825 1098 3883 est,
1151 3829 1405 3877 naturam
1451 3836 1700 3883 nostram
1735 3831 1788 3885 in
1827 3834 2120 3892 irrationa-

545 3895 807 3954 bilitatem
841 3905 1169 3976 prolapsam,
1203 3923 1258 3967 et
1288 3916 1419 3970 nihil
1450 3916 1562 3983 jam
1607 3921 1985 3992 intelligentia:
2019 3929 2118 3983 ha-

545 3987 783 4059 bentem,
819 3995 912 4050 sed
951 4006 1115 4052 totam
1149 4003 1216 4056 ad
1259 4018 1343 4064 ea.
1378 4022 1498 4074 qme
1534 4011 1718 4066 carnis
1753 4025 1902 4082 sunt,
1956 4019 2116 4074 incli-

545 4089 747 4144 uatam,
783 4090 1098 4159 assumpsit)
1133 4103 1182 4146 et
1231 4095 1485 4153 habitavit
1515 4103 1570 4156 in
1597 4106 1744 4160 nobis
1762 4109 1828 4162 ⁸⁸.
1886 4110 1940 4164 2.
1979 4111 2115 4170 Nam

546 4169 687 4225 hanc
723 4175 891 4229 etiam
919 4179 988 4233 ob
1021 4196 1270 4249 causam,
1308 4187 1408 4253 ait,
1446 4191 1717 4262 virgineos
1745 4212 1934 4254 recens
1964 4201 2116 4258 sinus

540 4273 818 4328 egressura
858 4266 1092 4326 Verbum
1137 4280 1354 4345 excepit
1412 4285 1757 4353 praesepium,
1822 4291 2112 4347 brutorum

540 4366 746 4419 mensa,
801 4357 969 4415 bobus
1010 4372 1173 4434 atque
1237 4371 1407 4426 asinis
1459 4374 1780 4430 alimentum
1837 4383 2107 4450 praebens.

538 4442 718 4498 Bobus
746 4449 988 4516 quidem,
1032 4458 1176 4525 quod
1210 4461 1330 4528 puri
1385 4476 1508 4516 cum
1534 4465 1660 4531 sint,
1686 4442 1890 4524 veteris
1923 4474 2109 4541 populi

535 4531 749 4592 lsraelis
779 4543 1082 4610 symbolum
1117 4550 1443 4621 praeferant;
1484 4557 1654 4612 asinis
1688 4575 1839 4627 vero,
1867 4565 2009 4632 quod
2039 4566 2110 4620 ob

2226 3372 2447 3440 εϐλήθη
2472 3375 2514 3406 ¹³
2548 3374 2672 3440 τοῖς
2713 3373 2963 3439 κτήνεσι
3002 3375 3125 3441 τοῖς
3163 3375 3463 3442 ἀνοήτοις,
3485 3377 3801 3447 meum».

2225 3467 2299 3534 θη
2353 3464 2589 3532 αὐτοῖς·
2642 3465 2734 3519 διὰ
2786 3465 2944 3520 τοῦτο
2972 3467 3001 3520 ό
3051 3467 3224 3534 Λόγος
3270 3469 3384 3532 τοῖς
3456 3470 3537 3533 είς
3595 3469 3801 3537 ἀλογίαν

2225 3557 2484 3611 πεσοῦσιν
2518 3559 2891 3630 ἐπεδήμησεν,
2918 3559 2979 3612 τό
3011 3576 3070 3612 τε
3097 3559 3368 3631 ὀλίσθημα
3391 3561 3552 3632 ἡμῶν
3581 3561 3797 3632 ἐξιώμε-

2224 3667 2313 3711 νος
2332 3651 2427 3704 καὶ
2461 3653 2599 3722 πρὸς
2613 3651 2674 3704 τὸ
2697 3653 2924 3722 ἀρχαῖον
2953 3651 3194 3706 ἀνέλκων
3223 3653 3464 3725 ἀξίωμα.
3483 3654 3547 3708 '0
3564 3656 3741 3725 Λόγος
3760 3654 3799 3690 ¹³

2222 3739 2330 3809 γάρ
2354 3758 2510 3810 φησι,
2540 3741 2697 3812 σὰρξ
2723 3741 2985 3812 ἐγένετο,
3036 3745 3286 3797 τουτέστι
3308 3745 3407 3817 τὴν
3477 3748 3559 3809 είς
3593 3746 3799 3814 ἀλογίαν

2221 3832 2636 3886 καταπεσοῦσαν
2673 3834 2837 3903 φύσιν
2874 3833 3056 3905 ἡμῶν,
3105 3835 3202 3888 καὶ
3238 3836 3404 3907 μηδὲν
3435 3838 3572 3908 πρὸς
3597 3838 3654 3892 τὸ
3687 3855 3796 3892 νοε-

2223 3923 2338 3994 ρὸν,
2393 3925 2523 3994 ὅλην
2553 3925 2608 3978 δὲ
2635 3926 2771 3994 πρὸς
2795 3926 2857 3979 τὸ
2893 3927 3156 3997 σαρκικδν
3182 3927 3585 3992 ἀπονεύσασαν,
3619 3930 3794 3982 ἀνελά-

2219 4015 2365 4081 ϐετο,
2396 4017 2493 4070 καί
2527 4016 2885 4086 ἐσκήνωσεν
2915 4018 2985 4071 ἐν
3013 4019 3178 4087 ἡμῖν.
3238 4019 3338 4072 Διά
3398 4037 3480 4073 τοι
3527 4020 3635 4089 γάρ
3669 4036 3792 4088 φησι

2216 4106 2375 4160 τοῦτο
2428 4107 2521 4162 καὶ
2551 4109 2658 4162 τῶν
2708 4109 3054 4180 παρθενικῶν
3078 4110 3294 4164 κόλπων
3329 4110 3458 4182 ἀρτι
3481 4109 3792 4182 προελθόντα

2216 4200 2307 4253 τὸν
2343 4199 2514 4264 Λόγον
2541 4201 2717 4270 φάτνη
2749 4201 3144 4272 ὑποδέχεται,ή
3180 4201 3289 4255 τῶν
3316 4202 3530 4270 ἀλόγων
3563 4199 3792 4272 τράπεζα

2216 4292 2310 4346 καὶ
2341 4291 2478 4362 βοῶν
2513 4309 2573 4344 τε
2599 4293 2694 4345 καὶ
2724 4293 2860 4346 ὄνων
2881 4295 3102 4365 τροφὸς,
3133 4296 3244 4348 τῶν
3279 4297 3378 4364 μὲν
3409 4294 3506 4348 ἅτε
3537 4295 3600 4363 δὴ
3629 4292 3786 4347 καθα-

2217 4383 2328 4454 ρῶν
2367 4383 2611 4453 σύμϐολα
2663 4385 2938 4455 φερόντων
2996 4388 3091 4440 τοῦ
3143 4385 3377 4442 παλαιοῦ
3420 4387 3653 4458 Ἰσραὴλ,
3688 4385 3786 4493 τὶἷιν

2217 4474 2629 4493 ,ιριηιμιη
2857 4476 2919 4493 ς.
3039 4477 3064 4489 ..
3162 4478 3288 4493 .....
3439 4480 3451 4493 .
3777 4492 3780 4493 ,

2213 4474 2269 4528 δὲ
2292 4475 2378 4527 διὰ
2397 4475 2459 4528 τὸ
2492 4475 2802 4546 ἀκάθαρτον
2823 4476 2882 4529 τὸ
2903 4477 2966 4528 ἐκ
2995 4477 3106 4531 τῶν
3159 4478 3330 4533 ἐθνῶν
3391 4480 3641 4548 σύστημα
3673 4494 3687 4508 ·
3713 4474 3784 4529 ὧν

2214 4566 2473 4636 ἑκάτερον
2503 4566 2687 4638 ἔργοις
2726 4585 2785 4620 τε
2824 4570 2919 4621 καὶ
2949 4569 3214 4640 δόγμασιν
3274 4573 3353 4633 είς
3384 4570 3606 4639 ἀλογίαν
3634 4571 3782 4623 ἀπεν-

537 4623 907 4694 impuritatem
960 4637 1201 4704 gentium
1234 4651 1433 4696 emtum
1490 4623 1922 4714 repraesentem}
1971 4667 2108 4721 quos

2241 4623 2419 4728 XOEvb
2444 4623 2616 4728 Λόγος
2666 4623 3062 4722 ἀνεκαλέσατόί
3089 4661 3164 4725 ὥς
3205 4681 3308 4716 που
3340 4664 3435 4716 καὶ
3463 4623 3507 4715 ό.
3521 4662 3781 4734 προφήτης

536 4724 795 4788 utrosque
820 4722 933 4791 jam
969 4741 1132 4796 opere
1159 4739 1322 4800 atque
1356 4734 1708 4804 opinionibus
1736 4741 1789 4793 in
1815 4741 2105 4798 irrationa-

533 4805 794 4864 bilitatem
830 4813 1074 4883 illapsos,
1128 4818 1364 4877 Verbum
1397 4831 1695 4886 revocavit.
1729 4833 2100 4899 Quemadmo-

2223 4751 2451 4815 Ἠσαίας
2488 4752 2531 4784 ¹⁸
2593 4755 2992 4824 προεμήνυσεν,
3029 4754 3128 4807 Ἔν
3146 4754 3316 4824 μέσῳ
3344 4755 3456 4809 δύο
3493 4754 3642 4816 ζώων
3661 4753 3778 4806 δια-

2210 4843 2509 4912 κεκραγὼς
2535 4845 2866 4913 μνησθήσνῃ
2891 4864 2904 4875 ·
2935 4847 3005 4899 ἐν
3057 4845 3136 4911 τῷ
3161 4847 3412 4916 ἐγγίζειν
3435 4850 3505 4901 τὰ
3526 4849 3623 4913 ἔτη
3660 4847 3778 4898 ἑστι-

529 4895 656 4949 dum
686 4908 740 4954 et
766 4902 963 4960 alicubi
1020 4913 1285 4980 propheta
1343 4917 1512 4974 Isaias
1535 4895 1818 4988 praedixit:
1853 4927 1968 4996 (ιι)
2029 4927 2099 4982 ιη

2236 4895 2692 5003 ’νιόσθιήσιῃῖήκαὶ
2725 4895 3180 5008 τῖὴνοσαγήνηνῗδὲ
3200 4895 3310 5009 ’τὴν
3345 4941 3402 4992 ὲν
3433 4940 3509 5011 τῷ
3551 4940 3777 5005 Εὐαγγεο

527 4987 700 5041 medio
737 4992 961 5050 duorum
991 5003 1304 5058 animalium
1337 5012 1464 5062 dum
1501 5011 1840 5082 clamaveris,
1901 5035 2100 5074 memo-

529 5075 767 5146 raberis;
829 5100 948 5139 cum
993 5094 1466 5163 apprOpinquarint
1517 5107 1672 5169 anni,
1740 5112 2096 5179 cognosceris.

595 5213 640 5244 9‘
669 5210 816 5271 Psal.
851 5234 1040 5290 xcvm,
1081 5224 1170 5282 15.
1245 5227 1468 5288 "Joan.
1496 5249 1534 5302 ι,
1564 5235 1650 5291 li.

2202 5025 2365 5096 λίῳ¹⁶
2395 5027 2530 5096 φησὶ
2571 5027 2868 5099 μαρτύριον
2930 5024 3070 5082 εἶναι
3101 5030 3202 5100 τῆς
3258 5031 3495 5103 ἐσχάτης
3549 5029 3775 5096 ἀλογίας,

2202 5119 2283 5182 εἰς
2310 5119 2376 5188 ἢν
2403 5119 2710 5190 κατηνέχθη
2734 5119 2794 5172 τὸ
2821 5119 3183 5192 ἀνθρώπινον,
3247 5121 3391 5176 ὥστε
3446 5123 3540 5179 καὶ
3595 5118 3775 5192 ἰχθύων

1808 5353 2047 5412 VARUE
2076 5357 2482 5415 LECTIONES.

598 5423 654 5536 ἐὶ
673 5425 1268 5536 τῶχιλὲξβὲνῆὐξρῆῆ
1302 5443 1701 5536 miniaceam]
1737 5450 1878 5507 Psal.
1939 5468 2130 5517 xum,
2159 5454 2247 5508 i5.
2324 5454 2366 5486 “
2409 5457 2438 5509 ὁ
2476 5455 2818 5529 λόγος].Ιοαιι.
2852 5473 2892 5525 ι,
2924 5458 3013 5514 ﬂ.
3092 5460 3134 5493 ¹⁸
3175 5460 3427 5536 Ἦσαϊας]
3484 5463 3586 5518 imo
3613 5461 3762 5515 Abac.

526 5493 676 5556 m3.
749 5498 794 5529 “
831 5493 1050 5576 εὗαγγ.]
1079 5493 1268 5563 Matth.
1301 5493 1551 5582 ινιιξξῖ

2048 5613 2186 5670 ΝΟΤ
2200 5614 2281 5670 (Ε.

597 5685 710 5776 (όέ)
731 5685 858 5776 'Non
889 5689 1001 5776 hac
1032 5695 1441 5776 apud__lsaia_rn,
1475 5705 1569 5776 sed
1603 5708 1745 5776 apud
1769 5708 2062 5773 Habacum,

537 5770 596 5822 ιι,
639 5755 696 5823 2,
730 5757 1004 5830 leguntur,
1033 5755 1276 5826 nonnihil
1306 5755 1498 5828 aliter:
1511 5755 2060 5848 'v’nié'iu’a'é'ﬁéiani

2173 5722 2299 5837 suo:
2347 5713 2413 5771 ad
2441 5713 2606 5772 Vetus
2638 5715 3046 5774 Testamentum
3089 5718 3264 5776 Gram.
3288 5736 3397 5777 sec.
3425 5719 3582 5785 LXX,
3608 5717 3752 5772 item.

2173 5797 2199 5837 e
2241 5798 2253 5835 l
2286 5823 2301 5837 .

2169 5797 2301 5838 ευιι.
