4014 6452
307 466 409 528 737

1403 468 1924 529 BIBLIOTHECA.
1949 494 2016 504 --
2051 470 2212 529 COD.
2238 469 2517 530 CCXXII.

3472 473 3574 537 738

307 584 415 627 τών
442 573 807 641 ἀφωνοτάτων
831 589 890 625 τε
916 572 1011 627 καὶ
1039 572 1400 642 ἀλογωτάτων
1432 576 1599 646 μηδὲν
1654 578 1885 645 διενηνο-

2000 577 2053 629 '5.
2088 575 2354 646 Sagenam
2411 592 2628 648 quoque
2662 576 2714 630 in
2759 576 3075 647 evangelica
3135 579 3392 649 parabola
3422 586 3573 635 testi-

305 667 494 737 χέναι·
532 663 626 728 οὓς
656 666 690 734 ὴ
718 664 949 735 σαγήνη,
1004 664 1165 735 δῆλον
1190 665 1246 717 δὲ
1284 666 1359 730 ὡς
1387 669 1541 737 παρά
1582 667 1678 721 τοῦ
1726 669 1900 737 Λόγου

306 757 590 827 βληθεῖσα,
648 756 856 810 ἐκεῖθέν
876 773 935 811 τε
960 758 1256 827 ἀνήγαγεν,
1281 760 1376 811 καὶ
1400 760 1462 811 τὸ
1485 760 1701 827 λογικὸν
1729 760 1902 830 δῶρον

303 852 420 911 τοῖς
472 848 859 920 ἐστερημένοις
909 849 1441 920 ἀπεκατέστησενίτ.
1500 852 1611 905 Καὶ
1637 852 1698 904 τὸ
1738 853 1901 923 πρόσ-

302 958 497 1011 ταγμα
531 941 589 994 δὲ
615 942 708 994 τοῦ
741 943 938 1011 Λόγου,
963 942 991 995 ὃ
1021 944 1048 996 ὁ
1086 944 1293 1015 Πέτρος
1356 942 1537 997 λαϐὼν
1580 945 1675 997 καὶ
1714 946 1775 998 τὸ
1806 943 1899 998 τοῦ

308 1032 492 1102 ἰχθύος
520 1032 792 1096 διανοίξας
823 1034 999 1103 στόμα
1031 1026 1159 1103 εὗρε
1196 1033 1462 1105 στατῆρα,
1518 1032 1787 1105 σύμϐολον
1826 1031 1903 1089 εἴ-

301 1143 390 1179 ναι
429 1123 523 1177 τοῦ
575 1124 683 1178 ύπδ
727 1125 825 1178 τοῦ
854 1126 1028 1195 Λόγου
1071 1126 1173 1196 τῆς
1195 1127 1418 1196 ἀλογίας
1443 1128 1777 1198 ἀπολυθῆναι
1809 1130 1901 1183 τὸν

303 1218 593 1287 ἄνθρωπον
613 1232 627 1246 ·
650 1216 744 1269 τὸν
780 1216 880 1287 μὲν
912 1219 1026 1290 γάρ
1059 1220 1302 1291 στατῆρα
1336 1220 1727 1291 συμϐάλλεινίο
1765 1232 1901 1291 φησι,

302 1309 365 1361 τὸ
400 1307 680 1378 βασιλικὸν
721 1309 967 1380 νόμισμα
1018 1310 1145 1383 [299
1177 1310 1271 1384 Η.]
1326 1313 1446 1383 ἤτοι
1500 1312 1569 1366 τά
1599 1313 1899 1366 δεσποτικὰ

300 1398 460 1467 λόγια
490 1399 584 1471 (τὰ
628 1401 802 1472 λόγια
842 1401 951 1473 γὰρ
1010 1404 1232 1473 Κυρίου
1253 1404 1535 1472 ἀργύριον
1560 1404 1902 1472 πεπυρωμέ-

303 1501 465 1571 νον),
486 1502 549 1555 τὸ
574 1500 631 1555 δὲ
656 1501 714 1556 ὲν
734 1500 811 1572 τῷ
846 1500 1072 1570 στόματι
1099 1496 1405 1568 κεκρύφθαι
1432 1496 1523 1550 τὸν
1546 1496 1788 1568 στατῆρα
1806 1497 1900 1551 τοῦ

304 1592 491 1662 ίχθύος
511 1592 573 1645 τδ
600 1591 975 1663 συγκεχῶσθαι
992 1590 1087 1644 καὶ
1111 1588 1533 1661 κατορωρύχθαι
1556 1589 1655 1659 τὴν
1677 1588 1901 1660 λογικὴν

300 1680 532 1754 δύναμιν
560 1685 653 1739 καὶ¹
684 1685 844 1755 χάριν
872 1686 930 1737 ὲν
954 1685 1066 1746 τοῖς
1100 1681 1300 1753 ἰχθύων
1333 1682 1489 1751 δίκην
1540 1681 1900 1749 ἐξαλογωθεῖ-

300 1790 408 1827 σιν.
444 1767 546 1827 Ὧν
581 1773 689 1827 ὑπὸ
741 1772 839 1828 τοῦ
888 1774 1069 1842 Λόγου
1100 1772 1329 1845 ῥωσθεὶς
1358 1775 1386 1826 ὁ
1412 1772 1617 1844 Πέτρος
1648 1772 1744 1826 καὶ
1772 1772 1897 1826 δια-

298 1863 483 1929 νοίξας
536 1864 598 1917 τὸ
652 1864 874 1935 στόμα,
926 1864 1284 1935 ἀνακαθαίρει
1327 1880 1387 1917 τε
1443 1863 1505 1917 τὸ
1560 1863 1732 1933 δῶρον
1798 1864 1892 1917 καὶ

2003 673 2241 725 monium
2274 686 2398 725 esse
2424 670 2655 723 aﬂirmat
2677 680 2936 724 extremae
2970 671 3477 733 irrationabilitatis.
3517 675 3572 728 in

2003 776 2163 829 quam
2196 761 2430 813 delatum
2464 761 2536 814 sit
2561 762 2855 815 humanum
2895 777 3088 831 genus,
3123 772 3179 816 ut
3208 766 3291 817 vel
3342 779 3369 815 a
3407 765 3572 831 pisei-

2002 849 2103 904 bus
2133 852 2369 905 maxime
2397 851 2579 916 mutis,
2600 861 2655 905 et
2683 854 3150 908 irrationabilibus
3178 855 3311 909 nihil
3333 855 3570 925 dill'erat,

2000 956 2138 1009 quos
2184 957 2403 1010 sagena,
2446 958 2607 1011 quam
2644 958 2673 996 a
2726 943 2904 998 Verbo
2928 946 3128 1013 jactam
3165 961 3287 1001 esse
3322 959 3564 1014 constat,

2001 1025 2126 1080 inde
2159 1029 2366 1094 eduxit,
2391 1041 2445 1083 et
2504 1032 2735 1085 rationis
2770 1034 2966 1086 donum
2996 1048 3065 1087 eo
3104 1038 3377 1090 destitutis
3407 1044 3568 1093 resti-

2004 1118 2126 1174 tuit.
2161 1118 2216 1171 4.
2247 1120 2382 1173 Illud
2434 1120 2561 1175 item
2615 1122 2775 1177 Verbi
2839 1124 3174 1188 mandatum,
3212 1143 3318 1196 quo
3352 1140 3570 1199 recepto

2000 1205 2217 1272 Petrus,
2253 1219 2308 1262 et
2363 1210 2532 1278 piscis
2563 1225 2657 1264 ore
2712 1222 2924 1280 aperto,
2966 1224 3224 1269 stateretn
3267 1218 3567 1286 invenerit,

2000 1308 2375 1366 argumentum
2412 1314 2531 1354 esse
2570 1299 2786 1354 liberati
2818 1317 2915 1371 per
2956 1302 3192 1358 Verbum
3224 1306 3447 1362 humani
3477 1322 3572 1379 ge-

2002 1393 2148 1444 neris
2164 1390 2232 1443 ab
2262 1390 2755 1447 irrationabilitate.
2790 1394 3061 1449 Staterem
3117 1399 3260 1452 enim
3294 1400 3568 1456 indicasse

1999 1483 2197 1536 asserit
2220 1483 2398 1552 regale
2414 1485 2703 1550 numisma,
2732 1486 2814 1541 vel
2834 1497 2982 1542 certe
3005 1488 3279 1543 Dominica
3308 1494 3565 1547 oracula:

2001 1571 2228 1644 Eloquia
2251 1577 2389 1628 enim
2417 1574 2627 1629 Domini
2655 1588 2929 1645 argentum
2981 1580 3175 1649 182a
3217 1584 3334 1651 igne
3368 1587 3570 1639 exami-

1998 1674 2183 1717 natum
2204 1665 2271 1719 ⁸⁷.
2304 1666 2457 1731 Quod
2493 1672 2675 1721 autem
2711 1668 2764 1720 in
2798 1668 2966 1736 piscis
2999 1685 3095 1724 ore
3143 1681 3316 1727 stater
3338 1675 3565 1729 abscon-

1999 1758 2143 1811 ditus
2175 1756 2357 1823 latuit,
2381 1759 2664 1813 confusam
2694 1772 2858 1829 atque
2888 1760 3160 1817 defossam
3200 1766 3564 1821 ratiocinandi

1998 1846 2106 1900 vim
2127 1858 2179 1902 et
2206 1849 2439 1919 gratiam
2472 1850 2524 1902 in
2557 1851 2641 1915 iis,
2675 1852 2767 1918 qui
2801 1852 3028 1920 piscium
3063 1855 3237 1909 instar
3263 1856 3409 1912 bruti
3433 1874 3566 1913 eva-

296 1955 609 2025 ἐμφανίζει,
665 1956 762 2011 καὶ
829 1960 909 2020 είς
937 1956 999 2010 τὸ
1032 1957 1195 2028 μέσον
1241 1955 1636 2028 προαγαγὼν¹⁰
1668 1957 1768 2028 τὴν
1796 1961 1880 2010 οἰ-

1994 1950 2183 1993 serant
2233 1938 2655 2013 [signiﬁcasse],
2716 1957 2947 2011 quorum
3022 1944 3215 2000 Petrus
3282 1950 3563 2012 donunt,a

298 2046 459 2100 κείαν
496 2048 689 2118 χρῆσιν
715 2049 795 2112 είς
822 2048 1020 2117 πρᾶξιν
1056 2051 1411 2120 προενεγκεῖν
1454 2048 1874 2120 συνειργάσατο.

300 2138 416 2191 Καὶ
437 2139 499 2190 τδ
547 2138 640 2192 ἐπὶ
688 2138 897 2192 δνον²⁰²⁶
929 2139 985 2193 δὲ
1008 2143 1102 2192 καὶ
1151 2139 1332 2195 πῶλον
1386 2139 1609 2192 καθίσαι
1651 2140 1744 2193 τὸν
1778 2156 1872 2192 σε-

302 2230 661 2300 σαρκωμένον
717 2231 890 2301 Λόγον
945 2231 1006 2284 τὸ
1041 2231 1175 2284 αύτό
1226 2248 1390 2303 φησιν
1444 2230 1874 2286 ύπαινίττεσθαι.

295 2318 412 2372 Ναὶ
446 2319 511 2392 δὴ
541 2319 637 2374 καὶ
671 2320 764 2375 τὸν
816 2322 953 2392 μετά
974 2320 1073 2393 τὴν
1105 2322 1403 2376 ἀνάστασιν
1434 2322 1528 2375 ἐπὶ
1554 2321 1656 2393 τῆς
1682 2320 1880 2393 ἀνθρα·

298 2412 430 2474 κιᾶς
453 2410 822 2484 ὀπτώμενον,²⁸
861 2412 1098 2483 ίχθῦν²¹⁶
1118 2430 1134 2446 ο
1162 2412 1222 2466 τὸ
1250 2412 1358 2484 γὰρ
1385 2414 1514 2484 πρὶν
1544 2413 1745 2483 ἄλογον
1770 2414 1876 2468 ὑπὸ

296 2500 401 2554 τοῦ
455 2502 628 2571 Λόγου
690 2503 1031 2574 πυρούμενον
1081 2503 1182 2573 τῆς
1204 2519 1263 2556 τε
1292 2503 1519 2570 ἀλογίας
1553 2502 1873 2567 ἐξίστασθαι

297 2594 402 2647 καὶ
433 2592 630 2665 βρῶμα
658 2596 842 2667 νοερὸν
883 2595 976 2649 τοῦ
1002 2596 1177 2664 Λόγου
1213 2595 1550 2666 καθορᾶσθαι
1571 2595 1877 2666 γινόμενον.

302 2685 433 2738 Ἔτι
454 2686 511 2739 δὲ
540 2685 636 2739 καὶ
670 2687 780 2739 τῶν
826 2685 1089 2756 γλωσσῶν
1105 2688 1150 2718 ⁸³
1176 2687 1277 2756 τὴν
1303 2686 1465 2757 χάριν
1486 2687 1602 2749 τοῖς
1637 2685 1878 2739 ἀποστόο-

298 2775 420 2839 λοις
469 2777 751 2850 διδομένην
793 2779 891 2849 τῆς
922 2778 1285 2848 ἀποστολικῆς
1315 2778 1497 2832 αὐτῶν
1542 2779 1883 2849 χειροτονίας

302 2869 537 2939 μηνύειν
566 2869 628 2922 τὸ
651 2869 930 2941 ψήφισμα,
960 2870 1037 2934 ὡς
1068 2870 1133 2924 ἂν
1166 2871 1262 2923 καὶ
1284 2869 1361 2940 τῷ
1393 2871 1631 2941 σχήματι
1659 2868 1883 2939 μάθοιεν

297 2960 385 3022 ὡς
410 2958 486 3030 τῷ
513 2962 672 3031 Λόγῳ
690 2961 759 3015 τὰ
772 2960 866 3013 τοῦ
888 2961 1063 3029 Λόγου
1097 2960 1533 3032 ύπηρετήσοντες
1561 2959 1883 3029 ἀπήλαυσαν

296 3049 403 3103 τοῦ
460 3052 702 3105 τοιούτου
756 3052 1111 3123 χαρίσματος.
1173 3053 1285 3105 Καὶ
1329 3052 1421 3105 τὸν
1442 3051 1757 3122 Πρόδρομον
1802 3049 1881 3115 δὲ,

298 3142 583 3211 φωνὴν-’³
615 3141 865 3207 ,βοῶσαν
908 3144 1015 3197 τοῦ
1041 3144 1236 3212 Λόγου
1260 3142 1413 3214 παρά
1446 3141 1557 3195 τῶν
1595 3140 1758 3214 ίερῶν
1783 3157 1885 3210 κη-

301 3235 636 3305 ρυττόμενον
680 3235 1050 3305 Γραμμάτων,
1096 3234 1196 3287 οὐκ
1231 3234 1356 3286 ἄλλο
1387 3251 1439 3288 τι
1471 3233 1621 3304 παρά
1641 3233 1711 3285 τὰ
1734 3233 1885 3303 είρη-

302 3303 447 3398 μένα
481 3303 705 3398 δηλοῦν,
729 3303 858 3380 -ἀλλί
905 3327 988 3380 ὅτι
1018 3326 1079 3380 τὸ
1106 3325 1207 3395 τῆς
1257 3325 1482 3393 ἀλογίας
1532 3303 1877 3396 ἀρρώστημα
1908 3303 1953 3366 C

295 3419 330 3470 ὁ
363 3419 537 3486 Λόγος
589 3418 935 3488 ἐπεδήμησεν
985 3415 1320 3481 ἐξιάσασθαι.
1355 3418 1419 3470 Ὃ
1446 3416 1541 3470 καὶ
1573 3415 1668 3469 τὸν
1714 3415 1880 3469 Δα6“ιδ

297 3508 485 3575 λέγειν
516 3524 533 3540 ·
588 3508 1007 3572 Ἐξαετέστειλε
1048 3509 1096 3541 ’δ
1132 3509 1240 3563 τὸν
1286 3510 1484 3577 Λόγον
1541 3506 1750 3574 αὐτοῦ,
1778 3508 1877 3561 καί

297 3598 518 3652 ἰάσατο
548 3600 794 3665 αὐτούς.

382 3864 499 3937 [581
540 3866 634 3939 IL]
687 3866 875 3922 Ταῦτα
928 3867 1029 3937 μὲν
1070 3863 1163 3921 οὖν
1206 3869 1265 3921 ὲν
1310 3869 1423 3932 τοῖς
1463 3867 1585 3921 δυσὶ
1639 3864 1877 3937 πρώτοις

296 3959 682 4028 διεξέρχεται,
738 3959 911 4026 ἀγῶνι
978 3960 1363 4031 προαγωνιστῇ
1416 3958 1876 4027 νεανιευσάμενος

298 4052 447 4102 κατὰ
486 4050 593 4102 τῶν
651 4051 916 4119 λεγόντων
965 4051 1053 4103 διὰ
1105 4050 1263 4103 τοῦτο
1316 4050 1409 4102 τὸν
1437 4049 1566 4102 Υίὸν
1589 4047 1875 4117 ἄνθρωπον

294 4142 560 4211 γενέσθαι
583 4144 677 4195 καὶ
700 4143 931 4213 Σωτῆρα
979 4141 1405 4213 παραγενέσθαι,
1435 4140 1570 4194 διότι
1593 4141 1708 4202 τοῖς
1737 4138 1875 4208 πρὸς

297 4236 577 4288 υἱοθεσίαν
614 4237 972 4306 καλουμένοις
1000 4236 1091 4290 τὸν
1122 4235 1250 4288 Υίὸν
1280 4233 1409 4300 ἔδει,
1435 4233 1572 4288 ἀλλὰ
1606 4232 1680 4303 μὴ
1713 4231 1873 4285 ἄλλον

294 4325 451 4390 τινὰ,
484 4325 837 4397 καθηγεμόνα
880 4327 976 4379 καὶ
1024 4326 1413 4397 ἀνακαινιστὴν
1446 4328 1548 4397 τῆς
1593 4324 1873 4387 υἱοθεσίας

292 4416 403 4470 καὶ
435 4416 765 4487 γεγενῆσθαι
796 4416 894 4471 καὶ
914 4416 1305 4489 κηρύττεσθαι.

1988 2031 2163 2086 Verbo
2190 2034 2377 2103 utique
2406 2033 2785 2100 confirmatus,
2824 2046 3017 2106 aperto
3048 2039 3214 2107 piscis
3245 2055 3362 2104 ore,
3401 2043 3563 2105 tollit,

1983 2125 2339 2194 conspicuum
2424 2126 2667 2190 exhibet,
2726 2137 2779 2181 et
2838 2129 2891 2181 in
2956 2130 3190 2184 medium
3242 2135 3562 2200 productum

1983 2231 2180 2271 munus
2209 2226 2267 2270 ut
2295 2226 2697 2286 exsequeretur
2728 2233 2885 2271 suum
2920 2219 3101 2274 eilicit.
3130 2220 3184 2275 5.
3223 2222 3372 2277 Idem
3407 2233 3461 2279 et
3495 2239 3562 2279 ex

1980 2323 2047 2365 eo
2078 2308 2376 2377 signiﬁcari
2409 2309 2509 2372 ait,
2557 2310 2703 2378 quod
2732 2308 2966 2365 Verbum
3001 2312 3343 2367 incarnatum
3393 2318 3562 2370 asinae

1982 2414 2046 2456 ac
2076 2400 2221 2470 pullo
2250 2400 2508 2456 insederit
2540 2401 2605 2455 ⁸⁸.
2665 2402 2719 2457 6.
2755 2403 3011 2469 Quinimo
3036 2413 3090 2457 et
3143 2421 3209 2458 ex
3242 2406 3335 2461 illo
3388 2408 3560 2477 pisce,

1981 2496 2072 2563 qui
2104 2503 2227 2564 post
2283 2494 2739 2550 resurrectionem
2800 2496 2988 2563 prunis
3047 2496 3332 2564 impositus
3386 2507 3562 2552 torre-

1982 2586 2144 2641 batur
2168 2586 2237 2638 ”.
2274 2585 2328 2638 Id
2354 2586 2499 2641 enim
2518 2588 2661 2656 quod
2691 2587 2845 2656 prius
2870 2597 2991 2641 erat
3014 2588 3412 2653 irrationabilc,
3431 2591 3557 2645 dunt

1983 2691 2013 2731 a
2031 2678 2194 2732 verbo
2216 2677 2361 2730 velut
2376 2676 2445 2732 ab
2467 2677 2590 2749 igne
2608 2688 2866 2743 torretur,
2892 2695 2997 2734 non
3023 2679 3553 2735 irrationabilitatem

1982 2767 2157 2824 solum
2188 2768 2461 2834 amittere,
2496 2770 2590 2825 sed
2635 2772 2941 2839 Spiritalem
2971 2772 3135 2825 etiam
3162 2770 3329 2827 Verbi
3372 2775 3550 2828 cibum

1984 2856 2273 2916 manifeste
2307 2860 2444 2914 ﬁeri.
2479 2861 2530 2916 7.
2560 2861 2894 2931 Linguarum
2932 2864 3153 2932 insuper
3184 2865 3315 2917 illud
3342 2876 3559 2933 aposto-

1982 2952 2050 3007 lis
2076 2953 2329 3008 donatum
2384 2970 2603 3018 munus,
2652 2953 2786 3006 nihil
2865 2954 3111 3008 indicare
3165 2955 3334 3020 aliud,
3391 2971 3553 3024 quam

1983 3048 2295 3117 apostolicae
2322 3048 2683 3103 ordinationis
2707 3049 3006 3111 decretum,
3042 3057 3099 3101 ut
3127 3049 3334 3103 scilicet
3366 3051 3448 3102 vel
3486 3066 3555 3104 ex

1983 3139 2098 3209 ipsa
2127 3140 2296 3208 ﬁgura
2329 3140 2622 3203 discerent,
2659 3151 2941 3209 propterea
2967 3156 3025 3194 se
3045 3140 3176 3193 illud
3208 3157 3326 3195 esse
3353 3142 3555 3195 donum

1986 3239 2325 3293 consecutos,
2390 3245 2498 3297 quo
2542 3230 2726 3285 verbis
2774 3229 2935 3285 Verbi
2991 3233 3245 3284 mandata
3296 3233 3558 3285 submini—

1983 3330 2244 3375 strarent.
2264 3322 2317 3375 8.
2350 3322 2747 3377 Prazcursorem
2775 3323 2936 3376 etiam
2968 3323 3141 3389 illum,
3170 3338 3347 3376 vocem
3368 3326 3554 3393 utique

1981 3411 2291 3466 clamantem
2330 3412 2485 3468 Verbi
2518 3415 2558 3480 ¹,
2594 3429 2753 3483 quem
2778 3431 2947 3469 sacra:
2984 3414 3201 3470 Litteraa
3234 3417 3551 3483 praedicant,

1982 3505 2115 3558 nihil
2142 3505 2286 3559 aliud
2308 3521 2404 3575 per
2435 3521 2497 3560 ea
2532 3522 2653 3575 qua:
2684 3507 2840 3571 dixit,
2874 3507 3149 3571 indicare,
3201 3524 3360 3577 quam
3410 3510 3552 3576 quod

1984 3595 2218 3649 Verbum
2273 3597 2339 3650 ad
2379 3598 2675 3651 curandum
2748 3597 3239 3652 irrationabilitatis
3307 3600 3552 3653 morbum

1983 3688 2294 3742 accesserit.
2336 3686 2451 3741 Hoc
2499 3698 2555 3741 et
2608 3685 2869 3742 Davidem
2910 3689 3088 3756 ipsum
3149 3690 3550 3757 pronuntiare:

1984 3774 2132 3830 Μὶδὶι
2167 3775 2387 3831 Verbum
2405 3796 2583 3843 suum,
2612 3789 2658 3832 et
2685 3781 2887 3832 sanavit
2921 3797 3008 3834 eos
3036 3783 3082 3835 ’.

2052 3866 2179 3922 liaac
2201 3868 2361 3934 igitur
2380 3870 2590 3925 duobus
2611 3870 2800 3939 primis
2827 3872 2980 3925 libris
3010 3872 3091 3926 sic
3127 3874 3465 3943 exsequitur,
3497 3882 3556 3926 ut

1983 3957 2155 4013 altero
2179 3961 2478 4013 certamine
2504 3960 2820 4027 praeluserio
2836 3963 3150 4031 iuveniliter
3166 3967 3341 4033 egerit
3367 3976 3555 4019 contra

1985 4047 2352 4112 adversarios,
2380 4047 2666 4102 dicentes:
2702 4049 2995 4118 Propterea
3030 4052 3124 4105 Dei
3159 4052 3352 4109 Filium
3382 4055 3556 4108 homi-

1985 4154 2104 4191 nem
2141 4140 2365 4202 factum,
2400 4152 2565 4207 atque
2618 4139 2955 4196 Salvatorem
2992 4144 3294 4206 advenisse,
3327 4161 3391 4199 eo
3413 4147 3556 4214 quod

1982 4226 2037 4279 in
2070 4227 2410 4296 adoptionem
2440 4228 2667 4291 vocatis,
2705 4246 2811 4284 non
2852 4231 3017 4285 alium
3076 4233 3310 4303 aliquem
3362 4246 3558 4302 praeter

1985 4320 2160 4387 ipsum
2193 4318 2390 4373 Filium
2420 4331 2696 4390 oporteret
2726 4327 2915 4377 ducem
2941 4333 3106 4396 atque
3138 4326 3553 4381 instauratorem

1981 4413 2288 4483 adoptionis
2316 4422 2531 4479 etesse,
2550 4424 2605 4471 et
2637 4416 2921 4485 appellari.

1357 4554 1475 4609 Lib.
1506 4571 1589 4609 ιιι.
1616 4583 1686 4595 —
1705 4552 1815 4608 Cur
1839 4551 1935 4606 Del
1976 4549 2148 4604 Filius
2175 4553 2244 4605 sit
2272 4552 2425 4606 homo
2448 4552 2620 4622 factus
2651 4553 2676 4605 ?

389 4666 481 4720 Ἐν
501 4665 559 4719 δὲ
592 4666 670 4738 τῷ
698 4672 749 4735 γ’
771 4664 890 4739 [καὶ
919 4666 986 4739 β’]
1006 4666 1150 4738 λόγῳ
1200 4667 1379 4721 αἰτίαν
1421 4667 1609 4737 ὑπέχει
1633 4667 1712 4718 Δι’
1745 4663 1825 4733 ἣν
1846 4667 1879 4719 ό

2055 4663 2301 4719 9.Tertio
2324 4681 2451 4719 vero
2476 4666 2616 4721 libro
2633 4681 2849 4720 causam
2882 4667 3055 4721 reddit
3080 4683 3094 4720 :
3130 4666 3238 4720 Cur
3259 4666 3353 4720 Dei
3380 4667 3555 4723 Filius

296 4760 439 4825 Υἱὸς
464 4759 836 4829 σεσάρκωται
854 4801 869 4826 ,
898 4760 991 4814 καί
1022 4776 1186 4830 φησιν
1202 4759 1276 4822 ὡς
1301 4758 1465 4828 ἐχρῆν
1494 4758 1584 4810 τὸν
1607 4759 1877 4827 Δημιουρ-

297 4851 402 4920 γὸν
459 4854 554 4903 καὶ
587 4850 835 4923 πλάστην
867 4851 1030 4905 αὑτὸν
1062 4850 1157 4903 καὶ
1182 4850 1497 4904 ἀναπλάσαι
1519 4849 1613 4901 καὶ
1640 4848 1873 4900 ἀνακαι-

298 4942 454 4994 νίσαι
510 4944 793 5014 συντριὸὲν
850 4943 911 4996 τὺ
961 4943 1373 5014 δημιούργημα.
1434 4942 1497 4995 El
1544 4941 1651 5011 γὰρ
1714 4940 1810 4993 καὶ
1846 4940 1875 4990 ὁ

299 5028 499 5099 Πατὴρ
561 5028 823 5093 ὡσαύτως
878 5030 1219 5101 Δημιουργὸς
1271 5030 1367 5082 καὶ
1416 5030 1476 5082 τὸ
1528 5027 1755 5098 Πνεῦμα
1813 5028 1874 5079 τὸ

301 5119 485 5187 ἆγιον,
516 5122 654 5192 πλὴν
687 5122 822 5176 ἀλλὰ
850 5124 1029 5177 πάντα
1051 5123 1118 5175 δι’
1138 5121 1268 5175 Υἱοῦ
1295 5120 1619 5191 γεγενῆσθαι
1646 5121 1708 5174 τὸ
1730 5120 1873 5191 ἱερὸν

300 5213 547 5282 συνεχῶς
601 5214 1035 5285 ἐπιμαρτύρεται
1080 5216 1337 5286 γράμμα.
1370 5214 1516 5267 Ἔδει
1546 5214 1727 5267 τοίνυν
1782 5212 1873 5265 τὸν

299 5303 703 5372 πλαστουργὸν,
750 5305 1096 5376 διαρρυέντος
1142 5305 1237 5359 τοῦ
1275 5305 1614 5375 πλάσματος,
1646 5303 1779 5358 αύτό
1810 5318 1871 5358 τε

299 5397 387 5457 εἰς
423 5396 611 5450 ἑαυτὸν
646 5395 935 5452 ἀναλαϐεῖν
963 5399 1057 5451 καὶ
1089 5396 1369 5450 ἀνασῶσαι
1397 5397 1464 5451 δι’
1491 5397 1865 5474 ἀναπλάσεως.

1982 4754 2137 4808 Ιιοηιο
2172 4754 2390 4822 factus?
2420 4755 2597 4823 lpsum
2636 4770 2767 4824 ergo
2793 4757 2870 4809 ait
2899 4757 3204 4824 oportuisse
3237 4755 3551 4812 Creatorem

1985 4864 2048 4901 ac
2093 4847 2444 4901 formatorem
2507 4858 2820 4916 corruptam
2881 4858 3186 4902 creaturam
3259 4850 3553 4905 reformare

1981 4949 2145 5007 atque
2188 4939 2464 4991 innovare.
2503 4939 2615 4993 Etsi
2644 4950 2822 4992 autem
2853 4939 3010 4992 Pater
3034 4954 3250 5009 quoque
3292 4941 3403 5007 ipse
3432 4956 3551 5010 per-

1981 5031 2107 5083 inde
2136 5040 2350 5083 creator
2381 5039 2549 5096 eat,ut
2576 5039 2631 5083 et
2653 5030 2887 5098 Spiritus
2919 5042 3156 5090 sanctus,
3180 5030 3346 5083 nihilo
3371 5041 3548 5085 tamen

1980 5123 2159 5177 minus
2186 5123 2367 5175 omnia
2401 5138 2496 5190 per
2554 5121 2750 5175 Filium
2782 5122 2922 5177 facta
2951 5137 3072 5177 esse
3131 5139 3297 5176 sacrae
3329 5121 3550 5177 Littera:

1980 5226 2239 5282 perpetuo
2307 5215 2524 5272 docent.
2577 5214 2759 5281 Quare
2810 5215 3195 5282 plasmatorem
3261 5215 3551 5285 oportebat

1980 5306 2187 5375 lapsam
2231 5316 2536 5361 creaturam
2574 5309 2640 5361 ad
2672 5324 2732 5363 se
2772 5308 3037 5377 recipere,
3068 5316 3125 5362 et
3159 5323 3255 5377 per
3286 5308 3548 5362 reforma-

1980 5397 2180 5453 tionem
2210 5413 2453 5456 servare.
2487 5399 2626 5467 Quid
2656 5415 2784 5455 vero
2818 5400 2884 5455 de
2925 5400 3013 5456 his
3066 5415 3236 5455 sacra:
3288 5399 3547 5454 Litterae?

376 5527 423 5559 "’
446 5526 587 5582 Psal.
613 5545 675 5597 ιι,
839 5530 886 5563 ³⁸
912 5530 1098 5586 Matth.
1143 5548 1255 5597 XXI,
1286 5532 1340 5585 7.
1432 5534 1481 5566 "
1518 5531 1789 5589 Joan.xxr
1825 5534 1885 5602 ,Ξ

1999 5536 2018 5568 ⁸
2048 5536 2153 5592 lsa.
2183 5554 2274 5604 XL,
2304 5538 2359 5591 5.
2436 5540 2456 5569 ²
2484 5536 2625 5592 Psal.
2682 5551 2791 5603 CVI,
2815 5535 2905 5591 20.

1602 5665 1829 5722 VARl/E
1868 5666 2273 5724 LECTIONES.

378 5750 885 5826 ξτ-ξτῖεέεατέστησεν
901 5755 943 5808 Α
964 5770 978 5808 :
1001 5756 1438 5826 ἀποκατέστησεν
1464 5776 1522 5822 ςυ

304 5819 689 5897 “_'_£1t“tbvov]
740 5819 926 5897 Matth.
955 5842 1068 5897 x_x1,
1118 5827 1190 5897 77.
1267 5819 1629 5896 ἰἀπτόμενον
1665 5846 1727 5892 ς.

304 5890 424 5964 γὴν]
486 5891 587 5947 lsu.
623 5890 710 5959 xi,
745 5895 800 5949 3.
874 5896 919 5926 "’
944 5894 1126 5967 ἑξαπ]
1170 5896 1308 5953 Psal.
1332 5913 1436 5961 CVI,
1468 5890 1555 5953 ‘20.

1602 5759 1645 5791 ⁸⁸
1670 5758 1975 5831 συμϐαλεῖνΔ

1783 5830 1872 5886 .¹¹⁶
1901 5828 2078 5900 ἰχθύν]
2112 5828 2270 5886 Joan.
2310 5847 2425 5899 ut,
2469 5828 2521 5886 9'.
2598 5833 2643 5862 ¹¹
2672 5831 2781 5885 τῶν
2803 5829 2915 5901 γλ.]
2972 5831 3092 5886 Act.
3128 5828 3195 5893 ιι,
3226 5831 3281 5885 '5.
3354 5831 3399 5862 ³³
3431 5846 3544 5898 φω·

2163 5761 2206 5793 ¹⁹
2240 5761 2308 5813 τὰ
2334 5761 2511 5833 λόγια]
2554 5761 2815 5833 ΡειιΙη-χι,
2839 5760 2913 5833 7.-
2987 5760 3051 5833 λ²⁹
3105 5758 3444 5833 παραγαγῲν
3480 5775 3538 5821 ς’.
