4014 6402
603 378 634 439 7
645 379 714 440 39

1786 384 2046 446 ΡΠΟΤΙΙ
2086 381 2592 443 ΡΑΤΒῙΑΒΟΗᾹΞ
2627 382 2739 443 CP.

3733 390 3822 457 740

604 488 820 551 Opimia,
850 486 1049 557 inquit,
1096 506 1195 557 per
1223 491 1397 561 ipsum
1437 492 1581 562 facta
1633 502 1777 558 sunt,
1805 505 1852 547 et
1898 496 2009 548 sine
2060 493 2150 561 ipsi

2275 492 2342 543 Τί
2369 492 2425 545 δὲ
2454 492 2524 545 τὰ
2554 492 2675 563 ἱερὰ
2703 492 2875 560 Λόγια
2901 509 2917 561 ;
2941 490 3147 546 Πάντα
3172 491 3218 524 ⁸⁸
3252 490 3385 563 φησί
3425 492 3499 548 δι’
3527 497 3698 551 αὐτοῦ
3716 499 3821 571 ἑτέ-

596 576 796 649 factum
827 588 901 632 est
933 581 1065 634 nihil
1093 582 1135 637 ³.
1169 583 1235 637 Et
1262 602 1276 637 :
1307 582 1391 637 Ea:
1419 586 1557 655 ipso,
1583 585 1681 647 ait,
1703 601 1793 652 per
1827 587 2000 652 ipsum
2034 594 2082 637 et
2114 585 2167 635 in

595 684 708 732 ipso
740 679 863 723 sunt
895 670 1128 726 omnia".
1170 673 1445 742 Itemque:
1484 672 1586 728 Per
1619 691 1771 743 quem
1815 673 1937 742 fecit
1979 682 2027 727 et
2069 688 2169 726 ra:-

603 758 785 815 (κιαι.
820 762 981 817 Certe
1013 765 1104 832 qui
1146 765 1273 819 inde
1303 776 1465 820 natus
1491 778 1573 819 est
1612 778 1822 836 patrum
1856 776 2165 818 nostrorum

597 853 820 917 chorus,
860 868 955 923 per
987 855 1182 910 Filium
1211 857 1395 911 omnia
1421 856 1637 912 Patrem
1674 857 1875 921 facere,
1905 857 2167 911 divinitus

598 945 951 1000 tradiderunt.

662 1123 755 1179 Sic
780 1125 870 1178 illa
900 1126 1198 1193 quaestione
1222 1126 1525 1196 proﬂigata,
1554 1144 1674 1183 mox
1705 1129 1771 1183 ad
1789 1130 2013 1184 alteram
2039 1129 2165 1184 huic

589 1218 841 1270 adnatant
872 1219 1099 1272 accedit.
1143 1218 1230 1272 10.
1264 1221 1485 1285 Quaerit,
1523 1220 1896 1286 Quamobrem.
1924 1239 2041 1275 cum
2058 1238 2163 1276 una

595 1318 751 1375 atque
776 1308 959 1361 eadem
985 1310 1230 1378 eﬁicacia,
1254 1311 1449 1379 gloria,
1474 1314 1708 1379 potentia
1739 1316 1794 1366 in
1833 1322 2019 1367 sancta
2054 1312 2165 1367 Tri-

590 1399 753 1452 nitnte
809 1400 1165 1453 consideretur
1218 1418 1283 1455 ac
1326 1402 1654 1458 celebretur:
1712 1414 1959 1473 perpetuo
1990 1414 2165 1459 tamen

590 1507 708 1543 cum
737 1507 891 1544 sacra
922 1492 1225 1560 Scriptura,
1265 1502 1378 1546 tum
1416 1492 1520 1549 SS.
1570 1493 1786 1561 Patres,
1837 1512 1929 1563 per
1962 1494 2162 1549 Filium

586 1582 797 1650 quidem
828 1582 1042 1638 Patrem
1077 1587 1255 1639 omnia
1301 1586 1487 1654 fecisse
1520 1588 1800 1655 afﬁrmem,
1832 1603 1935 1641 non
1986 1597 2163 1640 autem

593 1671 801 1739 Filium
835 1691 929 1743 per
964 1674 1220 1729 Patrem?
1256 1677 1406 1730 Adeo
1450 1678 1522 1731 ibi
1584 1679 1789 1733 acriter
1838 1680 1974 1733 hanc
2004 1694 2156 1748 qua:-

585 1767 816 1819 stioncm
848 1767 1001 1821 texit.
1044 1769 1238 1837 182b
1298 1768 1564 1824 Cancrum
1613 1772 1729 1840 ipsa
1776 1772 1976 1827 solutio
2013 1787 2159 1827 com-

2274 598 2433 644 νετο,
2468 583 2564 635 καὶ
2601 583 2784 651 χωρὶς
2816 584 3004 637 αὐτοῦ
3041 582 3275 653 ἐγένετο
3298 584 3498 649 οὐδὲν,
3529 590 3619 639 καὶ
3639 629 3653 651 ,
3677 590 3765 656 Ἐξ
3785 597 3821 628 η

2272 673 2480 738 αὑτοῦ,
2506 675 2661 745 φησὶ,
2700 675 2799 728 καὶ
2821 675 2895 728 δι’
2924 677 3131 740 αὐτοῦ,
3154 676 3253 731 καὶ
3280 679 3367 744 εις
3398 678 3582 734 αὑτὸν
3605 682 3672 735 τὰ
3696 685 3822 740 πάν-

2273 780 2366 829 τα,
2400 765 2490 816 καὶ
2513 760 2683 820 Διόὗ
2705 758 2751 797 ’⁷
2770 766 2912 833 τοὺς
2939 765 3160 835 αἰῶνας
3186 770 3454 838 ἐποίησε.
3484 772 3589 825 Ναὶ
3614 775 3672 843 δὴ
3700 782 3821 833 καὶῆ

2273 855 2487 908 ἐκεῖθεν
2512 858 2673 925 φυεὶς
2702 857 2811 911 τῶν
2842 860 3094 931 πατέρων
3123 862 3278 931 ἡμῶν
3306 864 3465 934 χορὸς
3490 865 3575 919 διὰ
3592 868 3676 919 τοῦ
3705 870 3815 924 Υἱοῦ

2272 945 2342 998 τὰ
2389 946 2566 1001 πάντα
2616 949 2711 1002 τὸν
2762 950 2982 1021 Πατέρα
3017 952 3281 1023 πράττειν
3327 954 3638 1027 θεοπρεπῶς
3665 961 3814 1016 ἀνεδίο

2274 1038 2452 1104 δαξεν.

2344 1130 2500 1184 Οὕτω
2534 1131 2637 1204 τὴν
2674 1132 2830 1187 λύσιν
2866 1134 2969 1205 τῆς
3024 1138 3397 1210 προκειμένης
3448 1140 3673 1206 ἀποδοὺς
3700 1146 3817 1198 ἀπο.

2277 1220 2419 1292 ρίας,
2450 1223 2536 1291 ἐφ’
2566 1224 2761 1294 ἑτέραν
2811 1226 3089 1296 φυομένην
3133 1227 3193 1292 ἐξ
3214 1229 3388 1300 αὐτῆς
3418 1229 3707 1297 διαϐαίνει,
3740 1236 3819 1289 καὶ

2288 1313 2465 1383 ζητεῖ,
2505 1316 2608 1369 Διὰ
2634 1316 2691 1369 τί
2710 1316 2851 1386 μιᾶς
2877 1319 2976 1372 καὶ
3020 1318 3131 1387 τῆς
3158 1320 3352 1389 αὐτῆς
3403 1322 3693 1393 ἐνεργείας
3739 1327 3819 1380 καί

2270 1403 2458 1471 δόξης
2513 1405 2613 1460 καὶ
2669 1408 2883 1477 ἰσχύος
2926 1409 3026 1463 ἐπὶ
3070 1409 3180 1480 τῆς
3220 1412 3396 1482 ἁγίας
3448 1415 3677 1482 Τριάδωε
3705 1420 3821 1471 θεω⁴

2265 1497 2570 1566 ρουμένης
2609 1500 2709 1553 καὶ
2738 1501 3123 1571 ὑμνουμένης
3175 1503 3453 1573 συνεχῶς
3511 1506 3605 1558 καὶ
3634 1508 3701 1561 τὰ
3731 1510 3820 1562 Λό-

2270 1604 2369 1656 για
2400 1589 2500 1642 καὶ
2537 1594 2591 1644 οι
2620 1591 2883 1659 Πατέρες
2911 1592 3010 1645 διὰ
3038 1592 3155 1662 μὲν
3179 1594 3288 1648 τοῦ
3324 1597 3462 1650 Υἱοῦ
3492 1598 3599 1651 τὸν
3618 1582 3821 1665 Πατέρα

2269 1681 2467 1736 πάντα
2516 1684 2908 1752 πεποιηκέναι
2943 1685 3155 1755 φασιν,
3190 1688 3264 1742 οὐ
3300 1688 3431 1758 μὴν
3458 1690 3564 1743 τὸν
3584 1693 3709 1745 Υίύν
3734 1692 3815 1747 διὰ

2271 1767 2379 1819 τοῦ
2413 1772 2665 1838 Πατρός.
2700 1772 2813 1840 Τὴν
2851 1773 2950 1843 μὲν
3001 1769 3095 1827 οὖν
3133 1776 3372 1846 ἀπορίαν
3424 1777 3565 1831 οὕτω
3607 1780 3817 1851 δριμέως

586 1860 765 1911 inunia
795 1872 914 1911 esse
941 1858 1092 1923 dicit,
1121 1875 1457 1929 quaecunque
1485 1862 1602 1916 sive
1659 1863 1711 1916 in
1742 1861 1921 1930 Patre,
1955 1864 2069 1918 sive
2106 1864 2150 1917 in

2265 1858 2568 1926 διαπλέκει,
2602 1864 2635 1932 ἡ
2675 1862 2732 1915 δὲ
2756 1862 2911 1929 λύσις
2966 1865 3116 1937 αὐτῷ
3166 1868 3321 1921 κοινὰ
3351 1870 3453 1941 μὲν
3482 1867 3616 1927 εἶναι
3659 1874 3808 1943 λέγει,

585 1949 722 2002 Filio
776 1950 1010 2002 divinam
1054 1952 1248 2005 decent
1296 1953 1669 2020 maiestatem,
1720 1965 1775 2008 et
1822 1969 1950 2009 vero
2003 1954 2152 2009 Patri

583 2041 749 2093 utinm
801 2042 1053 2107 attribui,
1082 2058 1421 2113 quaecunque
1452 2047 1517 2099 de
1569 2045 1709 2099 Filio
1761 2048 2147 2115 praedicantur,

584 2131 850 2198 siquidem
910 2132 1026 2202 ipse
1079 2131 1251 2190 Filius
1308 2151 1413 2190 non
1476 2138 1686 2205 repellit
1722 2137 1941 2192 Patrem
1987 2139 2058 2193 ab
2089 2141 2156 2193 iis

583 2223 859 2291 operibus,
896 2239 1018 2293 qua:
1072 2224 1276 2281 dicitur
1355 2228 1539 2284 facere
1585 2227 1791 2285 Filius:
1850 2232 1979 2299 quin
2049 2248 2153 2286 una

582 2315 765 2380 potius
800 2316 1007 2369 inducit
1035 2323 1196 2384 atque
1224 2318 1511 2373 collaudat.
1547 2320 1774 2387 Quando
1798 2323 1923 2377 item
1960 2322 2153 2379 Dexte-

586 2419 644 2458 ra
680 2404 864 2461 Patris
909 2418 994 2462 est
1036 2407 1230 2475 Filius,
1260 2422 1314 2466 et.
1342 2411 1631 2467 Brachium
1653 2415 1694 2479 ⁸,
1725 2426 1779 2467 ει
1806 2414 2079 2484 Sapientia
2107 2416 2150 2483 ",

582 2504 637 2547 et
678 2495 934 2559 Verbum,
974 2510 1027 2552 et
1054 2497 1301 2557 Potentia
1325 2502 1368 2563 ⁸,
1402 2502 1585 2566 Pater,
1627 2506 1762 2559 nihil
1810 2505 2002 2561 horum
2031 2521 2154 2562 esse

582 2583 780 2638 dicitur
810 2585 931 2641 Filii
962 2605 977 2641 :
1011 2592 1206 2645 merito
1238 2607 1331 2661 per
1364 2592 1562 2648 Filium
1586 2597 1768 2650 omnia
1798 2596 1976 2652 facere
1995 2597 2155 2652 Pater

581 2674 687 2728 dici
723 2677 893 2743 possit
921 2677 1064 2747 (eum
1107 2690 1162 2732 et
1194 2681 1245 2733 in
1276 2682 1432 2736 nobis
1464 2685 1652 2739 cadent
1672 2695 1930 2740 cernatur
1964 2685 2150 2757 ratio),

581 2783 687 2820 non
721 2783 752 2822 e
785 2770 999 2824 diverso
1023 2769 1194 2827 Filius
1219 2789 1313 2842 per
1350 2774 1591 2831 Patrem.

650 2938 821 2995 Aﬂ'ert
858 2953 913 2996 et
939 2943 1097 2998 aliam
1132 2962 1352 3002 causam
1404 2950 1666 3020 (nonjam
1703 2953 1883 3008 allatae
1917 2966 2150 3011 contro-

582 3033 797 3097 versim,
829 3038 923 3089 sed
970 3038 1216 3104 proxime
1259 3044 1636 3117 praecedentis)
1671 3061 1777 3099 non
1803 3048 1936 3102 satis
1975 3049 2149 3115 illam,

579 3133 637 3177 ut
698 3127 831 3179 mihi
884 3128 1120 3196 videtur,
1179 3144 1625 3191 consentaneam.
1670 3138 1897 3194 'Asserit
1954 3142 2144 3197 enim:

579 3216 1028 3288 Quandoquidem
1061 3225 1241 3278 omnia
1284 3242 1381 3295 per
1405 3227 1598 3281 Filium
1626 3227 1768 3284 facta
1800 3247 1921 3287 esse
1954 3233 2144 3289 dicun-

579 3316 691 3370 tur,
726 3309 827 3364 nisi
872 3312 1038 3366 etiam
1072 3315 1381 3372 incarnatio
1411 3333 1511 3387 per
1565 3320 1718 3375 illum
1770 3326 2147 3393 processisset,

574 3396 827 3454 talsitatis
852 3402 1038 3471 utique
1066 3420 1445 3474 argumentum
1470 3412 1609 3468 hanc
1638 3418 1958 3471 sententiam
1978 3419 2149 3476 fuisse

575 3492 848 3549 daturam.
886 3495 953 3548 At
989 3511 1092 3550 non
1121 3500 1211 3567 qui
1262 3500 1411 3556 dicat
1436 3518 1534 3573 per
1583 3505 1778 3561 Filium
1838 3508 1981 3565 facta
2026 3526 2149 3568 esse

573 3582 779 3645 omnia,
833 3583 1007 3652 ipsum
1071 3604 1196 3643 mox
1231 3595 1470 3646 omnium
1518 3607 1740 3653 naturas
1790 3601 2022 3656 subiisse
2065 3603 2149 3657 di-

574 3670 755 3736 xerit;
791 3672 977 3729 absit!
1015 3675 1119 3733 Sed
1166 3678 1295 3752 [hoc
1357 3683 1555 3757 solum]
1612 3686 1780 3757 ipsius
1820 3689 1934 3744 haec
1982 3690 2148 3747 fuisse

573 3774 872 3823 creaturas.

647 3854 935 3925 Sapienter
969 3861 1163 3918 deinde
1208 3868 1465 3921 mundum
1502 3870 1571 3924 ab
1594 3872 1785 3926 eodem
1815 3886 2062 3930 creatum
2094 3886 2150 3932 et

574 3960 885 4005 recreatum
934 3958 1157 4010 asserit.
1222 3958 1621 4029 Argumentum
1677 3968 1822 4018 enim
1873 3967 1976 4022 hoc
2024 3983 2148 4024 esse

571 4041 816 4107 evidens,
845 4059 953 4113 quo
1004 4049 1093 4116 qui
1128 4048 1360 4106 Manetis
1408 4053 1636 4108 insanire
1685 4059 2020 4127 adhaereant,
2062 4078 2148 4116 rc-

569 4130 757 4200 dargui
800 4137 1027 4202 possint.
1080 4139 1213 4195 Nam
1242 4144 1285 4196 si
1326 4144 1490 4214 impia
1571 4146 1658 4200 illa
1709 4146 2135 4205 Manichzeorum

572 4223 751 4289 turba,
782 4240 905 4280 cum
919 4229 986 4283 ab
1008 4231 1196 4285 eodem
1225 4245 1516 4306 utrumque
1539 4254 1692 4293 sacra
1721 4238 1999 4311 Scriptura
2031 4258 2147 4313 per-

569 4309 769 4367 fectum
834 4318 1057 4384 clamat,
1104 4332 1283 4377 tamen
1332 4328 1570 4384 universi
1594 4309 1866 4399 opiticium
1899 4309 2149 4388 Filii'ad-

569 4409 809 4463 versario
845 4414 1029 4468 nescio
1051 4417 1133 4469 cui
1167 4420 1455 4477 attribuit:
1488 4425 1553 4478 ad
1608 4441 1729 4495 quae
1782 4443 1886 4482 non
1937 4426 2143 4503 [pulasl

2261 1950 2361 2003 ὅσα
2412 1951 2716 2025 θεοπρεπῆ,
2751 1956 2964 2026 Πατρός
3008 1974 3067 2010 τε
3094 1959 3188 2011 καὶ
3218 1959 3378 2028 Υίοῦ,
3422 1964 3514 2015 ἐπὶ
3544 1964 3715 2035 μέντοι
3741 1968 3817 2018 τὸν

2274 2041 2492 2111 Πατέρα
2523 2043 2819 2113 ἀνάγεσθαι
2852 2048 2947 2100 καὶ
2982 2048 3081 2101 ὅσα
3116 2048 3333 2117 λέγεται
3367 2054 3497 2125 περὶ
3538 2055 3628 2109 τοῦ
3688 2056 3816 2123 Υἱοῦ,

2259 2132 2419 2203 εἰπερ
2478 2134 2570 2187 καὶ
2620 2136 2834 2200 αὑτὸςό
2866 2138 3027 2202 Υἱόςο
3060 2141 3258 2195 οὐκοῦν
3296 2144 3399 2197 οὐκ
3443 2146 3678 2217 ἐξίστησι
3724 2149 3816 2202 τῶν

2256 2223 2436 2295 ἔργων
2467 2226 2557 2280 τὸν
2587 2229 2828 2300 Πατέρα,
2858 2229 2894 2285 ἃ
2927 2230 3145 2301 λέγεται
3195 2237 3461 2307 πράττειν
3494 2241 3521 2291 ὁ
3551 2240 3687 2304 Υἱὸς,
3716 2258 3818 2296 συν-

2256 2316 2464 2384 εισάγει
2519 2317 2636 2370 δὲ²⁸
2671 2320 2875 2389 μᾶλλον
2919 2325 3014 2377 καὶ
3066 2333 3419 2399 συνανυμνεί.
3454 2332 3572 2385 Ἔτι
3617 2332 3668 2386 δὲ
3707 2335 3814 2395 ἐπεὶ

2254 2408 2404 2474 δεξιὰ
2428 2409 2520 2463 τοῦ
2538 2412 2750 2482 Πατρδς
2768 2414 2960 2481 ὀΥίὸς,
2990 2418 3084 2471 καὶ
3114 2420 3385 2490 Βραχίων,
3414 2423 3505 2477 καὶ
3531 2425 3705 2494 Σοφία,
3739 2428 3817 2479 καὶ

2253 2500 2445 2568 Λόγος,
2477 2502 2571 2555 καὶ
2599 2500 2839 2574 Δύναμις
2867 2522 2881 2536 ⁸
2915 2508 2943 2559 ὁ
2970 2506 3027 2561 δὲ
3059 2510 3251 2581 Πατὴρ
3274 2512 3483 2565 τούτων
3508 2514 3655 2568 οὐδὲν
3698 2511 3815 2567 εἶναι

2253 2590 2469 2659 λέγεται
2506 2594 2599 2647 τοῦ
2632 2596 2783 2661 Υἱοῦ,
2819 2599 3043 2663 εἰκότως
3081 2601 3170 2655 διὰ
3202 2603 3302 2673 μὲν
3339 2604 3437 2657 τοῦ
3478 2605 3605 2659 Υίοῦ
3657 2606 3810 2660 πάντα

2254 2686 2426 2736 ποιεῖν
2444 2686 2471 2736 ὁ
2498 2685 2687 2758 Πατὴρ
2719 2688 2911 2760 ῥηθείη
2931 2691 3016 2757 ἂν,
3054 2694 3177 2745 ἐπεὶ
3211 2696 3307 2747 καὶ
3340 2696 3430 2765 ἐφ’
3460 2696 3613 2766 ἡμῶν
3635 2692 3802 2768 quod;

2254 2771 2536 2845 θεωρεῖται
2582 2778 2758 2845 τάξις,
2809 2781 2868 2833 οὐ
2906 2781 3013 2853 μὴν
3055 2783 3326 2840 ἀνάπαλιν
3370 2787 3399 2838 ὁ
3428 2786 3553 2852 Υἱὸς
3600 2787 3683 2843 διὰ
3723 2789 3804 2842 τοῦ

2254 2865 2488 2937 Πατρός.

2336 2960 2564 3029 Ἐπάγει
2591 2961 2650 3015 δὲ
2674 2964 2768 3017 καὶ
2794 2965 2990 3037 ἑτέραν
3019 2967 3220 3033 αἰτίαν,
3254 2967 3316 3021 οὐ
3349 2969 3451 3040 τῆς
3482 2964 3576 3023 νίν
3602 2972 3807 3040 εἰρημέ-

2252 3066 2350 3122 νης
2379 3052 2635 3123 ἀπορίας,
2664 3055 2763 3125 τῆς
2783 3056 2839 3109 δὲ
2863 3057 2968 3128 πρὸ
3000 3057 3251 3129 βραχέος,
3283 3061 3387 3113 οὐκ
3417 3062 3537 3131 ἐμοὶ
3563 3061 3802 3116 δοκοῦσαν

2251 3144 2311 3197 τὸ
2332 3144 2625 3201 ἀκόλουθον
2678 3148 2893 3214 σώζειν.
2928 3151 3092 3219 Λέγει
3125 3152 3233 3225 γὰρ
3261 3153 3336 3217 ὼς
3374 3156 3498 3208 ἐπεὶ
3527 3158 3693 3210 πάντα
3729 3156 3802 3207 διὰ

2248 3236 2342 3289 τοῦ
2378 3236 2506 3291 Υἱοῦ
2536 3241 2868 3309 γεγενῆσθαι
2896 3241 3134 3311 λέγεται,
3170 3246 3220 3298 εί
3257 3246 3331 3316 μὴ
3373 3247 3522 3318 καὶὴ
3553 3247 3799 3318 σάρκωσις

2244 3331 2312 3383 δι’
2342 3329 2506 3383 αὐτοῦ
2532 3332 2790 3403 προῆλθε,
2824 3332 3052 3403 ψεύδους
3071 3335 3137 3389 ἂν
3166 3338 3194 3389 ὁ
3223 3338 3403 3405 Λόγος
3459 3340 3672 3411 ἔλεγχον
3702 3339 3797 3393 ἐδὶο

2247 3420 2361 3474 ὅου.
2419 3422 2494 3474 Οὐ
2521 3422 2629 3494 γὰρ
2681 3424 2902 3478 ἐπειδὰν
2930 3425 3062 3497 λέγῃ
3093 3426 3180 3480 διὰ
3203 3427 3298 3481 τοῦ
3329 3429 3464 3483 Υίοῦ
3510 3428 3805 3499 γεγενῆσθαι

2248 3513 2447 3578 πάντα,
2493 3514 2656 3567 αὐτὸν
2684 3515 2781 3586 τὴν
2808 3516 3033 3571 ἐκείνων
3062 3518 3224 3587 φύσιν
3260 3521 3600 3592 ὑποδραμεῖν
3637 3521 3797 3589 λέγοιο

2252 3604 2330 3675 μὴ
2362 3607 2605 3674 γένοιτο·
2654 3606 2770 3661 ἀλλ’
2806 3608 2889 3662 ὅτι
2940 3608 3107 3663 αὑτοῦ
3172 3610 3631 3686 δημιουργήματα
3673 3615 3806 3681 γέγο-

2256 3712 2367 3750 νεν.

2319 3873 2451 3930 Εἶτα
2508 3876 2688 3947 σοφῶς
2716 3878 2774 3932 δὲ
2806 3879 2906 3951 τήν
2951 3895 3011 3932 τε
3036 3880 3411 3951 δημιουργίαν
3452 3884 3545 3937 καὶ
3572 3882 3665 3952 τὴν
3692 3881 3803 3933 ἀνά-

2248 3968 2442 4023 πλασιν
2478 3970 2544 4023 δι’
2572 3970 2738 4024 αὐτοῦ
2790 3971 2927 4043 φησὶ
2955 3972 3239 4043 προελθεῖν
3261 3990 3275 4005 ·
3310 3974 3531 4046 ἔλεγχον
3557 3976 3658 4045 γὰρ
3689 3967 3804 4027 εἶναι

2247 4061 2436 4115 τοῦτον
2454 4062 2499 4094 ³³
2560 4062 2706 4133 σαφῆ
2735 4062 2845 4115 τῶν
2893 4063 3003 4117 ἀπὸ
3049 4064 3153 4136 τῆς
3182 4068 3227 4098 ³⁰
3282 4067 3562 4131 Μανέντος
3608 4064 3798 4136 μανίας·

2248 4151 2440 4223 Είγὰρ
2501 4154 2593 4206 καὶ
2622 4152 2692 4205 δι’
2722 4153 2888 4207 αὑτοῦ
2924 4154 3186 4225 ἑκάτερον
3240 4156 3342 4227 τῆς
3400 4160 3552 4229 ἱερᾶς
3603 4155 3800 4227 Γραφῆς

2246 4243 2577 4313 γεγενῆσθαι
2634 4244 2847 4316 βοῶσης
2891 4247 3042 4318 ὅμως
3067 4250 3168 4320 τὴν
3198 4249 3291 4303 τοῦ
3325 4252 3529 4311 παντὸς
3556 4251 3797 4319 δημιουρ-

2246 4336 2372 4404 γίαν
2422 4339 2503 4401 εἰς
2557 4338 2937 4411 ἀντικείμενόν
2983 4358 3106 4395 τινα
3160 4341 3241 4413 τῷ
3296 4343 3415 4414 Υῑῷ
3457 4344 3518 4397 τὸ
3569 4338 3799 4398 δυσσεϐὲς

2246 4428 2423 4481 ἐκεῖνο
2482 4431 2671 4498 στῖφος
2699 4430 3057 4504 ἀναφέρουσι,
3103 4431 3240 4504 πρὸς
3262 4433 3388 4487 τίνα
3421 4433 3488 4488 ἂν
3510 4429 3793 4500 δυσφημίαν

567 4497 853 4554 maledicta
884 4503 1283 4574 confugissent,
1312 4512 1359 4565 si
1410 4512 1478 4566 ab
1532 4514 1705 4569 altero
1735 4497 1955 4571 factum
1978 4534 2139 4572 mun-

2256 4519 2347 4573 οὐκ
2400 4497 2608 4590 ἤλασαν
2633 4561 2648 4586 ,
2706 4521 2755 4574 εί
2793 4497 2894 4575 δι’.
2929 4522 3122 4595 ἐτέρου
3150 4497 3162 4504 “
3194 4524 3294 4593 μὲν
3352 4526 3454 4595 τὴν
3731 4518 3789 4571 δι’

562 4586 712 4651 dum,
767 4592 835 4646 ab
874 4593 1048 4650 altero
1098 4599 1356 4657 refectum
1394 4619 1565 4661 sacrae
1618 4606 1839 4663 Littera:
1888 4625 2133 4679 pronun-

564 4680 834 4736 tiassent?

628 4775 710 4827 Ad
740 4790 804 4829 ea
849 4792 971 4846 qua:
1026 4783 1186 4837 modo
1221 4786 1501 4845 retulimus
1544 4790 1725 4860 capita
1782 4793 2130 4847 undecimum

562 4862 689 4915 illud
716 4866 920 4933 adjicit.
959 4868 1124 4935 Cum,
1160 4873 1334 4943 inquit
1369 4876 1577 4946 Jobius,
1616 4880 1899 4951 Scriptura
1937 4884 2134 4938 Filium

560 4970 655 5021 per
670 4958 1047 5016 excellentiam
1066 4968 1353 5033 quamdam
1373 4970 1691 5027 Creatorem
1720 4989 1918 5029 vocare
1943 4976 2135 5039 soleat,

553 5047 702 5109 justa
737 5048 898 5104 simul
943 5055 1347 5126 distributione,
1380 5071 1435 5115 et
1486 5078 1553 5116 ex
1611 5066 1966 5134 consequenti
2015 5082 2139 5121 cum

553 5138 861 5217 judicandi,
903 5154 1014 5199 tum
1067 5147 1212 5217 leges
1270 5153 1475 5207 ferendi
1513 5164 1839 5223 potestatem
1888 5156 2144 5225 privatim

556 5224 954 5302 lpsideccrnit,
988 5253 1052 5293 ac
1088 5242 1255 5297 multo
1310 5245 1473 5298 etiam
1527 5247 1698 5316 magis
1753 5224 1994 5316 (quando
2026 5249 2143 5302 haec

556 5319 857 5379 deformata
900 5328 1043 5399 erat)
1080 5344 1349 5389 creatura:
1405 5336 1738 5391 renovanda:
1793 5336 2130 5394 facultatem.

2240 4614 2431 4681 ἑτέρου
2453 4613 2510 4667 δὲ
2529 4612 2628 4685 τὴν
2670 4612 2980 4669 ἀνάπλασιν
3005 4615 3076 4670 τὰ
3106 4616 3229 4688 ἱερὰ
3293 4617 3430 4687 ἡμῖν
3484 4610 3791 4687 ἐχρησμῴδει

2238 4708 2410 4775 Λόγια
2425 4722 2440 4772 ;

2322 4799 2448 4850 Ἐπὶ
2475 4797 2534 4851 δὲ
2575 4800 2689 4862 τοῖς
2720 4799 3036 4871 εἰρημένοις
3084 4801 3404 4872 κεφαλαίοις
3468 4805 3688 4856 ποιεῖται
3711 4793 3785 4861 ια’,

2241 4890 2315 4954 ὡς
2342 4891 2467 4963 [584
2484 4890 2576 4963 Β.]
2596 4892 2885 4963 συνὴθωςή
2912 4894 3102 4966 Γραφὴ
3120 4898 3239 4950 κατ’
3253 4896 3531 4968 ἐξαίρετον
3547 4900 3788 4965 Δημιουρο

2245 4982 2342 5051 γὸν
2376 4982 2618 5035 καλοῦσα
2643 4981 2737 5035 τὸν
2795 4982 2924 5035 Υίὸν
2976 4985 3337 5055 οἰκονομικῶς
3388 4988 3536 5056 αὐτῷ
3585 4978 3787 5037 κατὰτὸ

2245 5069 2537 5124 ἀκόλουθον
2559 5071 2653 5123 καὶ
2668 5069 2767 5140 τὴν
2793 5070 2974 5143 κρίσιν
2999 5074 3093 5126 καὶ
3116 5077 3214 5143 τὴν
3234 5075 3555 5146 νομοθεσίαν
3586 5069 3784 5138 ἐξαιρεῖ.

2247 5161 2427 5232 πολλῷ
2474 5161 2531 5214 δὲ
2575 5162 2776 5232 μᾶλλον
2827 5162 2923 5216 καὶ
2972 5162 3070 5233 τὴν
3145 5166 3291 5233 (ἐπεὶ
3353 5164 3659 5235 συνετρίϐη)
3704 5156 3784 5209 τοῦ

2249 5253 2567 5323 πλάσματος
2621 5254 2941 5309 ἀνανέωσιν.
2974 5256 3324 5325 Δημιουργοῦ
3349 5257 3449 5327 μὲν
3478 5256 3582 5326 γὰρ
3611 5250 3784 5346 εἰδέναι

2242 5344 2340 5413 τὴν
2362 5342 2547 5411 φύσιν,
2579 5342 2757 5396 εἰδότα
2775 5341 2831 5396 δὲ
2864 5341 3007 5396 κατὰ
3035 5343 3194 5412 λόγον
3221 5345 3336 5399 τῶν
3362 5343 3655 5416 δεχομένων
3674 5341 3782 5394 τοὺς

627 5480 886 5571 "1033.1,
909 5489 963 5544 5.
1042 5492 1063 5523 ⁸
1097 5494 1254 5551 Rom.
1286 5511 1347 5563 ll,
1384 5495 1473 5551 36.
1553 5497 1575 5529 ⁸
1607 5495 1773 5552 Hebr.
1807 5514 1849 5564 1,
1876 5497 1932 5551 2.
1970 5518 1971 5521 η
2010 5500 2029 5529 ⁸
2056 5498 2150 5553 Psa

2256 5516 2398 5564 tun,
2432 5501 2484 5555 ’5.
2561 5499 2579 5531 ⁷
2604 5498 2622 5552 l
2649 5498 2776 5554 Cor.
2816 5516 2853 5563 ι,
2878 5500 2968 5555 24.
3044 5500 3245 5558 'Joan.
3285 5520 3325 5568 ι,
3382 5504 3403 5556 1
3464 5488 3775 5571 seqq.;Psal.

557 5564 734 5618 axx",
760 5555 814 5610 8.

1766 5652 1781 5669 ’
1851 5654 2081 5712 VARI/ﬁ
2124 5658 2529 5715 LECTIONES.

623 5759 888 5839 ’δ’-πάντα]
915 5762 1096 5839 A103".
1133 5783 1170 5833 ι,
1207 5768 1260 5823 5,
1337 5769 1384 5801 ⁸⁸
1539 5767 1696 5825 ηοω,
1733 5784 1808 5834 χι,

559 5825 606 5857 ³⁰
632 5830 731 5900 τῆς
756 5825 962 5888 οιυ.Ἀ.

2028 5773 2070 5803 ³⁷
2106 5771 2171 5824 δι’
2194 5765 2279 5842 οὗ]
2345 5772 2504 5826 Ιιυιπ.
2557 5787 2595 5838 ι,
2626 5771 2679 5825 2.

2789 5773 2833 5805 "
2861 5774 2917 5827 δὲ
2960 5774 2997 5827 Α
3038 5793 3050 5829 :
3090 5774 3144 5828 δὲ
3192 5776 3284 5834 καὶ
3333 5794 3391 5841 ς.
3493 5775 3534 5806 ⁸⁸
3554 5770 3695 5827 τοῦτο
3718 5766 3773 5820 Δ.
