4014 6416
298 392 396 456 741
1379 396 1855 459 ΒΙΒΙᾸΟΤΗΕὒὲ

1958 418 1991 432 -
2016 392 2177 455 COD.
2207 392 2489 455 CCXXII;
3437 393 3542 455 752

294 506 495 571 νόμους
520 502 821 573 εἰσφέρειν,
852 504 1142 576 νομοθέτου
1186 505 1243 561 δὲ
1274 507 1367 560 καὶ
1400 506 1499 576 τὴν
1527 506 1705 576 κρίσιν
1745 504 1855 575 ἔχει

1958 502 2295 562 ,Conditoris
2342 503 2539 557 etenim
2578 510 2664 557 est
2702 511 3008 559 creaturam
3042 516 3225 566 nosse,
3255 504 3418 559 ctnbi
3446 524 3543 560 uo—

294 594 405 645 τῶν
444 609 507 645 τι
541 593 583 626 ³¹
619 596 744 659 τοὺς
770 596 965 667 νόμους
1000 597 1362 665 ὑπεριδόντων
1406 598 1502 650 καὶ
1516 598 1631 650 ὅσοι
1659 595 1778 649 κατ’
1808 597 1855 648 αι

1981 594 2144 658 verit,
2178 608 2273 661 pro
2292 594 2700 662 suscipientium
2731 595 3041 649 conditione
3067 594 3211 663 leges
3241 597 3400 650 l'erre.
3434 597 3535 652 Le-

293 686 423 747 τοὺς
457 684 896 742 ἐπολιτεύσαντο.
922 686 1014 740 Διὸ
1031 688 1126 741 καὶ
1151 687 1395 755 ὁΠατὴρ
1412 689 1455 720 ³¹
1484 688 1635 758 φησὶ,
1662 686 1855 755 κρίνει·

1979 682 2255 752 gislatoris
2289 686 2483 755 183a
2518 700 2645 741 vero
2671 695 2755 741 est
2805 684 3070 753 judicium
3123 685 3288 751 ferre,
3317 702 3438 741 cum
3484 689 3541 741 in

294 773 541 837 οὐδένα,
568 776 729 830 ἀλλὰ
753 776 867 845 τὴν
908 778 1110 845 κρίσιν
1136 777 1343 832 πᾶσαν
1369 778 1588 832 δέδωκε
1606 777 1687 842 τῷ
1723 774 1834 841 Υιῷ

1970 787 2072 835 eos
2098 773 2188 840 qui
2209 774 2379 843 legem
2403 776 2862 844 spreverint,tum
2895 775 2948 829 in
2972 790 3086 838 eos,
3119 776 3212 845 qui
3249 777 3541 841 secundum

294 865 392 917 καὶ
419 864 605 928 πάλιν,
622 865 684 918 ’0
720 867 923 934 Πατὴρ
947 867 991 899 ³³
1008 867 1211 937 ἀγαπᾷ
1246 867 1353 922 τὸν
1378 868 1534 933 nar,
1557 866 1657 921 καὶ
1680 867 1855 919 πάντι

1975 862 2123 917 illam
2156 864 2387 919 vixerint
2421 882 2433 918 :
2475 868 2673 931 Quare,
2711 868 2906 937 inquit,
2956 865 3119 920 Paler
3182 885 3284 921 non
3331 869 3543 937 judicat

288 956 647 1010 δέδωκενέν
686 958 761 1026 τῇ
811 959 959 1028 χειρὶ
1004 961 1211 1015 αὑτοῦ.
1260 962 1356 1023 Ὃς
1412 958 1767 1014 ἀναπλάττων
1814 974 1855 1011 τι

1971 970 2304 1025 quemquam,
2359 959 2448 1010 sed
2494 974 2643 1010 omne
2690 959 2951 1025 judicium
3009 960 3154 1012 dedit
3206 957 3425 1013 Filio’.
3479 959 3545 1011 Et

287 1050 523 1118 πλάσμα
547 1049 615 1102 δι’
642 1051 860 1116 ἑαυτοῦ,
907 1052 1004 1106 καὶ
1032 1051 1249 1122 πρῶτος
1276 1053 1402 1116 τοὺς
1435 1052 1633 1122 νόμους
1666 1050 1855 1120 ἐκπλη-

1970 1043 2209 1101 iterum:
2270 1044 2433 1099 Pater
2478 1048 2647 1117 diligit
2693 1046 2920 1115 Filium,
2970 1060 3018 1103 et
3077 1051 3255 1103 omnia
3302 1052 3443 1102 dedit
3489 1052 3543 1102 in

294 1142 429 1210 ρῶν,
457 1142 821 1213 ὑπογραμμὸν
866 1146 996 1215 ἡμῖν
1024 1146 1219 1199 ἑαυτὸν
1246 1148 1540 1217 προτάττει
1570 1145 1855 1209 πολιτείας1

1970 1154 2131 1192 manu
2156 1138 2274 1206 eius
2300 1139 2366 1193 ".
2402 1138 2501 1206 Qui
2530 1151 2838 1193 creaturam
2866 1155 2964 1209 per
3022 1151 3197 1195 semet
3249 1142 3541 1210 reﬁngens,

286 1232 355 1303 ἢν
378 1233 441 1285 οὐ
479 1234 826 1305 κατορθῶσαι
876 1238 1111 1307 χαλεπὸν
1162 1238 1298 1310 πρὸς
1348 1239 1440 1291 τὸν
1492 1236 1733 1307 ἀρχηγὸν
1766 1236 1855 1303 ἀφ-

1967 1240 2020 1283 et
2050 1230 2257 1298 primus
2292 1229 2436 1300 leges
2463 1230 2709 1299 impleas,
2743 1232 3047 1300 exemplum
3082 1233 3236 1287 nobis
3281 1233 3539 1301 degenda-

284 1324 536 1394 ορῶντας
568 1328 662 1380 καὶ
686 1330 1047 1399 χειραγωγόν.
1081 1332 1338 1400 ’Ἄριστος
1372 1330 1430 1384 δὲ
1460 1328 1779 1400 νομοθέτης,
1806 1326 1855 1390 ὃς

1965 1320 2092 1375 vita:
2132 1321 2369 1390 seipsum
2430 1323 2780 1391 praescribit:
2817 1338 2976 1392 quam
3012 1325 3177 1378 vitam
3236 1324 3392 1379 facile
3460 1335 3543 1379 est

286 1417 364 1485 μὴ
395 1417 544 1488 λόγῳ
591 1419 752 1489 μόνον
795 1421 857 1474 τὸ
896 1422 1205 1493 πρακτέον,
1270 1422 1451 1494 ἔργοις
1468 1424 1514 1455 ³⁸
1555 1423 1612 1475 δὲ
1663 1421 1861 1492 μᾶλλον

279 1509 600 1576 νομοθετεῖο
631 1511 710 1565 διὸ
749 1513 844 1569 καί
885 1530 1051 1584 φησιν
1072 1532 1087 1548 ο
1119 1508 1236 1571 Ὠν
1251 1515 1295 1547 ³⁸
1317 1515 1543 1585 ἤρξατο
1563 1517 1597 1569 ὁ
1631 1512 1863 1583 Ἰησοῦς

279 1600 486 1653 ποιεῖν
517 1618 581 1655 τε
616 1602 719 1658 καὶ
752 1603 1085 1661 διδάσκειν.

1968 1423 2116 1465 recte
2162 1411 2468 1476 instituere,
2521 1412 2568 1467 si
2624 1414 2788 1467 modo
2840 1415 2891 1467 in
2953 1415 3273 1484 principem,
3296 1425 3350 1469 et
3380 1431 3542 1469 manu

1967 1502 2254 1556 ducentem
2300 1502 2676 1572 respiciamus.
2718 1503 2964 1572 Optimus
3006 1507 3201 1574 quippe
3257 1506 3536 1574 legislator

1966 1590 2076 1654 ille,
2111 1592 2200 1660 qui
2230 1605 2335 1647 non
2357 1592 2535 1646 verbis
2555 1593 2712 1647 modo
2735 1595 2860 1662 quid
2882 1599 3171 1663 agendum,
3204 1596 3299 1649 sed
3328 1598 3542 1652 actione

1964 1683 2141 1752 potius
2174 1684 2287 1751 ipsa
2318 1684 2493 1752 pneit,
2525 1699 2683 1753 quam
2707 1687 2868 1739 etiam
2893 1688 2963 1741 ob
2992 1700 3106 1741 rem
3149 1688 3379 1743 dicitur:
3409 1688 3541 1754 Qua:

1964 1776 2114 1844 ca’pit
2142 1774 2296 1829 Jesus
2319 1775 2489 1841 facere
2512 1784 2560 1828 et
2582 1776 2763 1828 docere
2787 1778 2851 1831 ι’.

373 1863 606 1936 Ἔφεξῆς
632 1866 689 1919 δὲ
722 1864 877 1938 ζητεῖ
905 1867 1009 1923 Διά
1039 1867 1200 1938 τίμὴ
1225 1867 1300 1923 δι’
1329 1865 1645 1937 ἀνθρώπου
1673 1868 1712 1935 ἡ
1746 1882 1855 1919 σω-

2038 1862 2125 1926 Η,
2162 1860 2368 1927 Quaerit
2397 1861 2618 1915 deinde:
2654 1862 2832 1926 Quare
2882 1880 2987 1919 non
3043 1881 3137 1932 per
3173 1865 3435 1919 hominem
3466 1864 3532 1916 sit

280 1956 507 2021 Inpia;
535 1956 566 2025 ἢ
595 1957 699 2010 Διὰ
730 1959 789 2011 τι
815 1957 897 2026 μὴ
944 1958 1200 2029 ἅγγελος
1248 1956 1717 2026 myopem“;
1744 1954 1854 2010 Καί

282 2062 457 2113 φησιν
490 2048 565 2110 ὡς
597 2051 1087 2121 πεπραγμάτευται
1124 2050 1225 2121 μὲν
1254 2050 1515 2113 πολλάκις
1542 2049 1608 2102 δι’
1649 2048 1860 2120 ἀνθρὼ-

278 2154 407 2189 πων
441 2138 549 2191 τῶν
585 2142 862 2211 ὁμογενῶν
903 2144 937 2212 ἡ
966 2143 1231 2213 σωτηρία,
1260 2141 1453 2213 ῶσπερ
1489 2142 1576 2195 διὰ
1614 2141 1856 2205 Μωσέως

279 2232 382 2280 καὶ
413 2229 501 2283 διὰ
526 2231 633 2283 τῶν
661 2232 975 2304 προφητῶν,
996 2233 1108 2286 ἀλλ’
1137 2233 1258 2287 οὐδὲ
1287 2234 1345 2287 ἓν
1364 2234 1657 2304 ὀλόκληρον
1679 2232 1853 2300 ἔθνος,

279 2320 396 2373 τῶν
435 2322 702 2377 Ἰουδαίων
742 2323 903 2393 λέγω,
934 2323 1028 2377 τοῦ
1053 2324 1235 2378 κοινοῦ
1257 2326 1578 2397 ἀνερρώσθη
1612 2326 1855 2397 νοσήμα-

281 2429 398 2475 τος.
422 2412 543 2476 Πῶς
569 2414 625 2466 δὲ
649 2414 742 2467 καὶ
763 2414 1051 2487 ἀνθρώπου
1080 2415 1140 2469 τὸ
1168 2416 1290 2470 ὅλον
1312 2416 1541 2488 φύραμα
1566 2419 1857 2491 νενοσηκὸς

281 2503 629 2571 ἐξιάσασθαι,
662 2505 696 2577 ἢ
731 2506 819 2559 τὸν
862 2507 1079 2577 ἰσχυρὸν
1103 2507 1297 2578 δῆσαι,
1344 2509 1441 2562 καὶ
1475 2509 1667 2563 τούτου
1699 2509 1856 2582 διαρ-

281 2596 462 2647 πάσαι
492 2601 559 2650 τὰ
590 2596 793 2668 suum;
818 2596 942 2669 [501
973 2598 1067 2670 Η.]
1094 2597 1220 2663 Πῶς
1253 2598 1424 2653 δὲκαὶ
1460 2599 1612 2669 ψιλὸς
1646 2601 1857 2670 ἀνθρω-

283 2703 390 2748 πος
418 2688 477 2739 τὸ
504 2688 761 2758 ὁμογενὲς
796 2689 1152 2761 ὲξεκάθηρεν,
1187 2690 1351 2754 αὐτὸς
1394 2690 1618 2761 μέτοχος
1657 2690 1735 2743 ὢν
1760 2689 1855 2743 τοῦ

280 2780 677 2850 ρυπάσματοςς
724 2781 932 2849 Οὐδεὶς
961 2783 1006 2814 ³⁸
1044 2784 1155 2854 γὰρ
1190 2785 1307 2839 ἀπὸ
1334 2784 1533 2852 ῥύπου
1574 2785 1853 2851 καθαρός.

281 2872 417 2925 Οὐδ’
444 2872 672 2940 ἀγγέλου
722 2873 780 2926 δέ
826 2890 971 2937 τινος
1008 2870 1100 2946 ἦν,
1134 2876 1182 2927 εί
1212 2874 1309 2945 τὴν
1355 2875 1632 2946 σάρκωσιν
1664 2873 1854 2927 ἐπετέ-

276 2980 519 3032 τραπτο,
540 2964 638 3027 τὰς
666 2965 841 3035 ἀρχὰς
869 2966 965 3019 καὶ
992 2965 1090 3029 τὰς
1124 2965 1373 3032 ἐξουσίας
1406 2965 1769 3037 θριαμϐεῦσαι
1795 2983 1855 3019 τε

279 3058 386 3109 καὶ
429 3057 947 3129 παραδειγματίσαι.
985 3058 1107 3123 Πῶς
1135 3059 1179 3112 δ’
1225 3059 1291 3113 ἂν
1337 3058 1520 3123 δοῦλος
1553 3058 1630 3110 ῶν
1676 3058 1743 3111 τά
1772 3059 1856 3112 δε-

281 3148 523 3201 σποτικὰ
552 3149 643 3202 καὶ
667 3149 940 3218 βασιλικὰ,
958 3148 1050 3202 τοῦ
1080 3150 1245 3221 νόμου
1269 3149 1433 3219 λέγω,
1459 3149 1857 3221 προστάγματα

1963 1951 2109 2020 facta
2142 1950 2368 2004 saluatio
2404 1950 2585 2005 ?aut:
2626 1950 2803 2015 Quare
2856 1969 2959 2006 non
3004 1954 3219 2023 angelus
3276 1956 3538 2024 quispiam

1961 2056 2171 2094 carnem
2190 2040 2471 2094 induerit?
2502 2040 2833 2110 Respondet,
2871 2052 3128 2096 tentatam
3171 2045 3386 2112 quidem
3438 2048 3535 2097 hu.

1963 2129 2169 2182 minum
2216 2129 2443 2184 salutem
2478 2143 2574 2198 per
2592 2130 2838 2184 homines
2860 2145 2963 2184 non
3002 2132 3190 2195 semel,
3216 2148 3310 2201 per
3336 2131 3537 2186 Mosen:

1966 2219 2221 2276 nimirum
2277 2230 2333 2275 et
2388 2221 2705 2289 pr0phetas:
2768 2222 2863 2276 sed
2931 2238 3205 2289 nunquam
3256 2222 3339 2276 vel
3378 2239 3538 2275 uuam

1962 2314 2199 2385 aliquam
2273 2324 2511 2386 gentem,
2562 2324 2729 2368 totam
2780 2313 3087 2369 Judaeorum
3130 2327 3281 2384 puta,
3324 2316 3391 2369 ab
3445 2318 3536 2369 illo

1965 2407 2239 2463 communi
2262 2408 2455 2462 morbo
2480 2407 2824 2462 convaluisse
2860 2424 2875 2461 :
2910 2408 3181 2477 quomodo
3215 2409 3381 2479 igitur
3432 2409 3531 2463 lni-

1963 2516 2179 2555 manum
2231 2516 2401 2570 genus
2431 2501 2741 2555 universum
2772 2539 2789 2565 ,
2842 2503 3033 2557 morbo
3078 2512 3411 2573 correptum,
3446 2519 3533 2558 sa-

1960 2601 2206 2657 nossent,
2238 2600 2332 2645 aut
2393 2590 2587 2646 fortem
2636 2593 2897 2663 ligassent
2925 2594 2990 2659 ¹³,
3025 2605 3189 2664 atque
3226 2596 3343 2667 ejus
3384 2612 3537 2651 arma

1962 2680 2360 2736 abstulissent?
2396 2682 2675 2749 Quomodo
2714 2700 2844 2740 vero
2875 2701 3046 2755 purus
3082 2689 3243 2741 homo
3286 2689 3530 2757 ejusdem

1961 2787 2146 2828 secum
2196 2783 2403 2827 natura:
2462 2773 2736 2830 hominem
2787 2786 3165 2846 expurgasset,
3212 2781 3525 2834 earumdem

1961 2863 2078 2933 ipse
2102 2866 2368 2934 particeps
2388 2867 2672 2922 sordium?
2707 2866 2871 2921 Nemo
2906 2871 3046 2921 enim
3076 2888 3107 2923 a
3156 2873 3310 2925 sorde
3358 2890 3519 2925 mun-

1961 2955 2060 3008 dus
2090 2954 2153 3009 “.
2192 2954 2376 3025 Neque
2402 2970 2589 3010 rursus
2621 2957 2797 3027 angeli
2826 2956 2987 3012 ullius
3017 2969 3157 3026 erat,
3190 2962 3234 3015 si
3283 2961 3358 3014 illi
3383 2975 3533 3014 com-

1960 3047 2122 3100 missa
2156 3044 2344 3100 fuisset
2363 3048 2687 3112 incarnatio,
2710 3048 3042 3117 principatus
3071 3061 3124 3105 et
3165 3061 3461 3120 potestates
3487 3052 3531 3082 ¹⁵

1961 3136 2015 3191 in
2071 3138 2401 3206 triumphum
2458 3138 2677 3201 ducere,
2720 3155 2782 3195 ac
2817 3141 2992 3210 palam
3027 3143 3341 3197 traducere.
3373 3142 3523 3208 Quo-

278 3240 429 3309 πρδς
454 3240 552 3311 τὴν
582 3240 949 3312 εὐαγγελικὴν
975 3241 1273 3308 πολιτείαν,
1296 3242 1365 3294 δι’
1396 3237 1465 3314 ἦς
1495 3242 1626 3312 ἡμῖν
1656 3243 1689 3312 ὴ
1720 3243 1854 3311 πρὸς

1959 3227 2120 3280 modo
2167 3228 2332 3281 etiam
2385 3243 2578 3283 servus
2614 3231 2879 3298 potuisset
2932 3230 3208 3286 Dominica
3257 3247 3321 3287 ac
3386 3233 3533 3302 regia

275 3333 548 3403 οὐρανοὺς
582 3334 787 3398 ἄνοδος,
838 3334 1238 3408 μετερρύθμιζέ
1274 3353 1335 3389 τε
1384 3337 1479 3391 καὶ
1506 3335 1852 3407 μετέταττεν,

275 3423 476 3494 ῶσπερ
501 3426 527 3477 ὁ
550 3424 1035 3497 Σωτὴρ,Ἐῤῥέθη,
1060 3425 1105 3457 ³⁷
1136 3425 1330 3495 λέγων,
1350 3423 1431 3491 τῷ
1481 3425 1645 3494 νόμῳ
1690 3423 1855 3491 τάδε,

274 3513 403 3583 ἐγὼ
431 3515 500 3568 δὲ
528 3516 683 3585 λέγω
708 3518 851 3587 ὑμῖν
890 3517 1053 3583 τάδε,
1084 3518 1201 3582 πῶς
1233 3518 1277 3570 δ’
1319 3518 1385 3572 ἂν
1426 3517 1719 3589 ὁμοδούλου
1757 3535 1853 3572 κε-

275 3606 533 3671 λεύοντος
577 3608 649 3661 τά
687 3609 941 3680 δαιμόνια
995 3611 1089 3664 καὶ
1133 3612 1161 3664 ὁ
1216 3608 1421 3664 τούτων
1461 3611 1644 3682 ἀρχων
1679 3611 1760 3674 είς
1794 3607 1889 3667 τὸ.

278 3698 478 3761 σκότος
519 3700 900 3771 ἀπεπέμπετο,
936 3702 1071 3755 ὅπου
1117 3720 1181 3771 γε
1217 3703 1246 3755 ὁ
1288 3703 1627 3775 ἀρχάγγελος
1669 3702 1713 3735 ³⁸
1752 3703 1856 3756 Μι-

277 3786 445 3857 χαὴλ,
494 3788 619 3857 περὶ⁵
659 3788 778 3852 ἐνὸς
825 3790 1077 3857 σώματος
1107 3790 1202 3844 τοῦ
1239 3793 1506 3857 Μωσέως,
1547 3792 1642 3845 καὶ
1683 3792 1855 3844 ταῦτα

274 3879 513 3942 δικαίου,
558 3879 636 3950 τῷ
686 3879 917 3952 διαϐόλῳ
974 3881 1401 3954 διαφερόμενος,
1441 3884 1541 3937 οὐκ
1585 3882 1853 3953 ἐτόλμησε

276 3971 417 4041 παρ’
447 3971 641 4023 ἑαυτοῦ
676 3971 997 4043 βλάσφημον
1030 3970 1334 4041 ἐξενεγκεῖν
1367 3975 1486 4027 κατ’
1526 3973 1691 4029 αὐτοῦ
1728 3973 1853 4044 κρί-

276 4078 407 4127 σιν;
447 4063 589 4133 Πρὸς
632 4063 906 4118 υἱοθεσίαν
937 4064 994 4118 δὲ
1039 4064 1143 4118 ποῦ
1189 4064 1254 4118 ἂν
1298 4063 1460 4128 αὐτὸς
1491 4065 1641 4136 ἡμᾶς
1668 4063 1854 4128 δοῦλος

271 4152 356 4205 ὣν
386 4153 658 4223 ἀνήγαγεν
681 4154 763 4222 ³⁹;
802 4155 835 4226 ἢ
890 4155 1010 4219 πῶς
1058 4154 1125 4209 ἂν
1183 4154 1435 4228 σύνεδρον
1483 4156 1562 4228 τῷ
1600 4155 1853 4227 πατρικῷ

274 4245 461 4314 θρόνῳ
491 4246 549 4298 τὸ
576 4246 960 4318 ήμέτερον,ὠς
995 4245 1087 4301 νῦν
1109 4246 1198 4301 διὰ
1227 4246 1321 4301 τοῦ
1351 4246 1503 4315 Υίοῦ,
1529 4248 1854 4320 ὲγνωρίζετο

266 4354 536 4407 φύραμα.

1957 3327 2250 3386 prmcepta,
2304 3318 2457 3388 legis,
2490 3320 2731 3390 inquam,
2766 3321 2819 3376 in
2863 3323 3058 3377 melius
3108 3323 3237 3376 illud
3296 3338 3532 3392 evange-

1956 3407 2120 3463 licum
2149 3409 2457 3464 institutum
2494 3410 2613 3483 (per
2638 3413 2779 3482 quod
2811 3414 2967 3468 nobis
2994 3412 3214 3485 [solum]
3242 3416 3292 3467 in
3319 3414 3516 3468 ctelum

1956 3514 2221 3555 ascensus
2246 3500 2426 3560 datur)
2460 3502 2743 3557 immutato
2793 3506 2987 3558 ordine
3025 3505 3344 3568 refermare,
3386 3508 3526 3570 muni

1955 3590 2201 3647 Salvator
2254 3593 2403 3655 fecit,
2431 3595 2809 3651 cumdiceret:
2846 3595 2999 3650 Dicta
3033 3606 3151 3651 sunt
3177 3596 3286 3651 haec
3324 3598 3376 3649 in
3402 3597 3532 3665 lege,

1955 3693 2007 3736 at
2055 3700 2146 3754 ego
2169 3685 2286 3738 dico
2318 3686 2463 3740 vobis
2494 3686 2557 3740 ⁸⁸.
2620 3686 2904 3752 Quomodo
2952 3689 3079 3744 item
3129 3688 3353 3759 jubente
3400 3704 3532 3742 con-

1953 3788 2134 3841 servo,
2183 3774 2445 3830 daemonia
2504 3791 2801 3848 eorumque
2861 3779 3111 3848 princeps
3166 3780 3219 3833 in
3281 3780 3532 3835 tenebras

1954 3863 2301 3921 mitterentur
2329 3904 2344 3931 ,
2379 3870 2837 3937 quandoquidem,
2888 3870 3117 3925 Michael
3173 3871 3533 3938 archangelus

1954 3970 2053 4024 pro
2088 3956 2205 4011 solo
2260 3956 2448 4021 Mosis,
2501 3968 2558 4013 et
2605 3961 2819 4029 quidem
2869 3962 3029 4032 justi,
3076 3977 3328 4033 corpore,
3392 3979 3515 4018 cum

1953 4047 2169 4102 diabolo
2193 4048 2496 4118 disputans,
2530 4064 2625 4119 per
2653 4068 2712 4107 se
2736 4068 2840 4107 non
2869 4062 2959 4107 est
2981 4069 3151 4109 ausus
3178 4054 3439 4123 judicium
3465 4056 3519 4108 ei

1954 4134 2159 4190 inferre
2214 4138 2564 4207 blasphemia:
2586 4140 2678 4195 1’?
2708 4140 2989 4208 Quomodo
3049 4158 3239 4199 servus
3274 4145 3387 4213 ipse
3427 4160 3529 4199 nos

1952 4227 2019 4281 ad
2053 4227 2303 4283 ordinem
2359 4231 2737 4301 adoptivorum
2797 4238 3030 4290 evehere
3084 4236 3385 4305 potuisset?
3437 4246 3530 4289 aut

1951 4321 2222 4388 quomodo
2281 4330 2339 4377 ut
2387 4338 2529 4377 nunc
2589 4340 2684 4392 per
2742 4326 2952 4390 Filium,
3017 4330 3290 4395 cognitum
3340 4326 3533 4381 fuisset

1951 4424 2121 4479 genus
2145 4423 2391 4467 nostrum
2424 4429 2529 4467 una
2552 4415 2863 4470 considendi
2904 4417 2955 4469 iu
2984 4420 3159 4485 patrio
3189 4419 3385 4471 throno
3428 4433 3528 4486 po-

1956 4510 2207 4556 testatem
2244 4516 2367 4557 esse
2403 4505 2664 4558 nactum?

345 4594 540 4648 Ταῦτα
582 4596 803 4651 διελθὼν
850 4596 1233 4666 αἰτιολογεῖται
1285 4598 1360 4663 ὡς
1404 4599 1433 4652 ὁ
1464 4598 1736 4669 Ἰορδάνης
1764 4598 1855 4653 καὶ

2035 4590 2162 4645 Haec
2189 4592 2278 4645 ubi
2318 4593 2596 4656 disseruit,
2629 4609 2846 4648 causam
2883 4593 3078 4656 reddit,
3128 4610 3224 4647 cur
3266 4594 3532 4649 Jordanes

264 4689 304 4757 ἠ
335 4684 580 4757 Ἐρυθρὰ
614 4688 854 4741 θάλασσα
882 4689 1071 4742 Μωσεί
1102 4690 1199 4760 μὲν
1238 4692 1332 4747 καὶ
1359 4689 1515 4761 Ἠλίᾳ
1551 4691 1643 4743 καὶ
1675 4688 1854 4743 Ἐλισ-

266 4774 420 4845 σαίῳ
464 4775 797 4830 διαϐαίνουσι
843 4776 1143 4847 σχίζονται,
1179 4778 1275 4832 καὶ
1320 4777 1444 4830 τότε
1487 4776 1549 4830 τὸ
1585 4776 1633 4808 ⁸ο
1674 4776 1856 4840 αὐτοῖς

265 4866 611 4939 πρόσταγμα
665 4867 758 4920 τοῦ
792 4869 1061 4921 Δεσπότου
1113 4868 1543 4938 δυσωπούμενα;
1592 4867 1752 4938 ἔργον
1798 4866 1855 4920 δὲ

265 4956 498 5026 φύσεως
524 4958 585 5009 τὺ
613 4957 813 5028 βάρους
838 4958 1170 5027 ἐμπεσόντος
1193 4957 1271 5027 τῷ
1301 4956 1454 5011 ὕδατι
1486 4955 1854 5026 διασχίζεσθαί

262 5066 333 5101 τε
360 5049 456 5100 καὶ
495 5048 816 5115 διίστασθαι,
849 5050 991 5104 ὥστε
1046 5050 1107 5103 τὸ
1159 5049 1435 5121 ὑπερφυὲς
1473 5049 1541 5103 δι’
1571 5049 1751 5102 αὐτῶν
1787 5048 1849 5101 οὐ

268 5140 667 5211 βελτιουμένης
706 5141 1004 5195 ἐτελειοῦτο
1041 5142 1141 5212 τῆς
1171 5142 1384 5211 φύσεως
1407 5158 1421 5172 ο
1464 5140 1767 5211 δεσποτικῷ
1793 5140 1851 5192 δὲ

270 5230 406 5282 ποδὶ
450 5231 784 5285 ὲπιὸαίνοντι
827 5233 1016 5286 οὐκέτι
1065 5232 1165 5303 μὲν
1212 5235 1245 5302 ή
1298 5234 1541 5287 θάλασσα
1580 5235 1645 5302 τῇ
1695 5232 1854 5302 φύσει

268 5318 607 5375 δουλεύουσα
640 5322 905 5394 σχίζεται,
955 5323 1252 5395 ὑπερφυῶς
1294 5323 1351 5377 δὲ
1384 5323 1727 5395 συντηροῠσα
1755 5322 1855 5394 τὴν

356 5465 375 5494 ³
399 5461 553 5517 Joan.
588 5462 752 5525 v,22.
831 5465 875 5495 ⁸⁸
899 5463 1053 5518 Joau.
1087 5479 1166 5525 ιιι,
1203 5463 1299 5531 55.
1372 5464 1411 5495 ¹¹
1444 5462 1461 5516 l
1493 5461 1638 5518 Petr.
1671 5480 1733 5527 ιι,
1772 5463 1855 5517 21.

1966 5466 1985 5495 ²
2012 5465 2129 5519 Act.
2168 5482 2206 5528 ι,
2250 5465 2300 5518 ι.
2382 5466 2425 5498 ’³
2445 5464 2575 5519 Luc.
2604 5481 2664 5531 ll,
2703 5464 2794 5519 ‘22.

697 5535 740 5567 ¹⁶
773 5532 963 5589 Matth.
990 5550 1043 5598 ν,
1075 5534 1165 5587 22.
1200 5533 1240 5564 ¹⁷
1274 5530 1427 5589 Juda:
1461 5533 1515 5588 Ξ.
1551 5534 1592 5566 ¹⁸
1624 5534 1794 5589 Exod.
1818 5536 1852 5589 5

1958 5536 2023 5590 ll.
2101 5536 2143 5568 ¹⁹
2173 5535 2239 5591 lV
2265 5536 2396 5607 Reg.
2439 5534 2577 5601 ",8.

268 5535 411 5589 loss.
457 5548 515 5599 ιι,
540 5533 619 5587 l5.

1952 4690 2008 4736 et
2041 4696 2196 4735 mare
2250 4681 2513 4748 Rubrum,
2568 4683 2787 4739 Mose“
2833 4686 3047 4753 quidem
3097 4695 3256 4754 atque
3307 4684 3421 4738 Elia
3478 4697 3532 4739 et

1954 4771 2149 4826 Elisaao
2205 4776 2611 4830 transeuntibus
2636 4776 2677 4807 "
2737 4776 3082 4830 dividantur:
3140 4787 3268 4830 tunc
3325 4792 3529 4845 praece-

1954 4875 2103 4937 ptum
2158 4866 2394 4931 Domini,
2426 4868 2569 4935 quod
2626 4867 2678 4922 in
2714 4868 2845 4936 ipsis
2873 4876 3014 4934 erat,
3042 4868 3272 4921 reverita
3305 4870 3532 4938 (natum

1953 4960 2152 5029 quippe
2183 4974 2321 5029 opus
2354 4970 2460 5025 est,
2502 4960 2742 5029 pondere
2770 4960 2978 5029 illapsu,
3009 4977 3208 5031 aquam
3249 4960 3420 5014 scindi
3461 4976 3528 5015 ac

1957 5050 2273 5115 discedere;
2312 5050 2499 5120 183!)
2541 5051 2675 5103 sicut
2704 5065 2799 5119 per
2830 5052 3147 5105 miraculum
3180 5053 3249 5106 ab
3294 5051 3400 5107 illis
3435 5067 3531 5121 pa-

1962 5149 2162 5194 tratum
2199 5142 2370 5194 nihilo
2439 5141 2604 5195 fuerit
2663 5151 2856 5195 natura
2914 5144 3261 5211 prtestautior
3313 5144 3529 5210 ell'ecta)

1963 5230 2176 5285 Domini
2212 5247 2342 5285 vero
2375 5233 2508 5300 pede
2538 5233 2803 5297 calcante,
2863 5248 2968 5286 non
3006 5233 3119 5301 jam
3166 5235 3399 5303 amplius
3433 5250 3530 5303 pe-

1964 5322 2118 5392 lagus
2160 5333 2369 5379 natura?
2422 5338 2530 5378 sua:
2564 5327 2809 5380 serviens
2857 5325 3165 5378 dividatur:
3211 5329 3306 5381 sed
3361 5342 3527 5395 supra

2873 5466 2917 5497 ν’
2937 5464 3037 5521 Job
3085 5483 3194 5531 xxv,
3220 5468 3277 5521 4.
3355 5469 3396 5499 ¹⁵
3425 5468 3530 5524 Co-

1543 5652 1777 5709 VARlAﬁ
1816 5652 2226 5710 LECTIONES.

355 5748 487 5831 "Et:
521 5750 644 5831 add.
765 5816 786 5831 ν
817 5747 861 5831 ξ’
889 5749 919 5801 ὁ
948 5748 1160 5831 Πατῂρ]
1190 5747 1353 5831 ξρξιιιἶ
1373 5762 1429 5831 χ,
1458 5748 1581 5831 g2.“
1754 5746 1965 5831 Πατὴρ]
1990 5746 2370 5831 ΙΩτιιικιιιηὸὕ.
2432 5747 2489 5831 ,³⁸
2512 5747 2698 5831 Δἐρίγοις
2716 5744 2777 5831 δὲ
2798 5760 2970 5831 ntnpr.
3007 5748 3072 5801 A.

1188 5819 1230 5851 ³⁷
1258 5817 1481 5890 ἐρρέθη]
1535 5817 1721 5872 Matth.
1762 5834 1814 5882 ι’,
2012 5818 2055 5848 ³⁸
2082 5818 2110 5869 ὁ
2144 5818 2384 5887 ἁρχάγγ.
2422 5814 2546 5869 Jud.
2582 5816 2636 5869 9.

274 5818 341 5876 1.
413 5818 462 5852 ⁸⁸
510 5816 709 5888 οὐδεὶς]
759 5816 880 5873 Job.
914 5828 1025 5884 xiv,
1057 5816 1110 5874 ὁ.

3220 5746 3317 5817 ων]
3350 5748 3464 5817 Act.
3485 5761 3525 5813 ι,

3156 5818 3199 5847 ⁸⁰
3227 5818 3286 5871 τὸ
3302 5816 3428 5871 add.
3456 5817 3521 5872 Α.

2715 5816 2757 5845 ³⁸
2790 5815 2988 5884 ἀνῆγεν
3021 5834 3079 5881 ς.
