4014 6402
619 406 723 469 ’143
1769 393 2031 456 ΡΙΙΟΤΙΙ
2069 390 2204 451 ΡᾹΤ

2246 386 2573 451 tIABCH/E
2609 390 2717 451 ει).
3748 386 3831 449 744

617 525 895 577 naturam,
921 512 1007 568 sui
1044 511 1457 567 continuatione
1487 517 1724 571 servata,
1744 506 2052 561 subscrviat
2078 502 2182 557 Do-

2248 538 2257 557 .
2285 501 2571 573 συνέχειαν
2609 502 2965 572 ὑπηρετεῖται
2986 498 3065 570 τῷ
3080 497 3343 571 Δεσπότῃ,
3370 498 3505 569 πρὸς
3534 498 3593 552 τὸ
3627 502 3833 571 κρεῖττον

618 607 790 669 mino,
826 604 1010 673 seipso
1044 603 1277 657 validius
1303 600 1579 657 eﬂ‘ectum.
1612 600 1782 669 Igitur
1817 612 1968 652 mare
2020 597 2195 651 imbe-

2299 594 2503 663 ἑαυτῆς
2555 592 3018 665 διακρατουμένη.
3076 591 3168 645 Διὸ
3221 593 3316 644 καὶ
3373 591 3438 643 τὸ
3507 590 3644 645 κατά
3697 594 3835 660 φύσιν

615 696 866 752 cillitatis
912 712 1022 750 suae
1060 694 1314 760 oblitum,
1352 703 1599 746 naturam
1666 692 1883 761 quidem
1942 704 2050 743 non
2099 688 2197 741 ab-

2299 687 2570 756 ἀγνοοῦσα
2588 687 2759 750 πάθος
2784 686 2882 757 τὴν
2905 685 3069 754 φύσιν
3100 684 3195 754 μὲν
3212 684 3311 737 οὑκ
3329 684 3594 755 ἀρνεῖται,
3631 682 3744 756 [585
3758 686 3834 759 8.]

622 794 814 855 negat;
848 801 1035 839 verum
1072 785 1333 839 miraculo
1366 793 1589 838 retenta:
1630 781 2060 837 continuationis
2086 778 2197 832 Do-

2298 779 2375 847 τῷ
2393 778 2450 832 ,δ’
2487 779 2758 849 ὑπερφυεῖ
2781 779 2882 847 τῆς
2918 776 3196 845 συνεχείας
3238 776 3336 842 τὴν
3378 775 3702 844 Δεσποτικὴν
3733 778 3836 829 σαλ-

624 880 777 944 mini,
803 892 901 948 per
939 877 1067 931 illud
1109 876 1533 929 ambulationem
1566 874 1711 928 clare
1745 875 1879 926 satis
1920 873 2195 940 praedicat.

2302 872 2449 936 πίζει
2491 872 2739 941 πορείαν.
2798 868 3073 938 Συμϐἀλοι
3106 868 3153 921 δ’
3194 868 3261 922 ἄν
3294 884 3379 930 τις
3422 867 3491 933 ⁸¹,
3543 867 3717 936 φησὶν,
3756 869 3837 921 οὑκ

620 971 800 1037 Quare
856 985 960 1024 non
1003 970 1254 1032 absurde,
1298 968 1392 1031 ait,
1440 967 1697 1035 conjiciat
1747 966 1946 1036 aliquis
2008 966 2200 1020 indivi-

2299 963 2606 1027 ἀπεικότως
2634 963 2696 1017 τὸ
2724 962 2821 1033 μὲν
2849 964 3088 1032 ἄτμητον
3120 961 3217 1030 τῆς
3248 959 3582 1027 Δεσποτικῆς
3610 960 3741 1013 κατά
3761 961 3836 1014 τοῦ

622 1062 937 1115 sibilitatem
961 1062 1105 1113 illam
1138 1062 1188 1113 iu
1214 1059 1425 1113 Domini
1462 1075 1558 1129 per
1582 1075 1774 1126 aquam
1807 1058 2199 1121 ambulatione,

2302 1054 2470 1127 ὑγροῦ
2523 1055 2889 1126 πεζοπορείας
2926 1056 2986 1108 τὸ
3028 1057 3127 1124 τῆς
3157 1053 3419 1124 Θεότητος
3463 1053 3767 1123 ἀδιαίρετον,
3790 1051 3838 1105 τὸ

627 1153 851 1208 Deitatis
934 1152 1461 1217 indivisibilitatem,
1518 1152 1834 1205 divisionem
1893 1166 2039 1215 vero,
2083 1165 2203 1219 qua:

2301 1145 2359 1200 δὲ
2389 1147 2680 1218 διαιρεθὲν,
2716 1146 2793 1210 ὼς
2842 1146 2933 1200 ἐπὶ
2964 1145 3211 1209 Μωσέως
3253 1147 3349 1198 καὶ
3392 1143 3504 1198 τῶν
3538 1145 3722 1207 ἄλλων,
3759 1145 3839 1215 τὴν

623 1244 811 1308 Musis,
842 1252 895 1297 et
953 1243 1182 1297 aliorum
1232 1242 1566 1312 temporibus
1622 1240 1838 1303 accidit,
1911 1239 2199 1292 humanam

2303 1240 2659 1311 ἀνθρωπίνην
2688 1239 2978 1311 παχύτητα
3011 1239 3107 1293 καὶ
3138 1239 3220 1290 ὃτι
3268 1236 3426 1307 ἡμῶν
3456 1240 3521 1290 ὲκ
3550 1236 3640 1289 δύο
3676 1239 3706 1306 ή
3738 1237 3841 1289 σύν-

626 1334 1049 1390 crassitudinem
1106 1334 1420 1404 significare
1483 1333 1734 1401 quodque
1779 1346 1939 1385 nose
1994 1330 2201 1385 duobus

2304 1331 2475 1397 θεσις,
2526 1331 2659 1403 ὕλης
2691 1349 2752 1386 τε
2783 1331 2878 1386 καὶ
2921 1331 3118 1397 εἴδους,
3148 1330 3208 1395 ἐξ
3258 1324 3333 1385 ὧν
3359 1331 3457 1384 καὶ
3496 1330 3564 1383 τὰ
3608 1330 3731 1383 ἄλλα
3760 1329 3842 1383 σώ-

624 1428 797 1481 situus
841 1425 1149 1496 compositi,
1186 1425 1416 1479 materia
1468 1434 1521 1479 ct
1558 1425 1753 1489 forma,
1804 1438 1836 1477 e
1887 1421 2083 1492 quibus
2148 1430 2203 1476 et
2306 1440 2473 1493 ματα.

621 1519 805 1573 omnia
832 1527 1087 1572 constant
1130 1532 1381 1585 corpora.

699 1614 786 1667 15.
815 1610 1107 1675 Hisdictis,
1136 1610 1201 1663 ad
1237 1610 1452 1663 tertium
1484 1606 1753 1662 decimum
1806 1605 1999 1659 transit
2021 1614 2201 1675 caput,

2375 1603 2562 1657 Ταῦτα
2591 1602 2760 1657 εἰπὼν
2802 1604 2894 1661 ἐπὶ
2922 1604 2983 1657 τὸ
3014 1610 3083 1674 ιγ’
3127 1604 3427 1674 κεφάλαιον
3458 1603 3706 1674 μέτεισιν,
3735 1609 3785 1657 ὲν
3806 1600 3842 1674 ᾧ

620 1720 735 1771 quo
756 1702 948 1770 qumrit
981 1719 995 1756 :
1033 1700 1143 1755 Cur
1172 1700 1440 1753 hominum
1470 1715 1631 1768 genus
1660 1702 1854 1751 nudam
1887 1714 1981 1766 per
2011 1697 2205 1750 divini-

2306 1694 2463 1765 ζητεῖ
2512 1695 2615 1749 Διὰ
2654 1698 2712 1749 τί
2756 1694 2844 1765 μὴ
2890 1696 3088 1767 τυμνῇ
3120 1696 3194 1765 τῇ
3251 1698 3490 1766 θεότητι
3521 1701 3553 1752 ό
3582 1701 3755 1764 Λόγος
3788 1702 3840 1753 τὸ

623 1804 784 1847 tatem
824 1793 1052 1847 .Verbum
1090 1808 1194 1845 non
1237 1792 1530 1846 redemerit.
1571 1790 1649 1845 Ac
1695 1790 1925 1858 primum
1982 1789 2199 1859 quidem

2256 1842 2274 1898 ι
2307 1788 2684 1857 ἀνθρώπινον
2710 1791 2966 1844 ἔσωσεν
3004 1789 3114 1844 Καὶ
3143 1790 3359 1861 πρῶτον
3396 1790 3494 1861 μέν
3524 1808 3680 1860 φησιν
3713 1789 3779 1855 ὡς
3804 1792 3841 1844 εί

627 1886 803 1940 dicit:
841 1884 1067 1943 Etiamsi
1102 1885 1338 1938 maxime
1370 1884 1472 1937 boc
1498 1883 1568 1936 ita
1599 1882 1801 1936 factum
1830 1881 2040 1946 fuisset,
2068 1880 2200 1935 nihil

2255 1880 2274 1898 '
2306 1881 2400 1934 καὶ
2440 1881 2599 1935 τοῦτο
2630 1882 2905 1952 διήνυστο,
2941 1880 3093 1935 οὐδὲν
3130 1880 3197 1934 ἂν
3228 1880 3470 1934 ἐκώλυσε
3493 1882 3617 1944 τοὺς
3646 1898 3840 1951 ματαιο-

624 1988 806 2033 tamen
872 1977 1177 2046 impediret,
1235 1976 1523 2044 quominus
1568 1975 1888 2043 stultiloqui,
1922 1984 1979 2029 et
2019 1973 2200 2027 omnia

2304 1972 2498 2042 λόγους
2544 1974 2637 2028 καὶ
2686 1976 2865 2029 πάντα
2902 1974 3237 2043 τολμῶντας,
3268 1974 3429 2045 εῖπερ
3476 1974 3542 2026 ὲκ
3582 1972 3763 2036 παντὸς
3794 1971 3842 2025 τὸ

625 2073 891 2126 audentes
924 2072 943 2142 (
974 2071 1237 2139 siquidem
1285 2083 1352 2122 ex
1399 2084 1461 2123 re
1502 2069 1740 2137 qualibet
1788 2066 1973 2122 vesani
2003 2066 2074 2120 illi
2106 2066 2205 2119 bo-

2304 2064 2459 2117 Θεῖον
2490 2065 2539 2117 οῖ
2576 2065 2939 2135 παραπλῆγες
2972 2064 3277 2135 λογοθετεῑν
3298 2064 3681 2137 ὲφρυάττοντο,
3710 2062 3841 2117 πάλιν

626 2164 803 2218 mines
821 2162 1089 2218 rationem
1119 2176 1149 2215 a
1173 2160 1285 2215 Deo
1317 2174 1601 2230 reposcere
1625 2158 1919 2214 insolenter
1945 2157 2203 2226 audeant)

2303 2157 2464 2211 ἄλλον
2506 2159 2712 2229 τρόπον
2756 2158 3038 2228 ἐπιζητεῖν
3073 2157 3382 2228 σωτηρίας,
3426 2157 3488 2209 τὸ
3516 2156 3842 2226 γεγενημένον

626 2258 790 2310 alium
855 2269 1049 2309 rursus
1115 2253 1333 2308 modum
1391 2252 1584 2309 salutis
1630 2252 1934 2322 requirant,
1993 2264 2058 2305 eo
2110 2250 2200 2319 qui

2303 2250 2364 2303 οὑ
2427 2250 2776 2319 στέργοντας,
2822 2250 2916 2303 καὶ
2973 2249 3136 2303 πάλιν
3183 2250 3344 2303 ἄλλου
3385 2249 3631 2313 δοθέντος
3678 2248 3842 2319 τὸμὲν

622 2348 825 2403 fuisset
863 2362 973 2401 non
1008 2344 1269 2409 contenti,
1310 2359 1637 2413 rursumque
1668 2343 1778 2398 alio
1810 2343 1961 2407 dato,
1998 2350 2053 2396 et
2077 2355 2199 2396 eum

2307 2343 2640 2413 μωμεῖσθαι,
2666 2341 2846 2413 ζητεῖν
2880 2342 2936 2397 δὲ
2966 2344 3104 2414 ὅπερ
3131 2343 3205 2414 μὴ
3236 2343 3469 2397 δέδοται.
3499 2344 3717 2396 Ἔπειτα
3742 2342 3842 2395 τίνα

627 2439 1074 2509 reprehendant,
1138 2446 1193 2491 et
1244 2435 1409 2490 alium
1464 2437 1841 2491 inconcessum
1901 2435 2199 2504 inquirant.

2303 2436 2482 2489 λείπει
2521 2437 2716 2507 μανίας
2749 2438 3081 2508 ὑπερϐολὴν,
3116 2439 3345 2503 ἑαυτοὺς
3376 2438 3619 2509 νομίζειν
3651 2436 3708 2491 τὸ
3732 2454 3842 2507 συμ-

626 2530 850 2594 Deinde,
885 2542 1004 2597 qua:
1032 2529 1132 2581 bac
1162 2527 1336 2596 major
1359 2541 1480 2581 esse
1525 2525 1796 2580 dementia
1825 2526 2013 2594 possit,
2042 2540 2201 2593 quam

2304 2529 2470 2601 φέρον
2500 2530 2701 2584 εἰδέναι
2749 2532 2951 2600 μᾶλλον
2983 2531 3078 2585 τοῦ
3117 2534 3296 2587 πάντα
3332 2534 3393 2586 ὲν
3432 2531 3593 2604 σοφίᾳ
3624 2532 3709 2584 καί
3734 2547 3837 2592 προ·

622 2619 678 2673 id
706 2619 1044 2684 existimare,
1083 2633 1144 2673 se
1166 2622 1307 2686 quod
1333 2618 1598 2682 conferat,
1635 2631 1795 2671 nosse
1822 2631 1930 2685 prae
1956 2615 2086 2681 Deo,
2112 2615 2201 2683 qui

1635 2631 1795 2671 "0388
1822 2631 1930 2685 ΡΙ·αέ
1956 2615 2086 2681 Deo.
2112 2615 2201 2683 qui
2302 2622 2607 2693 αγαγόντος
2627 2620 2678 2656 δ’
2708 2624 2803 2677 καὶ
2836 2624 3185 2695 συνέχοντοςς

624 2725 686 2767 ιιι
715 2713 967 2768 universa
997 2711 1053 2767 in
1084 2709 1351 2782 sapientia
1383 2709 1660 2780 produxit,
1692 2708 1768 2765 ita
1796 2710 1959 2765 etiam
1984 2722 2204 2764 conser-

622 2815 713 2857 vat
744 2806 768 2858 τ

697 2895 938 2950 Solvitur
980 2908 1109 2950 vero
1143 2894 1306 2949 etiam
1345 2892 1473 2948 illud
1526 2892 1661 2947 bic:
1711 2890 1991 2958 Quomodo
2033 2890 2202 2945 Deum

2386 2896 2699 2951 Ἐπιλὺεται
2728 2896 2785 2950 δὲ
2828 2896 2924 2951 καὶ
2962 2895 3081 2959 πῶς
3113 2894 3211 2966 μὲν
3259 2893 3320 2949 αϊ
3362 2911 3424 2949 τε
3455 2894 3630 2949 κοιναὶ
3674 2908 3841 2946 εννοιαι

622 2998 735 3041 ιιιιιι
766 2987 1071 3042 communis
1099 3000 1317 3048 sensus,
1343 2995 1455 3039 tum
1482 2984 1662 3039 divina
1698 2983 1980 3053 Scriptura
2020 2983 2203 3037 omni-

2304 2989 2399 3043 καὶ
2431 2989 2493 3042 τὸ
2539 2989 2682 3043 θεῖον
2712 2989 2950 3061 γράμμα
2984 2987 3399 3057 παντοδύναμον
3444 2986 3668 3058 ὑμνοῦσι
3695 2985 3736 3017 ⁸⁸
3766 2984 3840 3037 τὸν

618 3089 892 3150 potentem
948 3078 1228 3143 celebret;
1279 3077 1492 3131 divinus
1549 3090 1680 3130 vero
1743 3073 1942 3130 Paulus
2006 3074 2199 3130 dicat:

2303 3080 2459 3145 Θεὸν,
2488 3083 2517 3135 ὁ
2544 3082 2602 3135 δὲ
2652 3080 2939 3143 θεσπέσιος
2966 3079 3178 3143 Παῦλός
3212 3096 3380 3150 φησιν
3408 3079 3540 3133 Ὅτι
3578 3077 3624 3109 ⁸⁸
3661 3080 3691 3132 ό
3724 3076 3842 3139 Θεὸς

624 3171 765 3225 Deus
801 3171 1029 3239 «ipsum
1075 3185 1263 3240 negare
1304 3185 1406 3222 non
1445 3177 1609 3235 potest
1637 3166 1770 3238 (ιε).
1805 3168 1943 3234 Quin
1978 3166 2080 3220 alia
2111 3166 2197 3220 in-

2256 3171 2681 3241 Ξὰρνήσασθαι
2719 3171 2766 3204 ⁸⁵
2823 3170 3043 3226 ἑαυτὸν
3100 3172 3173 3225 οὐ
3227 3170 3505 3225 δύναται.
3572 3167 3720 3221 Ἀλλά
3764 3166 3841 3219 καὶ

621 3275 786 3330 super
844 3268 1102 3313 sexcenta
1158 3270 1466 3329 suppetere,
1493 3274 1613 3329 qua:
1668 3258 1837 3311 Deum
1890 3273 1995 3311 non
2044 3273 2203 3328 posse

2305 3262 2442 3318 ἄλλα
2475 3257 2615 3316 εἶναι
2671 3263 2862 3335 μυρία,
2913 3260 2949 3315 a
2996 3260 3071 3333 μὴ
3118 3259 3384 3314 δύνασθαι
3449 3259 3625 3328 λέγειν
3666 3257 3841 3328 πρέπον

620 3366 836 3419 aequum
870 3350 941 3405 sit
971 3351 1149 3405 dicere
1185 3368 1198 3403 :
1248 3360 1330 3414 ut,
1376 3366 1479 3405 nou
1510 3365 1667 3419 posse
1700 3350 1990 3404 bonitatem
2041 3350 2201 3405 amit-

2305 3354 2422 3408 ἐστὶ
2453 3354 2544 3409 τὸν
2597 3354 2750 3419 Θεὸν,
2784 3354 2857 3417 ὡς
2904 3354 2966 3407 τὸ
2993 3353 3068 3424 μὴ
3119 3351 3379 3405 δύνασθαι
3409 3352 3509 3422 τῆς
3544 3350 3842 3419 ἀγαθότητος

624 3452 758 3507 tere,
809 3456 988 3511 neque
1022 3440 1308 3494 mutationi
1339 3440 1386 3472 “
1431 3440 1725 3495 obnoxium
1757 3456 1904 3506 esse,
1929 3450 1987 3495 et
2010 3439 2115 3495 alia
2136 3439 2203 3495 'id

2307 3448 2565 3500 ἐκπεσεῖν
2619 3446 2755 3516 μηδὲ
2798 3445 3008 3516 τροπὴν
3059 3443 3394 3513 ὑποστῆναι,
3431 3442 3528 3496 καὶ
3556 3444 3652 3496 ὅσα
3690 3456 3840 3509 παρα·

622 3546 813 3601 genus.
859 3532 959 3587 Cui
1011 3531 1228 3601 quidem
1292 3532 1613 3587 dubitationi
1666 3532 1862 3588 solutio
1912 3549 2037 3588 mox
2098 3534 2203 3588 ista

2306 3540 2531 3611 πλήσια.
2567 3538 2691 3611 [502
2718 3537 2814 3612 Η.]
2850 3537 2993 3592 Ἀλλ’
3020 3538 3218 3608 ἀπορεῖ
3247 3537 3346 3607 μὲν
3368 3536 3564 3603 οὑτως,
3601 3532 3840 3587 ὲπιλὺεται

622 3624 908 3692 subjicitur
934 3642 949 3679 :
986 3624 1117 3690 Qua:
1142 3623 1305 3677 Deum
1334 3639 1439 3677 non
1462 3638 1625 3694 posse
1652 3624 1903 3690 dicimus,
1932 3640 1993 3680 ea
2030 3641 2205 3697 neque

2303 3631 2381 3695 δὲ,
2414 3631 2490 3695 ὼς
2527 3631 2563 3686 ἆ
2593 3648 2772 3702 φαμεν
2811 3630 2886 3702 μὴ
2934 3629 3193 3684 δύνασθαι
3230 3628 3293 3680 τὸ
3330 3628 3513 3693 Θεῖον,
3556 3626 3717 3681 ταῦτα
3754 3622 3841 3676 τῶν

622 3724 769 3780 ειιιιι,
798 3731 973 3785 neque
1007 3715 1061 3769 in
1092 3730 1271 3769 rerum
1302 3724 1549 3769 naturam
1596 3718 1793 3771 cadere
1837 3718 2057 3771 omnino
2080 3733 2207 3790 pos-

2307 3724 2447 3793 μήτε
2487 3722 2659 3776 ὄντων
2708 3723 2825 3775 ἐστὶ
2848 3720 2986 3791 μήτε
3022 3718 3261 3773 δυνατῶν
3304 3719 3446 3783 ὅλως
3498 3718 3756 3786 ὑφέστηκε
3795 3711 3842 3764 τὸ

622 3817 773 3859 sunt.
808 3805 905 3861 Ubi
957 3807 1103 3861 enim
1140 3805 1415 3876 proditum
1446 3816 1527 3862 est
1557 3823 1815 3878 unquam,
1858 3819 1917 3862 ut
1943 3810 2085 3865 Deus
2118 3810 2202 3866 vel

2302 3813 2647 3885 ἀρνήσασθαι
2687 3814 2781 3865 τὸν
2830 3811 2966 3865 Θεὸν
3016 3810 3229 3875 ἑαυτὸν,
3261 3809 3298 3880 ἢ
3330 3811 3364 3880 ἠ
3401 3808 3600 3881 τροπὴ,
3636 3809 3665 3875 ἦ
3695 3807 3724 3876 ή
3761 3802 3842 3870 τῆς

624 3909 849 3967 negaret
876 3898 1137 3968 scipsum,
1170 3898 1256 3953 vel
1308 3908 1632 3964 mutaretur,
1659 3900 1740 3954 vel
1783 3901 2021 3957 bonitate
2050 3903 2201 3957 exci-

2302 3906 2640 3977 ἀγαθότητος
2668 3904 2961 3967 ἔκπτωσις,
2999 3902 3033 3973 ἢ
3065 3902 3165 3973 τὴν
3196 3900 3460 3972 ἀλήθειαν
3498 3898 3686 3970 ψεῦδος
3710 3895 3840 3963 γενέ-

621 3987 817 4053 deret;
868 3988 1128 4057 autquod
1162 4004 1348 4043 verum
1382 3999 1526 4054 erat,
1560 3989 1753 4045 falsum
1784 3993 1938 4047 lieret
1966 3993 1990 4047 Ἰ
2015 3993 2202 4049 Omni-

2304 4001 2463 4067 σθαι;
2504 3997 2918 4069 Παντοδύναμος
2942 3995 2999 4050 δὲ
3038 3996 3286 4065 ὑμνεῖται
3315 3993 3416 4048 καὶ
3452 3993 3666 4062 λέγεται
3700 3989 3767 4049 ὡς
3788 3985 3842 4039 τά

628 4091 819 4150 potens
862 4095 992 4135 vero
1015 4090 1070 4136 et
1116 4081 1335 4149 dicitur,
1379 4089 1437 4136 et
1484 4083 1827 4152 prmdicatur,
1876 4086 2018 4155 quod
2079 4102 2201 4157 qua:

2300 4110 2361 4146 τε
2391 4091 2673 4162 πρέποντα
2706 4090 2856 4160 αὑτῷ
2884 4089 2979 4143 καὶ¹
3020 4088 3267 4159 σωτήρια
3311 4086 3424 4141 τῶν
3462 4080 3841 4157 δημιουργημὰ-

628 4173 798 4241 ipsum
832 4171 1047 4237 decent,
1095 4182 1151 4227 et
1179 4172 1439 4228 salutaria
1485 4186 1613 4227 sunt
1664 4177 1823 4229 rebus
1870 4178 2091 4241 creatis,
2133 4192 2199 4232 ea

2300 4201 2409 4237 των
2442 4184 2622 4237 πάντα
2650 4183 2964 4253 δυνάμενος,
2985 4181 3074 4234 ὅτε
3110 4178 3381 4250 βούλεται.
3404 4178 3673 4230 Ἀλλωστε
3695 4173 3744 4226 δὲ
3768 4170 3841 4224 καὶ

625 4264 806 4317 facere
840 4266 1011 4334 possit
1034 4265 1237 4331 omnia,
1274 4280 1396 4319 cum
1438 4265 1575 4321 vult.
1605 4266 1857 4335 Alioquin
1892 4269 1993 4322 hoc
2024 4270 2197 4338 ipsum

2298 4276 2361 4329 τὸ
2414 4274 2595 4343 λέγειν
2634 4275 2710 4345 μὴ
2749 4274 3007 4327 δύνασθαι
3054 4271 3090 4327 ἃ
3126 4272 3201 4344 μὴ
3253 4270 3469 4341 πρέπον
3512 4266 3675 4337 αὐτῷ,
3706 4262 3840 4317 δυνά-

618 4355 799 4410 dicere
835 4374 849 4411 :
904 4354 1021 4411 Non
1054 4371 1213 4427 posse
1245 4356 1437 4420 Deum,
1470 4372 1589 4426 quae
1616 4374 1722 4412 non
1764 4360 1953 4414 decent
2000 4361 2197 4429 ipsum,

2303 4367 2450 4439 μεὼς
2481 4369 2629 4421 ἐστιν
2660 4366 2736 4429 ὼς
2764 4364 3003 4436 ἀληθῶς.
3042 4364 3107 4417 El
3132 4364 3243 4434 γὰρ
3269 4364 3459 4417 ἐκεῖνα
3479 4362 3654 4417 πάντα
3679 4346 3839 4425 στέρη-

615 4448 682 4501 ad
729 4449 1021 4518 potentiam
1060 4449 1301 4518 pertinet
1346 4463 1556 4504 revera.
1592 4448 1649 4505 Si
1674 4450 1817 4504 enim
1858 4452 1975 4506 haec
2011 4454 2192 4507 omnia

2253 4511 2269 4523 ,
2301 4477 2386 4523 σις
2414 4458 2512 4515 καὶ
2538 4458 2814 4521 ἀσθένεια,
2840 4457 2900 4509 τὸ
2927 4454 3135 4510 τούτων
3168 4456 3425 4509 ἀπάντων
3446 4454 3653 4523 ἀπείρῳ
3685 4448 3838 4519 μέτρῳ

616 4541 847 4608 privatio
899 4552 1062 4611 atque
1094 4541 1409 4611 impotentia
1460 4542 1706 4612 quaedam
1744 4552 1891 4607 sunt,
1921 4546 2191 4614 quomodo

2251 4539 2273 4568 ¹
2300 4548 2693 4622 ὑπεριδρὺσθαι
2726 4547 2843 4612 πῶς
2867 4547 2930 4601 οὑ
2958 4547 3058 4612 τῆς
3092 4545 3407 4618 ἀκροτάτης
3443 4545 3541 4600 καὶ
3574 4539 3836 4597 πανσθενε-

614 4649 720 4687 non
775 4647 1000 4688 summa:
1031 4633 1137 4687 hoc
1188 4634 1295 4686 erit
1326 4634 1578 4701 potentiae
1608 4647 1673 4687 ac
1704 4632 2060 4702 fortitudinis,
2102 4638 2189 4693 in-

1261 4634 1295 4686 it
1326 4634 1578 4701 potentiae
1608 4647 1673 4687 ac
1704 4632 2060 4702 fortitudinis,
2102 4638 2189 4693 in-
2301 4642 2503 4709 στάτης
2528 4642 2846 4711 δυνάμεως;

614 4725 766 4777 tiuito
808 4724 1040 4794 quodam
1071 4725 1247 4793 spatio
1296 4739 1461 4795 supra
1500 4724 1616 4780 lucc
1658 4725 1837 4780 omnia
1870 4726 2191 4785 collocatum

610 4828 731 4868 esse
761 4815 785 4867 ?

686 4906 881 4980 184a
894 4907 1213 4979 Quanquam
1238 4922 1339 4963 nec
1359 4907 1446 4963 ille
1467 4908 1690 4963 forsitan
1712 4924 1742 4963 a
1758 4920 1904 4965 recto
1926 4911 2187 4980 discedat,

2371 4917 2526 4986 Τάχα
2567 4915 2612 4968 δ’
2642 4912 2707 4967 ἄν
2734 4928 2817 4975 τις
2856 4912 2957 4964 οὐκ
3002 4910 3107 4977 ἔξω
3152 4906 3253 4981 τῆς
3281 4904 3573 4981 ὀρθότητος
3604 4895 3835 4993 προσθείη

610 5001 701 5065 qui
747 5000 887 5053 istud
912 5018 1125 5072 quoque
1151 5004 1218 5058 iis
1242 5018 1361 5073 qua:
1394 5002 1505 5071 jam
1527 5003 1693 5067 dicta,
1716 5002 1935 5072 adjiciat
1960 5046 1976 5073 ,
1999 5021 2191 5077 nempe

2296 5012 2410 5072 τοῖς
2460 5005 2799 5079 εἰρημένοις,
2834 5002 2912 5065 ὡς
2952 5002 3014 5055 τὸ
3048 5002 3207 5069 λόγος
3231 4997 3383 5063 οὗτος
3422 5002 3543 5070 οὐχὶ
3592 4994 3721 5050 κατά
3756 5006 3832 5040 του

612 5090 1086 5147 ratiocinationem
1138 5095 1279 5150 banc
1320 5108 1424 5149 non
1481 5094 1722 5150 divinum
1764 5096 1937 5153 solum
1986 5114 2186 5155 numen

2299 5100 2446 5153 θείου
2482 5098 2642 5168 μόνον
2673 5095 2735 5149 τὸ
2765 5093 3175 5161 παντοδύναμον
3207 5093 3563 5164 περιτρέπειν
3587 5083 3830 5159 πειρᾶταιι

684 5229 731 5261 ³ο
769 5226 1002 5284 Malach.
1033 5245 1115 5297 ιιι,
1152 5231 1226 5297 6;
1276 5228 1395 5286 Jac.
1430 5246 1513 5298 ιιι,
1541 5229 1596 5285 6.

1888 5345 2125 5402 VARUE
2179 5344 2587 5403 LECTIONES.

681 5460 724 5491 “
750 5477 843 5535 {te
880 5460 1094 5535 abesset
1143 5461 1379 5535 melius:
1419 5478 1540 5535 nam
1594 5464 1921 5535 συμϐάλλειν
1958 5484 1988 5520 τ
2045 5477 2129 5521 est
2162 5466 2406 5535 σύμϐολα
2440 5465 2627 5534 φέρειν
2662 5462 2806 5535 τινός
2847 5462 3447 5535 εἰνρῄαῖνίττεσοαίῌτι.
3478 5458 3549 5517 cf.
3582 5475 3633 5531 p.
3672 5452 3751 5510 181
3782 5448 3822 5501 bl

608 5529 682 5584 40
697 5540 750 5586 ct
774 5532 867 5587 25.
942 5533 987 5563 ⁸⁸
1020 5533 1351 5601 προαγόντος
1387 5551 1449 5599 ς.
1522 5529 1884 5606 δ’ἀνὺμνοῦσι
1920 5555 1981 5601 ς.
2059 5538 2104 5569 ⁸⁸
2131 5529 2275 5591 ὃτιλ
2300 5554 2315 5591 :
2342 5529 2480 5590 διότί
2510 5529 2571 5599 ὲ.
2646 5535 2693 5569 ⁴⁵
2725 5532 2945 5605 ἀρνήσ.]
2973 5532 3012 5587 Il
3045 5534 3183 5587 Titn.
3219 5549 3280 5600 ll,
3310 5532 3394 5588 i3.

2079 5703 2310 5759 NOT/E.

681 5828 795 5901 (49)
826 5829 867 5884 η
899 5828 1040 5886 Τίηι-
1072 5850 1128 5900 ll,
1168 5835 1250 5891 15.
1299 5836 1434 5908 Lege
1478 5856 1597 5909 «μιευ
1628 5844 1691 5896 dc
1723 5843 1821 5898 huc
1858 5847 2155 5913 ﬂllﬂlsll‘llle
2186 5847 2417 5917 disputat
2457 5842 2517 5897 υ.
2554 5845 2803 5898 Ambros.
2836 5843 2994 5913 epist.
3032 5842 3111 5897 57.
