  <div class='ocr_page' id='page_1' title='image "/cluster/home/n/w/nwhite01/storage/ocr_20150623/103/hvd.32044018872861/380.png"; bbox 0 0 4014 6428; ppageno 0'>
   <div class='ocr_carea' id='block_1_1' title="bbox 376 359 484 422">
    <p class='ocr_par' dir='ltr' id='par_1_1' title="bbox 376 359 484 422">
     <span class='ocr_line' id='line_1_1' title="bbox 376 359 484 422; baseline 0 -1"><span class='ocrx_word' id='word_1_1' title='bbox 376 359 484 422; x_wconf 71' lang='grc'><strong>745</strong></span> 
     </span>
    </p>
   </div>
   <div class='ocr_carea' id='block_1_2' title="bbox 1405 367 2546 432">
    <p class='ocr_par' dir='ltr' id='par_1_2' title="bbox 1405 367 2546 432">
     <span class='ocr_line' id='line_1_2' title="bbox 1405 367 2546 432; baseline 0.003 -5"><span class='ocrx_word' id='word_1_2' title='bbox 1405 367 1937 429; x_wconf 75' lang='grc' dir='ltr'><strong>ΒΙΒΙᾸΟΤΗΕΟΛ.</strong></span> <span class='ocrx_word' id='word_1_3' title='bbox 1977 396 2047 403; x_wconf 91' lang='grc'><strong><em>-</em></strong></span> <span class='ocrx_word' id='word_1_4' title='bbox 2073 369 2237 431; x_wconf 83' lang='lat' dir='ltr'><strong>COD.</strong></span> <span class='ocrx_word' id='word_1_5' title='bbox 2263 371 2546 432; x_wconf 80' lang='lat' dir='ltr'><strong>CCXXII.</strong></span> 
     </span>
    </p>
   </div>
   <div class='ocr_carea' id='block_1_3' title="bbox 3541 379 3646 440">
    <p class='ocr_par' dir='ltr' id='par_1_3' title="bbox 3541 379 3646 440">
     <span class='ocr_line' id='line_1_3' title="bbox 3541 379 3646 440; baseline 0 -1"><span class='ocrx_word' id='word_1_6' title='bbox 3541 379 3646 440; x_wconf 65' lang='grc'>746</span> 
     </span>
    </p>
   </div>
   <div class='ocr_carea' id='block_1_4' title="bbox 375 476 1960 561">
    <p class='ocr_par' dir='ltr' id='par_1_4' title="bbox 375 476 1960 554">
     <span class='ocr_line' id='line_1_4' title="bbox 375 476 1960 554; baseline 0.005 -27"><span class='ocrx_word' id='word_1_7' title='bbox 375 477 514 530; x_wconf 79' lang='grc' dir='ltr'>ἀλλὰ</span> <span class='ocrx_word' id='word_1_8' title='bbox 544 476 642 530; x_wconf 76' lang='grc' dir='ltr'>καὶ</span> <span class='ocrx_word' id='word_1_9' title='bbox 676 476 863 541; x_wconf 84' lang='grc' dir='ltr'>ἁπλῶς</span> <span class='ocrx_word' id='word_1_10' title='bbox 894 478 1116 532; x_wconf 86' lang='grc' dir='ltr'>πάντων</span> <span class='ocrx_word' id='word_1_11' title='bbox 1143 478 1254 532; x_wconf 85' lang='grc' dir='ltr'>τῶν</span> <span class='ocrx_word' id='word_1_12' title='bbox 1282 479 1452 533; x_wconf 75' lang='grc' dir='ltr'>ὄντων</span> <span class='ocrx_word' id='word_1_13' title='bbox 1486 483 1584 554; x_wconf 77' lang='grc' dir='ltr'>τὴν</span> <span class='ocrx_word' id='word_1_14' title='bbox 1616 483 1776 550; x_wconf 85' lang='grc' dir='ltr'>φύσιν</span> <span class='ocrx_word' id='word_1_15' title='bbox 1829 499 1960 548; x_wconf 84' lang='grc' dir='ltr'>συγ-</span> 
     </span>
    </p>
   </div>
   <div class='ocr_carea' id='block_1_5' title="bbox 2065 476 3644 561">
    <p class='ocr_par' dir='ltr' id='par_1_5' title="bbox 2069 486 3644 561">
     <span class='ocr_line' id='line_1_5' title="bbox 2069 486 3644 561; baseline 0.005 -25"><span class='ocrx_word' id='word_1_16' title='bbox 2069 486 2450 554; x_wconf 84' lang='lat' dir='ltr'><strong>oppugnando,</strong></span> <span class='ocrx_word' id='word_1_17' title='bbox 2505 486 2695 541; x_wconf 87' lang='lat' dir='ltr'><strong>conari</strong></span> <span class='ocrx_word' id='word_1_18' title='bbox 2751 487 2868 557; x_wconf 80' lang='lat' dir='ltr'><strong>ejus</strong></span> <span class='ocrx_word' id='word_1_19' title='bbox 2897 491 3344 561; x_wconf 85' lang='lat' dir='ltr'><strong>omnipotentiam</strong></span> <span class='ocrx_word' id='word_1_20' title='bbox 3377 501 3644 553; x_wconf 76' lang='lat' dir='ltr'><strong>evertere,</strong></span> 
     </span>
    </p>
   </div>
   <div class='ocr_carea' id='block_1_6' title="bbox 373 567 1962 644">
    <p class='ocr_par' dir='ltr' id='par_1_6' title="bbox 373 567 1962 644">
     <span class='ocr_line' id='line_1_6' title="bbox 373 567 1962 644; baseline 0.004 -26"><span class='ocrx_word' id='word_1_21' title='bbox 373 568 494 635; x_wconf 82' lang='grc' dir='ltr'>χεϊν</span> <span class='ocrx_word' id='word_1_22' title='bbox 542 584 602 619; x_wconf 86' lang='grc' dir='ltr'><strong>τε</strong></span> <span class='ocrx_word' id='word_1_23' title='bbox 650 569 745 620; x_wconf 75' lang='grc' dir='ltr'><strong>καὶ</strong></span> <span class='ocrx_word' id='word_1_24' title='bbox 788 567 1217 637; x_wconf 81' lang='grc' dir='ltr'>μετασκευάζειν</span> <span class='ocrx_word' id='word_1_25' title='bbox 1250 568 1518 639; x_wconf 75' lang='grc' dir='ltr'>βιάζεται.</span> <span class='ocrx_word' id='word_1_26' title='bbox 1553 573 1618 626; x_wconf 80' lang='grc' dir='ltr'><strong>Εἰ</strong></span> <span class='ocrx_word' id='word_1_27' title='bbox 1665 573 1771 644; x_wconf 79' lang='grc' dir='ltr'><strong>γὰρ</strong></span> <span class='ocrx_word' id='word_1_28' title='bbox 1804 576 1837 644; x_wconf 80' lang='grc' dir='ltr'><strong>η</strong></span> <span class='ocrx_word' id='word_1_29' title='bbox 1882 573 1962 624; x_wconf 81' lang='grc' dir='ltr'>δι-</span> 
     </span>
    </p>
   </div>
   <div class='ocr_carea' id='block_1_7' title="bbox 374 657 1961 732">
    <p class='ocr_par' dir='ltr' id='par_1_7' title="bbox 374 657 1961 732">
     <span class='ocr_line' id='line_1_7' title="bbox 374 657 1961 732; baseline 0.004 -23"><span class='ocrx_word' id='word_1_30' title='bbox 374 657 645 729; x_wconf 87' lang='grc' dir='ltr'>καιοσύνη</span> <span class='ocrx_word' id='word_1_31' title='bbox 673 659 734 711; x_wconf 82' lang='grc' dir='ltr'>οὐ</span> <span class='ocrx_word' id='word_1_32' title='bbox 768 659 993 713; x_wconf 83' lang='grc' dir='ltr'>δύναται</span> <span class='ocrx_word' id='word_1_33' title='bbox 1027 659 1172 732; x_wconf 76' lang='grc' dir='ltr'>ἅπερ</span> <span class='ocrx_word' id='word_1_34' title='bbox 1215 662 1242 731; x_wconf 78' lang='grc' dir='ltr'>ἡ</span> <span class='ocrx_word' id='word_1_35' title='bbox 1274 661 1458 715; x_wconf 78' lang='grc' dir='ltr'><strong>ἀδικία</strong></span> <span class='ocrx_word' id='word_1_36' title='bbox 1500 663 1580 732; x_wconf 83' lang='grc' dir='ltr'>(ού</span> <span class='ocrx_word' id='word_1_37' title='bbox 1607 665 1718 732; x_wconf 74' lang='grc' dir='ltr'><strong>γὰρ</strong></span> <span class='ocrx_word' id='word_1_38' title='bbox 1750 664 1816 716; x_wconf 80' lang='grc' dir='ltr'>ἂν</span> <span class='ocrx_word' id='word_1_39' title='bbox 1845 663 1961 716; x_wconf 81' lang='grc' dir='ltr'>ἀδι-</span> 
     </span>
    </p>
   </div>
   <div class='ocr_carea' id='block_1_8' title="bbox 371 751 1962 826">
    <p class='ocr_par' dir='ltr' id='par_1_8' title="bbox 371 751 1962 826">
     <span class='ocr_line' id='line_1_8' title="bbox 371 751 1962 826; baseline 0.018 -25"><span class='ocrx_word' id='word_1_40' title='bbox 371 752 600 818; x_wconf 75' lang='grc' dir='ltr'>κήσειεν</span> <span class='ocrx_word' id='word_1_41' title='bbox 651 754 683 821; x_wconf 80' lang='grc' dir='ltr'>ἡ</span> <span class='ocrx_word' id='word_1_42' title='bbox 737 751 1106 823; x_wconf 67' lang='grc' dir='ltr'>δικαιοσύνη).</span> <span class='ocrx_word' id='word_1_43' title='bbox 1143 755 1580 826; x_wconf 80' lang='grc' dir='ltr'>ἐπικρατεστέρα</span> <span class='ocrx_word' id='word_1_44' title='bbox 1608 756 1715 825; x_wconf 72' lang='grc' dir='ltr'><strong>ἄρα</strong></span> <span class='ocrx_word' id='word_1_45' title='bbox 1757 758 1821 826; x_wconf 75' lang='grc' dir='ltr'><strong>τῇ</strong></span> <span class='ocrx_word' id='word_1_46' title='bbox 1869 755 1962 808; x_wconf 78' lang='grc' dir='ltr'><strong>δυ’</strong></span> 
     </span>
    </p>
   </div>
   <div class='ocr_carea' id='block_1_9' title="bbox 375 841 1960 918">
    <p class='ocr_par' dir='ltr' id='par_1_9' title="bbox 375 841 1960 918">
     <span class='ocr_line' id='line_1_9' title="bbox 375 841 1960 918; baseline 0.003 -26"><span class='ocrx_word' id='word_1_47' title='bbox 375 841 544 910; x_wconf 86' lang='grc' dir='ltr'>νάμει</span> <span class='ocrx_word' id='word_1_48' title='bbox 596 843 697 913; x_wconf 81' lang='grc' dir='ltr'><strong>τῆς</strong></span> <span class='ocrx_word' id='word_1_49' title='bbox 749 845 1016 916; x_wconf 86' lang='grc' dir='ltr'>ἀρετῆςὴ</span> <span class='ocrx_word' id='word_1_50' title='bbox 1051 845 1250 899; x_wconf 73' lang='grc' dir='ltr'>κακίαο</span> <span class='ocrx_word' id='word_1_51' title='bbox 1296 849 1389 899; x_wconf 74' lang='grc' dir='ltr'><strong>καὶ</strong></span> <span class='ocrx_word' id='word_1_52' title='bbox 1426 849 1473 899; x_wconf 83' lang='grc' dir='ltr'><strong>εί</strong></span> <span class='ocrx_word' id='word_1_53' title='bbox 1530 849 1557 899; x_wconf 86' lang='grc' dir='ltr'>ὁ</span> <span class='ocrx_word' id='word_1_54' title='bbox 1589 847 1872 918; x_wconf 70' lang='grc' dir='ltr'>ἄνθρωπος</span> <span class='ocrx_word' id='word_1_55' title='bbox 1900 848 1960 898; x_wconf 75' lang='grc' dir='ltr'>οὐ</span> 
     </span>
    </p>
   </div>
   <div class='ocr_carea' id='block_1_10' title="bbox 372 934 1962 1008">
    <p class='ocr_par' dir='ltr' id='par_1_10' title="bbox 372 934 1962 1008">
     <span class='ocr_line' id='line_1_10' title="bbox 372 934 1962 1008; baseline 0.004 -23"><span class='ocrx_word' id='word_1_56' title='bbox 372 934 604 988; x_wconf 85' lang='grc' dir='ltr'>δύναται</span> <span class='ocrx_word' id='word_1_57' title='bbox 646 937 793 999; x_wconf 86' lang='grc' dir='ltr'>λίθος</span> <span class='ocrx_word' id='word_1_58' title='bbox 844 935 1008 1002; x_wconf 77' lang='grc' dir='ltr'>εἶναι,</span> <span class='ocrx_word' id='word_1_59' title='bbox 1041 939 1242 1008; x_wconf 82' lang='grc' dir='ltr'>μᾶλλον</span> <span class='ocrx_word' id='word_1_60' title='bbox 1279 939 1344 992; x_wconf 86' lang='grc' dir='ltr'><strong>ἂν</strong></span> <span class='ocrx_word' id='word_1_61' title='bbox 1379 939 1465 1008; x_wconf 76' lang='grc' dir='ltr'>εἴη</span> <span class='ocrx_word' id='word_1_62' title='bbox 1495 940 1720 1001; x_wconf 74' lang='grc' dir='ltr'>δυνατὸς</span> <span class='ocrx_word' id='word_1_63' title='bbox 1762 943 1789 990; x_wconf 77' lang='grc' dir='ltr'>ὁ</span> <span class='ocrx_word' id='word_1_64' title='bbox 1816 940 1962 1002; x_wconf 80' lang='grc' dir='ltr'>λίθος</span> 
     </span>
    </p>
   </div>
   <div class='ocr_carea' id='block_1_11' title="bbox 373 1025 1962 1100">
    <p class='ocr_par' dir='ltr' id='par_1_11' title="bbox 373 1025 1962 1100">
     <span class='ocr_line' id='line_1_11' title="bbox 373 1025 1962 1100; baseline 0.004 -24"><span class='ocrx_word' id='word_1_65' title='bbox 373 1025 410 1094; x_wconf 66' lang='grc' dir='ltr'>ἦ</span> <span class='ocrx_word' id='word_1_66' title='bbox 446 1027 506 1077; x_wconf 76' lang='grc' dir='ltr'>τὸ</span> <span class='ocrx_word' id='word_1_67' title='bbox 534 1027 752 1092; x_wconf 81' lang='grc' dir='ltr'>λογικὸν</span> <span class='ocrx_word' id='word_1_68' title='bbox 785 1029 945 1092; x_wconf 80' lang='grc' dir='ltr'>ζῶον.</span> <span class='ocrx_word' id='word_1_69' title='bbox 983 1030 1174 1082; x_wconf 78' lang='grc' dir='ltr'><strong>Καίτοι</strong></span> <span class='ocrx_word' id='word_1_70' title='bbox 1203 1048 1265 1098; x_wconf 89' lang='grc' dir='ltr'><strong>γε</strong></span> <span class='ocrx_word' id='word_1_71' title='bbox 1290 1029 1463 1082; x_wconf 78' lang='grc' dir='ltr'>ταῦτα</span> <span class='ocrx_word' id='word_1_72' title='bbox 1501 1031 1660 1087; x_wconf 79' lang='grc' dir='ltr'>πάλιν</span> <span class='ocrx_word' id='word_1_73' title='bbox 1693 1031 1962 1100; x_wconf 84' lang='grc' dir='ltr'>ἀναστρέ-</span> 
     </span>
    </p>
   </div>
   <div class='ocr_carea' id='block_1_12' title="bbox 369 1113 1961 1192">
    <p class='ocr_par' dir='ltr' id='par_1_12' title="bbox 369 1113 1961 1192">
     <span class='ocr_line' id='line_1_12' title="bbox 369 1113 1961 1192; baseline 0.003 -22"><span class='ocrx_word' id='word_1_74' title='bbox 369 1115 542 1184; x_wconf 80' lang='grc' dir='ltr'>ψασιν</span> <span class='ocrx_word' id='word_1_75' title='bbox 564 1119 720 1170; x_wconf 73' lang='grc' dir='ltr'>οὐδὲν</span> <span class='ocrx_word' id='word_1_76' title='bbox 755 1113 919 1190; x_wconf 84' lang='grc' dir='ltr'>ἦττον</span> <span class='ocrx_word' id='word_1_77' title='bbox 957 1121 1175 1191; x_wconf 78' lang='grc' dir='ltr'><strong>ὀφθείη,</strong></span> <span class='ocrx_word' id='word_1_78' title='bbox 1208 1122 1243 1175; x_wconf 76' lang='grc' dir='ltr'><strong>ἃ</strong></span> <span class='ocrx_word' id='word_1_79' title='bbox 1274 1123 1410 1192; x_wconf 77' lang='grc' dir='ltr'>πρὸς</span> <span class='ocrx_word' id='word_1_80' title='bbox 1452 1125 1550 1190; x_wconf 81' lang='grc' dir='ltr'>τὴν</span> <span class='ocrx_word' id='word_1_81' title='bbox 1576 1122 1806 1191; x_wconf 78' lang='grc' dir='ltr'>δύναμιν</span> <span class='ocrx_word' id='word_1_82' title='bbox 1845 1124 1961 1176; x_wconf 77' lang='grc' dir='ltr'>ἐνο-</span> 
     </span>
    </p>
   </div>
   <div class='ocr_carea' id='block_1_13' title="bbox 377 1207 1959 1283">
    <p class='ocr_par' dir='ltr' id='par_1_13' title="bbox 377 1207 1959 1283">
     <span class='ocr_line' id='line_1_13' title="bbox 377 1207 1959 1283; baseline 0.003 -23"><span class='ocrx_word' id='word_1_83' title='bbox 377 1209 547 1277; x_wconf 84' lang='grc' dir='ltr'>μίσθη</span> <span class='ocrx_word' id='word_1_84' title='bbox 599 1210 832 1279; x_wconf 79' lang='grc' dir='ltr'>ἀμείνω,</span> <span class='ocrx_word' id='word_1_85' title='bbox 883 1211 1251 1283; x_wconf 79' lang='grc' dir='ltr'>ἀσθενέστερα</span> <span class='ocrx_word' id='word_1_86' title='bbox 1285 1213 1448 1266; x_wconf 86' lang='grc' dir='ltr'>πάλιν</span> <span class='ocrx_word' id='word_1_87' title='bbox 1487 1207 1562 1266; x_wconf 77' lang='grc' dir='ltr'>ὧν</span> <span class='ocrx_word' id='word_1_88' title='bbox 1596 1215 1860 1283; x_wconf 80' lang='grc' dir='ltr'>ἐκράτουν</span> <span class='ocrx_word' id='word_1_89' title='bbox 1893 1214 1959 1282; x_wconf 83' lang='grc' dir='ltr'>τῇ</span> 
     </span>
    </p>
   </div>
   <div class='ocr_carea' id='block_1_14' title="bbox 371 1297 1961 1376">
    <p class='ocr_par' dir='ltr' id='par_1_14' title="bbox 371 1297 1961 1376">
     <span class='ocr_line' id='line_1_14' title="bbox 371 1297 1961 1376; baseline 0.005 -26"><span class='ocrx_word' id='word_1_90' title='bbox 371 1297 634 1367; x_wconf 82' lang='grc' dir='ltr'>δυνάμει·</span> <span class='ocrx_word' id='word_1_91' title='bbox 668 1301 763 1353; x_wconf 75' lang='grc' dir='ltr'><strong>καὶ</strong></span> <span class='ocrx_word' id='word_1_92' title='bbox 787 1302 880 1355; x_wconf 73' lang='grc' dir='ltr'>ἐπὶ</span> <span class='ocrx_word' id='word_1_93' title='bbox 908 1301 1017 1355; x_wconf 83' lang='grc' dir='ltr'>τῶν</span> <span class='ocrx_word' id='word_1_94' title='bbox 1046 1303 1223 1356; x_wconf 81' lang='grc' dir='ltr'>ἄλλων</span> <span class='ocrx_word' id='word_1_95' title='bbox 1262 1305 1464 1376; x_wconf 84' lang='grc' dir='ltr'>ὁμοίως</span> <span class='ocrx_word' id='word_1_96' title='bbox 1494 1305 1772 1360; x_wconf 85' lang='grc' dir='ltr'>ἁπάντων.</span> <span class='ocrx_word' id='word_1_97' title='bbox 1803 1305 1961 1358; x_wconf 78' lang='grc' dir='ltr'>Οὕτω</span> 
     </span>
    </p>
   </div>
   <div class='ocr_carea' id='block_1_15' title="bbox 369 1392 1961 1468">
    <p class='ocr_par' dir='ltr' id='par_1_15' title="bbox 369 1392 1961 1468">
     <span class='ocr_line' id='line_1_15' title="bbox 369 1392 1961 1468; baseline 0.006 -24"><span class='ocrx_word' id='word_1_98' title='bbox 369 1392 629 1459; x_wconf 76' lang='grc' dir='ltr'>παίγνιύν</span> <span class='ocrx_word' id='word_1_99' title='bbox 687 1397 837 1447; x_wconf 82' lang='grc' dir='ltr'>ἐστιν</span> <span class='ocrx_word' id='word_1_100' title='bbox 898 1397 924 1447; x_wconf 84' lang='grc' dir='ltr'>ὁ</span> <span class='ocrx_word' id='word_1_101' title='bbox 979 1395 1223 1459; x_wconf 74' lang='grc' dir='ltr'>τοιούτος</span> <span class='ocrx_word' id='word_1_102' title='bbox 1277 1398 1432 1466; x_wconf 76' lang='grc' dir='ltr'>λόγος</span> <span class='ocrx_word' id='word_1_103' title='bbox 1490 1400 1585 1452; x_wconf 77' lang='grc' dir='ltr'><strong>καὶ</strong></span> <span class='ocrx_word' id='word_1_104' title='bbox 1639 1401 1961 1468; x_wconf 74' lang='grc' dir='ltr'><strong>σοφιστικῆς</strong></span> 
     </span>
    </p>
   </div>
   <div class='ocr_carea' id='block_1_16' title="bbox 370 1489 1960 1565">
    <p class='ocr_par' dir='ltr' id='par_1_16' title="bbox 370 1489 1960 1565">
     <span class='ocr_line' id='line_1_16' title="bbox 370 1489 1960 1565; baseline 0.004 -24"><span class='ocrx_word' id='word_1_105' title='bbox 370 1489 602 1559; x_wconf 78' lang='grc' dir='ltr'>ἄθυρμα</span> <span class='ocrx_word' id='word_1_106' title='bbox 628 1491 853 1560; x_wconf 81' lang='grc' dir='ltr'><strong>λέσχης.</strong></span> <span class='ocrx_word' id='word_1_107' title='bbox 881 1493 1346 1565; x_wconf 80' lang='grc' dir='ltr'>Ἐπιρῤαπισθείη</span> <span class='ocrx_word' id='word_1_108' title='bbox 1375 1493 1418 1546; x_wconf 87' lang='grc' dir='ltr'>δ’</span> <span class='ocrx_word' id='word_1_109' title='bbox 1456 1495 1522 1555; x_wconf 79' lang='grc' dir='ltr'><strong>ἂν</strong></span> <span class='ocrx_word' id='word_1_110' title='bbox 1561 1495 1671 1546; x_wconf 84' lang='grc' dir='ltr'><strong>τῶν</strong></span> <span class='ocrx_word' id='word_1_111' title='bbox 1704 1495 1960 1548; x_wconf 76' lang='grc' dir='ltr'>τοιούτων</span> 
     </span>
    </p>
   </div>
   <div class='ocr_carea' id='block_1_17' title="bbox 370 1583 1958 1660">
    <p class='ocr_par' dir='ltr' id='par_1_17' title="bbox 370 1583 1958 1660">
     <span class='ocr_line' id='line_1_17' title="bbox 370 1583 1958 1660; baseline 0.003 -25"><span class='ocrx_word' id='word_1_112' title='bbox 370 1583 440 1635; x_wconf 79' lang='grc' dir='ltr'>τὺ</span> <span class='ocrx_word' id='word_1_113' title='bbox 469 1584 838 1656; x_wconf 82' lang='grc' dir='ltr'>κακοῦργονῆ</span> <span class='ocrx_word' id='word_1_114' title='bbox 871 1586 904 1656; x_wconf 78' lang='grc' dir='ltr'>ἡ</span> <span class='ocrx_word' id='word_1_115' title='bbox 953 1587 1166 1654; x_wconf 84' lang='grc' dir='ltr'>ἄγνοια,</span> <span class='ocrx_word' id='word_1_116' title='bbox 1209 1588 1285 1651; x_wconf 82' lang='grc' dir='ltr'>ὡς</span> <span class='ocrx_word' id='word_1_117' title='bbox 1323 1589 1422 1641; x_wconf 84' lang='grc' dir='ltr'><strong>οὐκ</strong></span> <span class='ocrx_word' id='word_1_118' title='bbox 1452 1588 1683 1660; x_wconf 78' lang='grc' dir='ltr'>ἴσασινῆ</span> <span class='ocrx_word' id='word_1_119' title='bbox 1733 1589 1792 1640; x_wconf 88' lang='grc' dir='ltr'><strong>ού</strong></span> <span class='ocrx_word' id='word_1_120' title='bbox 1834 1589 1958 1658; x_wconf 84' lang='grc' dir='ltr'>βού-</span> 
     </span>
    </p>
   </div>
   <div class='ocr_carea' id='block_1_18' title="bbox 369 1673 1958 1750">
    <p class='ocr_par' dir='ltr' id='par_1_18' title="bbox 369 1673 1958 1750">
     <span class='ocr_line' id='line_1_18' title="bbox 369 1673 1958 1750; baseline 0.002 -23"><span class='ocrx_word' id='word_1_121' title='bbox 369 1674 559 1730; x_wconf 84' lang='grc' dir='ltr'>λονται</span> <span class='ocrx_word' id='word_1_122' title='bbox 593 1677 773 1731; x_wconf 82' lang='grc' dir='ltr'>διττὸν</span> <span class='ocrx_word' id='word_1_123' title='bbox 805 1673 948 1732; x_wconf 79' lang='grc' dir='ltr'>εἶναι</span> <span class='ocrx_word' id='word_1_124' title='bbox 979 1680 1041 1731; x_wconf 83' lang='grc' dir='ltr'><strong>τὸ</strong></span> <span class='ocrx_word' id='word_1_125' title='bbox 1073 1681 1171 1750; x_wconf 84' lang='grc' dir='ltr'>τῆς</span> <span class='ocrx_word' id='word_1_126' title='bbox 1203 1679 1486 1750; x_wconf 84' lang='grc' dir='ltr'>δυνάμεως</span> <span class='ocrx_word' id='word_1_127' title='bbox 1527 1680 1719 1750; x_wconf 79' lang='grc' dir='ltr'>ὄνομα.</span> <span class='ocrx_word' id='word_1_128' title='bbox 1745 1680 1816 1732; x_wconf 82' lang='grc' dir='ltr'>Τὸ</span> <span class='ocrx_word' id='word_1_129' title='bbox 1860 1678 1958 1749; x_wconf 80' lang='grc' dir='ltr'>μὲν</span> 
     </span>
    </p>
   </div>
   <div class='ocr_carea' id='block_1_19' title="bbox 369 1766 1958 1841">
    <p class='ocr_par' dir='ltr' id='par_1_19' title="bbox 369 1766 1958 1841">
     <span class='ocr_line' id='line_1_19' title="bbox 369 1766 1958 1841; baseline 0.003 -23"><span class='ocrx_word' id='word_1_130' title='bbox 369 1766 490 1836; x_wconf 75' lang='grc' dir='ltr'>γὰρ</span> <span class='ocrx_word' id='word_1_131' title='bbox 524 1767 815 1836; x_wconf 76' lang='grc' dir='ltr'>σημαίνειν</span> <span class='ocrx_word' id='word_1_132' title='bbox 861 1769 962 1840; x_wconf 82' lang='grc' dir='ltr'>τὴν</span> <span class='ocrx_word' id='word_1_133' title='bbox 995 1771 1202 1840; x_wconf 80' lang='grc' dir='ltr'>κυρίως</span> <span class='ocrx_word' id='word_1_134' title='bbox 1251 1768 1499 1841; x_wconf 90' lang='grc' dir='ltr'>δύναμιν,</span> <span class='ocrx_word' id='word_1_135' title='bbox 1534 1770 1653 1823; x_wconf 82' lang='grc' dir='ltr'>καθ’</span> <span class='ocrx_word' id='word_1_136' title='bbox 1694 1771 1722 1823; x_wconf 84' lang='grc' dir='ltr'><strong>ὃ</strong></span> <span class='ocrx_word' id='word_1_137' title='bbox 1775 1772 1868 1823; x_wconf 80' lang='grc' dir='ltr'>καὶ</span> <span class='ocrx_word' id='word_1_138' title='bbox 1900 1771 1958 1823; x_wconf 85' lang='grc' dir='ltr'><strong>τὸ</strong></span> 
     </span>
    </p>
   </div>
   <div class='ocr_carea' id='block_1_20' title="bbox 370 1858 1960 1933">
    <p class='ocr_par' dir='ltr' id='par_1_20' title="bbox 370 1858 1960 1933">
     <span class='ocr_line' id='line_1_20' title="bbox 370 1858 1960 1933; baseline 0.003 -22"><span class='ocrx_word' id='word_1_139' title='bbox 370 1858 523 1912; x_wconf 79' lang='grc' dir='ltr'>Θεῖον</span> <span class='ocrx_word' id='word_1_140' title='bbox 561 1860 778 1928; x_wconf 85' lang='grc' dir='ltr'>λέγεται</span> <span class='ocrx_word' id='word_1_141' title='bbox 825 1861 1240 1933; x_wconf 85' lang='grc' dir='ltr'>παντοδύναμον</span> <span class='ocrx_word' id='word_1_142' title='bbox 1269 1864 1364 1917; x_wconf 71' lang='grc' dir='ltr'><strong>καὶ</strong></span> <span class='ocrx_word' id='word_1_143' title='bbox 1398 1863 1630 1918; x_wconf 76' lang='grc' dir='ltr'>ἕκαστον</span> <span class='ocrx_word' id='word_1_144' title='bbox 1662 1863 1769 1917; x_wconf 84' lang='grc' dir='ltr'>τῶν</span> <span class='ocrx_word' id='word_1_145' title='bbox 1793 1862 1960 1918; x_wconf 80' lang='grc' dir='ltr'>ὄντων</span> 
     </span>
    </p>
   </div>
   <div class='ocr_carea' id='block_1_21' title="bbox 370 1951 1961 2026">
    <p class='ocr_par' dir='ltr' id='par_1_21' title="bbox 370 1951 1961 2026">
     <span class='ocr_line' id='line_1_21' title="bbox 370 1951 1961 2026; baseline 0.003 -23"><span class='ocrx_word' id='word_1_146' title='bbox 370 1951 524 2004; x_wconf 77' lang='grc' dir='ltr'>κατὰ</span> <span class='ocrx_word' id='word_1_147' title='bbox 544 1952 638 2022; x_wconf 83' lang='grc' dir='ltr'><strong>τὴν</strong></span> <span class='ocrx_word' id='word_1_148' title='bbox 703 1952 945 2023; x_wconf 79' lang='grc' dir='ltr'>ἔμφυτον</span> <span class='ocrx_word' id='word_1_149' title='bbox 1006 1955 1099 2006; x_wconf 73' lang='grc' dir='ltr'><strong>καὶ</strong></span> <span class='ocrx_word' id='word_1_150' title='bbox 1142 1956 1353 2007; x_wconf 74' lang='grc' dir='ltr'>οἰκείαν</span> <span class='ocrx_word' id='word_1_151' title='bbox 1405 1955 1636 2026; x_wconf 83' lang='grc' dir='ltr'>δύναμιν</span> <span class='ocrx_word' id='word_1_152' title='bbox 1690 1957 1758 2010; x_wconf 72' lang='grc' dir='ltr'>τὰ</span> <span class='ocrx_word' id='word_1_153' title='bbox 1817 1956 1961 2009; x_wconf 79' lang='grc' dir='ltr'>κατὰ</span> 
     </span>
    </p>
   </div>
   <div class='ocr_carea' id='block_1_22' title="bbox 369 2041 1962 2118">
    <p class='ocr_par' dir='ltr' id='par_1_22' title="bbox 369 2041 1962 2118">
     <span class='ocr_line' id='line_1_22' title="bbox 369 2041 1962 2118; baseline 0.001 -22"><span class='ocrx_word' id='word_1_154' title='bbox 369 2041 543 2112; x_wconf 81' lang='grc' dir='ltr'>φύσιν</span> <span class='ocrx_word' id='word_1_155' title='bbox 576 2045 862 2114; x_wconf 84' lang='grc' dir='ltr'>πράττειν.</span> <span class='ocrx_word' id='word_1_156' title='bbox 898 2045 1028 2118; x_wconf 85' lang='grc'><strong>[588</strong></span> <span class='ocrx_word' id='word_1_157' title='bbox 1056 2043 1150 2118; x_wconf 73' lang='grc' dir='ltr'><strong>Β.ι</strong></span> <span class='ocrx_word' id='word_1_158' title='bbox 1184 2047 1244 2098; x_wconf 83' lang='grc' dir='ltr'><strong>τὸ</strong></span> <span class='ocrx_word' id='word_1_159' title='bbox 1266 2046 1323 2099; x_wconf 85' lang='grc' dir='ltr'>δὲ</span> <span class='ocrx_word' id='word_1_160' title='bbox 1354 2046 1414 2099; x_wconf 79' lang='grc' dir='ltr'>τὸ</span> <span class='ocrx_word' id='word_1_161' title='bbox 1447 2049 1658 2117; x_wconf 83' lang='grc' dir='ltr'>πρέπον</span> <span class='ocrx_word' id='word_1_162' title='bbox 1698 2046 1792 2100; x_wconf 75' lang='grc' dir='ltr'><strong>καὶ</strong></span> <span class='ocrx_word' id='word_1_163' title='bbox 1831 2045 1962 2098; x_wconf 87' lang='grc' dir='ltr'>καθ-</span> 
     </span>
    </p>
   </div>
   <div class='ocr_carea' id='block_1_23' title="bbox 367 2135 1963 2208">
    <p class='ocr_par' dir='ltr' id='par_1_23' title="bbox 367 2135 1963 2208">
     <span class='ocr_line' id='line_1_23' title="bbox 367 2135 1963 2208; baseline 0.002 -20"><span class='ocrx_word' id='word_1_164' title='bbox 367 2137 514 2208; x_wconf 77' lang='grc' dir='ltr'>ῆκον</span> <span class='ocrx_word' id='word_1_165' title='bbox 559 2137 980 2206; x_wconf 75' lang='grc' dir='ltr'>ὑποσημαίνειν.</span> <span class='ocrx_word' id='word_1_166' title='bbox 1013 2137 1185 2191; x_wconf 80' lang='grc' dir='ltr'>Ὅταν</span> <span class='ocrx_word' id='word_1_167' title='bbox 1226 2139 1271 2169; x_wconf 71' lang='grc'><strong>⁵⁸</strong></span> <span class='ocrx_word' id='word_1_168' title='bbox 1300 2135 1392 2192; x_wconf 77' lang='grc' dir='ltr'><strong>οὖν</strong></span> <span class='ocrx_word' id='word_1_169' title='bbox 1432 2155 1612 2207; x_wconf 83' lang='grc' dir='ltr'>φαμεν</span> <span class='ocrx_word' id='word_1_170' title='bbox 1654 2138 1740 2207; x_wconf 80' lang='grc' dir='ltr'><em>μὴ</em></span> <span class='ocrx_word' id='word_1_171' title='bbox 1782 2139 1963 2192; x_wconf 74' lang='grc' dir='ltr'>δύνει·</span> 
     </span>
    </p>
   </div>
   <div class='ocr_carea' id='block_1_24' title="bbox 364 2224 1964 2298">
    <p class='ocr_par' dir='ltr' id='par_1_24' title="bbox 364 2224 1964 2298">
     <span class='ocr_line' id='line_1_24' title="bbox 364 2224 1964 2298; baseline 0.001 -19"><span class='ocrx_word' id='word_1_172' title='bbox 364 2231 520 2282; x_wconf 83' lang='grc' dir='ltr'>σθαι</span> <span class='ocrx_word' id='word_1_173' title='bbox 573 2228 635 2280; x_wconf 82' lang='grc' dir='ltr'>τὸ</span> <span class='ocrx_word' id='word_1_174' title='bbox 670 2229 840 2281; x_wconf 79' lang='grc' dir='ltr'>Θεῖον</span> <span class='ocrx_word' id='word_1_175' title='bbox 878 2227 1259 2298; x_wconf 80' lang='grc' dir='ltr'><strong>ἀρνήσασθαι</strong></span> <span class='ocrx_word' id='word_1_176' title='bbox 1299 2224 1537 2292; x_wconf 74' lang='grc' dir='ltr'>ἑαυτὸν,</span> <span class='ocrx_word' id='word_1_177' title='bbox 1579 2228 1664 2296; x_wconf 77' lang='grc' dir='ltr'><strong>μὴ</strong></span> <span class='ocrx_word' id='word_1_178' title='bbox 1713 2228 1964 2295; x_wconf 77' lang='grc' dir='ltr'>πρέπειν</span> 
     </span>
    </p>
   </div>
   <div class='ocr_carea' id='block_1_25' title="bbox 376 2315 1957 2386">
    <p class='ocr_par' dir='ltr' id='par_1_25' title="bbox 376 2315 1957 2386">
     <span class='ocr_line' id='line_1_25' title="bbox 376 2315 1957 2386; baseline 0 -17"><span class='ocrx_word' id='word_1_179' title='bbox 376 2317 588 2386; x_wconf 72' lang='grc' dir='ltr'>φαμὲν,</span> <span class='ocrx_word' id='word_1_180' title='bbox 618 2317 774 2384; x_wconf 80' lang='grc' dir='ltr'><strong>μηδέ</strong></span> <span class='ocrx_word' id='word_1_181' title='bbox 804 2315 1076 2386; x_wconf 82' lang='grc' dir='ltr'>καθῆκον</span> <span class='ocrx_word' id='word_1_182' title='bbox 1109 2315 1261 2372; x_wconf 81' lang='grc' dir='ltr'>εἶναι</span> <span class='ocrx_word' id='word_1_183' title='bbox 1303 2319 1347 2348; x_wconf 77' lang='grc'><strong>⁸⁷</strong></span> <span class='ocrx_word' id='word_1_184' title='bbox 1391 2317 1513 2383; x_wconf 83' lang='grc' dir='ltr'><strong>Θεῷ</strong></span> <span class='ocrx_word' id='word_1_185' title='bbox 1546 2319 1806 2385; x_wconf 72' lang='grc' dir='ltr'>ἔξαρνον</span> <span class='ocrx_word' id='word_1_186' title='bbox 1845 2316 1957 2383; x_wconf 86' lang='grc' dir='ltr'>τῆς</span> 
     </span>
    </p>
   </div>
   <div class='ocr_carea' id='block_1_26' title="bbox 364 2408 1955 2480">
    <p class='ocr_par' dir='ltr' id='par_1_26' title="bbox 364 2408 1955 2480">
     <span class='ocr_line' id='line_1_26' title="bbox 364 2408 1955 2480; baseline 0 -18"><span class='ocrx_word' id='word_1_187' title='bbox 364 2408 531 2474; x_wconf 78' lang='grc' dir='ltr'>ιδίας</span> <span class='ocrx_word' id='word_1_188' title='bbox 554 2411 769 2474; x_wconf 76' lang='grc' dir='ltr'>οὐσίας</span> <span class='ocrx_word' id='word_1_189' title='bbox 800 2409 1078 2480; x_wconf 78' lang='grc' dir='ltr'>γενέσθαι</span> <span class='ocrx_word' id='word_1_190' title='bbox 1094 2428 1107 2441; x_wconf 90' lang='grc'>·</span> <span class='ocrx_word' id='word_1_191' title='bbox 1128 2411 1389 2475; x_wconf 83' lang='grc' dir='ltr'>ὡσαύτως</span> <span class='ocrx_word' id='word_1_192' title='bbox 1409 2412 1502 2464; x_wconf 75' lang='grc' dir='ltr'><strong>καὶ</strong></span> <span class='ocrx_word' id='word_1_193' title='bbox 1519 2412 1644 2462; x_wconf 81' lang='grc' dir='ltr'>ὅταν</span> <span class='ocrx_word' id='word_1_194' title='bbox 1659 2409 1745 2478; x_wconf 80' lang='grc' dir='ltr'><strong>μὴ</strong></span> <span class='ocrx_word' id='word_1_195' title='bbox 1779 2411 1955 2463; x_wconf 76' lang='grc' dir='ltr'>δύνα-</span> 
     </span>
    </p>
   </div>
   <div class='ocr_carea' id='block_1_27' title="bbox 361 2501 1959 2574">
    <p class='ocr_par' dir='ltr' id='par_1_27' title="bbox 361 2501 1959 2574">
     <span class='ocr_line' id='line_1_27' title="bbox 361 2501 1959 2574; baseline -0.001 -18"><span class='ocrx_word' id='word_1_196' title='bbox 361 2505 514 2556; x_wconf 77' lang='grc' dir='ltr'>σθαι</span> <span class='ocrx_word' id='word_1_197' title='bbox 547 2504 779 2571; x_wconf 67' lang='grc' dir='ltr'>τροπὴν</span> <span class='ocrx_word' id='word_1_198' title='bbox 799 2506 1132 2572; x_wconf 65' lang='grc' dir='ltr'>ὑφεστάναι</span> <span class='ocrx_word' id='word_1_199' title='bbox 1151 2504 1189 2573; x_wconf 85' lang='grc' dir='ltr'><strong><em>ἣ</em></strong></span> <span class='ocrx_word' id='word_1_200' title='bbox 1210 2503 1321 2572; x_wconf 83' lang='grc' dir='ltr'>τῆς</span> <span class='ocrx_word' id='word_1_201' title='bbox 1357 2505 1724 2574; x_wconf 75' lang='grc' dir='ltr'>(ἱγαθότητος</span> <span class='ocrx_word' id='word_1_202' title='bbox 1739 2501 1959 2570; x_wconf 82' lang='grc' dir='ltr'>ἐκστῆ-</span> 
     </span>
    </p>
   </div>
   <div class='ocr_carea' id='block_1_28' title="bbox 360 2591 1959 2666">
    <p class='ocr_par' dir='ltr' id='par_1_28' title="bbox 360 2591 1959 2666">
     <span class='ocr_line' id='line_1_28' title="bbox 360 2591 1959 2666; baseline 0 -20"><span class='ocrx_word' id='word_1_203' title='bbox 360 2609 496 2649; x_wconf 71' lang='grc' dir='ltr'>ναι.</span> <span class='ocrx_word' id='word_1_204' title='bbox 526 2594 584 2645; x_wconf 73' lang='grc' dir='ltr'>τὸ</span> <span class='ocrx_word' id='word_1_205' title='bbox 615 2595 689 2664; x_wconf 85' lang='grc' dir='ltr'>μὴ</span> <span class='ocrx_word' id='word_1_206' title='bbox 721 2596 955 2664; x_wconf 83' lang='grc' dir='ltr'>πρέπειν</span> <span class='ocrx_word' id='word_1_207' title='bbox 984 2595 1132 2666; x_wconf 84' lang='grc' dir='ltr'>αύτῷ</span> <span class='ocrx_word' id='word_1_208' title='bbox 1157 2596 1290 2666; x_wconf 76' lang='grc' dir='ltr'>μηδὲ</span> <span class='ocrx_word' id='word_1_209' title='bbox 1321 2595 1561 2664; x_wconf 76' lang='grc' dir='ltr'>καθῆκον</span> <span class='ocrx_word' id='word_1_210' title='bbox 1594 2591 1733 2648; x_wconf 73' lang='grc' dir='ltr'>εἶναι</span> <span class='ocrx_word' id='word_1_211' title='bbox 1764 2593 1832 2646; x_wconf 72' lang='grc' dir='ltr'>τὰ</span> <span class='ocrx_word' id='word_1_212' title='bbox 1858 2595 1959 2663; x_wconf 78' lang='grc' dir='ltr'>τῆς</span> 
     </span>
    </p>
   </div>
   <div class='ocr_carea' id='block_1_29' title="bbox 355 2685 1958 2758">
    <p class='ocr_par' dir='ltr' id='par_1_29' title="bbox 355 2685 1958 2758">
     <span class='ocr_line' id='line_1_29' title="bbox 355 2685 1958 2758; baseline 0.001 -21"><span class='ocrx_word' id='word_1_213' title='bbox 355 2685 583 2755; x_wconf 78' lang='grc' dir='ltr'>τροπῆς</span> <span class='ocrx_word' id='word_1_214' title='bbox 631 2685 664 2756; x_wconf 75' lang='grc' dir='ltr'>ἢ</span> <span class='ocrx_word' id='word_1_215' title='bbox 723 2687 821 2757; x_wconf 68' lang='grc' dir='ltr'>τῆς</span> <span class='ocrx_word' id='word_1_216' title='bbox 867 2687 1209 2751; x_wconf 82' lang='grc' dir='ltr'>ἀλλοιώσεως</span> <span class='ocrx_word' id='word_1_217' title='bbox 1252 2688 1609 2758; x_wconf 86' lang='grc' dir='ltr'>προσάπτειν.</span> <span class='ocrx_word' id='word_1_218' title='bbox 1660 2687 1838 2755; x_wconf 87' lang='grc' dir='ltr'>Ὅπερ</span> <span class='ocrx_word' id='word_1_219' title='bbox 1897 2686 1958 2738; x_wconf 89' lang='grc' dir='ltr'><strong>ού</strong></span> 
     </span>
    </p>
   </div>
   <div class='ocr_carea' id='block_1_30' title="bbox 359 2777 1959 2851">
    <p class='ocr_par' dir='ltr' id='par_1_30' title="bbox 359 2777 1959 2851">
     <span class='ocr_line' id='line_1_30' title="bbox 359 2777 1959 2851; baseline 0.001 -22"><span class='ocrx_word' id='word_1_220' title='bbox 359 2777 542 2847; x_wconf 79' lang='grc' dir='ltr'>μόνον</span> <span class='ocrx_word' id='word_1_221' title='bbox 591 2778 846 2850; x_wconf 80' lang='grc' dir='ltr'>οὐδαμῶς</span> <span class='ocrx_word' id='word_1_222' title='bbox 900 2781 1162 2850; x_wconf 80' lang='grc' dir='ltr'>οὐδεμιᾶς</span> <span class='ocrx_word' id='word_1_223' title='bbox 1203 2781 1504 2851; x_wconf 82' lang='grc' dir='ltr'>ἀδυναμίας</span> <span class='ocrx_word' id='word_1_224' title='bbox 1547 2779 1784 2850; x_wconf 77' lang='grc' dir='ltr'>ἔμφασιν</span> <span class='ocrx_word' id='word_1_225' title='bbox 1823 2777 1959 2846; x_wconf 79' lang='grc' dir='ltr'>ἔχει,</span> 
     </span>
    </p>
   </div>
   <div class='ocr_carea' id='block_1_31' title="bbox 361 2869 1962 2943">
    <p class='ocr_par' dir='ltr' id='par_1_31' title="bbox 361 2869 1962 2943">
     <span class='ocr_line' id='line_1_31' title="bbox 361 2869 1962 2943; baseline -0.001 -22"><span class='ocrx_word' id='word_1_226' title='bbox 361 2869 513 2922; x_wconf 78' lang='grc' dir='ltr'><strong>ἀλλᾶ</strong></span> <span class='ocrx_word' id='word_1_227' title='bbox 557 2869 651 2924; x_wconf 76' lang='grc' dir='ltr'>καὶ</span> <span class='ocrx_word' id='word_1_228' title='bbox 710 2871 1122 2942; x_wconf 83' lang='grc' dir='ltr'>παντοδυνάμου</span> <span class='ocrx_word' id='word_1_229' title='bbox 1185 2873 1469 2943; x_wconf 85' lang='grc' dir='ltr'>δυνάμεως</span> <span class='ocrx_word' id='word_1_230' title='bbox 1522 2872 1962 2942; x_wconf 86' lang='grc' dir='ltr'>ἁπαράγραπτος</span> 
     </span>
    </p>
   </div>
   <div class='ocr_carea' id='block_1_32' title="bbox 365 2963 1959 3030">
    <p class='ocr_par' dir='ltr' id='par_1_32' title="bbox 365 2963 1959 3030">
     <span class='ocr_line' id='line_1_32' title="bbox 365 2963 1959 3030; baseline -0.001 -14"><span class='ocrx_word' id='word_1_231' title='bbox 365 2963 678 3030; x_wconf 80' lang='grc' dir='ltr'>μαρτυρία.</span> <span class='ocrx_word' id='word_1_232' title='bbox 723 2964 834 3018; x_wconf 79' lang='lat' dir='ltr'><strong>Kal.</strong></span> <span class='ocrx_word' id='word_1_233' title='bbox 883 2965 979 3016; x_wconf 75' lang='grc' dir='ltr'>ἐπὶ</span> <span class='ocrx_word' id='word_1_234' title='bbox 1030 2966 1139 3018; x_wconf 81' lang='grc' dir='ltr'><strong>τῶν</strong></span> <span class='ocrx_word' id='word_1_235' title='bbox 1177 2965 1353 3018; x_wconf 78' lang='grc' dir='ltr'>ἄλλων</span> <span class='ocrx_word' id='word_1_236' title='bbox 1382 2966 1438 3017; x_wconf 82' lang='grc' dir='ltr'><strong>δὲ</strong></span> <span class='ocrx_word' id='word_1_237' title='bbox 1472 2965 1752 3028; x_wconf 78' lang='grc' dir='ltr'>ὡσαύτως.</span> <span class='ocrx_word' id='word_1_238' title='bbox 1797 2963 1959 3016; x_wconf 77' lang='grc' dir='ltr'>Ἀλλὰ</span> 
     </span>
    </p>
   </div>
   <div class='ocr_carea' id='block_1_33' title="bbox 362 3053 1473 3128">
    <p class='ocr_par' dir='ltr' id='par_1_33' title="bbox 362 3053 1473 3128">
     <span class='ocr_line' id='line_1_33' title="bbox 362 3053 1473 3128; baseline 0.006 -23"><span class='ocrx_word' id='word_1_239' title='bbox 362 3053 551 3107; x_wconf 77' lang='grc' dir='ltr'>ταῦτα</span> <span class='ocrx_word' id='word_1_240' title='bbox 589 3055 688 3126; x_wconf 86' lang='grc' dir='ltr'>μὲν</span> <span class='ocrx_word' id='word_1_241' title='bbox 720 3057 796 3120; x_wconf 81' lang='grc' dir='ltr'>ὡς</span> <span class='ocrx_word' id='word_1_242' title='bbox 825 3058 884 3109; x_wconf 82' lang='grc' dir='ltr'>ὲν</span> <span class='ocrx_word' id='word_1_243' title='bbox 916 3057 1266 3128; x_wconf 81' lang='grc' dir='ltr'>παρενθήκης</span> <span class='ocrx_word' id='word_1_244' title='bbox 1298 3057 1473 3128; x_wconf 89' lang='grc' dir='ltr'>μέρει.</span> 
     </span>
    </p>
   </div>
   <div class='ocr_carea' id='block_1_34' title="bbox 365 3164 598 3213">
    <p class='ocr_par' dir='ltr' id='par_1_34' title="bbox 365 3164 598 3213">
     <span class='ocr_line' id='line_1_34' title="bbox 365 3164 598 3213; baseline -0.004 -12"><span class='ocrx_word' id='word_1_245' title='bbox 365 3164 530 3201; x_wconf 81' lang='lat' dir='ltr'><strong>mum</strong></span> <span class='ocrx_word' id='word_1_246' title='bbox 584 3167 598 3213; x_wconf 87' lang='lat'><strong>;</strong></span> 
     </span>
    </p>
   </div>
   <div class='ocr_carea' id='block_1_35' title="bbox 366 3330 1960 3408">
    <p class='ocr_par' dir='ltr' id='par_1_35' title="bbox 366 3330 1960 3408">
     <span class='ocr_line' id='line_1_35' title="bbox 366 3330 1960 3408; baseline 0.005 -26"><span class='ocrx_word' id='word_1_247' title='bbox 366 3330 587 3403; x_wconf 69' lang='grc' dir='ltr'>βιϐλίου</span> <span class='ocrx_word' id='word_1_248' title='bbox 620 3332 666 3363; x_wconf 72' lang='grc'><strong>⁸⁸</strong></span> <span class='ocrx_word' id='word_1_249' title='bbox 693 3335 986 3402; x_wconf 64' lang='grc' dir='ltr'>κεφάλαιον</span> <span class='ocrx_word' id='word_1_250' title='bbox 1018 3335 1061 3367; x_wconf 64' lang='grc'><strong>⁵⁸³</strong></span> <span class='ocrx_word' id='word_1_251' title='bbox 1096 3339 1332 3389; x_wconf 81' lang='grc' dir='ltr'>ποιεῖται</span> <span class='ocrx_word' id='word_1_252' title='bbox 1367 3337 1449 3402; x_wconf 88' lang='grc' dir='ltr'>ιδ’,</span> <span class='ocrx_word' id='word_1_253' title='bbox 1482 3336 1509 3390; x_wconf 86' lang='grc' dir='ltr'>ὃ</span> <span class='ocrx_word' id='word_1_254' title='bbox 1538 3337 1785 3408; x_wconf 79' lang='grc' dir='ltr'>μείζονος</span> <span class='ocrx_word' id='word_1_255' title='bbox 1821 3333 1960 3392; x_wconf 81' lang='grc' dir='ltr'>εἶναι</span> 
     </span>
    </p>
   </div>
   <div class='ocr_carea' id='block_1_36' title="bbox 365 3425 1961 3500">
    <p class='ocr_par' dir='ltr' id='par_1_36' title="bbox 365 3425 1961 3500">
     <span class='ocr_line' id='line_1_36' title="bbox 365 3425 1961 3500; baseline 0.005 -25"><span class='ocrx_word' id='word_1_256' title='bbox 365 3426 475 3476; x_wconf 75' lang='grc' dir='ltr'><strong>καὶ</strong></span> <span class='ocrx_word' id='word_1_257' title='bbox 529 3425 690 3493; x_wconf 78' lang='grc' dir='ltr'>τιμῆς</span> <span class='ocrx_word' id='word_1_258' title='bbox 741 3425 838 3479; x_wconf 69' lang='grc' dir='ltr'>καὶ</span> <span class='ocrx_word' id='word_1_259' title='bbox 881 3427 1073 3496; x_wconf 76' lang='grc' dir='ltr'>σοφίας</span> <span class='ocrx_word' id='word_1_260' title='bbox 1125 3429 1531 3494; x_wconf 79' lang='grc' dir='ltr'>κατασκευάζει</span> <span class='ocrx_word' id='word_1_261' title='bbox 1576 3431 1674 3500; x_wconf 77' lang='grc' dir='ltr'><strong>τῆς</strong></span> <span class='ocrx_word' id='word_1_262' title='bbox 1708 3430 1961 3494; x_wconf 80' lang='grc' dir='ltr'>πλάσεως</span> 
     </span>
    </p>
   </div>
   <div class='ocr_carea' id='block_1_37' title="bbox 369 3517 1962 3595">
    <p class='ocr_par' dir='ltr' id='par_1_37' title="bbox 369 3517 1962 3595">
     <span class='ocr_line' id='line_1_37' title="bbox 369 3517 1962 3595; baseline 0.013 -28"><span class='ocrx_word' id='word_1_263' title='bbox 369 3517 477 3586; x_wconf 80' lang='grc' dir='ltr'>τὴν</span> <span class='ocrx_word' id='word_1_264' title='bbox 514 3518 839 3582; x_wconf 84' lang='grc' dir='ltr'>ἀνάπλασιν,</span> <span class='ocrx_word' id='word_1_265' title='bbox 871 3521 940 3574; x_wconf 89' lang='grc' dir='ltr'><strong>τά</strong></span> <span class='ocrx_word' id='word_1_266' title='bbox 977 3539 1036 3573; x_wconf 88' lang='grc' dir='ltr'><strong>τε</strong></span> <span class='ocrx_word' id='word_1_267' title='bbox 1077 3522 1211 3574; x_wconf 80' lang='grc' dir='ltr'>ἄλλα</span> <span class='ocrx_word' id='word_1_268' title='bbox 1243 3525 1338 3578; x_wconf 72' lang='grc' dir='ltr'><strong>καὶ</strong></span> <span class='ocrx_word' id='word_1_269' title='bbox 1396 3527 1478 3578; x_wconf 80' lang='grc' dir='ltr'><strong>ὅτι</strong></span> <span class='ocrx_word' id='word_1_270' title='bbox 1537 3526 1570 3594; x_wconf 88' lang='grc' dir='ltr'><strong>ή</strong></span> <span class='ocrx_word' id='word_1_271' title='bbox 1608 3525 1706 3595; x_wconf 79' lang='grc' dir='ltr'>μὲν</span> <span class='ocrx_word' id='word_1_272' title='bbox 1761 3525 1962 3587; x_wconf 80' lang='grc' dir='ltr'>πλάσις</span> 
     </span>
    </p>
   </div>
   <div class='ocr_carea' id='block_1_38' title="bbox 369 3611 1959 3690">
    <p class='ocr_par' dir='ltr' id='par_1_38' title="bbox 369 3611 1959 3690">
     <span class='ocr_line' id='line_1_38' title="bbox 369 3611 1959 3690; baseline 0.008 -30"><span class='ocrx_word' id='word_1_273' title='bbox 369 3611 523 3681; x_wconf 74' lang='grc' dir='ltr'>λόγῳ</span> <span class='ocrx_word' id='word_1_274' title='bbox 585 3611 875 3684; x_wconf 75' lang='grc' dir='ltr'>προήχθη,</span> <span class='ocrx_word' id='word_1_275' title='bbox 947 3615 1249 3688; x_wconf 76' lang='grc' dir='ltr'>αὐτουργίᾳ</span> <span class='ocrx_word' id='word_1_276' title='bbox 1317 3617 1372 3671; x_wconf 84' lang='grc' dir='ltr'>δὲ</span> <span class='ocrx_word' id='word_1_277' title='bbox 1446 3617 1540 3672; x_wconf 79' lang='grc' dir='ltr'>τοῦ</span> <span class='ocrx_word' id='word_1_278' title='bbox 1614 3619 1959 3690; x_wconf 83' lang='grc' dir='ltr'>Δημιουργοῦ</span> 
     </span>
    </p>
   </div>
   <div class='ocr_carea' id='block_1_39' title="bbox 367 3703 1961 3780">
    <p class='ocr_par' dir='ltr' id='par_1_39' title="bbox 367 3703 1961 3780">
     <span class='ocr_line' id='line_1_39' title="bbox 367 3703 1961 3780; baseline 0.007 -26"><span class='ocrx_word' id='word_1_279' title='bbox 367 3705 410 3773; x_wconf 81' lang='grc' dir='ltr'><strong>ἡ</strong></span> <span class='ocrx_word' id='word_1_280' title='bbox 470 3703 792 3768; x_wconf 84' lang='grc' dir='ltr'>ἁνάπλασις.</span> <span class='ocrx_word' id='word_1_281' title='bbox 852 3705 962 3757; x_wconf 73' lang='grc' dir='ltr'><strong>Καὶ</strong></span> <span class='ocrx_word' id='word_1_282' title='bbox 1009 3708 1216 3760; x_wconf 81' lang='grc' dir='ltr'>Παῦλον</span> <span class='ocrx_word' id='word_1_283' title='bbox 1277 3709 1332 3762; x_wconf 91' lang='grc' dir='ltr'><strong>δέ</strong></span> <span class='ocrx_word' id='word_1_284' title='bbox 1391 3727 1526 3778; x_wconf 84' lang='grc' dir='ltr'>φησι</span> <span class='ocrx_word' id='word_1_285' title='bbox 1578 3712 1778 3780; x_wconf 87' lang='grc' dir='ltr'>λέγειν,</span> <span class='ocrx_word' id='word_1_286' title='bbox 1816 3714 1961 3777; x_wconf 80' lang='grc' dir='ltr'>ἐξαί-</span> 
     </span>
    </p>
   </div>
   <div class='ocr_carea' id='block_1_40' title="bbox 373 3796 1961 3875">
    <p class='ocr_par' dir='ltr' id='par_1_40' title="bbox 373 3796 1961 3875">
     <span class='ocr_line' id='line_1_40' title="bbox 373 3796 1961 3875; baseline 0.007 -26"><span class='ocrx_word' id='word_1_287' title='bbox 373 3813 544 3865; x_wconf 83' lang='grc' dir='ltr'>ροντα</span> <span class='ocrx_word' id='word_1_288' title='bbox 584 3796 645 3849; x_wconf 81' lang='grc' dir='ltr'>τὸ</span> <span class='ocrx_word' id='word_1_289' title='bbox 694 3799 791 3867; x_wconf 82' lang='grc' dir='ltr'>τῆς</span> <span class='ocrx_word' id='word_1_290' title='bbox 857 3800 1052 3866; x_wconf 64' lang='grc' dir='ltr'>σοφίας</span> <span class='ocrx_word' id='word_1_291' title='bbox 1089 3801 1355 3871; x_wconf 77' lang='grc' dir='ltr'>μέγεθος,</span> <span class='ocrx_word' id='word_1_292' title='bbox 1407 3805 1540 3859; x_wconf 83' lang='grc' dir='ltr'><strong>Ἵνα</strong></span> <span class='ocrx_word' id='word_1_293' title='bbox 1563 3806 1608 3838; x_wconf 80' lang='grc' dir='ltr'><strong>⁸ο</strong></span> <span class='ocrx_word' id='word_1_294' title='bbox 1657 3805 1961 3875; x_wconf 74' lang='grc' dir='ltr'>γνωρισθῇ</span> 
     </span>
    </p>
   </div>
   <div class='ocr_carea' id='block_1_41' title="bbox 367 3887 1960 3962">
    <p class='ocr_par' dir='ltr' id='par_1_41' title="bbox 367 3887 1960 3962">
     <span class='ocr_line' id='line_1_41' title="bbox 367 3887 1960 3962; baseline 0.003 -21"><span class='ocrx_word' id='word_1_295' title='bbox 367 3887 496 3942; x_wconf 72' lang='grc' dir='ltr'><strong>νῦν</strong></span> <span class='ocrx_word' id='word_1_296' title='bbox 543 3888 670 3955; x_wconf 83' lang='grc' dir='ltr'>ταῖς</span> <span class='ocrx_word' id='word_1_297' title='bbox 715 3890 926 3959; x_wconf 82' lang='grc' dir='ltr'>ἀρχαῖς</span> <span class='ocrx_word' id='word_1_298' title='bbox 959 3891 1062 3946; x_wconf 79' lang='grc' dir='ltr'>καὶ</span> <span class='ocrx_word' id='word_1_299' title='bbox 1148 3895 1279 3958; x_wconf 79' lang='grc' dir='ltr'>ταῖς</span> <span class='ocrx_word' id='word_1_300' title='bbox 1335 3895 1647 3962; x_wconf 81' lang='grc' dir='ltr'>ἐξουσίαις</span> <span class='ocrx_word' id='word_1_301' title='bbox 1705 3897 1772 3950; x_wconf 75' lang='grc' dir='ltr'><strong>ἐν</strong></span> <span class='ocrx_word' id='word_1_302' title='bbox 1836 3896 1960 3962; x_wconf 82' lang='grc' dir='ltr'>τοῖς</span> 
     </span>
    </p>
   </div>
   <div class='ocr_carea' id='block_1_42' title="bbox 369 3980 1955 4057">
    <p class='ocr_par' dir='ltr' id='par_1_42' title="bbox 369 3980 1955 4057">
     <span class='ocr_line' id='line_1_42' title="bbox 369 3980 1955 4057; baseline 0.008 -26"><span class='ocrx_word' id='word_1_303' title='bbox 369 3980 760 4047; x_wconf 67' lang='grc' dir='ltr'>ἐποιψανίοις</span> <span class='ocrx_word' id='word_1_304' title='bbox 809 3981 905 4037; x_wconf 85' lang='grc' dir='ltr'>διὰ</span> <span class='ocrx_word' id='word_1_305' title='bbox 970 3983 1079 4051; x_wconf 76' lang='grc' dir='ltr'>τῆς</span> <span class='ocrx_word' id='word_1_306' title='bbox 1130 3985 1493 4053; x_wconf 77' lang='grc' dir='ltr'>Ἐκκλησιάς</span> <span class='ocrx_word' id='word_1_307' title='bbox 1554 3990 1594 4057; x_wconf 73' lang='grc' dir='ltr'>ἡ</span> <span class='ocrx_word' id='word_1_308' title='bbox 1659 3991 1955 4043; x_wconf 76' lang='grc' dir='ltr'>πολυποί-</span> 
     </span>
    </p>
   </div>
   <div class='ocr_carea' id='block_1_43' title="bbox 372 4074 1962 4152">
    <p class='ocr_par' dir='ltr' id='par_1_43' title="bbox 372 4074 1962 4152">
     <span class='ocr_line' id='line_1_43' title="bbox 372 4074 1962 4152; baseline 0.009 -31"><span class='ocrx_word' id='word_1_309' title='bbox 372 4075 550 4135; x_wconf 74' lang='grc' dir='ltr'>κιλος</span> <span class='ocrx_word' id='word_1_310' title='bbox 597 4074 785 4140; x_wconf 64' lang='grc' dir='ltr'>σοφία</span> <span class='ocrx_word' id='word_1_311' title='bbox 846 4074 952 4127; x_wconf 86' lang='grc' dir='ltr'>τοῦ</span> <span class='ocrx_word' id='word_1_312' title='bbox 1017 4075 1186 4140; x_wconf 81' lang='grc' dir='ltr'>Θεοῦ,</span> <span class='ocrx_word' id='word_1_313' title='bbox 1254 4076 1335 4143; x_wconf 77' lang='grc' dir='ltr'><strong>ἣν</strong></span> <span class='ocrx_word' id='word_1_314' title='bbox 1378 4079 1669 4146; x_wconf 76' lang='grc' dir='ltr'>ἐποίησεν</span> <span class='ocrx_word' id='word_1_315' title='bbox 1721 4083 1791 4135; x_wconf 77' lang='grc' dir='ltr'><strong>ἐν</strong></span> <span class='ocrx_word' id='word_1_316' title='bbox 1829 4085 1962 4152; x_wconf 82' lang='grc' dir='ltr'>Χρι-</span> 
     </span>
    </p>
   </div>
   <div class='ocr_carea' id='block_1_44' title="bbox 368 4159 1960 4248">
    <p class='ocr_par' dir='ltr' id='par_1_44' title="bbox 368 4159 1960 4248">
     <span class='ocr_line' id='line_1_44' title="bbox 368 4159 1960 4248; baseline 0.011 -36"><span class='ocrx_word' id='word_1_317' title='bbox 368 4159 504 4225; x_wconf 86' lang='grc' dir='ltr'>στῷ</span> <span class='ocrx_word' id='word_1_318' title='bbox 546 4163 771 4230; x_wconf 81' lang='grc' dir='ltr'>Ἰησοῦ.</span> <span class='ocrx_word' id='word_1_319' title='bbox 816 4166 928 4219; x_wconf 76' lang='grc' dir='ltr'>Καὶ</span> <span class='ocrx_word' id='word_1_320' title='bbox 964 4167 1026 4219; x_wconf 81' lang='grc' dir='ltr'><strong>τὸ</strong></span> <span class='ocrx_word' id='word_1_321' title='bbox 1055 4169 1155 4236; x_wconf 83' lang='grc' dir='ltr'>τῆς</span> <span class='ocrx_word' id='word_1_322' title='bbox 1184 4171 1405 4242; x_wconf 71' lang='grc' dir='ltr'>ἀγάπης</span> <span class='ocrx_word' id='word_1_323' title='bbox 1435 4172 1492 4225; x_wconf 81' lang='grc' dir='ltr'>δὲ</span> <span class='ocrx_word' id='word_1_324' title='bbox 1527 4174 1621 4226; x_wconf 81' lang='grc' dir='ltr'>τοῦ</span> <span class='ocrx_word' id='word_1_325' title='bbox 1653 4174 1790 4227; x_wconf 81' lang='grc' dir='ltr'>Θεοῦ</span> <span class='ocrx_word' id='word_1_326' title='bbox 1824 4177 1960 4248; x_wconf 78' lang='grc' dir='ltr'>πρὸς</span> 
     </span>
    </p>
   </div>
   <div class='ocr_carea' id='block_1_45' title="bbox 371 4253 1960 4339">
    <p class='ocr_par' dir='ltr' id='par_1_45' title="bbox 371 4253 1960 4339">
     <span class='ocr_line' id='line_1_45' title="bbox 371 4253 1960 4339; baseline 0.013 -36"><span class='ocrx_word' id='word_1_327' title='bbox 371 4253 528 4320; x_wconf 77' lang='grc' dir='ltr'>ἡμᾶς</span> <span class='ocrx_word' id='word_1_328' title='bbox 548 4254 960 4327; x_wconf 79' lang='grc' dir='ltr'>ἀνυπέρϐλητον</span> <span class='ocrx_word' id='word_1_329' title='bbox 981 4260 1391 4332; x_wconf 82' lang='grc' dir='ltr'>ἐνδεικνύμενον</span> <span class='ocrx_word' id='word_1_330' title='bbox 1421 4265 1521 4336; x_wconf 84' lang='grc' dir='ltr'><strong>ούχ</strong></span> <span class='ocrx_word' id='word_1_331' title='bbox 1538 4267 1620 4319; x_wconf 81' lang='grc' dir='ltr'><strong>ὅτι</strong></span> <span class='ocrx_word' id='word_1_332' title='bbox 1645 4268 1765 4321; x_wconf 86' lang='grc' dir='ltr'>κατ’</span> <span class='ocrx_word' id='word_1_333' title='bbox 1786 4270 1960 4339; x_wconf 77' lang='grc' dir='ltr'>ἀρχὰς</span> 
     </span>
    </p>
   </div>
   <div class='ocr_carea' id='block_1_46' title="bbox 367 4343 1961 4430">
    <p class='ocr_par' dir='ltr' id='par_1_46' title="bbox 367 4343 1961 4430">
     <span class='ocr_line' id='line_1_46' title="bbox 367 4343 1961 4430; baseline 0.013 -36"><span class='ocrx_word' id='word_1_334' title='bbox 367 4343 470 4396; x_wconf 74' lang='grc' dir='ltr'><strong>τὸν</strong></span> <span class='ocrx_word' id='word_1_335' title='bbox 504 4343 792 4416; x_wconf 73' lang='grc' dir='ltr'>ἄνθρωπον</span> <span class='ocrx_word' id='word_1_336' title='bbox 818 4347 1021 4403; x_wconf 78' lang='grc' dir='ltr'>ἔπλασε</span> <span class='ocrx_word' id='word_1_337' title='bbox 1052 4353 1240 4421; x_wconf 73' lang='grc' dir='ltr'>φάναι,</span> <span class='ocrx_word' id='word_1_338' title='bbox 1275 4353 1402 4424; x_wconf 74' lang='grc'><strong>[505</strong></span> <span class='ocrx_word' id='word_1_339' title='bbox 1433 4356 1526 4430; x_wconf 78' lang='lat' dir='ltr'><strong>IL]</strong></span> <span class='ocrx_word' id='word_1_340' title='bbox 1561 4360 1670 4413; x_wconf 77' lang='grc' dir='ltr'>οὐδ’</span> <span class='ocrx_word' id='word_1_341' title='bbox 1705 4361 1788 4413; x_wconf 81' lang='grc' dir='ltr'><strong>ὅτι</strong></span> <span class='ocrx_word' id='word_1_342' title='bbox 1819 4363 1961 4415; x_wconf 82' lang='grc' dir='ltr'>κατὰ</span> 
     </span>
    </p>
   </div>
   <div class='ocr_carea' id='block_1_47' title="bbox 371 4435 1960 4518">
    <p class='ocr_par' dir='ltr' id='par_1_47' title="bbox 371 4435 1960 4518">
     <span class='ocr_line' id='line_1_47' title="bbox 371 4435 1960 4518; baseline 0.013 -30"><span class='ocrx_word' id='word_1_343' title='bbox 371 4435 479 4506; x_wconf 74' lang='grc' dir='ltr'><strong>τὴν</strong></span> <span class='ocrx_word' id='word_1_344' title='bbox 503 4437 671 4490; x_wconf 86' lang='grc' dir='ltr'>αύτοῦ</span> <span class='ocrx_word' id='word_1_345' title='bbox 716 4441 902 4493; x_wconf 77' lang='grc' dir='ltr'>εἰκόνα</span> <span class='ocrx_word' id='word_1_346' title='bbox 948 4443 1452 4518; x_wconf 81' lang='grc' dir='ltr'>ὲπλαστούργησεν,</span> <span class='ocrx_word' id='word_1_347' title='bbox 1484 4452 1594 4504; x_wconf 86' lang='grc' dir='ltr'>οὐδ’</span> <span class='ocrx_word' id='word_1_348' title='bbox 1636 4453 1716 4507; x_wconf 79' lang='grc' dir='ltr'>ὅτι</span> <span class='ocrx_word' id='word_1_349' title='bbox 1755 4455 1882 4510; x_wconf 81' lang='grc' dir='ltr'>ἄλλο</span> <span class='ocrx_word' id='word_1_350' title='bbox 1907 4475 1960 4509; x_wconf 83' lang='grc' dir='ltr'><strong>τι</strong></span> 
     </span>
    </p>
   </div>
   <div class='ocr_carea' id='block_1_48' title="bbox 2065 573 3742 646">
    <p class='ocr_par' dir='ltr' id='par_1_48' title="bbox 2065 573 3742 646">
     <span class='ocr_line' id='line_1_48' title="bbox 2065 573 3742 646; baseline 0.004 -18"><span class='ocrx_word' id='word_1_351' title='bbox 2065 574 2158 629; x_wconf 87' lang='lat' dir='ltr'><strong>sed</strong></span> <span class='ocrx_word' id='word_1_352' title='bbox 2195 573 2324 628; x_wconf 92' lang='lat' dir='ltr'><strong>illud</strong></span> <span class='ocrx_word' id='word_1_353' title='bbox 2362 576 2526 630; x_wconf 87' lang='lat' dir='ltr'><strong>etiam</strong></span> <span class='ocrx_word' id='word_1_354' title='bbox 2551 579 2696 630; x_wconf 92' lang='lat' dir='ltr'><strong>omni</strong></span> <span class='ocrx_word' id='word_1_355' title='bbox 2730 579 2943 646; x_wconf 77' lang='lat' dir='ltr'><strong>penitus</strong></span> <span class='ocrx_word' id='word_1_356' title='bbox 2976 581 3026 635; x_wconf 88' lang='lat' dir='ltr'><strong>vi</strong></span> <span class='ocrx_word' id='word_1_357' title='bbox 3065 579 3263 646; x_wconf 91' lang='lat' dir='ltr'><strong>moliri,</strong></span> <span class='ocrx_word' id='word_1_358' title='bbox 3315 591 3373 637; x_wconf 92' lang='lat' dir='ltr'><strong>ut</strong></span> <span class='ocrx_word' id='word_1_359' title='bbox 3403 583 3647 638; x_wconf 89' lang='lat' dir='ltr'><strong>omnium</strong></span> <span class='ocrx_word' id='word_1_360' title='bbox 3733 591 3742 603; x_wconf 87' lang='lat'><strong>‘</strong></span> 
     </span>
    </p>
   </div>
   <div class='ocr_carea' id='block_1_49' title="bbox 2066 669 3648 740">
    <p class='ocr_par' dir='ltr' id='par_1_49' title="bbox 2066 669 3648 740">
     <span class='ocr_line' id='line_1_49' title="bbox 2066 669 3648 740; baseline 0.006 -23"><span class='ocrx_word' id='word_1_361' title='bbox 2066 678 2249 719; x_wconf 88' lang='lat' dir='ltr'><strong>rerum</strong></span> <span class='ocrx_word' id='word_1_362' title='bbox 2309 677 2555 721; x_wconf 87' lang='lat' dir='ltr'><strong>naturam</strong></span> <span class='ocrx_word' id='word_1_363' title='bbox 2603 669 2902 725; x_wconf 78' lang='lat' dir='ltr'><strong>confundat</strong></span> <span class='ocrx_word' id='word_1_364' title='bbox 2934 680 3096 740; x_wconf 89' lang='lat' dir='ltr'><strong>atque</strong></span> <span class='ocrx_word' id='word_1_365' title='bbox 3141 673 3194 727; x_wconf 88' lang='lat' dir='ltr'><strong>in</strong></span> <span class='ocrx_word' id='word_1_366' title='bbox 3228 673 3386 727; x_wconf 83' lang='lat' dir='ltr'><strong>aliain</strong></span> <span class='ocrx_word' id='word_1_367' title='bbox 3415 672 3648 731; x_wconf 76' lang='lat' dir='ltr'><strong>fortnam</strong></span> 
     </span>
    </p>
   </div>
   <div class='ocr_carea' id='block_1_50' title="bbox 2070 760 3649 834">
    <p class='ocr_par' dir='ltr' id='par_1_50' title="bbox 2070 760 3649 834">
     <span class='ocr_line' id='line_1_50' title="bbox 2070 760 3649 834; baseline 0.006 -25"><span class='ocrx_word' id='word_1_368' title='bbox 2070 766 2415 816; x_wconf 90' lang='lat' dir='ltr'><strong>transmutet.</strong></span> <span class='ocrx_word' id='word_1_369' title='bbox 2447 760 2579 814; x_wconf 87' lang='lat' dir='ltr'><strong>Nam</strong></span> <span class='ocrx_word' id='word_1_370' title='bbox 2607 763 2650 817; x_wconf 89' lang='lat' dir='ltr'><strong>si</strong></span> <span class='ocrx_word' id='word_1_371' title='bbox 2675 761 2883 830; x_wconf 80' lang='lat' dir='ltr'><strong>iustitia</strong></span> <span class='ocrx_word' id='word_1_372' title='bbox 2916 779 3023 818; x_wconf 92' lang='lat' dir='ltr'><strong>non</strong></span> <span class='ocrx_word' id='word_1_373' title='bbox 3061 774 3238 833; x_wconf 84' lang='lat' dir='ltr'><strong>potest</strong></span> <span class='ocrx_word' id='word_1_374' title='bbox 3264 766 3406 833; x_wconf 88' lang='lat' dir='ltr'><strong>quod</strong></span> <span class='ocrx_word' id='word_1_375' title='bbox 3427 767 3649 834; x_wconf 88' lang='lat' dir='ltr'><strong>injusti-</strong></span> 
     </span>
    </p>
   </div>
   <div class='ocr_carea' id='block_1_51' title="bbox 2068 852 3648 928">
    <p class='ocr_par' dir='ltr' id='par_1_51' title="bbox 2068 852 3648 928">
     <span class='ocr_line' id='line_1_51' title="bbox 2068 852 3648 928; baseline 0.004 -25"><span class='ocrx_word' id='word_1_376' title='bbox 2068 852 2141 906; x_wconf 88' lang='lat' dir='ltr'><strong>tia</strong></span> <span class='ocrx_word' id='word_1_377' title='bbox 2178 853 2477 923; x_wconf 83' lang='lat' dir='ltr'><strong>(nunquam</strong></span> <span class='ocrx_word' id='word_1_378' title='bbox 2506 853 2650 908; x_wconf 91' lang='lat' dir='ltr'><strong>enim</strong></span> <span class='ocrx_word' id='word_1_379' title='bbox 2683 854 2934 924; x_wconf 89' lang='lat' dir='ltr'><strong>injuriam</strong></span> <span class='ocrx_word' id='word_1_380' title='bbox 2967 854 3433 928; x_wconf 81' lang='lat' dir='ltr'><strong>feceritjustitia),</strong></span> <span class='ocrx_word' id='word_1_381' title='bbox 3456 859 3648 912; x_wconf 86' lang='lat' dir='ltr'><strong>vitium</strong></span> 
     </span>
    </p>
   </div>
   <div class='ocr_carea' id='block_1_52' title="bbox 2067 943 3647 1016">
    <p class='ocr_par' dir='ltr' id='par_1_52' title="bbox 2067 943 3647 1016">
     <span class='ocr_line' id='line_1_52' title="bbox 2067 943 3647 1016; baseline 0.003 -21"><span class='ocrx_word' id='word_1_382' title='bbox 2067 945 2252 1012; x_wconf 89' lang='lat' dir='ltr'><strong>utique</strong></span> <span class='ocrx_word' id='word_1_383' title='bbox 2280 943 2398 1012; x_wconf 86' lang='lat' dir='ltr'><strong>plus</strong></span> <span class='ocrx_word' id='word_1_384' title='bbox 2421 946 2620 1015; x_wconf 89' lang='lat' dir='ltr'><strong>poterit</strong></span> <span class='ocrx_word' id='word_1_385' title='bbox 2643 961 2802 1016; x_wconf 85' lang='lat' dir='ltr'><strong>quam</strong></span> <span class='ocrx_word' id='word_1_386' title='bbox 2834 946 3012 1001; x_wconf 84' lang='lat' dir='ltr'><strong>virtus</strong></span> <span class='ocrx_word' id='word_1_387' title='bbox 3037 964 3053 999; x_wconf 86' lang='lat'><strong>:</strong></span> <span class='ocrx_word' id='word_1_388' title='bbox 3090 948 3390 1016; x_wconf 86' lang='lat' dir='ltr'><strong>eademque</strong></span> <span class='ocrx_word' id='word_1_389' title='bbox 3413 950 3647 1014; x_wconf 77' lang='lat' dir='ltr'><strong>ratione,</strong></span> 
     </span>
    </p>
   </div>
   <div class='ocr_carea' id='block_1_53' title="bbox 2065 1032 3646 1107">
    <p class='ocr_par' dir='ltr' id='par_1_53' title="bbox 2065 1032 3646 1107">
     <span class='ocr_line' id='line_1_53' title="bbox 2065 1032 3646 1107; baseline 0.005 -22"><span class='ocrx_word' id='word_1_390' title='bbox 2065 1033 2110 1085; x_wconf 87' lang='lat' dir='ltr'>si</span> <span class='ocrx_word' id='word_1_391' title='bbox 2128 1032 2289 1088; x_wconf 85' lang='lat' dir='ltr'><strong>homo</strong></span> <span class='ocrx_word' id='word_1_392' title='bbox 2311 1034 2450 1100; x_wconf 84' lang='lat' dir='ltr'><strong>lapis</strong></span> <span class='ocrx_word' id='word_1_393' title='bbox 2463 1051 2707 1096; x_wconf 81' lang='lat' dir='ltr'><strong>essenon</strong></span> <span class='ocrx_word' id='word_1_394' title='bbox 2721 1045 2917 1105; x_wconf 88' lang='lat' dir='ltr'><strong>potest,</strong></span> <span class='ocrx_word' id='word_1_395' title='bbox 2935 1037 3072 1107; x_wconf 84' lang='lat' dir='ltr'><strong>lapis</strong></span> <span class='ocrx_word' id='word_1_396' title='bbox 3083 1038 3360 1106; x_wconf 86' lang='lat' dir='ltr'><strong>potentior</strong></span> <span class='ocrx_word' id='word_1_397' title='bbox 3381 1039 3471 1104; x_wconf 86' lang='lat' dir='ltr'><strong>sit,</strong></span> <span class='ocrx_word' id='word_1_398' title='bbox 3485 1054 3646 1107; x_wconf 84' lang='lat' dir='ltr'><strong>quant</strong></span> 
     </span>
    </p>
   </div>
   <div class='ocr_carea' id='block_1_54' title="bbox 2066 1122 3647 1196">
    <p class='ocr_par' dir='ltr' id='par_1_54' title="bbox 2066 1122 3647 1196">
     <span class='ocr_line' id='line_1_54' title="bbox 2066 1122 3647 1196; baseline 0.005 -23"><span class='ocrx_word' id='word_1_399' title='bbox 2066 1122 2295 1176; x_wconf 89' lang='lat' dir='ltr'><strong>rationis</strong></span> <span class='ocrx_word' id='word_1_400' title='bbox 2338 1124 2609 1192; x_wconf 82' lang='lat' dir='ltr'><strong>particeps</strong></span> <span class='ocrx_word' id='word_1_401' title='bbox 2657 1127 2926 1180; x_wconf 84' lang='lat' dir='ltr'><strong>animans.</strong></span> <span class='ocrx_word' id='word_1_402' title='bbox 2970 1129 3133 1196; x_wconf 82' lang='lat' dir='ltr'><strong>Atqui</strong></span> <span class='ocrx_word' id='word_1_403' title='bbox 3193 1131 3237 1184; x_wconf 90' lang='lat' dir='ltr'><strong>si</strong></span> <span class='ocrx_word' id='word_1_404' title='bbox 3294 1131 3405 1184; x_wconf 71' lang='lat' dir='ltr'><strong>haec</strong></span> <span class='ocrx_word' id='word_1_405' title='bbox 3453 1131 3647 1184; x_wconf 78' lang='lat' dir='ltr'><strong>iterum</strong></span> 
     </span>
    </p>
   </div>
   <div class='ocr_carea' id='block_1_55' title="bbox 2065 1211 3649 1293">
    <p class='ocr_par' dir='ltr' id='par_1_55' title="bbox 2065 1211 3649 1293">
     <span class='ocr_line' id='line_1_55' title="bbox 2065 1211 3649 1293; baseline 0.009 -29"><span class='ocrx_word' id='word_1_406' title='bbox 2065 1211 2324 1280; x_wconf 84' lang='lat' dir='ltr'><strong>invertas,</strong></span> <span class='ocrx_word' id='word_1_407' title='bbox 2375 1216 2726 1273; x_wconf 85' lang='lat' dir='ltr'><strong>nihilominus</strong></span> <span class='ocrx_word' id='word_1_408' title='bbox 2773 1235 2894 1289; x_wconf 59' lang='lat' dir='ltr'><strong>quae</strong></span> <span class='ocrx_word' id='word_1_409' title='bbox 2928 1223 3134 1278; x_wconf 89' lang='lat' dir='ltr'><strong>viribus</strong></span> <span class='ocrx_word' id='word_1_410' title='bbox 3182 1223 3388 1292; x_wconf 86' lang='lat' dir='ltr'><strong>potiora</strong></span> <span class='ocrx_word' id='word_1_411' title='bbox 3429 1223 3649 1293; x_wconf 87' lang='lat' dir='ltr'><strong>judica-</strong></span> 
     </span>
    </p>
   </div>
   <div class='ocr_carea' id='block_1_56' title="bbox 2063 1301 3652 1384">
    <p class='ocr_par' dir='ltr' id='par_1_56' title="bbox 2063 1301 3652 1384">
     <span class='ocr_line' id='line_1_56' title="bbox 2063 1301 3652 1384; baseline 0.009 -29"><span class='ocrx_word' id='word_1_412' title='bbox 2063 1301 2285 1368; x_wconf 87' lang='lat' dir='ltr'><strong>bantur,</strong></span> <span class='ocrx_word' id='word_1_413' title='bbox 2317 1321 2529 1359; x_wconf 86' lang='lat' dir='ltr'><strong>rursum</strong></span> <span class='ocrx_word' id='word_1_414' title='bbox 2579 1308 2929 1363; x_wconf 80' lang='lat' dir='ltr'><strong>imbecilliora</strong></span> <span class='ocrx_word' id='word_1_415' title='bbox 2962 1311 3286 1368; x_wconf 88' lang='lat' dir='ltr'><strong>videbuntur</strong></span> <span class='ocrx_word' id='word_1_416' title='bbox 3313 1313 3379 1370; x_wconf 88' lang='lat' dir='ltr'><strong>iis</strong></span> <span class='ocrx_word' id='word_1_417' title='bbox 3410 1330 3530 1384; x_wconf 70' lang='lat' dir='ltr'><strong>quae</strong></span> <span class='ocrx_word' id='word_1_418' title='bbox 3557 1329 3652 1384; x_wconf 84' lang='lat' dir='ltr'><strong>p0-</strong></span> 
     </span>
    </p>
   </div>
   <div class='ocr_carea' id='block_1_57' title="bbox 2068 1397 3653 1461">
    <p class='ocr_par' dir='ltr' id='par_1_57' title="bbox 2068 1397 3653 1461">
     <span class='ocr_line' id='line_1_57' title="bbox 2068 1397 3653 1461; baseline 0.008 -17"><span class='ocrx_word' id='word_1_419' title='bbox 2068 1403 2260 1448; x_wconf 85' lang='lat' dir='ltr'><strong>testate</strong></span> <span class='ocrx_word' id='word_1_420' title='bbox 2303 1397 2630 1453; x_wconf 80' lang='lat' dir='ltr'><strong>vincebant:</strong></span> <span class='ocrx_word' id='word_1_421' title='bbox 2669 1405 2811 1454; x_wconf 86' lang='lat' dir='ltr'><strong>etde</strong></span> <span class='ocrx_word' id='word_1_422' title='bbox 2841 1403 3056 1456; x_wconf 66' lang='lat' dir='ltr'><strong>caeteris</strong></span> <span class='ocrx_word' id='word_1_423' title='bbox 3099 1406 3350 1460; x_wconf 87' lang='lat' dir='ltr'><strong>omnibus</strong></span> <span class='ocrx_word' id='word_1_424' title='bbox 3381 1408 3446 1461; x_wconf 88' lang='lat' dir='ltr'><strong>ad</strong></span> <span class='ocrx_word' id='word_1_425' title='bbox 3500 1423 3653 1459; x_wconf 80' lang='lat' dir='ltr'><strong>eum-</strong></span> 
     </span>
    </p>
   </div>
   <div class='ocr_carea' id='block_1_58' title="bbox 2064 1488 3652 1563">
    <p class='ocr_par' dir='ltr' id='par_1_58' title="bbox 2064 1488 3652 1563">
     <span class='ocr_line' id='line_1_58' title="bbox 2064 1488 3652 1563; baseline 0.009 -27"><span class='ocrx_word' id='word_1_426' title='bbox 2064 1488 2183 1538; x_wconf 86' lang='lat' dir='ltr'><strong>detn</strong></span> <span class='ocrx_word' id='word_1_427' title='bbox 2217 1489 2452 1541; x_wconf 87' lang='lat' dir='ltr'><strong>modum.</strong></span> <span class='ocrx_word' id='word_1_428' title='bbox 2476 1489 2547 1543; x_wconf 86' lang='lat' dir='ltr'><strong>Ita</strong></span> <span class='ocrx_word' id='word_1_429' title='bbox 2579 1491 2845 1546; x_wconf 89' lang='lat' dir='ltr'><strong>ludicrum</strong></span> <span class='ocrx_word' id='word_1_430' title='bbox 2869 1493 2999 1562; x_wconf 89' lang='lat' dir='ltr'><strong>quid</strong></span> <span class='ocrx_word' id='word_1_431' title='bbox 3029 1493 3331 1563; x_wconf 83' lang='lat' dir='ltr'><strong>Iiujusniodi</strong></span> <span class='ocrx_word' id='word_1_432' title='bbox 3361 1499 3652 1553; x_wconf 79' lang='lat' dir='ltr'><strong>ratiocina-</strong></span> 
     </span>
    </p>
   </div>
   <div class='ocr_carea' id='block_1_59' title="bbox 2065 1577 3648 1654">
    <p class='ocr_par' dir='ltr' id='par_1_59' title="bbox 2065 1577 3648 1654">
     <span class='ocr_line' id='line_1_59' title="bbox 2065 1577 3648 1654; baseline 0.009 -26"><span class='ocrx_word' id='word_1_433' title='bbox 2065 1577 2139 1630; x_wconf 87' lang='lat' dir='ltr'><strong>tio</strong></span> <span class='ocrx_word' id='word_1_434' title='bbox 2167 1592 2272 1643; x_wconf 67' lang='grc' dir='ltr'>ρει,</span> <span class='ocrx_word' id='word_1_435' title='bbox 2325 1591 2379 1632; x_wconf 89' lang='lat' dir='ltr'><strong>et</strong></span> <span class='ocrx_word' id='word_1_436' title='bbox 2419 1585 2727 1652; x_wconf 83' lang='lat' dir='ltr'><strong>nngutionis</strong></span> <span class='ocrx_word' id='word_1_437' title='bbox 2762 1586 3074 1654; x_wconf 70' lang='lat' dir='ltr'><strong>Sopliistica:</strong></span> <span class='ocrx_word' id='word_1_438' title='bbox 3125 1587 3648 1652; x_wconf 81' lang='lat' dir='ltr'><strong>Iudibrinm.ReIel-</strong></span> 
     </span>
    </p>
   </div>
   <div class='ocr_carea' id='block_1_60' title="bbox 2064 1669 3651 1746">
    <p class='ocr_par' dir='ltr' id='par_1_60' title="bbox 2064 1669 3651 1746">
     <span class='ocr_line' id='line_1_60' title="bbox 2064 1669 3651 1746; baseline 0.008 -27"><span class='ocrx_word' id='word_1_439' title='bbox 2064 1669 2203 1722; x_wconf 81' lang='lat' dir='ltr'><strong>Iatnr</strong></span> <span class='ocrx_word' id='word_1_440' title='bbox 2230 1672 2393 1740; x_wconf 80' lang='lat' dir='ltr'><strong>igitur</strong></span> <span class='ocrx_word' id='word_1_441' title='bbox 2423 1674 2611 1726; x_wconf 87' lang='lat' dir='ltr'><strong>horum</strong></span> <span class='ocrx_word' id='word_1_442' title='bbox 2640 1677 2721 1728; x_wconf 84' lang='lat' dir='ltr'><strong>vel</strong></span> <span class='ocrx_word' id='word_1_443' title='bbox 2750 1678 3010 1746; x_wconf 82' lang='lat' dir='ltr'><strong>nequitia,</strong></span> <span class='ocrx_word' id='word_1_444' title='bbox 3041 1679 3122 1732; x_wconf 78' lang='lat' dir='ltr'><strong>vel</strong></span> <span class='ocrx_word' id='word_1_445' title='bbox 3151 1678 3390 1742; x_wconf 78' lang='lat' dir='ltr'><strong>inscitia,</strong></span> <span class='ocrx_word' id='word_1_446' title='bbox 3421 1680 3465 1734; x_wconf 84' lang='lat' dir='ltr'><strong>si</strong></span> <span class='ocrx_word' id='word_1_447' title='bbox 3500 1681 3651 1732; x_wconf 29' lang='lat' dir='ltr'><strong>dica‘</strong></span> 
     </span>
    </p>
   </div>
   <div class='ocr_carea' id='block_1_61' title="bbox 2064 1767 3646 1837">
    <p class='ocr_par' dir='ltr' id='par_1_61' title="bbox 2064 1767 3646 1837">
     <span class='ocr_line' id='line_1_61' title="bbox 2064 1767 3646 1837; baseline 0.008 -22"><span class='ocrx_word' id='word_1_448' title='bbox 2064 1771 2170 1826; x_wconf 90' lang='lat' dir='ltr'><strong>tur,</strong></span> <span class='ocrx_word' id='word_1_449' title='bbox 2206 1767 2346 1832; x_wconf 76' lang='lat' dir='ltr'><strong>quod</strong></span> <span class='ocrx_word' id='word_1_450' title='bbox 2369 1776 2462 1818; x_wconf 90' lang='lat' dir='ltr'><strong>aut</strong></span> <span class='ocrx_word' id='word_1_451' title='bbox 2500 1782 2606 1820; x_wconf 92' lang='lat' dir='ltr'><strong>non</strong></span> <span class='ocrx_word' id='word_1_452' title='bbox 2642 1768 2846 1835; x_wconf 87' lang='lat' dir='ltr'><strong>norint,</strong></span> <span class='ocrx_word' id='word_1_453' title='bbox 2886 1781 2978 1823; x_wconf 91' lang='lat' dir='ltr'><strong>aut</strong></span> <span class='ocrx_word' id='word_1_454' title='bbox 3013 1782 3164 1826; x_wconf 88' lang='lat' dir='ltr'><strong>certe</strong></span> <span class='ocrx_word' id='word_1_455' title='bbox 3206 1773 3417 1825; x_wconf 80' lang='lat' dir='ltr'><strong>novisse</strong></span> <span class='ocrx_word' id='word_1_456' title='bbox 3454 1772 3646 1837; x_wconf 88' lang='lat' dir='ltr'><strong>nolint,</strong></span> 
     </span>
    </p>
   </div>
   <div class='ocr_carea' id='block_1_62' title="bbox 2067 1857 3649 1935">
    <p class='ocr_par' dir='ltr' id='par_1_62' title="bbox 2067 1857 3649 1935">
     <span class='ocr_line' id='line_1_62' title="bbox 2067 1857 3649 1935; baseline 0.007 -26"><span class='ocrx_word' id='word_1_457' title='bbox 2067 1857 2261 1925; x_wconf 82' lang='lat' dir='ltr'><strong>duplex</strong></span> <span class='ocrx_word' id='word_1_458' title='bbox 2309 1873 2430 1912; x_wconf 85' lang='lat' dir='ltr'><strong>esse</strong></span> <span class='ocrx_word' id='word_1_459' title='bbox 2487 1862 2988 1928; x_wconf 68' lang='lat' dir='ltr'><strong>potentiaanomcn.</strong></span> <span class='ocrx_word' id='word_1_460' title='bbox 3032 1864 3180 1919; x_wconf 86' lang='lat' dir='ltr'><strong>Alias</strong></span> <span class='ocrx_word' id='word_1_461' title='bbox 3229 1867 3372 1920; x_wconf 88' lang='lat' dir='ltr'><strong>enim</strong></span> <span class='ocrx_word' id='word_1_462' title='bbox 3433 1867 3649 1935; x_wconf 86' lang='lat' dir='ltr'><strong>proprie</strong></span> 
     </span>
    </p>
   </div>
   <div class='ocr_carea' id='block_1_63' title="bbox 2065 1947 3648 2024">
    <p class='ocr_par' dir='ltr' id='par_1_63' title="bbox 2065 1947 3648 2024">
     <span class='ocr_line' id='line_1_63' title="bbox 2065 1947 3648 2024; baseline 0.007 -25"><span class='ocrx_word' id='word_1_463' title='bbox 2065 1947 2373 2015; x_wconf 81' lang='lat' dir='ltr'><strong>signiﬁcare</strong></span> <span class='ocrx_word' id='word_1_464' title='bbox 2427 1951 2744 2018; x_wconf 78' lang='lat' dir='ltr'><strong>potentiam,</strong></span> <span class='ocrx_word' id='word_1_465' title='bbox 2789 1968 2894 2022; x_wconf 86' lang='lat' dir='ltr'><strong>qua</strong></span> <span class='ocrx_word' id='word_1_466' title='bbox 2962 1963 3017 2008; x_wconf 90' lang='lat' dir='ltr'><strong>et</strong></span> <span class='ocrx_word' id='word_1_467' title='bbox 3096 1955 3237 2010; x_wconf 86' lang='lat' dir='ltr'><strong>Deus</strong></span> <span class='ocrx_word' id='word_1_468' title='bbox 3306 1957 3648 2024; x_wconf 89' lang='lat' dir='ltr'><strong>omnipotens</strong></span> 
     </span>
    </p>
   </div>
   <div class='ocr_carea' id='block_1_64' title="bbox 2067 2041 3647 2113">
    <p class='ocr_par' dir='ltr' id='par_1_64' title="bbox 2067 2041 3647 2113">
     <span class='ocr_line' id='line_1_64' title="bbox 2067 2041 3647 2113; baseline 0.008 -22"><span class='ocrx_word' id='word_1_469' title='bbox 2067 2041 2388 2108; x_wconf 82' lang='lat' dir='ltr'><strong>appelletur,</strong></span> <span class='ocrx_word' id='word_1_470' title='bbox 2449 2054 2502 2095; x_wconf 88' lang='lat' dir='ltr'><strong>et</strong></span> <span class='ocrx_word' id='word_1_471' title='bbox 2547 2047 2728 2099; x_wconf 87' lang='lat' dir='ltr'><strong>omnia</strong></span> <span class='ocrx_word' id='word_1_472' title='bbox 2761 2062 2880 2113; x_wconf 63' lang='lat' dir='ltr'><strong>qua:</strong></span> <span class='ocrx_word' id='word_1_473' title='bbox 2910 2046 3181 2102; x_wconf 78' lang='lat' dir='ltr'><strong>exsistant</strong></span> <span class='ocrx_word' id='word_1_474' title='bbox 3204 2064 3268 2104; x_wconf 79' lang='lat' dir='ltr'><strong>ex</strong></span> <span class='ocrx_word' id='word_1_475' title='bbox 3297 2049 3482 2106; x_wconf 85' lang='lat' dir='ltr'><strong>innata</strong></span> <span class='ocrx_word' id='word_1_476' title='bbox 3535 2050 3647 2105; x_wconf 70' lang='lat' dir='ltr'><strong>sibi</strong></span> 
     </span>
    </p>
   </div>
   <div class='ocr_carea' id='block_1_65' title="bbox 2065 2135 3646 2213">
    <p class='ocr_par' dir='ltr' id='par_1_65' title="bbox 2065 2135 3646 2213">
     <span class='ocr_line' id='line_1_65' title="bbox 2065 2135 3646 2213; baseline 0.008 -29"><span class='ocrx_word' id='word_1_477' title='bbox 2065 2147 2130 2185; x_wconf 90' lang='lat' dir='ltr'><strong>ac</strong></span> <span class='ocrx_word' id='word_1_478' title='bbox 2178 2135 2394 2204; x_wconf 86' lang='lat' dir='ltr'><strong>propria</strong></span> <span class='ocrx_word' id='word_1_479' title='bbox 2449 2137 2523 2201; x_wconf 86' lang='lat' dir='ltr'><strong>vi,</strong></span> <span class='ocrx_word' id='word_1_480' title='bbox 2561 2153 2682 2207; x_wconf 74' lang='lat' dir='ltr'><strong>quae</strong></span> <span class='ocrx_word' id='word_1_481' title='bbox 2708 2141 2773 2192; x_wconf 91' lang='lat' dir='ltr'><strong>ad</strong></span> <span class='ocrx_word' id='word_1_482' title='bbox 2827 2155 3072 2196; x_wconf 88' lang='lat' dir='ltr'><strong>naturam</strong></span> <span class='ocrx_word' id='word_1_483' title='bbox 3123 2159 3278 2198; x_wconf 86' lang='lat' dir='ltr'><strong>suam</strong></span> <span class='ocrx_word' id='word_1_484' title='bbox 3332 2143 3646 2213; x_wconf 87' lang='lat' dir='ltr'><strong>pertinent,</strong></span> 
     </span>
    </p>
   </div>
   <div class='ocr_carea' id='block_1_66' title="bbox 2066 2226 3646 2305">
    <p class='ocr_par' dir='ltr' id='par_1_66' title="bbox 2066 2226 3646 2305">
     <span class='ocr_line' id='line_1_66' title="bbox 2066 2226 3646 2305; baseline 0.009 -31"><span class='ocrx_word' id='word_1_485' title='bbox 2066 2227 2278 2292; x_wconf 88' lang='lat' dir='ltr'><strong>operari</strong></span> <span class='ocrx_word' id='word_1_486' title='bbox 2307 2226 2584 2282; x_wconf 80' lang='lat' dir='ltr'><strong>dicantur:</strong></span> <span class='ocrx_word' id='word_1_487' title='bbox 2613 2229 2747 2284; x_wconf 87' lang='lat' dir='ltr'><strong>alias</strong></span> <span class='ocrx_word' id='word_1_488' title='bbox 2767 2247 2892 2286; x_wconf 88' lang='lat' dir='ltr'><strong>vero</strong></span> <span class='ocrx_word' id='word_1_489' title='bbox 2916 2234 3200 2301; x_wconf 83' lang='lat' dir='ltr'><strong>duntaxat,</strong></span> <span class='ocrx_word' id='word_1_490' title='bbox 3223 2237 3365 2305; x_wconf 91' lang='lat' dir='ltr'><strong>quod</strong></span> <span class='ocrx_word' id='word_1_491' title='bbox 3389 2237 3646 2294; x_wconf 89' lang='lat' dir='ltr'><strong>decorum</strong></span> 
     </span>
    </p>
   </div>
   <div class='ocr_carea' id='block_1_67' title="bbox 2068 2319 3647 2398">
    <p class='ocr_par' dir='ltr' id='par_1_67' title="bbox 2068 2319 3647 2398">
     <span class='ocr_line' id='line_1_67' title="bbox 2068 2319 3647 2398; baseline 0.009 -33"><span class='ocrx_word' id='word_1_492' title='bbox 2068 2323 2123 2367; x_wconf 91' lang='lat' dir='ltr'><strong>et</strong></span> <span class='ocrx_word' id='word_1_493' title='bbox 2187 2319 2511 2372; x_wconf 75' lang='lat' dir='ltr'><strong>conveniens</strong></span> <span class='ocrx_word' id='word_1_494' title='bbox 2559 2322 2660 2387; x_wconf 88' lang='lat' dir='ltr'><strong>sit,</strong></span> <span class='ocrx_word' id='word_1_495' title='bbox 2725 2323 3053 2392; x_wconf 81' lang='lat' dir='ltr'><strong>signiﬁcare.</strong></span> <span class='ocrx_word' id='word_1_496' title='bbox 3102 2327 3236 2383; x_wconf 86' lang='lat' dir='ltr'><strong>Cum</strong></span> <span class='ocrx_word' id='word_1_497' title='bbox 3284 2329 3466 2398; x_wconf 87' lang='lat' dir='ltr'><strong>itaque</strong></span> <span class='ocrx_word' id='word_1_498' title='bbox 3507 2328 3647 2384; x_wconf 85' lang='lat' dir='ltr'><strong>dici-</strong></span> 
     </span>
    </p>
   </div>
   <div class='ocr_carea' id='block_1_68' title="bbox 2068 2414 3646 2490">
    <p class='ocr_par' dir='ltr' id='par_1_68' title="bbox 2068 2414 3646 2490">
     <span class='ocr_line' id='line_1_68' title="bbox 2068 2414 3646 2490; baseline 0.01 -30"><span class='ocrx_word' id='word_1_499' title='bbox 2068 2425 2188 2463; x_wconf 88' lang='lat' dir='ltr'><strong>mus</strong></span> <span class='ocrx_word' id='word_1_500' title='bbox 2234 2427 2336 2463; x_wconf 85' lang='lat' dir='ltr'><strong>non</strong></span> <span class='ocrx_word' id='word_1_501' title='bbox 2377 2429 2525 2478; x_wconf 80' lang='lat' dir='ltr'><strong>posse</strong></span> <span class='ocrx_word' id='word_1_502' title='bbox 2562 2414 2732 2469; x_wconf 80' lang='lat' dir='ltr'><strong>Deum</strong></span> <span class='ocrx_word' id='word_1_503' title='bbox 2766 2419 2996 2484; x_wconf 78' lang='lat' dir='ltr'><strong>seipsum</strong></span> <span class='ocrx_word' id='word_1_504' title='bbox 3025 2437 3234 2490; x_wconf 85' lang='lat' dir='ltr'><strong>negare,</strong></span> <span class='ocrx_word' id='word_1_505' title='bbox 3262 2422 3366 2477; x_wconf 86' lang='lat' dir='ltr'><strong>hoc</strong></span> <span class='ocrx_word' id='word_1_506' title='bbox 3394 2421 3646 2485; x_wconf 81' lang='lat' dir='ltr'><strong>dicimus,</strong></span> 
     </span>
    </p>
   </div>
   <div class='ocr_carea' id='block_1_69' title="bbox 2067 2502 3648 2580">
    <p class='ocr_par' dir='ltr' id='par_1_69' title="bbox 2067 2502 3648 2580">
     <span class='ocr_line' id='line_1_69' title="bbox 2067 2502 3648 2580; baseline 0.013 -29"><span class='ocrx_word' id='word_1_507' title='bbox 2067 2515 2229 2567; x_wconf 83' lang='lat' dir='ltr'><strong>neque</strong></span> <span class='ocrx_word' id='word_1_508' title='bbox 2279 2502 2464 2556; x_wconf 76' lang='lat' dir='ltr'><strong>decens</strong></span> <span class='ocrx_word' id='word_1_509' title='bbox 2515 2523 2626 2560; x_wconf 82' lang='lat' dir='ltr'><strong>esse</strong></span> <span class='ocrx_word' id='word_1_510' title='bbox 2671 2507 2810 2573; x_wconf 81' lang='lat' dir='ltr'><strong>Deo,</strong></span> <span class='ocrx_word' id='word_1_511' title='bbox 2860 2527 3022 2578; x_wconf 84' lang='lat' dir='ltr'><strong>neque</strong></span> <span class='ocrx_word' id='word_1_512' title='bbox 3067 2514 3340 2567; x_wconf 82' lang='lat' dir='ltr'><strong>convenire</strong></span> <span class='ocrx_word' id='word_1_513' title='bbox 3380 2515 3648 2580; x_wconf 81' lang='lat' dir='ltr'><strong>propriam</strong></span> 
     </span>
    </p>
   </div>
   <div class='ocr_carea' id='block_1_70' title="bbox 2064 2597 3650 2674">
    <p class='ocr_par' dir='ltr' id='par_1_70' title="bbox 2064 2597 3650 2674">
     <span class='ocr_line' id='line_1_70' title="bbox 2064 2597 3650 2674; baseline 0.011 -32"><span class='ocrx_word' id='word_1_514' title='bbox 2064 2603 2311 2647; x_wconf 83' lang='lat' dir='ltr'><strong>naturam</strong></span> <span class='ocrx_word' id='word_1_515' title='bbox 2342 2597 2591 2663; x_wconf 76' lang='lat' dir='ltr'><strong>iuﬁciari.</strong></span> <span class='ocrx_word' id='word_1_516' title='bbox 2635 2599 2899 2658; x_wconf 84' lang='lat' dir='ltr'><strong>Similiter</strong></span> <span class='ocrx_word' id='word_1_517' title='bbox 2931 2622 3052 2659; x_wconf 89' lang='lat' dir='ltr'><strong>cum</strong></span> <span class='ocrx_word' id='word_1_518' title='bbox 3085 2606 3315 2660; x_wconf 89' lang='lat' dir='ltr'><strong>dicimus</strong></span> <span class='ocrx_word' id='word_1_519' title='bbox 3354 2624 3456 2660; x_wconf 85' lang='lat' dir='ltr'><strong>non</strong></span> <span class='ocrx_word' id='word_1_520' title='bbox 3499 2624 3650 2674; x_wconf 80' lang='lat' dir='ltr'><strong>posse</strong></span> 
     </span>
    </p>
   </div>
   <div class='ocr_carea' id='block_1_71' title="bbox 2063 2683 3644 2764">
    <p class='ocr_par' dir='ltr' id='par_1_71' title="bbox 2063 2683 3644 2764">
     <span class='ocr_line' id='line_1_71' title="bbox 2063 2683 3644 2764; baseline 0.012 -30"><span class='ocrx_word' id='word_1_521' title='bbox 2063 2683 2229 2738; x_wconf 85' lang='lat' dir='ltr'><strong>ullam</strong></span> <span class='ocrx_word' id='word_1_522' title='bbox 2257 2691 2599 2745; x_wconf 80' lang='lat' dir='ltr'><strong>mutationem</strong></span> <span class='ocrx_word' id='word_1_523' title='bbox 2623 2697 2917 2763; x_wconf 79' lang='lat' dir='ltr'><strong>admittere,</strong></span> <span class='ocrx_word' id='word_1_524' title='bbox 2948 2698 3024 2751; x_wconf 80' lang='lat' dir='ltr'><strong>vel</strong></span> <span class='ocrx_word' id='word_1_525' title='bbox 3055 2716 3086 2751; x_wconf 90' lang='lat' dir='ltr'><strong>a</strong></span> <span class='ocrx_word' id='word_1_526' title='bbox 3123 2699 3358 2754; x_wconf 77' lang='lat' dir='ltr'><strong>bonitate</strong></span> <span class='ocrx_word' id='word_1_527' title='bbox 3383 2699 3644 2764; x_wconf 74' lang='lat' dir='ltr'><strong>excidere,</strong></span> 
     </span>
    </p>
   </div>
   <div class='ocr_carea' id='block_1_72' title="bbox 2066 2781 3647 2860">
    <p class='ocr_par' dir='ltr' id='par_1_72' title="bbox 2066 2781 3647 2860">
     <span class='ocr_line' id='line_1_72' title="bbox 2066 2781 3647 2860; baseline 0.011 -32"><span class='ocrx_word' id='word_1_528' title='bbox 2066 2791 2170 2830; x_wconf 92' lang='lat' dir='ltr'><strong>non</strong></span> <span class='ocrx_word' id='word_1_529' title='bbox 2202 2781 2393 2834; x_wconf 81' lang='lat' dir='ltr'><strong>decere</strong></span> <span class='ocrx_word' id='word_1_530' title='bbox 2427 2784 2599 2853; x_wconf 89' lang='lat' dir='ltr'><strong>ipsum</strong></span> <span class='ocrx_word' id='word_1_531' title='bbox 2637 2788 2886 2854; x_wconf 89' lang='lat' dir='ltr'><strong>dicimus,</strong></span> <span class='ocrx_word' id='word_1_532' title='bbox 2924 2806 3098 2860; x_wconf 85' lang='lat' dir='ltr'><strong>neque</strong></span> <span class='ocrx_word' id='word_1_533' title='bbox 3138 2795 3428 2848; x_wconf 85' lang='lat' dir='ltr'><strong>convenire</strong></span> <span class='ocrx_word' id='word_1_534' title='bbox 3461 2805 3518 2849; x_wconf 92' lang='lat' dir='ltr'><strong>ut</strong></span> <span class='ocrx_word' id='word_1_535' title='bbox 3549 2794 3647 2849; x_wconf 83' lang='lat' dir='ltr'><strong>ali-</strong></span> 
     </span>
    </p>
   </div>
   <div class='ocr_carea' id='block_1_73' title="bbox 2066 2873 3646 2956">
    <p class='ocr_par' dir='ltr' id='par_1_73' title="bbox 2066 2873 3646 2956">
     <span class='ocr_line' id='line_1_73' title="bbox 2066 2873 3646 2956; baseline 0.013 -34"><span class='ocrx_word' id='word_1_536' title='bbox 2066 2884 2169 2937; x_wconf 80' lang='lat' dir='ltr'><strong>qua</strong></span> <span class='ocrx_word' id='word_1_537' title='bbox 2195 2873 2270 2926; x_wconf 93' lang='lat' dir='ltr'><strong>illi</strong></span> <span class='ocrx_word' id='word_1_538' title='bbox 2301 2876 2383 2928; x_wconf 87' lang='lat' dir='ltr'><strong>vel</strong></span> <span class='ocrx_word' id='word_1_539' title='bbox 2414 2882 2641 2933; x_wconf 85' lang='lat' dir='ltr'><strong>mutatio</strong></span> <span class='ocrx_word' id='word_1_540' title='bbox 2705 2882 2788 2934; x_wconf 85' lang='lat' dir='ltr'><strong>vel</strong></span> <span class='ocrx_word' id='word_1_541' title='bbox 2823 2883 3074 2938; x_wconf 83' lang='lat' dir='ltr'><strong>alteratio</strong></span> <span class='ocrx_word' id='word_1_542' title='bbox 3107 2886 3437 2944; x_wconf 83' lang='lat' dir='ltr'><strong>attribuatur</strong></span> <span class='ocrx_word' id='word_1_543' title='bbox 3463 2901 3477 2940; x_wconf 88' lang='lat'><strong>:</strong></span> <span class='ocrx_word' id='word_1_544' title='bbox 3503 2887 3646 2956; x_wconf 87' lang='lat' dir='ltr'><strong>quod</strong></span> 
     </span>
    </p>
   </div>
   <div class='ocr_carea' id='block_1_74' title="bbox 2071 2969 3642 3047">
    <p class='ocr_par' dir='ltr' id='par_1_74' title="bbox 2071 2969 3642 3047">
     <span class='ocr_line' id='line_1_74' title="bbox 2071 2969 3642 3047; baseline 0.008 -32"><span class='ocrx_word' id='word_1_545' title='bbox 2071 2979 2175 3017; x_wconf 91' lang='lat' dir='ltr'><strong>non</strong></span> <span class='ocrx_word' id='word_1_546' title='bbox 2210 2969 2369 3020; x_wconf 89' lang='lat' dir='ltr'><strong>modo</strong></span> <span class='ocrx_word' id='word_1_547' title='bbox 2399 2971 2597 3025; x_wconf 86' lang='lat' dir='ltr'><strong>nullam</strong></span> <span class='ocrx_word' id='word_1_548' title='bbox 2627 2975 2944 3030; x_wconf 86' lang='lat' dir='ltr'><strong>mutationis</strong></span> <span class='ocrx_word' id='word_1_549' title='bbox 2973 2978 3425 3047; x_wconf 82' lang='lat' dir='ltr'><strong>signiﬁcationem</strong></span> <span class='ocrx_word' id='word_1_550' title='bbox 3459 2980 3642 3042; x_wconf 84' lang='lat' dir='ltr'><strong>liabet,</strong></span> 
     </span>
    </p>
   </div>
   <div class='ocr_carea' id='block_1_75' title="bbox 2068 3056 3648 3133">
    <p class='ocr_par' dir='ltr' id='par_1_75' title="bbox 2068 3056 3648 3133">
     <span class='ocr_line' id='line_1_75' title="bbox 2068 3056 3648 3133; baseline 0.011 -25"><span class='ocrx_word' id='word_1_551' title='bbox 2068 3056 2160 3108; x_wconf 92' lang='lat' dir='ltr'><strong>sed</strong></span> <span class='ocrx_word' id='word_1_552' title='bbox 2199 3063 2603 3129; x_wconf 77' lang='lat' dir='ltr'><strong>omnipotentiae</strong></span> <span class='ocrx_word' id='word_1_553' title='bbox 2653 3069 2831 3133; x_wconf 89' lang='lat' dir='ltr'><strong>potius</strong></span> <span class='ocrx_word' id='word_1_554' title='bbox 2870 3069 3239 3126; x_wconf 79' lang='lat' dir='ltr'><strong>ﬁrmissimum</strong></span> <span class='ocrx_word' id='word_1_555' title='bbox 3275 3083 3358 3128; x_wconf 89' lang='lat' dir='ltr'><strong>est</strong></span> <span class='ocrx_word' id='word_1_556' title='bbox 3403 3072 3648 3128; x_wconf 77' lang='lat' dir='ltr'><strong>testimo-</strong></span> 
     </span>
    </p>
   </div>
   <div class='ocr_carea' id='block_1_76' title="bbox 650 3147 3133 3230">
    <p class='ocr_par' dir='ltr' id='par_1_76' title="bbox 650 3147 3133 3230">
     <span class='ocr_line' id='line_1_76' title="bbox 650 3147 3133 3230; baseline 0.01 -33"><span class='ocrx_word' id='word_1_557' title='bbox 650 3151 949 3220; x_wconf 84' lang='lat' dir='ltr'><strong>eademque</strong></span> <span class='ocrx_word' id='word_1_558' title='bbox 981 3153 1030 3202; x_wconf 92' lang='lat' dir='ltr'><strong>in</strong></span> <span class='ocrx_word' id='word_1_559' title='bbox 1069 3154 1279 3205; x_wconf 67' lang='lat' dir='ltr'><strong>caeteris</strong></span> <span class='ocrx_word' id='word_1_560' title='bbox 1324 3153 1486 3208; x_wconf 82' lang='lat' dir='ltr'><strong>ratio.</strong></span> <span class='ocrx_word' id='word_1_561' title='bbox 1539 3151 1642 3205; x_wconf 87' lang='lat' dir='ltr'><strong>Sed</strong></span> <span class='ocrx_word' id='word_1_562' title='bbox 1676 3151 1787 3203; x_wconf 76' lang='lat' dir='ltr'><strong>Inec</strong></span> <span class='ocrx_word' id='word_1_563' title='bbox 1815 3147 1968 3220; x_wconf 83' lang='lat' dir='ltr'><strong>[illis</strong></span> <span class='ocrx_word' id='word_1_564' title='bbox 2005 3152 2360 3225; x_wconf 88' lang='lat' dir='ltr'><strong>argumentis]</strong></span> <span class='ocrx_word' id='word_1_565' title='bbox 2395 3157 2572 3212; x_wconf 87' lang='lat' dir='ltr'><strong>obiter</strong></span> <span class='ocrx_word' id='word_1_566' title='bbox 2605 3161 2926 3230; x_wconf 75' lang='lat' dir='ltr'><strong>interposita,</strong></span> <span class='ocrx_word' id='word_1_567' title='bbox 2951 3180 3133 3226; x_wconf 89' lang='lat' dir='ltr'><strong>sunto.</strong></span> 
     </span>
    </p>
   </div>
   <div class='ocr_carea' id='block_1_77' title="bbox 453 3237 2033 3315">
    <p class='ocr_par' dir='ltr' id='par_1_77' title="bbox 453 3237 2033 3315">
     <span class='ocr_line' id='line_1_77' title="bbox 453 3237 2033 3315; baseline 0.004 -23"><span class='ocrx_word' id='word_1_568' title='bbox 453 3241 513 3292; x_wconf 76' lang='grc' dir='ltr'>ιδ’</span> <span class='ocrx_word' id='word_1_569' title='bbox 525 3281 537 3294; x_wconf 93' lang='grc'><strong>.</strong></span> <span class='ocrx_word' id='word_1_570' title='bbox 571 3241 629 3292; x_wconf 87' lang='grc'><strong>’0</strong></span> <span class='ocrx_word' id='word_1_571' title='bbox 651 3241 706 3293; x_wconf 80' lang='grc' dir='ltr'>δὲ</span> <span class='ocrx_word' id='word_1_572' title='bbox 727 3242 1014 3306; x_wconf 86' lang='grc' dir='ltr'>σπουδαῖος</span> <span class='ocrx_word' id='word_1_573' title='bbox 1043 3237 1195 3306; x_wconf 75' lang='grc' dir='ltr'>οὗτος</span> <span class='ocrx_word' id='word_1_574' title='bbox 1221 3245 1570 3315; x_wconf 78' lang='grc' dir='ltr'>συγγραφεὺς</span> <span class='ocrx_word' id='word_1_575' title='bbox 1585 3243 1676 3296; x_wconf 79' lang='grc' dir='ltr'>τοῦ</span> <span class='ocrx_word' id='word_1_576' title='bbox 1698 3244 1962 3314; x_wconf 78' lang='grc' dir='ltr'>παρόντος</span> <span class='ocrx_word' id='word_1_577' title='bbox 1989 3242 2033 3298; x_wconf 84' lang='lat' dir='ltr'>C</span> 
     </span>
    </p>
   </div>
   <div class='ocr_carea' id='block_1_78' title="bbox 2144 3249 3648 3324">
    <p class='ocr_par' dir='ltr' id='par_1_78' title="bbox 2144 3249 3648 3324">
     <span class='ocr_line' id='line_1_78' title="bbox 2144 3249 3648 3324; baseline 0.015 -22"><span class='ocrx_word' id='word_1_578' title='bbox 2144 3249 2226 3302; x_wconf 74' lang='grc'><strong>14.</strong></span> <span class='ocrx_word' id='word_1_579' title='bbox 2285 3249 2402 3304; x_wconf 78' lang='lat' dir='ltr'><strong>Jan)</strong></span> <span class='ocrx_word' id='word_1_580' title='bbox 2469 3269 2596 3306; x_wconf 89' lang='lat' dir='ltr'><strong>vero</strong></span> <span class='ocrx_word' id='word_1_581' title='bbox 2646 3259 2844 3324; x_wconf 83' lang='lat' dir='ltr'><strong>probus</strong></span> <span class='ocrx_word' id='word_1_582' title='bbox 2893 3276 3026 3316; x_wconf 85' lang='lat' dir='ltr'><strong>sane</strong></span> <span class='ocrx_word' id='word_1_583' title='bbox 3071 3274 3256 3320; x_wconf 89' lang='lat' dir='ltr'><strong>noster</strong></span> <span class='ocrx_word' id='word_1_584' title='bbox 3295 3266 3389 3322; x_wconf 81' lang='lat' dir='ltr'><strong>hic</strong></span> <span class='ocrx_word' id='word_1_585' title='bbox 3457 3280 3648 3324; x_wconf 85' lang='lat' dir='ltr'><strong>auctor</strong></span> 
     </span>
    </p>
   </div>
   <div class='ocr_carea' id='block_1_79' title="bbox 2062 3345 3642 3429">
    <p class='ocr_par' dir='ltr' id='par_1_79' title="bbox 2062 3345 3642 3429">
     <span class='ocr_line' id='line_1_79' title="bbox 2062 3345 3642 3429; baseline 0.018 -36"><span class='ocrx_word' id='word_1_586' title='bbox 2062 3354 2314 3412; x_wconf 84' lang='lat' dir='ltr'><strong>quartum</strong></span> <span class='ocrx_word' id='word_1_587' title='bbox 2353 3345 2620 3400; x_wconf 73' lang='lat' dir='ltr'><strong>decimum</strong></span> <span class='ocrx_word' id='word_1_588' title='bbox 2661 3350 2820 3420; x_wconf 86' lang='lat' dir='ltr'><strong>hujus</strong></span> <span class='ocrx_word' id='word_1_589' title='bbox 2862 3355 3043 3422; x_wconf 85' lang='lat' dir='ltr'><strong>operis</strong></span> <span class='ocrx_word' id='word_1_590' title='bbox 3066 3368 3226 3426; x_wconf 86' lang='lat' dir='ltr'><strong>caput</strong></span> <span class='ocrx_word' id='word_1_591' title='bbox 3260 3359 3386 3420; x_wconf 82' lang='lat' dir='ltr'><strong>illud</strong></span> <span class='ocrx_word' id='word_1_592' title='bbox 3425 3365 3642 3429; x_wconf 79' lang='lat' dir='ltr'><strong>statuit,</strong></span> 
     </span>
    </p>
   </div>
   <div class='ocr_carea' id='block_1_80' title="bbox 2066 3439 3648 3520">
    <p class='ocr_par' dir='ltr' id='par_1_80' title="bbox 2066 3439 3648 3520">
     <span class='ocr_line' id='line_1_80' title="bbox 2066 3439 3648 3520; baseline 0.016 -37"><span class='ocrx_word' id='word_1_593' title='bbox 2066 3439 2208 3500; x_wconf 80' lang='lat' dir='ltr'><strong>quod</strong></span> <span class='ocrx_word' id='word_1_594' title='bbox 2249 3439 2471 3504; x_wconf 79' lang='lat' dir='ltr'><strong>majoris</strong></span> <span class='ocrx_word' id='word_1_595' title='bbox 2507 3455 2628 3495; x_wconf 85' lang='lat' dir='ltr'><strong>esse</strong></span> <span class='ocrx_word' id='word_1_596' title='bbox 2666 3454 2717 3498; x_wconf 90' lang='lat' dir='ltr'><strong>et</strong></span> <span class='ocrx_word' id='word_1_597' title='bbox 2748 3449 3072 3512; x_wconf 79' lang='lat' dir='ltr'><strong>praestantite</strong></span> <span class='ocrx_word' id='word_1_598' title='bbox 3098 3462 3150 3504; x_wconf 87' lang='lat' dir='ltr'><strong>et</strong></span> <span class='ocrx_word' id='word_1_599' title='bbox 3183 3454 3461 3520; x_wconf 73' lang='lat' dir='ltr'><strong>sapientia:</strong></span> <span class='ocrx_word' id='word_1_600' title='bbox 3487 3455 3648 3512; x_wconf 83' lang='lat' dir='ltr'><strong>docet</strong></span> 
     </span>
    </p>
   </div>
   <div class='ocr_carea' id='block_1_81' title="bbox 2063 3535 3643 3612">
    <p class='ocr_par' dir='ltr' id='par_1_81' title="bbox 2063 3535 3643 3612">
     <span class='ocr_line' id='line_1_81' title="bbox 2063 3535 3643 3612; baseline 0.013 -30"><span class='ocrx_word' id='word_1_601' title='bbox 2063 3541 2328 3586; x_wconf 75' lang='lat' dir='ltr'><strong>creatura:</strong></span> <span class='ocrx_word' id='word_1_602' title='bbox 2361 3535 2825 3601; x_wconf 78' lang='lat' dir='ltr'><strong>reIormationetn,</strong></span> <span class='ocrx_word' id='word_1_603' title='bbox 2860 3557 3018 3610; x_wconf 85' lang='lat' dir='ltr'><strong>quam</strong></span> <span class='ocrx_word' id='word_1_604' title='bbox 3058 3543 3436 3604; x_wconf 79' lang='lat' dir='ltr'><strong>formationem</strong></span> <span class='ocrx_word' id='word_1_605' title='bbox 3471 3566 3485 3612; x_wconf 91' lang='lat'><strong>;</strong></span> <span class='ocrx_word' id='word_1_606' title='bbox 3521 3564 3643 3602; x_wconf 89' lang='lat' dir='ltr'><strong>cum</strong></span> 
     </span>
    </p>
   </div>
   <div class='ocr_carea' id='block_1_82' title="bbox 2063 3627 3643 3705">
    <p class='ocr_par' dir='ltr' id='par_1_82' title="bbox 2063 3627 3643 3705">
     <span class='ocr_line' id='line_1_82' title="bbox 2063 3627 3643 3705; baseline 0.013 -31"><span class='ocrx_word' id='word_1_607' title='bbox 2063 3627 2274 3678; x_wconf 63' lang='lat' dir='ltr'><strong>caeteris</strong></span> <span class='ocrx_word' id='word_1_608' title='bbox 2333 3628 2396 3681; x_wconf 88' lang='lat' dir='ltr'><strong>de</strong></span> <span class='ocrx_word' id='word_1_609' title='bbox 2441 3631 2658 3697; x_wconf 88' lang='lat' dir='ltr'><strong>causis,</strong></span> <span class='ocrx_word' id='word_1_610' title='bbox 2704 3641 2815 3684; x_wconf 89' lang='lat' dir='ltr'><strong>tum</strong></span> <span class='ocrx_word' id='word_1_611' title='bbox 2869 3637 3012 3703; x_wconf 86' lang='lat' dir='ltr'><strong>quod</strong></span> <span class='ocrx_word' id='word_1_612' title='bbox 3063 3652 3158 3705; x_wconf 87' lang='lat' dir='ltr'><strong>per</strong></span> <span class='ocrx_word' id='word_1_613' title='bbox 3201 3639 3372 3691; x_wconf 84' lang='lat' dir='ltr'><strong>solum</strong></span> <span class='ocrx_word' id='word_1_614' title='bbox 3417 3640 3643 3694; x_wconf 78' lang='lat' dir='ltr'><strong>verbum</strong></span> 
     </span>
    </p>
   </div>
   <div class='ocr_carea' id='block_1_83' title="bbox 2062 3717 3642 3790">
    <p class='ocr_par' dir='ltr' id='par_1_83' title="bbox 2062 3717 3642 3790">
     <span class='ocr_line' id='line_1_83' title="bbox 2062 3717 3642 3790; baseline 0.011 -21"><span class='ocrx_word' id='word_1_615' title='bbox 2062 3717 2318 3773; x_wconf 85' lang='lat' dir='ltr'><strong>formatio</strong></span> <span class='ocrx_word' id='word_1_616' title='bbox 2375 3721 2622 3776; x_wconf 82' lang='lat' dir='ltr'><strong>confecta</strong></span> <span class='ocrx_word' id='word_1_617' title='bbox 2675 3724 2768 3789; x_wconf 85' lang='lat' dir='ltr'><strong>sit,</strong></span> <span class='ocrx_word' id='word_1_618' title='bbox 2817 3727 3137 3782; x_wconf 81' lang='lat' dir='ltr'><strong>reformatio</strong></span> <span class='ocrx_word' id='word_1_619' title='bbox 3187 3741 3366 3784; x_wconf 82' lang='lat' dir='ltr'><strong>autem</strong></span> <span class='ocrx_word' id='word_1_620' title='bbox 3429 3732 3642 3790; x_wconf 89' lang='lat' dir='ltr'><strong>nonnisi</strong></span> 
     </span>
    </p>
   </div>
   <div class='ocr_carea' id='block_1_84' title="bbox 2062 3809 3644 3891">
    <p class='ocr_par' dir='ltr' id='par_1_84' title="bbox 2062 3809 3644 3891">
     <span class='ocr_line' id='line_1_84' title="bbox 2062 3809 3644 3891; baseline 0.01 -31"><span class='ocrx_word' id='word_1_621' title='bbox 2062 3823 2158 3876; x_wconf 88' lang='lat' dir='ltr'><strong>per</strong></span> <span class='ocrx_word' id='word_1_622' title='bbox 2196 3809 2477 3877; x_wconf 88' lang='lat' dir='ltr'><strong>ipsiusmet</strong></span> <span class='ocrx_word' id='word_1_623' title='bbox 2502 3810 2778 3870; x_wconf 89' lang='lat' dir='ltr'><strong>Creatoris</strong></span> <span class='ocrx_word' id='word_1_624' title='bbox 2806 3820 3200 3884; x_wconf 82' lang='lat' dir='ltr'><strong>operationem.</strong></span> <span class='ocrx_word' id='word_1_625' title='bbox 3229 3820 3452 3876; x_wconf 68' lang='lat' dir='ltr'><strong>Paulum</strong></span> <span class='ocrx_word' id='word_1_626' title='bbox 3481 3823 3644 3891; x_wconf 90' lang='lat' dir='ltr'><strong>igitur</strong></span> 
     </span>
    </p>
   </div>
   <div class='ocr_carea' id='block_1_85' title="bbox 2064 3899 3640 3985">
    <p class='ocr_par' dir='ltr' id='par_1_85' title="bbox 2064 3899 3640 3985">
     <span class='ocr_line' id='line_1_85' title="bbox 2064 3899 3640 3985; baseline 0.011 -32"><span class='ocrx_word' id='word_1_627' title='bbox 2064 3899 2348 3968; x_wconf 68' lang='lat' dir='ltr'><strong>sapientia:</strong></span> <span class='ocrx_word' id='word_1_628' title='bbox 2395 3905 2820 3972; x_wconf 81' lang='lat' dir='ltr'><strong>magnitudinem</strong></span> <span class='ocrx_word' id='word_1_629' title='bbox 2865 3910 3163 3976; x_wconf 72' lang='lat' dir='ltr'><strong>ell‘erendo,</strong></span> <span class='ocrx_word' id='word_1_630' title='bbox 3210 3914 3312 3967; x_wconf 84' lang='lat' dir='ltr'><strong>ista</strong></span> <span class='ocrx_word' id='word_1_631' title='bbox 3346 3916 3493 3985; x_wconf 86' lang='lat' dir='ltr'><strong>loqui</strong></span> <span class='ocrx_word' id='word_1_632' title='bbox 3522 3917 3640 3970; x_wconf 79' lang='lat' dir='ltr'><strong>ait;</strong></span> 
     </span>
    </p>
   </div>
   <div class='ocr_carea' id='block_1_86' title="bbox 2065 3993 3644 4070">
    <p class='ocr_par' dir='ltr' id='par_1_86' title="bbox 2065 3993 3644 4070">
     <span class='ocr_line' id='line_1_86' title="bbox 2065 3993 3644 4070; baseline 0.01 -22"><span class='ocrx_word' id='word_1_633' title='bbox 2065 3993 2132 4048; x_wconf 63' lang='lat' dir='ltr'><strong>Ur</strong></span> <span class='ocrx_word' id='word_1_634' title='bbox 2165 3998 2456 4050; x_wconf 78' lang='lat' dir='ltr'><strong>innotescat</strong></span> <span class='ocrx_word' id='word_1_635' title='bbox 2475 4003 2800 4070; x_wconf 78' lang='lat' dir='ltr'><strong>principibus</strong></span> <span class='ocrx_word' id='word_1_636' title='bbox 2823 4014 2869 4055; x_wconf 87' lang='lat' dir='ltr'><strong>et</strong></span> <span class='ocrx_word' id='word_1_637' title='bbox 2893 4007 3237 4070; x_wconf 78' lang='lat' dir='ltr'><strong>potestatibus</strong></span> <span class='ocrx_word' id='word_1_638' title='bbox 3264 4010 3317 4060; x_wconf 85' lang='lat' dir='ltr'><strong>in</strong></span> <span class='ocrx_word' id='word_1_639' title='bbox 3352 4010 3644 4064; x_wconf 70' lang='lat' dir='ltr'><strong>coelestibus</strong></span> 
     </span>
    </p>
   </div>
   <div class='ocr_carea' id='block_1_87' title="bbox 2060 4093 3643 4170">
    <p class='ocr_par' dir='ltr' id='par_1_87' title="bbox 2060 4093 3643 4170">
     <span class='ocr_line' id='line_1_87' title="bbox 2060 4093 3643 4170; baseline 0.006 -24"><span class='ocrx_word' id='word_1_640' title='bbox 2060 4109 2152 4158; x_wconf 86' lang='lat' dir='ltr'><strong>per</strong></span> <span class='ocrx_word' id='word_1_641' title='bbox 2180 4093 2468 4148; x_wconf 78' lang='lat' dir='ltr'><strong>Ecclesium</strong></span> <span class='ocrx_word' id='word_1_642' title='bbox 2520 4096 2864 4163; x_wconf 77' lang='lat' dir='ltr'><strong>multiformis</strong></span> <span class='ocrx_word' id='word_1_643' title='bbox 2892 4100 3153 4164; x_wconf 74' lang='lat' dir='ltr'><strong>sapientia</strong></span> <span class='ocrx_word' id='word_1_644' title='bbox 3183 4100 3296 4164; x_wconf 85' lang='lat' dir='ltr'><strong>Dei,</strong></span> <span class='ocrx_word' id='word_1_645' title='bbox 3337 4117 3496 4170; x_wconf 85' lang='lat' dir='ltr'><strong>quam</strong></span> <span class='ocrx_word' id='word_1_646' title='bbox 3519 4101 3643 4169; x_wconf 81' lang='lat' dir='ltr'><strong>fecit</strong></span> 
     </span>
    </p>
   </div>
   <div class='ocr_carea' id='block_1_88' title="bbox 2062 4185 3643 4260">
    <p class='ocr_par' dir='ltr' id='par_1_88' title="bbox 2062 4185 3643 4260">
     <span class='ocr_line' id='line_1_88' title="bbox 2062 4185 3643 4260; baseline 0.007 -25"><span class='ocrx_word' id='word_1_647' title='bbox 2062 4185 2114 4235; x_wconf 80' lang='lat' dir='ltr'><strong>in</strong></span> <span class='ocrx_word' id='word_1_648' title='bbox 2146 4185 2354 4240; x_wconf 76' lang='lat' dir='ltr'><strong>Christo</strong></span> <span class='ocrx_word' id='word_1_649' title='bbox 2385 4188 2515 4243; x_wconf 74' lang='lat' dir='ltr'><strong>Jesu</strong></span> <span class='ocrx_word' id='word_1_650' title='bbox 2541 4188 2606 4241; x_wconf 83' lang='grc'><strong>¹¹.</strong></span> <span class='ocrx_word' id='word_1_651' title='bbox 2629 4187 2768 4246; x_wconf 83' lang='grc' dir='ltr'>Ειιιιι</span> <span class='ocrx_word' id='word_1_652' title='bbox 2791 4189 2943 4253; x_wconf 81' lang='lat' dir='ltr'><strong>item,</strong></span> <span class='ocrx_word' id='word_1_653' title='bbox 2969 4192 3061 4260; x_wconf 84' lang='lat' dir='ltr'><strong>qui</strong></span> <span class='ocrx_word' id='word_1_654' title='bbox 3093 4192 3511 4260; x_wconf 79' lang='lat' dir='ltr'><strong>insuperabilent</strong></span> <span class='ocrx_word' id='word_1_655' title='bbox 3550 4192 3643 4250; x_wconf 84' lang='lat' dir='ltr'><strong>Dei</strong></span> 
     </span>
    </p>
   </div>
   <div class='ocr_carea' id='block_1_89' title="bbox 2062 4281 3644 4347">
    <p class='ocr_par' dir='ltr' id='par_1_89' title="bbox 2062 4281 3644 4347">
     <span class='ocr_line' id='line_1_89' title="bbox 2062 4281 3644 4347; baseline 0.011 -21"><span class='ocrx_word' id='word_1_656' title='bbox 2062 4288 2189 4344; x_wconf 85' lang='lat' dir='ltr'><strong>erga</strong></span> <span class='ocrx_word' id='word_1_657' title='bbox 2223 4293 2320 4330; x_wconf 91' lang='lat' dir='ltr'><strong>nos</strong></span> <span class='ocrx_word' id='word_1_658' title='bbox 2359 4293 2597 4332; x_wconf 84' lang='lat' dir='ltr'><strong>amorem</strong></span> <span class='ocrx_word' id='word_1_659' title='bbox 2628 4281 2920 4340; x_wconf 87' lang='lat' dir='ltr'><strong>ostendere</strong></span> <span class='ocrx_word' id='word_1_660' title='bbox 2950 4291 3202 4347; x_wconf 86' lang='lat' dir='ltr'><strong>conatur,</strong></span> <span class='ocrx_word' id='word_1_661' title='bbox 3233 4299 3337 4338; x_wconf 84' lang='lat' dir='ltr'><strong>non</strong></span> <span class='ocrx_word' id='word_1_662' title='bbox 3369 4285 3472 4340; x_wconf 86' lang='lat' dir='ltr'><strong>hoc</strong></span> <span class='ocrx_word' id='word_1_663' title='bbox 3493 4302 3644 4342; x_wconf 66' lang='lat' dir='ltr'><strong>com«</strong></span> 
     </span>
    </p>
   </div>
   <div class='ocr_carea' id='block_1_90' title="bbox 2061 4372 3641 4442">
    <p class='ocr_par' dir='ltr' id='par_1_90' title="bbox 2061 4372 3641 4442">
     <span class='ocr_line' id='line_1_90' title="bbox 2061 4372 3641 4442; baseline 0.006 -18"><span class='ocrx_word' id='word_1_664' title='bbox 2061 4383 2368 4424; x_wconf 85' lang='lat' dir='ltr'><strong>memorare</strong></span> <span class='ocrx_word' id='word_1_665' title='bbox 2397 4409 2413 4435; x_wconf 94' lang='lat'><strong>,</strong></span> <span class='ocrx_word' id='word_1_666' title='bbox 2458 4372 2602 4436; x_wconf 85' lang='lat' dir='ltr'><strong>quod</strong></span> <span class='ocrx_word' id='word_1_667' title='bbox 2644 4372 2711 4424; x_wconf 88' lang='lat' dir='ltr'><strong>ab</strong></span> <span class='ocrx_word' id='word_1_668' title='bbox 2755 4372 2913 4427; x_wconf 90' lang='lat' dir='ltr'><strong>initio</strong></span> <span class='ocrx_word' id='word_1_669' title='bbox 2973 4374 3246 4428; x_wconf 84' lang='lat' dir='ltr'><strong>hominem</strong></span> <span class='ocrx_word' id='word_1_670' title='bbox 3291 4373 3641 4442; x_wconf 82' lang='lat' dir='ltr'><strong>formaverit,</strong></span> 
     </span>
    </p>
   </div>
   <div class='ocr_carea' id='block_1_91' title="bbox 2064 4460 3648 4534">
    <p class='ocr_par' dir='ltr' id='par_1_91' title="bbox 2064 4460 3648 4534">
     <span class='ocr_line' id='line_1_91' title="bbox 2064 4460 3648 4534; baseline 0.007 -23"><span class='ocrx_word' id='word_1_671' title='bbox 2064 4473 2238 4526; x_wconf 89' lang='lat' dir='ltr'><strong>neque</strong></span> <span class='ocrx_word' id='word_1_672' title='bbox 2272 4460 2414 4528; x_wconf 88' lang='lat' dir='ltr'><strong>quod</strong></span> <span class='ocrx_word' id='word_1_673' title='bbox 2447 4476 2597 4514; x_wconf 88' lang='lat' dir='ltr'><strong>suam</strong></span> <span class='ocrx_word' id='word_1_674' title='bbox 2632 4465 2699 4516; x_wconf 88' lang='lat' dir='ltr'><strong>ad</strong></span> <span class='ocrx_word' id='word_1_675' title='bbox 2756 4464 3045 4534; x_wconf 83' lang='lat' dir='ltr'><strong>imaginem</strong></span> <span class='ocrx_word' id='word_1_676' title='bbox 3090 4467 3237 4522; x_wconf 83' lang='lat' dir='ltr'><strong>hunc</strong></span> <span class='ocrx_word' id='word_1_677' title='bbox 3268 4467 3554 4527; x_wconf 75' lang='lat' dir='ltr'><strong>eﬂiuxerit.</strong></span> <span class='ocrx_word' id='word_1_678' title='bbox 3589 4480 3648 4522; x_wconf 88' lang='grc' dir='ltr'><strong>ιιι</strong></span> 
     </span>
    </p>
   </div>
   <div class='ocr_carea' id='block_1_92' title="bbox 369 4530 1960 4640">
    <p class='ocr_par' dir='ltr' id='par_1_92' title="bbox 369 4530 1955 4640">
     <span class='ocr_line' id='line_1_92' title="bbox 369 4530 1955 4618; baseline 0.015 -40"><span class='ocrx_word' id='word_1_679' title='bbox 369 4530 488 4581; x_wconf 75' lang='grc' dir='ltr'><strong>τῶν</strong></span> <span class='ocrx_word' id='word_1_680' title='bbox 543 4532 797 4600; x_wconf 82' lang='grc' dir='ltr'>μεγάλων</span> <span class='ocrx_word' id='word_1_681' title='bbox 853 4536 946 4588; x_wconf 84' lang='grc' dir='ltr'>καὶ</span> <span class='ocrx_word' id='word_1_682' title='bbox 1011 4536 1345 4607; x_wconf 80' lang='grc' dir='ltr'>θαυμαστῶν</span> <span class='ocrx_word' id='word_1_683' title='bbox 1400 4541 1578 4613; x_wconf 76' lang='grc' dir='ltr'>ἔργων</span> <span class='ocrx_word' id='word_1_684' title='bbox 1630 4545 1955 4618; x_wconf 82' lang='grc' dir='ltr'>ύπέστησεν.</span> 
     </span>
     <span class='ocr_line' id='line_1_93' title="bbox 370 4622 1357 4640; baseline 0 0"><span class='ocrx_word' id='word_1_685' title='bbox 370 4622 530 4640; x_wconf 38' lang='grc' dir='ltr'>..κει</span> <span class='ocrx_word' id='word_1_686' title='bbox 616 4628 626 4640; x_wconf 92' lang='grc'><strong>.</strong></span> <span class='ocrx_word' id='word_1_687' title='bbox 746 4629 755 4640; x_wconf 90' lang='grc'><strong>.</strong></span> <span class='ocrx_word' id='word_1_688' title='bbox 832 4631 854 4640; x_wconf 83' lang='grc'><strong>-</strong></span> <span class='ocrx_word' id='word_1_689' title='bbox 1353 4639 1357 4640; x_wconf 32' lang='grc' dir='ltr'><strong>ν</strong></span> 
     </span>
    </p>
   </div>
   <div class='ocr_carea' id='block_1_93' title="bbox 2065 4530 3647 4640">
    <p class='ocr_par' dir='ltr' id='par_1_93' title="bbox 2065 4530 3647 4631">
     <span class='ocr_line' id='line_1_94' title="bbox 2065 4530 3647 4631; baseline 0.009 -29"><span class='ocrx_word' id='word_1_690' title='bbox 2065 4566 2163 4604; x_wconf 90' lang='lat' dir='ltr'><strong>nec</strong></span> <span class='ocrx_word' id='word_1_691' title='bbox 2200 4552 2345 4618; x_wconf 82' lang='lat' dir='ltr'><strong>quod</strong></span> <span class='ocrx_word' id='word_1_692' title='bbox 2393 4569 2646 4624; x_wconf 80' lang='lat' dir='ltr'><strong>magnum</strong></span> <span class='ocrx_word' id='word_1_693' title='bbox 2689 4530 2906 4623; x_wconf 72' lang='lat' dir='ltr'><strong>aliquod</strong></span> <span class='ocrx_word' id='word_1_694' title='bbox 2953 4569 3047 4612; x_wconf 89' lang='lat' dir='ltr'><strong>aut</strong></span> <span class='ocrx_word' id='word_1_695' title='bbox 3088 4561 3466 4614; x_wconf 88' lang='lat' dir='ltr'><strong>admirandum</strong></span> <span class='ocrx_word' id='word_1_696' title='bbox 3507 4576 3647 4631; x_wconf 81' lang='lat' dir='ltr'><strong>opus</strong></span> 
     </span>
    </p>
   </div>
   <div class='ocr_carea' id='block_1_94' title="bbox 370 4622 1956 4713">
    <p class='ocr_par' dir='ltr' id='par_1_94' title="bbox 370 4622 1956 4713">
     <span class='ocr_line' id='line_1_95' title="bbox 370 4622 1956 4713; baseline 0.018 -41"><span class='ocrx_word' id='word_1_697' title='bbox 370 4622 544 4674; x_wconf 73' lang='grc' dir='ltr'>Ἀλλὰ</span> <span class='ocrx_word' id='word_1_698' title='bbox 575 4628 659 4694; x_wconf 85' lang='grc' dir='ltr'><strong>τί;</strong></span> <span class='ocrx_word' id='word_1_699' title='bbox 706 4629 804 4700; x_wconf 81' lang='grc' dir='ltr'>τὴν</span> <span class='ocrx_word' id='word_1_700' title='bbox 830 4631 1093 4704; x_wconf 82' lang='grc' dir='ltr'>ἔνσαρκον</span> <span class='ocrx_word' id='word_1_701' title='bbox 1129 4639 1426 4708; x_wconf 80' lang='grc' dir='ltr'>παρουσίαν</span> <span class='ocrx_word' id='word_1_702' title='bbox 1470 4640 1564 4694; x_wconf 80' lang='grc' dir='ltr'>τοῦ</span> <span class='ocrx_word' id='word_1_703' title='bbox 1607 4642 1735 4696; x_wconf 83' lang='grc' dir='ltr'>Υίοῦ</span> <span class='ocrx_word' id='word_1_704' title='bbox 1770 4649 1956 4713; x_wconf 80' lang='grc' dir='ltr'>αὐτοῦ,</span> 
     </span>
    </p>
   </div>
   <div class='ocr_carea' id='block_1_95' title="bbox 367 4708 1959 4806">
    <p class='ocr_par' dir='ltr' id='par_1_95' title="bbox 367 4708 1959 4806">
     <span class='ocr_line' id='line_1_96' title="bbox 367 4708 1959 4806; baseline 0.017 -40"><span class='ocrx_word' id='word_1_705' title='bbox 367 4713 444 4766; x_wconf 78' lang='grc' dir='ltr'>δι’</span> <span class='ocrx_word' id='word_1_706' title='bbox 473 4708 537 4768; x_wconf 70' lang='grc' dir='ltr'>οὗ</span> <span class='ocrx_word' id='word_1_707' title='bbox 563 4718 694 4788; x_wconf 80' lang='grc' dir='ltr'>ἡμῖν</span> <span class='ocrx_word' id='word_1_708' title='bbox 726 4723 759 4790; x_wconf 85' lang='grc' dir='ltr'><strong>ἡ</strong></span> <span class='ocrx_word' id='word_1_709' title='bbox 795 4723 1122 4790; x_wconf 81' lang='grc' dir='ltr'>ἁνάπλασις.</span> <span class='ocrx_word' id='word_1_710' title='bbox 1159 4728 1322 4782; x_wconf 82' lang='grc' dir='ltr'>Οὕτω</span> <span class='ocrx_word' id='word_1_711' title='bbox 1349 4732 1392 4762; x_wconf 82' lang='grc'><strong>⁵¹</strong></span> <span class='ocrx_word' id='word_1_712' title='bbox 1426 4733 1558 4800; x_wconf 81' lang='grc' dir='ltr'>γὰρ,</span> <span class='ocrx_word' id='word_1_713' title='bbox 1593 4737 1779 4803; x_wconf 82' lang='grc' dir='ltr'>φησὶν,</span> <span class='ocrx_word' id='word_1_714' title='bbox 1812 4708 1959 4806; x_wconf 43' lang='grc' dir='ltr'><strong>ὴγοίᾇ</strong></span> 
     </span>
    </p>
   </div>
   <div class='ocr_carea' id='block_1_96' title="bbox 373 4814 1960 4889">
    <p class='ocr_par' dir='ltr' id='par_1_96' title="bbox 373 4814 1960 4889">
     <span class='ocr_line' id='line_1_97' title="bbox 373 4814 1960 4889; baseline 0.017 -31"><span class='ocrx_word' id='word_1_715' title='bbox 373 4822 583 4874; x_wconf 74' lang='grc' dir='ltr'>πησεν</span> <span class='ocrx_word' id='word_1_716' title='bbox 609 4814 642 4865; x_wconf 86' lang='grc' dir='ltr'><em>ὁ</em></span> <span class='ocrx_word' id='word_1_717' title='bbox 669 4814 812 4881; x_wconf 84' lang='grc' dir='ltr'>Θεὸς</span> <span class='ocrx_word' id='word_1_718' title='bbox 840 4820 948 4870; x_wconf 81' lang='grc' dir='ltr'><strong>τὸν</strong></span> <span class='ocrx_word' id='word_1_719' title='bbox 978 4817 1235 4889; x_wconf 78' lang='grc' dir='ltr'>κόσμον,</span> <span class='ocrx_word' id='word_1_720' title='bbox 1260 4819 1418 4876; x_wconf 82' lang='grc' dir='ltr'>ὥστε</span> <span class='ocrx_word' id='word_1_721' title='bbox 1459 4824 1567 4877; x_wconf 75' lang='grc' dir='ltr'><strong>τὸν</strong></span> <span class='ocrx_word' id='word_1_722' title='bbox 1609 4827 1748 4880; x_wconf 78' lang='grc' dir='ltr'><strong>Υιὸν</strong></span> <span class='ocrx_word' id='word_1_723' title='bbox 1771 4831 1960 4885; x_wconf 83' lang='grc' dir='ltr'>αὐτοῦ</span> 
     </span>
    </p>
   </div>
   <div class='ocr_carea' id='block_1_97' title="bbox 375 4900 1956 4990">
    <p class='ocr_par' dir='ltr' id='par_1_97' title="bbox 375 4900 1956 4990">
     <span class='ocr_line' id='line_1_98' title="bbox 375 4900 1956 4990; baseline 0.016 -38"><span class='ocrx_word' id='word_1_724' title='bbox 375 4900 486 4954; x_wconf 80' lang='grc' dir='ltr'><strong>τὸν</strong></span> <span class='ocrx_word' id='word_1_725' title='bbox 499 4907 810 4978; x_wconf 78' lang='grc' dir='ltr'>μονογενῆ</span> <span class='ocrx_word' id='word_1_726' title='bbox 837 4908 1064 4964; x_wconf 76' lang='grc' dir='ltr'>ἔδωκεν</span> <span class='ocrx_word' id='word_1_727' title='bbox 1087 4910 1241 4980; x_wconf 82' lang='grc' dir='ltr'>ὑπὲρ</span> <span class='ocrx_word' id='word_1_728' title='bbox 1270 4914 1380 4982; x_wconf 79' lang='grc' dir='ltr'>τῆς</span> <span class='ocrx_word' id='word_1_729' title='bbox 1407 4916 1515 4969; x_wconf 81' lang='grc' dir='ltr'>τοῦ</span> <span class='ocrx_word' id='word_1_730' title='bbox 1529 4917 1763 4987; x_wconf 85' lang='grc' dir='ltr'>κόσμον</span> <span class='ocrx_word' id='word_1_731' title='bbox 1785 4918 1956 4990; x_wconf 81' lang='grc' dir='ltr'>ζωῆς.</span> 
     </span>
    </p>
   </div>
   <div class='ocr_carea' id='block_1_98' title="bbox 376 4993 1958 5076">
    <p class='ocr_par' dir='ltr' id='par_1_98' title="bbox 376 4993 1958 5076">
     <span class='ocr_line' id='line_1_99' title="bbox 376 4993 1958 5076; baseline 0.014 -32"><span class='ocrx_word' id='word_1_732' title='bbox 376 4993 538 5057; x_wconf 85' lang='grc' dir='ltr'>Τίνος</span> <span class='ocrx_word' id='word_1_733' title='bbox 570 4996 679 5067; x_wconf 79' lang='grc' dir='ltr'><strong>γάρ</strong></span> <span class='ocrx_word' id='word_1_734' title='bbox 707 4998 806 5051; x_wconf 89' lang='grc' dir='ltr'><strong>ούκ</strong></span> <span class='ocrx_word' id='word_1_735' title='bbox 865 5000 932 5054; x_wconf 81' lang='grc' dir='ltr'>ἂν</span> <span class='ocrx_word' id='word_1_736' title='bbox 965 5002 1185 5073; x_wconf 76' lang='grc' dir='ltr'>ἀγάπης</span> <span class='ocrx_word' id='word_1_737' title='bbox 1237 5005 1344 5075; x_wconf 83' lang='grc' dir='ltr'>εἴη,</span> <span class='ocrx_word' id='word_1_738' title='bbox 1376 5006 1436 5059; x_wconf 90' lang='grc' dir='ltr'><strong>ού</strong></span> <span class='ocrx_word' id='word_1_739' title='bbox 1473 5006 1618 5076; x_wconf 82' lang='grc' dir='ltr'>λέγω</span> <span class='ocrx_word' id='word_1_740' title='bbox 1671 5011 1732 5063; x_wconf 82' lang='grc' dir='ltr'><strong>τὸ</strong></span> <span class='ocrx_word' id='word_1_741' title='bbox 1776 5011 1958 5068; x_wconf 76' lang='grc' dir='ltr'>δοῦναι</span> 
     </span>
    </p>
   </div>
   <div class='ocr_carea' id='block_1_99' title="bbox 385 5087 1958 5166">
    <p class='ocr_par' dir='ltr' id='par_1_99' title="bbox 385 5087 1958 5166">
     <span class='ocr_line' id='line_1_100' title="bbox 385 5087 1958 5166; baseline 0.013 -28"><span class='ocrx_word' id='word_1_742' title='bbox 385 5087 478 5138; x_wconf 82' lang='grc' dir='ltr'><strong>τὸν</strong></span> <span class='ocrx_word' id='word_1_743' title='bbox 508 5088 793 5157; x_wconf 76' lang='grc' dir='ltr'>Μονογενῆ</span> <span class='ocrx_word' id='word_1_744' title='bbox 820 5092 958 5161; x_wconf 82' lang='grc' dir='ltr'>ὑπὲρ</span> <span class='ocrx_word' id='word_1_745' title='bbox 978 5094 1135 5166; x_wconf 76' lang='grc' dir='ltr'>ἡμῶν</span> <span class='ocrx_word' id='word_1_746' title='bbox 1161 5098 1242 5158; x_wconf 82' lang='grc' dir='ltr'><strong>είς</strong></span> <span class='ocrx_word' id='word_1_747' title='bbox 1275 5097 1677 5162; x_wconf 84' lang='grc' dir='ltr'>Θάνατον,άλλὰ</span> <span class='ocrx_word' id='word_1_748' title='bbox 1701 5104 1795 5156; x_wconf 71' lang='grc' dir='ltr'>καὶ</span> <span class='ocrx_word' id='word_1_749' title='bbox 1827 5107 1958 5159; x_wconf 84' lang='grc' dir='ltr'>αύτό</span> 
     </span>
    </p>
   </div>
   <div class='ocr_carea' id='block_1_100' title="bbox 373 5177 1957 5263">
    <p class='ocr_par' dir='ltr' id='par_1_100' title="bbox 373 5177 1957 5263">
     <span class='ocr_line' id='line_1_101' title="bbox 373 5177 1957 5263; baseline 0.015 -35"><span class='ocrx_word' id='word_1_750' title='bbox 373 5193 440 5243; x_wconf 88' lang='grc' dir='ltr'><strong>γε</strong></span> <span class='ocrx_word' id='word_1_751' title='bbox 473 5177 653 5244; x_wconf 80' lang='grc' dir='ltr'>τοῦτο,</span> <span class='ocrx_word' id='word_1_752' title='bbox 682 5180 744 5232; x_wconf 76' lang='grc' dir='ltr'>τὸ</span> <span class='ocrx_word' id='word_1_753' title='bbox 770 5181 1060 5252; x_wconf 80' lang='grc' dir='ltr'>εύδοκῆσαι</span> <span class='ocrx_word' id='word_1_754' title='bbox 1092 5184 1182 5237; x_wconf 79' lang='grc' dir='ltr'>τὸν</span> <span class='ocrx_word' id='word_1_755' title='bbox 1218 5187 1364 5252; x_wconf 76' lang='grc' dir='ltr'>Υίὸν,</span> <span class='ocrx_word' id='word_1_756' title='bbox 1392 5191 1672 5263; x_wconf 77' lang='grc' dir='ltr'>Δεσπότην</span> <span class='ocrx_word' id='word_1_757' title='bbox 1701 5197 1957 5252; x_wconf 84' lang='grc' dir='ltr'>ἁπάντων</span> 
     </span>
    </p>
   </div>
   <div class='ocr_carea' id='block_1_101' title="bbox 373 5268 1953 5362">
    <p class='ocr_par' dir='ltr' id='par_1_101' title="bbox 373 5268 1953 5362">
     <span class='ocr_line' id='line_1_102' title="bbox 373 5268 1953 5362; baseline 0.013 -42"><span class='ocrx_word' id='word_1_758' title='bbox 373 5268 525 5333; x_wconf 69' lang='grc' dir='ltr'>ὄντα,</span> <span class='ocrx_word' id='word_1_759' title='bbox 559 5273 773 5342; x_wconf 78' lang='grc' dir='ltr'>μορφὴν</span> <span class='ocrx_word' id='word_1_760' title='bbox 794 5274 1080 5327; x_wconf 75' lang='grc' dir='ltr'>ἀναλαϐεῖν</span> <span class='ocrx_word' id='word_1_761' title='bbox 1106 5277 1151 5308; x_wconf 72' lang='grc' dir='ltr'>δ’</span> <span class='ocrx_word' id='word_1_762' title='bbox 1172 5278 1378 5345; x_wconf 87' lang='grc' dir='ltr'>δούλου,</span> <span class='ocrx_word' id='word_1_763' title='bbox 1408 5283 1488 5334; x_wconf 82' lang='grc' dir='ltr'>ὅτι</span> <span class='ocrx_word' id='word_1_764' title='bbox 1518 5286 1642 5354; x_wconf 84' lang='grc' dir='ltr'>μηδ’</span> <span class='ocrx_word' id='word_1_765' title='bbox 1674 5282 1741 5357; x_wconf 81' lang='grc' dir='ltr'>ἦν</span> <span class='ocrx_word' id='word_1_766' title='bbox 1772 5294 1953 5362; x_wconf 83' lang='grc' dir='ltr'>γυμνῇ</span> 
     </span>
    </p>
   </div>
   <div class='ocr_carea' id='block_1_102' title="bbox 374 5363 1956 5447">
    <p class='ocr_par' dir='ltr' id='par_1_102' title="bbox 374 5363 1956 5447">
     <span class='ocr_line' id='line_1_103' title="bbox 374 5363 1956 5447; baseline 0.014 -32"><span class='ocrx_word' id='word_1_767' title='bbox 374 5365 444 5435; x_wconf 81' lang='grc' dir='ltr'>τῇ</span> <span class='ocrx_word' id='word_1_768' title='bbox 476 5363 689 5433; x_wconf 84' lang='grc' dir='ltr'>θεότητι</span> <span class='ocrx_word' id='word_1_769' title='bbox 727 5365 852 5418; x_wconf 68' lang='grc' dir='ltr'>οὔτε</span> <span class='ocrx_word' id='word_1_770' title='bbox 911 5368 990 5430; x_wconf 87' lang='grc' dir='ltr'><strong>είς</strong></span> <span class='ocrx_word' id='word_1_771' title='bbox 1026 5369 1216 5439; x_wconf 79' lang='grc' dir='ltr'>ὅρασιν</span> <span class='ocrx_word' id='word_1_772' title='bbox 1257 5372 1548 5444; x_wconf 83' lang='grc' dir='ltr'>ἀνθρώπου</span> <span class='ocrx_word' id='word_1_773' title='bbox 1590 5377 1795 5447; x_wconf 75' lang='grc' dir='ltr'>ἐλθεῖν,</span> <span class='ocrx_word' id='word_1_774' title='bbox 1833 5382 1956 5437; x_wconf 75' lang='grc' dir='ltr'>οὔτε</span> 
     </span>
    </p>
   </div>
   <div class='ocr_carea' id='block_1_103' title="bbox 374 5453 1956 5547">
    <p class='ocr_par' dir='ltr' id='par_1_103' title="bbox 374 5453 1956 5547">
     <span class='ocr_line' id='line_1_104' title="bbox 374 5453 1956 5547; baseline 0.016 -43"><span class='ocrx_word' id='word_1_775' title='bbox 374 5453 468 5505; x_wconf 78' lang='grc' dir='ltr'>διὰ</span> <span class='ocrx_word' id='word_1_776' title='bbox 521 5454 630 5506; x_wconf 84' lang='grc' dir='ltr'><strong>τῶν</strong></span> <span class='ocrx_word' id='word_1_777' title='bbox 687 5457 1018 5522; x_wconf 86' lang='grc' dir='ltr'>σωματικῶν</span> <span class='ocrx_word' id='word_1_778' title='bbox 1068 5459 1248 5529; x_wconf 78' lang='grc' dir='ltr'>ἔργων</span> <span class='ocrx_word' id='word_1_779' title='bbox 1301 5479 1361 5515; x_wconf 81' lang='grc' dir='ltr'><strong>τε</strong></span> <span class='ocrx_word' id='word_1_780' title='bbox 1426 5465 1521 5517; x_wconf 72' lang='grc' dir='ltr'><strong>καὶ</strong></span> <span class='ocrx_word' id='word_1_781' title='bbox 1572 5471 1824 5539; x_wconf 79' lang='grc' dir='ltr'>πράξεων</span> <span class='ocrx_word' id='word_1_782' title='bbox 1857 5475 1956 5547; x_wconf 86' lang='grc' dir='ltr'>τὴν</span> 
     </span>
    </p>
   </div>
   <div class='ocr_carea' id='block_1_104' title="bbox 448 5570 1537 5645">
    <p class='ocr_par' dir='ltr' id='par_1_104' title="bbox 448 5570 1537 5645">
     <span class='ocr_line' id='line_1_105' title="bbox 448 5570 1537 5645; baseline 0.013 -23"><span class='ocrx_word' id='word_1_783' title='bbox 448 5570 495 5601; x_wconf 82' lang='grc'>¹¹</span> <span class='ocrx_word' id='word_1_784' title='bbox 523 5571 718 5638; x_wconf 85' lang='lat' dir='ltr'><strong>Eplies.</strong></span> <span class='ocrx_word' id='word_1_785' title='bbox 768 5588 850 5639; x_wconf 87' lang='lat' dir='ltr'><strong>tu,</strong></span> <span class='ocrx_word' id='word_1_786' title='bbox 885 5574 968 5631; x_wconf 84' lang='grc'><strong>10.</strong></span> <span class='ocrx_word' id='word_1_787' title='bbox 1049 5577 1095 5606; x_wconf 84' lang='grc'><strong>²¹</strong></span> <span class='ocrx_word' id='word_1_788' title='bbox 1125 5575 1282 5633; x_wconf 83' lang='lat' dir='ltr'><strong>Joan.</strong></span> <span class='ocrx_word' id='word_1_789' title='bbox 1338 5595 1422 5645; x_wconf 88' lang='grc' dir='ltr'>ιιι,</span> <span class='ocrx_word' id='word_1_790' title='bbox 1451 5583 1537 5636; x_wconf 84' lang='grc'>16.</span> 
     </span>
    </p>
   </div>
   <div class='ocr_carea' id='block_1_105' title="bbox 2067 4645 3648 4720">
    <p class='ocr_par' dir='ltr' id='par_1_105' title="bbox 2067 4645 3648 4720">
     <span class='ocr_line' id='line_1_106' title="bbox 2067 4645 3648 4720; baseline 0.009 -26"><span class='ocrx_word' id='word_1_791' title='bbox 2067 4645 2388 4712; x_wconf 82' lang='lat' dir='ltr'><strong>susceperit.</strong></span> <span class='ocrx_word' id='word_1_792' title='bbox 2453 4645 2644 4717; x_wconf 69' lang='lat' dir='ltr'><strong>1w</strong></span> <span class='ocrx_word' id='word_1_793' title='bbox 2683 4645 2821 4712; x_wconf 88' lang='lat' dir='ltr'><strong>Quid</strong></span> <span class='ocrx_word' id='word_1_794' title='bbox 2877 4649 3091 4718; x_wconf 86' lang='lat' dir='ltr'><strong>igitur?</strong></span> <span class='ocrx_word' id='word_1_795' title='bbox 3145 4647 3269 4704; x_wconf 84' lang='lat' dir='ltr'><strong>Filii</strong></span> <span class='ocrx_word' id='word_1_796' title='bbox 3329 4652 3498 4720; x_wconf 80' lang='lat' dir='ltr'><strong>ipsius</strong></span> <span class='ocrx_word' id='word_1_797' title='bbox 3553 4669 3648 4720; x_wconf 86' lang='lat' dir='ltr'><strong>per</strong></span> 
     </span>
    </p>
   </div>
   <div class='ocr_carea' id='block_1_106' title="bbox 2068 4738 3646 4813">
    <p class='ocr_par' dir='ltr' id='par_1_106' title="bbox 2068 4738 3646 4813">
     <span class='ocr_line' id='line_1_107' title="bbox 2068 4738 3646 4813; baseline 0.005 -24"><span class='ocrx_word' id='word_1_798' title='bbox 2068 4749 2287 4790; x_wconf 87' lang='lat' dir='ltr'><strong>carnem</strong></span> <span class='ocrx_word' id='word_1_799' title='bbox 2341 4738 2628 4794; x_wconf 89' lang='lat' dir='ltr'><strong>adventum</strong></span> <span class='ocrx_word' id='word_1_800' title='bbox 2679 4740 2864 4805; x_wconf 76' lang='lat' dir='ltr'><strong>refert,</strong></span> <span class='ocrx_word' id='word_1_801' title='bbox 2900 4757 2995 4811; x_wconf 84' lang='lat' dir='ltr'><strong>per</strong></span> <span class='ocrx_word' id='word_1_802' title='bbox 3040 4757 3198 4809; x_wconf 85' lang='lat' dir='ltr'><strong>quem</strong></span> <span class='ocrx_word' id='word_1_803' title='bbox 3242 4745 3428 4813; x_wconf 85' lang='lat' dir='ltr'><strong>utique</strong></span> <span class='ocrx_word' id='word_1_804' title='bbox 3462 4760 3646 4800; x_wconf 77' lang='lat' dir='ltr'><strong>nosu&#39;a</strong></span> 
     </span>
    </p>
   </div>
   <div class='ocr_carea' id='block_1_107' title="bbox 2067 4828 3657 4922">
    <p class='ocr_par' dir='ltr' id='par_1_107' title="bbox 2067 4828 3657 4922">
     <span class='ocr_line' id='line_1_108' title="bbox 2067 4828 3657 4922; baseline 0.006 -40"><span class='ocrx_word' id='word_1_805' title='bbox 2067 4835 2152 4882; x_wconf 87' lang='lat' dir='ltr'><strong>est</strong></span> <span class='ocrx_word' id='word_1_806' title='bbox 2195 4836 2404 4896; x_wconf 85' lang='lat' dir='ltr'><strong>patrata</strong></span> <span class='ocrx_word' id='word_1_807' title='bbox 2442 4828 2782 4886; x_wconf 78' lang='lat' dir='ltr'><strong>refor-matio.</strong></span> <span class='ocrx_word' id='word_1_808' title='bbox 2825 4831 2915 4886; x_wconf 82' lang='lat' dir='ltr'><strong>Sic</strong></span> <span class='ocrx_word' id='word_1_809' title='bbox 2951 4835 3114 4899; x_wconf 74' lang='lat' dir='ltr'><strong>enim,</strong></span> <span class='ocrx_word' id='word_1_810' title='bbox 3150 4834 3346 4903; x_wconf 82' lang='lat' dir='ltr'><strong>inquit,</strong></span> <span class='ocrx_word' id='word_1_811' title='bbox 3384 4837 3522 4891; x_wconf 79' lang='lat' dir='ltr'><strong>Deus</strong></span> <span class='ocrx_word' id='word_1_812' title='bbox 3561 4837 3657 4922; x_wconf 40' lang='grc' dir='ltr'>ιιι-Ι</span> 
     </span>
    </p>
   </div>
   <div class='ocr_carea' id='block_1_108' title="bbox 2069 4920 3649 4999">
    <p class='ocr_par' dir='ltr' id='par_1_108' title="bbox 2069 4920 3649 4999">
     <span class='ocr_line' id='line_1_109' title="bbox 2069 4920 3649 4999; baseline 0.007 -26"><span class='ocrx_word' id='word_1_813' title='bbox 2069 4920 2194 4974; x_wconf 70' lang='lat' dir='ltr'><strong>(exit</strong></span> <span class='ocrx_word' id='word_1_814' title='bbox 2215 4924 2490 4985; x_wconf 80' lang='lat' dir='ltr'><strong>mundum,</strong></span> <span class='ocrx_word' id='word_1_815' title='bbox 2521 4932 2575 4974; x_wconf 85' lang='lat' dir='ltr'><strong>ut</strong></span> <span class='ocrx_word' id='word_1_816' title='bbox 2599 4922 2800 4976; x_wconf 73' lang='lat' dir='ltr'><strong>Filium</strong></span> <span class='ocrx_word' id='word_1_817' title='bbox 2818 4941 2972 4982; x_wconf 68' lang='lat' dir='ltr'><strong>suum</strong></span> <span class='ocrx_word' id='word_1_818' title='bbox 2991 4927 3314 4995; x_wconf 79' lang='lat' dir='ltr'><strong>unigenitum</strong></span> <span class='ocrx_word' id='word_1_819' title='bbox 3333 4929 3532 4984; x_wconf 83' lang='lat' dir='ltr'><strong>dederit</strong></span> <span class='ocrx_word' id='word_1_820' title='bbox 3553 4920 3649 4999; x_wconf 84' lang='lat' dir='ltr'><strong>pro</strong></span> 
     </span>
    </p>
   </div>
   <div class='ocr_carea' id='block_1_109' title="bbox 2066 5013 3651 5084">
    <p class='ocr_par' dir='ltr' id='par_1_109' title="bbox 2066 5013 3651 5084">
     <span class='ocr_line' id='line_1_110' title="bbox 2066 5013 3651 5084; baseline 0.006 -19"><span class='ocrx_word' id='word_1_821' title='bbox 2066 5015 2252 5068; x_wconf 81' lang='lat' dir='ltr'><strong>mundi</strong></span> <span class='ocrx_word' id='word_1_822' title='bbox 2304 5017 2408 5070; x_wconf 76' lang='lat' dir='ltr'><strong>vita</strong></span> <span class='ocrx_word' id='word_1_823' title='bbox 2455 5017 2522 5069; x_wconf 79' lang='lat'><strong>“.</strong></span> <span class='ocrx_word' id='word_1_824' title='bbox 2573 5013 2708 5070; x_wconf 82' lang='lat' dir='ltr'><strong>Nam</strong></span> <span class='ocrx_word' id='word_1_825' title='bbox 2749 5026 2985 5084; x_wconf 60' lang='lat' dir='ltr'><strong>quanta),</strong></span> <span class='ocrx_word' id='word_1_826' title='bbox 3044 5017 3291 5084; x_wconf 86' lang='lat' dir='ltr'><strong>obsecro,</strong></span> <span class='ocrx_word' id='word_1_827' title='bbox 3345 5020 3651 5076; x_wconf 80' lang='lat' dir='ltr'><strong>dilectionis</strong></span> 
     </span>
    </p>
   </div>
   <div class='ocr_carea' id='block_1_110' title="bbox 2063 5107 3647 5180">
    <p class='ocr_par' dir='ltr' id='par_1_110' title="bbox 2063 5107 3647 5180">
     <span class='ocr_line' id='line_1_111' title="bbox 2063 5107 3647 5180; baseline 0.003 -20"><span class='ocrx_word' id='word_1_828' title='bbox 2063 5107 2254 5173; x_wconf 77' lang='lat' dir='ltr'><strong>fuerit,</strong></span> <span class='ocrx_word' id='word_1_829' title='bbox 2304 5124 2411 5162; x_wconf 88' lang='lat' dir='ltr'><strong>non</strong></span> <span class='ocrx_word' id='word_1_830' title='bbox 2443 5109 2566 5163; x_wconf 87' lang='lat' dir='ltr'><strong>dico</strong></span> <span class='ocrx_word' id='word_1_831' title='bbox 2603 5110 2936 5180; x_wconf 81' lang='lat' dir='ltr'><strong>unigenitum</strong></span> <span class='ocrx_word' id='word_1_832' title='bbox 2974 5126 3130 5164; x_wconf 89' lang='lat' dir='ltr'><strong>suum</strong></span> <span class='ocrx_word' id='word_1_833' title='bbox 3168 5127 3266 5180; x_wconf 89' lang='lat' dir='ltr'><strong>pro</strong></span> <span class='ocrx_word' id='word_1_834' title='bbox 3305 5114 3459 5167; x_wconf 89' lang='lat' dir='ltr'><strong>nobis</strong></span> <span class='ocrx_word' id='word_1_835' title='bbox 3491 5115 3647 5167; x_wconf 89' lang='lat' dir='ltr'><strong>morti</strong></span> 
     </span>
    </p>
   </div>
   <div class='ocr_carea' id='block_1_111' title="bbox 2066 5200 3643 5272">
    <p class='ocr_par' dir='ltr' id='par_1_111' title="bbox 2066 5200 3643 5272">
     <span class='ocr_line' id='line_1_112' title="bbox 2066 5200 3643 5272; baseline 0.003 -21"><span class='ocrx_word' id='word_1_836' title='bbox 2066 5200 2342 5264; x_wconf 86' lang='lat' dir='ltr'><strong>addicere,</strong></span> <span class='ocrx_word' id='word_1_837' title='bbox 2378 5201 2472 5256; x_wconf 87' lang='lat' dir='ltr'><strong>sed</strong></span> <span class='ocrx_word' id='word_1_838' title='bbox 2495 5200 2580 5255; x_wconf 86' lang='lat' dir='ltr'><strong>vel</strong></span> <span class='ocrx_word' id='word_1_839' title='bbox 2608 5202 2709 5255; x_wconf 88' lang='lat' dir='ltr'><strong>hoc</strong></span> <span class='ocrx_word' id='word_1_840' title='bbox 2747 5201 2944 5270; x_wconf 85' lang='lat' dir='ltr'><strong>ipsum,</strong></span> <span class='ocrx_word' id='word_1_841' title='bbox 2975 5203 3375 5272; x_wconf 82' lang='lat' dir='ltr'><strong>complacuisse</strong></span> <span class='ocrx_word' id='word_1_842' title='bbox 3401 5205 3643 5268; x_wconf 85' lang='lat' dir='ltr'><strong>omnino,</strong></span> 
     </span>
    </p>
   </div>
   <div class='ocr_carea' id='block_1_112' title="bbox 2066 5293 3648 5360">
    <p class='ocr_par' dir='ltr' id='par_1_112' title="bbox 2066 5293 3648 5360">
     <span class='ocr_line' id='line_1_113' title="bbox 2066 5293 3648 5360; baseline 0.003 -14"><span class='ocrx_word' id='word_1_843' title='bbox 2066 5300 2125 5346; x_wconf 92' lang='lat' dir='ltr'><strong>ut</strong></span> <span class='ocrx_word' id='word_1_844' title='bbox 2155 5293 2346 5358; x_wconf 88' lang='lat' dir='ltr'><strong>Filius,</strong></span> <span class='ocrx_word' id='word_1_845' title='bbox 2379 5307 2501 5347; x_wconf 88' lang='lat' dir='ltr'><strong>cum</strong></span> <span class='ocrx_word' id='word_1_846' title='bbox 2527 5293 2712 5348; x_wconf 88' lang='lat' dir='ltr'><strong>mundi</strong></span> <span class='ocrx_word' id='word_1_847' title='bbox 2738 5295 2990 5350; x_wconf 80' lang='lat' dir='ltr'><strong>dominus</strong></span> <span class='ocrx_word' id='word_1_848' title='bbox 3032 5304 3197 5360; x_wconf 84' lang='lat' dir='ltr'><strong>esset,</strong></span> <span class='ocrx_word' id='word_1_849' title='bbox 3226 5293 3455 5350; x_wconf 80' lang='lat' dir='ltr'><strong>formam</strong></span> <span class='ocrx_word' id='word_1_850' title='bbox 3503 5297 3648 5350; x_wconf 81' lang='lat' dir='ltr'><strong>servi</strong></span> 
     </span>
    </p>
   </div>
   <div class='ocr_carea' id='block_1_113' title="bbox 2063 5385 3646 5457">
    <p class='ocr_par' dir='ltr' id='par_1_113' title="bbox 2063 5385 3646 5457">
     <span class='ocr_line' id='line_1_114' title="bbox 2063 5385 3646 5457; baseline 0.002 -18"><span class='ocrx_word' id='word_1_851' title='bbox 2063 5388 2336 5457; x_wconf 72' lang='lat' dir='ltr'><strong>acciperet</strong></span> <span class='ocrx_word' id='word_1_852' title='bbox 2373 5405 2388 5441; x_wconf 86' lang='lat'><strong>:</strong></span> <span class='ocrx_word' id='word_1_853' title='bbox 2445 5401 2510 5440; x_wconf 89' lang='lat' dir='ltr'><strong>eo</strong></span> <span class='ocrx_word' id='word_1_854' title='bbox 2558 5385 2702 5455; x_wconf 89' lang='lat' dir='ltr'><strong>quod</strong></span> <span class='ocrx_word' id='word_1_855' title='bbox 2759 5401 2865 5440; x_wconf 92' lang='lat' dir='ltr'><strong>non</strong></span> <span class='ocrx_word' id='word_1_856' title='bbox 2895 5388 3243 5455; x_wconf 87' lang='lat' dir='ltr'><strong>possetnuda</strong></span> <span class='ocrx_word' id='word_1_857' title='bbox 3277 5388 3450 5443; x_wconf 90' lang='lat' dir='ltr'><strong>deitas</strong></span> <span class='ocrx_word' id='word_1_858' title='bbox 3486 5389 3564 5442; x_wconf 86' lang='lat' dir='ltr'><strong>vel</strong></span> <span class='ocrx_word' id='word_1_859' title='bbox 3595 5390 3646 5444; x_wconf 91' lang='lat' dir='ltr'><strong>in</strong></span> 
     </span>
    </p>
   </div>
   <div class='ocr_carea' id='block_1_114' title="bbox 2067 5477 3651 5548">
    <p class='ocr_par' dir='ltr' id='par_1_114' title="bbox 2067 5477 3651 5548">
     <span class='ocr_line' id='line_1_115' title="bbox 2067 5477 3651 5548; baseline -0.001 -16"><span class='ocrx_word' id='word_1_860' title='bbox 2067 5478 2350 5532; x_wconf 91' lang='lat' dir='ltr'><strong>hominum</strong></span> <span class='ocrx_word' id='word_1_861' title='bbox 2395 5493 2455 5533; x_wconf 89' lang='lat' dir='ltr'><strong>se</strong></span> <span class='ocrx_word' id='word_1_862' title='bbox 2501 5485 2852 5548; x_wconf 86' lang='lat' dir='ltr'><strong>conspectum</strong></span> <span class='ocrx_word' id='word_1_863' title='bbox 2907 5477 3059 5542; x_wconf 91' lang='lat' dir='ltr'><strong>dare,</strong></span> <span class='ocrx_word' id='word_1_864' title='bbox 3095 5477 3176 5532; x_wconf 83' lang='lat' dir='ltr'><strong>vel</strong></span> <span class='ocrx_word' id='word_1_865' title='bbox 3227 5491 3324 5546; x_wconf 88' lang='lat' dir='ltr'><strong>per</strong></span> <span class='ocrx_word' id='word_1_866' title='bbox 3362 5491 3651 5546; x_wconf 83' lang='lat' dir='ltr'><strong>corporeas</strong></span> 
     </span>
    </p>
   </div>
   <div class='ocr_carea' id='block_1_115' title="bbox 1685 5678 2368 5744">
    <p class='ocr_par' dir='ltr' id='par_1_115' title="bbox 1685 5678 2368 5744">
     <span class='ocr_line' id='line_1_116' title="bbox 1685 5678 2368 5744; baseline 0.012 -12"><span class='ocrx_word' id='word_1_867' title='bbox 1685 5678 1921 5738; x_wconf 80' lang='lat' dir='ltr'><strong>VARUE</strong></span> <span class='ocrx_word' id='word_1_868' title='bbox 1961 5683 2368 5744; x_wconf 78' lang='lat' dir='ltr'><strong>LECTIONES.</strong></span> 
     </span>
    </p>
   </div>
   <div class='ocr_carea' id='block_1_116' title="bbox 456 5754 1010 5825">
    <p class='ocr_par' dir='ltr' id='par_1_116' title="bbox 456 5754 1010 5825">
     <span class='ocr_line' id='line_1_117' title="bbox 456 5754 1010 5825; baseline 0.018 -20"><span class='ocrx_word' id='word_1_869' title='bbox 456 5754 500 5825; x_wconf 65' lang='grc' dir='ltr'><strong>’ξ</strong></span> <span class='ocrx_word' id='word_1_870' title='bbox 533 5754 660 5825; x_wconf 72' lang='grc' dir='ltr'>ὅταν</span> <span class='ocrx_word' id='word_1_871' title='bbox 696 5757 796 5825; x_wconf 86' lang='grc' dir='ltr'><strong>μὲν</strong></span> <span class='ocrx_word' id='word_1_872' title='bbox 822 5755 918 5813; x_wconf 75' lang='grc' dir='ltr'><strong>οὖν</strong></span> <span class='ocrx_word' id='word_1_873' title='bbox 950 5779 1010 5825; x_wconf 74' lang='grc' dir='ltr'>ς’.</span> 
     </span>
    </p>
   </div>
   <div class='ocr_carea' id='block_1_117' title="bbox 370 5821 956 5897">
    <p class='ocr_par' dir='ltr' id='par_1_117' title="bbox 370 5821 956 5897">
     <span class='ocr_line' id='line_1_118' title="bbox 370 5821 956 5897; baseline 0.019 -22"><span class='ocrx_word' id='word_1_874' title='bbox 370 5821 418 5853; x_wconf 82' lang='grc'><strong><em>⁵⁸</em></strong></span> <span class='ocrx_word' id='word_1_875' title='bbox 443 5822 609 5897; x_wconf 72' lang='grc' dir='ltr'>οὕτω]</span> <span class='ocrx_word' id='word_1_876' title='bbox 659 5821 816 5882; x_wconf 80' lang='lat' dir='ltr'><strong>Joan.</strong></span> <span class='ocrx_word' id='word_1_877' title='bbox 874 5847 956 5896; x_wconf 89' lang='grc' dir='ltr'>ιιι,</span> 
     </span>
    </p>
   </div>
   <div class='ocr_carea' id='block_1_118' title="bbox 611 5921 1228 5990">
    <p class='ocr_par' dir='ltr' id='par_1_118' title="bbox 611 5921 1228 5990">
     <span class='ocr_line' id='line_1_119' title="bbox 611 5921 1228 5990; baseline 0.019 -12"><span class='ocrx_word' id='word_1_878' title='bbox 611 5921 884 5984; x_wconf 74' lang='grc' dir='ltr'>ΡΑτιιοι..</span> <span class='ocrx_word' id='word_1_879' title='bbox 920 5926 1036 5986; x_wconf 87' lang='lat' dir='ltr'><strong>Gn.</strong></span> <span class='ocrx_word' id='word_1_880' title='bbox 1071 5929 1228 5990; x_wconf 88' lang='lat' dir='ltr'>CIII.</span> 
     </span>
    </p>
   </div>
   <div class='ocr_carea' id='block_1_119' title="bbox 1091 5760 3646 5853">
    <p class='ocr_par' dir='ltr' id='par_1_119' title="bbox 1091 5760 3646 5853">
     <span class='ocr_line' id='line_1_120' title="bbox 1091 5760 3646 5853; baseline 0.01 -39"><span class='ocrx_word' id='word_1_881' title='bbox 1091 5762 1136 5848; x_wconf 46' lang='lat' dir='ltr'><strong>f&quot;</strong></span> <span class='ocrx_word' id='word_1_882' title='bbox 1165 5760 1306 5853; x_wconf 50' lang='grc' dir='ltr'>εἷναι</span> <span class='ocrx_word' id='word_1_883' title='bbox 1347 5764 1424 5853; x_wconf 68' lang='grc' dir='ltr'><strong>τςὺ</strong></span> <span class='ocrx_word' id='word_1_884' title='bbox 1450 5767 1570 5853; x_wconf 49' lang='grc' dir='ltr'><strong>θεῷ</strong></span> <span class='ocrx_word' id='word_1_885' title='bbox 1597 5787 1658 5853; x_wconf 61' lang='grc' dir='ltr'><strong>ς.</strong></span> <span class='ocrx_word' id='word_1_886' title='bbox 1734 5769 1781 5853; x_wconf 60' lang='grc' dir='ltr'><strong>ξε</strong></span> <span class='ocrx_word' id='word_1_887' title='bbox 1810 5771 2082 5853; x_wconf 45' lang='grc' dir='ltr'>Δῆιὸλίου]</span> <span class='ocrx_word' id='word_1_888' title='bbox 2124 5778 2245 5834; x_wconf 87' lang='lat' dir='ltr'><strong>libri</strong></span> <span class='ocrx_word' id='word_1_889' title='bbox 2295 5778 2362 5848; x_wconf 85' lang='grc' dir='ltr'><strong>β’.</strong></span> <span class='ocrx_word' id='word_1_890' title='bbox 2443 5776 2489 5810; x_wconf 75' lang='grc'><strong>⁸³</strong></span> <span class='ocrx_word' id='word_1_891' title='bbox 2518 5777 2816 5848; x_wconf 84' lang='grc' dir='ltr'>κεφαλαίου</span> <span class='ocrx_word' id='word_1_892' title='bbox 2852 5799 2912 5845; x_wconf 80' lang='grc' dir='ltr'><strong>ς.</strong></span> <span class='ocrx_word' id='word_1_893' title='bbox 2989 5783 3036 5815; x_wconf 80' lang='grc' dir='ltr'><strong>⁸ο</strong></span> <span class='ocrx_word' id='word_1_894' title='bbox 3071 5780 3178 5853; x_wconf 83' lang='grc' dir='ltr'>ἵνα]</span> <span class='ocrx_word' id='word_1_895' title='bbox 3209 5780 3409 5849; x_wconf 83' lang='lat' dir='ltr'><strong>Eplies.</strong></span> <span class='ocrx_word' id='word_1_896' title='bbox 3441 5793 3520 5844; x_wconf 82' lang='lat' dir='ltr'>III.</span> <span class='ocrx_word' id='word_1_897' title='bbox 3554 5774 3646 5834; x_wconf 71' lang='grc' dir='ltr'><strong>1οο</strong></span> 
     </span>
    </p>
   </div>
   <div class='ocr_carea' id='block_1_120' title="bbox 1028 5832 2014 5911">
    <p class='ocr_par' dir='ltr' id='par_1_120' title="bbox 1028 5832 2014 5911">
     <span class='ocr_line' id='line_1_121' title="bbox 1028 5832 2014 5911; baseline 0.016 -26"><span class='ocrx_word' id='word_1_898' title='bbox 1028 5832 1114 5889; x_wconf 85' lang='grc'><strong>16.</strong></span> <span class='ocrx_word' id='word_1_899' title='bbox 1181 5837 1227 5868; x_wconf 79' lang='grc'><strong>⁵³</strong></span> <span class='ocrx_word' id='word_1_900' title='bbox 1281 5832 1573 5892; x_wconf 75' lang='grc' dir='ltr'>ἀναλαϐεῖν</span> <span class='ocrx_word' id='word_1_901' title='bbox 1609 5832 1653 5893; x_wconf 77' lang='grc' dir='ltr'><strong>Α</strong></span> <span class='ocrx_word' id='word_1_902' title='bbox 1687 5859 1700 5897; x_wconf 90' lang='lat'><strong>:</strong></span> <span class='ocrx_word' id='word_1_903' title='bbox 1734 5832 1919 5899; x_wconf 76' lang='grc' dir='ltr'>λαϐεῖν</span> <span class='ocrx_word' id='word_1_904' title='bbox 1953 5865 2014 5911; x_wconf 82' lang='grc' dir='ltr'><strong>ς.</strong></span> 
     </span>
    </p>
   </div>
   <div class='ocr_carea' id='block_1_121' title="bbox 3245 5941 3322 6001">
    <p class='ocr_par' dir='ltr' id='par_1_121' title="bbox 3245 5941 3322 6001">
     <span class='ocr_line' id='line_1_122' title="bbox 3245 5941 3322 6001; baseline -0.039 0"><span class='ocrx_word' id='word_1_905' title='bbox 3245 5941 3322 6001; x_wconf 60' lang='grc'><strong>24</strong></span> 
     </span>
    </p>
   </div>
  </div>
