4014 6402
583 350 684 416 747
1766 374 2025 435 ΡΗΟΤΙΙ
2070 377 2134 435 P1

2238 378 2596 437 RIARCIUE.
2624 378 2734 439 (ΣΡ.
3714 391 3802 459 748

585 469 829 529 actiones
872 485 927 530 et
964 491 1148 548 opera,
1198 495 1315 534 eam
1357 484 1696 541 instituenda!
1729 490 1855 544 vita:
1898 495 2134 546 rationm

2238 539 2242 550 ,
2273 492 2365 545 ὑπ’
2394 494 2559 547 αὐτοῦ
2600 498 3014 569 κηρυττομένην
3062 495 3365 565 πολιτείαν,
3417 504 3482 556 δι’
3515 499 3581 576 ἧς
3617 506 3736 577 ἡμῖν
3778 514 3805 582 ἡ

586 576 1020 634 ριίιξηιοηειιηπο,
1056 586 1215 640 quam
1268 574 1354 627 ille
1387 578 1723 643 prmdicaret,
1754 598 1817 635 ac
1854 599 1950 652 per
1998 600 2134 651 quan

2271 583 2544 651 σωτηρία,
2604 585 3024 657 ύποδειχθῆναι,
3057 591 3151 643 καὶ
3207 591 3343 662 πρὸς
3408 574 3807 670 μάθησιν-ἡμᾶς

581 656 736 712 nobis
773 660 921 715 salus
968 664 1256 730 qumrenda
1291 677 1436 720 esset
1465 684 1479 732 ;
1526 670 1606 723 vel
1639 687 1735 727 nos
1766 673 1833 727 ad
1874 675 2134 729 edncatun

2274 677 2619 745 καταστῆναι
2650 656 2971 749 σύντροφον.
3006 682 3114 735 Καί
3156 683 3219 750 γέ
3253 656 3386 753 φησι
3409 656 3572 739 ’τοῦτο
3613 656 3739 743 slva;
3760 656 3809 745 τό

579 748 859 803 nobiscum
891 768 995 805 una
1015 754 1312 824 disciplina}
1337 762 1619 828 exemplar
1640 778 1966 833 componere
1999 775 2134 834 alqui

2268 767 2676 837 καταλείψαντα
2714 769 2762 801 ⁸³
2792 748 2862 822 τὰ
2912 770 2995 837 ιϐ’
3031 748 3280 842 πρόϐατα
3316 748 3403 843 έφ’
3451 776 3508 828 ἓν
3554 778 3712 831 ἐλθεῖν
3760 785 3809 833 τὸ

579 839 869 892 moderari.
932 841 1110 910 Atque
1160 845 1262 900 hoc
1311 847 1443 903 illud
1502 852 1673 919 ipsum
1708 868 1830 908 esse
1875 856 1971 921 ait,
2019 872 2134 924 QIIOi

2267 857 2650 927 πλανώμενον,
2682 858 2710 911 ὃ
2734 859 2830 911 καὶ
2856 861 2948 913 ἐπὶ
2977 839 3086 915 τῶν
3119 839 3435 934 ὤμων
3472 866 3580 919 Καὶ
3623 869 3721 939 γὰρ
3758 873 3809 922 οὑ

578 928 780 983 relictis
817 932 1011 986 ovibus
1048 937 1336 1004 nonaginta
1396 956 1587 996 novem
1621 944 1686 1008 ’³,
1721 947 1785 997 ad
1816 962 1973 1000 unam
2014 949 2134 1003 illan

2267 950 2410 1002 κατὰ
2443 950 2543 1021 τὴν
2582 954 2769 1021 κοινὴν
2820 953 2915 1006 καὶ
2946 953 3149 1025 συνήθη
3170 928 3289 1008 ’τῶν
3319 928 3459 1009 δλων
3487 928 3810 1030 δημιουργίαν

573 1029 845 1075 errantem
876 1029 1192 1092 accesserit,
1218 1044 1377 1097 quam
1403 1042 1456 1086 et
1486 1034 1537 1087 in
1571 1036 1825 1093 humeros
1861 1042 2134 1097 sustulerit

2266 1040 2412 1111 λόγῳ
2460 1043 2555 1094 καὶ
2602 1044 2704 1111 τὴν
2752 1044 3029 1114 ἡμετέραν
3098 1044 3262 1114 φύσιν
3322 1029 3682 1104 ἀνέπλασεν-ν
3713 1053 3808 1104 ἀλλ’

574 1108 760 1179 Neque
811 1115 953 1169 enim
1004 1124 1277 1176 communi
1326 1123 1412 1177 illa
1448 1135 1501 1179 et
1546 1129 1741 1181 usitata
1777 1133 2010 1198 ratione,
2054 1150 2134 1204 qu:

2265 1108 2405 1206 ὅπερ
2431 1136 2477 1166 ⁸⁵
2505 1135 2592 1188 ἐπ’
2629 1108 2843 1200 ούδενδς
2870 1108 2981 1190 τών
3012 1108 3185 1191 ἄλλων
3209 1140 3488 1211 ἠνέσχετο,
3512 1142 3606 1195 οὑκ
3634 1143 3711 1196 ἐπ’
3731 1146 3812 1213 ἀγ-

575 1203 887 1259 universum
919 1211 1142 1277 creavit,
1174 1217 1341 1269 verbo
1373 1231 1589 1288 quoque
1625 1233 1878 1278 naturam
1916 1236 2134 1281 nostran

2264 1203 2458 1293 γέλων,
2507 1228 2608 1280 οὐκ
2657 1229 2745 1281 ἐπ’
2776 1228 2943 1299 ἄλλης
2990 1230 3135 1294 τινδς
3181 1203 3419 1301 φύσεώς,
3455 1203 3607 1288 τοῦτο
3639 1235 3722 1288 ἐπὶ

576 1298 889 1358 reformavit
928 1325 942 1361 :
994 1308 1087 1362 sed
1130 1312 1272 1377 quod
1308 1328 1405 1381 pro
1452 1329 1510 1366 re
1536 1315 1678 1369 nulla
1711 1317 1813 1371 alia
1853 1322 2116 1374 sustinuit

2263 1318 2373 1371 τῶν
2426 1317 2730 1391 ἀνθρώπων
2780 1298 2986 1391 ὑπέστη
3044 1298 3324 1394 σωτηρίᾳ,
3387 1325 3510 1378 ἀντὶ
3568 1298 3810 1381 Δεσπότού

573 1406 679 1447 non
731 1411 829 1463 pro
882 1400 1138 1467 angelis,
1184 1419 1288 1457 non
1339 1420 1438 1473 pro
1490 1406 1593 1462 ulla
1630 1409 1733 1463 alia
1787 1421 2001 1477 natura,
2060 1413 2134 1469 ho.

2262 1408 2450 1474 δοῦλος
2483 1412 2852 1483 χρηματίσας.
2885 1413 3127 1476 Είκότως
3178 1409 3271 1467 οὖν
3305 1415 3350 1448 ⁸⁸
3379 1416 3475 1469 καὶ
3502 1417 3809 1482 καταλιπεῖν,

574 1485 639 1537 ad
680 1486 960 1543 hominum
1001 1492 1252 1548 toleravit
1296 1495 1549 1562 salutem,
1583 1514 1774 1557 servus
1804 1518 1901 1572 pro
1938 1505 2161 1560 domino

576 1578 971 1638 isctulelerito
990 1585 1333 1658 igitur,quod
1354 1592 1513 1645 modo
1530 1593 1852 1661 referebam,
1875 1596 2134 1667 reliquias!

2264 1594 2703 1668 παραδοξότερον
2732 1598 2827 1650 καί⁹
2858 1596 3309 1669 θαυμασιώτερον
3352 1600 3453 1670 τῆς
3480 1578 3812 1671 δημιουργίας

570 1687 690 1725 eum
732 1688 861 1729 oves
910 1680 1203 1748 nonaginta
1246 1682 1350 1737 dici
1382 1700 1397 1749 ;
1431 1686 1686 1753 parabola
1739 1689 1994 1744 nimirum
2030 1692 2132 1746 aeni

2264 1686 2617 1761 ἀναχώρησίν
2657 1706 2715 1742 τε
2773 1690 2867 1743 καὶ
2916 1691 3253 1760 μετάστασιν
3300 1693 3395 1745 καὶ
3434 1691 3533 1764 τὴν
3579 1694 3672 1764 τῆς
3710 1712 3811 1747 σνν-

570 1765 798 1832 grnatice
828 1767 1117 1835 indicante,
1138 1788 1239 1828 non
1269 1784 1474 1828 tantum
1512 1777 1577 1831 ad
1615 1779 1947 1847 inopinatum
1984 1784 2134 1853 magi:

2264 1780 2457 1851 ηθείας
2482 1781 2838 1852 καινοτομίαν
2865 1784 2964 1852 τῆς
2985 1784 3301 1855 παραϐολῆς
3330 1786 3809 1857 αἰνιγματιζοὺσης,

568 1870 701 1922 opus
720 1859 996 1930 magisque
1014 1864 1329 1921 admirabile
1342 1884 1503 1938 quam
1521 1872 1590 1924 sit
1608 1874 1963 1940 creatio,eum
1982 1891 2134 1931 reces

2264 1874 2357 1927 καὶ
2387 1873 2463 1937 ὡς
2487 1874 2549 1927 οὐ
2581 1874 2705 1927 καθ’
2734 1873 2794 1927 ὃν
2823 1875 3026 1946 τρόπον
3052 1875 3111 1928 τὸ
3142 1878 3250 1929 πᾶν
3278 1876 3338 1941 ἐξ
3377 1879 3552 1949 ἀρχῆς
3582 1881 3811 1949 συνεστή-

568 1946 702 2000 sisse
716 1959 880 2019 atque
900 1955 1332 2022 transivisse,sed
1349 1959 1517 2029 ipsam
1532 1962 1693 2016 etiam
1709 1967 2134 2022 consuetudinea

2263 1983 2415 2027 σατο,
2464 1966 2602 2020 ἀλλὰ
2635 1969 2979 2039 καινοπρεπῆ
3028 1985 3089 2021 τε
3139 1970 3235 2021 καὶ
3268 1946 3428 2040 ὑπὲρ*
3456 1946 3630 2024 πάντα
3677 1946 3811 2040 λόγον

569 2037 877 2107 innovasse,
898 2059 1019 2098 cum
1051 2061 1155 2101 non
1188 2063 1254 2103 eo
1289 2050 1466 2118 modo,
1498 2069 1602 2120 quo
1629 2054 1782 2110 initio
1814 2056 1917 2111 hoc
1942 2058 2134 2113 univer

2263 2059 2354 2112 τὸν
2382 2060 2650 2129 ῆμέτεοον
2684 2037 3078 2131 ἀνακαινισμδν
3108 2037 3487 2133 ἐξειργάσατο.

568 2146 688 2187 sum
709 2138 974 2207 condidit,
997 2142 1091 2196 sed
1107 2158 1245 2195 novo
1282 2150 1538 2213 quodam,
1560 2148 1759 2219 quique
1782 2151 1923 2204 nulla
1951 2155 2155 2210 oratio-

570 2240 638 2280 ne
661 2228 893 2296 exprimi
922 2234 1112 2300 possit,
1135 2238 1785 2296 renovationemnostram
1818 2243 2129 2313 perfecerit.

636 2317 728 2373 15.
761 2320 927 2375 Addit
960 2327 1198 2393 insuper,
1236 2327 1383 2398 justa
1418 2345 1540 2385 cum
1572 2334 1779 2389 ratione
1808 2351 1872 2392 ac
1906 2352 2156 2393 necessa-

568 2410 650 2464 rio
688 2411 920 2469 Verbum
977 2419 1133 2475 nobis
1160 2435 1257 2489 per
1290 2439 1506 2479 carnem
1551 2427 1782 2482 salutem
1811 2444 1933 2485 esse
1958 2446 2155 2501 Opera-

568 2515 701 2559 tum.
746 2505 975 2574 Quando
1004 2513 1146 2566 enim
1187 2514 1297 2582 jam
1345 2528 1502 2573 antea
1542 2521 1689 2576 omni
1724 2522 1827 2577 alia
1859 2526 1945 2579 via
1977 2541 2041 2580 ac
2068 2541 2157 2580 ra-

566 2595 708 2651 tione
732 2596 929 2653 frustra
949 2600 1190 2658 adbibita
1245 2606 1468 2677 (etenim
1504 2621 1558 2667 et
1582 2616 1881 2684 propheta),
1903 2627 1957 2672 et
1976 2620 2134 2690 popul

2256 2596 2364 2667 γὰρ
2418 2600 2515 2651 καὶ
2566 2600 2846 2670 προφῆται
2895 2603 2990 2655 καὶ
3056 2603 3382 2673 δημαγωγοὶ
3436 2606 3532 2657 καὶ
3584 2606 3808 2675 ὑπερφυῆ

563 2688 746 2757 duces,
775 2699 829 2745 et
865 2694 1094 2750 miriﬁca
1124 2699 1392 2770 prodigia,
1434 2713 1490 2758 et
1528 2697 1817 2771 beneficia,
1857 2686 2126 2779 minaeque

2257 2686 2462 2758 τέρατα
2523 2690 2837 2761 εὐεργεσίαι
2900 2711 2960 2746 τε
3004 2696 3099 2748 καὶ
3142 2695 3366 2749 ἀπειλαὶ
3427 2698 3522 2749 καὶ
3578 2697 3810 2767 τιμωρίαι

564 2795 627 2834 ac
658 2796 849 2850 paenae,
879 2787 959 2840 vel
987 2802 1049 2842 ex
1077 2800 1230 2860 parte
1253 2794 1336 2848 vel
1368 2795 1531 2849 etiam
1563 2798 1616 2851 in
1650 2798 1963 2855 universum
1991 2801 2134 2873 [prae

2261 2775 2388 2849 [589
2411 2778 2506 2852 IL]
2534 2782 2690 2836 τοῦτο
2713 2785 2812 2854 μὲν
2849 2787 2941 2839 ἐπὶ
2974 2789 3196 2858 μέρους,
3233 2787 3395 2842 τοῦτο
3421 2788 3477 2841 δὲ
3515 2790 3607 2842 καὶ
3629 2789 3808 2856 παγκόο

561 2874 899 2950 cesserant])
937 2881 1227 2936 humanum
1262 2894 1442 2941 tamen
1483 2890 1725 2957 genusin
1758 2892 1953 2947 melius
1983 2904 2134 2948 muta

2261 2875 2431 2942 σμιοι)
2487 2875 2609 2926 ἐπεὶ
2648 2875 2709 2928 τὸ
2764 2876 3109 2950 ἀνθρώπινον
3150 2881 3249 2950 τὴν
3295 2881 3434 2952 πρὸς
3489 2881 3555 2936 τὰ
3602 2883 3809 2951 κρείττω

562 2962 764 3021 tionem
834 2970 1031 3026 nullam
1103 2974 1366 3042 admisit,
1452 2981 1781 3050 morbusque
1842 2984 2126 3040 insanabili

2265 2965 2570 3036 μεταϐολὴν
2619 2968 2719 3020 οὐκ
2763 2970 3074 3038 ἠσπάσατο,
3120 2972 3181 3024 τὸ
3222 2973 3279 3025 δὲ
3330 2974 3546 3045 νόσημα
3602 2975 3726 3047 πρὸς
3758 2974 3810 3025 τὸ

561 3060 739 3127 potius
772 3059 950 3118 factus
981 3074 1065 3119 est
1096 3085 1110 3121 :
1143 3083 1206 3122 ex
1238 3070 1564 3126 necessitate
1586 3074 1795 3128 scilicet
1826 3084 1963 3141 tum,
1997 3090 2134 3148 atqui

2260 3057 2476 3110 ἀνίατον
2500 3060 2698 3128 μᾶλλον
2722 3062 2941 3130 ἐχώρει,
2966 3064 3109 3118 κατὰ
3138 3064 3198 3117 τὸ
3226 3067 3563 3133 ἀναγακαῖον
3592 3070 3678 3120 καί
3697 3067 3805 3120 ἀκό-

558 3155 973 3223 consequentia,
1007 3157 1090 3212 vel
1115 3159 1292 3228 potius
1316 3176 1380 3214 ex
1413 3162 1664 3219 inell‘abili
1688 3168 1945 3225 bonitatis
1977 3145 2134 3225 abun-

2261 3145 2470 3213 λουθον,
2520 3150 2720 3219 μᾶλλον
2757 3151 2813 3203 δὲ
2860 3154 3085 3225 ἀρρήτῳ
3131 3156 3551 3227 φιλανθρωπίας
3594 3158 3804 3226 πλούτῳ,

558 3242 765 3308 dantia,
821 3243 1057 3301 Verbum
1115 3253 1419 3322 (assumpta
1478 3256 1665 3326 carne)
1724 3258 1918 3314 ducem
1972 3276 2032 3317 se
2084 3278 2134 3316 at

2255 3240 2320 3290 έα
2334 3242 2458 3293 υτὶιν
2486 3243 2513 3293 ό
2544 3242 2738 3311 Λόγος,
2773 3245 2953 3315 σάρκα
2990 3247 3335 3317 προσλαϐὼν,
3382 3252 3694 3322 καθηγητὴν
3729 3256 3805 3304 καὶ

559 3347 971 3407 ριἐερθριοι-οηι,
1000 3348 1164 3410 atque
1190 3344 1607 3401 instauratorem
1640 3351 1780 3406 bona
1817 3368 1939 3407 cum
1970 3354 2134 3410 Patris

2251 3330 2574 3385 διδάσκαλον
2623 3337 2716 3389 καὶ
2761 3338 3175 3409 ἁνακαινιστὴν,
3224 3342 3448 3415 εὐδοκία
3490 3344 3692 3416 Πατρός
3728 3344 3805 3397 καὶ

559 3431 856 3497 voluntate,
884 3442 1072 3487 sancto
1094 3432 1256 3488 etiam
1283 3436 1489 3505 Spiritu
1515 3452 1864 3509 cooperante,
1894 3446 2134 3515 praebuit.

2252 3429 2515 3500 συνεργίᾳ
2544 3428 2637 3481 τοῦ
2674 3429 2832 3498 ἁγίου
2876 3430 3219 3501 Πνεύματος,
3256 3434 3611 3508 εἰσηγήσατο.
3646 3440 3703 3489 '0
3726 3437 3805 3488 καὶ

559 3526 733 3589 Quam
784 3523 947 3578 etiam
979 3539 1101 3579 esse
1131 3541 1350 3581 causam
1389 3532 1868 3601 contemplationis
1901 3546 2134 3593 amantes

2248 3522 2419 3575 αἴτιον
2449 3525 2559 3585 τοῖς
2625 3522 3014 3595 φιλοθεάμοσιν
3058 3528 3253 3597 ὁρᾶται
3299 3527 3398 3581 τοῦ
3447 3530 3534 3582 ἐπ’
3586 3530 3804 3599 ἐσχάτων

552 3617 869 3682 observant,
902 3630 1001 3672 cur
1037 3619 1344 3674 novissimis
1387 3622 1606 3677 demum
1646 3627 1997 3694 temporibus,
2033 3645 2134 3684 non

2246 3611 2356 3666 τῶν
2388 3613 2634 3685 ἡμερῶν,
2658 3615 2755 3668 καὶ
2796 3616 2875 3687 μὴ
2902 3617 2962 3680 ἐξ
2991 3618 3189 3687 ἀρχῆς,
3215 3619 3297 3682 είς
3333 3620 3515 3692 σάρκα
3540 3624 3627 3675 τὸν
3654 3622 3803 3688 Λόγον

2261 1502 2338 1565 ὡς
2379 1504 2537 1571 ἔφην,
2568 1504 2637 1556 τὰ
2691 1505 2773 1571 ιβ’
2804 1505 3052 1576 πρόϐατα
3098 1505 3389 1575 λέγεσθαι,
3446 1507 3543 1580 τὴν
3580 1510 3656 1573 είς
3705 1510 3812 1565 ἄλλο

2332 2325 2416 2373 ιε’.
2456 2316 2592 2375 Εἶτά
2618 2338 2781 2392 φησιν
2815 2322 3053 2393 εὐλόγως
3078 2342 3137 2378 τε
3161 2327 3253 2379 καὶ
3283 2327 3598 2395 ἀναγκαίως
3626 2328 3714 2399 τὴν
3737 2328 3811 2383 διὰ

2260 2414 2465 2484 σαρκὸς
2491 2416 2768 2487 σωτηρίαν
2800 2417 2891 2471 τὸν
2906 2417 3079 2487 Λόγον
3107 2420 3241 2490 ἡμῖν
3276 2421 3806 2493 πραγματεύσασθαι.

2260 2503 2449 2574 Πάσης
2477 2507 2587 2578 γὰρ
2617 2506 2784 2577 ἄλλης
2817 2508 3042 2578 μεθόδου
3068 2512 3613 2585 προκαταϐληθείσης
3639 2514 3680 2545 ⁵⁸
3712 2514 3810 2584 (καὶ

559 3710 627 3762 ah
656 3708 831 3772 initio,
868 3709 933 3762 ad
964 3724 1184 3766 carnem
1226 3728 1396 3782 usque
1430 3713 1663 3770 Verbum
1700 3717 1860 3772 fuerit
1894 3720 2142 3775 exinani-

558 3812 694 3856 tum.
748 3801 881 3856 Cum
912 3803 1059 3859 enim
1085 3808 1483 3873 praecedentem
1515 3825 1728 3866 omnem
1761 3829 1945 3869 curam
1976 3826 2138 3887 atque

556 3895 951 3963 providentiam
985 3912 1090 3952 non
1123 3900 1479 3956 admitterent
1510 3903 1544 3955 ii
1572 3904 1767 3972 quibus
1790 3905 1904 3962 haec
1928 3908 2135 3979 impen-

553 3985 803 4052 debatur,
849 3995 962 4042 tum
1016 3989 1251 4059 denique
1307 3994 1619 4049 novissimis
1665 3999 2000 4066 temporibus
2038 4016 2136 4070 per

550 4077 787 4144 scipsum
819 4089 1060 4133 nostram
1095 4096 1383 4150 reparasse
1414 4093 1686 4138 naturam.

625 4167 820 4236 1850
851 4167 946 4223 His
966 4168 1129 4223 aliam
1146 4170 1436 4238 quamdam
1458 4173 1697 4229 adnectit
1734 4178 2085 4246 quaestionem
2111 4222 2129 4247 ,

548 4273 670 4328 quan
726 4267 915 4313 contra
947 4259 1109 4329 objici
1158 4274 1318 4329 posse
1344 4261 1612 4317 videatur.
1664 4263 1771 4320 Sed
1819 4270 2125 4336 oportebat,

2246 3707 2571 3777 κενωθῆναι,
2608 3708 2745 3761 ἀλλὰ
2778 3708 2958 3779 πάσης
2992 3708 3230 3778 σπουδῆς
3268 3712 3365 3764 καὶ
3405 3714 3658 3782 προνοίας
3680 3715 3801 3784 ἡγη-

2243 3800 2511 3870 σαμένης,
2550 3796 2669 3855 εἶτα
2703 3801 2910 3871 ταύτην
2953 3801 3014 3853 οὑ
3062 3802 3512 3874 προσδεχομένων
3542 3805 3647 3859 τῶν
3684 3821 3800 3875 προσ

2238 3892 2571 3961 νοουμένων,
2615 3890 2761 3945 οὕτω
2816 3891 3002 3943 λοιπὸν
3039 3895 3249 3962 καιροῖς
3279 3895 3536 3965 ἐσχάτοις
3566 3897 3632 3951 δι’
3655 3896 3796 3950 αὑτοῦ

2235 3983 2336 4052 τὴν
2367 3984 2524 4054 ἡμῶν
2549 3983 2736 4039 οὐσίαν
2757 3982 3168 4040 ἀνασώσασθαι.

2305 4184 2528 4247 Τούτοις
2577 4184 2810 4254 ἀπορίαν
2876 4185 3139 4239 συνάπτει
3196 4186 3271 4250 ὠς
3332 4186 3393 4252 ἐξ
3441 4189 3795 4258 ἀνθυποφορᾶς

2230 4277 2676 4348 προτεινομένην.
2714 4278 2852 4331 Ἀλλ’
2885 4279 3014 4345 ἔδει,
3043 4281 3200 4349 φασὶ,
3246 4282 3338 4335 τὸν
3379 4284 3663 4356 ἄνθρωπον
3712 4284 3795 4340 ἀπ’

548 4352 721 4414 aiunt,
770 4351 1043 4405 hominem
1092 4351 1161 4406 ab
1195 4352 1427 4421 ipsumet
1477 4353 1743 4424 principio
1795 4359 2021 4426 probum
2061 4376 2125 4416 ac

2238 4370 2404 4439 αρχῆς
2431 4369 2594 4423 καλόν
2618 4387 2676 4423 τε
2698 4370 2792 4423 καὶ
2815 4370 3019 4439 ἀγαθὸν
3039 4371 3353 4441 ὑφεστάναι,
3377 4376 3468 4431 ἵνα
3486 4351 3641 4450 -μήτε
3675 4378 3795 4449 πρά-

550 4443 747 4496 bonum
788 4442 1047 4497 constitui
1081 4458 1098 4507 ;
1154 4458 1262 4512 quo
1291 4458 1465 4512 neque
1509 4446 1879 4501 molestiarum
1916 4459 2120 4506 tantum

2238 4438 2419 4532 γματα
2451 4462 2683 4516 τοσαῦτα
2719 4466 2969 4535 παρεῖχε,
3023 4438 3162 4535 ῥέων
3190 4482 3249 4519 τε
3288 4469 3531 4539 συνεχῶς
3560 4471 3688 4542 πρὸς
3734 4470 3792 4521 τὶ

546 4530 859 4595 facessat-et,
898 4546 1020 4585 cmn
1047 4532 1113 4585 ad
1135 4530 1404 4584 deteriora
1440 4534 1781 4588 continenter
1820 4534 2125 4599 detinenda,

547 4621 862 4676 multiformi
912 4621 1048 4675 adeo
1080 4636 1143 4676 ac
1184 4622 1331 4676 varia
1357 4624 1713 4692 gubernantis
1751 4624 1845 4680 Dei
1897 4643 2026 4682 cura
2056 4631 2125 4684 ad

544 4716 774 4770 salutem
819 4715 1242 4785 recuperandam
1283 4715 1587 4786 indigeret:
1631 4734 1808 4788 neque
1840 4736 1936 4790 per
1982 4722 2125 4790 inju-

544 4807 682 4860 riam
718 4807 1007 4877 aliquando
1032 4807 1350 4872 violaretur,
1382 4809 1525 4875 quod
1556 4811 1723 4864 semel
1764 4812 1829 4864 ad
1862 4812 1953 4867 Dei
1981 4814 2123 4868 ima-

541 4898 723 4968 ginem
763 4901 1041 4954 conditnm
1084 4900 1295 4955 fuisset.
1353 4897 1527 4967 Objici
1559 4902 1675 4956 haec
1722 4904 1938 4972 quidem
1972 4906 2047 4959 ait
2104 4922 2120 4961 :

542 5007 731 5047 verum
763 4995 955 5047 audire
989 4992 1295 5061 huiusmodi
1322 4991 1571 5046 homines
1596 4993 1666 5048 ab
1695 4994 1805 5063 ipsa
1832 4993 2071 5052 Veritate
2104 5018 2122 5055 :

542 5084 750 5150 Petitis,
797 5096 845 5139 et
892 5102 995 5138 non
1044 5085 1304 5152 accipitis,
1357 5100 1417 5138 eo
1445 5084 1586 5155 quod
1635 5085 1774 5139 male
1822 5090 2008 5157 petatis
2053 5091 2122 5147 “.

539 5178 680 5244 Quin
730 5187 785 5232 et
833 5178 963 5231 illud
1004 5178 1222 5247 insuper
1245 5193 1312 5232 ex
1360 5176 1443 5231 his
1492 5177 1790 5233 absurdum
1841 5186 2124 5250 consequi,

539 5272 682 5339 quod
737 5270 831 5324 Dei
894 5285 1067 5340 neque
1124 5271 1485 5339 providentia,
1550 5288 1724 5341 neque
1767 5274 1971 5342 judicio
2013 5277 2123 5331 ullo

538 5364 697 5417 modo
750 5365 1014 5427 contenti,
1070 5364 1244 5432 ipsum
1284 5366 1621 5417 conditorem
1681 5367 1841 5419 velint
1902 5384 1964 5422 ex
2021 5386 2121 5424 suo

607 5521 652 5551 ’³
683 5519 811 5573 Ltlt'.
857 5538 944 5584 xv,
998 5524 1050 5576 4.
1130 5524 1174 5552 ’⁸
1203 5522 1315 5576 Jac.
1370 5540 1444 5583 ιγ,
1478 5525 1530 5577 3.

2232 4554 2399 4627 χείρω
2444 4555 2537 4609 καὶ
2587 4555 2676 4608 διὰ
2706 4555 2864 4608 τοῦτο
2912 4555 3251 4628 πολυτρόπου
3311 4558 3450 4631 [504
3480 4564 3547 4617 Η.
3574 4563 3588 4635 ]
3615 4580 3671 4617 τε
3710 4564 3792 4615 καὶ

2234 4646 2487 4715 ποικίλης
2535 4647 2847 4717 οίκονομίας
2884 4650 2965 4711 είς
3006 4648 3068 4701 τὸ
3127 4650 3480 4723 ἀνασωθῆναι
3538 4655 3787 4725 δεόμενος,

2237 4738 2373 4808 μήτε
2403 4739 2465 4792 τὸ
2502 4739 2650 4803 ἆπαξ
2702 4742 2822 4793 κατ’
2876 4739 3063 4793 εἰκόνα
3105 4740 3241 4794 Θεοῦ
3269 4744 3669 4819 δημιουργηθὲν
3712 4746 3788 4798 sv-

2231 4828 2523 4900 υόρίζοιτο.
2574 4830 2714 4883 Ἀλλ’
2748 4831 2780 4900 ἡ
2812 4831 2910 4899 μὲν
2941 4830 3212 4897 ἀντίθεσις
3263 4836 3488 4909 τοιαύτη
3514 4853 3529 4867 ο
3583 4836 3788 4891 ἀκούσε-

2232 4918 2324 4973 σθε
2359 4922 2404 4951 ⁸⁷
2435 4921 2492 4973 δὲ
2527 4921 2656 4990 ἄρα,
2693 4923 2849 4990 φησὶ,
2878 4925 3005 4987 τοὺς
3037 4926 3311 4988 τοιούτους
3336 4930 3491 4999 παρὰ
3522 4929 3617 4998 τῆς
3654 4927 3789 4993 ’Λλη-

2231 5011 2401 5077 θείας,
2428 5012 2503 5075 ὡς
2519 5014 2735 5067 Αἰτεῖτε
2751 5014 2797 5045 ⁵⁸
2816 5016 2913 5068 καὶ
2936 5018 3007 5070 οὐ
3023 5018 3371 5087 λαμϐάνετε,
3390 5020 3539 5074 διότι
3560 5020 3740 5085 κακῶς
3750 5019 3789 5049 ⁸⁹

2230 5104 2510 5158 αἰτεῖσθε.
2545 5105 2704 5159 Ἀλλά
2733 5107 2827 5159 καὶ
2854 5107 3041 5178 ἕτερον
3064 5111 3247 5173 αὐτοῖς
3277 5111 3478 5165 ἄτοπον
3502 5115 3545 5146 ⁶⁰
3562 5112 3783 5172 ἕπεσθαι,

2231 5195 2291 5248 τὸ
2316 5194 2390 5265 μὴ
2406 5196 2503 5265 τὴν
2525 5197 2779 5265 πρόνοιαν
2801 5199 2895 5251 καὶ
2923 5200 3023 5269 τὴν
3046 5201 3222 5269 κρίσιν
3248 5200 3346 5272 τὴν
3366 5203 3516 5256 θείαν
3535 5205 3782 5272 στέργειν,

2233 5288 2430 5349 αὐτοὺς
2453 5289 2499 5340 δ’
2517 5289 2771 5342 ἀπαιτεῖν
2802 5292 2891 5342 τὸν
2923 5290 3169 5361 πλάστην
3188 5294 3309 5353 ταῖς
3338 5294 3559 5346 ἐκείνων
3589 5292 3785 5362 βουλαῖς

2229 5393 2287 5428 τε
2310 5378 2403 5429 καὶ
2428 5377 2676 5446 γνώμαις
2706 5379 3005 5433 τυποῦσθαί
3026 5398 3085 5433 τε
3119 5382 3212 5434 καὶ
3232 5381 3686 5453 μεθαρμόζεσθαι,
3703 5382 3784 5434 καὶ

1832 5661 2066 5717 VARUE
2109 5662 2513 5721 LECTIONES.

605 5753 652 5783 ⁸³
672 5753 729 5805 τὸ
767 5754 982 5825 κατ-αλ.Ι
1009 5755 1139 5809 Luc.
1170 5772 1256 5817 xv,
1292 5758 1342 5809 4.
1419 5756 1465 5787 5"
1492 5757 1627 5825 ὅπερ
1658 5757 1698 5809 Λ
1740 5774 1752 5809 :
1786 5758 1978 5825 ὅτιπερ
2006 5774 2067 5819 ς.
2105 5827 2115 5839 ο
2144 5758 2191 5788 ⁵⁵
2225 5754 2578 5839 ιτῦνΔ3άιΙ..Α.
2658 5760 2706 5792 ⁸⁸
2734 5765 3242 5839 προκαταλυθείσης
3272 5787 3331 5833 ς’.
3400 5770 3440 5800 ³⁷
3498 5767 3775 5823 ἁκούεσθιι

530 5823 676 5877 libri.
752 5824 798 5855 ⁸⁸
824 5823 1046 5896 αἰτεῖτε]
1077 5825 1268 5880 Jacob.
1315 5843 1386 5892 tv,
1456 5828 1509 5879 5.

1596 5827 1639 5857 ⁵³
1702 5827 1848 5880 κακά
1882 5844 1943 5889 ς.
2020 5828 2063 5857 ⁶⁰
2088 5827 2289 5882 ἄτοπον
2318 5828 2355 5881 Λ
2395 5846 2408 5882 :
2440 5829 2601 5883 τόπον
2634 5848 2693 5895 ς.
