4014 6416
274 423 379 490 ’ἲίθ

1364 416 1892 480 BIBLIOTHECA.
1930 440 2000 452 -
2028 416 2193 477 COD.
2222 412 2487 475 CCXXII

3422 413 3533 478 750

272 538 412 594 κατά
438 536 538 599 τὰς
569 534 795 589 ἐκείνων
827 532 1067 606 ψήφους,
1097 531 1200 588 κᾶν
1225 532 1306 595 εἰς
1332 532 1505 599 αὐγὰς
1530 531 1683 584 obsto)
1723 530 1854 600 ἥκα-

1962 526 2192 581 consilio
2223 535 2386 595 atque
2408 523 2682 579 voluntate
2697 533 2747 578 et
2780 522 3025 592 formari,
3054 534 3109 582 et
3134 525 3529 587 reconcinnari.

274 646 356 685 σιν
388 628 563 700 ἡλίου,
597 629 696 699 τὴν
740 627 1104 699 δημιουργίαν
1139 622 1588 680 κατευθύνεσθαι.
1623 622 1741 674 Ἔτι
1795 621 1853 673 δὲ

274 721 391 790 ἄμα
426 735 487 771 τε
513 719 563 771 οί
595 718 749 771 αὐτοὶ
789 716 952 770 καλὸν
987 716 1084 770 καὶ
1115 714 1317 785 φαῦλον
1363 713 1477 767 δεῖν
1502 713 1548 745 *ί
1596 707 1735 764 εἶναι
1764 713 1854 764 τὸν

275 812 562 884 ἄνθρωπον
594 811 979 880 ἀποφαίνουσι.
1014 810 1088 863 Τὸ
1137 807 1246 878 γὰρ
1277 807 1441 860 καλὸν
1468 805 1566 877 μὲν
1596 799 1735 858 εἶναι
1759 804 1855 874 ζη-

270 908 403 968 τεῖν,
431 904 648 975 ἀνάγκῃ
679 903 736 956 δέ
769 902 880 976 [τὸ]
916 901 1155 956 τοιοῦτον
1185 896 1321 953 εἶναι
1354 899 1766 970 προσαπαιτεῖν,
1794 895 1853 949 τό

271 1015 328 1052 τε
361 997 711 1061 αὐτεξούσιον
759 998 908 1049 ἐστιν
955 993 1195 1062 ἀφελεῖν,
1226 992 1321 1045 καὶ
1378 989 1547 1061 μηδὲν
1573 983 1648 1041 ὧν
1677 988 1854 1059 πράτ-

271 1106 454 1141 τουσιν
477 1086 753 1157 ἄνθρωποι
796 1085 934 1154 μήτε
966 1084 1136 1154 γέρας
1164 1078 1301 1134 εἶναι
1334 1081 1474 1151 μήτε
1527 1077 1799 1131 ἀντίδοσιν
1830 1092 1846 1108 ο

271 1177 330 1229 τὸ
354 1180 463 1248 γάρ
482 1176 734 1229 ἀκούσιον
754 1174 876 1227 οὔτε
899 1175 1165 1245 ἔμμισθον
1185 1171 1308 1225 οὔτε
1330 1171 1652 1225 ὑπεύθυνον.
1670 1169 1851 1233 Ἀλλὰ,

274 1267 402 1330 Ναὶ,
438 1285 572 1336 φησι
599 1284 613 1298 ~
645 1266 698 1318 τί
727 1266 835 1336 γὰρ
871 1264 1096 1327 ἐκώλυε,
1131 1264 1382 1333 καθάπερ
1409 1264 1535 1327 τοὺς
1566 1263 1851 1332 ἀγγέλους,

272 1357 413 1411 οὕτω
444 1359 536 1410 καὶ
592 1358 717 1420 τοὺς
750 1356 1069 1428 ἀνθρώπους
1107 1355 1350 1409 ἐκτίσθαι
1384 1374 1398 1423 ;
1434 1355 1529 1410 καὶ
1559 1355 1665 1426 μὴν
1716 1354 1854 1407 κάπὶ

272 1447 383 1500 τῶν
413 1447 664 1514 ἀγγέλων
689 1448 721 1517 ἡ
749 1445 942 1516 γνώμη
973 1449 1181 1515 κρατεῖ,
1234 1447 1328 1499 καὶ
1381 1445 1533 1499 οὐδὲν
1570 1445 1688 1498 κατ’
1718 1444 1851 1497 ἀνά-

274 1556 417 1609 γκην
442 1540 625 1602 αὐτοῖς
651 1539 969 1610 πράττεται.
1000 1540 1108 1591 Καὶ
1136 1539 1344 1609 μάρτυς
1362 1541 1389 1592 ὁ
1412 1537 1659 1591 ἐκπεσὼν
1683 1537 1852 1589 Ἐωσο

273 1631 459 1701 φόρος,
497 1631 591 1683 καὶ
621 1631 746 1684 ὅσον
802 1628 951 1700 αὐτῷ
993 1630 1301 1702 συναπέστη
1336 1630 1501 1698 φῦλον
1548 1629 1847 1698 δαιμόνιον.

272 1722 398 1784 Πῶς
424 1721 481 1773 δέ
512 1722 604 1775 καὶ
623 1722 843 1791 ἄμεινον
873 1722 992 1775 κατ’
1017 1722 1279 1790 ἀγγέλους
1309 1722 1683 1792 προαχθῆναι,
1718 1723 1850 1775 ὅπου

273 1816 334 1868 τὸ
366 1815 466 1884 μὲν
489 1813 831 1884 ἁμαρτάνειν
889 1816 949 1867 ἐν
977 1814 1164 1876 αὐτοῖς
1216 1814 1586 1885 ἀμετανόητον
1617 1818 1710 1866 καί¹
1763 1812 1853 1866 διὰ

1962 618 2239 686 ipsamque
2289 617 2427 670 adeo
2459 614 2641 669 mundi
2680 613 3012 671 molitionem
3056 633 3154 673 suo
3178 633 3247 674 ex
3288 619 3529 682 decreto,

1959 709 2173 763 etiamsi
2225 717 2351 761 tunc
2401 707 2574 762 lucem
2632 707 2869 763 nondum
2925 709 3294 778 aspexissent,
3349 712 3528 782 dirigi.

1959 801 2107 855 Idem
2149 798 2345 872 [addit]
2388 800 2514 854 illud
2547 813 2762 869 quoque
2794 799 2941 855 clare
2977 802 3366 866 demonstrant,
3402 819 3530 873 pro-

1962 892 2091 947 bum
2144 892 2306 947 simul
2353 903 2408 947 et
2446 891 2746 961 improbum
2776 907 2897 947 esse
2945 893 3217 948 hominem
3256 905 3508 964 oportere

1963 983 2099 1038 Dum
2138 986 2283 1039 enim
2338 987 2563 1053 probum
2609 985 2823 1053 quidem
2874 984 3021 1038 illum
3069 1000 3190 1041 esse
3230 986 3433 1052 volunt,
3479 994 3534 1041 et

1961 1079 2119 1133 simul
2150 1080 2460 1134 necessario
2488 1079 2647 1132 talem
2676 1093 2796 1133 esse
2824 1079 3116 1147 postulant,
3158 1094 3264 1133 non
3299 1081 3530 1137 liberum

1958 1170 2133 1226 solum
2162 1171 2263 1225 hoc
2296 1181 2453 1240 pacto
2480 1170 2672 1225 tollunt
2702 1170 3010 1235 arbitrium,
3037 1174 3134 1227 sed
3168 1171 3370 1227 nullum
3399 1188 3533 1243 quo-

1959 1277 2064 1333 que
2090 1277 2279 1318 eorum
2320 1279 2439 1333 qua:
2477 1264 2546 1316 ab
2596 1263 2904 1317 hominibus
2953 1273 3211 1333 gerantur
3249 1268 3529 1334 praemium

1958 1368 2079 1410 esse
2125 1354 2209 1409 vel
2243 1353 2733 1409 remunerationem
2790 1364 3054 1409 statuunt.
3103 1355 3529 1411 lnvoluntariutn

1958 1447 2101 1501 enim
2146 1447 2285 1515 quod
2324 1454 2427 1509 est,
2455 1443 2509 1498 id
2554 1460 2727 1514 neque
2756 1448 3032 1514 pnemium
3074 1457 3327 1511 meretur,
3355 1464 3531 1517 neque

1959 1553 2133 1608 poenae
2165 1539 2255 1593 ulli
2283 1546 2369 1594 est
2400 1537 2714 1593 obnoxium.
2754 1537 2824 1591 At
2853 1549 3000 1593 certe
3025 1540 3154 1593 nihil
3188 1541 3528 1609 prohibebat,

1961 1629 2157 1698 inquit,
2209 1629 2397 1684 eadem
2467 1628 2717 1683 homines
2763 1629 3071 1684 conditione
3123 1645 3226 1699 qua
3284 1631 3527 1701 angelos,

1959 1722 2140 1789 condi.
2173 1719 2465 1775 Enimvero
2494 1721 2547 1774 in
2576 1719 2782 1789 angelis
2807 1719 3245 1776 voluntaslibera
3280 1723 3528 1778 domina-

1960 1819 2068 1877 tur,
2109 1820 2163 1865 et
2197 1809 2330 1863 nihil
2369 1809 2438 1864 ab
2465 1809 2572 1863 illis
2609 1808 2917 1863 necessario
2959 1808 3157 1877 agitur.
3216 1809 3394 1865 Testis
3442 1821 3525 1868 est

271 1904 435 1960 τοῦτο
468 1907 650 1975 πάσης
682 1904 1013 1974 συγγνώμης
1060 1904 1365 1976 ἀλλότριον,
1395 1906 1455 1959 τὸ
1479 1906 1536 1959 δὲ
1581 1905 1848 1977 ἡμέτερον

1959 1901 2204 1971 delapsus
2250 1900 2489 1966 Lucifer,
2530 1909 2585 1955 et
2636 1908 2902 1970 quotquot
2941 1915 3062 1954 cum
3109 1900 3222 1969 ipso
3254 1900 3529 1956 daemones

273 1995 427 2065 γένος
451 1999 545 2050 καὶ
570 1999 859 2063 πίπτοντες
889 1999 977 2053 διὰ
1000 2000 1287 2071 μετανοίας
1312 2001 1473 2055 πάλιν
1495 2001 1808 2055 ἀνίστανται
1836 2019 1851 2062 ;

273 2087 389 2141 ἐστι
421 2088 605 2158 μέντοι
640 2106 705 2158 γε
731 2091 868 2161 μετά
891 2090 986 2161 τὴν
1019 2091 1356 2162 Δεσποτικὴν
1408 2092 1702 2163 ἐπιδημίαν
1758 2094 1854 2145 καὶ⁵

276 2183 332 2234 ὲν
360 2179 671 2252 ἀνθρώποις
718 2182 856 2251 ἔργα
918 2183 1089 2251 μείζω
1125 2183 1363 2254 καθορᾷν
1394 2183 1427 2253 ἢ
1454 2184 1553 2237 ὅσα
1584 2185 1853 2255 πράττου-

275 2287 360 2322 σιν
394 2270 619 2338 ἄγγελοι
646 2286 661 2300 ⁸
700 2270 823 2325 Ἰδε
855 2271 962 2341 γὰρ
985 2272 1098 2341 ἐγὼ
1131 2273 1369 2337 Παῦλος
1390 2272 1546 2341 λέγω
1579 2272 1741 2341 ὑμῖν,
1772 2272 1852 2338 ὡς

274 2365 329 2417 εί
355 2363 459 2417 καὶ
500 2364 544 2395 “
567 2364 823 2433 ἅγγελος
864 2364 932 2428 ἐξ
955 2365 1215 2432 οὐρανοῦ
1237 2364 1672 2434 εὐαγγελίζεται
1710 2363 1854 2433 ὑμῖν

271 2456 412 2523 παρ’
461 2454 493 2509 ὃ
537 2455 922 2522 παρελάϐετε,
952 2454 1219 2525 ἀνάθεμα
1264 2454 1442 2509 ἔστω.
1499 2457 1609 2509 Καὶ
1642 2457 1803 2509 πάλιν
1835 2470 1850 2484 °

290 2544 351 2598 '0
407 2545 528 2613 μὲν
580 2543 954 2615 ἀρχάγγελος
983 2545 1031 2577 ⁸⁸
1068 2544 1309 2614 Μιχαὴλ
1369 2546 1478 2598 οὐκ
1516 2544 1854 2613 ἐτόλμησεν

272 2635 618 2703 ἐξενεγκεῖν
638 2636 1010 2705 βλάσφημον
1049 2638 1254 2705 κρίσιν
1292 2637 1443 2691 κατὰ
1494 2637 1598 2691 τοῦ
1651 2637 1852 2691 διαϐό-

271 2727 412 2790 λου,
442 2728 604 2796 ἡμεῖς
630 2727 689 2780 δὲ
712 2728 808 2797 τὴν
847 2726 1097 2792 ἐξουσίαν
1113 2727 1159 2759 ⁸⁸
1189 2727 1455 2797 ἐλάϐομεν
1496 2729 1684 2780 πατεῖν
1715 2727 1852 2781 ἐπά-

276 2835 357 2869 νω
380 2817 560 2884 ὗφεων
591 2818 686 2871 καὶ
730 2818 1007 2888 σκορπίων
1051 2817 1145 2871 καὶ
1174 2819 1265 2870 ἐπὶ
1295 2820 1474 2872 πᾶσαν
1505 2818 1602 2885 τὴν
1624 2817 1853 2883 δύναμιν

270 2908 375 2961 τοῦ
403 2908 619 2980 ἐχθροῦ.
654 2911 763 2963 Ka‘t
816 2910 1065 2978 ἀγγέλων
1116 2909 1217 2979 μὲν
1260 2909 1459 2974 οὐδεὶς,
1491 2910 1680 2963 οὐδένα
1724 2908 1852 2963 οὔτε

270 2997 444 3061 αὐτὸς
484 2998 701 3060 ἐαυτὸν.
749 2999 945 3071 Θεὺνῆ
1002 3001 1139 3054 Θεοῦ
1171 3000 1296 3054 my
1353 3003 1527 3055 εἰπεῖν
1552 3001 1618 3056 ἂν
1653 3002 1854 3073 τολμή-

273 3106 429 3143 σειεν
460 3088 620 3162 ’[592
644 3090 735 3163 R.]
764 3093 827 3144 τὸ
870 3093 927 3145 δὲ
954 3092 1220 3165 ἡμέτερον
1248 3091 1403 3161 γένος
1433 3096 1528 3146 καὶ
1557 3095 1668 3147 θεοὶ
1692 3094 1739 3127 ⁸⁸
1757 3093 1855 3149 καὶ

1956 1990 2295 2047 defecerunt.
2335 1991 2532 2045 Verum
2561 1990 2829 2060 quomodo
2875 1991 3033 2045 nobis
3069 1990 3322 2059 expedite
3357 1992 3528 2062 magis

1955 2083 2125 2151 possit
2163 2083 2476 2152 angelorum
2512 2082 2822 2137 conditione
2863 2082 3109 2152 produci,
3148 2083 3365 2151 quando
3399 2097 3530 2153 pec-

1955 2185 2132 2232 catum
2188 2176 2426 2245 ipsorum
2473 2173 2845 2243 ptenitentiatn
2894 2189 2996 2228 non
3048 2175 3274 2243 recipit,
3305 2183 3360 2230 et
3402 2190 3528 2243 pro-

1953 2277 2138 2335 pterea
2161 2265 2304 2320 omni
2330 2280 2543 2333 quoque
2587 2267 2739 2319 venia
2786 2276 2973 2320 careat
3005 2284 3017 2319 :
3055 2274 3300 2320 nostrum
3347 2276 3527 2322 autem

1956 2361 2180 2414 mortale
2224 2373 2390 2427 genus
2415 2359 2577 2410 etiam
2609 2372 2836 2424 peccans
2868 2373 2963 2425 per
3004 2358 3379 2427 paenitentiam
3413 2375 3531 2413 rur-

1954 2466 2072 2505 sum
2109 2460 2355 2519 resurgat
2380 2450 2403 2502 Υ
2424 2450 2489 2503 Ει
2518 2458 2670 2504 certe
2700 2459 2821 2518 post
2846 2446 3050 2503 Christi
3082 2447 3299 2504 Domini
3331 2452 3531 2505 adven-

1956 2553 2090 2605 tum,
2112 2543 2276 2596 etiam
2313 2543 2365 2595 in
2402 2540 2708 2595 hominibus
2741 2540 2944 2609 majora
2975 2555 3136 2610 Opera
3171 2542 3351 2596 videre
3380 2542 3527 2609 licet,

1953 2651 2114 2705 quam
2167 2649 2500 2705 quaecunque
2561 2634 2629 2688 ab
2677 2632 2883 2702 angelis
2910 2632 3047 2686 ﬁunt
3077 2651 3091 2688 :
3131 2633 3262 2688 Ecce
3285 2651 3377 2705 ego
3412 2634 3530 2688 dico

1955 2730 2096 2783 vobis
2121 2728 2317 2800 (inquit
2336 2726 2579 2794 Paulus),
2605 2725 2724 2778 licet
2747 2727 2962 2794 angelus
2990 2724 3054 2779 de
3070 2726 3195 2779 caelo
3220 2726 3531 2796 evangelica

1954 2822 2119 2884 vobis,
2184 2829 2376 2890 praeter
2420 2819 2498 2883 id,
2549 2818 2687 2888 quod
2737 2819 3033 2884 accepistis,
3058 2818 3339 2870 anathema
3365 2820 3431 2870 sit
3461 2818 3529 2872 ".

1955 2915 2022 2968 Et
2073 2917 2265 2966 iterum
2305 2927 2320 2964 :
2364 2909 2588 2964 Michael
2636 2909 2843 2977 quidem
2896 2910 3243 2979 arcltangelus
3303 2927 3407 2963 non
3454 2921 3532 2963 est

1953 3024 2115 3060 ausus
2161 3005 2423 3073 judicium
2454 3003 2646 3071 inferre
2688 3001 3018 3068 blasphemia:
3064 3002 3273 3056 diabolo
3303 3002 3349 3033 "
3385 3020 3400 3069 ;
3439 3018 3535 3057 nos

1953 3111 2087 3152 vero
2143 3096 2451 3164 accepimus
2514 3100 2843 3161 potestatem
2894 3090 3135 3145 calt-andi
3193 3106 3354 3159 supra
3413 3106 3534 3145 ser-

276 3181 395 3232 υίοὶ
463 3180 719 3250 Ὑψίστου
774 3183 1111 3254 κεκλήμεθα.
1176 3183 1338 3236 Καὶό
1382 3184 1483 3254 μὲν
1521 3186 1580 3237 ἐν
1622 3186 1853 3252 ἐκείνοις

1959 3200 2152 3262 pentes
2204 3198 2259 3244 et
2308 3186 2644 3256 scorpiones,
2687 3191 2742 3238 et
2802 3199 2964 3253 super
3013 3199 3226 3239 omnem
3279 3186 3533 3239 virtutem

286 3268 599 3341 Ἑωσφόρος
629 3272 674 3304 ⁸⁸
705 3273 1120 3345 ὀνομαζόμενος,
1176 3272 1346 3329 εἰπὼν
1411 3277 1596 3347 ὅμοιος
1640 3276 1859 3332 ἔσεσθαι

272 3358 368 3431 τῷ
404 3360 647 3434 Ὑψίστῳ
672 3364 770 3417 καὶ
814 3365 907 3420 τὸν
941 3365 1129 3435 θρόνον
1184 3368 1436 3439 ὑπεράνω
1465 3370 1510 3401 ⁸⁷
1550 3369 1721 3424 θεῖναι
1750 3370 1860 3425 τῶν

270 3453 567 3523 οὐρανῶν,
599 3456 695 3509 καὶ
741 3448 817 3510 ὧν
873 3453 986 3528 εἶχε
1035 3459 1215 3513 καλῶν
1255 3461 1505 3516 ἐκπεσὼν
1548 3463 1641 3517 τὸν
1686 3463 1861 3517 αἰῶνα

274 3544 509 3612 γελᾶται
552 3546 649 3600 καὶ
698 3550 1087 3618 κατακρίνεται
1114 3567 1126 3579 '
1154 3554 1302 3623 ἡμᾶς
1347 3554 1403 3607 δὲ
1456 3556 1673 3624 ὁμοίους
1717 3552 1857 3609 εῖναι

276 3632 383 3686 τοῦ
436 3635 645 3705 Πατρδς
707 3638 801 3690 καὶ
853 3638 1172 3709 συνθρόνους
1215 3644 1471 3711 γενέσθαι
1523 3646 1569 3677 ⁸³
1600 3647 1693 3700 τοῦ
1726 3647 1856 3701 Υίοῦ

275 3725 457 3778 αὑτοῦ
486 3728 518 3797 η
547 3727 649 3797 τῆς
680 3728 937 3800 ἀληθείας
966 3732 1144 3802 ψῆφος
1174 3734 1275 3805 τὴν
1311 3736 1493 3790 ἄδειαν
1527 3738 1714 3793 ἔδωκε.
1744 3742 1857 3794 Καὶ

277 3815 352 3866 τὸ
382 3816 562 3884 μεῖζον
590 3832 604 3846 ·
672 3819 998 3888 Συνήγειρε
1031 3822 1076 3853 ⁸⁸
1105 3822 1202 3876 καὶ
1257 3826 1665 3881 συνεκάθισεν
1700 3827 1859 3897 ἡμᾶς

276 3907 503 3973 ἐντοῖς
536 3908 917 3979 ἐποιφανίοις
959 3914 1028 3967 ἐν
1081 3916 1310 3983 Χριστῷ
1348 3917 1573 3985 Ἰησοῦ.
1611 3919 1741 3983 Καὶ,
1791 3920 1857 3972 El

278 3999 665 4069 ὑπομένομεν
686 4002 754 4065 ⁷⁰,
783 4004 879 4056 καὶ
912 4007 1499 4077 συμϐασιλεύσομεν.
1523 4010 1651 4074 Ka‘t,
1690 4009 1859 4064 Οἶδα·

267 4104 402 4157 μεν
431 4089 497 4154 ⁷¹,
522 4090 681 4143 πάλιν
711 4092 868 4155 ἄλλος
890 4094 998 4147 τῶν
1021 4095 1277 4167 μαθητῶν
1295 4097 1746 4170 διαμαρτύρεται,
1768 4100 1858 4155 ὅτι

276 4180 402 4233 ἐὰν
426 4181 761 4251 φανερωθῇ,
812 4183 1002 4254 ὅμοιοι
1036 4186 1196 4253 αὐτῷ
1221 4189 1497 4259 ἐσόμεθα.
1535 4192 1696 4244 Ὥστε
1741 4194 1855 4257 τοῖς

279 4272 634 4340 βουλομένοις
684 4275 828 4346 ἔχειν
857 4279 950 4330 καὶ
978 4279 1076 4349 τὴν
1106 4281 1352 4350 ἀγγέλων
1381 4283 1547 4354 τιμὴν
1594 4284 1693 4355 ἤδη
1758 4302 1853 4339 κε-

273 4380 544 4435 χαρισται

1966 3280 2168 3336 inimici
2192 3280 2258 3333 ν’.
2285 3278 2472 3348 Neque
2497 3278 2812 3348 angelorum
2841 3277 3125 3347 quisquam
3150 3290 3207 3330 se
3241 3274 3324 3329 vel
3369 3275 3533 3329 alium

1965 3388 2128 3428 ausus
2165 3382 2250 3427 est
2290 3373 2479 3438 Deum,
2508 3380 2601 3425 aut
2642 3369 2732 3425 Dei
2758 3370 2952 3423 Filium
3003 3367 3273 3437 appellare
3305 3386 3320 3423 :
3366 3370 3537 3423 homi-

1965 3482 2092 3533 num
2136 3480 2265 3520 vero
2316 3478 2507 3533 genus,
2541 3473 2598 3518 et
2624 3462 2697 3518 dii
2725 3471 2779 3517 et
2820 3462 2912 3516 lilii
2958 3460 3048 3516 Dei
3091 3462 3430 3515 nominamur
3467 3460 3534 3517 ".

1965 3556 2097 3611 Cum
2146 3557 2269 3611 item
2322 3556 2568 3621 dixisset,
2604 3556 2694 3623 qui
2739 3556 2880 3608 inter
2905 3554 3025 3608 illus
3079 3551 3296 3607 Lucifer
3343 3552 3535 3624 185!)

1966 3649 2280 3712 vocabatur,
2305 3648 2536 3703 similem
2560 3662 2620 3702 se
2653 3647 2889 3701 futurum
2910 3646 3207 3711 Altissimo,
3234 3646 3538 3716 soliumque

1962 3756 2122 3810 supra
2157 3740 2352 3795 ctelum
2407 3740 2799 3799 collocaturum
2827 3739 2893 3802 ",
2929 3738 3035 3792 illis
3088 3738 3240 3807 ipsis,
3275 3753 3395 3808 qua:
3425 3748 3534 3793 tum

1964 3831 2293 3901 possidebat,
2345 3829 2500 3884 bonis
2551 3830 2789 3893 amissis,
2829 3830 2881 3883 in
2926 3828 3119 3884 saecula
3166 3828 3395 3883 ludibrio
3432 3841 3534 3890 est,

1965 3934 2128 3992 atque
2166 3923 2557 3978 condemnatus
2601 3931 2826 3976 manet:
2870 3922 3023 3977 nobis
3065 3934 3242 3978 tamen
3294 3922 3537 3977 veritatis

1964 4016 2240 4069 decretum
2296 4022 2612 4083 potestatem
2670 4012 2816 4066 illam
2862 4012 3011 4077 fecit,
3044 4023 3103 4065 ut
3148 4013 3352 4067 similes
3388 4012 3535 4069 Patri

1963 4105 2320 4168 eﬂiceremur,
2363 4120 2577 4173 unaque
2605 4120 2727 4158 cum
2760 4103 2881 4171 ejus
2910 4104 3050 4158 Filio
3080 4105 3133 4158 in
3168 4106 3376 4159 thronis
3405 4120 3538 4160 con-

1964 4197 2285 4251 sideremus.
2328 4194 2458 4249 lllud
2499 4196 2728 4262 amplius
2767 4193 3274 4261 :Couresuscilavit,
3325 4205 3372 4248 ει
3404 4211 3534 4249 cort-

1959 4288 2137 4342 sedere
2172 4302 2264 4339 nos
2292 4286 2409 4355 fecit
2441 4287 2496 4339 in
2520 4285 2811 4340 caelestibus
2841 4288 2894 4339 in
2930 4285 3141 4340 Christo
3170 4285 3300 4340 Iesu
3329 4287 3393 4339 ⁸⁸.
3425 4286 3531 4340 Et:

1960 4378 2020 4434 Si
2061 4378 2455 4441 sustinebimus,
2495 4380 2654 4431 etiam
2690 4380 3119 4448 conregnabimus
3147 4381 3212 4433 υ.
3245 4378 3311 4433 Ει
3351 4395 3364 4433 :
3413 4379 3533 4436 Sci-

274 4474 408 4509 mus
438 4458 595 4528 (alius
634 4459 830 4515 iterum
868 4464 1144 4532 apostolus
1176 4466 1425 4535 testatur)
1452 4469 1703 4537 quoniam
1729 4487 1846 4525 cum
1869 4471 2412 4541 apparuerit,similes
2439 4473 2485 4527 ei
2538 4473 2734 4527 erimus
2763 4473 2828 4528 θ’.
2880 4473 3063 4543 Itaque
3114 4474 3200 4530 his
3248 4472 3398 4541 ipsis,
3441 4475 3531 4544 qui

275 4550 596 4618 angelorum
626 4551 882 4607 honorem
911 4564 1187 4625 tantopere
1208 4558 1471 4625 ambiunt,
1496 4561 1607 4628 jam
1625 4577 1915 4616 concessus
1948 4563 2039 4619 ille
2072 4574 2176 4620 est.

374 4640 514 4693 Ἀλλ’
575 4642 962 4713 ἁμαρτάνομεν
986 4686 1001 4707 ,
1042 4650 1226 4717 φησὶν,
1274 4651 1665 4723 εὐχερέστερον
1693 4670 1708 4685 ο
1739 4653 1854 4708 ἀλλ’

2030 4657 2192 4727 Atqui
2213 4674 2517 4728 peccamus,
2549 4658 2746 4727 inquit,
2772 4660 3089 4727 promptius.
3117 4658 3391 4733 [Vernm.]
3424 4663 3531 4718 Sed

268 4734 411 4787 ὅσον
444 4736 699 4805 συνεχῶς,
753 4739 1006 4791 τοσοῦτον
1061 4738 1278 4808 θᾶττον,
1309 4745 1376 4798 ἂν
1426 4744 1534 4816 ἄρα
1591 4746 1856 4816 θέλωμεν,

270 4824 623 4895 ἁνιστάμεθα
651 4840 667 4855 °
717 4829 917 4900 μυρίας
964 4831 1071 4903 γὰρ
1104 4834 1149 4864 ⁷¹
1175 4834 1327 4898 ὁδοὺς
1360 4835 1461 4905 τῆς
1495 4838 1858 4908 μεταμελείας

276 4916 385 4969 καὶ
417 4916 512 4983 τῆς
549 4920 820 4989 σωτηρίας
846 4922 1005 4991 ἡμῶν
1036 4925 1063 4975 ὁ
1087 4922 1215 4993 [305
1244 4924 1337 4997 Η.]
1364 4927 1668 4997 ὑπέρσοφος
1695 4929 1856 4999 κηδε-

1956 4759 2158 4819 quanto
2175 4749 2227 4804 id
2249 4750 2569 4819 promptius,
2602 4760 2750 4803 tanto
2770 4748 2930 4803 etiam
2951 4750 3113 4804 citius
3143 4753 3470 4822 resurgimus
3499 4773 3514 4823 ;

1955 4839 1999 4894 si
2032 4841 2190 4895 modo
2242 4840 2507 4895 volumus.
2542 4840 2687 4895 Mille
2715 4843 2857 4896 enim
2889 4841 3006 4895 vias
3041 4843 3356 4911 paenitendi,
3403 4862 3526 4900 nos-

1957 4945 2061 4997 que
2131 4928 2374 4984 solvendi
2433 4930 2869 4998 sapientissimus
2957 4939 3216 4999 patronus
3291 4935 3529 4990 donavit.

284 5002 415 5073 μὼν
447 5007 755 5074 ἐχαρίσατο.
789 5009 927 5062 Ἀλλ’
951 5014 1186 5081 ἐραστὴς
1212 5014 1277 5067 σὺ
1298 5014 1399 5082 τῆς
1434 5014 1569 5084 πρὸς
1588 5016 1854 5084 ἀγγέλους

1960 5020 2052 5086 At,
2084 5020 2220 5075 heus
2256 5028 2313 5075 tu
2355 5022 2611 5091 angelicae
2653 5022 2997 5091 cognationis
3042 5034 3251 5077 amator
3280 5041 3296 5077 :
3330 5026 3533 5094 majore

278 5099 629 5161 συγγενείας.
685 5100 795 5153 Καὶ
826 5102 931 5172 μὴν
957 5103 1001 5136 ⁷³
1027 5104 1255 5173 ἠξίωσαι
1285 5105 1527 5175 μείζονος
1549 5123 1563 5137 ο
1604 5107 1699 5161 τοῦ
1745 5108 1854 5181 γὰρ

1963 5113 2125 5165 etiam
2164 5127 2387 5167 munere
2434 5112 2627 5181 dignus
2654 5128 2713 5166 es
2748 5112 2984 5167 habitus.
3015 5113 3147 5166 Nam
3183 5117 3392 5187 cOgnati
3419 5117 3531 5187 jam

273 5188 557 5241 Δεσπότου
593 5196 873 5259 συγγενεῖς
897 5200 1037 5248 κατά
1072 5197 1251 5267 σάρκα
1278 5199 1601 5269 γεγόναμεν.
1634 5202 1755 5254 Ἔτι
1796 5202 1854 5255 δὲ

1962 5202 2167 5259 Christi
2196 5219 2294 5273 per
2323 5218 2538 5259 carnem
2568 5200 2743 5258 effecﬁ
2772 5216 2980 5260 sumus.
2999 5205 3152 5271 Quod
3184 5208 3309 5261 item
3339 5210 3408 5263 ab
3428 5210 3533 5265 illis

276 5433 328 5464 ῃ
431 5361 605 5464 (ἓξὲξ,
642 5378 683 5464 Il:
710 5364 828 5464 snsi,
864 5366 943 5464 9;.
976 5367 1305 5464 nitidae-ti.
1339 5372 1429 5464 3"
1470 5372 1599 5429 Luc.
1634 5390 1688 5441 χ,
1730 5377 1819 5432 19.

1971 5375 2114 5434 Psal.
2176 5393 2363 5443 Lxxxr,
2402 5378 2457 5434 6.
2531 5381 2576 5413 ²⁹
2600 5379 2703 5437 lsa.
2761 5397 2875 5448 xw,
2912 5382 3000 5439 14.
3078 5383 3123 5415 ³⁸
3154 5383 3350 5453 Epltes.
3389 5399 3448 5448 ιι,
3477 5383 3531 5439 6.

362 5430 407 5486 ll
465 5432 609 5487 Tim.
642 5450 702 5500 ιι,
739 5436 824 5491 12.
898 5437 943 5470 ³³
975 5436 991 5491 Ι
1018 5438 1174 5493 Joan.
1216 5456 1298 5503 ιιι,
1339 5442 1394 5496 Ξ.
1674 5430 1687 5441 ’
1807 5430 1816 5432 ἡ

1554 5556 1785 5612 VARle
1824 5555 2221 5615 LECTIONES.

355 5646 593 5735 “being.
655 5647 715 5735 ,ξ’
742 5648 1084 5735 sistatiGlal.
1122 5667 1161 5714 ι.
1201 5650 1253 5706 8.
1298 5651 1378 5735 υἷ’
1406 5650 1565 5735 ὁμὲν
1601 5650 1753 5735 ἁρχ.]
1790 5649 1945 5735 Αιυά.
1996 5654 2088 5735 9.“
2125 5655 2172 5735 ’ξ
2199 5656 2299 5735 τὴν
2343 5657 2640 5735 ἐξουσίαν]Δ
2666 5662 2821 5735 Luc._
2847 5664 3043 5735 κλμ).
3101 5660 3332 5735 ⁸⁸ηθεοὶ]
3385 5661 3530 5719 Psal.

276 5733 477 5806 11‘!!!“
520 5715 574 5769 6.
655 5719 699 5751 “
743 5715 954 5791 ἐωσφῖ]
1006 5720 1109 5776 lsa.
1139 5737 1248 5784 xlv,
1282 5721 1379 5802 με.
1454 5715 1496 5753 ⁸⁷
1532 5715 1879 5792 ὑπερἇνὶυθεν
1904 5742 1964 5789 ς.
2041 5725 2088 5756 ⁸⁸
2111 5715 2356 5794 γίνεσθαι
2387 5715 2766 5800 apographum
2786 5715 3069 5802 Stephani.
3146 5715 3529 5857 ⁶⁹συνῆὶγείρεῇ

280 5792 482 5856 bphes.
514 5802 578 5851 ιι,
616 5788 673 5845 6.
750 5792 795 5821 ⁷⁸
816 5792 1087 5857 εἰὺπομ.]
1151 5791 1196 5846 ιι
1232 5792 1377 5847 Τιιιι.
1424 5807 1485 5857 ιι,
1521 5791 1611 5846 12.
1686 5793 1728 5825 τί
1769 5793 2014 5857 οἴδαμεν]
2072 5793 2093 5849 l
2152 5796 2309 5853 Joan.
2356 5813 2439 5857 ιιι.
2474 5799 2531 5853 2.
2602 5802 2648 5833 ⁷·
2703 5804 2811 5857 γὰο
2861 5803 2987 5857 add.
3040 5803 3109 5857 Δ.
3183 5804 3228 5836 ⁷⁸
3271 5819 3343 5857 κα
3422 5802 3529 5857 μὴν

280 5792 482 5874 Ephesi.
514 5802 578 5851 ιι,
616 5788 673 5845 6.
750 5788 1087 5867 ⁷⁹εἰὺπομ.]
1151 5791 1196 5846 ιι
1232 5792 1377 5847 'l‘im.
1424 5807 1485 5858 ιι,
1521 5788 1728 5846 ιε.’τι
1769 5788 2014 5867 οἴδαμεν]
2072 5788 2309 5853 ιἰοιιη.
2356 5788 2440 5864 in;
2474 5788 2531 5853 εἴ
2596 5788 2648 5833 '7-
2703 5804 2811 5874 γὰρ
2861 5788 2987 5858 a'dd.
3040 5788 3109 5859 Α.
3183 5804 3228 5836 ⁷·
3271 5788 3343 5858 κα

280 5820 482 5924 ῠμὶιῐὲ-
514 5820 578 5923 ἓ,
617 5820 673 5845 ν.
782 5820 866 5844 νει
890 5820 1087 5867 unus»!
1151 5820 1196 5846 ιι
1241 5820 1377 5847 ιιιιι.
1425 5820 1485 5858 lt,
1521 5820 1611 5846 la.
1691 5820 1728 5825 ’-
1769 5820 2013 5867 υιυαμεν]
2072 5820 2093 5849 ι
2152 5820 2309 5853 δοΒΙΙι
2356 5820 2439 5864 Ill,
2474 5820 2531 5853 Ζ.
2608 5820 2647 5833 ’·
2703 5820 2811 5874 γαρ
2861 5820 2987 5858 εσυ.
3040 5820 3109 5859 Δ.
3187 5820 3228 5836 ”
3271 5820 3366 5858 και
3422 5820 3531 5875 μην

280 5878 353 5914 sta
432 5898 491 5926 ,.
563 5894 581 5911 .
2982 5882 2987 5893 η
