  <div class='ocr_page' id='page_1' title='image "/cluster/home/n/w/nwhite01/storage/ocr_20150623/103/hvd.32044018872861/383.png"; bbox 0 0 3940 6396; ppageno 0'>
   <div class='ocr_carea' id='block_1_1' title="bbox 572 412 675 474">
    <p class='ocr_par' dir='ltr' id='par_1_1' title="bbox 572 412 675 474">
     <span class='ocr_line' id='line_1_1' title="bbox 572 412 675 474; baseline -0.01 0"><span class='ocrx_word' id='word_1_1' title='bbox 572 412 675 474; x_wconf 81' lang='lat'><strong>751</strong></span> 
     </span>
    </p>
   </div>
   <div class='ocr_carea' id='block_1_2' title="bbox 1743 415 3772 486">
    <p class='ocr_par' dir='ltr' id='par_1_2' title="bbox 1743 415 3772 486">
     <span class='ocr_line' id='line_1_2' title="bbox 1743 415 3772 486; baseline 0.006 -15"><span class='ocrx_word' id='word_1_2' title='bbox 1743 415 2004 473; x_wconf 77' lang='lat' dir='ltr'><strong>PliOTIl</strong></span> <span class='ocrx_word' id='word_1_3' title='bbox 2049 415 2560 475; x_wconf 76' lang='lat' dir='ltr'><strong>PATRiARCI-i/E</strong></span> <span class='ocrx_word' id='word_1_4' title='bbox 2585 417 2708 478; x_wconf 89' lang='lat' dir='ltr'><strong>&#39;CP.</strong></span> <span class='ocrx_word' id='word_1_5' title='bbox 3688 422 3772 486; x_wconf 71' lang='lat'><strong>752</strong></span> 
     </span>
    </p>
   </div>
   <div class='ocr_carea' id='block_1_3' title="bbox 572 528 2144 605">
    <p class='ocr_par' dir='ltr' id='par_1_3' title="bbox 572 528 2143 603">
     <span class='ocr_line' id='line_1_3' title="bbox 572 528 2143 603; baseline -0.003 -18"><span class='ocrx_word' id='word_1_6' title='bbox 572 542 850 603; x_wconf 85' lang='lat' dir='ltr'><strong>peccatum</strong></span> <span class='ocrx_word' id='word_1_7' title='bbox 901 536 1004 595; x_wconf 90' lang='lat' dir='ltr'><strong>est,</strong></span> <span class='ocrx_word' id='word_1_8' title='bbox 1051 529 1264 583; x_wconf 76' lang='lat' dir='ltr'><strong>tametsi</strong></span> <span class='ocrx_word' id='word_1_9' title='bbox 1319 528 1541 584; x_wconf 77' lang='lat' dir='ltr'><strong>forsitan</strong></span> <span class='ocrx_word' id='word_1_10' title='bbox 1575 531 1753 586; x_wconf 88' lang='lat' dir='ltr'><strong>minus</strong></span> <span class='ocrx_word' id='word_1_11' title='bbox 1796 547 1874 587; x_wconf 84' lang='lat' dir='ltr'><strong>est</strong></span> <span class='ocrx_word' id='word_1_12' title='bbox 1934 544 2143 595; x_wconf 87' lang='lat' dir='ltr'><strong>nostro,</strong></span> 
     </span>
    </p>
   </div>
   <div class='ocr_carea' id='block_1_4' title="bbox 2247 528 3770 605">
    <p class='ocr_par' dir='ltr' id='par_1_4' title="bbox 2250 531 3770 605">
     <span class='ocr_line' id='line_1_4' title="bbox 2250 531 3770 605; baseline 0.007 -22"><span class='ocrx_word' id='word_1_13' title='bbox 2250 533 2310 584; x_wconf 79' lang='grc' dir='ltr'>τὸ</span> <span class='ocrx_word' id='word_1_14' title='bbox 2351 535 2448 604; x_wconf 72' lang='grc' dir='ltr'><strong>μὲν</strong></span> <span class='ocrx_word' id='word_1_15' title='bbox 2487 533 2614 602; x_wconf 84' lang='grc' dir='ltr'>παρ’</span> <span class='ocrx_word' id='word_1_16' title='bbox 2656 534 2878 585; x_wconf 76' lang='grc' dir='ltr'><strong>ἐκείνων</strong></span> <span class='ocrx_word' id='word_1_17' title='bbox 2916 532 3241 605; x_wconf 70' lang='grc' dir='ltr'>ἁμάρτημα,</span> <span class='ocrx_word' id='word_1_18' title='bbox 3274 531 3374 586; x_wconf 69' lang='grc' dir='ltr'>κᾶν</span> <span class='ocrx_word' id='word_1_19' title='bbox 3424 531 3630 586; x_wconf 77' lang='grc' dir='ltr'>ἔλαττόν</span> <span class='ocrx_word' id='word_1_20' title='bbox 3677 539 3770 593; x_wconf 68' lang='grc' dir='ltr'>ἐστι</span> 
     </span>
    </p>
   </div>
   <div class='ocr_carea' id='block_1_5' title="bbox 573 622 2134 693">
    <p class='ocr_par' dir='ltr' id='par_1_5' title="bbox 573 622 2134 693">
     <span class='ocr_line' id='line_1_5' title="bbox 573 622 2134 693; baseline -0.002 -16"><span class='ocrx_word' id='word_1_21' title='bbox 573 624 760 693; x_wconf 83' lang='lat' dir='ltr'><strong>majori</strong></span> <span class='ocrx_word' id='word_1_22' title='bbox 796 631 972 676; x_wconf 86' lang='lat' dir='ltr'><strong>tamen</strong></span> <span class='ocrx_word' id='word_1_23' title='bbox 1005 636 1160 691; x_wconf 70' lang='lat' dir='ltr'><strong>poena</strong></span> <span class='ocrx_word' id='word_1_24' title='bbox 1185 623 1422 690; x_wconf 91' lang='lat' dir='ltr'><strong>punitur.</strong></span> <span class='ocrx_word' id='word_1_25' title='bbox 1466 622 1703 678; x_wconf 77' lang='lat' dir='ltr'><strong>Potentes</strong></span> <span class='ocrx_word' id='word_1_26' title='bbox 1737 625 1871 677; x_wconf 82' lang='lat' dir='ltr'><strong>enim</strong></span> <span class='ocrx_word' id='word_1_27' title='bbox 1899 632 2134 690; x_wconf 82' lang='lat' dir='ltr'><strong>potenter</strong></span> 
     </span>
    </p>
   </div>
   <div class='ocr_carea' id='block_1_6' title="bbox 569 714 2132 785">
    <p class='ocr_par' dir='ltr' id='par_1_6' title="bbox 569 714 2132 785">
     <span class='ocr_line' id='line_1_6' title="bbox 569 714 2132 785; baseline -0.003 -14"><span class='ocrx_word' id='word_1_28' title='bbox 569 725 826 771; x_wconf 79' lang='lat' dir='ltr'><strong>tormenta</strong></span> <span class='ocrx_word' id='word_1_29' title='bbox 847 715 1121 785; x_wconf 56' lang='lat' dir='ltr'><strong>patiemur</strong></span> <span class='ocrx_word' id='word_1_30' title='bbox 1142 714 1206 770; x_wconf 86' lang='grc'><strong>⁸³.</strong></span> <span class='ocrx_word' id='word_1_31' title='bbox 1233 714 1442 770; x_wconf 82' lang='lat' dir='ltr'><strong>Rursus</strong></span> <span class='ocrx_word' id='word_1_32' title='bbox 1469 716 1608 784; x_wconf 89' lang='lat' dir='ltr'><strong>quod</strong></span> <span class='ocrx_word' id='word_1_33' title='bbox 1637 715 1740 769; x_wconf 89' lang='lat' dir='ltr'><strong>illis</strong></span> <span class='ocrx_word' id='word_1_34' title='bbox 1761 714 2132 783; x_wconf 79' lang='lat' dir='ltr'><strong>gravissimam</strong></span> 
     </span>
    </p>
   </div>
   <div class='ocr_carea' id='block_1_7' title="bbox 569 804 2134 876">
    <p class='ocr_par' dir='ltr' id='par_1_7' title="bbox 569 804 2134 876">
     <span class='ocr_line' id='line_1_7' title="bbox 569 804 2134 876; baseline -0.002 -16"><span class='ocrx_word' id='word_1_35' title='bbox 569 805 726 861; x_wconf 77' lang='lat' dir='ltr'><strong>affert</strong></span> <span class='ocrx_word' id='word_1_36' title='bbox 755 820 989 876; x_wconf 66' lang='lat' dir='ltr'><strong>poenam,</strong></span> <span class='ocrx_word' id='word_1_37' title='bbox 1032 821 1135 860; x_wconf 91' lang='lat' dir='ltr'><strong>non</strong></span> <span class='ocrx_word' id='word_1_38' title='bbox 1167 821 1349 874; x_wconf 87' lang='lat' dir='ltr'><strong>parem</strong></span> <span class='ocrx_word' id='word_1_39' title='bbox 1379 805 1532 860; x_wconf 88' lang='lat' dir='ltr'><strong>nobis</strong></span> <span class='ocrx_word' id='word_1_40' title='bbox 1565 806 1614 858; x_wconf 92' lang='lat' dir='ltr'><strong>in</strong></span> <span class='ocrx_word' id='word_1_41' title='bbox 1649 805 1762 875; x_wconf 89' lang='lat' dir='ltr'><strong>pari</strong></span> <span class='ocrx_word' id='word_1_42' title='bbox 1792 804 1988 859; x_wconf 91' lang='lat' dir='ltr'><strong>delicto</strong></span> <span class='ocrx_word' id='word_1_43' title='bbox 2016 819 2134 874; x_wconf 78' lang='lat' dir='ltr'><strong>pce-</strong></span> 
     </span>
    </p>
   </div>
   <div class='ocr_carea' id='block_1_8' title="bbox 571 895 2136 966">
    <p class='ocr_par' dir='ltr' id='par_1_8' title="bbox 571 895 2136 966">
     <span class='ocr_line' id='line_1_8' title="bbox 571 895 2136 966; baseline -0.001 -14"><span class='ocrx_word' id='word_1_44' title='bbox 571 913 653 952; x_wconf 72' lang='lat' dir='ltr'><strong>nat</strong></span> <span class='ocrx_word' id='word_1_45' title='bbox 699 897 913 951; x_wconf 75' lang='lat' dir='ltr'><strong>adducit</strong></span> <span class='ocrx_word' id='word_1_46' title='bbox 943 897 1282 966; x_wconf 73' lang='lat' dir='ltr'><strong>gravitatem.</strong></span> <span class='ocrx_word' id='word_1_47' title='bbox 1330 897 1466 963; x_wconf 91' lang='lat' dir='ltr'><strong>Quin</strong></span> <span class='ocrx_word' id='word_1_48' title='bbox 1515 895 1676 950; x_wconf 91' lang='lat' dir='ltr'><strong>etiam</strong></span> <span class='ocrx_word' id='word_1_49' title='bbox 1707 895 1760 950; x_wconf 91' lang='lat' dir='ltr'><strong>in</strong></span> <span class='ocrx_word' id='word_1_50' title='bbox 1792 897 1948 950; x_wconf 88' lang='lat' dir='ltr'><strong>nobis</strong></span> <span class='ocrx_word' id='word_1_51' title='bbox 1975 896 2136 951; x_wconf 86' lang='lat' dir='ltr'><strong>citius</strong></span> 
     </span>
    </p>
   </div>
   <div class='ocr_carea' id='block_1_9' title="bbox 569 971 2140 1056">
    <p class='ocr_par' dir='ltr' id='par_1_9' title="bbox 569 971 2140 1056">
     <span class='ocr_line' id='line_1_9' title="bbox 569 971 2140 1056; baseline -0.003 -12"><span class='ocrx_word' id='word_1_52' title='bbox 569 971 801 1050; x_wconf 81' lang='lat' dir='ltr'><strong>deletur.</strong></span> <span class='ocrx_word' id='word_1_53' title='bbox 829 1002 949 1040; x_wconf 91' lang='lat' dir='ltr'><strong>cum</strong></span> <span class='ocrx_word' id='word_1_54' title='bbox 988 987 1092 1039; x_wconf 85' lang='lat' dir='ltr'><strong>illis</strong></span> <span class='ocrx_word' id='word_1_55' title='bbox 1117 986 1280 1041; x_wconf 86' lang='lat' dir='ltr'><strong>semel</strong></span> <span class='ocrx_word' id='word_1_56' title='bbox 1312 985 1546 1040; x_wconf 80' lang='lat' dir='ltr'><strong>infusum</strong></span> <span class='ocrx_word' id='word_1_57' title='bbox 1588 995 1889 1056; x_wconf 89' lang='lat' dir='ltr'><strong>peccatum,</strong></span> <span class='ocrx_word' id='word_1_58' title='bbox 1921 995 2140 1040; x_wconf 86' lang='lat' dir='ltr'><strong>maneat</strong></span> 
     </span>
    </p>
   </div>
   <div class='ocr_carea' id='block_1_10' title="bbox 573 1075 2139 1147">
    <p class='ocr_par' dir='ltr' id='par_1_10' title="bbox 573 1075 2139 1147">
     <span class='ocr_line' id='line_1_10' title="bbox 573 1075 2139 1147; baseline -0.001 -15"><span class='ocrx_word' id='word_1_59' title='bbox 573 1077 872 1134; x_wconf 87' lang='lat' dir='ltr'><strong>indelebile.</strong></span> <span class='ocrx_word' id='word_1_60' title='bbox 933 1077 999 1132; x_wconf 86' lang='lat' dir='ltr'><strong>Et</strong></span> <span class='ocrx_word' id='word_1_61' title='bbox 1046 1076 1205 1132; x_wconf 87' lang='lat' dir='ltr'><strong>nobis</strong></span> <span class='ocrx_word' id='word_1_62' title='bbox 1235 1075 1453 1147; x_wconf 86' lang='lat' dir='ltr'><strong>quidem</strong></span> <span class='ocrx_word' id='word_1_63' title='bbox 1501 1085 1686 1131; x_wconf 89' lang='lat' dir='ltr'><strong>nostra</strong></span> <span class='ocrx_word' id='word_1_64' title='bbox 1737 1091 1860 1131; x_wconf 90' lang='lat' dir='ltr'><strong>cum</strong></span> <span class='ocrx_word' id='word_1_65' title='bbox 1911 1091 2139 1147; x_wconf 89' lang='lat' dir='ltr'><strong>corpore</strong></span> 
     </span>
    </p>
   </div>
   <div class='ocr_carea' id='block_1_11' title="bbox 571 1167 2140 1238">
    <p class='ocr_par' dir='ltr' id='par_1_11' title="bbox 571 1167 2140 1238">
     <span class='ocr_line' id='line_1_11' title="bbox 571 1167 2140 1238; baseline 0 -15"><span class='ocrx_word' id='word_1_66' title='bbox 571 1169 899 1238; x_wconf 86' lang='lat' dir='ltr'><strong>coniunctio,</strong></span> <span class='ocrx_word' id='word_1_67' title='bbox 924 1168 1090 1222; x_wconf 74' lang='lat' dir='ltr'><strong>venia:</strong></span> <span class='ocrx_word' id='word_1_68' title='bbox 1109 1182 1324 1222; x_wconf 83' lang='lat' dir='ltr'><strong>causam</strong></span> <span class='ocrx_word' id='word_1_69' title='bbox 1357 1167 1557 1236; x_wconf 77' lang='lat' dir='ltr'><strong>praebet</strong></span> <span class='ocrx_word' id='word_1_70' title='bbox 1587 1185 1601 1234; x_wconf 93' lang='lat'><strong>;</strong></span> <span class='ocrx_word' id='word_1_71' title='bbox 1635 1167 1739 1222; x_wconf 86' lang='lat' dir='ltr'><strong>illis</strong></span> <span class='ocrx_word' id='word_1_72' title='bbox 1761 1183 1910 1233; x_wconf 92' lang='lat' dir='ltr'><strong>vero,</strong></span> <span class='ocrx_word' id='word_1_73' title='bbox 1937 1178 2140 1238; x_wconf 87' lang='lat' dir='ltr'><strong>quanto</strong></span> 
     </span>
    </p>
   </div>
   <div class='ocr_carea' id='block_1_12' title="bbox 571 1258 2140 1330">
    <p class='ocr_par' dir='ltr' id='par_1_12' title="bbox 571 1258 2140 1330">
     <span class='ocr_line' id='line_1_12' title="bbox 571 1258 2140 1330; baseline -0.002 -13"><span class='ocrx_word' id='word_1_74' title='bbox 571 1274 796 1330; x_wconf 86' lang='lat' dir='ltr'><strong>corpore</strong></span> <span class='ocrx_word' id='word_1_75' title='bbox 815 1258 1214 1328; x_wconf 68' lang='lat' dir='ltr'><strong>praastantiores</strong></span> <span class='ocrx_word' id='word_1_76' title='bbox 1261 1258 1546 1323; x_wconf 83' lang='lat' dir='ltr'><strong>habentur,</strong></span> <span class='ocrx_word' id='word_1_77' title='bbox 1583 1268 1736 1314; x_wconf 90' lang='lat' dir='ltr'><strong>tanto</strong></span> <span class='ocrx_word' id='word_1_78' title='bbox 1769 1260 1930 1313; x_wconf 89' lang='lat' dir='ltr'><strong>etiam</strong></span> <span class='ocrx_word' id='word_1_79' title='bbox 1964 1261 2140 1314; x_wconf 89' lang='lat' dir='ltr'><strong>minus</strong></span> 
     </span>
    </p>
   </div>
   <div class='ocr_carea' id='block_1_13' title="bbox 569 1350 2142 1422">
    <p class='ocr_par' dir='ltr' id='par_1_13' title="bbox 569 1350 2142 1422">
     <span class='ocr_line' id='line_1_13' title="bbox 569 1350 2142 1422; baseline -0.002 -15"><span class='ocrx_word' id='word_1_80' title='bbox 569 1351 924 1422; x_wconf 80' lang='lat' dir='ltr'><strong>deprecabilis</strong></span> <span class='ocrx_word' id='word_1_81' title='bbox 991 1350 1275 1419; x_wconf 74' lang='lat' dir='ltr'><strong>castigatio</strong></span> <span class='ocrx_word' id='word_1_82' title='bbox 1345 1351 1620 1420; x_wconf 81' lang='lat' dir='ltr'><strong>inﬂigitur.</strong></span> <span class='ocrx_word' id='word_1_83' title='bbox 1674 1352 2032 1416; x_wconf 84' lang='lat' dir='ltr'><strong>Quamobrem</strong></span> <span class='ocrx_word' id='word_1_84' title='bbox 2089 1359 2142 1404; x_wconf 89' lang='lat' dir='ltr'><strong>et</strong></span> 
     </span>
    </p>
   </div>
   <div class='ocr_carea' id='block_1_14' title="bbox 580 1440 2142 1510">
    <p class='ocr_par' dir='ltr' id='par_1_14' title="bbox 580 1440 2142 1510">
     <span class='ocr_line' id='line_1_14' title="bbox 580 1440 2142 1510; baseline -0.002 -13"><span class='ocrx_word' id='word_1_85' title='bbox 580 1458 676 1498; x_wconf 82' lang='lat' dir='ltr'><strong>vas</strong></span> <span class='ocrx_word' id='word_1_86' title='bbox 709 1442 988 1499; x_wconf 87' lang='lat' dir='ltr'><strong>electionis</strong></span> <span class='ocrx_word' id='word_1_87' title='bbox 1042 1442 1118 1494; x_wconf 90' lang='lat' dir='ltr'><strong>ait</strong></span> <span class='ocrx_word' id='word_1_88' title='bbox 1166 1459 1179 1493; x_wconf 90' lang='lat'><strong>:</strong></span> <span class='ocrx_word' id='word_1_89' title='bbox 1237 1440 1463 1510; x_wconf 82' lang='lat' dir='ltr'><strong>Angelos</strong></span> <span class='ocrx_word' id='word_1_90' title='bbox 1510 1441 1892 1510; x_wconf 80' lang='lat' dir='ltr'><strong>judicabimus,</strong></span> <span class='ocrx_word' id='word_1_91' title='bbox 1947 1450 2142 1510; x_wconf 80' lang='lat' dir='ltr'><strong>quanto</strong></span> 
     </span>
    </p>
   </div>
   <div class='ocr_carea' id='block_1_15' title="bbox 571 1534 2137 1609">
    <p class='ocr_par' dir='ltr' id='par_1_15' title="bbox 571 1534 2137 1609">
     <span class='ocr_line' id='line_1_15' title="bbox 571 1534 2137 1609; baseline -0.003 -17"><span class='ocrx_word' id='word_1_92' title='bbox 571 1539 737 1609; x_wconf 77' lang='lat' dir='ltr'><strong>magis</strong></span> <span class='ocrx_word' id='word_1_93' title='bbox 771 1537 1051 1592; x_wconf 72' lang='lat' dir='ltr'><strong>swcularia</strong></span> <span class='ocrx_word' id='word_1_94' title='bbox 1079 1535 1146 1590; x_wconf 71' lang='lat'><strong>“.</strong></span> <span class='ocrx_word' id='word_1_95' title='bbox 1181 1534 1266 1602; x_wconf 80' lang='lat' dir='ltr'><strong>Et,</strong></span> <span class='ocrx_word' id='word_1_96' title='bbox 1301 1534 1483 1589; x_wconf 82' lang='lat' dir='ltr'><strong>Sancti</strong></span> <span class='ocrx_word' id='word_1_97' title='bbox 1515 1537 1769 1588; x_wconf 77' lang='lat' dir='ltr'><strong>mundum</strong></span> <span class='ocrx_word' id='word_1_98' title='bbox 1803 1535 2137 1603; x_wconf 78' lang='lat' dir='ltr'><strong>judicabant.</strong></span> 
     </span>
    </p>
   </div>
   <div class='ocr_carea' id='block_1_16' title="bbox 579 1628 2144 1696">
    <p class='ocr_par' dir='ltr' id='par_1_16' title="bbox 579 1628 2144 1696">
     <span class='ocr_line' id='line_1_16' title="bbox 579 1628 2144 1696; baseline -0.006 -10"><span class='ocrx_word' id='word_1_99' title='bbox 579 1631 838 1686; x_wconf 79' lang='lat' dir='ltr'><strong>Nimirum</strong></span> <span class='ocrx_word' id='word_1_100' title='bbox 877 1645 1075 1684; x_wconf 66' lang='lat' dir='ltr'><strong>crassae</strong></span> <span class='ocrx_word' id='word_1_101' title='bbox 1127 1629 1253 1682; x_wconf 85' lang='lat' dir='ltr'><strong>huic</strong></span> <span class='ocrx_word' id='word_1_102' title='bbox 1286 1629 1436 1684; x_wconf 88' lang='lat' dir='ltr'><strong>carni</strong></span> <span class='ocrx_word' id='word_1_103' title='bbox 1483 1628 1705 1694; x_wconf 76' lang='lat' dir='ltr'><strong>alligati,</strong></span> <span class='ocrx_word' id='word_1_104' title='bbox 1737 1629 1831 1681; x_wconf 87' lang='lat' dir='ltr'><strong>sed</strong></span> <span class='ocrx_word' id='word_1_105' title='bbox 1863 1644 1980 1696; x_wconf 74' lang='lat' dir='ltr'><strong>qua:</strong></span> <span class='ocrx_word' id='word_1_106' title='bbox 2031 1642 2144 1678; x_wconf 87' lang='lat' dir='ltr'><strong>rne—</strong></span> 
     </span>
    </p>
   </div>
   <div class='ocr_carea' id='block_1_17' title="bbox 575 1718 2142 1792">
    <p class='ocr_par' dir='ltr' id='par_1_17' title="bbox 575 1718 2142 1792">
     <span class='ocr_line' id='line_1_17' title="bbox 575 1718 2142 1792; baseline -0.004 -14"><span class='ocrx_word' id='word_1_107' title='bbox 575 1725 706 1778; x_wconf 87' lang='lat' dir='ltr'><strong>liora</strong></span> <span class='ocrx_word' id='word_1_108' title='bbox 735 1733 880 1788; x_wconf 90' lang='lat' dir='ltr'><strong>sunt,</strong></span> <span class='ocrx_word' id='word_1_109' title='bbox 914 1732 1058 1777; x_wconf 88' lang='lat' dir='ltr'><strong>recte</strong></span> <span class='ocrx_word' id='word_1_110' title='bbox 1079 1732 1419 1792; x_wconf 88' lang='lat' dir='ltr'><strong>peragentes,</strong></span> <span class='ocrx_word' id='word_1_111' title='bbox 1441 1720 1638 1774; x_wconf 89' lang='lat' dir='ltr'><strong>liberos</strong></span> <span class='ocrx_word' id='word_1_112' title='bbox 1666 1719 1784 1773; x_wconf 88' lang='lat' dir='ltr'><strong>illos</strong></span> <span class='ocrx_word' id='word_1_113' title='bbox 1807 1735 1837 1772; x_wconf 89' lang='lat' dir='ltr'><strong>a</strong></span> <span class='ocrx_word' id='word_1_114' title='bbox 1861 1718 2142 1788; x_wconf 79' lang='lat' dir='ltr'><strong>corporeis</strong></span> 
     </span>
    </p>
   </div>
   <div class='ocr_carea' id='block_1_18' title="bbox 573 1810 2143 1885">
    <p class='ocr_par' dir='ltr' id='par_1_18' title="bbox 573 1810 2143 1885">
     <span class='ocr_line' id='line_1_18' title="bbox 573 1810 2143 1885; baseline -0.004 -16"><span class='ocrx_word' id='word_1_115' title='bbox 573 1816 824 1880; x_wconf 86' lang='lat' dir='ltr'><strong>vinculis,</strong></span> <span class='ocrx_word' id='word_1_116' title='bbox 871 1816 966 1870; x_wconf 88' lang='lat' dir='ltr'><strong>sed</strong></span> <span class='ocrx_word' id='word_1_117' title='bbox 1001 1815 1097 1885; x_wconf 90' lang='lat' dir='ltr'><strong>qui</strong></span> <span class='ocrx_word' id='word_1_118' title='bbox 1132 1824 1224 1866; x_wconf 90' lang='lat' dir='ltr'><strong>aut</strong></span> <span class='ocrx_word' id='word_1_119' title='bbox 1258 1828 1361 1866; x_wconf 91' lang='lat' dir='ltr'><strong>non</strong></span> <span class='ocrx_word' id='word_1_120' title='bbox 1395 1813 1543 1883; x_wconf 89' lang='lat' dir='ltr'><strong>paria</strong></span> <span class='ocrx_word' id='word_1_121' title='bbox 1588 1813 1804 1874; x_wconf 84' lang='lat' dir='ltr'><strong>nostris,</strong></span> <span class='ocrx_word' id='word_1_122' title='bbox 1832 1819 1925 1865; x_wconf 89' lang='lat' dir='ltr'><strong>aut</strong></span> <span class='ocrx_word' id='word_1_123' title='bbox 1965 1810 2143 1880; x_wconf 86' lang='lat' dir='ltr'><strong>pejora</strong></span> 
     </span>
    </p>
   </div>
   <div class='ocr_carea' id='block_1_19' title="bbox 2240 624 3772 695">
    <p class='ocr_par' dir='ltr' id='par_1_19' title="bbox 2240 624 3772 695">
     <span class='ocr_line' id='line_1_19' title="bbox 2240 624 3772 695; baseline 0.005 -19"><span class='ocrx_word' id='word_1_124' title='bbox 2240 624 2348 677; x_wconf 80' lang='grc' dir='ltr'><strong>τῶν</strong></span> <span class='ocrx_word' id='word_1_125' title='bbox 2377 625 2508 695; x_wconf 80' lang='grc' dir='ltr'>παρ’</span> <span class='ocrx_word' id='word_1_126' title='bbox 2547 627 2676 694; x_wconf 78' lang='grc' dir='ltr'>ἡμῖν</span> <span class='ocrx_word' id='word_1_127' title='bbox 2707 663 2723 684; x_wconf 90' lang='grc'><strong>.</strong></span> <span class='ocrx_word' id='word_1_128' title='bbox 2783 624 3001 676; x_wconf 77' lang='grc' dir='ltr'><strong>κολάσει</strong></span> <span class='ocrx_word' id='word_1_129' title='bbox 3058 624 3525 676; x_wconf 74' lang='grc' dir='ltr'>καθυποεάλλεται</span> <span class='ocrx_word' id='word_1_130' title='bbox 3581 627 3772 695; x_wconf 65' lang='grc' dir='ltr'>μείζονγ</span> 
     </span>
    </p>
   </div>
   <div class='ocr_carea' id='block_1_20' title="bbox 2237 713 3774 784">
    <p class='ocr_par' dir='ltr' id='par_1_20' title="bbox 2237 713 3774 784">
     <span class='ocr_line' id='line_1_20' title="bbox 2237 713 3774 784; baseline 0.002 -16"><span class='ocrx_word' id='word_1_131' title='bbox 2237 717 2254 783; x_wconf 90' lang='grc'><strong>(</strong></span> <span class='ocrx_word' id='word_1_132' title='bbox 2279 717 2524 769; x_wconf 79' lang='grc' dir='ltr'>Δυνατοὶ</span> <span class='ocrx_word' id='word_1_133' title='bbox 2580 715 2626 746; x_wconf 67' lang='grc'>⁷⁸</span> <span class='ocrx_word' id='word_1_134' title='bbox 2652 715 2760 784; x_wconf 79' lang='grc' dir='ltr'><strong>γὰρ</strong></span> <span class='ocrx_word' id='word_1_135' title='bbox 2792 713 3057 782; x_wconf 77' lang='grc' dir='ltr'><strong>δυνατῶς</strong></span> <span class='ocrx_word' id='word_1_136' title='bbox 3081 715 3515 783; x_wconf 75' lang='grc' dir='ltr'>ἐτασθήσονται</span> <span class='ocrx_word' id='word_1_137' title='bbox 3537 717 3578 782; x_wconf 87' lang='grc'><strong>).</strong></span> <span class='ocrx_word' id='word_1_138' title='bbox 3626 719 3683 771; x_wconf 85' lang='lat' dir='ltr'><strong>&#39;U</strong></span> <span class='ocrx_word' id='word_1_139' title='bbox 3729 721 3774 776; x_wconf 77' lang='grc' dir='ltr'><strong>δὲ</strong></span> 
     </span>
    </p>
   </div>
   <div class='ocr_carea' id='block_1_21' title="bbox 2238 807 3774 880">
    <p class='ocr_par' dir='ltr' id='par_1_21' title="bbox 2238 807 3774 880">
     <span class='ocr_line' id='line_1_21' title="bbox 2238 807 3774 880; baseline -0.001 -19"><span class='ocrx_word' id='word_1_140' title='bbox 2238 809 2466 870; x_wconf 72' lang='grc' dir='ltr'>ἐκείνοις</span> <span class='ocrx_word' id='word_1_141' title='bbox 2499 807 2695 876; x_wconf 78' lang='grc' dir='ltr'><strong>ἐπάγει</strong></span> <span class='ocrx_word' id='word_1_142' title='bbox 2727 809 2824 880; x_wconf 85' lang='grc' dir='ltr'><strong>τὴν</strong></span> <span class='ocrx_word' id='word_1_143' title='bbox 2857 808 3164 878; x_wconf 73' lang='grc' dir='ltr'><strong>βαρυτάτην</strong></span> <span class='ocrx_word' id='word_1_144' title='bbox 3195 808 3434 868; x_wconf 81' lang='grc' dir='ltr'>κόλασιν,</span> <span class='ocrx_word' id='word_1_145' title='bbox 3462 807 3560 877; x_wconf 65' lang='grc' dir='ltr'>οὐχ</span> <span class='ocrx_word' id='word_1_146' title='bbox 3613 810 3774 878; x_wconf 76' lang='grc' dir='ltr'>ὁμοίαν</span> 
     </span>
    </p>
   </div>
   <div class='ocr_carea' id='block_1_22' title="bbox 2238 898 3778 973">
    <p class='ocr_par' dir='ltr' id='par_1_22' title="bbox 2238 898 3778 973">
     <span class='ocr_line' id='line_1_22' title="bbox 2238 898 3778 973; baseline -0.003 -23"><span class='ocrx_word' id='word_1_147' title='bbox 2238 902 2367 968; x_wconf 61' lang='grc' dir='ltr'>ἡμῖν</span> <span class='ocrx_word' id='word_1_148' title='bbox 2396 903 2488 952; x_wconf 75' lang='grc' dir='ltr'>ἐπὶ</span> <span class='ocrx_word' id='word_1_149' title='bbox 2517 902 2626 961; x_wconf 86' lang='grc' dir='ltr'>τοῖς</span> <span class='ocrx_word' id='word_1_150' title='bbox 2659 900 2865 968; x_wconf 77' lang='grc' dir='ltr'><strong>ὁμοίοις</strong></span> <span class='ocrx_word' id='word_1_151' title='bbox 2898 901 2997 968; x_wconf 80' lang='grc' dir='ltr'>τῆς</span> <span class='ocrx_word' id='word_1_152' title='bbox 3029 900 3218 961; x_wconf 76' lang='grc' dir='ltr'>ποινῆς</span> <span class='ocrx_word' id='word_1_153' title='bbox 3272 899 3465 966; x_wconf 81' lang='grc' dir='ltr'>ἐπάγει</span> <span class='ocrx_word' id='word_1_154' title='bbox 3494 898 3588 969; x_wconf 75' lang='grc' dir='ltr'>τὴν</span> <span class='ocrx_word' id='word_1_155' title='bbox 3637 903 3778 973; x_wconf 72' lang='grc' dir='ltr'>βαρύ.</span> 
     </span>
    </p>
   </div>
   <div class='ocr_carea' id='block_1_23' title="bbox 2237 989 3778 1061">
    <p class='ocr_par' dir='ltr' id='par_1_23' title="bbox 2237 989 3778 1061">
     <span class='ocr_line' id='line_1_23' title="bbox 2237 989 3778 1061; baseline 0.002 -18"><span class='ocrx_word' id='word_1_156' title='bbox 2237 1008 2392 1061; x_wconf 87' lang='grc' dir='ltr'>τητα.</span> <span class='ocrx_word' id='word_1_157' title='bbox 2447 991 2605 1042; x_wconf 77' lang='grc' dir='ltr'>Ἀλλά</span> <span class='ocrx_word' id='word_1_158' title='bbox 2636 993 2727 1044; x_wconf 74' lang='grc' dir='ltr'><strong>καὶ</strong></span> <span class='ocrx_word' id='word_1_159' title='bbox 2756 993 2887 1060; x_wconf 80' lang='grc' dir='ltr'>ἡμῖν</span> <span class='ocrx_word' id='word_1_160' title='bbox 2918 990 3016 1059; x_wconf 81' lang='grc' dir='ltr'><strong>μὲν</strong></span> <span class='ocrx_word' id='word_1_161' title='bbox 3047 989 3236 1042; x_wconf 76' lang='grc' dir='ltr'>θᾶττον</span> <span class='ocrx_word' id='word_1_162' title='bbox 3262 989 3633 1057; x_wconf 76' lang='grc' dir='ltr'>ἀπαλείφεται,</span> <span class='ocrx_word' id='word_1_163' title='bbox 3661 995 3778 1046; x_wconf 81' lang='grc' dir='ltr'>ὲκεί-</span> 
     </span>
    </p>
   </div>
   <div class='ocr_carea' id='block_1_24' title="bbox 2239 1079 3782 1150">
    <p class='ocr_par' dir='ltr' id='par_1_24' title="bbox 2239 1079 3782 1150">
     <span class='ocr_line' id='line_1_24' title="bbox 2239 1079 3782 1150; baseline 0.002 -16"><span class='ocrx_word' id='word_1_164' title='bbox 2239 1099 2348 1146; x_wconf 87' lang='grc' dir='ltr'>νοις</span> <span class='ocrx_word' id='word_1_165' title='bbox 2399 1082 2453 1134; x_wconf 77' lang='grc' dir='ltr'><strong>δὲ</strong></span> <span class='ocrx_word' id='word_1_166' title='bbox 2486 1081 2629 1148; x_wconf 66' lang='grc' dir='ltr'>ἅπαξ</span> <span class='ocrx_word' id='word_1_167' title='bbox 2670 1083 2894 1134; x_wconf 76' lang='grc' dir='ltr'>ὲντακὲν</span> <span class='ocrx_word' id='word_1_168' title='bbox 2933 1080 3176 1150; x_wconf 82' lang='grc' dir='ltr'>διαμένει</span> <span class='ocrx_word' id='word_1_169' title='bbox 3231 1079 3644 1146; x_wconf 79' lang='grc' dir='ltr'>άνεξάλειπτον·</span> <span class='ocrx_word' id='word_1_170' title='bbox 3705 1089 3782 1137; x_wconf 65' lang='grc' dir='ltr'><strong>καὶ</strong></span> 
     </span>
    </p>
   </div>
   <div class='ocr_carea' id='block_1_25' title="bbox 2241 1171 3783 1245">
    <p class='ocr_par' dir='ltr' id='par_1_25' title="bbox 2241 1171 3783 1245">
     <span class='ocr_line' id='line_1_25' title="bbox 2241 1171 3783 1245; baseline -0.006 -17"><span class='ocrx_word' id='word_1_171' title='bbox 2241 1177 2374 1245; x_wconf 80' lang='grc' dir='ltr'>ἡμῖν</span> <span class='ocrx_word' id='word_1_172' title='bbox 2422 1174 2520 1244; x_wconf 81' lang='grc' dir='ltr'><strong>μὲν</strong></span> <span class='ocrx_word' id='word_1_173' title='bbox 2553 1177 2584 1243; x_wconf 89' lang='grc' dir='ltr'><strong>ή</strong></span> <span class='ocrx_word' id='word_1_174' title='bbox 2622 1174 2756 1239; x_wconf 77' lang='grc' dir='ltr'>πρὸς</span> <span class='ocrx_word' id='word_1_175' title='bbox 2786 1175 2846 1226; x_wconf 83' lang='grc' dir='ltr'><strong>τὸ</strong></span> <span class='ocrx_word' id='word_1_176' title='bbox 2878 1173 3036 1241; x_wconf 80' lang='grc' dir='ltr'>σῶμα</span> <span class='ocrx_word' id='word_1_177' title='bbox 3082 1173 3343 1241; x_wconf 73' lang='grc' dir='ltr'>συνάφεια</span> <span class='ocrx_word' id='word_1_178' title='bbox 3376 1171 3688 1242; x_wconf 79' lang='grc' dir='ltr'><strong>συγγνώμης</strong></span> <span class='ocrx_word' id='word_1_179' title='bbox 3718 1179 3783 1228; x_wconf 73' lang='grc' dir='ltr'><strong>αξ-</strong></span> 
     </span>
    </p>
   </div>
   <div class='ocr_carea' id='block_1_26' title="bbox 2241 1263 3783 1336">
    <p class='ocr_par' dir='ltr' id='par_1_26' title="bbox 2241 1263 3783 1336">
     <span class='ocr_line' id='line_1_26' title="bbox 2241 1263 3783 1336; baseline 0.001 -18"><span class='ocrx_word' id='word_1_180' title='bbox 2241 1266 2359 1318; x_wconf 92' lang='grc' dir='ltr'>τίαν</span> <span class='ocrx_word' id='word_1_181' title='bbox 2391 1265 2708 1336; x_wconf 79' lang='grc' dir='ltr'>χαρίζεται,</span> <span class='ocrx_word' id='word_1_182' title='bbox 2757 1268 2868 1328; x_wconf 80' lang='grc' dir='ltr'>τοῖς</span> <span class='ocrx_word' id='word_1_183' title='bbox 2918 1265 2976 1317; x_wconf 84' lang='grc' dir='ltr'><strong>δὲ</strong></span> <span class='ocrx_word' id='word_1_184' title='bbox 3008 1265 3116 1333; x_wconf 81' lang='grc' dir='ltr'><strong>ὅσῳ</strong></span> <span class='ocrx_word' id='word_1_185' title='bbox 3155 1263 3436 1333; x_wconf 75' lang='grc' dir='ltr'><strong>κρείττους</strong></span> <span class='ocrx_word' id='word_1_186' title='bbox 3479 1264 3682 1317; x_wconf 82' lang='grc' dir='ltr'>δοκοῦσι</span> <span class='ocrx_word' id='word_1_187' title='bbox 3707 1267 3783 1319; x_wconf 67' lang='grc' dir='ltr'>τοῦ</span> 
     </span>
    </p>
   </div>
   <div class='ocr_carea' id='block_1_27' title="bbox 2248 1341 3785 1425">
    <p class='ocr_par' dir='ltr' id='par_1_27' title="bbox 2248 1341 3785 1425">
     <span class='ocr_line' id='line_1_27' title="bbox 2248 1341 3785 1425; baseline 0.003 -21"><span class='ocrx_word' id='word_1_188' title='bbox 2248 1351 2516 1424; x_wconf 81' lang='grc' dir='ltr'>σώματος,</span> <span class='ocrx_word' id='word_1_189' title='bbox 2577 1356 2669 1407; x_wconf 75' lang='grc' dir='ltr'>ἐπὶ</span> <span class='ocrx_word' id='word_1_190' title='bbox 2713 1341 2966 1405; x_wconf 75' lang='grc' dir='ltr'>τοσοῦτον</span> <span class='ocrx_word' id='word_1_191' title='bbox 3015 1352 3389 1423; x_wconf 81' lang='grc' dir='ltr'><strong>ἀπαραίτητος</strong></span> <span class='ocrx_word' id='word_1_192' title='bbox 3422 1354 3466 1386; x_wconf 80' lang='grc'><strong>⁷³</strong></span> <span class='ocrx_word' id='word_1_193' title='bbox 3497 1355 3531 1424; x_wconf 78' lang='grc' dir='ltr'>ἡ</span> <span class='ocrx_word' id='word_1_194' title='bbox 3583 1358 3785 1425; x_wconf 64' lang='grc' dir='ltr'>τιμωρία</span> 
     </span>
    </p>
   </div>
   <div class='ocr_carea' id='block_1_28' title="bbox 2245 1443 3784 1515">
    <p class='ocr_par' dir='ltr' id='par_1_28' title="bbox 2245 1443 3784 1515">
     <span class='ocr_line' id='line_1_28' title="bbox 2245 1443 3784 1515; baseline 0.005 -22"><span class='ocrx_word' id='word_1_195' title='bbox 2245 1443 2612 1512; x_wconf 79' lang='grc' dir='ltr'>περιίσταται.</span> <span class='ocrx_word' id='word_1_196' title='bbox 2649 1444 2739 1496; x_wconf 71' lang='grc' dir='ltr'><strong>Διὸ</strong></span> <span class='ocrx_word' id='word_1_197' title='bbox 2758 1445 2849 1496; x_wconf 72' lang='grc' dir='ltr'><strong>καὶ</strong></span> <span class='ocrx_word' id='word_1_198' title='bbox 2873 1445 2931 1496; x_wconf 83' lang='grc' dir='ltr'><strong>τὸ</strong></span> <span class='ocrx_word' id='word_1_199' title='bbox 2965 1444 3196 1515; x_wconf 75' lang='grc' dir='ltr'><strong>ἐκλογῆς</strong></span> <span class='ocrx_word' id='word_1_200' title='bbox 3231 1445 3420 1508; x_wconf 78' lang='grc' dir='ltr'>σκεῦος</span> <span class='ocrx_word' id='word_1_201' title='bbox 3448 1443 3646 1512; x_wconf 78' lang='grc' dir='ltr'>ἔλεγεν’</span> <span class='ocrx_word' id='word_1_202' title='bbox 3685 1447 3784 1514; x_wconf 71' lang='grc' dir='ltr'><strong>Ἀγ-</strong></span> 
     </span>
    </p>
   </div>
   <div class='ocr_carea' id='block_1_29' title="bbox 2243 1529 3786 1607">
    <p class='ocr_par' dir='ltr' id='par_1_29' title="bbox 2243 1529 3786 1607">
     <span class='ocr_line' id='line_1_29' title="bbox 2243 1529 3786 1607; baseline 0.003 -21"><span class='ocrx_word' id='word_1_203' title='bbox 2243 1535 2460 1604; x_wconf 73' lang='grc' dir='ltr'>γέλους</span> <span class='ocrx_word' id='word_1_204' title='bbox 2485 1535 2530 1565; x_wconf 77' lang='grc'><strong>⁷⁸</strong></span> <span class='ocrx_word' id='word_1_205' title='bbox 2588 1535 2931 1604; x_wconf 75' lang='grc' dir='ltr'><strong>κρινοῦμεν,</strong></span> <span class='ocrx_word' id='word_1_206' title='bbox 2964 1529 3109 1604; x_wconf 73' lang='grc' dir='ltr'>μήτι</span> <span class='ocrx_word' id='word_1_207' title='bbox 3147 1553 3213 1607; x_wconf 83' lang='grc' dir='ltr'><strong>γε</strong></span> <span class='ocrx_word' id='word_1_208' title='bbox 3258 1534 3510 1600; x_wconf 79' lang='grc' dir='ltr'>,ϐιωτικά</span> <span class='ocrx_word' id='word_1_209' title='bbox 3541 1551 3555 1565; x_wconf 87' lang='grc'><strong>·</strong></span> <span class='ocrx_word' id='word_1_210' title='bbox 3592 1535 3675 1588; x_wconf 77' lang='grc' dir='ltr'><strong>καὶ</strong></span> <span class='ocrx_word' id='word_1_211' title='bbox 3698 1577 3710 1597; x_wconf 89' lang='grc'><strong>,</strong></span> <span class='ocrx_word' id='word_1_212' title='bbox 3737 1541 3786 1591; x_wconf 81' lang='grc' dir='ltr'>οι</span> 
     </span>
    </p>
   </div>
   <div class='ocr_carea' id='block_1_30' title="bbox 2243 1624 3788 1696">
    <p class='ocr_par' dir='ltr' id='par_1_30' title="bbox 2243 1624 3788 1696">
     <span class='ocr_line' id='line_1_30' title="bbox 2243 1624 3788 1696; baseline 0.001 -16"><span class='ocrx_word' id='word_1_213' title='bbox 2243 1625 2395 1696; x_wconf 81' lang='grc' dir='ltr'><em>ἅγιοι</em></span> <span class='ocrx_word' id='word_1_214' title='bbox 2429 1625 2535 1678; x_wconf 81' lang='grc' dir='ltr'><strong>τὸν</strong></span> <span class='ocrx_word' id='word_1_215' title='bbox 2559 1628 2789 1695; x_wconf 80' lang='grc' dir='ltr'><strong>κόσμον</strong></span> <span class='ocrx_word' id='word_1_216' title='bbox 2826 1627 3162 1694; x_wconf 75' lang='grc' dir='ltr'>κρινοῦσιν,</span> <span class='ocrx_word' id='word_1_217' title='bbox 3202 1624 3313 1680; x_wconf 76' lang='grc' dir='ltr'>οἷον</span> <span class='ocrx_word' id='word_1_218' title='bbox 3341 1627 3385 1657; x_wconf 70' lang='grc' dir='ltr'><strong>τ’</strong></span> <span class='ocrx_word' id='word_1_219' title='bbox 3417 1624 3615 1694; x_wconf 82' lang='grc' dir='ltr'>σαρκὸς</span> <span class='ocrx_word' id='word_1_220' title='bbox 3644 1630 3788 1696; x_wconf 72' lang='grc' dir='ltr'>παχύ-</span> 
     </span>
    </p>
   </div>
   <div class='ocr_carea' id='block_1_31' title="bbox 2242 1712 3788 1786">
    <p class='ocr_par' dir='ltr' id='par_1_31' title="bbox 2242 1712 3788 1786">
     <span class='ocr_line' id='line_1_31' title="bbox 2242 1712 3788 1786; baseline -0.002 -18"><span class='ocrx_word' id='word_1_221' title='bbox 2242 1733 2366 1785; x_wconf 85' lang='grc' dir='ltr'>τητι</span> <span class='ocrx_word' id='word_1_222' title='bbox 2397 1713 2737 1777; x_wconf 80' lang='grc' dir='ltr'>συνδεθέντες</span> <span class='ocrx_word' id='word_1_223' title='bbox 2770 1714 2864 1768; x_wconf 72' lang='grc' dir='ltr'>καὶ</span> <span class='ocrx_word' id='word_1_224' title='bbox 2893 1713 3282 1786; x_wconf 80' lang='grc' dir='ltr'>κατορθοῦντες</span> <span class='ocrx_word' id='word_1_225' title='bbox 3302 1712 3368 1765; x_wconf 73' lang='grc' dir='ltr'><strong>τὰ</strong></span> <span class='ocrx_word' id='word_1_226' title='bbox 3387 1712 3669 1784; x_wconf 87' lang='grc' dir='ltr'>κρείττονα</span> <span class='ocrx_word' id='word_1_227' title='bbox 3689 1716 3788 1777; x_wconf 77' lang='grc' dir='ltr'>τοὺς</span> 
     </span>
    </p>
   </div>
   <div class='ocr_carea' id='block_1_32' title="bbox 2247 1802 3789 1879">
    <p class='ocr_par' dir='ltr' id='par_1_32' title="bbox 2247 1802 3789 1879">
     <span class='ocr_line' id='line_1_32' title="bbox 2247 1802 3789 1879; baseline -0.001 -20"><span class='ocrx_word' id='word_1_228' title='bbox 2247 1808 2563 1879; x_wconf 82' lang='grc' dir='ltr'>ἐλευθέρους</span> <span class='ocrx_word' id='word_1_229' title='bbox 2600 1808 2696 1878; x_wconf 85' lang='grc' dir='ltr'><strong>μὲν</strong></span> <span class='ocrx_word' id='word_1_230' title='bbox 2747 1809 2844 1877; x_wconf 79' lang='grc' dir='ltr'><strong>τῆς</strong></span> <span class='ocrx_word' id='word_1_231' title='bbox 2899 1806 3222 1877; x_wconf 74' lang='grc' dir='ltr'><strong>σωματικῆς</strong></span> <span class='ocrx_word' id='word_1_232' title='bbox 3266 1805 3453 1874; x_wconf 83' lang='grc' dir='ltr'>πέδης,</span> <span class='ocrx_word' id='word_1_233' title='bbox 3497 1802 3575 1874; x_wconf 81' lang='grc' dir='ltr'><strong>μὴ</strong></span> <span class='ocrx_word' id='word_1_234' title='bbox 3606 1804 3668 1856; x_wconf 77' lang='grc' dir='ltr'>τὰ</span> <span class='ocrx_word' id='word_1_235' title='bbox 3719 1805 3789 1858; x_wconf 76' lang='grc' dir='ltr'>[σα</span> 
     </span>
    </p>
   </div>
   <div class='ocr_carea' id='block_1_33' title="bbox 573 1883 2144 1978">
    <p class='ocr_par' dir='ltr' id='par_1_33' title="bbox 573 1883 2138 1978">
     <span class='ocr_line' id='line_1_33' title="bbox 573 1883 2138 1978; baseline -0.004 -19"><span class='ocrx_word' id='word_1_236' title='bbox 573 1909 732 1962; x_wconf 86' lang='lat' dir='ltr'><strong>etiam</strong></span> <span class='ocrx_word' id='word_1_237' title='bbox 765 1883 1357 1978; x_wconf 20' lang='lat' dir='ltr'><strong>patrantijudicamus,</strong></span> <span class='ocrx_word' id='word_1_238' title='bbox 1397 1912 1559 1971; x_wconf 85' lang='lat' dir='ltr'><strong>atque</strong></span> <span class='ocrx_word' id='word_1_239' title='bbox 1589 1901 2004 1971; x_wconf 89' lang='lat' dir='ltr'><strong>compescimus,</strong></span> <span class='ocrx_word' id='word_1_240' title='bbox 2038 1901 2138 1953; x_wconf 88' lang='lat' dir='ltr'><strong>mi-</strong></span> 
     </span>
    </p>
   </div>
   <div class='ocr_carea' id='block_1_34' title="bbox 2247 1883 3790 1978">
    <p class='ocr_par' dir='ltr' id='par_1_34' title="bbox 2247 1894 3790 1970">
     <span class='ocr_line' id='line_1_34' title="bbox 2247 1894 3790 1970; baseline -0.003 -17"><span class='ocrx_word' id='word_1_241' title='bbox 2247 1899 2301 1953; x_wconf 82' lang='grc' dir='ltr'><strong>δὲ</strong></span> <span class='ocrx_word' id='word_1_242' title='bbox 2329 1900 2362 1970; x_wconf 82' lang='grc' dir='ltr'>ἢ</span> <span class='ocrx_word' id='word_1_243' title='bbox 2391 1901 2482 1952; x_wconf 61' lang='grc' dir='ltr'><strong>καὶ¹</strong></span> <span class='ocrx_word' id='word_1_244' title='bbox 2515 1899 2581 1952; x_wconf 88' lang='grc' dir='ltr'><strong>τά</strong></span> <span class='ocrx_word' id='word_1_245' title='bbox 2608 1899 2776 1969; x_wconf 84' lang='grc' dir='ltr'>χείρω</span> <span class='ocrx_word' id='word_1_246' title='bbox 2819 1899 3155 1969; x_wconf 75' lang='grc' dir='ltr'>πράττοντας</span> <span class='ocrx_word' id='word_1_247' title='bbox 3187 1894 3594 1968; x_wconf 83' lang='grc' dir='ltr'>κατακρίνομὲν</span> <span class='ocrx_word' id='word_1_248' title='bbox 3641 1913 3692 1948; x_wconf 85' lang='grc' dir='ltr'><strong>τε</strong></span> <span class='ocrx_word' id='word_1_249' title='bbox 3713 1898 3790 1950; x_wconf 75' lang='grc' dir='ltr'><strong>καὶ</strong></span> 
     </span>
    </p>
   </div>
   <div class='ocr_carea' id='block_1_35' title="bbox 576 1992 2140 2071">
    <p class='ocr_par' dir='ltr' id='par_1_35' title="bbox 576 1992 2140 2071">
     <span class='ocr_line' id='line_1_35' title="bbox 576 1992 2140 2071; baseline -0.005 -17"><span class='ocrx_word' id='word_1_250' title='bbox 576 2015 705 2058; x_wconf 91' lang='lat' dir='ltr'><strong>nore</strong></span> <span class='ocrx_word' id='word_1_251' title='bbox 732 2017 854 2056; x_wconf 90' lang='lat' dir='ltr'><strong>cum</strong></span> <span class='ocrx_word' id='word_1_252' title='bbox 886 2006 1174 2071; x_wconf 89' lang='lat' dir='ltr'><strong>potestate,</strong></span> <span class='ocrx_word' id='word_1_253' title='bbox 1213 1998 1353 2066; x_wconf 87' lang='lat' dir='ltr'><strong>quod</strong></span> <span class='ocrx_word' id='word_1_254' title='bbox 1384 1997 1575 2050; x_wconf 90' lang='lat' dir='ltr'><strong>melius</strong></span> <span class='ocrx_word' id='word_1_255' title='bbox 1605 2003 1743 2056; x_wconf 90' lang='lat' dir='ltr'><strong>erat,</strong></span> <span class='ocrx_word' id='word_1_256' title='bbox 1771 1992 2140 2063; x_wconf 75' lang='lat' dir='ltr'><strong>perﬁcientes,</strong></span> 
     </span>
    </p>
   </div>
   <div class='ocr_carea' id='block_1_36' title="bbox 575 2084 2144 2161">
    <p class='ocr_par' dir='ltr' id='par_1_36' title="bbox 575 2084 2144 2161">
     <span class='ocr_line' id='line_1_36' title="bbox 575 2084 2144 2161; baseline -0.004 -16"><span class='ocrx_word' id='word_1_257' title='bbox 575 2109 684 2161; x_wconf 68' lang='lat' dir='ltr'><strong>prae</strong></span> <span class='ocrx_word' id='word_1_258' title='bbox 716 2091 803 2154; x_wconf 87' lang='lat' dir='ltr'><strong>iis,</strong></span> <span class='ocrx_word' id='word_1_259' title='bbox 842 2091 930 2160; x_wconf 82' lang='lat' dir='ltr'><strong>qui</strong></span> <span class='ocrx_word' id='word_1_260' title='bbox 966 2089 1223 2158; x_wconf 82' lang='lat' dir='ltr'><strong>majorem</strong></span> <span class='ocrx_word' id='word_1_261' title='bbox 1267 2087 1572 2142; x_wconf 72' lang='lat' dir='ltr'><strong>facultatem</strong></span> <span class='ocrx_word' id='word_1_262' title='bbox 1603 2085 1945 2140; x_wconf 83' lang='lat' dir='ltr'><strong>obtinebant.</strong></span> <span class='ocrx_word' id='word_1_263' title='bbox 1980 2084 2144 2138; x_wconf 82' lang='lat' dir='ltr'><strong>Nobis</strong></span> 
     </span>
    </p>
   </div>
   <div class='ocr_carea' id='block_1_37' title="bbox 575 2178 2143 2253">
    <p class='ocr_par' dir='ltr' id='par_1_37' title="bbox 575 2178 2143 2253">
     <span class='ocr_line' id='line_1_37' title="bbox 575 2178 2143 2253; baseline -0.006 -15"><span class='ocrx_word' id='word_1_264' title='bbox 575 2186 793 2253; x_wconf 85' lang='lat' dir='ltr'><strong>insuper</strong></span> <span class='ocrx_word' id='word_1_265' title='bbox 830 2182 1177 2253; x_wconf 86' lang='lat' dir='ltr'><strong>peccantibus</strong></span> <span class='ocrx_word' id='word_1_266' title='bbox 1227 2191 1334 2234; x_wconf 84' lang='lat' dir='ltr'><strong>tota</strong></span> <span class='ocrx_word' id='word_1_267' title='bbox 1367 2191 1448 2234; x_wconf 88' lang='lat' dir='ltr'><strong>est</strong></span> <span class='ocrx_word' id='word_1_268' title='bbox 1494 2180 1604 2234; x_wconf 92' lang='lat' dir='ltr'><strong>vita</strong></span> <span class='ocrx_word' id='word_1_269' title='bbox 1653 2179 1720 2232; x_wconf 90' lang='lat' dir='ltr'><strong>ad</strong></span> <span class='ocrx_word' id='word_1_270' title='bbox 1773 2178 2143 2248; x_wconf 78' lang='lat' dir='ltr'><strong>pmnitentiam</strong></span> 
     </span>
    </p>
   </div>
   <div class='ocr_carea' id='block_1_38' title="bbox 573 2266 2144 2345">
    <p class='ocr_par' dir='ltr' id='par_1_38' title="bbox 573 2266 2144 2345">
     <span class='ocr_line' id='line_1_38' title="bbox 573 2266 2144 2345; baseline -0.006 -15"><span class='ocrx_word' id='word_1_271' title='bbox 573 2287 736 2345; x_wconf 89' lang='lat' dir='ltr'><strong>atque</strong></span> <span class='ocrx_word' id='word_1_272' title='bbox 759 2273 1187 2329; x_wconf 88' lang='lat' dir='ltr'><strong>emendationem</strong></span> <span class='ocrx_word' id='word_1_273' title='bbox 1219 2273 1513 2341; x_wconf 81' lang='lat' dir='ltr'><strong>proposita,</strong></span> <span class='ocrx_word' id='word_1_274' title='bbox 1561 2285 1681 2324; x_wconf 91' lang='lat' dir='ltr'><strong>cum</strong></span> <span class='ocrx_word' id='word_1_275' title='bbox 1728 2268 1948 2338; x_wconf 81' lang='lat' dir='ltr'><strong>angelos</strong></span> <span class='ocrx_word' id='word_1_276' title='bbox 1978 2266 2144 2322; x_wconf 89' lang='lat' dir='ltr'><strong>semel</strong></span> 
     </span>
    </p>
   </div>
   <div class='ocr_carea' id='block_1_39' title="bbox 576 2360 2142 2437">
    <p class='ocr_par' dir='ltr' id='par_1_39' title="bbox 576 2360 2142 2437">
     <span class='ocr_line' id='line_1_39' title="bbox 576 2360 2142 2437; baseline -0.006 -16"><span class='ocrx_word' id='word_1_277' title='bbox 576 2369 751 2437; x_wconf 86' lang='lat' dir='ltr'><strong>lapsos</strong></span> <span class='ocrx_word' id='word_1_278' title='bbox 771 2381 928 2436; x_wconf 67' lang='lat' dir='ltr'><strong>pinna</strong></span> <span class='ocrx_word' id='word_1_279' title='bbox 948 2379 1070 2419; x_wconf 81' lang='lat' dir='ltr'><strong>mox</strong></span> <span class='ocrx_word' id='word_1_280' title='bbox 1088 2374 1375 2418; x_wconf 86' lang='lat' dir='ltr'><strong>consecuta</strong></span> <span class='ocrx_word' id='word_1_281' title='bbox 1407 2363 1493 2416; x_wconf 90' lang='lat' dir='ltr'><strong>sit.</strong></span> <span class='ocrx_word' id='word_1_282' title='bbox 1519 2360 1749 2432; x_wconf 84' lang='lat' dir='ltr'><strong>Caligini</strong></span> <span class='ocrx_word' id='word_1_283' title='bbox 1765 2363 1924 2422; x_wconf 82' lang='lat' dir='ltr'><strong>enim,</strong></span> <span class='ocrx_word' id='word_1_284' title='bbox 1950 2360 2142 2429; x_wconf 87' lang='lat' dir='ltr'><strong>inquit,</strong></span> 
     </span>
    </p>
   </div>
   <div class='ocr_carea' id='block_1_40' title="bbox 575 2453 2144 2528">
    <p class='ocr_par' dir='ltr' id='par_1_40' title="bbox 575 2453 2144 2528">
     <span class='ocr_line' id='line_1_40' title="bbox 575 2453 2144 2528; baseline -0.004 -15"><span class='ocrx_word' id='word_1_285' title='bbox 575 2460 768 2528; x_wconf 82' lang='lat' dir='ltr'><strong>inferni</strong></span> <span class='ocrx_word' id='word_1_286' title='bbox 824 2459 1090 2511; x_wconf 77' lang='lat' dir='ltr'><strong>immersos</strong></span> <span class='ocrx_word' id='word_1_287' title='bbox 1141 2455 1360 2509; x_wconf 82' lang='lat' dir='ltr'><strong>tradidit</strong></span> <span class='ocrx_word' id='word_1_288' title='bbox 1392 2456 1442 2507; x_wconf 87' lang='lat' dir='ltr'><strong>in</strong></span> <span class='ocrx_word' id='word_1_289' title='bbox 1468 2455 1734 2525; x_wconf 83' lang='lat' dir='ltr'><strong>judicium</strong></span> <span class='ocrx_word' id='word_1_290' title='bbox 1781 2453 2144 2507; x_wconf 74' lang='lat' dir='ltr'><strong>custodiendos</strong></span> 
     </span>
    </p>
   </div>
   <div class='ocr_carea' id='block_1_41' title="bbox 579 2545 2146 2622">
    <p class='ocr_par' dir='ltr' id='par_1_41' title="bbox 579 2545 2146 2622">
     <span class='ocr_line' id='line_1_41' title="bbox 579 2545 2146 2622; baseline -0.006 -14"><span class='ocrx_word' id='word_1_291' title='bbox 579 2569 780 2608; x_wconf 76' lang='lat' dir='ltr'><strong>servare</strong></span> <span class='ocrx_word' id='word_1_292' title='bbox 811 2551 948 2622; x_wconf 75' lang='grc'><strong>(45).</strong></span> <span class='ocrx_word' id='word_1_293' title='bbox 975 2549 1110 2604; x_wconf 87' lang='lat' dir='ltr'><strong>Aliis</strong></span> <span class='ocrx_word' id='word_1_294' title='bbox 1141 2548 1406 2603; x_wconf 67' lang='lat' dir='ltr'><strong>sescentis</strong></span> <span class='ocrx_word' id='word_1_295' title='bbox 1436 2549 1767 2618; x_wconf 76' lang='lat' dir='ltr'><strong>argumentis</strong></span> <span class='ocrx_word' id='word_1_296' title='bbox 1807 2545 2146 2615; x_wconf 86' lang='lat' dir='ltr'><strong>sapientissi-</strong></span> 
     </span>
    </p>
   </div>
   <div class='ocr_carea' id='block_1_42' title="bbox 581 2641 2142 2714">
    <p class='ocr_par' dir='ltr' id='par_1_42' title="bbox 581 2641 2142 2714">
     <span class='ocr_line' id='line_1_42' title="bbox 581 2641 2142 2714; baseline -0.004 -16"><span class='ocrx_word' id='word_1_297' title='bbox 581 2663 664 2698; x_wconf 87' lang='lat' dir='ltr'><strong>ma</strong></span> <span class='ocrx_word' id='word_1_298' title='bbox 699 2645 789 2699; x_wconf 87' lang='lat' dir='ltr'><strong>Dei</strong></span> <span class='ocrx_word' id='word_1_299' title='bbox 819 2659 944 2714; x_wconf 76' lang='lat' dir='ltr'><strong>erga</strong></span> <span class='ocrx_word' id='word_1_300' title='bbox 995 2657 1095 2698; x_wconf 90' lang='lat' dir='ltr'><strong>nos</strong></span> <span class='ocrx_word' id='word_1_301' title='bbox 1122 2641 1454 2711; x_wconf 87' lang='lat' dir='ltr'><strong>providentia</strong></span> <span class='ocrx_word' id='word_1_302' title='bbox 1489 2641 1836 2711; x_wconf 85' lang='lat' dir='ltr'><strong>perspicitur.</strong></span> <span class='ocrx_word' id='word_1_303' title='bbox 1869 2648 1925 2694; x_wconf 91' lang='lat' dir='ltr'><strong>et</strong></span> <span class='ocrx_word' id='word_1_304' title='bbox 1953 2654 2142 2694; x_wconf 90' lang='lat' dir='ltr'><strong>eorum</strong></span> 
     </span>
    </p>
   </div>
   <div class='ocr_carea' id='block_1_43' title="bbox 578 2731 2146 2805">
    <p class='ocr_par' dir='ltr' id='par_1_43' title="bbox 578 2731 2146 2805">
     <span class='ocr_line' id='line_1_43' title="bbox 578 2731 2146 2805; baseline -0.001 -20"><span class='ocrx_word' id='word_1_305' title='bbox 578 2737 666 2805; x_wconf 83' lang='lat' dir='ltr'><strong>qui</strong></span> <span class='ocrx_word' id='word_1_306' title='bbox 705 2749 802 2788; x_wconf 90' lang='lat' dir='ltr'><strong>nos</strong></span> <span class='ocrx_word' id='word_1_307' title='bbox 831 2732 1050 2804; x_wconf 83' lang='lat' dir='ltr'><strong>angelos</strong></span> <span class='ocrx_word' id='word_1_308' title='bbox 1097 2733 1274 2803; x_wconf 86' lang='lat' dir='ltr'><strong>potius</strong></span> <span class='ocrx_word' id='word_1_309' title='bbox 1306 2731 1500 2802; x_wconf 77' lang='lat' dir='ltr'><strong>186a</strong></span> <span class='ocrx_word' id='word_1_310' title='bbox 1536 2746 1697 2802; x_wconf 92' lang='lat' dir='ltr'><strong>quam</strong></span> <span class='ocrx_word' id='word_1_311' title='bbox 1731 2731 1978 2786; x_wconf 87' lang='lat' dir='ltr'><strong>homines</strong></span> <span class='ocrx_word' id='word_1_312' title='bbox 2015 2746 2146 2786; x_wconf 86' lang='lat' dir='ltr'><strong>con-</strong></span> 
     </span>
    </p>
   </div>
   <div class='ocr_carea' id='block_1_44' title="bbox 579 2823 2143 2894">
    <p class='ocr_par' dir='ltr' id='par_1_44' title="bbox 579 2823 2143 2894">
     <span class='ocr_line' id='line_1_44' title="bbox 579 2823 2143 2894; baseline -0.001 -14"><span class='ocrx_word' id='word_1_313' title='bbox 579 2831 720 2880; x_wconf 85' lang='lat' dir='ltr'><strong>ditos</strong></span> <span class='ocrx_word' id='word_1_314' title='bbox 746 2825 954 2889; x_wconf 88' lang='lat' dir='ltr'><strong>volunt,</strong></span> <span class='ocrx_word' id='word_1_315' title='bbox 985 2824 1254 2879; x_wconf 88' lang='lat' dir='ltr'><strong>dementia</strong></span> <span class='ocrx_word' id='word_1_316' title='bbox 1284 2835 1442 2893; x_wconf 90' lang='lat' dir='ltr'><strong>atque</strong></span> <span class='ocrx_word' id='word_1_317' title='bbox 1466 2824 1673 2878; x_wconf 90' lang='lat' dir='ltr'><strong>insania</strong></span> <span class='ocrx_word' id='word_1_318' title='bbox 1709 2823 1884 2894; x_wconf 87' lang='lat' dir='ltr'><strong>palam</strong></span> <span class='ocrx_word' id='word_1_319' title='bbox 1913 2823 2143 2893; x_wconf 81' lang='lat' dir='ltr'><strong>exponi-</strong></span> 
     </span>
    </p>
   </div>
   <div class='ocr_carea' id='block_1_45' title="bbox 581 2918 2142 2988">
    <p class='ocr_par' dir='ltr' id='par_1_45' title="bbox 581 2918 2142 2988">
     <span class='ocr_line' id='line_1_45' title="bbox 581 2918 2142 2988; baseline -0.001 -14"><span class='ocrx_word' id='word_1_320' title='bbox 581 2932 686 2974; x_wconf 90' lang='lat' dir='ltr'><strong>tur.</strong></span> <span class='ocrx_word' id='word_1_321' title='bbox 721 2919 1059 2988; x_wconf 90' lang='lat' dir='ltr'><strong>Quanquam,</strong></span> <span class='ocrx_word' id='word_1_322' title='bbox 1115 2919 1159 2974; x_wconf 93' lang='lat' dir='ltr'><strong>si</strong></span> <span class='ocrx_word' id='word_1_323' title='bbox 1207 2919 1499 2973; x_wconf 85' lang='lat' dir='ltr'><strong>secundum</strong></span> <span class='ocrx_word' id='word_1_324' title='bbox 1530 2918 1837 2987; x_wconf 82' lang='lat' dir='ltr'><strong>angelorum</strong></span> <span class='ocrx_word' id='word_1_325' title='bbox 1897 2929 2142 2972; x_wconf 89' lang='lat' dir='ltr'><strong>naturam</strong></span> 
     </span>
    </p>
   </div>
   <div class='ocr_carea' id='block_1_46' title="bbox 579 3009 2144 3082">
    <p class='ocr_par' dir='ltr' id='par_1_46' title="bbox 579 3009 2144 3082">
     <span class='ocr_line' id='line_1_46' title="bbox 579 3009 2144 3082; baseline -0.002 -16"><span class='ocrx_word' id='word_1_326' title='bbox 579 3013 846 3066; x_wconf 88' lang='lat' dir='ltr'><strong>hominem</strong></span> <span class='ocrx_word' id='word_1_327' title='bbox 875 3011 1197 3066; x_wconf 81' lang='lat' dir='ltr'><strong>fabricasset</strong></span> <span class='ocrx_word' id='word_1_328' title='bbox 1231 3009 1444 3082; x_wconf 77' lang='lat' dir='ltr'><strong>[Deus],</strong></span> <span class='ocrx_word' id='word_1_329' title='bbox 1481 3025 1549 3064; x_wconf 91' lang='lat' dir='ltr'><strong>ne</strong></span> <span class='ocrx_word' id='word_1_330' title='bbox 1579 3009 1656 3064; x_wconf 90' lang='lat' dir='ltr'><strong>sic</strong></span> <span class='ocrx_word' id='word_1_331' title='bbox 1699 3009 1914 3078; x_wconf 87' lang='lat' dir='ltr'><strong>quidem</strong></span> <span class='ocrx_word' id='word_1_332' title='bbox 1947 3024 2144 3078; x_wconf 90' lang='lat' dir='ltr'><strong>repre-</strong></span> 
     </span>
    </p>
   </div>
   <div class='ocr_carea' id='block_1_47' title="bbox 579 3100 2143 3171">
    <p class='ocr_par' dir='ltr' id='par_1_47' title="bbox 579 3100 2143 3171">
     <span class='ocr_line' id='line_1_47' title="bbox 579 3100 2143 3171; baseline -0.003 -13"><span class='ocrx_word' id='word_1_333' title='bbox 579 3103 846 3158; x_wconf 91' lang='lat' dir='ltr'><strong>hendendi</strong></span> <span class='ocrx_word' id='word_1_334' title='bbox 902 3102 1139 3157; x_wconf 89' lang='lat' dir='ltr'><strong>studium</strong></span> <span class='ocrx_word' id='word_1_335' title='bbox 1207 3118 1514 3171; x_wconf 86' lang='lat' dir='ltr'><strong>repressum</strong></span> <span class='ocrx_word' id='word_1_336' title='bbox 1568 3100 1706 3158; x_wconf 82' lang='lat' dir='ltr'><strong>foret</strong></span> <span class='ocrx_word' id='word_1_337' title='bbox 1752 3120 1768 3168; x_wconf 80' lang='lat'><strong>;</strong></span> <span class='ocrx_word' id='word_1_338' title='bbox 1829 3103 1920 3156; x_wconf 88' lang='lat' dir='ltr'><strong>sed</strong></span> <span class='ocrx_word' id='word_1_339' title='bbox 1983 3101 2143 3156; x_wconf 83' lang='lat' dir='ltr'><strong>aliam</strong></span> 
     </span>
    </p>
   </div>
   <div class='ocr_carea' id='block_1_48' title="bbox 580 3193 2145 3263">
    <p class='ocr_par' dir='ltr' id='par_1_48' title="bbox 580 3193 2145 3263">
     <span class='ocr_line' id='line_1_48' title="bbox 580 3193 2145 3263; baseline -0.001 -17"><span class='ocrx_word' id='word_1_340' title='bbox 580 3209 763 3249; x_wconf 83' lang='lat' dir='ltr'><strong>rursus</strong></span> <span class='ocrx_word' id='word_1_341' title='bbox 813 3204 1061 3247; x_wconf 87' lang='lat' dir='ltr'><strong>naturam</strong></span> <span class='ocrx_word' id='word_1_342' title='bbox 1089 3204 1373 3263; x_wconf 72' lang='lat' dir='ltr'><strong>quiereret,</strong></span> <span class='ocrx_word' id='word_1_343' title='bbox 1408 3208 1526 3261; x_wconf 64' lang='lat' dir='ltr'><strong>quae</strong></span> <span class='ocrx_word' id='word_1_344' title='bbox 1572 3193 1870 3262; x_wconf 82' lang='lat' dir='ltr'><strong>angelicum</strong></span> <span class='ocrx_word' id='word_1_345' title='bbox 1909 3193 2145 3247; x_wconf 82' lang='lat' dir='ltr'><strong>vinceret</strong></span> 
     </span>
    </p>
   </div>
   <div class='ocr_carea' id='block_1_49' title="bbox 579 3284 2144 3340">
    <p class='ocr_par' dir='ltr' id='par_1_49' title="bbox 579 3284 2144 3340">
     <span class='ocr_line' id='line_1_49' title="bbox 579 3284 2144 3340; baseline -0.001 -2"><span class='ocrx_word' id='word_1_346' title='bbox 579 3294 796 3339; x_wconf 86' lang='lat' dir='ltr'><strong>statum.</strong></span> <span class='ocrx_word' id='word_1_347' title='bbox 848 3284 1064 3339; x_wconf 89' lang='lat' dir='ltr'><strong>Interim</strong></span> <span class='ocrx_word' id='word_1_348' title='bbox 1118 3293 1170 3337; x_wconf 90' lang='lat' dir='ltr'><strong>tu</strong></span> <span class='ocrx_word' id='word_1_349' title='bbox 1217 3292 1272 3338; x_wconf 91' lang='lat' dir='ltr'><strong>et</strong></span> <span class='ocrx_word' id='word_1_350' title='bbox 1306 3285 1406 3338; x_wconf 91' lang='lat' dir='ltr'><strong>hoc</strong></span> <span class='ocrx_word' id='word_1_351' title='bbox 1456 3285 1583 3338; x_wconf 82' lang='lat' dir='ltr'><strong>mihi</strong></span> <span class='ocrx_word' id='word_1_352' title='bbox 1621 3284 1899 3340; x_wconf 89' lang='lat' dir='ltr'><strong>considera</strong></span> <span class='ocrx_word' id='word_1_353' title='bbox 1943 3302 1958 3338; x_wconf 86' lang='lat'><strong>:</strong></span> <span class='ocrx_word' id='word_1_354' title='bbox 1997 3284 2040 3338; x_wconf 89' lang='lat' dir='ltr'><strong>si</strong></span> <span class='ocrx_word' id='word_1_355' title='bbox 2080 3284 2144 3337; x_wconf 89' lang='lat' dir='ltr'><strong>ad</strong></span> 
     </span>
    </p>
   </div>
   <div class='ocr_carea' id='block_1_50' title="bbox 579 3373 2147 3445">
    <p class='ocr_par' dir='ltr' id='par_1_50' title="bbox 579 3373 2147 3445">
     <span class='ocr_line' id='line_1_50' title="bbox 579 3373 2147 3445; baseline 0 -17"><span class='ocrx_word' id='word_1_356' title='bbox 579 3375 870 3442; x_wconf 81' lang='lat' dir='ltr'><strong>imaginem</strong></span> <span class='ocrx_word' id='word_1_357' title='bbox 913 3375 1006 3428; x_wconf 89' lang='lat' dir='ltr'><strong>Dei</strong></span> <span class='ocrx_word' id='word_1_358' title='bbox 1046 3373 1295 3428; x_wconf 85' lang='lat' dir='ltr'><strong>conditus</strong></span> <span class='ocrx_word' id='word_1_359' title='bbox 1331 3375 1500 3428; x_wconf 81' lang='lat' dir='ltr'><strong>Adam</strong></span> <span class='ocrx_word' id='word_1_360' title='bbox 1528 3375 1837 3442; x_wconf 85' lang='lat' dir='ltr'><strong>angelorum</strong></span> <span class='ocrx_word' id='word_1_361' title='bbox 1874 3390 1969 3445; x_wconf 92' lang='lat' dir='ltr'><strong>par</strong></span> <span class='ocrx_word' id='word_1_362' title='bbox 2009 3373 2147 3428; x_wconf 86' lang='lat' dir='ltr'><strong>fuls-</strong></span> 
     </span>
    </p>
   </div>
   <div class='ocr_carea' id='block_1_51' title="bbox 581 3468 2147 3538">
    <p class='ocr_par' dir='ltr' id='par_1_51' title="bbox 581 3468 2147 3538">
     <span class='ocr_line' id='line_1_51' title="bbox 581 3468 2147 3538; baseline 0.001 -17"><span class='ocrx_word' id='word_1_363' title='bbox 581 3477 683 3533; x_wconf 89' lang='lat' dir='ltr'><strong>set,</strong></span> <span class='ocrx_word' id='word_1_364' title='bbox 727 3477 782 3522; x_wconf 93' lang='lat' dir='ltr'><strong>et</strong></span> <span class='ocrx_word' id='word_1_365' title='bbox 836 3483 1010 3538; x_wconf 91' lang='lat' dir='ltr'><strong>neque</strong></span> <span class='ocrx_word' id='word_1_366' title='bbox 1052 3483 1153 3524; x_wconf 84' lang='lat' dir='ltr'><strong>nos</strong></span> <span class='ocrx_word' id='word_1_367' title='bbox 1198 3468 1508 3538; x_wconf 83' lang='lat' dir='ltr'><strong>angelorum</strong></span> <span class='ocrx_word' id='word_1_368' title='bbox 1549 3469 1719 3537; x_wconf 79' lang='lat' dir='ltr'><strong>gloria</strong></span> <span class='ocrx_word' id='word_1_369' title='bbox 1760 3469 2147 3532; x_wconf 84' lang='lat' dir='ltr'><strong>earuissemus,</strong></span> 
     </span>
    </p>
   </div>
   <div class='ocr_carea' id='block_1_52' title="bbox 583 3559 2146 3630">
    <p class='ocr_par' dir='ltr' id='par_1_52' title="bbox 583 3559 2146 3630">
     <span class='ocr_line' id='line_1_52' title="bbox 583 3559 2146 3630; baseline -0.001 -18"><span class='ocrx_word' id='word_1_370' title='bbox 583 3560 670 3614; x_wconf 91' lang='lat' dir='ltr'><strong>ille</strong></span> <span class='ocrx_word' id='word_1_371' title='bbox 705 3569 881 3614; x_wconf 86' lang='lat' dir='ltr'><strong>tamen</strong></span> <span class='ocrx_word' id='word_1_372' title='bbox 914 3560 1074 3629; x_wconf 91' lang='lat' dir='ltr'><strong>paulo</strong></span> <span class='ocrx_word' id='word_1_373' title='bbox 1104 3559 1238 3614; x_wconf 78' lang='lat' dir='ltr'><strong>inl‘ra</strong></span> <span class='ocrx_word' id='word_1_374' title='bbox 1269 3561 1486 3630; x_wconf 83' lang='lat' dir='ltr'><strong>angelos</strong></span> <span class='ocrx_word' id='word_1_375' title='bbox 1515 3559 1764 3623; x_wconf 85' lang='lat' dir='ltr'><strong>etl&#39;ectus,</strong></span> <span class='ocrx_word' id='word_1_376' title='bbox 1798 3560 1868 3614; x_wconf 93' lang='lat' dir='ltr'><strong>ob</strong></span> <span class='ocrx_word' id='word_1_377' title='bbox 1913 3569 2146 3613; x_wconf 87' lang='lat' dir='ltr'><strong>mentem</strong></span> 
     </span>
    </p>
   </div>
   <div class='ocr_carea' id='block_1_53' title="bbox 585 3650 2151 3721">
    <p class='ocr_par' dir='ltr' id='par_1_53' title="bbox 585 3650 2151 3721">
     <span class='ocr_line' id='line_1_53' title="bbox 585 3650 2151 3721; baseline 0 -17"><span class='ocrx_word' id='word_1_378' title='bbox 585 3651 790 3706; x_wconf 83' lang='lat' dir='ltr'><strong>scilicet</strong></span> <span class='ocrx_word' id='word_1_379' title='bbox 817 3650 1033 3716; x_wconf 89' lang='lat' dir='ltr'><strong>elatam,</strong></span> <span class='ocrx_word' id='word_1_380' title='bbox 1067 3652 1289 3705; x_wconf 91' lang='lat' dir='ltr'><strong>minime</strong></span> <span class='ocrx_word' id='word_1_381' title='bbox 1335 3651 1479 3721; x_wconf 84' lang='lat' dir='ltr'><strong>quod</strong></span> <span class='ocrx_word' id='word_1_382' title='bbox 1519 3660 1802 3718; x_wconf 84' lang='lat' dir='ltr'><strong>acceperat</strong></span> <span class='ocrx_word' id='word_1_383' title='bbox 1835 3665 2151 3704; x_wconf 89' lang='lat' dir='ltr'><strong>conservas-</strong></span> 
     </span>
    </p>
   </div>
   <div class='ocr_carea' id='block_1_54' title="bbox 583 3742 2152 3814">
    <p class='ocr_par' dir='ltr' id='par_1_54' title="bbox 583 3742 2152 3814">
     <span class='ocr_line' id='line_1_54' title="bbox 583 3742 2152 3814; baseline 0 -18"><span class='ocrx_word' id='word_1_384' title='bbox 583 3752 686 3807; x_wconf 89' lang='lat' dir='ltr'><strong>set,</strong></span> <span class='ocrx_word' id='word_1_385' title='bbox 711 3758 815 3812; x_wconf 84' lang='lat' dir='ltr'><strong>quo</strong></span> <span class='ocrx_word' id='word_1_386' title='bbox 855 3742 1062 3813; x_wconf 65' lang='lat' dir='ltr'><strong>[quaeso</strong></span> <span class='ocrx_word' id='word_1_387' title='bbox 1095 3742 1169 3814; x_wconf 90' lang='lat' dir='ltr'><strong>te]</strong></span> <span class='ocrx_word' id='word_1_388' title='bbox 1201 3753 1380 3810; x_wconf 85' lang='lat' dir='ltr'><strong>pacto,</strong></span> <span class='ocrx_word' id='word_1_389' title='bbox 1417 3745 1459 3796; x_wconf 90' lang='lat' dir='ltr'><strong>si</strong></span> <span class='ocrx_word' id='word_1_390' title='bbox 1496 3744 1750 3812; x_wconf 86' lang='lat' dir='ltr'><strong>majorem</strong></span> <span class='ocrx_word' id='word_1_391' title='bbox 1790 3753 1980 3796; x_wconf 87' lang='lat' dir='ltr'><strong>nactus</strong></span> <span class='ocrx_word' id='word_1_392' title='bbox 2007 3751 2152 3796; x_wconf 90' lang='lat' dir='ltr'><strong>esset</strong></span> 
     </span>
    </p>
   </div>
   <div class='ocr_carea' id='block_1_55' title="bbox 584 3833 2150 3905">
    <p class='ocr_par' dir='ltr' id='par_1_55' title="bbox 584 3833 2150 3905">
     <span class='ocr_line' id='line_1_55' title="bbox 584 3833 2150 3905; baseline 0 -17"><span class='ocrx_word' id='word_1_393' title='bbox 584 3838 1010 3905; x_wconf 83' lang='lat' dir='ltr'><strong>pra:rogativam,</strong></span> <span class='ocrx_word' id='word_1_394' title='bbox 1050 3852 1153 3889; x_wconf 91' lang='lat' dir='ltr'><strong>non</strong></span> <span class='ocrx_word' id='word_1_395' title='bbox 1186 3838 1345 3890; x_wconf 89' lang='lat' dir='ltr'><strong>etiam</strong></span> <span class='ocrx_word' id='word_1_396' title='bbox 1384 3836 1628 3904; x_wconf 85' lang='lat' dir='ltr'><strong>graviore</strong></span> <span class='ocrx_word' id='word_1_397' title='bbox 1645 3837 1790 3904; x_wconf 86' lang='lat' dir='ltr'><strong>lapsu</strong></span> <span class='ocrx_word' id='word_1_398' title='bbox 1815 3833 2150 3888; x_wconf 88' lang='lat' dir='ltr'><strong>corruisset?</strong></span> 
     </span>
    </p>
   </div>
   <div class='ocr_carea' id='block_1_56' title="bbox 585 3923 2152 3994">
    <p class='ocr_par' dir='ltr' id='par_1_56' title="bbox 585 3923 2152 3994">
     <span class='ocr_line' id='line_1_56' title="bbox 585 3923 2152 3994; baseline 0 -18"><span class='ocrx_word' id='word_1_399' title='bbox 585 3923 767 3994; x_wconf 78' lang='lat' dir='ltr'><strong>Neque</strong></span> <span class='ocrx_word' id='word_1_400' title='bbox 829 3925 956 3978; x_wconf 90' lang='lat' dir='ltr'><strong>illud</strong></span> <span class='ocrx_word' id='word_1_401' title='bbox 1007 3926 1282 3980; x_wconf 88' lang='lat' dir='ltr'><strong>omiseris.</strong></span> <span class='ocrx_word' id='word_1_402' title='bbox 1330 3926 1459 3990; x_wconf 65' lang='lat' dir='ltr'><strong>Qum</strong></span> <span class='ocrx_word' id='word_1_403' title='bbox 1513 3941 1605 3993; x_wconf 88' lang='lat' dir='ltr'><strong>per</strong></span> <span class='ocrx_word' id='word_1_404' title='bbox 1660 3924 2034 3978; x_wconf 87' lang='lat' dir='ltr'><strong>necessitatem</strong></span> <span class='ocrx_word' id='word_1_405' title='bbox 2092 3923 2152 3976; x_wconf 88' lang='lat' dir='ltr'><strong>lit</strong></span> 
     </span>
    </p>
   </div>
   <div class='ocr_carea' id='block_1_57' title="bbox 583 4017 2152 4086">
    <p class='ocr_par' dir='ltr' id='par_1_57' title="bbox 583 4017 2152 4086">
     <span class='ocr_line' id='line_1_57' title="bbox 583 4017 2152 4086; baseline -0.002 -16"><span class='ocrx_word' id='word_1_406' title='bbox 583 4018 745 4083; x_wconf 87' lang='lat' dir='ltr'><strong>actio,</strong></span> <span class='ocrx_word' id='word_1_407' title='bbox 791 4034 851 4072; x_wconf 90' lang='lat' dir='ltr'><strong>ea</strong></span> <span class='ocrx_word' id='word_1_408' title='bbox 885 4034 987 4072; x_wconf 90' lang='lat' dir='ltr'><strong>non</strong></span> <span class='ocrx_word' id='word_1_409' title='bbox 1020 4018 1228 4072; x_wconf 89' lang='lat' dir='ltr'><strong>ratione</strong></span> <span class='ocrx_word' id='word_1_410' title='bbox 1260 4019 1604 4086; x_wconf 65' lang='lat' dir='ltr'><strong>praeditorum</strong></span> <span class='ocrx_word' id='word_1_411' title='bbox 1640 4028 1744 4082; x_wconf 89' lang='lat' dir='ltr'><strong>est,</strong></span> <span class='ocrx_word' id='word_1_412' title='bbox 1792 4017 1884 4071; x_wconf 88' lang='lat' dir='ltr'><strong>sed</strong></span> <span class='ocrx_word' id='word_1_413' title='bbox 1913 4018 1979 4070; x_wconf 90' lang='lat' dir='ltr'><strong>ad</strong></span> <span class='ocrx_word' id='word_1_414' title='bbox 2013 4017 2152 4068; x_wconf 85' lang='lat' dir='ltr'><strong>irra-</strong></span> 
     </span>
    </p>
   </div>
   <div class='ocr_carea' id='block_1_58' title="bbox 585 4107 2152 4179">
    <p class='ocr_par' dir='ltr' id='par_1_58' title="bbox 585 4107 2152 4179">
     <span class='ocr_line' id='line_1_58' title="bbox 585 4107 2152 4179; baseline -0.001 -17"><span class='ocrx_word' id='word_1_415' title='bbox 585 4110 888 4163; x_wconf 85' lang='lat' dir='ltr'><strong>tionabilem</strong></span> <span class='ocrx_word' id='word_1_416' title='bbox 921 4122 1083 4179; x_wconf 81' lang='lat' dir='ltr'><strong>atque</strong></span> <span class='ocrx_word' id='word_1_417' title='bbox 1113 4109 1405 4162; x_wconf 84' lang='lat' dir='ltr'><strong>inanimatn</strong></span> <span class='ocrx_word' id='word_1_418' title='bbox 1424 4120 1672 4162; x_wconf 80' lang='lat' dir='ltr'><strong>naturam</strong></span> <span class='ocrx_word' id='word_1_419' title='bbox 1697 4109 1947 4177; x_wconf 85' lang='lat' dir='ltr'><strong>pertinet.</strong></span> <span class='ocrx_word' id='word_1_420' title='bbox 1973 4107 2152 4173; x_wconf 82' lang='lat' dir='ltr'><strong>Quare</strong></span> 
     </span>
    </p>
   </div>
   <div class='ocr_carea' id='block_1_59' title="bbox 583 4199 2148 4271">
    <p class='ocr_par' dir='ltr' id='par_1_59' title="bbox 583 4199 2148 4271">
     <span class='ocr_line' id='line_1_59' title="bbox 583 4199 2148 4271; baseline -0.003 -17"><span class='ocrx_word' id='word_1_421' title='bbox 583 4218 701 4271; x_wconf 71' lang='lat' dir='ltr'><strong>qum</strong></span> <span class='ocrx_word' id='word_1_422' title='bbox 731 4203 952 4254; x_wconf 84' lang='lat' dir='ltr'><strong>liberum</strong></span> <span class='ocrx_word' id='word_1_423' title='bbox 991 4202 1267 4256; x_wconf 88' lang='lat' dir='ltr'><strong>arbitrium</strong></span> <span class='ocrx_word' id='word_1_424' title='bbox 1304 4200 1506 4254; x_wconf 78' lang='lat' dir='ltr'><strong>hOntini</strong></span> <span class='ocrx_word' id='word_1_425' title='bbox 1555 4201 1744 4254; x_wconf 87' lang='lat' dir='ltr'><strong>adimit</strong></span> <span class='ocrx_word' id='word_1_426' title='bbox 1791 4199 2148 4264; x_wconf 88' lang='lat' dir='ltr'><strong>ratiocinatio,</strong></span> 
     </span>
    </p>
   </div>
   <div class='ocr_carea' id='block_1_60' title="bbox 585 4291 2153 4362">
    <p class='ocr_par' dir='ltr' id='par_1_60' title="bbox 585 4291 2153 4362">
     <span class='ocr_line' id='line_1_60' title="bbox 585 4291 2153 4362; baseline -0.004 -15"><span class='ocrx_word' id='word_1_427' title='bbox 585 4299 697 4348; x_wconf 86' lang='lat' dir='ltr'><strong>ha-c</strong></span> <span class='ocrx_word' id='word_1_428' title='bbox 728 4310 924 4362; x_wconf 88' lang='lat' dir='ltr'><strong>equum</strong></span> <span class='ocrx_word' id='word_1_429' title='bbox 962 4293 1114 4347; x_wconf 90' lang='lat' dir='ltr'><strong>nobis</strong></span> <span class='ocrx_word' id='word_1_430' title='bbox 1143 4301 1236 4346; x_wconf 88' lang='lat' dir='ltr'><strong>aut</strong></span> <span class='ocrx_word' id='word_1_431' title='bbox 1268 4293 1480 4358; x_wconf 88' lang='lat' dir='ltr'><strong>bovem,</strong></span> <span class='ocrx_word' id='word_1_432' title='bbox 1516 4301 1608 4344; x_wconf 92' lang='lat' dir='ltr'><strong>aut</strong></span> <span class='ocrx_word' id='word_1_433' title='bbox 1650 4291 1872 4360; x_wconf 87' lang='lat' dir='ltr'><strong>piscem,</strong></span> <span class='ocrx_word' id='word_1_434' title='bbox 1911 4302 2002 4343; x_wconf 87' lang='lat' dir='ltr'><strong>aut</strong></span> <span class='ocrx_word' id='word_1_435' title='bbox 2034 4303 2153 4356; x_wconf 77' lang='lat' dir='ltr'><strong>quae</strong></span> 
     </span>
    </p>
   </div>
   <div class='ocr_carea' id='block_1_61' title="bbox 586 4381 2152 4457">
    <p class='ocr_par' dir='ltr' id='par_1_61' title="bbox 586 4381 2152 4457">
     <span class='ocr_line' id='line_1_61' title="bbox 586 4381 2152 4457; baseline -0.003 -17"><span class='ocrx_word' id='word_1_436' title='bbox 586 4389 830 4457; x_wconf 86' lang='lat' dir='ltr'><strong>stirpium</strong></span> <span class='ocrx_word' id='word_1_437' title='bbox 900 4399 1147 4440; x_wconf 88' lang='lat' dir='ltr'><strong>naturam</strong></span> <span class='ocrx_word' id='word_1_438' title='bbox 1213 4387 1449 4448; x_wconf 88' lang='lat' dir='ltr'><strong>habent,</strong></span> <span class='ocrx_word' id='word_1_439' title='bbox 1501 4400 1601 4454; x_wconf 90' lang='lat' dir='ltr'><strong>pro</strong></span> <span class='ocrx_word' id='word_1_440' title='bbox 1655 4385 1862 4437; x_wconf 88' lang='lat' dir='ltr'><strong>ratione</strong></span> <span class='ocrx_word' id='word_1_441' title='bbox 1927 4381 2152 4452; x_wconf 75' lang='lat' dir='ltr'><strong>przedito</strong></span> 
     </span>
    </p>
   </div>
   <div class='ocr_carea' id='block_1_62' title="bbox 586 4471 2149 4544">
    <p class='ocr_par' dir='ltr' id='par_1_62' title="bbox 586 4471 2149 4544">
     <span class='ocr_line' id='line_1_62' title="bbox 586 4471 2149 4544; baseline -0.004 -13"><span class='ocrx_word' id='word_1_442' title='bbox 586 4479 825 4543; x_wconf 85' lang='lat' dir='ltr'><strong>animali,</strong></span> <span class='ocrx_word' id='word_1_443' title='bbox 852 4478 1074 4532; x_wconf 86' lang='lat' dir='ltr'><strong>inducit.</strong></span> <span class='ocrx_word' id='word_1_444' title='bbox 1105 4477 1258 4544; x_wconf 86' lang='lat' dir='ltr'><strong>Quod</strong></span> <span class='ocrx_word' id='word_1_445' title='bbox 1300 4478 1346 4530; x_wconf 88' lang='lat' dir='ltr'><strong>si</strong></span> <span class='ocrx_word' id='word_1_446' title='bbox 1375 4487 1556 4531; x_wconf 91' lang='lat' dir='ltr'><strong>autem</strong></span> <span class='ocrx_word' id='word_1_447' title='bbox 1593 4476 1660 4539; x_wconf 89' lang='lat' dir='ltr'><strong>is,</strong></span> <span class='ocrx_word' id='word_1_448' title='bbox 1684 4475 1773 4544; x_wconf 90' lang='lat' dir='ltr'><strong>qui</strong></span> <span class='ocrx_word' id='word_1_449' title='bbox 1805 4473 1930 4527; x_wconf 89' lang='lat' dir='ltr'><strong>talia</strong></span> <span class='ocrx_word' id='word_1_450' title='bbox 1964 4471 2149 4535; x_wconf 90' lang='lat' dir='ltr'><strong>sentit,</strong></span> 
     </span>
    </p>
   </div>
   <div class='ocr_carea' id='block_1_63' title="bbox 2248 1987 3790 2060">
    <p class='ocr_par' dir='ltr' id='par_1_63' title="bbox 2248 1987 3790 2060">
     <span class='ocr_line' id='line_1_63' title="bbox 2248 1987 3790 2060; baseline -0.004 -17"><span class='ocrx_word' id='word_1_451' title='bbox 2248 1988 2694 2060; x_wconf 76' lang='grc' dir='ltr'>ἐπιστομίζομεν,</span> <span class='ocrx_word' id='word_1_452' title='bbox 2734 1989 2974 2042; x_wconf 77' lang='grc' dir='ltr'>ἐλάττονι</span> <span class='ocrx_word' id='word_1_453' title='bbox 3002 1988 3230 2058; x_wconf 82' lang='grc' dir='ltr'><strong>δυνάμει</strong></span> <span class='ocrx_word' id='word_1_454' title='bbox 3285 1987 3391 2041; x_wconf 84' lang='grc' dir='ltr'><strong>τῶν</strong></span> <span class='ocrx_word' id='word_1_455' title='bbox 3424 1989 3653 2059; x_wconf 81' lang='grc' dir='ltr'>ἐχόντων</span> <span class='ocrx_word' id='word_1_456' title='bbox 3710 1987 3790 2056; x_wconf 75' lang='grc' dir='ltr'>τὴν</span> 
     </span>
    </p>
   </div>
   <div class='ocr_carea' id='block_1_64' title="bbox 2249 2077 3792 2152">
    <p class='ocr_par' dir='ltr' id='par_1_64' title="bbox 2249 2077 3792 2152">
     <span class='ocr_line' id='line_1_64' title="bbox 2249 2077 3792 2152; baseline -0.004 -18"><span class='ocrx_word' id='word_1_457' title='bbox 2249 2082 2418 2152; x_wconf 83' lang='grc' dir='ltr'>μείζω</span> <span class='ocrx_word' id='word_1_458' title='bbox 2452 2081 2652 2150; x_wconf 81' lang='grc' dir='ltr'>μᾶλλον</span> <span class='ocrx_word' id='word_1_459' title='bbox 2679 2081 2739 2133; x_wconf 74' lang='grc' dir='ltr'><strong>τὸ</strong></span> <span class='ocrx_word' id='word_1_460' title='bbox 2772 2081 2994 2150; x_wconf 78' lang='grc' dir='ltr'>ἄμεινον</span> <span class='ocrx_word' id='word_1_461' title='bbox 3025 2078 3498 2149; x_wconf 74' lang='grc' dir='ltr'>κατορθώσαντες.</span> <span class='ocrx_word' id='word_1_462' title='bbox 3538 2077 3691 2130; x_wconf 83' lang='grc' dir='ltr'>Ἀλλά</span> <span class='ocrx_word' id='word_1_463' title='bbox 3715 2079 3792 2130; x_wconf 72' lang='grc' dir='ltr'><strong>καὶ</strong></span> 
     </span>
    </p>
   </div>
   <div class='ocr_carea' id='block_1_65' title="bbox 2245 2169 3792 2246">
    <p class='ocr_par' dir='ltr' id='par_1_65' title="bbox 2245 2169 3792 2246">
     <span class='ocr_line' id='line_1_65' title="bbox 2245 2169 3792 2246; baseline -0.005 -19"><span class='ocrx_word' id='word_1_464' title='bbox 2245 2175 2380 2242; x_wconf 82' lang='grc' dir='ltr'>ἡμῖν</span> <span class='ocrx_word' id='word_1_465' title='bbox 2417 2175 2512 2246; x_wconf 83' lang='grc' dir='ltr'><strong>μὲν</strong></span> <span class='ocrx_word' id='word_1_466' title='bbox 2543 2172 2663 2236; x_wconf 82' lang='grc' dir='ltr'>ὅλος</span> <span class='ocrx_word' id='word_1_467' title='bbox 2710 2173 2737 2226; x_wconf 89' lang='grc' dir='ltr'>ὀ</span> <span class='ocrx_word' id='word_1_468' title='bbox 2775 2171 2888 2242; x_wconf 85' lang='grc' dir='ltr'>βίος</span> <span class='ocrx_word' id='word_1_469' title='bbox 2957 2171 3368 2242; x_wconf 78' lang='grc' dir='ltr'>ἁμαρτάνουσιν</span> <span class='ocrx_word' id='word_1_470' title='bbox 3403 2173 3484 2233; x_wconf 79' lang='grc' dir='ltr'><strong>εις</strong></span> <span class='ocrx_word' id='word_1_471' title='bbox 3541 2169 3792 2240; x_wconf 81' lang='grc' dir='ltr'>διόρθωσιν</span> 
     </span>
    </p>
   </div>
   <div class='ocr_carea' id='block_1_66' title="bbox 2244 2259 3794 2335">
    <p class='ocr_par' dir='ltr' id='par_1_66' title="bbox 2244 2259 3794 2335">
     <span class='ocr_line' id='line_1_66' title="bbox 2244 2259 3794 2335; baseline -0.003 -18"><span class='ocrx_word' id='word_1_472' title='bbox 2244 2282 2302 2318; x_wconf 87' lang='grc' dir='ltr'><strong>τε</strong></span> <span class='ocrx_word' id='word_1_473' title='bbox 2334 2265 2426 2317; x_wconf 74' lang='grc' dir='ltr'><strong>καὶ</strong></span> <span class='ocrx_word' id='word_1_474' title='bbox 2465 2264 2824 2335; x_wconf 81' lang='grc' dir='ltr'>μεταμέλειαν</span> <span class='ocrx_word' id='word_1_475' title='bbox 2868 2263 3174 2334; x_wconf 87' lang='grc' dir='ltr'>πρόκειται,</span> <span class='ocrx_word' id='word_1_476' title='bbox 3213 2262 3458 2330; x_wconf 85' lang='grc' dir='ltr'>ἀγγέλων</span> <span class='ocrx_word' id='word_1_477' title='bbox 3485 2261 3545 2314; x_wconf 84' lang='grc' dir='ltr'><strong>δὲ</strong></span> <span class='ocrx_word' id='word_1_478' title='bbox 3579 2262 3694 2322; x_wconf 73' lang='grc' dir='ltr'>τοὺς</span> <span class='ocrx_word' id='word_1_479' title='bbox 3727 2259 3794 2323; x_wconf 70' lang='lat' dir='ltr'><strong>EE-</strong></span> 
     </span>
    </p>
   </div>
   <div class='ocr_carea' id='block_1_67' title="bbox 2247 2349 3795 2427">
    <p class='ocr_par' dir='ltr' id='par_1_67' title="bbox 2247 2349 3795 2427">
     <span class='ocr_line' id='line_1_67' title="bbox 2247 2349 3795 2427; baseline -0.008 -17"><span class='ocrx_word' id='word_1_480' title='bbox 2247 2358 2592 2427; x_wconf 84' lang='grc' dir='ltr'>αμαρτόντας</span> <span class='ocrx_word' id='word_1_481' title='bbox 2648 2355 2807 2418; x_wconf 79' lang='grc' dir='ltr'>εὐθὺς</span> <span class='ocrx_word' id='word_1_482' title='bbox 2950 2354 3191 2426; x_wconf 71' lang='grc' dir='ltr'>τιμωρὸς</span> <span class='ocrx_word' id='word_1_483' title='bbox 3243 2352 3401 2405; x_wconf 75' lang='grc' dir='ltr'>ἔλαϐε</span> <span class='ocrx_word' id='word_1_484' title='bbox 3449 2351 3599 2420; x_wconf 77' lang='grc' dir='ltr'>δίκηο</span> <span class='ocrx_word' id='word_1_485' title='bbox 3653 2349 3795 2416; x_wconf 56' lang='grc' dir='ltr'><strong>Ζόφῳ</strong></span> 
     </span>
    </p>
   </div>
   <div class='ocr_carea' id='block_1_68' title="bbox 2246 2441 3793 2517">
    <p class='ocr_par' dir='ltr' id='par_1_68' title="bbox 2246 2441 3793 2517">
     <span class='ocr_line' id='line_1_68' title="bbox 2246 2441 3793 2517; baseline -0.005 -19"><span class='ocrx_word' id='word_1_486' title='bbox 2246 2447 2356 2517; x_wconf 63' lang='grc' dir='ltr'><strong>γὰρ</strong></span> <span class='ocrx_word' id='word_1_487' title='bbox 2372 2447 2417 2478; x_wconf 82' lang='grc'><strong>⁷⁸</strong></span> <span class='ocrx_word' id='word_1_488' title='bbox 2435 2447 2587 2516; x_wconf 61' lang='grc' dir='ltr'>φησι,</span> <span class='ocrx_word' id='word_1_489' title='bbox 2614 2444 2996 2514; x_wconf 76' lang='grc' dir='ltr'>ταρταρώσας</span> <span class='ocrx_word' id='word_1_490' title='bbox 3014 2443 3358 2511; x_wconf 77' lang='grc' dir='ltr'>παρέδωκεν</span> <span class='ocrx_word' id='word_1_491' title='bbox 3377 2443 3463 2507; x_wconf 79' lang='grc' dir='ltr'><strong>εις</strong></span> <span class='ocrx_word' id='word_1_492' title='bbox 3490 2441 3688 2508; x_wconf 82' lang='grc' dir='ltr'>κρίσιν</span> <span class='ocrx_word' id='word_1_493' title='bbox 3701 2458 3793 2507; x_wconf 61' lang='grc' dir='ltr'><strong>φυ-</strong></span> 
     </span>
    </p>
   </div>
   <div class='ocr_carea' id='block_1_69' title="bbox 2244 2533 3794 2608">
    <p class='ocr_par' dir='ltr' id='par_1_69' title="bbox 2244 2533 3794 2608">
     <span class='ocr_line' id='line_1_69' title="bbox 2244 2533 3794 2608; baseline -0.006 -16"><span class='ocrx_word' id='word_1_494' title='bbox 2244 2539 2648 2608; x_wconf 77' lang='grc' dir='ltr'>λαττομένους</span> <span class='ocrx_word' id='word_1_495' title='bbox 2670 2537 2890 2606; x_wconf 74' lang='grc' dir='ltr'>τηρεῖν.</span> <span class='ocrx_word' id='word_1_496' title='bbox 2919 2537 3028 2588; x_wconf 61' lang='grc' dir='ltr'><strong>Καὶ¹</strong></span> <span class='ocrx_word' id='word_1_497' title='bbox 3059 2535 3270 2606; x_wconf 86' lang='grc' dir='ltr'>μυρίοις</span> <span class='ocrx_word' id='word_1_498' title='bbox 3301 2534 3481 2596; x_wconf 82' lang='grc' dir='ltr'>ἄλλοις</span> <span class='ocrx_word' id='word_1_499' title='bbox 3512 2533 3550 2604; x_wconf 80' lang='grc' dir='ltr'>ἦ</span> <span class='ocrx_word' id='word_1_500' title='bbox 3591 2550 3646 2584; x_wconf 85' lang='grc' dir='ltr'><strong>τε</strong></span> <span class='ocrx_word' id='word_1_501' title='bbox 3684 2535 3794 2584; x_wconf 73' lang='grc' dir='ltr'>πάν-</span> 
     </span>
    </p>
   </div>
   <div class='ocr_carea' id='block_1_70' title="bbox 2248 2625 3798 2700">
    <p class='ocr_par' dir='ltr' id='par_1_70' title="bbox 2248 2625 3798 2700">
     <span class='ocr_line' id='line_1_70' title="bbox 2248 2625 3798 2700; baseline -0.006 -16"><span class='ocrx_word' id='word_1_502' title='bbox 2248 2648 2409 2700; x_wconf 73' lang='grc' dir='ltr'>σοφος</span> <span class='ocrx_word' id='word_1_503' title='bbox 2436 2629 2531 2683; x_wconf 84' lang='grc' dir='ltr'>τοῦ</span> <span class='ocrx_word' id='word_1_504' title='bbox 2565 2629 2700 2683; x_wconf 82' lang='grc' dir='ltr'>Θεοῦ</span> <span class='ocrx_word' id='word_1_505' title='bbox 2737 2631 2864 2700; x_wconf 72' lang='grc' dir='ltr'>περὶ</span> <span class='ocrx_word' id='word_1_506' title='bbox 2913 2631 3058 2700; x_wconf 80' lang='grc' dir='ltr'>ἡμᾶς</span> <span class='ocrx_word' id='word_1_507' title='bbox 3097 2625 3420 2700; x_wconf 72' lang='grc' dir='ltr'>γνωρίζεται</span> <span class='ocrx_word' id='word_1_508' title='bbox 3450 2625 3692 2696; x_wconf 78' lang='grc' dir='ltr'>πρόνοια,</span> <span class='ocrx_word' id='word_1_509' title='bbox 3718 2625 3798 2675; x_wconf 74' lang='grc' dir='ltr'>καὶ</span> 
     </span>
    </p>
   </div>
   <div class='ocr_carea' id='block_1_71' title="bbox 2243 2715 3796 2792">
    <p class='ocr_par' dir='ltr' id='par_1_71' title="bbox 2243 2715 3796 2792">
     <span class='ocr_line' id='line_1_71' title="bbox 2243 2715 3796 2792; baseline -0.006 -17"><span class='ocrx_word' id='word_1_510' title='bbox 2243 2723 2352 2776; x_wconf 83' lang='grc' dir='ltr'><strong>τῶν</strong></span> <span class='ocrx_word' id='word_1_511' title='bbox 2396 2722 2656 2791; x_wconf 83' lang='grc' dir='ltr'><strong>ἀγγέλους</strong></span> <span class='ocrx_word' id='word_1_512' title='bbox 2693 2723 2736 2753; x_wconf 70' lang='grc'>’³</span> <span class='ocrx_word' id='word_1_513' title='bbox 2769 2721 2964 2790; x_wconf 75' lang='grc' dir='ltr'>μᾶλλον</span> <span class='ocrx_word' id='word_1_514' title='bbox 2992 2719 3327 2792; x_wconf 80' lang='grc' dir='ltr'>βουλομένων</span> <span class='ocrx_word' id='word_1_515' title='bbox 3376 2717 3527 2788; x_wconf 77' lang='grc' dir='ltr'>ἡμᾶς</span> <span class='ocrx_word' id='word_1_516' title='bbox 3561 2716 3696 2788; x_wconf 68' lang='grc' dir='ltr'>ἥπερ</span> <span class='ocrx_word' id='word_1_517' title='bbox 3721 2715 3796 2766; x_wconf 71' lang='grc' dir='ltr'>ἀνι</span> 
     </span>
    </p>
   </div>
   <div class='ocr_carea' id='block_1_72' title="bbox 2245 2805 3796 2885">
    <p class='ocr_par' dir='ltr' id='par_1_72' title="bbox 2245 2805 3796 2885">
     <span class='ocr_line' id='line_1_72' title="bbox 2245 2805 3796 2885; baseline -0.006 -18"><span class='ocrx_word' id='word_1_518' title='bbox 2245 2812 2496 2885; x_wconf 81' lang='grc' dir='ltr'>θρώπους</span> <span class='ocrx_word' id='word_1_519' title='bbox 2552 2814 2876 2884; x_wconf 79' lang='grc' dir='ltr'>γεγενῆσθαι</span> <span class='ocrx_word' id='word_1_520' title='bbox 2925 2813 2984 2865; x_wconf 82' lang='grc' dir='ltr'><strong>τὸ</strong></span> <span class='ocrx_word' id='word_1_521' title='bbox 3044 2812 3363 2883; x_wconf 81' lang='grc' dir='ltr'>παράφορον</span> <span class='ocrx_word' id='word_1_522' title='bbox 3434 2808 3531 2860; x_wconf 77' lang='grc' dir='ltr'>καὶ</span> <span class='ocrx_word' id='word_1_523' title='bbox 3587 2805 3796 2877; x_wconf 72' lang='grc' dir='ltr'>ἐμμανὲς</span> 
     </span>
    </p>
   </div>
   <div class='ocr_carea' id='block_1_73' title="bbox 2247 2899 3799 2976">
    <p class='ocr_par' dir='ltr' id='par_1_73' title="bbox 2247 2899 3799 2976">
     <span class='ocr_line' id='line_1_73' title="bbox 2247 2899 3799 2976; baseline -0.007 -18"><span class='ocrx_word' id='word_1_524' title='bbox 2247 2905 2639 2976; x_wconf 78' lang='grc' dir='ltr'>στηλιτεύεται.</span> <span class='ocrx_word' id='word_1_525' title='bbox 2668 2906 2730 2958; x_wconf 85' lang='grc' dir='ltr'>Εί</span> <span class='ocrx_word' id='word_1_526' title='bbox 2761 2905 2816 2958; x_wconf 86' lang='grc' dir='ltr'><strong>δὲ</strong></span> <span class='ocrx_word' id='word_1_527' title='bbox 2841 2905 2932 2956; x_wconf 74' lang='grc' dir='ltr'>καὶ</span> <span class='ocrx_word' id='word_1_528' title='bbox 2959 2904 3100 2956; x_wconf 81' lang='grc' dir='ltr'>κατὰ</span> <span class='ocrx_word' id='word_1_529' title='bbox 3137 2905 3235 2974; x_wconf 78' lang='grc' dir='ltr'>τὴν</span> <span class='ocrx_word' id='word_1_530' title='bbox 3273 2901 3521 2970; x_wconf 76' lang='grc' dir='ltr'>ἀγγέλων</span> <span class='ocrx_word' id='word_1_531' title='bbox 3553 2899 3703 2968; x_wconf 79' lang='grc' dir='ltr'>φύσιν</span> <span class='ocrx_word' id='word_1_532' title='bbox 3726 2899 3799 2949; x_wconf 66' lang='grc' dir='ltr'><strong>τὸν</strong></span> 
     </span>
    </p>
   </div>
   <div class='ocr_carea' id='block_1_74' title="bbox 2244 2984 3798 3065">
    <p class='ocr_par' dir='ltr' id='par_1_74' title="bbox 2244 2984 3798 3065">
     <span class='ocr_line' id='line_1_74' title="bbox 2244 2984 3798 3065; baseline -0.008 -16"><span class='ocrx_word' id='word_1_533' title='bbox 2244 2995 2529 3065; x_wconf 80' lang='grc' dir='ltr'>ἄνθρωπον</span> <span class='ocrx_word' id='word_1_534' title='bbox 2557 2993 2812 3056; x_wconf 76' lang='grc' dir='ltr'>ἔπλασεν,</span> <span class='ocrx_word' id='word_1_535' title='bbox 2842 2992 2951 3046; x_wconf 78' lang='grc' dir='ltr'>οὐδ’</span> <span class='ocrx_word' id='word_1_536' title='bbox 2997 2991 3167 3054; x_wconf 76' lang='grc' dir='ltr'>οὕτως</span> <span class='ocrx_word' id='word_1_537' title='bbox 3193 2990 3256 3043; x_wconf 78' lang='grc' dir='ltr'><strong>ἂν</strong></span> <span class='ocrx_word' id='word_1_538' title='bbox 3278 2988 3548 3059; x_wconf 81' lang='grc' dir='ltr'>ἐπεσχέθη</span> <span class='ocrx_word' id='word_1_539' title='bbox 3575 2987 3638 3038; x_wconf 83' lang='grc' dir='ltr'><strong>τὸ</strong></span> <span class='ocrx_word' id='word_1_540' title='bbox 3674 2984 3798 3054; x_wconf 73' lang='grc' dir='ltr'>φιλόο</span> 
     </span>
    </p>
   </div>
   <div class='ocr_carea' id='block_1_75' title="bbox 2248 3077 3797 3157">
    <p class='ocr_par' dir='ltr' id='par_1_75' title="bbox 2248 3077 3797 3157">
     <span class='ocr_line' id='line_1_75' title="bbox 2248 3077 3797 3157; baseline -0.008 -18"><span class='ocrx_word' id='word_1_541' title='bbox 2248 3104 2434 3157; x_wconf 85' lang='grc' dir='ltr'>μωμον</span> <span class='ocrx_word' id='word_1_542' title='bbox 2456 3129 2470 3153; x_wconf 92' lang='grc'><strong>,</strong></span> <span class='ocrx_word' id='word_1_543' title='bbox 2506 3086 2642 3141; x_wconf 88' lang='grc' dir='ltr'><strong>ἀλλά</strong></span> <span class='ocrx_word' id='word_1_544' title='bbox 2690 3085 2850 3154; x_wconf 77' lang='grc' dir='ltr'>φύσιν</span> <span class='ocrx_word' id='word_1_545' title='bbox 2882 3084 3044 3136; x_wconf 89' lang='grc' dir='ltr'>πάλιν</span> <span class='ocrx_word' id='word_1_546' title='bbox 3092 3082 3257 3152; x_wconf 82' lang='grc' dir='ltr'>ἄλλην</span> <span class='ocrx_word' id='word_1_547' title='bbox 3288 3081 3545 3149; x_wconf 77' lang='grc' dir='ltr'>ἐπεζήτει</span> <span class='ocrx_word' id='word_1_548' title='bbox 3587 3080 3680 3146; x_wconf 85' lang='grc' dir='ltr'>τὴν</span> <span class='ocrx_word' id='word_1_549' title='bbox 3716 3077 3797 3142; x_wconf 82' lang='grc' dir='ltr'>ἀγ-</span> 
     </span>
    </p>
   </div>
   <div class='ocr_carea' id='block_1_76' title="bbox 2175 3170 3799 3282">
    <p class='ocr_par' dir='ltr' id='par_1_76' title="bbox 2175 3170 3799 3282">
     <span class='ocr_line' id='line_1_76' title="bbox 2175 3170 3799 3282; baseline -0.009 -51"><span class='ocrx_word' id='word_1_550' title='bbox 2175 3224 2218 3282; x_wconf 75' lang='lat' dir='ltr'><strong><em>C</em></strong></span> <span class='ocrx_word' id='word_1_551' title='bbox 2250 3178 2473 3250; x_wconf 82' lang='grc' dir='ltr'>γελικὴν</span> <span class='ocrx_word' id='word_1_552' title='bbox 2533 3176 2768 3230; x_wconf 79' lang='grc' dir='ltr'>νικῶσαν</span> <span class='ocrx_word' id='word_1_553' title='bbox 2826 3176 3179 3228; x_wconf 86' lang='grc' dir='ltr'>κατάστασιν.</span> <span class='ocrx_word' id='word_1_554' title='bbox 3227 3175 3298 3227; x_wconf 80' lang='grc' dir='ltr'><strong>Σὺ</strong></span> <span class='ocrx_word' id='word_1_555' title='bbox 3359 3172 3415 3225; x_wconf 84' lang='grc' dir='ltr'><strong>δέ</strong></span> <span class='ocrx_word' id='word_1_556' title='bbox 3455 3189 3546 3241; x_wconf 88' lang='grc' dir='ltr'><strong>μοι</strong></span> <span class='ocrx_word' id='word_1_557' title='bbox 3611 3170 3799 3222; x_wconf 81' lang='grc' dir='ltr'>κάκεῖνο</span> 
     </span>
     <span class='ocr_line' id='line_1_77' title="bbox 2334 3261 3798 3282; baseline 0 0"><span class='ocrx_word' id='word_1_558' title='bbox 2334 3271 2346 3282; x_wconf 75' lang='grc' dir='ltr'><strong>ο</strong></span> <span class='ocrx_word' id='word_1_559' title='bbox 2499 3271 2541 3282; x_wconf 65' lang='grc' dir='ltr'><strong><em>ον</em></strong></span> <span class='ocrx_word' id='word_1_560' title='bbox 2620 3271 2631 3282; x_wconf 75' lang='grc' dir='ltr'>ι</span> <span class='ocrx_word' id='word_1_561' title='bbox 2709 3271 2719 3282; x_wconf 74' lang='lat' dir='ltr'><strong>e</strong></span> <span class='ocrx_word' id='word_1_562' title='bbox 2775 3268 2787 3282; x_wconf 76' lang='grc' dir='ltr'><em>ο</em></span> <span class='ocrx_word' id='word_1_563' title='bbox 2891 3268 2926 3282; x_wconf 78' lang='grc' dir='ltr'>Λ</span> <span class='ocrx_word' id='word_1_564' title='bbox 2995 3266 3018 3277; x_wconf 62' lang='grc' dir='ltr'><strong><em>ν</em></strong></span> <span class='ocrx_word' id='word_1_565' title='bbox 3098 3266 3115 3282; x_wconf 56' lang='grc' dir='ltr'><em>κ</em></span> <span class='ocrx_word' id='word_1_566' title='bbox 3205 3264 3314 3282; x_wconf 32' lang='grc' dir='ltr'><strong>Λὶκ</strong></span> <span class='ocrx_word' id='word_1_567' title='bbox 3369 3266 3380 3282; x_wconf 78' lang='grc' dir='ltr'><strong>Ι</strong></span> <span class='ocrx_word' id='word_1_568' title='bbox 3425 3263 3592 3282; x_wconf 57' lang='lat' dir='ltr'><strong>C191,,</strong></span> <span class='ocrx_word' id='word_1_569' title='bbox 3656 3261 3798 3282; x_wconf 66' lang='grc' dir='ltr'><strong>,1.ὶ..</strong></span> 
     </span>
    </p>
   </div>
   <div class='ocr_carea' id='block_1_77' title="bbox 2253 3261 3798 3334">
    <p class='ocr_par' dir='ltr' id='par_1_77' title="bbox 2253 3261 3798 3334">
     <span class='ocr_line' id='line_1_78' title="bbox 2253 3261 3798 3334; baseline -0.008 -11"><span class='ocrx_word' id='word_1_570' title='bbox 2253 3271 2461 3323; x_wconf 86' lang='grc' dir='ltr'>σκόπει.</span> <span class='ocrx_word' id='word_1_571' title='bbox 2499 3271 2631 3322; x_wconf 84' lang='grc' dir='ltr'>Κατ’</span> <span class='ocrx_word' id='word_1_572' title='bbox 2676 3268 2857 3321; x_wconf 84' lang='grc' dir='ltr'>εἰκόνα</span> <span class='ocrx_word' id='word_1_573' title='bbox 2888 3266 3021 3320; x_wconf 83' lang='grc' dir='ltr'>θεοῦ</span> <span class='ocrx_word' id='word_1_574' title='bbox 3058 3264 3316 3326; x_wconf 76' lang='grc' dir='ltr'>πλασθεὶς</span> <span class='ocrx_word' id='word_1_575' title='bbox 3360 3266 3387 3316; x_wconf 86' lang='grc' dir='ltr'><strong>ό</strong></span> <span class='ocrx_word' id='word_1_576' title='bbox 3425 3263 3604 3334; x_wconf 79' lang='grc' dir='ltr'>Ἀδάμ</span> <span class='ocrx_word' id='word_1_577' title='bbox 3651 3263 3694 3313; x_wconf 82' lang='grc' dir='ltr'><strong>εί</strong></span> <span class='ocrx_word' id='word_1_578' title='bbox 3718 3261 3798 3328; x_wconf 77' lang='grc' dir='ltr'>μὲν</span> 
     </span>
    </p>
   </div>
   <div class='ocr_carea' id='block_1_78' title="bbox 2249 3354 3798 3432">
    <p class='ocr_par' dir='ltr' id='par_1_78' title="bbox 2249 3354 3798 3432">
     <span class='ocr_line' id='line_1_79' title="bbox 2249 3354 3798 3432; baseline 0.002 -18"><span class='ocrx_word' id='word_1_579' title='bbox 2249 3357 2360 3432; x_wconf 82' lang='grc' dir='ltr'>εἶχε</span> <span class='ocrx_word' id='word_1_580' title='bbox 2383 3363 2442 3414; x_wconf 76' lang='grc' dir='ltr'><strong>τὸ</strong></span> <span class='ocrx_word' id='word_1_581' title='bbox 2475 3361 2781 3429; x_wconf 78' lang='grc' dir='ltr'>ίσάγγελον,</span> <span class='ocrx_word' id='word_1_582' title='bbox 2833 3359 2952 3411; x_wconf 71' lang='grc' dir='ltr'>οὐδὲ</span> <span class='ocrx_word' id='word_1_583' title='bbox 2991 3360 3087 3429; x_wconf 85' lang='grc' dir='ltr'><strong>τῆς</strong></span> <span class='ocrx_word' id='word_1_584' title='bbox 3118 3356 3363 3426; x_wconf 81' lang='grc' dir='ltr'>ἀγγέλων</span> <span class='ocrx_word' id='word_1_585' title='bbox 3392 3355 3551 3422; x_wconf 79' lang='grc' dir='ltr'>δόξης</span> <span class='ocrx_word' id='word_1_586' title='bbox 3597 3354 3798 3422; x_wconf 74' lang='grc' dir='ltr'>ἐστερή-</span> 
     </span>
    </p>
   </div>
   <div class='ocr_carea' id='block_1_79' title="bbox 2253 3447 3800 3524">
    <p class='ocr_par' dir='ltr' id='par_1_79' title="bbox 2253 3447 3800 3524">
     <span class='ocr_line' id='line_1_80' title="bbox 2253 3447 3800 3524; baseline -0.003 -17"><span class='ocrx_word' id='word_1_587' title='bbox 2253 3455 2412 3524; x_wconf 76' lang='grc' dir='ltr'>μεθαο</span> <span class='ocrx_word' id='word_1_588' title='bbox 2457 3455 2504 3506; x_wconf 87' lang='grc' dir='ltr'><strong>εί</strong></span> <span class='ocrx_word' id='word_1_589' title='bbox 2533 3455 2589 3506; x_wconf 83' lang='grc' dir='ltr'><strong>δὲ</strong></span> <span class='ocrx_word' id='word_1_590' title='bbox 2625 3452 2794 3524; x_wconf 77' lang='grc' dir='ltr'>βραχύ</span> <span class='ocrx_word' id='word_1_591' title='bbox 2824 3470 2875 3504; x_wconf 87' lang='grc' dir='ltr'><strong>τι</strong></span> <span class='ocrx_word' id='word_1_592' title='bbox 2919 3451 3047 3522; x_wconf 85' lang='grc' dir='ltr'>παρ’</span> <span class='ocrx_word' id='word_1_593' title='bbox 3076 3449 3339 3517; x_wconf 79' lang='grc' dir='ltr'>ἀγγέλους</span> <span class='ocrx_word' id='word_1_594' title='bbox 3394 3447 3632 3516; x_wconf 84' lang='grc' dir='ltr'>γεγονὼς</span> <span class='ocrx_word' id='word_1_595' title='bbox 3677 3448 3800 3512; x_wconf 77' lang='grc' dir='ltr'>ὅμως</span> 
     </span>
    </p>
   </div>
   <div class='ocr_carea' id='block_1_80' title="bbox 2251 3536 3798 3615">
    <p class='ocr_par' dir='ltr' id='par_1_80' title="bbox 2251 3536 3798 3615">
     <span class='ocr_line' id='line_1_81' title="bbox 2251 3536 3798 3615; baseline -0.006 -19"><span class='ocrx_word' id='word_1_596' title='bbox 2251 3542 2534 3615; x_wconf 83' lang='grc' dir='ltr'>ὑπερήρθη</span> <span class='ocrx_word' id='word_1_597' title='bbox 2563 3544 2653 3595; x_wconf 77' lang='grc' dir='ltr'><strong>τὸν</strong></span> <span class='ocrx_word' id='word_1_598' title='bbox 2701 3542 2825 3594; x_wconf 80' lang='grc' dir='ltr'>νοῦν</span> <span class='ocrx_word' id='word_1_599' title='bbox 2856 3543 2952 3594; x_wconf 75' lang='grc' dir='ltr'><strong>καὶ</strong></span> <span class='ocrx_word' id='word_1_600' title='bbox 2983 3541 3088 3593; x_wconf 74' lang='grc' dir='ltr'>οὐδ’</span> <span class='ocrx_word' id='word_1_601' title='bbox 3119 3541 3254 3609; x_wconf 80' lang='grc' dir='ltr'>ὅπερ</span> <span class='ocrx_word' id='word_1_602' title='bbox 3289 3537 3449 3590; x_wconf 72' lang='grc' dir='ltr'>ἔλαϐε</span> <span class='ocrx_word' id='word_1_603' title='bbox 3503 3536 3798 3594; x_wconf 77' lang='grc' dir='ltr'>διεσώσατο,</span> 
     </span>
    </p>
   </div>
   <div class='ocr_carea' id='block_1_81' title="bbox 2249 3628 3795 3706">
    <p class='ocr_par' dir='ltr' id='par_1_81' title="bbox 2249 3628 3795 3706">
     <span class='ocr_line' id='line_1_82' title="bbox 2249 3628 3795 3706; baseline -0.006 -18"><span class='ocrx_word' id='word_1_604' title='bbox 2249 3637 2368 3700; x_wconf 87' lang='grc' dir='ltr'><strong>πῶς</strong></span> <span class='ocrx_word' id='word_1_605' title='bbox 2400 3638 2486 3698; x_wconf 86' lang='grc' dir='ltr'><strong>ἀν,</strong></span> <span class='ocrx_word' id='word_1_606' title='bbox 2518 3636 2566 3688; x_wconf 87' lang='grc' dir='ltr'><strong>εί</strong></span> <span class='ocrx_word' id='word_1_607' title='bbox 2598 3635 2857 3706; x_wconf 81' lang='grc' dir='ltr'>μειζόνων</span> <span class='ocrx_word' id='word_1_608' title='bbox 2885 3633 3198 3705; x_wconf 83' lang='grc' dir='ltr'>προνομίων</span> <span class='ocrx_word' id='word_1_609' title='bbox 3258 3631 3470 3700; x_wconf 78' lang='grc' dir='ltr'>ἔτυχεν,</span> <span class='ocrx_word' id='word_1_610' title='bbox 3504 3630 3625 3700; x_wconf 70' lang='grc' dir='ltr'>οὐχὶ</span> <span class='ocrx_word' id='word_1_611' title='bbox 3689 3628 3795 3696; x_wconf 71' lang='grc' dir='ltr'><strong>μᾶλ-</strong></span> 
     </span>
    </p>
   </div>
   <div class='ocr_carea' id='block_1_82' title="bbox 2249 3719 3799 3797">
    <p class='ocr_par' dir='ltr' id='par_1_82' title="bbox 2249 3719 3799 3797">
     <span class='ocr_line' id='line_1_83' title="bbox 2249 3719 3799 3797; baseline -0.008 -19"><span class='ocrx_word' id='word_1_612' title='bbox 2249 3727 2339 3780; x_wconf 90' lang='grc' dir='ltr'><strong>λον</strong></span> <span class='ocrx_word' id='word_1_613' title='bbox 2387 3727 2522 3797; x_wconf 86' lang='grc' dir='ltr'>πρὸς</span> <span class='ocrx_word' id='word_1_614' title='bbox 2568 3725 2628 3778; x_wconf 76' lang='grc' dir='ltr'><strong>τὸ</strong></span> <span class='ocrx_word' id='word_1_615' title='bbox 2662 3723 3042 3795; x_wconf 82' lang='grc' dir='ltr'>χαλεπώτερον</span> <span class='ocrx_word' id='word_1_616' title='bbox 3099 3723 3208 3774; x_wconf 84' lang='grc' dir='ltr'><strong>τῶν</strong></span> <span class='ocrx_word' id='word_1_617' title='bbox 3240 3723 3550 3791; x_wconf 82' lang='grc' dir='ltr'>πτωμάτων</span> <span class='ocrx_word' id='word_1_618' title='bbox 3594 3719 3799 3784; x_wconf 75' lang='grc' dir='ltr'>κατενή-</span> 
     </span>
    </p>
   </div>
   <div class='ocr_carea' id='block_1_83' title="bbox 2249 3813 3801 3891">
    <p class='ocr_par' dir='ltr' id='par_1_83' title="bbox 2249 3813 3801 3891">
     <span class='ocr_line' id='line_1_84' title="bbox 2249 3813 3801 3891; baseline -0.003 -18"><span class='ocrx_word' id='word_1_619' title='bbox 2249 3835 2446 3886; x_wconf 82' lang='grc' dir='ltr'>νεκτο;</span> <span class='ocrx_word' id='word_1_620' title='bbox 2482 3819 2603 3891; x_wconf 83' lang='grc' dir='ltr'><strong>μηδ’</strong></span> <span class='ocrx_word' id='word_1_621' title='bbox 2654 3821 2828 3872; x_wconf 79' lang='grc' dir='ltr'>ἐκεῖνο</span> <span class='ocrx_word' id='word_1_622' title='bbox 2877 3817 2934 3870; x_wconf 81' lang='grc' dir='ltr'><strong>δὲ</strong></span> <span class='ocrx_word' id='word_1_623' title='bbox 2981 3817 3259 3887; x_wconf 73' lang='grc' dir='ltr'>παρέλθῃς</span> <span class='ocrx_word' id='word_1_624' title='bbox 3303 3831 3317 3844; x_wconf 91' lang='grc'><strong>·</strong></span> <span class='ocrx_word' id='word_1_625' title='bbox 3370 3816 3434 3868; x_wconf 84' lang='grc' dir='ltr'><strong>Ἦ</strong></span> <span class='ocrx_word' id='word_1_626' title='bbox 3489 3814 3548 3880; x_wconf 75' lang='grc' dir='ltr'><strong>ἐξ</strong></span> <span class='ocrx_word' id='word_1_627' title='bbox 3581 3813 3801 3878; x_wconf 71' lang='grc' dir='ltr'>ἀνάγκης</span> 
     </span>
    </p>
   </div>
   <div class='ocr_carea' id='block_1_84' title="bbox 2251 3902 3801 3984">
    <p class='ocr_par' dir='ltr' id='par_1_84' title="bbox 2251 3902 3801 3984">
     <span class='ocr_line' id='line_1_85' title="bbox 2251 3902 3801 3984; baseline -0.008 -20"><span class='ocrx_word' id='word_1_628' title='bbox 2251 3913 2449 3984; x_wconf 79' lang='grc' dir='ltr'>πρᾶξις</span> <span class='ocrx_word' id='word_1_629' title='bbox 2485 3913 2545 3965; x_wconf 86' lang='grc' dir='ltr'><strong>οὑ</strong></span> <span class='ocrx_word' id='word_1_630' title='bbox 2578 3911 2685 3964; x_wconf 85' lang='grc' dir='ltr'>τῶν</span> <span class='ocrx_word' id='word_1_631' title='bbox 2739 3910 2970 3978; x_wconf 87' lang='grc' dir='ltr'>λογικῶν</span> <span class='ocrx_word' id='word_1_632' title='bbox 3001 3913 3135 3970; x_wconf 77' lang='grc' dir='ltr'>ἐστι,</span> <span class='ocrx_word' id='word_1_633' title='bbox 3168 3909 3266 3977; x_wconf 80' lang='grc' dir='ltr'><strong>τῆς</strong></span> <span class='ocrx_word' id='word_1_634' title='bbox 3316 3907 3361 3960; x_wconf 83' lang='grc' dir='ltr'><strong>δ’</strong></span> <span class='ocrx_word' id='word_1_635' title='bbox 3390 3907 3590 3974; x_wconf 84' lang='grc' dir='ltr'>ἀλόγου</span> <span class='ocrx_word' id='word_1_636' title='bbox 3621 3921 3676 3957; x_wconf 88' lang='grc' dir='ltr'><strong>τε</strong></span> <span class='ocrx_word' id='word_1_637' title='bbox 3724 3902 3801 3952; x_wconf 81' lang='grc' dir='ltr'>καὶ</span> 
     </span>
    </p>
   </div>
   <div class='ocr_carea' id='block_1_85' title="bbox 2251 3991 3802 4073">
    <p class='ocr_par' dir='ltr' id='par_1_85' title="bbox 2251 3991 3802 4073">
     <span class='ocr_line' id='line_1_86' title="bbox 2251 3991 3802 4073; baseline -0.005 -18"><span class='ocrx_word' id='word_1_638' title='bbox 2251 4001 2460 4073; x_wconf 78' lang='grc' dir='ltr'>ἀψύχου</span> <span class='ocrx_word' id='word_1_639' title='bbox 2484 4000 2714 4071; x_wconf 75' lang='grc' dir='ltr'>φύσεως·</span> <span class='ocrx_word' id='word_1_640' title='bbox 2737 3999 2863 4071; x_wconf 78' lang='grc'><strong>[595</strong></span> <span class='ocrx_word' id='word_1_641' title='bbox 2887 3997 2979 4070; x_wconf 63' lang='lat' dir='ltr'><strong>IL]</strong></span> <span class='ocrx_word' id='word_1_642' title='bbox 2997 3997 3136 4050; x_wconf 82' lang='grc' dir='ltr'>ὥστε</span> <span class='ocrx_word' id='word_1_643' title='bbox 3165 3999 3192 4050; x_wconf 86' lang='grc' dir='ltr'>ὁ</span> <span class='ocrx_word' id='word_1_644' title='bbox 3214 3997 3274 4048; x_wconf 78' lang='grc' dir='ltr'><strong>τὸ</strong></span> <span class='ocrx_word' id='word_1_645' title='bbox 3291 3995 3637 4060; x_wconf 79' lang='grc' dir='ltr'>αὐτεξούσιον</span> <span class='ocrx_word' id='word_1_646' title='bbox 3666 3991 3802 4056; x_wconf 75' lang='grc' dir='ltr'>λόγος</span> 
     </span>
    </p>
   </div>
   <div class='ocr_carea' id='block_1_86' title="bbox 2257 4079 3800 4166">
    <p class='ocr_par' dir='ltr' id='par_1_86' title="bbox 2257 4079 3800 4166">
     <span class='ocr_line' id='line_1_87' title="bbox 2257 4079 3800 4166; baseline -0.01 -18"><span class='ocrx_word' id='word_1_647' title='bbox 2257 4094 2508 4166; x_wconf 78' lang='grc' dir='ltr'>ἀφαιρῶν</span> <span class='ocrx_word' id='word_1_648' title='bbox 2567 4092 2889 4163; x_wconf 83' lang='grc' dir='ltr'>ἀνθρώπους</span> <span class='ocrx_word' id='word_1_649' title='bbox 2949 4090 3368 4144; x_wconf 87' lang='grc' dir='ltr'>ἀνταλλάττεται</span> <span class='ocrx_word' id='word_1_650' title='bbox 3438 4081 3552 4141; x_wconf 64' lang='grc' dir='ltr'>τοῦ</span> <span class='ocrx_word' id='word_1_651' title='bbox 3605 4079 3800 4153; x_wconf 79' lang='grc' dir='ltr'>λογικοῦ</span> 
     </span>
    </p>
   </div>
   <div class='ocr_carea' id='block_1_87' title="bbox 2252 4175 3801 4254">
    <p class='ocr_par' dir='ltr' id='par_1_87' title="bbox 2252 4175 3801 4254">
     <span class='ocr_line' id='line_1_88' title="bbox 2252 4175 3801 4254; baseline -0.008 -16"><span class='ocrx_word' id='word_1_652' title='bbox 2252 4185 2392 4252; x_wconf 82' lang='grc' dir='ltr'>ζώου</span> <span class='ocrx_word' id='word_1_653' title='bbox 2447 4185 2538 4238; x_wconf 83' lang='grc' dir='ltr'><strong>τὸν</strong></span> <span class='ocrx_word' id='word_1_654' title='bbox 2583 4185 2752 4237; x_wconf 76' lang='grc' dir='ltr'>ἵππον</span> <span class='ocrx_word' id='word_1_655' title='bbox 2801 4185 2834 4254; x_wconf 76' lang='grc' dir='ltr'><strong>ἢ</strong></span> <span class='ocrx_word' id='word_1_656' title='bbox 2893 4184 2985 4236; x_wconf 73' lang='grc' dir='ltr'><strong>τὸν</strong></span> <span class='ocrx_word' id='word_1_657' title='bbox 3023 4182 3146 4252; x_wconf 78' lang='grc' dir='ltr'>βοῦν</span> <span class='ocrx_word' id='word_1_658' title='bbox 3182 4183 3213 4252; x_wconf 79' lang='grc' dir='ltr'>ἢ</span> <span class='ocrx_word' id='word_1_659' title='bbox 3249 4183 3374 4244; x_wconf 73' lang='grc' dir='ltr'>τοὺς</span> <span class='ocrx_word' id='word_1_660' title='bbox 3432 4179 3660 4249; x_wconf 78' lang='grc' dir='ltr'>ίχθῦς,ῆ</span> <span class='ocrx_word' id='word_1_661' title='bbox 3717 4175 3801 4228; x_wconf 70' lang='grc' dir='ltr'><strong>ὅσα</strong></span> 
     </span>
    </p>
   </div>
   <div class='ocr_carea' id='block_1_88' title="bbox 2253 4267 3800 4348">
    <p class='ocr_par' dir='ltr' id='par_1_88' title="bbox 2253 4267 3800 4348">
     <span class='ocr_line' id='line_1_89' title="bbox 2253 4267 3800 4348; baseline -0.008 -17"><span class='ocrx_word' id='word_1_662' title='bbox 2253 4279 2435 4348; x_wconf 80' lang='grc' dir='ltr'>φυτῶν</span> <span class='ocrx_word' id='word_1_663' title='bbox 2464 4277 2735 4346; x_wconf 78' lang='grc' dir='ltr'>ἀνιχνεύει</span> <span class='ocrx_word' id='word_1_664' title='bbox 2763 4277 2948 4346; x_wconf 80' lang='grc' dir='ltr'>φύσιν.</span> <span class='ocrx_word' id='word_1_665' title='bbox 2990 4276 3051 4328; x_wconf 75' lang='lat' dir='ltr'><strong>Ei</strong></span> <span class='ocrx_word' id='word_1_666' title='bbox 3085 4275 3128 4327; x_wconf 85' lang='grc' dir='ltr'><strong>δ’</strong></span> <span class='ocrx_word' id='word_1_667' title='bbox 3159 4275 3239 4327; x_wconf 84' lang='grc' dir='ltr'>ὃτι</span> <span class='ocrx_word' id='word_1_668' title='bbox 3270 4273 3493 4326; x_wconf 80' lang='grc' dir='ltr'>τοιαῦτα</span> <span class='ocrx_word' id='word_1_669' title='bbox 3522 4267 3672 4331; x_wconf 74' lang='grc' dir='ltr'>οὗτος</span> <span class='ocrx_word' id='word_1_670' title='bbox 3707 4267 3800 4320; x_wconf 84' lang='grc' dir='ltr'>δια-</span> 
     </span>
    </p>
   </div>
   <div class='ocr_carea' id='block_1_89' title="bbox 2254 4351 3801 4439">
    <p class='ocr_par' dir='ltr' id='par_1_89' title="bbox 2254 4360 3801 4439">
     <span class='ocr_line' id='line_1_90' title="bbox 2254 4360 3801 4439; baseline -0.01 -16"><span class='ocrx_word' id='word_1_671' title='bbox 2254 4374 2478 4436; x_wconf 88' lang='grc' dir='ltr'>νοεῖται,</span> <span class='ocrx_word' id='word_1_672' title='bbox 2505 4369 2748 4424; x_wconf 82' lang='grc' dir='ltr'>τοιοῦτον</span> <span class='ocrx_word' id='word_1_673' title='bbox 2776 4368 2926 4439; x_wconf 86' lang='grc' dir='ltr'>αὑτῷ</span> <span class='ocrx_word' id='word_1_674' title='bbox 2957 4367 3017 4420; x_wconf 80' lang='grc' dir='ltr'><strong>τὸ</strong></span> <span class='ocrx_word' id='word_1_675' title='bbox 3046 4367 3264 4437; x_wconf 87' lang='grc' dir='ltr'>τίμημα</span> <span class='ocrx_word' id='word_1_676' title='bbox 3290 4363 3483 4434; x_wconf 77' lang='grc' dir='ltr'>ὁρίζει,</span> <span class='ocrx_word' id='word_1_677' title='bbox 3504 4363 3602 4416; x_wconf 78' lang='grc' dir='ltr'>οὒκ</span> <span class='ocrx_word' id='word_1_678' title='bbox 3637 4360 3801 4418; x_wconf 77' lang='grc' dir='ltr'>ἄδικος</span> 
     </span>
    </p>
   </div>
   <div class='ocr_carea' id='block_1_90' title="bbox 2257 4453 3799 4533">
    <p class='ocr_par' dir='ltr' id='par_1_90' title="bbox 2257 4453 3799 4533">
     <span class='ocr_line' id='line_1_91' title="bbox 2257 4453 3799 4533; baseline -0.015 -10"><span class='ocrx_word' id='word_1_679' title='bbox 2257 4464 2355 4533; x_wconf 82' lang='grc' dir='ltr'>μὲν</span> <span class='ocrx_word' id='word_1_680' title='bbox 2381 4465 2460 4526; x_wconf 75' lang='grc' dir='ltr'><strong>εἰς</strong></span> <span class='ocrx_word' id='word_1_681' title='bbox 2504 4462 2731 4533; x_wconf 81' lang='grc' dir='ltr'>κρίσιν(</span> <span class='ocrx_word' id='word_1_682' title='bbox 2770 4457 2896 4533; x_wconf 75' lang='grc' dir='ltr'>εὗρε</span> <span class='ocrx_word' id='word_1_683' title='bbox 2943 4460 3050 4529; x_wconf 83' lang='grc' dir='ltr'><strong>γὰρ</strong></span> <span class='ocrx_word' id='word_1_684' title='bbox 3087 4459 3242 4524; x_wconf 81' lang='grc' dir='ltr'>ἀξίαν</span> <span class='ocrx_word' id='word_1_685' title='bbox 3269 4457 3347 4528; x_wconf 79' lang='grc' dir='ltr'>τῷ</span> <span class='ocrx_word' id='word_1_686' title='bbox 3396 4453 3799 4524; x_wconf 78' lang='grc' dir='ltr'>πλημμελήματι</span> 
     </span>
    </p>
   </div>
   <div class='ocr_carea' id='block_1_91' title="bbox 586 4537 2144 4640">
    <p class='ocr_par' dir='ltr' id='par_1_91' title="bbox 586 4537 2144 4640">
     <span class='ocr_line' id='line_1_92' title="bbox 586 4537 2144 4640; baseline -0.004 -18"><span class='ocrx_word' id='word_1_687' title='bbox 586 4537 884 4640; x_wconf 74' lang='lat' dir='ltr'><strong>huiusmodi</strong></span> <span class='ocrx_word' id='word_1_688' title='bbox 909 4570 1008 4624; x_wconf 87' lang='lat' dir='ltr'><strong>sibi</strong></span> <span class='ocrx_word' id='word_1_689' title='bbox 1034 4537 1245 4638; x_wconf 61' lang='lat' dir='ltr'><strong>pinnam</strong></span> <span class='ocrx_word' id='word_1_690' title='bbox 1271 4570 1491 4640; x_wconf 87' lang='lat' dir='ltr'><strong>irrogat,</strong></span> <span class='ocrx_word' id='word_1_691' title='bbox 1519 4571 1621 4621; x_wconf 90' lang='lat' dir='ltr'><strong>hoc</strong></span> <span class='ocrx_word' id='word_1_692' title='bbox 1643 4537 1816 4634; x_wconf 76' lang='lat' dir='ltr'><strong>neque</strong></span> <span class='ocrx_word' id='word_1_693' title='bbox 1846 4564 2044 4633; x_wconf 70' lang='lat' dir='ltr'><strong>iniusto</strong></span> <span class='ocrx_word' id='word_1_694' title='bbox 2060 4563 2144 4632; x_wconf 87' lang='lat' dir='ltr'><strong>ju-</strong></span> 
     </span>
    </p>
   </div>
   <div class='ocr_carea' id='block_1_92' title="bbox 2247 4537 3800 4640">
    <p class='ocr_par' dir='ltr' id='par_1_92' title="bbox 2252 4537 3800 4623">
     <span class='ocr_line' id='line_1_93' title="bbox 2252 4537 3800 4623; baseline -0.011 -17"><span class='ocrx_word' id='word_1_695' title='bbox 2252 4551 2350 4623; x_wconf 78' lang='grc' dir='ltr'><strong>τὴν</strong></span> <span class='ocrx_word' id='word_1_696' title='bbox 2385 4553 2574 4623; x_wconf 81' lang='grc' dir='ltr'>ποινὴν</span> <span class='ocrx_word' id='word_1_697' title='bbox 2615 4553 2670 4621; x_wconf 86' lang='grc'><strong>).</strong></span> <span class='ocrx_word' id='word_1_698' title='bbox 2707 4551 2867 4614; x_wconf 76' lang='grc' dir='ltr'>αὐτὸς</span> <span class='ocrx_word' id='word_1_699' title='bbox 2895 4551 2952 4602; x_wconf 79' lang='grc' dir='ltr'><strong>δὲ</strong></span> <span class='ocrx_word' id='word_1_700' title='bbox 2997 4549 3064 4603; x_wconf 82' lang='grc' dir='ltr'><strong>δι’</strong></span> <span class='ocrx_word' id='word_1_701' title='bbox 3105 4547 3300 4602; x_wconf 79' lang='grc' dir='ltr'>ἑαυτοῦ</span> <span class='ocrx_word' id='word_1_702' title='bbox 3336 4547 3394 4599; x_wconf 87' lang='grc' dir='ltr'>τδ</span> <span class='ocrx_word' id='word_1_703' title='bbox 3421 4543 3700 4615; x_wconf 78' lang='grc' dir='ltr'>βδελυκτόν</span> <span class='ocrx_word' id='word_1_704' title='bbox 3721 4537 3800 4591; x_wconf 72' lang='grc' dir='ltr'>τοῦ</span> 
     </span>
    </p>
   </div>
   <div class='ocr_carea' id='block_1_93' title="bbox 583 4656 2149 4728">
    <p class='ocr_par' dir='ltr' id='par_1_93' title="bbox 583 4656 2149 4728">
     <span class='ocr_line' id='line_1_94' title="bbox 583 4656 2149 4728; baseline -0.001 -13"><span class='ocrx_word' id='word_1_705' title='bbox 583 4662 726 4715; x_wconf 85' lang='lat' dir='ltr'><strong>dicio</strong></span> <span class='ocrx_word' id='word_1_706' title='bbox 755 4661 814 4715; x_wconf 86' lang='lat' dir='ltr'><strong>lit</strong></span> <span class='ocrx_word' id='word_1_707' title='bbox 838 4661 1064 4728; x_wconf 87' lang='lat' dir='ltr'><strong>(invenit</strong></span> <span class='ocrx_word' id='word_1_708' title='bbox 1089 4661 1230 4716; x_wconf 91' lang='lat' dir='ltr'><strong>enim</strong></span> <span class='ocrx_word' id='word_1_709' title='bbox 1249 4675 1430 4728; x_wconf 86' lang='lat' dir='ltr'><strong>parem</strong></span> <span class='ocrx_word' id='word_1_710' title='bbox 1458 4658 1654 4714; x_wconf 90' lang='lat' dir='ltr'><strong>delicto</strong></span> <span class='ocrx_word' id='word_1_711' title='bbox 1672 4656 1931 4728; x_wconf 71' lang='lat' dir='ltr'><strong>pinnam),</strong></span> <span class='ocrx_word' id='word_1_712' title='bbox 1956 4667 2010 4710; x_wconf 88' lang='lat' dir='ltr'><strong>et</strong></span> <span class='ocrx_word' id='word_1_713' title='bbox 2033 4656 2149 4724; x_wconf 85' lang='lat' dir='ltr'><strong>ipse</strong></span> 
     </span>
    </p>
   </div>
   <div class='ocr_carea' id='block_1_94' title="bbox 583 4747 2142 4820">
    <p class='ocr_par' dir='ltr' id='par_1_94' title="bbox 583 4747 2142 4820">
     <span class='ocr_line' id='line_1_95' title="bbox 583 4747 2142 4820; baseline -0.001 -16"><span class='ocrx_word' id='word_1_714' title='bbox 583 4770 678 4820; x_wconf 83' lang='lat' dir='ltr'><strong>per</strong></span> <span class='ocrx_word' id='word_1_715' title='bbox 708 4769 766 4809; x_wconf 91' lang='lat' dir='ltr'><strong>se</strong></span> <span class='ocrx_word' id='word_1_716' title='bbox 809 4754 1361 4807; x_wconf 84' lang='lat' dir='ltr'><strong>exsecrandamsuam</strong></span> <span class='ocrx_word' id='word_1_717' title='bbox 1411 4751 1718 4820; x_wconf 89' lang='lat' dir='ltr'><strong>opinionem</strong></span> <span class='ocrx_word' id='word_1_718' title='bbox 1772 4749 1969 4814; x_wconf 82' lang='lat' dir='ltr'><strong>arguit.</strong></span> <span class='ocrx_word' id='word_1_719' title='bbox 1992 4747 2142 4802; x_wconf 87' lang='lat' dir='ltr'><strong>Talia</strong></span> 
     </span>
    </p>
   </div>
   <div class='ocr_carea' id='block_1_95' title="bbox 588 4839 2146 4910">
    <p class='ocr_par' dir='ltr' id='par_1_95' title="bbox 588 4839 2146 4910">
     <span class='ocr_line' id='line_1_96' title="bbox 588 4839 2146 4910; baseline -0.002 -17"><span class='ocrx_word' id='word_1_720' title='bbox 588 4844 751 4908; x_wconf 71' lang='lat' dir='ltr'><strong>igitur</strong></span> <span class='ocrx_word' id='word_1_721' title='bbox 777 4843 1023 4910; x_wconf 83' lang='lat' dir='ltr'><strong>quaedam</strong></span> <span class='ocrx_word' id='word_1_722' title='bbox 1062 4841 1148 4894; x_wconf 88' lang='lat' dir='ltr'><strong>ubi</strong></span> <span class='ocrx_word' id='word_1_723' title='bbox 1178 4839 1548 4907; x_wconf 85' lang='lat' dir='ltr'><strong>disseruit,qui</strong></span> <span class='ocrx_word' id='word_1_724' title='bbox 1575 4839 1844 4908; x_wconf 84' lang='lat' dir='ltr'><strong>proposita</strong></span> <span class='ocrx_word' id='word_1_725' title='bbox 1873 4839 2030 4891; x_wconf 89' lang='lat' dir='ltr'><strong>modo</strong></span> <span class='ocrx_word' id='word_1_726' title='bbox 2055 4852 2146 4890; x_wconf 88' lang='lat' dir='ltr'><strong>ar-</strong></span> 
     </span>
    </p>
   </div>
   <div class='ocr_carea' id='block_1_96' title="bbox 582 4927 2147 5002">
    <p class='ocr_par' dir='ltr' id='par_1_96' title="bbox 582 4927 2147 5002">
     <span class='ocr_line' id='line_1_97' title="bbox 582 4927 2147 5002; baseline -0.002 -18"><span class='ocrx_word' id='word_1_727' title='bbox 582 4945 833 5000; x_wconf 77' lang='lat' dir='ltr'><strong>gumenta</strong></span> <span class='ocrx_word' id='word_1_728' title='bbox 889 4932 1110 5002; x_wconf 77' lang='lat' dir='ltr'><strong>exponit</strong></span> <span class='ocrx_word' id='word_1_729' title='bbox 1153 4928 1412 5002; x_wconf 82' lang='lat' dir='ltr'><strong>[Jobius],</strong></span> <span class='ocrx_word' id='word_1_730' title='bbox 1453 4929 1504 4982; x_wconf 92' lang='lat' dir='ltr'><strong>in</strong></span> <span class='ocrx_word' id='word_1_731' title='bbox 1535 4927 1688 4981; x_wconf 89' lang='lat' dir='ltr'><strong>liberi</strong></span> <span class='ocrx_word' id='word_1_732' title='bbox 1733 4928 1940 4983; x_wconf 86' lang='lat' dir='ltr'><strong>arbitrii</strong></span> <span class='ocrx_word' id='word_1_733' title='bbox 1989 4928 2147 4982; x_wconf 87' lang='lat' dir='ltr'><strong>laude</strong></span> 
     </span>
    </p>
   </div>
   <div class='ocr_carea' id='block_1_97' title="bbox 581 5019 1627 5094">
    <p class='ocr_par' dir='ltr' id='par_1_97' title="bbox 581 5019 1627 5094">
     <span class='ocr_line' id='line_1_98' title="bbox 581 5019 1627 5094; baseline -0.003 -19"><span class='ocrx_word' id='word_1_734' title='bbox 581 5026 826 5094; x_wconf 81' lang='lat' dir='ltr'><strong>quintum</strong></span> <span class='ocrx_word' id='word_1_735' title='bbox 853 5024 1123 5078; x_wconf 89' lang='lat' dir='ltr'><strong>decimum</strong></span> <span class='ocrx_word' id='word_1_736' title='bbox 1151 5030 1310 5091; x_wconf 87' lang='lat' dir='ltr'><strong>caput</strong></span> <span class='ocrx_word' id='word_1_737' title='bbox 1337 5019 1627 5074; x_wconf 91' lang='lat' dir='ltr'><strong>concludit.</strong></span> 
     </span>
    </p>
   </div>
   <div class='ocr_carea' id='block_1_98' title="bbox 661 5111 2144 5186">
    <p class='ocr_par' dir='ltr' id='par_1_98' title="bbox 661 5111 2144 5186">
     <span class='ocr_line' id='line_1_99' title="bbox 661 5111 2144 5186; baseline -0.005 -15"><span class='ocrx_word' id='word_1_738' title='bbox 661 5119 743 5172; x_wconf 82' lang='grc'><strong>16.</strong></span> <span class='ocrx_word' id='word_1_739' title='bbox 759 5117 930 5186; x_wconf 82' lang='lat' dir='ltr'><strong>Caput</strong></span> <span class='ocrx_word' id='word_1_740' title='bbox 949 5128 1078 5170; x_wconf 87' lang='lat' dir='ltr'><strong>vero</strong></span> <span class='ocrx_word' id='word_1_741' title='bbox 1095 5114 1360 5167; x_wconf 89' lang='lat' dir='ltr'><strong>decimum</strong></span> <span class='ocrx_word' id='word_1_742' title='bbox 1373 5120 1584 5186; x_wconf 78' lang='lat' dir='ltr'><strong>sextum</strong></span> <span class='ocrx_word' id='word_1_743' title='bbox 1602 5126 1706 5164; x_wconf 92' lang='lat' dir='ltr'><strong>non</strong></span> <span class='ocrx_word' id='word_1_744' title='bbox 1724 5111 1997 5181; x_wconf 82' lang='lat' dir='ltr'><strong>vulgarem</strong></span> <span class='ocrx_word' id='word_1_745' title='bbox 2017 5127 2144 5164; x_wconf 84' lang='lat' dir='ltr'><strong>con-</strong></span> 
     </span>
    </p>
   </div>
   <div class='ocr_carea' id='block_1_99' title="bbox 583 5203 2142 5278">
    <p class='ocr_par' dir='ltr' id='par_1_99' title="bbox 583 5203 2142 5278">
     <span class='ocr_line' id='line_1_100' title="bbox 583 5203 2142 5278; baseline -0.004 -14"><span class='ocrx_word' id='word_1_746' title='bbox 583 5213 712 5264; x_wconf 88' lang='lat' dir='ltr'><strong>tinet</strong></span> <span class='ocrx_word' id='word_1_747' title='bbox 741 5210 1114 5278; x_wconf 80' lang='lat' dir='ltr'><strong>qua-stionem.</strong></span> <span class='ocrx_word' id='word_1_748' title='bbox 1140 5205 1344 5272; x_wconf 70' lang='lat' dir='ltr'><strong>Quaarit</strong></span> <span class='ocrx_word' id='word_1_749' title='bbox 1380 5205 1523 5259; x_wconf 85' lang='lat' dir='ltr'><strong>enim</strong></span> <span class='ocrx_word' id='word_1_750' title='bbox 1574 5203 1860 5258; x_wconf 86' lang='lat' dir='ltr'><strong>admodum</strong></span> <span class='ocrx_word' id='word_1_751' title='bbox 1906 5205 2142 5269; x_wconf 91' lang='lat' dir='ltr'><strong>curiose,</strong></span> 
     </span>
    </p>
   </div>
   <div class='ocr_carea' id='block_1_100' title="bbox 649 5317 1580 5389">
    <p class='ocr_par' dir='ltr' id='par_1_100' title="bbox 649 5317 1580 5389">
     <span class='ocr_line' id='line_1_101' title="bbox 649 5317 1580 5389; baseline -0.005 -14"><span class='ocrx_word' id='word_1_752' title='bbox 649 5323 693 5354; x_wconf 85' lang='grc'><strong>³³</strong></span> <span class='ocrx_word' id='word_1_753' title='bbox 725 5321 854 5389; x_wconf 83' lang='lat' dir='ltr'><strong>Sap.</strong></span> <span class='ocrx_word' id='word_1_754' title='bbox 888 5336 962 5384; x_wconf 82' lang='grc' dir='ltr'><strong>νι,</strong></span> <span class='ocrx_word' id='word_1_755' title='bbox 997 5320 1050 5374; x_wconf 93' lang='lat'><strong>7.</strong></span> <span class='ocrx_word' id='word_1_756' title='bbox 1130 5319 1174 5350; x_wconf 68' lang='grc'><strong>³⁵</strong></span> <span class='ocrx_word' id='word_1_757' title='bbox 1205 5317 1224 5372; x_wconf 95' lang='lat' dir='ltr'><strong>l</strong></span> <span class='ocrx_word' id='word_1_758' title='bbox 1250 5317 1376 5372; x_wconf 90' lang='lat' dir='ltr'><strong>Cor.</strong></span> <span class='ocrx_word' id='word_1_759' title='bbox 1418 5331 1490 5380; x_wconf 76' lang='lat' dir='ltr'><strong>v1,</strong></span> <span class='ocrx_word' id='word_1_760' title='bbox 1526 5317 1580 5370; x_wconf 78' lang='lat'><strong>3.</strong></span> 
     </span>
    </p>
   </div>
   <div class='ocr_carea' id='block_1_101' title="bbox 2254 4630 3802 4712">
    <p class='ocr_par' dir='ltr' id='par_1_101' title="bbox 2254 4630 3802 4712">
     <span class='ocr_line' id='line_1_102' title="bbox 2254 4630 3802 4712; baseline -0.021 -1"><span class='ocrx_word' id='word_1_761' title='bbox 2254 4641 2589 4712; x_wconf 77' lang='grc' dir='ltr'>δοξάσματος</span> <span class='ocrx_word' id='word_1_762' title='bbox 2616 4636 2847 4712; x_wconf 76' lang='grc' dir='ltr'>ἐλέγχει,</span> <span class='ocrx_word' id='word_1_763' title='bbox 2879 4639 3116 4694; x_wconf 82' lang='grc' dir='ltr'>Τοιαῦτά</span> <span class='ocrx_word' id='word_1_764' title='bbox 3169 4657 3292 4691; x_wconf 88' lang='grc' dir='ltr'>τινα</span> <span class='ocrx_word' id='word_1_765' title='bbox 3326 4636 3608 4701; x_wconf 79' lang='grc' dir='ltr'>διεξελθὼν</span> <span class='ocrx_word' id='word_1_766' title='bbox 3649 4634 3676 4685; x_wconf 87' lang='grc' dir='ltr'><strong>ό</strong></span> <span class='ocrx_word' id='word_1_767' title='bbox 3707 4630 3802 4682; x_wconf 83' lang='grc' dir='ltr'>τῶν</span> 
     </span>
    </p>
   </div>
   <div class='ocr_carea' id='block_1_102' title="bbox 2253 4719 3800 4804">
    <p class='ocr_par' dir='ltr' id='par_1_102' title="bbox 2253 4719 3800 4804">
     <span class='ocr_line' id='line_1_103' title="bbox 2253 4719 3800 4804; baseline -0.01 -18"><span class='ocrx_word' id='word_1_768' title='bbox 2253 4733 2632 4804; x_wconf 77' lang='grc' dir='ltr'>προκειμένων</span> <span class='ocrx_word' id='word_1_769' title='bbox 2669 4733 2978 4786; x_wconf 77' lang='grc' dir='ltr'>ὑποθέσεων</span> <span class='ocrx_word' id='word_1_770' title='bbox 3035 4730 3320 4801; x_wconf 77' lang='grc' dir='ltr'>ὑφηγητὴς</span> <span class='ocrx_word' id='word_1_771' title='bbox 3352 4732 3430 4790; x_wconf 82' lang='grc' dir='ltr'><strong>είς</strong></span> <span class='ocrx_word' id='word_1_772' title='bbox 3471 4728 3682 4781; x_wconf 75' lang='grc' dir='ltr'>ἔπαινον</span> <span class='ocrx_word' id='word_1_773' title='bbox 3717 4719 3800 4772; x_wconf 71' lang='grc' dir='ltr'><strong>τοῦ</strong></span> 
     </span>
    </p>
   </div>
   <div class='ocr_carea' id='block_1_103' title="bbox 2254 4822 3478 4891">
    <p class='ocr_par' dir='ltr' id='par_1_103' title="bbox 2254 4822 3478 4891">
     <span class='ocr_line' id='line_1_104' title="bbox 2254 4822 3478 4891; baseline -0.002 -14"><span class='ocrx_word' id='word_1_774' title='bbox 2254 4824 2599 4889; x_wconf 79' lang='grc' dir='ltr'>αὐτεξουσίου</span> <span class='ocrx_word' id='word_1_775' title='bbox 2619 4825 2681 4876; x_wconf 77' lang='grc' dir='ltr'>τὸ</span> <span class='ocrx_word' id='word_1_776' title='bbox 2712 4828 2771 4876; x_wconf 88' lang='grc' dir='ltr'>ιε’</span> <span class='ocrx_word' id='word_1_777' title='bbox 2806 4823 3102 4890; x_wconf 82' lang='grc' dir='ltr'>κεφάλαιον</span> <span class='ocrx_word' id='word_1_778' title='bbox 3124 4822 3478 4891; x_wconf 81' lang='grc' dir='ltr'>διαπεραίνει.</span> 
     </span>
    </p>
   </div>
   <div class='ocr_carea' id='block_1_104' title="bbox 2321 5099 3801 5177">
    <p class='ocr_par' dir='ltr' id='par_1_104' title="bbox 2321 5099 3801 5177">
     <span class='ocr_line' id='line_1_105' title="bbox 2321 5099 3801 5177; baseline -0.006 -15"><span class='ocrx_word' id='word_1_779' title='bbox 2321 5111 2394 5162; x_wconf 76' lang='grc' dir='ltr'><strong>Τὸ</strong></span> <span class='ocrx_word' id='word_1_780' title='bbox 2421 5109 2480 5164; x_wconf 74' lang='grc' dir='ltr'><strong>δὲ</strong></span> <span class='ocrx_word' id='word_1_781' title='bbox 2505 5115 2579 5176; x_wconf 82' lang='grc' dir='ltr'>ις’</span> <span class='ocrx_word' id='word_1_782' title='bbox 2593 5109 2701 5162; x_wconf 84' lang='grc' dir='ltr'>τῶν</span> <span class='ocrx_word' id='word_1_783' title='bbox 2728 5108 3037 5177; x_wconf 85' lang='grc' dir='ltr'>κεφαλαίων</span> <span class='ocrx_word' id='word_1_784' title='bbox 3061 5109 3120 5160; x_wconf 85' lang='grc' dir='ltr'>οὺ</span> <span class='ocrx_word' id='word_1_785' title='bbox 3140 5105 3506 5175; x_wconf 54' lang='grc' dir='ltr'>τῶνκάγεννῶν</span> <span class='ocrx_word' id='word_1_786' title='bbox 3525 5105 3627 5156; x_wconf 78' lang='grc' dir='ltr'>ἐστι</span> <span class='ocrx_word' id='word_1_787' title='bbox 3650 5099 3801 5168; x_wconf 74' lang='grc' dir='ltr'><strong>ζητη-</strong></span> 
     </span>
    </p>
   </div>
   <div class='ocr_carea' id='block_1_105' title="bbox 2256 5187 3799 5273">
    <p class='ocr_par' dir='ltr' id='par_1_105' title="bbox 2256 5187 3799 5273">
     <span class='ocr_line' id='line_1_106' title="bbox 2256 5187 3799 5273; baseline -0.013 -15"><span class='ocrx_word' id='word_1_788' title='bbox 2256 5204 2458 5273; x_wconf 58' lang='grc' dir='ltr'>μάτων</span> <span class='ocrx_word' id='word_1_789' title='bbox 2480 5201 2926 5272; x_wconf 86' lang='grc' dir='ltr'>πολυπραγμονεί</span> <span class='ocrx_word' id='word_1_790' title='bbox 2942 5199 3076 5272; x_wconf 87' lang='grc' dir='ltr'>γὰρ,</span> <span class='ocrx_word' id='word_1_791' title='bbox 3099 5199 3204 5254; x_wconf 86' lang='grc' dir='ltr'><strong>Διὰ</strong></span> <span class='ocrx_word' id='word_1_792' title='bbox 3240 5199 3295 5252; x_wconf 85' lang='grc' dir='ltr'><strong>τί</strong></span> <span class='ocrx_word' id='word_1_793' title='bbox 3331 5200 3363 5251; x_wconf 87' lang='grc' dir='ltr'><em>ὀ</em></span> <span class='ocrx_word' id='word_1_794' title='bbox 3403 5195 3702 5264; x_wconf 77' lang='grc' dir='ltr'>ἄνθρωπος</span> <span class='ocrx_word' id='word_1_795' title='bbox 3739 5187 3799 5239; x_wconf 79' lang='grc' dir='ltr'>ἐκ</span> 
     </span>
    </p>
   </div>
   <div class='ocr_carea' id='block_1_106' title="bbox 1873 5403 2544 5461">
    <p class='ocr_par' dir='ltr' id='par_1_106' title="bbox 1873 5403 2544 5461">
     <span class='ocr_line' id='line_1_107' title="bbox 1873 5403 2544 5461; baseline -0.004 0"><span class='ocrx_word' id='word_1_796' title='bbox 1873 5403 2105 5461; x_wconf 61' lang='grc' dir='ltr'><strong>νΑΒιιΕ</strong></span> <span class='ocrx_word' id='word_1_797' title='bbox 2137 5403 2544 5460; x_wconf 77' lang='lat' dir='ltr'><strong>LECTIUNES.</strong></span> 
     </span>
    </p>
   </div>
   <div class='ocr_carea' id='block_1_107' title="bbox 648 5501 1093 5573">
    <p class='ocr_par' dir='ltr' id='par_1_107' title="bbox 648 5501 1093 5573">
     <span class='ocr_line' id='line_1_108' title="bbox 648 5501 1093 5573; baseline 0.002 -16"><span class='ocrx_word' id='word_1_798' title='bbox 648 5505 695 5535; x_wconf 73' lang='lat'>”</span> <span class='ocrx_word' id='word_1_799' title='bbox 722 5501 959 5573; x_wconf 81' lang='grc' dir='ltr'>δυνατοί]</span> <span class='ocrx_word' id='word_1_800' title='bbox 1026 5503 1093 5558; x_wconf 87' lang='lat' dir='ltr'><strong>Sa</strong></span> 
     </span>
    </p>
   </div>
   <div class='ocr_carea' id='block_1_108' title="bbox 583 5575 992 5638">
    <p class='ocr_par' dir='ltr' id='par_1_108' title="bbox 583 5575 992 5638">
     <span class='ocr_line' id='line_1_109' title="bbox 583 5575 992 5638; baseline 0.002 -12"><span class='ocrx_word' id='word_1_801' title='bbox 583 5575 620 5628; x_wconf 94' lang='lat' dir='ltr'><strong>ll</strong></span> <span class='ocrx_word' id='word_1_802' title='bbox 671 5575 816 5629; x_wconf 85' lang='lat' dir='ltr'><strong>Petr.</strong></span> <span class='ocrx_word' id='word_1_803' title='bbox 849 5591 908 5638; x_wconf 89' lang='grc' dir='ltr'><strong>ιι,</strong></span> <span class='ocrx_word' id='word_1_804' title='bbox 939 5576 992 5628; x_wconf 68' lang='grc'>4.</span> 
     </span>
    </p>
   </div>
   <div class='ocr_carea' id='block_1_109' title="bbox 1101 5500 2073 5572">
    <p class='ocr_par' dir='ltr' id='par_1_109' title="bbox 1101 5500 2073 5572">
     <span class='ocr_line' id='line_1_110' title="bbox 1101 5500 2073 5572; baseline -0.007 -15"><span class='ocrx_word' id='word_1_805' title='bbox 1101 5519 1153 5572; x_wconf 91' lang='lat' dir='ltr'><strong>p.</strong></span> <span class='ocrx_word' id='word_1_806' title='bbox 1191 5519 1265 5570; x_wconf 85' lang='lat' dir='ltr'><strong>vt,</strong></span> <span class='ocrx_word' id='word_1_807' title='bbox 1297 5506 1348 5558; x_wconf 88' lang='lat'><strong>7.</strong></span> <span class='ocrx_word' id='word_1_808' title='bbox 1451 5505 1496 5536; x_wconf 81' lang='grc'><strong>⁷⁵</strong></span> <span class='ocrx_word' id='word_1_809' title='bbox 1528 5501 1897 5571; x_wconf 86' lang='grc' dir='ltr'>ἀπαραίτητον</span> <span class='ocrx_word' id='word_1_810' title='bbox 1930 5500 2073 5554; x_wconf 86' lang='lat' dir='ltr'><strong>libri.</strong></span> 
     </span>
    </p>
   </div>
   <div class='ocr_carea' id='block_1_110' title="bbox 2182 5498 2300 5531">
    <p class='ocr_par' dir='ltr' id='par_1_110' title="bbox 2182 5498 2300 5531">
     <span class='ocr_line' id='line_1_111' title="bbox 2182 5498 2300 5531; baseline 0.008 -1"><span class='ocrx_word' id='word_1_811' title='bbox 2182 5498 2300 5531; x_wconf 64' lang='grc' dir='ltr'>τσλ</span> 
     </span>
    </p>
   </div>
   <div class='ocr_carea' id='block_1_111' title="bbox 1099 5498 3086 5644">
    <p class='ocr_par' dir='ltr' id='par_1_111' title="bbox 1099 5498 3086 5644">
     <span class='ocr_line' id='line_1_112' title="bbox 1101 5498 3086 5572; baseline -0.002 -15"><span class='ocrx_word' id='word_1_812' title='bbox 1101 5519 1153 5572; x_wconf 91' lang='lat' dir='ltr'><strong>p.</strong></span> <span class='ocrx_word' id='word_1_813' title='bbox 1191 5519 1265 5570; x_wconf 85' lang='lat' dir='ltr'><strong>vt,</strong></span> <span class='ocrx_word' id='word_1_814' title='bbox 1297 5506 1348 5558; x_wconf 88' lang='lat'><strong>7.</strong></span> <span class='ocrx_word' id='word_1_815' title='bbox 1451 5505 1496 5536; x_wconf 81' lang='grc'><strong>⁷⁵</strong></span> <span class='ocrx_word' id='word_1_816' title='bbox 1528 5501 1897 5571; x_wconf 86' lang='grc' dir='ltr'>ἀπαραίτητον</span> <span class='ocrx_word' id='word_1_817' title='bbox 1930 5500 2073 5554; x_wconf 86' lang='lat' dir='ltr'><strong>libri.</strong></span> <span class='ocrx_word' id='word_1_818' title='bbox 2182 5498 2230 5531; x_wconf 81' lang='grc'>⁷⁸</span> <span class='ocrx_word' id='word_1_819' title='bbox 2278 5498 2496 5570; x_wconf 83' lang='grc' dir='ltr'>ἁγγέλ.]</span> <span class='ocrx_word' id='word_1_820' title='bbox 2544 5502 2563 5554; x_wconf 93' lang='lat' dir='ltr'><strong>l</strong></span> <span class='ocrx_word' id='word_1_821' title='bbox 2597 5502 2721 5556; x_wconf 80' lang='lat' dir='ltr'><strong>Cur.</strong></span> <span class='ocrx_word' id='word_1_822' title='bbox 2784 5515 2855 5563; x_wconf 71' lang='lat' dir='ltr'><strong>VI,</strong></span> <span class='ocrx_word' id='word_1_823' title='bbox 2890 5501 2946 5554; x_wconf 82' lang='grc'>5.</span> <span class='ocrx_word' id='word_1_824' title='bbox 3058 5501 3086 5530; x_wconf 84' lang='lat'><strong>&quot;&#39;</strong></span> 
     </span>
     <span class='ocr_line' id='line_1_113' title="bbox 1099 5569 3086 5644; baseline -0.003 -17"><span class='ocrx_word' id='word_1_825' title='bbox 1099 5577 1143 5606; x_wconf 73' lang='grc' dir='ltr'><strong><em>τ’</em></strong></span> <span class='ocrx_word' id='word_1_826' title='bbox 1173 5574 1437 5643; x_wconf 85' lang='grc' dir='ltr'>ἀγγέλους</span> <span class='ocrx_word' id='word_1_827' title='bbox 1469 5590 1527 5644; x_wconf 88' lang='grc' dir='ltr'>μ.</span> <span class='ocrx_word' id='word_1_828' title='bbox 1559 5572 1895 5642; x_wconf 84' lang='grc' dir='ltr'>βουλομένων</span> <span class='ocrx_word' id='word_1_829' title='bbox 1919 5585 2028 5639; x_wconf 87' lang='lat' dir='ltr'><strong>mg.</strong></span> <span class='ocrx_word' id='word_1_830' title='bbox 2062 5586 2099 5632; x_wconf 86' lang='grc' dir='ltr'><strong>ς</strong></span> <span class='ocrx_word' id='word_1_831' title='bbox 2138 5585 2151 5621; x_wconf 90' lang='lat'><strong>:</strong></span> <span class='ocrx_word' id='word_1_832' title='bbox 2187 5569 2306 5622; x_wconf 80' lang='lat' dir='ltr'><strong>libr’i</strong></span> <span class='ocrx_word' id='word_1_833' title='bbox 2335 5571 2577 5638; x_wconf 81' lang='grc' dir='ltr'>ἀγγέλων</span> <span class='ocrx_word' id='word_1_834' title='bbox 2620 5589 2678 5642; x_wconf 89' lang='grc' dir='ltr'><strong>μ.</strong></span> <span class='ocrx_word' id='word_1_835' title='bbox 2714 5571 3086 5641; x_wconf 77' lang='grc' dir='ltr'>βουλομένους.</span> 
     </span>
    </p>
   </div>
   <div class='ocr_carea' id='block_1_112' title="bbox 2544 5487 3800 5570">
    <p class='ocr_par' dir='ltr' id='par_1_112' title="bbox 2544 5487 3800 5570">
     <span class='ocr_line' id='line_1_114' title="bbox 2544 5487 3800 5570; baseline 0.006 -21"><span class='ocrx_word' id='word_1_836' title='bbox 2544 5502 2721 5556; x_wconf 80' lang='lat' dir='ltr'><strong>lCur.</strong></span> <span class='ocrx_word' id='word_1_837' title='bbox 2784 5515 2855 5563; x_wconf 70' lang='lat' dir='ltr'><strong>VI,</strong></span> <span class='ocrx_word' id='word_1_838' title='bbox 2890 5501 2946 5554; x_wconf 83' lang='grc'>5.</span> <span class='ocrx_word' id='word_1_839' title='bbox 3058 5494 3260 5570; x_wconf 69' lang='grc' dir='ltr'>ποῖον]</span> <span class='ocrx_word' id='word_1_840' title='bbox 3319 5498 3368 5551; x_wconf 85' lang='grc' dir='ltr'>οἳ</span> <span class='ocrx_word' id='word_1_841' title='bbox 3422 5500 3486 5552; x_wconf 83' lang='grc' dir='ltr'><strong>Α.</strong></span> <span class='ocrx_word' id='word_1_842' title='bbox 3565 5493 3604 5528; x_wconf 73' lang='grc'>’⁸</span> <span class='ocrx_word' id='word_1_843' title='bbox 3630 5487 3800 5558; x_wconf 59' lang='grc' dir='ltr'><strong>ζόφῳ]</strong></span> 
     </span>
    </p>
   </div>
   <div class='ocr_carea' id='block_1_113' title="bbox 2061 5658 2298 5720">
    <p class='ocr_par' dir='ltr' id='par_1_113' title="bbox 2061 5658 2298 5720">
     <span class='ocr_line' id='line_1_115' title="bbox 2061 5658 2298 5720; baseline 0.034 -8"><span class='ocrx_word' id='word_1_844' title='bbox 2061 5658 2298 5720; x_wconf 61' lang='lat' dir='ltr'><strong>NOTAE.</strong></span> 
     </span>
    </p>
   </div>
   <div class='ocr_carea' id='block_1_114' title="bbox 673 5755 3795 5831">
    <p class='ocr_par' dir='ltr' id='par_1_114' title="bbox 673 5755 3795 5831">
     <span class='ocr_line' id='line_1_116' title="bbox 673 5755 3795 5831; baseline -0.005 -14"><span class='ocrx_word' id='word_1_845' title='bbox 673 5764 760 5831; x_wconf 67' lang='grc'><strong>45)</strong></span> <span class='ocrx_word' id='word_1_846' title='bbox 794 5761 836 5817; x_wconf 92' lang='lat' dir='ltr'><strong>ll</strong></span> <span class='ocrx_word' id='word_1_847' title='bbox 871 5763 1016 5818; x_wconf 88' lang='lat' dir='ltr'><strong>Pctr.</strong></span> <span class='ocrx_word' id='word_1_848' title='bbox 1051 5779 1112 5823; x_wconf 89' lang='grc' dir='ltr'><strong>ιι,</strong></span> <span class='ocrx_word' id='word_1_849' title='bbox 1140 5762 1192 5816; x_wconf 74' lang='grc'>4.</span> <span class='ocrx_word' id='word_1_850' title='bbox 1225 5763 1392 5814; x_wconf 80' lang='lat' dir='ltr'><strong>Aliter</strong></span> <span class='ocrx_word' id='word_1_851' title='bbox 1438 5761 1549 5815; x_wconf 71' lang='lat' dir='ltr'><strong>inec</strong></span> <span class='ocrx_word' id='word_1_852' title='bbox 1590 5761 1838 5830; x_wconf 83' lang='lat' dir='ltr'><strong>leguntur</strong></span> <span class='ocrx_word' id='word_1_853' title='bbox 1862 5760 1914 5812; x_wconf 91' lang='lat' dir='ltr'><strong>in</strong></span> <span class='ocrx_word' id='word_1_854' title='bbox 1957 5756 2108 5826; x_wconf 80' lang='lat' dir='ltr'><strong>Vulg.</strong></span> <span class='ocrx_word' id='word_1_855' title='bbox 2145 5755 2464 5815; x_wconf 80' lang='lat' dir='ltr'><strong>Rudentibus</strong></span> <span class='ocrx_word' id='word_1_856' title='bbox 2499 5762 2692 5830; x_wconf 74' lang='lat' dir='ltr'><strong>inferni</strong></span> <span class='ocrx_word' id='word_1_857' title='bbox 2733 5764 2992 5815; x_wconf 77' lang='lat' dir='ltr'><strong>detractos</strong></span> <span class='ocrx_word' id='word_1_858' title='bbox 3032 5762 3086 5813; x_wconf 88' lang='lat' dir='ltr'><strong>in</strong></span> <span class='ocrx_word' id='word_1_859' title='bbox 3128 5770 3383 5813; x_wconf 85' lang='lat' dir='ltr'><strong>tartarum</strong></span> <span class='ocrx_word' id='word_1_860' title='bbox 3417 5755 3622 5810; x_wconf 85' lang='lat' dir='ltr'><strong>tradidit</strong></span> <span class='ocrx_word' id='word_1_861' title='bbox 3649 5765 3744 5804; x_wconf 78' lang='lat' dir='ltr'><strong>cru</strong></span> <span class='ocrx_word' id='word_1_862' title='bbox 3768 5774 3795 5787; x_wconf 91' lang='lat'><em>-</em></span> 
     </span>
    </p>
   </div>
   <div class='ocr_carea' id='block_1_115' title="bbox 579 5833 1482 5900">
    <p class='ocr_par' dir='ltr' id='par_1_115' title="bbox 579 5833 1482 5900">
     <span class='ocr_line' id='line_1_117' title="bbox 579 5833 1482 5900; baseline -0.002 -14"><span class='ocrx_word' id='word_1_863' title='bbox 579 5836 816 5896; x_wconf 78' lang='lat' dir='ltr'><strong>ciaudos,</strong></span> <span class='ocrx_word' id='word_1_864' title='bbox 847 5835 898 5887; x_wconf 82' lang='lat' dir='ltr'><strong>in</strong></span> <span class='ocrx_word' id='word_1_865' title='bbox 914 5835 1176 5900; x_wconf 83' lang='lat' dir='ltr'><strong>judicium</strong></span> <span class='ocrx_word' id='word_1_866' title='bbox 1207 5833 1482 5885; x_wconf 70' lang='lat' dir='ltr'><strong>reservari.</strong></span> 
     </span>
    </p>
   </div>
  </div>
