4014 6404
254 384 348 449 753
1274 391 1799 451 BIBLIOTHECA.
1836 412 1905 427 --
1944 390 2107 450 COD.
2141 389 2429 449 CCXXII.

3366 383 3473 447 πει

244 500 341 553 δύο
360 494 515 549 πολὺ
530 490 600 562 τῇ
620 495 802 564 φύσει
811 494 1143 550 διεστώτων
1164 492 1439 566 συνέστη
1451 498 1518 531 ⁸ο-
1538 499 1631 551 καὶ
1648 498 1801 551 λύσει

1919 496 2016 552 Iur
2037 500 2188 552 homo
2209 514 2237 552 ε
2254 496 2456 551 duobus
2482 494 2766 562 plurimum
2783 502 2976 549 natura
2996 493 3313 549 distantibus
3327 508 3473 549 com-

247 589 336 658 μὲν
359 587 585 655 ὑπάγειν
604 588 667 640 τὸ
688 588 907 659 ζήτημα
939 590 1218 658 πειρᾶται,
1255 591 1594 661 ἐνδεέστερον
1614 590 1672 642 δὲ
1696 591 1795 660 τῆς

1898 590 2131 657 positum
2143 590 2209 642 sit
2227 588 2253 642 2
2278 588 2356 641 Ac
2384 585 2669 658 proﬂigare
2691 584 2909 653 quidem
2925 582 3477 654 etsolverequastio—

242 680 458 751 απορίας
508 677 743 751 $0611.]
764 680 1009 752 φέρεται.
1044 682 1152 735 Καὶ
1172 683 1387 751 πρῶτον
1412 683 1511 753 μὲν
1550 682 1798 752 Πατρικά

1919 698 2025 736 tem
2047 680 2358 745 nititur,sed
2372 680 2545 749 ipsam
2565 675 2955 733 dubitationem
2973 690 3076 729 non
3092 675 3226 730 satis
3240 678 3474 748 attingit.

247 770 590 825 ύποϐἀλλεηται
614 772 855 841 ῥήματα·
878 771 1131 846 δεύτερον
1145 774 1201 827 δέ
1224 791 1387 843 φησιν
1407 774 1483 838 ὡς
1504 774 1609 828 ἔδει
1628 774 1707 845 τῷ
1722 774 1801 828 λό·

1919 775 2145 830 Primum
2193 787 2322 841 ergo
2354 770 2575 826 Patrum
2619 769 2785 824 verba
2817 768 3054 838 subjicit,
3083 769 3284 824 deinde
3314 784 3476 839 opor-

243 884 314 936 γῳ
334 865 739 937 διακοσμείσθαι
756 868 814 920 τὸ
839 868 1137 938 περίγειον,
1159 868 1349 939 ὥσπερ
1367 872 1489 931 ταῖς
1527 870 1800 941 οὐρανίοις

241 957 485 1029 δυνάμεσι
506 958 573 1012 τὰ
590 958 836 1026 οὐράνια,
860 961 953 1012 καὶ
979 961 1066 1013 διὰ
1082 960 1240 1014 τοῦτο
1264 960 1520 1015 σύνθετον
1548 962 1687 1026 ζῶον
1710 962 1803 1015 ἐπὶ

241 1053 333 1119 γῆς
351 1048 614 1121 προῆλθεν
640 1052 670 1104 ό
689 1050 784 1104 ἄνθ
795 1067 993 1122 ρωπος.
1022 1051 1206 1106 Ταῦτα
1227 1052 1292 1123 δὴ
1320 1053 1413 1106 καὶ
1439 1054 1603 1125 ἕτερα
1624 1053 1806 1107 τοιαῦ-

241 1160 300 1196 τα
328 1141 766 1214 συνυφηνάμενος
793 1144 1088 1214 ἀπαρτίζει
1114 1145 1180 1199 τὸ
1212 1146 1528 1216 κεφάλαιον.

309 1315 435 1373 Εἶτα
462 1318 638 1390 ζητεῖ,
665 1322 767 1374 Διά
782 1321 841 1373 τί
864 1322 1192 1388 σαρκοῦται
1221 1327 1252 1376 ὀ
1272 1322 1415 1386 Θεὸς
1441 1325 1629 1389 Λόγος
1658 1341 1678 1387 ;
1715 1324 1810 1377 καὶ

241 1410 502 1466 ὲπιλύεται
514 1413 573 1464 τὸ
591 1413 811 1483 ζήτημα
826 1413 946 1466 καθ’
966 1413 1023 1467 ἓν
1049 1413 1168 1483 μὲν,
1189 1415 1295 1471 ἵνα.
1317 1417 1503 1483 φησὶν,
1526 1418 1660 1483 ἡμῖν
1682 1416 1809 1469 ὑπο-

245 1505 484 1575 γραμμὸν
504 1505 547 1537 ⁸³
573 1506 772 1576 ἀρετῆς
793 1505 1094 1577 καταλίπῃ,
1115 1505 1184 1559 δι’
1207 1500 1268 1560 οὗ
1290 1509 1400 1569 τοῖς
1424 1508 1625 1574 ἴχνεσιν
1645 1505 1809 1558 αὐτοῦ

241 1595 566 1666 περιγίνεται
587 1598 719 1667 ἡμῖν
741 1596 838 1649 οὐκ
862 1596 922 1661 ἐξ
947 1598 1213 1668 ἀνάγκης,
1249 1598 1363 1653 ἀλλ’
1388 1597 1647 1659 ἑκουσίως
1670 1596 1811 1649 κατὰ

246 1688 465 1757 μίμησιν
522 1690 916 1759 περιπατῆσαι.
968 1690 1202 1743 Ἔπειτα
1223 1691 1280 1743 δὲ
1321 1690 1381 1742 τὸ
1422 1689 1516 1743 τοῦ
1549 1689 1810 1756 Θεολόγου

243 1777 529 1851 ι’ρηγορίου
554 1780 738 1850 τίθησι
769 1782 951 1851 ῥητόν·
978 1780 1179 1848 Σάρκα
1199 1782 1310 1850 γὰρ
1331 1781 1517 1849 φορεῖ,
1541 1781 1693 1851 φησὶ,
1718 1782 1814 1833 διὰ

242 1869 345 1937 τὴν
372 1869 526 1938 ἐμὴν
569 1870 765 1940 σάρκα
783 1913 797 1935 ,
824 1873 922 1926 καὶ
952 1871 1125 1941 ψυχῇ
1163 1871 1341 1942 νοερᾷ
1366 1873 1463 1926 διὰ
1520 1873 1635 1939 τὴν
1659 1873 1812 1943 ἐμὴν
1840 1852 1886 1910 Β

243 1965 320 2030 pro
323 1961 440 2030 χὴν
450 1964 755 2033 μίγνυται,
776 1963 855 2031 τῷ
874 1966 1055 2034 ὁμοίῳ
1070 1966 1137 2018 τὸ
1150 1965 1354 2034 ὅμοιον
1374 1966 1805 2036 ἀνακαθαίρων.

244 2055 341 2105 Καὶ
361 2054 458 2120 ἔτι,
484 2054 577 2108 ἵνα
596 2055 655 2109 τὸ
669 2055 888 2123 λογικὸν
909 2057 1013 2110 ὑπὸ
1049 2057 1142 2111 τοῦ
1172 2058 1368 2126 ἀλόγου
1407 2058 1810 2112 καταδουλωθὲν

245 2146 394 2210 αὐτὸς
430 2148 605 2216 Λόγος
627 2147 702 2201 ὢν
744 2148 1090 2222 ἐλευθερώσῃ
1132 2149 1634 2220 ἀνακαλεσάμενος.
1688 2150 1810 2203 Ἐπὶ

243 2241 437 2292 τούτοις
456 2239 515 2291 δὲ
533 2240 632 2292 καὶ
654 2242 776 2293 ἐπεὶ
796 2242 824 2293 ό
852 2240 1026 2310 Ἀδὰμ
1048 2240 1290 2308 νικηθεὶς
1314 2241 1374 2295 τὸ
1398 2244 1455 2295 ὲν
1474 2242 1622 2313 αὐτῷ
1643 2242 1811 2294 θεοει-

244 2330 321 2395 δὲς
334 2334 442 2395 τοῖς
464 2332 570 2399 τῆς
589 2333 790 2403 σαρκὸς
811 2334 1025 2404 μυρίοις
1042 2333 1320 2403 κατέχωσε
1345 2333 1545 2387 πάθεσι
1581 2335 1674 2388 καὶ
1698 2337 1812 2397 τοῖς

243 2420 297 2484 ἐξ
321 2420 479 2473 αὐτοῦ
516 2420 723 2491 βλάϐην
745 2421 989 2486 διέδωκε,
1021 2421 1109 2474 διὰ
1127 2421 1285 2475 τοῦτο
1313 2420 1610 2491 σαρκοῦται
1640 2423 1669 2473 ὁ
1698 2422 1811 2474 Κύα-

247 2528 366 2581 ριος,
384 2516 475 2565 καὶ
497 2512 576 2582 τῷ
600 2513 826 2581 πελάγει
847 2517 946 2581 τῆς
966 2513 1099 2576 ιδίας
1116 2512 1369 2583 θεότητος
1385 2512 1480 2582 τὴν
1498 2515 1593 2582 τῆς
1619 2513 1812 2583 ἡμετέσ

246 2617 335 2669 ρας
360 2601 576 2667 φύσεως
610 2603 927 2673 ὑποδέχεται
983 2603 1246 2671 σταγόνα,
1292 2605 1367 2667 ὡς
1416 2604 1481 2656 ἂν
1526 2605 1588 2657 τὸ
1620 2605 1812 2675 θνητὸν

247 2690 340 2743 ὑπὸ
368 2693 463 2761 τῆς
512 2692 664 2762 ζωῆς
696 2694 978 2763 καταποθῇ
1003 2694 1097 2746 καὶ
1130 2696 1209 2756 είς
1269 2696 1332 2746 τὸ
1363 2694 1520 2762 γένος
1553 2694 1674 2748 ὅλον
1703 2711 1810 2747 πα-

250 2784 496 2855 ραπέμψῃ
529 2785 593 2836 τὸ
628 2785 820 2856 δῶρον,
854 2786 949 2839 καὶ
986 2786 1074 2839 ἵνα
1104 2786 1166 2838 τὸ
1198 2785 1403 2854 ἄφατον
1431 2787 1664 2855 πέλαγος
1713 2787 1812 2856 τῆς

247 2875 396 2929 αὐτοῦ
445 2877 586 2948 πρὸς
607 2878 755 2947 ἡμᾶς
800 2878 1209 2949 φιλανθρωπίας
1238 2879 1562 2949 ἐνδείξηται.
1595 2879 1704 2933 Καὶ
1729 2879 1811 2931 ὅτι

247 2967 327 3020 τὸν
349 2968 684 3041 δημιουργὸν
711 2970 874 3024 αὐτὸν
901 2970 1008 3025 ἔδει
1035 2972 1131 3025 καὶ
1156 2971 1250 3024 τοῦ
1306 2972 1507 3024 οἰκείου
1558 2971 1811 3042 πλάσμα-

246 3070 327 3121 τος
379 3061 733 3131 διαῤῥυὲντος
797 3063 1053 3130 γενέσθαι
1106 3064 1518 3133 ἀνακαινιστήν.
1586 3065 1812 3132 Ἐπάγει

246 3151 295 3203 δὲ
316 3152 388 3216 ὡς
433 3154 529 3208 καί
563 3171 686 3208 τινα
714 3156 822 3209 τῶν
850 3157 941 3209 ἐπὶ
972 3158 1072 3227 τῆς
1100 3157 1331 3228 Τριάδος
1366 3158 1562 3216 κοινῶς
1589 3158 1813 3228 λεγομέ-

246 3256 341 3294 νων
388 3244 650 3308 πολλάκις
680 3245 742 3299 τὸ
796 3248 941 3318 ἱερὸν
974 3249 1210 3318 γράμμα
1255 3248 1331 3311 ὡς
1385 3250 1506 3302 κατ’
1541 3248 1816 3319 ἐξαίρετον

250 3334 489 3403 φέρουσιν
518 3340 608 3408 ἐφ’
634 3340 753 3403 ἐνὸς
778 3341 889 3393 τῶν
919 3340 1232 3409 σεϐασμίων
1262 3342 1640 3396 ὑποστάσεων.
1667 3341 1816 3395 Ταύ-

248 3440 308 3497 τῃ
338 3446 414 3481 τοι
449 3432 508 3483 τὸ
568 3432 961 3503 δημιουργικὸν
1010 3436 1104 3487 καί⁹
1138 3438 1229 3487 ἐπὶ
1267 3435 1478 3506 Πατρὸς
1516 3437 1610 3489 καὶ
1646 3436 1817 3491 Πνεύ-

252 3537 410 3584 ματος
439 3524 601 3589 ἁγίου
632 3526 914 3595 ὀμοτίμως
961 3526 1312 3597 ταττόμενον,
1369 3528 1519 3597 ὅμως
1545 3530 1819 3599 οἰκονομι-

250 3610 348 3673 κῶς
398 3614 474 3684 τῷ
498 3615 621 3684 Υἱῴ
662 3616 826 3669 πάλιν
873 3617 948 3679 ὡς
992 3617 1267 3687 ἐξαίρετον
1289 3618 1629 3687 ἀφορίζεται.
1662 3616 1817 3669 Οὕτω

250 3700 334 3751 καὶ
358 3702 453 3773 τὴν
510 3706 790 3775 σωτηρίαν
854 3708 1012 3778 ἡμῶν
1040 3750 1054 3769 ,
1101 3710 1168 3779 ἣν
1215 3711 1244 3762 ὁ
1283 3711 1453 3777 Λόγος
1502 3710 1813 3780 είργάσατο,

252 3796 383 3849 ἔστιν
416 3802 603 3873 εὑρεῖν
650 3805 1069 3875 ἀναφερομένην
1108 3811 1187 3868 είς
1218 3808 1310 3860 τὸν
1362 3810 1599 3878 Πατέρα.
1648 3810 1818 3865 Ἐλά-

251 3891 389 3953 λησε
408 3892 451 3923 ⁸³
472 3894 587 3961 γὰρ
602 3894 765 3963 ἡμῖν,
788 3898 971 3965 φησιν,
993 3897 1262 3962 svras".
1287 3898 1560 3964 Kal,'lra
1582 3901 1647 3931 ⁸³*
1674 3919 1819 3971 γνω-

248 3982 417 4052 ρισθῇ
443 3985 567 4039 νῦν
592 3989 631 4055 ἡ
676 3992 1116 4054 πολυποίκιλος
1168 3991 1274 4044 τοῦ
1308 3993 1457 4045 Θεοῦ
1488 3995 1694 4061 σοφία,
1740 3994 1819 4062 ἣν

250 4071 525 4141 ἐποίησεν
556 4077 627 4130 ἑν
658 4079 737 4143 τῷ
758 4080 1007 4148 Χριστῷ·
1042 4083 1156 4147 καὶ,
1193 4084 1390 4137 Αὐτοῦ
1418 4084 1461 4115 ⁸⁸
1492 4085 1602 4151 γάρ
1634 4086 1821 4154 ἐσμεν

253 4165 460 4235 ποίημα
484 4209 500 4233 ,
555 4170 899 4237 κτισθέντες
954 4173 1025 4226 ἐν
1060 4173 1292 4241 Χριστῷ
1339 4175 1544 4240 Ἰησοῦ
1575 4176 1673 4229 ἐπὶ
1722 4176 1816 4245 ἕρ-

255 4270 366 4319 γοις
415 4258 686 4327 ἀγαθοῖς,
745 4263 957 4331 ποίημα
1008 4264 1102 4316 καὶ
1154 4263 1357 4333 κτίσμα
1425 4265 1671 4336 δηλονότι
1721 4267 1819 4338 τὴν

253 4342 550 4402 ἀνάπλασιν
584 4351 684 4420 τῆς
734 4354 1103 4425 ἀποστολικῆς
1125 4358 1310 4425 φωνῆς
1363 4357 1655 4425 καλούσης.
1710 4358 1821 4411 Καὶ

255 4436 419 4488 πάλιν·
444 4442 760 4510 Γνωρίσας
776 4446 820 4477 ⁸³
844 4445 984 4513 ἡμῖν
1004 4447 1071 4499 τὸ
1082 4448 1423 4515 μυστήριον
1444 4448 1551 4502 τοῦ
1571 4448 1821 4519 θελήμα-

1906 866 2073 920 tnisse
2097 869 2173 918 ait
2197 864 2407 918 ratione
2428 860 2684 917 adornari
2706 870 2979 915 terrenam
3001 859 3330 928 portionem,
3355 874 3480 929 per-

1906 957 2031 1011 inde
2076 965 2135 1010 ut
2173 953 2486 1010 caelestibus
2534 950 2828 1007 virtutibus
2868 949 2994 1005 coeli
3044 949 3221 1004 ornati
3250 948 3473 1013 fuerint,

1907 1058 2303 1120 proptereaque
2355 1044 2711 1114 compositum
2750 1043 2951 1097 animal
2993 1043 3046 1095 in
3101 1042 3262 1096 terris
3304 1041 3481 1096 horni-

1908 1154 2032 1194 nem
2053 1138 2339 1207 prodiisse.
2365 1134 2491 1191 Haec
2504 1142 2558 1188 et
2585 1133 2635 1188 id
2659 1148 2829 1204 genus
2854 1132 2959 1187 alia
2982 1141 3299 1197 contexens,
3317 1136 3482 1200 caput

1910 1228 2014 1283 hoc
2047 1228 2297 1282 absolvit.

1984 1322 2073 1376 i7.
2101 1320 2306 1386 Quaerit
2334 1319 2479 1381 hinc,
2530 1318 2639 1373 Cur
2675 1314 2812 1369 Deus
2843 1312 3068 1367 Verbum
3109 1313 3264 1367 homo
3290 1313 3359 1366 sit
3395 1311 3482 1380 fa-

1912 1415 2067 1467 ctus?
2110 1413 2389 1480 Solvitque
2423 1410 2835 1464 dubitationem.
2878 1406 3087 1458 Partim
3114 1405 3359 1474 quidem,
3397 1404 3481 1457 in-

1914 1507 2052 1574 quit,
2085 1514 2140 1556 ut
2164 1503 2322 1557 nobis
2349 1502 2627 1570 exemplar
2673 1497 2894 1553 virtutis
2923 1496 3261 1563 relinqueret
3286 1497 3350 1560 ³⁸,
3389 1508 3486 1563 ιιι-ι-

1914 1594 2057 1663 quod
2090 1592 2245 1645 nobis
2278 1605 2340 1643 ea
2378 1589 2606 1644 facultas
2645 1591 2808 1655 adsit,
2849 1606 2955 1661 qua
2999 1606 3105 1645 non
3155 1586 3482 1649 necessario,

1916 1684 2007 1739 sed
2035 1683 2207 1737 libere
2234 1698 2298 1737 ac
2326 1695 2522 1752 sponte
2555 1697 2679 1737 eum
2719 1683 3003 1747 imitando,
3048 1680 3284 1749 ejusdem
3318 1677 3483 1732 vesti-

1918 1784 2019 1851 giis
2081 1780 2413 1834 insistemus.
2480 1777 2582 1833 Ubi
2650 1793 2773 1832 mox
2831 1777 3076 1847 Gregorii
3129 1783 3485 1845 cognomento

1918 1873 2180 1942 Tlteologi
2209 1871 2323 1943 (44)
2354 1872 2518 1925 verba
2578 1871 2801 1939 apponit
2832 1888 2845 1925 :
2880 1868 3106 1925 Carnem
3153 1870 3287 1922 enim
3321 1878 3483 1938 gestat

1917 1970 2118 2043 (inquit
2174 1968 2282 2039 ille)
2333 1975 2544 2036 prapter
2583 1981 2752 2017 meam
2783 1979 3015 2025 carnem,
3060 1972 3107 2015 et
3138 1961 3314 2013 animo
3336 1960 3488 2013 intel-

1917 2064 2106 2133 ligente
2137 2070 2350 2131 propter
2378 2074 2541 2112 meam
2573 2059 2805 2108 animam
2836 2056 3102 2118 miscetur,
3129 2052 3289 2105 simili
3321 2050 3489 2105 simile

1918 2172 2223 2224 repurgans.
2275 2152 2541 2207 Praeterea
2576 2160 2635 2202 ut
2665 2148 2982 2201 rationalem
3018 2156 3220 2215 partem
3250 2145 3318 2198 ab
3350 2146 3486 2198 irra-

1923 2246 2164 2299 tionabili
2218 2246 2268 2298 in
2327 2243 2640 2297 servitutem
2698 2240 2996 2302 redactam,
3050 2238 3163 2306 ipse
3219 2235 3489 2291 rationale

1925 2335 2161 2390 Verbum
2194 2334 2465 2389 exsistens
2518 2338 2833 2399 repararet,
2884 2337 3046 2395 atque
3079 2328 3131 2378 in
3180 2325 3486 2380 libertatem

1920 2428 2250 2480 restitueret.
2295 2424 2375 2477 Ad
2424 2424 2560 2484 huic,
2616 2418 2807 2489 186i
2848 2416 3285 2486 quandoquidem
3319 2415 3487 2469 Adam

1920 2521 2110 2580 victus,
2143 2517 2235 2570 Dei
2262 2517 2316 2569 in
2342 2530 2403 2569 se
2425 2514 2713 2583 imaginem
2739 2509 3042 2563 innumeris
3068 2508 3249 2563 carnis
3279 2506 3491 2577 passio-

1919 2612 2078 2666 nibus
2121 2610 2322 2671 obruit,
2384 2615 2439 2660 et
2486 2607 2552 2658 ad
2608 2612 2855 2673 posteros
2902 2616 3101 2657 noxam
3151 2601 3490 2663 transmisit,

1919 2706 2039 2758 ideo
2070 2717 2286 2756 carnem
2322 2699 2580 2753 Dominus
2633 2695 2830 2757 induit,
2891 2704 2947 2749 et
2996 2696 3048 2748 in
3085 2695 3218 2748 mari
3265 2693 3491 2749 Deitatis

1919 2804 2031 2849 suae
2095 2804 2296 2848 nostra:
2345 2790 2676 2846 conditionis
2718 2798 2927 2857 guttam
2977 2790 3237 2858 suscepit,
3271 2804 3392 2843 cum
3434 2794 3493 2838 ut

1921 2888 2148 2942 mortale
2184 2902 2212 2939 a
2246 2887 2355 2939 vita
2407 2884 2818 2946 absorberetur,
2866 2897 3031 2954 atque
3071 2886 3123 2938 in
3174 2883 3486 2935 universum

1920 2998 2088 3048 genus
2116 2982 2437 3037 beneficium
2462 2979 2786 3043 effunderet,
2844 2992 2956 3035 tum
3008 2989 3065 3032 ut
3110 2974 3490 3046 inexplicabile

1920 3075 2139 3146 pelagus
2187 3076 2441 3130 bonitatis
2478 3091 2592 3131 suae
2633 3090 2759 3146 erga
2800 3090 2901 3130 nos
2954 3077 3270 3127 ostenderet
3315 3087 3331 3124 :
3377 3076 3489 3124 tum

1921 3166 2080 3219 etiam
2136 3168 2259 3234 quia
2306 3168 2552 3235 Opificem
2610 3169 2787 3237 ipsum
2834 3164 3119 3234 oportebat
3174 3176 3284 3217 suae
3340 3175 3496 3214 crea-

1921 3268 2088 3324 turte,
2142 3273 2261 3328 quae
2310 3261 2422 3324 lam
2462 3258 2806 3325 difiluxcrat,
2865 3258 3286 3312 instauratorcm
3346 3251 3484 3306 fieri.

1920 3352 2085 3407 Addit
2114 3353 2354 3421 insuper,
2400 3361 2459 3407 ut
2506 3368 2694 3406 eorum
2729 3350 2930 3420 aliqua,
2964 3364 3085 3420 qua
3132 3345 3493 3402 communiter

1921 3446 1986 3499 de
2016 3444 2285 3499 Trinitate
2310 3444 2414 3499 dici
2471 3445 2665 3511 solent,
2709 3455 3088 3513 saepenumero
3134 3453 3289 3493 sacra
3337 3435 3492 3493 Scri-

1920 3544 2075 3602 ptura
2101 3535 2166 3586 ad
2196 3547 2355 3587 unam
2397 3533 2743 3602 peculiariter
2783 3531 3178 3587 venerabilium
3230 3542 3494 3599 persona-

1923 3640 2041 3678 rum
2073 3623 2294 3680 referat.
2331 3625 2404 3678 lta
2434 3640 2565 3679 sane
2614 3625 2836 3679 creandi
2869 3625 2950 3678 vis
2980 3623 3131 3678 Patri
3157 3636 3223 3676 ex
3255 3635 3411 3690 aequo
3434 3634 3498 3672 ac

1919 3728 2110 3773 sancto
2145 3717 2372 3786 Spiritui
2401 3720 2687 3784 attributa,
2717 3730 2865 3774 certa
2899 3717 3252 3773 nihilominus
3288 3716 3497 3770 ratione

1924 3810 2065 3865 Filio
2105 3826 2295 3865 rursus
2339 3823 2398 3866 ut
2447 3812 2717 3867 excellens
2770 3813 2899 3882 quid
2941 3812 3271 3880 assignatur.
3311 3809 3401 3863 Sic
3446 3817 3500 3862 et

1922 3901 2141 3954 humani
2168 3903 2383 3971 generis
2419 3903 2869 3972 redemptionem,
2895 3918 3055 3972 quam
3089 3901 3322 3953 Verbum
3367 3914 3493 3968 per-

1923 3992 2069 4052 fecit.
2104 3994 2345 4061 reperias
2378 3994 2429 4047 in
2468 3995 2680 4049 Patrem
2703 3995 2895 4047 referri
2923 4013 2935 4048 :
2963 3992 3194 4045 Locutus
3224 4001 3298 4043 est
3333 3992 3493 4049 enim.

1924 4084 2117 4152 inquit,
2152 4086 2303 4137 nobis
2324 4087 2376 4138 in
2407 4083 2550 4140 Filio
2576 4087 2680 4153 ’5‘;
2711 4094 2765 4139 et
2798 4105 2811 4140 :
2850 4083 2916 4139 Ut
2955 4086 3296 4137 innotescere!
3317 4081 3489 4136 multi-

1922 4173 2109 4242 formis
2141 4178 2401 4242 sapientia
2431 4176 2548 4239 Dei,
2590 4192 2746 4245 quam
2784 4176 2902 4242 fecit
2942 4176 2996 4228 in
3044 4174 3251 4227 Christo
3276 4172 3363 4233 ³⁶;
3398 4178 3453 4225 et
3484 4189 3498 4224 :

1923 4267 2103 4335 Ipsius
2128 4268 2264 4319 enim
2293 4282 2475 4320 sumus
2507 4268 2739 4336 factura,
2763 4269 2926 4320 creati
2951 4268 3004 4320 in
3029 4266 3244 4320 Christo
3274 4263 3404 4318 Iesu
3442 4263 3499 4316 in

1923 4360 2163 4427 operibus
2190 4359 2338 4413 bonis
2363 4362 2404 4391 ³⁷
2425 4378 2437 4413 :
2455 4360 2716 4427 facturam
2750 4360 3000 4414 videlicet
3017 4368 3070 4414 et
3090 4375 3218 4427 opus
3239 4354 3474 4411 reforma
3496 4386 3503 4394 -

1926 4460 2124 4503 tionem
2178 4462 2335 4504 vocat
2390 4453 2695 4519 Apostolus.
2728 4453 2791 4504 Et
2847 4466 3108 4506 rursum:
3143 4449 3275 4503 Cum
3316 4457 3498 4501 notum

255 4540 344 4591 τος
376 4531 566 4585 αὐτοῦ
586 4535 737 4587 κατὰ
761 4534 876 4602 τὴν
891 4536 1175 4592 εὐδοκίαν
1192 4540 1403 4604 αὑτοῦ,
1429 4538 1510 4607 ἣν
1536 4541 1815 4609 προέθετο

1926 4537 2127 4606 fecisset
2160 4556 2297 4593 nunc
2322 4541 2469 4593 nobis
2514 4549 2900 4595 sacramentum
2946 4536 3228 4595 voluntatis
3254 4554 3388 4600 saw,
3418 4552 3502 4590 se-

252 4615 325 4668 ér'
354 4620 510 4686 αὐτῷ
551 4624 1218 4694 ἀνακεφαλαιώσασθαι,
1277 4634 1350 4683 τὰ
1391 4630 1590 4685 πάντα
1624 4633 1693 4685 ἐν
1737 4632 1818 4698 τῷ

254 4708 489 4779 Χριστῷ,
512 4716 610 4767 καὶ
627 4718 796 4787 μυρία
818 4719 973 4775 ἄλλα.
993 4719 1118 4792 [596
1148 4721 1318 4794 R.]Ei
1346 4722 1455 4793 γὰρ
1476 4724 1570 4776 καὶ
1593 4722 1661 4775 δι’
1685 4724 1817 4777 Υίοῦ

256 4799 315 4851 τὰ
338 4803 511 4857 πάντα
540 4808 794 4873 γενέσθαι
828 4813 1182 4884 πιστεύομεν,
1219 4814 1333 4867 ἀλλ’
1367 4813 1458 4867 οὖν
1476 4815 1688 4884 ἀνάγκη
1725 4808 1820 4868 καὶ

256 4889 334 4939 τὸν
363 4893 580 4965 Πατέρα
623 4897 955 4971 δημιουργὸν
996 4904 1281 4973 ὁμολογεῖν
1308 4904 1354 4936 ⁸⁸
1384 4904 1474 4957 διὰ
1522 4905 1583 4957 τὸ
1619 4906 1820 4959 ταυτὸν

256 4981 343 5047 τῆς
370 5002 425 5037 τε
456 4986 654 5058 βουλῆς
677 4992 770 5044 καὶ
797 4994 1077 5063 ἐνεργείας
1107 4998 1201 5050 καὶ
1232 4997 1534 5065 δυνάμεως,
1560 4997 1821 5062 ὡσαύτως

261 5070 309 5123 δὲ
337 5082 424 5127 καὶ
454 5080 514 5131 τὸ
548 5083 771 5152 Πνεῦμα
800 5086 861 5139 τὸ
890 5087 1065 5153 ἅγιον.
1094 5089 1206 5141 Καὶ
1238 5088 1475 5158 μάλιστὰ
1503 5107 1567 5157 γε
1601 5090 1660 5143 τὸ
1689 5091 1824 5143 ἀπο-

261 5167 429 5222 λαύειν
448 5174 571 5235 τοὺς
595 5175 1043 5242 ἀναπλασθέντας
1071 5182 1165 5233 τοῦ
1191 5182 1489 5252 ἀγιασμοῦ,
1510 5184 1603 5236 καὶ
1626 5183 1819 5253 διαμέο

326 5303 366 5334 ⁸⁵
389 5303 405 5356 l
429 5308 577 5380 Petr.
610 5326 671 5377 ιι,
711 5314 801 5366 21.
876 5317 943 5348 ³⁸·
974 5315 1139 5372 Hebr.
1171 5334 1210 5380 I,
1242 5317 1296 5371 2.

266 5369 448 5435 faceret
488 5379 642 5449 Vulg.

1398 5319 1443 5349 ³⁸
1471 5319 1669 5388 Eplies.
1720 5336 1803 5381 ιιι,
1838 5319 1904 5372 10
1930 5328 1983 5371 ct
2016 5318 2103 5372 Η.

1926 4633 2153 4684 cundum
2181 4633 2555 4701 beneplacitum
2590 4649 2767 4697 suum,
2816 4638 2954 4705 quod
2990 4636 3266 4704 proposuit
3316 4635 3371 4687 in
3417 4649 3499 4696 eo,

1927 4723 1995 4773 ad
2042 4723 2448 4777 instaurandum
2494 4726 2672 4779 omnia
2712 4726 2769 4779 in
2811 4723 3021 4779 Christo
3044 4726 3111 4778 ³⁸.
3168 4724 3398 4794 Aliaque
3450 4725 3502 4778 id

1926 4828 2094 4883 genus
2116 4815 2365 4883 plurima.
2388 4814 2444 4869 Si
2463 4817 2607 4869 enim
2630 4831 2723 4885 per
2739 4816 2930 4871 Filium
2950 4817 3131 4872 omnia
3149 4830 3271 4872 esse
3288 4816 3504 4872 condita

1927 4905 2218 4970 credimus,
2253 4908 2620 4961 necessarium
2649 4918 2798 4963 certe
2818 4906 3032 4962 Patrem
3052 4904 3268 4978 quoque
3293 4914 3507 4962 creato-

1928 5009 2047 5047 rem
2069 4996 2339 5063 conﬁteri,
2358 4998 2548 5051 saltem
2572 5013 2793 5066 propter
2810 4998 2950 5052 idem
2971 4998 3129 5062 velle,
3149 5011 3409 5065 posse,ac
3428 4995 3509 5050 fa-

1932 5102 2072 5141 cere.
2127 5086 2393 5144 Similiter
2419 5098 2475 5142 et
2511 5088 2773 5158 Spiritum
2808 5100 3077 5144 sanetum.
3108 5089 3321 5159 Quippe
3361 5090 3512 5158 quod

1925 5176 2035 5245 jam
2068 5179 2345 5233 reformati
2368 5181 2793 5236 sanctimoniam
2820 5193 3243 5252 consequantur,
3266 5182 3504 5253 atquein

2196 5316 2239 5348 ³⁷
2270 5315 2467 5386 Ephes.
2507 5333 2568 5383 ιι,
2621 5318 2703 5373 10.
2775 5320 2819 5351 ³⁸
2845 5318 3043 5389 Eplies.
3080 5336 3115 5387 t,
3152 5320 3207 5384 9,
3248 5329 3303 5372 ut
3331 5329 3508 5371 notum

1510 5470 1741 5524 VARUE
1796 5471 2208 5530 LECTIONES.

270 5621 325 5652 IJ'

330 5555 380 5635 δῖ
417 5562 639 5635 συνέστη
670 5564 713 5614 Α
746 5581 757 5615 :
791 5562 1050 5635 συνετέθη
1083 5582 1140 5627 ς.
1219 5563 1683 5635 ⁸¹νύπογραμμὸν]
1736 5565 1752 5615 l
1794 5565 1941 5620 Petr.
1976 5584 2031 5630 tt,
2066 5570 2156 5626 2|.

361 5627 462 5700 ἵνα]
507 5627 697 5699 Epltes,
744 5649 826 5697 ιιι,
857 5634 943 5687 10.
1020 5627 1065 5663 ⁸³
1122 5634 1309 5705 αὑτοῦ]
1380 5627 1575 5702 Epiros;
1617 5627 1702 5699 ιιῖ,
1735 5636 1821 5688 10.
1909 5637 1954 5668 ⁸⁸
1994 5627 2158 5694 αὑτοῦ
2222 5640 2420 5712 Epltes.
2453 5627 2515 5709 ι,⁸
2544 5644 2601 5699 9.

2242 5572 2286 5644 [⁸³
2340 5572 2515 5644 ἐλάλ.]
2554 5573 2714 5629 Hebr.
2771 5591 2827 5639 t,
2854 5576 2909 5629 2.
2988 5574 3033 5606 ⁸³
3077 5577 3134 5627 ἐν
3180 5570 3254 5642 τῷ
3291 5570 3391 5640 υίῴ
3444 5585 3504 5634 ς.

2673 5645 2718 5677 ⁸⁸
2744 5646 2898 5715 όμολ.
2937 5647 3029 5698 καὶ
3054 5645 3140 5697 διὰ
3164 5660 3225 5708 εξ.

1760 5727 1993 5786 NOTAE.

336 5806 438 5877 (ii)
477 5808 667 5865 llomll.
706 5815 770 5867 tle
812 5812 996 5867 Natal.
1035 5814 1253 5869 Christi.
