4014 6432
488 396 600 461 755

1643 400 1906 462 ΡΗΟΤΗ
1946 399 2448 460 PATRIARCH/E
2486 403 2594 463 CP.

3641 399 3745 465 756

496 509 881 564 reformatione
915 520 1288 579 perseverent,
1320 512 1371 567 id
1403 513 1573 567 sancti
1600 512 1839 582 Spiritus
1868 528 2061 566 crean-

2184 529 2273 565 ιειν
2288 514 2345 564 ὲν
2358 516 2425 583 τῇ
2448 512 2876 583 ἀναπλάσει,τῆς
2894 511 2990 565 τοῦ
3011 512 3279 580 παναγίου
3296 510 3614 582 Πνεῦματός
3633 514 3748 568 ἐστι

497 599 571 655 tis
598 610 767 669 atque
786 603 1161 657 conservantis
1210 597 1481 672 praecipue
1529 619 1668 674 opus
1711 614 1816 660 est.
1867 602 2073 671 Spiritu

495 706 735 761 quoque,
765 691 879 765 [de]
908 694 1067 749 rebus
1103 696 1301 749 creatis
1322 696 1398 749 ait
1430 696 1593 750 David
1619 697 1686 761 ”,
1715 696 1882 749 omnis
1912 695 2073 749 virtus

495 799 697 839 eorum.
732 784 794 838 Et
822 801 950 840 vero
980 787 1184 841 clarum
1218 786 1384 855 quod,
1415 789 1540 841 dum
1574 787 1841 855 Propheta
1876 786 2071 840 ibidem

497 875 676 929 dicit:
717 875 882 930 Verbo
928 877 1140 931 Domini
1169 877 1283 931 caeli
1316 879 1513 946 ﬁrmati
1563 888 1705 942 sunt,
1746 876 1968 930 Verbum
2017 886 2075 928 ut

499 968 745 1036 opiﬁcem
773 968 1030 1023 celebrat.
1070 967 1450 1024 Firmationem
1479 971 1620 1025 enim
1663 979 1820 1023 vocat
1844 968 2071 1039 primam

503 1057 647 1111 illam
683 1061 1211 1127 coagmentationem
1270 1062 1811 1130 productionentque.
1890 1059 1962 1114 Ut
2021 1067 2075 1111 ct

502 1149 642 1216 quod
673 1148 935 1204 elﬁciendi
969 1150 1387 1219 perﬁciendique
1410 1151 1701 1219 potentiam
1727 1148 1950 1218 Spiritui
1979 1148 2077 1202 tri-

508 1242 652 1304 buat,
680 1256 775 1311 per
789 1256 852 1295 ea
881 1257 1000 1310 qua:
1015 1240 1259 1309 adjunxit
1290 1260 1303 1294 :
1337 1240 1403 1294 Et
1426 1242 1612 1310 spiritu
1640 1241 1745 1294 oris
1775 1240 1889 1308 ejus
1909 1241 2076 1294 omnis

504 1332 672 1386 virtus
699 1349 897 1389 eorum.
931 1333 1227 1402 Gregorius
1259 1334 1370 1405 (45)
1396 1349 1614 1403 quoque
1643 1333 1825 1386 divino
1851 1348 1948 1384 suo
1981 1348 2078 1386 ore

504 1422 634 1478 dicit
657 1441 671 1476 :
699 1421 940 1477 Primum
973 1424 1236 1494 angelicas
1260 1434 1537 1490 potestates
1556 1425 1771 1491 cogitat,
1794 1435 1949 1492 atque
1982 1423 2076 1475 illa

505 1515 754 1583 cogitatio
784 1528 896 1568 erat
926 1531 1072 1584 opus,
1103 1518 1240 1585 quod
1278 1514 1446 1570 Verbo
1472 1516 1847 1583 complebatur,
1873 1527 1918 1567 et
1953 1514 2078 1582 Spi-

506 1607 612 1659 ritu
641 1605 1031 1677 perﬁciebatur,
1080 1607 1292 1676 aliaque
1326 1615 1602 1661 sexcenta.
1636 1606 1831 1675 187a
1863 1603 2079 1661 Utiliter

506 1712 656 1763 ergo,
683 1708 736 1750 et
754 1698 818 1749 ad
847 1697 1241 1752 institutionem
1271 1710 1435 1765 atque
1459 1698 1910 1752 introductionem
1945 1698 2078 1751 satis

505 1789 926 1842 accommodata:
962 1788 1155 1841 divinae
1184 1788 1513 1856 cngnitionis
1571 1786 1897 1857 prmconinm
1950 1800 2075 1853 pro-

2173 604 2535 673 δημιουργίας
2557 621 2616 655 τε
2644 604 2739 656 καὶ
2771 604 3018 674 συνοχῆς.
3058 603 3169 657 Kal
3202 601 3282 668 τῷ
3298 604 3343 635 ⁸⁷
3372 604 3667 673 Πνεύματι
3695 603 3750 657 δὲ

2171 694 2281 745 τῶν
2318 693 2729 763 παραχθέντων,
2762 696 2926 762 φησὶν
2954 695 2982 745 6
3017 691 3202 755 Δαϐὶδ,
3236 691 3404 746 πᾶσα
3432 692 3469 760 ἠ
3498 692 3754 761 δύναμις

2173 783 2391 838 αὐτῶν.
2427 785 2534 838 Καὶ
2564 784 2721 855 δῆλον
2753 784 2828 848 ὡς
2860 784 2924 837 δι’
2954 779 3029 839 ὧν
3069 786 3169 853 μὲν
3199 788 3227 838 6
3266 786 3551 855 προφήτης
3581 783 3755 852 λέγει,

2178 876 2438 946 ΤῷΛόγψ
2456 878 2677 943 Κυρίου
2691 881 2745 931 οὶ
2767 878 3010 945 οὐρανοὶ
3032 877 3503 944 ἐστερεώθησαν,
3526 876 3758 945 ποιητὴν

2172 968 2267 1021 τὸν
2289 968 2458 1036 Λόγον
2482 970 2640 1038 ὑμνεί
2665 972 2982 1040 (στερέωσιν
3004 970 3111 1041 γὰρ
3133 971 3231 1039 τὴν
3258 969 3483 1038 πρώτην
3501 967 3635 1040 [307
3661 968 3756 1040 Η

2176 1060 2339 1129 πῆξιν
2369 1060 2465 1113 καὶ
2496 1062 2713 1129 γένεσιν
2758 1061 2974 1129 καλεῖ),
3026 1062 3375 1115 τελειωτικδν
3426 1060 3483 1114 δὲ
3533 1061 3628 1115 καὶ
3671 1060 3762 1113 δυ-

2174 1152 2471 1222 ναμοποιὸν
2493 1152 2556 1203 τὸ
2588 1151 2810 1222 Πνεῦμα
2841 1152 2911 1205 δι’
2928 1147 3002 1206 ὧν
3033 1155 3301 1221 ἐπήγαγε·
3327 1152 3444 1206 Kal
3468 1150 3550 1217 τῷ
3573 1152 3759 1205 πνεό-

2174 1262 2310 1311 ματι
2336 1244 2440 1297 τοῦ
2460 1245 2760 1312 στόματος
2775 1246 2964 1299 αὐτοῦ
2986 1244 3155 1300 πᾶσα
3182 1247 3219 1313 ἡ
3242 1246 3503 1315 δύναμις
3534 1243 3758 1300 αὐτῶν.

2181 1335 2293 1388 Καὶ
2326 1337 2359 1404 ἡ
2395 1336 2670 1406 Γρήγορος
2712 1334 2889 1388 δὲκαὶ
2920 1337 3040 1391 θεία
3067 1338 3289 1405 γλῶσσά
3328 1354 3483 1407 φησν
3521 1335 3766 1404 Πρῶτον

2174 1425 2375 1479 ἐννοεῐ
2397 1426 2503 1491 τὰς
2536 1425 2854 1497 ἁγγελικὰς
2896 1427 3204 1495 δυνάμεις,
3247 1427 3345 1481 καί
3386 1427 3452 1481 τὸ
3495 1428 3764 1499 ἐννόημα

2174 1521 2352 1588 ἔργον
2389 1516 2469 1589 ἦν
2502 1522 2663 1591 λόγῳ
2726 1522 3277 1591 συμπληρούμενον
3314 1521 3411 1573 καί
3462 1519 3765 1587 Πνεύματι

2175 1613 2615 1680 τελειούμενσν,
2632 1615 2725 1666 καὶ
2745 1614 2917 1685 μυρία
2939 1612 3091 1667 ἄλλα.
3110 1612 3415 1683 Ὠφελίμως
3433 1609 3491 1663 δὲ
3504 1612 3598 1663 καὶ
3618 1609 3767 1663 xsti-

2176 1701 2426 1769 αγωγίας
2468 1703 2564 1755 καὶ
2608 1706 2917 1773 εἰσαγωγῆς
2958 1703 3173 1765 οἰκείως
3213 1704 3275 1755 τὸ
3303 1703 3401 1770 τῆς
3431 1700 3766 1770 Θεογνωσίας

2178 1793 2511 1864 προελήλυθε
2544 1796 2830 1866 κήρυγμα.
2868 1796 2979 1848 Καὶ
3007 1794 3117 1867 γὰρ
3139 1794 3227 1848 διὰ
3258 1795 3359 1864 μὲν
3380 1794 3482 1863 τῆς
3520 1793 3768 1856 Παλαιᾶς

504 1879 687 1934 cessit.
726 1879 937 1933 Etenim
971 1880 1024 1933 in
1052 1877 1233 1935 Veteri
1270 1878 1643 1942 Testamento,
1683 1879 1829 1933 velut
1856 1878 2072 1932 univer-

2184 1883 2253 1945 ὡς
2283 1888 2758 1954 προκαταρκτικὸν
2796 1886 2905 1939 τῶν
2957 1887 3094 1939 ὅλων
3124 1887 3296 1939 αἴτιον
3327 1887 3354 1938 6
3384 1886 3581 1956 Πατὴρ
3609 1884 3767 1955 πρώ-

503 1988 690 2026 sorum
736 1971 846 2041 (46)
909 1986 1077 2027 causa
1143 1973 1397 2041 primaria
1463 1974 1693 2043 primunt
1753 1972 2077 2042 praedicatur

504 2064 685 2118 Pater.
726 2064 932 2119 Deinde
958 2062 1129 2118 Filius
1160 2073 1414 2133 tanquam
1463 2066 1739 2135 operatrix
1785 2081 1945 2119 causa
1980 2066 2076 2118 de-

503 2154 766 2209 claratur.
815 2152 1001 2208 Tertio
1030 2155 1283 2223 denique,
1319 2165 1375 2209 ut
1404 2170 1563 2209 causa
1598 2154 1907 2224 perﬁciens,
1948 2154 2075 2223 Spi-

502 2246 643 2302 ritus
667 2258 909 2302 sanctus.
950 2246 1081 2313 Quae
1114 2250 1257 2302 enim
1290 2248 1602 2316 perﬁciendi
1628 2249 1733 2300 vim
1755 2247 1976 2309 habent,
2012 2260 2077 2299 ea

503 2354 604 2408 pro
638 2354 739 2395 suo
792 2339 934 2410 quod
969 2355 1000 2393 a
1047 2338 1152 2393 ﬁne
1186 2339 1388 2394 habent
1422 2340 1638 2393 nomine
1681 2355 1713 2394 e
1748 2339 1991 2409 profectu
2021 2345 2079 2391 et

505 2430 845 2485 incremento
910 2447 1092 2487 rerum
1164 2441 1582 2501 temporumque
1638 2429 2077 2491 manifestantur,

504 2536 726 2583 corona
758 2522 1012 2578 videlicet
1048 2522 1191 2577 illius
1251 2524 1462 2590 instar,
1519 2538 1640 2591 qua;
1676 2524 1744 2575 ob
1792 2522 2077 2575 atbleticos

502 2611 736 2668 sudores
782 2613 836 2667 in
902 2612 1008 2667 line
1063 2615 1374 2667 renuntiato
1442 2612 1685 2685 [victori]
1739 2611 2073 2683 adaptatur:

504 2704 857 2773 quamobrem
882 2705 1045 2759 etiam
1074 2716 1358 2775 postquam
1388 2706 1661 2759 hominem
1690 2705 1925 2775 primum
1970 2705 2083 2757 lor-

506 2796 672 2850 mavit
718 2795 884 2859 Deus,
926 2807 984 2848 ut
1016 2796 1263 2850 eumdem
1294 2796 1487 2849 deinde
1529 2795 1837 2864 perliceret,
1904 2793 2083 2862 Inspi-

504 2889 635 2941 saoit
659 2889 714 2941 in
744 2886 934 2954 {aciein
956 2887 1070 2955 ejus
1093 2886 1416 2953 spiraculum
1445 2887 1562 2940 vita:
1586 2886 1654 2941 ‘°.

576 2980 662 3034 18.
694 2978 817 3035 Haec
840 2980 1054 3049 aliaque
1084 2979 1305 3044 similia,
1329 2980 1525 3049 quibus
1550 2979 1813 3047 Spiritum
1834 2990 2079 3034 sanctum

506 3071 877 3140 perlicientem
920 3085 1041 3125 esse
1075 3072 1289 3133 doceat,
1328 3072 1415 3124 ubi
1458 3071 1761 3126 laboriosus
1804 3072 1893 3127 bic
1920 3064 2082 3125 b'omo

506 3164 747 3218 studiose
777 3162 996 3232 collegit
1029 3178 1044 3215 :
1074 3160 1396 3230 PrOpterea,
1428 3162 1629 3230 inquit,
1659 3162 1945 3216 illuminati
1992 3178 2084 3216 ca-

508 3252 814 3306 techumeni
846 3252 1038 3306 diebus
1069 3262 1273 3319 septem
1309 3253 1582 3305 candidati
1637 3254 1915 3306 incedunt.
1947 3251 2078 3317 Quae

508 3345 635 3399 item
656 3360 821 3399 causa
852 3345 975 3407 fuit,
1009 3358 1105 3397 cur
1131 3351 1283 3397 vetus
1310 3342 1762 3407 instrumentum,
1786 3346 1929 3413 quod
1966 3359 2082 3395 nut-

515 3436 763 3489 bratilem
790 3434 1041 3503 baptismi
1075 3443 1257 3503 typum
1300 3434 1547 3505 gerebat,
1582 3436 1686 3488 hoc
1722 3433 1863 3487 idem
1892 3434 2082 3487 obser-

511 3535 661 3580 varet
692 3543 706 3581 :
741 3523 1008 3579 Conterlite
1029 3541 1231 3593 quoque
1262 3524 1382 3595 (ait)
1412 3542 1573 3589 panes
1593 3565 1607 3588 ,
1642 3526 1734 3595 qui
1772 3526 1929 3591 positi
1960 3534 2082 3577 sunt

512 3617 565 3669 in
591 3616 823 3670 canistro
866 3617 1270 3670 consecrationis
1303 3617 1372 3671 “.
1411 3617 1484 3670 De
1515 3618 1652 3670 ostio
1685 3632 1887 3685 quoque
1910 3614 2084 3669 taber-

512 3710 689 3763 naculi
721 3710 1005 3761 testimonii
1052 3726 1151 3762 non
1202 3711 1411 3763 exibitis
1458 3721 1651 3773 septem
1702 3711 1885 3764 diebus
1915 3708 1983 3764 δ’.
2023 3710 2085 3763 Ει

513 3818 617 3855 non
669 3801 880 3856 dierum
939 3803 1198 3855 duntaxat
1269 3819 1554 3856 numerum
1607 3804 1895 3873 descripsit
1956 3804 2081 3856 olim

516 3893 682 3950 Vetus
737 3894 1168 3959 Testamentum,
1216 3897 1310 3949 sed
1361 3906 1416 3949 et
1456 3911 1792 3965 quacunque
1835 3897 1937 3950 alia
2001 3896 2087 3950 bic

512 3998 937 4056 consequuntur.
958 3985 1134 4041 Primo
1146 3988 1343 4041 etenim
1360 4002 1500 4041 nunc
1514 3987 1877 4056 baptizamur,
1897 3988 2087 4042 deinde

513 4087 788 4148 unguento
822 4078 1094 4146 ungimur,
1148 4077 1273 4130 inde
1317 4077 1555 4145 pretioso
1602 4077 1866 4146 sanguine
1898 4078 2089 4147 digna-

514 4187 654 4223 nmr.
688 4170 779 4224 Sic
814 4185 1036 4240 prorsus
1064 4180 1120 4223 et
1153 4169 1330 4224 Moses
1363 4171 1477 4224 btec
1508 4170 1863 4237 adumbratis,
1916 4170 2088 4225 abluit

513 4263 688 4331 primo
718 4278 855 4331 aqua
886 4277 980 4318 eos
1007 4265 1097 4329 qui
1138 4264 1625 4327 consecrabantur,
1669 4279 1794 4317 mox
1831 4264 2007 4316 induit
2034 4272 2088 4317 et

514 4357 705 4426 cingit,
744 4357 936 4411 deinde
960 4355 1173 4410 confert
1209 4356 1313 4411 olei
1356 4356 1695 4419 unctionem.
1721 4366 1775 4409 et
1810 4365 1920 4409 tum
1957 4370 2088 4410 san-

512 4447 672 4514 guine
697 4450 951 4520 aspergit,
984 4459 1147 4518 atque
1176 4450 1239 4500 ad
1282 4447 1435 4514 panis
1462 4446 1823 4515 sumptioncm
1845 4447 2085 4500 adducit.

516 4543 856 4612 QuaprOpter
887 4550 942 4598 et
997 4546 1189 4598 beatus
1246 4541 1422 4597 Lucas
1456 4544 1509 4597 in
1558 4541 1854 4611 Evangelio
1878 4540 1927 4573 ⁸³
1978 4542 2090 4611 pri-
2120 4574 2166 4630 υ

2108 3211 2154 3274 C

2174 1990 2282 2035 τως
2302 1974 2650 2043 κηρύττεται,
2672 1978 2768 2029 καὶ
2793 1976 3061 2047 δευτέρως
3089 1977 3147 2029 δὲ
3176 1978 3205 2029 6
3234 1975 3363 2038 Υἱὸς
3393 1975 3468 2038 ὡς
3498 1974 3767 2044 δημιουρ-

2174 2064 2331 2132 γικὸν
2358 2064 2531 2118 αἴτιον
2572 2066 2950 2136 ἐμφανίζεται,
2994 2068 3087 2121 καὶ
3138 2068 3338 2139 τρίτως
3371 2066 3447 2128 ὡς
3493 2065 3768 2118 τελειωτι-

2177 2157 2272 2211 κὸν
2306 2158 2367 2209 τὸ
2400 2158 2624 2227 Πνεῦμα
2662 2160 2723 2211 τὸ
2759 2162 2935 2227 ἆγιον.
2968 2160 3048 2213 Τὰ
3074 2160 3396 2213 τελειωτικά
3423 2158 3535 2228 γὰρ
3560 2157 3643 2224 τῷ
3674 2156 3758 2209 τέο

2176 2247 2257 2301 λει
2282 2249 2619 2320 φερωνύμως
2648 2252 3007 2322 ἀναφαίνεται
3033 2255 3098 2324 τῇ
3133 2254 3383 2322 προκοπῇ
3414 2252 3508 2305 καὶ
3539 2249 3768 2320 αὐξήσει

2177 2338 2285 2394 τῶν
2333 2358 2391 2393 τε
2415 2341 2463 2373 ⁸⁸
2495 2343 2837 2413 πραγμάτων
2860 2344 2971 2413 ,καὶ
3012 2344 3122 2396 τῶν
3162 2345 3391 2415 χρόνων,
3439 2340 3530 2397 οἷα
3564 2342 3768 2411 στέφα-

2178 2449 2268 2495 νος
2316 2434 2673 2506 ἀναρρήσεως
2734 2435 2832 2488 ἐπὶ
2882 2438 2993 2499 τοῖς
3034 2436 3347 2507 ἀθλητικοῖς
3394 2432 3767 2505 ίδρῶσμκατὲ

2178 2525 2240 2576 τὸ
2270 2524 2423 2588 τέλος
2456 2526 2919 2597 ὲναρμοξάμενος.
2955 2528 3046 2581 Διὸ
3084 2527 3291 2582 καὶτὸν
3319 2526 3606 2597 ἄνθρωπον
3639 2524 3768 2578 πλαο

2182 2630 2281 2677 σας
2313 2615 2342 2667 6
2373 2615 2506 2679 Θεὸς
2542 2616 2779 2687 πρῶτον,
2804 2612 2922 2671 εἶτα
2956 2617 3182 2672 τελειῶν
3230 2618 3295 2681 ⁸⁸,
3344 2617 3774 2686 Ἐνεφύσησεγ

2179 2706 2265 2770 εὶς
2298 2704 2365 2758 τὸ
2398 2705 2726 2773 πρόσωπον
2757 2705 2947 2760 αὑτοῦ
2969 2704 3205 2776 πνεῦμα
3231 2703 3398 2774 ζωῆς.

2257 2974 2444 3027 Ταῦτα
2494 2974 2589 3027 καὶ
2637 2971 2864 3026 τοιαῦτα
2896 2971 3060 3040 ἕτερα
3112 2965 3245 3041 περὶ
3282 2966 3378 3020 τοῦ
3407 2968 3489 3020 ὅτι
3529 2965 3593 3019 τὸ
3637 2982 3775 3019 παν-

2186 3066 2343 3134 άγιον
2366 3065 2592 3136 Πνεῦμα
2612 3064 2955 3117 τελειωτικόν
2985 3064 3102 3116 ἐστι
3125 3059 3553 3132 διηγωνισμένος
3569 3059 3599 3111 6
3621 3056 3785 3126 φιλό-

2187 3176 2347 3222 πονος
2383 3153 2536 3221 οὗτος
2556 3160 2603 3190 ⁸⁸
2632 3156 2792 3229 ἀνὴρ,
2824 3158 2922 3210 Διὰ
2952 3155 3132 3220 τοῦτο,
3170 3156 3359 3224 φησιν,
3388 3154 3437 3205 οἱ
3466 3150 3777 3221 φωτιζόμε-

2189 3252 2328 3303 νοι⁹¹
2382 3250 2523 3303 ἑπτὰ
2564 3250 2777 3320 ἡμέρας
2812 3245 3280 3320 λαμπροφοροῦσι,
3310 3244 3443 3297 διότι
3469 3242 3565 3296 καὶ
3595 3243 3628 3311 ὴ
3662 3242 3782 3294 Πα-

2188 3342 2338 3407 λαιὰ,
2390 3342 2550 3404 σκιᾶς
2606 3340 2881 3411 ἐπέχουσα
2931 3340 3068 3411 πρὸς
3116 3338 3178 3391 τδ
3227 3338 3509 3409 βάπτισμα
3559 3332 3775 3397 τύπον,

2187 3432 2346 3485 τοῦτο
2400 3431 2704 3501 ἐφύλαττε·
2761 3431 2870 3485 Kal
2922 3430 3240 3500 φάγεσθευ
3289 3425 3600 3502 γὰρ,φησὶ,
3632 3422 3783 3485 τοὺς

2189 3524 2411 3592 ἄρτους
2451 3523 2593 3589 τοὺς
2619 3524 2690 3577 ἐν
2714 3522 2796 3588 τῷ
2828 3521 2991 3588 κοινῷ
3014 3524 3058 3555 ’³
3082 3523 3195 3591 τῆς
3226 3521 3590 3583 τελειώσεως
3613 3558 3629 3582 ,
3670 3514 3776 3568 καὶ

2190 3618 2310 3673 ἀπὸ
2340 3617 2450 3685 τῆς
2486 3619 2664 3685 θύρας
2710 3617 2821 3685 τῆς
2851 3615 3091 3683 σκηνῆς
3134 3615 3240 3668 τοῦ
3279 3611 3610 3684 μαρτυρίου
3660 3609 3782 3661 οὐκ

2189 3709 2591 3773 ἐξελεύσεσθε
2615 3707 2763 3761 ἑπτὰ
2792 3706 3041 3777 ἡμέρας.
3075 3708 3184 3761 Καὶ
3213 3707 3275 3759 οὐ
3299 3706 3388 3759 τὸν
3409 3702 3643 3774 ἀριθμὸν
3664 3699 3781 3752 τῶν

2193 3800 2413 3872 ἡμερῶν
2437 3802 2469 3871 ή
2496 3799 2707 3853 Παλαιὰ
2734 3800 2895 3868 μόνον
2926 3800 3375 3869 προῦπέγραφεν,
3398 3794 3533 3849 ἀλλὰ
3562 3794 3656 3847 καὶ
3676 3790 3787 3862 τὴν

2192 3891 2359 3962 ἄλλην
2411 3891 2753 3945 ἀκολουθίαν.
2798 3891 2909 3943 Καὶ
2955 3892 3064 3957 γὰρ
3112 3888 3345 3942 ἐνταῦθα
3400 3886 3618 3956 πρῶτον
3673 3884 3784 3953 μὲν

2194 3983 2589 4055 βαπτιζόμεθα,
2633 3980 2752 4036 εἶτα
2786 3982 2864 4052 τῷ
2914 3982 3070 4052 μύρῳ
3113 3982 3401 4052 χριόμεθα,
3437 3980 3644 4035 ἐκεῖθεν
3678 3976 3781 4029 τοῦ

2193 4074 2376 4145 τιμίου
2408 4074 2707 4145 ἀξιούμεθα
2728 4074 2979 4143 αἵματος.
3004 4073 3161 4126 Οὕτω
3192 4074 3257 4145 δὴ
3284 4075 3377 4128 καὶ
3398 4074 3603 4143 Μωσῆς
3628 4086 3783 4124 σκιο-

2193 4168 2423 4239 γραφῶν
2469 4167 2645 4221 ταῦτα
2675 4168 2821 4221 λούει
2852 4168 3066 4238 πρῶτον
3110 4169 3236 4231 τοὺς
3261 4168 3666 4237 τελειουμένους
3697 4164 3789 4234 τῷ

2197 4258 2376 4319 ὕδατι,
2409 4252 2532 4311 εἶτα
2583 4256 2882 4311 ἐνδιδύσκει
2928 4260 3021 4311 καὶ
3058 4259 3439 4329 περιζωννύει,
3471 4255 3571 4310 εἷθ’
3600 4256 3782 4318 οὓτως

2195 4352 2447 4421 ἐπιφέρει
2476 4350 2579 4418 τὴν
2606 4349 2700 4402 τοῦ
2732 4351 2913 4403 ελαίου
2943 4352 3145 4421 χρίειν,
3192 4353 3287 4405 καὶ
3322 4351 3464 4405 οὕτω
3496 4350 3667 4420 ῥαίνει
3696 4347 3787 4417 τῷ

2195 4442 2389 4512 αἵματι
2421 4442 2515 4495 καὶ
2543 4442 2678 4512 πρὸς
2699 4442 2799 4508 τὴν
2829 4442 2938 4495 τῶν
2970 4446 3147 4514 ἄρτων
3176 4444 3300 4511 ἄγει
3332 4441 3653 4513 μετάληψιν.
3685 4441 3789 4494 Διὸ

2197 4537 2292 4589 καὶ
2318 4536 2347 4588 6
2373 4535 2513 4598 θεῖος
2558 4535 2837 4599 Λουκᾶςθδ
2866 4538 2923 4589 ὲν
2956 4536 3034 4606 τῷ
3069 4535 3387 4607 Εὗαγγελίῳ
3421 4534 3633 4603 πρῶτόν
3667 4551 3783 4602 φη-

513 4647 664 4686 tnnm
698 4634 776 4687 ait
813 4634 1056 4688 benedici
1112 4633 1378 4688 Dominici
1460 4633 1741 4703 sanguinis
1796 4634 1972 4697 calici,
2036 4644 2081 4688 el

2195 4644 2279 4680 σιν
2308 4626 2651 4694 εὐλογεῖσθαι
2672 4626 2767 4679 τοῦ
2798 4626 3132 4680 Δεσποτικοῦ
3168 4628 3402 4696 αἵματος
3427 4626 3486 4678 τὸ
3516 4624 3780 4694 ποτήριον

515 4723 701 4777 ﬁdeles
725 4720 1020 4793 participes
1046 4724 1184 4790 ﬁeri,
1214 4736 1379 4793 atque
1398 4722 1470 4777 ita
1506 4728 1721 4778 demum
1760 4739 1953 4793 panem
1996 4738 2081 4778 su-

2192 4720 2287 4772 καὶ
2312 4716 2438 4780 τοὺς
2472 4718 2697 4780 πιστοὺς
2727 4719 2976 4788 μετέχειν
2995 4758 3009 4781 ,
3047 4719 3142 4771 καὶ
3169 4718 3309 4771 οὕτω
3334 4714 3780 4787 μεταλαμϐάνειν

517 4830 697 4882 mere;
731 4832 1042 4886 quanquam
1075 4816 1290 4869 divinus
1310 4814 1603 4883 Apostolus
1634 4814 1823 4868 calicis
1859 4815 2081 4871 benedi-

2192 4814 2287 4865 τοῦ
2321 4814 2507 4883 ἄρτου.
2528 4809 2588 4863 'U
2620 4812 2806 4885 μέντοι
2840 4811 2980 4874 θεῖος
3021 4810 3343 4871 unam)»;
3394 4808 3492 4879 τὴν
3523 4805 3781 4873 εὐλογίαν

515 4908 749 4963 ctionem
802 4909 999 4965 alicubi
1043 4908 1342 4978 praemittit,
1403 4909 1674 4961 interdqu
1716 4922 1848 4962 vero
1890 4922 2081 4975 corpo-

2194 4907 2291 4962 τοῦ
2341 4909 2603 4981 ποτηρίου
2647 4906 2780 4961 ποτὲ
2829 4906 2927 4974 μὲν
2975 4905 3287 4973 προτάττει,
3313 4902 3441 4954 ποτὲ
3477 4900 3535 4953 δὲ
3572 4897 3664 4951 τοῦ
3690 4903 3785 4949 Δε-

517 5000 592 5055 ris
627 5001 891 5057 Dominici
923 4999 1285 5055 benedictioni
1314 5000 1557 5069 subjicit.
1597 5000 1688 5054 Ait
1712 5001 1859 5054 enim
1888 5018 1902 5052 τ
1932 4999 2081 5054 Calia

2200 5000 2461 5053 αποτικοῦ
2509 4999 2759 5069 σώματος
2809 4998 3117 5051 ὑποτάττει.
3176 4996 3287 5050 Καὶ
3335 4994 3442 5063 γάρ
3494 5006 3658 5062 φησιο
3704 4989 3781 5042 T6

514 5091 600 5147 cui
654 5092 1040 5157 benedicimus,
1099 5107 1270 5144 nonne
1337 5092 1738 5145 communicatio
1806 5092 2081 5160 sanguinis

2188 5093 2479 5163 ποτήριον
2492 5095 2539 5126 ’³
2567 5094 2599 5148 ὃ
2624 5090 3016 5162 εὐλογοῦμεν,
3043 5090 3179 5159 οὐχὶ
3214 5090 3495 5144 κοινωνία
3534 5087 3639 5141 τοῦ
3680 5084 3781 5138 a2-

1695 5225 1742 5256 “
1778 5223 1953 5290 Levit,
1989 5242 2107 5290 vm,
2130 5227 2221 5281 '51.
2282 5227 2329 5259 δ’
2360 5228 2493 5282 ibid.
2524 5228 2616 5283 3‘3.
2693 5226 2738 5261 ⁸³
2764 5224 2897 5280 an.
2933 5240 3071 5286 xxn,
3105 5224 3191 5278 Π.

1826 5318 2055 5374 νΑΒΙᾸΞ
2090 5317 2383 5375 LECTION
2392 5318 2490 5373 ES.

586 5420 632 5451 ιτ
666 5419 763 5489 ne}.
794 5417 1045 5489 τωρωι,
1074 5433 1249 5489 χχχιι,
1280 5416 1336 5472 6,
1408 5416 1456 5450 as
1484 5434 1543 5469 τε
1564 5416 1689 5489 ειμι,
1720 5416 1785 5489 Αἶ
1826 5414 2149 5489 *δυ-τελειῶν
2172 5416 2215 5467 Α
2250 5415 2449 5489 τᾷτελεϊί
2466 5433 2531 5489 ς.
2606 5415 2658 5489 at:
2681 5407 2835 5476 οὗτος
2854 5412 2983 5489 add.
3010 5410 3107 5489 A._
3142 5408 3284 5489 319i
3320 5404 3686 5489 59:01:96;th
3736 5403 3775 5489 i:

517 5490 649 5615 tle.
696 5473 1101 5613 βαπεὶἰέόμενοι.
1129 5505 1183 5544 ν.
1211 5473 1423 5545 Suicer.
1501 5489 1547 5521 ⁸⁸
1584 5484 1847 5559 φάγεσθε]
1902 5485 2074 5541 Levit.
2106 5500 2227 5549 νηί,
2258 5487 2347 5540 5|.
2435 5473 2669 5555 ⁹³⁷καινῴ
2716 5502 2776 5549 ς.
2816 5473 2829 5476 ⁷
2852 5483 2899 5515 ⁸⁸
2924 5478 3167 5551 Λουκᾶς]
3185 5478 3281 5540 22,
3315 5478 3401 5532 l7.
3477 5477 3591 5527 ⁹⁸τὺ
3620 5473 3781 5547 ποτ.]

619 5574 704 5615 or.
736 5573 795 5615 ι.
890 5598 906 5613 .

619 5574 704 5615 or.
736 5574 795 5624 ι,
818 5574 906 5613 to.

600 5229 649 5261 “
670 5226 1006 5291 Psal.xxxn,
1045 5224 1101 5280 ϐ.
1164 5224 1213 5255 ⁵⁸
1241 5222 1379 5280 Gen.
1415 5239 1477 5291 tt,
1531 5224 1585 5278 7.

2028 5666 2266 5727 NOTA‘I.

2205 5767 2379 5813 sanrt.
2435 5772 2557 5821 cap.
2598 5754 2684 5815 l6.
2735 5754 2974 5825 itemque
3021 5750 3186 5821 (ἆτος.
3248 5745 3409 5823 Nyss.
3468 5742 3670 5805 Homil.
3719 5742 3783 5802 in

597 5766 710 5831 (45)
745 5764 941 5819 llomil.
976 5766 1066 5830 38,
1096 5783 1214 5833 quae
1236 5776 1318 5820 est
1351 5767 1403 5821 in
1428 5767 1723 5822 Nativitate
1752 5766 1975 5821 Christi.
2205 5767 2379 5813 sanet.
2410 5772 2546 5834 _cap..

2195 5839 2366 5884 sanet.
2403 5828 2685 5894 baptisma.

595 5836 708 5905 μου)
735 5834 863 5905 Quae
904 5849 959 5892 et
1000 5838 1062 5897 Β.
1099 5838 1279 5895 Basilii
1312 5838 1557 5896 doctrina
1599 5849 1682 5893 est
1716 5837 1808 5893 lib.
1832 5837 1909 5893 De
1941 5835 2085 5904 Spir.
