4014 6420
328 399 429 464 751

1388 391 1916 453 BIBLIOTHECA.
1945 412 2017 423 —
2047 388 2216 448 COD.
2250 387 2531 446 CCXXII.

3469 374 3575 435 753

326 528 507 582 ματος
557 508 664 562 τοῦ
706 506 973 576 Χριστοῦ·
1004 506 1207 571 ἐστιν;
1262 500 1428 560 Εῖταο
1470 495 1580 560 Τὸν
1605 504 1788 573 ἄρτον
1832 500 1904 554 ὃν

2033 500 2203 554 .‘hristi
2224 511 2294 553 est
2319 501 2343 553 ?
2370 506 2420 552 et
2451 497 2602 565 panis
2624 509 2773 565 quem
2800 491 3094 562 frangimus
3119 489 3196 554 “,
3233 486 3429 559 [nonne
3457 501 3579 549 par-

324 603 598 674 κλῶμεν·
640 600 735 653 καὶ
777 600 969 652 πάλιν·
1021 600 1102 652 Οὐ
1151 593 1419 651 δύνασθε
1464 595 1752 663 ποτήριον
1787 596 1907 647 Κυ-

321 670 461 765 ρίου
486 670 687 747 πίνειν
710 690 808 744 καὶ
831 688 1117 758 ποτήριον
1152 688 1474 759 δαιμονίων
1495 703 1508 717 ·
1544 686 1661 749 καὶ,
1687 687 1768 739 Οὐ
1805 685 1918 738 δύδ

330 790 520 841 ravos
549 782 839 851 τραπέζης
865 782 1087 850 Κυρίου
1110 782 1406 851 μετέχειν.
1425 777 1684 849 Ἀλλαχοῢ
1717 777 1774 830 δέ
1802 795 1907 847 φη-

327 895 409 931 σι·
472 873 551 942 Τῇ
581 876 627 906 ⁸⁵
654 873 832 930 νυκτί
870 869 909 945 ᾖ
938 873 1312 941 παρεδίδοτο,
1348 874 1477 944 περὶ
1506 872 1600 925 τοῦ
1635 870 1908 924 Δεσπότου

325 970 522 1035 λέγων,
552 968 733 1022 ἔλαϐε
758 967 867 1020 τόν
895 966 1097 1035 ἄρτον,
1120 960 1237 1019 εἶτα
1253 965 1380 1036 ὲξῆς
1415 965 1508 1018 καὶ
1534 963 1662 1035 περὶ
1690 962 1785 1015 τοῦ
1809 978 1907 1014 πο-

334 1061 528 1130 τηρίου
581 1058 961 1129 διαλαμὸάνει.
1782 1102 1787 1105 λ

404 1151 533 1225 [597
589 1150 678 1223 IL]
712 1150 848 1221 Περὶ
889 1149 1071 1203 τοίνυν
1111 1147 1315 1202 τούτων
1354 1146 1623 1201 διαλαϐὼν
1653 1146 1911 1215 πειρᾶται

330 1244 514 1297 αἰτίαν
536 1242 847 1297 ἀποδιδόναι
858 1242 953 1311 τῆς
967 1240 1263 1311 εἰρημένης
1282 1239 1537 1310 διαφόρου
1562 1236 1767 1302 τάξεως
1783 1254 1797 1267 “
1818 1237 1912 1289 καί

330 1353 519 1405 φησιν,
538 1336 613 1399 ὡς
632 1335 848 1404 Ἐπειδὴ
865 1335 924 1387 ὲν
948 1336 1081 1403 ἡμῖν
1099 1333 1316 1403 πρῶτον
1336 1332 1397 1384 τὸ
1417 1326 1556 1401 αἷμα
1576 1330 1911 1393 συνίσταται,

329 1422 452 1478 εἶτα
475 1426 870 1495 μεταϐάλλεται
891 1427 970 1488 είς
987 1425 1184 1494 σάρκα,
1225 1424 1468 1493 φυσικῶς
1502 1424 1535 1493 ἡ
1567 1423 1756 1494 Γραφὴ
1778 1439 1913 1475 κινο-

2008 592 2241 659 ticipatio
2266 589 2502 659 corporis
2538 586 2747 640 Domini
2776 582 2909 654 est]?
2937 581 3001 635 Et
3051 595 3301 635 rursum:
3334 577 3455 631 Non
3486 592 3584 644 po-

2009 684 2155 737 testis
2180 683 2398 735 calicem
2420 679 2632 733 Domini
2655 677 2844 742 bibere,
2870 686 2916 729 et
2946 674 3157 729 calicem
3180 671 3580 726 dwmoniorum.

2011 775 2078 828 Et
2112 790 2125 826 :
2160 769 2281 825 Non
2301 771 2513 841 potestis
2532 784 2723 823 menste
2765 767 2972 820 Domini
2992 765 3268 833 participes
3295 779 3406 817 esse
3434 762 3480 793 “
3513 760 3583 832 [et

2010 880 2204 919 mensa'
2224 860 2653 933 dwmoniorum].
2683 860 2828 914 Alihi
2850 874 2979 913 vero
3002 858 3137 912 dicit
3165 875 3179 911 :
3206 855 3272 910 In
3296 872 3399 924 qua
3441 864 3587 906 nocte

2012 955 2325 1010 tradebatur
2350 954 2439 1023 (de
2495 953 2726 1011 Domino
2758 949 3028 1020 loquens),
3079 948 3277 1016 accepit
3298 960 3483 1015 panem
3516 941 3585 1008 “,

2012 1065 2075 1103 ac
2110 1049 2233 1102 dein
2281 1048 2346 1101 de
2370 1046 2537 1101 calice
2574 1044 2808 1099 disserit.

2085 1141 2211 1196 Haec
2234 1141 2395 1211 igitur
2425 1140 2513 1193 ubi
2548 1138 2753 1202 retulit,
2787 1151 3006 1192 causam
3050 1133 3210 1203 hujus
3248 1131 3386 1188 varii
3434 1130 3587 1185 ordi-

2016 1235 2101 1290 nis
2144 1232 2371 1288 reddere
2412 1240 2663 1293 conatur,
2709 1229 2838 1284 dum
2893 1224 3483 1294 ait:Qnandoquidem
3535 1222 3587 1276 in

2019 1328 2174 1382 nobis
2206 1327 2414 1396 primus
2442 1324 2665 1394 sanguis
2694 1323 3065 1388 constituitur,
3092 1320 3181 1389 qui
3214 1318 3343 1373 hinc
3380 1316 3537 1386 187
3562 1314 3589 1367 b

2016 1418 2072 1474 in
2109 1434 2329 1473 carnem
2361 1418 2721 1477 convertitur,
2754 1414 2991 1468 naturali
3024 1413 3107 1465 via
3142 1412 3429 1479 Scriptura
3460 1421 3591 1476 pro-

333 1517 510 1585 υμένη
527 1517 627 1585 τὴν
657 1515 809 1579 τάξιν
837 1514 963 1587 [508
996 1514 1086 1585 ll.)
1116 1513 1318 1585 ταύτην
1340 1513 1432 1566 καὶ
1485 1514 1627 1565 κατὰ
1664 1511 1762 1581 τὴν
1810 1510 1916 1562 τῶν

2033 1512 2238 1577 :edens,
2266 1511 2407 1565 hunc
2429 1510 2595 1564 etiam
2628 1508 2875 1564 ordinem
2898 1508 2951 1560 in
2989 1504 3371 1576 mysteriorum
3404 1515 3599 1556 narra-

332 1606 653 1674 μυστηρίων
690 1605 939 1676 διήγησιν
963 1602 1243 1673 ἐφύλαξεν.
1287 1602 1351 1655 Ἠ
1380 1603 1435 1656 δὲ
1472 1602 1740 1656 ἀνάπαλιν
1767 1601 1918 1667 τάξις

2033 1604 2169 1661 tione
2204 1604 2449 1659 retinuit.
2496 1602 2663 1657 Porro
2712 1600 3021 1655 contrarius
3079 1598 3205 1652 huic
3243 1597 3399 1661 ordo,
3439 1607 3594 1648 com-

330 1696 432 1762 τῆς
458 1696 643 1764 κοινῆς
664 1695 941 1766 τραπέζης
969 1697 1216 1766 μιμεῖται
1239 1693 1339 1764 τὴν
1361 1693 1531 1759 τάξιν·
1570 1696 1783 1768 πρῶτον
1810 1694 1919 1765 γὰρ

2033 1696 2203 1752 munis
2237 1711 2436 1751 mensae
2485 1696 2645 1749 ritum
2681 1694 2946 1748 imitatur.
2979 1690 3160 1745 Primo
3204 1688 3349 1743 enim
3383 1687 3436 1740 in
3482 1687 3595 1754 ipSn

331 1786 425 1837 ἐπ’
440 1786 608 1855 αὐτῆς
624 1788 651 1839 ό
672 1788 833 1859 ἄρτος
864 1787 1199 1859 προτίθεται,
1234 1783 1351 1842 εἶτα
1372 1790 1400 1842 ὁ
1421 1786 1559 1852 οἶνος
1576 1789 1917 1858 ἐπιφέρεται.

333 1874 449 1948 Τὴν
479 1878 535 1931 δὲ
568 1880 750 1950 κοινὴν
773 1880 977 1950 ταύτην
1003 1880 1285 1950 τράπεζαν
1315 1882 1600 1952 μιμεῖσθαι
1631 1883 1795 1935 πάλιν
1822 1883 1920 1954 τὴν

332 1970 535 2024 πλάσιν
555 1970 715 2040 ἡμῶν
735 1988 748 2001 ’
764 1972 952 2041 ἐπειδὴ
973 1973 1100 2042 γὰρ,
1130 1971 1206 2036 ὡς
1226 1973 1374 2026 δοκεῖ
1388 1973 1465 2044 τῷ
1500 1972 1616 2027 Ἰὼϐ
1642 1976 1711 2039 9',
1732 1976 1796 2027 ὲκ
1812 1994 1921 2047 πη-

329 2061 427 2114 λοῦ
450 2062 878 2134 διεπλάσθημεν,
909 2067 936 2119 ό
966 2064 1022 2118 δὲ
1053 2065 1223 2136 πηλὸς
1244 2068 1308 2119 ὲκ
1329 2068 1430 2135 γῆς
1447 2069 1563 2120 ἐστι
1585 2069 1679 2121 καὶ
1711 2068 1919 2133 ὓδατος,

332 2153 535 2218 πλάσις
557 2155 613 2207 δέ
645 2157 764 2207 ὲστι
794 2156 991 2226 τρόπον
1014 2156 1134 2210 τινὰ
1154 2158 1248 2211 καὶ
1265 2160 1297 2229 ἡ
1315 2159 1509 2229 τροφὴ,
1530 2160 1923 2230 ἁναπληροῦσα

335 2246 435 2298 καὶ
456 2246 944 2301 ἁναπλάττουσατο
963 2249 1257 2320 ἀπορρέον,
1285 2251 1373 2307 διὰ
1391 2251 1548 2304 τοῦτο
1567 2251 1756 2323 ὥσπερ
1785 2256 1840 2305 ἐν
1856 2257 1921 2324 τῇ

336 2338 493 2406 παρὰ
520 2337 658 2391 Θεοῦ
693 2340 888 2394 πλάσει
918 2339 979 2394 τὸ
1008 2340 1172 2413 ξηρὸν
1215 2342 1576 2414 προείληπται
1607 2345 1702 2397 τοῦ
1732 2346 1922 2416 ὑγροῦ,

336 2427 487 2483 οὕτω
533 2432 626 2484 καὶ
671 2433 730 2485 ὲν
774 2436 840 2504 τῇ
875 2439 1107 2505 μιμήσει
1147 2436 1249 2505 τῆς
1286 2439 1415 2508 παρ’
1450 2439 1583 2507 ἡμῖν
1613 2437 1867 2502 πλάσεως
1897 2440 1925 2491 ό

336 2523 508 2589 ἄρτος
540 2522 632 2576 τοῦ
659 2525 803 2583 οἴνου
836 2525 1300 2595 προλαμϐάνεται.
1329 2530 1438 2582 Καὶ
1472 2531 1635 2593 αὐτὸς
1678 2531 1776 2601 μὲν
1820 2548 1930 2584 τοι-

340 2612 489 2665 αῦτά
529 2631 653 2668 τινα
687 2618 816 2686 περί
844 2617 944 2687 τῆς
974 2618 1180 2683 τάξεως
1212 2620 1544 2688 ιρυσιολογεῖ,
1581 2623 1628 2673 εἰ
1657 2623 1752 2674 καὶ
1784 2621 1926 2675 θειο-

338 2706 511 2777 τέρας
543 2709 775 2779 θεωρίας
800 2713 1203 2781 ταπεινότερον.

418 2797 494 2849 Τὸ
524 2799 709 2868 μέντοι
741 2799 1156 2872 λαμπροφορεῖν
1178 2845 1195 2869 ,
1225 2804 1361 2873 φησι
1383 2845 1398 2867 ,
1433 2806 1559 2869 τοὺς
1606 2805 1933 2880 βαπτιζομέ-

344 2906 498 2953 νους,
532 2891 628 2960 τῆς
658 2892 767 2945 τῶν
795 2893 1043 2962 ἀγγέλων
1071 2896 1188 2948 ἐστὶ
1237 2896 1503 2967 σύμϐολον
1525 2898 1930 2971 λαμπρότητος,

345 2981 415 3034 τὸ
443 2983 683 3055 καθαρὸν
716 2986 947 3051 ἐκείνοις
994 2986 1089 3041 τοῦ
1126 2988 1218 3041 νοῦ
1264 2992 1358 3043 καὶ
1410 2991 1611 3062 ἀμιγὲς
1658 2993 1757 3063 τῆς
1801 2993 1934 3065 ὕλης

348 3075 449 3127 καὶ
475 3075 581 3128 τῶν
608 3077 799 3131 παθῶν
828 3079 1192 3152 διατυπούσης
1214 3098 1226 3110 ·
1276 3078 1351 3136 ὦν
1386 3085 1491 3154 χρὴ
1524 3086 1618 3138 καὶ
1645 3085 1737 3139 τὸν
1764 3104 1933 3155 φωτι-

2024 1791 2180 1862 panis
2216 1791 2527 1860 apponitur.
2564 1803 2628 1843 ac
2668 1796 2779 1841 tum
2821 1787 3001 1839 vinum
3042 1782 3292 1838 infertur.
3336 1778 3598 1835 Commu-

2026 1898 2150 1939 nem
2178 1894 2358 1937 autem
2395 1881 2540 1934 illam
2574 1893 2843 1941 mensam,
2874 1890 3088 1929 rursum
3125 1870 3451 1940 respondere
3505 1881 3602 1922 no-

2023 1984 2150 2028 stra:
2206 1971 2515 2027 formationi
2574 1967 2793 2041 [addit].
2826 1966 3119 2035 Postquam
3172 1962 3315 2017 enim
3364 1960 3447 2031 (ut
3487 1957 3601 2012 vnlt

2023 2063 2123 2118 Job
2151 2062 2219 2133 ν’)
2281 2065 2347 2117 de
2380 2061 2493 2126 luto
2544 2058 2760 2113 formati
2810 2072 2997 2111 sumus
3053 2052 3246 2122 (quod
3280 2066 3311 2106 e
3357 2059 3502 2104 terra
3549 2056 3604 2101 et

2025 2168 2165 2220 aqua
2214 2146 2592 2219 temperatur),
2647 2144 2875 2199 nutritio
2928 2153 3107 2195 autem
3141 2139 3387 2208 quaedam
3446 2134 3601 2205 quasi

2026 2243 2279 2296 formatio
2300 2252 2404 2305 est,
2437 2240 2652 2309 replens
2682 2253 2747 2292 ac
2776 2237 3044 2299 reﬁciens,
3072 2231 3215 2302 quod
3258 2228 3555 2284 deﬂuxerat
3586 2243 3601 2279 :

2028 2335 2229 2388 idcirco
2256 2332 2715 2401 quemadmodum
2757 2329 2812 2382 in
2847 2342 2907 2381 ea
2939 2340 3101 2395 quam
3138 2323 3279 2376 Deus
3320 2320 3448 2375 fecit
3493 2316 3607 2372 forc

2028 2427 2287 2492 matione,
2320 2426 2533 2479 aridum
2574 2431 2703 2476 ante
2752 2421 3030 2475 humidum
3075 2424 3352 2483 sumptum
3387 2422 3491 2474 est,
3525 2411 3607 2463 sic

2026 2529 2078 2572 et
2109 2521 2159 2570 in
2191 2532 2274 2583 ea,
2303 2532 2463 2586 quam
2514 2530 2614 2571 nos
2658 2511 2819 2581 hujus
2860 2510 3170 2565 imitatione
3214 2503 3448 2559 facimus
3490 2499 3607 2553 for-

2030 2612 2286 2677 matione,
2321 2611 2475 2681 panis
2504 2621 2631 2663 ante
2661 2608 2844 2661 vinum
2876 2603 3132 2658 sumitur.
3168 2594 3485 2666 llnjusmodi
3518 2591 3608 2646 ille

2031 2701 2143 2755 fere
2171 2703 2235 2755 de
2262 2701 2453 2755 ordine
2486 2714 2552 2753 ex
2578 2709 2771 2751 natura
2795 2690 3243 2763 philosophatur;
3274 2686 3377 2741 etsi
3422 2683 3473 2738 id
3499 2696 3606 2736 non

2030 2793 2163 2847 satis
2193 2808 2291 2862 pro
2313 2791 2580 2861 dignitate
2614 2786 2919 2855 theologiae.

2113 2888 2263 2955 Quod
2303 2896 2481 2939 autem
2512 2881 2823 2943 candidam,
2852 2877 2945 2948 qui
2987 2874 3360 2945 baptizantur,
3402 2877 3607 2924 vestem

2033 2992 2245 3054 gerant,
2278 2979 2475 3050 inquit,
2508 2976 2726 3045 signum
2754 2972 2881 3026 illud
2908 2980 2993 3025 est
3018 2966 3246 3034 angelici
3275 2963 3606 3034 splendoris,

2036 3077 2122 3146 qui
2162 3073 2453 3147 puritatem
2477 3067 2675 3122 mentis
2698 3064 2825 3131 illis,
2853 3062 2970 3116 sine
2996 3059 3254 3113 mis1ione
3283 3056 3524 3110 materiae
3548 3067 3613 3105 ac

349 3167 549 3221 σθέντα
576 3170 636 3223 ἐν
662 3170 875 3239 μεθέξει
896 3173 993 3243 τῆς
1014 3147 1234 3244 χάριτος
1254 3147 1535 3245 γεγονότα,
1556 3179 1614 3232 ἐν
1636 3182 1748 3244 τοῖς
1885 3182 1929 3213 ⁹⁸

2038 3173 2372 3242 passionum,
2424 3162 2673 3225 exhibet;
2708 3172 2942 3227 quorum
2980 3154 3199 3225 quidem
3256 3147 3446 3220 gratiae
3489 3161 3611 3200 cum

347 3260 733 3331 λαμπρότητος
775 3266 1077 3335 χαρίσμασι
1129 3272 1414 3339 συντηρεῖν
1468 3272 1851 3325 ὲαυτόνΆΛλλδ
1874 3277 1930 3329 ὲν

346 3354 563 3513 ἓοέτοις
613 3356 712 3425 μὲν
765 3357 913 3427 αὐτῷ
963 3360 1147 3414 καὶτὸ
1192 3369 1261 3433 ιη’
1294 3364 1589 3433 κεφάλαιον
1621 3368 1703 3430 εἰς
1756 3368 1931 3439 πέρας

389 3464 421 3513 κ
460 3463 514 3513 ηι

389 3463 514 3516 κυηο

425 3538 937 3596 Ἐννεακαιδέκατον
992 3544 1049 3598 δὲ
1112 3547 1409 3617 κεφάλαιον
1479 3553 1932 3620 πραγματεύεται

349 3628 532 3692 αἰτίας
594 3632 960 3702 διερχόμενον·
1018 3635 1098 3689 Δι’
1133 3635 1205 3703 ἀς
1249 3638 1361 3706 τῆς
1418 3642 1849 3710 κοσμογενείας
1902 3646 1935 3696 ό

350 3720 576 3791 Μωσῆς
618 3727 729 3779 οὐκ
778 3725 849 3790 ἐξ
892 3726 1164 3796 ἀγγέλων
1202 3728 1446 3797 ἤρξατο.
1486 3732 1595 3785 Καί
1642 3751 1806 3803 φησιν
1852 3736 1936 3788 ὅτι

354 3815 565 3883 Μωσῆς
612 3816 924 3887 νομοθετεῖν
952 3818 1162 3887 μέλλων
1199 3820 1515 3893 ,ἀνθρώποις
1538 3862 1553 3888 ,
1589 3823 1684 3876 καὶ
1717 3825 1937 3893 ἀγαθῶν

358 3904 463 3972 μὲν
499 3906 833 3973 ἐπαγγελίαν
863 3909 973 3970 τοίς
1006 3908 1364 3978 κατορθοῦσιν
1391 3913 1622 3976 ἀπειλάς
1645 3914 1702 3966 δὲ
1737 3915 1832 3968 καὶ
1856 3933 1938 3969 τι-

357 3996 573 4065 μωρίαν
604 3999 755 4068 παρὰ
777 3999 911 4052 Θεοῦ
931 4002 1039 4064 τοῖς
1057 4002 1495 4071 ἐξαμαρτάνουσι
1517 4006 1941 4076 ἐπανατεινόμεο

354 4104 471 4150 νος,
502 4089 764 4155 εἰκότως,
804 4090 879 4154 ὡς
928 4094 987 4145 ὲν
1033 4094 1274 4164 ἱστορίας
1317 4096 1527 4165 τρόπῳ,
1560 4096 1656 4149 καί¹
1703 4097 1801 4167 τὴν
1847 4098 1941 4167 δη-

356 4178 649 4247 μιουργίαν
681 4179 905 4233 ἐκείνων
932 4182 1149 4235 πάντων
1179 4184 1411 4251 εἰσάγει,
1443 4180 1518 4236 ὦν
1546 4187 1579 4253 ἡ
1612 4186 1769 4256 χρεία
1803 4188 1940 4258 πρός

356 4286 418 4319 τε
448 4268 764 4339 εὐεργεσίαν
787 4272 880 4325 καὶ
901 4273 1131 4343 ἀπειλὴν
1156 4275 1264 4327 τῶν
1286 4275 1722 4347 νουθετουμένων
1739 4281 1783 4311 ⁹⁰
1811 4296 1938 4332 συν-

356 4359 532 4411 τελεῖ·
552 4363 755 4415 Ἔσται
773 4364 789 4393 ¹
813 4365 943 4434 γάρ,
964 4369 1151 4435 φησὶν,
1179 4371 1212 4421 ὁ
1228 4370 1485 4437 οὐρανὸς
1505 4371 1773 4437 χαλκοῦς
1789 4374 1809 4404 ¹
1839 4372 1937 4426 καὶ

2035 3239 2370 3322 illuminatus
2412 3256 2483 3311 sit
2513 3253 2786 3325 particeps
2815 3248 3060 3312 eﬂectus,
3104 3246 3156 3298 in
3190 3239 3384 3296 nitoris
3407 3241 3613 3305 accepti

2033 3357 2188 3412 donis
2223 3353 2462 3421 seipsnm
2503 3358 2832 3401 conservare
2867 3341 3048 3394 debet.
3075 3336 3255 3402 Atque
3302 3332 3356 3386 in
3407 3330 3492 3385 his
3523 3330 3615 3383 de-

2034 3451 2177 3504 cimo
2209 3457 2403 3501 octavo
2436 3441 2598 3508 capiti
2623 3438 2690 3493 ab
2716 3452 2782 3491 eo
2817 3435 2938 3487 linis
2974 3429 3295 3499 imponitur.

2107 3541 2194 3595 19.
2217 3537 2405 3606 Capite
2439 3534 2647 3589 decimo
2683 3544 2823 3584 nono
2856 3538 3053 3581 causas
3096 3529 3376 3576 recenset:
3405 3515 3515 3571 Cur
3562 3514 3617 3566 in

2036 3631 2218 3685 mundi
2235 3627 2436 3697 fabrica
2452 3622 2745 3693 referenda,
2764 3617 2937 3673 Moses
2958 3616 3023 3668 ab
3042 3610 3346 3684 angeiorum
3361 3608 3618 3662 creatione

2036 3725 2248 3780 initium
2268 3736 2373 3774 non
2393 3716 2627 3771 duxerit.
2662 3713 2847 3767 Mosen
2870 3724 3003 3778 ergo
3030 3708 3178 3777 leges
3210 3702 3517 3759 hominibus
3540 3701 3619 3754 la-

2041 3828 2243 3879 turum,
2257 3828 2378 3868 cum
2398 3817 2542 3864 recte
2560 3806 2776 3876 quidem
2797 3803 3079 3873 agentibus
3092 3801 3360 3856 bonorum
3386 3794 3620 3865 promis-

2038 3904 2454 3971 sionem,minas
2486 3914 2611 3954 vero
2631 3914 2660 3950 a
2685 3896 2791 3950 Deo
2820 3904 2874 3950 et
2896 3908 3109 3963 pinnam
3130 3889 3417 3947 sceleratis
3439 3890 3623 3944 inten—

2042 4004 2212 4061 deret,
2231 3996 2424 4050 merito
2459 3994 2536 4047 ait
2567 4006 2663 4061 pro
2684 3988 3035 4045 hisroriarum
3056 3984 3435 4039 moreillorum
3454 3982 3618 4035 etiam

2039 4090 2280 4144 omnium
2312 4086 2644 4139 creationem
2675 4080 3228 4146 adducere,,qnoruin
3263 4088 3395 4127 usus
3429 4071 3513 4124 vel
3554 4069 3623 4122 ad

2041 4178 2452 4236 beneﬁcentiam
2481 4216 2497 4240 ,
2525 4174 2616 4244 qui
2648 4170 2907 4227 admoniti
2940 4168 3116 4233 fuere,
3146 4164 3230 4219 vel
3260 4163 3327 4218 ad
3355 4174 3619 4217 terrorem

2041 4266 2410 4323 incutiendum
2466 4263 2692 4317 Valeret.
2750 4259 2868 4313 Erit
2927 4256 3110 4316 enim,
3161 4253 3371 4321 inquit,
3435 4246 3623 4302 caelum

2043 4374 2269 4422 wneum,
2289 4368 2336 4411 et
2360 4367 2499 4409 terra
2523 4353 2699 4421 ferrea
2722 4350 2788 4406 ⁸⁸.
2816 4349 2883 4402 Ει
2908 4359 3252 4418 quaecunque
3282 4340 3400 4396 alite
3432 4339 3622 4408 hujus-

355 4453 397 4516 ἡ
429 4450 506 4519 γῆ
539 4453 780 4521 σιδηρᾶ.
810 4430 919 4508 καί
948 4430 1051 4511 ὅσα
1079 4430 1213 4513 ἄλλα
1234 4430 1322 4514 διά
1351 4430 1801 4533 τῶν-κτισμάτων
1826 4482 1929 4518 τοι-

2049 4451 2192 4506 modi
2222 4460 2487 4505 creatura:
2515 4461 2701 4501 eorum
2733 4442 2817 4498 vel
2841 4442 2907 4495 ad
2940 4455 3098 4494 usum
3136 4443 3282 4491 recte
3321 4430 3623 4502 agentium,

355 4541 503 4595 αὕτα
549 4544 582 4612 ἢ
633 4547 770 4615 πρὸς
818 4548 1114 4602 ἀπόλαυσιν
1160 4553 1269 4604 τῶν
1298 4554 1708 4625 κατορθούντων
1741 4556 1773 4626 ἢ
1808 4558 1945 4627 πρὸς

356 4634 584 4688 κόλασιν
609 4637 717 4691 τῶν
750 4640 1175 4710 ἁμαρτανόντων
1209 4644 1649 4715 ἀναγέγραπται.
1668 4646 1723 4699 Ἐ
1734 4648 1821 4700 πε).
1848 4645 1943 4702 οὖν

358 4726 565 4789 σκοπὸς
611 4725 681 4799 ἦν
727 4730 805 4801 τῷ
855 4732 1120 4804 νομοθέτῃ
1165 4734 1284 4803 καὶ,
1303 4733 1385 4805 τῷ
1419 4735 1745 4807 ἀνθρωπίνῳ
1794 4739 1943 4805 γένει

360 4819 728 4889 σωτηριώδεις
773 4822 974 4893 νόμους
1019 4826 1352 4893 εἰσαγαγεῖν,
1387 4826 1483 4878 καὶ
1512 4826 1621 4879 τῶν
1649 4828 1941 4899 νομοθετηο

361 4910 567 4963 θέντων
592 4912 894 4981 ἀσφάλειαν
922 4916 1010 4969 διά
1057 4933 1116 4969 τε
1158 4916 1259 4985 τῆς
1286 4917 1396 4969 τῶν
1425 4918 1678 4987 χαλεπῶν
1710 4920 1943 4989 ἀπειλῆς

362 4999 462 5051 καὶ
492 5000 592 5069 τῆς
620 5002 728 5055 τῶν
760 4998 1045 5071 βελτιόνων
1086 5006 1431 5076 ὑποσχέσεως
1463 5009 1940 5080 περιποιήσασθαι,

366 5093 626 5163 ἑκάτερον
652 5095 708 5147 δὲ
737 5096 941 5149 τούτων
972 5097 1036 5150 ὲκ
1062 5098 1171 5151 τῶν
1216 5101 1535 5168 κτισμάτων
1579 5103 1946 5173 παραλαμΰά-

365 5199 499 5245 νειν,
531 5182 621 5236 διά
667 5183 827 5237 τοῦτο
872 5186 974 5238 ὅσα
1009 5187 1109 5256 μὲν
1145 5190 1421 5241 συνετέλει
1458 5191 1594 5260 πρὸς
1620 5191 1712 5244 τὸν
1741 5192 1906 5246 αὐτοῦ
1928 5192 1949 5223 ³

367 5272 599 5334 σκοπὸν,
631 5272 837 5327 τούτων
884 5275 981 5328 καὶ
1026 5277 1268 5347 ἱστορίαν
1299 5278 1399 5349 τῆς
1450 5279 1718 5347 γενέσεως
1750 5281 1947 5335 άνετά-

369 5368 521 5431 ξατο,
554 5366 653 5418 ὃσα
678 5366 733 5419 δὲ
759 5368 896 5432 τέως
921 5367 983 5420 οὐ
1016 5370 1375 5439 κατήπειγεν,
1412 5372 1784 5442 ὑπερτίθεται.

442 5525 531 5577 "'l
566 5526 690 5581 Cur.
716 5545 767 5594 κ,
803 5528 887 5583 16.
953 5531 998 5562 ’⁸⁵
1032 5532 1162 5586 ibid.
1185 5532 1390 5597 20,21.
1459 5535 1503 5566 “
1539 5536 1555 5590 Ι
1590 5537 1719 5593 Cor.
1750 5556 1826 5606 ΣΙ,
1863 5542 1952 5597 94.

2047 4544 2128 4598 vel
2175 4541 2241 4597 ad
2290 4539 2690 4607 correptionem
2742 4532 3083 4604 peccantium
3132 4526 3422 4595 descriptae
3471 4528 3623 4577 sunt.

2046 4636 2181 4691 Cum
2226 4634 2387 4703 igitur
2430 4627 2726 4698 legislatori
2783 4623 3117 4693 propositum
3162 4619 3348 4682 fuerit,
3383 4625 3437 4671 et
3483 4629 3629 4669 inor:-

2049 4725 2142 4780 tali
2191 4723 2376 4793 generi
2409 4721 2560 4790 leges
2608 4719 2752 4773 ferre
2800 4714 3094 4775 salutares,
3143 4721 3199 4765 et
3248 4707 3384 4779 ipsis
3418 4705 3633 4777 legibus

2048 4821 2174 4875 latis
2201 4815 2536 4889 praesidium,
2558 4810 2945 4881 suppliciorum
2979 4805 3161 4869 minis,
3186 4817 3250 4857 ac
3278 4800 3630 4872 prazmiorum

2050 4914 2432 4986 promissione,
2477 4920 2743 4979 quaerere,
2779 4913 3070 4969 utrumque
3114 4898 3308 4953 horum
3355 4909 3421 4949 ex
3469 4908 3626 4947 crea-

2053 4984 2189 5063 turis
2239 5002 2575 5060 desumendo
2608 5016 2622 5053 :
2660 5006 2948 5068 propterea
2996 5002 3333 5063 quaecunque
3374 4986 3439 5040 ad
3483 4984 3630 5039 hunc

2051 5114 2276 5168 scopum
2329 5093 2694 5155 conducunt,
2742 5089 2938 5144 horum
2989 5084 3152 5139 etiam
3196 5079 3489 5137 creationis
3547 5076 3629 5129 hi-

2049 5192 2275 5267 storiam
2313 5187 2609 5259 pertexuit,
2641 5183 2709 5238 iis
2737 5196 2857 5252 quae
2887 5194 2952 5235 eo
2993 5192 3105 5232 non
3146 5172 3496 5247 pertinebant
3538 5187 3626 5225 re-

2042 5285 2222 5355 jectis.

2045 5542 2090 5573 "
2119 5538 2221 5595 Job
2266 5549 2462 5601 χχχιιι,
2495 5535 2547 5586 6.
2616 5533 2663 5564 ⁸⁸
2702 5532 2856 5588 Deut.
2913 5547 3107 5593 xxvrn,
3147 5529 3240 5583 25‘.

1653 5656 1885 5713 VARI/13
1918 5654 2216 5713 LECTION
2226 5655 2325 5710 ES.

445 5763 602 5847 ’⁸τῇ]
667 5766 682 5818 Ι
712 5766 839 5847 ρον.
892 5785 968 5832 χι,
1002 5770 1102 5847 25.
1176 5773 1224 5847 θῖ
1278 5772 1445 5847 Ἰὼϐ]
1476 5775 1564 5838 55,
1592 5774 1653 5847 6._
1723 5777 1768 5807 9"
1801 5777 2028 5830 alterum
2059 5776 2173 5847 τῆς
2196 5774 2337 5847 add.
2363 5773 2449 5847 A._
2502 5772 2549 5847 ξ’
2570 5766 3009 5847 νουθετουμένων
3037 5766 3077 5819 Δ
3114 5758 3630 5847 χνεινουθετημένων

372 5848 438 5897 ς.
478 5838 572 5890 sed
622 5838 804 5893 malim
862 5840 1355 5912 νομοθετουμένων.
1404 5838 1451 5876 ἰ
1480 5844 1654 5900 ἕσταιῖ
1718 5847 1870 5901 Deut.
1928 5838 2124 5911 xxvm,
2150 5846 2241 5901 ‘25.

2321 5845 2341 5875 ’
2365 5842 2563 5913 χαλκὸς
2604 5828 2668 5895 Αἱ
2746 5828 2955 5891 ἀὺτοῦ
2983 5838 3026 5888 Λ
3054 5854 3070 5891 ;
3105 5833 3265 5888 αὑτὸν
3297 5850 3358 5897 ς.
