3940 6396
178 380 257 443 765

1123 379 1656 447 BIBLIOTIIECA.
1697 414 1765 424 —
1805 393 1966 455 COD.
2008 396 2289 459 CCXXII.

3247 398 3359 459 766

175 489 253 545 adv
276 483 467 552 Πατέρα
513 481 605 533 καὶ
649 480 778 534 Υίδν
818 482 911 534 καὶ
972 484 1217 554 Πνεῦμα,
1266 487 1365 540 κᾶν
1398 489 1641 561 Θεότητα
1666 533 1680 555 ,

1808 500 2033 565 nitatem,
2071 502 2188 557 sive
2238 503 2524 567 unitatem,
2559 504 2673 557 sive
2706 503 2946 568 Patrem,
2991 505 3105 559 sive
3139 504 3356 568 Filium,

172 583 252 637 κᾶν
273 577 434 647 ἕτερόν
463 592 510 627 τι
540 575 637 643 τὴν
685 574 928 644 ἄληπτον
962 579 1177 649 ἐκείνην
1228 582 1319 632 καὶ
1350 580 1556 649 ἄφατον
1594 588 1680 637 ὲν-

178 674 402 742 δοήσωμεν
450 666 481 737 ἢ
526 666 879 736 ὀνομάσωμεν
926 668 1111 735 φύσιν,
1164 671 1286 741 οὐχί
1335 674 1511 727 ταῦτα
1564 676 1680 729 ἀλλ’

171 767 283 836 ὑπὲρ
312 762 467 815 ταῦτά
514 764 648 815 ἐστι.
680 762 770 813 Διὸ
797 762 892 814 καὶ
919 763 947 814 ὁ
978 763 1087 815 τῶν
1133 765 1461 837 ἀπορρήτων
1514 787 1684 838 μυστ-

170 856 466 926 αγωγὸς,Ἐκ
488 852 704 921 μέρους
735 854 802 915 ⁸⁸,
823 853 941 923 βοᾷ,
972 855 1365 925 γινώσκομεν,
1383 859 1481 911 καὶ
1503 859 1571 913 ἐκ
1583 860 1685 929 μέ-

162 968 282 1019 ρους
324 948 796 1014 προφητεύομεν·
849 947 996 1001 ὅταν
1042 947 1109 1000 δὲ
1143 948 1293 1017 ἔλθῃ
1340 951 1408 1003 τὸ
1429 951 1683 1017 τέλειον,

166 1043 272 1095 τότε
306 1040 363 1091 τὸ
401 1038 466 1092 ἐκ
495 1037 715 1106 μέρους
750 1039 1285 1109 καταργηθήσεται.
1329 1044 1439 1096 Καὶ
1487 1045 1514 1096 ὁ
1557 1046 1687 1114 γνή-

168 1151 256 1196 σιος
278 1133 328 1185 δὲ
363 1130 546 1184 τούτου
580 1130 852 1203 μαθητὴς,
881 1134 909 1185 ὁ
943 1135 1103 1201 σοφὸς
1124 1134 1419 1197 Διονύσιος.
1450 1135 1518 1188 τὰ
1548 1135 1687 1188 αὐτὰ

166 1226 239 1279 καὶ
265 1228 363 1286 τοῖς
386 1224 562 1287 αὐτοῖς
594 1226 787 1296 μικροῦ
816 1226 1249 1298 διαμαρτύρεται
1304 1230 1534 1297 ῥήμασι.
1590 1229 1687 1281 καὶ

167 1317 363 1387 μάλιστά
387 1333 448 1383 γε
490 1318 548 1369 ὲν
578 1320 690 1379 τοῖς
721 1318 848 1386 περὶ
904 1318 1109 1371 τελείου
1136 1321 1233 1373 καὶ
1273 1321 1413 1383 ἑνός.
1472 1322 1685 1375 Οὐκοῦν

165 1410 261 1461 ἐπεὶ
287 1408 346 1459 τὰ
376 1407 600 1460 πλεῖστα
637 1408 745 1460 τῶν
788 1410 917 1480 ’περὶ⁸
959 1410 1091 1463 Θεοῦ
1125 1412 1222 1481 οὐχ
1259 1412 1395 1482 ὅπερ
1439 1413 1557 1465 ἐστὶ
1583 1430 1691 1466 πα-

165 1498 364 1570 ρὰδηλοῖ,
394 1500 730 1569 χειραγωγία
758 1500 815 1553 δὲ
863 1502 1063 1570 μᾶλλον
1091 1502 1174 1563 τίς
1207 1506 1323 1556 ὲστι
1353 1504 1447 1556 καὶ
1484 1521 1691 1571 συγκαο

162 1589 372 1651 τάὀασις.
404 1590 490 1643 διὰ
528 1591 637 1644 τῶν
684 1593 998 1660 συντρόφων
1040 1596 1173 1664 ἡμῖν
1208 1594 1303 1648 καὶ
1348 1596 1690 1665 πραγμάτων

162 1683 238 1736 καὶ
270 1684 535 1752 ὀνομάτων
585 1684 675 1737 τον
724 1684 850 1738 νοῦν
880 1684 1035 1755 ἡμῶν
1066 1686 1205 1757 πρὸς
1246 1688 1315 1740 τά
1361 1687 1502 1756 ὑπὲρ
1543 1688 1691 1757 ἡμᾶς

161 1776 488 1844 ἀναφέρουσα,
524 1775 683 1845 δῆλον
718 1776 800 1830 ὃτι
838 1776 1080 1831 τοιοῦτόν
1110 1779 1225 1830 ἐστι
1260 1779 1355 1831 καὶ
1385 1778 1447 1831 τὸ
1490 1794 1689 1847 προτε-

1784 592 1897 646 sive
1949 591 2209 661 Spiritum
2262 600 2532 657 sanctum,
2580 594 2696 649 sive
2732 595 3017 658 Deitatent,
3061 596 3173 649 sive
3215 595 3361 647 aliud

1784 686 2058 754 quidpiam
2105 686 2707 755 incomprehensibilem
2754 686 2901 740 illam
2945 696 3000 740 et
3035 686 3356 741 ineffabilem

1788 786 2033 830 naturam
2064 779 2384 847 cogitemus,
2422 780 2505 833 vel
2544 782 2908 844 nominemus,
2942 793 3049 833 non
3085 779 3199 832 inec
3246 777 3361 839 illa,

1786 870 1880 925 sed
1913 886 2077 940 supra
2111 872 2225 926 bare
2266 883 2369 927 est.
2407 872 2773 939 Quamobrem
2804 873 2968 926 etiam
3013 868 3361 923 inelfabilium

1785 970 2069 1013 enarrator
2114 961 2312 1015 clamat
2365 978 2379 1015 :
2438 962 2522 1015 Ea:
2569 973 2717 1029 parte
2763 960 3142 1026 cognoscimus,
3209 967 3255 1009 et
3299 971 3365 1006 ex

1786 1060 1935 1115 parte
1980 1051 2368 1117 prOphetamus,
2398 1068 2514 1105 cum
2550 1062 2723 1104 autem
2787 1051 2975 1103 venerit
3018 1048 3155 1117 quod
3193 1044 3367 1115 perfe-

1789 1150 1928 1194 ctum
1950 1155 2048 1205 est,
2079 1144 2415 1195 evacuabitur
2457 1143 2594 1212 quod
2623 1158 2688 1195 ex
2710 1153 2858 1210 parte
2892 1151 2965 1193 est
2990 1139 3055 1193 ⁸³.
3089 1136 3368 1204 liujusque

1789 1246 2079 1301 germanus
2126 1234 2448 1303 discipulus,
2499 1234 2719 1301 sapiens
2766 1233 2856 1285 ille
2908 1230 3217 1299 Dionysius,
3249 1228 3366 1281 bare

1790 1324 1911 1390 ipsa
1962 1326 2149 1379 iisdem
2195 1328 2578 1396 propemodum
2632 1335 2820 1379 testata
2877 1327 3055 1379 verbis
3104 1322 3362 1390 reliquit:

1792 1415 2026 1467 maxime
2056 1414 2146 1469 ubi
2177 1416 2243 1468 de
2266 1416 2505 1485 perfecto
2529 1416 2639 1487 (47)
2670 1426 2829 1485 atque
2856 1428 2964 1467 uno
2985 1413 3115 1482 agit.
3140 1410 3368 1478 Quando

1792 1503 1954 1569 igitur
1986 1505 2215 1573 plurima
2243 1520 2431 1559 eorum
2462 1521 2583 1574 qua:
2611 1508 2674 1559 de
2704 1506 2814 1560 Deo
2842 1506 3118 1568 dicuntur,
3166 1516 3271 1555 non
3314 1499 3367 1554 id

1793 1592 1936 1657 quod
1969 1599 2072 1652 est.
2105 1590 2438 1661 signiﬁcant,
2471 1593 2567 1646 sed
2612 1592 2790 1661 potius
2841 1607 3006 1645 manu
3048 1590 3270 1655 ducunt,
3313 1597 3368 1642 et

1795 1699 1891 1752 pro
1937 1691 2097 1752 captu
2156 1693 2343 1737 nostro
2389 1699 2486 1754 per
2542 1696 2801 1754 cognatas
2859 1685 3017 1739 nobis
3071 1697 3158 1737 res
3208 1691 3370 1749 atque

1796 1790 1975 1839 voces,
2002 1784 2235 1829 mentem
2261 1786 2502 1829 nostram
2528 1791 2689 1845 supra
2723 1790 2820 1830 nos
2842 1776 3135 1830 attollunt:
3164 1772 3371 1843 perspie

162 1867 320 1937 τάχθαι
357 1867 445 1920 τὸν
478 1868 696 1938 Πατέρα
736 1868 879 1921 κατά
928 1868 1028 1938 τὴν
1062 1868 1390 1940 ὲκφώνησιν,
1441 1866 1575 1949 εἶτα.
1602 1876 1694 1928 τὸν

1803 1880 1955 1920 cuum
1981 1874 2065 1919 est
2097 1864 2203 1919 tale
2228 1865 2357 1933 quid
2385 1865 2513 1919 illud
2541 1880 2685 1931 esse,
2712 1868 2854 1935 quod
2876 1870 3053 1936 primo
3080 1865 3201 1918 loco
3230 1862 3372 1916 inter

161 1960 264 2012 rev
292 1958 381 2012 καὶ
409 1960 525 2028 μετ’
563 1962 768 2013 ἐκεῖνον
795 1960 858 2014 τὸ
900 1960 1126 2028 Πνεῦμα
1168 1964 1229 2017 τὸ
1263 1964 1437 2031 ἅγιον,
1473 1968 1549 2033 ὦς
1587 1988 1689 2023 που

162 2053 235 2103 καὶ
260 2052 407 2113 αὐτὸς
433 2053 461 2105 ὁ
485 2054 765 2124 Δεσπότης
809 2054 1178 2123 παιδαγωγῶν
1209 2057 1357 2125 ἡμᾶς
1387 2059 1526 2128 πρὸς
1568 2061 1694 2123 τοὺς

162 2143 373 2213 μαθητάς
399 2162 556 2213 φησι·
582 2146 980 2214 Πορευθέντες
995 2148 1039 2180 ’⁷
1064 2149 1481 2216 μαθητεύσατε
1500 2150 1697 2204 πάντα

158 2234 215 2288 τὰ
236 2234 390 2301 ἔθνη,
421 2235 817 2304 βαπτίζοντες
860 2239 1085 2305 αὐτοὺς
1126 2243 1215 2305 είς
1242 2241 1310 2294 τὸ
1358 2241 1548 2310 ὄνομα
1590 2242 1695 2297 τοῦ

157 2326 353 2392 Πατρός
392 2325 491 2379 καὶ
522 2326 630 2381 τοῦ
665 2327 802 2381 Υιοῦ
849 2329 945 2381 καὶ
972 2330 1080 2383 τοῦ
1128 2330 1300 2399 ἁγίου
1328 2334 1694 2400 Πνεύματος-,

156 2416 253 2469 ἐπεί
280 2434 337 2484 γε
374 2418 517 2489 αὐτὴ
548 2417 670 2471 καθ’
694 2419 895 2490 ἑαυτὴν
926 2422 960 2491 ἡ
1000 2420 1123 2474 θεία
1150 2422 1313 2489 φύσις
1338 2420 1461 2475 οὔτε
1498 2425 1697 2495 προτέ-

153 2525 314 2562 τακται
352 2507 473 2562 οὔτε
509 2510 894 2577 ὑποτέτακται,
956 2510 1094 2564 ἀλλὰ
1125 2512 1223 2565 καὶ
1288 2513 1469 2584 πάσης
1525 2514 1697 2584 ὑπερ-

155 2600 336 2668 ίδρυται
360 2603 451 2655 καὶ
490 2601 843 2673 ἀριθμήσεως
874 2604 969 2656 καὶ
1015 2605 1310 2673 μοναδικῆς
1331 2608 1686 2677 ὲπινοήσεως,

151 2692 281 2763 εἴπερ
312 2696 399 2745 καὶ
436 2694 467 2746 ὁ
502 2692 734 2763 ἀριθμὸς
761 2694 857 2746 καὶ
886 2695 919 2763 ἡ
947 2694 1114 2763 μονάς
1145 2696 1274 2765 περὶ
1311 2696 1519 2757 οὐσίαν,
1553 2698 1612 2749 τὸ
1641 2698 1698 2751 δὲ

152 2784 269 2838 θεῖον
294 2785 643 2856 ὑπερούσιον.
674 2787 887 2856 Ὠσπερ
912 2781 1004 2839 οὖν
1042 2786 1105 2838 τὸ
1138 2786 1293 2841 Θεῖον
1328 2788 1395 2840 τά
1430 2791 1487 2842 ὲν
1518 2790 1698 2859 χρόνῳ

150 2878 302 2929 πάντα
317 2878 567 2946 ἀχρόνως
597 2877 882 2931 ἐπίσταται
913 2878 1006 2930 καὶ
1032 2878 1347 2949 ἀμερίστως
1366 2880 1435 2931 τὰ
1465 2881 1699 2950 μεριστά

150 2968 227 3020 καὶ
255 2968 567 3040 ἀῤῥεύστως
590 2970 658 3022 τά
689 2968 904 3039 ῥέοντα,
939 2968 1067 3040 [605
1101 2969 1195 3041 R.]
1217 2969 1360 3023 οὕτω
1389 2974 1541 3025 πᾶσα
1575 2989 1699 3041 γεν-

149 3060 259 3132 νητὴ
288 3061 443 3129 φύσις
492 3062 586 3115 καλ⁸
621 3062 682 3115 τὸ
730 3062 1068 3133 ὑπέρχρονον
1123 3065 1182 3115 ἑν
1234 3062 1412 3133 χρόνῳ
1444 3068 1577 3129 νοεῖ,
1603 3065 1700 3117 καὶ

152 3154 548 3223 μεμερισμένους
575 3152 636 3206 τὸ
679 3153 994 3224 ἀμέριστον,
1036 3155 1132 3207 καὶ
1165 3154 1226 3207 τὸ
1273 3154 1582 3223 ἄφθεγκτον
1613 3154 1702 3208 διὰ

150 3245 417 3315 συντρόφου
483 3249 675 3317 φωνῆς
736 3245 966 3317 ὀνόμασι
1015 3247 1554 3319 διαμεμορφωμένης
1607 3251 1701 3301 καὶ

150 3338 378 3407 ῥήμασιν.

205 3514 321 3571 Εἶτα
343 3515 550 3587 ἐφεξῆς
582 3517 850 3583 ἐξετάζει,
903 3517 1081 3586 Τίνος
1110 3520 1323 3575 ἕνεκεν
1351 3523 1384 3574 ό
1411 3521 1531 3590 μὲν
1572 3522 1706 3586 Υἱὸς

149 3609 273 3661 κατὰ
318 3609 435 3676 τὴν
492 3609 841 3678 ἐκφώνησιν
887 3612 1082 3680 μέσος
1160 3612 1703 3682 παραλαμϐάνεται,

148 3700 277 3766 ἅμερα
309 3702 373 3755 δὲ
403 3705 437 3757 ό
462 3703 670 3772 Πατὴρ
702 3703 799 3757 καὶ
840 3704 907 3757 τὸ
948 3706 1190 3775 Πνεῦμα
1213 3708 1278 3758 τὸ
1311 3705 1564 3774 ἅγιον-’⁸.
1597 3706 1706 3759 Καί

150 3810 291 3862 φησιν
321 3794 395 3855 ὡς
425 3795 623 3865 ἐπειδὴ
660 3796 1007 3863 δικαιοσυνης
1049 3795 1210 3862 ζυγὸς
1244 3794 1465 3862 λέγεται
1499 3795 1527 3846 ὁ
1553 3794 1706 3857 Θεὸς,

148 3884 397 3954 ἀναλόγως
443 3888 525 3958 τῷ
590 3890 879 3959 παρ’ὴμῑν
939 3887 1092 3957 ζυγῷ
1151 3886 1247 3939 καὶ
1291 3889 1324 3957 ἡ
1369 3887 1428 3938 ὲν
1487 3889 1555 3957 τῇ
1588 3886 1711 3956 θεία

150 3980 287 4047 φύσει
318 3984 475 4048 τάξις
525 3985 869 4055 ἐπινενόηται
925 3984 1065 4037 ὥστε
1113 3982 1206 4035 τὸν
1236 3982 1363 4035 Υἱὸν
1392 3981 1491 4051 τὴν
1539 3982 1711 4050 μέσην

150 4073 310 4144 χώραν
347 4076 776 4146 ἀναπληροῦντα
809 4077 907 4146 τὴν
961 4076 1139 4146 ἄκραν
1177 4077 1399 4143 ἰσότητα
1454 4075 1593 4146 πρὸς
1643 4072 1713 4126 τὰ

146 4167 273 4237 ἄκρα
301 4170 625 4238 συντηρεῖν·
653 4168 814 4231 αὐτὸς
846 4167 957 4238 γὰρ
995 4169 1097 4239 τήν
1130 4185 1189 4220 τε
1240 4168 1361 4220 κατ’
1391 4167 1568 4238 ἀρχὰς
1619 4165 1713 4235 δη·-

148 4262 417 4329 μιουργίαν
475 4262 571 4314 καὶ
620 4261 716 4330 τὴν
748 4260 972 4331 ὕστερον
1018 4260 1113 4313 τοῦ
1160 4260 1351 4328 γένους
1405 4258 1713 4313 ἀνάπλασιν

147 4353 526 4421 ἀπειργάσατο.
579 4354 687 4405 Καὶ
723 4352 783 4405 τὸ
831 4353 1185 4425 παράδειγμα
1215 4352 1273 4403 δὲ
1307 4350 1399 4403 τοῦ
1444 4350 1612 4418 ζυγοῦ
1651 4349 1715 4403 τὸ

152 4441 418 4511 ἰσόρροπον
475 4460 536 4496 τε
584 4444 681 4496 καὶ
739 4443 1060 4512 ίσοδύναμον
1121 4444 1219 4513 τῆς
1272 4442 1713 4513 ἀπειροδυνάμου

1796 1957 2120 2026 loquendum
2156 1958 2467 2026 proferatur
2495 1955 2674 2023 Pater,
2710 1958 2906 2011 deinde
2936 1958 3123 2019 Filius,
3154 1970 3217 2009 sc
3252 1960 3371 2021 post

1797 2050 1940 2103 bunc
1966 2051 2202 2119 Spiritus
2230 2062 2471 2104 sanctus.
2496 2049 2957 2114 Quemadmodum
2981 2047 3181 2101 alicubi
3206 2047 3367 2099 etiam

1798 2142 1911 2209 ipse
1944 2140 2226 2203 Dominus,
2264 2156 2361 2195 nos
2394 2144 2691 2206 instruens,
2725 2140 3008 2208 discipulis
3038 2139 3149 2192 ait:
3178 2137 3373 2191 Euntes

1796 2234 1974 2285 docete
2022 2248 2198 2285 omnes
2259 2243 2454 2299 gentes,
2516 2230 2709 2301 190a
2764 2231 3088 2295 baptisantes
3138 2244 3266 2291 eos,
3315 2227 3372 2278 iu

1799 2324 2013 2375 nomine
2074 2321 2279 2383 Patris,
2308 2336 2352 2375 et
2387 2320 2542 2384 Filii,
2573 2332 2620 2375 et
2655 2320 2884 2389 Spiritus
2925 2321 3096 2373 sancti
3127 2319 3196 2371 “.
3232 2318 3378 2382 Qun-

1800 2414 1944 2467 niam
1980 2417 2089 2483 ipsa
2119 2416 2415 2468 secundum
2452 2430 2510 2468 se
2541 2414 2723 2468 divina
2770 2424 2983 2474 natura,
3016 2425 3190 2479 neque
3240 2423 3376 2477 prte-

1799 2503 1948 2570 poni,
1990 2517 2163 2572 neque
2208 2504 2399 2571 subjici
2453 2514 2576 2574 apta
2628 2514 2732 2567 est,
2784 2503 2880 2557 sed
2928 2516 3091 2569 supra
3151 2513 3372 2554 omnem

1805 2603 1911 2647 tam
1965 2594 2198 2656 numeri.
2235 2610 2395 2663 quam
2447 2594 2840 2662 singularitatis
2889 2594 3163 2647 notionem
3210 2590 3372 2645 collo-

1802 2697 1981 2741 catur.
2024 2686 2290 2742 Numerus
2329 2689 2621 2756 siquidem,
2646 2696 2701 2740 et
2743 2688 2923 2740 unitas
2969 2685 3036 2740 de
3079 2684 3379 2739 substantia

1803 2780 2060 2832 dicuntur
2090 2797 2104 2833 :
2138 2779 2392 2833 divinitas
2438 2794 2568 2833 vero
2600 2778 2961 2833 substantiam
3007 2783 3224 2844 superat
3262 2774 3384 2827 uni-

1804 2885 2040 2924 versam.
2070 2869 2536 2936 Quemadmodum
2581 2870 2745 2940 igitur
2774 2868 2919 2923 Deus
2951 2868 3132 2922 omnia
3175 2881 3295 2935 qua:
3326 2865 3379 2918 in

1807 2971 2050 3033 tempore
2088 2964 2382 3027 exsistunt,
2415 2962 2534 3019 sine
2569 2972 2811 3031 tempore
2844 2962 3146 3030 cognoscit,
3169 2968 3225 3011 et
3248 2957 3384 3010 indi-

1805 3058 1940 3119 vise,
1968 3072 2093 3126 qme
2153 3056 2467 3121 divisibilia,
2500 3067 2558 3110 ut
2583 3066 2639 3110 et
2667 3055 2833 3121 ﬂuxa,
2878 3054 2995 3109 sine
3028 3053 3136 3107 ullo
3185 3050 3331 3103 ilum
3366 3069 3382 3104 :

1807 3148 1887 3203 sic
1928 3150 2107 3205 omnis
2150 3161 2333 3204 creata
2377 3159 2591 3213 natura,
2623 3150 2677 3203 id
2703 3149 2845 3219 quod
2895 3159 3107 3214 tempus
3142 3142 3383 3205 excedit,

1808 3244 1858 3297 in
1907 3253 2146 3312 tempore
2194 3242 2495 3312 cognoscit,
2544 3252 2599 3295 et
2647 3241 2843 3307 divise,
2876 3240 3020 3310 quod
3058 3237 3223 3292 dividi
3279 3250 3387 3289 non

1806 3346 2003 3405 potest,
2035 3335 2285 3403 quodque
2308 3334 2577 3389 ineﬂ'abile
2610 3345 2713 3398 est,
2764 3350 2859 3404 per
2880 3344 3168 3402 cognatam
3202 3331 3379 3384 nomi-

1811 3429 2078 3497 nibusque
2108 3440 2161 3483 et
2191 3428 2370 3482 verbis
2388 3429 2729 3481 elformatam
2764 3443 2978 3481 vocem.

1881 3524 1973 3576 25.
2006 3521 2209 3586 Οιιεετὶι
2240 3522 2518 3590 deinceps,
2547 3518 2655 3573 Cur
2685 3517 2886 3583 Filius,
2927 3534 3048 3571 cum
3093 3515 3388 3585 loquimur,

1811 3615 2014 3668 medius
2050 3625 2377 3677 assumatur,
2404 3614 2752 3682 extremisque
2786 3611 2915 3666 locis
2954 3609 3120 3665 Pater
3145 3619 3191 3664 et
3224 3605 3394 3675 Spiri-

1810 3718 1892 3760 tus
1925 3706 2189 3759 sanctus?
2246 3706 2551 3774 Respondet
2583 3724 2597 3761 :
2632 3705 2901 3771 Quoniam
2933 3700 3158 3772 iustitiae
3187 3700 3390 3753 trutina

1814 3800 2013 3853 dicitur
2065 3797 2240 3863 Deus,
2324 3799 2673 3867 proportione
2721 3796 2954 3867 quadam
3009 3810 3131 3849 cum
3190 3792 3392 3847 trutina

1817 3902 2025 3955 nostra,
2055 3892 2175 3944 ideo
2208 3906 2423 3958 quoque
2458 3891 2508 3944 in
2549 3900 2742 3944 natura
2763 3888 2943 3944 divina
2971 3888 3106 3942 ordo
3130 3884 3393 3952 ejusmodi

1816 3985 2154 4053 excogitatus
2176 3992 2279 4046 est,
2314 3992 2373 4037 ut
2394 3982 2582 4046 Filius,
2609 3980 2785 4036 medio
2807 3988 3071 4050 occupato
3102 3980 3238 4044 loco,
3266 3992 3397 4032 exa-

1818 4088 1959 4131 ctam
1992 4076 2359 4146 equalitatem
2384 4090 2505 4129 cum
2546 4076 2809 4129 extremis
2850 4082 3055 4129 teneat.
3096 4070 3216 4141 Ipse
3250 4071 3395 4123 enim

1815 4181 1867 4223 et
1887 4185 1917 4221 a
1942 4169 2206 4237 principio
2235 4169 2593 4232 creationem,
2626 4178 2681 4220 et
2718 4167 2784 4220 ad
2809 4177 3141 4235 postremum
3176 4162 3396 4232 generis

1819 4259 2071 4333 [nostri]
2103 4261 2551 4315 instaurationem
2600 4258 2849 4328 perfecit.
2890 4258 3029 4323 Quin
3076 4257 3238 4310 etiam
3279 4263 3396 4308 tru-

1821 4356 1947 4406 tina:
1992 4354 2323 4422 exemplum,
2374 4352 2587 4407 inﬁnite
2622 4351 2862 4422 potentis
2900 4348 3187 4402 Trinitatis
3217 4360 3401 4414 mqua-

1822 4446 1924 4499 iem
1954 4446 2180 4499 omnino
2206 4459 2271 4498 ac
2292 4460 2477 4512 parem
2525 4452 2845 4511 potestatem
2897 4439 3223 4500 subindicat,
3274 4450 3398 4490 cum

150 4533 185 4583 Τ
188 4535 363 4602 ριάδος
388 4534 708 4597 αἰνίττεται,
745 4534 1018 4605 μηδεμιᾶς
1040 4535 1148 4587 τῶν
1177 4535 1344 4604 τριῶν
1365 4534 1697 4588 ὑποστάσεωπ

1823 4533 1963 4587 nulla
1995 4535 2158 4587 trium
2183 4548 2560 4602 personarum,
2622 4531 2706 4585 vel
2762 4530 2883 4599 plus
2911 4530 3085 4582 altera
3124 4533 3399 4593 assurgat,

148 4625 553 4697 ἀναφερομένης
599 4626 661 4678 τὸ
710 4626 871 4679 πλέον
920 4626 1128 4696 ἢπρὸς
1178 4627 1277 4695 τὴν
1324 4624 1477 4677 κάτω
1536 4626 1712 4695 ῥοπὴν

1813 4626 1897 4679 vel
1922 4627 1987 4679 ad
2018 4627 2123 4679 ima
2158 4627 2329 4696 magis
2362 4625 2682 4694 vergat,sed
2716 4624 2767 4676 in
2798 4622 2988 4691 :equali
3021 4632 3075 4674 et
3099 4620 3234 4688 pari,
3269 4617 3393 4671 nul-

148 4714 558 4785 ἀποκλινούσης,
620 4716 735 4768 ἀλλ’
776 4718 833 4767 ὲν
860 4715 940 4786 τῷ
980 4714 1080 4785 ῐσῳ
1110 4731 1169 4768 τε
1211 4715 1306 4767 καὶ⁵
1340 4715 1591 4784 ὁμοτίμῳ
1618 4714 1697 4767 sed

1814 4720 1972 4787 ioque
2002 4720 2161 4771 modo
2188 4718 2470 4772 diﬂ‘erente
2498 4717 2667 4787 gloria
2712 4727 2767 4769 et
2800 4714 3035 4768 essentia
3080 4715 3397 4772 trutinetnr,

148 4806 413 4877 ἁδιαφὸρῳ
434 4807 533 4877 τῆς
557 4806 715 4875 δόξης
759 4806 853 4859 καὶ
879 4806 977 4873 τῆς
993 4805 1183 4867 οὐσίας
1209 4803 1697 4873 ζυγοστατουμένης

1816 4823 1879 4862 ac
1926 4809 2222 4877 theologice
2256 4808 2616 4877 expendatur.
2668 4805 2820 4860 Unde
2856 4814 2912 4858 et
2951 4805 3004 4857 in
3045 4804 3208 4856 rebus
3238 4815 3400 4870 gene-

148 4909 197 4949 τι
224 4897 315 4953 καὶ
349 4898 783 4968 θεολογουμένης
814 4914 829 4928 ο
863 4898 922 4963 ἐξ
944 4892 1005 4954 οὗ
1036 4896 1133 4949 καὶ
1158 4898 1217 4948 ὲν
1243 4897 1354 4958 τοῖς
1387 4897 1697 4964 γεννητοῖςέὶ

1819 4902 1951 4956 ratis
1984 4901 2270 4970 aequalitas
2304 4902 2484 4965 datur,
2534 4910 2589 4953 et
2618 4898 2826 4967 justum
2854 4897 3026 4964 aequis
3069 4894 3404 4965 ponderibus

152 4987 323 5057 ἰσότης
353 4989 562 5042 δίδοται
591 4988 687 5042 καὶ⁵
709 4990 771 5042 τὸ
800 4989 1007 5044 δίκαιον
1034 4987 1440 5041 ταλαντεύεται.
1474 4987 1697 5041 Τοιαῦτα

1825 4990 2079 5046 libratur.
2113 4990 2240 5045 Haec
2275 4990 2387 5045 fere
2417 4992 2470 5044 in
2503 4988 2764 5043 vicesimo
2791 4988 3029 5041 secundo
3056 4985 3235 5053 capite
3265 4982 3406 5038 sexti

154 5074 240 5141 μὲν
261 5075 355 5133 οὖν
388 5081 538 5151 αὐτῷ
594 5082 737 5134 κατά
777 5099 839 5137 τε
867 5080 929 5133 τὸ
971 5083 1055 5150 κβ¹
1084 5080 1381 5149 κεφάλαιον
1409 5078 1502 5132 τοῦ
1528 5084 1599 5147 (ς’
1636 5078 1697 5149 βι·

1830 5082 1974 5146 libri,
2005 5082 2243 5151 itemque
2264 5081 2526 5135 vicesimo
2557 5079 2717 5132 tertio
2747 5078 2814 5131 ab
2838 5091 2905 5131 eo
2928 5084 3314 5131 contexuntur.

152 5165 288 5223 ελίου
319 5172 419 5225 καὶ
440 5174 501 5225 τὸ
528 5179 579 5241 γ’
604 5173 695 5225 καὶ
723 5179 771 5224 κ’
802 5171 1209 5238 συνυφαίνεται.

222 5260 372 5312 Μετὰ
414 5262 574 5313 τοῦτο
624 5261 684 5314 δέ
727 5278 891 5332 φησιν
938 5260 1232 5327 ἀναλογίαν
1274 5259 1397 5311 τινὰ
1433 5257 1721 5321 διασώζειν

213 5390 305 5444 ⁸³1
357 5393 486 5448 Cor.
538 5410 659 5462 xnt,
690 5394 723 5449 9
765 5405 821 5450 et
875 5396 962 5449 lt).
1039 5394 1085 5426 ”
1136 5394 1328 5448 Matth.
1375 5408 1570 5459 xxvnt,
1619 5393 1713 5447 29.

1436 5507 1673 5563 VARIIE
1707 5506 2110 5565 LECTIONES.

224 5600 267 5627 "
302 5600 369 5651 ὲκ
403 5599 487 5672 μ.]
509 5599 635 5655 Cor.
682 5617 803 5664 xnt,
835 5602 890 5657 9.
970 5600 1014 5631 ’τ
1049 5597 1299 5670 πορευθ.]
1339 5598 1531 5655 Matth.
1575 5614 1773 5664 xxviii,
1816 5598 1906 5654 29.
1981 5601 2101 5652 ³⁸τὸ
2124 5600 2217 5669 ἀγ.
2252 5616 2392 5655 corr.
2424 5601 2462 5654 A
2502 5614 2607 5655 ιτε
2648 5598 2737 5666 ἀγ.
2775 5609 2837 5660 ς.

1652 5711 1876 5768 NOTAE.

1899 5258 1989 5322 24,
2021 5259 2112 5313 25.
2155 5257 2284 5313 Post
2331 5258 2445 5313 haec
2496 5256 2800 5325 analogiam
2862 5255 3153 5326 quamdam
3199 5220 3445 5306 servari.

221 5806 331 5878 (47)
358 5808 489 5878 Cap.
520 5808 604 5873 13,
638 5806 733 5863 lib.
776 5805 851 5861 De
875 5808 1031 5861 diri».
1076 5806 1395 5862 nominibus.
