3940 6422
549 394 653 456 767

1703 397 1968 458 ΡΗΟΤΙΙ
2005 396 2136 456 ΡΑἸ

2239 396 2510 457 ABCIIIE
2541 396 2650 456 (ΞΡ-
3695 389 3779 452 ’768

551 506 752 561 asserit
774 521 801 559 a
821 505 1022 578 duplici
1058 508 1145 563 illa
1171 508 1461 576 Trinitate,
1487 510 1607 580 qua:
1643 510 1695 564 in
1727 509 1828 564 alis
1846 508 2128 577 Seraphin)

2238 507 2332 578 τὴν
2363 510 2410 540 ¹⁹
2448 511 2506 562 ἐν
2556 510 2675 571 ταῖς
2711 505 2934 578 πτέρυξι
2976 505 3084 557 τῶν
3128 502 3379 574 Sep-uate.
3420 499 3783 573 θεωρουμένην

554 599 934 653 consideratur
954 602 1022 655 ⁸⁸.
1100 601 1167 656 Et
1205 603 1437 656 medium
1470 603 1684 670 quidem
1715 600 1858 655 Patri
1897 615 2122 670 respon-

553 690 704 753 dere,
733 701 984 746 est-reme
1029 709 1156 748 vero
1186 694 1341 762 Filio,
1387 711 1452 749 ac
1477 695 1704 762 Spiritui
1737 703 1950 750 sancto.
2009 693 2131 748 Tri-

557 781 745 849 plicem
779 798 998 852 quoque
1050 787 1195 840 illam
1249 798 1305 842 et
1356 791 1577 842 omnino
1622 787 1944 841 invariatam
1991 787 2043 841 in
2074 802 2132 842 se

554 876 702 928 vocis
750 874 977 933 Sanctus
1036 880 1508 944 exclamationem,
1569 878 1730 933 trium
1774 892 2128 947 personarum

560 967 1079 1034 immntabilitatem,
1124 974 1299 1040 quoad
1356 971 1677 1036 essentiam,
1729 973 2020 1040 potentiam
2079 981 2133 1027 et

562 1057 874 1112 facultatem
900 1060 1268 1117 subiudicare.
1309 1061 1450 1128 Quin
1481 1069 1535 1115 et
1568 1061 1782 1115 illorum
1817 1065 1978 1116 trium
2003 1078 2133 1118 cou-

558 1148 1074 1205 substantialitatcm
1103 1164 1265 1221 atque
1316 1155 1583 1206 unitatem
1631 1154 1779 1206 velut
1824 1155 2000 1222 sigillo
2029 1158 2127 1210 ob-

559 1242 758 1309 signari
812 1257 876 1296 ac
925 1245 1189 1313 coaptari,
1240 1246 1364 1298 dtttn
1427 1261 1592 1298 uuuut
1637 1244 1902 1300 duntaxat
1950 1258 2132 1316 postea

563 1330 696 1400 [per
729 1332 953 1406 vocem]
994 1334 1252 1388 Dominus
1291 1337 1570 1391 inducitur
1614 1346 1670 1392 et
1709 1338 1958 1393 infertur.
2008 1341 2134 1393 Ala-

565 1438 680 1476 rum
727 1424 856 1478 item
903 1426 1350 1492 geminationem,
1406 1431 1719 1499 significare
1771 1432 2130 1500 cognitionem

565 1513 710 1568 illam
753 1529 992 1581 omnem,
1023 1532 1143 1585 qua:
1201 1535 1296 1587 per
1347 1520 1444 1575 bos
1501 1523 1552 1576 in
1589 1524 1834 1579 homines
1862 1525 2134 1577 derivatur

566 1605 690 1673 (etsi
727 1619 821 1674 per
850 1607 1234 1662 ituntateriales
1269 1612 1492 1680 Spiritus
1526 1616 2008 1683 subministretur),
2030 1631 2130 1668 non

563 1697 884 1764 simplicem,
970 1702 1064 1753 sed
1121 1705 1461 1757 materiatam
1521 1707 1717 1761 deferri
1761 1725 1775 1762 :
1819 1724 1886 1761 ex
1935 1708 2135 1762 nostris

564 1789 819 1841 nimirum
854 1791 1038 1860 figuris
1076 1807 1142 1846 ac
1176 1793 1388 1858 formis,
1415 1796 1934 1867 vel‘ntcompositum
1967 1800 2134 1865 quod-

2229 599 2424 672 διπλῆν
2454 600 2686 671 Τριάδα,
2719 601 2813 653 καὶ
2840 598 2902 651 τὸ
2937 597 3036 667 μὲν
3071 597 3238 667 μέσον
3263 595 3546 663 ἀναλογεῖν
3581 593 3663 664 τῷ
3689 593 3783 649 Πα-

2227 691 2339 761 τρὶ,
2371 693 2440 744 τὰ
2469 691 2514 743 δ’
2537 691 2684 762 ἄκρα
2728 691 2808 762 τῷ
2851 689 2964 760 Υἰῷ
3003 690 3096 744 καὶ
3125 689 3200 758 τῷ
3228 686 3509 756 Πνεύματι
3531 703 3545 718 ο
3582 686 3684 739 καὶ
3706 685 3786 756 τὴν

2226 784 2513 854 τριαδικὴν
2541 781 2637 854 τῆς
2686 785 2973 853 ἁγιότητος
3020 781 3335 852 ἔκφώνησιν
3380 778 3788 850 ἀπαράλλακτον

2229 873 2394 928 οὖσαν
2435 875 2612 944 πάντη
2647 874 2786 944 πρὸς
2834 874 3031 941 ἑαυτὴν
3089 873 3150 926 τδ
3207 872 3629 942 ἀπαράλλακτον
3689 874 3788 923 κατ’

2228 966 2416 1020 οὐσίαν
2443 967 2538 1019 κα)⁸
2559 967 2790 1035 δύναμιν
2822 969 2916 1018 καὶ
2943 966 3191 1032 ἐξουσίαν
3219 965 3327 1017 τῶν
3349 964 3516 1034 τριῶν
3542 967 3792 1032 αἰνιγμα-

2228 1057 2398 1120 τιζειν
2433 1055 2560 1128 [515
2591 1056 2681 1128 ιι]
2713 1057 3085 1110 ὑποστάσεων.
3134 1056 3244 1110 Καὶ
3291 1054 3718 1124 ὲπισφραγὲζειν
3746 1051 3791 1105 δὲ

2231 1151 2326 1203 καὶ
2382 1149 2771 1202 ἐπισυνάπτειν
2819 1149 2879 1201 τὸ
2934 1147 3222 1217 όμοούσιον
3288 1148 3383 1200 καὶ
3449 1146 3658 1199 ἑνιαῖον
3703 1144 3794 1198 τῶν

2230 1242 2396 1311 τριῶν
2423 1241 2519 1312 τὴν
2549 1241 2845 1312 ἐπαγωγὴν
2872 1240 2967 1295 καὶ
3009 1241 3284 1312 ἐπιφορὰν
3299 1239 3394 1293 τοῦ
3422 1239 3542 1302 ἑνὸς
3575 1238 3788 1307 Κύριος.

2231 1330 2435 1400 Δηλοῦν
2479 1331 2535 1382 δὲ
2583 1331 2677 1383 καὶ
2707 1330 2817 1382 τῶν
2865 1329 3082 1398 πτερῶν
3109 1328 3206 1398 τὴν
3236 1328 3463 1396 διπλόην
3489 1328 3678 1379 πᾶσαν
3711 1326 3795 1394 τὴν

2231 1423 2312 1482 εἰς
2362 1423 2509 1491 ἡμᾶς
2542 1421 2611 1473 δι’
2647 1419 2829 1472 αὐτῶν
2881 1418 3181 1473 κατιοῦσαν
3209 1418 3433 1487 γνῶσιν,
3478 1418 3528 1470 εἰ
3577 1415 3678 1469 καὶ
3723 1415 3795 1466 διὰ

2231 1513 2340 1565 τῶν
2369 1513 2549 1566 ἀΰλων
2579 1514 2909 1568 διακονεῖται
2951 1513 3302 1579 πνευμάτων,
3336 1511 3436 1579 οὐχ
3478 1505 3667 1577 ἁπλῆν
3700 1506 3794 1557 ἀλλ’

2234 1606 2424 1674 ὑλικὴν
2472 1607 2737 1671 κατιέναι,
2781 1609 2846 1658 ὲκ
2896 1606 3005 1659 τῶν
3037 1603 3161 1658 καθ’
3199 1604 3346 1672 ἡμᾶς
3384 1602 3575 1654 τύπων
3612 1615 3677 1650 τε
3718 1599 3797 1649 καὶ

2235 1696 2528 1765 σχημάτων
2580 1697 2690 1757 τοῖς
2741 1696 3018 1757 συνθέτοις
3079 1693 3329 1747 σύνθετον
3369 1689 3793 1761 ἁρμοζομένην·

2236 1785 2455 1839 διπλοῦν
2495 1787 2551 1839 δὲ
2595 1786 2654 1839 τὸ
2708 1788 2896 1840 ὑλικὸν
2932 1787 3100 1850 ἅπαν,
3152 1783 3212 1852 ἐξ
3261 1785 3395 1855 ῦλης
3447 1785 3798 1853 συγκείμενον

562 1881 705 1945 dam,
735 1857 1052 1951 compositis
1085 1886 1413 1955 adaptatam,
1471 1903 1594 1943 cum
1637 1890 1832 1959 duplex
1865 1891 1936 1943 sit
1963 1899 2133 1942 mate-

2239 1879 2331 1930 καὶ
2378 1878 2568 1940 εἴδους.
2629 1881 2750 1932 Ἔτι
2805 1879 2862 1931 δὲ
2912 1880 3008 1932 καὶ
3049 1879 3150 1941 τὰς
3202 1877 3395 1948 νοεράς
3435 1876 3707 1944 δυνάμεις
3750 1871 3800 1936 ἐξ

564 1971 762 2027 riatum
787 1989 966 2038 omne,
993 1993 1054 2028 ex
1080 1979 1305 2031 materia
1325 1979 1615 2033 conflatum
1636 1991 1686 2033 et
1715 1981 1909 2034 forma.
1943 1981 2128 2046 Quan-

559 2078 722 2129 quam
752 2073 807 2117 et
846 2064 1034 2134 19m
1075 2067 1442 2137 iutelligibiles
1492 2081 1805 2138 potestates,
1847 2086 1911 2124 ex
1936 2071 2134 2124 sancti.

563 2154 814 2208 fieatione
841 2166 897 2208 et
927 2159 1251 2221 substantia,
1301 2162 1442 2222 quod
1477 2162 1778 2228 duplicibus
1799 2163 1898 2214 alis
1926 2161 2134 2230 signifi-

563 2248 772 2310 lieetur,
825 2247 1045 2301 conflari
1091 2250 1295 2305 volunt.
1347 2252 1570 2305 Certum
1611 2269 1737 2306 vero
1771 2255 1913 2322 quod
1943 2255 2131 2307 horum

562 2336 825 2404 cognitio,
871 2338 1263 2404 perfectissima
1298 2341 1412 2406 illa,
1462 2350 1516 2394 et
1548 2358 1666 2410 quae
1700 2359 1912 2398 omnem
1947 2343 2134 2411 cogni-

568 2429 732 2482 tionis
760 2431 1161 2499 simplicitatem
1211 2446 1450 2502 superat,
1509 2449 1565 2488 ιιι
1593 2453 1714 2505 qua:
1753 2438 1849 2492 soli
1881 2439 2131 2492 creatrici

563 2517 818 2574 Triuitati
886 2525 1207 2586 ascribatur,
1283 2522 1509 2581 inferior
1552 2538 1714 2598 atque
1765 2530 2134 2596 imperfectiOr

562 2613 855 2676 exsislens,
918 2630 1023 2667 non
1074 2617 1142 2667 ab
1177 2618 1321 2670 omni
1383 2618 1456 2671 sit
1503 2621 1892 2689 compositione
1944 2621 2131 2675 libera.

562 2703 642 2754 Ad
675 2701 788 2756 haec
833 2719 1014 2759 vocem
1055 2703 1288 2760 Sanetus
1335 2709 1454 2763 sine
1509 2710 1617 2762 ulla
1667 2712 2135 2778 coagmentatione

566 2792 852 2860 prolatam,
883 2805 936 2848 et
972 2797 1118 2851 nullo
1146 2800 1370 2852 omnino
1400 2801 1506 2854 alio
1539 2801 1909 2857 intercedente
1940 2817 2135 2868 provo-

564 2884 784 2950 t:abulo,
832 2887 1073 2942 iudicare
1119 2889 1444 2957 simplicem,
1493 2893 1715 2946 minime
1749 2895 2132 2960 compositum,

565 2976 919 3031 excellentem
951 2996 1013 3034 ac
1042 2993 1455 3036 sacrosanctum
1473 2986 1667 3038 divina.-
1691 2994 2133 3053 natumstatum,

568 3078 690 3116 cum
742 3067 886 3118 omni
945 3067 1046 3120 alia
1083 3081 1276 3124 natura
1315 3081 1368 3124 et
1401 3074 1752 3128 subsistentia
1784 3087 2131 3144 comparatae.

2234 1967 2506 2037 ἀγιασμοῦ
2541 1968 2634 2020 καὶ
2686 1969 2906 2033 οὐσίας,
2956 1967 2988 2020 ὃ
3021 1967 3082 2019 τὸ
3127 1967 3302 2020 διττὸν
3344 1967 3644 2018 αἰνίττεται
3707 1962 3799 2014 τῶν

2234 2060 2546 2131 πτερύγων,
2600 2061 2918 2128 συγκεῖσθαι
2972 2077 3135 2130 φασι*
3174 2060 3334 2131 δῆλον
3379 2060 3436 2112 δὲ
3492 2059 3567 2123 ὡς
3622 2061 3724 2111 καὶ
3771 2058 3798 2126 ὴ

2231 2152 2439 2204 τούτων
2477 2152 2676 2221 γνῶσις
2724 2153 2822 2221 τῆς
2865 2152 3146 2215 ὁλοτελοῦς
3189 2153 3284 2206 καὶ
3339 2151 3479 2220 ὑπὲρ
3527 2150 3798 2217 ἁπλότητα

2237 2244 2510 2311 γνώσεως,
2568 2245 2689 2314 ἥτις
2731 2244 2867 2315 μόνῃ
2925 2246 2991 2312 τῇ
3023 2245 3389 2314 δημιουργικῇ
3445 2243 3486 2294 Τ
3493 2242 3637 2313 ριάδι
3709 2243 3795 2308 ἀφ·

2234 2337 2464 2406 ὡρισται
2483 2376 2498 2400 ,
2529 2337 2894 2406 ὲλαττουμένη
2938 2342 3032 2388 καὶ
3066 2335 3128 2388 τὸ
3151 2336 3339 2398 ἀτελὲς
3361 2336 3560 2405 ἔχουσα
3587 2335 3691 2386 οὑκ
3727 2333 3798 2402 εἴη

2237 2429 2414 2496 πάσης
2443 2427 2665 2495 διπλόης
2695 2428 2754 2479 τὸ
2791 2427 3078 2497 ἐλεύθερον
3125 2427 3341 2497 ἔχουσα,
3378 2423 3731 2496 Παραδηλοῦν
3752 2421 3798 2476 δὲ

2235 2520 2328 2570 καὶ
2385 2519 2550 2588 αὑτὴν
2585 2520 2630 2549 ³ο
2679 2519 2775 2589 τὴν
2832 2519 2998 2588 ἅγιος
3049 2521 3274 2587 φωνὴν,

2235 2611 2626 2682 προαγομένην
2643 2613 2738 2663 καὶ
2757 2611 2890 2682 μηδὲ
2919 2610 3347 2681 μεσολαϐοῦντος
3368 2612 3554 2680 ἐτέρου
3575 2609 3801 2678 προσρήο

2237 2718 2429 2772 ματος,
2458 2701 2519 2753 τὸ
2545 2701 2750 2755 ἁπλοῦν
2776 2703 2870 2755 καὶ
2901 2701 3198 2756 ἀσύνθετον
3231 2702 3324 2755 καὶ
3351 2699 3691 2771 ἐξῃρημένον
3719 2699 3801 2751 καὶ

2235 2793 2501 2863 ἀϐέϐηλον
2562 2797 2668 2864 τῆς
2737 2793 2888 2857 θείας
2942 2793 3158 2863 φύσεως
3209 2794 3347 2866 πρὸς
3401 2794 3586 2846 πᾶσαν
3645 2791 3799 2860 ἀλλην

2238 2886 2399 2953 φύσιν
2449 2902 2508 2937 τε
2564 2886 2660 2938 καὶ
2713 2885 3031 2938 ὑπόστασιν·
3072 2884 3230 2938 τοῦτο
3275 2886 3333 2938 δὲ
3378 2883 3439 2936 τὺ
3469 2883 3661 2952 ἅγιος,
3704 2881 3800 2933 τῶν

2238 2977 2408 3044 ἁγίων
2453 2976 2784 3030 αἰνίττεσθαι
2813 2979 2872 3029 τὸ
2906 2977 3335 3048 ὑπεριδρυμένον
3360 2977 3456 3030 καὶ
3484 2974 3800 3046 ἀσύγκριτον

2238 3073 2374 3138 πρὸς
2401 3071 2581 3122 πᾶσαν
2611 3069 2778 3138 ἀλλην
2801 3069 3209 3140 ὀνομαζομένην
3233 3071 3499 3138 ἀγιότητα
3528 3083 3543 3098 ⁸
3576 3070 3669 3120 καὶ
3703 3067 3799 3135 γὰρ

3355 2515 3484 2570 ἄνευ
3536 2516 3799 2584 συνθήκης

570 3151 702 3208 lllud
730 3171 859 3211 vero
893 3155 1127 3214 Sanctus
1151 3174 1494 3229 sanctorum,
1526 3165 1789 3233 ejusmodi
1827 3169 2134 3238 significare

2241 3163 2334 3215 καὶ
2365 3162 2478 3214 ὅσοι
2505 3161 2590 3214 διὰ
2620 3160 2680 3213 τὸ
2707 3163 2865 3212 Θεῖον
2895 3162 3041 3229 ἆγιοι
3071 3161 3341 3229 λέγονται,
3395 3159 3613 3230 βέϐηλοε
3640 3175 3701 3211 τε
3740 3159 3796 3211 ἂν

569 3249 1010 3314 sanctimoniam,
1073 3268 1192 3320 quae
1220 3255 1292 3309 sit
1331 3244 1492 3326 supra
1527 3274 1742 3313 onmem
1788 3261 1972 3325 aliam,
2019 3279 2140 3332 quae

571 3343 840 3397 nominari
905 3346 1096 3413 possit,
1146 3347 1458 3403 collocata:
1493 3350 1826 3420 ntinimcque
1873 3367 1996 3406 cum
2051 3355 2138 3408 illa

571 3437 965 3500 componenda.
1010 3435 1287 3507 Quotquot
1336 3440 1480 3493 enim
1515 3443 1583 3495 ob
1619 3441 1862 3496 divinam
1907 3446 2138 3512 gratiam

571 3525 746 3576 sancti
792 3524 1066 3590 dicuntur,
1115 3530 1325 3596 profani
1370 3532 1572 3601 alioqui
1606 3544 1769 3602 atque
1802 3535 1997 3604 impuri
2031 3553 2142 3593 me-

574 3617 680 3669 rito
709 3616 946 3683 judicari
978 3631 1199 3688 queant,
1233 3623 1278 3677 si
1310 3639 1433 3678 cum
1468 3625 1576 3678 Deo
1609 3640 2027 3696 componantur.
2075 3632 2143 3686 Ut

571 3718 626 3760 et
649 3725 840 3764 omnes
871 3727 1044 3779 reges,
1095 3716 1261 3777 servi,
1304 3725 1358 3770 et
1383 3715 1720 3781 exsisteutia,
1743 3735 1848 3772 non
1869 3722 2142 3775 exsisten-

575 3801 669 3862 tia,
697 3802 763 3856 ad
795 3818 917 3856 eum
944 3805 1033 3874 qtti
1068 3822 1256 3860 revera
1282 3807 1734 3864 exsistitcollata.
1757 3811 2140 3868 Excellentiam

575 3892 762 3959 igitur,
809 3904 868 3946 ut
908 3897 1108 3950 dictum
1150 3907 1251 3964 est,
1297 3915 1361 3954 ac
1389 3901 1670 3970 singulare
1697 3903 1852 3972 quid,
1890 3915 1943 3958 et
1980 3920 2143 3974 supra

575 3982 792 4052 reliqua:
821 3998 1084 4040 creaturae
1103 3989 1364 4044 terminos
1413 3991 1481 4045 de
1510 3993 1621 4045 Deo
1673 3993 1885 4048 nuntiat
1921 3995 2142 4051 verbum

574 4073 700 4127 illud
721 4075 972 4131 Sanctus.
1000 4080 1260 4133 Sanctum
1279 4081 1424 4134 enim
1455 4083 1541 4136 hic
1573 4083 1746 4150 dicas,
1779 4100 1886 4139 non
1907 4088 2046 4155 quod
2076 4087 2154 4153 ab

570 4167 713 4221 omni
741 4169 918 4234 sorde,
955 4186 1074 4240 quae
1099 4187 1294 4241 corpus
1333 4186 1428 4229 aut
1455 4178 1693 4231 animam
1728 4179 1994 4248 inquinat,
2045 4195 2145 4249 pu-

573 4275 692 4313 rum
723 4271 844 4328 est;
880 4277 1244 4331 nequaquam.
1286 4266 1544 4330 Quaenam
1577 4270 1722 4323 enim
1761 4271 1849 4323 illa
1875 4271 1970 4326 Dei
2005 4274 2143 4337 laus,

571 4361 665 4406 attt
693 4355 870 4424 potius
906 4359 1182 4426 quomodo
1222 4375 1326 4413 non
1362 4371 1605 4416 extrema
1651 4362 1769 4430 ejus
1815 4365 2144 4433 vituperatio

572 4444 663 4509 sit,
700 4446 744 4499 si
778 4447 830 4502 id
865 4449 1196 4504 laudationis
1221 4451 1338 4506 loco
1380 4466 1696 4522 usurpetur,
1733 4456 1875 4526 quod
1901 4455 2042 4510 Deus
2075 4460 2141 4511 ab

2243 3258 2560 3328 κριθείησαν
2612 3259 2708 3309 καὶ
2759 3253 3058 3324 ἀκάθαρτοι
3117 3252 3593 3321 παραϐαλλόμενοι
3649 3247 3797 3318 Θεῷ,

2242 3349 2430 3420 ὥσπερ
2464 3352 2556 3403 καὶ
2585 3351 2786 3410 πάντες
2820 3349 2868 3399 οἱ
2906 3347 3142 3410 βασιλεῖς
3185 3345 3388 3410 δοῦλοι,
3441 3344 3536 3396 καὶ
3574 3342 3648 3411 μὴ
3680 3341 3796 3394 ὂντα

2241 3442 2308 3495 τὰ
2342 3442 2472 3494 ὄντα
2499 3441 2634 3511 πρὸς
2663 3441 2753 3493 τὸν
2775 3440 2943 3502 ὅντως
2975 3439 3104 3491 ὅντα
3137 3437 3521 3506 ἐξεταζόμενα.
3555 3434 3626 3485 Τὸ
3661 3431 3794 3496 ἐξαί-

2247 3545 2399 3601 ρετον
2444 3531 2642 3593 τοίνυν,
2701 3529 2778 3592 ὡς
2828 3530 3068 3600 εἴρηται,
3127 3528 3222 3580 καὶ
3283 3524 3666 3597 μεμονωμένον
3713 3523 3799 3574 καὶ

2244 3624 2424 3692 πάσης
2441 3623 2605 3691 ἄλλης
2627 3622 2916 3690 ὑπερόριον
2940 3620 3154 3689 φύσεως
3182 3620 3276 3672 ἐπὶ
3302 3618 3438 3672 Θεοῦ
3457 3615 3800 3686 καταγγέλλει

2241 3714 2306 3766 τὸ
2360 3712 2548 3782 ἅγιος.
2614 3711 2740 3783 [608
2790 3711 2882 3783 [1.]
2921 3711 3110 3778 ’Ἀγιον
3163 3711 3274 3782 γὰρ
3325 3709 3561 3764 ἐνταῦθα
3607 3708 3720 3787 οὑχ).
3745 3705 3800 3757 τὸ

2247 3804 2418 3874 ῥύπου
2477 3802 2621 3866 τινὸς
2672 3804 2916 3873 καθαρόν
2966 3800 3106 3858 εἶναι
3138 3805 3229 3858 διὰ
3274 3802 3525 3874 σώματος
3569 3802 3601 3872 ἢ
3641 3799 3798 3870 ψυχῆς

2244 3895 2611 3960 διαϐαίνοντος
2629 3913 2642 3924 ·
2663 3895 2866 3963 ἄπαγε·
2901 3896 3004 3948 ποῦ
3022 3897 3131 3968 γὰρ
3145 3895 3419 3964 ἐγκώμιον
3438 3894 3598 3957 Θεοῦ,
3619 3892 3798 3963 μᾶλλον

2245 3987 2301 4040 δὲ
2329 3987 2445 4050 πῶς
2481 3988 2582 4041 οὐκ
2615 3988 2839 4056 ἔσχατος
2869 3987 3034 4057 ψόγος
3057 3991 3138 4052 εἰς
3171 3988 3338 4059 ὕμνον
3366 3985 3799 4058 παραλαμόάνειν

2244 4081 2306 4132 τὸ
2355 4079 2545 4132 παθῶν
2589 4080 2938 4149 ἀπηλλάχθαι
2985 4081 3046 4133 τὸ
3087 4082 3241 4134 Θείον
3267 4081 3449 4148 λέγειν
3480 4078 3588 4132 τῶν
3616 4075 3795 4148 ἡμετέ-

2248 4189 2390 4244 ρων;
2426 4173 2565 4226 ἀλλά
2591 4174 2652 4226 τὸ
2685 4174 3070 4244 ἀφωρισμένον
3098 4175 3193 4226 καὶ
3238 4171 3666 4243 ὑπεριδρυμένον
3699 4167 3796 4219 τῶν

2247 4267 2424 4328 ἄλλων
2447 4267 2704 4320 ἁπάντων
2735 4269 2829 4320 καί
2851 4267 3279 4337 ἀνακεχωρηκὸς
3305 4268 3557 4335 ἀνυμνεῖ.
3586 4262 3797 4332 Σύνηθες

2247 4358 2304 4410 δὲ
2329 4360 2396 4428 τῇ
2436 4358 2557 4427 θεία
2582 4359 2772 4428 Γραφῇ
2816 4360 2876 4410 τὸ
2922 4359 3162 4411 τοιοῦτον
3198 4363 3294 4430 τῆς
3325 4358 3527 4425 λέξεως
3559 4353 3794 4423 σημαινό-

2250 4467 2431 4520 μενον,
2483 4449 2558 4512 ὼς
2609 4451 2671 4502 τὸ
2695 4490 2712 4512 ,
2763 4448 2893 4505 Πᾶν
2925 4451 2968 4482 ³¹
3023 4449 3216 4519 ἄρσεν
3250 4451 3558 4519 διανοῖγον
3583 4447 3796 4517 μήτραν

572 4536 949 4593 affectionibus
981 4544 1185 4596 nostris
1217 4543 1352 4598 liber
1380 4546 1655 4600 exsistat?
1699 4525 1808 4601 sed
1836 4548 2136 4602 distinctam

2251 4543 2426 4612 ἅγιον
2461 4541 2541 4607 τῷ
2559 4545 2756 4610 Κυρίῳ
2789 4544 3182 4609 κληθήσεται,
3206 4543 3487 4596 τουτέστιν
3512 4525 3796 4609 ἀφωρισμέ-

573 4628 582 4696 |
614 4628 705 4680 Dei
726 4640 970 4683 naturam
1003 4646 1108 4686 vox
1139 4631 1266 4703 ilia]
1295 4646 1350 4688 et
1374 4635 1586 4688 caeteris
1606 4635 1860 4689 omnibus
1897 4639 2145 4691 antecel-

572 4729 795 4781 lentem,
844 4732 1009 4791 atque
1064 4725 1132 4776 ab
1167 4724 1234 4778 iis
1274 4725 1580 4794 sejunctam
1615 4728 1896 4796 praedicat.
1959 4728 2146 4799 Neque

573 4822 701 4863 vero
730 4810 948 4866 insolita
974 4813 1146 4867 sacris
1163 4814 1383 4868 Litteris
1404 4816 1671 4886 ejusmodi
1709 4818 1871 4886 ltujus
1898 4822 2147 4877 vocabuli

574 4902 919 4972 significatio,
970 4913 1031 4960 ut
1080 4907 1152 4961 ibi
1190 4923 1206 4960 :
1241 4907 1407 4961 Omne
1453 4910 1806 4964 masculinum
1837 4915 2145 4982 adaperiam

575 4993 797 5060 vulvam,
834 5006 1073 5050 sanctum
1096 4998 1320 5053 Domino
1344 5002 1693 5073 accubitum“,
1740 5006 1841 5059 huc
1865 5015 1968 5072 est,
2006 5008 2147 5063 sele-

571 5092 740 5137 ctuut.
783 5085 848 5139 Et
875 5102 1088 5142 rursum
1118 5089 1368 5146 Judicum
1409 5092 1595 5147 libro:
1629 5091 1814 5148 Pariea
1851 5094 2046 5163 ﬁlium,
2101 5108 2148 5151 et

2253 4651 2366 4687 νον.
2399 4635 2509 4688 Καὶ
2546 4634 2708 4687 πάλιν
2745 4637 2807 4688 ὲν
2836 4638 2947 4698 τοῖς
2980 4634 3209 4706 Κριταῖς
3239 4635 3308 4666 ³¹’
3356 4633 3505 4701 Τέξῃ
3544 4633 3683 4693 υἱὸν,
3705 4626 3792 4680 καὶ

2251 4727 2366 4779 οὐκ
2403 4725 2771 4790 ἀναϐήσεται
2802 4727 3054 4794 σίδηρος
3100 4727 3198 4780 ἐπὶ
3236 4727 3354 4794 τὴν
3400 4723 3669 4795 κεφαλὴν
3707 4719 3793 4771 αὐ-

2249 4817 2379 4882 τοῦ,
2405 4817 2497 4869 ὅτι
2516 4819 2892 4886 ἡγιασμένον
2919 4819 3052 4872 ἐστὶ
3074 4821 3140 4872 τὸ
3170 4819 3511 4885 παιδάριον,
3532 4817 3621 4870 καὶ
3649 4809 3792 4883 μυρία

2251 4908 2408 4962 ἄλλα.
2446 4907 2601 4961 Οὕτω
2659 4909 2722 4980 δὴ
2771 4913 2866 4962 καὶ
2918 4910 3243 4978 ἀγιάζεσθαι
3290 4911 3382 4962 τὸν
3429 4910 3592 4962 τόπον
3631 4905 3662 4976 ἢ
3713 4901 3792 4953 τὸν

2255 5003 2419 5072 ἄρτον
2451 5001 2486 5071 ἢ
2523 5001 2616 5054 τὸν
2663 4997 2825 5067 οἶνον,
2876 5003 2912 5057 ἃ.
2943 5003 3023 5073 τῷ
3060 5003 3181 5074 Θεῷ
3227 5013 3410 5074 (pan
3473 4995 3788 5072 ἀφορίζεσθαι

2257 5091 2510 5162 καὶπρὸς
2540 5092 2813 5163 μηδεμίαν
2845 5097 3030 5164 κοινὴν
3056 5095 3432 5165 ὑποφέρεσθαι
3471 5094 3669 5164 χρῆσιν.

479 5247 498 5268 ,
577 5193 679 5229 nou
718 5177 959 5232 ascendet
987 5179 1186 5248 ferrum
1211 5198 1369 5250 super
1395 5196 1550 5254 caput
1577 5188 1711 5254 ejus,
1749 5188 1873 5257 quia
1911 5189 2278 5257 sanctiﬁcatus
2320 5184 2458 5252 (47⁸)
2504 5195 2580 5238 εει
2615 5202 2762 5254 puer.
2801 5189 3030 5258 Aliaque
3059 5199 3337 5244 sexcenta.
3381 5186 3474 5242 Sic
3517 5197 3642 5241 sane
3685 5192 3787 5233 san-

645 5355 694 5387 ⁸⁵
729 5354 832 5409 lsa.
871 5371 947 5418 νι,
981 5355 1017 5408 2
1051 5370 1208 5424 seqq.

1284 5355 1330 5386 ⁵⁵
1389 5353 1548 5407 Num.
1580 5370 1698 5416 vnt,
1736 5355 1838 5422 16;
1887 5353 2019 5409 Luc.
2055 5371 2116 5421 ιι,
2157 5355 2250 5411 25.

1848 5467 2082 5523 νΑιιιλΕ
2120 5465 2523 5524 LECTIONES.

648 5562 692 5593 ³⁸
717 5560 818 5632 τὴν
851 5561 931 5633 ἐν]
981 5561 1086 5615 lsa.
1152 5577 1229 5626 νι,
1266 5561 1321 5614 2.
1399 5560 1442 5591 ³ο
1470 5560 1640 5632 αὐτὴν
1692 5561 1815 5615 add.
1841 5562 1906 5614 A.
1981 5561 2024 5592 ³¹
2051 5558 2183 5634 πᾶν]
2239 5560 2368 5614 an.
2403 5575 2463 5624 ll,
2494 5559 2584 5614 25.
2664 5561 2710 5592 ³⁸
2742 5558 2994 5630 Κριταῖς]
3060 5559 3148 5624 15,
3173 5559 3224 5612 5.

2092 5651 2326 5707 NOTAE.

655 5750 788 5821 (ιτα)
825 5747 1000 5804 Judic.
1035 5767 1154 5814 xm,
1300 5751 1354 5804 ln
1406 5749 1562 5816 Vulg.
1599 5757 1652 5802 et
1679 5746 1825 5821 LXX
1854 5747 2156 5802 .Vazarwus
2187 5748 2423 5818 legitur:
2461 5765 2582 5820 qua:
2621 5765 2722 5804 vox
2753 5747 2998 5804 Hebraeis
3037 5757 3298 5810 sanctum,
3332 5742 3416 5799 vel
3437 5735 3780 5805 sanctiﬁcatum

585 5819 874 5892 sigtttIiCal,
904 5833 960 5876 ut
1013 5825 1152 5890 apud
1185 5822 1242 5876 Β.
1278 5821 1590 5889 Hierouytu.
1628 5819 1832 5873 videas.
