  <div class='ocr_page' id='page_1' title='image "/cluster/home/n/w/nwhite01/storage/ocr_20150623/103/hvd.32044018872861/392.png"; bbox 0 0 4014 6408; ppageno 0'>
   <div class='ocr_carea' id='block_1_1' title="bbox 312 428 416 491">
    <p class='ocr_par' dir='ltr' id='par_1_1' title="bbox 312 428 416 491">
     <span class='ocr_line' id='line_1_1' title="bbox 312 428 416 491; baseline 0.029 -3"><span class='ocrx_word' id='word_1_1' title='bbox 312 428 416 491; x_wconf 67' lang='grc' dir='ltr'><strong>τυο</strong></span> 
     </span>
    </p>
   </div>
   <div class='ocr_carea' id='block_1_2' title="bbox 1345 437 2502 503">
    <p class='ocr_par' dir='ltr' id='par_1_2' title="bbox 1345 437 2502 503">
     <span class='ocr_line' id='line_1_2' title="bbox 1345 437 2502 503; baseline 0.005 -7"><span class='ocrx_word' id='word_1_2' title='bbox 1345 437 1874 500; x_wconf 84' lang='lat' dir='ltr'><strong>BIBLIOTIIECA.</strong></span> <span class='ocrx_word' id='word_1_3' title='bbox 1917 464 1987 477; x_wconf 81' lang='lat'><strong>-</strong></span> <span class='ocrx_word' id='word_1_4' title='bbox 2020 440 2184 503; x_wconf 88' lang='lat' dir='ltr'><strong>COD.</strong></span> <span class='ocrx_word' id='word_1_5' title='bbox 2219 441 2502 502; x_wconf 80' lang='lat' dir='ltr'><strong>CCXXII.</strong></span> 
     </span>
    </p>
   </div>
   <div class='ocr_carea' id='block_1_3' title="bbox 3468 451 3575 514">
    <p class='ocr_par' dir='ltr' id='par_1_3' title="bbox 3468 451 3575 514">
     <span class='ocr_line' id='line_1_3' title="bbox 3468 451 3575 514; baseline 0 -1"><span class='ocrx_word' id='word_1_6' title='bbox 3468 451 3575 514; x_wconf 85' lang='lat'><strong>770</strong></span> 
     </span>
    </p>
   </div>
   <div class='ocr_carea' id='block_1_4' title="bbox 311 546 3576 624">
    <p class='ocr_par' dir='ltr' id='par_1_4' title="bbox 311 546 3576 624">
     <span class='ocr_line' id='line_1_4' title="bbox 311 546 3576 624; baseline 0.006 -24"><span class='ocrx_word' id='word_1_7' title='bbox 311 546 507 600; x_wconf 81' lang='lat' dir='ltr'><strong>tilieari</strong></span> <span class='ocrx_word' id='word_1_8' title='bbox 544 546 743 612; x_wconf 83' lang='lat' dir='ltr'><strong>locum,</strong></span> <span class='ocrx_word' id='word_1_9' title='bbox 776 549 855 600; x_wconf 87' lang='lat' dir='ltr'><strong>ve&#39;</strong></span> <span class='ocrx_word' id='word_1_10' title='bbox 889 562 1102 618; x_wconf 81' lang='lat' dir='ltr'><strong>panem,</strong></span> <span class='ocrx_word' id='word_1_11' title='bbox 1162 551 1241 604; x_wconf 90' lang='lat' dir='ltr'><strong>vel</strong></span> <span class='ocrx_word' id='word_1_12' title='bbox 1275 551 1456 606; x_wconf 87' lang='lat' dir='ltr'><strong>vinmn</strong></span> <span class='ocrx_word' id='word_1_13' title='bbox 1485 555 1735 619; x_wconf 75' lang='lat' dir='ltr'><strong>dicimus,</strong></span> <span class='ocrx_word' id='word_1_14' title='bbox 1772 572 1890 624; x_wconf 85' lang='lat' dir='ltr'><strong>quae</strong></span> <span class='ocrx_word' id='word_1_15' title='bbox 1920 558 2026 612; x_wconf 87' lang='lat' dir='ltr'><strong>Deo</strong></span> <span class='ocrx_word' id='word_1_16' title='bbox 2058 568 2438 624; x_wconf 91' lang='lat' dir='ltr'><strong>secernuntur,</strong></span> <span class='ocrx_word' id='word_1_17' title='bbox 2464 566 2515 611; x_wconf 87' lang='lat' dir='ltr'><strong>et</strong></span> <span class='ocrx_word' id='word_1_18' title='bbox 2545 559 2609 609; x_wconf 88' lang='lat' dir='ltr'><strong>ad</strong></span> <span class='ocrx_word' id='word_1_19' title='bbox 2639 557 2844 612; x_wconf 85' lang='lat' dir='ltr'><strong>nullum</strong></span> <span class='ocrx_word' id='word_1_20' title='bbox 2903 571 3246 616; x_wconf 87' lang='lat' dir='ltr'><strong>communem</strong></span> <span class='ocrx_word' id='word_1_21' title='bbox 3299 579 3455 619; x_wconf 90' lang='lat' dir='ltr'><strong>usum</strong></span> <span class='ocrx_word' id='word_1_22' title='bbox 3492 583 3576 621; x_wconf 85' lang='lat' dir='ltr'><strong>re-</strong></span> 
     </span>
    </p>
   </div>
   <div class='ocr_carea' id='block_1_5' title="bbox 308 638 582 694">
    <p class='ocr_par' dir='ltr' id='par_1_5' title="bbox 308 638 582 694">
     <span class='ocr_line' id='line_1_5' title="bbox 308 638 582 694; baseline 0.007 -3"><span class='ocrx_word' id='word_1_23' title='bbox 308 638 582 694; x_wconf 83' lang='lat' dir='ltr'><strong>feruntur.</strong></span> 
     </span>
    </p>
   </div>
   <div class='ocr_carea' id='block_1_6' title="bbox 379 730 1885 810">
    <p class='ocr_par' dir='ltr' id='par_1_6' title="bbox 379 730 1885 807">
     <span class='ocr_line' id='line_1_6' title="bbox 379 730 1885 807; baseline 0.007 -27"><span class='ocrx_word' id='word_1_24' title='bbox 379 732 472 790; x_wconf 68' lang='lat' dir='ltr'><strong>Et;</strong></span> <span class='ocrx_word' id='word_1_25' title='bbox 539 730 722 783; x_wconf 81' lang='grc' dir='ltr'>πίστιν</span> <span class='ocrx_word' id='word_1_26' title='bbox 775 731 834 784; x_wconf 81' lang='grc' dir='ltr'>δὲ</span> <span class='ocrx_word' id='word_1_27' title='bbox 889 733 1160 802; x_wconf 83' lang='grc' dir='ltr'><strong>παράγειν</strong></span> <span class='ocrx_word' id='word_1_28' title='bbox 1207 735 1527 806; x_wconf 79' lang='grc' dir='ltr'>ἐπιχειρεῖ,</span> <span class='ocrx_word' id='word_1_29' title='bbox 1583 739 1774 807; x_wconf 65' lang='grc' dir='ltr'>ὅτιπερ</span> <span class='ocrx_word' id='word_1_30' title='bbox 1843 742 1885 791; x_wconf 68' lang='grc' dir='ltr'>ατ</span> 
     </span>
    </p>
   </div>
   <div class='ocr_carea' id='block_1_7' title="bbox 1991 730 3574 810">
    <p class='ocr_par' dir='ltr' id='par_1_7' title="bbox 2075 735 3574 810">
     <span class='ocr_line' id='line_1_7' title="bbox 2075 735 3574 810; baseline 0.003 -19"><span class='ocrx_word' id='word_1_31' title='bbox 2075 737 2258 791; x_wconf 82' lang='lat' dir='ltr'><strong>Fidem</strong></span> <span class='ocrx_word' id='word_1_32' title='bbox 2301 751 2430 790; x_wconf 82' lang='lat' dir='ltr'><strong>vero</strong></span> <span class='ocrx_word' id='word_1_33' title='bbox 2454 747 2510 788; x_wconf 91' lang='lat' dir='ltr'><strong>ut</strong></span> <span class='ocrx_word' id='word_1_34' title='bbox 2545 735 2816 790; x_wconf 84' lang='lat' dir='ltr'><strong>faciathis</strong></span> <span class='ocrx_word' id='word_1_35' title='bbox 2859 737 3025 808; x_wconf 75' lang='lat' dir='ltr'><strong>(quod</strong></span> <span class='ocrx_word' id='word_1_36' title='bbox 3061 740 3300 794; x_wconf 67' lang='lat' dir='ltr'><strong>materia:</strong></span> <span class='ocrx_word' id='word_1_37' title='bbox 3327 752 3574 810; x_wconf 76' lang='lat' dir='ltr'><strong>expertes</strong></span> 
     </span>
    </p>
   </div>
   <div class='ocr_carea' id='block_1_8' title="bbox 309 823 1890 895">
    <p class='ocr_par' dir='ltr' id='par_1_8' title="bbox 309 823 1890 895">
     <span class='ocr_line' id='line_1_8' title="bbox 309 823 1890 895; baseline 0.004 -19"><span class='ocrx_word' id='word_1_38' title='bbox 309 823 463 876; x_wconf 80' lang='grc' dir='ltr'>ᾰῡλοι</span> <span class='ocrx_word' id='word_1_39' title='bbox 529 823 790 892; x_wconf 69' lang='grc' dir='ltr'>δυνάμεις</span> <span class='ocrx_word' id='word_1_40' title='bbox 845 824 1042 887; x_wconf 80' lang='grc' dir='ltr'><strong>ὑλικῶς</strong></span> <span class='ocrx_word' id='word_1_41' title='bbox 1105 829 1216 890; x_wconf 86' lang='grc' dir='ltr'>τοῖς</span> <span class='ocrx_word' id='word_1_42' title='bbox 1285 827 1496 895; x_wconf 80' lang='grc' dir='ltr'>ἡλικοῖς</span> <span class='ocrx_word' id='word_1_43' title='bbox 1550 829 1620 879; x_wconf 78' lang='grc' dir='ltr'>τὰ</span> <span class='ocrx_word' id='word_1_44' title='bbox 1684 829 1890 882; x_wconf 85' lang='grc' dir='ltr'>ἄνωθεν</span> 
     </span>
    </p>
   </div>
   <div class='ocr_carea' id='block_1_9' title="bbox 304 913 1892 988">
    <p class='ocr_par' dir='ltr' id='par_1_9' title="bbox 304 913 1892 988">
     <span class='ocr_line' id='line_1_9' title="bbox 304 913 1892 988; baseline 0.003 -22"><span class='ocrx_word' id='word_1_45' title='bbox 304 913 801 984; x_wconf 86' lang='grc' dir='ltr'>διαπορθμεύουσι,</span> <span class='ocrx_word' id='word_1_46' title='bbox 845 917 945 984; x_wconf 80' lang='grc' dir='ltr'>τὴν</span> <span class='ocrx_word' id='word_1_47' title='bbox 995 914 1186 966; x_wconf 73' lang='grc' dir='ltr'>λαόἰδα</span> <span class='ocrx_word' id='word_1_48' title='bbox 1214 915 1278 978; x_wconf 76' lang='grc'><strong>³³,</strong></span> <span class='ocrx_word' id='word_1_49' title='bbox 1311 916 1378 986; x_wconf 78' lang='grc' dir='ltr'>ἢν</span> <span class='ocrx_word' id='word_1_50' title='bbox 1408 916 1466 970; x_wconf 83' lang='grc' dir='ltr'>ἒν</span> <span class='ocrx_word' id='word_1_51' title='bbox 1492 917 1602 968; x_wconf 83' lang='grc' dir='ltr'><strong>τῶν</strong></span> <span class='ocrx_word' id='word_1_52' title='bbox 1640 919 1892 988; x_wconf 72' lang='grc' dir='ltr'>Σεραφίμ</span> 
     </span>
    </p>
   </div>
   <div class='ocr_carea' id='block_1_10' title="bbox 309 1006 1892 1080">
    <p class='ocr_par' dir='ltr' id='par_1_10' title="bbox 309 1006 1892 1080">
     <span class='ocr_line' id='line_1_10' title="bbox 309 1006 1892 1080; baseline 0.003 -22"><span class='ocrx_word' id='word_1_53' title='bbox 309 1006 448 1076; x_wconf 83' lang='grc' dir='ltr'>πρὸς</span> <span class='ocrx_word' id='word_1_54' title='bbox 476 1006 569 1058; x_wconf 75' lang='grc' dir='ltr'><strong>τὸν</strong></span> <span class='ocrx_word' id='word_1_55' title='bbox 616 1008 903 1078; x_wconf 73' lang='grc' dir='ltr'><strong>προφήτην</strong></span> <span class='ocrx_word' id='word_1_56' title='bbox 951 1007 1410 1077; x_wconf 83' lang='grc' dir='ltr'>ἀποστελλόμενον</span> <span class='ocrx_word' id='word_1_57' title='bbox 1451 1008 1612 1080; x_wconf 75' lang='grc' dir='ltr'>ἔφερε</span> <span class='ocrx_word' id='word_1_58' title='bbox 1634 1052 1648 1074; x_wconf 88' lang='grc'><em>,</em></span> <span class='ocrx_word' id='word_1_59' title='bbox 1683 1011 1772 1062; x_wconf 77' lang='grc' dir='ltr'>τὸν</span> <span class='ocrx_word' id='word_1_60' title='bbox 1806 1011 1892 1063; x_wconf 81' lang='grc' dir='ltr'><strong>ἄν·</strong></span> 
     </span>
    </p>
   </div>
   <div class='ocr_carea' id='block_1_11' title="bbox 309 1100 1891 1173">
    <p class='ocr_par' dir='ltr' id='par_1_11' title="bbox 309 1100 1891 1173">
     <span class='ocr_line' id='line_1_11' title="bbox 309 1100 1891 1173; baseline 0.002 -20"><span class='ocrx_word' id='word_1_61' title='bbox 309 1100 495 1170; x_wconf 86' lang='grc' dir='ltr'>θρακα</span> <span class='ocrx_word' id='word_1_62' title='bbox 525 1100 820 1170; x_wconf 81' lang='grc' dir='ltr'>φέρουσαν.</span> <span class='ocrx_word' id='word_1_63' title='bbox 844 1101 1010 1170; x_wconf 80' lang='grc' dir='ltr'>Δῆλον</span> <span class='ocrx_word' id='word_1_64' title='bbox 1037 1101 1146 1172; x_wconf 82' lang='grc' dir='ltr'><strong>γὰρ</strong></span> <span class='ocrx_word' id='word_1_65' title='bbox 1178 1101 1252 1165; x_wconf 86' lang='grc' dir='ltr'>ὼς</span> <span class='ocrx_word' id='word_1_66' title='bbox 1289 1103 1348 1154; x_wconf 82' lang='grc' dir='ltr'>ὲν</span> <span class='ocrx_word' id='word_1_67' title='bbox 1395 1107 1726 1172; x_wconf 80' lang='grc' dir='ltr'>σωματικοῖς</span> <span class='ocrx_word' id='word_1_68' title='bbox 1751 1121 1891 1173; x_wconf 90' lang='grc' dir='ltr'>συμ-</span> 
     </span>
    </p>
   </div>
   <div class='ocr_carea' id='block_1_12' title="bbox 309 1191 1879 1266">
    <p class='ocr_par' dir='ltr' id='par_1_12' title="bbox 309 1191 1879 1266">
     <span class='ocr_line' id='line_1_12' title="bbox 309 1191 1879 1266; baseline 0.003 -22"><span class='ocrx_word' id='word_1_69' title='bbox 309 1191 492 1256; x_wconf 78' lang='grc' dir='ltr'>ϐόλοις</span> <span class='ocrx_word' id='word_1_70' title='bbox 514 1193 824 1262; x_wconf 82' lang='grc' dir='ltr'><strong>ἀσωμάτων</strong></span> <span class='ocrx_word' id='word_1_71' title='bbox 849 1192 1013 1246; x_wconf 84' lang='grc' dir='ltr'>τινῶν</span> <span class='ocrx_word' id='word_1_72' title='bbox 1040 1195 1134 1246; x_wconf 75' lang='grc' dir='ltr'><strong>καὶ</strong></span> <span class='ocrx_word' id='word_1_73' title='bbox 1167 1195 1373 1264; x_wconf 80' lang='grc' dir='ltr'>νοητῶν</span> <span class='ocrx_word' id='word_1_74' title='bbox 1405 1197 1438 1266; x_wconf 83' lang='grc' dir='ltr'><strong>ή</strong></span> <span class='ocrx_word' id='word_1_75' title='bbox 1461 1197 1753 1266; x_wconf 82' lang='grc' dir='ltr'><strong>ἀσώματος</strong></span> <span class='ocrx_word' id='word_1_76' title='bbox 1786 1196 1879 1249; x_wconf 87' lang='grc' dir='ltr'>δύ-</span> 
     </span>
    </p>
   </div>
   <div class='ocr_carea' id='block_1_13' title="bbox 305 1283 1892 1358">
    <p class='ocr_par' dir='ltr' id='par_1_13' title="bbox 305 1283 1892 1358">
     <span class='ocr_line' id='line_1_13' title="bbox 305 1283 1892 1358; baseline 0.003 -21"><span class='ocrx_word' id='word_1_77' title='bbox 305 1301 474 1354; x_wconf 85' lang='grc' dir='ltr'>ναμις</span> <span class='ocrx_word' id='word_1_78' title='bbox 513 1283 780 1354; x_wconf 82' lang='grc' dir='ltr'><strong>ὑπεδήλου</strong></span> <span class='ocrx_word' id='word_1_79' title='bbox 807 1283 884 1354; x_wconf 83' lang='grc' dir='ltr'>τῷ</span> <span class='ocrx_word' id='word_1_80' title='bbox 919 1287 1173 1356; x_wconf 78' lang='grc' dir='ltr'><strong>προφήτῃ</strong></span> <span class='ocrx_word' id='word_1_81' title='bbox 1196 1288 1493 1356; x_wconf 76' lang='grc' dir='ltr'><strong>μυστήρια,</strong></span> <span class='ocrx_word' id='word_1_82' title='bbox 1533 1287 1892 1358; x_wconf 79' lang='grc' dir='ltr'><strong>διδασκούσης</strong></span> 
     </span>
    </p>
   </div>
   <div class='ocr_carea' id='block_1_14' title="bbox 306 1377 1888 1448">
    <p class='ocr_par' dir='ltr' id='par_1_14' title="bbox 306 1377 1888 1448">
     <span class='ocr_line' id='line_1_14' title="bbox 306 1377 1888 1448; baseline 0.001 -20"><span class='ocrx_word' id='word_1_83' title='bbox 306 1378 456 1447; x_wconf 73' lang='grc' dir='ltr'>ἡμᾶς</span> <span class='ocrx_word' id='word_1_84' title='bbox 494 1377 593 1446; x_wconf 74' lang='grc' dir='ltr'>τῆς</span> <span class='ocrx_word' id='word_1_85' title='bbox 629 1377 781 1446; x_wconf 84' lang='grc' dir='ltr'>ἱερᾶς</span> <span class='ocrx_word' id='word_1_86' title='bbox 809 1377 1030 1446; x_wconf 80' lang='grc' dir='ltr'>Γραφῆς</span> <span class='ocrx_word' id='word_1_87' title='bbox 1064 1378 1165 1441; x_wconf 78' lang='grc' dir='ltr'>ὅτι,</span> <span class='ocrx_word' id='word_1_88' title='bbox 1200 1377 1452 1448; x_wconf 87' lang='grc' dir='ltr'>καθάπερ</span> <span class='ocrx_word' id='word_1_89' title='bbox 1474 1377 1574 1430; x_wconf 86' lang='grc' dir='ltr'><strong>οὑκ</strong></span> <span class='ocrx_word' id='word_1_90' title='bbox 1599 1377 1744 1430; x_wconf 76' lang='grc' dir='ltr'>ἔστιν</span> <span class='ocrx_word' id='word_1_91' title='bbox 1760 1377 1888 1430; x_wconf 83' lang='grc' dir='ltr'>ἄνευ</span> 
     </span>
    </p>
   </div>
   <div class='ocr_carea' id='block_1_15' title="bbox 309 1467 1888 1542">
    <p class='ocr_par' dir='ltr' id='par_1_15' title="bbox 309 1467 1888 1542">
     <span class='ocr_line' id='line_1_15' title="bbox 309 1467 1888 1542; baseline 0.001 -21"><span class='ocrx_word' id='word_1_92' title='bbox 309 1469 612 1539; x_wconf 80' lang='grc' dir='ltr'><strong>μεσότητος</strong></span> <span class='ocrx_word' id='word_1_93' title='bbox 656 1467 780 1521; x_wconf 81' lang='grc' dir='ltr'>οὑτε</span> <span class='ocrx_word' id='word_1_94' title='bbox 855 1467 990 1539; x_wconf 80' lang='grc' dir='ltr'>ὕλης</span> <span class='ocrx_word' id='word_1_95' title='bbox 1047 1469 1363 1540; x_wconf 75' lang='grc' dir='ltr'><strong>παχυτέρας</strong></span> <span class='ocrx_word' id='word_1_96' title='bbox 1415 1469 1508 1522; x_wconf 80' lang='grc' dir='ltr'>τοῦ</span> <span class='ocrx_word' id='word_1_97' title='bbox 1567 1470 1738 1542; x_wconf 77' lang='grc' dir='ltr'>πυρὸς</span> <span class='ocrx_word' id='word_1_98' title='bbox 1787 1469 1888 1522; x_wconf 86' lang='grc' dir='ltr'>λα-</span> 
     </span>
    </p>
   </div>
   <div class='ocr_carea' id='block_1_16' title="bbox 306 1559 1884 1623">
    <p class='ocr_par' dir='ltr' id='par_1_16' title="bbox 306 1559 1884 1623">
     <span class='ocr_line' id='line_1_16' title="bbox 306 1559 1884 1623; baseline 0.001 -12"><span class='ocrx_word' id='word_1_99' title='bbox 306 1561 524 1623; x_wconf 72' lang='grc' dir='ltr'>ϐέσθαι,</span> <span class='ocrx_word' id='word_1_100' title='bbox 558 1559 702 1612; x_wconf 72' lang='grc' dir='ltr'>οὕτω</span> <span class='ocrx_word' id='word_1_101' title='bbox 741 1562 834 1613; x_wconf 72' lang='grc' dir='ltr'>καὶ</span> <span class='ocrx_word' id='word_1_102' title='bbox 867 1560 973 1612; x_wconf 82' lang='grc' dir='ltr'><strong>τῶν</strong></span> <span class='ocrx_word' id='word_1_103' title='bbox 1016 1560 1175 1614; x_wconf 76' lang='grc' dir='ltr'>θείων</span> <span class='ocrx_word' id='word_1_104' title='bbox 1206 1561 1359 1614; x_wconf 81' lang='grc' dir='ltr'>οὐδὲν</span> <span class='ocrx_word' id='word_1_105' title='bbox 1388 1561 1503 1614; x_wconf 84' lang='grc' dir='ltr'>ἔστι</span> <span class='ocrx_word' id='word_1_106' title='bbox 1536 1560 1718 1614; x_wconf 78' lang='grc' dir='ltr'>λαΰεῖν</span> <span class='ocrx_word' id='word_1_107' title='bbox 1756 1563 1884 1616; x_wconf 84' lang='grc' dir='ltr'>ἄνευ</span> 
     </span>
    </p>
   </div>
   <div class='ocr_carea' id='block_1_17' title="bbox 291 1651 1883 1723">
    <p class='ocr_par' dir='ltr' id='par_1_17' title="bbox 291 1651 1883 1723">
     <span class='ocr_line' id='line_1_17' title="bbox 291 1651 1883 1723; baseline 0.002 -20"><span class='ocrx_word' id='word_1_108' title='bbox 291 1653 600 1722; x_wconf 78' lang='grc' dir='ltr'>-συμὸόλων</span> <span class='ocrx_word' id='word_1_109' title='bbox 630 1651 832 1704; x_wconf 83' lang='grc' dir='ltr'>ὑλικῶν</span> <span class='ocrx_word' id='word_1_110' title='bbox 858 1652 952 1705; x_wconf 81' lang='grc' dir='ltr'>καὶ</span> <span class='ocrx_word' id='word_1_111' title='bbox 976 1652 1022 1682; x_wconf 61' lang='grc' dir='ltr'>δι</span> <span class='ocrx_word' id='word_1_112' title='bbox 1051 1651 1375 1722; x_wconf 79' lang='grc' dir='ltr'>προσφόρων</span> <span class='ocrx_word' id='word_1_113' title='bbox 1409 1656 1520 1716; x_wconf 87' lang='grc' dir='ltr'>τοῖς</span> <span class='ocrx_word' id='word_1_114' title='bbox 1553 1654 1883 1723; x_wconf 79' lang='grc' dir='ltr'><strong>δεχομένοις.</strong></span> 
     </span>
    </p>
   </div>
   <div class='ocr_carea' id='block_1_18' title="bbox 310 1740 1886 1813">
    <p class='ocr_par' dir='ltr' id='par_1_18' title="bbox 310 1740 1886 1813">
     <span class='ocr_line' id='line_1_18' title="bbox 310 1740 1886 1813; baseline 0.001 -19"><span class='ocrx_word' id='word_1_115' title='bbox 310 1743 472 1795; x_wconf 85' lang='grc' dir='ltr'>Ἐστι</span> <span class='ocrx_word' id='word_1_116' title='bbox 496 1744 552 1796; x_wconf 82' lang='grc' dir='ltr'><strong>δὲ</strong></span> <span class='ocrx_word' id='word_1_117' title='bbox 581 1745 677 1796; x_wconf 68' lang='grc' dir='ltr'><strong>καὶ</strong></span> <span class='ocrx_word' id='word_1_118' title='bbox 704 1746 737 1813; x_wconf 87' lang='grc' dir='ltr'>ἡ</span> <span class='ocrx_word' id='word_1_119' title='bbox 767 1742 922 1804; x_wconf 68' lang='grc' dir='ltr'>λαὸὶς</span> <span class='ocrx_word' id='word_1_120' title='bbox 960 1740 1088 1813; x_wconf 71' lang='grc'><strong>[514</strong></span> <span class='ocrx_word' id='word_1_121' title='bbox 1113 1740 1205 1811; x_wconf 73' lang='grc'><strong>11.]</strong></span> <span class='ocrx_word' id='word_1_122' title='bbox 1227 1740 1474 1794; x_wconf 80' lang='grc' dir='ltr'>τυποῦσα</span> <span class='ocrx_word' id='word_1_123' title='bbox 1497 1742 1593 1812; x_wconf 82' lang='grc' dir='ltr'><strong>τὴν</strong></span> <span class='ocrx_word' id='word_1_124' title='bbox 1617 1744 1747 1812; x_wconf 81' lang='grc' dir='ltr'>ὓλην</span> <span class='ocrx_word' id='word_1_125' title='bbox 1778 1743 1886 1795; x_wconf 82' lang='grc' dir='ltr'><strong>ὦσ-</strong></span> 
     </span>
    </p>
   </div>
   <div class='ocr_carea' id='block_1_19' title="bbox 306 1832 1886 1904">
    <p class='ocr_par' dir='ltr' id='par_1_19' title="bbox 306 1832 1886 1904">
     <span class='ocr_line' id='line_1_19' title="bbox 306 1832 1886 1904; baseline 0.002 -19"><span class='ocrx_word' id='word_1_126' title='bbox 306 1850 377 1885; x_wconf 86' lang='grc' dir='ltr'><strong>πε</strong></span> <span class='ocrx_word' id='word_1_127' title='bbox 389 1851 419 1904; x_wconf 89' lang='grc' dir='ltr'><strong>ρ</strong></span> <span class='ocrx_word' id='word_1_128' title='bbox 434 1837 461 1887; x_wconf 86' lang='grc' dir='ltr'>ὁ</span> <span class='ocrx_word' id='word_1_129' title='bbox 479 1835 681 1904; x_wconf 76' lang='grc' dir='ltr'>ἄνθραξ</span> <span class='ocrx_word' id='word_1_130' title='bbox 702 1835 762 1887; x_wconf 81' lang='grc' dir='ltr'><strong>τὸ</strong></span> <span class='ocrx_word' id='word_1_131' title='bbox 779 1832 953 1886; x_wconf 86' lang='grc' dir='ltr'>θεῖον“·</span> <span class='ocrx_word' id='word_1_132' title='bbox 981 1835 1044 1887; x_wconf 88' lang='lat'><strong>&#39;0</strong></span> <span class='ocrx_word' id='word_1_133' title='bbox 1074 1835 1183 1902; x_wconf 74' lang='grc' dir='ltr'>γὰρ</span> <span class='ocrx_word' id='word_1_134' title='bbox 1196 1835 1239 1867; x_wconf 79' lang='grc'><strong>³³</strong></span> <span class='ocrx_word' id='word_1_135' title='bbox 1262 1836 1405 1901; x_wconf 84' lang='grc' dir='ltr'><strong>Θεὸς</strong></span> <span class='ocrx_word' id='word_1_136' title='bbox 1419 1833 1589 1902; x_wconf 73' lang='grc' dir='ltr'><em>ἡμῶν</em></span> <span class='ocrx_word' id='word_1_137' title='bbox 1611 1836 1732 1903; x_wconf 86' lang='grc' dir='ltr'>πῦρ</span> <span class='ocrx_word' id='word_1_138' title='bbox 1749 1852 1886 1888; x_wconf 81' lang='grc' dir='ltr'>κατ-</span> 
     </span>
    </p>
   </div>
   <div class='ocr_carea' id='block_1_20' title="bbox 304 1926 1882 1996">
    <p class='ocr_par' dir='ltr' id='par_1_20' title="bbox 304 1926 1882 1996">
     <span class='ocr_line' id='line_1_20' title="bbox 304 1926 1882 1996; baseline 0.003 -18"><span class='ocrx_word' id='word_1_139' title='bbox 304 1928 668 1979; x_wconf 68' lang='grc' dir='ltr'>αναλίσκον-ο</span> <span class='ocrx_word' id='word_1_140' title='bbox 694 1926 788 1980; x_wconf 80' lang='grc' dir='ltr'>καὶ</span> <span class='ocrx_word' id='word_1_141' title='bbox 820 1967 834 1989; x_wconf 85' lang='grc'><em>,</em></span> <span class='ocrx_word' id='word_1_142' title='bbox 873 1928 947 1980; x_wconf 88' lang='grc' dir='ltr'><em>Τὰ</em></span> <span class='ocrx_word' id='word_1_143' title='bbox 970 1929 1144 1994; x_wconf 79' lang='grc' dir='ltr'>λόγια</span> <span class='ocrx_word' id='word_1_144' title='bbox 1166 1927 1208 1957; x_wconf 78' lang='grc'>³⁸</span> <span class='ocrx_word' id='word_1_145' title='bbox 1227 1927 1448 1996; x_wconf 82' lang='grc' dir='ltr'><strong>Κυρίου</strong></span> <span class='ocrx_word' id='word_1_146' title='bbox 1469 1927 1882 1995; x_wconf 78' lang='grc' dir='ltr'><strong>πεπυρωμένα.</strong></span> 
     </span>
    </p>
   </div>
   <div class='ocr_carea' id='block_1_21' title="bbox 306 2018 1883 2092">
    <p class='ocr_par' dir='ltr' id='par_1_21' title="bbox 306 2018 1883 2092">
     <span class='ocr_line' id='line_1_21' title="bbox 306 2018 1883 2092; baseline 0 -20"><span class='ocrx_word' id='word_1_147' title='bbox 306 2019 425 2073; x_wconf 72' lang='grc' dir='ltr'><strong>Καὶ</strong></span> <span class='ocrx_word' id='word_1_148' title='bbox 462 2018 598 2089; x_wconf 78' lang='grc' dir='ltr'>αὑτὴ</span> <span class='ocrx_word' id='word_1_149' title='bbox 649 2019 707 2072; x_wconf 82' lang='grc' dir='ltr'>δὲ</span> <span class='ocrx_word' id='word_1_150' title='bbox 739 2021 773 2088; x_wconf 81' lang='grc' dir='ltr'>ἡ</span> <span class='ocrx_word' id='word_1_151' title='bbox 808 2019 960 2089; x_wconf 79' lang='grc' dir='ltr'>φωνὴ</span> <span class='ocrx_word' id='word_1_152' title='bbox 1007 2019 1107 2087; x_wconf 74' lang='grc' dir='ltr'>τῆς</span> <span class='ocrx_word' id='word_1_153' title='bbox 1150 2019 1366 2082; x_wconf 73' lang='grc' dir='ltr'>λαόίδος</span> <span class='ocrx_word' id='word_1_154' title='bbox 1395 2021 1494 2092; x_wconf 78' lang='grc' dir='ltr'><strong>τὴν</strong></span> <span class='ocrx_word' id='word_1_155' title='bbox 1534 2020 1676 2090; x_wconf 77' lang='grc' dir='ltr'><strong>ἁφὴν</strong></span> <span class='ocrx_word' id='word_1_156' title='bbox 1702 2020 1883 2087; x_wconf 88' lang='grc' dir='ltr'>ἀπαγ-</span> 
     </span>
    </p>
   </div>
   <div class='ocr_carea' id='block_1_22' title="bbox 2001 829 3574 900">
    <p class='ocr_par' dir='ltr' id='par_1_22' title="bbox 2001 829 3574 900">
     <span class='ocr_line' id='line_1_22' title="bbox 2001 829 3574 900; baseline 0.003 -15"><span class='ocrx_word' id='word_1_157' title='bbox 2001 833 2223 900; x_wconf 88' lang='lat' dir='ltr'><strong>spiritus</strong></span> <span class='ocrx_word' id='word_1_158' title='bbox 2256 829 2614 883; x_wconf 87' lang='lat' dir='ltr'><strong>materialiter</strong></span> <span class='ocrx_word' id='word_1_159' title='bbox 2657 830 2811 884; x_wconf 88' lang='lat' dir='ltr'><strong>nobis</strong></span> <span class='ocrx_word' id='word_1_160' title='bbox 2856 831 3156 885; x_wconf 89' lang='lat' dir='ltr'><strong>materiatis</strong></span> <span class='ocrx_word' id='word_1_161' title='bbox 3188 848 3276 887; x_wconf 88' lang='lat' dir='ltr'><strong>res</strong></span> <span class='ocrx_word' id='word_1_162' title='bbox 3321 835 3574 890; x_wconf 80' lang='lat' dir='ltr'><strong>ccelestes</strong></span> 
     </span>
    </p>
   </div>
   <div class='ocr_carea' id='block_1_23' title="bbox 1999 922 3567 994">
    <p class='ocr_par' dir='ltr' id='par_1_23' title="bbox 1999 922 3567 994">
     <span class='ocr_line' id='line_1_23' title="bbox 1999 922 3567 994; baseline 0.003 -18"><span class='ocrx_word' id='word_1_163' title='bbox 1999 922 2270 990; x_wconf 85' lang='lat' dir='ltr'><strong>alferant),</strong></span> <span class='ocrx_word' id='word_1_164' title='bbox 2298 923 2554 993; x_wconf 76' lang='lat' dir='ltr'><strong>forcipem</strong></span> <span class='ocrx_word' id='word_1_165' title='bbox 2589 924 2734 978; x_wconf 84' lang='lat' dir='ltr'><strong>illam</strong></span> <span class='ocrx_word' id='word_1_166' title='bbox 2773 924 3044 978; x_wconf 83' lang='lat' dir='ltr'><strong>adducere</strong></span> <span class='ocrx_word' id='word_1_167' title='bbox 3074 925 3249 992; x_wconf 75' lang='lat' dir='ltr'><strong>pergit</strong></span> <span class='ocrx_word' id='word_1_168' title='bbox 3279 926 3344 987; x_wconf 79' lang='grc'><strong>⁵⁷,</strong></span> <span class='ocrx_word' id='word_1_169' title='bbox 3403 943 3567 994; x_wconf 88' lang='lat' dir='ltr'><strong>quam</strong></span> 
     </span>
    </p>
   </div>
   <div class='ocr_carea' id='block_1_24' title="bbox 1999 1011 3570 1082">
    <p class='ocr_par' dir='ltr' id='par_1_24' title="bbox 1999 1011 3570 1082">
     <span class='ocr_line' id='line_1_24' title="bbox 1999 1011 3570 1082; baseline 0.003 -18"><span class='ocrx_word' id='word_1_170' title='bbox 1999 1028 2137 1066; x_wconf 85' lang='lat' dir='ltr'><strong>unus</strong></span> <span class='ocrx_word' id='word_1_171' title='bbox 2167 1027 2197 1066; x_wconf 93' lang='lat' dir='ltr'><strong>e</strong></span> <span class='ocrx_word' id='word_1_172' title='bbox 2222 1011 2506 1082; x_wconf 87' lang='lat' dir='ltr'><strong>Seraphim</strong></span> <span class='ocrx_word' id='word_1_173' title='bbox 2541 1015 2606 1066; x_wconf 91' lang='lat' dir='ltr'><strong>ad</strong></span> <span class='ocrx_word' id='word_1_174' title='bbox 2642 1014 2956 1081; x_wconf 89' lang='lat' dir='ltr'><strong>prophetam</strong></span> <span class='ocrx_word' id='word_1_175' title='bbox 2993 1013 3192 1068; x_wconf 87' lang='lat' dir='ltr'><strong>missus</strong></span> <span class='ocrx_word' id='word_1_176' title='bbox 3213 1014 3415 1080; x_wconf 87' lang='lat' dir='ltr'><strong>attulit,</strong></span> <span class='ocrx_word' id='word_1_177' title='bbox 3444 1031 3570 1069; x_wconf 86' lang='lat' dir='ltr'><strong>car-</strong></span> 
     </span>
    </p>
   </div>
   <div class='ocr_carea' id='block_1_25' title="bbox 1998 1101 3569 1173">
    <p class='ocr_par' dir='ltr' id='par_1_25' title="bbox 1998 1101 3569 1173">
     <span class='ocr_line' id='line_1_25' title="bbox 1998 1101 3569 1173; baseline 0.004 -20"><span class='ocrx_word' id='word_1_178' title='bbox 1998 1101 2189 1154; x_wconf 90' lang='lat' dir='ltr'><strong>bonem</strong></span> <span class='ocrx_word' id='word_1_179' title='bbox 2221 1101 2580 1170; x_wconf 84' lang='lat' dir='ltr'><strong>complexam.</strong></span> <span class='ocrx_word' id='word_1_180' title='bbox 2614 1103 2795 1155; x_wconf 75' lang='lat' dir='ltr'><strong>Palam</strong></span> <span class='ocrx_word' id='word_1_181' title='bbox 2831 1104 2975 1157; x_wconf 89' lang='lat' dir='ltr'><strong>enim</strong></span> <span class='ocrx_word' id='word_1_182' title='bbox 3006 1115 3089 1156; x_wconf 82' lang='lat' dir='ltr'><strong>est</strong></span> <span class='ocrx_word' id='word_1_183' title='bbox 3120 1106 3490 1173; x_wconf 76' lang='lat' dir='ltr'><strong>corporalibus</strong></span> <span class='ocrx_word' id='word_1_184' title='bbox 3516 1106 3569 1160; x_wconf 90' lang='lat' dir='ltr'><strong>in</strong></span> 
     </span>
    </p>
   </div>
   <div class='ocr_carea' id='block_1_26' title="bbox 1999 1191 3572 1266">
    <p class='ocr_par' dir='ltr' id='par_1_26' title="bbox 1999 1191 3572 1266">
     <span class='ocr_line' id='line_1_26' title="bbox 1999 1191 3572 1266; baseline 0.006 -24"><span class='ocrx_word' id='word_1_185' title='bbox 1999 1191 2258 1260; x_wconf 85' lang='lat' dir='ltr'><strong>symbolis</strong></span> <span class='ocrx_word' id='word_1_186' title='bbox 2302 1192 2674 1260; x_wconf 87' lang='lat' dir='ltr'><strong>iueorpoream</strong></span> <span class='ocrx_word' id='word_1_187' title='bbox 2723 1194 2868 1248; x_wconf 81' lang='lat' dir='ltr'><strong>illam</strong></span> <span class='ocrx_word' id='word_1_188' title='bbox 2940 1205 3265 1264; x_wconf 88' lang='lat' dir='ltr'><strong>potestatem</strong></span> <span class='ocrx_word' id='word_1_189' title='bbox 3316 1198 3572 1266; x_wconf 88' lang='lat' dir='ltr'><strong>incorpo-</strong></span> 
     </span>
    </p>
   </div>
   <div class='ocr_carea' id='block_1_27' title="bbox 1999 1287 3571 1357">
    <p class='ocr_par' dir='ltr' id='par_1_27' title="bbox 1999 1287 3571 1357">
     <span class='ocr_line' id='line_1_27' title="bbox 1999 1287 3571 1357; baseline 0.003 -19"><span class='ocrx_word' id='word_1_190' title='bbox 1999 1299 2214 1338; x_wconf 89' lang='lat' dir='ltr'><strong>reorum</strong></span> <span class='ocrx_word' id='word_1_191' title='bbox 2244 1287 2606 1353; x_wconf 87' lang='lat' dir='ltr'><strong>quorumdam</strong></span> <span class='ocrx_word' id='word_1_192' title='bbox 2669 1296 2830 1355; x_wconf 87' lang='lat' dir='ltr'><strong>atque</strong></span> <span class='ocrx_word' id='word_1_193' title='bbox 2871 1287 3283 1355; x_wconf 79' lang='lat' dir='ltr'><strong>intelligihilium</strong></span> <span class='ocrx_word' id='word_1_194' title='bbox 3311 1291 3571 1357; x_wconf 86' lang='lat' dir='ltr'><strong>mysteria</strong></span> 
     </span>
    </p>
   </div>
   <div class='ocr_carea' id='block_1_28' title="bbox 1995 1375 3574 1446">
    <p class='ocr_par' dir='ltr' id='par_1_28' title="bbox 1995 1375 3574 1446">
     <span class='ocr_line' id='line_1_28' title="bbox 1995 1375 3574 1446; baseline 0.003 -18"><span class='ocrx_word' id='word_1_195' title='bbox 1995 1375 2304 1444; x_wconf 81' lang='lat' dir='ltr'><strong>signiﬁcare</strong></span> <span class='ocrx_word' id='word_1_196' title='bbox 2351 1377 2488 1439; x_wconf 88' lang='lat' dir='ltr'><strong>apud</strong></span> <span class='ocrx_word' id='word_1_197' title='bbox 2533 1379 2849 1446; x_wconf 80' lang='lat' dir='ltr'><strong>prophetam</strong></span> <span class='ocrx_word' id='word_1_198' title='bbox 2898 1378 3158 1440; x_wconf 85' lang='lat' dir='ltr'><strong>voluisse,</strong></span> <span class='ocrx_word' id='word_1_199' title='bbox 3203 1382 3434 1436; x_wconf 90' lang='lat' dir='ltr'><strong>docente</strong></span> <span class='ocrx_word' id='word_1_200' title='bbox 3473 1397 3574 1435; x_wconf 88' lang='lat' dir='ltr'><strong>nos</strong></span> 
     </span>
    </p>
   </div>
   <div class='ocr_carea' id='block_1_29' title="bbox 1995 1467 3572 1538">
    <p class='ocr_par' dir='ltr' id='par_1_29' title="bbox 1995 1467 3572 1538">
     <span class='ocr_line' id='line_1_29' title="bbox 1995 1467 3572 1538; baseline 0.004 -18"><span class='ocrx_word' id='word_1_201' title='bbox 1995 1481 2150 1520; x_wconf 88' lang='lat' dir='ltr'><strong>sacra</strong></span> <span class='ocrx_word' id='word_1_202' title='bbox 2219 1467 2503 1537; x_wconf 78' lang='lat' dir='ltr'><strong>Scriptura</strong></span> <span class='ocrx_word' id='word_1_203' title='bbox 2539 1487 2554 1524; x_wconf 88' lang='lat'><strong>:</strong></span> <span class='ocrx_word' id='word_1_204' title='bbox 2588 1471 3042 1538; x_wconf 84' lang='lat' dir='ltr'><strong>quemadmodum</strong></span> <span class='ocrx_word' id='word_1_205' title='bbox 3086 1472 3203 1526; x_wconf 88' lang='lat' dir='ltr'><strong>sine</strong></span> <span class='ocrx_word' id='word_1_206' title='bbox 3251 1475 3572 1528; x_wconf 89' lang='lat' dir='ltr'><strong>iutermedio</strong></span> 
     </span>
    </p>
   </div>
   <div class='ocr_carea' id='block_1_30' title="bbox 1995 1561 3570 1633">
    <p class='ocr_par' dir='ltr' id='par_1_30' title="bbox 1995 1561 3570 1633">
     <span class='ocr_line' id='line_1_30' title="bbox 1995 1561 3570 1633; baseline 0.001 -19"><span class='ocrx_word' id='word_1_207' title='bbox 1995 1561 2198 1630; x_wconf 88' lang='lat' dir='ltr'><strong>aliquo,</strong></span> <span class='ocrx_word' id='word_1_208' title='bbox 2244 1571 2299 1614; x_wconf 88' lang='lat' dir='ltr'><strong>et</strong></span> <span class='ocrx_word' id='word_1_209' title='bbox 2343 1564 2548 1628; x_wconf 82' lang='lat' dir='ltr'><strong>absque</strong></span> <span class='ocrx_word' id='word_1_210' title='bbox 2579 1564 2846 1616; x_wconf 80' lang='lat' dir='ltr'><strong>crassiore</strong></span> <span class='ocrx_word' id='word_1_211' title='bbox 2885 1564 3110 1615; x_wconf 89' lang='lat' dir='ltr'><strong>materia</strong></span> <span class='ocrx_word' id='word_1_212' title='bbox 3141 1564 3278 1631; x_wconf 75' lang='lat' dir='ltr'><strong>ignis</strong></span> <span class='ocrx_word' id='word_1_213' title='bbox 3319 1564 3436 1633; x_wconf 85' lang='lat' dir='ltr'><strong>capi</strong></span> <span class='ocrx_word' id='word_1_214' title='bbox 3465 1579 3570 1617; x_wconf 89' lang='lat' dir='ltr'><strong>non</strong></span> 
     </span>
    </p>
   </div>
   <div class='ocr_carea' id='block_1_31' title="bbox 1996 1653 3576 1724">
    <p class='ocr_par' dir='ltr' id='par_1_31' title="bbox 1996 1653 3576 1724">
     <span class='ocr_line' id='line_1_31' title="bbox 1996 1653 3576 1724; baseline -0.002 -19"><span class='ocrx_word' id='word_1_215' title='bbox 1996 1662 2216 1722; x_wconf 89' lang='lat' dir='ltr'><strong>potest:</strong></span> <span class='ocrx_word' id='word_1_216' title='bbox 2253 1653 2330 1706; x_wconf 91' lang='lat' dir='ltr'><strong>sic</strong></span> <span class='ocrx_word' id='word_1_217' title='bbox 2389 1670 2487 1706; x_wconf 80' lang='lat' dir='ltr'><strong>nec</strong></span> <span class='ocrx_word' id='word_1_218' title='bbox 2538 1669 2718 1707; x_wconf 80' lang='lat' dir='ltr'><strong>rerum</strong></span> <span class='ocrx_word' id='word_1_219' title='bbox 2762 1655 3066 1708; x_wconf 84' lang='lat' dir='ltr'><strong>divinarum</strong></span> <span class='ocrx_word' id='word_1_220' title='bbox 3116 1655 3406 1722; x_wconf 79' lang='lat' dir='ltr'><strong>quidquam</strong></span> <span class='ocrx_word' id='word_1_221' title='bbox 3450 1671 3576 1724; x_wconf 81' lang='lat' dir='ltr'><strong>per.</strong></span> 
     </span>
    </p>
   </div>
   <div class='ocr_carea' id='block_1_32' title="bbox 1995 1745 3570 1814">
    <p class='ocr_par' dir='ltr' id='par_1_32' title="bbox 1995 1745 3570 1814">
     <span class='ocr_line' id='line_1_32' title="bbox 1995 1745 3570 1814; baseline 0.002 -17"><span class='ocrx_word' id='word_1_222' title='bbox 1995 1745 2099 1813; x_wconf 92' lang='lat' dir='ltr'><strong>cipi</strong></span> <span class='ocrx_word' id='word_1_223' title='bbox 2134 1759 2290 1814; x_wconf 83' lang='lat' dir='ltr'><strong>posse</strong></span> <span class='ocrx_word' id='word_1_224' title='bbox 2323 1745 2440 1812; x_wconf 78' lang='lat' dir='ltr'><strong>sine</strong></span> <span class='ocrx_word' id='word_1_225' title='bbox 2491 1745 2862 1799; x_wconf 86' lang='lat' dir='ltr'><strong>materialibus</strong></span> <span class='ocrx_word' id='word_1_226' title='bbox 2911 1745 3191 1814; x_wconf 81' lang='lat' dir='ltr'><strong>symbolis,</strong></span> <span class='ocrx_word' id='word_1_227' title='bbox 3251 1747 3570 1814; x_wconf 84' lang='lat' dir='ltr'><strong>eaeterisque</strong></span> 
     </span>
    </p>
   </div>
   <div class='ocr_carea' id='block_1_33' title="bbox 1996 1836 3570 1904">
    <p class='ocr_par' dir='ltr' id='par_1_33' title="bbox 1996 1836 3570 1904">
     <span class='ocr_line' id='line_1_33' title="bbox 1996 1836 3570 1904; baseline 0.005 -18"><span class='ocrx_word' id='word_1_228' title='bbox 1996 1837 2176 1901; x_wconf 87' lang='lat' dir='ltr'><strong>rebus,</strong></span> <span class='ocrx_word' id='word_1_229' title='bbox 2201 1836 2267 1890; x_wconf 89' lang='lat' dir='ltr'><strong>iis</strong></span> <span class='ocrx_word' id='word_1_230' title='bbox 2299 1836 2388 1904; x_wconf 91' lang='lat' dir='ltr'><strong>qui</strong></span> <span class='ocrx_word' id='word_1_231' title='bbox 2421 1837 2756 1904; x_wconf 90' lang='lat' dir='ltr'><strong>susciperent</strong></span> <span class='ocrx_word' id='word_1_232' title='bbox 2779 1838 3218 1891; x_wconf 85' lang='lat' dir='ltr'><strong>accommodatis.</strong></span> <span class='ocrx_word' id='word_1_233' title='bbox 3262 1838 3356 1891; x_wconf 73' lang='lat' dir='ltr'><strong>Est</strong></span> <span class='ocrx_word' id='word_1_234' title='bbox 3389 1849 3570 1894; x_wconf 88' lang='lat' dir='ltr'><strong>autem</strong></span> 
     </span>
    </p>
   </div>
   <div class='ocr_carea' id='block_1_34' title="bbox 1994 1927 3569 1999">
    <p class='ocr_par' dir='ltr' id='par_1_34' title="bbox 1994 1927 3569 1999">
     <span class='ocr_line' id='line_1_34' title="bbox 1994 1927 3569 1999; baseline 0.002 -19"><span class='ocrx_word' id='word_1_235' title='bbox 1994 1927 2208 1995; x_wconf 85' lang='lat' dir='ltr'><strong>forceps</strong></span> <span class='ocrx_word' id='word_1_236' title='bbox 2234 1927 2517 1981; x_wconf 86' lang='lat' dir='ltr'><strong>materiam</strong></span> <span class='ocrx_word' id='word_1_237' title='bbox 2551 1927 2861 1998; x_wconf 83' lang='lat' dir='ltr'><strong>designans,</strong></span> <span class='ocrx_word' id='word_1_238' title='bbox 2896 1928 3094 1999; x_wconf 60' lang='lat'><strong>191::</strong></span> <span class='ocrx_word' id='word_1_239' title='bbox 3118 1931 3569 1998; x_wconf 87' lang='lat' dir='ltr'><strong>quemadmodum</strong></span> 
     </span>
    </p>
   </div>
   <div class='ocr_carea' id='block_1_35' title="bbox 1994 2019 3572 2077">
    <p class='ocr_par' dir='ltr' id='par_1_35' title="bbox 1994 2019 3572 2077">
     <span class='ocr_line' id='line_1_35' title="bbox 1994 2019 3572 2077; baseline 0.001 -5"><span class='ocrx_word' id='word_1_240' title='bbox 1994 2029 2045 2072; x_wconf 88' lang='lat' dir='ltr'><strong>et</strong></span> <span class='ocrx_word' id='word_1_241' title='bbox 2069 2019 2234 2074; x_wconf 86' lang='lat' dir='ltr'><strong>carbo</strong></span> <span class='ocrx_word' id='word_1_242' title='bbox 2274 2023 2516 2075; x_wconf 91' lang='lat' dir='ltr'><strong>divinum</strong></span> <span class='ocrx_word' id='word_1_243' title='bbox 2551 2039 2746 2076; x_wconf 90' lang='lat' dir='ltr'><strong>numen</strong></span> <span class='ocrx_word' id='word_1_244' title='bbox 2777 2025 3018 2076; x_wconf 84' lang='lat' dir='ltr'><strong>denotat.</strong></span> <span class='ocrx_word' id='word_1_245' title='bbox 3070 2025 3205 2076; x_wconf 77' lang='lat' dir='ltr'><strong>Deus</strong></span> <span class='ocrx_word' id='word_1_246' title='bbox 3233 2025 3370 2077; x_wconf 82' lang='lat' dir='ltr'><strong>enim</strong></span> <span class='ocrx_word' id='word_1_247' title='bbox 3397 2034 3572 2077; x_wconf 84' lang='lat' dir='ltr'><strong>noster</strong></span> 
     </span>
    </p>
   </div>
   <div class='ocr_carea' id='block_1_36' title="bbox 307 2109 1885 2182">
    <p class='ocr_par' dir='ltr' id='par_1_36' title="bbox 307 2109 1878 2182">
     <span class='ocr_line' id='line_1_36' title="bbox 307 2109 1878 2182; baseline 0.001 -20"><span class='ocrx_word' id='word_1_248' title='bbox 307 2109 657 2181; x_wconf 79' lang='grc' dir='ltr'>γέλλει,ἧτις</span> <span class='ocrx_word' id='word_1_249' title='bbox 707 2110 947 2181; x_wconf 83' lang='grc' dir='ltr'>δηλονότι</span> <span class='ocrx_word' id='word_1_250' title='bbox 981 2111 1072 2164; x_wconf 73' lang='grc' dir='ltr'><strong>ἐπὶ</strong></span> <span class='ocrx_word' id='word_1_251' title='bbox 1114 2111 1293 2180; x_wconf 90' lang='grc' dir='ltr'>μόνων</span> <span class='ocrx_word' id='word_1_252' title='bbox 1329 2113 1524 2182; x_wconf 78' lang='grc' dir='ltr'>ὁρᾶται</span> <span class='ocrx_word' id='word_1_253' title='bbox 1548 2112 1656 2164; x_wconf 86' lang='grc' dir='ltr'><strong>τῶν</strong></span> <span class='ocrx_word' id='word_1_254' title='bbox 1688 2112 1878 2181; x_wconf 68' lang='grc' dir='ltr'>αἰσθηο</span> 
     </span>
    </p>
   </div>
   <div class='ocr_carea' id='block_1_37' title="bbox 1991 2109 3571 2182">
    <p class='ocr_par' dir='ltr' id='par_1_37' title="bbox 1991 2110 3571 2182">
     <span class='ocr_line' id='line_1_37' title="bbox 1991 2110 3571 2182; baseline 0.001 -19"><span class='ocrx_word' id='word_1_255' title='bbox 1991 2111 2127 2178; x_wconf 77' lang='lat' dir='ltr'><strong>ignis</strong></span> <span class='ocrx_word' id='word_1_256' title='bbox 2178 2127 2488 2164; x_wconf 80' lang='lat' dir='ltr'><strong>consumens</strong></span> <span class='ocrx_word' id='word_1_257' title='bbox 2541 2121 2616 2164; x_wconf 80' lang='lat' dir='ltr'><strong>est</strong></span> <span class='ocrx_word' id='word_1_258' title='bbox 2649 2110 2718 2166; x_wconf 83' lang='grc'>⁸⁸.</span> <span class='ocrx_word' id='word_1_259' title='bbox 2782 2112 2888 2165; x_wconf 86' lang='lat' dir='ltr'><strong>Et:</strong></span> <span class='ocrx_word' id='word_1_260' title='bbox 2929 2112 3155 2181; x_wconf 79' lang='lat' dir='ltr'><strong>Eloquia</strong></span> <span class='ocrx_word' id='word_1_261' title='bbox 3204 2112 3410 2167; x_wconf 78' lang='lat' dir='ltr'><strong>Domini</strong></span> <span class='ocrx_word' id='word_1_262' title='bbox 3451 2113 3571 2182; x_wconf 77' lang='lat' dir='ltr'><strong>igne</strong></span> 
     </span>
    </p>
   </div>
   <div class='ocr_carea' id='block_1_38' title="bbox 304 2201 1886 2273">
    <p class='ocr_par' dir='ltr' id='par_1_38' title="bbox 304 2201 1886 2273">
     <span class='ocr_line' id='line_1_38' title="bbox 304 2201 1886 2273; baseline 0.002 -19"><span class='ocrx_word' id='word_1_263' title='bbox 304 2202 441 2257; x_wconf 81' lang='grc' dir='ltr'>τῶν.</span> <span class='ocrx_word' id='word_1_264' title='bbox 474 2204 634 2266; x_wconf 90' lang='grc' dir='ltr'>Ἰσως</span> <span class='ocrx_word' id='word_1_265' title='bbox 665 2201 722 2255; x_wconf 82' lang='grc' dir='ltr'>δὲ</span> <span class='ocrx_word' id='word_1_266' title='bbox 762 2204 856 2255; x_wconf 72' lang='grc' dir='ltr'><strong>καὶ</strong></span> <span class='ocrx_word' id='word_1_267' title='bbox 897 2202 994 2272; x_wconf 81' lang='grc' dir='ltr'>τὴν</span> <span class='ocrx_word' id='word_1_268' title='bbox 1031 2203 1172 2273; x_wconf 81' lang='grc' dir='ltr'>ὑπὲρ</span> <span class='ocrx_word' id='word_1_269' title='bbox 1227 2203 1384 2273; x_wconf 82' lang='grc' dir='ltr'>ἡμῶν</span> <span class='ocrx_word' id='word_1_270' title='bbox 1434 2204 1746 2272; x_wconf 81' lang='grc' dir='ltr'>οἰκονομίαν</span> <span class='ocrx_word' id='word_1_271' title='bbox 1793 2203 1886 2256; x_wconf 79' lang='grc' dir='ltr'>τοῦ</span> 
     </span>
    </p>
   </div>
   <div class='ocr_carea' id='block_1_39' title="bbox 303 2295 1887 2368">
    <p class='ocr_par' dir='ltr' id='par_1_39' title="bbox 303 2295 1887 2368">
     <span class='ocr_line' id='line_1_39' title="bbox 303 2295 1887 2368; baseline 0.001 -20"><span class='ocrx_word' id='word_1_272' title='bbox 303 2295 484 2364; x_wconf 86' lang='grc' dir='ltr'>Λόγου</span> <span class='ocrx_word' id='word_1_273' title='bbox 517 2297 991 2368; x_wconf 75' lang='grc' dir='ltr'>αἰνιγματίζεσθαι</span> <span class='ocrx_word' id='word_1_274' title='bbox 1017 2297 1104 2348; x_wconf 75' lang='grc' dir='ltr'>διὰ</span> <span class='ocrx_word' id='word_1_275' title='bbox 1134 2297 1240 2348; x_wconf 82' lang='grc' dir='ltr'>τῶν</span> <span class='ocrx_word' id='word_1_276' title='bbox 1262 2297 1572 2367; x_wconf 79' lang='grc' dir='ltr'>εἰρημένων</span> <span class='ocrx_word' id='word_1_277' title='bbox 1603 2298 1887 2366; x_wconf 75' lang='grc' dir='ltr'>συμϐόλων</span> 
     </span>
    </p>
   </div>
   <div class='ocr_carea' id='block_1_40' title="bbox 305 2388 1888 2460">
    <p class='ocr_par' dir='ltr' id='par_1_40' title="bbox 305 2388 1888 2460">
     <span class='ocr_line' id='line_1_40' title="bbox 305 2388 1888 2460; baseline -0.001 -18"><span class='ocrx_word' id='word_1_278' title='bbox 305 2389 478 2455; x_wconf 68' lang='grc' dir='ltr'>φάναι</span> <span class='ocrx_word' id='word_1_279' title='bbox 514 2389 663 2440; x_wconf 73' lang='grc' dir='ltr'>οὐδὲν</span> <span class='ocrx_word' id='word_1_280' title='bbox 709 2390 971 2451; x_wconf 76' lang='grc' dir='ltr'>ἁπεικός”</span> <span class='ocrx_word' id='word_1_281' title='bbox 1019 2389 1079 2440; x_wconf 82' lang='grc' dir='ltr'><strong>τὸ</strong></span> <span class='ocrx_word' id='word_1_282' title='bbox 1122 2389 1230 2460; x_wconf 77' lang='grc' dir='ltr'><strong>γὰρ</strong></span> <span class='ocrx_word' id='word_1_283' title='bbox 1277 2389 1418 2441; x_wconf 87' lang='grc' dir='ltr'>θεῖον</span> <span class='ocrx_word' id='word_1_284' title='bbox 1461 2389 1573 2458; x_wconf 81' lang='grc' dir='ltr'>πῦρ</span> <span class='ocrx_word' id='word_1_285' title='bbox 1621 2388 1888 2458; x_wconf 77' lang='grc' dir='ltr'>παχύτητι</span> 
     </span>
    </p>
   </div>
   <div class='ocr_carea' id='block_1_41' title="bbox 301 2477 1887 2550">
    <p class='ocr_par' dir='ltr' id='par_1_41' title="bbox 301 2477 1887 2550">
     <span class='ocr_line' id='line_1_41' title="bbox 301 2477 1887 2550; baseline -0.001 -20"><span class='ocrx_word' id='word_1_286' title='bbox 301 2477 413 2547; x_wconf 84' lang='grc' dir='ltr'>τῆς</span> <span class='ocrx_word' id='word_1_287' title='bbox 439 2478 562 2530; x_wconf 85' lang='grc' dir='ltr'>καθ’</span> <span class='ocrx_word' id='word_1_288' title='bbox 584 2481 734 2548; x_wconf 78' lang='grc' dir='ltr'>ἡμᾶς</span> <span class='ocrx_word' id='word_1_289' title='bbox 771 2481 974 2550; x_wconf 74' lang='grc' dir='ltr'>σαρκὸς</span> <span class='ocrx_word' id='word_1_290' title='bbox 1006 2480 1428 2550; x_wconf 79' lang='grc' dir='ltr'>προσωμίλησεν</span> <span class='ocrx_word' id='word_1_291' title='bbox 1467 2481 1618 2550; x_wconf 77' lang='grc' dir='ltr'>ἡμῖν.</span> <span class='ocrx_word' id='word_1_292' title='bbox 1655 2480 1887 2530; x_wconf 68' lang='grc' dir='ltr'>Δυνατὸν</span> 
     </span>
    </p>
   </div>
   <div class='ocr_carea' id='block_1_42' title="bbox 302 2569 1887 2642">
    <p class='ocr_par' dir='ltr' id='par_1_42' title="bbox 302 2569 1887 2642">
     <span class='ocr_line' id='line_1_42' title="bbox 302 2569 1887 2642; baseline -0.001 -20"><span class='ocrx_word' id='word_1_293' title='bbox 302 2569 366 2622; x_wconf 75' lang='grc' dir='ltr'>δέ</span> <span class='ocrx_word' id='word_1_294' title='bbox 415 2588 548 2641; x_wconf 71' lang='grc' dir='ltr'>φησι</span> <span class='ocrx_word' id='word_1_295' title='bbox 579 2572 676 2623; x_wconf 72' lang='grc' dir='ltr'><strong>καὶ</strong></span> <span class='ocrx_word' id='word_1_296' title='bbox 701 2571 798 2641; x_wconf 76' lang='grc' dir='ltr'><strong>τὴν</strong></span> <span class='ocrx_word' id='word_1_297' title='bbox 829 2572 926 2641; x_wconf 86' lang='grc' dir='ltr'><strong>μὲν</strong></span> <span class='ocrx_word' id='word_1_298' title='bbox 974 2570 1166 2623; x_wconf 77' lang='grc' dir='ltr'>λαὸίδα</span> <span class='ocrx_word' id='word_1_299' title='bbox 1200 2572 1298 2642; x_wconf 80' lang='grc' dir='ltr'><strong>τὴν</strong></span> <span class='ocrx_word' id='word_1_300' title='bbox 1336 2572 1564 2642; x_wconf 81' lang='grc' dir='ltr'>νομικὴν</span> <span class='ocrx_word' id='word_1_301' title='bbox 1605 2571 1887 2634; x_wconf 78' lang='grc' dir='ltr'>εἰκονίζειν</span> 
     </span>
    </p>
   </div>
   <div class='ocr_carea' id='block_1_43' title="bbox 306 2662 1888 2734">
    <p class='ocr_par' dir='ltr' id='par_1_43' title="bbox 306 2662 1888 2734">
     <span class='ocr_line' id='line_1_43' title="bbox 306 2662 1888 2734; baseline 0.001 -21"><span class='ocrx_word' id='word_1_302' title='bbox 306 2663 494 2723; x_wconf 76' lang='grc' dir='ltr'>σκιὰν,</span> <span class='ocrx_word' id='word_1_303' title='bbox 513 2662 604 2714; x_wconf 73' lang='grc' dir='ltr'><strong>τὸν</strong></span> <span class='ocrx_word' id='word_1_304' title='bbox 626 2663 871 2733; x_wconf 81' lang='grc' dir='ltr'>ἄνθρακα</span> <span class='ocrx_word' id='word_1_305' title='bbox 893 2663 948 2716; x_wconf 85' lang='grc' dir='ltr'>δὲ</span> <span class='ocrx_word' id='word_1_306' title='bbox 966 2663 1064 2732; x_wconf 82' lang='grc' dir='ltr'>τὴν</span> <span class='ocrx_word' id='word_1_307' title='bbox 1080 2664 1225 2716; x_wconf 77' lang='grc' dir='ltr'>Νέαν</span> <span class='ocrx_word' id='word_1_308' title='bbox 1242 2664 1536 2734; x_wconf 84' lang='grc' dir='ltr'>Διαθήκην⁶</span> <span class='ocrx_word' id='word_1_309' title='bbox 1565 2665 1656 2715; x_wconf 80' lang='grc' dir='ltr'><strong>καὶ</strong></span> <span class='ocrx_word' id='word_1_310' title='bbox 1675 2664 1784 2733; x_wconf 68' lang='grc' dir='ltr'><strong>γὰρ</strong></span> <span class='ocrx_word' id='word_1_311' title='bbox 1799 2664 1888 2715; x_wconf 77' lang='grc' dir='ltr'>διὰ</span> 
     </span>
    </p>
   </div>
   <div class='ocr_carea' id='block_1_44' title="bbox 299 2752 1887 2825">
    <p class='ocr_par' dir='ltr' id='par_1_44' title="bbox 299 2752 1887 2825">
     <span class='ocr_line' id='line_1_44' title="bbox 299 2752 1887 2825; baseline 0 -20"><span class='ocrx_word' id='word_1_312' title='bbox 299 2752 418 2805; x_wconf 80' lang='grc' dir='ltr'>τῶν</span> <span class='ocrx_word' id='word_1_313' title='bbox 445 2753 730 2820; x_wconf 75' lang='grc' dir='ltr'>συμϐόλων</span> <span class='ocrx_word' id='word_1_314' title='bbox 779 2755 885 2807; x_wconf 81' lang='grc' dir='ltr'><strong>τῶν</strong></span> <span class='ocrx_word' id='word_1_315' title='bbox 914 2755 1152 2824; x_wconf 82' lang='grc' dir='ltr'>νομικῶν</span> <span class='ocrx_word' id='word_1_316' title='bbox 1185 2757 1252 2807; x_wconf 78' lang='grc' dir='ltr'><strong>τὰ</strong></span> <span class='ocrx_word' id='word_1_317' title='bbox 1289 2758 1388 2824; x_wconf 83' lang='grc' dir='ltr'>τῆς</span> <span class='ocrx_word' id='word_1_318' title='bbox 1434 2756 1576 2818; x_wconf 78' lang='grc' dir='ltr'>Νέας</span> <span class='ocrx_word' id='word_1_319' title='bbox 1613 2757 1887 2825; x_wconf 73' lang='grc' dir='ltr'>μυστήρια</span> 
     </span>
    </p>
   </div>
   <div class='ocr_carea' id='block_1_45' title="bbox 302 2844 1887 2917">
    <p class='ocr_par' dir='ltr' id='par_1_45' title="bbox 302 2844 1887 2917">
     <span class='ocr_line' id='line_1_45' title="bbox 302 2844 1887 2917; baseline 0.002 -21"><span class='ocrx_word' id='word_1_320' title='bbox 302 2844 759 2916; x_wconf 79' lang='grc' dir='ltr'>παραδηλοῦσθαί</span> <span class='ocrx_word' id='word_1_321' title='bbox 805 2864 864 2898; x_wconf 85' lang='grc' dir='ltr'><strong>τε</strong></span> <span class='ocrx_word' id='word_1_322' title='bbox 913 2848 1008 2899; x_wconf 77' lang='grc' dir='ltr'><strong>καὶ</strong></span> <span class='ocrx_word' id='word_1_323' title='bbox 1068 2850 1181 2911; x_wconf 86' lang='grc' dir='ltr'>τοῖς</span> <span class='ocrx_word' id='word_1_324' title='bbox 1225 2847 1534 2916; x_wconf 79' lang='grc' dir='ltr'>εὐγνώμοσι</span> <span class='ocrx_word' id='word_1_325' title='bbox 1584 2847 1887 2917; x_wconf 81' lang='grc' dir='ltr'>παραδίδο-</span> 
     </span>
    </p>
   </div>
   <div class='ocr_carea' id='block_1_46' title="bbox 303 2935 1887 3010">
    <p class='ocr_par' dir='ltr' id='par_1_46' title="bbox 303 2935 1887 3010">
     <span class='ocr_line' id='line_1_46' title="bbox 303 2935 1887 3010; baseline 0 -20"><span class='ocrx_word' id='word_1_326' title='bbox 303 2935 461 2990; x_wconf 73' lang='grc' dir='ltr'>σθαι.</span> <span class='ocrx_word' id='word_1_327' title='bbox 512 2938 672 3004; x_wconf 80' lang='grc' dir='ltr'>Λέγει</span> <span class='ocrx_word' id='word_1_328' title='bbox 713 2938 890 2990; x_wconf 77' lang='grc' dir='ltr'>δὲκαὶ</span> <span class='ocrx_word' id='word_1_329' title='bbox 919 2939 1011 2991; x_wconf 84' lang='grc' dir='ltr'>τοῦ</span> <span class='ocrx_word' id='word_1_330' title='bbox 1047 2940 1328 3010; x_wconf 80' lang='grc' dir='ltr'>Κυριακοῦ</span> <span class='ocrx_word' id='word_1_331' title='bbox 1381 2939 1630 3009; x_wconf 82' lang='grc' dir='ltr'>σώματος</span> <span class='ocrx_word' id='word_1_332' title='bbox 1669 2941 1760 2991; x_wconf 79' lang='grc' dir='ltr'><strong>ἐπὶ</strong></span> <span class='ocrx_word' id='word_1_333' title='bbox 1789 2941 1887 3008; x_wconf 81' lang='grc' dir='ltr'>τῆς</span> 
     </span>
    </p>
   </div>
   <div class='ocr_carea' id='block_1_47' title="bbox 299 3028 1884 3102">
    <p class='ocr_par' dir='ltr' id='par_1_47' title="bbox 299 3028 1884 3102">
     <span class='ocr_line' id='line_1_47' title="bbox 299 3028 1884 3102; baseline 0.003 -23"><span class='ocrx_word' id='word_1_334' title='bbox 299 3028 464 3098; x_wconf 66' lang='grc' dir='ltr'>ἱερᾶς</span> <span class='ocrx_word' id='word_1_335' title='bbox 521 3028 804 3099; x_wconf 77' lang='grc' dir='ltr'>τραπέζης</span> <span class='ocrx_word' id='word_1_336' title='bbox 853 3030 1209 3100; x_wconf 81' lang='grc' dir='ltr'>προτεθέντος</span> <span class='ocrx_word' id='word_1_337' title='bbox 1255 3032 1342 3086; x_wconf 79' lang='grc' dir='ltr'><strong>διὰ</strong></span> <span class='ocrx_word' id='word_1_338' title='bbox 1385 3033 1544 3085; x_wconf 81' lang='grc' dir='ltr'>τοῦτο</span> <span class='ocrx_word' id='word_1_339' title='bbox 1579 3033 1706 3094; x_wconf 75' lang='grc' dir='ltr'>τοὺς</span> <span class='ocrx_word' id='word_1_340' title='bbox 1756 3032 1884 3102; x_wconf 86' lang='grc' dir='ltr'>παρ’</span> 
     </span>
    </p>
   </div>
   <div class='ocr_carea' id='block_1_48' title="bbox 301 3120 1886 3197">
    <p class='ocr_par' dir='ltr' id='par_1_48' title="bbox 301 3120 1886 3197">
     <span class='ocr_line' id='line_1_48' title="bbox 301 3120 1886 3197; baseline 0.004 -26"><span class='ocrx_word' id='word_1_341' title='bbox 301 3120 547 3190; x_wconf 73' lang='grc' dir='ltr'>ἑκάτερα</span> <span class='ocrx_word' id='word_1_342' title='bbox 572 3121 680 3174; x_wconf 84' lang='grc' dir='ltr'><strong>τῶν</strong></span> <span class='ocrx_word' id='word_1_343' title='bbox 701 3122 769 3176; x_wconf 79' lang='grc' dir='ltr'>τὰ</span> <span class='ocrx_word' id='word_1_344' title='bbox 803 3125 844 3175; x_wconf 85' lang='grc' dir='ltr'><strong>ἰε</strong></span> <span class='ocrx_word' id='word_1_345' title='bbox 856 3122 924 3193; x_wconf 74' lang='grc' dir='ltr'>ρὰ</span> <span class='ocrx_word' id='word_1_346' title='bbox 945 3124 1405 3193; x_wconf 77' lang='grc' dir='ltr'>ὑπηρετουμένων</span> <span class='ocrx_word' id='word_1_347' title='bbox 1422 3125 1637 3197; x_wconf 74' lang='grc' dir='ltr'>ῥιπίδας</span> <span class='ocrx_word' id='word_1_348' title='bbox 1669 3126 1886 3194; x_wconf 81' lang='grc' dir='ltr'>πτερῶν</span> 
     </span>
    </p>
   </div>
   <div class='ocr_carea' id='block_1_49' title="bbox 297 3212 1882 3285">
    <p class='ocr_par' dir='ltr' id='par_1_49' title="bbox 297 3212 1882 3285">
     <span class='ocr_line' id='line_1_49' title="bbox 297 3212 1882 3285; baseline 0.006 -24"><span class='ocrx_word' id='word_1_349' title='bbox 297 3212 691 3281; x_wconf 79' lang='grc' dir='ltr'>πεποιημένας</span> <span class='ocrx_word' id='word_1_350' title='bbox 719 3217 833 3277; x_wconf 88' lang='grc' dir='ltr'>τοῖς</span> <span class='ocrx_word' id='word_1_351' title='bbox 875 3217 1261 3285; x_wconf 80' lang='grc' dir='ltr'>προκειμένοις</span> <span class='ocrx_word' id='word_1_352' title='bbox 1307 3220 1555 3285; x_wconf 77' lang='grc' dir='ltr'>φρικτοῖς</span> <span class='ocrx_word' id='word_1_353' title='bbox 1599 3218 1882 3278; x_wconf 80' lang='grc' dir='ltr'>ἑπικινεῖν,</span> 
     </span>
    </p>
   </div>
   <div class='ocr_carea' id='block_1_50' title="bbox 298 3302 1885 3379">
    <p class='ocr_par' dir='ltr' id='par_1_50' title="bbox 298 3302 1885 3379">
     <span class='ocr_line' id='line_1_50' title="bbox 298 3302 1885 3379; baseline 0.004 -24"><span class='ocrx_word' id='word_1_354' title='bbox 298 3302 419 3355; x_wconf 80' lang='grc' dir='ltr'>τῶν</span> <span class='ocrx_word' id='word_1_355' title='bbox 441 3302 834 3378; x_wconf 77' lang='grc' dir='ltr'>ὲξαπτερύγων</span> <span class='ocrx_word' id='word_1_356' title='bbox 869 3308 1133 3376; x_wconf 80' lang='grc' dir='ltr'>φέροντας</span> <span class='ocrx_word' id='word_1_357' title='bbox 1166 3306 1432 3376; x_wconf 79' lang='grc' dir='ltr'>σύμϐολα,</span> <span class='ocrx_word' id='word_1_358' title='bbox 1462 3307 1535 3369; x_wconf 77' lang='grc' dir='ltr'><strong>ὡς</strong></span> <span class='ocrx_word' id='word_1_359' title='bbox 1572 3308 1636 3361; x_wconf 85' lang='grc' dir='ltr'><strong>ἂν</strong></span> <span class='ocrx_word' id='word_1_360' title='bbox 1657 3311 1728 3379; x_wconf 81' lang='grc' dir='ltr'>μὴ</span> <span class='ocrx_word' id='word_1_361' title='bbox 1756 3309 1885 3362; x_wconf 80' lang='grc' dir='ltr'>ἐῶσι</span> 
     </span>
    </p>
   </div>
   <div class='ocr_carea' id='block_1_51' title="bbox 296 3393 1885 3468">
    <p class='ocr_par' dir='ltr' id='par_1_51' title="bbox 296 3393 1885 3468">
     <span class='ocr_line' id='line_1_51' title="bbox 296 3393 1885 3468; baseline 0.006 -24"><span class='ocrx_word' id='word_1_362' title='bbox 296 3393 432 3456; x_wconf 77' lang='grc' dir='ltr'>τοὺς</span> <span class='ocrx_word' id='word_1_363' title='bbox 469 3395 820 3464; x_wconf 80' lang='grc' dir='ltr'>τελουμένους</span> <span class='ocrx_word' id='word_1_364' title='bbox 849 3399 960 3459; x_wconf 90' lang='grc' dir='ltr'>τοῖς</span> <span class='ocrx_word' id='word_1_365' title='bbox 990 3397 1291 3467; x_wconf 83' lang='grc' dir='ltr'>ὁρωμένοις</span> <span class='ocrx_word' id='word_1_366' title='bbox 1326 3400 1703 3468; x_wconf 80' lang='grc' dir='ltr'>ὲναπομένειν,</span> <span class='ocrx_word' id='word_1_367' title='bbox 1748 3401 1885 3454; x_wconf 85' lang='grc' dir='ltr'>ἀλλὰ</span> 
     </span>
    </p>
   </div>
   <div class='ocr_carea' id='block_1_52' title="bbox 302 3488 1885 3560">
    <p class='ocr_par' dir='ltr' id='par_1_52' title="bbox 302 3488 1885 3560">
     <span class='ocr_line' id='line_1_52' title="bbox 302 3488 1885 3560; baseline 0.003 -22"><span class='ocrx_word' id='word_1_368' title='bbox 302 3488 513 3551; x_wconf 76' lang='grc' dir='ltr'>παντὸς</span> <span class='ocrx_word' id='word_1_369' title='bbox 591 3488 862 3552; x_wconf 86' lang='grc' dir='ltr'>προσύλου</span> <span class='ocrx_word' id='word_1_370' title='bbox 942 3489 1199 3559; x_wconf 82' lang='grc' dir='ltr'>ὑπεράνω</span> <span class='ocrx_word' id='word_1_371' title='bbox 1271 3491 1596 3559; x_wconf 83' lang='grc' dir='ltr'>γενομένους</span> <span class='ocrx_word' id='word_1_372' title='bbox 1673 3494 1885 3560; x_wconf 83' lang='grc' dir='ltr'>νοεροῖς</span> 
     </span>
    </p>
   </div>
   <div class='ocr_carea' id='block_1_53' title="bbox 301 3579 1888 3655">
    <p class='ocr_par' dir='ltr' id='par_1_53' title="bbox 301 3579 1888 3655">
     <span class='ocr_line' id='line_1_53' title="bbox 301 3579 1888 3655; baseline 0.004 -26"><span class='ocrx_word' id='word_1_373' title='bbox 301 3579 608 3646; x_wconf 64' lang='grc' dir='ltr'>ὀφθαλμοῖς</span> <span class='ocrx_word' id='word_1_374' title='bbox 633 3579 720 3633; x_wconf 79' lang='grc' dir='ltr'>διὰ</span> <span class='ocrx_word' id='word_1_375' title='bbox 759 3581 870 3655; x_wconf 85' lang='grc' dir='ltr'><strong>τῶν</strong></span> <span class='ocrx_word' id='word_1_376' title='bbox 911 3584 1206 3654; x_wconf 77' lang='grc' dir='ltr'>ὁρωμένων</span> <span class='ocrx_word' id='word_1_377' title='bbox 1238 3584 1330 3636; x_wconf 77' lang='grc' dir='ltr'>ἐπὶ</span> <span class='ocrx_word' id='word_1_378' title='bbox 1368 3584 1468 3655; x_wconf 84' lang='grc' dir='ltr'><strong>τὴν</strong></span> <span class='ocrx_word' id='word_1_379' title='bbox 1498 3584 1727 3653; x_wconf 84' lang='grc' dir='ltr'>ἀόρατον</span> <span class='ocrx_word' id='word_1_380' title='bbox 1756 3585 1888 3638; x_wconf 76' lang='grc' dir='ltr'>θέαν</span> 
     </span>
    </p>
   </div>
   <div class='ocr_carea' id='block_1_54' title="bbox 299 3671 1886 3746">
    <p class='ocr_par' dir='ltr' id='par_1_54' title="bbox 299 3671 1886 3746">
     <span class='ocr_line' id='line_1_54' title="bbox 299 3671 1886 3746; baseline 0.005 -26"><span class='ocrx_word' id='word_1_381' title='bbox 299 3671 492 3722; x_wconf 76' lang='grc' dir='ltr'>καὶτὸ</span> <span class='ocrx_word' id='word_1_382' title='bbox 538 3673 816 3744; x_wconf 81' lang='grc' dir='ltr'>ἀμήχανον</span> <span class='ocrx_word' id='word_1_383' title='bbox 851 3675 1026 3726; x_wconf 86' lang='grc' dir='ltr'>ὲκείνο</span> <span class='ocrx_word' id='word_1_384' title='bbox 1055 3674 1099 3706; x_wconf 82' lang='grc'><strong>³⁷</strong></span> <span class='ocrx_word' id='word_1_385' title='bbox 1135 3675 1331 3738; x_wconf 84' lang='grc' dir='ltr'>κάλλος</span> <span class='ocrx_word' id='word_1_386' title='bbox 1377 3677 1886 3746; x_wconf 73' lang='grc' dir='ltr'>παρασκευάζουσιν</span> 
     </span>
    </p>
   </div>
   <div class='ocr_carea' id='block_1_55' title="bbox 303 3761 1885 3839">
    <p class='ocr_par' dir='ltr' id='par_1_55' title="bbox 303 3761 1885 3839">
     <span class='ocr_line' id='line_1_55' title="bbox 303 3761 1885 3839; baseline 0.005 -26"><span class='ocrx_word' id='word_1_387' title='bbox 303 3761 663 3831; x_wconf 81' lang='grc' dir='ltr'>ἀναδραμεῖν.</span> <span class='ocrx_word' id='word_1_388' title='bbox 708 3766 817 3818; x_wconf 75' lang='grc' dir='ltr'><strong>Καὶ</strong></span> <span class='ocrx_word' id='word_1_389' title='bbox 865 3768 971 3836; x_wconf 78' lang='grc' dir='ltr'><strong>γὰρ</strong></span> <span class='ocrx_word' id='word_1_390' title='bbox 1019 3767 1117 3820; x_wconf 71' lang='grc' dir='ltr'><strong>καὶ</strong></span> <span class='ocrx_word' id='word_1_391' title='bbox 1149 3768 1476 3836; x_wconf 85' lang='grc' dir='ltr'>σωματικῶς</span> <span class='ocrx_word' id='word_1_392' title='bbox 1519 3768 1598 3838; x_wconf 82' lang='grc' dir='ltr'>τῷ</span> <span class='ocrx_word' id='word_1_393' title='bbox 1641 3770 1885 3839; x_wconf 85' lang='grc' dir='ltr'>Δεσπότῃ</span> 
     </span>
    </p>
   </div>
   <div class='ocr_carea' id='block_1_56' title="bbox 304 3851 1885 3926">
    <p class='ocr_par' dir='ltr' id='par_1_56' title="bbox 304 3851 1885 3926">
     <span class='ocr_line' id='line_1_56' title="bbox 304 3851 1885 3926; baseline 0.007 -26"><span class='ocrx_word' id='word_1_394' title='bbox 304 3851 548 3921; x_wconf 81' lang='grc' dir='ltr'>παρόντι</span> <span class='ocrx_word' id='word_1_395' title='bbox 591 3853 741 3923; x_wconf 76' lang='grc' dir='ltr'><strong>φόϐῳ</strong></span> <span class='ocrx_word' id='word_1_396' title='bbox 769 3855 863 3907; x_wconf 74' lang='grc' dir='ltr'><strong>καὶ</strong></span> <span class='ocrx_word' id='word_1_397' title='bbox 884 3855 1075 3925; x_wconf 82' lang='grc' dir='ltr'>τρόμῳ</span> <span class='ocrx_word' id='word_1_398' title='bbox 1104 3856 1172 3908; x_wconf 84' lang='grc' dir='ltr'><strong>τὰ</strong></span> <span class='ocrx_word' id='word_1_399' title='bbox 1201 3857 1454 3925; x_wconf 71' lang='grc' dir='ltr'>Σεραφὶμ</span> <span class='ocrx_word' id='word_1_400' title='bbox 1478 3857 1739 3926; x_wconf 80' lang='grc' dir='ltr'>ὑπηρέτει</span> <span class='ocrx_word' id='word_1_401' title='bbox 1773 3875 1788 3889; x_wconf 88' lang='grc'><strong>·</strong></span> <span class='ocrx_word' id='word_1_402' title='bbox 1824 3854 1885 3911; x_wconf 77' lang='grc' dir='ltr'>οὗ</span> 
     </span>
    </p>
   </div>
   <div class='ocr_carea' id='block_1_57' title="bbox 297 3938 1888 4016">
    <p class='ocr_par' dir='ltr' id='par_1_57' title="bbox 297 3938 1888 4016">
     <span class='ocr_line' id='line_1_57' title="bbox 297 3938 1888 4016; baseline 0.006 -25"><span class='ocrx_word' id='word_1_403' title='bbox 297 3938 455 4004; x_wconf 78' lang='grc' dir='ltr'>τινος</span> <span class='ocrx_word' id='word_1_404' title='bbox 479 3943 646 4010; x_wconf 72' lang='grc' dir='ltr'>φόϐου</span> <span class='ocrx_word' id='word_1_405' title='bbox 679 3945 771 3997; x_wconf 69' lang='grc' dir='ltr'>καὶ</span> <span class='ocrx_word' id='word_1_406' title='bbox 803 3945 1008 4015; x_wconf 80' lang='grc' dir='ltr'>τρόμου</span> <span class='ocrx_word' id='word_1_407' title='bbox 1038 3945 1269 4016; x_wconf 77' lang='grc' dir='ltr'>αἴνιγμα</span> <span class='ocrx_word' id='word_1_408' title='bbox 1298 3941 1437 4000; x_wconf 80' lang='grc' dir='ltr'>εἰναι</span> <span class='ocrx_word' id='word_1_409' title='bbox 1479 3948 1568 3999; x_wconf 63' lang='grc' dir='ltr'><strong>καὶ</strong></span> <span class='ocrx_word' id='word_1_410' title='bbox 1599 3948 1697 4016; x_wconf 83' lang='grc' dir='ltr'><strong>τὴν</strong></span> <span class='ocrx_word' id='word_1_411' title='bbox 1731 3964 1888 4014; x_wconf 85' lang='grc' dir='ltr'>γενο-</span> 
     </span>
    </p>
   </div>
   <div class='ocr_carea' id='block_1_58' title="bbox 303 4032 1889 4110">
    <p class='ocr_par' dir='ltr' id='par_1_58' title="bbox 303 4032 1889 4110">
     <span class='ocr_line' id='line_1_58' title="bbox 303 4032 1889 4110; baseline 0.005 -26"><span class='ocrx_word' id='word_1_412' title='bbox 303 4032 479 4103; x_wconf 81' lang='grc' dir='ltr'>μένην</span> <span class='ocrx_word' id='word_1_413' title='bbox 517 4034 604 4086; x_wconf 82' lang='grc' dir='ltr'>διὰ</span> <span class='ocrx_word' id='word_1_414' title='bbox 633 4036 742 4088; x_wconf 85' lang='grc' dir='ltr'><strong>τῶν</strong></span> <span class='ocrx_word' id='word_1_415' title='bbox 777 4037 996 4106; x_wconf 83' lang='grc' dir='ltr'>πτερῶν</span> <span class='ocrx_word' id='word_1_416' title='bbox 1027 4037 1260 4105; x_wconf 78' lang='grc' dir='ltr'>κίνησιν,</span> <span class='ocrx_word' id='word_1_417' title='bbox 1302 4038 1370 4108; x_wconf 81' lang='grc' dir='ltr'>ἣν</span> <span class='ocrx_word' id='word_1_418' title='bbox 1421 4039 1480 4090; x_wconf 74' lang='grc' dir='ltr'>τὸ</span> <span class='ocrx_word' id='word_1_419' title='bbox 1515 4039 1889 4110; x_wconf 86' lang='grc' dir='ltr'>ὑπηρετούμε-</span> 
     </span>
    </p>
   </div>
   <div class='ocr_carea' id='block_1_59' title="bbox 295 4127 1884 4198">
    <p class='ocr_par' dir='ltr' id='par_1_59' title="bbox 295 4127 1884 4198">
     <span class='ocr_line' id='line_1_59' title="bbox 295 4127 1884 4198; baseline 0.003 -22"><span class='ocrx_word' id='word_1_420' title='bbox 295 4141 396 4177; x_wconf 84' lang='grc' dir='ltr'><strong>νον</strong></span> <span class='ocrx_word' id='word_1_421' title='bbox 417 4127 648 4195; x_wconf 74' lang='grc' dir='ltr'>ἐνεργεῖ.</span> <span class='ocrx_word' id='word_1_422' title='bbox 684 4129 745 4180; x_wconf 87' lang='grc' dir='ltr'>Εἰ</span> <span class='ocrx_word' id='word_1_423' title='bbox 780 4128 836 4180; x_wconf 83' lang='grc' dir='ltr'><strong>δὲ</strong></span> <span class='ocrx_word' id='word_1_424' title='bbox 861 4128 929 4181; x_wconf 80' lang='grc' dir='ltr'>τὰ</span> <span class='ocrx_word' id='word_1_425' title='bbox 959 4129 1212 4198; x_wconf 83' lang='grc' dir='ltr'>Σεραφ“ιμ</span> <span class='ocrx_word' id='word_1_426' title='bbox 1255 4129 1630 4198; x_wconf 81' lang='grc' dir='ltr'>ὑπηρετοῦντα</span> <span class='ocrx_word' id='word_1_427' title='bbox 1661 4129 1884 4198; x_wconf 81' lang='grc' dir='ltr'>δηλοῦν-</span> 
     </span>
    </p>
   </div>
   <div class='ocr_carea' id='block_1_60' title="bbox 293 4213 1886 4290">
    <p class='ocr_par' dir='ltr' id='par_1_60' title="bbox 293 4213 1886 4290">
     <span class='ocr_line' id='line_1_60' title="bbox 293 4213 1886 4290; baseline 0.004 -25"><span class='ocrx_word' id='word_1_428' title='bbox 293 4229 398 4266; x_wconf 84' lang='grc' dir='ltr'><strong>ται</strong></span> <span class='ocrx_word' id='word_1_429' title='bbox 431 4213 478 4246; x_wconf 77' lang='grc'><strong>⁸⁸</strong></span> <span class='ocrx_word' id='word_1_430' title='bbox 517 4217 609 4268; x_wconf 73' lang='grc' dir='ltr'><strong>καὶ</strong></span> <span class='ocrx_word' id='word_1_431' title='bbox 645 4218 983 4286; x_wconf 82' lang='grc' dir='ltr'>σαρκωθέντι</span> <span class='ocrx_word' id='word_1_432' title='bbox 1013 4219 1091 4289; x_wconf 84' lang='grc' dir='ltr'><strong>τῷ</strong></span> <span class='ocrx_word' id='word_1_433' title='bbox 1126 4218 1304 4288; x_wconf 83' lang='grc' dir='ltr'>Λόγῳ,</span> <span class='ocrx_word' id='word_1_434' title='bbox 1358 4221 1452 4271; x_wconf 79' lang='grc' dir='ltr'>καὶ</span> <span class='ocrx_word' id='word_1_435' title='bbox 1477 4220 1630 4271; x_wconf 81' lang='grc' dir='ltr'>οὐδὲν</span> <span class='ocrx_word' id='word_1_436' title='bbox 1675 4221 1760 4272; x_wconf 76' lang='grc' dir='ltr'>διὰ</span> <span class='ocrx_word' id='word_1_437' title='bbox 1790 4219 1886 4290; x_wconf 79' lang='grc' dir='ltr'>τὴν</span> 
     </span>
    </p>
   </div>
   <div class='ocr_carea' id='block_1_61' title="bbox 297 4306 1888 4382">
    <p class='ocr_par' dir='ltr' id='par_1_61' title="bbox 297 4306 1888 4382">
     <span class='ocr_line' id='line_1_61' title="bbox 297 4306 1888 4382; baseline 0.005 -25"><span class='ocrx_word' id='word_1_438' title='bbox 297 4306 460 4360; x_wconf 78' lang='grc' dir='ltr'>κάτω</span> <span class='ocrx_word' id='word_1_439' title='bbox 495 4307 593 4360; x_wconf 79' lang='grc' dir='ltr'><strong>τοῦ</strong></span> <span class='ocrx_word' id='word_1_440' title='bbox 623 4309 798 4377; x_wconf 86' lang='grc' dir='ltr'>Λόγου</span> <span class='ocrx_word' id='word_1_441' title='bbox 843 4311 1118 4382; x_wconf 84' lang='grc' dir='ltr'>διαγωγὴν</span> <span class='ocrx_word' id='word_1_442' title='bbox 1151 4313 1250 4381; x_wconf 83' lang='grc' dir='ltr'>τῆς</span> <span class='ocrx_word' id='word_1_443' title='bbox 1290 4313 1402 4365; x_wconf 83' lang='grc' dir='ltr'>ἄνω</span> <span class='ocrx_word' id='word_1_444' title='bbox 1436 4313 1734 4382; x_wconf 76' lang='grc' dir='ltr'>καθυφίησι</span> <span class='ocrx_word' id='word_1_445' title='bbox 1768 4312 1888 4365; x_wconf 85' lang='grc' dir='ltr'>δου-</span> 
     </span>
    </p>
   </div>
   <div class='ocr_carea' id='block_1_62' title="bbox 300 4392 1884 4475">
    <p class='ocr_par' dir='ltr' id='par_1_62' title="bbox 300 4392 1884 4475">
     <span class='ocr_line' id='line_1_62' title="bbox 300 4392 1884 4475; baseline 0 -19"><span class='ocrx_word' id='word_1_446' title='bbox 300 4392 478 4457; x_wconf 73' lang='grc' dir='ltr'>λείας.</span> <span class='ocrx_word' id='word_1_447' title='bbox 507 4399 750 4470; x_wconf 83' lang='grc' dir='ltr'>δηλονότι</span> <span class='ocrx_word' id='word_1_448' title='bbox 778 4404 870 4455; x_wconf 84' lang='grc' dir='ltr'><strong>καί</strong></span> <span class='ocrx_word' id='word_1_449' title='bbox 901 4405 933 4474; x_wconf 81' lang='grc' dir='ltr'>ἡ</span> <span class='ocrx_word' id='word_1_450' title='bbox 961 4402 1097 4475; x_wconf 82' lang='grc' dir='ltr'>ἄλλη</span> <span class='ocrx_word' id='word_1_451' title='bbox 1126 4405 1234 4457; x_wconf 81' lang='grc' dir='ltr'>τῶν</span> <span class='ocrx_word' id='word_1_452' title='bbox 1261 4406 1566 4474; x_wconf 83' lang='grc' dir='ltr'>ἀσωμάτων</span> <span class='ocrx_word' id='word_1_453' title='bbox 1581 4405 1884 4475; x_wconf 82' lang='grc' dir='ltr'>διακόσμη-</span> 
     </span>
    </p>
   </div>
   <div class='ocr_carea' id='block_1_63' title="bbox 305 4486 1887 4566">
    <p class='ocr_par' dir='ltr' id='par_1_63' title="bbox 305 4486 1887 4566">
     <span class='ocr_line' id='line_1_63' title="bbox 305 4486 1887 4566; baseline -0.002 -17"><span class='ocrx_word' id='word_1_454' title='bbox 305 4501 394 4549; x_wconf 79' lang='grc' dir='ltr'>σις</span> <span class='ocrx_word' id='word_1_455' title='bbox 431 4486 569 4540; x_wconf 82' lang='grc' dir='ltr'>νόων</span> <span class='ocrx_word' id='word_1_456' title='bbox 617 4494 705 4541; x_wconf 64' lang='grc' dir='ltr'>τὸν</span> <span class='ocrx_word' id='word_1_457' title='bbox 745 4495 886 4559; x_wconf 84' lang='grc' dir='ltr'>μετὰ</span> <span class='ocrx_word' id='word_1_458' title='bbox 942 4496 1145 4564; x_wconf 83' lang='grc' dir='ltr'>σαρκὸς</span> <span class='ocrx_word' id='word_1_459' title='bbox 1197 4495 1610 4566; x_wconf 85' lang='grc' dir='ltr'>παραγεγονότα</span> <span class='ocrx_word' id='word_1_460' title='bbox 1657 4494 1887 4565; x_wconf 87' lang='grc' dir='ltr'>λατρεύ-</span> 
     </span>
    </p>
   </div>
   <div class='ocr_carea' id='block_1_64' title="bbox 299 4581 1888 4658">
    <p class='ocr_par' dir='ltr' id='par_1_64' title="bbox 299 4581 1888 4658">
     <span class='ocr_line' id='line_1_64' title="bbox 299 4581 1888 4658; baseline 0.007 -30"><span class='ocrx_word' id='word_1_461' title='bbox 299 4594 440 4630; x_wconf 78' lang='grc' dir='ltr'>ουσα</span> <span class='ocrx_word' id='word_1_462' title='bbox 487 4581 832 4649; x_wconf 78' lang='grc' dir='ltr'>προσεκύνει.</span> <span class='ocrx_word' id='word_1_463' title='bbox 867 4584 992 4654; x_wconf 81' lang='lat'><strong>[609</strong></span> <span class='ocrx_word' id='word_1_464' title='bbox 1017 4585 1110 4658; x_wconf 61' lang='lat' dir='ltr'><strong>IL]</strong></span> <span class='ocrx_word' id='word_1_465' title='bbox 1155 4586 1219 4639; x_wconf 85' lang='grc' dir='ltr'><strong>Ἦ</strong></span> <span class='ocrx_word' id='word_1_466' title='bbox 1248 4588 1357 4656; x_wconf 80' lang='grc' dir='ltr'>γὰρ</span> <span class='ocrx_word' id='word_1_467' title='bbox 1402 4589 1458 4639; x_wconf 79' lang='grc' dir='ltr'>ὲν</span> <span class='ocrx_word' id='word_1_468' title='bbox 1486 4585 1698 4648; x_wconf 88' lang='grc' dir='ltr'>τούτοις</span> <span class='ocrx_word' id='word_1_469' title='bbox 1736 4603 1888 4656; x_wconf 78' lang='grc' dir='ltr'>πρω-</span> 
     </span>
    </p>
   </div>
   <div class='ocr_carea' id='block_1_65' title="bbox 299 4665 1885 4744">
    <p class='ocr_par' dir='ltr' id='par_1_65' title="bbox 299 4665 1885 4744">
     <span class='ocr_line' id='line_1_65' title="bbox 299 4665 1885 4744; baseline 0.008 -29"><span class='ocrx_word' id='word_1_470' title='bbox 299 4665 540 4718; x_wconf 77' lang='grc' dir='ltr'>τεύουσα</span> <span class='ocrx_word' id='word_1_471' title='bbox 567 4668 742 4734; x_wconf 82' lang='grc' dir='ltr'>τάξις,</span> <span class='ocrx_word' id='word_1_472' title='bbox 792 4670 890 4740; x_wconf 86' lang='grc' dir='ltr'><strong>τὴν</strong></span> <span class='ocrx_word' id='word_1_473' title='bbox 928 4673 1174 4727; x_wconf 76' lang='grc' dir='ltr'>δουλείαν</span> <span class='ocrx_word' id='word_1_474' title='bbox 1208 4677 1268 4727; x_wconf 88' lang='grc' dir='ltr'><strong>οὑ</strong></span> <span class='ocrx_word' id='word_1_475' title='bbox 1321 4675 1740 4744; x_wconf 85' lang='grc' dir='ltr'>καινοτομοῦσα,</span> <span class='ocrx_word' id='word_1_476' title='bbox 1793 4675 1885 4727; x_wconf 71' lang='grc' dir='ltr'><strong>καὶ</strong></span> 
     </span>
    </p>
   </div>
   <div class='ocr_carea' id='block_1_66' title="bbox 1993 2202 3567 2272">
    <p class='ocr_par' dir='ltr' id='par_1_66' title="bbox 1993 2202 3567 2272">
     <span class='ocr_line' id='line_1_66' title="bbox 1993 2202 3567 2272; baseline 0.002 -19"><span class='ocrx_word' id='word_1_477' title='bbox 1993 2202 2296 2254; x_wconf 76' lang='lat' dir='ltr'><strong>examinata</strong></span> <span class='ocrx_word' id='word_1_478' title='bbox 2328 2202 2397 2254; x_wconf 73' lang='grc'><strong>⁸⁸.</strong></span> <span class='ocrx_word' id='word_1_479' title='bbox 2439 2202 2569 2272; x_wconf 73' lang='lat' dir='ltr'><strong>[ipsa</strong></span> <span class='ocrx_word' id='word_1_480' title='bbox 2631 2217 2847 2271; x_wconf 91' lang='lat' dir='ltr'><strong>quoque</strong></span> <span class='ocrx_word' id='word_1_481' title='bbox 2909 2219 3009 2256; x_wconf 76' lang='lat' dir='ltr'><strong>vox</strong></span> <span class='ocrx_word' id='word_1_482' title='bbox 3077 2204 3301 2271; x_wconf 81' lang='lat' dir='ltr'><strong>forcipis</strong></span> <span class='ocrx_word' id='word_1_483' title='bbox 3362 2212 3567 2256; x_wconf 83' lang='lat' dir='ltr'><strong>tactum</strong></span> 
     </span>
    </p>
   </div>
   <div class='ocr_carea' id='block_1_67' title="bbox 1991 2293 3566 2363">
    <p class='ocr_par' dir='ltr' id='par_1_67' title="bbox 1991 2293 3566 2363">
     <span class='ocr_line' id='line_1_67' title="bbox 1991 2293 3566 2363; baseline 0.003 -19"><span class='ocrx_word' id='word_1_484' title='bbox 1991 2293 2284 2360; x_wconf 80' lang='lat' dir='ltr'><strong>signiﬁcat,</strong></span> <span class='ocrx_word' id='word_1_485' title='bbox 2328 2294 2418 2362; x_wconf 87' lang='lat' dir='ltr'><strong>qui</strong></span> <span class='ocrx_word' id='word_1_486' title='bbox 2455 2294 2669 2348; x_wconf 88' lang='lat' dir='ltr'><strong>scilicet</strong></span> <span class='ocrx_word' id='word_1_487' title='bbox 2695 2295 2746 2347; x_wconf 90' lang='lat' dir='ltr'><strong>in</strong></span> <span class='ocrx_word' id='word_1_488' title='bbox 2785 2296 2916 2348; x_wconf 90' lang='lat' dir='ltr'><strong>solis</strong></span> <span class='ocrx_word' id='word_1_489' title='bbox 2951 2305 3172 2363; x_wconf 83' lang='lat' dir='ltr'><strong>apparet</strong></span> <span class='ocrx_word' id='word_1_490' title='bbox 3200 2297 3566 2352; x_wconf 87' lang='lat' dir='ltr'><strong>sensibilibus.</strong></span> 
     </span>
    </p>
   </div>
   <div class='ocr_carea' id='block_1_68' title="bbox 1990 2381 3566 2448">
    <p class='ocr_par' dir='ltr' id='par_1_68' title="bbox 1990 2381 3566 2448">
     <span class='ocr_line' id='line_1_68' title="bbox 1990 2381 3566 2448; baseline 0.002 -13"><span class='ocrx_word' id='word_1_491' title='bbox 1990 2381 2244 2437; x_wconf 85' lang='lat' dir='ltr'><strong>Fortasse</strong></span> <span class='ocrx_word' id='word_1_492' title='bbox 2269 2399 2394 2437; x_wconf 78' lang='lat' dir='ltr'><strong>vero</strong></span> <span class='ocrx_word' id='word_1_493' title='bbox 2443 2394 2498 2436; x_wconf 91' lang='lat' dir='ltr'><strong>et</strong></span> <span class='ocrx_word' id='word_1_494' title='bbox 2525 2383 2686 2437; x_wconf 82' lang='lat' dir='ltr'><strong>Verbi</strong></span> <span class='ocrx_word' id='word_1_495' title='bbox 2713 2387 3163 2448; x_wconf 84' lang='lat' dir='ltr'><strong>incarnationem,</strong></span> <span class='ocrx_word' id='word_1_496' title='bbox 3205 2386 3376 2439; x_wconf 90' lang='lat' dir='ltr'><strong>nostri</strong></span> <span class='ocrx_word' id='word_1_497' title='bbox 3406 2400 3566 2439; x_wconf 82' lang='lat' dir='ltr'><strong>causa</strong></span> 
     </span>
    </p>
   </div>
   <div class='ocr_carea' id='block_1_69' title="bbox 1991 2475 3566 2546">
    <p class='ocr_par' dir='ltr' id='par_1_69' title="bbox 1991 2475 3566 2546">
     <span class='ocr_line' id='line_1_69' title="bbox 1991 2475 3566 2546; baseline 0.003 -20"><span class='ocrx_word' id='word_1_498' title='bbox 1991 2475 2210 2536; x_wconf 82' lang='lat' dir='ltr'><strong>factam,</strong></span> <span class='ocrx_word' id='word_1_499' title='bbox 2246 2476 2476 2528; x_wconf 85' lang='lat' dir='ltr'><strong>obscure</strong></span> <span class='ocrx_word' id='word_1_500' title='bbox 2527 2476 2798 2543; x_wconf 78' lang='lat' dir='ltr'><strong>designari</strong></span> <span class='ocrx_word' id='word_1_501' title='bbox 2835 2478 3108 2544; x_wconf 65' lang='lat' dir='ltr'><strong>praedictis</strong></span> <span class='ocrx_word' id='word_1_502' title='bbox 3155 2478 3416 2546; x_wconf 79' lang='lat' dir='ltr'><strong>symbolis</strong></span> <span class='ocrx_word' id='word_1_503' title='bbox 3441 2493 3566 2546; x_wconf 91' lang='lat' dir='ltr'><strong>pro-</strong></span> 
     </span>
    </p>
   </div>
   <div class='ocr_carea' id='block_1_70' title="bbox 1989 2567 3568 2635">
    <p class='ocr_par' dir='ltr' id='par_1_70' title="bbox 1989 2567 3568 2635">
     <span class='ocr_line' id='line_1_70' title="bbox 1989 2567 3568 2635; baseline 0.002 -15"><span class='ocrx_word' id='word_1_504' title='bbox 1989 2567 2245 2620; x_wconf 85' lang='lat' dir='ltr'><strong>babiliter</strong></span> <span class='ocrx_word' id='word_1_505' title='bbox 2271 2567 2503 2620; x_wconf 86' lang='lat' dir='ltr'><strong>dicatur.</strong></span> <span class='ocrx_word' id='word_1_506' title='bbox 2545 2568 2690 2635; x_wconf 84' lang='lat' dir='ltr'><strong>ignis</strong></span> <span class='ocrx_word' id='word_1_507' title='bbox 2725 2569 2868 2621; x_wconf 87' lang='lat' dir='ltr'><strong>enim</strong></span> <span class='ocrx_word' id='word_1_508' title='bbox 2895 2570 3131 2634; x_wconf 89' lang='lat' dir='ltr'><strong>divinus,</strong></span> <span class='ocrx_word' id='word_1_509' title='bbox 3167 2571 3350 2625; x_wconf 85' lang='lat' dir='ltr'><strong>carnis</strong></span> <span class='ocrx_word' id='word_1_510' title='bbox 3372 2581 3568 2624; x_wconf 75' lang='lat' dir='ltr'><strong>nostra:</strong></span> 
     </span>
    </p>
   </div>
   <div class='ocr_carea' id='block_1_71' title="bbox 1990 2658 3565 2731">
    <p class='ocr_par' dir='ltr' id='par_1_71' title="bbox 1990 2658 3565 2731">
     <span class='ocr_line' id='line_1_71' title="bbox 1990 2658 3565 2731; baseline 0.003 -19"><span class='ocrx_word' id='word_1_511' title='bbox 1990 2661 2240 2712; x_wconf 82' lang='lat' dir='ltr'><strong>crassitie</strong></span> <span class='ocrx_word' id='word_1_512' title='bbox 2291 2658 2645 2731; x_wconf 72' lang='lat' dir='ltr'><strong>[interiecta]</strong></span> <span class='ocrx_word' id='word_1_513' title='bbox 2703 2661 2983 2715; x_wconf 88' lang='lat' dir='ltr'><strong>nobisemn</strong></span> <span class='ocrx_word' id='word_1_514' title='bbox 3054 2673 3405 2717; x_wconf 84' lang='lat' dir='ltr'><strong>conversatus</strong></span> <span class='ocrx_word' id='word_1_515' title='bbox 3460 2675 3565 2718; x_wconf 88' lang='lat' dir='ltr'><strong>est.</strong></span> 
     </span>
    </p>
   </div>
   <div class='ocr_carea' id='block_1_72' title="bbox 1988 2751 3564 2819">
    <p class='ocr_par' dir='ltr' id='par_1_72' title="bbox 1988 2751 3564 2819">
     <span class='ocr_line' id='line_1_72' title="bbox 1988 2751 3564 2819; baseline 0.001 -15"><span class='ocrx_word' id='word_1_516' title='bbox 1988 2751 2132 2804; x_wconf 83' lang='lat' dir='ltr'><strong>Fieri</strong></span> <span class='ocrx_word' id='word_1_517' title='bbox 2173 2752 2333 2804; x_wconf 75' lang='lat' dir='ltr'><strong>etiam</strong></span> <span class='ocrx_word' id='word_1_518' title='bbox 2367 2760 2562 2819; x_wconf 85' lang='lat' dir='ltr'><strong>potest,</strong></span> <span class='ocrx_word' id='word_1_519' title='bbox 2600 2753 2694 2814; x_wconf 86' lang='lat' dir='ltr'><strong>ait,</strong></span> <span class='ocrx_word' id='word_1_520' title='bbox 2738 2762 2793 2803; x_wconf 91' lang='lat' dir='ltr'><strong>ut</strong></span> <span class='ocrx_word' id='word_1_521' title='bbox 2831 2753 3045 2819; x_wconf 80' lang='lat' dir='ltr'><strong>forceps</strong></span> <span class='ocrx_word' id='word_1_522' title='bbox 3070 2754 3294 2818; x_wconf 79' lang='lat' dir='ltr'><strong>legalem</strong></span> <span class='ocrx_word' id='word_1_523' title='bbox 3318 2756 3564 2807; x_wconf 80' lang='lat' dir='ltr'><strong>umbram</strong></span> 
     </span>
    </p>
   </div>
   <div class='ocr_carea' id='block_1_73' title="bbox 1991 2841 3570 2911">
    <p class='ocr_par' dir='ltr' id='par_1_73' title="bbox 1991 2841 3570 2911">
     <span class='ocr_line' id='line_1_73' title="bbox 1991 2841 3570 2911; baseline 0.003 -19"><span class='ocrx_word' id='word_1_524' title='bbox 1991 2841 2253 2908; x_wconf 58' lang='lat' dir='ltr'><strong>designet,</strong></span> <span class='ocrx_word' id='word_1_525' title='bbox 2288 2843 2451 2892; x_wconf 84' lang='lat' dir='ltr'><strong>carbo</strong></span> <span class='ocrx_word' id='word_1_526' title='bbox 2480 2856 2606 2892; x_wconf 68' lang='lat' dir='ltr'><strong>Vero</strong></span> <span class='ocrx_word' id='word_1_527' title='bbox 2632 2841 2836 2893; x_wconf 81' lang='lat' dir='ltr'><strong>Novum</strong></span> <span class='ocrx_word' id='word_1_528' title='bbox 2871 2841 3297 2907; x_wconf 74' lang='lat' dir='ltr'><strong>Testamentum,</strong></span> <span class='ocrx_word' id='word_1_529' title='bbox 3328 2859 3445 2895; x_wconf 89' lang='lat' dir='ltr'><strong>eum</strong></span> <span class='ocrx_word' id='word_1_530' title='bbox 3474 2858 3570 2911; x_wconf 89' lang='lat' dir='ltr'><strong>per</strong></span> 
     </span>
    </p>
   </div>
   <div class='ocr_carea' id='block_1_74' title="bbox 1988 2931 3540 3001">
    <p class='ocr_par' dir='ltr' id='par_1_74' title="bbox 1988 2931 3540 3001">
     <span class='ocr_line' id='line_1_74' title="bbox 1988 2931 3540 3001; baseline 0.003 -18"><span class='ocrx_word' id='word_1_531' title='bbox 1988 2932 2176 2999; x_wconf 75' lang='lat' dir='ltr'><strong>legalia</strong></span> <span class='ocrx_word' id='word_1_532' title='bbox 2205 2932 2442 3001; x_wconf 82' lang='lat' dir='ltr'><strong>symbola</strong></span> <span class='ocrx_word' id='word_1_533' title='bbox 2467 2931 2598 2984; x_wconf 85' lang='lat' dir='ltr'><strong>Novi</strong></span> <span class='ocrx_word' id='word_1_534' title='bbox 2628 2932 2885 3001; x_wconf 85' lang='lat' dir='ltr'><strong>mysteria</strong></span> <span class='ocrx_word' id='word_1_535' title='bbox 2921 2931 3250 2986; x_wconf 85' lang='lat' dir='ltr'><strong>Testameuti</strong></span> <span class='ocrx_word' id='word_1_536' title='bbox 3280 2936 3540 2988; x_wconf 73' lang='lat' dir='ltr'><strong>ostendan</strong></span> 
     </span>
    </p>
   </div>
   <div class='ocr_carea' id='block_1_75' title="bbox 1992 3023 3564 3094">
    <p class='ocr_par' dir='ltr' id='par_1_75' title="bbox 1992 3023 3564 3094">
     <span class='ocr_line' id='line_1_75' title="bbox 1992 3023 3564 3094; baseline 0.003 -20"><span class='ocrx_word' id='word_1_537' title='bbox 1992 3031 2099 3088; x_wconf 90' lang='lat' dir='ltr'><strong>tur,</strong></span> <span class='ocrx_word' id='word_1_538' title='bbox 2138 3037 2202 3076; x_wconf 88' lang='lat' dir='ltr'><strong>ac</strong></span> <span class='ocrx_word' id='word_1_539' title='bbox 2229 3023 2362 3076; x_wconf 84' lang='lat' dir='ltr'><strong>bene</strong></span> <span class='ocrx_word' id='word_1_540' title='bbox 2389 3023 2753 3077; x_wconf 81' lang='lat' dir='ltr'><strong>sentientibus</strong></span> <span class='ocrx_word' id='word_1_541' title='bbox 2787 3025 3089 3077; x_wconf 88' lang='lat' dir='ltr'><strong>tradantur.</strong></span> <span class='ocrx_word' id='word_1_542' title='bbox 3123 3025 3289 3079; x_wconf 82' lang='lat' dir='ltr'><strong>Addit</strong></span> <span class='ocrx_word' id='word_1_543' title='bbox 3310 3026 3564 3094; x_wconf 73' lang='lat' dir='ltr'><strong>insuper:</strong></span> 
     </span>
    </p>
   </div>
   <div class='ocr_carea' id='block_1_76' title="bbox 1987 3114 3565 3183">
    <p class='ocr_par' dir='ltr' id='par_1_76' title="bbox 1987 3114 3565 3183">
     <span class='ocr_line' id='line_1_76' title="bbox 1987 3114 3565 3183; baseline 0.001 -15"><span class='ocrx_word' id='word_1_544' title='bbox 1987 3114 2118 3168; x_wconf 87' lang='lat' dir='ltr'><strong>Cum</strong></span> <span class='ocrx_word' id='word_1_545' title='bbox 2156 3129 2352 3183; x_wconf 84' lang='lat' dir='ltr'><strong>corpus</strong></span> <span class='ocrx_word' id='word_1_546' title='bbox 2380 3114 2716 3167; x_wconf 88' lang='lat' dir='ltr'><strong>Dominicum</strong></span> <span class='ocrx_word' id='word_1_547' title='bbox 2754 3116 2803 3166; x_wconf 88' lang='lat' dir='ltr'><strong>in</strong></span> <span class='ocrx_word' id='word_1_548' title='bbox 2828 3129 2982 3168; x_wconf 87' lang='lat' dir='ltr'><strong>sacra</strong></span> <span class='ocrx_word' id='word_1_549' title='bbox 3009 3130 3193 3168; x_wconf 81' lang='lat' dir='ltr'><strong>mensa</strong></span> <span class='ocrx_word' id='word_1_550' title='bbox 3231 3118 3565 3183; x_wconf 86' lang='lat' dir='ltr'><strong>propositum</strong></span> 
     </span>
    </p>
   </div>
   <div class='ocr_carea' id='block_1_77' title="bbox 1987 3206 3568 3276">
    <p class='ocr_par' dir='ltr' id='par_1_77' title="bbox 1987 3206 3568 3276">
     <span class='ocr_line' id='line_1_77' title="bbox 1987 3206 3568 3276; baseline 0.001 -15"><span class='ocrx_word' id='word_1_551' title='bbox 1987 3217 2091 3270; x_wconf 88' lang='lat' dir='ltr'><strong>est,</strong></span> <span class='ocrx_word' id='word_1_552' title='bbox 2136 3207 2256 3261; x_wconf 90' lang='lat' dir='ltr'><strong>ideo</strong></span> <span class='ocrx_word' id='word_1_553' title='bbox 2294 3207 2383 3274; x_wconf 89' lang='lat' dir='ltr'><strong>qui</strong></span> <span class='ocrx_word' id='word_1_554' title='bbox 2428 3207 2496 3258; x_wconf 89' lang='lat' dir='ltr'><strong>ab</strong></span> <span class='ocrx_word' id='word_1_555' title='bbox 2527 3216 2757 3274; x_wconf 83' lang='lat' dir='ltr'><strong>utroque</strong></span> <span class='ocrx_word' id='word_1_556' title='bbox 2802 3206 2969 3259; x_wconf 80' lang='lat' dir='ltr'><strong>latere</strong></span> <span class='ocrx_word' id='word_1_557' title='bbox 2997 3207 3168 3261; x_wconf 89' lang='lat' dir='ltr'><strong>sacris</strong></span> <span class='ocrx_word' id='word_1_558' title='bbox 3212 3210 3568 3276; x_wconf 87' lang='lat' dir='ltr'><strong>operantibus</strong></span> 
     </span>
    </p>
   </div>
   <div class='ocr_carea' id='block_1_78' title="bbox 1987 3296 3562 3369">
    <p class='ocr_par' dir='ltr' id='par_1_78' title="bbox 1987 3296 3562 3369">
     <span class='ocr_line' id='line_1_78' title="bbox 1987 3296 3562 3369; baseline 0.002 -20"><span class='ocrx_word' id='word_1_559' title='bbox 1987 3296 2240 3369; x_wconf 88' lang='lat' dir='ltr'><strong>[astant]</strong></span> <span class='ocrx_word' id='word_1_560' title='bbox 2282 3299 2332 3349; x_wconf 89' lang='lat' dir='ltr'><strong>in</strong></span> <span class='ocrx_word' id='word_1_561' title='bbox 2360 3312 2546 3350; x_wconf 88' lang='lat' dir='ltr'><strong>eormn</strong></span> <span class='ocrx_word' id='word_1_562' title='bbox 2577 3313 2698 3365; x_wconf 67' lang='lat' dir='ltr'><strong>qua:</strong></span> <span class='ocrx_word' id='word_1_563' title='bbox 2722 3312 2815 3350; x_wconf 83' lang='lat' dir='ltr'><strong>sex</strong></span> <span class='ocrx_word' id='word_1_564' title='bbox 2851 3298 2963 3351; x_wconf 78' lang='lat' dir='ltr'><strong>alas</strong></span> <span class='ocrx_word' id='word_1_565' title='bbox 2993 3309 3206 3368; x_wconf 79' lang='lat' dir='ltr'><strong>gestant</strong></span> <span class='ocrx_word' id='word_1_566' title='bbox 3234 3300 3562 3368; x_wconf 80' lang='lat' dir='ltr'><strong>symbolum,</strong></span> 
     </span>
    </p>
   </div>
   <div class='ocr_carea' id='block_1_79' title="bbox 1989 3388 3565 3459">
    <p class='ocr_par' dir='ltr' id='par_1_79' title="bbox 1989 3388 3565 3459">
     <span class='ocr_line' id='line_1_79' title="bbox 1989 3388 3565 3459; baseline 0.001 -16"><span class='ocrx_word' id='word_1_567' title='bbox 1989 3389 2235 3443; x_wconf 86' lang='lat' dir='ltr'><strong>confecta</strong></span> <span class='ocrx_word' id='word_1_568' title='bbox 2296 3405 2360 3441; x_wconf 73' lang='lat' dir='ltr'><strong>ex</strong></span> <span class='ocrx_word' id='word_1_569' title='bbox 2407 3389 2506 3442; x_wconf 88' lang='lat' dir='ltr'><strong>alis</strong></span> <span class='ocrx_word' id='word_1_570' title='bbox 2543 3388 2752 3442; x_wconf 83' lang='lat' dir='ltr'><strong>ﬂabella</strong></span> <span class='ocrx_word' id='word_1_571' title='bbox 2786 3388 2896 3459; x_wconf 67' lang='grc'><strong>(48)</strong></span> <span class='ocrx_word' id='word_1_572' title='bbox 2925 3405 3084 3456; x_wconf 86' lang='lat' dir='ltr'><strong>supra</strong></span> <span class='ocrx_word' id='word_1_573' title='bbox 3119 3390 3297 3442; x_wconf 85' lang='lat' dir='ltr'><strong>oblata</strong></span> <span class='ocrx_word' id='word_1_574' title='bbox 3325 3390 3398 3442; x_wconf 88' lang='lat' dir='ltr'><strong>ibi</strong></span> <span class='ocrx_word' id='word_1_575' title='bbox 3437 3392 3565 3444; x_wconf 73' lang='lat' dir='ltr'><strong>hor—</strong></span> 
     </span>
    </p>
   </div>
   <div class='ocr_carea' id='block_1_80' title="bbox 1991 3478 3569 3549">
    <p class='ocr_par' dir='ltr' id='par_1_80' title="bbox 1991 3478 3569 3549">
     <span class='ocr_line' id='line_1_80' title="bbox 1991 3478 3569 3549; baseline -0.001 -17"><span class='ocrx_word' id='word_1_576' title='bbox 1991 3479 2158 3532; x_wconf 89' lang='lat' dir='ltr'><strong>renda</strong></span> <span class='ocrx_word' id='word_1_577' title='bbox 2194 3480 2450 3549; x_wconf 86' lang='lat' dir='ltr'><strong>mysteria</strong></span> <span class='ocrx_word' id='word_1_578' title='bbox 2477 3481 2705 3548; x_wconf 85' lang='lat' dir='ltr'><strong>agitare,</strong></span> <span class='ocrx_word' id='word_1_579' title='bbox 2728 3488 2785 3532; x_wconf 91' lang='lat' dir='ltr'><strong>ut</strong></span> <span class='ocrx_word' id='word_1_580' title='bbox 2833 3494 2900 3532; x_wconf 91' lang='lat' dir='ltr'><strong>ne</strong></span> <span class='ocrx_word' id='word_1_581' title='bbox 2927 3480 3110 3532; x_wconf 88' lang='lat' dir='ltr'><strong>sinant</strong></span> <span class='ocrx_word' id='word_1_582' title='bbox 3144 3478 3569 3536; x_wconf 77' lang='lat' dir='ltr'><strong>iuitiatosrebus</strong></span> 
     </span>
    </p>
   </div>
   <div class='ocr_carea' id='block_1_81' title="bbox 1987 3569 3569 3638">
    <p class='ocr_par' dir='ltr' id='par_1_81' title="bbox 1987 3569 3569 3638">
     <span class='ocr_line' id='line_1_81' title="bbox 1987 3569 3569 3638; baseline 0.003 -16"><span class='ocrx_word' id='word_1_583' title='bbox 1987 3572 2120 3624; x_wconf 84' lang='lat' dir='ltr'><strong>visis</strong></span> <span class='ocrx_word' id='word_1_584' title='bbox 2160 3570 2448 3636; x_wconf 78' lang='lat' dir='ltr'><strong>inhaerere,</strong></span> <span class='ocrx_word' id='word_1_585' title='bbox 2484 3572 2576 3624; x_wconf 83' lang='lat' dir='ltr'><strong>sed</strong></span> <span class='ocrx_word' id='word_1_586' title='bbox 2625 3585 2719 3623; x_wconf 91' lang='lat' dir='ltr'><strong>eos</strong></span> <span class='ocrx_word' id='word_1_587' title='bbox 2765 3571 2961 3623; x_wconf 73' lang='lat' dir='ltr'><strong>Illelllls</strong></span> <span class='ocrx_word' id='word_1_588' title='bbox 2993 3569 3168 3624; x_wconf 87' lang='lat' dir='ltr'><strong>oculis</strong></span> <span class='ocrx_word' id='word_1_589' title='bbox 3209 3585 3371 3638; x_wconf 80' lang='lat' dir='ltr'><strong>supra</strong></span> <span class='ocrx_word' id='word_1_590' title='bbox 3407 3585 3569 3627; x_wconf 83' lang='lat' dir='ltr'><strong>omne</strong></span> 
     </span>
    </p>
   </div>
   <div class='ocr_carea' id='block_1_82' title="bbox 1987 3661 3571 3733">
    <p class='ocr_par' dir='ltr' id='par_1_82' title="bbox 1987 3661 3571 3733">
     <span class='ocr_line' id='line_1_82' title="bbox 1987 3661 3571 3733; baseline 0 -17"><span class='ocrx_word' id='word_1_591' title='bbox 1987 3665 2064 3727; x_wconf 90' lang='lat' dir='ltr'><strong>id,</strong></span> <span class='ocrx_word' id='word_1_592' title='bbox 2094 3666 2235 3733; x_wconf 88' lang='lat' dir='ltr'><strong>quod</strong></span> <span class='ocrx_word' id='word_1_593' title='bbox 2277 3679 2398 3717; x_wconf 89' lang='lat' dir='ltr'><strong>cum</strong></span> <span class='ocrx_word' id='word_1_594' title='bbox 2428 3665 2654 3717; x_wconf 84' lang='lat' dir='ltr'><strong>materia</strong></span> <span class='ocrx_word' id='word_1_595' title='bbox 2687 3661 3035 3730; x_wconf 88' lang='lat' dir='ltr'><strong>conjunetum</strong></span> <span class='ocrx_word' id='word_1_596' title='bbox 3063 3671 3166 3727; x_wconf 89' lang='lat' dir='ltr'><strong>est,</strong></span> <span class='ocrx_word' id='word_1_597' title='bbox 3199 3662 3463 3727; x_wconf 83' lang='lat' dir='ltr'><strong>sublatos,</strong></span> <span class='ocrx_word' id='word_1_598' title='bbox 3490 3661 3571 3716; x_wconf 83' lang='lat' dir='ltr'><strong>fa-</strong></span> 
     </span>
    </p>
   </div>
   <div class='ocr_carea' id='block_1_83' title="bbox 1986 3753 3570 3825">
    <p class='ocr_par' dir='ltr' id='par_1_83' title="bbox 1986 3753 3570 3825">
     <span class='ocr_line' id='line_1_83' title="bbox 1986 3753 3570 3825; baseline -0.001 -16"><span class='ocrx_word' id='word_1_599' title='bbox 1986 3756 2136 3809; x_wconf 85' lang='lat' dir='ltr'><strong>ciant</strong></span> <span class='ocrx_word' id='word_1_600' title='bbox 2173 3771 2268 3825; x_wconf 84' lang='lat' dir='ltr'><strong>pcr</strong></span> <span class='ocrx_word' id='word_1_601' title='bbox 2304 3770 2366 3809; x_wconf 86' lang='lat' dir='ltr'><strong>ea</strong></span> <span class='ocrx_word' id='word_1_602' title='bbox 2403 3770 2524 3824; x_wconf 69' lang='lat' dir='ltr'><strong>quae</strong></span> <span class='ocrx_word' id='word_1_603' title='bbox 2552 3755 2827 3817; x_wconf 89' lang='lat' dir='ltr'><strong>videntur,</strong></span> <span class='ocrx_word' id='word_1_604' title='bbox 2879 3755 2942 3806; x_wconf 89' lang='lat' dir='ltr'><strong>ad</strong></span> <span class='ocrx_word' id='word_1_605' title='bbox 2985 3753 3305 3807; x_wconf 85' lang='lat' dir='ltr'><strong>invisibilem</strong></span> <span class='ocrx_word' id='word_1_606' title='bbox 3327 3763 3570 3808; x_wconf 87' lang='lat' dir='ltr'><strong>eontem-</strong></span> 
     </span>
    </p>
   </div>
   <div class='ocr_carea' id='block_1_84' title="bbox 1988 3845 3568 3917">
    <p class='ocr_par' dir='ltr' id='par_1_84' title="bbox 1988 3845 3568 3917">
     <span class='ocr_line' id='line_1_84' title="bbox 1988 3845 3568 3917; baseline 0 -19"><span class='ocrx_word' id='word_1_607' title='bbox 1988 3847 2305 3917; x_wconf 85' lang='lat' dir='ltr'><strong>platiouem,</strong></span> <span class='ocrx_word' id='word_1_608' title='bbox 2354 3856 2409 3900; x_wconf 90' lang='lat' dir='ltr'><strong>et</strong></span> <span class='ocrx_word' id='word_1_609' title='bbox 2448 3845 2888 3913; x_wconf 75' lang='lat' dir='ltr'><strong>inexplicabilem</strong></span> <span class='ocrx_word' id='word_1_610' title='bbox 2930 3845 3073 3898; x_wconf 85' lang='lat' dir='ltr'><strong>illam</strong></span> <span class='ocrx_word' id='word_1_611' title='bbox 3109 3846 3568 3914; x_wconf 85' lang='lat' dir='ltr'><strong>pulchritudinem</strong></span> 
     </span>
    </p>
   </div>
   <div class='ocr_carea' id='block_1_85' title="bbox 1989 3936 3572 4004">
    <p class='ocr_par' dir='ltr' id='par_1_85' title="bbox 1989 3936 3572 4004">
     <span class='ocr_line' id='line_1_85' title="bbox 1989 3936 3572 4004; baseline 0.001 -13"><span class='ocrx_word' id='word_1_612' title='bbox 1989 3939 2302 3993; x_wconf 86' lang='lat' dir='ltr'><strong>ascendere.</strong></span> <span class='ocrx_word' id='word_1_613' title='bbox 2342 3937 2476 3990; x_wconf 82' lang='lat' dir='ltr'><strong>Nam</strong></span> <span class='ocrx_word' id='word_1_614' title='bbox 2513 3947 2625 3992; x_wconf 91' lang='lat' dir='ltr'><strong>tum</strong></span> <span class='ocrx_word' id='word_1_615' title='bbox 2681 3939 2846 3990; x_wconf 85' lang='lat' dir='ltr'><strong>etiam</strong></span> <span class='ocrx_word' id='word_1_616' title='bbox 2903 3954 3026 3990; x_wconf 80' lang='lat' dir='ltr'><strong>cunt</strong></span> <span class='ocrx_word' id='word_1_617' title='bbox 3077 3937 3433 4004; x_wconf 84' lang='lat' dir='ltr'><strong>corporaliter</strong></span> <span class='ocrx_word' id='word_1_618' title='bbox 3463 3936 3572 3992; x_wconf 80' lang='lat' dir='ltr'><strong>Do-</strong></span> 
     </span>
    </p>
   </div>
   <div class='ocr_carea' id='block_1_86' title="bbox 1990 4028 3570 4098">
    <p class='ocr_par' dir='ltr' id='par_1_86' title="bbox 1990 4028 3570 4098">
     <span class='ocr_line' id='line_1_86' title="bbox 1990 4028 3570 4098; baseline -0.001 -14"><span class='ocrx_word' id='word_1_619' title='bbox 1990 4033 2168 4084; x_wconf 89' lang='lat' dir='ltr'><strong>minus</strong></span> <span class='ocrx_word' id='word_1_620' title='bbox 2205 4045 2446 4098; x_wconf 64' lang='lat' dir='ltr'><strong>praesens</strong></span> <span class='ocrx_word' id='word_1_621' title='bbox 2471 4041 2640 4092; x_wconf 84' lang='lat' dir='ltr'><strong>esset,</strong></span> <span class='ocrx_word' id='word_1_622' title='bbox 2680 4045 2802 4082; x_wconf 86' lang='lat' dir='ltr'><strong>eum</strong></span> <span class='ocrx_word' id='word_1_623' title='bbox 2828 4031 3022 4081; x_wconf 87' lang='lat' dir='ltr'><strong>timore</strong></span> <span class='ocrx_word' id='word_1_624' title='bbox 3051 4043 3116 4082; x_wconf 84' lang='lat' dir='ltr'><strong>ac</strong></span> <span class='ocrx_word' id='word_1_625' title='bbox 3143 4039 3380 4083; x_wconf 89' lang='lat' dir='ltr'><strong>tremore</strong></span> <span class='ocrx_word' id='word_1_626' title='bbox 3405 4028 3570 4085; x_wconf 83' lang='lat' dir='ltr'><strong>Sera-</strong></span> 
     </span>
    </p>
   </div>
   <div class='ocr_carea' id='block_1_87' title="bbox 1988 4121 3571 4192">
    <p class='ocr_par' dir='ltr' id='par_1_87' title="bbox 1988 4121 3571 4192">
     <span class='ocr_line' id='line_1_87' title="bbox 1988 4121 3571 4192; baseline -0.001 -17"><span class='ocrx_word' id='word_1_627' title='bbox 1988 4122 2136 4190; x_wconf 82' lang='lat' dir='ltr'><strong>phim</strong></span> <span class='ocrx_word' id='word_1_628' title='bbox 2173 4123 2222 4174; x_wconf 90' lang='lat' dir='ltr'><strong>ei</strong></span> <span class='ocrx_word' id='word_1_629' title='bbox 2253 4121 2622 4174; x_wconf 80' lang='lat' dir='ltr'><strong>inserviebam</strong></span> <span class='ocrx_word' id='word_1_630' title='bbox 2663 4139 2677 4175; x_wconf 87' lang='lat'><strong>:</strong></span> <span class='ocrx_word' id='word_1_631' title='bbox 2716 4121 2979 4188; x_wconf 86' lang='lat' dir='ltr'><strong>hujusque</strong></span> <span class='ocrx_word' id='word_1_632' title='bbox 3005 4122 3215 4192; x_wconf 76' lang='lat' dir='ltr'><strong>timoris</strong></span> <span class='ocrx_word' id='word_1_633' title='bbox 3235 4131 3290 4174; x_wconf 91' lang='lat' dir='ltr'><strong>et</strong></span> <span class='ocrx_word' id='word_1_634' title='bbox 3318 4121 3571 4176; x_wconf 87' lang='lat' dir='ltr'><strong>tremoris</strong></span> 
     </span>
    </p>
   </div>
   <div class='ocr_carea' id='block_1_88' title="bbox 1987 4213 3568 4283">
    <p class='ocr_par' dir='ltr' id='par_1_88' title="bbox 1987 4213 3568 4283">
     <span class='ocr_line' id='line_1_88' title="bbox 1987 4213 3568 4283; baseline -0.001 -15"><span class='ocrx_word' id='word_1_635' title='bbox 1987 4215 2263 4283; x_wconf 78' lang='lat' dir='ltr'><strong>Specimen</strong></span> <span class='ocrx_word' id='word_1_636' title='bbox 2289 4215 2582 4266; x_wconf 84' lang='lat' dir='ltr'><strong>obseurqu</strong></span> <span class='ocrx_word' id='word_1_637' title='bbox 2615 4228 2758 4275; x_wconf 86' lang='lat' dir='ltr'><strong>esse,</strong></span> <span class='ocrx_word' id='word_1_638' title='bbox 2793 4214 2996 4266; x_wconf 87' lang='lat' dir='ltr'><strong>alarum</strong></span> <span class='ocrx_word' id='word_1_639' title='bbox 3031 4213 3173 4266; x_wconf 90' lang='lat' dir='ltr'><strong>illam</strong></span> <span class='ocrx_word' id='word_1_640' title='bbox 3199 4213 3568 4281; x_wconf 80' lang='lat' dir='ltr'><strong>agitationem,</strong></span> 
     </span>
    </p>
   </div>
   <div class='ocr_carea' id='block_1_89' title="bbox 1985 4303 3566 4374">
    <p class='ocr_par' dir='ltr' id='par_1_89' title="bbox 1985 4303 3566 4374">
     <span class='ocr_line' id='line_1_89' title="bbox 1985 4303 3566 4374; baseline 0 -17"><span class='ocrx_word' id='word_1_641' title='bbox 1985 4321 2152 4374; x_wconf 87' lang='lat' dir='ltr'><strong>quam</strong></span> <span class='ocrx_word' id='word_1_642' title='bbox 2205 4305 2579 4358; x_wconf 89' lang='lat' dir='ltr'><strong>ministrantes</strong></span> <span class='ocrx_word' id='word_1_643' title='bbox 2639 4305 2920 4358; x_wconf 88' lang='lat' dir='ltr'><strong>adhibent.</strong></span> <span class='ocrx_word' id='word_1_644' title='bbox 2991 4304 3046 4358; x_wconf 89' lang='lat' dir='ltr'><strong>Si</strong></span> <span class='ocrx_word' id='word_1_645' title='bbox 3108 4319 3235 4358; x_wconf 79' lang='lat' dir='ltr'><strong>vero</strong></span> <span class='ocrx_word' id='word_1_646' title='bbox 3283 4303 3566 4372; x_wconf 87' lang='lat' dir='ltr'><strong>Seraphim</strong></span> 
     </span>
    </p>
   </div>
   <div class='ocr_carea' id='block_1_90' title="bbox 1987 4395 3565 4466">
    <p class='ocr_par' dir='ltr' id='par_1_90' title="bbox 1987 4395 3565 4466">
     <span class='ocr_line' id='line_1_90' title="bbox 1987 4395 3565 4466; baseline -0.001 -17"><span class='ocrx_word' id='word_1_647' title='bbox 1987 4399 2150 4451; x_wconf 89' lang='lat' dir='ltr'><strong>etiam</strong></span> <span class='ocrx_word' id='word_1_648' title='bbox 2187 4398 2472 4450; x_wconf 88' lang='lat' dir='ltr'><strong>inearnato</strong></span> <span class='ocrx_word' id='word_1_649' title='bbox 2497 4397 2610 4466; x_wconf 88' lang='lat' dir='ltr'><strong>jam</strong></span> <span class='ocrx_word' id='word_1_650' title='bbox 2647 4395 2828 4452; x_wconf 79' lang='lat' dir='ltr'><strong>Verbo</strong></span> <span class='ocrx_word' id='word_1_651' title='bbox 2852 4397 3166 4450; x_wconf 86' lang='lat' dir='ltr'><strong>ministrare</strong></span> <span class='ocrx_word' id='word_1_652' title='bbox 3185 4397 3565 4460; x_wconf 89' lang='lat' dir='ltr'><strong>declarantur,</strong></span> 
     </span>
    </p>
   </div>
   <div class='ocr_carea' id='block_1_91' title="bbox 1987 4488 3565 4559">
    <p class='ocr_par' dir='ltr' id='par_1_91' title="bbox 1987 4488 3565 4559">
     <span class='ocr_line' id='line_1_91' title="bbox 1987 4488 3565 4559; baseline -0.001 -16"><span class='ocrx_word' id='word_1_653' title='bbox 1987 4500 2046 4543; x_wconf 91' lang='lat' dir='ltr'><strong>ut</strong></span> <span class='ocrx_word' id='word_1_654' title='bbox 2072 4490 2208 4544; x_wconf 87' lang='lat' dir='ltr'><strong>nihil</strong></span> <span class='ocrx_word' id='word_1_655' title='bbox 2247 4490 2315 4543; x_wconf 88' lang='lat' dir='ltr'><strong>ob</strong></span> <span class='ocrx_word' id='word_1_656' title='bbox 2343 4491 2465 4559; x_wconf 84' lang='lat' dir='ltr'><strong>ejus</strong></span> <span class='ocrx_word' id='word_1_657' title='bbox 2490 4491 2542 4543; x_wconf 89' lang='lat' dir='ltr'><strong>in</strong></span> <span class='ocrx_word' id='word_1_658' title='bbox 2581 4500 2782 4543; x_wconf 86' lang='lat' dir='ltr'><strong>terram</strong></span> <span class='ocrx_word' id='word_1_659' title='bbox 2816 4490 3139 4546; x_wconf 79' lang='lat' dir='ltr'><strong>descensum</strong></span> <span class='ocrx_word' id='word_1_660' title='bbox 3170 4488 3238 4542; x_wconf 92' lang='lat' dir='ltr'><strong>de</strong></span> <span class='ocrx_word' id='word_1_661' title='bbox 3279 4488 3565 4547; x_wconf 85' lang='lat' dir='ltr'><strong>servitute.</strong></span> 
     </span>
    </p>
   </div>
   <div class='ocr_carea' id='block_1_92' title="bbox 1987 4579 3572 4652">
    <p class='ocr_par' dir='ltr' id='par_1_92' title="bbox 1987 4579 3572 4652">
     <span class='ocr_line' id='line_1_92' title="bbox 1987 4579 3572 4652; baseline -0.001 -18"><span class='ocrx_word' id='word_1_662' title='bbox 1987 4597 2108 4652; x_wconf 78' lang='lat' dir='ltr'><strong>quae</strong></span> <span class='ocrx_word' id='word_1_663' title='bbox 2135 4582 2187 4634; x_wconf 89' lang='lat' dir='ltr'><strong>in</strong></span> <span class='ocrx_word' id='word_1_664' title='bbox 2220 4583 2360 4635; x_wconf 68' lang='lat' dir='ltr'><strong>caelo</strong></span> <span class='ocrx_word' id='word_1_665' title='bbox 2390 4591 2526 4646; x_wconf 87' lang='lat' dir='ltr'><strong>erat,</strong></span> <span class='ocrx_word' id='word_1_666' title='bbox 2549 4581 2858 4635; x_wconf 89' lang='lat' dir='ltr'><strong>diminuaut</strong></span> <span class='ocrx_word' id='word_1_667' title='bbox 2892 4598 2906 4634; x_wconf 89' lang='lat'><strong>:</strong></span> <span class='ocrx_word' id='word_1_668' title='bbox 2940 4581 3147 4634; x_wconf 88' lang='lat' dir='ltr'><strong>clarum</strong></span> <span class='ocrx_word' id='word_1_669' title='bbox 3173 4580 3316 4650; x_wconf 89' lang='lat' dir='ltr'><strong>quod</strong></span> <span class='ocrx_word' id='word_1_670' title='bbox 3345 4589 3400 4634; x_wconf 90' lang='lat' dir='ltr'><strong>et</strong></span> <span class='ocrx_word' id='word_1_671' title='bbox 3431 4579 3572 4634; x_wconf 83' lang='lat' dir='ltr'><strong>alter</strong></span> 
     </span>
    </p>
   </div>
   <div class='ocr_carea' id='block_1_93' title="bbox 1993 4672 3572 4742">
    <p class='ocr_par' dir='ltr' id='par_1_93' title="bbox 1993 4672 3572 4742">
     <span class='ocr_line' id='line_1_93' title="bbox 1993 4672 3572 4742; baseline 0 -16"><span class='ocrx_word' id='word_1_672' title='bbox 1993 4674 2439 4742; x_wconf 86' lang='lat' dir='ltr'><strong>incorporeorum</strong></span> <span class='ocrx_word' id='word_1_673' title='bbox 2499 4675 2788 4740; x_wconf 88' lang='lat' dir='ltr'><strong>spirituum</strong></span> <span class='ocrx_word' id='word_1_674' title='bbox 2839 4674 2974 4728; x_wconf 89' lang='lat' dir='ltr'><strong>ordo</strong></span> <span class='ocrx_word' id='word_1_675' title='bbox 3023 4672 3364 4727; x_wconf 87' lang='lat' dir='ltr'><strong>lucarnatum</strong></span> <span class='ocrx_word' id='word_1_676' title='bbox 3422 4672 3572 4728; x_wconf 77' lang='lat' dir='ltr'><strong>cultu</strong></span> 
     </span>
    </p>
   </div>
   <div class='ocr_carea' id='block_1_94' title="bbox 300 4758 1885 4859">
    <p class='ocr_par' dir='ltr' id='par_1_94' title="bbox 300 4758 1880 4835">
     <span class='ocr_line' id='line_1_94' title="bbox 300 4758 1880 4835; baseline 0.006 -26"><span class='ocrx_word' id='word_1_677' title='bbox 300 4758 413 4811; x_wconf 83' lang='grc' dir='ltr'>τῶν</span> <span class='ocrx_word' id='word_1_678' title='bbox 461 4759 582 4828; x_wconf 80' lang='grc' dir='ltr'>μετ’</span> <span class='ocrx_word' id='word_1_679' title='bbox 627 4762 796 4832; x_wconf 84' lang='grc' dir='ltr'>αὐτὴν</span> <span class='ocrx_word' id='word_1_680' title='bbox 840 4765 941 4834; x_wconf 82' lang='grc' dir='ltr'><strong>τὴν</strong></span> <span class='ocrx_word' id='word_1_681' title='bbox 1000 4766 1126 4835; x_wconf 78' lang='grc' dir='ltr'>ἴσην</span> <span class='ocrx_word' id='word_1_682' title='bbox 1180 4767 1482 4835; x_wconf 76' lang='grc' dir='ltr'>ὑπηρεσίαν</span> <span class='ocrx_word' id='word_1_683' title='bbox 1547 4766 1880 4835; x_wconf 76' lang='grc' dir='ltr'>βεϐαιοῦται.</span> 
     </span>
    </p>
   </div>
   <div class='ocr_carea' id='block_1_95' title="bbox 1991 4758 3571 4859">
    <p class='ocr_par' dir='ltr' id='par_1_95' title="bbox 1991 4764 3571 4833">
     <span class='ocr_line' id='line_1_95' title="bbox 1991 4764 3571 4833; baseline 0.002 -16"><span class='ocrx_word' id='word_1_684' title='bbox 1991 4765 2164 4819; x_wconf 75' lang='lat' dir='ltr'><strong>latrite</strong></span> <span class='ocrx_word' id='word_1_685' title='bbox 2194 4766 2475 4819; x_wconf 87' lang='lat' dir='ltr'><strong>adorabat.</strong></span> <span class='ocrx_word' id='word_1_686' title='bbox 2516 4765 2652 4819; x_wconf 89' lang='lat' dir='ltr'><strong>Cum</strong></span> <span class='ocrx_word' id='word_1_687' title='bbox 2704 4765 2846 4818; x_wconf 90' lang='lat' dir='ltr'><strong>enim</strong></span> <span class='ocrx_word' id='word_1_688' title='bbox 2879 4764 2970 4832; x_wconf 86' lang='lat' dir='ltr'><strong>qui</strong></span> <span class='ocrx_word' id='word_1_689' title='bbox 2999 4764 3052 4817; x_wconf 92' lang='lat' dir='ltr'><strong>in</strong></span> <span class='ocrx_word' id='word_1_690' title='bbox 3085 4765 3168 4818; x_wconf 88' lang='lat' dir='ltr'><strong>his</strong></span> <span class='ocrx_word' id='word_1_691' title='bbox 3197 4765 3430 4833; x_wconf 89' lang='lat' dir='ltr'><strong>primum</strong></span> <span class='ocrx_word' id='word_1_692' title='bbox 3475 4781 3571 4820; x_wconf 63' lang='lat' dir='ltr'><strong>orv-</strong></span> 
     </span>
    </p>
   </div>
   <div class='ocr_carea' id='block_1_96' title="bbox 303 4847 1880 4928">
    <p class='ocr_par' dir='ltr' id='par_1_96' title="bbox 303 4847 1880 4928">
     <span class='ocr_line' id='line_1_96' title="bbox 303 4847 1880 4928; baseline 0.002 -25"><span class='ocrx_word' id='word_1_693' title='bbox 303 4847 618 4920; x_wconf 66' lang='grc' dir='ltr'>Γέγραπται</span> <span class='ocrx_word' id='word_1_694' title='bbox 672 4853 718 4885; x_wconf 76' lang='grc'>³⁸</span> <span class='ocrx_word' id='word_1_695' title='bbox 763 4855 873 4924; x_wconf 82' lang='grc' dir='ltr'><strong>γὰρ</strong></span> <span class='ocrx_word' id='word_1_696' title='bbox 922 4855 997 4918; x_wconf 85' lang='grc' dir='ltr'>ὡς</span> <span class='ocrx_word' id='word_1_697' title='bbox 1054 4857 1149 4909; x_wconf 76' lang='grc' dir='ltr'><strong>καὶ</strong></span> <span class='ocrx_word' id='word_1_698' title='bbox 1199 4857 1420 4925; x_wconf 79' lang='grc' dir='ltr'>ἄγγελοι</span> <span class='ocrx_word' id='word_1_699' title='bbox 1487 4857 1880 4928; x_wconf 83' lang='grc' dir='ltr'>προσελθόντες</span> 
     </span>
    </p>
   </div>
   <div class='ocr_carea' id='block_1_97' title="bbox 300 4939 1879 5017">
    <p class='ocr_par' dir='ltr' id='par_1_97' title="bbox 300 4939 1879 5017">
     <span class='ocr_line' id='line_1_97' title="bbox 300 4939 1879 5017; baseline 0.004 -25"><span class='ocrx_word' id='word_1_700' title='bbox 300 4939 585 5012; x_wconf 76' lang='grc' dir='ltr'>διηκόνουν</span> <span class='ocrx_word' id='word_1_701' title='bbox 620 4944 801 5014; x_wconf 78' lang='grc' dir='ltr'>αὐτῷ’</span> <span class='ocrx_word' id='word_1_702' title='bbox 843 4947 903 4999; x_wconf 79' lang='grc' dir='ltr'><strong>τὸ</strong></span> <span class='ocrx_word' id='word_1_703' title='bbox 946 4947 1002 4999; x_wconf 80' lang='grc' dir='ltr'>δὲ</span> <span class='ocrx_word' id='word_1_704' title='bbox 1040 4949 1147 5000; x_wconf 84' lang='grc' dir='ltr'>τοῦ</span> <span class='ocrx_word' id='word_1_705' title='bbox 1179 4948 1442 5017; x_wconf 76' lang='grc' dir='ltr'>ἀγγέλου</span> <span class='ocrx_word' id='word_1_706' title='bbox 1475 4948 1668 5017; x_wconf 75' lang='grc' dir='ltr'>ὄνομα,</span> <span class='ocrx_word' id='word_1_707' title='bbox 1719 4949 1794 5010; x_wconf 86' lang='grc' dir='ltr'><strong>ὡς</strong></span> <span class='ocrx_word' id='word_1_708' title='bbox 1829 4949 1879 4999; x_wconf 84' lang='grc' dir='ltr'><strong>οἰ</strong></span> 
     </span>
    </p>
   </div>
   <div class='ocr_carea' id='block_1_98' title="bbox 307 5030 1882 5107">
    <p class='ocr_par' dir='ltr' id='par_1_98' title="bbox 307 5030 1882 5107">
     <span class='ocr_line' id='line_1_98' title="bbox 307 5030 1882 5107; baseline 0.007 -27"><span class='ocrx_word' id='word_1_709' title='bbox 307 5030 370 5080; x_wconf 76' lang='grc' dir='ltr'>τὰ</span> <span class='ocrx_word' id='word_1_710' title='bbox 427 5031 550 5086; x_wconf 83' lang='grc' dir='ltr'>θεῖα</span> <span class='ocrx_word' id='word_1_711' title='bbox 606 5033 751 5089; x_wconf 73' lang='grc' dir='ltr'>ἴσασι</span> <span class='ocrx_word' id='word_1_712' title='bbox 803 5041 979 5107; x_wconf 73' lang='grc' dir='ltr'>σοφοὶ,</span> <span class='ocrx_word' id='word_1_713' title='bbox 1034 5043 1212 5092; x_wconf 83' lang='grc' dir='ltr'>κοινόν</span> <span class='ocrx_word' id='word_1_714' title='bbox 1263 5043 1382 5092; x_wconf 81' lang='grc' dir='ltr'>ἐστι</span> <span class='ocrx_word' id='word_1_715' title='bbox 1439 5041 1644 5103; x_wconf 85' lang='grc' dir='ltr'>πάσαις</span> <span class='ocrx_word' id='word_1_716' title='bbox 1669 5039 1714 5070; x_wconf 71' lang='grc'>⁸⁰</span> <span class='ocrx_word' id='word_1_717' title='bbox 1761 5042 1882 5102; x_wconf 77' lang='grc' dir='ltr'>ταῖς</span> 
     </span>
    </p>
   </div>
   <div class='ocr_carea' id='block_1_99' title="bbox 307 5125 1883 5202">
    <p class='ocr_par' dir='ltr' id='par_1_99' title="bbox 307 5125 1883 5202">
     <span class='ocr_line' id='line_1_99' title="bbox 307 5125 1883 5202; baseline 0.003 -25"><span class='ocrx_word' id='word_1_718' title='bbox 307 5126 521 5189; x_wconf 81' lang='grc' dir='ltr'>νοεραῖς</span> <span class='ocrx_word' id='word_1_719' title='bbox 561 5125 854 5197; x_wconf 78' lang='grc' dir='ltr'>δυνάμεσιν</span> <span class='ocrx_word' id='word_1_720' title='bbox 910 5131 1102 5199; x_wconf 73' lang='grc' dir='ltr'>ὄνομα.</span> <span class='ocrx_word' id='word_1_721' title='bbox 1129 5132 1238 5184; x_wconf 74' lang='grc' dir='ltr'><strong>Καὶ</strong></span> <span class='ocrx_word' id='word_1_722' title='bbox 1277 5131 1438 5186; x_wconf 82' lang='grc' dir='ltr'>πάλιν</span> <span class='ocrx_word' id='word_1_723' title='bbox 1484 5132 1612 5202; x_wconf 81' lang='grc' dir='ltr'>περὶ</span> <span class='ocrx_word' id='word_1_724' title='bbox 1662 5130 1758 5183; x_wconf 81' lang='grc' dir='ltr'><strong>τοῦ</strong></span> <span class='ocrx_word' id='word_1_725' title='bbox 1804 5133 1883 5192; x_wconf 78' lang='grc' dir='ltr'><strong>εἰς</strong></span> 
     </span>
    </p>
   </div>
   <div class='ocr_carea' id='block_1_100' title="bbox 306 5212 1881 5296">
    <p class='ocr_par' dir='ltr' id='par_1_100' title="bbox 306 5212 1881 5296">
     <span class='ocr_line' id='line_1_100' title="bbox 306 5212 1881 5296; baseline 0.006 -31"><span class='ocrx_word' id='word_1_726' title='bbox 306 5212 403 5281; x_wconf 82' lang='grc' dir='ltr'>τὴν</span> <span class='ocrx_word' id='word_1_727' title='bbox 440 5215 768 5290; x_wconf 78' lang='grc' dir='ltr'>οἰκουμένην</span> <span class='ocrx_word' id='word_1_728' title='bbox 815 5223 1172 5294; x_wconf 75' lang='grc' dir='ltr'>εἰσαγομένου</span> <span class='ocrx_word' id='word_1_729' title='bbox 1222 5224 1580 5296; x_wconf 88' lang='grc' dir='ltr'>πρωτοτόκου</span> <span class='ocrx_word' id='word_1_730' title='bbox 1628 5222 1691 5277; x_wconf 83' lang='grc' dir='ltr'>τὸ</span> <span class='ocrx_word' id='word_1_731' title='bbox 1738 5223 1881 5294; x_wconf 73' lang='grc' dir='ltr'>ἱερὸν</span> 
     </span>
    </p>
   </div>
   <div class='ocr_carea' id='block_1_101' title="bbox 1991 4851 3570 4915">
    <p class='ocr_par' dir='ltr' id='par_1_101' title="bbox 1991 4851 3570 4915">
     <span class='ocr_line' id='line_1_101' title="bbox 1991 4851 3570 4915; baseline 0.002 -11"><span class='ocrx_word' id='word_1_732' title='bbox 1991 4854 2167 4906; x_wconf 88' lang='lat' dir='ltr'><strong>dinem</strong></span> <span class='ocrx_word' id='word_1_733' title='bbox 2207 4863 2411 4915; x_wconf 88' lang='lat' dir='ltr'><strong>tenent,</strong></span> <span class='ocrx_word' id='word_1_734' title='bbox 2470 4852 2671 4906; x_wconf 88' lang='lat' dir='ltr'><strong>cultum</strong></span> <span class='ocrx_word' id='word_1_735' title='bbox 2720 4867 2824 4905; x_wconf 91' lang='lat' dir='ltr'><strong>non</strong></span> <span class='ocrx_word' id='word_1_736' title='bbox 2861 4851 3170 4914; x_wconf 89' lang='lat' dir='ltr'><strong>immutant,</strong></span> <span class='ocrx_word' id='word_1_737' title='bbox 3222 4867 3350 4906; x_wconf 82' lang='lat' dir='ltr'><strong>mox</strong></span> <span class='ocrx_word' id='word_1_738' title='bbox 3402 4852 3570 4909; x_wconf 80' lang='lat' dir='ltr'><strong>etiam</strong></span> 
     </span>
    </p>
   </div>
   <div class='ocr_carea' id='block_1_102' title="bbox 1985 4943 3571 5013">
    <p class='ocr_par' dir='ltr' id='par_1_102' title="bbox 1985 4943 3571 5013">
     <span class='ocr_line' id='line_1_102' title="bbox 1985 4943 3571 5013; baseline 0.003 -17"><span class='ocrx_word' id='word_1_739' title='bbox 1985 4959 2085 5013; x_wconf 88' lang='lat' dir='ltr'><strong>par</strong></span> <span class='ocrx_word' id='word_1_740' title='bbox 2111 4960 2140 4996; x_wconf 86' lang='lat' dir='ltr'><strong>a</strong></span> <span class='ocrx_word' id='word_1_741' title='bbox 2175 4944 2632 5012; x_wconf 85' lang='lat' dir='ltr'><strong>subsequentibus</strong></span> <span class='ocrx_word' id='word_1_742' title='bbox 2667 4943 3026 4997; x_wconf 85' lang='lat' dir='ltr'><strong>ministerium</strong></span> <span class='ocrx_word' id='word_1_743' title='bbox 3080 4943 3324 4998; x_wconf 84' lang='lat' dir='ltr'><strong>exhiberi</strong></span> <span class='ocrx_word' id='word_1_744' title='bbox 3365 4946 3571 5000; x_wconf 85' lang='lat' dir='ltr'><strong>conlir-</strong></span> 
     </span>
    </p>
   </div>
   <div class='ocr_carea' id='block_1_103' title="bbox 1988 5034 3572 5106">
    <p class='ocr_par' dir='ltr' id='par_1_103' title="bbox 1988 5034 3572 5106">
     <span class='ocr_line' id='line_1_103' title="bbox 1988 5034 3572 5106; baseline 0.004 -19"><span class='ocrx_word' id='word_1_745' title='bbox 1988 5045 2157 5088; x_wconf 86' lang='lat' dir='ltr'><strong>mant.</strong></span> <span class='ocrx_word' id='word_1_746' title='bbox 2200 5034 2475 5104; x_wconf 81' lang='lat' dir='ltr'><strong>Scriptum</strong></span> <span class='ocrx_word' id='word_1_747' title='bbox 2515 5044 2601 5090; x_wconf 86' lang='lat' dir='ltr'><strong>est</strong></span> <span class='ocrx_word' id='word_1_748' title='bbox 2623 5037 2791 5099; x_wconf 89' lang='lat' dir='ltr'><strong>enim,</strong></span> <span class='ocrx_word' id='word_1_749' title='bbox 2840 5037 2986 5104; x_wconf 89' lang='lat' dir='ltr'><strong>quod</strong></span> <span class='ocrx_word' id='word_1_750' title='bbox 3009 5036 3176 5092; x_wconf 84' lang='lat' dir='ltr'><strong>etiam</strong></span> <span class='ocrx_word' id='word_1_751' title='bbox 3207 5036 3382 5106; x_wconf 82' lang='lat' dir='ltr'><strong>angeli</strong></span> <span class='ocrx_word' id='word_1_752' title='bbox 3415 5052 3572 5093; x_wconf 79' lang='lat' dir='ltr'><strong>acce-</strong></span> 
     </span>
    </p>
   </div>
   <div class='ocr_carea' id='block_1_104' title="bbox 1987 5127 3569 5201">
    <p class='ocr_par' dir='ltr' id='par_1_104' title="bbox 1987 5127 3569 5201">
     <span class='ocr_line' id='line_1_104' title="bbox 1987 5127 3569 5201; baseline 0 -17"><span class='ocrx_word' id='word_1_753' title='bbox 1987 5132 2176 5184; x_wconf 85' lang='lat' dir='ltr'><strong>dentes</strong></span> <span class='ocrx_word' id='word_1_754' title='bbox 2226 5128 2610 5182; x_wconf 85' lang='lat' dir='ltr'><strong>ministrabant</strong></span> <span class='ocrx_word' id='word_1_755' title='bbox 2637 5127 2688 5182; x_wconf 88' lang='lat' dir='ltr'><strong>ei</strong></span> <span class='ocrx_word' id='word_1_756' title='bbox 2718 5127 2785 5181; x_wconf 82' lang='grc'>⁶⁰.</span> <span class='ocrx_word' id='word_1_757' title='bbox 2835 5127 3026 5196; x_wconf 78' lang='lat' dir='ltr'><strong>Angeli</strong></span> <span class='ocrx_word' id='word_1_758' title='bbox 3077 5144 3208 5185; x_wconf 88' lang='lat' dir='ltr'><strong>vero</strong></span> <span class='ocrx_word' id='word_1_759' title='bbox 3247 5130 3569 5201; x_wconf 65' lang='lat' dir='ltr'><strong>,appellatio,</strong></span> 
     </span>
    </p>
   </div>
   <div class='ocr_carea' id='block_1_105' title="bbox 1991 5219 3575 5288">
    <p class='ocr_par' dir='ltr' id='par_1_105' title="bbox 1991 5219 3575 5288">
     <span class='ocr_line' id='line_1_105' title="bbox 1991 5219 3575 5288; baseline 0 -13"><span class='ocrx_word' id='word_1_760' title='bbox 1991 5233 2050 5276; x_wconf 90' lang='lat' dir='ltr'><strong>ut</strong></span> <span class='ocrx_word' id='word_1_761' title='bbox 2099 5235 2281 5275; x_wconf 88' lang='lat' dir='ltr'><strong>rerum</strong></span> <span class='ocrx_word' id='word_1_762' title='bbox 2337 5219 2642 5278; x_wconf 80' lang='lat' dir='ltr'><strong>divinarum</strong></span> <span class='ocrx_word' id='word_1_763' title='bbox 2679 5220 2835 5288; x_wconf 87' lang='lat' dir='ltr'><strong>periti</strong></span> <span class='ocrx_word' id='word_1_764' title='bbox 2862 5230 3085 5286; x_wconf 84' lang='lat' dir='ltr'><strong>norunt,</strong></span> <span class='ocrx_word' id='word_1_765' title='bbox 3148 5236 3438 5277; x_wconf 79' lang='lat' dir='ltr'><strong>commune</strong></span> <span class='ocrx_word' id='word_1_766' title='bbox 3491 5231 3575 5276; x_wconf 90' lang='lat' dir='ltr'><strong>est</strong></span> 
     </span>
    </p>
   </div>
   <div class='ocr_carea' id='block_1_106' title="bbox 377 5368 1885 5448">
    <p class='ocr_par' dir='ltr' id='par_1_106' title="bbox 377 5368 1883 5448">
     <span class='ocr_line' id='line_1_106' title="bbox 377 5368 1883 5448; baseline 0.009 -26"><span class='ocrx_word' id='word_1_767' title='bbox 377 5370 422 5402; x_wconf 82' lang='grc'><strong>⁸⁷</strong></span> <span class='ocrx_word' id='word_1_768' title='bbox 461 5368 566 5425; x_wconf 86' lang='lat' dir='ltr'><strong>lsa.</strong></span> <span class='ocrx_word' id='word_1_769' title='bbox 593 5389 668 5439; x_wconf 83' lang='lat' dir='ltr'><strong>vr,</strong></span> <span class='ocrx_word' id='word_1_770' title='bbox 703 5376 756 5432; x_wconf 87' lang='grc'><strong>6.</strong></span> <span class='ocrx_word' id='word_1_771' title='bbox 851 5380 898 5411; x_wconf 78' lang='grc'><strong>⁵⁸</strong></span> <span class='ocrx_word' id='word_1_772' title='bbox 940 5381 1093 5436; x_wconf 87' lang='lat' dir='ltr'><strong>Deut.</strong></span> <span class='ocrx_word' id='word_1_773' title='bbox 1129 5398 1200 5446; x_wconf 87' lang='lat' dir='ltr'><strong>tv,</strong></span> <span class='ocrx_word' id='word_1_774' title='bbox 1235 5384 1329 5436; x_wconf 71' lang='lat' dir='ltr'><strong>2i.</strong></span> <span class='ocrx_word' id='word_1_775' title='bbox 1423 5383 1467 5415; x_wconf 77' lang='lat'><strong>”</strong></span> <span class='ocrx_word' id='word_1_776' title='bbox 1512 5384 1656 5438; x_wconf 73' lang='lat' dir='ltr'><strong>l’sai.</strong></span> <span class='ocrx_word' id='word_1_777' title='bbox 1691 5399 1821 5448; x_wconf 82' lang='lat' dir='ltr'><strong>xvn,</strong></span> <span class='ocrx_word' id='word_1_778' title='bbox 1850 5384 1883 5436; x_wconf 83' lang='lat'><strong>5</strong></span> 
     </span>
    </p>
   </div>
   <div class='ocr_carea' id='block_1_107' title="bbox 1991 5368 2506 5448">
    <p class='ocr_par' dir='ltr' id='par_1_107' title="bbox 2019 5380 2506 5446">
     <span class='ocr_line' id='line_1_107' title="bbox 2019 5380 2506 5446; baseline 0.002 -12"><span class='ocrx_word' id='word_1_779' title='bbox 2019 5381 2065 5412; x_wconf 82' lang='grc'><strong>⁶⁰</strong></span> <span class='ocrx_word' id='word_1_780' title='bbox 2101 5380 2269 5436; x_wconf 85' lang='lat' dir='ltr'><strong>Math.</strong></span> <span class='ocrx_word' id='word_1_781' title='bbox 2307 5397 2381 5446; x_wconf 83' lang='lat' dir='ltr'><strong>IV,</strong></span> <span class='ocrx_word' id='word_1_782' title='bbox 2419 5380 2506 5435; x_wconf 82' lang='grc' dir='ltr'>Η.</span> 
     </span>
    </p>
   </div>
   <div class='ocr_carea' id='block_1_108' title="bbox 1559 5493 2258 5550">
    <p class='ocr_par' dir='ltr' id='par_1_108' title="bbox 1559 5493 2258 5550">
     <span class='ocr_line' id='line_1_108' title="bbox 1559 5493 2258 5550; baseline 0 -2"><span class='ocrx_word' id='word_1_783' title='bbox 1559 5493 1794 5548; x_wconf 69' lang='grc' dir='ltr'><strong>νΑΙὶΙᾹζ</strong></span> <span class='ocrx_word' id='word_1_784' title='bbox 1852 5493 2258 5550; x_wconf 79' lang='lat' dir='ltr'><strong>LECTIONES.</strong></span> 
     </span>
    </p>
   </div>
   <div class='ocr_carea' id='block_1_109' title="bbox 373 5572 729 5648">
    <p class='ocr_par' dir='ltr' id='par_1_109' title="bbox 373 5572 729 5648">
     <span class='ocr_line' id='line_1_109' title="bbox 373 5572 729 5648; baseline 0.011 -22"><span class='ocrx_word' id='word_1_785' title='bbox 373 5572 422 5648; x_wconf 57' lang='grc' dir='ltr'>ξ³</span> <span class='ocrx_word' id='word_1_786' title='bbox 451 5574 550 5648; x_wconf 70' lang='grc' dir='ltr'>τὴν</span> <span class='ocrx_word' id='word_1_787' title='bbox 577 5575 729 5648; x_wconf 86' lang='grc' dir='ltr'>λα6.]</span> 
     </span>
    </p>
   </div>
   <div class='ocr_carea' id='block_1_110' title="bbox 301 5645 1206 5710">
    <p class='ocr_par' dir='ltr' id='par_1_110' title="bbox 301 5645 1206 5710">
     <span class='ocr_line' id='line_1_110' title="bbox 301 5645 1206 5710; baseline 0.015 -15"><span class='ocrx_word' id='word_1_788' title='bbox 301 5646 348 5680; x_wconf 76' lang='grc'><strong>³⁷</strong></span> <span class='ocrx_word' id='word_1_789' title='bbox 377 5645 581 5698; x_wconf 78' lang='grc' dir='ltr'>ἐκεῖνον</span> <span class='ocrx_word' id='word_1_790' title='bbox 610 5650 674 5700; x_wconf 79' lang='grc' dir='ltr'>Δ.</span> <span class='ocrx_word' id='word_1_791' title='bbox 709 5645 728 5648; x_wconf 68' lang='grc'><strong><em>“</em></strong></span> <span class='ocrx_word' id='word_1_792' title='bbox 751 5649 797 5680; x_wconf 80' lang='grc'><strong>³⁸</strong></span> <span class='ocrx_word' id='word_1_793' title='bbox 839 5645 1120 5707; x_wconf 78' lang='grc' dir='ltr'>δουλοῦται</span> <span class='ocrx_word' id='word_1_794' title='bbox 1143 5656 1206 5710; x_wconf 82' lang='grc' dir='ltr'>Α.</span> 
     </span>
    </p>
   </div>
   <div class='ocr_carea' id='block_1_111' title="bbox 803 5578 1926 5648">
    <p class='ocr_par' dir='ltr' id='par_1_111' title="bbox 803 5578 1926 5648">
     <span class='ocr_line' id='line_1_111' title="bbox 803 5578 1926 5648; baseline 0.006 -16"><span class='ocrx_word' id='word_1_795' title='bbox 803 5578 906 5634; x_wconf 88' lang='lat' dir='ltr'><strong>lsa.</strong></span> <span class='ocrx_word' id='word_1_796' title='bbox 971 5597 1045 5647; x_wconf 85' lang='lat' dir='ltr'><strong>vt,</strong></span> <span class='ocrx_word' id='word_1_797' title='bbox 1083 5585 1134 5638; x_wconf 89' lang='lat'><strong>6.</strong></span> <span class='ocrx_word' id='word_1_798' title='bbox 1211 5586 1256 5617; x_wconf 73' lang='lat'><strong>&quot;’</strong></span> <span class='ocrx_word' id='word_1_799' title='bbox 1282 5585 1375 5638; x_wconf 72' lang='grc' dir='ltr'><strong>καὶ</strong></span> <span class='ocrx_word' id='word_1_800' title='bbox 1399 5587 1440 5639; x_wconf 89' lang='grc' dir='ltr'><strong>Α</strong></span> <span class='ocrx_word' id='word_1_801' title='bbox 1473 5604 1486 5639; x_wconf 83' lang='grc'>;</span> <span class='ocrx_word' id='word_1_802' title='bbox 1518 5604 1576 5638; x_wconf 89' lang='grc' dir='ltr'><strong>τε</strong></span> <span class='ocrx_word' id='word_1_803' title='bbox 1608 5587 1702 5638; x_wconf 75' lang='grc' dir='ltr'><strong>καὶ</strong></span> <span class='ocrx_word' id='word_1_804' title='bbox 1743 5604 1802 5648; x_wconf 74' lang='grc' dir='ltr'><strong>ς.</strong></span> <span class='ocrx_word' id='word_1_805' title='bbox 1881 5587 1926 5617; x_wconf 79' lang='grc'><strong>⁸⁵</strong></span> 
     </span>
    </p>
   </div>
   <div class='ocr_carea' id='block_1_112' title="bbox 1957 5586 2593 5658">
    <p class='ocr_par' dir='ltr' id='par_1_112' title="bbox 1957 5586 2593 5658">
     <span class='ocr_line' id='line_1_112' title="bbox 1957 5586 2593 5658; baseline 0.005 -20"><span class='ocrx_word' id='word_1_806' title='bbox 1957 5587 1985 5638; x_wconf 88' lang='grc' dir='ltr'>ὁ</span> <span class='ocrx_word' id='word_1_807' title='bbox 2016 5586 2151 5658; x_wconf 78' lang='grc' dir='ltr'>γὰρ]</span> <span class='ocrx_word' id='word_1_808' title='bbox 2205 5586 2364 5658; x_wconf 84' lang='lat' dir='ltr'><strong>Deut.</strong></span> <span class='ocrx_word' id='word_1_809' title='bbox 2399 5603 2470 5653; x_wconf 86' lang='lat' dir='ltr'><strong>tv,</strong></span> <span class='ocrx_word' id='word_1_810' title='bbox 2502 5588 2593 5642; x_wconf 65' lang='grc'><strong>24.</strong></span> 
     </span>
    </p>
   </div>
   <div class='ocr_carea' id='block_1_113' title="bbox 1287 5654 2152 5728">
    <p class='ocr_par' dir='ltr' id='par_1_113' title="bbox 1287 5654 2152 5728">
     <span class='ocr_line' id='line_1_113' title="bbox 1287 5654 2152 5728; baseline -0.001 -17"><span class='ocrx_word' id='word_1_811' title='bbox 1287 5657 1331 5688; x_wconf 72' lang='grc'><strong>³³</strong></span> <span class='ocrx_word' id='word_1_812' title='bbox 1372 5654 1925 5728; x_wconf 54' lang='grc' dir='ltr'>γέγραπταιῙΜίιιιΙι.</span> <span class='ocrx_word' id='word_1_813' title='bbox 1961 5654 2037 5723; x_wconf 67' lang='lat' dir='ltr'><strong>tv,</strong></span> <span class='ocrx_word' id='word_1_814' title='bbox 2066 5654 2152 5712; x_wconf 71' lang='lat' dir='ltr'><strong>fl.</strong></span> 
     </span>
    </p>
   </div>
   <div class='ocr_carea' id='block_1_114' title="bbox 2675 5585 3568 5660">
    <p class='ocr_par' dir='ltr' id='par_1_114' title="bbox 2675 5585 3568 5660">
     <span class='ocr_line' id='line_1_114' title="bbox 2675 5585 3568 5660; baseline 0 -20"><span class='ocrx_word' id='word_1_815' title='bbox 2675 5588 2815 5642; x_wconf 77' lang='grc' dir='ltr'><strong>³⁶τὰ</strong></span> <span class='ocrx_word' id='word_1_816' title='bbox 2849 5587 3030 5660; x_wconf 79' lang='grc' dir='ltr'>λόγια]</span> <span class='ocrx_word' id='word_1_817' title='bbox 3079 5588 3220 5643; x_wconf 86' lang='lat' dir='ltr'><strong>Psal.</strong></span> <span class='ocrx_word' id='word_1_818' title='bbox 3284 5603 3417 5654; x_wconf 78' lang='lat' dir='ltr'><strong>xm,</strong></span> <span class='ocrx_word' id='word_1_819' title='bbox 3470 5585 3568 5641; x_wconf 76' lang='lat'><strong>57.</strong></span> 
     </span>
    </p>
   </div>
   <div class='ocr_carea' id='block_1_115' title="bbox 2229 5657 2540 5712">
    <p class='ocr_par' dir='ltr' id='par_1_115' title="bbox 2229 5657 2540 5712">
     <span class='ocr_line' id='line_1_115' title="bbox 2229 5657 2540 5712; baseline 0.01 -3"><span class='ocrx_word' id='word_1_820' title='bbox 2229 5657 2274 5688; x_wconf 66' lang='grc' dir='ltr'><strong>⁸ο</strong></span> <span class='ocrx_word' id='word_1_821' title='bbox 2310 5661 2443 5712; x_wconf 82' lang='grc' dir='ltr'>πᾶσι</span> <span class='ocrx_word' id='word_1_822' title='bbox 2474 5661 2540 5712; x_wconf 83' lang='grc' dir='ltr'><strong>Λ.</strong></span> 
     </span>
    </p>
   </div>
   <div class='ocr_carea' id='block_1_116' title="bbox 1833 5771 2064 5827">
    <p class='ocr_par' dir='ltr' id='par_1_116' title="bbox 1833 5771 2064 5827">
     <span class='ocr_line' id='line_1_116' title="bbox 1833 5771 2064 5827; baseline 0 -1"><span class='ocrx_word' id='word_1_823' title='bbox 1833 5771 2064 5827; x_wconf 69' lang='lat' dir='ltr'><strong>NOTAE.</strong></span> 
     </span>
    </p>
   </div>
   <div class='ocr_carea' id='block_1_117' title="bbox 379 5856 3077 5936">
    <p class='ocr_par' dir='ltr' id='par_1_117' title="bbox 379 5856 3077 5936">
     <span class='ocr_line' id='line_1_117' title="bbox 379 5856 3077 5936; baseline 0.003 -23"><span class='ocrx_word' id='word_1_824' title='bbox 379 5856 491 5927; x_wconf 73' lang='lat'><strong>(48)</strong></span> <span class='ocrx_word' id='word_1_825' title='bbox 534 5856 617 5924; x_wconf 83' lang='lat' dir='ltr'><strong>Qu</strong></span> <span class='ocrx_word' id='word_1_826' title='bbox 667 5872 786 5915; x_wconf 90' lang='lat' dir='ltr'><strong>mos</strong></span> <span class='ocrx_word' id='word_1_827' title='bbox 812 5859 867 5914; x_wconf 88' lang='lat' dir='ltr'><strong>in</strong></span> <span class='ocrx_word' id='word_1_828' title='bbox 904 5859 1160 5933; x_wconf 81' lang='lat' dir='ltr'><strong>Hispania</strong></span> <span class='ocrx_word' id='word_1_829' title='bbox 1195 5865 1462 5936; x_wconf 83' lang='lat' dir='ltr'><strong>hodieque</strong></span> <span class='ocrx_word' id='word_1_830' title='bbox 1492 5877 1792 5935; x_wconf 85' lang='lat' dir='ltr'><strong>spectatur,</strong></span> <span class='ocrx_word' id='word_1_831' title='bbox 1824 5867 1889 5921; x_wconf 87' lang='lat' dir='ltr'><strong>ad</strong></span> <span class='ocrx_word' id='word_1_832' title='bbox 1925 5877 2113 5920; x_wconf 70' lang='lat' dir='ltr'><strong>wstum</strong></span> <span class='ocrx_word' id='word_1_833' title='bbox 2149 5866 2373 5920; x_wconf 90' lang='lat' dir='ltr'><strong>ardente</strong></span> <span class='ocrx_word' id='word_1_834' title='bbox 2404 5864 2646 5922; x_wconf 81' lang='lat' dir='ltr'><strong>canicula</strong></span> <span class='ocrx_word' id='word_1_835' title='bbox 2681 5868 3077 5936; x_wconf 85' lang='lat' dir='ltr'><strong>depellendum.</strong></span> 
     </span>
    </p>
   </div>
  </div>
