3940 6418
530 396 632 461 771

1683 391 1947 453 PIIOTII
1974 385 2479 451 PATRIARCHIE
2530 388 2637 447 CP-

3675 395 3770 461 772

534 504 949 575 iutelligihilium
981 502 1266 573 spirituum
1295 516 1513 557 nomen.
1571 500 1634 556 Et
1681 502 1874 554 iterum
1914 500 1980 555 de
2009 500 2115 569 pri-

2225 498 2459 568 Γρὰμμα
2502 497 2669 566 φησίν
2700 514 2714 528 ο
2746 494 2854 552 Kal
2899 497 3516 567 προσκυνησάτωσαν
3538 498 3585 532 ⁸⁸
3626 502 3768 568 αὐτῷ

537 599 808 667 rnogenito
844 597 895 650 in
941 595 1125 649 orbem
1168 603 1327 649 terra:
1361 594 1667 661 introducto
1708 592 1991 661 Scriptura
2036 590 2113 643 Io-

533 690 747 756 quitur:
767 687 834 741 Et
857 688 1078 742 niterent
1108 703 1225 740 eum
1260 703 1435 740 omnes
1463 687 1636 756 angeli
1670 685 1765 741 Dei
1794 685 1932 737 °‘°".
1972 683 2104 736 Prn-

534 795 718 851 pterea
748 781 912 836 etiam
944 780 1103 834 simul
1129 790 1295 848 atque
1316 781 1383 832 ad
1416 778 1589 832 altare
1620 776 1929 831 sacerdotes
1957 788 2113 828 acce-

534 873 691 935 dunt,
732 881 922 925 cantor
966 884 1121 923 sacer
1171 871 1237 922 de
1263 868 1545 936 superiore
1596 866 1715 920 loco
1744 866 1822 919 sic
1864 864 2108 918 clamat:

536 961 764 1018 Sanctus
811 964 978 1026 Deus,
1028 969 1246 1016 sanctus
1288 960 1464 1029 (ortis,
1515 972 1726 1013 sanctus
1771 958 2111 1012 immortalis.

535 1053 707 1120 Quem
742 1056 995 1124 hymnum
1051 1068 1117 1106 ex
1168 1054 1471 1107 veneranda
1522 1067 1586 1106 ac
1636 1050 1911 1105 tremenda
1953 1049 2113 1103 Sera-

538 1149 826 1217 phluorum
861 1146 1196 1215 professione
1227 1144 1583 1213 compositum
1608 1143 1822 1197 asserit.
1881 1141 1994 1195 Non
2029 1152 2111 1194 ta-

542 1255 662 1291 tneu
691 1240 754 1291 de
777 1253 877 1291 suo
930 1239 1131 1291 habere
1187 1237 1290 1290 hoc
1357 1236 1657 1298 inventum,
1712 1234 1898 1305 19lb
1946 1233 2039 1287 sed
2081 1247 2113 1286 e

537 1329 842 1385 Iudaeorum
876 1342 1035 1399 gente
1064 1332 1353 1398 quemdam
1382 1328 1627 1381 veritatis
1659 1327 1900 1382 doctrina
1940 1326 2113 1379 imbu-

544 1435 678 1482 tum,
707 1422 794 1489 qui
833 1420 969 1473 alios
998 1434 1213 1489 quoque
1238 1417 1466 1473 docendi
1498 1416 1877 1470 auctoritatem
1913 1414 1979 1465 ab
2008 1410 2112 1464 Ec-

538 1514 703 1569 clesia
738 1512 1057 1578 accepisset,
1093 1510 1265 1562 virum
1298 1518 1492 1563 caetera
1538 1508 1862 1577 sapientem,
1894 1504 2115 1570 vitaque

540 1603 826 1664 illustrem,
896 1599 1052 1666 hujus
1085 1599 1346 1673 doctrinae
1401 1598 1557 1651 Jobio
1590 1606 1861 1650 auctorem
1920 1593 2110 1654 luisse,

547 1709 669 1746 cum
700 1695 844 1745 unde
884 1690 1218 1759 compositus
1246 1699 1391 1743 esset
1424 1704 1577 1741 sacer
1606 1686 1695 1739 ille
1737 1686 1987 1756 hymnus,
2018 1696 2115 1734 ex-

542 1797 785 1855 poneret.
824 1784 1026 1838 Ducere
1054 1797 1181 1834 vero
1206 1782 1378 1851 ipsum
1407 1794 1475 1833 ex
1528 1778 1962 1833 Cherubinorum
1998 1774 2109 1840 (49)

544 1880 763 1948 hymno,
828 1886 883 1930 et
912 1875 1118 1944 psalmo
1159 1889 1246 1927 xu
1296 1887 1571 1926 sacrorum
1614 1880 1895 1924 cantorum
1940 1867 2115 1922 canti-

541 1985 666 2023 cum
714 1969 842 2022 illud
897 1965 1186 2021 conﬂatum
1223 1981 1364 2019 esse.
1428 1963 1703 2018 Cclebrari
1736 1962 1877 2015 enim
1924 1962 1976 2012 in
2014 1960 2116 2013 hoc

541 2059 758 2113 Psalmo
806 2056 975 2111 Deum
1008 2057 1195 2125 fortem
1237 2058 1405 2109 vivum
1442 2070 1461 2109 :
1493 2071 1555 2107 ac
1591 2062 1849 2107 mutatam
1892 2052 2111 2122 quidem

540 2163 664 2203 esse
695 2163 881 2200 vocem
906 2149 1076 2200 vivum
1104 2147 1155 2197 in
1177 2143 1525 2213 :rquipolleus
1556 2141 1873 2195 vocabulum
1898 2142 2117 2193 immor-

541 2242 688 2302 talis,
723 2240 833 2310 ipsa
865 2255 996 2293 voce
1029 2238 1187 2309 [ortis
1220 2248 1458 2291 retenta:
1487 2237 1555 2288 ita
1586 2250 1797 2288 sacrum
1828 2233 1955 2286 illud
1987 2247 2119 2286 can-

546 2335 712 2386 ticum
752 2341 1060 2384 contextum
1109 2344 1247 2382 esse.
1318 2328 1482 2381 Porro
1518 2324 1745 2394 exprimi
1787 2339 1946 2377 voces
1979 2321 2118 2375 Deus

546 2435 604 2478 et.
629 2423 881 2488 Sanctus,
942 2431 1000 2476 ut
1037 2421 1313 2475 distinctio
1356 2422 1447 2473 liat
1474 2421 1541 2471 ab
1582 2417 1846 2471 idolorum
1897 2415 2121 2469 simula-

544 2516 678 2580 cris,
745 2530 864 2583 qua:
922 2514 1198 2567 terrestria
1252 2524 1399 2579 sunt,
1449 2514 1808 2565 humanarum
1867 2523 2119 2561 manuum

544 2623 702 2677 opus,
739 2616 794 2661 et
827 2620 966 2660 verm
998 2605 1453 2659 abominationcs.
1491 2601 1673 2657 Fortis
1705 2618 1832 2657 vero
1860 2602 2124 2655 adversus

547 2710 719 2763 muta,
772 2695 1065 2751 immobilia
1120 2706 1174 2749 et
1235 2694 1498 2748 imbecilla
1575 2694 1741 2749 idola.
1794 2690 2123 2746 Immortalis

545 2788 801 2857 denique,
832 2786 975 2855 quod
1001 2785 1139 2839 idola
1169 2799 1267 2839 nec
1293 2785 1521 2853 spirent,
1543 2799 1644 2838 nec
1676 2784 1838 2837 ullam
1856 2781 2123 2837 eﬂicieudi

547 2882 653 2935 vim
705 2882 940 2935 habeant
969 2896 983 2935 :
1014 2879 1110 2933 sed
1167 2891 1271 2932 nec
1308 2877 1572 2931 tantillum
1610 2878 1825 2946 quidem
1854 2877 1977 2930 vitae
2002 2888 2126 2943 par-

549 2984 656 3029 tem
702 2973 1036 3041 acceperint.
1083 2969 1281 3025 Narrat
1312 2971 1413 3025 hoc
1458 2971 1647 3034 etiam,
1695 2969 1943 3023 eumdem
1976 2966 2124 3021 illum

546 3084 762 3124 sacrum
812 3070 987 3122 virum
1040 3082 1160 3121 sese
1210 3066 1499 3132 docuisse,
1554 3063 2006 3133 quemadmodum
2058 3057 2126 3111 ab

2214 589 2439 654 πάντες
2491 589 2735 659 ἄγγελοι
2778 588 2947 643 Θεοῦ.
2989 591 3088 643 Διά
3117 608 3199 644 τοι
3231 591 3391 644 τοῦτο
3422 593 3516 645 καὶ
3564 593 3677 664 ἅμα
3704 599 3772 669 τῷ

2214 681 2353 752 πρὸς
2378 682 2439 734 τὸ
2471 681 2861 751 θυσιαστήριον
2878 682 3105 734 εἰσιέναι
3137 682 3264 745 τοὺς
3288 684 3455 753 ίερεῖς
3476 685 3504 736 ὁ
3534 684 3775 754 ἱεροψάλ-

2214 791 2313 843 της
2337 773 2543 827 ἄνωθεν
2574 773 2778 843 ἀναϐοᾷ
2800 774 2882 838 τὸ,
2906 773 3110 843 ’Ἄγιος
3145 776 3178 826 ό
3209 773 3375 840 θεὸς,
3408 774 3578 843 ἅγιος
3616 780 3776 846 ισχυ-

2205 862 2317 928 ρός
2342 903 2355 925 ,
2403 862 2571 931 ἅγιος
2623 863 2941 929 ἀθάνατος,
2995 864 3223 916 Ἦντινα
3281 865 3607 935 ὑμνολογίαν
3663 884 3778 934 συγ-

2214 952 2436 1006 κεῖσθαί
2465 969 2632 1021 φησιν
2664 955 2729 1006 ἐκ
2763 954 2861 1021 τῆς
2890 953 2998 1007 τῶν
3030 955 3283 1025 Σεραφὶμ
3315 956 3557 1025 φρικτῆς
3602 958 3781 1026 ὁμολο-

2214 1045 2360 1112 γίας.
2390 1046 2528 1114 Φησὶ
2552 1045 2607 1098 δὲ
2635 1045 2710 1109 ὡς
2747 1046 2854 1099 οὐδ’
2891 1046 3106 1100 οἴκοθεν
3136 1049 3269 1119 πρὸς
3293 1048 3493 1120 ταύτην
3530 1044 3667 1120 ἦλθε
3691 1052 3779 1120 τὴν

2218 1139 2447 1203 ἔννοιαν,
2499 1139 2616 1191 ἀλλ’
2669 1139 2730 1204 ἐξ
2762 1139 3035 1194 Ἰουδαίων
3083 1159 3167 1205 τις
3213 1142 3307 1194 τὸν
3349 1142 3448 1212 τῆς
3504 1143 3776 1213 ἀληθείας.

2215 1230 2373 1299 λόγον
2422 1234 2756 1305 κατηχηθεὶς
2799 1236 2896 1288 καὶ
2941 1236 3134 1299 ἄλλους
3186 1236 3453 1305 κατηχείν
3499 1236 3655 1307 παρά
3691 1238 3779 1307 τῆς

2230 1322 2556 1393 Ἐκκλησίας
2590 1324 2809 1393 ἀξίωμα
2865 1324 3061 1386 λαϐὼν,
3105 1327 3269 1393 σοφός
3311 1344 3368 1377 τε
3408 1325 3474 1378 τὰ
3526 1326 3665 1380 ἄλλα
3697 1329 3780 1379 καὶ

2219 1414 2319 1484 βίῳ
2350 1414 2625 1486 λαμπρὸς,
2670 1417 2876 1478 ἐκεῖνος
2905 1417 3054 1486 αύτῴ
3077 1420 3173 1487 τῆς
3207 1418 3580 1487 προκειμένης
3619 1418 3780 1489 μαθή-

2219 1524 2359 1569 σεως
2380 1506 2749 1576 καθηγήσατο,
2783 1508 2839 1573 ἐξ
2865 1500 2939 1560 ὧν
2968 1510 2999 1577 ἡ
3027 1509 3309 1581 ίερολογία
3334 1510 3627 1579 συνετέθη,
3659 1512 3781 1564 ἁνα-

2215 1598 2587 1667 διδαξάμενος.
2644 1599 2927 1652 Διδάσκειν
2956 1600 3049 1653 οὖν
3082 1601 3245 1654 αὐτόν
3275 1618 3440 1672 φησιν
3492 1601 3557 1653 ἐκ
3592 1619 3650 1654 τε
3695 1603 3805 1672 τῆς,

2217 1691 2561 1761 Χερουὸικῆς
2606 1692 2933 1762 ὑμνολογίας
2983 1694 3077 1746 καὶ
3128 1693 3221 1746 τοῦ
3273 1701 3365 1763 μα’
3418 1693 3639 1763 ψαλμοῦ
3685 1694 3782 1747 τῶν

2222 1782 2555 1853 ἱεροψαλτῶν
2592 1783 2965 1837 συντεθεῖσθαι
2993 1784 3055 1838 τὸ
3083 1784 3378 1856 μελῴδημα
3397 1803 3410 1816 ·
3441 1787 3670 1857 ᾅδεσθαι
3694 1788 3784 1857 μὲν

2220 1876 2329 1944 γὰρ
2352 1878 2411 1927 ὲν
2426 1874 2506 1945 τῷ
2531 1875 2730 1946 ψαλμῷ
2756 1875 2860 1929 τὸν
2883 1876 3029 1929 Θεὸν
3048 1878 3154 1929 τὸν
3183 1878 3436 1946 ἰσχυρὸν
3456 1880 3569 1932 τὸν
3591 1876 3783 1943 ζῶντα,

2222 1968 2636 2039 μεταληφθῆναι
2688 1970 2744 2022 δὲ
2789 1971 2850 2023 τὸ
2877 1972 2922 2010 δ’
2956 1972 3055 2041 μὲν
3080 1970 3267 2032 ζῶντα
3309 1975 3391 2036 είς
3419 1973 3785 2041 ἱσοδύναμον

2220 2056 2347 2129 [315
2392 2057 2485 2130 11.}
2528 2058 2595 2112 τὸ
2625 2057 2945 2123 ἀθάνατον,
2979 2061 3255 2127 αὐτολεξεὶ
3291 2062 3349 2115 δὲ
3392 2062 3785 2135 διατηρηθῆναι

2220 2151 2328 2203 τὸν
2356 2152 2630 2222 ἰσχυρὸν,
2677 2154 2770 2206 καὶ
2794 2153 3374 2223 οὖτωσυνυφανθῆναί
3406 2173 3455 2207 τι
3492 2155 3784 2226 μελῴδημα

2220 2246 2280 2296 τὸ
2304 2245 2466 2314 ἱερόν.
2499 2246 2875 2301 Ἀποδεδόσθαι
2908 2248 3092 2318 μέντοι
3118 2265 3181 2317 γε
3213 2248 3274 2301 τὸ
3316 2250 3414 2318 μὲν
3442 2249 3593 2315 Θεὸς
3615 2249 3705 2302 καὶ
3726 2249 3783 2303 τὸ

2220 2335 2388 2403 ἅγιος
2420 2336 2555 2408 πρὸς
2580 2339 3000 2411 ἀντιδιαστολὴν
3047 2339 3155 2392 τῶν
3186 2341 3477 2393 είδωλικῶν
3516 2341 3789 2411 σεϐασμά.

2222 2448 2353 2490 των.
2383 2431 2419 2483 ἃ.
2448 2428 2627 2501 γεώδη
2664 2430 2722 2484 τέ
2754 2431 2871 2484 ἐστι
2905 2431 3001 2484 καὶ
3027 2431 3229 2503 χειρῶν
3259 2432 3305 2464 ⁸³
3331 2432 3642 2503 ἀνθρώπων
3663 2433 3787 2505 ἔργα

2221 2523 2315 2574 καὶ
2356 2519 2698 2590 βδελύγματα
2737 2520 2813 2584 ὡς
2839 2521 3081 2591 ἀληθῶςο
3113 2523 3175 2574 τὺ
3211 2522 3269 2576 δὲ
3297 2524 3548 2592 ἰσχυρὸς
3579 2524 3715 2595 πρὸς
3736 2525 3789 2576 τὸ

2224 2614 2451 2667 ἐκείνων
2507 2614 2723 2681 ἄφωνον
2767 2615 2863 2667 καὶ
2908 2614 3168 2685 ἀκίνητον
3217 2617 3312 2669 καί¹
3354 2616 3603 2681 ἀσθενὲς,
3652 2616 3711 2669 τὸ
3738 2616 3787 2668 δὲ

2222 2703 2519 2771 ἀθάνατος
2567 2706 2704 2777 πρὸς
2736 2705 2796 2759 τὸ
2820 2707 3024 2761 ἄπνουν
3054 2707 3278 2760 ἐκείνων
3299 2706 3395 2760 καὶ
3436 2707 3789 2778 ἀνενέργητον

2223 2798 2318 2850 καὶ
2367 2796 2475 2849 οὐδ’
2508 2796 2756 2850 ὁπωσοῦν
2788 2796 2932 2867 ζωῆς
2966 2799 3253 2867 μετασχόν.
3292 2798 3457 2866 Λέγει
3485 2798 3545 2851 δὲ
3586 2798 3680 2852 τὸν
3700 2799 3791 2851 aiio

2224 2886 2314 2940 τὸν
2346 2887 2493 2958 ἱερὸν
2513 2888 2681 2959 ἄνδρα
2723 2891 2819 2942 καὶ
2845 2889 3006 2942 τοῦτο
3032 2889 3195 2944 αὐτὸν
3223 2889 3635 2954 ὲκδιδὰξασθαι,
3660 2889 3793 2944 καθὰ

2224 2982 2319 3034 καὶ
2356 2981 2565 3052 ἑτέροις
2613 2981 2983 3053 ὲξιστόρηται,
3034 2984 3110 3047 ὡς
3164 2984 3241 3055 τῷ
3282 2983 3538 3054 μακαρίῳ
3574 2983 3793 3053 Πρόκλῳ

2226 3072 2882 3143 (Κωνσταντινουπόλεως
2916 3076 2971 3129 δὲ
3023 3075 3285 3146 πρόεδρος
3324 3072 3415 3147 ἦν)
3450 3078 3483 3146 ὴ
3517 3076 3613 3129 τοῦ
3650 3078 3793 3146 εἰρη-

548 3162 671 3216 aliis
698 3176 912 3231 quoque
958 3160 1321 3230 scriptoribus
1382 3158 1635 3219 refertur,
1691 3165 1743 3208 ut
1795 3155 1985 3207 beatus
2012 3150 2119 3219 (60)

2232 3164 2397 3235 μένου
2455 3166 2846 3237 μελῳδήματος
2890 3167 2957 3220 δι’
3001 3167 3399 3236 ἀποκαλύψεως
3460 3168 3701 3241 [ἐμυήθη
3731 3168 3791 3239 ⁸⁸]

547 3252 773 3307 Prnclus
800 3250 1344 3324 ‘(Constantiuopolis
1371 3249 1417 3302 is
1450 3246 1645 3317 praesul
1682 3245 1820 3313 erat)
1881 3243 2125 3314 praedicti

551 3344 738 3413 hymni
770 3341 1260 3406 constructionem,
1320 3354 1415 3406 per
1462 3335 1839 3391 revelationem
1905 3332 2129 3386 edoctus

548 3437 641 3498 sit,
673 3450 794 3489 cum
824 3433 1030 3504 angelis
1075 3447 1288 3486 sacrum
1320 3430 1466 3484 hunc
1495 3430 1750 3499 hymnum
1786 3424 2124 3487 canentibus,

550 3528 757 3595 primus
791 3524 878 3578 ille
905 3523 1149 3578 eamdem
1181 3521 1375 3575 deinde
1409 3520 1716 3573 doctrinam
1755 3515 1959 3570 hausit.
2008 3512 2125 3566 Tali

550 3616 926 3685 disputatione
964 3615 1283 3669 vicesimum
1338 3623 1591 3682 quartum
1623 3621 1678 3665 et
1703 3610 1948 3680 quintum
1980 3607 2127 3661 clau-

550 3709 698 3763 ditur
724 3718 907 3776 caput.

620 3801 711 3857 26.
730 3800 920 3870 Capite
939 3801 1195 3855 vicesimo
1217 3809 1374 3853 sexto
1399 3798 1652 3861 refertur,
1680 3811 1774 3851 sex
1794 3796 2001 3849 dierum
2026 3811 2127 3848 nu-

552 3882 758 3949 merum
786 3895 835 3946 in
860 3894 1125 3962 principio
1150 3900 1331 3963 typum
1353 3906 1473 3945 esse
1507 3891 1859 3961 agnoscenda:
1881 3888 2124 3942 Trinita-

551 3987 639 4045 tis,
660 3985 896 4052 illudque
913 4000 1035 4037 cum
1054 3999 1118 4038 ex
1148 3983 1270 4037 aliis
1286 3982 1629 4036 manifestum
1646 3982 1896 4047 evadere,
1922 3992 2032 4035 tum
2055 3997 2124 4036 ex

548 4079 639 4134 illo
658 4098 671 4131 :
688 4077 812 4131 Dies
829 4077 936 4130 diei
952 4086 1152 4130 eructat
1170 4078 1402 4141 verbum,
1422 4084 1472 4128 et
1487 4090 1590 4128 ηοω
1603 4075 1742 4128 nocti
1756 4075 1953 4128 indicat
1965 4075 2129 4129 scien-

549 4172 677 4225 tiam
715 4170 781 4223 ⁶³.
856 4169 994 4236 Quin
1047 4178 1102 4222 et
1144 4182 1212 4221 ex
1246 4166 1337 4220 illo
1367 4183 1382 4220 :
1420 4165 1486 4219 In
1520 4167 1691 4234 capite
1720 4166 1842 4220 libri
1875 4167 2127 4236 scriptum

546 4274 621 4317 est
658 4263 721 4315 de
747 4278 828 4315 me
857 4262 938 4315 σιτ
983 4261 1179 4330 quibus
1209 4256 1472 4331 [saltem]
1510 4258 1826 4328 contigisset
1852 4259 2129 4327 percipere

547 4368 642 4407 sex
695 4353 800 4407 illis
836 4351 1143 4405 initialibus
1181 4350 1371 4403 diebus
1405 4350 1539 4402 nihil
1568 4364 1691 4403 esse
1716 4349 2125 4417 intelligendum

547 4460 759 4509 eorum,
791 4460 910 4515 (illa:
946 4451 1287 4512 apparerent.
1330 4438 1502 4510 Caput
1536 4442 1681 4495 enim
1706 4450 1763 4495 et
1794 4439 2122 4510 principium

2233 3256 2504 3322 σύνθεσις,
2533 3259 2784 3327 ἀγγέλων
2822 3260 2921 3329 μὲν
2951 3258 3048 3330 τὴν
3078 3260 3381 3330 ἱερολογίαν
3419 3261 3628 3332 ταύτην
3674 3264 3795 3317 ἁνα-

2234 3351 2571 3421 μελπόντων,
2621 3353 2833 3405 ἐκείνου
2866 3352 2923 3406 δί
2958 3352 3055 3424 τὴν
3097 3353 3300 3423 μύησιν
3339 3353 3557 3425 πρώτου
3592 3353 3793 3408 ἐκεῖθεν

2229 3442 2620 3513 ἐκδεξαμένου.
2675 3444 2931 3498 Τοιοῦτον
2961 3446 3059 3515 μὲν
3100 3445 3285 3513 ἀγῶνα
3317 3447 3410 3499 καὶ
3447 3447 3509 3500 τὸ
3558 3446 3603 3500 δ’
3625 3446 3720 3499 καὶ
3750 3444 3793 3499 κ’

2228 3532 2347 3602 ἅμα
2370 3532 2463 3586 τοῦ
2489 3534 2685 3605 ἐφεξῆς
2712 3541 2753 3587 ε’
2782 3536 3079 3605 κεφαλαίου
3101 3538 3414 3593 ὑποδύεται.

2312 3801 2399 3855 Ἐν
2434 3802 2491 3856 δὲ
2513 3803 2591 3874 τῷ
2632 3809 2723 3869 κς⁹
2754 3804 3034 3873 κεφαλαίῳ
3059 3803 3208 3871 λέγει
3239 3802 3331 3855 τὸν
3358 3805 3402 3834 ⁸⁸
3428 3805 3488 3856 ὲν
3506 3805 3571 3874 τῇ
3604 3819 3794 3872 κοσμο-

2228 3894 2415 3967 γενείᾳ
2445 3896 2566 3950 κατ’
2595 3898 2771 3966 ἀρχὰς
2801 3897 2908 3949 τῶν
2936 3902 2988 3960 ς’
3012 3895 3234 3966 ἡμερῶν
3260 3894 3495 3965 ἀριθμὸν
3529 3894 3694 3948 τύπον
3719 3890 3793 3946 εί-

2230 4007 2318 4042 ναι
2343 3990 2441 4059 τῆς
2464 3990 2744 4061 τριαδικῆς
2779 3988 3133 4055 θεογνωσίας,
3182 3990 3275 4043 καὶ
3296 3988 3453 4043 τοῦτο
3484 3987 3673 4057 δηλοῦν
3701 3986 3793 4041 σὺν

2229 4082 2324 4134 καί
2350 4098 2490 4134 τισιν
2516 4083 2727 4152 ἑτέροις
2756 4081 2853 4134 καὶ
2883 4081 2966 4145 τὸ,
3015 4081 3238 4151 Ἡμέρα
3265 4082 3311 4114 ⁸⁵
3333 4079 3409 4150 τῇ
3427 4081 3614 4150 ἡμέρᾳ
3640 4080 3792 4148 ἐρεύο

2233 4190 2395 4241 ratur
2416 4172 2605 4240 ῥῆμα,
2640 4172 2738 4226 καὶ
2768 4172 2883 4237 νὺξ
2932 4173 3107 4227 νυκτὶ
3148 4173 3509 4242 ἀναγγέλλει
3556 4172 3790 4242 γνῶσιν.

2218 4254 2402 4317 ’Ἄλλὰ
2430 4265 2523 4317 καὶ
2553 4264 2634 4329 τὸ,
2672 4265 2771 4316 Ἐν
2816 4264 3096 4333 κεφαλίδι
3132 4264 3175 4295 ⁸⁷
3202 4266 3449 4329 βιϐλίου
3487 4264 3789 4334 γέγραπται

2230 4355 2365 4423 περὶ
2393 4354 2562 4423 ἐμοῦ,
2585 4357 2729 4418 ὅσοις
2758 4356 2979 4423 γέγονεν
3016 4358 3097 4421 είς
3126 4357 3225 4420 τὰς
3248 4357 3485 4428 ἀρχικὰς
3511 4356 3707 4411 ὲκείνας
3730 4346 3785 4412 ἒξ

2237 4447 2452 4517 ἡμέρας
2474 4446 2749 4509 ἐκλαϐεῖν,
2783 4447 2935 4500 οὐδὲν
2955 4447 3063 4499 τῶν
3108 4448 3563 4517 ἀπεμφαινύντων
3590 4442 3784 4508 διανοηο

549 4538 695 4599 libri,
748 4538 861 4591 sive
911 4537 1091 4590 omnis
1131 4551 1160 4588 a
1194 4537 1303 4589 Deo
1359 4535 1635 4603 inspirata:
1663 4534 1979 4603 Scriptum,
2039 4542 2119 4586 est

2233 4513 2412 4608 θῆναι.
2448 4539 2673 4610 Κεφαλὴ
2703 4540 2811 4609 γὰρ
2857 4543 2951 4593 καὶ
2981 4542 3121 4611 ἀρχὴ
3155 4513 3383 4609 βιδλίου,
3413 4536 3655 4589 τουτέστι
3687 4534 3783 4585 πά-

544 4648 681 4702 opus
705 4646 797 4685 sex
824 4632 1055 4697 dierum,
1082 4629 1278 4699 quibus
1307 4629 1489 4682 mundi
1523 4628 1726 4683 creatio
1746 4626 1981 4695 perfecta
2006 4636 2121 4681 est:

547 4722 702 4792 cujus
732 4736 793 4775 ex
832 4720 1199 4791 magnitudine
1229 4735 1293 4774 ac
1316 4719 1719 4791 pulchritudine
1754 4716 1982 4772 Creator
2010 4718 2125 4784 ipse

546 4817 762 4885 agnitus
792 4816 1028 4869 canitur.
1074 4813 1367 4883 Imaginem
1395 4826 1522 4866 vero
1564 4810 1769 4864 referre
1798 4807 2120 4863 Trinitatis:

546 4917 600 4961 et
630 4910 696 4961 ad
732 4909 975 4978 mysterii
1008 4908 1375 4976 COgnitionem
1407 4904 1712 4959 conducere
1742 4902 1960 4956 eosdem
2003 4902 2123 4956 illos

546 5014 641 5053 sex
672 5000 784 5053 dies
811 5000 1031 5064 asserit,
1066 5014 1173 5052 non
1210 4999 1387 5052 minus
1420 5012 1582 5064 quam
1616 4995 1683 5049 de
1711 5008 1807 5048 sex
1841 4994 1944 5048 alis
1976 4992 2122 5049 Che-

547 5089 706 5144 rubin
739 5091 1035 5161 symbolica
1083 5100 1140 5144 et
1174 5104 1329 5144 sacra
1360 5088 1557 5143 oratio.
1622 5086 1752 5152 Quae
1777 5093 1928 5140 certe
1960 5086 2121 5139 doce-

621 5201 737 5235 "-“
775 5203 931 5258 Deut.
962 5218 1135 5269 χχχιι,
1165 5202 1233 5257 42
1264 5216 1377 5257 sec.
1413 5198 1589 5266 LXX;
1658 5197 1802 5252 Psal.
1832 5213 1977 5263 xcvr,
2008 5199 2069 5265 7;
2107 5203 2119 5255 l

2228 5220 2267 5255 r.
2305 5220 2343 5268 t,
2379 5206 2433 5258 6.

550 5281 605 5328 et
644 5272 806 5330 Hebr.
855 5288 910 5341 x,
963 5273 1019 5327 7.

2236 4649 2334 4702 σης
2370 4632 2468 4701 τῆς
2511 4633 2874 4686 θεοπνεύστου
2906 4634 3153 4703 Γραφῆς,
3179 4636 3211 4702 ἠ
3258 4631 3582 4701 ἐξαήμερος,
3622 4631 3672 4681 ὲν
3702 4620 3783 4687 αἷς

2231 4725 2265 4794 ἡ
2298 4724 2477 4786 κτίσις
2508 4724 2866 4796 συνετελέσθη
2888 4741 2901 4754 '
2933 4719 3008 4778 ὦν
3029 4728 3094 4778 ἐκ
3126 4723 3387 4794 μεγέθους
3418 4723 3513 4774 καὶ⁸
3545 4717 3780 4785 καλλονῆς

2231 4820 2259 4871 ὁ
2299 4818 2635 4888 δημιουργὸς
2674 4817 3227 4887 καταλαμϐανόμενος
3256 4816 3592 4884 ἁνυμνεῖται.
3646 4812 3775 4864 Είκο-

2231 4909 2401 4972 νίζειν
2426 4908 2603 4978 δὲτὴν
2625 4909 2831 4979 Τριάδα
2862 4910 2956 4960 καὶ
3007 4909 3143 4978 πρὸς
3189 4905 3542 4959 διδασκαλίαν
3581 4902 3666 4956 τοῦ
3694 4917 3773 4969 μυ-

2231 5000 2762 5070 στηρίου,συντελείν
2778 4999 2877 5057 τὰς
2898 4998 3066 5063 αὐτὰς
3091 4998 3149 5065 ἓξ
3168 4999 3402 5069 ἡμέρας,
3419 4998 3602 5067 φησὶν,
3619 4994 3778 5055 ὥσπερ

2229 5093 2325 5144 καὶ
2356 5092 2465 5144 τῶν
2489 5092 2549 5171 ἐξ
2587 5088 2941 5164 Χεροδϐικῶν
2981 5092 3273 5161 πτερύγων
3323 5093 3425 5161 τὴν
3479 5083 3778 5159 συμϐολικὴν

2527 5205 2571 5235 ⁸³
2612 5205 2754 5259 Psal.
2789 5223 2946 5270 xvttt,
2992 5208 3044 5261 3.
3125 5206 3173 5238 “
3210 5206 3355 5259 Psal.
3392 5202 3631 5265 “$13.8

1818 5359 2041 5416 VARUE
2077 5363 2484 5420 LECTIONES.

620 5452 663 5485 δι
693 5454 784 5533 καὶ
817 5450 1045 5533 προσκ.]
1090 5452 1254 5533 _Deut.
1315 5469 1491 5533 ιωιξιιι·ν
1539 5452 1630 5507 4‘2.
1709 5452 1753 5483 δ’
1781 5453 1842 5507 τὸ
1959 5471 1979 5533 ε⁸
2008 5454 2099 5533 cev
2148 5472 2207 5533 gi.
2232 5527 2245 5533 _
2274 5457 2337 5533 _"
2377 5457 2577 5533 χειρῶν
2605 5459 2713 5533 τῷν
2753 5457 2889 5525 ἁνθρ
2935 5474 2996 5520 ς.
3035 5454 3382 5533 ,Διδμὲμυήθηη
3403 5467 3515 5533 nm.
3549 5464 3628 5518 pr.
3651 5448 3685 5499 Α
3710 5442 3778 5533 πρ

552 5533 676 5596 ante
700 5527 749 5577 id
809 5516 1045 5596 verbum:
1088 5524 1332 5596 lacunam
1395 5525 1558 5578 habet
1620 5538 1806 5578 versus
1852 5525 2079 5580 dimidii.
2154 5516 2200 5558 “
2232 5516 2567 5595 λέγει”τὸέιΑ
2603 5546 2615 5581 :
2651 5516 2871 5595 λέγεταί
2898 5516 2960 5592 ςί
3031 5528 3077 5557 ⁸⁸
3110 5516 3311 5596 ἡμέρα¹
3342 5516 3487 5577 Psal.
3550 5516 3693 5581 “Ill.
3732 5516 3776 5569 5-

553 5593 595 5624 "
629 5596 686 5645 ὲν
735 5592 885 5664 κεφ.]
920 5593 1061 5647 l’sal.
1087 5609 1272 5659 χχχιχ,
1306 5594 1359 5648 8.

2060 5690 2269 5748 NOTAE

624 5780 734 5851 (ιθ)
778 5780 919 5835 ldum
964 5784 1118 5838 docet
1156 5782 1374 5852 Nicrph.
1430 5783 1711 5839 Cahasilas
1761 5786 1991 5852 exposit.
2047 5782 2129 5837 Li-

552 5862 691 5921 turg.
726 5868 844 5923 cap.
878 5853 964 5909 20.

2316 5782 2427 5854 (50)
2489 5783 2753 5854 Georgius
2848 5783 3164 5845 Cedreutts,
3250 5777 3457 5832 Ilistor.
3526 5770 3775 5843 Campcnd.

2243 5853 2385 5908 anno
2420 5855 2487 5908 50
2523 5853 2835 5909 Theodosii.
