4014 6406
192 424 279 484 773

1169 415 1237 473 BI
1252 413 1668 473 BLlOTIIECA
1682 460 1695 473 .
1726 438 1791 451 -
1820 412 1982 471 COD.
2005 398 2285 470 CCXXII.

3297 398 3400 462 ΤΗ

192 529 485 603 ἱερολογίαν.
530 527 592 580 Ἢ
618 526 673 579 δὲ
708 525 815 595 ἄρα
851 525 1236 596 ἐμυσταγώγει
1265 528 1363 593 τῆς
1391 522 1725 593 δημιουργοῦ

1846 532 1926 576 nat
1975 521 2258 575 Trinitatis
2312 516 2594 573 creatricis
2626 514 2874 569 notitiam
2927 529 3023 583 per
3062 511 3397 567 materialem

187 624 387 693 Τριάδος
406 621 500 692 τὴν
519 619 717 687 γνῶσιν
740 619 807 671 δι’
830 619 1020 687 ὑλικῆς
1056 617 1455 687 παραγίνεσθαι
1482 616 1576 669 καὶ
1603 632 1728 666 συν-

188 720 342 769 θέτου.
372 715 477 765 Καὶ
506 712 610 782 μὴν
634 710 729 765 καὶ
760 712 928 778 αὐτῆς
964 712 1063 779 τῆς
1091 711 1267 779 ἁπλῆς
1311 709 1405 761 καὶ
1434 705 1726 761 άσυνθέτου

185 809 349 867 οὐσίας
376 807 464 859 διὰ
485 808 580 875 τῆς
611 804 797 858 ἒνύλου
826 805 922 859 καὶ
949 804 1370 872 συντεθειμένης
1389 800 1488 871 τὴν
1520 800 1729 871 τριαδι-

186 902 273 970 κὴν
322 898 724 952 ὑπαινίττεσθαι
756 897 1074 969 κυριότητα.
1128 896 1257 968 [512
1301 893 1397 965 8.]
1431 892 1593 947 Ὅθεν
1638 892 1733 945 καὶ

184 994 256 1045 διὰ
275 991 456 1060 διπλῆς
469 991 697 1061 Τριάδος
721 990 819 1060 τῆς
837 990 974 1061 ὑπὲρ
995 991 1176 1043 πᾶσαν
1202 989 1481 1057 ἁπλότητα
1504 986 1733 1060 Τριάδος

186 1081 266 1151 τὴν
295 1081 489 1149 γνῶσιν
542 1079 1044 1134 ἀνακαλύπτεσθαι.
1085 1079 1275 1132 Πίστιν
1304 1078 1363 1132 δὲ
1398 1079 1510 1140 τοῖς
1536 1076 1733 1129 τεθεω-

186 1173 421 1244 ρημένοις
481 1170 782 1236 ἐπιτιθεὶς,
819 1171 919 1243 τὴν
971 1171 1017 1235 ζ’
1066 1171 1199 1241 φησί
1244 1168 1414 1223 τύπον
1451 1163 1592 1223 εἶναι
1636 1166 1731 1221 τοῦ

187 1265 355 1334 καιροῦ
376 1264 610 1329 ἐκείνου,
634 1264 693 1316 ὲν
726 1257 772 1333 ᾧ
799 1264 909 1317 τῶν
931 1264 1249 1335 παχυτέρων
1282 1265 1377 1317 καὶ
1408 1262 1733 1334 σωματικῶν

185 1356 296 1426 ἡμῖν
330 1356 505 1427 ἔργων
559 1357 927 1421 κατάπαυσις,
977 1355 1051 1417 ὥς
1098 1372 1202 1410 που
1238 1356 1283 1387 ⁸⁸
1316 1356 1410 1409 καὶ
1448 1356 1476 1407 6
1523 1355 1734 1418 Παῦλός

185 1468 349 1519 φησιν,
377 1451 450 1514 ὡς
490 1452 892 1506 Ἀπολείπεται
921 1452 1328 1521 σαϐϐατισμὸς
1353 1451 1434 1517 τῷ
1465 1451 1593 1516 λαῷ
1628 1452 1734 1506 τοῦ

188 1542 343 1597 Θεοῦ·
378 1545 409 1596 ό
438 1543 549 1611 γὰρ
582 1544 776 1598 ἐλθὼν
808 1546 896 1609 εἰς
932 1544 1050 1610 τὴν
1095 1542 1483 1597 κατάπαυσιν
1524 1544 1733 1611 αὐτοῦ,

186 1631 267 1684 καὶ
298 1631 475 1698 αὐτὸς
531 1633 917 1687 κατέπαυσεν
970 1633 1088 1686 ἀπὸ
1136 1632 1255 1686 τῶν
1294 1632 1484 1703 ἔργων
1526 1633 1733 1699 αὑτοῦ,

185 1723 365 1793 ὥσπερ
390 1724 510 1779 ἀπὸ
540 1724 658 1779 τῶν
683 1725 847 1779 ιδίων
884 1727 919 1779 ὀ
951 1725 1115 1790 Θεός.
1146 1726 1207 1778 Εἰ
1235 1726 1291 1780 δὲ
1310 1725 1533 1795 τύποςή
1571 1725 1614 1789 ς’
1639 1725 1736 1794 τῆς

186 1816 561 1881 καταπαύσεως
592 1817 700 1870 τῶν
730 1816 862 1887 παρ’
888 1819 1023 1888 ἡμῖν
1053 1817 1229 1889 ἔργων
1258 1817 1369 1871 τῶν
1402 1817 1625 1883 ὑλικῶν,
1645 1815 1734 1869 ὅτε

185 1910 308 1964 κατὰ
336 1911 423 1966 τὸν
450 1911 615 1970 αὐτὸν
657 1910 949 1965 Θεσπέσιον
995 1908 1207 1963 Παῦλον
1231 1908 1275 1941 θ’
1300 1908 1395 1961 καὶ
1422 1908 1483 1961 τὸ
1528 1908 1731 1961 τέλειον

186 2005 271 2075 τῆς
290 2004 542 2073 γνώσεως
563 2007 660 2076 τῆς
684 2006 777 2058 ἐπὶ
798 2005 996 2077 μέρους
1022 2006 1212 2075 σοφίας
1228 1999 1730 2071 ἁνταλλασσόμεθα,

188 2097 399 2166 εὐλόγως
424 2100 522 2152 καὶ
546 2101 646 2167 τὴν
675 2097 986 2169 ὲξαήμερον
1019 2098 1085 2151 ἂν
1115 2096 1286 2150 τύπον
1314 2090 1455 2148 εἶναι
1492 2093 1593 2163 τῆς
1622 2092 1738 2146 ὑλι-

188 2186 277 2257 κῆς
304 2186 729 2257 τεθεωρήκαμεν
756 2186 1033 2256 γνώσεως,
1064 2186 1183 2240 καθ’
1216 2188 1283 2257 ἣν
1320 2186 1386 2238 ὲκ
1414 2185 1612 2256 μέρους
1644 2183 1740 2237 καὶ

188 2276 235 2326 ἐν
258 2276 567 2346 αἰνίγμασιν
600 2279 633 2348 ἡ
674 2279 804 2349 περὶ
836 2278 896 2331 τὸ
925 2277 1080 2331 Θεῖον
1119 2279 1252 2347 ἡμῖν
1282 2276 1553 2347 ὑπόληψις
1586 2293 1739 2345 περι-

188 2368 375 2437 γέγονε.
401 2370 632 2433 Τούτοις
665 2371 860 2437 ἐπάγει
880 2372 975 2424 καὶ
1002 2371 1101 2441 τὴν
1122 2369 1216 2422 τοῦ
1237 2368 1497 2437 Θεολόγου
1532 2367 1737 2439 φωνὴν,

188 2460 290 2529 ἥτις
320 2460 477 2533 μέχρι
511 2462 685 2533 τριῶν
708 2464 840 2533 ἡμῖν
881 2462 1235 2515 ὑποστάσεων
1262 2460 1323 2514 τὸ
1348 2461 1447 2530 τῆς
1484 2460 1740 2532 θεότητος

192 2553 465 2623 μυστήριον
490 2554 948 2624 ἀνακαλυφθῆναι
976 2555 1149 2623 λέγει,
1181 2553 1460 2615 Μονόδος
1498 2554 1617 2622 μὲν
1649 2571 1739 2607 κι-

188 2648 472 2714 νηθείσης,
502 2651 664 2717 φησὶ,
687 2647 784 2703 διὰ
811 2647 878 2701 τὸ
904 2648 1228 2711 πλούσιον,
1262 2644 1485 2711 δυάδος
1506 2644 1765 2717 [516Η.]’

188 2735 245 2788 δὲ
268 2740 703 2807 ὑπερόαθείσης
734 2740 833 2795 διὰ
873 2740 989 2807 τὴν
1025 2739 1186 2807 ὕλην
1212 2738 1312 2793 καὶ
1352 2737 1420 2792 τὸ
1452 2735 1633 2805 εἶδος,
1673 2737 1743 2801 ἐξ

188 2824 261 2882 ὧν
296 2833 364 2886 τὰ
417 2833 687 2904 σώματα,
745 2833 988 2903 Τριάδος
1041 2833 1111 2888 δὲ
1153 2834 1501 2901 ὁρισθείσης
1543 2831 1639 2885 διὰ
1675 2831 1744 2884 t6

191 2922 415 2979 τέλειον.
440 2926 643 3000 Πρώτη
675 2928 783 2998 γὰρ
810 2929 844 2998 ὴ
866 2927 1035 2998 Τριάς
1062 2927 1251 2990 δυάδος
1281 2925 1596 2997 ὑπερϐαίνει
1622 2925 1747 2978 σύν-

193 3015 340 3083 θεσιν,
376 3019 464 3073 ἵνα
497 3021 641 3089 μήτε
669 3019 829 3091 στενὴ
863 3020 1013 3090 μένοι
1040 3020 1230 3090 θεότης
1271 3020 1409 3090 μήτε
1463 3020 1542 3081 είς
1591 3018 1748 3071 ἄπει-

195 3121 271 3173 ρθν
293 3108 497 3177 χέηται.
538 3108 806 3162 Συνάπτει
838 3109 894 3161 δὲ
920 3112 989 3180 τῇ
1023 3110 1173 3181 αἰτία
1199 3108 1372 3179 ταύτῃ
1418 3111 1514 3161 κα)⁵
1553 3107 1746 3178 ἑτέραν

192 3198 276 3267 τῆς
306 3201 457 3271 μέχρι
490 3201 728 3271 Τριάδος
773 3201 963 3272 θεῖκῆς
1010 3202 1262 3273 προόδου,
1305 3201 1398 3255 καί
1434 3217 1569 3269 φησι
1613 3198 1746 3252 διότι
1772 3232 1815 3290 C

195 3292 273 3344 καὶ
299 3293 451 3363 μόνος
489 3293 748 3365 ἀριθμῶν
780 3294 809 3347 6
836 3296 987 3365 τρεῖς
1013 3292 1180 3362 ζυγοῦ
1216 3292 1387 3355 τύπος
1425 3292 1542 3345 ἐστὶ
1583 3289 1748 3358 σαφέ-

199 3397 384 3446 στατος,
432 3386 459 3437 ὁ
495 3384 555 3437 δὲ
586 3383 751 3453 ζυγὸς
786 3384 1031 3454 ἰσότητος
1070 3383 1230 3455 ἔργον
1276 3382 1391 3452 ἅμα
1421 3380 1517 3434 καὶ
1547 3379 1751 3449 σύμϐο-

200 3470 275 3525 λον
296 3492 308 3504 ·
338 3475 455 3529 ὅθεν
487 3478 584 3531 καλ⁵
619 3477 677 3529 ὲν
717 3477 973 3548 ἀριθμοῖς
1002 3476 1031 3529 6
1084 3474 1361 3548 τριαδικδς
1392 3472 1553 3543 μόνος
1579 3472 1752 3524 ἀπάν-

202 3580 293 3618 των
314 3568 460 3637 φέρει
493 3568 557 3621 τὸ
594 3567 761 3639 μέσον
792 3567 929 3638 πρὸς
957 3568 1024 3621 τὰ
1056 3566 1399 3637 ἑκατέρωθεν
1439 3563 1587 3634 ἄκρα
1637 3563 1753 3616 ἴσον

203 3672 251 3706 τε
290 3661 376 3711 καὶ
405 3659 849 3729 ἀπαράλλακτον,
883 3660 1138 3730 οὐδεμιᾶς
1186 3660 1300 3722 τοῖς
1344 3656 1521 3727 τρισὶν
1556 3656 1756 3726 ὲνορω-

208 3749 352 3821 μένης
394 3753 528 3816 ὅλως
570 3752 897 3816 συνθέσεως.
950 3752 1040 3805 Ἑν
1092 3747 1173 3816 οἷς
1200 3751 1294 3804 καὶ
1338 3751 1366 3804 6
1416 3754 1471 3814 ς’
1500 3747 1578 3819 τῷ
1603 3747 1756 3817 φιλο-

205 3838 402 3910 θεάμονι
432 3844 590 3914 ἀνδρὶ
625 3843 1058 3915 συμπεραίνεται
1085 3842 1265 3912 λόγος.

1830 624 1992 678 atque
2014 608 2367 678 compositam
2393 606 2759 676 cognitionem
2805 603 3092 665 advenire,
3150 596 3401 669 qtﬁnimo

1831 706 2093 776 simplicis
2123 704 2293 774 ipsius
2336 712 2390 756 et
2428 700 2801 768 incomposita:
2855 697 3049 766 192a
3082 696 3398 749 substantiae

1834 800 2029 853 trinam
2057 798 2468 868 proprietatem,
2514 808 2609 863 per
2654 789 2988 845 materialmn
3031 800 3094 841 ac
3131 787 3404 854 composi-

1834 905 1940 948 tam
1988 891 2327 961 aenigmatice
2376 887 2657 953 denotari;
2704 895 2867 953 atque
2924 883 3051 936 hinc
3105 879 3270 934 etiam
3311 891 3408 945 per

1833 987 2105 1056 duplicem
2158 982 2478 1036 Trinitatem
2526 978 2694 1041 illius,
2744 988 2959 1028 omnem
3007 969 3406 1039 simplicitatem

1834 1075 2146 1131 excedentis
2189 1070 2472 1126 Trinitatis
2518 1066 2878 1136 cognitionem
2932 1059 3181 1115 revelari.
3222 1057 3406 1135 Fidem

1834 1182 1963 1223 vero
1989 1177 2238 1221 astruens
2262 1164 2423 1218 rebus
2448 1162 2595 1224 visis,
2644 1159 2934 1225 septimum
2986 1153 3131 1208 diem
3171 1152 3246 1204 ait
3285 1162 3410 1204 esse

1837 1262 2066 1329 ﬁguram
2101 1258 2245 1311 illius
2308 1255 2588 1324 temporis,
2650 1252 2701 1304 in
2730 1264 2835 1317 quo
2872 1246 3027 1302 nobis
3072 1244 3283 1312 requies
3307 1242 3411 1294 erit

1837 1370 1864 1407 a
1893 1352 2173 1422 corporeis
2198 1359 2250 1403 et
2281 1346 2621 1418 gravioribus
2656 1342 2952 1405 laboribus,
2986 1347 3047 1393 ut
3086 1336 3212 1390 alibi
3243 1337 3408 1388 etiam

1838 1443 2038 1499 Paulus
2084 1439 2404 1501 afﬁrmat",
2471 1437 2706 1504 relinqui
2764 1431 3155 1487 sabbatismum
3215 1426 3412 1497 populo

1838 1535 1953 1589 Dei.
1988 1532 2089 1599 Qui
2114 1532 2257 1586 enim
2289 1530 2563 1598 ingressus
2592 1534 2676 1579 est
2706 1524 2758 1577 in
2777 1524 3016 1591 requiem
3048 1517 3410 1579 suam,etiam

1839 1630 1952 1699 ipse
1980 1625 2246 1697 requievit
2285 1624 2352 1676 ab
2402 1620 2655 1689 oneribus
2702 1616 2838 1679 suis,
2884 1615 3020 1668 sicut
3050 1626 3079 1663 a
3112 1609 3223 1665 suis
3247 1609 3407 1661 Deus.

1840 1722 1895 1777 Si
1940 1735 2066 1775 vero
2092 1717 2258 1787 figura
2286 1722 2372 1769 est
2400 1713 2661 1780 septimus
2690 1709 2803 1763 dies
2836 1703 3098 1775 requietis
3150 1717 3179 1754 a
3212 1700 3412 1755 nostris

1843 1800 2521 1870 inaterialibnsoperibus,
2575 1796 2790 1867 quando
2820 1794 3114 1850 secundum
3161 1790 3411 1845 eumdem

1841 1897 2080 1952 divinum
2113 1893 2338 1948 Paulum
2364 1893 2410 1924 “
2437 1907 2559 1947 cum
2610 1888 2933 1960 perfectiore
2977 1884 3289 1956 cognitione
3313 1881 3415 1935 im-

1841 1988 2221 2059 perfectiorem
2249 1984 2729 2045 commutabitnus,
2770 1980 2965 2034 merito
2994 1989 3047 2033 et
3066 1992 3160 2033 sex
3201 1976 3413 2030 dierum

1838 2096 1972 2151 opus
2003 2080 2230 2148 ﬁguram
2261 2092 2382 2133 esse
2419 2075 2715 2130 materialis
2747 2073 3077 2141 cognitionis
3103 2068 3414 2124 meditando

1839 2172 2235 2241 perspeximus,
2264 2169 2563 2224 secundum
2598 2181 2757 2235 quam
2782 2180 2846 2218 ex
2880 2172 3030 2233 parte
3081 2171 3136 2216 et
3176 2161 3230 2213 in
3278 2158 3411 2212 aani-

1840 2276 2017 2333 gmate
2051 2264 2191 2318 Deus
2213 2278 2243 2316 a
2275 2262 2430 2316 nobis
2456 2258 2817 2329 cognoscitur.
2877 2256 2972 2309 His
3001 2255 3147 2309 addit
3168 2250 3413 2320 Gregorii

1840 2356 2100 2426 Theologi
2136 2355 2251 2426 (5|)
2286 2352 2640 2415 sententiam,
2694 2366 2799 2418 qua
2845 2363 3014 2417 usque
3048 2347 3113 2401 ad
3148 2354 3256 2399 tres
3289 2358 3415 2413 per-

1841 2466 2009 2507 sonas
2068 2448 2372 2503 ditinitatis
2424 2443 2739 2513 mysterium
2808 2440 2966 2494 nobis
3012 2436 3413 2491 manifestatum

1842 2543 1972 2596 dicit
2004 2560 2019 2595 :
2054 2539 2269 2594 Unitale
2302 2546 2465 2601 mota,
2516 2534 2614 2596 ait,
2663 2534 2726 2585 ob
2758 2532 2994 2595 divitias,
3038 2528 3244 2581 binario
3298 2540 3415 2578 vero

1842 2641 2087 2699 superato
2117 2636 2327 2697 propter
2354 2624 2633 2678 materiam
2657 2632 2705 2674 et
2736 2621 2982 2689 formam,
3004 2634 3068 2672 ex
3092 2619 3276 2686 quibus
3303 2631 3418 2667 cor-

1842 2741 1972 2792 pora
2010 2741 2023 2775 :
2056 2719 2317 2774 Trinitate
2344 2734 2462 2772 vero
2488 2726 2701 2784 propter
2736 2714 3010 2782 deﬁnitam
3047 2710 3417 2780 perfectione-rt

1846 2816 2039 2887 (prima
2070 2814 2210 2867 enim
2249 2811 2338 2882 [in
2357 2808 2590 2862 numeris
2618 2806 2638 2878 J
2675 2807 2804 2858 trins
2827 2804 3019 2856 binarii
3047 2802 3245 2856 excedit
3274 2816 3418 2853 com-

1846 2905 2198 2978 positionem)
2243 2913 2301 2957 at
2356 2918 2516 2972 neque
2569 2898 2810 2969 angustis
2868 2897 3105 2951 terminis
3168 2892 3437 2955 divinitas_

1846 2999 2196 3055 contineatur,
2213 3009 2375 3062 neque
2388 2993 2442 3045 in
2458 2992 2720 3061 inﬁnitum
2742 2988 3095 3059 diﬁ'undatur.
3120 2985 3282 3040 Addit
3299 2984 3424 3037 huic

1846 3101 1897 3144 et
1926 3090 2085 3143 aliam
2110 3101 2325 3142 causam
2373 3100 2473 3138 cur
2531 3085 2596 3137 ad
2619 3082 2939 3137 Trinitatem
2973 3094 3143 3148 usque
3165 3068 3424 3131 divinitas

1849 3196 2134 3253 progressa
2162 3180 2255 3245 sit,
2286 3189 2339 3232 et
2364 3180 2442 3232 ait
2482 3195 2495 3232 :
2531 3177 2664 3244 Quia
2688 3175 2835 3230 solus
2858 3186 3212 3227 numerorum
3238 3180 3423 3223 terna-

1859 3277 1973 3331 rius
2026 3274 2174 3329 librae
2235 3273 2403 3341 tigura
2428 3280 2513 3325 est
2562 3267 3027 3323 manifestissima.
3088 3263 3248 3319 Libra
3295 3275 3427 3318 vero

1855 3367 2215 3439 aequalitatem
2239 3362 2419 3429 elﬁcit,
2446 3362 2606 3419 simul
2634 3376 2698 3416 ac
2757 3359 3048 3432 signiﬁcat.
3098 3357 3255 3413 Unde
3284 3367 3339 3412 et
3371 3358 3426 3410 in

1856 3459 2099 3514 numeris
2150 3455 2296 3510 solus
2322 3454 2591 3508 ternarius
2619 3453 2852 3505 medium
2884 3457 3116 3516 occupat
3143 3450 3315 3502 locum
3344 3448 3395 3500 in

1859 3564 1943 3609 ter
1980 3563 2212 3620 utraque
2240 3555 2485 3603 extrema
2508 3559 2692 3616 parem
2720 3554 2883 3612 atque
2914 3540 3427 3602 incommutabilem,

1863 3648 1942 3700 sic
1971 3654 2030 3698 ut
2079 3641 2224 3698 nulla
2250 3639 2476 3695 omnino
2505 3639 2559 3691 in
2590 3635 2767 3690 tribus
2789 3631 3251 3688 animadvertatur
3278 3644 3431 3685 cont-

1864 3738 2082 3809 positio.
2123 3736 2177 3788 in
2205 3733 2416 3802 {quibus
2449 3739 2639 3785 sextus
2678 3725 3011 3799 speculativo
3054 3724 3178 3778 huic
3226 3720 3431 3778 homini

1866 3834 2001 3887 liber
2030 3828 2350 3884 absolvitur.

1704 3933 1861 3988 Liber
1884 3945 1976 3985 vn.

273 4027 353 4081 Ἑν
379 4030 435 4083 δὲ
456 4031 533 4101 τῷ
580 4031 624 4092 ζ’
661 4031 852 4102 βιϐλίῳ
905 4028 1265 4100 διαλαμϐάνει
1294 4029 1377 4082 ὅτι
1411 4029 1558 4099 τρεῖς
1590 4042 1758 4096 μετα-

205 4114 357 4182 θέσεις
374 4122 665 4176 πολιτειῶν
688 4124 747 4176 τὸ
775 4123 919 4194 ἱερὸν
940 4121 1247 4194 ἀναγράφει
1273 4120 1533 4191 Γράμμα,
1565 4116 1631 4180 ἃς
1662 4115 1759 4170 καὶ

204 4214 472 4281 σεισμοὺς
514 4215 798 4285 ὀνομάζει,
835 4214 1062 4286 πρώτην
1086 4215 1183 4285 μὲν
1212 4213 1309 4283 τὴν
1331 4211 1440 4265 ἀπὸ
1474 4210 1573 4279 τῆς
1608 4208 1761 4261 εἰδω-

204 4297 494 4379 λολατρείας
517 4309 615 4361 ἐπὶ
651 4309 749 4379 τὴν
778 4308 1009 4377 νομικὴν
1039 4306 1317 4359 πολιτείαν
1357 4302 1671 4371 μετάθεσιν,
1698 4301 1757 4353 ἐν

210 4378 236 4456 ᾖ
269 4395 411 4456 μόνας
438 4400 538 4459 μὲν
566 4401 595 4451 ὁ
626 4378 819 4468 Πατὴρ
841 4396 1225 4467 ἐμφανέστατα
1263 4394 1615 4465 κηρύττεται,
1649 4394 1677 4445 ὁ
1702 4390 1759 4443 δὲ

1928 4017 2092 4071 Libro
2112 4013 2343 4083 septimo
2364 4009 2506 4083 [cap.
2525 4006 2620 4080 27]
2644 4008 2843 4063 asserit
2867 4016 2977 4063 tres
2993 4005 3301 4076 politiarum
3318 4020 3433 4058 mn-

1858 4111 2090 4162 lationes
2138 4121 2166 4159 a
2213 4119 2366 4158 sacra
2416 4102 2795 4172 repraesentari
2841 4100 3161 4168 Scriptura,
3214 4113 3348 4166 quas
3381 4107 3435 4153 et

1860 4201 2209 4255 Terr-remotus
2241 4196 2505 4252 nominat.
2546 4194 2781 4249 Primam
2813 4192 3030 4263 quidem
3062 4192 3129 4243 ab
3158 4188 3430 4244 idolorum

1858 4296 2004 4350 cultu
2024 4294 2075 4346 in
2094 4291 2316 4362 legalem
2333 4289 2643 4358 reipublica:
2655 4286 3077 4349 ordinationem,
3094 4285 3147 4337 in
3169 4298 3273 4353 qua
3289 4282 3436 4337 solus

1859 4387 2026 4442 Pater
2090 4383 2530 4439 manifestissime
2566 4381 2911 4453 praedicatur.
2949 4378 3121 4433 Filius
3166 4387 3345 4434 autem
3381 4388 3438 4430 et.

210 4475 317 4543 Υἱὸς
340 4482 432 4534 καὶ
461 4484 519 4535 τὸ
546 4489 688 4536 Πνιῦ
699 4507 773 4555 μα
804 4492 862 4542 ὲν
889 4487 1177 4558 συμϐόλοις
1211 4485 1411 4557 μᾶλλον
1436 4484 1482 4515 ⁸ο
1510 4481 1743 4554 παραδη-

1865 4480 2101 4550 Spiritus
2130 4477 2391 4549 symbolis
2417 4476 2680 4531 duntaxat
2701 4483 2754 4527 et
2776 4470 3079 4541 aenigmatis
3109 4469 3432 4524 indicantur.

208 4568 370 4626 λοῦται
398 4576 493 4629 καὶ
536 4576 824 4646 αἰνίγμασι
846 4593 860 4608 °
892 4581 1152 4650 δευτέραν
1176 4580 1234 4633 δὲ
1279 4578 1378 4649 τὴν
1413 4576 1522 4630 ἀπὸ
1553 4574 1743 4637 ταύτηε

1866 4573 2102 4627 Alteram
2152 4583 2280 4623 vero
2310 4582 2376 4621 ex
2411 4565 2590 4621 hacin
2623 4562 2969 4634 Evangelium
2992 4574 3096 4630 qua
3127 4559 3295 4628 magis
3324 4572 3436 4626 per-

210 4663 328 4732 πρὸς
353 4665 413 4718 τὸ
445 4666 802 4735 Εὐαγγέλιον,
831 4671 890 4723 ὲν
919 4666 954 4741 ᾖ
990 4647 1311 4743 τρανότερον
1336 4647 1383 4722 Ἵό
1427 4668 1557 4730 Υἱὸς
1582 4666 1676 4719 καὶ
1703 4664 1743 4723 τὶ

1868 4663 2053 4733 spicue
2070 4660 2243 4714 Filius
2261 4668 2316 4712 et
2333 4657 2568 4728 Spiritus
2591 4665 2813 4711 sanctus
2844 4653 3284 4708 manifestantur.
3303 4647 3438 4702 Ter-

210 4752 406 4827 Πνεῦμα
431 4732 878 4815 ἀποκαλύπτεται
895 4732 1239 4834 ’.καιτρίτην
1269 4762 1455 4814 λοιπὸν
1477 4760 1576 4828 τὴν
1601 4758 1743 4811 άῦλο·

1866 4754 1995 4807 tiam
2011 4752 2244 4821 denique
2260 4750 2403 4803 illam
2419 4747 2659 4802 materia:
2673 4732 3129 4813 magiseﬂtertem
3143 4749 3197 4793 et
3212 4737 3440 4793 divinio-

209 4848 349 4919 τέραν
372 4870 429 4905 τε
455 4854 551 4907 καὶ
580 4853 858 4926 θειοτέραν
894 4830 1159 4925 λῆξινίὲν
1255 4854 1594 4924 διαπρυσίως
1624 4850 1737 4903 «at:

1866 4861 1981 4901 rem
2000 4855 2221 4906 sortem,
2237 4842 2290 4897 in
2303 4856 2407 4911 qua
2421 4834 2834 4909 penitusl926
2853 4832 3136 4889 Trinitatis
3154 4830 3438 4886 uniformi-

208 4935 258 4987 τὸ
275 4940 364 5010 τῆς
385 4944 610 5013 Τριάδος
642 4924 871 5011 ένοε-ιδὲς
917 4924 1011 5000 καὶ
1070 4924 1365 5018 ἀμέριστον
1424 4944 1518 4997 καὶ
1565 4957 1743 4994 παντο-

1866 4946 1970 5001 tas,
1990 4929 2478 4992 etindivisibilitas,
2507 4924 3259 4995 etomnipotentia,quantum
3281 4932 3440 4975 natu-

216 5035 534 5104 κρατορικὸν,
571 5036 647 5099 ὡς
679 5041 912 5109 γεννητῇ
955 5013 1392 5108 φύσεινδύνατὸν,
1436 5036 1516 5098 είς
1546 5031 1743 5103 ἀνθρὼ-

1868 5045 1926 5083 ra
1941 5034 2121 5081 creata
2134 5021 2348 5091 assequi
2363 5028 2561 5092 potest,
2576 5019 2629 5073 in
2646 5017 2922 5072 hominum
2935 5013 3294 5069 indubitatam
3320 5028 3443 5081 per-

215 5128 315 5169 πων
343 5120 658 5181 ἀδὶττακτον
691 5129 893 5198 γνῶσιν
926 5132 1261 5201 ἀφικνεῖται.
1305 5125 1667 5195 ’Λπαγγέλλει
1704 5123 1743 5177 δὲ

1869 5119 2018 5174 venit
2036 5115 2416 5185 cognitionem.
2437 5112 2677 5167 Primum
2698 5118 2878 5163 autem
2897 5116 3056 5163 terra;
3089 5114 3289 5161 motum
3309 5121 3443 5174 prae-

216 5202 293 5255 τὸν
321 5208 413 5275 μὲν
440 5213 655 5283 πρῶτον
686 5221 909 5290 σεισμὸν
952 5199 986 5274 ό
1015 5219 1303 5282 θεσπέσιος
1345 5217 1513 5270 Δαϐὶδ
1536 5216 1626 5270 διὰ
1655 5214 1743 5268 τῶπ

1869 5209 2242 5267 dicatdivinus
2258 5206 2348 5261 ille
2362 5204 2554 5267 David,
2572 5204 2660 5259 his
2671 5204 2849 5257 verbis
2865 5220 2881 5257 :
2897 5204 2937 5256 Α
2952 5203 3089 5271 facie
3107 5199 3314 5254 Domini
3331 5211 3442 5247 mo-

221 5294 452 5365 ρημάτων
500 5305 705 5361 τούτων
737 5323 752 5337 '
788 5287 933 5363 Ἀπὸ
966 5311 1297 5379 προσώπου
1344 5310 1569 5376 Κυρίου
1620 5308 1743 5361 ἐσα-

1873 5314 1926 5357 ια
1945 5312 2017 5357 est
2033 5313 2239 5368 terra,a
2255 5299 2392 5370 facie
2404 5297 2495 5351 Dei
2510 5294 2676 5351 Jacob
2689 5296 2756 5349 "’.
2774 5295 2935 5351 Addit
2953 5295 3095 5347 enim
3114 5309 3126 5344 :
3145 5287 3442 5344 Simulacra

218 5385 378 5455 λεύθη
402 5391 445 5421 ⁶¹
475 5393 514 5460 ἡ
549 5396 642 5462 γῆ.
674 5398 794 5452 ἀπὸ
825 5378 1153 5468 προσώπου
1189 5400 1297 5455 τοῦ
1335 5399 1489 5453 Θεοῦ
1519 5397 1728 5452 Ἰακώϐ

1871 5397 2102 5466 gentium
2116 5402 2387 5464 argentum
2400 5402 2446 5444 et
2459 5402 2830 5459 aurum,0pera
2842 5400 3090 5439 manuum
3102 5378 3440 5435 hominum“.

282 5477 321 5508 “
350 5478 508 5536 Hebr.
566 5499 639 5549 tv,
688 5485 745 5541 9.
851 5493 898 5525 “
936 5492 1111 5547 lCor.
1159 5506 1282 5556 xm,
1333 5494 1387 5545 9.
1496 5492 1538 5523 ⁸⁷
1593 5488 1736 5543 Psal.

1850 5504 1932 5549 lli,
1968 5489 2022 5540 7.
2128 5488 2171 5518 ⁸⁸
2212 5486 2342 5540 ibid.
2372 5485 2461 5540 15.

1459 5578 1694 5634 VARUE
1736 5577 2141 5633 LECTIONES.

282 5662 322 5696 δ’
346 5667 465 5743 που]
512 5670 673 5729 Hebro
728 5688 802 5738 IV.
830 5673 883 5729 9ο
964 5676 1009 5709 ’⁵⁸
1039 5677 1274 5751 Παῦλον]
1321 5678 1453 5734 Cor.
1485 5694 1600 5741 xm,
1636 5681 1688 5732 9.
1768 5676 1815 5706 ⁵ο
1896 5677 2096 5744 μᾶλλον
2130 5675 2171 5728 Α
2204 5692 2217 5728 :
2260 5673 2421 5744 μόνον
2457 5689 2517 5735 ς.
2593 5669 2635 5699 ⁸⁸
2671 5664 2820 5718 ὲσαλ.
2854 5661 2997 5717 l’sztl.
3032 5673 3187 5723 ωιτη,
3224 5659 3279 5711 7.

1714 5765 1943 5821 ΝΟΎᾹΞ.

287 5850 386 5919 (Sil)
417 5852 565 5909 Orat.
601 5873 660 5918 tt,
704 5854 777 5911 De
805 5854 966 5921 Pace,
1002 5874 1146 5910 tnttn.
1183 5860 1266 5913 17.
