4014 6412
191 365 285 429 777

1203 335 1722 402 BIBLIOTHECA.
1747 356 1824 373 -
1858 331 2022 394 COD.
2065 326 2345 389 CCXXII.

3315 321 3421 384 7'78

192 483 260 543 ὼς
286 479 321 546 ἡ
360 471 460 528 τοῦ
500 467 710 538 Πατρὸς
755 462 877 516 καθ’
923 459 1113 513 ἑαυτὸν
1144 453 1498 524 ἁνακήρυξις.
1543 448 1784 505 Οὐκοῦν,

1887 449 2049 505 leum,
2093 454 2253 510 pares
2291 452 2322 490 e
2366 434 2518 489 nobis
2575 436 2703 503 ipsis
2755 450 2944 490 causas
2992 451 3095 489 non
3146 436 3425 493 habemus.

194 528 569 639 σομξερόντως
596 528 655 610 τέ
688 556 781 610 καὶ
804 548 1177 625 προνοητικῶς
1210 544 1424 639 μόνοςο
1448 540 1636 609 Πατὴρ
1665 538 1753 639 θιὰ

1887 532 2042 602 leque
2073 547 2203 585 vero
2230 532 2451 585 deorum
2492 528 2884 582 multitudinem
2916 529 3107 583 borum
3139 531 3275 600 (54),
3309 547 3430 585 cum

188 630 433 727 Ιιείδιίμῖιυ
466 655 559 709 καὶ
599 646 895 720 προφητῶν
926 633 1576 730 ὲμφανῶςλὲκηρύττετο,
1613 630 1750 729 μήτε

192 750 522 821 πρόσκομμα
551 744 664 802 τοῖς
698 734 1028 807 παχυτέροις
1068 728 1398 799 παρέχοντος
1441 728 1535 773 του
1584 728 1754 817 κηρυῑ

190 809 568 913 γματος“,’καὶ
594 836 709 896 τοῖς
761 821 1261 897 θεωρητικωτέροις
1317 811 1563 913 τὴν-’τοῦ
1622 809 1752 910 Υἱοῦ

192 903 386 985 έννοιάν
414 945 478 982 τε
500 928 594 983 καὶ
630 920 921 994 ὁμολογίαν
952 912 1384 979 συνεισάγοντος.
1420 906 1481 957 Εἰ
1512 903 1569 956 δὲ
1600 903 1755 971 πρῶ-

191 1026 319 1086 τοςὸ
345 1022 476 1083 Υῖδς
515 1016 866 1088 ὲκηρύττετο,
890 1010 991 1064 οὐκ
1028 1007 1093 1061 ἂν
1120 1005 1178 1057 τὸ
1217 1000 1378 1069 σοφὸν
1414 999 1513 1088 τῆς
1544 996 1754 1088 οἰκονοῗ

197 1083 313 1189 μίας
332 1114 534 1185 ὁμοίως
552 1083 872 1179 προέϐαινεν
887 1122 901 1135 ·
935 1100 1051 1155 ἀλλ’
1072 1096 1181 1153 οὐδ’
1205 1095 1254 1147 εἰ
1284 1091 1347 1145 τὸ
1371 1087 1636 1156 πανάγιυν
1663 1083 1757 1136 καὶ

193 1192 441 1274 ζωοποιδν
466 1201 709 1269 Πνεῦμα.

197 1272 335 1356 notio
392 1308 558 1363 atque
608 1288 880 1346 confessio
931 1287 1291 1355 iugereretur.
1350 1275 1453 1334 Ubi
1505 1272 1549 1327 si

1861 624 2022 678 Patre
2082 621 2423 677 enumeratio
2482 621 2560 675 sic
2620 620 2860 675 funditus
2922 621 3284 690 abolevisset,
3343 634 3437 677 aut

1863 716 2124 787 iIupietati
2183 714 2379 770 deditis
2426 712 2957 780 multiplicandorum
3005 712 3226 770 deorum
3276 731 3439 768 occa-

1862 809 2071 863 sionem
2121 807 2430 876 eripuisset,
2464 816 2519 859 ut
2564 804 2742 860 Patris
2782 804 3021 860 solitarie
3054 806 3251 873 sumpti
3291 822 3431 875 prae-

1864 900 2083 954 dicatio.
2126 898 2344 953 Utiliter
2380 900 2542 971 igitur
2582 914 2645 951 ac
2690 897 2912 968 provide
2956 898 3103 951 solus
3137 897 3298 952 Pater
3346 912 3443 965 per

1869 989 2016 1062 leges
2066 997 2121 1043 et
2166 990 2459 1059 prophetas
2517 987 2663 1041 clare
2716 989 3135 1057 praedicabatur,
3183 1003 3305 1041 cum
3362 989 3441 1041 sic

1867 1094 1970 1133 nec
2013 1078 2412 1149 praedicationis
2458 1076 2839 1135 oli‘endiculum
2892 1078 3107 1146 aliquod
3154 1078 3443 1131 crassiori-

1866 1172 1970 1226 bus
2014 1170 2366 1240 prteberetur,
2401 1179 2455 1222 et
2501 1170 2674 1239 magis
2727 1170 3075 1237 speculativis
3116 1168 3237 1222 Filii
3274 1168 3437 1224 simul

1599 1266 1771 1325 Filius
1803 1264 1955 1333 prior
1986 1263 2393 1332 przedicaretur,
2428 1276 2532 1318 non
2575 1261 2801 1331 perinde
2877 1262 3072 1316 divinae
3143 1261 3442 1316 Providen-

196 1400 276 1451 tiae
307 1355 573 1460 sapientia
610 1385 949 1455 procederet,
997 1388 1056 1432 ut
1096 1390 1269 1445 neque
1304 1372 1349 1427 si
1385 1363 1763 1425 sanctissimus
1797 1374 1863 1415 ac
1890 1359 2135 1412 vivilicus
2167 1355 2424 1460 Spiritus.

255 1458 583 1559 Τῆςνὸμοίας
640 1481 820 1534 τοίνυν
874 1475 1055 1545 ἔχεται
1086 1468 1340 1542 προνοίας
1370 1464 1469 1519 καὶ
1529 1458 1765 1559 θεωρίας

196 1581 281 1635 καὶ
390 1550 467 1647 μὴ
496 1575 587 1627 τδν
618 1571 836 1642 Πατέρα
871 1565 1241 1638 σαρκωθῆναι.
1263 1558 1375 1614 Ποῦ
1398 1557 1507 1631 γὰρ
1539 1550 1766 1647 ἀνεκτὸν

197 1670 305 1725 ἀντὶ
333 1643 465 1733 τοῦ,
488 1666 623 1731 Υἱός
651 1665 695 1697 ⁸ο
725 1679 844 1733 μου
883 1656 943 1714 εἴ
958 1657 1041 1712 σὺ
1068 1698 1082 1721 ,
1114 1654 1228 1724 ἐγὼ
1265 1652 1531 1720 σήμερον
1562 1643 1769 1733 req-er:-

198 1760 340 1830 νηκά
355 1730 452 1823 σε,
480 1757 617 1827 πρὸς
633 1730 739 1808 τὸν-
754 1749 1107 1823 σαρκωθέντα
1127 1748 1325 1814 λέγειν·
1356 1740 1559 1811 Πατήρ
1575 1755 1694 1809 μου
1714 1730 1775 1830 εἴ

196 1826 271 1907 ait
290 1891 306 1915 ,
343 1826 618 1919 σήμερον
641 1841 1012 1916 γεγέννηκάς
1027 1855 1144 1908 με;
1177 1835 1242 1890 Τί
1274 1836 1383 1905 γὰρ
1410 1832 1514 1937 οὐκ
1540 1829 1606 1934 αν
1633 1826 1771 1898 πρὸς
1801 1877 1847 1937 Β

200 1944 444 1998 ἀπόνοιαν
473 1941 679 2011 ἔπραξε
702 1940 764 1993 τὸ
806 1936 1076 1992 Ἰουδαίων
1110 1933 1262 1993 ἔθνος
1298 1927 1436 1998 μετὰ
1476 1925 1569 1978 τοῦ
1601 1938 1773 2011 κατα-

200 2036 368 2104 φυγὴν
400 2010 682 2102 εὑρίσκειν
712 2032 812 2100 τῆς
848 2027 1054 2096 τόλμης
1085 2024 1146 2075 τὸ
1166 2020 1259 2074 τοῦ
1294 2016 1617 2089 πράγματος
1648 2010 1773 2064 δυσ-

204 2128 540 2200 παράδεκτόν
590 2142 651 2179 τε
701 2124 796 2178 καὶ
822 2115 1186 2175 ἀνακόλουθον
1216 2154 1231 2178 ,
1295 2114 1345 2165 εἰ
1391 2113 1420 2164 ὁ
1472 2106 1775 2200 σαρκωθεῖς

201 2199 361 2289 ελεγεο
385 2218 593 2285 Πατήρ
621 2219 739 2286 ειμι
776 2214 884 2269 τοῦ
912 2211 1101 2275 Θεοῦ;
1131 2207 1259 2280 [616
1294 2203 1388 2276 11.]
1422 2202 1545 2266 Πῶς
1577 2202 1680 2254 οὐκ
1708 2199 1775 2252 ἂν

203 2310 365 2366 ἰδόκει
403 2311 575 2382 μῦθος
598 2350 613 2374 ,
644 2310 693 2362 εί
714 2307 805 2361 τὸν
829 2303 1182 2377 σαρκωθὲντα
1206 2300 1357 2370 φωνή
1380 2315 1464 2361 τις
1486 2295 1777 2368 οὐρανόθεν

202 2404 405 2473 ἐλέγετο
431 2404 640 2457 καλεῖν·
676 2395 862 2464 Οὗτός
886 2397 1058 2450 ἐστιν
1105 2398 1136 2449 ό
1182 2391 1383 2462 Πατήρ
1416 2406 1535 2459 μου
1559 2389 1595 2442 ὀ
1634 2386 1779 2456 ἀγα-

204 2496 396 2563 πητὸς,
438 2496 511 2548 ὲν
550 2487 597 2561 ᾧ
622 2491 931 2558 εὐδόκησα
951 2488 1023 2559 ;ἢ
1055 2488 1115 2540 τὸ
1142 2485 1324 2554 λέγειν
1346 2481 1530 2537 αὐτόν’
1569 2480 1623 2532 Ὀ
1648 2475 1780 2543 Υἱὸς

206 2581 515 2637 ἀπέστειλέ
539 2598 616 2650 με
637 2618 651 2643 ,
685 2578 785 2632 καί
803 2575 1016 2646 μείζων
1032 2574 1152 2643 μού
1183 2574 1346 2636 ἐστι,
1383 2569 1479 2623 καὶ
1510 2568 1612 2621 ὅσα
1646 2564 1781 2619 ἄλλα

205 2674 435 2727 τοιαῦτα.
461 2672 549 2727 Τὰ
581 2670 722 2725 αὐτὰ
754 2669 797 2723 δ’
831 2668 898 2723 ἂν
925 2667 1009 2737 εἴη
1039 2665 1221 2736 λέγειν
1251 2662 1345 2715 καὶ
1383 2659 1477 2712 ἐπὶ
1520 2655 1616 2709 τοῦ
1646 2670 1782 2707 παν-

207 2766 349 2833 αγίου
393 2762 738 2833 Πνεύματος.
776 2757 972 2812 Καίτοι
1006 2772 1071 2824 γε
1118 2753 1181 2807 τὸ
1215 2753 1345 2823 [518
1378 2748 1472 2820 11.]
1514 2746 1781 2813 πανάγιον

207 2855 420 2927 Πνεῦμα
447 2855 550 2909 καλ⁸
581 2851 916 2922 γυμνότερον
938 2848 973 2919 ἢ
998 2847 1091 2901 τὸν
1125 2844 1257 2898 Υίδν
1283 2842 1345 2896 τὸ
1376 2840 1518 2911 ἱερὸν
1547 2839 1783 2910 γράμμα

211 2947 455 3016 ὑεολογεῖ.
482 2946 600 2999 Καὶ
626 2944 735 3015 γάρ
778 2959 911 3013 φησι
941 2941 1070 3012 περὶ
1106 2937 1205 3008 μὲν
1236 2936 1328 2987 τοῦ
1360 2931 1513 2987 Υἱοῦ’
1544 2929 1717 2994 Δεξιὰ
1739 2927 1782 2958 ⁸³

209 3041 413 3107 Κυρίου
437 3039 697 3105 ἐποίησε
725 3036 1002 3104 δύναμιν·
1028 3031 1140 3086 καίο
1189 3027 1280 3093 Τῷ
1308 3026 1474 3094 Λόγῳ
1495 3025 1539 3055 θ’
1562 3020 1785 3088 Κυρίου

210 3131 259 3180 οι
283 3128 531 3198 οὐρανοὶ
559 3124 1043 3195 ἐστερεώθησαν,
1073 3118 1170 3173 καὶ
1198 3117 1252 3171 εί
1282 3134 1334 3169 τι
1368 3114 1496 3171 ἄλλο
1521 3111 1781 3165 τοιοῦτον·

1868 1530 1871 1531 ν
1944 1454 2024 1507 Ad
2064 1451 2309 1508 eamdem
2362 1453 2549 1523 utique
2602 1454 2705 1508 hoc
2750 1454 2915 1508 etiam
2956 1452 3349 1523 providentiam
3397 1466 3452 1508 et

1873 1543 2241 1614 cognitionem
2278 1544 2533 1612 pertinet,
2569 1545 2711 1614 quod
2744 1543 2903 1598 Pater
2937 1560 3043 1598 non
3086 1545 3157 1597 sit
3200 1546 3452 1598 incarna-

1877 1646 1982 1690 tus.
2026 1634 2304 1702 Quomodo
2359 1635 2503 1689 enim
2554 1634 2773 1690 tolerari
2826 1644 3027 1705 posset,
3092 1636 3138 1689 si
3189 1650 3284 1703 pro
3335 1635 3447 1699 illo,

1875 1723 2054 1780 Filius
2093 1742 2236 1780 meus
2277 1743 2330 1779 es
2363 1735 2440 1788 tu,
2477 1742 2569 1792 ego
2608 1725 2761 1780 hodie
2792 1727 2947 1796 genui
2978 1739 3024 1779 te
3065 1730 3089 1756 ⁸

1878 1812 2062 1873 natum
2118 1818 2370 1874 diceret:
2410 1816 2571 1871 Pater
2612 1834 2754 1870 meus
2802 1834 2855 1872 es
2902 1828 2981 1881 tu,
3035 1817 3183 1871 hodie
3225 1821 3453 1886 genuisti

1876 1912 2001 1965 me?
2054 1910 2193 1978 Quid
2241 1910 2382 1966 enim
2438 1926 2543 1963 non
2592 1925 2688 1978 per
2741 1909 3067 1963 dementiam
3120 1910 3456 1978 designasset

1876 2005 2184 2061 Judreorum
2239 2022 2390 2077 gens,
2438 2008 2655 2061 invento
2713 2022 2779 2062 ex
2840 2021 2897 2061 re
2952 2006 3042 2059 vix
3089 2004 3336 2060 credibili
3391 2018 3454 2056 ac

1880 2097 2102 2152 minime
2131 2099 2330 2154 rationi
2366 2110 2730 2154 consentanea
2773 2099 3014 2153 audaciae
3043 2113 3154 2154 sua:
3190 2094 3454 2165 perfugio,

1880 2192 1925 2246 si
1974 2193 2293 2248 incarnatus
2335 2193 2542 2247 diceret
2584 2210 2599 2247 :
2645 2191 2808 2245 Pater
2843 2208 2959 2245 sum
2995 2190 3140 2246 Dei?
3177 2189 3458 2257 Quomodo

1881 2284 2009 2337 item
2055 2283 2169 2337 haec
2221 2299 2324 2337 non
2373 2284 2650 2339 videretur
2690 2282 2893 2347 fabula,
2930 2282 2974 2337 si
3018 2281 3195 2348 aliqua
3225 2281 3293 2334 de
3322 2278 3459 2333 coelo

1882 2388 1985 2426 vox
2033 2374 2305 2428 diceretur
2345 2372 2619 2442 appellare
2664 2372 3005 2427 incarnatum
3042 2387 3055 2423 :
3099 2369 3200 2422 llic
3227 2376 3303 2422 est
3346 2366 3459 2420 Pa-

1882 2476 1959 2519 ter
2007 2482 2151 2519 meus
2200 2465 2448 2529 dilectus,
2485 2466 2539 2517 in
2591 2481 2694 2533 quo
2750 2464 2877 2523 mihi
2936 2463 3302 2530 complacitum
3359 2470 3458 2523 est,

1883 2557 1965 2610 vel
1999 2559 2225 2626 ipsemet
2259 2558 2463 2612 diceret
2496 2574 2508 2609 :
2548 2554 2721 2609 Filius
2765 2557 2905 2609 misit
2946 2571 3045 2618 me,
3074 2562 3124 2607 et
3168 2553 3341 2621 major
3383 2567 3463 2604 me

1884 2660 1986 2713 est,
2025 2659 2078 2702 et
2112 2661 2449 2718 quacunque
2488 2656 2613 2701 sunt
2652 2647 2753 2700 alia
2792 2647 3007 2716 generis
3045 2644 3327 2713 ejusdem?
3364 2643 3464 2696 Eat-

1888 2744 2115 2811 demque
2144 2743 2260 2795 luce
2295 2741 2399 2796 dici
2434 2740 2647 2810 possint
2679 2741 2742 2794 de
2787 2738 2992 2808 Spiritu
3033 2748 3243 2791 saneto.
3277 2736 3462 2803 Quarto

1887 2850 2047 2904 quam
2082 2837 2146 2889 de
2179 2836 2281 2890 hoc
2314 2835 2528 2903 planius
2566 2834 2728 2888 etiam
2763 2832 3048 2901 Scriptura
3087 2846 3267 2896 saera,
3298 2845 3463 2900 quam

1888 2929 1954 2983 de
2002 2927 2144 2981 Filio
2180 2928 2431 2982 disserat.
2494 2928 2567 2981 De
2622 2926 2760 2980 Filio
2794 2926 2940 2978 enim
2997 2924 3127 2977 dicit
3174 2941 3187 2977 :
3230 2923 3462 2977 Dextera

1888 3018 2104 3076 Domini
2152 3021 2276 3090 fecit
2322 3023 2562 3075 uirtutem
2616 3018 2665 3070 ι).
2697 3018 2762 3071 Ει
2811 3034 2824 3070 :
2886 3016 3051 3071 Verbo
3100 3015 3313 3070 Domini
3350 3017 3467 3069 εωίὶ

1890 3112 2091 3182 firmati
2131 3123 2249 3167 sunt
2305 3122 2365 3179 c;
2407 3122 2462 3166 et
2509 3109 2708 3165 similia
2759 3108 2909 3171 alibi,
2943 3123 3063 3179 qua:
3110 3107 3464 3173 intelligentia

212 3222 244 3275 ἃ
263 3223 493 3293 νοήματι
517 3220 618 3292 μὲν
642 3236 707 3273 συ
718 3217 933 3288 μ6αίνει
961 3214 1056 3270 καὶ
1079 3210 1429 3283 συνομολογεῖ
1446 3210 1513 3278 τῇ
1542 3203 1784 3275 σημασίᾳ

1893 3205 2111 3275 quidem
2144 3205 2430 3273 quadram,
2453 3212 2505 3256 et
2537 3202 2876 3257 consentiunt
2905 3201 3022 3255 Filii
3056 3199 3467 3268 signiﬁcationi,

219 3269 608 3293 ""|F'""I""
650 3269 823 3288 "t"”'
1211 3269 1223 3283 ι
1354 3269 1364 3278 υ
1488 3269 1513 3278 .,
1597 3269 1628 3275 .,
1763 3269 1775 3273 -

214 3316 296 3370 τοῦ
340 3317 513 3383 Υίοῦ,
569 3318 671 3385 τῆς
712 3314 770 3367 δὲ
816 3310 959 3366 κατὰ
998 3309 1099 3380 τὴν
1131 3308 1315 3375 φωνὴν
1360 3303 1461 3356 οὐκ
1512 3298 1784 3363 ἐξίσταται

1891 3298 1984 3351 sed
2020 3313 2124 3350 non
2159 3297 2277 3351 siue
2304 3311 2497 3350 vocum
2530 3294 2811 3350 abusione.
2846 3292 2965 3348 lam
2997 3293 3118 3346 vide
3145 3307 3464 3361 expressum

216 3408 591 3480 παραλλαγῆς.
629 3405 774 3476 Ὅρα
824 3403 883 3457 δὲ
932 3402 993 3455 τὸ
1031 3398 1226 3471 τρανὸν
1252 3397 1341 3451 καὶ
1369 3390 1789 3480 ἀπαράλλακτον

214 3477 303 3572 τῆς
326 3477 479 3557 κατα
501 3501 566 3552 τὸ
595 3500 749 3568 ἆγιον
779 3494 1007 3565 Πνεῦμα
1035 3492 1219 3561 φωνῆς
1247 3504 1259 3518 ⁸
1298 3486 1381 3552 Τῷ
1422 3484 1720 3552 Πνεύματι
1745 3477 1790 3572 έ⁸

217 3596 308 3649 τοῦ
330 3595 637 3663 στόματος
661 3589 849 3642 αὐτοῦ
872 3585 1040 3641 πᾶσα
1061 3586 1099 3652 η
1130 3583 1384 3649 δύναμις
1414 3574 1612 3630 αὐτῶν
1634 3615 1648 3638 ,
1674 3569 1786 3626 καί·

218 3686 506 3756 Πνεῦμαδδ
524 3683 630 3737 τοῦ
644 3681 864 3745 Κυρίου
888 3675 1247 3743 πεπλήρωκε
1269 3671 1385 3736 τὴν
1407 3664 1790 3736 οἰκουμένην,

220 3780 335 3831 καῖ’
376 3779 444 3833 Τὸ
489 3772 803 3844 manus“
855 3787 973 3826 σου
1023 3768 1090 3822 τὸ
1133 3763 1363 3834 ἀγαθὸν
1399 3759 1686 3827 ὁδηγήσει
1716 3771 1793 3823 με

220 3869 279 3922 ἐν
326 3868 401 3940 γῇ
443 3866 696 3934 εὐθείᾳ,
754 3864 842 3918 ναί
868 3879 883 3893 ·
911 3859 1155 3928 Πνεῦμα
1171 3857 1217 3888 ⁸⁵
1250 3855 1472 3923 Κυρίου
1513 3850 1605 3904 ἐπ’
1648 3847 1793 3917 ἐμὲ,

222 3959 332 4012 καί·
361 3958 614 4024 Πνεῦμα
630 3957 671 3987 ⁸⁷
691 3954 852 4009 θεῖον
872 3951 939 4006 τὸ
961 3947 1232 4018 ποιῆσάν
1248 3962 1325 4017 με
1344 3985 1359 4009 ,
1383 3942 1475 3997 καί
1495 3958 1509 3971 ·
1549 3940 1796 4004 Ἐξαπο-

222 4052 444 4116 στελεῖς
462 4050 516 4082 ⁸⁸
539 4049 603 4103 τὸ
626 4047 892 4116 Πνεῦμα,
912 4045 1010 4099 καὶ
1030 4040 1488 4107 κτισθήσονται,
1511 4034 1607 4089 καὶ
1626 4050 1696 4101 μυ
1706 4031 1797 4102 ρία

224 4143 361 4198 ἄλλα.
391 4145 512 4214 Τῆς
533 4143 775 4213 ἀρρήτου
802 4139 859 4193 δὲ
882 4139 977 4192 καὶ
1008 4135 1167 4189 τοῦτο
1191 4133 1286 4185 τοῦ
1313 4130 1448 4185 Θεοῦ
1484 4128 1677 4196 σοφίας
1702 4169 1717 4192 ,
1735 4124 1797 4178 τὸ

224 4229 303 4283 τὸν
332 4229 425 4301 μὲν
454 4229 592 4283 Υίὸν
624 4227 981 4298 ἑτεροφώνοις
1015 4224 1194 4290 λέξεσι
1224 4219 1594 4288 θεολογεῖσθαι
1616 4258 1631 4284 ,
1664 4214 1799 4268 τὸδὲ

226 4320 435 4391 Πνεῦμα
456 4319 553 4375 διὰ
572 4319 672 4389 τῆς
700 4318 909 4380 οἰκείας
942 4315 1261 4386 ὀνομασίας.
1307 4312 1364 4365 '0
1395 4311 1494 4382 μὲν
1514 4310 1623 4379 γὰρ
1669 4307 1799 4372 Υἱὸς

230 4412 397 4484 ῥηθεὶς
442 4412 651 4467 αὐτίκα
682 4410 743 4463 τὸ
786 4409 1195 4463 αὺθυπόστατον
1222 4406 1442 4474 εἰσῆγεν
1467 4443 1482 4468 ,
1509 4402 1537 4455 ὃ
1565 4403 1677 4463 τοῖς
1701 4399 1799 4469 τὴν

227 4502 511 4555 πολυθεῖαν
533 4500 853 4569 νενοσηκόσι
886 4498 1159 4570 πρόφασις
1192 4496 1257 4548 ἂν
1288 4495 1530 4564 ἐγεγόνει
1549 4492 1645 4546 τοῦ
1670 4491 1803 4562 δρα-

1892 3401 1946 3443 et
1982 3405 2085 3441 non
2118 3389 2384 3441 detortum
2413 3385 2649 3457 Spiritus
2680 3386 2849 3439 sancti
2888 3384 3204 3439 vocabulum
3243 3401 3258 3437 :
3296 3383 3467 3451 Spiri-

1895 3488 1977 3531 tus
2027 3480 2134 3533 oris
2184 3478 2297 3548 ejus
2347 3481 2514 3532 omnis
2573 3477 2764 3547 193b
2813 3477 2978 3531 virtus
3032 3491 3213 3528 eorum
3257 3474 3306 3527 ἀ.
3343 3473 3463 3527 Et:

1896 3570 2129 3641 Spiritus
2186 3572 2394 3625 Domini
2449 3571 2663 3639 replevit
2721 3569 2895 3623 orbem
2952 3576 3215 3622 terrarum
3261 3574 3309 3622 ε.
3348 3567 3465 3621 Et:

1895 3664 2124 3732 Spiritus
2154 3673 2275 3717 tuus
2304 3663 2469 3717 bonus
2501 3665 2718 3717 deducet
2751 3678 2830 3715 me
2857 3663 2911 3715 in
2941 3672 3138 3715 terram
3170 3671 3362 3714 rectam
3416 3664 3433 3700 ί
3448 3681 3467 3725 ς

1896 3758 2070 3811 item:
2108 3756 2341 3823 Spiritus
2376 3756 2596 3810 Domini
2636 3771 2792 3824 super
2822 3771 2903 3807 me
2962 3764 3009 3809 ετ.
3050 3753 3142 3809 Sic
3182 3772 3195 3807 :
3240 3752 3469 3821 Spiritus

1898 3853 2109 3906 Domini
2163 3851 2288 3919 fecit
2345 3866 2426 3902 me
2475 3853 2527 3904 h.
2580 3849 2646 3902 Et
2697 3846 2825 3901 alibi
2874 3862 2887 3899 :
2936 3844 3163 3900 Emittes
3215 3843 3473 3913 Spiritum

1899 3954 2068 4005 tuum,
2101 3953 2151 3994 rt
2201 3945 2519 3997 creabantur
2566 3940 2615 4006 i;
2656 3940 2869 4008 aliaque
2914 3938 3103 3993 multa.
3139 3937 3239 3992 Ubi
3278 3948 3328 3992 et
3373 3938 3474 3990 hoc

1899 4039 1967 4091 ab
1998 4034 2250 4090 ineffabili
2300 4034 2485 4101 utique
2514 4034 2607 4086 Dei
2642 4031 2904 4100 sapientia
2944 4029 3242 4100 profectum
3286 4028 3475 4083 obser-

1901 4145 2014 4194 ves,
2061 4128 2258 4183 Filium
2316 4128 2438 4181 aliis
2490 4127 2715 4179 vocibus
2765 4126 2818 4178 in
2874 4123 3163 4192 theologia,
3214 4122 3474 4189 Spiritum

1900 4234 2029 4273 vero
2078 4230 2325 4273 sanetum
2373 4233 2470 4272 suo
2519 4226 2727 4270 tantum
2772 4216 2993 4270 nomine
3031 4212 3311 4283 appellari.
3346 4212 3478 4264 Filii

1901 4315 2043 4367 enim
2077 4311 2395 4365 vocabulum
2438 4310 2723 4379 prolatum,
2754 4309 2935 4363 statim
2966 4321 3061 4377 per
3091 4322 3149 4360 se
3186 4306 3477 4368 cxsistens,

1902 4404 2241 4473 suppositum
2287 4403 2528 4468 adducit,
2560 4403 2703 4472 quod
2744 4417 2932 4457 errore
2982 4401 3036 4455 in
3072 4402 3294 4453 deorum
3338 4397 3481 4451 mul—

1907 4497 2135 4551 titudiue
2191 4483 2564 4551 laborantibus
2622 4493 2970 4551 occasionem
3028 4490 3368 4560 praebuisset,
3416 4488 3481 4541 ad

232 4600 340 4665 μεῖν
390 4598 536 4669 πρὸς
585 4596 756 4666 αὐτὴν
812 4595 879 4665 ἣν
930 4595 1123 4663 φυγεῖν
1173 4590 1513 4645 ἐδιδάσκοντο
1534 4586 1611 4619 ⁸³9·
1641 4585 1702 4637 τὸ
1744 4584 1784 4637 δί

1911 4588 2057 4641 illum
2095 4588 2269 4657 ipsum
2305 4602 2546 4642 errorem
2587 4585 2923 4657 recurrendi,
2961 4598 3122 4653 quem
3164 4581 3348 4646 fugere
3388 4578 3484 4632 do-

233 4691 445 4761 Πνεῦμα
473 4693 529 4745 εί
556 4689 651 4744 καὶ
679 4691 791 4749 τοῖς
820 4684 1137 4741 εὐσεϐοῦσιν
1161 4679 1363 4752 ὁμοίιος
1390 4676 1709 4731 αὑθυπόστα
1721 4691 1802 4727 εον

233 4786 548 4853 γινώσκεται
566 4825 582 4851 ,
612 4784 729 4839 ἀλλ’
753 4782 846 4838 οῦν
874 4781 1099 4835 δύναται
1128 4781 1243 4842 τοῖς
1270 4775 1483 4837 πολλοῖς
1507 4770 1603 4827 καὶ
1622 4788 1801 4840 παχυ-

235 4878 399 4948 τέροις
427 4874 958 4950 παρακαλύπτεσθαι
979 4873 1055 4936 ὡς
1082 4871 1180 4941 οὐχ
1204 4868 1396 4940 ἑτέραν
1426 4864 1643 4933 εἰσάγον
1672 4861 1804 4916 ὑπό-

241 4983 445 5034 στασιν,
467 4969 565 5023 καὶ
589 4968 740 5023 οὐδὲν
770 4962 934 5039 ἦττον
956 4962 1249 5033 λεγόμενον
1279 4958 1340 5013 τὸ
1370 4957 1471 5027 τῆς
1505 4953 1803 5026 μοναρχίας

242 5061 515 5131 κρατύνειν
550 5060 864 5130 προνόμιον.
900 5057 1114 5125 Ὥσπερ
1158 5052 1267 5122 γὰρ
1301 5050 1363 5103 τὸ
1387 5048 1590 5115 λέγειν·
1640 5046 1806 5111 Ἡκη-

243 5151 403 5209 δίασε
426 5157 469 5186 ⁷⁰
515 5155 585 5208 τὸ
631 5150 867 5220 πνεῦμά
894 5168 1031 5220 μου,
1070 5148 1129 5201 οὐ
1154 5146 1249 5199 δύο
1279 5142 1589 5209 συνεισάγει
1632 5138 1803 5210 πρόσ-

308 5281 332 5309 ει
368 5270 507 5324 Psal.
544 5285 603 5331 ιι,
638 5268 692 5321 7.
798 5265 825 5305 ι)
860 5264 1004 5319 Psal.
1040 5275 1210 5324 cwn,
1245 5260 1332 5314 17.

252 5341 274 5379 ε
301 5340 397 5393 lsa.
470 5357 584 5404 LXI,
617 5342 666 5392 1.
739 5336 767 5375 h
796 5336 896 5391 Job
926 5346 1119 5397 sunt,
1151 5332 1206 5384 4.

1446 5268 1470 5295 ο
1500 5254 1644 5308 Psal.
1699 5267 1875 5318 xxx",
1925 5252 1976 5307 6.

1288 5332 1305 5370 ἰ
1340 5328 1480 5384 Psal.
1518 5340 1639 5384 CIII.
1667 5324 1757 5377 50.
1837 5336 1849 5372 J
1897 5324 2039 5379 Psal.
2075 5340 2244 5388 CXLII,
2273 5324 2325 5378 4.

1908 4682 2195 4735 cebantur.
2232 4679 2466 4748 Spiritus
2518 4694 2667 4740 vero,
2703 4678 2802 4732 etsi
2850 4692 2879 4729 a
2918 4677 3023 4745 piis
3065 4672 3315 4731 similiter
3358 4686 3486 4739 sup-

1910 4774 2141 4842 positum
2196 4786 2289 4840 per
2328 4786 2388 4824 se
2428 4770 2763 4838 agnoscitur,
2795 4766 2956 4836 vulgo
3008 4773 3185 4819 tamen
3221 4770 3397 4830 potest
3432 4769 3489 4816 et

1911 4863 2274 4921 crassioribus
2306 4863 2381 4916 ita
2423 4862 2550 4930 tegi,
2584 4861 2739 4928 quasi
2772 4875 2879 4914 non
2911 4858 3071 4913 aliam
3112 4857 3333 4910 inducat
3365 4869 3489 4923 per-

1911 4971 2122 5021 sonam,
2159 4964 2322 5025 atque
2376 4953 2733 5009 nihilominus
2779 4952 2944 5007 etiam
2986 4950 3111 5005 dum
3159 4946 3436 5017 profertur
3471 4966 3485 5001 :

1916 5049 2247 5103 monarcbia:
2294 5047 2705 5118 przerogativam
2759 5045 2995 5100 ﬁrmare.
3054 5043 3126 5098 Ut
3166 5042 3311 5096 enim
3364 5041 3490 5094 dum

1914 5140 2113 5195 dicitur
2145 5163 2157 5194 :
2193 5140 2460 5194 Anxiatus
2495 5148 2571 5191 est
2617 5139 2835 5206 spiritus
2866 5154 3007 5191 meus
3054 5136 3104 5201 1,
3139 5148 3245 5188 non
3275 5134 3410 5188 duas
3441 5130 3492 5184 id

2076 5250 2105 5290 ἀ
2133 5253 2261 5308 ibid.
2303 5254 2355 5308 8.
2456 5264 2481 5291 ε
2512 5253 2638 5322 Sap.
2689 5268 2730 5317 I,
2773 5252 2826 5304 7.
2940 5252 2957 5288 ί
2994 5249 3129 5304 Psal.
3175 5263 3358 5311 CXLII,
3403 5245 3493 5298 10.

1504 5416 1738 5470 VARUE
1792 5416 2083 5474 LECTION
2094 5419 2195 5471 ES.

314 5527 354 5556 ⁶⁰
383 5526 516 5599 υἱός]
552 5525 695 5599 Psul.
736 5539 796 5587 ιι,
838 5523 891 5599 7‘.
933 5523 1019 5599 _°‘
1052 5517 1217 5599 δεξι-ᾲξ
1275 5514 1420 5599 Ιζξιιιἶ
1473 5510 1781 5599 οιιιιιιλη.

255 5609 412 5659 xxxtt,
447 5593 516 5651 τί
573 5597 618 5628 ⁶¹⁶
643 5593 881 5665 πνεῦμα]

1879 5511 1924 5541 ss
1943 5511 2021 5579 τῷ
2065 5509 2228 5580 λόγῳ]
2278 5507 2421 5563 Psal.
2479 5522 2669 5580 X38“,
2722 5506 2776 5559 6-

931 5591 1057 5660 Sap.
1089 5576 1140 5652 ι,-
1163 5584 1217 5643 Ἱξ
1294 5588 1339 5618 ⁸⁵
1374 5587 1432 5638 τὸ
1474 5582 1590 5653 arm]
1633 5582 1778 5635 Psal.
1840 5576 2011 5645 CXLII,
2060 5576 2148 5635 10.
2179 5576 2189 5580 ’
2219 5576 2267 5615 δε
2297 5578 2539 5702 πνεῦμαί
2565 5579 2667 5633 [53.
2701 5592 2813 5639 LXI,
2859 5576 2911 5633 1.

931 5666 1015 5702 mi
1090 5666 1160 5702 mi
1194 5698 1205 5702 -
1260 5657 1350 5702 30-
1430 5656 1472 5686 θ’
1508 5653 1818 5702 “semiusto
1876 5651 2023 5702 libri.
2112 5652 2155 5683 ⁷ο
2192 5651 2378 5702 ioc-no.)
2416 5650 2517 5702 l‘sa
2547 5688 2559 5702 .
2593 5662 2755 5702 CXL".
2783 5646 2837 5700 4.

257 5651 441 5731 ιιιιιί,
473 5668 526 5722 ι.
602 5668 646 5698 δε
681 5651 1039 5737 ἐξαπΪΡδαῘ.
1090 5651 1208 5723 cn,
1260 5657 1350 5712 50.
1430 5656 1472 5686 ω
1508 5651 1818 5707 ἐδιδάσκετο
1876 5651 2023 5705 libri.

2878 5506 2921 5535 ‘i'
2952 5503 3027 5571 τῷ
3074 5495 3317 5571 πνεύμ.].
3351 5493 3497 5571 Psai.

2997 5562 3040 5605 εῖτ
3077 5562 3319 5640 πνεῦμα]
3395 5562 3497 5617 Job

2112 5652 2155 5683 ’θ
2192 5651 2378 5722 ὒκηδ.)
2416 5646 2559 5705 l‘sal.
2593 5662 2755 5712 CXL",
2783 5646 2837 5700 4.

1755 5740 1984 5797 NOTAE.

324 5828 429 5896 (Si)
470 5828 584 5882 Filii
617 5841 670 5882 et
706 5826 938 5894 Spiritus
967 5825 1159 5878 sancti.

568 5924 839 5983 Ρηιιοιη
887 5921 1006 5979 Gn.
1053 5917 1206 5977 Clll.

3102 5884 3179 5947 Ξὶό

3110 1767 3124 1789 ,
3164 1728 3228 1779 ad
3275 1727 3454 1782 incar-
3526 1742 3531 1749 ’
