3940 6410
530 360 638 424 779

1690 346 1955 411 PHOTII
1990 341 2497 409 PATRIARCHE
2536 342 2637 405 CP.
3690 322 3775 385 780

536 472 695 527 atfert
723 481 1006 541 personas,
1038 464 1135 523 sed
1178 464 1439 520 unitatem
1474 477 1725 534 peraeque
1758 462 1959 518 retinet
1986 475 2111 531 per-

2229 474 2337 511 υπα
2368 496 2384 523 ,
2419 456 2532 509 ἀλλ’
2575 454 2726 508 οὐδὲν
2757 446 2919 526 ἦττον
2963 447 3025 502 τὸ
3058 447 3263 501 ἐνιαῖον
3308 439 3661 541 διαφυλάττει
3698 437 3776 541 της

533 579 719 630 sonte,
753 563 832 618 sic
867 570 923 617 et
954 558 1189 632 Spiritus
1218 558 1339 625 Dei,
1375 558 1503 613 dum
1534 559 1602 613 ab
1628 557 1865 628 antiquis
1893 556 2115 611 audire-

534 666 625 711 tur
658 654 950 725 pinguiora
994 652 1175 717 modo,
1206 659 1260 706 et
1304 650 1371 705 ad
1415 665 1541 705 eum
1582 663 1689 721 quo
1729 649 1782 703 in
1815 646 1971 721 nobis
2009 656 2115 710 est,

536 746 738 801 nullius
769 745 872 801 hoc
904 743 1223 799 idololatriae
1256 741 1575 798 scandalum
1610 739 1792 827 da'bat.
1826 739 2116 807 Propterea

538 838 723 908 itaque
760 836 995 905 Spiritus
1035 835 1194 907 plane
1228 834 1279 889 in
1316 831 1499 888 Veteri
1536 831 1888 887 Testamento
1920 827 2118 899 przedi-

538 937 714 981 catur.
744 924 914 981 Filius
950 943 1053 979 non
1088 926 1241 990 item,
1274 925 1367 979 sed
1400 939 1499 994 per
1531 921 1838 991 huiusmodi
1872 919 2114 985 nomina,

536 1035 658 1089 qua:
697 1029 752 1074 et
801 1019 915 1089 ipsa
964 1027 1235 1088 nequeant
1284 1018 1547 1072 unitatem
1584 1016 1939 1086 liypostaseos
1980 1011 2118 1067 divi-

540 1114 691 1177 dere,
741 1121 799 1165 ut
844 1110 973 1165 illud
1006 1129 1019 1164 :
1052 1109 1146 1164 Dei
1199 1125 1407 1173 manus,
1454 1107 1765 1163 Brachium.
1820 1104 2116 1176 Sapientia,

542 1197 816 1268 Potentia,
856 1200 1103 1266 Dextera,
1172 1197 1415 1265 Verbum,
1464 1208 1519 1254 et
1567 1213 1686 1268 quae
1734 1207 1861 1253 sunt
1908 1197 2120 1267 generis

542 1292 813 1362 ejusdem.
882 1294 989 1347 Ista
1049 1293 1249 1346 etenim
1303 1307 1403 1347 nec
1466 1290 1520 1345 in
1566 1290 1873 1345 mortalium
1924 1298 2121 1343 natura

544 1386 716 1455 ipsam
772 1386 1034 1439 unitatem
1094 1386 1145 1438 ili
1197 1385 1303 1438 duo
1350 1383 1638 1449 dividunt,
1689 1392 1780 1436 aut
1835 1396 2118 1451 personam

544 1476 901 1545 distinguunt.
927 1474 1109 1530 Sicubi
1139 1489 1268 1529 vero
1293 1476 1455 1529 etiam
1473 1474 1593 1528 Filii
1620 1472 1937 1528 vocabulum
1970 1469 2125 1525 alIer-

546 1577 636 1622 tur
673 1586 687 1621 :
725 1566 940 1637 quando
988 1583 1111 1621 mox
1149 1576 1207 1620 ut
1238 1567 1435 1621 dicitur
1472 1564 1673 1631 Filius,
1706 1563 2008 1619 dill'erentia
2046 1562 2122 1618 si-

544 1659 833 1727 gnilicatur
865 1673 1259 1730 personarum;
1299 1668 1357 1712 ut
1405 1661 1459 1712 in
1514 1658 1644 1711 illo:
1680 1654 1857 1709 Filius
1894 1671 2037 1709 meus
2069 1671 2123 1709 es

546 1766 602 1803 tu
670 1755 729 1813 ις
781 1751 1159 1805 adumbratum
1214 1751 1317 1805 hoc
1376 1760 1433 1804 et
1486 1750 1755 1804 obtectum
1814 1747 2120 1802 adducitur.

2219 548 2593 611 ὑποστάσεως,
2623 544 2767 599 οὓτω
2801 542 2897 597 καὶ
2928 539 3176 610 Πνεῦμα
3202 535 3352 591 Θεοῦ
3402 535 3515 596 τοῖς
3543 528 3777 593 παλαιοῖς

2220 640 2575 711 παχυτέρως,
2603 639 2697 692 καὶ
2730 637 2805 700 ὡς
2853 633 2939 705 ἐφ’
2965 632 3125 704 ἡμῶν
3174 627 3503 698 ἀκουόμενον
3534 622 3780 711 οὐδεμιᾶς

2218 710 2514 793 πολυθεῖας
2560 725 2796 781 ἐνεδίδου
2840 723 3155 778 σκάνδαλον.
3190 718 3290 773 Διὰ
3330 717 3487 772 τοῦτο
3529 712 3713 768 τοίνυν
3734 710 3783 764 rb

2227 823 2326 893 μὲν
2358 821 2583 891 Πνεῦμα
2612 819 2791 890 ῥητῶς
2825 816 2978 887 παρὰ
3004 818 3070 887 τῇ
3089 813 3301 883 Παλαιᾷ
3318 809 3560 879 Διαθήκῃ
3591 802 3781 877 κηρύτ-

2221 931 2374 969 τεται
2396 952 2412 979 ,
2437 914 2465 966 6
2494 912 2549 966 δέ
2581 912 2709 975 Tib;
2743 910 2926 963 οὐκέτι
2948 951 2963 975 ,
2986 907 3121 961 ἀλλὰ
3145 906 3209 959 δι’
3234 902 3513 973 ὀνομάτων
3538 896 3785 951 τοιούτων

2222 1003 2259 1059 ἃ.
2285 1004 2380 1057 καὶ
2405 1000 2545 1057 αὐτὰ
2572 1001 2797 1054 δύναται
2828 999 2890 1052 τὸ
2912 1000 3109 1051 ἐνιαῖον
3142 995 3270 1066 pth"
3294 992 3521 1062 διαιρεῖν
3542 988 3645 1056 τῆς
3674 986 3789 1038 ὑπο-

2226 1094 2502 1160 στάσεως,
2550 1092 2625 1154 ὡς
2662 1092 2759 1157 τὸ,
2793 1090 2931 1158 Χείρ
2982 1087 3172 1153 Θεοῦ,
3222 1084 3317 1137 καὶ
3368 1079 3679 1150 Βραχίων,
3712 1076 3789 1127 καὶ

2226 1187 2417 1255 Σοφία
2442 1224 2457 1248 ,
2487 1184 2584 1239 καὶ⁵
2618 1185 2879 1252 Δύναμις
2901 1221 2916 1247 ,
2956 1180 3052 1235 καὶ
3076 1176 3251 1241 Δεξιὰ
3271 1215 3287 1240 ,
3318 1173 3412 1227 καί
3445 1171 3639 1240 Λόγος
3665 1206 3685 1233 ,
3713 1167 3793 1219 καὶ

2225 1279 2326 1333 ὅσα
2353 1275 2581 1332 τοιαῦτα
2604 1292 2618 1305 ο
2653 1275 2750 1329 καὶ
2780 1275 2889 1345 γὰρ
2910 1273 3007 1327 καὶ
3033 1271 3127 1324 ἐπὶ
3149 1271 3250 1339 τῆς
3300 1262 3657 1336 ἀνθρωπίνης
3703 1257 3790 1325 φύ-

2228 1386 2366 1432 σεως
2393 1365 2566 1420 ταῦτα
2590 1365 2651 1419 τὸ
2686 1366 2881 1419 ἐνιαῖον
2903 1364 3002 1417 οὐκ
3027 1363 3107 1424 είς
3136 1358 3229 1412 δύο
3252 1355 3460 1411 διαλύει
3476 1394 3492 1420 ,
3516 1351 3644 1405 οὐδὲ
3667 1348 3794 1401 διαι-

2229 1462 2317 1531 ρεῖ
2341 1458 2440 1530 τὴν
2469 1458 2789 1512 ὑπόστασιν.
2817 1456 2877 1508 El
2899 1456 2955 1507 δέ
2971 1470 3074 1507 που
3094 1450 3306 1517 καὶτῆς
3329 1446 3434 1501 τοῦ
3451 1442 3587 1499 Υιοῦ
3621 1438 3795 1512 φωνῆς

2227 1550 2471 1624 ἐμνήσθη
2495 1592 2511 1617 ,
2546 1548 2736 1620 ἐπειδὴ
2764 1548 2928 1610 εὐθὺς
2960 1547 2989 1599 ὁ
3027 1545 3158 1607 Υἱὸς
3189 1542 3371 1614 ῥηθεὶς
3404 1537 3679 1607 διαφορὰν
3707 1550 3796 1601 μη-

2228 1643 2342 1698 νύει
2368 1643 2475 1696 τῶν
2498 1640 2848 1695 ὑποστάσεων
2871 1680 2885 1703 ,
2927 1639 3003 1701 ὡς
3030 1636 3092 1689 τὸ
3110 1676 3126 1701 ,
3162 1634 3296 1701 Υἱός
3313 1649 3431 1702 μου
3454 1626 3514 1684 εἴ
3533 1627 3618 1682 σὺ
3641 1667 3659 1690 ,
3695 1626 3795 1677 ἐπι-

2231 1733 2589 1805 σκιαζόμενον
2622 1732 2715 1786 καὶ
2746 1729 3289 1802 περικαλυπτόμενον
3334 1721 3491 1777 τοῦτο
3529 1718 3795 1789 προάγει’

543 1810 866 1911 Adjungitur
905 1843 1049 1896 enim
1090 1861 1102 1897 :
1138 1842 1311 1896 Hodie
1346 1843 1501 1911 genui
1544 1851 1633 1907 te;
1676 1840 1740 1896 Et
1777 1859 1789 1895 :
1821 1839 2041 1894 Postula
2088 1856 2121 1892 a

2229 1827 2417 1894 ἐπάγει
2436 1825 2547 1894 γὰρ
2567 1863 2582 1888 ,
2606 1821 2876 1891 Σήμερον
2904 1815 3239 1890 γεγέννηκά
3268 1832 3343 1870 σε
3358 1856 3374 1880 ,
3397 1812 3525 1911 xui:

544 1950 624 1986 me
683 1935 723 1987 ι.
772 1933 903 1997 Quae
957 1935 1190 1988 humana
1239 1948 1359 1987 cum
1414 1934 1545 1998 sint,
1590 1942 1645 1987 et
1694 1931 1890 1986 divinae
1939 1931 2119 1986 minus

546 2036 667 2095 apta
712 2036 944 2091 natura},
1012 2026 1127 2080 Filii
1180 2026 1591 2096 appellationem
1625 2034 1809 2094 tegunt
1843 2032 1898 2079 et
1932 2027 2124 2079 aduru-

546 2120 729 2172 braut.
765 2120 942 2187 Atque
975 2118 1028 2171 in
1060 2118 1327 2172 similibus
1362 2119 1427 2171 ad
1461 2116 1709 2171 eumdem
1743 2115 1980 2170 modum.

616 2212 707 2275 At,
750 2226 847 2264 cur
887 2212 1100 2263 tandem
1134 2210 1294 2263 etiam
1324 2207 1525 2262 Dextra
1560 2216 1613 2263 et
1652 2205 1896 2273 Verbum,
1928 2215 1980 2261 et
2018 2205 2126 2261 Po-

546 2310 706 2353 testas
742 2297 947 2365 Patris,
982 2308 1038 2352 et
1090 2297 1286 2352 similia
1333 2298 1535 2351 dicitur
1567 2296 1754 2362 Filius,
1790 2311 1895 2349 non
1934 2306 2123 2349 contra

548 2391 709 2446 Pater
742 2390 906 2445 Filii?
937 2390 1019 2444 An
1069 2390 1196 2459 quia
1242 2389 1407 2443 Pater
1442 2403 1546 2443 non
1575 2404 1605 2444 e
1633 2387 1793 2451 Filio,
1824 2388 1916 2442 sed
1954 2386 2125 2441 Filius

548 2500 578 2538 e
608 2484 811 2538 Patre?
845 2483 925 2537 Ad
955 2483 1090 2544 lizec,
1120 2497 1315 2536 manus
1358 2481 1599 2551 quidem,
1634 2481 2021 2543 bracliiumque
2061 2493 2126 2533 ac

549 2572 835 2641 sapientia,
870 2582 924 2627 et
970 2572 1214 2637 verbum,
1246 2571 1480 2625 hominis
1519 2583 1641 2625 esse
1688 2570 1960 2635 dicuntur,
2002 2584 2123 2623 cum

548 2664 713 2719 homo
742 2665 1000 2729 dexterae,
1035 2663 1120 2718 vel
1171 2662 1474 2731 sapientiae,
1522 2662 1607 2716 vel
1660 2660 1916 2717 similium
1967 2676 2127 2717 nemo

552 2756 786 2821 dixerit;
843 2753 1295 2824 quemadmodum
1347 2768 1453 2808 non
1507 2752 1642 2807 rami
1698 2753 1985 2817 arborem,
2031 2752 2125 2807 sed

550 2859 756 2899 ramum
804 2843 1015 2899 arboris
1053 2859 1176 2899 esse
1215 2844 1468 2899 dicimus.
1499 2842 1691 2916 ιθῆα
1723 2842 1960 2913 Spiritus
1998 2843 2124 2898 item

550 2947 770 2991 sanctus
818 2935 913 2990 Dei
958 2936 1160 3006 digitus
1210 2935 1510 3004 appellatur
1564 2947 1625 2988 ιιι.
1675 2933 1901 3001 Quando
1948 2945 2125 2989 autem

550 3027 751 3095 digitus
800 3042 991 3079 manus
1038 3041 1160 3081 esse
1210 3027 1429 3093 dicitur,
1471 3025 1861 3081 convenienter
1901 3040 2006 3080 non
2038 3040 2126 3080 so-

552 3117 659 3170 lum
693 3115 890 3183 Patris,
934 3116 1028 3170 sed
1069 3127 1124 3171 et
1172 3116 1311 3180 Filii,
1351 3130 1471 3183 qua:
1499 3125 1726 3186 paterna
1757 3126 1841 3170 est
1873 3116 2116 3179 dextera,

548 3223 670 3262 esse
699 3208 917 3262 dicitur.
970 3206 1167 3261 Verum
1206 3223 1311 3261 non
1346 3207 1427 3263 sic
1460 3206 1699 3262 vicissim
1747 3205 1915 3262 Filius
1948 3209 2123 3262 sancti

553 3296 805 3366 Spiritus.
842 3296 1029 3367 Neque
1076 3298 1218 3351 enim
1266 3313 1457 3353 manus
1501 3297 1659 3369 digiti
1701 3307 1849 3353 recte
1893 3298 2127 3352 dicatur.

552 3387 741 3459 Neque
781 3402 910 3441 vero
958 3388 1039 3441 vel
1070 3388 1138 3442 ob
1170 3387 1285 3441 haec
1322 3388 1496 3442 solum
1532 3388 1600 3443 ab
1631 3388 1785 3443 initio
1814 3388 2132 3457 expediebat

552 3495 649 3550 pro
678 3479 841 3534 Patre
874 3477 1095 3543 Filium,
1140 3490 1232 3532 aut
1258 3478 1519 3547 Spiritum
1556 3490 1803 3536 sanctum
1833 3479 2129 3535 enuntiari.

550 3572 763 3629 Etenim
806 3574 1084 3627 hominum
1118 3572 1277 3627 Pater
1313 3572 1479 3639 Deus,
1522 3582 1580 3627 ut
1613 3575 1771 3629 modo
1804 3574 2129 3634 referebam,

552 3668 729 3722 dictus
758 3674 841 3721 est
884 3664 1125 3721 :Filium
1159 3682 1287 3722 vero
1324 3676 1565 3721 nostrum
1598 3676 1689 3722 aut
1725 3665 1987 3737 Spiritum
2023 3666 2129 3721 dici

553 3759 747 3827 Deum,
791 3759 1083 3814 absurdum
1139 3773 1273 3813 sane
1319 3774 1383 3813 ac
1436 3759 1658 3813 minime
1706 3768 2127 3813 consentaneum

546 3848 847 3917 iudicatum
898 3849 1110 3905 fuisset.
1162 3850 1524 3917 Quamobrem
1577 3850 1738 3904 etiam
1790 3849 1950 3905 Pater
2003 3860 2130 3906 tunc

553 3942 911 4011 praedicatus,
963 3944 1033 3999 ob
1092 3942 1415 3998 larniliarem
1473 3942 1679 3999 scilicet
1731 3944 1878 4000 vocis
1935 3959 2127 4009 usum,

553 4051 712 4088 unam
782 4037 938 4105 vulgo
993 4038 1286 4101 innuebat,
1341 4038 1773 4105 ostendebatque
1819 4052 2126 4107 personam.

554 4125 695 4198 [Quo
721 4125 985 4199 tempore]
1030 4129 1073 4183 si
1118 4126 1286 4183 Filius
1312 4137 1404 4182 aut
1431 4127 1663 4197 Spiritus
1692 4138 1911 4184 sanctus
1938 4130 2131 4199 praedi-

552 4228 709 4270 catus
756 4218 969 4279 fuisset,
1018 4219 1238 4271 omnino
1286 4231 1638 4287 personarum
1687 4217 1919 4272 dualitas
1968 4216 2129 4272 simul

552 4310 901 4374 probabatur.
951 4308 1054 4375 Qui
1098 4308 1245 4363 enim
1294 4308 1493 4363 Filium
1540 4310 1797 4374 audisset,
1829 4309 2012 4364 statim
2061 4310 2128 4363 ad

551 4397 767 4454 Patrem
814 4400 1109 4467 retulisset,
1143 4411 1198 4455 et
1247 4400 1508 4470 Spiritum
1555 4411 1802 4456 sanctum
1854 4400 2125 4467 similiter;

551 4494 705 4563 cujus
756 4494 899 4548 enim
944 4505 1091 4549 esset
1141 4495 1399 4564 Spiritus,
1450 4506 1719 4567 quaereret
1771 4510 1976 4549 mens:
2014 4492 2126 4567 [ac]
2159 4528 2204 4583 ο

552 4598 690 4653 quos
743 4585 1036 4639 multorum
1092 4585 1314 4641 deorum
1371 4586 1592 4643 morbus
1642 4597 1869 4652 teneret,
1906 4586 2126 4641 incura-

551 4674 690 4731 biles
728 4690 794 4730 ex
838 4677 950 4746 ipsa
993 4676 1216 4732 salutari
1261 4679 1527 4749 theologia
1571 4678 1942 4734 redderentur.
1976 4678 2128 4733 Adde

546 4767 659 4836 jam
699 4769 883 4832 dictis,
926 4769 1040 4822 lleri
1095 4785 1202 4824 non
1255 4773 1519 4842 potuisse,
1569 4782 1628 4825 ut
1668 4771 2124 4840 quemadmodum

552 4857 697 4924 Filii,
734 4873 800 4913 ac
840 4858 1076 4929 Spiritus
1123 4863 1321 4929 sancti,
1351 4865 1428 4917 sic
1475 4863 1639 4917 etiam
1674 4861 1853 4917 Patris
1902 4877 2126 4931 persona

553 4952 804 5020 prudenti
850 4953 1028 5023 aliqua
1078 4956 1288 5010 ratione
1334 4956 1773 5009 absconderetur.
1806 4953 1938 5007 Nam
1984 4956 2125 5023 quod

554 5041 788 5112 Spiritus
821 5044 915 5099 Dei
948 5044 1125 5101 dictus
1155 5046 1227 5100 sit
1262 5045 1476 5109 Dextra,
1520 5044 1817 5115 Sapientia,
1857 5042 2124 5107 Potestas,

558 5137 609 5189 id
648 5135 1126 5207 multiplicatorum
1155 5140 1377 5193 deorum
1429 5139 1695 5192 insaniam
1727 5136 1861 5208 [non
1894 5135 2125 5191 difﬁcul-

558 5227 663 5302 ter]
689 5228 923 5300 el'fugere
965 5231 1159 5300 potuit.
1196 5230 1312 5284 Non
1352 5230 1493 5284 enim
1544 5230 1775 5300 percipit
1808 5230 1897 5284 hic
1938 5229 2128 5296 vulgus

555 5337 911 5393 personarum
948 5323 1109 5378 simul
1155 5321 1510 5378 differentiam
1554 5322 1700 5378 duci.
1729 5322 1866 5379 Cum
1893 5321 1938 5377 si
1965 5319 2129 5375 Pater

2229 1917 2368 1985 παρ’
2402 1916 2569 1985 ἐμοῦ,
2597 1915 2739 1984 άπερ
2766 1912 3082 1982 ἀνθρώπινα
3110 1911 3241 1963 ὄντα
3270 1908 3366 1960 καὶ
3392 1908 3460 1976 τῇ
3492 1903 3617 1973 θείᾳ
3656 1901 3735 1971 μὴ
3762 1901 3801 1931 τ’

2224 2010 2602 2080 ἐφαρμόζοντα
2622 2006 2780 2077 φύσει
2797 2006 2897 2078 τὴν
2911 2004 3005 2058 τοῦ
3024 2001 3155 2057 Υῖοῦ
3171 1999 3543 2072 προσηγορίαν
3560 2014 3641 2050 πα
3650 1993 3803 2066 ρεκά-

2222 2102 2392 2155 λυπτέ
2406 2119 2465 2155 τε
2484 2103 2575 2155 καὶ
2590 2100 2930 2165 συνεσκίαζε.
2944 2098 3055 2153 Kal
3073 2098 3166 2151 ἐπὶ
3184 2095 3289 2148 τῶν
3301 2094 3504 2163 ὁμοίων
3519 2087 3801 2149 ὡσαύτως.

2294 2194 2360 2247 Τί
2385 2194 2449 2266 δή
2477 2211 2607 2248 ποτε
2633 2193 2689 2246 δέ
2718 2193 2894 2258 Δεξιὰ
2917 2192 3013 2246 καὶ
3037 2190 3228 2259 Λόγος
3258 2187 3353 2242 καὶ
3376 2187 3643 2253 Δύναμις
3672 2220 3689 2246 ,
3721 2180 3805 2232 καὶ

2223 2286 2321 2339 ὅσα
2345 2284 2480 2340 ἄλλα
2504 2324 2520 2350 ,
2549 2283 2643 2338 τοῦ
2675 2284 2889 2353 Πατρὸς
2923 2282 3020 2353 μέν
3048 2285 3077 2335 6
3114 2280 3241 2343 Υίὸς
3264 2278 3485 2347 λέγεται
3505 2317 3519 2343 ,
3553 2273 3682 2328 ἀλλ’
3714 2273 3807 2325 οὐκ

2225 2376 2460 2448 ἔμπαλιν
2487 2378 2514 2430 ό
2540 2376 2729 2446 Πατὴρ
2757 2374 2851 2427 τοῦ
2886 2373 3050 2441 Tim");
3089 2372 3122 2444 ἢ
3158 2372 3293 2426 διότι
3322 2374 3349 2425 6
3375 2372 3567 2441 Πατὴρ
3588 2368 3700 2440 μὲν
3719 2368 3807 2420 οὐκ

2225 2470 2290 2522 ἐκ
2320 2468 2411 2522 τοῦ
2437 2467 2569 2521 Υίοῦ
2592 2507 2607 2531 ,
2630 2467 2748 2521 ἀλλ’
2776 2467 2805 2519 6
2831 2466 2961 2526 Tib;
2978 2465 3044 2519 ἐκ
3065 2463 3160 2518 τοῦ
3192 2464 3425 2533 Πατρός.
3450 2463 3573 2514 Ἔτι
3605 2460 3675 2514 δέ
3699 2459 3809 2529 χεὶρ

2231 2560 2353 2633 μὲν,
2384 2561 2479 2614 καὶ
2506 2558 2768 2631 βραχίων,
2790 2559 2884 2612 καὶ
2916 2557 3098 2626 σοφία,
3121 2556 3215 2610 καὶ
3244 2556 3404 2624 λόγος
3425 2553 3580 2607 τοῦδε
3596 2551 3702 2605 τοῦ
3727 2554 3810 2605 ἁν-

2227 2652 2445 2727 θρώπου
2478 2654 2696 2723 λέγεται
2724 2694 2740 2718 ,
2774 2652 2890 2707 ἀλλ’
2925 2654 2952 2706 6
2976 2651 3263 2723 ἄνθρωπος
3298 2651 3399 2719 τῆς
3437 2646 3620 2713 δεξιᾶς
3648 2646 3687 2717 ἦ
3718 2646 3810 2715 τῆς

2228 2745 2419 2816 σοφίας
2448 2745 2482 2818 ἢ
2514 2745 2622 2799 τῶν
2650 2747 2852 2817 ὁμοίων
2895 2745 2995 2799 οὐκ
3021 2744 3087 2798 ἂν
3120 2742 3317 2815 ῥηθείη
3340 2743 3418 2810 ’³,
3448 2740 3646 2814 ὥσπερ
3699 2738 3813 2791 οὐδὲ

2227 2835 2327 2891 τοῦ
2360 2837 2556 2893 κλάδου
2593 2838 2773 2908 φαμὲν
2808 2837 2869 2890 τὸ
2898 2836 3110 2907 δένδρον
3136 2876 3151 2901 ,
3190 2835 3327 2889 ἀλλὰ
3370 2835 3463 2889 τὸν
3492 2832 3698 2887 κλάδον
3726 2829 3814 2883 τοῦ

2227 2930 2472 3003 δένδρου.
2522 2932 2632 2985 Kal
2664 2931 2723 2984 τὸ
2763 2928 2988 3000 Πνεῦμα
3019 2930 3076 2984 δέ
3115 2927 3379 2991 δάκτυλος
3397 2927 3445 2960 ⁷⁸⁵
3486 2924 3815 2995 ὀνομάζεται

2228 3022 2402 3091 Θεοῦ,
2436 3023 2565 3096 [617
2594 3021 2685 3095 8.]
2716 3022 2809 3075 καὶ
2843 3023 2965 3074 ἐπεὶ
2997 3023 3025 3075 6
3050 3020 3312 3083 δάκτυλος
3338 3019 3440 3090 τῆς
3463 3017 3655 3089 χειρὸς
3678 3057 3694 3081 ,
3726 3017 3811 3069 εὖ·

2230 3118 2400 3186 λόγως
2424 3118 2484 3170 οὐ
2518 3118 2679 3187 μόνον
2702 3116 2794 3169 τοῦ
2844 3116 3053 3186 Πατρός
3077 3156 3093 3181 ,
3126 3113 3257 3185 [519
3289 3112 3384 3184 H.|
3416 3111 3553 3165 ἀλλὰ
3587 3110 3696 3164 καὶ
3725 3109 3815 3161 τοῦ

2150 3174 2193 3232 C
2232 3174 2400 3270 Υἱοῦί
2430 3174 2550 3279 ητις
2578 3211 2725 3262 ἐστὶν
2753 3210 2785 3278 ἡ
2810 3174 3053 3278 πατρίκῆ
3080 3174 3234 3271 δεξιὰ
3256 3246 3271 3271 ,
3300 3174 3547 3274 λέγεται.
3583 3203 3737 3257 Ἀλλ’
3758 3204 3814 3256 οὐ

2228 3303 2289 3357 τὸ
2316 3302 2584 3356 ἀνάπαλιν
2618 3301 2647 3353 ό
2671 3301 2799 3365 Υἱὸς
2820 3301 2916 3353 τοῦ
2950 3300 3267 3370 Πνεύματος
3290 3316 3305 3331 ο
3336 3299 3456 3353 οὐδὲ
3480 3300 3590 3367 γὰρ
3624 3299 3664 3367 ἡ
3699 3298 3815 3367 χεὶρ

2230 3395 2420 3465 ῥηθείη
2472 3395 2537 3448 ἂν
2589 3393 2683 3447 τοῦ
2715 3392 3008 3449 δακτύλου.
3043 3394 3157 3446 Οὐκ
3196 3388 3263 3465 ἦν
3309 3391 3364 3445 δέ
3398 3393 3505 3461 ἄρα
3555 3390 3684 3443 οὑδέ
3735 3390 3819 3443 διὰ

2228 3486 2400 3539 ταῦτα
2430 3486 2550 3539 ἀντὶ
2579 3484 2676 3538 τοῦ
2714 3486 2930 3554 Πατρδς
2961 3484 3055 3538 τὸν
3084 3484 3215 3537 Tibv
3262 3484 3295 3555 ἢ
3322 3484 3382 3536 τὸ
3432 3482 3667 3552 Πνεῦμα
3702 3482 3817 3535 κατ’

2228 3576 2404 3648 ἀρχὰς
2437 3577 2721 3648 συμφέρον
2754 3575 3251 3644 καταγγέλλεσθαι.
3317 3577 3427 3629 Kal
3454 3574 3563 3646 γὰρ
3593 3574 3694 3626 καὶ
3728 3574 3816 3625 ἀν·

2229 3668 2463 3741 θρώπων
2497 3666 2685 3740 Πατὴρ
2716 3668 2745 3721 ό
2777 3667 2940 3732 Θεὸς,
2975 3668 3050 3732 ὡς
3081 3670 3407 3739 προέφημεν
3431 3668 3478 3699 ⁷⁸
3499 3705 3514 3731 ,
3553 3667 3779 3735 ἐλέγετο
3802 3684 3813 3695 ’

2238 3761 2372 3827 Υἱὸς
2398 3760 2454 3813 δέ
2489 3760 2522 3831 ἦ
2548 3760 2792 3829 Πνεῦμα
2831 3759 3001 3830 ἡμῶν
3029 3762 3057 3813 6
3083 3760 3248 3825 Θεὸς,
3278 3760 3387 3813 τῶν
3418 3760 3728 3830 ἀμηχάνων
3760 3777 3815 3812 τε

2228 3855 2322 3908 καὶ
2349 3852 2727 3907 ἀνακολούθων
2749 3853 2995 3924 ἐκρίνετο
3019 3852 3297 3921 λέγεσθαι.
3328 3851 3419 3905 Διὸ
3445 3854 3542 3905 καὶ
3571 3855 3599 3905 6
3630 3853 3681 3884 ⁷⁸
3712 3853 3819 3905 Πα-

2228 3943 2334 4014 τὴρ
2366 3943 2467 4013 μὲν
2490 3944 2894 4015 κηρυττόμενος
2918 3941 3007 3995 διὰ
3033 3944 3132 4015 την
3166 3943 3224 3995 ἐν
3254 3945 3320 4015 τῇ
3351 3944 3613 4016 συνηθείᾳ
3644 3946 3816 3997 κατά·-

2229 4052 2428 4105 χρησιν
2446 4034 2503 4087 ἓν
2528 4035 2830 4107 παρεδήλου
2853 4034 2974 4087 τότε
2994 4036 3106 4097 τοῖς
3136 4034 3354 4098 πολλοῖς
3379 4037 3471 4089 καὶ
3495 4036 3817 4089 ὑπεδείκνυε

2231 4126 2525 4198 πρόσωπον
2547 4142 2561 4156 ⁸
2592 4127 2642 4179 εί
2684 4126 2739 4179 δὲ
2765 4127 2794 4179 6
2842 4125 2967 4189 Υἱὸς
3003 4124 3035 4196 ἢ
3064 4124 3124 4178 τὸ
3163 4124 3388 4195 Πνεῦμα
3437 4126 3813 4195 κατήγγελτο,

2230 4221 2448 4281 πάντως
2477 4218 2543 4272 ἂν
2574 4219 2635 4271 τὸ
2664 4218 2914 4271 δυαδικδν
2960 4218 3389 4288 συνωμολογεῖτο
3429 4218 3541 4272 τῶν
3575 4218 3816 4272 ὑποστά-

2234 4328 2372 4365 σεων
2393 4328 2405 4343 ⁶
2437 4314 2465 4365 ό
2495 4312 2604 4382 γάρ
2641 4311 2854 4365 ἀκούων
2884 4311 3013 4364 Υἱόν
3036 4353 3050 4377 ,
3082 4311 3244 4373 εὐθὺς
3295 4310 3431 4381 πρὸς
3474 4311 3569 4363 τὸν
3598 4312 3817 4382 Πατέρα

2230 4405 2482 4476 ἀνήγετο.
2516 4405 2629 4458 Καὶ
2649 4404 2710 4457 τὸ
2745 4404 2970 4474 Πνεῦμα
2997 4404 3201 4474 ὁμοίως
3226 4420 3239 4434 ’
3258 4398 3318 4458 οὗ
3341 4405 3449 4475 γὰρ
3468 4400 3538 4476 ἦν
3568 4405 3815 4475 Πνεῦμα,

2232 4496 2488 4561 ἐπεζήτει
2516 4498 2548 4568 η
2579 4496 2821 4563 διάνοια,
2851 4491 2931 4559 οἷς
2959 4497 2992 4567 ἡ
3016 4496 3170 4560 νόσος
3200 4495 3261 4549 τὸ
3294 4495 3556 4550 πολύθεον
3581 4497 3689 4550 ἀπὸ
3720 4498 3815 4566 τῆς

2234 4587 2516 4660 σωζούσης
2561 4587 2839 4657 θεολογίας
2874 4586 3147 4658 ἐλάμϐανε
3174 4587 3237 4641 τὸ
3269 4588 3511 4643 ἀνίατον.
3545 4588 3731 4659 Χωρὶς
3762 4589 3817 4641 δὲ

2232 4679 2342 4733 τῶν
2371 4680 2679 4750 εἰρημένων
2713 4679 2836 4732 οὐδὲ
2862 4678 3083 4732 δυνατὸν
3123 4674 3192 4751 ἦν
3217 4718 3233 4744 ,
3265 4678 3519 4750 καθάπερ
3548 4678 3638 4733 τοῦ
3682 4679 3814 4731 Υίοῦ

2232 4772 2328 4825 καὶ
2360 4771 2455 4825 τοῦ
2490 4771 2809 4843 Πνεύματος
2828 4815 2843 4839 ,
2872 4771 3016 4826 οὕτω
3044 4772 3140 4826 καὶ
3164 4773 3225 4825 τὸ
3247 4771 3343 4825 τοῦ
3373 4771 3590 4843 Πατρὸς
3623 4773 3819 4839 σοφαῖς

2239 4866 2481 4937 μεθόδοις
2498 4867 2997 4937 περικαλύπτεσθαι
3021 4868 3333 4938 πρόσωπον.
3353 4866 3577 4937 Πνεῦμα
3594 4866 3692 4934 μὲν
3709 4868 3815 4934 γὰρ

2233 4960 2370 5014 θεοῦ
2394 4960 2557 5033 ρηθέν
2574 4962 2669 5014 καὶ
2698 4961 2811 5025 Δεξ
2815 4962 2894 5027 ιὰ,
2912 4960 3011 5015 καὶ
3032 4961 3243 5030 Σοφία,
3270 4962 3369 5013 καὶ
3392 4961 3647 5027 Δύναμις
3672 4953 3819 5011 οἶδεν

2235 5052 2522 5123 ἐκφεύγειν
2538 5053 2598 5105 τὸ
2612 5053 2710 5122 τῆς
2726 5053 3012 5116 πολυθεῖας
3032 5052 3411 5122 παλίμφημον·
3428 5050 3676 5104 λανθάνει
3706 5050 3818 5120 γὰρ

2233 5145 2361 5207 τοὺς
2374 5144 2603 5208 πολλοὺς
2622 5144 2888 5215 διαφορὰν
2908 5144 3216 5217 προσώπων
3237 5146 3822 5214 συνεπαγόμενον.11α-

2241 5232 2357 5303 tim
2381 5234 2438 5287 δέ
2461 5234 2610 5288 Θεοῦ
2642 5234 2968 5306 κηρυχθεὶς,
2999 5235 3102 5290 κᾶν
3132 5236 3226 5289 τὸν
3253 5236 3576 5307 γεννηθέντα
3601 5235 3818 5300 λάϐοις,

2236 5324 2339 5379 κᾶν
2372 5324 2435 5378 τὸ
2462 5326 2794 5399 ἐκπορευθέν
2817 5367 2833 5392 ,
2877 5326 3063 5382 οὐκέτι
3106 5328 3207 5400 μὲν
3237 5326 3421 5382 λαθεῖν
3454 5326 3563 5400 ἔχοι
3602 5327 3661 5380 τὸ
3699 5326 3823 5381 διας

628 5460 654 5501 ι
696 5461 841 5516 Psal.
882 5478 940 5527 ιι,
977 5459 1030 5513 7.
1118 5459 1139 5500 ι
1174 5458 1536 5526 Psal.:x,10.
1612 5472 1653 5502 ω
1680 5460 1855 5519 Exod.
1884 5476 2005 5527 vni,
2035 5459 2138 5527 l9;
2176 5458 2308 5517 Luc.
2343 5477 2422 5527 ιι,
2452 5459 2546 5516 20.

1811 5596 2043 5655 VARIIE
2093 5596 2503 5654 LECTIONES.

627 5709 687 5798 τί
705 5710 781 5781 μὴ
812 5725 922 5764 om.
947 5727 1032 5781 pr.
1062 5714 1128 5769 A.
1202 5713 1248 5746 "
1374 5722 1567 5771 etmox
1590 5732 1685 5772 του
1716 5717 1913 5773 aad.A.
1965 5715 2014 5751 ⁷⁸
2037 5716 2104 5774 ἂν
2128 5716 2201 5788 μὴ
2228 5716 2420 5791 ῥηθείη
2458 5734 2520 5782 ς.
2594 5718 2637 5751 ⁷⁸
2659 5712 2947 5787 δάκτυλος]
2977 5714 3143 5773 Exod.
3172 5733 3293 5785 vm,
3324 5717 3422 5787 l9;
3450 5717 3574 5776 Luc.
3605 5733 3685 5785 ιι,
3722 5720 3821 5777 20.

648 5798 847 5839 ωσπερ
868 5779 1080 5839 ἔφημεν
1102 5787 1167 5839 A.
1244 5785 1264 5818 "
1374 5801 1483 5839 om.
1515 5788 1579 5839 A.

563 5779 616 5816 ⁷³
648 5779 847 5855 ὥσπερ
868 5779 1080 5857 ἔφημεν
1102 5787 1167 5841 Α.
1244 5779 1292 5818 ⁷⁸
1324 5779 1353 5839 ό
1374 5801 1483 5842 om.
1515 5788 1579 5842 A.
