4014 6414
230 431 320 498 781

1303 410 1835 475 ΒΙΒΙᾸΟΤΗΕΟΑ.
1855 436 1923 445 -
1943 410 2110 475 COD.
2144 413 2426 476 CCXXII.

3370 422 3475 485 782

229 562 388 621 φορον
419 541 653 611 εἰσάγων
678 539 786 595 τῶν
817 537 1199 599 ὕποστάσεων,
1232 533 1341 587 οὐδ’
1367 534 1552 603 ὅμοιον
1587 532 1700 621 ιιὶοῖς
1723 529 1797 621 τὸ

1904 527 2000 582 Dei
2031 530 2372 585 enuntiatum
2407 528 2498 591 sit,
2531 526 2645 583 sive
2686 528 2924 598 genitum
2976 530 3328 598 intellexeris.
3363 537 3478 595 sive

227 617 484 697 πολύθεον
503 634 719 691 νοσοῦσι
734 629 1069 703 προσφέρειν
1092 627 1152 680 τὺ
1171 626 1327 697 ἴαμα.
1350 625 1425 677 Οὑ
1456 622 1553 693 μὲν
1571 617 1664 677 οῦν
1684 620 1800 675 ἀλλ’

226 732 330 789 οὐδ’
368 730 529 802 ετπερ
562 731 591 782 6
624 726 816 796 Πατὴρ
846 723 990 777 κατὰ
1011 721 1071 774 τὸ
1101 718 1336 790 ἔμπαλιν
1358 716 1485 786 χεὶρ
1513 715 1621 770 τοῦ
1665 715 1803 769 Υἰοῦ

228 828 258 895 ἢ
289 823 395 878 τοῦ
447 821 791 889 Πνεύματος
818 812 1134 885 ὠνομάζετο
1156 852 1171 876 ,
1207 809 1581 880 ὑποκρύπτειν
1610 807 1803 861 ἑαυτὸν

236 917 328 969 καὶ
354 915 417 968 τὸ
446 911 694 967 δυαδικδν
715 907 1146 981 περικαλύπτειν
1184 903 1293 958 τῶν
1328 901 1635 974 προσώπων
1674 899 1804 972 ὴδύ-

226 1025 383 1063 νατοσ
415 1007 504 1061 ῖνα
542 1004 617 1076 μὴ
665 1003 814 1072 λέγω
856 1001 931 1064 ὡς
964 999 1087 1053 οὐδὲ
1132 997 1364 1069 ῥηθῆναι
1396 995 1683 1058 παντελῶς
1731 992 1802 1047 τὰ

234 1097 518 1169 εἰρημένα,
562 1095 686 1148 οὔτε
726 1091 851 1147 νοῦν
879 1090 1002 1145 οὔτε
1021 1089 1183 1161 φύσιν
1205 1088 1350 1159 ἔχειν
1378 1087 1552 1150 οὐδεὶς
1572 1085 1638 1140 ἂν
1671 1083 1802 1138 ὑπό-

226 1190 382 1243 θοιτο.
415 1188 515 1241 Διὰ
538 1186 589 1240 τί
608 1185 653 1240 δ’
675 1185 770 1239 οῦν
794 1184 916 1237 κατ’
945 1182 1125 1252 ἀρχὰς
1157 1183 1190 1253 ὴ
1216 1180 1385 1253 Τριὰς
1406 1179 1505 1249 οὐχ
1529 1178 1647 1249 ἅμα
1668 1193 1801 1231 κατ-

226 1281 492 1351 ήγγελτο;
528 1280 610 1333 ὅτι
648 1278 900 1346 καθάπερ
928 1279 1042 1339 τοῖς
1069 1272 1414 1344 όφθαλμιῶσι
1455 1272 1515 1325 τὺ
1546 1270 1798 1342 λαμπρὸν

229 1373 340 1441 φῶς
364 1413 380 1439 ,
409 1372 588 1426 καίτοι
621 1372 888 1440 σωτήριον
916 1368 977 1421 ὃν
1004 1407 1019 1433 ,
1056 1366 1252 1437 ἁθρόον
1299 1364 1758 1417 ὲπιὸλαὸέστατον
1778 1402 1794 1428 ,

222 1464 357 1518 οὕτω
406 1465 502 1519 καὶ
545 1465 659 1527 τοῖς
710 1462 790 1526 εἰς
839 1460 899 1515 τὸ
955 1458 1215 1513 πολύθεον
1263 1455 1795 1526 ἀποτυφλωθεῖσινή

221 1555 469 1626 τριαδικὴ
515 1554 765 1623 θεολογία
797 1550 1058 1623 βλαϐερὸν
1088 1550 1304 1621 ὑπῆρχε
1344 1549 1440 1603 καὶ
1478 1546 1789 1617 ἐπιζήμιον.

233 1646 387 1700 Ἀλλὰ
430 1647 607 1700 ταῦτα
652 1645 753 1716 μὲν
785 1644 863 1715 τῷ
894 1641 1125 1714 φιλοθέῳ
1156 1641 1466 1711 συγγραφεῖ
1497 1641 1593 1693 καὶ
1625 1639 1653 1691 ὁ
1682 1637 1794 1690 τῶν

220 1736 389 1807 λόγων
433 1736 480 1801 ζ’
520 1737 579 1790 ὲν
605 1737 755 1807 τρισὶ⁸
790 1734 1160 1806 φιλοπονεῖται
1203 1729 1518 1799 κεφαλαίοις
1540 1768 1555 1794 ,
1588 1726 1626 1782 ἃ
1656 1726 1798 1797 μετὰ

221 1831 278 1884 τὸ
304 1836 398 1895 κς’
424 1830 521 1883 τὸν
545 1828 839 1884 ἀκόλουθον
868 1827 1104 1900 ἀριθμὸν
1140 1825 1482 1896 ἀναδέχεται.

1905 635 2028 675 eum
2070 621 2160 691 qui
2200 620 2488 690 processit,
2522 636 2861 690 nequaquam
2905 620 3019 689 jam
3060 624 3135 691 id,
3173 629 3301 697 quin
3355 645 3478 698 per-

1903 726 2159 767 sonarum
2211 712 2502 769 discrimen
2547 711 2758 779 aderat,
2791 714 3029 784 ignorari
3075 719 3311 788 amplius
3355 736 3479 789 pos-

1903 807 1998 871 sit,
2026 820 2202 875 neque
2229 806 2406 861 simile
2435 807 2732 862 remedium
2762 806 3083 863 idololatria:
3113 809 3236 866 labe
3260 811 3477 869 infectis

1901 896 2105 952 afferri.
2143 897 2330 966 Itaque
2372 913 2438 952 ne
2474 907 2586 952 tum
2615 897 2856 969 quidem,
2887 898 2930 953 si
2957 900 3120 955 Pater
3143 916 3174 956 e
3204 904 3477 958 contrario

1901 988 2073 1053 Filii,
2134 988 2218 1043 vel
2291 987 2522 1058 Spiritus
2590 989 2761 1043 sancti
2821 1006 3009 1044 manus
3086 992 3474 1059 nominaretur,

1900 1086 2138 1154 seipsum
2208 1082 2575 1147 abscondere,
2628 1092 2681 1136 et
2737 1082 3054 1139 dualitatem
3122 1099 3475 1154 personarum

1899 1188 2187 1247 contegere
2216 1184 2400 1246 posset
2431 1192 2445 1229 :
2482 1189 2549 1228 ne
2578 1173 2683 1229 hoc
2711 1175 2911 1241 dicam,
2936 1177 3203 1232 neminem
3240 1192 3475 1247 unquam

1897 1286 2122 1326 censere
2165 1269 2427 1339 potuisse,
2472 1277 2534 1321 ut
2564 1283 2683 1337 qua:
2722 1284 2868 1324 nunc
2907 1271 3475 1334 commemoravimus,

1895 1361 1980 1415 vel
2025 1360 2250 1413 omnino
2297 1358 2629 1424 dicerentur,
2677 1367 2770 1413 aut
2821 1375 3040 1414 sensum
3091 1360 3351 1430 aliquem,
3386 1373 3479 1416 aut

1895 1453 2109 1523 genium
2148 1451 2353 1506 habere
2383 1450 2779 1519 iudicarentur.
2826 1451 3005 1519 Quare
3042 1453 3207 1523 igitur
3242 1453 3478 1507 Trinitas

1894 1545 1962 1600 ab
2010 1544 2168 1599 initio
2198 1558 2304 1599 non
2349 1543 2599 1613 evulgata
2646 1554 2728 1599 est
2764 1561 2779 1599 :
2823 1545 2974 1614 quia,
3020 1545 3475 1614 quemadmodum

1897 1637 2275 1694 laborantibus
2301 1650 2368 1692 ex
2406 1636 2577 1691 oculis
2629 1637 2967 1704 splendidum
3000 1636 3336 1706 lucisjnbar,
3370 1641 3472 1694 etsi

1894 1725 2258 1790 salutiferum,
2287 1726 2522 1779 maxime
2560 1725 2779 1778 noxium
2819 1734 2922 1790 est,
2954 1726 3027 1779 ita
3075 1734 3130 1780 et
3175 1725 3467 1779 multorum

1897 1819 2121 1875 deorum
2157 1817 2302 1874 cultu
2340 1817 2625 1871 occmcatis
2651 1817 2810 1870 noxia
2849 1826 2967 1871 erat
2997 1816 3282 1871 Trinitatis
3315 1816 3474 1873 theo-

223 1922 391 1993 logia,
463 1939 529 1978 ac
571 1924 871 1994 perniciosa
928 1923 1132 1978 futura.
1189 1920 1391 1977 Verum
1442 1920 1557 1975 haec
1590 1917 1805 1989 quidem
1841 1915 1935 1971 Dei
1971 1929 2161 1970 amans
2200 1915 2434 1984 scriptor
2472 1916 2703 1983 septimo
2744 1912 2881 1968 libro
2903 1913 3078 1970 tribus
3115 1912 3218 1969 illis
3239 1912 3477 1983 graviter

222 2024 516 2085 pertractat
567 2014 856 2083 capitibus,
924 2028 1045 2082 quae
1088 2021 1211 2082 post
1255 2020 1467 2067 sextum
1508 2019 1564 2065 et
1638 2007 1956 2063 vicesimum
1993 2006 2183 2060 ordine
2213 2013 2640 2073 consequuntur.

287 2108 358 2161 Τὸ
386 2108 445 2163 δὲ
476 2107 799 2180 τριακοστὸν
829 2103 978 2178 αὐτῷ
1007 2104 1303 2175 κεφάλαιον
1340 2102 1594 2171 διέξεισιν
1639 2101 1714 2164 ὡς
1758 2101 1787 2154 6

1963 2096 2319 2152 Tricesimum
2376 2109 2503 2148 vero
2545 2102 2706 2163 caput
2754 2095 3124 2165 persequitur,
3160 2103 3218 2148 ut
3264 2094 3476 2163 primus

226 2202 433 2271 πρῶτος
483 2200 706 2271 σεισμὸς
754 2199 1001 2270 θεμέλιος
1030 2197 1109 2269 τῷ
1143 2196 1188 2269 β’
1205 2194 1540 2268 ’γεγένηται,
1589 2193 1687 2247 καὶ
1730 2193 1791 2246 οὐ

229 2291 380 2365 μόνον
408 2294 528 2356 τοῖς
556 2292 697 2346 κατὰ
726 2292 931 2346 Μωσέα
957 2292 1255 2364 συνήνεγκε
1282 2289 1416 2343 Θεὸν
1445 2289 1536 2342 τὸν
1577 2287 1794 2360 Πατέρα

228 2382 461 2453 κηρύξας
492 2422 509 2445 .
566 2383 703 2437 ἀλλὰ
749 2385 980 2446 καὶτοῖς
1012 2384 1070 2437 ἐν
1104 2385 1167 2453 τῇ
1198 2382 1401 2453 χάριτι.
1439 2379 1532 2446 Ἐξ
1568 2373 1641 2434 ὧν
1686 2379 1795 2452 γὰρ

225 2473 309 2526 τὸν
342 2475 477 2527 Θεὸν
506 2475 728 2545 Πατέρα
752 2476 862 2528 τῶν
883 2473 1188 2547 ἀνθρώπων
1213 2472 1530 2543 νομίζεσθαι
1555 2473 1753 2526 ἔδωκεν
1776 2512 1792 2537 ,

226 2564 443 2627 ἕκαστος
460 2564 510 2595 ’⁷
563 2563 670 2617 τῶν
713 2562 956 2634 γνησίως
998 2560 1440 2632 προσανεχόντων
1489 2559 1607 2624 Θεῷ
1662 2557 1796 2625 Υἰύς

228 2654 369 2709 Θεοῦ
406 2653 640 2718 εἰκότως
669 2653 882 2723 ἐλέγετο
906 2670 921 2686 ·
961 2654 1024 2707 ὲκ
1049 2652 1111 2705 δὲ
1150 2651 1339 2705 τούτου
1375 2649 1510 2721 θύρα
1545 2651 1639 2704 καὶ
1679 2650 1797 2713 ὁδὸς

227 2748 286 2815 τῇ
325 2744 415 2799 διὰ
445 2746 653 2817 σαρκὸς
678 2746 960 2818 οἰκονομίᾳ
992 2742 1404 2811 ὑπανοίγνυται.
1449 2741 1540 2794 Διὸ
1582 2740 1676 2795 καί⁵
1706 2740 1797 2793 τὸν

230 2836 348 2889 Υἰὸν
372 2839 401 2890 6
434 2836 480 2907 β’
510 2837 801 2909 κηρύττων
828 2835 1050 2907 σεισμὸς
1072 2876 1087 2901 ,
1112 2835 1187 2898 ὡς
1211 2833 1312 2905 ήδη
1340 2834 1603 2904 συνήθους
1630 2831 1796 2902 οὖσης

228 2928 316 2996 τῆς
345 2929 536 2999 φωνῆς
565 2928 661 2983 καὶ
703 2928 800 2983 ἐπὶ
818 2928 993 2999 ψιλῶν
1043 2925 1346 2995 ἀνθρώπων
1392 2925 1666 2991 τίθεσθαι,
1699 2924 1799 2995 οὐχ

228 3020 360 3073 οὕτω
383 3022 520 3085 τοὺς
553 3020 853 3085 ἀκούοντας
881 3019 1237 3092 ἑξετάραττεν
1260 3060 1277 3087 ,
1323 3019 1391 3074 ἐκ
1415 3018 1515 3089 τῆς
1548 3019 1798 3089 χρήσεως

227 3112 319 3181 τῆς
351 3111 583 3184 πρώτης
613 3113 888 3184 Διαθήκης
938 3111 1402 3175 καταλεανθέντας
1448 3108 1547 3173 τὰς
1594 3108 1796 3175 ἀκοὰς,

230 3203 317 3256 καὶ
342 3204 535 3258 οὐκέτι
567 3206 702 3277 πρὸς
743 3204 842 3276 τὴν
867 3203 1049 3277 φωνὴν
1077 3204 1251 3267 οὕτως
1274 3206 1620 3276 ὲμεμήνεσαν
1643 3243 1659 3269 ,
1689 3202 1800 3256 ῶσ-

231 3313 327 3366 περ
372 3297 665 3366 ἐμαίνοντο
688 3296 753 3351 ἂν
778 3336 794 3361 ,
838 3298 891 3351 εἰ
926 3297 1001 3368 μὴ
1032 3297 1271 3369 συνήθης
1327 3297 1511 3359 αὐτοῖς
1540 3295 1649 3349 ἀπὸ
1700 3294 1802 3365 τῆς

233 3386 467 3451 Παλαιᾶς
502 3386 750 3454 ἐγεγόνει
779 3386 1075 3458 Διαθήκης.
1110 3386 1322 3457 Ὠσπερ
1351 3387 1406 3439 δὲ
1446 3386 1541 3439 ἐπὶ
1580 3386 1680 3456 τῆς
1719 3403 1804 3440 νο-

1897 2199 2078 2247 motus
2125 2196 2287 2244 terra:
2337 2188 2749 2243 fundamentum
2804 2186 3029 2242 alterius
3081 2186 3267 2251 fuerit,
3315 2197 3479 2257 utque

1898 2299 2005 2339 non
2045 2282 2219 2337 solum
2255 2282 2321 2336 iis
2369 2279 2461 2350 qui
2510 2280 2613 2334 sub
2663 2278 2810 2333 Mose
2851 2280 3122 2344 vixerunt,
3159 2278 3326 2334 Deum
3368 2278 3478 2333 Pa-

1897 2384 2033 2431 trem
2067 2373 2258 2446 19Αὸ
2296 2374 2643 2444 ρνιειίἰςεηάο
2678 2373 2964 2443 profuerit,
3003 2373 3097 2428 sed
3128 2382 3184 2428 et
3210 2375 3303 2442 qui
3338 2382 3479 2427 tem-

1897 2482 2027 2537 pore
2071 2467 2279 2538 gratiae.
2322 2465 2616 2536 Postquam
2666 2465 2812 2521 enim
2862 2464 3042 2520 effecit
3095 2474 3154 2519 nt
3193 2465 3335 2521 Deus
3375 2466 3477 2521 ho—

1898 2560 2102 2613 tninum
2151 2556 2317 2611 Pater
2361 2556 2730 2612 crederetur:
2769 2573 2893 2611 mox
2942 2557 3108 2612 etiam
3160 2560 3476 2630 quicunque

1898 2652 1955 2707 in
1983 2648 2094 2704 Deo
2141 2648 2397 2705 ﬁduciam
2441 2649 2754 2716 collocaret,
2798 2650 2992 2704 merito
3025 2648 3122 2704 Dei
3174 2649 3346 2705 Filius
3381 2667 3478 2721 ap-

1898 2742 2149 2813 pella‘tnr.
2184 2740 2340 2798 Unde
2385 2742 2652 2813 patefacta
2709 2742 2898 2812 janua,
2940 2753 2995 2797 et
3038 2745 3123 2798 via
3168 2755 3355 2815 aperta
3394 2752 3481 2799 est

1901 2836 1967 2891 ad
2015 2837 2445 2893 incarnationem
2488 2835 2943 2905 cognoscendam.
2990 2833 3160 2902 Quam
3202 2836 3365 2891 etiam
3406 2836 3481 2891 ob

1900 2943 2121 2983 causam
2172 2930 2295 2983 dum
2369 2928 2564 2984 Filium
2620 2927 2888 2983 secundus
2944 2927 3034 2982 ille
3088 2937 3246 2982 terra:
3303 2936 3480 2983 motus

1902 3020 2224 3090 praedicaret
2257 3021 2421 3092 (quod
2442 3022 2555 3091 jam
2587 3030 2904 3075 consuetum
2941 3030 3090 3074 esset
3125 3020 3262 3074 hanc
3291 3035 3478 3076 vocem

1900 3114 1966 3169 de
2006 3113 2167 3169 meris
2188 3129 2401 3185 quoque
2437 3114 2749 3169 hominibus
2780 3112 3087 3184 usurpare),
3126 3129 3233 3167 non
3266 3114 3347 3169 sic
3382 3130 3480 3168 an-

1900 3204 2105 3261 ditores
2149 3206 2401 3262 turbabat
2441 3207 2639 3275 prioris
2671 3205 3009 3262 Testamenti
3061 3221 3157 3260 usu
3214 3205 3479 3276 mitigatis

1902 3294 2149 3359 auribus,
2184 3302 2241 3348 ut
2272 3310 2376 3350 non
2410 3296 2651 3366 amplius
2691 3295 2771 3351 sic
2812 3296 2962 3351 vocis
2999 3295 3159 3365 hujus
3196 3297 3483 3351 occasione

1902 3385 2304 3454 insaniverint,
2368 3388 2821 3457 quemadmodum
2889 3386 3306 3455 insanivissent,
3377 3387 3482 3443 nisi

235 3478 389 3549 μικῆς
437 3478 725 3542 πολιτείας
774 3478 835 3532 τὺ
859 3480 1225 3550 κηρύττεσθαι
1253 3479 1344 3533 τὸν
1372 3480 1499 3534 Υἰὺν
1530 3480 1799 3551 λαμπρῶς

1908 3479 2110 3533 usitata
2136 3479 2242 3535 illis
2270 3495 2369 3551 per
2393 3478 2560 3535 Vetus
2593 3480 3005 3536 Testamentum
3045 3495 3166 3537 esse
3206 3481 3479 3551 erupisset.

231 3567 261 3637 ἢ
304 3569 362 3622 τὸ
401 3567 637 3639 Πνεῦμα
660 3610 675 3633 ,
701 3568 769 3623 δι’
800 3570 865 3632 ἃς
914 3570 1093 3634 αἰτίας
1141 3572 1508 3644 προείπομεν,
1552 3572 1677 3644 [320
1706 3571 1800 3643 IL]

232 3664 333 3725 τοῖς
358 3661 438 3715 ἔτι
472 3662 576 3726 τὰς
601 3661 763 3725 οὐλὰς
790 3662 892 3733 τῆς
920 3662 1182 3716 πολυθέου
1224 3663 1440 3735 πληγῆς
1485 3666 1544 3717 ὲν
1592 3665 1804 3727 ἑαυτοῖς

232 3750 483 3821 φέρουσιν
507 3790 525 3815 ,
554 3752 681 3823 [620
712 3752 807 3825 Ρι.]
847 3752 990 3805 οὕτω
1018 3753 1083 3824 δὴ
1112 3755 1208 3807 καὶ
1235 3755 1296 3807 τὸ
1326 3754 1674 3824 σαρκωθῆναι
1706 3755 1804 3824 μὲν

233 3841 313 3895 τὸν
334 3844 560 3916 Πατέρα
583 3846 616 3916 ἢ
638 3844 700 3898 τὸ
724 3845 951 3917 Πνεῦμα
968 3885 985 3912 ,
1010 3846 1395 3900 συνεσκιάσθαι
1414 3846 1472 3898 δὲ
1501 3847 1596 3900 καὶ
1621 3847 1805 3900 λαϐεῖν

238 3933 379 4004 ἰσχὺν
406 3939 490 4000 εἰς
526 3936 587 3989 τὸ
614 3936 795 3990 λαθεῖν
815 3978 830 4003 ,
861 3937 920 3990 ὃν
952 3938 1150 4008 τρόπον
1178 3939 1272 3990 ἐπὶ
1295 3937 1387 3990 τοῦ
1416 3937 1546 3991 Υἰοῦ
1564 3979 1578 4004 ,
1612 3939 1806 3991 ἀδύνα-

233 4041 317 4078 τον
350 4022 437 4097 ἦν.
470 4028 539 4080 Εἰ
575 4029 684 4099 γὰρ
706 4032 801 4081 καὶ
830 4029 1018 4097 κοινῆς
1062 4028 1233 4100 οὔσης
1289 4028 1383 4083 καὶ
1434 4030 1806 4100 τετριμμένης

236 4115 326 4185 τῆς
350 4117 445 4169 τοῦ
476 4117 613 4170 Υἰοῦ
647 4119 1018 4191 προσηγορίας
1051 4119 1201 4189 ὅμως
1222 4118 1314 4173 τὸν
1343 4118 1473 4171 Υἰὸν
1503 4118 1679 4190 σάρκα
1708 4119 1806 4172 λα-

237 4207 423 4274 ϐόντα,
455 4212 544 4265 ὅτι
580 4212 727 4266 Θεοῦ
766 4213 1093 4285 γιον-(ὅπερ
1121 4208 1220 4283 ἦν)
1245 4211 1430 4279 ἔλεγεν
1457 4212 1647 4265 ἑαυτὸν
1666 4255 1681 4279 ,
1712 4212 1808 4267 καὶ

238 4306 496 4372 κρημνοῖς
525 4302 726 4367 ἐξῶσαι
759 4305 853 4357 καὶ
874 4305 1179 4375 ραπίσμασι
1221 4305 1465 4375 βαλεῖν¹¹⁸
1497 4306 1593 4359 καὶ
1635 4306 1697 4359 τὸ
1719 4323 1809 4359 τε-

239 4390 478 4449 λευταῖον
514 4396 733 4468 σταυρῷ
774 4397 1080 4469 ἀναρτῆσαι
1119 4400 1463 4471 ἐξεμάνησαν
1484 4440 1499 4464 ,
1534 4398 1586 4451 τί
1613 4397 1711 4451 οὐκ
1741 4398 1807 4452 ἂν

242 4482 501 4555 ἐποίησαν
534 4489 628 4540 καὶ
673 4490 829 4542 αὐτοὶ
860 4494 953 4543 καὶ
995 4492 1043 4543 οἰ
1098 4491 1339 4562 μαθηταὶ
1379 4489 1566 4543 δούλου
1598 4488 1811 4560 μορφὴν

244 4575 505 4645 ὁρῶντες,
540 4581 589 4632 εἰ
618 4583 647 4633 6
678 4582 985 4652 σαρκωθεὶς
1028 4582 1213 4651 ἔλεγεν
1236 4624 1252 4650 ,
1293 4582 1439 4652 Ἐγώ
1480 4583 1594 4651 εἰμι
1624 4584 1657 4635 ό
1692 4585 1812 4636 Ha-

243 4669 368 4737 τὴρ,
394 4673 425 4743 ἢ
449 4673 521 4726 τὸ
538 4675 783 4745 Πνεῦμα
814 4675 881 4729 τὸ
918 4676 1125 4746 (inor;
1158 4675 1300 4729 ὥστε
1326 4676 1386 4729 τὸ
1410 4676 1519 4729 πᾶν
1546 4676 1645 4745 τῆς
1675 4675 1814 4727 οἰκο-

1903 3572 2073 3638 Quem
2102 3572 2246 3627 enim
2292 3574 2360 3628 ad
2408 3574 2628 3629 modum
2670 3575 2773 3630 sub
2823 3574 2940 3644 lege
2969 3576 3088 3629 Filii
3125 3584 3217 3629 aut
3249 3574 3484 3644 Spiritus

1909 3674 2095 3733 aperta
2145 3666 2542 3735 promulgatio,
2596 3666 2666 3720 ob
2712 3678 2845 3732 eas,
2901 3680 3036 3735 quas
3077 3678 3236 3721 antea
3287 3680 3483 3720 causas

1905 3755 2161 3823 diximus,
2199 3760 2355 3811 noxia
2388 3757 2503 3811 fore
2546 3757 2829 3812 videbatur
2871 3759 2958 3821 iis,
2989 3758 3081 3827 qui
3124 3758 3300 3812 adhuc
3338 3757 3484 3812 cica—

1906 3848 2068 3903 trices
2115 3848 2300 3903 inﬂicti
2333 3866 2362 3902 a
2398 3850 2623 3903 deorum
2661 3849 3004 3905 multitudine
3045 3850 3282 3904 vulneris
3323 3863 3482 3919 gerev

1904 3936 2055 3992 baut.
2095 3936 2189 3992 Sic
2238 3948 2386 3993 certe
2435 3938 2652 3994 Patrem
2684 3939 2768 3994 vel
2805 3939 3065 4009 Spiritum
3110 3950 3358 3995 sanctum
3397 3940 3485 3993 iu-

1911 4030 2144 4096 carnari,
2180 4030 2478 4099 umbraque
2526 4030 2655 4101 tegi,
2712 4041 2769 4085 et
2803 4030 3001 4086 latendi
3036 4031 3284 4099 accipere
3316 4029 3488 4084 facul-

1911 4129 2073 4174 tatem
2106 4119 2190 4191 (ut
2216 4120 2270 4175 in
2302 4120 2441 4175 Filio
2470 4121 2696 4190 factum)
2731 4119 3067 4192 impossibile
3100 4120 3311 4176 fuisset.
3350 4120 3484 4175 Nam

1908 4212 1953 4265 si
2009 4221 2119 4265 tum
2172 4226 2422 4283 quoque,
2481 4228 2603 4269 cum
2662 4212 2786 4269 Filii
2840 4213 3130 4285 appellatio
3183 4214 3487 4268 communis

1910 4312 2078 4370 esset,
2110 4313 2273 4374 atque
2316 4319 2414 4359 usu
2462 4307 2612 4369 trita,
2646 4308 2819 4376 ipsum
2867 4314 3047 4359 tamen
3093 4304 3288 4359 Filium
3323 4319 3488 4360 carne

1913 4393 2155 4449 indutum
2224 4396 2347 4466 quia
2414 4396 2506 4452 Dei
2560 4396 2763 4452 Filium
2817 4397 2993 4468 (quod
3044 4400 3194 4467 erat)
3248 4396 3486 4466 seipsum

1912 4486 2049 4541 dixit
2089 4497 2141 4553 υ,
2168 4505 2231 4543 ex
2262 4491 2479 4544 editiori
2525 4490 2643 4546 loco
2686 4491 3050 4561 praecipitare,
3080 4500 3133 4544 et
3180 4490 3350 4557 alapis
3390 4504 3486 4543 ex-

1912 4578 2098 4648 cipere
2149 4594 2200 4645 ο,
2229 4596 2292 4634 ac
2325 4583 2540 4635 tandem
2571 4583 2720 4636 cruci
2762 4581 2967 4638 furiose
3000 4580 3216 4652 alligere
3250 4578 3485 4649 aggressi

1914 4679 2059 4731 sunt,
2088 4673 2230 4741 quod
2281 4688 2385 4725 non
2437 4674 2698 4728 fecissent
2732 4685 2789 4728 et
2824 4674 2950 4741 ipsi,
2982 4684 3037 4727 et
3070 4671 3340 4742 discipuli,
3374 4669 3487 4742 [so-

246 4762 428 4860 νομίας
475 4764 797 4834 θεοπρεπῶς
845 4782 906 4818 τε
953 4766 1049 4820 καὶ
1095 4767 1236 4837 ὑπὲρ
1269 4766 1428 4835 λόγον
1474 4767 1570 4819 καὶ
1601 4765 1801 4820 ἔννοιαν

1914 4762 2048 4836 lam]
2078 4765 2217 4819 servi
2250 4765 2492 4819 videntes
2519 4764 2770 4832 formam,
2801 4766 2846 4821 si
2879 4766 3193 4820 incarnatus
3217 4764 3444 4818 dixisset
3471 4781 3487 4816 :

247 4844 725 4922 διεπραγματεύθη
748 4891 765 4917 ,
807 4854 901 4905 καὶ
920 4853 1018 4924 τὴν
1046 4853 1152 4909 τῶν
1186 4852 1487 4925 ἀνθρώπων
1531 4854 1801 4924 σωτηρίαν

1916 4858 2030 4926 Ego
2068 4872 2183 4909 sunt
2224 4857 2406 4922 Pater,
2441 4856 2524 4911 vel
2568 4855 2802 4926 Spiritus
2827 4859 3089 4912 sanctus?
3125 4856 3267 4926 Ergo
3291 4854 3489 4909 divini-

250 4936 641 5010 ἀπειργάσατο.

318 5205 454 5258 Κατ’
479 5207 653 5279 ἀρχὰς
685 5209 869 5281 μέντοι
900 5212 928 5265 ὁ
958 5212 1133 5281 Λόγος
1166 5213 1226 5266 οὐ
1249 5213 1593 5287 σεσάρκωται
1624 5215 1717 5268 καί
1745 5214 1813 5268 δι’

256 5293 409 5361 ἄλλας
443 5301 543 5371 μὲν
568 5302 782 5370 αἰτίας,
824 5305 914 5358 καὶ
938 5306 1079 5360 διότι
1126 5307 1228 5359 οὐκ
1268 5307 1375 5359 ἔδει
1421 5307 1579 5370 εὐθὺς
1604 5307 1664 5361 τὸ
1717 5308 1814 5379 μέ-

257 5399 433 5456 γιστον
478 5391 588 5445 τῶν
635 5396 944 5466 φαρμάκων
990 5399 1104 5461 τοῖς
1133 5395 1352 5450 νοσοῦσι
1387 5400 1771 5467 προσενεγκεῖν
1794 5438 1812 5464 ,

328 5541 355 5569 η
384 5532 516 5592 Luc.
550 5552 626 5604 tv,
660 5538 751 5593 29.
828 5545 856 5576 ο
889 5537 1058 5595 Marc.
1092 5554 1206 5606 xrv,
1242 5537 1344 5606 65;
1378 5536 1538 5594 Joan.
1574 5554 1693 5605 xu,
1721 5538 1775 5593 5.

1925 4956 2031 5013 tus,
2065 4956 2121 5001 et
2148 4962 2307 5015 supra
2339 4962 2499 5014 quam
2530 4947 2633 5001 dici
2667 4962 2732 5001 ac
2760 4947 2983 5018 cogitari
3015 4945 3208 5015 possit,
3236 4946 3489 5000 universa

1923 5039 2107 5093 mundi
2144 5038 2463 5108 gubernatio
2504 5055 2608 5094 una
2661 5055 2784 5095 cum
2833 5038 3112 5095 hominum
3153 5035 3327 5092 salute
3363 5049 3490 5102 pro-

1922 5137 2107 5182 curata
2148 5138 2252 5182 est.

1996 5222 2247 5277 Attamen
2282 5240 2407 5280 mox
2436 5226 2505 5279 ab
2537 5224 2695 5280 initio
2732 5222 2969 5279 Verbum
3019 5222 3356 5277 incarnatum
3386 5232 3490 5271 non

1922 5323 2041 5378 est,
2092 5331 2214 5370 cum
2269 5317 2391 5373 aliis
2438 5317 2505 5373 de
2558 5317 2756 5385 causis,
2795 5326 2907 5371 tum
2959 5316 3160 5371 idcirco
3200 5311 3339 5382 quod
3386 5324 3493 5364 non

1922 5416 2197 5477 oporteret
2228 5411 2414 5468 statim
2458 5411 2756 5467 maximum
2792 5411 3244 5465 medicamentum
3286 5399 3494 5458 morbi-

1519 5702 1756 5760 VARIIE
1789 5705 2192 5768 LECTIONES.

335 5801 375 5831 ’τ
399 5799 630 5856 ἕκαστον
657 5818 723 5867 ς.
790 5800 835 5833 ⁷³
862 5800 1043 5871 βαλεῖν
1067 5814 1207 5856 corr.
1249 5800 1293 5854 A
1331 5816 1346 5854 :
1383 5796 1567 5851 λασεῖν
1603 5814 1666 5862 ς.
