4014 6412
245 413 350 480 785

1322 409 1850 474 BIBLIOTHECA.
1873 428 1944 441 --
1977 405 2142 470 COD.
2181 409 2460 470 CCXXII.

3407 412 3511 474 786

247 523 584 596 αστράπτειν
612 525 708 579 καὶ
735 524 803 578 τά
831 524 1151 594 πράγματα,
1185 522 1296 594 ἠδὲ
1325 521 1432 573 τῶν
1460 520 1636 591 ἔργων
1660 520 1830 589 ὑπερο

1961 520 2310 574 :xcedentium
2359 531 2412 576 et
2449 519 2756 574 divmorum
2809 534 3032 589 operum
3089 524 3338 590 patratio,
3391 541 3509 580 vcr-

251 618 390 688 φυὴς
433 617 533 670 καὶ
587 615 897 686 θεοπρεπὴς
944 614 1203 680 ἐπίδειξις
1256 615 1351 667 καὶ
1397 612 1505 666 τῶν
1569 610 1830 681 ῥημάτων

253 709 552 779 συνανυψοί
581 709 682 779 τὴν
705 708 1006 760 εὐτέλειαν.

339 799 606 854 Ἐνταῦθα
638 800 696 854 δὲ
727 800 823 854 καὶ
859 800 1025 871 ῥητοῦ
1053 817 1198 863 τινος
1243 793 1602 865 εὐαγγελικοῦ
1627 794 1673 827 ⁸⁸
1707 794 1835 847 ἁνα-

255 891 487 946 πτὺσσει
517 891 760 946 διάνοιαν
781 891 880 945 τοῦ
908 892 1179 961 λέγοντος,
1217 890 1278 944 Τί
1292 889 1339 922 ⁸⁷
1363 889 1537 942 ἐστιν
1563 887 1832 941 εὐκοπώ-

253 997 429 1050 τερον
457 979 670 1047 εἰπεῖν,
703 981 1017 1049 Ἀφέωνταί
1037 996 1154 1035 σου
1177 982 1236 1033 αἱ
1259 979 1555 1048 ἁμαρτίαι,
1584 977 1623 1048 ἢ
1646 979 1836 1048 Ἔγει-

248 1091 351 1142 ραι
372 1073 422 1105 ⁸³
470 1074 568 1126 καὶ
613 1072 956 1140 περιπάτεις
999 1070 1390 1142 Εὐκοπώτερον
1409 1071 1469 1125 δέ
1495 1087 1659 1142 φησιν
1695 1066 1835 1124 εἶναι

256 1168 317 1220 τὸ
347 1185 592 1237 πρωτον,
637 1169 718 1220 ὅτι
747 1167 810 1218 τὸ
860 1167 959 1236 μὲν
990 1165 1290 1235 ἀφέωνται
1321 1166 1422 1220 οὐκ
1457 1165 1570 1236 ἔχει
1599 1165 1699 1234 τὴν
1727 1163 1835 1218 τῶν

259 1260 524 1330 ῥημάτων
553 1259 836 1330 προφορὰν
864 1260 940 1322 ὡς
974 1257 1034 1324 ἐξ
1063 1259 1196 1322 ἰδίας
1218 1257 1461 1321 ἐξουσίας
1490 1255 1839 1326 προφερομέ-

236 1370 356 1435 ,νην
388 1355 484 1406 καὶ
531 1352 952 1424 προστάγματος
996 1350 1170 1421 (οὐδὲν
1203 1351 1310 1420 γὰρ
1355 1348 1557 1403 κωλύει
1604 1349 1698 1400 καὶ
1746 1347 1838 1400 τὸν

261 1446 339 1515 μὴ
375 1446 506 1500 ὅντα
540 1449 638 1517 τῆς
686 1446 934 1514 ἀφέσεως
967 1444 1173 1515 Κύριον
1220 1441 1678 1509 εὐαγγελίσασθαι
1709 1439 1840 1492 ταύ-

1934 611 2124 665 bornm
2154 627 2261 665 una
2294 626 2479 664 secum
2511 609 2874 665 humilitatem
2909 610 3152 668 extollat.

2007 793 2171 848 Porro
2187 792 2289 846 hoc
2314 789 2437 846 loco
2464 789 2592 844 dicti
2624 787 2908 858 cujusdam
2944 789 3242 855 evangelici
3268 805 3510 853 sensum,

1934 886 2197 955 exponit:
2228 884 2367 950 Quid
2418 894 2492 938 est
2525 881 2741 952 facilius
2765 883 2939 936 dicere
2965 898 2984 937 :
3018 881 3372 936 Dimittuntur
3423 885 3515 936 tibi

1934 989 2145 1049 peccata
2182 990 2293 1042 tua,
2336 994 2402 1030 an
2430 978 2597 1030 dicere
2615 991 2633 1028 :
2661 974 2829 1046 Surge
2846 984 2895 1027 ct
2927 971 3145 1027 ambula
3172 975 3240 1028 tt?
3284 975 3516 1030 Facilius

1937 1083 2116 1126 autem
2148 1071 2380 1140 primum
2416 1083 2538 1122 esse
2556 1067 2708 1129 dicit,
2736 1066 2995 1136 quoniam
3028 1064 3182 1132 illud,
3213 1065 3507 1119 Dimittun-

1939 1175 2044 1229 tur,
2097 1178 2203 1216 non
2257 1177 2376 1215 eam
2431 1161 2595 1214 habet
2641 1161 2936 1212 verborum
2990 1158 3512 1227 pronuntiationem,

1938 1258 2092 1328 quasi
2140 1273 2206 1311 ex
2277 1254 2491 1325 propria
2537 1251 2864 1308 auctoritate
2913 1254 3244 1322 proprioque
3286 1251 3516 1321 imperio

1941 1351 2294 1420 proferretur.
2335 1346 2478 1400 Nihil
2523 1346 2669 1399 enint
2703 1344 2952 1416 prohibet
2980 1345 3049 1398 al)
3080 1344 3170 1398 illo
3200 1343 3393 1408 etiam,
3425 1345 3516 1413 qui

1941 1441 2059 1505 ejus
2091 1452 2430 1507 nequaquam
2463 1437 2536 1490 sit
2566 1436 2845 1499 dominus,
2885 1435 3263 1490 remissionem
3295 1450 3516 1489 annun-

255 1541 402 1606 την),
455 1538 516 1590 τὸ
571 1537 648 1601 δὲ,
685 1537 944 1605 Ἐγειραι
997 1535 1095 1588 καὶ
1149 1533 1458 1602 περιπάτει
1505 1533 1841 1600 Δεσποτικῆς

1970 1533 2092 1586 iari.
2127 1532 2196 1584 At
2224 1549 2238 1584 :
2273 1528 2441 1599 Surge
2471 1537 2517 1581 et
2541 1526 2781 1592 ambula,
2809 1537 2982 1581 totum
3017 1541 3047 1580 a
3073 1525 3359 1580 Dominico
3389 1539 3522 1592 pen-

257 1627 381 1680 ὃλον
415 1628 768 1698 προστάξεως
823 1628 1078 1698 ἢρτηται,
1115 1627 1290 1689 ἄλλως
1320 1641 1380 1678 τε
1415 1624 1472 1678 δὲ
1506 1623 1598 1678 καὶ
1646 1623 1728 1678 ὅτι
1777 1621 1838 1676 τὸ

1961 1627 2034 1680 let
2066 1621 2311 1694 imperio.
2337 1619 2648 1674 Prmsertim
2687 1633 2811 1672 cum
2853 1617 3010 1688 [illud
3055 1615 3248 1688 195b
3285 1615 3451 1688 Surge
3473 1625 3524 1668 et

262 1722 520 1790 Ἐ’τειραι
553 1720 654 1774 καὶ
688 1719 1018 1787 περιπάτει,
1063 1718 1384 1786 ἀδιάϐλητον
1440 1717 1607 1788 φέρον
1660 1715 1842 1787 ἔργοις

1961 1714 2192 1778 imbuta,
2246 1708 2782 1780 irreprehensibilem
2839 1708 3000 1763 rebus
3060 1707 3194 1775 ipsis
3251 1704 3526 1760 aﬂerendo

258 1812 359 1883 τὴν
389 1811 710 1866 αὐθεντειαν
726 1812 794 1876 ⁸⁹,
821 1813 915 1864 καὶ
945 1811 1046 1880 τὴν
1087 1812 1281 1878 ἄφεσιν
1322 1809 1734 1878 συμπεριεῖχεν.
1783 1805 1842 1859 ’0

1961 1805 2350 1865 tuetoritatem,
2383 1802 2557 1871 ipsam
2602 1813 2823 1870 quoque
2866 1798 3252 1853 remissionem
3285 1793 3524 1863 comple-

262 1869 373 1974 γάρ
413 1905 536 1968 δοὺς
578 1904 680 1974 τὴν
718 1869 876 1974 χάριν
923 1869 1020 1956 τοῦ
1057 1869 1295 1971 βαόξζειν
1321 1869 1567 1970 δηλονότι
1593 1869 1688 1952 καὶ
1711 1897 1840 1961 τῶν,

1961 1910 2207 1956 :leretnr.
2253 1895 2358 1964 Qui
2403 1869 2548 1949 enim
2605 1869 2915 1948 ambulandi
2969 1890 3200 1960 gratiam
3251 1887 3522 1949 donabat,

259 1996 409 2068 ὑπὲρ
457 1989 533 2049 ὧν
579 1996 862 2064 κατείχετο
890 1995 954 2065 τῇ
997 1993 1164 2062 νόσῳ,
1206 1989 1707 2062 πλημμελημάτων
1742 1989 1842 2060 τὴν

261 2089 457 2158 ἄφεσιν
513 2085 894 2142 συναπεδίδου.
943 2085 1212 2138 Δεσπότου
1242 2083 1297 2138 δὲ
1329 2082 1712 2154 φιλανθρώπου
1751 2081 1846 2135 καὶ

261 2181 362 2250 τὴν
399 2181 638 2250 μάστιγα
666 2181 777 2241 τοῖς
806 2178 1212 2248 ἁμαρτάνουσιν
1262 2177 1574 2243 ἐπαφεῖναι,
1610 2174 1706 2228 καὶ
1745 2172 1846 2241 τῆς

264 2274 483 2344 πληγῆς
531 2273 668 2341 μετὰ
696 2271 792 2326 τοῦ
836 2271 1178 2340 πταίσματος
1216 2267 1308 2321 τὸν
1349 2267 1630 2338 πληγέντα
1671 2265 1847 2320 άπαλκ

264 2368 452 2432 λάξαι.
483 2366 656 2429 Εἰδὼς
690 2365 746 2418 δὲ
776 2365 838 2418 τὸ
868 2365 1027 2434 ἔργον
1055 2361 1150 2416 καὶ
1177 2360 1277 2432 τὴν
1307 2361 1502 2429 ἄφεσιν
1527 2359 1640 2412 τῶν
1663 2360 1848 2429 ἡμαρ-

263 2459 521 2530 τημὲνων
549 2455 912 2524 πιστούμενον
938 2453 1035 2507 καὶ
1057 2453 1155 2522 τὴν
1195 2451 1515 2505 δεσποτείαν
1540 2449 1636 2502 τοῦ
1667 2449 1852 2518 ἀφιέν-

263 2569 356 2616 τος
395 2550 862 2620 ἐπιδεικνύμενον,
906 2547 1100 2614 ἐπάγει
1121 2546 1191 2579 θοι
1247 2545 1372 2599 ἰνα
1424 2542 1493 2596 δὲ
1537 2540 1735 2611 εἰδῆτε
1763 2540 1852 2594 ὅτι

264 2645 563 2707 ἐξουσίαν
612 2642 739 2712 ἔχει
789 2645 822 2695 ὀ
869 2640 1002 2707 Υἱὸς
1035 2639 1141 2694 τοῦ
1175 2638 1512 2706 ἀνθρώπου,
1550 2638 1645 2690 καὶ
1701 2635 1849 2705 ἑξῆς.

278 2736 606 2802 Ἀναγκαῖον
653 2733 712 2786 δὲ
763 2729 834 2805 ἦν
880 2733 940 2785 τὸ
983 2729 1398 2793 ἐπισκιάζεσθαι
1437 2728 1498 2781 τὸ
1554 2729 1854 2797 μυστήριον

265 2830 366 2896 τῆς
404 2825 499 2878 τοῦ
535 2825 710 2894 Λόγου
767 2823 1100 2896 σαρκώσεως
1128 2823 1218 2878 διά
1257 2839 1316 2875 τε
1347 2821 1408 2874 τὸ
1457 2820 1712 2889 γενέσθαι
1741 2822 1856 2882 τοῖς

1947 1993 2088 2048 idem
2114 1990 2372 2045 nimirum
2397 1995 2745 2058 peccatorum
2771 1984 2958 2046 etiam,
2984 1983 3054 2036 ob
3069 1995 3190 2051 quae
3221 1978 3412 2034 morbo
3436 1977 3527 2032 illo

1951 2085 2274 2147 tenebatur,
2327 2079 2708 2136 remissionem
2777 2074 3096 2129 conferebat
3147 2089 3160 2126 :
3206 2066 3526 2141 perlmmani

1948 2175 2091 2228 enim
2124 2172 2337 2227 Domini
2363 2180 2468 2235 est,
2501 2181 2554 2225 et
2573 2167 2841 2239 ﬂagellum
2870 2164 3252 2235 peccatoribus
3291 2161 3522 2222 inferre,

1949 2282 2004 2324 et
2029 2266 2355 2338 ﬂagellatam
2395 2274 2503 2318 tam
2551 2277 2578 2314 a
2609 2261 2792 2331 plaga,
2827 2271 2991 2327 quam
3027 2256 3094 2310 ab
3123 2256 3362 2324 ipsomet
3396 2265 3532 2320 pec-

1950 2371 2073 2417 cato
2102 2360 2356 2414 liberare.
2385 2355 2576 2410 Sciens
2607 2364 2792 2408 autem
2824 2366 2963 2421 opus
2989 2351 3091 2404 hoc
3119 2362 3227 2402 non
3256 2343 3535 2400 remissio-

1952 2468 2074 2508 nem
2105 2458 2316 2504 tantum
2351 2447 2668 2501 delictorum
2699 2443 3150 2497 confirmaturum
3177 2478 3194 2505 ,
3239 2437 3334 2491 sed
3383 2441 3532 2504 pote-

1954 2555 2147 2600 statem
2195 2555 2412 2611 quoque
2453 2537 2775 2590 dimittentis
2798 2544 3179 2593 ostensurum.
3231 2529 3380 2584 addit
3414 2545 3427 2581 :
3464 2523 3534 2580 Ut

1955 2647 2132 2691 autem
2165 2634 2370 2696 sciatis,
2401 2631 2527 2702 quia
2574 2627 2617 2685 F
2623 2631 2750 2683 ilius
2790 2625 3015 2680 hominis
3041 2625 3195 2677 habet
3224 2629 3534 2688 potestatem

1954 2732 2009 2784 in
2035 2738 2176 2782 terra
2215 2725 2509 2780 dimittendi
2556 2731 2792 2790 peccata,
2834 2726 2942 2772 etc.
2989 2716 3260 2770 Caeterum
3315 2725 3538 2766 necesse

1953 2829 2075 2878 erat
2120 2816 2516 2874 incarnationis
2543 2813 2837 2867 Dominicae
2879 2807 3202 2880 mysterium
3239 2804 3393 2859 velut
3421 2817 3541 2856 um-

267 2895 640 2988 άκροωμὲνοις
673 2895 1100 2984 εὐπαράδεκτον,
1129 2913 1224 2966 καὶ
1249 2912 1343 2966 ἵνα
1361 2911 1563 2983 λάθῃ⁹¹
1597 2910 1691 2963 τοῦ
1726 2909 1858 2962 σκό-

1961 2920 2053 2972 bra
2093 2915 2238 2987 tegi,
2282 2927 2404 2968 cum
2447 2920 2505 2964 ιιι
2535 2910 2603 2963 ab
2638 2895 2991 2961 audientibus
3019 2901 3270 2971 cupidius
3311 2898 3544 2966 accipe-

266 3025 393 3071 τους
445 3009 539 3060 τὸν
587 3008 846 3078 ἄρχοντα.
879 3007 1018 3076 Φησὶ
1060 3005 1170 3078 γάρ
1213 3008 1242 3060 ό
1289 3004 1552 3075 θεοφόρος
1587 3002 1856 3071 Ἰγνάτιος

1961 3019 2132 3072 retur,
2167 3019 2278 3062 tum
2330 3014 2391 3059 ut
2445 3003 2497 3057 id
2547 3002 2895 3053 tenebrarum
2939 2996 3196 3065 princeps
3240 2993 3538 3062 ignoraret.

267 3099 399 3169 τρία
450 3099 636 3152 λαθεῖν
675 3097 766 3150 τὸν
820 3096 1058 3168 ἄρχοντα
1105 3095 1204 3149 τοῦ
1259 3094 1453 3158 αἰῶνος
1492 3092 1708 3158 τούτου,
1757 3089 1856 3162 τὴν

1961 3101 2094 3156 Nam
2122 3101 2225 3154 tria
2263 3098 2476 3151 divinus
2506 3093 2747 3160 lgnatius
2768 3099 2792 3128 ι’
2837 3087 3020 3143 saeculi
3052 3085 3214 3156 hujus
3244 3081 3540 3152 principem

270 3191 584 3262 Παρθενίαν
631 3190 873 3258 Μαρίας,
903 3189 1002 3259 τὴν
1043 3188 1319 3258 Σύλληψιν
1347 3187 1442 3240 τοῦ
1485 3185 1721 3256 Κυρίου,
1762 3184 1857 3236 καὶ

1963 3193 2188 3248 latuisse
2214 3196 2624 3248 commemorat,
2653 3182 3037 3246 Virginitatem
3071 3178 3281 3238 Maria},
3333 3175 3544 3229 Conce-

267 3283 369 3351 τὴν
423 3280 763 3350 Σταύρωσιν.
812 3280 977 3345 Λέγει
1025 3278 1082 3332 δὲ
1138 3279 1233 3332 καὶ
1266 3276 1608 3338 όθεσπέσιος
1646 3273 1858 3332 Παῦλος

1962 3287 2202 3356 ptionem
2236 3281 2472 3344 Domini,
2520 3289 2573 3334 et
2599 3275 2759 3330 (Eruci
2800 3273 3105 3327 allixionem
3135 3269 3362 3324 Christi.
3395 3263 3547 3319 Aﬂir-

271 3375 403 3443 περὶ
436 3373 548 3425 τῶν
596 3372 874 3442 ἀρχόντων
901 3369 997 3424 τοῦ
1030 3371 1229 3431 αἰῶνος
1253 3370 1469 3431 τούτου,
1493 3367 1570 3431 ὡς
1593 3369 1661 3421 El
1681 3367 1727 3399 ⁹²
1761 3366 1858 3435 ἕτ-

1964 3355 2080 3434 ntat
2136 3376 2334 3446 quippe
2373 3372 2532 3427 dirus
2585 3367 2790 3422 Paulus
2839 3365 2909 3421 de
2959 3361 3307 3434 principibus
3359 3355 3544 3414 seculi

270 3481 504 3529 νωσιιν,
553 3465 664 3518 οὐκ
709 3462 788 3518 ἂν
823 3461 931 3516 τὸν
975 3463 1196 3531 Κύριον
1215 3460 1324 3531 τῆς
1349 3461 1536 3529 δόξης
1562 3459 1858 3529 ἐσταύρω-

1969 3469 2134 3540 hujus
2167 3486 2179 3521 :
2216 3465 2275 3521 Si
2306 3462 2691 3530 cognovissent,
2724 3471 2994 3525 nunquam
3038 3452 3321 3506 Dominum
3361 3447 3545 3520 glorias

271 3573 420 3612 σαν.
1966 3557 2344 3623 cruciﬁxiasent
2382 3561 2428 3606 ο.

342 3648 538 3703 Ταῦτα
568 3649 738 3702 εἰπὼν
769 3648 1024 3720 ἐπιφέρει
1060 3647 1135 3711 ὡς
1167 3648 1200 3718 ὴ
1243 3646 1341 3717 μὲν
1367 3645 1538 3708 ἀΐδιος
1571 3645 1667 3698 καὶ
1690 3644 1858 3714 ὑπερ-

2037 3645 2127 3701 52.
2155 3643 2281 3698 llaec
2303 3641 2390 3696 ubi
2415 3638 2569 3704 dixit,
2594 3637 2758 3692 infert
2781 3633 3168 3703 sempiternam
3196 3644 3259 3684 ac
3276 3641 3544 3683 summam

273 3744 468 3814 άρχιος
496 3741 667 3814 Τριάς
714 3741 801 3796 ἀεί
850 3741 967 3794 ἐστι
1014 3741 1108 3794 καὶ
1141 3738 1404 3802 ὡσαύτως
1442 3737 1638 3808 Τριάς,
1675 3736 1858 3806 Πατὴρ

1967 3738 2295 3793 Trinitatem
2343 3745 2560 3802 semper
2605 3744 2750 3791 esse,
2796 3737 2851 3783 et
2903 3726 3158 3783 similiter
3199 3721 3547 3782 Trinitatem.

271 3837 405 3900 Υἱὸς
439 3837 537 3889 καὶ
573 3833 803 3906 Πνεῦμα
849 3834 1027 3902 ἆγιον,
1061 3832 1178 3887 ἀλλ’
1209 3831 1352 3900 ὑπὲρ
1381 3830 1410 3884 ὃ
1439 3829 1669 3900 νοοῦμεν
1710 3829 1858 3900 ἦλα-

1967 3831 2188 3884 Patrem
2225 3827 2510 3888 nimirum,
2541 3831 2598 3877 et
2627 3821 2849 3886 Filium,
2889 3828 2945 3874 et
2978 3817 3242 3887 Spiritum
3275 3820 3548 3873 sanctum,

272 3930 504 4001 λοῦμεν.
561 3929 678 3982 Πᾶν
727 3927 837 3998 γάρ
871 3926 898 3979 ὃ
925 3926 1161 3996 λέγομεν
1213 3925 1343 3996 περί
1371 3922 1510 3976 Θεοῦ
1545 3921 1580 3992 ἦ
1611 3921 1864 3992 νοοῦμεν,

272 4027 340 4078 ὲκ
372 4024 486 4077 τῶν
530 4022 653 4075 καθ’
686 4022 836 4091 ἡμᾶς
870 4017 1216 4091 πραγμάτων
1266 4032 1327 4068 τε
1363 4014 1456 4068 καὶ
1498 4013 1759 4084 ῥημάτων
1799 4011 1870 4063 τὰ

275 4118 413 4188 περὶ
443 4116 616 4185 αὐτῆς
638 4115 685 4147 ’³
715 4113 995 4182 ἀναλόγως
1035 4112 1132 4166 καὶ
1181 4110 1417 4180 λέγομεν
1463 4110 1559 4160 καὶ
1618 4105 1868 4174 νοοῦμεν.

288 4209 561 4278 ’ἰσότιμος
590 4208 647 4260 δὲ
697 4208 790 4259 καὶ
825 4203 1105 4275 ἰσοσθενὴς
1134 4204 1166 4273 ἡ
1196 4201 1440 4270 παναγὶα
1467 4197 1659 4270 Τριάς,
1693 4197 1873 4252 πάπα

166 4307 184 4322 ⁶
277 4298 419 4368 πρὸς
449 4297 551 4368 τὴν
579 4297 856 4367 ἡμετέραν
885 4294 1164 4365 σωτηρίαν
1227 4289 1610 4361 οἰκονομοῦσα,
1645 4287 1741 4341 καὶ
1773 4287 1874 4340 ὅσα

280 4391 556 4460 θεολογεῖν
589 4387 766 4459 αὐτὴν
794 4386 1184 4458 δυναμούμεθα
1202 4383 1275 4451 ’⁸,
1307 4383 1448 4453 αὑτὴ
1474 4382 1647 4436 ταῦτα
1683 4380 1876 4450 φιλανο

282 4482 522 4553 Ορώπως
546 4483 678 4551 ἡμῖν
707 4479 1041 4552 χαριζομένη
1086 4477 1250 4532 πάλιν
1296 4475 1603 4547 προσίεται.
1635 4473 1726 4527 Διὸ
1753 4473 1875 4527 κατ’

1970 3923 2064 3975 sed
2093 3931 2256 3986 supra
2285 3929 2469 3981 omne,
2491 3911 2635 3981 quod
2662 3919 2758 3964 aut
2782 3908 3110 3979 cogitamus,
3138 3914 3234 3960 aut
3256 3901 3548 3972 loquimur.

1971 4010 2422 4079 Quandocuuque
2451 4003 2600 4058 enim
2655 4000 2720 4055 de
2753 3999 2862 4054 Deo
2890 3998 3172 4068 loquimur
3204 4005 3296 4048 aut
3341 3992 3552 4062 cogita.

1973 4118 2114 4166 mus,
2144 4115 2210 4155 ex
2257 4096 2462 4152 nostris
2491 4094 2676 4148 verbis
2712 4107 2776 4146 ac
2821 4091 2984 4144 rebus
3011 4102 3073 4142 ea
3116 4102 3240 4157 qua!
3283 4085 3348 4140 ad
3381 4085 3551 4151 ipsam

1973 4192 2228 4249 Triadem
2266 4194 2536 4257 spectant,
2569 4179 2916 4252 proportione
2943 4176 3173 4248 quadam
3201 4216 3215 4241 ,
3238 4183 3293 4229 et
3322 4173 3554 4228 dicimus

1973 4296 2029 4341 et
2056 4283 2382 4356 cogitamus.
2423 4275 2792 4332 Sanctissima
2827 4271 3029 4328 etenim
3080 4267 3342 4333 Trinitas,
3373 4264 3554 4334 digni-

1977 4388 2089 4434 tate
2130 4392 2194 4432 ac
2240 4372 2481 4446 potentia
2531 4368 2777 4439 aequalis,
2826 4365 3009 4420 omnia
3045 4377 3167 4432 quae
3212 4361 3278 4413 ad
3316 4366 3556 4412 nostram

1977 4467 2208 4522 salutem
2239 4461 2449 4517 faciunt
2479 4458 2703 4530 provide
2732 4461 2954 4525 operata
2983 4461 3066 4506 est
3095 4468 3109 4504 :
3142 4461 3373 4518 quaeque
3405 4447 3560 4500 theo-

282 4537 460 4643 ἀρχάς
502 4537 634 4642 pii,
685 4537 1048 4641 ἀῖςέξρῆταιξ
1086 4568 1177 4622 διά
1227 4567 1290 4622 τὸ
1340 4537 1602 4619 πολύθεον
1661 4565 1696 4634 ἡ
1750 4563 1858 4616 θεία

1976 4559 2149 4630 logice
2191 4554 2258 4608 de
2304 4554 2420 4623 ipsa
2470 4547 2740 4621 speculari
2772 4545 3064 4615 possimus,
3097 4542 3213 4595 haec
3259 4539 3347 4592 illa
3379 4537 3557 4600 nobis,

284 4663 480 4734 Γραφὴ
531 4659 1064 4730 συγκαταϐαίνουσα,
1091 4659 1194 4728 οὐχ
1212 4656 1288 4720 ὡς
1312 4655 1425 4726 ἔχει
1459 4651 1676 4724 φύσεως
1708 4653 1742 4724 ἢ
1777 4653 1874 4707 τά-

289 4769 428 4816 σεως
455 4754 489 4823 ἡ
518 4753 712 4823 Τριάς,
750 4751 868 4805 ἀλλ’
906 4751 982 4814 ὡς
1016 4752 1148 4820 ἡμῖν
1176 4747 1309 4820 [⁵522
1335 4745 1432 4817 Π.]
1459 4743 1876 4814 εὐπαρὰδεκτον

289 4843 689 4915 παραδιδοῦσα,
731 4843 825 4896 τὸν
897 4841 1118 4911 Πατέρα
1168 4837 1437 4910 λαμπρῶς
1488 4835 1878 4903 καταγγέλλει,

291 4932 414 4988 εἶτα
441 4935 532 4988 τὸν
574 4934 702 4988 Υῑὸν
752 4933 894 4987 κατὰ
939 4935 1030 4986 τὸν
1062 4929 1318 5000 δεύτερον
1351 4927 1596 4998 σεισμὸν,
1632 4929 1689 4979 ὲν
1717 4917 1763 4994 ᾧ
1787 4925 1884 4979 καὶ

292 5026 393 5096 τὴν
423 5024 628 5092 γνῶσιν
653 5022 750 5077 τοῦ
802 5022 1120 5091 Πνεύματος
1147 5015 1789 5090 συμπαραλαμϐάνομεν,
1815 5014 1879 5068 οὐ

299 5119 404 5188 μὴν
443 5117 546 5189 τήν
570 5133 637 5186 γε
663 5116 906 5171 τελείαν
935 5113 1073 5185 αῦτη
1100 5113 1212 5184 γὰρ
1246 5113 1304 5164 ὲν
1331 5111 1408 5182 τῷ
1441 5109 1688 5181 μέλλοντι
1721 5107 1880 5160 αῑῶνι

295 5210 392 5263 καὶ
423 5209 503 5280 τῷ
541 5209 836 5280 τελευταίῳ
879 5207 1088 5278 σεισμῷ
1121 5204 1512 5277 παραγίνεται,
1562 5201 1660 5271 τῆς
1707 5201 1881 5271 Τριά-

297 5305 382 5365 δος
430 5303 558 5375 ὅλης
607 5304 931 5374 τρανότερον
981 5303 1110 5371 ἡμῖν
1146 5298 1276 5371 [624
1313 5295 1404 5368 li.)
1437 5291 1882 5366 ὲμφανιζομὲνης

299 5409 356 5446 τε
384 5395 477 5447 καὶ
512 5393 1059 5464 ἀνακαλυπτομένης.
1097 5393 1161 5444 Εἰ
1189 5390 1297 5462 γάρ
1331 5390 1426 5441 καὶ
1468 5387 1565 5441 τοῦ
1624 5383 1882 5455 Πνεῦμα-

372 5558 400 5599 tt
433 5547 620 5604 Matth.
657 5565 733 5614 Ix,
766 5551 820 5605 5.
915 5559 936 5589 ι’
965 5549 1128 5620 Epist.
1162 5548 1214 5601 5.
1285 5557 1307 5584 ει
1337 5546 1354 5600 l
1380 5545 1504 5600 Cor.
1543 5560 1606 5608 ιι,
1645 5543 1697 5596 8.

1972 4629 2208 4718 benigne
2239 4641 2582 4715 gratiﬁcans,
2619 4636 2917 4695 Idemidem
2974 4633 3230 4690 admittit.
3268 4629 3561 4698 Propterea

1973 4741 2194 4811 quidem
2228 4752 2259 4791 a
2292 4733 2588 4807 principio,
2620 4739 2681 4786 ut
2703 4729 2941 4785 diximus
2972 4727 3065 4798 (ob
3093 4727 3320 4780 deorum
3351 4721 3562 4779 scilicet

1975 4825 2406 4894 multitudinem)
2463 4837 2622 4878 sacra
2680 4819 2967 4888 Scriptura
3023 4816 3180 4872 nobis
3229 4814 3566 4869 condescen-

1983 4925 2143 4986 dens,
2174 4935 2284 4975 non
2314 4926 2376 4972 ut
2399 4925 2595 4972 natura
2625 4923 2718 4968 aut
2739 4913 2980 4983 dignitas
2996 4909 3282 4964 Trinitatis
3309 4907 3565 4970 schabet,

1984 5016 2078 5072 sed
2109 5021 2382 5084 quatenus
2422 5025 2452 5064 a
2489 5008 2648 5064 nobis
2678 5006 2896 5061 facilius
2921 5005 3045 5074 capi
3076 5012 3257 5075 potest
3289 5016 3411 5056 eam
3445 5008 3562 5053 tra-

1985 5107 2185 5172 dendo,
2240 5103 2529 5173 perspicue
2558 5101 2775 5156 Patrem
2811 5098 3040 5153 indicat.
3077 5095 3137 5152 lu
3181 5094 3352 5150 altero
3374 5090 3570 5148 deinde

1985 5205 2299 5252 terrmtnotu
2325 5195 2542 5255 Filium.
2574 5193 2630 5247 in
2675 5205 2784 5261 quo
2813 5199 2870 5245 et
2904 5189 3143 5260 Spiritus
3170 5185 3342 5243 sancti
3385 5181 3572 5252 cogni~

1986 5291 2209 5355 tionem,
2262 5289 2365 5343 etsi
2414 5287 2594 5342 minus
2655 5283 2977 5354 perlectam,
3024 5279 3185 5335 simul
3237 5275 3562 5344 accipimus.

1987 5381 2114 5438 llaec
2153 5384 2299 5438 enim
2346 5383 2398 5437 in
2428 5380 2612 5435 futuro
2644 5378 2867 5440 saeculo,
2903 5385 2960 5431 et
3001 5374 3198 5428 ultimo
3226 5370 3320 5426 illo
3355 5365 3568 5422 accedit

1566 5678 1800 5735 ΥΑΠΙᾸΞ
1839 5675 2241 5734 LECTIONES.

379 5805 425 5837 “
458 5807 820 5877 εὐαγγελικὴν
852 5825 912 5871 ς.
989 5808 1034 5839 ⁸⁷
1068 5804 1142 5877 τί]
1177 5805 1360 5860 Matth.
1399 5818 1490 5877 IX,_
1525 5802 1577 5877 ξί.

327 5879 367 5910 ³³
394 5877 530 5951 λάθῃ
573 5870 708 5948 post
766 5870 1003 5950 ἄρχοντα
1029 5870 1176 5948 ponit
1207 5895 1267 5941 ς.
1344 5878 1388 5910 ’³
1422 5871 1493 5944 εἰ]
1533 5873 1546 5924 l
1581 5873 1706 5926 Cor.
1750 5887 1805 5937 tl,
1843 5870 1896 5924 8.

1656 5800 1703 5831 ⁸⁵
1737 5798 1824 5852 hic
1855 5808 1909 5851 et
1947 5796 2041 5852 inf.
2071 5797 2249 5863 ἔγειρε
2284 5811 2344 5857 ς.
2421 5793 2466 5824 ⁸³
2497 5787 2873 5863 αὑθε-ντίανιςξ

2962 5784 3008 5814 ⁹⁶
3043 5781 3239 5846 ἐπάγει
3288 5777 3346 5830 δὲ
3394 5774 3479 5827 ἵνα
3508 5789 3572 5838 ς’.

1971 5869 2018 5902 ’³
2055 5854 2249 5935 αὗτὴξ]
2282 5854 2457 5918 nonne
2478 5859 2687 5913 αὑτοῦῗ
2761 5856 2806 5888 ’⁸
2843 5854 3118 5923 δυνάμεθα
3155 5869 3215 5913 ς.
