3940 6400
524 376 628 443 787

1602 381 1870 445 PHOTII
1909 384 2289 447 PATRIARC
2300 383 2427 446 HE.
2464 384 2572 445 (ΖΡ.

3652 378 3742 445 ’188

526 491 898 550 terrae-motu,
938 498 1050 555 quo
1085 492 1197 539 tota
1252 484 1410 542 nobis
1451 486 1696 545 Trinitas
1747 490 2079 547 manifestius

2193 509 2286 555 τος
2332 493 2424 546 τὸν
2479 490 2797 563 ἀρῤαδῶνα,
2824 491 2904 557 ὡς
2944 491 3047 563 τῆς
3100 490 3333 562 ἐκλογῆς
3386 491 3742 563 ἔπιμαρτύρε-

532 577 824 651 apparebit
866 591 931 633 ac
982 575 1335 633 revelabitur.
1368 577 1485 636 Etsi
1537 581 1681 637 enim
1725 582 1963 654 Spiritus
2004 597 2095 639 ar-

524 673 675 727 rham
699 669 979 737 habemus,
1008 675 1069 724 ut
1101 682 1199 724 vas
1244 668 1526 728 electionis
1555 680 1783 730 testatur
1820 676 1835 712 ι
1884 675 2092 747 196a

526 766 766 821 nondum
810 771 988 819 tamen
1048 763 1116 818 ad
1159 761 1554 833 perfectionem
1612 768 1874 837 spiritalis
1917 780 2091 826 status

524 855 885 925 pervenimus.
936 854 1116 925 Ipsum
1163 854 1369 910 etenim
1414 856 1595 914 arrbae
1635 872 1829 912 nomen
1875 860 2088 929 signum

519 944 733 1014 quidem
773 942 998 1014 perfecti
1040 944 1171 1001 doni
1211 956 1339 1003 est:
1373 957 1432 1002 at
1480 963 1588 1003 non
1642 950 1815 1019 ipsum
1862 950 2085 1006 donum.

519 1038 664 1092 Idem
712 1038 873 1094 etiam
920 1037 1048 1094 alibi
1101 1039 1298 1109 pignus
1339 1039 1539 1095 futurae
1588 1039 1920 1098 liaereditatis
1966 1058 2089 1098 esse

521 1123 782 1196 Spiritum
827 1129 1109 1197 praedicat,
1154 1138 1209 1187 et
1254 1130 1523 1200 primitias
1561 1141 1884 1187 aeternorum
1920 1132 2087 1188 bono-

517 1234 637 1273 rum
658 1230 714 1273 ιι.
757 1218 938 1286 Quare
984 1220 1377 1291 perfectionem
1422 1220 1659 1291 Spiritus
1708 1225 1921 1279 nonnisi
1965 1233 2088 1295 post

518 1312 943 1381 redemptionem
971 1313 1219 1381 corporis
1246 1312 1592 1383 suscipimus.

586 1403 707 1459 Jam
746 1406 964 1474 quando
997 1406 1089 1475 qui
1130 1406 1270 1476 apud
1300 1407 1545 1460 homines
1585 1421 1707 1460 cum
1754 1416 1925 1474 pater,
1970 1416 2082 1462 tum

517 1495 660 1552 illius
714 1494 950 1562 dicitur,
1003 1512 1099 1567 per
1139 1496 1379 1567 coniugii
1428 1497 1743 1552 societatem
1779 1498 2086 1554 declaratur

514 1597 686 1659 atque
721 1591 1071 1660 cognoscitur
1097 1630 1112 1654 ,
1142 1599 1431 1659 propterea
1474 1590 1759 1659 praesentis
1796 1590 1919 1645 vitae
1949 1591 2083 1648 duos

514 1686 887 1746 terminatus,
936 1679 1169 1734 alterum
1210 1680 1485 1750 pertinere
1546 1680 1613 1733 ad
1652 1680 1865 1735 Patrem
1900 1720 1916 1745 ,
1947 1681 2082 1736 alte-

2189 600 2278 637 ται
2298 585 2345 617 ⁸³
2370 582 2431 637 τὸ
2456 581 2673 648 σκεῦος,
2699 583 2917 654 ἔχομεν,
2952 584 3067 638 ἀλλ’
3097 584 3199 637 οὐκ
3218 585 3298 648 είς
3327 583 3427 654 τὴν
3449 583 3743 656 τελειότητα

2188 676 2286 747 τῆς
2315 677 2689 748 πνευματικῆς
2718 677 3038 748 ἐφθάσαμεν
3085 677 3492 739 καταστάσεως.
3519 675 3635 729 Καὶ
3654 679 3744 748 γάρ

2188 766 2284 819 καὶ
2330 767 2466 820 αὐτὸ
2506 766 2567 819 τὸ
2616 765 2711 820 τοῦ
2750 766 3069 838 ἀρῤαὸὦνος
3116 766 3287 835 ὄνομα
3342 765 3618 836 σύμϐολον
3662 766 3744 835 μέν

2186 858 2304 911 ὲστι
2338 858 2433 912 τοῦ
2471 858 2681 911 τελείου
2710 859 2907 929 δώρου,
2956 859 3017 911 ού
3060 859 3169 928 μὴν
3199 858 3329 911 αύτό
3356 875 3419 927 γε
3456 859 3521 911 τὸ
3568 856 3743 925 δῶρον.

2186 953 2296 1006 Καὶ
2325 951 2593 1023 πολλαχοῦ
2610 953 2657 985 ⁸⁸
2678 951 2974 1024 ἀρραϐῶνα
2993 952 3039 986 ’⁷
3065 951 3167 1022 τῆς
3216 950 3518 1022 μελλούσης
3567 950 3748 1021 κληροο

2185 1043 2377 1115 νομίας
2399 1044 2462 1098 τὸ
2509 1044 2736 1115 Πνεῦμα
2788 1044 2950 1114 ὑμνεῖ
3001 1043 3097 1097 καὶ
3135 1044 3391 1114 ἀπαρχὴν
3409 1043 3457 1075 ⁸⁸
3480 1042 3597 1095 τῶν
3635 1043 3747 1095 αίω-

2184 1135 2312 1191 νίων
2346 1136 2589 1205 ἀγαθῶν,
2626 1135 2773 1189 ὥστε
2817 1136 2916 1206 τὴν
2952 1136 3267 1207 τελειότητα
3298 1135 3392 1189 τοῦ
3441 1133 3749 1202 Πνεύματος

2187 1229 2328 1300 μετά
2355 1226 2454 1299 τὴν
2480 1226 2861 1299 ἀπολύτρωσιν
2894 1225 2989 1280 τοῦ
3015 1225 3267 1296 σώματος
3289 1222 3689 1295 ὑποδεκόμεθα.

2266 1406 2483 1478 Ἐπειδὴ
2507 1406 2564 1460 δὲ
2602 1408 2630 1461 6
2658 1407 2798 1459 κατὰ
2819 1404 2880 1458 τὸ
2917 1402 3255 1476 ἀνθρώπινον
3282 1403 3438 1471 γένος
3467 1392 3753 1474 λεγόμενος

2182 1499 2278 1553 καὶ
2330 1499 2516 1568 πατὴρ
2563 1498 2659 1551 καὶ
2717 1496 2833 1559 υίὸς
2907 1495 3165 1567 κοινωνίᾳ
3190 1496 3371 1565 γάμου
3400 1496 3752 1564 ἀναφαίνεται

2181 1592 2276 1645 καὶ
2312 1591 2657 1663 γνωρίζεται,
2684 1589 2773 1643 διά
2818 1587 2980 1643 τοῦτο
3022 1588 3117 1641 τοῦ
3164 1589 3431 1659 παρόντος
3480 1588 3603 1659 βίου
3641 1590 3752 1652 τοὺς

2183 1682 2275 1735 δύο
2306 1683 2582 1751 σεισμοὺς,
2612 1680 2704 1734 τὸν
2762 1681 2860 1751 μὲν
2894 1680 3157 1751 πρότερον
3189 1680 3415 1749 ἀνήκειν
3446 1679 3527 1751 τῷ
3556 1681 3751 1750 Πατρὶ,

516 1784 637 1824 rum
681 1770 752 1824 ad
794 1770 1030 1837 Filium,
1092 1772 1351 1825 vaticinia
1412 1773 1654 1825 tradunt.
1708 1769 1918 1826 Rursus
1956 1787 2079 1827 cum

2183 1774 2258 1845 τῷ
2284 1773 2396 1845 Υίῷ
2424 1774 2479 1826 δὲ
2505 1774 2597 1827 τὸν
2617 1772 2866 1845 δεύτερον
2888 1774 2958 1827 τὰ
3001 1773 3172 1842 Λόγια
3200 1771 3561 1843 παραδίδωσι.
3590 1772 3753 1825 Πάλιν

516 1862 750 1931 Spiritus
787 1872 1029 1928 sanctus,
1069 1863 1233 1917 etiam
1263 1871 1321 1915 ut
1353 1862 1492 1933 apud
1538 1876 1635 1917 nos
1659 1872 1763 1927 est,
1793 1878 2078 1933 corporum

2183 1864 2369 1936 ἐπειδὴ
2392 1864 2453 1918 τὸ
2482 1864 2704 1934 Πνεῦμα
2730 1864 2824 1919 καί
2853 1864 2916 1917 τὸ
2964 1864 3093 1935 παρ’
3121 1865 3257 1934 ἡμῖν
3292 1863 3565 1933 σωμάτων
3589 1863 3754 1934 ὑπερ-

516 1953 875 2008 transcendat
917 1954 1359 2013 crassitudinem,
1394 1954 1590 2007 merito
1620 1954 1710 2007 ubi
1746 1956 2082 2010 cessaverint

512 2045 785 2115 coniugia,
816 2045 1086 2100 excelsior
1136 2044 1223 2098 illa
1254 2053 1307 2097 et
1339 2044 1600 2099 illustrior
1634 2046 1743 2097 vita
1788 2044 1919 2117 (vita
1966 2047 2081 2101 haec

514 2134 934 2189 resurrectionis
967 2143 1052 2188 est
1077 2152 1090 2188 :
1120 2133 1186 2186 lu
1218 2135 1598 2188 resurrectione
1628 2136 1764 2188 enim
1792 2152 1955 2206 neque
1986 2153 2082 2189 nu-

511 2225 628 2279 bent
656 2242 818 2293 neque
862 2224 1123 2279 nubentur
1145 2224 1218 2287 ν),
1297 2226 1514 2295 proprie
1549 2226 1879 2280 attribuatur
1918 2226 2085 2296 Spiri-

510 2319 609 2373 tui.
642 2318 787 2375 lllius
839 2329 1019 2374 autem
1055 2321 1181 2373 vitae
1221 2329 1490 2389 tempore,
1515 2319 1575 2373 in
1600 2337 1701 2388 qua
1730 2330 1915 2390 patres
1943 2322 2082 2377 ﬁlios

512 2416 893 2477 progenerant,
921 2408 1086 2461 Deum
1106 2406 1319 2461 Patrem
1351 2406 1543 2462 ordine
1570 2408 1707 2464 Filio
1732 2412 2079 2480 praepositum

511 2498 770 2566 cognosci
799 2498 1103 2568 oportebat,
1134 2514 1239 2552 non
1270 2498 1412 2567 quod
1442 2499 1684 2555 Trinitas
1706 2500 1951 2556 ordinem
1979 2503 2081 2557 ali-

513 2607 675 2661 quem
723 2592 967 2662 exigeret
1000 2594 1143 2665 (quis
1173 2593 1316 2647 enim
1360 2592 1433 2648 ibi
1456 2592 1589 2647 ordo
1622 2593 1715 2656 sit,
1766 2594 1854 2647 ubi
1890 2609 2078 2662 aequa-

514 2683 639 2738 litas
671 2683 1025 2740 immutabilis
1057 2684 1288 2756 viget?)
1318 2702 1331 2738 :
1361 2684 1457 2740 sed
1492 2686 1633 2752 quod
1658 2701 1755 2755 per
1781 2700 1906 2741 eum
1934 2688 2082 2745 ordi-

512 2789 659 2841 nem,
685 2776 775 2845 qui
810 2776 862 2829 in
892 2777 1004 2844 ipsa
1046 2793 1111 2832 ex
1142 2786 1269 2847 apta
1312 2777 1666 2846 dispositione
1693 2790 1797 2846 est,
1832 2795 1862 2833 a
1893 2778 2080 2836 liberis

510 2876 765 2934 parentes
811 2867 1071 2922 honorari
1108 2869 1441 2922 hortaretur.
1483 2868 1720 2937 Spiritus
1750 2873 2081 2941 quoque'di-

506 2958 770 3026 gnitatem
810 2972 967 3013 sacra
996 2958 1279 3028 Scriptura
1309 2961 1596 3026 extollens,
1624 2963 1932 3017 universam
1953 2962 2079 3017 Tri-

509 3052 732 3105 nitatem
764 3050 1007 3123 Spiritus
1035 3054 1254 3107 nomine
1276 3053 1529 3122 appellat.
1553 3053 1723 3121 Quale
1755 3055 1883 3111 illud
1914 3074 1926 3110 :
1953 3056 2077 3124 Spi-

2182 1957 2357 2012 6αίνει
2387 1956 2691 2028 παχύτητα,
2722 1958 2947 2020 είκότως
3007 1958 3035 2009 6
3083 1956 3196 2009 τῶν
3226 1956 3419 2025 γάμων
3471 1956 3758 2024 πεπαυμέ·

2180 2069 2289 2105 νων
2316 2050 2641 2103 ἀνακύπτων
2690 2065 2750 2101 τε
2794 2050 2889 2102 καὶ
2919 2048 3257 2119 άναλάμπων
3287 2047 3403 2117 βίος
3438 2042 3625 2119 (οὗτος
3654 2047 3707 2099 δὲ
3731 2049 3757 2101 6

2180 2141 2281 2211 τῆς
2327 2138 2681 2202 ἀναστάσεως
2712 2137 2778 2191 ἂν
2808 2137 2891 2207 εἴη
2922 2153 2936 2167 ο
2975 2138 3074 2189 Ἐν
3104 2136 3214 2207 γὰρ
3238 2138 3282 2168 ’⁸
3308 2134 3384 2204 τῇ
3423 2132 3758 2189 ἀναστάσει

2182 2232 2320 2287 οὔτε
2351 2229 2647 2300 γαμοῦσιν
2678 2228 2817 2283 οὔτε
2841 2228 3255 2298 γαμίσκονται,
3294 2227 3510 2290 οίκείως
3546 2228 3622 2281 ἄν
3662 2226 3757 2293 ἀφ-

2181 2322 2429 2394 ορισθείη
2453 2320 2529 2392 τῷ
2568 2319 2866 2390 Πνεύματι.
2896 2320 3043 2372 Ἔδει
3062 2318 3119 2372 δὲ
3147 2319 3238 2372 τὸν
3267 2319 3401 2389 βίον,
3430 2319 3487 2371 ὲν
3517 2310 3564 2386 ᾧ
3592 2317 3759 2369 πατέ-

2188 2429 2284 2483 ρες
2324 2412 2522 2473 παῖδας
2552 2409 2767 2480 φύουσι,
2804 2409 2893 2461 τὸν
2922 2408 3055 2461 Θεὸν
3118 2408 3215 2461 καὶ
3244 2408 3461 2475 Πατέρα
3494 2423 3759 2477 προτετα-

2185 2504 2389 2575 γμένον
2443 2500 2809 2571 γινώσκεσθαι
2838 2499 2933 2552 τοῦ
2965 2498 3118 2563 Υίοῦ,
3170 2498 3232 2552 ού
3270 2498 3369 2567 τῆς
3399 2497 3637 2569 Τριάδος
3667 2494 3761 2567 τὴν

2180 2595 2338 2659 τάξιν
2386 2591 2745 2663 ἀπαιτούσης,
2791 2590 2918 2660 (ποῦ
2954 2590 3061 2662 γάρ
3117 2589 3292 2656 τάξις,
3330 2589 3459 2642 ἔνθα
3522 2589 3585 2642 τὸ
3648 2590 3755 2642 ἴσον

2187 2685 2606 2757 ἀπαράλλακτον
2626 2683 2680 2753 ;)
2723 2683 2862 2738 ἀλλὰ
2906 2682 2993 2736 διὰ
3021 2682 3123 2752 τῆς
3156 2682 3215 2735 ὲν
3242 2683 3379 2752 αὐτῇ
3410 2682 3537 2735 κατ’
3559 2683 3737 2733 οἱκονο

2186 2778 2315 2850 μίαν
2340 2776 2545 2841 τάξεως
2574 2776 2702 2839 τοὺς
2730 2775 2971 2844 πατέρας
3002 2772 3265 2844 τιμᾶσθαι
3293 2773 3444 2842 παρά
3491 2773 3608 2826 τῶν
3637 2772 3733 2825 παί

2179 2868 2285 2922 δων
2313 2867 2709 2937 παραινούσης,
2751 2866 2859 2918 Καὶ
2892 2865 2953 2919 τὸ
2981 2865 3201 2935 ἀξίωμα
3232 2864 3289 2918 δὲ
3311 2864 3404 2917 τοῦ
3439 2863 3762 2933 Πνεύματος

2178 2964 2213 3033 ἠ
2245 2961 2366 3033 ίερά
2412 2960 2717 3033 ὲπαίρουσα
2765 2960 2956 3030 Γραφὴ
3006 2960 3135 3030 ὃλην
3167 2960 3265 3029 τὴν
3311 2958 3521 3030 Τριάδα
3552 2959 3624 3028 τῇ
3672 2956 3760 3010 τοῦ

2180 3055 2527 3123 Πνεύματος
2561 3052 2876 3121 ὲξονομάζει
2926 3053 3099 3121 φωνῇ,
3154 3050 3230 3113 ὡς
3283 3050 3365 3114 τὸ,
3416 3048 3703 3118 Πνεῦμαί
3732 3051 3763 3102 ὁ

510 3142 645 3195 ritus
668 3152 744 3196 est
764 3142 903 3197 Deus
936 3157 954 3195 :
984 3154 1031 3197 et
1052 3159 1139 3198 eor
1161 3145 1250 3215 qui
1277 3144 1507 3199 adorant
1536 3162 1675 3211 eum,
1707 3146 1764 3201 in
1810 3148 2004 3217 spiritu
2027 3157 2077 3203 et

2187 3144 2353 3210 Θεὸς,
2386 3143 2488 3197 καί
2517 3141 2660 3209 τοὺς
2700 3140 3207 3211 προσκυνοῦντας
3253 3140 3442 3194 αὑτὸν
3480 3140 3552 3192 ἐν
3575 3140 3762 3192 πνεύ-

506 3234 722 3289 veritate
753 3244 950 3304 oportet
991 3237 1216 3290 adorare
1246 3245 1298 3291 ι.
1334 3236 1445 3291 Ηοε
1493 3238 1620 3292 item
1656 3257 1669 3293 :
1702 3237 1868 3293 Omne
1894 3257 2076 3309 pecca-

506 3340 617 3378 tum
649 3327 939 3379 remittetur
961 3327 1258 3381 hminibus
1282 3343 1301 3381 :
1323 3329 1373 3381 ei
1424 3338 1601 3382 autem
1628 3346 1716 3399 qut
1744 3328 2076 3399 blasphema-

2176 3251 2319 3305 ματι
2345 3233 2444 3288 καὶ
2464 3233 2715 3300 ἀληθείᾳ
2762 3231 2857 3285 δεῖ
2871 3230 3260 3299 προσκυνεῖν.
3296 3230 3407 3283 Καὶ
3432 3229 3515 3295 τὸ,
3543 3227 3763 3283 Πᾶσα²

2182 3326 2438 3395 ἁμαρτία
2497 3323 2863 3394 ἀφεθήσεται
2945 3321 3070 3387 τοῖς
3125 3321 3478 3389 ἀνθρώποις,
3546 3319 3633 3385 τῷ
3698 3318 3763 3372 δὲ

503 3416 632 3471 verit
658 3419 713 3471 in
747 3416 998 3485 Spiritum
1020 3430 1282 3483 sanctum,
1316 3436 1419 3473 non
1457 3422 1749 3474 remittetur
1770 3430 1830 3487 1,
1854 3424 1920 3477 de
1967 3432 2077 3477 tota

2183 3418 2647 3487 βλασφημοῦντι
2707 3418 2794 3482 εις
2858 3413 2922 3468 τὸ
2986 3413 3229 3481 Πνεῦμα
3291 3413 3357 3466 τὸ
3416 3411 3590 3481 ἅγιον
3653 3413 3764 3466 οὐκ

504 3508 792 3564 divinitate
822 3519 1126 3578 acceptum,
1162 3528 1285 3565 cum
1322 3514 1578 3582 pra-dicto
1630 3529 1795 3582 scopo
1825 3515 2074 3583 quadrat.

508 3596 602 3652 Illa
640 3613 855 3669 quoque
883 3613 978 3668 per
1014 3601 1294 3667 speculum
1332 3603 1463 3656 etin
1502 3602 1792 3672 aeuigmate
1838 3605 2076 3675 cognitio

504 3689 942 3758 supernaturalis
966 3691 1020 3743 in
1046 3689 1242 3745 'l‘riade
1288 3693 1531 3759 deitatis,
1559 3710 1655 3764 per
1684 3694 1948 3763 Spiritum
1973 3711 2075 3751 no-

506 3781 591 3837 bis
634 3781 687 3835 in
730 3779 913 3835 futuro
954 3782 1252 3850 perficitur.
1303 3784 1391 3840 Sic
1435 3788 1585 3840 enim
1629 3786 1717 3841 hic
1764 3799 1943 3843 motus
2007 3790 2075 3844 ad

506 3872 769 3941 Spiritum
808 3885 1079 3939 sanctum,
1107 3876 1558 3944 quemadmodum
1602 3877 1831 3932 duorum
1873 3895 2077 3948 praece-

508 3965 749 4020 dentium
780 3964 919 4020 alter
950 3967 1016 4019 ad
1058 3964 1297 4032 Patrem,
1325 3968 1464 4023 alter
1495 3968 1560 4023 ad
1586 3968 1787 4024 Filium
1814 3972 2072 4029 refertur.

502 4056 607 4123 Qui
648 4065 835 4111 autem
875 4057 1069 4112 ordine
1106 4060 1312 4127 primus
1341 4070 1425 4114 est
1455 4070 1614 4114 terrae
1639 4073 1839 4129 motus,
1896 4074 2077 4118 extre-

503 4162 627 4205 mus
677 4149 816 4202 idem
862 4151 1127 4219 dignitate
1173 4161 1228 4206 et
1259 4152 1512 4207 utilitatis
1564 4155 1935 4222 magnitudine
1966 4166 2071 4210 est.

504 4238 848 4296 ManifeStam
877 4243 1025 4297 enim
1048 4244 1277 4313 gratiam
1312 4244 1483 4299 multo
1506 4258 1631 4300 esse
1662 4248 1777 4317 lege
1802 4244 2071 4320 [antiqua]

504 4331 771 4401 majorem
804 4343 860 4389 et
914 4333 1208 4390 utiliorem.
1249 4334 1449 4390 Verum
1495 4346 1561 4391 et
1594 4340 1866 4393 secundus
1898 4338 2076 4394 minor

501 4434 588 4479 est
628 4426 814 4491 tertio,
845 4425 1120 4495 etquidem
1167 4426 1327 4480 Nune
1388 4428 1624 4483 videmus
1670 4444 1761 4497 per
1808 4430 2077 4498 speculum

2181 3509 2568 3580 ἀφεθήσεται,
2599 3507 2689 3561 ἐπὶ
2744 3506 2844 3576 τῆς
2879 3505 3131 3575 θεότητος
3162 3504 3289 3573 ὅλης
3324 3503 3597 3573 ὲκληφθὲν
3631 3502 3765 3573 σύμ-

2182 3619 2360 3671 φωνον
2395 3600 2461 3653 ἂν
2514 3599 2599 3670 εἴη
2656 3598 2735 3669 τῷ
2793 3596 3179 3668 προειρημένῳ
3224 3595 3434 3665 σκοπῷ.
3480 3595 3593 3648 Καὶ
3638 3594 3675 3663 ὴ
3709 3596 3766 3646 ὲν

2181 3694 2433 3764 ἐσόπτρῳ
2483 3692 2540 3746 δὲ
2574 3692 2773 3761 γνῶσις
2805 3692 2896 3744 καὶ
2947 3692 2981 3761 ή
3032 3692 3090 3743 ὲν
3135 3689 3421 3758 αἰνίγματι
3452 3688 3554 3757 τῆς
3590 3687 3762 3756 ὑπερ-

2183 3784 2354 3855 φυοῦς
2383 3786 2441 3837 ἐν
2476 3782 2667 3853 Τριάδι
2715 3780 2968 3851 θεότητος
3019 3780 3100 3842 είς
3150 3780 3212 3833 τὸ
3261 3779 3469 3833 τέλειον
3525 3777 3615 3830 διὰ
3669 3775 3763 3829 τοῦ

2182 3877 2497 3947 Πνεύματος
2530 3876 2660 3945 ἡμῖν
2693 3874 3127 3927 ἀποκαθίσταται
3171 3872 3313 3927 κατὰ
3339 3871 3431 3925 τὸν
3465 3869 3759 3941 μέλλοντα*

2182 3972 2411 4041 καὶγὰρ
2439 3964 2591 4031 οὗτος
2613 3969 2633 4000 ³
2657 3967 2734 4037 τῷ
2781 3966 3032 4037 παναγίῳ
3075 3964 3373 4034 Πνεύματι,
3424 3962 3614 4029 ὥσπερ
3651 3960 3761 4012 τῶν

2182 4063 2289 4134 πρὸ
2334 4062 2502 4116 αὑτοῦ
2551 4060 2644 4113 δύο
2676 4058 2917 4128 σεισμῶν
2948 4060 2976 4111 6
3010 4057 3108 4128 μὲν
3147 4055 3225 4127 τῷ
3276 4054 3480 4124 Πατρὶ,
3524 4053 3552 4104 6
3593 4053 3649 4104 δὲ
3686 4050 3763 4119 τῷ

2182 4152 2297 4221 Υίῷ
2344 4150 2698 4221 ἀναφέρεται.
2740 4149 2898 4201 Ἔστι
2931 4147 2989 4200 δὲ
3022 4146 3265 4216 δηλονότι
3309 4146 3338 4197 6
3371 4144 3470 4213 μὲν
3515 4145 3580 4212 τῇ
3608 4140 3761 4207 τάξει

2182 4245 2398 4316 πρῶτος
2450 4241 2694 4311 σεισμὸς,
2725 4240 2953 4310 ἔσχατος
3002 4236 3080 4309 τῷ
3138 4253 3198 4290 τε
3255 4236 3528 4305 ἀξιώματι
3554 4234 3646 4286 καὶ
3684 4232 3763 4301 τῷ

2184 4338 2281 4407 τῆς
2311 4334 2577 4407 ὠφελείας
2608 4333 2829 4404 μεγέθει
2854 4349 2866 4362 ·
2894 4330 3056 4400 δῆλον
3085 4329 3196 4400 γάρ
3227 4328 3355 4399 ὠςη
3391 4328 3551 4398 χάρις
3582 4324 3761 4393 πολλῷ

2185 4430 2280 4484 τοῦ
2312 4430 2478 4499 νόμου
2529 4428 2729 4498 μείζων
2759 4444 2818 4480 τε
2870 4426 2963 4479 καὶ
2992 4422 3432 4492 λυσιτελεστέρα.
3480 4420 3639 4473 Ἀλλά
3670 4421 3761 4472 καὶ

499 4528 547 4573 et
572 4519 627 4572 in
646 4519 923 4588 (enigmate
955 4533 975 4573 :
1005 4526 1128 4571 tunc
1151 4528 1328 4573 autem
1356 4521 1490 4589 facie
1515 4519 1585 4572 ad
1600 4520 1797 4587 faciem
1825 4531 1871 4577 ι.
1899 4521 2077 4588 Quare

2183 4522 2209 4573 6
2231 4521 2482 4592 δεύτερος
2508 4517 2820 4572 ἐλαττοῦται
2851 4516 2947 4571 τοῦ
2984 4516 3193 4587 τρίτου,
3224 4515 3338 4583 εἴγε
3362 4512 3458 4577 νῦν
3503 4511 3603 4583 μὲν
3665 4512 3761 4562 Ἐν

501 4611 695 4679 etiam,
720 4610 852 4666 Cum
895 4613 1091 4666 venerit
1112 4612 1253 4682 quod
1284 4610 1573 4681 perfectum
1593 4620 1705 4679 fert,
1733 4615 2080 4669 evacuabitur

499 4703 638 4773 quod
674 4718 741 4757 ex
786 4712 939 4771 parte
983 4712 1130 4756 este.
1175 4700 1243 4756 Et
1293 4703 1577 4756 considera
1616 4701 1847 4776 [quaeso]
1891 4705 2077 4759 divina

499 4796 778 4866 operantis
840 4792 1202 4849 Providentia
1268 4792 1462 4864 1966
1522 4795 1977 4863 sapientissimam
2022 4806 2079 4851 et

500 4887 765 4957 aequalem
825 4887 1113 4943 trutinam.
1156 4886 1453 4942 Videbatur
1500 4885 1665 4941 Pater
1707 4887 1904 4955 priscis
1962 4888 2072 4942 illis

501 4978 829 5047 praecipuam
854 4977 1176 5047 dignitatem
1220 4976 1471 5032 obtinere
1498 4995 1513 5031 :
1540 4992 1866 5047 rursumque
1903 4977 2076 5034 Filius

499 5071 553 5123 in
590 5083 728 5124 nova
753 5068 871 5139 lege
900 5069 1220 5139 quibusdam
1257 5067 1544 5134 minorem,
1577 5077 1633 5123 at
1661 5068 1852 5123 multis
1888 5083 2074 5138 aequa-

498 5163 603 5219 lem
640 5180 653 5217 :
676 5161 922 5232 Spiritus
951 5176 1085 5216 vero
1117 5171 1340 5216 sanctus
1366 5161 1549 5217 multis
1576 5160 1864 5224 minorem,
1888 5162 2075 5231 paucis

497 5256 787 5326 aequalem.
820 5253 893 5309 Ut
919 5254 1086 5322 igitur
1118 5268 1185 5308 ex
1205 5253 1488 5307 hominum
1513 5253 1770 5322 opinione
1799 5264 1920 5309 orta
1943 5254 2075 5309 ina:-

496 5350 731 5420 qualitas
770 5349 839 5404 ad
874 5348 1241 5419 aequalitatem
1293 5348 1684 5415 reduceretur,
1727 5350 1937 5419 primus
1982 5350 2074 5407 ille

583 5487 601 5521 ⁸
633 5484 678 5539 ll
706 5485 832 5541 Cor.
862 5502 903 5553 ι,
936 5486 1028 5540 22.
1068 5494 1099 5525 ιι
1128 5486 1326 5553 Ephes.
1358 5503 1395 5552 ι,
1434 5487 1533 5551 M;
1567 5486 1726 5543 Rom.
1761 5491 1993 5553 vm,25.
2068 5500 2097 5529 ν
2125 5489 2458 5556 Mattthn,
2488 5489 2580 5544 50.

586 5571 666 5611 rc.
699 5562 783 5617 ω,
806 5556 908 5617 29;
937 5556 1069 5613 Luc.
1098 5573 1197 5617 xu.
1231 5556 1317 5612 10.
1397 5566 1419 5594 ⁸
1449 5557 1467 5611 l
1498 5556 1626 5612 Cor.
1657 5573 1778 5617 xm.
1810 5560 1898 5615 12.
1994 5573 2021 5601 ι
2056 5561 2191 5617 ibid.
2236 5561 2329 5615 lt).

1994 5573 2021 5601 ⁸
2056 5573 2191 5616 ποια.
2236 5573 2329 5615 ιυ.

496 5554 666 5613 Marc.
699 5562 783 5621 ω,
806 5556 908 5625 29;
937 5556 1069 5613 Luc.
1098 5573 1197 5624 xu,
1231 5556 1317 5612 10.
1397 5566 1419 5594 ⁸
1449 5557 1467 5611 l
1498 5556 1626 5612 Cor.
1657 5573 1778 5626 xm,
1810 5560 1898 5615 12.

2179 4613 2495 4680 ἐσόπτρῳδ
2519 4612 2832 4679 βλέπομεν
2877 4609 2977 4663 καί
3030 4610 3100 4663 ἐν
3146 4607 3469 4677 αἰνίγματι,
3505 4605 3633 4657 τότε
3690 4602 3761 4654 δὲ

2180 4706 2510 4773 πρόσωπον
2543 4702 2693 4769 πρὸς
2734 4701 3085 4769 πρόσωπον.
3116 4697 3207 4751 Διὸ
3242 4698 3359 4761 καὶ,
3397 4696 3582 4749 Ὅταν
3606 4692 3757 4759 ἕλοῃ

2179 4800 2247 4854 τὸ
2281 4798 2537 4864 τέλειον,
2573 4794 3088 4865 καταργηθήσεται
3138 4792 3205 4847 τὸ
3251 4791 3321 4846 ἐκ
3369 4792 3607 4860 μέρους.
3641 4789 3761 4841 Καὶ

2180 4892 2375 4946 σκόπει
2405 4890 2508 4960 τῆς
2542 4887 2841 4959 θεουργοῦ⁸
2872 4888 3133 4957 Προνοίας
3154 4883 3245 4937 τὸν
3274 4882 3549 4950 πάνσοφόν
3568 4897 3623 4933 τε
3660 4880 3760 4931 καὶ

2178 4984 2399 5057 ἀρῤεπῆ
2426 4981 2608 5050 ζυγόν.
2632 4979 2760 5053 [³525
2790 4977 2885 5050 Η.]
2929 4978 2987 5032 '0
3020 4976 3212 5047 Πατὴρ
3242 4973 3418 5029 ἐδόκει
3442 4975 3554 5036 τοῖς
3582 4970 3757 5023 πάλαι

2177 5077 2241 5130 τὸ
2290 5074 2473 5146 μεῖξον
2521 5073 2686 5143 ἔχειν,
2732 5072 2761 5124 6
2811 5070 2939 5133 Υἱὸς
2970 5068 3027 5121 δὲ
3080 5068 3243 5121 πάλιν
3287 5066 3433 5120 κατὰ
3474 5066 3572 5134 τὴν
3621 5063 3757 5115 νέαν

2179 5166 2343 5229 ὲνίοις
2385 5167 2483 5236 μὲν
2521 5164 2583 5217 τὸ
2628 5163 2866 5225 ἔλαττον,
2900 5163 3013 5223 τοῖς
3062 5159 3279 5223 πολλοῖς
3330 5158 3388 5211 δὲ
3420 5156 3481 5210 τὸ
3516 5156 3655 5209 ῐσον·
3689 5155 3758 5207 τὸ

2177 5257 2238 5313 δὲ
2279 5258 2435 5327 ἆγιον
2465 5255 2692 5326 Πνεῦμα
2727 5257 2837 5316 τοῖς
2874 5253 3090 5316 πολλοῖς
3124 5252 3224 5322 μὲν
3270 5250 3332 5303 τὸ
3366 5249 3603 5314 ἔλαττον,
3628 5244 3753 5298 ὀλί-

2178 5367 2297 5420 γοις
2321 5349 2379 5402 δὲ
2402 5348 2465 5402 τὸ
2501 5348 2636 5403 ἴσον.
2677 5347 2793 5399 Ἵνα
2820 5343 2913 5398 οὖν
2940 5344 3003 5398 τὸ
3037 5344 3222 5399 ἀνισον
3268 5343 3331 5397 τὸ
3362 5342 3473 5398 ἀπὸ
3515 5341 3609 5411 τῆς
3631 5338 3756 5390 τῶν

2685 5500 2713 5530 ι
2736 5485 2896 5542 Joan.
2930 5502 3006 5553 tv,
3031 5484 3123 5542 ει.
3242 5493 3270 5527 ν
3300 5482 3493 5540 Matth.
3530 5495 3621 5547 xu,
3647 5480 3751 5546 ὄις

1808 5652 2046 5710 νΑῐυιιΕ
2092 5654 2227 5710 LEC
2237 5651 2507 5708 TIONES.

563 5762 611 5797 "
661 5761 958 5835 ὲπιμαρτ.”Ι
986 5762 1025 5819 ll
1053 5764 1183 5822 Cor.
1223 5783 1264 5829 ι,
1302 5767 1395 5825 22.

530 5830 621 5920 ὴν]
671 5833 830 5891 Rom.
890 5838 1132 5920 viti,
1207 5838 1252 5870 ”
1287 5839 1395 5920 ἓν]

1502 5771 1550 5842 _"
1581 5768 1877 5842 πολλαχοῦ]
1917 5771 2155 5842 ἀλλαχοῦ
2185 5767 2550 5842 Hmscheljus.
2643 5767 2689 5805 ⁸⁷
2726 5767 2957 5842 66696.]
3009 5767 3438 5842 _Epltes._t,-ii._
3500 5767 3543 5792 "
3568 5767 3680 5841 άπξ

671 5825 1132 5912 Ron1.'yrii,25_.
1207 5825 1345 5912 ἐἰν
1383 5839 1517 5912 γάρ]
1578 5825 1940 5912 Maunf‘xx’n,
1988 5825 2079 5896 δοῖ

2192 5825 2450 5912 ᾼπνεῦμα]
2528 5839 2688 5912 J_oan.
2739 5825 2957 5912 ιῦζειί
3009 5825 3231 5907 ’πᾶσα]
3290 5832 3477 5888 Matth.
3524 5842 3609 5891 ιιι,
3644 5825 3751 5879 51.

556 5905 730 5972 οὕτως
751 5924 811 5973 ς.
892 5905 913 5940 ⁵
942 5910 999 5964 ἐν
1031 5908 1313 5983 ἐσόπτρῳ]
1350 5905 1519 5968 lcet“.
1549 5927 1673 5977 xm,
1706 5911 1792 5967 12.
1868 5913 1889 5945 ⁸
1921 5911 2079 5984 θεουρ

2183 5910 2210 5986 ι]
2244 5905 2578 5983 δημιουργοῦ
2614 5923 2700 5981 pr.
2732 5908 2795 5960 A.

2643 5767 2689 5805 ιτ
2726 5762 2957 5836 arma]
3017 5761 3437 5836 EpiteS._l._!‘—_
3500 5756 3756 5836 ⁹⁸ἀπΞξ⁹
