4014 6420
270 444 369 507 789

1326 454 1943 518 BlBLIOTHECA.-—
1980 457 2143 519 COD.
2182 457 2463 517 CCXXII.

3417 451 3525 518 790

266 554 575 627 ἀνθρώπων
606 557 932 631 ὑπολήψεως
964 577 1044 621 εις
1094 558 1316 631 ἰσότητα
1346 563 1653 637 ὲπαναχθῇ,
1684 567 1712 619 6
1747 565 1846 636 μὲν

1960 577 2106 619 terra:
2129 566 2437 633 motus,qui
2461 563 2603 618 Patri
2622 564 2915 619 attributus
2937 572 3040 629 est,
3062 563 3326 620 minorem
3344 566 3523 638 digni-

265 648 482 720 πρῶτος
513 654 757 720 σεισμὸς,
789 652 848 716 ὃς
877 651 1155 724 ἀφώριστο
1194 652 1271 722 τῷ
1316 654 1509 725 Πατρὶ,
1538 656 1598 709 τὺ
1627 657 1845 711 ἔλαττον

262 739 446 807 ἔσχεν,
474 742 503 792 6
535 740 592 792 δὲ
621 742 897 812 δεύτερος,
931 743 989 807 ὃς
1019 739 1087 815 ἦν
1112 743 1189 814 τῷ
1223 743 1357 813 Υἰῷ,
1387 745 1449 797 τὸ
1477 746 1687 800 ἐκείνου
1728 751 1847 819 μεῖ-

262 830 377 896 ζον,
406 832 501 885 καὶ
531 835 559 886 6
585 833 680 887 τοῦ
708 836 1024 902 Πνεύματος
1059 837 1263 907 ἀμφοῖν
1293 836 1580 908 ὑπερέχον.
1614 840 1723 894 Καὶ
1746 842 1847 911 ὅρα

263 925 454 993 σαφῶς
484 926 689 999 ὃπωςή
728 930 785 982 ὲν
808 931 929 992 ταῖς
964 929 1071 983 τῶν
1105 929 1413 1000 ἀνθρὼπων
1450 932 1633 998 δόξαις
1660 934 1846 987 ἀνισό-

258 1034 367 1085 της
406 1017 495 1071 διὰ
515 1019 536 1049 ⁸
569 1019 671 1089 τῆς
699 1020 809 1073 τῶν
840 1020 1008 1091 τριῶν
1036 1023 1244 1093 καιρῶν
1275 1025 1589 1096 ἀνισότητος
1634 1026 1712 1088 εἰς
1745 1025 1846 1096 op-

263 1110 616 1181 ῥεπεστάτην
646 1128 704 1164 τε
732 1112 829 1165 καὶ
852 1112 1163 1183 Θαυμασίαν
1201 1116 1567 1187 συνεδιὸάσθη
1600 1117 1844 1188 ἰσότητα,

262 1204 398 1276 [625
425 1204 522 1277 R.]
560 1209 660 1278 τῆς
689 1209 977 1279 τριαδικῆς
1015 1209 1276 1282 θεαρχίας
1301 1212 1492 1286 ῶσπερ
1520 1214 1695 1285 αὑγήν
1725 1232 1848 1267 τινα

261 1298 727 1370 παραδεξαμένητ
764 1301 860 1354 καὶ
886 1301 1169 1373 Ελλαμψιν.
1206 1304 1330 1359 Ὅτι
1359 1305 1416 1359 δὲ
1447 1308 1481 1378 ἡ
1532 1307 1590 1359 ὲν
1647 1306 1843 1377 Τριάδι

258 1388 422 1453 τάξις
454 1392 556 1456 τὴν
598 1390 707 1443 τῶν
739 1391 951 1445 πολλῶν
995 1395 1309 1466 οἰκονομίαν
1349 1398 1691 1468 στοχάζεται,
1733 1400 1847 1452 ἀλλ’

258 1480 367 1533 οὑκ
396 1480 506 1533 ἀπὸ
532 1482 632 1552 τῆς
663 1482 979 1554 ὑπερφυοῦς
1017 1486 1232 1558 ἐκείνης
1278 1490 1372 1543 καὶ
1422 1490 1665 1562 ἀρρήτου
1722 1492 1849 1562 βλα-

264 1573 457 1626 στάνει
486 1573 730 1642 φύσεως,
763 1578 790 1629 6
814 1576 926 1630 τῶν
973 1580 1303 1652 ἀπορῤήτων
1337 1582 1548 1655 μύστης
1579 1585 1845 1646 διδάσκει.

258 1663 323 1725 ὃς
355 1664 453 1717 καὶ
475 1666 568 1719 τὸν
600 1666 727 1720 Υἱδν
756 1669 853 1722 καὶ
876 1669 1103 1741 Πνεῦμα
1133 1671 1430 1743 θεόληπτον
1462 1672 1663 1746 μύησιν
1692 1676 1850 1746 ἔσχεν

262 1754 440 1807 ὲνίοτε
499 1755 596 1808 τοῦ
654 1758 867 1829 Πατρδς
912 1760 1233 1831 προτάττειν
1263 1779 1276 1793 ·
1314 1765 1680 1833 Διαιρέσεις⁸
1739 1766 1848 1838 γὰρ

261 1846 655 1913 χαρισμάτων
707 1849 850 1915 εἰσί,
896 1851 994 1904 καὶ
1053 1852 1119 1905 τὸ
1161 1854 1327 1915 αὐτὸ.
1364 1856 1516 1925 φησί,
1559 1855 1845 1927 Πνεῦμα·

262 1936 593 2006 διαιρέσεις
616 1940 686 1994 δὲ
709 1941 1049 2013 διακονιῶν,
1073 1947 1171 2000 καί
1202 1950 1235 2002 ὁ
1260 1949 1442 2016 αὐτὸς
1470 1952 1687 2019 Κύριος
1708 1968 1722 1983 ·
1748 1953 1847 2007 καί

262 2024 593 2099 ὄιῖιιρέσεις
621 2031 1057 2104 ἐνεργημάτων,
1094 2037 1191 2092 καὶ
1237 2041 1271 2093 ό
1310 2041 1490 2108 αὐτὸς
1532 2046 1696 2112 Θεός.
1738 2046 1850 2101 Καὶ

264 2123 408 2191 πρὸς
440 2124 684 2189 Γαλάτας
706 2127 749 2158 ⁸·
782 2130 1023 2197 Παῦλος
1072 2135 1106 2187 ὀ
1149 2134 1516 2203 ἀπόστολος,
1584 2139 1697 2192 οὐκ
1745 2140 1847 2195 ἀπ’

263 2214 598 2282 ἀνθρώπων
634 2218 778 2272 οὐδὲ
820 2220 897 2275 δι’
920 2222 1269 2291 ἀνθρώπων,
1303 2227 1465 2283 ἀλλὰ
1505 2228 1605 2283 διὰ
1651 2231 1849 2299 Ἰησοῦ

265 2307 528 2373 Χριστοῦ
557 2310 655 2362 καὶ
699 2311 849 2365 Θεοῦ
876 2317 1131 2384 Πατρός.
1168 2317 1331 2372 Ὥστε
1358 2319 1419 2373 τὸ
1451 2321 1849 2391 προτάττεσθαι

268 2400 366 2448 καὶ
396 2397 799 2454 ὑποτάττεσθαι
846 2402 914 2456 τὰ
937 2404 979 2436 ⁸ο
1012 2406 1112 2475 τῆς
1142 2405 1441 2479 θεαρχικῆς
1472 2411 1703 2482 Τριάδος
1755 2414 1851 2468 καὶ

268 2490 455 2543 πᾶσαν
480 2492 633 2556 τάξιν
662 2494 754 2546 καὶ
791 2495 969 2548 πάντα
998 2496 1155 2565 λόγον
1196 2500 1569 2573 ὑπερεχούσης
1612 2505 1852 2576 ὀνόματα

267 2582 370 2652 οὑχ
429 2583 621 2653 εἰρμόν
678 2602 803 2638 τινα
858 2588 1088 2656 φυσικὸν
1145 2590 1401 2658 διασώζει
1450 2594 1675 2661 τάξεως,
1716 2598 1853 2653 ἀλλά

267 2676 412 2745 πρὸς
438 2676 540 2746 τὴν
572 2677 683 2730 τῶν
713 2679 1002 2751 ἀκροατῶν
1035 2685 1313 2753 σωτηρίαν
1362 2688 1729 2760 οἰκονομεῖται
1759 2692 1854 2745 καὶ

266 2766 717 2823 διαποικίλλεται.
771 2770 958 2826 Ταῦτα
1000 2773 1099 2843 μὲν
1148 2774 1243 2829 οῦν
1271 2776 1312 2808 ¹¹
1370 2779 1398 2831 6
1432 2779 1641 2845 κλεινός
1668 2800 1727 2836 τε
1758 2785 1855 2837 καὶ

267 2854 384 2907 τῶν
416 2855 575 2910 θείων
608 2860 948 2931 μαθημάτων
975 2862 1241 2937 διάπυρος
1264 2867 1502 2940 ἐραστὴς
1527 2870 1666 2925 κατά
1683 2873 1745 2926 τὸ
1772 2873 1854 2927 λα’

266 2963 329 2998 τε
373 2947 471 3000 καὶ
510 2949 554 3019 β’
589 2952 887 3022 κεφάλαιον
916 2956 1423 3033 φιλοπονησάμενος
1467 2966 1856 3040 ἐπραγματεύ-

269 3055 427 3093 σατο.

356 3132 446 3227 ἶΕν
479 3133 537 3187 δὲ
568 3135 646 3206 τῷ
676 3136 803 3210 ἑξῆς
831 3141 1115 3214 κεφαλαίῳ
1162 3145 1346 3211 αἰτίας
1392 3147 1575 3221 τίθησι
1625 3151 1694 3206 δι’
1724 3153 1793 3220 ἃς
1823 3155 1856 3227 ἡ

268 3224 490 3281 Παλαιὰ
522 3231 617 3281 καὶ
638 3230 753 3283 Νέα
778 3233 1021 3305 Διαθήκη
1052 3234 1131 3306 τῷ
1154 3236 1444 3311 δυσλήπτῳ
1465 3259 1523 3296 τε
1546 3244 1639 3297 καὶ
1666 3224 1858 3317 δυσερξ

272 3320 532 3391 μηνεύτῳ
576 3324 929 3393 ποικίλλεται,
957 3328 1007 3381 εἰ
1039 3331 1134 3382 καὶ
1189 3331 1390 3402 μᾶλλον
1430 3334 1587 3407 μὲνὴ
1624 3338 1857 3404 Παλαιὰ,

265 3409 437 3485 ἦττον
466 3413 524 3466 δὲ
553 3414 621 3468 τὰ
658 3416 758 3486 τῆς
787 3419 1029 3489 χάριτος.
1052 3421 1164 3476 Καὶ
1187 3424 1281 3478 ἐπὶ
1314 3426 1414 3494 μὲν
1441 3427 1535 3481 τοῦ
1566 3430 1863 3487 Μωσαῖκοῦ

268 3506 607 3576 γράμματός
639 3526 802 3581 φησιν
846 3512 951 3579 ὄτι,
985 3513 1111 3568 ἐπεὶ
1140 3515 1314 3582 τύπος
1338 3514 1407 3591 ἦν
1437 3521 1532 3574 καὶ
1581 3524 1709 3577 σκιὰ
1755 3525 1865 3580 τῶν

272 3598 586 3667 μελλόντων
617 3602 860 3670 ἀγαθῶν,
892 3605 1119 3671 εἰκότως
1139 3608 1215 3673 ὡς
1247 3610 1306 3663 ὲν
1334 3614 1468 3685 σκιᾷ
1497 3630 1557 3667 τε
1585 3617 1680 3669 καὶ
1705 3617 1863 3688 τύπῳ

271 3691 371 3775 καὶ
429 3690 572 3744 αὐτὰ
594 3692 636 3723 ¹’
664 3694 733 3745 τά
764 3695 986 3765 ῥήματα
1035 3698 1132 3751 καὶ
1162 3700 1264 3770 τὴν
1306 3702 1415 3756 τῶν
1449 3706 1710 3775 ῥημάτων
1749 3727 1867 3763 συν-

273 3774 457 3845 θήκην
488 3776 874 3870 προϐάλλεται,
910 3783 979 3836 δι’
1012 3780 1089 3840 ὧν
1117 3791 1315 3859 κρατεῖ
1352 3791 1387 3861 ή
1426 3774 1685 3863 ἀσάφεια.
1717 3798 1867 3870 Πλήν

272 3868 520 3960 γεκατὰ
560 3869 885 3960 τάςλδιπλᾶς
930 3876 1031 3945 τῆς
1071 3878 1397 3948 νομοθεσίας
1434 3882 1649 3949 πλάκας
1672 3868 1866 3960 διπλῆν

276 3954 376 4048 καὶ
412 3954 515 4048 τὴν
555 3958 745 4028 χρείαν
800 3963 1125 4033 παρέχεται,
1162 3969 1276 4032 τοῖς
1339 3971 1442 4041 μὲν
1493 3954 1866 4048 ἀναϐεϐηκόσι

275 4045 374 4143 τὸν
406 4047 546 4143 νοῦν⁸
570 4049 669 4121 τὴν
709 4052 905 4126 αἴγλην
947 4055 1153 4113 ἔσωθεν
1199 4062 1670 4137 ἀπαστράπτοντα
1691 4045 1736 4104 ίί
1766 4073 1867 4143 τὴν

275 4138 377 4189 τοῦ
406 4140 746 4210 Πνεύματος,
774 4148 899 4212 τοὺς
936 4148 995 4203 δὲ
1045 4153 1390 4227 παχυτέρους
1423 4138 1867 4232 ψυχαγωγοῦντα

275 4234 370 4324 τῆξ
393 4236 741 4324 σκιαγραφίᾳ
780 4240 876 4295 τοῦ
922 4244 1271 4316 γράμματος.
1323 4249 1664 4324 Ἐκέκρυπτο
1702 4256 1760 4311 δὲ
1798 4259 1868 4313 τὰ

281 4322 553 4419 μέλλοντα
585 4328 787 4397 ἀγαθὰ,
820 4326 896 4386 ὧν
924 4336 957 4405 ἡ
985 4336 1086 4407 τῆς
1113 4338 1344 4409 Τριάδος
1383 4322 1587 4411 γνῶσις
1609 4347 1674 4399 τὸ
1698 4351 1869 4419 κεφά-

277 4417 551 4512 λαιον,δι⁹
582 4421 653 4484 ἀς
701 4424 882 4488 αἰτίας
926 4428 1187 4493 πολλάκις
1231 4433 1674 4508 ἀποδεδώκαμεν,
1726 4417 1868 4512 λέγω

277 4508 349 4578 δὴ
382 4509 474 4563 διά
509 4528 570 4564 τε
608 4512 718 4567 τῶν
759 4516 1043 4588 ἀκροατῶν
1077 4520 1139 4573 τὸ
1179 4522 1403 4590 ἀσθενὲς
1432 4531 1527 4580 καὶ
1570 4529 1660 4584 διὰ
1685 4532 1746 4585 τὸ
1772 4508 1868 4587 λἀ-

1948 665 2114 711 tatem
2130 656 2642 711 habuit:secnndns
2660 655 2808 720 dein,
2831 655 2918 724 qui
2944 654 3067 710 Filii
3104 668 3245 723 erat,
3283 657 3379 711 illo
3410 675 3521 713 ma-

1941 747 2119 819 jorem
2150 766 2164 803 :
2196 749 2495 818 tertiusque
2514 748 2748 816 Spiritus
2771 748 2968 815 sancti,
2988 756 3219 816 utroque
3239 749 3514 803 excellent-

1948 843 2165 897 tiorem.
2187 844 2263 895 Ita
2286 840 2433 896 clare
2464 839 2786 911 perspicias,
2813 841 3085 910 quomodo
3118 856 3237 911 quae.
3264 842 3315 896 in
3346 842 3521 897 homi-

1944 949 2071 987 num
2105 934 2457 1001 estopinione
2492 932 2857 1003 inaequalitas,
2889 949 2987 1002 per
3015 933 3178 989 trium
3210 944 3519 1003 temporum

1946 1024 2396 1096 inaequalitatem,
2417 1026 2467 1080 in
2495 1027 2866 1081 admirandam
2891 1043 2954 1083 ac
2968 1027 3218 1082 stabilem
3238 1027 3523 1097 aequalita-

1948 1126 2056 1174 tem
2087 1118 2300 1183 coierit,
2331 1116 2621 1173 Trinitatis
2648 1117 2928 1187 majestate
2973 1119 3142 1174 veluti
3178 1118 3517 1187 splendorem

1947 1209 2239 1277 quemdam
2276 1225 2339 1265 ac
2372 1210 2547 1265 lucem
2592 1212 2917 1280 accipiente.
2960 1211 3111 1279 Quod
3162 1227 3296 1267 vero
3329 1210 3421 1281 qui
3469 1211 3523 1265 in

1951 1303 2219 1358 Trinitate
2267 1312 2348 1359 est
2370 1304 2545 1369 ordo,
2595 1303 2738 1373 vulgi
2777 1304 3042 1359 duntaxat
3110 1304 3521 1359 ordinationem

1949 1404 2181 1464 spectet,
2228 1410 2335 1449 non
2368 1404 2546 1448 autem
2587 1410 2653 1449 ex
2705 1394 2963 1449 ineffabili
3010 1403 3066 1450 et
3119 1389 3523 1464 supernaturali

1950 1496 2144 1540 natura
2173 1495 2481 1553 promonet,
2518 1500 2842 1540 arcanorum
2879 1485 2971 1540 ille
3003 1496 3179 1557 mysta
3216 1485 3394 1549 docet,
3419 1484 3514 1555 qui

1950 1576 2210 1630 divinitus
2256 1590 2376 1629 eam
2432 1574 2824 1629 institutionem
2860 1575 3091 1645 accepit,
3130 1585 3187 1629 ut
3230 1574 3424 1629 Filium
3462 1582 3518 1627 et

1951 1664 2217 1733 Spiritum
2256 1664 2581 1731 quandoque
2622 1675 2747 1719 ante
2788 1662 3007 1718 Patrem
3060 1665 3264 1719 locaret
3303 1684 3316 1721 :
3369 1664 3521 1719 Divi-

1951 1756 2121 1811 siones
2178 1755 2318 1809 enim
2368 1755 2667 1822 gratiarum
2724 1766 2871 1820 sunt,
2928 1755 3125 1826 inquit,
3175 1756 3313 1809 idem
3354 1767 3528 1810 autem

1954 1844 2184 1913 Spiritus
2218 1862 2237 1901 :
2270 1847 2550 1899 divisiones
2582 1847 3058 1913 ministrationum,
3094 1856 3143 1901 et
3171 1848 3307 1902 idem
3340 1846 3528 1899 Domi-

1957 1951 2054 1989 nus
2075 1951 2094 1988 :
2119 1944 2167 1989 et
2213 1935 2493 1989 divisiones
2538 1936 2924 2003 operationum,
2953 1936 3190 2007 idemque
3217 1936 3355 1990 Deus
3378 1936 3429 1987 δ.
3448 1934 3530 1990 Διί

1957 2026 2179 2083 Galatas
2209 2042 2423 2095 quoque
2449 2028 2693 2081 scribens
2719 2043 2739 2081 :
2766 2026 2970 2081 Paulus
3011 2027 3302 2096 apostolus,
3336 2043 3437 2081 non
3466 2027 3530 2080 ab

1956 2118 2278 2182 hominibus,
2316 2134 2481 2187 neque
2524 2134 2616 2187 per
2654 2117 2914 2182 homines,
2943 2118 3032 2172 sed
3057 2134 3149 2188 per
3168 2117 3352 2172 Jesum
3386 2116 3533 2171 Chri-

1957 2220 2116 2273 stum,
2147 2217 2196 2263 et
2220 2208 2384 2263 Deum
2403 2207 2619 2262 Patrem
2641 2219 2689 2263 θ.
2710 2207 2891 2275 Quare
2907 2208 3049 2277 quod
3075 2207 3270 2261 divina:
3298 2205 3533 2261 Trinita-

1960 2305 2055 2369 tis,
2088 2318 2208 2373 qua:
2235 2316 2454 2357 omnem
2490 2311 2543 2356 et
2584 2302 2829 2357 ordinem
2866 2311 2921 2355 et
2954 2315 3261 2355 sermonem
3296 2300 3528 2363 excedit,

1960 2394 2177 2447 nomina
2217 2391 2379 2446 modo
2426 2402 2834 2462 praeponantur,
2878 2391 3037 2447 modo
3094 2400 3485 2460 postponantur
3514 2432 3529 2456 ,

1959 2502 2069 2541 non
2106 2485 2155 2539 id
2190 2486 2389 2539 seriem
2426 2485 2667 2554 aliquam
2714 2487 3017 2541 naturalem
3072 2496 3275 2551 tuetur,
3317 2486 3409 2541 sed
3466 2486 3531 2539 ad

1960 2579 2268 2632 auditorum
2302 2577 2534 2633 salutem
2563 2578 2712 2633 varie
2735 2582 3202 2637 accommodatur.
3242 2579 3367 2635 llaec
3406 2594 3534 2634 vero

1962 2672 2197 2742 inclytus
2234 2673 2555 2742 ardensque
2597 2672 2909 2728 divinarum
2952 2673 3361 2746 disciplinarum
3386 2688 3535 2728 ama-

1965 2773 2047 2817 tor
2078 2763 2354 2819 tricesimo
2388 2764 2564 2833 primo
2597 2765 2775 2835 capite
2798 2774 2853 2821 et
2878 2765 3055 2822 altero
3103 2768 3354 2823 studiose
3382 2766 3534 2820 labo-

1964 2855 2135 2913 rando
2159 2855 2534 2927 pertractavit.

2036 3156 2129 3213 3'5.
2176 3154 2435 3212 Proximo
2481 3154 2678 3212 dehinc
2724 3155 2903 3223 capite
2967 3169 3163 3211 causas
3206 3153 3405 3219 reddit,
3438 3168 3539 3208 cur

1889 3279 1930 3334 Ο
1968 3254 2075 3301 tam
2122 3244 2332 3301 Novum
2380 3261 2542 3316 quam
2581 3244 2750 3301 Vetus
2802 3244 3213 3301 Testamentum
3257 3242 3540 3299 intellectu

1965 3348 2129 3409 atque
2166 3339 2457 3408 explanatu
2498 3337 2809 3393 diﬂlcilibus
2858 3336 2991 3391 locis
3041 3336 3394 3392 intertextum
3446 3336 3541 3403 sit,

1965 3431 2066 3486 etsi
2113 3430 2282 3485 Vetus
2328 3430 2739 3487 Testamentum
2780 3430 2920 3501 plus,
2951 3429 3133 3486 minus
3173 3445 3305 3485 vero
3329 3428 3541 3484 Novum

1967 3522 2277 3593 ltujusmodi
2325 3522 2702 3579 diﬂicnltatum
2732 3523 2956 3579 habeat.
2995 3522 3062 3577 Et
3104 3537 3268 3593 super
3306 3521 3545 3579 Mosaico

1968 3616 2191 3684 quidem
2231 3615 2436 3687 scripto
2474 3614 2727 3684 aﬂirmat,
2771 3614 3212 3687 quandoquidem
3250 3625 3409 3686 typus
3451 3616 3542 3670 illa

1966 3720 2123 3764 erant
2159 3718 2214 3764 et
2242 3710 2434 3764 umbra
2473 3707 2778 3764 futurorum
2815 3707 3104 3772 bonorum,
3162 3707 3361 3762 merito
3402 3716 3461 3762 ut
3489 3708 3541 3762 in

1970 3810 2097 3872 typo
2120 3812 2283 3871 atque
2304 3804 2496 3856 umbra
2521 3816 2643 3856 cum
2674 3800 2841 3863 verba
2869 3809 2983 3854 tum
3010 3798 3302 3855 verborum
3324 3814 3548 3870 compo-

1968 3894 2221 3948 sitionem
2250 3893 2516 3961 ejusmodi
2540 3892 2811 3965 prol‘erre,
2848 3908 2948 3964 per
2983 3908 3104 3963 quae
3147 3902 3423 3948 cresceret
3446 3893 3547 3948 ob-

1969 3987 2226 4041 scuritas.
2254 3987 2574 4055 Quanquam
2601 3985 2717 4041 hate
2742 3984 2797 4039 in
2825 3984 3137 4054 duplicibus
3157 3983 3293 4055 legis
3318 3984 3540 4050 tabulis,

1969 4078 2238 4145 geminam
2282 4092 2500 4149 quoque
2546 4078 2835 4133 utilitatem
2880 4081 3182 4146 prazbeant,
3227 4090 3349 4131 cum
3395 4077 3549 4134 etiis

1968 4171 2058 4239 qui
2121 4178 2298 4225 mente
2381 4171 2544 4226 altius
2627 4170 3026 4235 ascenderunt,
3080 4168 3273 4239 197a
3322 4168 3550 4225 interius

1971 4275 2130 4315 suum
2160 4263 2383 4330 spiritus
2426 4261 2604 4317 lumen
2631 4261 2796 4317 veluti
2836 4261 3203 4323 allulminant,
3228 4269 3282 4314 et
3310 4255 3549 4332 crassio-

1972 4369 2061 4407 res
2100 4353 2293 4408 lilterze
2332 4354 2747 4410 obumbratione
2787 4354 3076 4410 delectant.
3124 4349 3551 4408 Abscondeban-

1974 4455 2061 4500 tur
2085 4455 2266 4501 autem
2300 4444 2481 4502 futura
2510 4444 2672 4513 bona,
2698 4447 2753 4501 in
2780 4446 2977 4518 quibus
3003 4445 3241 4517 cognitio
3265 4438 3551 4499 Trinitatis

1973 4550 2136 4611 caput
2175 4550 2281 4605 est,
2313 4541 2383 4597 ob
2420 4555 2516 4596 eas
2558 4538 2840 4612 [maxime]
2874 4553 3066 4594 causas
3087 4577 3103 4603 ,
3128 4552 3266 4606 quas
3292 4535 3406 4606 jam
3442 4549 3548 4590 εωρ

280 4601 397 4703 θείν
432 4604 524 4658 τὸν
552 4605 792 4677 ἄρχοντα
840 4610 937 4663 τοῦ
993 4612 1242 4680 σκότους,
1298 4621 1392 4672 καὶ
1438 4620 1622 4691 τρίτον
1674 4624 1762 4679 ἵνα
1802 4628 1857 4680 ὲκ

1971 4601 2272 4703 penumero
2306 4601 2663 4697 tradidimus,
2693 4601 2914 4701 propter
2942 4628 3275 4685 audientium
3305 4625 3550 4680 imbecil-

282 4696 458 4793 μεσου
490 4699 774 4793 παντελῶς
815 4702 956 4773 ἀρθῇ
1007 4705 1070 4758 τὸ
1119 4708 1401 4777 πολύθεον,
1433 4714 1705 4787 μηδεμιᾶς
1736 4737 1871 4793 προ-

280 4788 506 4855 φάσεως
533 4792 648 4854 τοῖς
679 4793 1123 4865 πεπλανημένοις
1155 4818 1220 4854 τε
1242 4804 1335 4855 καὶ
1371 4788 1870 4880 ἀμαθεστέροιςτὲκ

278 4880 378 4931 τοῦ
422 4881 523 4953 τὴν
550 4883 757 4954 Τριάδα
793 4889 1163 4958 κηρύττεσθαι
1200 4896 1389 4965 σαφῶς
1422 4899 1516 4951 καὶ
1548 4903 1721 4971 χωρὶς
1754 4923 1866 4959 πα-

282 4974 735 5046 ρακαλυμμάτων
778 4981 1216 5057 ὑπολειπομένης
1266 4987 1406 5054 πρὸς
1439 4989 1727 5063 πλάνησιν.
1760 4997 1870 5050 Καὶ

279 5068 429 5121 ἔοικε
459 5069 529 5123 τά
562 5070 685 5140 ἰερά
717 5070 1028 5143 Γράμματα
1068 5078 1336 5148 χρυσίτιδι
1374 5083 1467 5153 γῇ,
1497 5083 1621 5154 ἥτις
1657 5087 1718 5140 οὑ
1755 5090 1865 5143 πᾶ-

281 5174 370 5210 σιν
390 5158 515 5212 οὑδὲ
542 5161 655 5224 τοῖς
680 5163 954 5232 τυχοῦσιν,
982 5162 1110 5236 [524
1136 5165 1231 5240 Η.]
1258 5167 1395 5223 ἀλλά
1424 5172 1538 5234 τοῖς
1562 5173 1865 5241 φιλοπόνως

278 5250 381 5304 καὶ
414 5252 799 5323 ἐπιστημόνως
832 5256 1226 5327 μεταλλεύουσι
1256 5261 1316 5313 τό
1348 5278 1407 5314 τε
1449 5266 1675 5333 χρυσίον
1719 5268 1867 5323 δόκι-

282 5359 387 5410 μον
442 5343 539 5397 καὶ
586 5346 647 5399 τὸ
697 5347 889 5418 κέρδος
942 5349 1052 5404 τῶν
1105 5351 1285 5406 πόνων
1326 5354 1511 5424 μεῖζον
1542 5360 1865 5432 παρέχεται.

277 5435 502 5507 Ὠσπερ
529 5433 623 5493 οὑν
652 5441 842 5505 πενίας
874 5442 975 5498 οὑκ
1022 5443 1426 5500 ἀπαλλάττεται
1468 5450 1498 5503 6
1528 5450 1628 5523 τὴν
1671 5457 1870 5523 μεταλ-

393 5575 424 5615 ι)
450 5574 466 5629 1
494 5575 621 5633 Cor.
667 5594 765 5649 att,
796 5578 889 5637 24.
953 5592 976 5620 ο
1012 5580 1190 5638 Galat.
1224 5598 1260 5647 ι,
1289 5583 1341 5639 4.

1968 4725 2198 4792 litatem,
2234 4725 2484 4794 inquam,
2524 4735 2690 4793 utque
2726 4722 3077 4778 tenebrarum
3124 4718 3423 4790 principem
3472 4716 3550 4771 la-

1970 4826 2152 4872 terent
2192 4835 2207 4873 :
2250 4817 2546 4872 multorum
2607 4816 2833 4871 deorum
2893 4814 3114 4877 cultus,
3184 4825 3307 4866 cum
3372 4809 3552 4865 nullus

1969 4906 2278 4981 [deinceps]
2311 4906 2624 4964 errantibus
2658 4917 2823 4975 atque
2861 4902 3292 4975 imperitioribus
3337 4900 3549 4955 erroris

1970 5001 2053 5055 sui
2086 5010 2385 5071 praetextus
2415 5000 2818 5070 relinqueretur
2859 5013 2925 5054 ex
2952 4997 3101 5054 clara
3120 5008 3175 5053 et
3207 4995 3430 5051 minime
3454 5008 3551 5049 ve-

1974 5091 2082 5145 lata
2130 5090 2415 5148 Trinitatis
2445 5091 2855 5164 praedicatione.
2892 5089 2958 5146 Ut
2984 5105 3157 5146 sacra:
3192 5088 3413 5143 Littera
3441 5100 3550 5140 non

1974 5182 2273 5238 dissimiles
2314 5197 2494 5238 aurea:
2532 5191 2691 5237 terra
2738 5181 3048 5245 videantur,
3085 5194 3209 5251 qua:
3243 5193 3344 5232 non
3377 5175 3554 5230 omni-

1976 5275 2078 5328 bus
2102 5289 2275 5344 neque
2298 5274 2630 5346 vulgaribus,
2649 5275 2742 5328 sed
2764 5273 3038 5328 laboriose
3058 5279 3273 5326 tantum
3290 5283 3354 5323 ac
3376 5267 3554 5321 scien-

1978 5375 2062 5421 ter
2109 5367 2599 5437 perscrutantibus,
2658 5382 2853 5421 surum
2913 5364 3198 5434 probatum
3252 5370 3309 5415 et
3341 5358 3549 5412 lucrum

1979 5458 2168 5515 labore
2213 5456 2389 5529 majus
2420 5459 2649 5531 praebet.
2692 5456 3157 5527 Quemadmodum
3200 5454 3383 5522 itaque
3420 5464 3553 5519 pau-

1575 5704 1809 5763 VARUE
1852 5707 2261 5766 LECTIONES.

282 5860 331 5891 ..
368 5790 585 5891 ZS‘M
612 5793 1595 5891 tm‘..€-._.'_z=3r.°:5‘€er‘ra.AF=
1635 5804 2112 5891 ,εταρξιδεξεμέιηγ
2159 5826 2220 5874 ςο
2298 5806 2344 5891 τ.
2376 5804 2573 5891 saep-1
2599 5803 2629 5891 ,ι
2701 5804 2831 5859 οοτο
2861 5802 3065 5891 {"1}:
3096 5772 3551 5891 ...ἱῖεέτὶέτ-Ξί

371 5861 586 5951 fiam."
612 5863 675 5920 ϐ·
752 5866 794 5951 ’,⁸
819 5865 913 5919 οὖν
952 5878 1008 5923 θι
1031 5860 1176 5951 ¹³ί,⁰⁸ο
1208 5860 1291 5921 -τέ
1335 5860 1460 5951 θεῖά·
1488 5876 1553 5931 Αο
1586 5860 1589 5861 ν
1635 5878 1677 5910 ¹’
1707 5860 1799 5933 κᾶὶ
1983 5860 2124 5934 αὑτά
2303 5878 2345 5911 ¹³
2364 5860 2826 5948 ἀπαστράπτοντα
2853 5882 2909 5929 et
2942 5860 3065 5929 mox
3094 5860 3555 5938 ψυχαγωγοῦνταὶ

286 5932 498 5988 rectius
530 5934 922 6008 ἀπαστράπτον
960 5968 1026 5978 --
1063 5937 1448 6011 ψυχαγωγοῦν.
