3940 6400
564 426 663 493 ’191

1718 428 1993 489 ῬΗΟΤΙΙ
2030 430 2143 489 PA'.

2251 430 2537 489 [ARCILE
2569 430 2679 488 ΟΡ.
3711 428 3793 491 792

560 546 827 611 pertatem
858 553 965 593 non
985 538 1189 604 evadit,
1222 540 1313 610 qui
1334 538 1572 595 fossilem
1593 553 1815 595 arenam
1849 557 2141 596 ornamen-

2251 543 2402 613 λικὴν
2444 542 2674 612 ψάμμον
2701 544 2758 595 ἐν
2799 543 3119 615 ώραῖσμῴἥ
3156 540 3403 613 παιδιᾷῆ
3446 540 3587 595 κατᾶ
3626 556 3796 612 μυκτη.

565 631 627 696 ti,
677 629 810 698 ludi,
858 640 951 685 aut
989 628 1101 701 joci
1135 644 1299 686 causa
1349 640 1613 697 tractans,
1671 632 1883 686 nullum
1933 633 2142 687 interea

563 720 802 776 studium
834 722 1076 789 adhibet,
1111 731 1171 776 ut
1193 722 1336 792 quod
1368 724 1469 778 sub
1504 740 1569 779 ea
1614 724 1991 780 absconditum
2017 722 2148 778 latet

566 810 857 881 investiget
885 828 898 864 :
926 811 1004 865 sic
1036 826 1213 880 neque
1246 812 1631 882 ignorantiam,
1666 828 1845 885 neque
1870 813 2147 885 negligen-

567 905 658 957 tize
684 904 1168 972 reprehensionem
1203 909 1435 961 evadere
1457 918 1639 975 queat,
1676 910 1791 978 qui,
1822 910 1920 963 soli
1949 908 2146 963 littera:

568 1002 986 1064 adhaerescens,
1025 981 1342 1058 thesaurum
1387 1004 1438 1057 iu
1485 1004 1597 1073 ipsa
1644 1005 1980 1058 reconditum
2035 1020 2143 1059 non

566 1102 866 1160 scrutetur,
906 1107 1084 1162 neque
1138 1093 1396 1147 latentem
1435 1094 1487 1147 in
1528 1093 1645 1160 ejus
1682 1093 1847 1150 fundo
1885 1110 2143 1149 sensuum

490 1242 495 1247 ,
569 1184 857 1238 utilitatem
907 1184 1162 1255 colligere
1205 1186 1441 1239 studeat.
1515 1186 1586 1240 Et
1629 1197 1777 1241 certe
1824 1188 1926 1242 hoc
1971 1187 2144 1256 ipsum

568 1280 714 1346 quod
756 1278 925 1331 divini
968 1292 1165 1333 sensus
1197 1276 1367 1331 abditi
1408 1277 1635 1344 lateant,
1678 1279 1912 1346 pretium
1953 1294 2143 1334 eorum

568 1369 866 1423 maximum
896 1376 949 1423 et
981 1368 1375 1423 sublimitatem
1406 1369 1609 1423 indicat
1645 1387 1658 1422 :
1688 1384 1753 1424 ac
1793 1372 1967 1440 majus
1985 1371 2146 1425 simul

575 1460 883 1528 inquirendi
910 1459 1242 1514 desiderium
1276 1460 1344 1514 iis
1372 1460 1549 1530 inﬁgit
1577 1462 1799 1526 animis,
1830 1464 1919 1531 qui
1959 1463 2054 1517 Dei
2094 1474 2149 1518 et

569 1553 781 1608 laboris
805 1568 1046 1609 amorem
1071 1554 1282 1608 inertia:
1325 1563 1689 1622 anteponunt.

638 1644 944 1699 Iudaeorum
982 1647 1203 1714 insuper
1254 1644 1594 1713 improbitas,
1633 1654 1685 1698 ct
1727 1645 1777 1696 in
1818 1646 1980 1699 rebus
2024 1660 2148 1716 quae

569 1734 794 1789 minime
833 1736 1165 1805 attingenda:
1185 1745 1375 1791 essent
1399 1737 1647 1799 audacia,
1680 1738 2034 1791 obscuritatis
2066 1747 2149 1793 est

2249 633 2443 703 ρισμὸν
2501 632 2887 702 ἐπαφώμενος,
2921 634 3075 688 οὐδὲν
3130 635 3186 688 δὲ
3229 633 3531 702 φιλοπονῶν
3586 632 3795 686 οὐδ’ὰν-

2249 727 2475 796 ιχνεύων
2507 726 2569 779 τδ
2604 727 2709 780 ὑπὸ
2756 727 2963 796 ταύτης
2994 728 3395 797 κρυπτόμενον,
3428 724 3601 789 οὕτως
3634 725 3722 777 οὐκ
3746 726 3797 780 ἂν

2246 817 2470 886 ἀγνοίας
2520 818 2861 889 ἀπαλλαγείη
2898 817 3019 871 οὐδὲ
3069 818 3167 886 τῆς
3214 817 3446 887 ἐχούσης
3499 816 3629 878 τοὺς
3663 816 3800 886 ῥᾳθύ-

2249 926 2383 979 μους
2414 910 2707 973 αίτιάσεως
2736 913 2765 963 ὁ
2789 902 2867 981 τῷ
2897 909 3188 980 γράμματι
3222 910 3368 980 μόνῳ
3400 909 3798 980 περιφυόμενος,

2246 1001 2336 1053 τὸν
2364 1000 2420 1053 δὲ
2454 1002 2511 1052 ὲν
2557 1000 2706 1071 αὐτῷ
2740 1000 3013 1071 θησαυρὸν
3051 1001 3151 1054 οὐκ
3177 1000 3504 1069 ἀνερευνῶν,
3538 999 3732 1052 οὐδὲτὸ
3758 1002 3802 1052 ὲν

2250 1093 2402 1163 βάθει
2455 1094 2647 1166 κέρδος
2698 1094 2808 1147 τῶν
2838 1096 3127 1165 νοημάτων
3174 1094 3593 1163 ἀναλεγόμενος.
3643 1092 3802 1147 Καίτοι

2248 1188 2342 1239 καὶ
2376 1186 2509 1240 αὐτὸ
2540 1187 2601 1238 τὸ
2631 1186 2937 1258 κεκρύφθαι
2992 1185 3059 1238 τὰ
3114 1185 3233 1238 θεῖα
3269 1185 3517 1255 νοήματα
3542 1183 3607 1236 τὸ
3637 1183 3805 1252 crpuit-

2248 1296 2409 1334 τατον
2434 1280 2618 1341 αὐτοῖς
2673 1279 2768 1331 καὶ
2817 1278 3020 1347 ὑψηλὸν
3048 1277 3507 1347 ὲπιμαρτύρεται,
3541 1275 3646 1329 καὶ
3668 1278 3805 1330 πόθον

2249 1373 2587 1445 ἐγκεντρίζει
2639 1372 2841 1443 μᾶλλον
2876 1372 3156 1442 ζητήσεως
3184 1374 3305 1433 ταῖς
3332 1372 3549 1439 ψυχαῖς,
3579 1369 3700 1422 ὅσαι
3721 1372 3807 1439 πρὸ

2248 1467 2349 1532 τῆς
2384 1462 2666 1537 ῥᾳστώνης
2698 1465 2757 1517 τδ
2787 1463 3033 1532 θεοφιλές
3068 1479 3130 1515 τε
3186 1462 3281 1515 καὶ
3310 1461 3601 1531 φιλόπονον
3633 1458 3807 1530 ἐμπρο-

2252 1558 2380 1611 σθεν
2410 1558 2627 1627 ἄγουσι.

2324 1650 2452 1722 [628
2493 1649 2588 1723 8.]
2621 1650 2730 1703 Καὶ
2759 1649 2820 1703 τὸ
2861 1646 3170 1720 κακοῦργον
3203 1646 3261 1700 δὲ
3285 1646 3396 1700 τῶν
3437 1644 3709 1698 Ἰουδαίων
3731 1642 3807 1695 καὶ

2250 1736 2523 1813 τολμηρὸν
2557 1741 2685 1812 περὶ
2715 1740 2783 1794 τὰ
2818 1740 3102 1810 ὰτόλμητα
3138 1738 3240 1807 τῆς
3266 1738 3410 1790 κατὰ
3445 1736 3545 1807 τὴν
3594 1734 3809 1787 Παλαιὰν

568 1828 623 1881 in
652 1826 833 1881 Veteri
859 1827 1216 1883 Testamento
1244 1830 1501 1883 nonnulla
1530 1845 1714 1883 causa.
1744 1829 1821 1883 Ne
1858 1831 2001 1885 enim
2027 1847 2143 1900 quae

2253 1836 2522 1904 ἀσαφείας
2551 1834 2725 1887 αἴτιον
2748 1850 2763 1865 ο
2798 1833 2885 1886 ἴνα
2910 1832 3019 1902 γὰρ
3043 1832 3116 1901 μὴ
3144 1831 3242 1893 τὰς
3265 1829 3394 1899 περὶ
3417 1825 3659 1899 Χριστοῦ
3691 1842 3807 1896 μαρ-

569 1922 861 1977 ntaniiesta
912 1932 1100 1977 essent
1130 1922 1195 1977 de
1222 1920 1444 1976 Christo
1481 1930 1644 1991 atque
1678 1934 1865 1991 aperta
1901 1897 2143 1994 Scriptu-

2251 1897 2442 1998 τυρίας
2491 1897 2552 1979 τὸ
2594 1924 2895 1997 περιφανὲς
2923 1897 3054 1977 καὶ⁷
3094 1897 3393 1991 κατάδηλον
3444 1897 3681 1989 ἐχούσας
3719 1917 3811 1970 τῶν

569 2026 756 2067 rarum
813 2014 1119 2069 testimonia
1152 2014 1611 2070 circumciderent
1657 2023 1713 2069 et
1759 2016 2144 2085 obliterarent,

571 2104 693 2158 ideo
722 2105 1045 2161 adumbrate
1070 2120 1133 2160 ea
1170 2116 1509 2176 promuntur.
1542 2104 1730 2161 Tertio
1758 2109 1921 2162 etiam
1970 2125 2036 2165 ne
2067 2110 2149 2165 di-

569 2196 821 2250 vinarum
853 2198 1277 2266 prazceptionum
1307 2200 1669 2268 contemptrix
1701 2198 2010 2255 Judteorum
2050 2219 2147 2256 na-

572 2288 668 2349 tio,
707 2288 751 2340 si
784 2287 931 2343 clare
956 2288 1274 2344 didicissent
1298 2292 1607 2345 universam
1642 2291 1938 2361 aliquando
1972 2295 2144 2366 legem

568 2372 1037 2441 prmterlluxuram
1060 2418 1074 2441 ,
1104 2388 1268 2447 atque
1287 2380 1338 2432 in
1370 2379 1532 2434 aliam
1555 2381 1867 2450 reipublicae
1889 2384 2144 2455 formam,

574 2480 695 2527 qua:
726 2468 867 2534 apud
896 2468 1041 2536 ipsos
1072 2470 1124 2523 in
1160 2470 1367 2524 honore
1398 2486 1462 2524 ac
1485 2471 1662 2541 pretio
1684 2483 1860 2539 erant,
1891 2478 2148 2529 transitu-

570 2573 629 2610 ra
670 2575 683 2612 :
719 2558 890 2629 magis
910 2561 1077 2614 etiam
1110 2564 1175 2615 ad
1199 2572 1579 2631 contemptum
1617 2578 2019 2635 praeceptorum
2044 2569 2140 2625 Dei

568 2663 634 2699 cx
674 2648 783 2717 ipsa
800 2650 903 2703 hac
928 2650 1075 2705 clara
1101 2653 1409 2724 cognitione
1432 2655 1808 2713 traherentur.
1844 2659 1981 2725 Quid
1999 2662 2143 2716 enim

569 2755 752 2795 amare
777 2743 974 2797 attinet
1016 2760 1122 2809 me,
1175 2747 1316 2815 quod
1358 2763 1480 2802 mox
1532 2748 1881 2816 dissolvetur,
1911 2764 1964 2807 et
1995 2754 2147 2821 cujus

566 2847 671 2886 non
708 2834 783 2887 ita
814 2835 980 2889 multo
1014 2847 1134 2905 post
1166 2839 1306 2893 nulla
1324 2841 1431 2895 erit
1456 2840 1704 2896 utilitas?
1733 2842 2025 2913 Propterea
2069 2849 2149 2903 ni-

567 2925 765 2979 tnirutn
802 2926 918 2981 haec
956 2928 1287 2985 obscuritate
1343 2942 1508 3002 atque
1557 2936 1886 3005 percipiendi
1921 2938 2148 2995 diil'icul-

569 3026 679 3071 tate
707 3017 1071 3074 involvuntur.
1111 3020 1247 3075 Nam
1286 3022 1329 3077 si
1367 3024 1570 3093 absque
1614 3027 1718 3080 ulla
1759 3044 1924 3083 causa
1953 3032 2148 3088 millies

565 3128 596 3162 ιι
632 3116 913 3183 praeceptis
944 3116 1037 3171 Dei
1070 3118 1420 3175 desciverunt
1476 3122 1671 3187 Judaei,
1702 3139 1823 3179 cum
1861 3142 2035 3198 neque
2081 3130 2146 3183 de

565 3218 755 3260 eorum
781 3208 1083 3264 mutatione
1112 3212 1406 3282 quidquam
1456 3216 1730 3284 cognitum
1769 3218 2146 3286 haberent,.ut

563 3312 745 3367 neque
785 3302 926 3370 quod
966 3304 1283 3371 imperfecta
1334 3314 1390 3360 et
1442 3308 1667 3363 alterius
1709 3310 1908 3379 politiae
1973 3313 2141 3381 ﬁgura

561 3397 748 3443 essent
810 3401 977 3459 atque
1044 3396 1265 3456 umbrae,
1327 3396 1455 3466 quid
1513 3401 1726 3454 tandem
1781 3400 1984 3475 [putas]
2040 3419 2143 3457 non

560 3482 832 3551 egissent,
892 3484 1100 3556 197b
1146 3488 1190 3542 si
1257 3491 1450 3543 tradita
1502 3491 1654 3561 [ipsis
1714 3495 1967 3549 mandata
2035 3507 2147 3550 tau-

562 3574 684 3627 tlem
724 3574 976 3629 solvenda
1031 3586 1194 3645 atque
1245 3580 1505 3635 mutanda
1536 3598 1566 3635 e
1599 3580 1897 3651 Scripturis
1947 3583 2147 3639 clarius

562 3666 1261 3739 cognovisseut'.’Alioquin
1314 3681 1367 3724 et
1410 3671 1496 3725 illa
1545 3674 1857 3744 disciplinas
1898 3675 2145 3729 tradendi

564 3756 650 3810 lex
676 3757 877 3825 ubique
899 3759 1268 3827 obtinebat,ut
1292 3764 1385 3832 qui
1417 3776 1667 3819 recenter
1695 3767 1886 3835 primis
1909 3766 2146 3822 elemen-

562 3846 633 3901 tis
668 3846 1061 3916 imbuereutur,
1095 3854 1161 3907 ad
1196 3854 1546 3923 perfectionis
1572 3871 1743 3926 usque
1779 3867 1993 3924 tempus
2015 3874 2144 3929 per-

559 3937 789 3995 fectiora
830 3955 1055 4015 quaque
1103 3945 1456 4003 celarentur:
1505 3949 1600 4003 sed
1646 3950 1954 4006 rudioribus
2006 3956 2147 4006 duu~

563 4042 715 4087 taxat
762 4039 1047 4105 praeceptis
1084 4038 1333 4108 discipuli
1367 4042 1435 4096 ad
1472 4041 1834 4111 perfectorunt
1879 4045 2147 4117 cognitio-

563 4140 688 4179 nem
728 4129 1132 4197 percipiendam
1166 4143 1631 4201 prmpararentur.
1672 4134 2014 4193 Praeterltzec
2039 4155 2138 4194 au-

562 4229 671 4273 tem
698 4219 861 4273 etiam
912 4230 1162 4277 naturam
1213 4223 1287 4277 ita
1341 4225 1674 4293 gubernari,
1727 4238 1781 4281 et
1826 4244 1994 4298 opera
2047 4248 2140 4287 sua

562 4324 754 4379 regere
813 4312 1077 4372 videmus.
1156 4315 1337 4370 Prima
1412 4316 1557 4371 enim
1629 4321 1891 4375 sementis
1984 4334 2145 4392 atque

559 4405 770 4458 semina
818 4405 1111 4473 perfectam
1142 4406 1195 4461 in
1241 4422 1301 4463 se
1345 4409 1581 4478 speciem
1613 4410 1758 4465 clare
1803 4427 2141 4482 nequaquam

558 4499 879 4564 ostendunt,
916 4501 1011 4553 sed
1050 4500 1169 4570 ejus
1205 4510 1413 4555 tantum
1448 4502 1688 4557 rationes
1719 4504 1933 4559 abditas
1966 4510 2143 4561 couti-

2250 2017 2485 2090 Γραφῶν
2536 2015 2875 2088 περικόψωσι
2933 2015 3031 2068 καὶ
3087 2012 3490 2080 ὲξαφανίσωσι,
3536 2009 3631 2062 διὰ
3678 2002 3811 2062 τοῦτο

2253 2111 2392 2183 μετὰ
2451 2109 2545 2164 τοῦ
2598 2108 3062 2177 συνεσκιασμὲνου
3119 2105 3293 2159 ταῦτα
3342 2104 3666 2172 προάγεται.
3719 2103 3811 2155 Καὶ

2248 2203 2453 2273 τρίτον,
2480 2202 2561 2253 ὅτι
2585 2199 2848 2268 ὀλίγωρος
2874 2199 2949 2250 ὢν
2968 2197 3012 2228 ¹⁸
3039 2198 3133 2250 καὶ
3156 2196 3263 2248 τῶν
3294 2195 3452 2247 θείων
3482 2194 3812 2263 προσταγμά-

2248 2311 2358 2346 των
2408 2292 2825 2362 καταφρονητὴς
2875 2290 2905 2342 ό
2953 2289 3060 2341 τῶν
3107 2288 3376 2342 Ἰουδαίων
3429 2287 3595 2350 λαὸς,
3633 2286 3714 2339 ἴνα
3750 2286 3812 2355 μὴ

2254 2386 2519 2457 μαθόντες
2561 2384 2749 2453 σαφῶς
2778 2385 2854 2446 ώς
2877 2382 2945 2436 τὰ
2988 2381 3082 2434 τοῦ
3114 2381 3282 2451 νόμου
3319 2380 3497 2433 πάντα
3529 2381 3808 2449 ῥυήσεται,

2250 2482 2328 2544 είς
2360 2479 2556 2551 ἑτέραν
2580 2479 2637 2531 δὲ
2668 2476 2943 2530 πολιτείαν
2976 2474 3012 2529 ἃ
3046 2473 3173 2544 παρ’
3213 2472 3400 2535 αὐτοῖς
3430 2474 3547 2524 ἑστι
3587 2470 3742 2540 τίμια
3764 2485 3813 2520 τε

2250 2572 2347 2626 καὶ⁸
2380 2570 2797 2639 σπουδαζόμενα
2830 2567 3252 2637 μεταστήσεται,
3282 2565 3344 2615 ὲκ
3373 2563 3429 2615 δὲ
3452 2562 3553 2631 τῆς
3579 2561 3813 2630 τοιαύτης

2251 2662 2528 2735 ἐμφανοῦς
2562 2659 2911 2731 ἐπιγνώσεως
2946 2658 3110 2712 πλέον
3151 2674 3210 2709 τε
3244 2657 3286 2687 ¹³
3337 2656 3475 2725 arpi»;
3518 2656 3622 2723 τὴν
3662 2655 3812 2723 ὑπερ-

2249 2759 2409 2829 οψίαν
2461 2755 2678 2827 ὑπαχθῇ
2730 2754 2839 2808 τῶν
2870 2752 3333 2823 προσταγμάτων,
3392 2749 3467 2814 (τί
3518 2748 3634 2817 γάρ
3664 2764 3725 2815 με
3748 2746 3816 2797 δεῖ

2252 2849 2501 2919 στέργειν
2535 2846 2572 2900 ἃ
2609 2845 2751 2915 μετὰ
2799 2844 2994 2915 μικρὸν
3022 2841 3319 2913 λυθήσεται
3358 2843 3453 2892 καὶ
3485 2833 3560 2891 ῶν
3596 2838 3662 2890 ού
3694 2837 3813 2907 μετὰ

2253 2941 2426 3011 βραχὺ
2452 2939 2515 2991 τὸ
2534 2937 2856 3007 ἀνόνητον;)
2882 2934 2971 2987 διὰ
3000 2934 3158 2987 τοῦτο
3178 2935 3246 3003 τῇ
3277 2930 3516 3000 ἀσαφείᾳ
3542 2930 3713 2983 ταῦτα
3736 2930 3813 2981 καί

2246 3032 2326 3104 τῷ
2358 3030 2649 3101 δυσλήπτῳ
2700 3026 3191 3098 περικαλύπτεται.
3248 3026 3309 3077 Ei
3353 3024 3463 3092 γάρ
3519 3023 3615 3075 καὶ
3664 3022 3813 3091 χωρὶς

2248 3126 2580 3199 προφάσεως
2638 3123 2899 3194 μυριάκις
2931 3119 3040 3172 τῶν
3066 3118 3160 3171 τοῦ
3200 3117 3339 3169 Θεοῦ
3389 3117 3815 3187 προσταγμάτων

2248 3220 2594 3289 ἀπέστησαν,
2622 3217 2762 3285 μήτε
2791 3213 3125 3283 μετάστασιν
3153 3210 3336 3263 αὐτῶν
3362 3209 3669 3276 ἐγνωκότες
3694 3209 3812 3277 μήτε

2248 3310 2331 3363 ὅτι
2359 3309 2422 3361 τὸ
2467 3306 2657 3369 ἀτελὲς
2681 3304 2865 3374 ἔχουσι
2901 3303 3037 3373 μήτε
3075 3301 3157 3354 ὅτι
3186 3300 3465 3362 πολιτείας
3498 3298 3698 3368 ἑτέρας
3724 3298 3816 3349 είσὶ

2248 3402 2410 3455 τύποι
2436 3399 2531 3454 καὶ
2556 3398 2890 3466 σκιάσματα,
2920 3396 2973 3448 τί
3003 3395 3104 3447 οὐκ
3124 3393 3192 3446 ἂν
3212 3392 3468 3461 ἔδρασαν,
3491 3392 3541 3443 εἰ
3566 3391 3625 3457 ἐξ
3653 3390 3814 3444 αὐτῶν

2250 3494 2476 3547 ἐκείνων
2530 3491 2719 3557 σαφῶς
2768 3488 2868 3558 τὴν
2922 3486 3131 3539 οἰκείαν
3186 3483 3342 3537 λύσιν
3381 3483 3479 3536 καὶ
3543 3480 3816 3552 μετάθεσιν

2248 3583 2553 3655 ἐμάνθανον
2580 3582 2622 3612 ¹⁶
2646 3598 2661 3647 ;
2692 3579 2868 3642 ἄλλως
2900 3596 2960 3631 τε
2988 3577 3046 3630 δὲ
3076 3576 3171 3631 καὶ
3200 3576 3362 3645 νόμος
3391 3572 3668 3643 πανταχοῦ
3685 3589 3812 3644 κρα-

2246 3677 2357 3729 τῶν
2402 3672 2782 3737 διδασκαλίας,
2832 3673 2947 3733 τοῖς
2977 3669 3103 3740 ἄρτι
3150 3668 3614 3738 στοιχειουμὲνοις
3643 3668 3708 3718 τὰ
3738 3682 3815 3717 τε·

2247 3768 2489 3836 λεώτερα
2523 3765 2685 3836 μέχρι
2716 3762 2909 3833 καιροῦ
2943 3762 3043 3831 τῆς
3070 3760 3407 3823 τελειώσεως
3446 3758 3814 3827 συγκαλύπτεο

2248 3862 2411 3923 σθαι,
2472 3859 2859 3927 εἰσαγωγικοῖς
2916 3856 2976 3907 δὲ
3027 3854 3365 3925 παιδεύμασι
3422 3853 3516 3905 τὸν
3580 3853 3815 3923 μαθητὴν

2246 3948 2797 4026 προπαρασκευάζειν
2832 3947 2967 4018 πρὸς
2997 3946 3097 4017 τὴν
3123 3947 3231 4000 τῶν
3271 3946 3622 4015 τελεωτέρων
3659 3961 3811 3998 κατσο

2245 4048 2455 4118 νόησιν.
2494 4046 2618 4097 Ἐπὶ
2639 4042 2696 4097 δὲ
2724 4044 2837 4103 τοῖς
2866 4040 3201 4113 εἰρημένοις,
3227 4041 3323 4094 καὶ
3343 4040 3443 4110 τὴν
3472 4040 3634 4109 φύσιν
3657 4038 3814 4098 οὕτως

2244 4136 2629 4205 οίακιζομένην
2671 4150 2731 4186 τε
2781 4132 2876 4184 καὶ
2927 4132 2997 4183 τὰ
3040 4133 3216 4184 οἰκεῖα
3266 4131 3405 4201 ἔργα
3460 4130 3812 4201 ρυθμὶζουσαν

2244 4232 2484 4303 ὁρῶμεν.
2516 4229 2582 4282 Δί
2608 4226 2720 4298 γὰρ
2750 4226 2968 4295 πρῶται
2988 4222 3290 4276 καταϐολαὶ
3325 4223 3509 4275 καὶτὰ
3538 4222 3813 4291 σπέρματα

2245 4324 2307 4378 τὸ
2343 4321 2444 4393 μὲν
2486 4320 2692 4374 τέλειον
2748 4312 2889 4380 εἶδος
2939 4318 2998 4369 ὲν
3043 4317 3257 4379 ἑαυτοῖς
3302 4314 3563 4386 ἐμφανῶς
3605 4314 3668 4366 ού
3713 4314 3808 4365 δει-

2246 4415 2490 4478 κνύουσι,
2512 4411 2703 4466 τούτου
2732 4409 2793 4463 δὲ
2819 4411 2947 4471 τοὺς
2986 4409 3178 4477 λόγους
3219 4407 3710 4477 ἐγκεκρυμμένους

2250 4520 2453 4577 ρουσιν,
2477 4495 2589 4554 οἷον
2618 4503 2647 4553 ὁ
2667 4501 2867 4562 κόκκος
2894 4498 3094 4568 στάχυς
3124 4498 3223 4567 μὲν
3251 4498 3351 4549 οὑκ
3373 4497 3545 4559 ἔστιν,
3569 4498 3627 4550 ἑν
3651 4494 3813 4561 ἐαυτῷ

560 4598 689 4642 nent
722 4603 736 4641 :
775 4597 832 4643 ut
862 4606 1092 4658 granum
1138 4592 1285 4660 spica
1341 4608 1446 4647 non
1474 4603 1581 4659 est,
1616 4596 1715 4649 etsi
1770 4596 1821 4649 in
1873 4612 1933 4651 se
1976 4599 2140 4667 spica:

2251 4599 2301 4651 δὲ
2325 4596 2560 4665 κρύπτει
2579 4592 2671 4647 τὸν
2691 4592 2848 4660 λόγον
2872 4590 2967 4644 τοῦ
2998 4592 3231 4659 στάχυος
3249 4605 3262 4617 ·
3295 4590 3388 4642 καὶ
3410 4588 3631 4642 ἐπὶτῶν
3655 4587 3815 4639 ἄλλων

564 4680 832 4735 rationem
866 4682 1020 4751 tegit.
1055 4682 1257 4737 Eadem
1298 4696 1509 4739 natura:
1548 4685 1721 4741 series
1767 4687 1817 4741 iu
1851 4688 1968 4743 aliis
2003 4705 2139 4759 quo-

557 4786 664 4841 que
692 4772 960 4829 fructibus
991 4790 1057 4829 ac
1085 4777 1384 4832 seminibus
1422 4780 1791 4847 cognoscitur.
1842 4781 2056 4848 qualem
2086 4792 2140 4835 et

556 4866 644 4919 lex
670 4876 825 4921 vetus
853 4866 965 4922 fere
987 4869 1253 4923 rationem
1276 4884 1398 4923 cum
1422 4871 1595 4941 gratia
1625 4883 1826 4929 servat.
1857 4872 1993 4928 Nam
2017 4890 2137 4944 quae

557 4953 731 5022 gratia
774 4956 1005 5022 perlicit,
1033 4956 1163 5026 jacti
1204 4973 1302 5028 per
1330 4958 1509 5028 legem
1542 4962 1766 5017 seminis
1788 4979 1943 5031 seges
1974 4965 2138 5019 habe-

558 5054 667 5100 tur.
704 5047 911 5114 Quibus
941 5050 1106 5117 igitur
1141 5051 1208 5107 de
1255 5052 1441 5109 causis
1493 5053 1881 5112 obscuritatem
1932 5073 2143 5112 assum-

557 5140 729 5209 pserit
758 5141 839 5195 lex
882 5140 1136 5209 Mosaica,
1166 5147 1576 5217 utcunquejam
1620 5149 1843 5203 dictum.

628 5228 781 5284 Nunc
806 5234 949 5301 quod
992 5237 1182 5304 gratiae
1221 5253 1437 5309 quoque
1462 5242 1549 5293 lex
1586 5242 1890 5301 obscurior.
1936 5254 1989 5298 et
2029 5259 2134 5297 non

559 5323 630 5375 ita
656 5323 880 5378 cuilibet
912 5329 1195 5396 perspicua
1249 5333 1341 5396 sit,
1386 5333 1698 5388 auditorum
1739 5350 1927 5389 recens
1959 5337 2136 5391 adhuc

561 5411 883 5478 instructio,
943 5420 1250 5487 mentisque
1304 5422 1647 5480 imbecillitas
1699 5426 1753 5478 in
1818 5441 1979 5479 causa
2032 5436 2134 5483 est.

563 5501 715 5559 Unde
742 5516 795 5557 et
825 5521 919 5560 vas
974 5508 1298 5565 electionis:
1348 5513 1476 5581 Lac,
1507 5517 1702 5587 inquit,
1762 5518 1905 5572 vobis
1961 5530 2139 5587 potum

561 5596 703 5662 dedi,
738 5615 840 5651 non
874 5615 1047 5653 escam
1078 5619 1095 5656 .'
1139 5608 1367 5659 nondum
1400 5610 1538 5662 enim
1581 5612 1829 5678 poteratis
1856 5624 1903 5666 ε.
1939 5613 2137 5678 Quent-

624 5720 647 5745 ‘
685 5710 843 5766 lCor.
873 5728 956 5778 ιιι,
978 5712 1033 5768 2.

2246 4690 2303 4742 δὲ
2359 4684 2589 4755 καρπῶν
2639 4684 2733 4737 καὶ
2785 4682 3117 4753 σπερμάτων
3170 4682 3198 4733 ὁ
3251 4680 3415 4742 αὐτὸς
3459 4680 3563 4749 τῆς
3611 4680 3814 4747 φύσεως

2249 4778 2440 4849 είρμὸς
2467 4774 2909 4844 ἐπιγινώσκεται.
2939 4771 3197 4825 Τοιοῦτον
3229 4770 3291 4843 δή
3320 4788 3446 4824 τινα
3490 4774 3579 4825 καὶ
3608 4774 3637 4823 ὁ
3663 4770 3815 4838 νόμος

2253 4872 2388 4942 πρὸς
2437 4868 2538 4939 τὴν
2590 4867 2751 4938 χάριν
2803 4864 3059 4928 διασώζει
3100 4865 3294 4932 λόγον’
3348 4864 3386 4917 ἃ.
3429 4865 3539 4933 γὰρ
3584 4865 3617 4932 ή
3672 4862 3814 4931 χάρις

2253 4964 2556 5028 ἐτελείωσε,
2593 4962 2704 5015 τῶν
2735 4960 2975 5029 νομικῶν
3002 4958 3333 5029 σπερμάτων
3373 4958 3493 5009 ἐστὶ
3530 4956 3629 5023 τῆς
3659 4970 3815 5007 κατα-

2250 5055 2416 5125 ϐολῆς
2458 5055 2526 5107 τά
2570 5051 2833 5122 γεώργια.
2879 5048 2956 5102 Δι’
2984 5049 3021 5103 ἃ
3072 5051 3173 5119 μὲν
3223 5044 3317 5102 οὖν
3346 5050 3444 5117 τὴν
3489 5048 3811 5115 ἁσάφειανὴ

2248 5145 2516 5214 ὶιωσαῖκὴ
2542 5143 2830 5212 νομοθεσία
2860 5141 3047 5203 ὑπέδυ,
3079 5141 3318 5211 μετρίως
3353 5141 3584 5211 εἴρηται.

2319 5240 2429 5292 Καὶ
2465 5238 2567 5307 τῆς
2595 5236 2818 5307 χάριτος
2848 5236 2904 5287 δὲ
2946 5234 3006 5287 τὸ
3039 5235 3250 5303 ἀσαφὲς
3280 5235 3377 5287 καὶ
3414 5237 3475 5287 ού
3502 5236 3665 5287 πᾶσιν
3705 5231 3815 5284 ἐπί-

2244 5334 2403 5403 δηλον
2458 5331 2522 5384 τὸ
2572 5333 2971 5399 νεοκατὴχητον
3022 5329 3195 5381 αἴτιον
3245 5328 3361 5397 ἔχει
3414 5328 3520 5380 τῶν
3562 5321 3814 5397 [32511.]

2246 5425 2532 5498 ἀκροατῶν
2584 5426 2679 5477 καὶ
2710 5423 2808 5489 τῆς
2842 5422 3083 5485 διανοίας
3112 5424 3212 5492 τὴν
3254 5422 3557 5475 ἀσθένειαν.
3587 5419 3686 5470 Διὸ
3730 5420 3816 5468 καὶ

2249 5519 2308 5572 τὸ
2340 5516 2529 5580 σκεῦος
2558 5515 2661 5585 τῆς
2688 5514 2939 5581 ἐκλογῆς,
2968 5512 3138 5566 Γάλα
3176 5514 3243 5578 ³⁷,
3282 5512 3468 5582 φησιν,
3500 5507 3650 5578 ὑμᾶς
3683 5505 3816 5559 emi-

2253 5626 2413 5675 τισα,
2445 5609 2541 5662 καὶ
2567 5608 2639 5660 οὺ
2661 5604 2875 5675 ,βρῶμα
2895 5622 2907 5634 ’
2940 5606 3104 5659 οὔπω
3131 5603 3239 5675 γὰρ
3266 5604 3577 5672 ἠδύνασθε.
3608 5601 3816 5665 Ὥσπερ

1802 5787 2029 5843 VARIAZ
2067 5788 2481 5847 LECTIUNES.

587 5876 629 5911 “
653 5873 750 5952 ὡν]
793 5879 901 5935 imo
939 5876 1027 5951 ἦν.
1110 5882 1152 5914 ³⁸
1178 5880 1257 5953 τε]
1293 5898 1358 5938 an
1393 5882 1495 5939 fuit
1524 5884 1617 5936 τάιῖ
1694 5884 1735 5916 ¹⁶
1774 5886 2144 5955 ἀνεμάνθανον
2174 5886 2239 5941 Α.

2320 5888 2365 5919 ’⁷
2395 5888 2557 5960 γάλα]
2609 5888 2627 5943 l
2657 5888 2783 5945 Cor.
2817 5905 2900 5959 ιιι,
2933 5888 2990 5945 2.
