4014 6402
241 402 341 466 793
1271 399 1773 462 BIBLIO’I‘HECA
1834 424 1906 434 —
1937 399 2103 463 COD.
2141 403 2419 468 CCXXII.
3379 393 3484 458 794

242 520 298 574 δὲ
330 516 481 569 πᾶσα
515 513 691 585 τροφὴ
720 513 1091 584 ἀκατάλληλος
1120 512 1360 584 βλαϐερά
1387 511 1465 582 τῷ
1502 511 1799 583 μετέχοντι,
1830 544 1844 571 λ

1945 515 2194 571 dmodum
2255 530 2436 575 autem
2473 534 2651 576 minus
2689 517 3018 575 conveniens
3088 514 3241 570 cibus
3303 509 3485 566 omnis

242 612 383 668 οὕτω
423 608 517 663 καὶ
542 609 743 678 γνῶσις
762 649 777 672 ,
804 608 909 662 κᾶν
946 608 1008 661 τὸ
1036 606 1515 676 παναληθέστατον
1542 605 1627 676 εἴη
1674 621 1808 673 προ-

1945 609 2193 679 ccipienti
2222 612 2441 677 noxius,
2500 612 2582 667 sic
2606 621 2660 667 et
2681 610 2932 673 scientia,
2958 606 3174 661 tametsi
3200 600 3483 658 verissima

243 704 532 767 ϐάλλουσα,
562 706 677 765 τοῖς
706 700 951 755 ἀτελέσιν
984 699 1322 770 ἀσύμφορος.
1354 698 1420 752 El
1451 698 1558 768 γὰρ
1587 699 1682 750 καὶ
1710 697 1808 765 τῆς

1952 714 2194 774 roponat,
2235 706 2440 761 nullam
2478 705 2809 777 imperfectis
2844 702 3128 759 utilitatem
3169 696 3347 753 affert.
3370 694 3484 749 Etsi

242 795 482 859 Παλαιᾶς
529 794 707 865 ήΝέα
750 790 1178 863 τηλαυγέστερον
1221 790 1556 859 ἐκδιηγεῖται
1612 786 1672 839 τὸ
1714 788 1811 855 τῆς

1946 797 2054 849 nim
2108 796 2316 851 Novum
2376 813 2537 868 quam
2592 799 2758 852 Vetus
2819 795 3225 851 Testamentum
3289 787 3490 844 clarius

242 887 524 949 εὐσεϐείας
565 887 895 955 μυστήριον,
927 882 1040 936 ἀλλ’
1079 877 1171 935 οὖν
1200 882 1277 942 ὼς
1316 882 1490 951 ἀρχῆς
1520 880 1614 933 καὶ
1641 878 1813 947 σπέρ-

247 994 411 1046 ματος
443 976 603 1042 λόγον
634 973 909 1044 ἐπέχουσα
934 973 1031 1026 καὶ
1060 973 1198 1041 αὐτὴ
1229 974 1365 1043 πρὸς
1393 973 1492 1041 τὴν
1522 971 1622 1041 ἤδη
1661 970 1814 1021 πολι-

245 1066 391 1117 τείαν
447 1062 906 1133 ὲγκαινιζομένην
936 1062 1036 1115 ούκ
1090 1060 1253 1123 εὐθὺς
1301 1062 1413 1124 τοῖς
1467 1057 1812 1131 μυουμένοις,

245 1157 378 1211 ἀλλὰ
406 1157 551 1210 κατά
599 1154 883 1225 προκοπὴν
929 1152 1305 1208 ἀποκαλύπτει
1341 1150 1410 1204 τά
1449 1149 1653 1202 τέλεια.
1694 1148 1816 1200 Ἔτι

246 1247 300 1298 δὲ
347 1247 445 1299 καί⁹
496 1246 611 1309 τοῖς
657 1246 804 1310 κυσὶ,
857 1244 1104 1297 τουτέστι
1144 1245 1254 1303 τοῖς
1291 1238 1687 1310 ἀντικειμένοις
1722 1237 1819 1291 καὶ

247 1336 716 1402 καθυλακτοῦσιν,
786 1336 909 1405 οὐχὶ
973 1332 1261 1406 προπετῶς
1317 1332 1413 1386 καὶ¹
1475 1330 1820 1400 ἀφιλοσόφως

249 1428 463 1498 ῥίπτειν
494 1429 560 1482 τὰ
584 1428 737 1497 ἀγια,
768 1428 890 1482 οὐδὲ
920 1428 1060 1493 τοὺς
1087 1428 1452 1497 μαργαρίτας
1480 1425 1822 1494 ἔμπροσθεν

249 1520 362 1574 τῶν
401 1522 657 1590 χοίρων,
700 1516 783 1585 οἷς
824 1522 854 1574 6
902 1520 1015 1591 βίος
1046 1522 1075 1573 ὀ
1124 1519 1233 1572 τῶν
1277 1518 1478 1589 ἡδονῶν
1525 1516 1820 1587 βόρϐορος,

249 1616 578 1666 Δεσποτικὸν
602 1614 838 1683 ὑπάρχει
876 1613 971 1665 καὶ
998 1611 1097 1682 τὴν
1123 1610 1472 1665 διδασκαλίαν
1496 1606 1823 1662 κατευθῦνον

252 1705 644 1774 παράγγελμα.
691 1705 852 1756 Ἀνευ
896 1702 955 1756 δὲ
987 1702 1097 1754 τῶν
1123 1704 1244 1770 είρη
1256 1700 1449 1771 μένων.
1481 1698 1576 1752 καὶ
1605 1701 1637 1768 ἡ
1667 1699 1825 1765 ἀγιο-

252 1797 403 1859 ποιὸς
428 1797 619 1865 τελετὴ
654 1796 952 1865 μυστήριον
978 1792 1323 1863 ὀνομάζεται,
1353 1791 1412 1844 τὸ
1434 1791 1489 1844 δὲ
1523 1791 1826 1861 μυστήριον

251 1889 307 1941 ού
338 1849 521 1942 κόινὸν
562 1849 682 1941 ούδίέ
710 1849 850 1950 τοῖς..
875 1849 1120 1957 sesami;
1160 1849 1821 1953 εὐεπίϐατον.’[ϐἓ9ηΡι.]
1853 1849 1900 1908 Β

257 1981 373 2033 Ἔτι
426 1980 533 2050 μὴν
574 1980 669 2032 καὶ
698 1979 766 2032 τά
796 1979 927 2047 ἅγια
954 1978 1156 2050 νοερῶς
1188 1976 1286 2046 μὲν
1317 1978 1431 2037 τοῖς
1478 1991 1539 2027 τε
1575 1974 1825 2044 Σεραφ“ιμ

254 2074 345 2126 καὶ
366 2071 675 2141 Χερουϐὶμ,
706 2071 907 2134 ὑλικῶς
931 2069 985 2122 δὲ
1006 2068 1462 2136 καταπετάσμασι
1488 2066 1583 2119 καὶ
1607 2068 1829 2132 πτεροῖς

254 2166 344 2217 καί⁵
408 2165 608 2227 πύλαις
657 2164 754 2217 καὶ
811 2162 1081 2233 κλείθροις
1138 2158 1639 2230 περιστοιχίζεταιο
1689 2156 1829 2209 οὕτω

254 2259 383 2326 γοῦν
407 2259 451 2292 ¹⁸
483 2259 591 2329 χρὴ
646 2258 742 2311 καὶ
778 2256 877 2327 τὴν
927 2257 1077 2326 ἱεράν
1123 2252 1280 2324 ήμῶν
1312 2250 1537 2322 Γραφὴν
1571 2251 1682 2313 τοῖς
1732 2248 1830 2319 μὲν

258 2348 510 2419 βεϐήλοις
557 2345 1080 2417 περικαλύπτεσθαι,
1120 2344 1209 2397 ἵνα
1251 2342 1325 2413 μὴ
1353 2341 1421 2393 τὰ
1452 2342 1583 2408 ἆγια
1620 2338 1834 2407 ἐξυϐρί-

258 2440 427 2503 ζοιτο,
459 2440 572 2501 τοῖς
605 2439 663 2491 δὲ
714 2434 1089 2506 μεμυημένοις
1150 2427 1244 2485 καὶ
1294 2431 1506 2492 πιστοῖς
1562 2427 1835 2482 ἀνακαλύ-

261 2532 516 2585 πτεσθαι.
552 2529 828 2582 Ἀλλωστε
856 2527 913 2579 δὲ
960 2526 1052 2579 καὶ
1079 2526 1127 2577 εί
1154 2526 1194 2557 ¹⁹
1227 2523 1287 2576 τὸ
1314 2525 1442 2594 ῥᾷον
1467 2524 1546 2585 εἰς
1576 2524 1765 2592 κτῆσιν
1786 2524 1831 2554 ’θ

258 2627 355 2695 οὺχ
381 2624 578 2692 ὥσπερ
600 2621 661 2673 τὸ
689 2620 837 2690 πόνῳ
864 2619 1061 2689 κτηθὲν
1086 2615 1574 2686 περισπούδαστον,
1597 2614 1836 2680 εὐλόγως

260 2718 318 2768 τὸ
374 2716 520 2785 ἱερὸν
552 2713 787 2782 Γράμμα
828 2713 940 2771 τοῖς
994 2708 1090 2779 μὲν
1142 2707 1408 2778 ῥᾳθύμοις
1443 2706 1534 2758 τὸν
1566 2705 1838 2773 θησαυρὸν

262 2808 701 2876 ἀποκρύπτεται,
733 2806 845 2866 τοῖς
873 2804 930 2855 δὲ
960 2801 1306 2870 φιλοπονούσι
1333 2799 1639 2870 χαρίζεται.
1680 2797 1839 2851 Ἀλλά

1912 888 2037 943 ﬁdei
2070 891 2383 960 mysterium
2438 900 2692 959 exponat,
2733 904 2852 944 cum
2890 898 3068 941 tamen
3095 881 3345 954 principii
3393 879 3491 933 ali-

1915 994 2075 1048 quam
2131 996 2195 1036 ac
2244 982 2465 1037 seminis
2513 983 2778 1038 rationem
2832 980 3107 1039 obtineat.
3167 974 3329 1027 etiam
3391 972 3493 1024 hac

1919 1070 2124 1126 ratione
2172 1072 2237 1126 ad
2292 1087 2410 1127 eam
2432 1088 2552 1141 quae
2604 1087 2747 1126 nunc
2787 1072 3042 1125 innovata
3071 1075 3154 1121 est
3184 1061 3493 1132 reipublicze

1920 1161 2174 1229 formam,
2206 1179 2314 1218 non
2365 1166 2548 1218 statim
2591 1165 2841 1223 initiatis.
2877 1162 2968 1217 sed
3002 1159 3205 1215 sensim
3239 1172 3303 1210 ac
3334 1154 3490 1221 juxta

1916 1254 2317 1323 proficientium
2357 1257 2574 1325 gradus,
2606 1270 2725 1324 quas
2754 1253 3076 1321 perfectiora
3123 1257 3274 1313 sunt,
3322 1247 3496 1299 mani-

1919 1344 2108 1401 festat.
2152 1345 2390 1401 Canibus
2436 1354 2695 1414 praeterea
2743 1344 2884 1414 (hoc
2934 1350 3018 1396 est
3067 1335 3392 1393 adversariis
3442 1342 3496 1387 et

1920 1440 2343 1509 oblatrantibus)
2389 1455 2457 1496 ne
2491 1450 2691 1495 temere
2719 1454 2781 1494 ac
2823 1437 2942 1492 sine
2988 1435 3199 1489 ratione
3236 1429 3496 1503 projicias

1923 1540 2131 1593 sancta.
2168 1540 2263 1587 aut
2300 1533 2618 1601 margaritas
2653 1542 2771 1584 ante
2812 1526 3041 1597 porcosd
3088 1526 3283 1596 quibus
3339 1522 3499 1577 nimi-

1923 1640 2044 1680 rum
2091 1626 2199 1678 vita
2239 1624 2573 1693 voluptatum
2606 1638 2843 1687 cmnum,
2884 1620 3245 1682 Dominicum,
3272 1624 3329 1670 et
3354 1613 3499 1683 quod

1926 1717 2154 1772 docendi
2175 1717 2415 1785 regulam
2430 1723 2654 1779 statuat,
2675 1722 2998 1785 praeceptum
3012 1720 3114 1764 est.
3134 1706 3497 1763 Sanctiﬁcans

1931 1809 2059 1863 item
2086 1806 2423 1863 sacriﬁcium
2472 1806 2787 1876 mysterium
2818 1803 2927 1857 dici
2959 1801 3098 1856 solet
3137 1819 3150 1853 :
3183 1795 3496 1868 mysterium

1930 1910 2110 1957 autem
2157 1914 2445 1955 commune
2490 1914 2596 1953 non
2659 1906 2781 1960 est,
2831 1910 3006 1963 neque
3049 1891 3204 1945 facile
3256 1888 3498 1958 profanis

1928 1993 2255 2048 adeundum.
2288 1990 2430 2059 Quin
2459 1991 2621 2043 etiam
2649 1997 2857 2053 sancta,
2892 1981 3248 2054 spiritualiter
3279 1978 3494 2047 quidem

1929 2100 1958 2138 a
1999 2082 2284 2154 Seraphim
2307 2090 2471 2151 atque
2498 2078 2816 2143 Cherubim,
2850 2074 3203 2131 materialiter
3241 2084 3370 2125 vero
3402 2082 3500 2121 ve-

1932 2175 2203 2241 lamentis,
2269 2174 2391 2239 alis,
2441 2172 2611 2241 portis
2660 2185 2724 2225 ac
2783 2166 3051 2236 repagulis
3095 2163 3329 2231 undique
3382 2173 3499 2212 ana-

1929 2269 2171 2323 biuntur.
2220 2265 2311 2320 Sic
2344 2265 2506 2335 igitur
2527 2279 2736 2318 sacram
2768 2275 2983 2332 quoque
3025 2258 3359 2324 Scripturam
3404 2265 3503 2304 no-

1933 2368 2099 2414 stram
2141 2366 2353 2426 oportet
2408 2356 2654 2426 profanis
2682 2354 2991 2408 hominibus
3035 2344 3291 2402 abscondi
3332 2342 3411 2413 (ut
3436 2354 3505 2394 ne

1935 2464 2092 2505 sacra
2123 2449 2318 2512 injuria
2381 2448 2561 2515 aliqua
2605 2442 2928 2511 afﬁciantur)
2979 2455 3041 2494 ac
3094 2438 3223 2493 solis
3277 2432 3506 2488 initiatis

1936 2549 2098 2609 atque
2124 2538 2369 2593 ﬁdelibus
2402 2535 2648 2591 revelari.
2666 2533 2901 2602 Alioqui,
2926 2530 3140 2601 quando
3156 2524 3320 2580 etiam
3354 2521 3502 2584 illud,

1943 2630 2138 2702 198a
2160 2627 2313 2697 cujus
2368 2643 2498 2682 usus
2533 2625 2696 2680 facile
2740 2620 2972 2677 obtineri
3002 2627 3200 2689 poteSt,
3234 2626 3505 2681 nunquam

1940 2701 2049 2778 tam
2081 2732 2311 2787 amatur,
2347 2731 2510 2789 atque
2544 2718 2597 2771 id
2646 2715 2791 2786 quod
2833 2714 3016 2767 labore
3066 2708 3231 2762 multo
3278 2701 3511 2773 acquisi-

1940 2824 2054 2868 tum
2085 2820 2190 2875 est,
2223 2811 2418 2865 merito
2447 2822 2616 2863 sacra:
2668 2806 2963 2873 Scriptura
3002 2801 3312 2869 thesaurum
3359 2795 3509 2847 illum

270 2900 363 2953 καὶ
410 2899 601 2969 ἱδρῶσι
636 2897 745 2949 πᾶν
781 2895 841 2948 τὸ
890 2893 1070 2964 τίμιον
1115 2892 1209 2946 καὶ⁴
1246 2894 1280 2963 ἡ
1320 2893 1489 2962 ἀρετὴ
1540 2892 1620 2952 εἰς
1649 2890 1842 2960 κτῆσιν

1945 2902 2339 2973 negligentibus
2379 2899 2736 2959 abscondunt,
2790 2910 2947 2965 quem
2998 2888 3283 2945 laboriosis
3316 2898 3514 2939 conce-

271 2992 585 3060 ἀφικνεῖται
634 2987 727 3040 καὶ
760 2983 1092 3047 ἀπόλαυσιν,
1134 2983 1168 3053 ἡ
1195 2982 1251 3035 δὲ
1284 2978 1452 3035 κακία
1495 2980 1626 3052 ῥᾷόν
1657 2997 1717 3033 τε
1750 2981 1844 3033 καὶ

1945 2999 2099 3052 dunt.
2132 2994 2238 3049 Sed
2266 3000 2322 3047 et
2353 2991 2669 3048 sudantibus
2702 2989 2921 3041 honesta
2949 2981 3155 3044 omnia,
3183 2977 3513 3044 virtutisque

268 3085 405 3135 πᾶσι
437 3080 750 3152 πρόχειρον.
780 3078 890 3132 Καὶ
920 3076 981 3129 τὸ
1014 3076 1111 3147 μὲν
1143 3075 1289 3144 πόνῳ
1320 3072 1664 3145 κατορθωθὲν
1706 3073 1844 3142 μᾶλ-

1947 3102 2052 3141 ιιοιι
2086 3084 2360 3151 possessio
2406 3084 2689 3142 duntaxat,
2721 3078 2813 3132 sed
2844 3074 3052 3128 fructus
3082 3071 3299 3137 insuper
3336 3065 3519 3119 obtin-

267 3177 355 3229 λον
398 3174 649 3228 ποθεῖται
671 3189 684 3203 ·
736 3171 765 3224 ὃ
794 3172 851 3225 δὲ
882 3170 1081 3244 ῥαδίως
1121 3169 1491 3239 λαμϐάνεται,
1520 3167 1615 3221 καὶ
1651 3167 1844 3239 ῥᾳδίως

1952 3181 2046 3251 git,
2076 3194 2200 3233 cum
2256 3177 2452 3231 vitium
2507 3172 2663 3228 facile
2739 3178 2977 3235 paretur,
3043 3174 3099 3218 et
3158 3160 3409 3216 omnibus
3463 3156 3516 3209 in

273 3265 640 3351 ἀποϐάλλεται
666 3264 760 3317 καὶ
791 3263 927 3334 πρὸς
953 3262 1014 3315 τὸ
1042 3261 1471 3332 παρεωραμένον
1504 3260 1703 3330 μᾶλλον
1730 3260 1844 3311 ἀντὶ

1950 3249 2200 3341 promptu
2245 3268 2335 3323 sit.
2390 3264 2658 3334 Quidquid
2712 3263 2839 3316 item
2893 3255 3242 3323 cumilabore
3288 3249 3520 3304 feliciter

271 3360 365 3414 τοῦ
396 3342 691 3412 ποθεῖσθαι
745 3354 1136 3427 κατασύρεται.
1170 3354 1261 3406 Διὸ
1299 3353 1394 3406 καὶ
1434 3354 1463 3406 6
1513 3352 1684 3422 Ἀδὰμ
1722 3352 1844 3405 ἄνευ

1951 3362 2253 3419 confectum
2282 3368 2386 3423 est,
2424 3357 2594 3423 majus
2623 3356 2777 3423 longe
2803 3352 2882 3406 sui
2913 3348 3113 3404 excitat
3150 3341 3472 3400 desiderium
3503 3355 3518 3391 :

273 3450 453 3504 ἄθλων
499 3450 591 3503 καὶ
641 3447 905 3519 καμάτων
955 3445 1172 3517 ὁμιλίας
1201 3443 1521 3514 ἀξιούμενος
1559 3443 1710 3505 θείας
1758 3443 1844 3496 καὶ

1951 3452 2093 3523 quod
2124 3459 2306 3504 autem
2339 3445 2500 3506 facile
2537 3444 2828 3505 obtinetur,
2872 3439 3029 3493 facile
3054 3436 3216 3491 etiam
3258 3430 3522 3499 rejicitur,

274 3545 383 3598 τῶν
408 3541 586 3598 ἄλλων
610 3540 852 3610 ἀγαθῶν,
882 3540 1080 3612 ῥᾳδίως
1102 3531 1177 3595 ὧν
1196 3537 1473 3605 ἀπήλαυεν
1495 3534 1844 3603 ἐῖξωλίσθησε⁴

1955 3544 2279 3615 propiusque
2302 3548 2385 3593 est
2419 3546 2476 3591 ut
2499 3544 2895 3595 contemnatur,
2918 3546 3078 3598 quam
3127 3536 3186 3579 ut
3217 3529 3523 3592 expetatur.

278 3638 373 3691 καὶ
423 3634 611 3704 ἐπειδὴ
637 3633 729 3685 τὸν
780 3633 984 3685 ἄλυπον
1018 3632 1111 3684 καὶ
1139 3630 1377 3700 ἄμοχθον
1410 3628 1525 3699 βίον
1577 3626 1844 3697 βαράθρου

1954 3635 2245 3705 Propterea
2276 3631 2441 3686 etiam
2473 3628 2668 3690 Adam,
2701 3626 2793 3695 qui
2843 3625 2963 3677 sine
3010 3616 3401 3675 certaminibus
3437 3617 3530 3663 aut

278 3728 543 3799 πρόξενον
595 3722 776 3795 ἑαυτῷ
818 3722 1242 3784 κατεσκεύασεν,
1275 3722 1303 3773 6
1344 3720 1622 3787 πάνσοφος
1673 3717 1857 3786 ἰατρὸς

280 3826 394 3886 τοῖς
442 3820 709 3883 ἐναντίοις
762 3818 1075 3890 φαρμάκοις
1129 3816 1342 3881 ὲξιᾶται
1396 3815 1459 3866 τὸ
1508 3814 1743 3883 νόσημα,
1800 3814 1857 3863 ὲν

282 3914 468 3985 ἱδρῶτι
500 3912 593 3966 τοῦ
627 3911 919 3983 προσώπου
947 3909 1042 3962 καὶ
1084 3908 1176 3961 τὸν
1210 3904 1521 3977 σωματικὸν
1550 3905 1714 3972 ἄρτον
1752 3920 1859 3970 φα⁶

283 4010 398 4077 γεῖν
428 4006 595 4075 νόμον
625 4005 929 4075 τιθέμενος,
961 4001 1057 4054 καὶ
1088 4001 1232 4062 ὅσοις
1262 4001 1290 4052 6
1323 3995 1689 4066 πνευματικὸς
1722 3994 1859 4065 ἔρως

285 4096 668 4169 πνευματικὴν
706 4094 1039 4166 παρατίθησι
1091 4091 1389 4163 τράπεζαν.
1436 4088 1601 4141 Ἀνευ
1648 4087 1705 4139 δὲ
1754 4085 1863 4138 τῶν

287 4192 618 4265 εἰρημένων,
665 4190 713 4241 εί
764 4187 966 4248 παντὸς
1013 4181 1080 4257 ἧ.)
1115 4184 1209 4236 καὶ
1252 4184 1421 4255 χωρὶς
1468 4181 1730 4249 καμάτων
1764 4180 1865 4248 τῆς

291 4285 433 4339 κατά
468 4285 567 4356 τὴν
603 4283 827 4354 Γραφὴν
875 4281 1109 4351 θεωρίας
1140 4282 1174 4349 ἡ
1222 4276 1559 4347 κατάληψις,
1601 4274 1703 4328 ποῦ
1756 4274 1866 4326 τῶν

291 4375 781 4448 ὲπαγρυπνούντων
847 4374 1021 4447 ταύτῃ
1092 4372 1186 4425 καὶ
1249 4366 1746 4437 ὲπαγωνιζομένων
1798 4365 1868 4416 τά

294 4470 534 4535 ἔπαθλα;
578 4468 612 4539 ἢ
647 4468 729 4531 τίς
773 4466 839 4520 ἂν
872 4467 1197 4537 προσανεῐχε
1228 4464 1295 4532 τῇ
1322 4459 1523 4530 ταύτης
1559 4457 1864 4528 φιλοπονίᾳ,

1957 3727 2229 3783 laboribus
2255 3724 2440 3779 divino
2489 3720 2725 3791 alloquio
2769 3717 3088 3782 exterisque
3133 3708 3290 3765 bonis
3335 3706 3531 3773 dignus

1958 3831 2077 3875 erat
2106 3820 2341 3884 habitus,
2378 3816 2539 3872 citius
2587 3828 2652 3867 ea
2689 3812 2888 3881 quibus
2941 3807 3195 3860 utebatur
3235 3797 3435 3853 amisit.
3462 3795 3531 3848 At

1960 3919 2243 3981 postquam
2275 3906 2481 3962 doloris
2522 3918 2587 3957 ac
2631 3900 2831 3955 laboris
2861 3905 3139 3966 expertem
3180 3891 3342 3942 vitam
3390 3900 3532 3955 pra:-

1960 3980 2130 4072 cipitii
2161 4000 2264 4057 sibi
2306 4012 2525 4054 causam
2560 3994 2708 4059 fecit,
2739 3987 3030 4046 contrariis
3080 3984 3268 4050 utique
3304 3980 3537 4033 medica-

1964 4093 2161 4148 mentis
2216 4088 2650 4160 sapientissimus
2702 4083 2945 4138 medicus
3021 4078 3273 4130 morbum
3360 4076 3535 4130 curat,

1965 4188 2071 4242 lata
2106 4186 2240 4254 lege,
2263 4183 2390 4238 utin
2413 4182 2609 4236 sudore
2632 4178 2809 4231 vultus
2844 4182 2892 4238 θ,
2946 4186 3049 4225 non
3095 4162 3393 4235 corporalis
3420 4170 3543 4213 ωτι-ι

1969 4291 2080 4333 tum
2102 4278 2258 4334 cibus
2274 4280 2600 4337 sumeretur,
2623 4280 2809 4323 verum
2836 4274 2891 4320 et
2906 4263 3100 4329 quibus
3116 4256 3374 4329 spiritalis
3389 4266 3549 4307 amor

1968 4370 2266 4442 spiritalem
2296 4368 2524 4422 adornat
2553 4375 2818 4416 mensam.
2846 4357 3053 4410 Adhaac
3084 4365 3236 4414 vero,
3269 4349 3313 4403 si
3341 4344 3544 4415 quivis,

1972 4464 2116 4519 nullo
2139 4463 2300 4517 etiam
2332 4458 2513 4512 labore
2534 4454 2792 4515 adhibito,
2831 4463 2999 4504 Sacrae
3020 4445 3296 4512 Scriptura
3323 4452 3546 4494 sensum

295 4563 444 4616 οὐδὲν
484 4534 703 4614 ἔλαττον
756 4534 988 4629 ἐχόντων
1024 4556 1133 4609 τῶν
1174 4554 1433 4626 ῥᾳθύμως
1485 4552 1656 4623 αὐτῆς
1701 4552 1844 4604 ἀπτο

1976 4557 2251 4628 percipere
2295 4559 2514 4629 posset,_
2541 4548 2761 4602 ubinam
2802 4557 2988 4597 eorum
3038 4538 3131 4607 qui
3184 4536 3236 4589 in
3288 4534 3390 4587 hac
3438 4545 3547 4584 non

302 4656 508 4726 μένων;
561 4652 704 4706 ὥστε
759 4650 851 4703 διά
900 4648 1008 4703 τῶν
1039 4647 1347 4719 εἰρημένων
1377 4642 1587 4696 δίκαιόν
1641 4660 1701 4695 τε
1754 4642 1870 4711 ἅμα

301 4749 392 4802 καὶ
440 4746 714 4809 λυσιτελὲς
752 4744 993 4813 ἀνεφάνη
1049 4740 1112 4794 τὸ
1145 4740 1222 4810 μὴ
1274 4734 1630 4807 ἀνηπλῶσθαι
1673 4732 1871 4805 μᾶλλον

306 4840 423 4909 μηδ’
473 4837 954 4909 ἀπαραφυλάκτως
1000 4831 1257 4905 ὲρῥίφθαι
1289 4828 1322 4901 ἢ
1353 4828 1415 4881 τὸ
1440 4828 1485 4859 ’ί
1538 4827 1693 4880 κοινά
1734 4843 1871 4896 προ-

304 4931 515 4985 κεῖσθαι
546 4932 681 4983 πᾶσι
710 4930 803 4983 καὶ
838 4929 952 4989 τοῖς
986 4923 1224 4990 ἀναξίοις
1249 4922 1349 4992 τῆς
1394 4918 1616 4992 Γραφῆς
1649 4917 1717 4973 τὰ
1747 4912 1873 4989 νοή-

311 5040 471 5091 ματα.

1974 4624 2093 4702 sine
2144 4642 2338 4713 vigiliis
2410 4624 2572 4708 atque
2628 4636 2902 4692 laboribus
2966 4638 3249 4684 versantur
3325 4624 3546 4693 praemia

1978 4712 2295 4788 manerent?
2329 4730 2576 4798 Autquis
2615 4740 2850 4795 unquam
2887 4720 3049 4789 hujus
3090 4732 3209 4772 sese
3247 4714 3425 4769 studio
3454 4712 3549 4765 ad-

1979 4825 2158 4877 dicere
2195 4821 2343 4885 velit,
2372 4821 2416 4874 si
2448 4821 2628 4872 minus
2674 4815 2806 4871 nihil
2838 4817 3240 4879 consequantur
3268 4806 3305 4859 ii
3336 4804 3424 4873 qui
3456 4818 3551 4857 ne-

1979 4914 2245 4985 gligenter
2280 4927 2400 4968 eam
2436 4908 2799 4981 attingerent?
2828 4907 2906 4961 Ex
2947 4905 3014 4959 iis
3046 4903 3227 4972 igitur,
3259 4914 3378 4969 quae
3419 4898 3551 4951 hao-

1983 5019 2138 5063 tenus
2161 5014 2583 5062 commemorata
2645 5011 2805 5069 sunt,
2838 5013 3050 5067 aequum
3101 4993 3264 5049 simul
3324 5002 3378 5046 et
3424 4988 3553 5043 utile

310 5122 577 5183 appareat,
626 5112 768 5182 quod
840 5127 947 5165 non
1017 5109 1287 5178 explicata
1365 5105 1540 5175 magis
1593 5104 1887 5174 Scriptum
1925 5118 2083 5158 sensa
2153 5115 2333 5158 neque
2385 5098 2655 5155 incautius
2724 5095 2961 5165 abjeCta,
3038 5090 3121 5146 vel
3174 5090 3227 5142 in
3279 5085 3551 5141 communi

313 5207 575 5273 Ollllllblls,
598 5206 759 5259 etiam
800 5203 1058 5275 indignis,
1092 5198 1367 5271 proposita
1407 5197 1628 5252 fuerint.

381 5302 537 5372 Παρά
587 5301 768 5371 μέντοι
800 5299 869 5351 τὰ
917 5296 1185 5369 εἰρημένα
1211 5333 1225 5358 ,
1279 5292 1390 5345 τῶν
1429 5293 1528 5363 μὲν
1573 5288 1873 5359 φιλοπόνων

319 5394 407 5447 καὶ
430 5393 593 5457 ἀξίων
621 5390 715 5444 τοῦ
744 5392 884 5445 κατὰ
911 5388 1112 5458 γνῶσιν
1138 5383 1511 5456 πνευματικοῦ
1546 5382 1882 5453 χαρίσματος

319 5487 414 5539 οὐκ
456 5471 583 5559 [526
632 5482 725 5555 ιι.]
775 5483 840 5536 ἂν
888 5499 973 5545 τις
1020 5481 1329 5534 αἰτιάσαιτο
1385 5477 1483 5547 τῆς
1520 5473 1749 5547 Γραφῆς
1784 5472 1880 5524 τ’ὶην

400 5627 426 5666 ἀ
465 5626 653 5679 Matth.
692 5639 789 5691 vn,
825 5624 878 5678 6.
964 5633 987 5660 ε
1019 5620 1157 5676 Gen.
1188 5637 1271 5685 ιιι,
1303 5619 1389 5673 l9.

2058 5283 2255 5337 Verum
2286 5277 2356 5334 ob
2394 5278 2533 5342 inec,
2565 5290 2681 5342 quae
2705 5272 2815 5341 jam
2864 5272 3120 5335 diximus,
3156 5285 3316 5325 nemo
3346 5284 3553 5327 eorum.

1990 5376 2078 5446 qni
2117 5386 2210 5427 aut
2260 5370 2466 5425 laboris
2496 5379 2741 5423 amantes
2774 5375 2925 5430 sunt,
2963 5376 3055 5418 aut
3080 5362 3310 5433 spiritali
3346 5360 3560 5414 intelle-

1992 5482 2111 5524 cuts
2158 5465 2331 5537 gratia
2375 5459 2544 5530 digni,
2598 5474 2769 5512 sacra:
2811 5457 3105 5524 Scriptura:
3168 5453 3559 5507 obscuritatem

1617 5727 1847 5783 ΥΑΒΙᾸΞ
1884 5720 2290 5781 LECTIONES.

400 5862 440 5893 ιδ
461 5861 637 5915 ntalini
662 5857 833 5920 οὕτως
866 5852 977 5910 οὖν.
1056 5856 1097 5887 ⁸³
1128 5856 1175 5906 εἰ
1204 5853 1324 5906 add.
1359 5851 1422 5903 Δ.
1506 5849 1549 5880 ³ο
1580 5844 1794 5916 κτῆσιν]
1818 5843 1937 5900 libri
1960 5840 2177 5912 χρῆσιν.
2255 5839 2298 5869 ’τ
2328 5835 2359 5906 ἢ
2397 5832 2478 5903 τὸ]
2510 5831 2617 5883 εἴτε
2650 5842 2793 5883 corr.
2826 5827 2863 5879 Δ
2904 5844 2917 5879 ς
2955 5822 3073 5891 ἢτά
3100 5836 3157 5885 ς.
