4014 6412
501 366 655 441 ’Ἴθῦ

1685 397 1954 461 ΡΙΙΟΤΙΙ
1998 401 2192 464 PATR
2202 404 2508 474 IARCH/E
2548 414 2659 477 CP.

3709 430 3810 495 796

530 485 831 542 accusarit.
868 488 940 543 At
990 490 1271 563 negligens
1315 506 1369 551 et
1414 499 1713 569 remissus,
1773 523 1873 561 cur
1913 512 2084 562 laudet

534 580 846 608 ...Λευ-ειη..-
924 581 969 608 ..Ξ
1019 600 1121 608 ..--
1169 590 1383 608 --Δῑ,.ο
1431 591 1475 608 ιν
1646 597 1658 608 .
1713 599 1745 608 ..
1789 600 1799 608 .

2189 521 2208 571 ι
2234 512 2506 585 ἀσάφειαν
2523 536 2539 552 ο
2559 522 2587 574 δ
2606 521 2664 575 δὲ
2690 520 2931 594 ῥᾴθυμος
2956 525 3051 580 καὶ
3074 526 3491 596 ἁναπεπτωκὼς
3510 534 3564 587 τί
3586 535 3652 608 δή
3681 556 3809 593 ποτε

532 580 866 649 indignetur,
924 581 969 638 si
1017 600 1123 639 non
1162 590 1383 659 capiat?
1427 591 1564 648 Nam
1613 597 1658 651 si
1693 599 1999 655 divinarum
2037 616 2123 658 re-

2227 604 2301 675 μὴ
2330 610 2773 680 καταλαμϐάνων
2797 615 3140 687 δυσχεραίνοι
3163 621 3257 687 iv;
3289 622 3353 677 El
3374 624 3473 692 μὲν
3500 625 3608 699 γὰρ
3639 604 3809 683 σπου·

530 687 649 728 rum
678 675 1043 744 cognitionem
1082 678 1268 737 labore
1299 683 1485 756 aliquo
1519 689 1737 759 dignam
1757 690 1993 759 judicat,
2024 711 2084 749 cu

530 763 594 792 τι.
648 781 750 792 ..Α-ι
803 768 979 792 -ι...1....
1020 773 1176 792 ..-ιμη,
1227 791 1234 792 ,
1384 780 1397 792 ι
1461 782 1471 792 .
1534 789 1541 792 .
1584 783 1595 792 .
1795 784 1807 792 .
1859 786 1879 792 -
1926 786 1978 792 --

2220 698 2319 765 δῆς
2358 700 2517 764 ἀξίαν
2550 675 2668 774 -τὴν
2718 706 2827 759 τῶν
2875 675 3037 763 θείων
3077 675 3602 785 γνῶσιινῂὴῖγείτάιζ
3642 719 3698 770 τί
3737 720 3807 792 μὴ

526 763 596 817 iis
648 781 751 819 non
800 768 983 823 studet
1020 773 1184 830 rebus
1215 791 1353 844 quas
1384 780 1549 835 habet
1584 783 1634 836 in
1670 784 1881 852 pretio?
1923 786 2018 840 Sin
2053 792 2118 841 ad

524 856 787 912 virtutem
849 860 991 917 hanc
1051 866 1184 920 nihil
1236 884 1356 925 esse
1407 876 1768 929 necessariam
1804 888 1982 945 putat,
2022 894 2119 935 cur

526 950 678 1003 nullo
704 950 933 1008 allectus
979 954 1181 1012 damno
1236 962 1536 1019 molestiam
1580 969 1763 1037 capit?
1804 970 1942 1037 Quid
1987 990 2115 1028 vero

524 1053 591 1094 ex
635 1040 747 1110 ipsa
786 1058 1001 1114 quoque
1047 1049 1405 1118 obscuritate,
1460 1073 1681 1113 sensum
1739 1064 1829 1131 qui
1878 1076 2111 1132 quaerat,

524 1136 743 1203 assequi
775 1138 989 1206 possit?
1013 1140 1167 1197 Licet
1195 1146 1363 1210 enim,
1415 1148 1541 1205 licet
1571 1155 1875 1226 cuicunque
1905 1160 2109 1217 volenti

522 1226 753 1295 quaesita
806 1227 967 1286 facile
1013 1232 1321 1291 addiscere.
1363 1239 1655 1299 Multorum
1703 1250 1847 1302 enim
1890 1266 2113 1307 sancto-

528 1330 651 1371 rum
690 1320 931 1375 virorum
966 1323 1178 1381 labores
1206 1329 1475 1399 explicant
1506 1344 1561 1388 et
1599 1338 1874 1395 elucidant
1898 1345 2109 1402 divinas

520 1406 786 1479 Litteras,
832 1415 1029 1485 quibus
1076 1419 1345 1478 inhaerere
1376 1426 1421 1480 si
1455 1428 1586 1497 quis
1615 1430 1848 1489 libenter
1879 1438 2028 1505 velit,
2058 1442 2106 1497 is

519 1516 550 1554 a
604 1506 883 1573 proposito
943 1510 1167 1566 minime
1221 1518 1519 1574 aberrabit.
1605 1524 1760 1589 Quod
1816 1529 1861 1582 si
1921 1529 2107 1590 facere

517 1604 755 1661 recuset,
790 1598 1140 1655 manifestum
1172 1602 1463 1676 [ejusmodi
1496 1612 1793 1690 hominem]
1822 1634 2101 1690 nunquam

516 1683 571 1737 in
590 1684 805 1741 illarum
835 1693 1197 1760 cognitionem
1222 1702 1506 1765 pervenire
1528 1719 1687 1771 posse
1703 1748 1717 1773 ,
1741 1724 1867 1777 non,
1887 1714 2100 1770 etiamsi

514 1777 761 1832 omnium
816 1792 1001 1837 essent
1051 1789 1431 1855 apertissima.
1499 1792 1696 1850 Verum
1749 1814 1931 1857 autem
1980 1822 2099 1861 esse

514 1867 659 1933 quod
690 1870 947 1935 diximus,
982 1886 1150 1943 patet,
1170 1879 1295 1946 quia
1322 1892 1449 1936 sunt
1475 1887 1567 1954 qui
1604 1893 1829 1946 omnino
1860 1910 1928 1949 ne
1956 1902 2095 1955 nuda

512 1959 729 2028 quidem
780 1967 999 2021 nomina
1049 1971 1405 2039 epistularum
1458 1983 1883 2048 apostolicarum
1931 2008 2098 2049 nove-

510 2052 654 2118 rint;
709 2056 802 2109 sed
851 2072 1029 2129 neque
1074 2065 1482 2133 prophetarum,
1516 2074 1597 2127 vel
1638 2077 1869 2134 aliormn
1901 2099 2093 2140 sacro-

516 2152 638 2193 rum
695 2141 984 2201 Librorum
1062 2152 1202 2220 (sive
1257 2156 1331 2211 illi
1397 2160 1590 2232 1981:
1647 2172 1886 2238 antiquae
1934 2173 2095 2245 Legis

504 2231 640 2298 sint,
681 2235 797 2290 sive
830 2242 1028 2312 nova»),
1073 2246 1154 2298 vel
1209 2250 1410 2305 nudum
1445 2257 1748 2328 catalogum
1792 2278 1923 2320 voce
1969 2283 2095 2336 pos-

504 2322 616 2376 sint
664 2338 991 2399 recensere;
1039 2345 1095 2390 et
1134 2349 1285 2396 certe
1324 2357 1445 2413 qua:
1473 2349 1802 2421 obscuritas,
1843 2359 1926 2413 vel
1972 2377 2092 2432 qua:

505 2414 769 2479 tenebrae,
814 2436 1006 2490 quaave
1058 2427 1368 2497 diﬂicultas,
1403 2440 1683 2498 nominum
1729 2447 1964 2507 indicem
1995 2470 2089 2511 co-

502 2509 808 2571 gnoscere?
837 2527 1044 2580 quanto
1092 2534 1221 2576 vero
1248 2524 1299 2577 id
1334 2529 1515 2583 studio
1541 2534 1741 2605 indiget
1767 2538 1791 2591 ?
1813 2539 2085 2602 Caeterum

502 2595 834 2668 nolentibus,
872 2603 991 2660 haec
1024 2625 1128 2664 nou
1186 2616 1388 2679 minus.
1441 2636 1603 2691 quam
1638 2626 1920 2701 Scriptura
1950 2637 2084 2707 ipsa,

1457 2686 1476 2691 -
1764 2686 1776 2701 .
1953 2686 2084 2707 τ---ν

502 2686 775 2762 incognita
821 2710 1063 2755 manent.
1123 2702 1301 2771 Quare
1333 2726 1437 2765 non
1476 2715 1815 2786 eloquiorum
1849 2725 1941 2782 Dei
1982 2731 2085 2786 ob-

500 2784 737 2840 scuritas
786 2789 946 2869 vujgo
996 2793 1316 2863 ignorantia:
1349 2818 1513 2861 causa
1563 2820 1648 2865 est
1680 2854 1694 2878 ,
1749 2820 1844 2872 sed
1876 2822 2067 2879 horum

497 2965 737 3036 ignorari
782 2973 933 3029 fecit.
981 2978 1141 3049 Apud
1193 2999 1329 3052 quos
1374 2990 1506 3046 clari
1542 3004 1706 3066 atque
1746 2965 2083 3074 obsc'uri,‘u't

497 3062 925 3122 demonstratum
976 3082 1081 3139 est,
1118 3077 1326 3133 nullum
1384 3082 1675 3142 discrimen
1721 3108 1736 3145 :
1792 3108 1915 3149 cum
1971 3109 2079 3153 stu-

496 3155 681 3210 diosos
712 3159 829 3215 haec
862 3162 1188 3231 obscuritas,
1220 3183 1584 3245 praeterquam
1610 3185 1753 3250 quod
1804 3188 2070 3251 sinceram

494 3259 562 3298 ex
594 3261 654 3303 se
686 3251 969 3308 utilitatem
1019 3258 1280 3327 prmbeat,
1314 3268 1592 3333 sapientes
1617 3290 1680 3328 ac
1712 3278 1914 3338 virtute
1943 3301 2081 3354 prae-

499 3334 599 3354 Δρ.-
722 3340 765 3354 nn
807 3344 818 3353 -
866 3353 872 3354 κ
962 3344 992 3354 Α
1045 3349 1055 3354 -

492 3334 639 3392 ditos
685 3340 901 3398 elliciat.
954 3344 1280 3421 Quicunque
1323 3358 1391 3411 ad
1425 3359 1538 3414 haec
1585 3334 2081 3435 Scripturze'sacrvze

492 3433 821 3487 sententiam
872 3436 1129 3495 illustrari
1185 3454 1358 3513 optat,
1419 3449 1463 3503 si
1514 3433 1730 3523 quidem
1781 3460 2075 3524 humanam

490 3521 718 3587 gloriam
766 3530 983 3596 qmerit,
1030 3535 1228 3593 merito
1259 3554 1288 3592 a
1338 3521 1543 3599 divinai
1582 3551 1864 3618 sapientiae
1913 3563 2077 3617 vesti-

487 3616 615 3671 bulo
673 3633 929 3679 arcetur:
979 3626 1062 3681 sin
1116 3630 1337 3690 virtutis
1390 3616 1681 3711 duntaxat,
1726 3657 1781 3702 et
1826 3665 2076 3722 supernae

488 3712 953 3769 remunerationis
985 3720 1242 3788 gratiam,
1273 3739 1542 3796 quantum
1575 3734 1861 3797 laboribus
1892 3712 1959 3799 ac
1983 3760 2072 3800 su-

486 3797 710 3854 doribus
760 3802 876 3871 ipsa
927 3816 1279 3883 processerit,
1317 3826 1467 3876 tanta
1513 3839 1689 3895 eaque
1730 3842 1878 3888 certa
1913 3837 2075 3893 retri-

486 3888 723 3946 hntionis
761 3900 1036 3953 assecutio
1073 3903 1437 3968 allaborantib
1453 3930 1517 3971 us
1562 3919 1926 3991 relinquetur.
1962 3927 2069 3985 Sed

483 3981 629 4038 istud
654 4000 868 4059 quoque
902 3993 969 4047 ad
1000 3998 1283 4065 sapientia:
1329 4003 1473 4063 illius
1515 3981 2070 4091 inexplicabilis

480 4076 774 4136 videntiam
850 4088 1121 4157 pertinet,
1180 4097 1321 4163 quod
1387 4101 1583 4160 tollens
1640 4076 1766 4165 mox
1847 4114 1914 4169 ab
1942 4076 2068 4172 ’ῑηί-

482 4166 557 4220 ιίο
599 4168 737 4226 Deus
788 4188 1007 4232 omnem
1054 4182 1121 4236 de
1182 4194 1331 4240 sorte
1376 4203 1567 4271 nostra
1616 4199 2016 4266 querimoniam
2045 4247 2062 4273 ,

477 4270 731 4328 expertes
792 4282 1157 4328 a‘rumuarum
1216 4270 1442 4336 delicias
1501 4286 1657 4341 nobis
1705 4289 1759 4343 in
1814 4270 2065 4361 paradiso

476 4351 664 4419 donat,
706 4355 879 4413 donec
931 4362 1276 4432 deprehenso
1319 4387 1389 4427 ex
1444 4375 1604 4434 factis
1639 4385 1860 4451 nostris,
1898 4387 2064 4444 inuti-

472 4718 709 4775 stadium
750 4726 908 4781 nobis
941 4743 1004 4783 ac
1038 4733 1345 4800 palmstram
1392 4744 1756 4812 constituens,
1788 4769 1909 4822 qua:
1940 4774 2054 4813 ma-

471 4822 635 4874 gnum
671 4828 851 4879 posset
902 4835 1166 4887 Quaestum
1212 4844 1275 4884 ac
1329 4830 1546 4909 [multa]
1600 4845 1822 4911 prtemia
1873 4853 2184 4915 conciliare.
2233 4861 2334 4919 His

470 4910 525 4953 ct
562 4906 850 4973 septimum
880 4910 1077 4968 librum
1110 4919 1367 4977 absolvit.

2221 793 2514 856 σπουδάζει
2554 796 2680 867 περὶ
2713 798 2783 851 τὰ
2816 800 3004 870 τίμια;
3048 803 3110 855 Et
3157 803 3215 856 δὲ
3250 807 3387 876 πρὶς
3415 810 3615 881 ἀρετὴν
3646 813 3810 881 μηδὲν

2218 879 2516 949 ἀναγκαῖον
2563 889 2949 960 παρέχουσαν,
2999 894 3052 947 τί
3105 896 3201 949 καὶ¹
3244 879 3589 970 δυσχεραίνει
3645 879 3808 973 μηδὲν

2217 975 2616 1048 ζημιούμενοςς
2653 985 2707 1037 τί
2735 985 2793 1038 δὲ
2835 988 2931 1040 καὶ
2965 988 3030 1041 ὲκ
3069 991 3167 1060 τῆς
3205 990 3476 1058 ἀσαφείας
3517 993 3805 1063 παραϐλα-

2216 1068 2336 1143 6είη
2361 1073 2407 1103 "
2456 1090 2543 1138 τις
2592 1074 2773 1147 ζητῶν
2810 1079 3002 1149 μαθεῖν
3029 1080 3129 1153 τὴν
3169 1081 3450 1149 διάνοιαν;
3504 1084 3624 1138 ἐστι
3673 1086 3803 1159 γὰρ,

2216 1162 2332 1216 ἔστι
2372 1168 2483 1230 τοῖς
2516 1166 2864 1238 βουλομένοις
2896 1173 2932 1227 ἃ
2964 1172 3222 1245 ζητοῦσιν
3249 1177 3295 1208 ³³
3328 1175 3391 1228 οὐ
3424 1175 3669 1246 χαλεπὸν
3708 1196 3808 1248 μα-

2214 1254 2347 1309 θεῖν.
2390 1257 2606 1313 Πολλῶν
2633 1261 2742 1333 γὰρ
2771 1264 2982 1335 ἀνδρῶν
3014 1265 3178 1337 ιερῶν
3211 1267 3362 1321 πόνοι
3392 1267 3806 1323 ἁναπτύσσουσί

2210 1364 2269 1399 τε
2304 1350 2398 1402 καὶ
2427 1348 2720 1415 ἐξαπλοῦσι
2762 1353 2832 1409 τὰ
2857 1355 3122 1411 θεσπέσια
3153 1358 3344 1427 Λόγια,
3376 1352 3458 1422 οἷς
3495 1359 3807 1431 ἐμφιλοχω-

2211 1442 2325 1510 ρεῖν
2354 1459 2440 1506 τις
2474 1446 2911 1517 προαιρούμενος
2949 1450 3049 1503 οὐκ
3090 1450 3155 1503 ἂν
3186 1451 3437 1524 ἀτυχήσῃ
3481 1452 3581 1506 τοῦ
3614 1452 3806 1524 βουλή-

2211 1552 2401 1604 ματος.
2457 1538 2553 1602 Ὃς
2585 1538 2629 1591 δ’
2663 1540 2760 1609 οὐχ
2794 1543 3055 1612 αἱρεῖται,
3081 1542 3241 1613 δῆλον
3267 1544 3344 1607 ὡς
3380 1546 3427 1597 εί
3456 1546 3550 1598 καὶ
3581 1546 3803 1607 πάντων

2206 1627 2291 1698 εἴη
2330 1630 2662 1703 σαφέστερα,
2713 1634 2814 1687 οὐκ
2862 1635 2928 1688 ἂν
2956 1636 3140 1689 αὐτῶν
3168 1637 3247 1700 είς
3273 1637 3478 1706 γνῶσιν
3521 1638 3799 1707 ἀφίκοιτο.

2206 1723 2330 1778 Ὅτι
2374 1724 2431 1779 δὲ
2471 1726 2671 1797 ἀληθὲς
2703 1728 2766 1782 τὸ
2795 1730 2983 1799 ῥηθὲν,
3016 1731 3154 1784 εἰσὶν
3183 1731 3234 1785 οἳ
3274 1732 3409 1803 μηδὲ
3435 1732 3631 1796 ἁπλῶς
3663 1732 3801 1788 αὐτὰ

2203 1816 2311 1870 τῶν
2362 1820 2739 1873 ἀποστολικῶν
2786 1823 3087 1877 ἐπιστολῶν
3155 1825 3288 1894 ψιλὰ
3338 1825 3679 1895 γινώσκουσι
3733 1827 3798 1880 τὰ

2200 1909 2465 1981 ὀνόματα,
2522 1913 2641 1967 ἀλλ’
2692 1915 2814 1969 οὐδὲ
2866 1917 2977 1969 τῶν
3034 1919 3334 1990 προφητῶν
3384 1919 3416 1990 ἢ
3470 1920 3581 1974 τῶν
3620 1920 3797 1975 ἄλλων

2202 2002 2362 2074 ἱερῶν
2412 2005 2622 2059 Βίόλων
2643 2006 2711 2074 ³⁸,
2745 2008 2845 2062 ὅσα
2874 2010 2972 2080 τῆς
3005 2011 3250 2073 Παλαιᾶς
3280 2012 3375 2066 καὶ
3415 2012 3517 2066 ὅσα
3562 2013 3668 2084 τῆς
3701 2013 3797 2081 χά-

2198 2113 2370 2167 ριτος.
2418 2098 2530 2150 οὐδ’
2585 2099 2753 2153 αὐτὸν
2804 2101 2897 2155 τὸν
2930 2104 3231 2173 κατάλογον
3281 2104 3369 2158 διὰ
3419 2105 3609 2176 φωνῆς
3658 2123 3792 2175 προ-

2195 2188 2350 2255 άγειν
2376 2189 2721 2247 ἐπίστανται.
2751 2192 2947 2247 Καίτοι
2986 2194 3041 2248 τί
3075 2196 3374 2257 σκοτεινὸν,
3411 2196 3465 2249 τί
3492 2195 3539 2249 δ’
3554 2198 3788 2264 ἀσαφὲς,

2191 2278 2245 2330 τί
2290 2277 2347 2331 δὲ
2388 2280 2625 2350 χαλεπὸν
2667 2281 2952 2354 ὀνομάτων
2997 2285 3199 2339 ειδέναι
3243 2286 3581 2354 κατάλογον;
3632 2288 3790 2352 ποίας

2190 2369 2249 2422 δὲ
2291 2369 2526 2441 μελέτης
2572 2372 2777 2442 δεῖταις
2830 2375 2968 2429 ἀλλὰ
3017 2379 3132 2439 τοῖς
3184 2395 3249 2447 γε
3306 2376 3381 2449 μὴ
3438 2377 3790 2448 βουλομένοις

2194 2460 2348 2514 οὐδὲν
2364 2458 2526 2531 ἦττον
2550 2464 2724 2519 ταῦτα
2745 2465 2875 2537 [652
2901 2466 2994 2538 8.]
3020 2467 3052 2538 ἢ
3081 2467 3149 2521 τὰ
3167 2468 3275 2520 τῶν
3298 2468 3533 2539 Γράφων
3552 2469 3606 2499 ’⁵
3634 2469 3786 2540 μένει

2190 2553 2596 2619 ἁνεπίγνωστα.
2639 2555 2802 2608 Ὥστε
2850 2557 2949 2628 οὐχ
2986 2558 3021 2627 ἡ
3067 2557 3175 2610 τῶν
3201 2559 3247 2590 ’⁸
3276 2556 3490 2627 Λογίων
3541 2558 3785 2627 ἀσάφεια

2187 2643 2290 2713 τῆς
2344 2644 2453 2698 τῶν
2500 2645 2713 2700 πολλῶν
2760 2648 2987 2716 ἀγνοίας
3038 2648 3099 2702 τὸ
3136 2650 3310 2704 αἴτιον
3326 2690 3341 2717 ,
3379 2649 3442 2703 τὸ
3469 2650 3527 2703 δὲ
3574 2650 3784 2705 τούτων

2185 2736 2533 2807 ἠμελημένον
2564 2740 2658 2792 καὶ⁹
2687 2740 2931 2812 ῥᾴθυμον
2965 2742 3063 2795 καὶ
3090 2742 3163 2796 τὰ
3207 2742 3525 2812 σαφέστατα
3556 2746 3782 2798 πάντων

2185 2831 2404 2898 ἀγνοεῖν
2430 2832 2839 2903 παρεσκεύασε.
2869 2834 3030 2905 Παρὰ
3065 2836 3165 2907 μὲν
3196 2838 3312 2900 τοῖς
3334 2836 3607 2902 τοιούτοις
3632 2837 3783 2891 οὐδὲν

2183 2924 2278 2978 τοῦ
2324 2926 2531 2996 σαφοῦς
2577 2926 2639 2980 τὸ
2687 2927 2931 2998 ἀσαφὲς,
2980 2930 3057 2994 ὡς
3103 2930 3409 2996 δέδεικται,
3460 2932 3777 3003 διενήνοχεο

2182 3018 2311 3081 τοὺς
2343 3018 2401 3071 δὲ
2448 3019 2772 3084 σπουδαίους
2825 3021 2859 3093 ἡ
2895 3022 3160 3093 ἀσάφεια,
3206 3024 3347 3094 μετὰ
3385 3023 3481 3077 τοῦ
3512 3025 3779 3096 παρέχειν

2184 3109 2571 3181 ἀκαπήλευτον
2602 3112 2665 3166 τὸ
2705 3113 2919 3168 οἴκοθεν
2958 3115 3173 3185 κέρδος,
3225 3116 3320 3168 καὶ
3355 3115 3554 3185 σοφούς
3586 3134 3650 3170 τε
3686 3116 3777 3171 καὶ

2108 3216 2149 3273 C
2184 3203 2507 3268 σπουδαίους
2533 3206 2634 3278 τὴν
2661 3206 2861 3278 ἀρετὴν
2893 3208 3286 3262 ἐπιδείκνυσιν.
3320 3208 3446 3263 Ἔτι
3476 3208 3533 3262 δὲ
3559 3211 3591 3262 ὁ
3626 3207 3775 3282 [μὲν]

2178 3295 2278 3365 τῆς
2326 3297 2480 3367 ἱερᾶς
2512 3298 2740 3369 Γραφῆς
2775 3298 2865 3352 τὸν
2896 3298 3022 3353 νοῦν
3049 3298 3433 3371 ὲλλαμφθῆναι
3469 3300 3645 3367 ἀξιῶν
3671 3340 3686 3364 ,
3727 3302 3775 3354 εί

2181 3387 2279 3458 μὲν
2305 3387 2657 3460 ἀνθρωπίνην
2686 3388 2842 3456 δόξαν
2870 3391 3051 3461 ζητῶν
3080 3386 3257 3456 οὗτος,
3287 3392 3514 3455 δικαίως
3537 3393 3653 3446 τῶν
3678 3393 3774 3463 τῆς

2184 3479 2335 3543 θείας
2396 3481 2593 3551 σοφίας
2626 3482 2983 3554 προπυλαίων
3031 3484 3434 3538 ἀπελαύνεταιο
3480 3486 3530 3538 εί
3568 3485 3633 3538 δὲ
3672 3484 3775 3553 τῆς

2175 3572 2379 3645 ἀρετῆς
2413 3574 2577 3645 χάριν
2608 3574 2703 3627 καὶ
2732 3575 2832 3645 τῆς
2867 3574 3076 3629 άνωθεν
3109 3576 3471 3641 ἀντιδόσεως,
3515 3577 3648 3630 ὅσον
3683 3577 3771 3631 διὰ

2174 3662 2354 3717 πόνων
2386 3666 2482 3718 καὶ
2530 3663 2773 3737 ἱδρώτων
2807 3664 2947 3732 αὕτη
2996 3667 3305 3739 πρόσεισιν,
3350 3667 3612 3722 τοσοῦτον
3657 3670 3770 3723 ἀδί-

2174 3771 2408 3820 στακτος
2451 3756 2551 3827 τῆς
2592 3757 2831 3827 ἀμοιὸἦς
2861 3760 2894 3830 ή
2929 3759 3233 3823 ἀπόλαυσις
3271 3762 3386 3824 τοῖς
3432 3761 3768 3829 ἀγωνισταῖς

2169 3848 2533 3915 περιγίνεται.
2596 3849 2761 3905 Ἀλλὰ
2791 3850 2901 3921 γὰρ
2932 3852 3025 3905 καῖ
3073 3850 3233 3905 τοῦτο
3267 3851 3458 3922 σοφίας
3499 3853 3622 3906 ἐστὶ
3667 3852 3765 3924 τῆς

2168 3941 2562 4014 ἀνεκδιηγήτου
2625 3944 2869 4014 πρόνοια.
2942 3944 3259 3999 Ἐκκόπτων
3317 3946 3417 4017 μὲν
3476 3945 3587 4017 γὰρ
3642 3944 3763 4000 κατ’

2168 4031 2343 4103 ἀρχὰς
2372 4034 2401 4087 ὅ
2428 4033 2563 4098 Θεὸς
2591 4036 2652 4088 τὸ
2684 4034 3060 4107 μεμψίμοιρον
3079 4075 3094 4101 ,
3120 4035 3336 4091 δίδωσιν
3366 4038 3498 4107 ἡμῖν
3526 4037 3759 4092 ἀταλαί-

2167 4142 2352 4197 πωρον
2386 4127 2489 4198 τὴν
2524 4128 2583 4181 ὲν
2627 4128 2945 4199 παραδείσῳ
2980 4128 3217 4200 τρυφήν.
3263 4127 3556 4197 Διελὲγξας
3586 4129 3646 4183 δὲ
3679 4123 3759 4193 οἷς

2168 4217 2492 4289 ἐπράξαμεν
2517 4219 2595 4283 ὡς
2631 4219 2951 4292 ἀσύμφορον
2974 4220 3286 4293 ἀνθρώποις
3313 4222 3341 4275 ὁ
3372 4221 3615 4293 άμοχθος
3642 4222 3754 4289 βίος

2164 4309 2260 4362 καὶ
2281 4310 2667 4381 ἀταλαίπωρος
2690 4354 2707 4376 ,
2737 4311 2928 4383 ῶσπερ
2957 4329 3012 4365 τι
3041 4312 3334 4384 φάρμακον
3354 4313 3465 4367 τῶν
3490 4314 3753 4385 καμάτων

2161 4767 2311 4823 λαιον
2340 4772 2523 4843 τρίτον
2552 4774 2650 4827 καὶ
2689 4776 2718 4829 ὁ
2744 4775 2788 4839 ζ’
2817 4775 3177 4848 ἀπαρτίζεται
3202 4778 3381 4848 λόγος.

2398 4875 2589 4921 auctor
2622 4867 2959 4923 tricesimum
3045 4871 3264 4925 tertiqu
3324 4880 3508 4942 caput,
3580 4868 3737 4929 simul

1993 5057 2155 5115 Liber
2186 5076 2309 5117 vm.

538 5109 779 5172 Octavus
841 5118 977 5176 liber
1028 5124 1093 5179 de
1156 5126 1375 5185 duobus
1438 5147 1714 5195 certamen
1791 5145 2050 5210 instituit.

466 5198 556 5251 34.
621 5200 820 5261 Horum
891 5212 1124 5277 primum
1209 5217 1404 5273 solutio
1479 5198 2049 5293 cujusdam

469 5290 628 5345 tionis
685 5304 788 5364 est,
833 5313 953 5369 quae
986 5318 1098 5357 rem
1154 5308 1353 5362 seriam
1383 5326 1514 5368 sane
1558 5332 1656 5373 nec
1681 5320 2036 5394 inelegantem

465 5384 728 5442 continet.
786 5389 974 5448 Refert
1009 5405 1191 5451 autem
1241 5416 1361 5455 eam
1407 5404 1799 5468 dubitationem
1822 5384 2037 5476 vortam

2234 5152 2292 5206 '0
2324 5154 2380 5207 δὲ
2412 5161 2465 5225 η’
2491 5156 2621 5227 περὶ
2663 5155 2758 5210 δύο
2780 5155 2943 5210 τινῶν
2977 5157 3069 5211 τὸν
3109 5157 3296 5227 ἀγῶνα
3320 5158 3626 5225 ὑποδύεται,
3657 5151 3729 5212 ὧν

2145 5244 2204 5298 ἓν
2241 5247 2341 5316 μὲν
2370 5246 2525 5311 λύσις
2548 5249 2697 5304 ἐστὶν
2730 5250 2881 5321 αὐτῷ
2916 5250 3154 5321 ἀπορίας
3191 5250 3335 5315 τινὸς
3360 5253 3462 5305 οὐκ
3484 5252 3726 5322 ἄκομψον

2144 5338 2383 5409 σπουδὴν
2417 5340 2671 5415 ἐχούσης.
2717 5341 2936 5413 Ταύτην
2977 5342 3034 5396 δὲ
3067 5343 3355 5415 βλάστημα
3390 5340 3529 5398 εἶναι
3561 5361 3726 5398 κατα-

2138 5431 2342 5503 σκευῆς
2382 5432 2540 5502 λόγου
2574 5433 2739 5500 τινὸς,
2772 5435 2839 5488 δι’
2874 5429 2939 5490 οὗ
2970 5436 3064 5489 τὸν
3094 5436 3228 5490 Θεὸν
3269 5436 3395 5490 Υἱὸν
3428 5437 3571 5506 ἔχειν
3620 5453 3719 5488 κα-

463 5490 527 5527 cx
559 5482 892 5540 astructione
940 5487 1374 5549 ratiocinationis
1411 5496 1715 5570 cujusdam,
1742 5521 1839 5576 per
1871 5526 2033 5579 quam

465 5563 625 5601 honm
653 5572 851 5601 tutu.--
888 5576 1081 5601 vn:___.
1120 5583 1243 5601 __._I_
1292 5591 1307 5601 .

2189 5482 2549 5589 ασκευάξεται
2574 5482 2739 5580 ’ν’
2759 5528 2817 5581 δὲ
2852 5528 3064 5600 πατέρα
3111 5531 3211 5601 τῆς
3254 5529 3594 5599 κατασκευῆς
3628 5527 3721 5583 τὸν

461 5563 625 5624 Deum
650 5572 854 5632 habere
888 5576 1085 5636 Filium
1118 5583 1409 5656 probatur;

1454 5602 1839 5669 auctoremque
1869 5604 2030 5673 hujus

2189 5614 2367 5686 ’ύσσης
2387 5618 2429 5648 ’⁷
2465 5612 2607 5673 εἶναι
2642 5618 2965 5691 Γρηγόριον.
3009 5620 3174 5689 Λέγει
3203 5620 3261 5675 δὲ
3292 5620 3353 5675 τὸ
3379 5620 3717 5695 ἐπιχείρημα

1760 5711 1848 5770 VA
1861 5718 1996 5774 IllAE
2028 5721 2441 5785 LECTIONES.

530 5779 576 5900 ξ
595 5782 1344 5900 ξαρῗξξξιξξξρςοηςζξιὴξξὴ
1540 5820 1577 5871 ς
1585 5847 1599 5861 ο
1676 5807 1722 5841 ’⁵
1757 5821 1852 5867 aut
1883 5776 2285 5891 βιϐλίωνύριιε,
2325 5831 2418 5880 aut
2442 5825 2584 5882 ὅσαι.
2661 5828 2707 5860 ’⁸
2741 5827 2950 5900 γρίφων
2974 5827 3020 5882 Α
3064 5844 3078 5882 :
3131 5824 3359 5898 γραφῶν
3383 5843 3440 5892 ς.
3520 5826 3563 5857 ¹⁶
3588 5823 3707 5896 οὐχὶ

457 5851 568 5903 τῶν
595 5869 658 5918 ς.
689 5851 700 5855 ⁷
734 5854 779 5887 ³⁷
806 5851 1013 5930 Νύσης,
1068 5872 1125 5918 ut
1172 5851 1427 5931 ευιιὲιίᾹο
