3940 6416
575 397 679 461 799

1732 398 1997 461 PHOTII
2028 401 2158 461 ΡΑΊ

2261 398 2534 461 ARCH/E
2570 400 2676 461 ΟΡ.
3725 399 3810 464 800

575 523 784 567 natura:
807 508 1131 565 Trinitatem
1179 511 1361 565 verbis
1396 509 1737 576 describens,
1770 528 1865 582 per
1904 512 2145 579 Patrem,

2261 513 2462 582 φοῦσα,
2490 512 2580 565 διὰ
2616 508 2711 564 τοῦ
2745 510 2979 582 Πατρδς,
3007 510 3102 565 καὶ
3133 509 3227 565 τοῦ
3259 510 3412 577 Υίοῦ,
3438 514 3536 565 καὶ
3562 511 3654 565 τοῦ
3683 513 3812 581 ἁγίου

572 603 772 659 Filium
829 601 1058 672 199b,
1114 610 1172 658 et
1219 602 1489 673 Spiritum
1538 615 1807 669 sanctum,
1860 604 2151 670 inelIabile,

574 696 831 765 quodque
891 694 1236 751 denominari
1302 697 1498 767 nequit
1564 697 1869 752 divinitatis
1934 713 2152 764 nomen,

572 788 859 843 consuetis
909 788 1064 842 nobis
1111 788 1469 857 cognatisque
1509 787 1962 857 appellationibus
2023 804 2154 860 sug-

574 880 763 948 gessit.
808 879 1036 943 Quando
1060 890 1242 933 autem
1284 888 1601 934 consuetum
1642 890 1728 935 est
1755 889 1921 949 atque
1955 896 2155 935 conve-

575 973 735 1025 niens
765 974 829 1025 de
864 971 993 1027 ﬁliis
1025 974 1230 1027 nostris
1255 974 1435 1027 dicere
1469 973 1901 1042 generationem,
1936 973 2006 1028 de
2035 974 2158 1043 Spi-

577 1065 683 1117 ritu
730 1080 858 1118 vero
887 1066 1289 1132 processionem
1323 1082 1338 1118 :
1378 1064 1614 1132 Spiritus
1661 1065 1808 1119 enim
1834 1066 2035 1135 inquit,
2067 1083 2156 1120 va-

575 1155 701 1205 dens
728 1163 776 1206 et
809 1170 909 1206 non
928 1154 1127 1206 rediens
1152 1153 1170 1190 τ
1202 1153 1266 1207 ΕΙ.
1292 1168 1308 1205 :
1336 1153 1517 1207 Exibit
1536 1154 1764 1219 Spiritus
1790 1156 1903 1225 ejus
1923 1158 1969 1211 ε.
1994 1157 2158 1211 Item-

574 1260 681 1312 que
718 1262 733 1298 :
763 1246 1019 1310 Quoniam
1070 1243 1299 1313 Spiritus
1327 1248 1663 1313 pertransivit
1719 1248 1776 1301 in
1821 1248 1938 1311 illo,
1973 1259 2020 1303 et
2054 1267 2156 1303 non

573 1335 885 1392 subsisteth.
908 1338 1132 1404 Quando
1156 1338 1318 1407 igitur
1346 1338 1653 1393 inhumano
1676 1354 1876 1410 genere
1908 1341 2046 1395 Filio
2069 1358 2160 1411 ge—

577 1431 915 1484 nerationem
966 1430 1313 1499 adaptamus,
1361 1431 1588 1500 Spiritui
1650 1446 1783 1487 vero
1848 1436 2158 1501 processio-

578 1536 705 1575 nem
741 1537 758 1575 :
793 1520 910 1589 pari
945 1536 1162 1590 quoque
1205 1522 1419 1575 ratione
1467 1521 1520 1575 in
1564 1531 1758 1576 natura
1804 1522 2065 1576 itieilaliili
2094 1537 2158 1576 ac

578 1614 1005 1681 supernaturali,
1039 1623 1094 1668 et
1123 1612 1319 1667 Filium
1349 1615 1618 1682 genitum,
1657 1622 1712 1667 et
1738 1612 1999 1682 Spiritum
2034 1628 2158 1666 sau-

577 1717 723 1761 ctum
782 1707 1100 1775 procedere,
1146 1706 1411 1761 divinitus
1441 1706 1618 1760 edocti
1652 1719 1862 1760 sumus.
1895 1704 2157 1772 Propter-

574 1812 637 1853 ea
675 1798 820 1851 enim
873 1798 1134 1866 Spiritus,
1186 1799 1363 1853 Patris
1411 1814 1565 1867 aeque
1632 1812 1697 1852 ac
1735 1796 1887 1858 Filii,
1922 1796 2158 1866 Spiritus

574 1899 798 1944 sanctus
835 1889 1039 1944 dicitur
1084 1908 1100 1944 :

574 1978 771 2033 horum
823 1978 1059 2049 Spiritus
1096 1980 1242 2053 [esse
1288 1980 1460 2053 recte]
1500 1983 1722 2036 dicitur.
1755 1980 1921 2035 Pater
1946 1996 2077 2036 vero
2101 1989 2158 2034 et

573 2067 747 2124 Filius
793 2070 1028 2140 Spiritus
1080 2072 1253 2126 sancti
1297 2088 1402 2127 non
1440 2074 1589 2138 item,
1622 2073 1748 2141 quia
1802 2087 1981 2139 neque
2013 2071 2154 2139 apud

575 2175 695 2216 nos.
749 2161 1017 2216 Caeterum
1065 2165 1207 2232 quod
1276 2162 1421 2217 Deus
1478 2171 1670 2232 suapte
1726 2173 1920 2216 natura
1978 2176 2156 2230 neque

575 2251 682 2306 dici
718 2267 748 2306 a
778 2253 958 2318 nobis,
998 2269 1176 2322 neque
1206 2254 1433 2324 cogitari
1466 2255 1657 2324 possit,
1689 2253 1999 2310 communis
2040 2269 2157 2308 om-

574 2345 727 2399 nium
784 2360 981 2400 sensus
1031 2347 1317 2401 admittit:
1368 2356 1424 2401 et
1474 2361 1605 2401 vero
1647 2347 1848 2417 passim
1887 2346 1942 2401 in
1979 2344 2154 2400 sacris

577 2439 803 2495 Litteris
842 2440 1194 2509 praedicatur,
1239 2452 1662 2509 sanctorumque
1693 2440 1913 2494 Patrum
1944 2448 2155 2494 nostro-

576 2548 697 2585 rum
734 2542 910 2588 cmtus
948 2548 1100 2603 paene
1133 2535 1419 2589 universus
1450 2534 1591 2589 idem
1634 2534 1982 2598 testiﬁcatur,
2017 2546 2153 2601 quo-

578 2638 697 2677 rum
752 2640 820 2680 ne
866 2627 1028 2681 verba
1075 2628 1293 2695 quidem
1341 2628 1486 2696 (cum
1535 2627 1759 2680 minime
1812 2626 1974 2680 dubia
2021 2625 2150 2688 sint)

578 2717 865 2785 designare
912 2733 1160 2775 necesse.
1200 2721 1376 2789 Atque
1429 2721 1545 2774 haec
1577 2720 1719 2775 libro
1743 2729 1938 2775 octavo
1969 2718 2157 2773 Jobius

574 2809 825 2877 persequi
837 2820 941 2864 tur.

2258 604 2612 675 Πνεύματος,
2644 604 2705 657 τὸ
2732 604 2974 675 ἄρῤητόν
3013 620 3075 657 τε
3120 604 3216 657 καὶ
3256 604 3694 675 ἀκατονόμαστον
3742 608 3813 674 τῆς,

2256 697 2512 767 θεότητος
2542 697 2715 767 ὄνομα
2744 695 2873 769 [328
2900 695 2995 767 IL]
3030 696 3317 767 συνήθεσιν
3337 697 3470 767 ἡμῖν
3498 698 3594 751 καὶ
3623 701 3816 768 συντρό-

2256 806 2379 858 φοις
2426 787 2824 860 προσηγορίαις
2875 785 3168 841 ὑπέῦαλεν.
3219 786 3330 840 Καὶ
3374 785 3565 857 ἐπειδὴ
3614 785 3817 855 σύνηθες

2256 883 2349 935 ἐπὶ
2378 881 2474 952 μὲν
2515 881 2623 934 τῶν
2668 878 2790 933 καθ’
2829 880 2981 951 ἡμᾶς
3024 878 3157 931 υἱῶν
3183 880 3281 931 καὶ
3326 879 3635 948 πρόσφορον
3664 878 3818 947 λέγειν

2255 974 2356 1043 τὴν
2377 972 2613 1041 γένεσιν,
2642 973 2735 1022 ἐπὶ
2757 970 2815 1024 δέ
2844 969 2937 1023 τοῦ
2970 969 3289 1038 Πνεύματος
3316 968 3362 998 ³³
3390 968 3488 1037 τὴν
3517 968 3819 1039 ἐκπὸρευσιν

2259 1063 2525 1133 (Πνεῦμα
2548 1062 2677 1131 γὰρ,
2702 1062 2867 1130 φησὶ,
2896 1060 3308 1128 πορευόμενον
3329 1059 3427 1113 καὶ
3451 1061 3563 1112 οὐκ
3578 1059 3820 1127 ἐπιστρέ.

2257 1173 2393 1224 φονο
2434 1158 2549 1208 καὶ·
2578 1154 2995 1218 Ἐξελεύσεται
3011 1154 3056 1184 ³⁸
3078 1154 3146 1205 τὸ
3173 1152 3421 1220 Πνεῦμα
3450 1150 3639 1205 αὐτοῦ
3663 1166 3677 1181 ⁸
3712 1153 3818 1219 καί,

2257 1248 2340 1300 ὃτι
2358 1245 2401 1277 ⁸⁵
2432 1245 2677 1313 Πνεῦμα
2700 1242 2949 1311 διῆλθεν
2985 1242 3055 1295 ἐν
3087 1240 3272 1306 αὐτῷ,
3296 1241 3396 1295 καί
3415 1244 3529 1309 οὐχ
3546 1239 3819 1308 ὑπάρξει),

2259 1338 2382 1389 ἐπεὶ
2419 1332 2513 1389 οὖν
2552 1338 2609 1389 ἐν
2644 1335 2721 1405 τῷ
2754 1334 3081 1404 ἀνθρωπίνῳ
3122 1334 3271 1401 γένει
3316 1334 3395 1403 τῷ
3440 1335 3539 1403 μὲν
3582 1334 3699 1404 Υίῷ
3744 1335 3821 1405 τὴν

2258 1431 2511 1501 γέννησιν
2544 1429 2950 1498 ἐφαρμόξομεν.
2983 1426 3060 1497 τῷ
3106 1427 3388 1496 Πνεύματι
3429 1428 3485 1479 δὲ
3526 1426 3629 1495 τὴν
3677 1426 3822 1479 ἐκπό-

2263 1540 2467 1594 ρευσιν,
2492 1522 2769 1589 ἀναλόγως
2790 1522 2885 1575 καὶ
2911 1522 3004 1574 ἐπὶ
3022 1523 3122 1589 τῆς
3148 1521 3391 1591 ἀρρήτου
3416 1521 3512 1573 καὶ
3531 1517 3823 1589 ὑπερφυοῦς

2261 1614 2479 1683 φύσεως
2508 1615 2601 1667 τὸν
2627 1615 2726 1685 μὲν
2756 1614 2885 1666 Υίὸν
2923 1612 3287 1681 γεγεννῆσθαι
3314 1611 3717 1680 διδασκόμεθα,
3751 1613 3823 1665 ἐκο

2261 1705 2593 1777 πορεύεσθαι
2642 1706 2699 1759 δε
2746 1704 2807 1757 τὸ
2850 1702 3077 1772 Πνεῦμα
3125 1702 3445 1773 θεοπρεπῶς
3494 1703 3819 1773 ἐμυήθημεν.

2261 1799 2362 1853 Διὰ
2387 1799 2433 1834 ⁸⁸
2462 1797 2620 1853 τοῦτο
2644 1798 2754 1867 γὰρ
2780 1798 2871 1851 καὶ
2896 1798 3121 1867 Πνεῦμα
3148 1797 3246 1867 μὲν
3268 1796 3363 1849 τοῦ
3389 1796 3605 1867 Πατρὸς
3631 1798 3727 1850 καὶ
3750 1796 3821 1848 τοῦ

1159 1890 1284 1960 quia
1330 1891 1492 1945 etiam
1533 1891 1674 1960 apud
1724 1905 1830 1945 nos
1878 1891 2158 1958 utriusque

2267 1891 2395 1946 Υίοῦ
2427 1890 2491 1944 τὸ
2519 1892 2674 1958 ἆγιον
2700 1889 2927 1959 Πνεῦμα
2974 1890 3190 1959 εἴρηται
3216 1931 3230 1954 ,
3262 1889 3385 1942 ἐπεὶ
3414 1891 3510 1942 καὶ
3540 1888 3671 1959 παρ’
3715 1890 3824 1957 ἡμῖν

2258 1986 2518 2057 ἑκατέρου
2546 1984 2751 2038 τούτων
2788 1983 3013 2050 Πνεῦμα
3044 1982 3301 2050 λέγεται,
3335 1981 3525 2051 Πατὴρ
3561 1982 3618 2033 δὲ
3652 1981 3683 2051 ἦ
3714 1981 3821 2043 Υἱὸς

2258 2077 2352 2134 τοῦ
2391 2076 2708 2146 Πνεύματος
2738 2074 2946 2128 ούκέτι·
2984 2075 3106 2127 ούδέ
3138 2076 3245 2144 γὰρ
3280 2075 3413 2145 παρ’
3448 2076 3603 2144 ἡμῖν.
3636 2074 3756 2126 Ὅτι
3783 2073 3825 2126 δὲ

2258 2171 2319 2224 τὸ
2346 2171 2500 2224 Θεῖον
2544 2171 2609 2240 τῇ
2645 2168 2842 2221 ἑαυτοῦ
2885 2167 3049 2236 φύσει
3095 2168 3336 2238 ἄῤῥητόν
3368 2169 3485 2220 ἐστι
3528 2168 3622 2219 καὶ
3655 2166 3825 2218 ἀνεπι-

2261 2263 2469 2333 νόητον,
2504 2262 2656 2315 πᾶσα
2695 2260 2794 2330 μὲν
2838 2260 2992 2331 κοινὴ
3024 2259 3348 2330 ἀνομολογεῖ
3369 2259 3412 2291 ³⁷
3457 2259 3671 2324 ἔννοια,
3708 2255 3822 2309 πολ-

2257 2352 2425 2425 λαχοῦ
2457 2354 2514 2407 δὲ
2544 2352 2640 2407 καὶ
2673 2354 2774 2423 τῆς
2800 2354 2952 2424 ίερᾶς
2984 2353 3206 2423 Γραφῆς
3228 2350 3677 2422 ἁνακηρύσσεται
3696 2390 3712 2414 ,
3747 2352 3826 2404 καὶ

2258 2446 2366 2499 τῶν
2393 2444 2571 2515 σοφῶν
2610 2444 2870 2514 Πατέρων
2907 2443 3065 2513 ἡμῶν
3099 2442 3298 2515 μικροῦ
3328 2444 3438 2506 πᾶς
3461 2444 3490 2496 ὁ
3516 2442 3675 2514 χορὸς
3723 2458 3827 2494 συν-

2258 2538 2720 2608 επιμαρτύρεται,
2746 2530 2822 2589 ὧν
2858 2536 2982 2588 οὐδὲ
3024 2536 3123 2599 τὰς
3166 2535 3351 2605 φωνὰς
3378 2535 3455 2599 ὡς
3475 2535 3580 2588 οὐκ
3619 2534 3826 2603 ἀδήλους

2259 2630 2474 2699 ἀνάγκη
2508 2628 2977 2701 ἐπισημήνασθαι.
3003 2628 3189 2682 Ταῦτα
3224 2629 3325 2700 μέν
3352 2630 3411 2682 ἐν
3441 2629 3523 2682 τῶ
3552 2626 3600 2700 η’
3628 2627 3769 2697 λόγῳ
3790 2629 3822 2658 ³³

2264 2721 2537 2788 διέξεισιν.

2077 2899 2237 2955 Liber
2277 2915 2355 2954 ιτ.

647 3013 809 3069 Libro
844 3031 989 3070 nono
1042 3017 1256 3070 modice
1310 3015 1592 3085 praefatus,
1645 3017 1771 3070 dum
1806 3013 1971 3069 Josue
2020 3015 2158 3069 [ilius

2344 3012 2431 3065 Ἐν
2458 3009 2515 3063 δὲ
2544 3009 2621 3079 τῷ
2652 3008 2696 3062 θ’
2731 3007 2871 3078 μετὰ
2898 3021 3021 3061 τινα
3046 3004 3338 3060 διάπλασιν
3369 3005 3683 3074 προοιμίου,
3717 3006 3771 3057 ἐν
3793 2998 3827 3070 ᾧ

574 3106 722 3161 Nave
779 3108 979 3161 dicitur
1034 3108 1311 3161 exercitus
1367 3108 1666 3173 principem
1722 3108 1871 3160 illum
1926 3108 2158 3160 interro-

2261 3103 2349 3156 τὸν
2370 3101 2465 3155 τοῦ
2503 3102 2660 3172 Ναυῆ
2704 3098 2913 3169 Ἰησοῦν
2957 3114 3122 3168 φησιν
3145 3098 3189 3128 ³⁸
3216 3096 3585 3167 ἐπερωτῶντα
3622 3096 3712 3149 τὸν
3746 3097 3828 3165 ἀρ-

576 3215 707 3269 gare
739 3217 753 3253 :
789 3199 986 3252 Noster
1005 3215 1079 3262 es,
1108 3216 1176 3252 an
1212 3202 1634 3253 adversariorum
1664 3199 1857 3254 i‘iNou
1895 3201 2033 3253 idem
2073 3215 2158 3268 pe-

2261 3193 2645 3266 χιστρᾶτηγον·
2691 3190 3010 3260 Ἡμέτερος
3033 3190 3077 3221 ⁸⁸
3110 3185 3233 3261 alii
3280 3187 3402 3241 τῶν
3427 3189 3827 3252 ὑπεναντίωτ;

580 3300 693 3343 tere
748 3290 993 3359 disputat
1051 3287 1245 3345 Jobius
1310 3291 1577 3360 aliquisne
1625 3301 1771 3346 esset
1816 3291 2153 3345 sensibilium

2261 3288 2356 3341 οὐκ
2393 3286 2445 3339 εί
2468 3286 2552 3349 τίς
2598 3287 2716 3338 ἐστι
2763 3283 2870 3338 τῶν
2903 3282 3179 3353 αἰσθητῶν
3216 3280 3516 3352 πολεμίων,
3562 3281 3698 3335 ἀλλὰ
3737 3282 3829 3333 τῶν

578 3381 842 3445 hostium,
904 3382 998 3436 sed
1049 3397 1116 3435 an
1166 3383 1574 3451 spiritualium?
1617 3382 1780 3437 Multa
1819 3385 1961 3437 enim
1991 3382 2153 3438 Josue

2261 3378 2481 3449 νοητῶν,
2522 3380 2621 3447 τὴν
2660 3375 2927 3447 ἐρώτησιν
2972 3376 3265 3430 ποιεῖσθαι.
3314 3376 3493 3430 Πολλὰ
3545 3376 3655 3448 γὰρ
3683 3376 3827 3430 αὑτὸν

578 3475 866 3538 docebant,
901 3490 1076 3543 neque
1103 3475 1335 3543 aliquem
1375 3490 1499 3531 esse
1537 3477 1680 3531 hunc
1705 3493 1771 3531 ex
1809 3477 1989 3531 hostili
2016 3477 2152 3540 acie,

2261 3469 2573 3525 ἀνεδίδασκε
2603 3468 2739 3538 μήτε
2759 3468 2857 3537 τῆς
2881 3466 3242 3539 παρατάξεως
3268 3468 3497 3522 ἐκείνων
3521 3466 3680 3534 εῐναι,
3706 3469 3827 3522 ἀλλὰ

580 3580 646 3619 ac
686 3580 860 3635 neque
884 3583 949 3622 ex
977 3570 1197 3637 proprio
1227 3571 1498 3633 exercitu,
1527 3580 1606 3631 ut.
1650 3572 1789 3638 quod
1820 3571 2000 3625 subito
2026 3571 2158 3625 aeti-

2264 3563 2400 3633 μηδέ
2429 3579 2551 3614 τινα
2593 3561 2693 3630 τῆς
2729 3561 2937 3621 οἰκείας
2987 3564 3281 3632 στρατιᾶς*
3324 3563 3384 3615 τό
3421 3579 3481 3614 τε
3513 3562 3621 3633 γὰρ
3654 3562 3828 3632 ἀθρόον

581 3658 756 3723 tisset,
800 3664 1055 3729 quodque
1095 3677 1251 3716 nemo
1300 3663 1739 3717 adversariorum
1793 3665 2041 3727 auderet,
2070 3663 2157 3717 vel

578 3765 682 3820 per
716 3752 923 3806 medias
964 3754 1200 3807 hostium
1233 3756 1417 3822 capias
1452 3756 1711 3821 transire,
1742 3754 1823 3809 vel
1852 3757 1901 3810 in
1934 3770 2163 3825 conspe-

580 3848 728 3893 ctum
756 3841 1104 3910 imperatoris
1134 3843 1343 3907 venire,
1377 3843 1507 3913 quin
1551 3852 1630 3908 et,
1659 3845 1806 3913 quod
1844 3854 1993 3897 tanta
2030 3860 2160 3900 usus

580 3933 830 3998 audacia,
867 3934 1004 3987 nihil
1044 3936 1269 3989 omnino
1312 3936 1506 3989 hostile
1534 3934 1775 3991 fecisset.
1813 3936 2027 4005 Alioqui
2062 3952 2161 3992 nec

580 4026 972 4095 sapientissimi
1031 4028 1377 4095 imperatoris
1430 4026 1612 4082 fuerat
1661 4030 1948 4097 ignorare,
1985 4030 2163 4099 qualis

580 4119 973 4174 contribulium
996 4134 1141 4174 esset
1175 4121 1393 4175 habitus
1419 4133 1584 4189 atque
1623 4131 1941 4191 apparatus,
1984 4122 2161 4191 qualis

587 4207 715 4260 item
758 4208 1209 4275 alienigenarum.
1246 4209 1450 4264 'Verum
1489 4220 1719 4264 noverat
1748 4212 1965 4280 quidem
1993 4211 2163 4266 Josue

580 4299 756 4352 visum
804 4301 933 4354 illud
984 4317 1149 4354 unum
1194 4302 1614 4371 iutelligentium
1672 4305 1966 4370 spirituqu
2015 4319 2161 4369 esse,

582 4392 679 4447 sed
712 4393 816 4447 hoc
851 4408 1181 4463 cognoscere
1216 4395 1436 4462 avebat,
1484 4407 1665 4449 utrum
1702 4396 1846 4464 quod
1876 4396 2165 4464 apparuis-

580 4496 665 4540 set
694 4501 760 4540 ex
807 4487 1051 4540 hostibus
1086 4497 1253 4551 esset,
1286 4504 1354 4542 an
1385 4490 1451 4542 de
1480 4488 1568 4543 illo
1595 4490 1863 4553 exercitu,
1898 4491 1989 4558 qui
2025 4505 2165 4558 pro-

580 4579 799 4646 tegebat
821 4575 1006 4632 Israel.
1048 4576 1126 4632 De
1155 4579 1257 4633 hoc
1285 4594 1414 4648 ergo
1455 4581 1509 4633 in
1552 4579 1824 4648 prooemio
1870 4580 2003 4649 agit.

2259 3660 2358 3729 τῆς
2389 3661 2733 3726 ἐπιστασίας,
2768 3661 2896 3733 [656
2923 3661 3018 3734 R.]
3049 3663 3143 3715 καὶ
3170 3660 3233 3715 τὸ
3265 3662 3473 3733 μηδένα
3505 3662 3707 3733 τολμᾷν
3736 3662 3829 3714 τῶν

2261 3751 2519 3805 ἐναντίων
2547 3754 2683 3824 μήτε
2713 3752 2803 3807 διὰ
2828 3755 2997 3823 μέσου
3028 3753 3396 3824 στρατοπέδου
3425 3752 3689 3823 πολεμίου
3711 3753 3831 3806 διελ-

2262 3841 2373 3895 θεῖν
2405 3846 2543 3914 μήτε
2581 3846 2661 3908 είς
2705 3845 2826 3915 ὄψιν
2863 3844 3038 3899 ἐλθεῖν
3070 3844 3166 3898 τοῦ
3208 3846 3521 3915 στρατηγοῦ
3542 3885 3558 3910 ,
3591 3845 3724 3898 ἀλλὰ
3751 3844 3831 3895 καί

2260 3936 2321 3988 τὸ
2346 3937 2519 3990 ταῦτα
2543 3938 2583 3967 δί
2609 3937 2958 4007 τολμήσαντα
2993 3937 3155 4008 μηδὲν
3178 3938 3316 4000 ὅλως
3340 3937 3604 4008 πολέμιον
3629 3938 3826 4007 δρᾶσαι.

2267 4029 2543 4082 Ι’Λλλωστε
2576 4030 2633 4082 δὲ
2661 4030 2782 4082 οὐδὲ
2811 4029 2907 4083 τοῦ
2940 4031 3253 4098 σοφωτάτου
3285 4030 3395 4083 τῶν
3427 4031 3749 4100 στρατηγῶν
3771 4026 3830 4099 ἦν

2266 4124 2340 4191 μὴ
2372 4122 2577 4175 εἰδέναι
2608 4123 2793 4175 ὁποῖόν
2821 4140 2875 4176 τι
2905 4122 3014 4174 τῶν
3041 4122 3331 4192 ὁμοφύλων
3363 4123 3455 4175 τὸν
3486 4124 3673 4193 σχῆμα
3699 4123 3827 4192 καὶὴ

2264 4214 2598 4285 κατασκευὴ,
2626 4216 2720 4268 καὶ
2740 4210 2852 4269 οἷον
2883 4215 2945 4268 τὸ
2966 4215 3285 4285 ἀλλόφυλον.
3322 4216 3464 4268 Ἀλλ’
3489 4217 3611 4287 ᾔδει
3638 4216 3728 4285 μὲν
3748 4216 3829 4282 τὴν

2263 4308 2544 4377 παροῦσαν
2585 4307 2708 4376 ὃψιν
2737 4307 2797 4360 ἐν
2834 4323 2888 4360 τι
2922 4307 3031 4359 τῶν
3057 4309 3261 4377 νοερῶν
3308 4310 3641 4378 πνευμάτων
3672 4305 3793 4360 εἶναι
3814 4346 3827 4368 ,

2262 4399 2446 4469 ἐζήτει
2472 4400 2528 4453 δέ
2558 4400 2751 4469 μαθεῖν
2777 4400 3005 4468 πότερον
3031 4400 3093 4453 τὺ
3116 4400 3442 4471 φαινόμενον
3472 4404 3573 4470 τῆς
3605 4401 3827 4459 ἐναντίας

2264 4492 2350 4561 εἴη
2374 4492 2416 4523 ⁸³
2448 4492 2480 4563 ἦ
2506 4494 2603 4561 τῆς
2629 4491 3119 4561 ὑπερασπιζούσης
3144 4493 3429 4561 δυνάμεως
3461 4494 3553 4545 τὸν
3598 4491 3815 4561 Ἰσραήλ.

2265 4584 2422 4637 Κατὰ
2457 4584 2555 4654 μὲν
2580 4579 2672 4637 οὖν
2695 4584 2740 4615 ⁸³
2788 4584 2847 4637 τὸ
2882 4584 3167 4656 προοίμιον
3221 4586 3349 4657 περὶ
3395 4584 3594 4637 τούτου
3619 4584 3827 4651 διαλαμ-

2266 4677 2439 4730 δάνει,

650 4749 740 4833 ὅθ.
778 4750 981 4815 Quaerit
1003 4762 1208 4821 postea,
1233 4752 1510 4818 Quomodo
1542 4762 1767 4823 utraque
1788 4753 1903 4808 haec
1937 4753 2158 4808 concedi

2338 4770 2493 4822 Μετὰ
2538 4770 2597 4823 δὲ
2625 4769 2784 4822 τοῦτο
2834 4768 3009 4840 ζητεῖ,
3066 4768 3191 4833 Πῶς
3240 4767 3308 4822 ἂν
3368 4767 3654 4839 ἀμφότερα
3716 4781 3831 4831 συγο

581 4854 807 4912 qneant,
841 4859 938 4897 nos
967 4855 1020 4899 et
1058 4846 1281 4913 adeptos
1308 4860 1428 4900 esse
1451 4848 1683 4913 gratiam
1713 4848 1956 4915 angelica
1990 4848 2164 4917 digni-

589 4945 699 4989 tate
728 4936 988 5003 majorem
1020 4946 1075 4992 et
1130 4939 1338 5007 angelis
1370 4940 1606 5007 aequales
1657 4940 1710 4993 in
1765 4941 2165 4995 resurrectione

583 5028 780 5099 200a
814 5031 1155 5098 apparituros
1196 5031 1219 5084 ί
1265 5030 1396 5097 Quae
1439 5033 1669 5100 quaestio
1705 5034 1779 5087 ita
1827 5033 2164 5087 dissolvitur.

580 5119 844 5185 Primum,
866 5123 999 5176 nihil
1028 5123 1277 5190 prohibet
1291 5123 1536 5177 eamdem
1569 5138 1680 5178 rem
1698 5125 1995 5179 secundum
2026 5123 2169 5177 aliud

582 5215 844 5269 honorem
867 5218 1155 5285 quemdam
1182 5218 1340 5285 paulo
1378 5216 1637 5286 majorem
1657 5218 1942 5286 consequi,
1968 5232 2163 5271 secun-

583 5308 709 5362 dum
725 5308 871 5363 aliud
887 5324 1016 5364 vero
1028 5308 1306 5365 inferioris
1324 5326 1443 5366 esse
1458 5311 1807 5365 conditionis.
1824 5309 1882 5364 In
1898 5322 2162 5380 quantum

582 5401 728 5454 enim
782 5410 970 5459 nostro
1021 5418 1251 5472 corpore
1305 5416 1588 5473 assumpto
1642 5405 1908 5459 Dominus
1959 5406 2009 5459 id
2056 5406 2159 5459 sibi

2262 4860 2561 4931 χωρηθείη,
2587 4861 2683 4913 καὶ
2709 4861 2770 4911 τὸ
2793 4863 2979 4929 τυχεῖν
3008 4862 3155 4930 ἡμᾶς
3175 4860 3521 4929 χαρίσματος
3543 4859 3826 4930 κρείττονος

2262 4949 2359 5002 τοῦ
2398 4951 2692 5019 ἁγγελικοῦ
2728 4949 3042 5020 ἀξιώματος
3062 4991 3076 5013 ,
3114 4951 3208 5003 καὶ
3239 4948 3300 5000 τὸ
3339 4949 3661 5017 ίσαγγέλους
3688 4950 3743 4999 ἐν
3774 4946 3830 5011 τῇ

2265 5043 2565 5096 ἀναστάσει
2603 5042 2977 5113 ὀφθήσεσθαις
3040 5042 3149 5094 Καὶ
3193 5040 3481 5094 ἐπιλύεται
3536 5041 3595 5093 τὸ
3637 5039 3834 5108 ζήτημα

2267 5133 2485 5204 πρῶτον
2528 5135 2649 5204 μὲν,
2681 5134 2756 5197 ὡς
2786 5134 2939 5187 οὐδὲν
2972 5133 3173 5187 κωλύει
3202 5132 3265 5185 τὸ
3292 5134 3426 5186 αὐτὸ
3452 5133 3575 5187 κατ’
3599 5131 3721 5185 ἄλλο
3748 5126 3830 5197 μὲν

2270 5226 2463 5296 ἐτέρας
2488 5226 2635 5289 τινὸς
2670 5226 2916 5295 μείζονος
2955 5226 3126 5295 τιμῆς
3156 5224 3474 5285 ἀπολαύειν,
3503 5225 3618 5279 κατ’
3638 5222 3755 5277 ἄλλο
3776 5215 3829 5267 δὲ

2268 5317 2476 5387 λήξεως
2504 5313 2645 5371 εἶναι
2684 5318 2784 5387 τῆς
2810 5318 3055 5389 ἥττονος.
3099 5313 3251 5369 Καθὸ
3287 5317 3388 5387 μὲν
3420 5318 3526 5387 γὰρ
3562 5315 3621 5367 τὸ
3649 5309 3828 5382 ἡμέτε-

2272 5425 2363 5476 ρον
2389 5407 2676 5462 ἀναλαϐὼν
2705 5408 2934 5479 φύραμα
2962 5407 3201 5477 συνῆψεν
3222 5408 3251 5459 ὁ
3283 5409 3562 5476 Δεσπότης
3582 5399 3748 5468 ἐαυτῷ
3766 5396 3824 5457 ⁵⁸,

650 5511 669 5551 ί
704 5514 848 5572 Psal.
879 5532 1087 5582 Lxxvn,
1126 5518 1216 5573 59.
1296 5522 1322 5560 8
1348 5519 1490 5575 Psal.
1522 5536 1681 5587 eva,
1724 5521 1776 5575 Il.
1854 5522 2041 5576 hPsal.
2080 5538 2175 5584 cn,
2208 5522 2294 5577 lO.
2380 5521 2397 5560 ί
2436 5522 2602 5578 Josue
2630 5540 2683 5589 ν,
2718 5524 2805 5577 l5.

1861 5616 2097 5671 VARIIE
2133 5616 2537 5672 LECTIONES.

668 5705 714 5735 ³³
741 5704 984 5782 πνεῦμα]
1018 5707 1157 5764 Psal.
1181 5724 1359 5767 Lxxvu
1383 5711 1469 5765 59.
1551 5710 1595 5741 ³⁸
1617 5709 1782 5781 ἐξελ]
1813 5710 1934 5766 Ρεεῖ
1977 5726 2133 5773 CLXV,
2162 5712 2215 5764 4.
2292 5711 2337 5743 ³⁵
2360 5710 2466 5782 ὅτι]
2499 5712 2643 5782 Psal.
2665 5726 2757 5775 cn,
2791 5711 2875 5763 16.
2955 5712 2997 5741 ³⁸
3029 5710 3366 5782 διὰἒοιιιηιιικ
3527 5707 3565 5736 ³¹
3597 5697 3827 5780 ἀνῇλοῖεῖ

588 5790 671 5861 [η’.
698 5782 758 5859 ﬁt.
801 5850 813 5861 ι
840 5778 1050 5861 ³⁸λόγῳ
1083 5784 1208 5861 add;
1247 5786 1310 5835 Α.
1388 5783 1429 5814 ³⁹
1468 5783 1586 5839 libri
1618 5778 1782 5848 φασὶν
1824 5783 2127 5861 ἐπερωτᾷν.
2205 5782 2249 5812 ⁸ο
2286 5778 2579 5853 ἡμέτερος]
2615 5784 2725 5836 Jus.
2774 5798 2822 5843 ν,
2861 5782 2942 5834 l3.
3020 5781 3063 5810 δι
3093 5780 3151 5832 τὸ
3193 5778 3443 5832 ratirati.
3476 5797 3485 5830 :
3522 5778 3738 5830 τοσαῦτα
3762 5782 3823 5830 ς·

592 5848 635 5875 ⁸³
665 5849 745 5917 εἴη
787 5850 829 5900 Α
865 5849 911 5902 εἰ
943 5848 1030 5915 ς(
1080 5850 1123 5882 ⁸⁵³
1146 5849 1238 5906 οὖν
1266 5854 1385 5907 add.
1424 5855 1484 5906 Α.
1564 5854 1606 5885 ’⁸⁵
1632 5854 1786 5907 ὃεσπ.
1840 5856 1896 5905 ἐν
1931 5848 2120 5921 ’ἑαυτῷ
2158 5869 2215 5914 ἴ·
