4014 6398
169 416 247 479 801
1174 402 1699 464 BIBIJOTHECA.
1736 425 1806 437 -
1843 400 2004 460 COD.
2047 399 2321 463 CCXXII.

3287 397 3395 462 802

170 528 243 579 καὶ
264 519 500 590 υπεράνω
546 518 723 584 πάσης
769 516 941 585 ἀρχῆς
974 515 1066 567 καί
1114 514 1365 579 ἐξουσίας
1408 511 1700 580 ἀναγαγὼν

1807 508 2109 577 conjunxit,
2153 519 2209 561 et
2236 524 2401 577 supra
2435 523 2627 564 omnes
2664 507 3010 578 Principatus
3048 523 3112 565 ac
3137 507 3391 567 Potesta-

166 620 211 669 ἑν
226 614 358 683 δεξιᾷ
390 610 704 662 συνεκάθισε
732 608 826 660 τοῦ
868 606 1082 677 Πατρὸς
1103 649 1118 671 ,
1159 606 1318 676 δῆλον
1346 607 1426 659 ὃτι
1464 604 1564 674 τῆς
1599 605 1699 671 ἀγ-

164 705 351 775 γελικῆς
380 702 531 765 ἀξίας
562 702 595 771 ἡ
626 698 875 770 ἡμετέρα
917 698 1079 767 φύσις
1123 696 1546 771 προτετίμηται.
1588 694 1700 749 Καὶ

163 797 271 851 καθὸ
296 790 586 862 ἐγνωρίσθη
629 790 758 857 ταῖς
802 790 1030 859 Ἀρχαῑς
1060 790 1157 844 καί
1186 788 1315 853 ταῖς
1360 786 1701 852 Ἐξουσίαις

160 891 214 942 ἐν
252 885 365 953 τοῖς
406 885 780 955 ἐπουρανίοις
824 884 922 937 διὰ
970 882 1078 949 τῆς
1135 880 1537 949 Ἑκκλησίας,
1577 878 1703 948 ἥτις

160 984 277 1036 ἐστὶν
301 982 326 1033 ὁ
347 981 423 1042 εἰς
451 979 683 1049 Χριστὸν
718 982 1099 1039 πεπιστευκὼς
1133 976 1286 1040 λαὸς,
1320 976 1357 1043 ἡ
1400 972 1698 1027 πολυποί-

159 1077 298 1137 κιλος
341 1072 523 1139 σοφία
566 1070 673 1123 τοῦ
708 1071 855 1123 Θεοῦ
881 1111 896 1136 ,
942 1067 1023 1136 ἦν
1071 1067 1303 1129 ἔδειξεν
1351 1067 1419 1120 ὲν
1469 1061 1701 1133 Χριστῷ

167 1160 371 1228 Ἰησοῦ,
422 1160 517 1212 καὶ
574 1160 717 1213 κατά
768 1159 927 1212 τοῦτο
982 1159 1044 1211 τὸ
1105 1159 1375 1228 ἡμέτερον
1426 1156 1584 1225 γένος
1640 1154 1700 1206 τὸ

158 1252 818 1326 πρεσϐεῖονάπηνέγκατοο
882 1252 1010 1325 [5‘29
1078 1252 1170 1324 H.]
1225 1254 1408 1321 τρίτον
1458 1251 1549 1314 δὲ,
1606 1250 1689 1303 ὅτι

160 1363 242 1417 περ
296 1345 338 1377 ⁸⁸
405 1346 631 1398 ἐκείνων
704 1348 802 1414 τὴν
873 1346 1175 1398 ἀπόλαυσιν
1234 1343 1699 1414 ἐφιλοτιμήθημεν

157 1443 305 1509 ἡμεῖς,
334 1439 408 1499 είς
452 1436 487 1491 ἃ
520 1437 887 1508 ἐπιθυμοῦσιν
926 1438 1149 1506 ἄγγελοι
1200 1435 1554 1506 παρακύψαι.
1587 1435 1699 1486 Καὶ

156 1529 260 1582 καθὸ
294 1528 612 1598 ἀμφοτέρων
663 1528 1209 1600 παραπεπτωκότων,
1263 1526 1360 1580 τοῦ
1404 1544 1466 1579 τε
1530 1526 1701 1594 Ἀδὰμ

156 1622 335 1690 καὶτῆς
357 1621 653 1690 ἀγγελικῆς
684 1621 914 1685 τάξεως,
948 1621 1041 1673 τοῦ
1071 1622 1169 1691 μὲν
1195 1621 1294 1692 τὴν
1322 1620 1484 1689 φύσιν
1518 1618 1699 1672 λαὸὼν

154 1710 425 1763 ἀνεσώσατο
450 1750 465 1775 ,
502 1710 613 1761 τῶν
649 1709 706 1762 δὲ
736 1710 944 1773 οὐκέτι,
981 1708 1275 1761 κάντεῦθεν
1305 1708 1464 1778 δῆλον
1497 1707 1571 1769 ὡς
1608 1724 1698 1774 φι-

154 1802 362 1871 λοτιμίας
399 1802 645 1872 μείζονος
676 1804 709 1872 ἡ
753 1802 1002 1873 ἡμετέρα
1034 1803 1195 1869 φύσις
1226 1801 1586 1870 κατηξίωται.
1626 1798 1700 1851 Τδ

152 1893 194 1944 δὲ
218 1896 265 1943 ὲν
292 1895 355 1963 τῇ
402 1894 699 1947 ἀναστάσει
730 1892 805 1954 ὡς
847 1893 1118 1959 ἀγγέλους
1159 1887 1299 1944 εἶναι
1324 1893 1451 1951 τοὺς
1489 1888 1700 1960 ἀνθρώ-

1812 1893 1987 1962 angeli
2039 1900 2199 1947 erunt
2246 1893 2500 1947 homines
2532 1891 2576 1957 ι,

153 2001 259 2047 τους
287 1984 379 2036 οὐκ
416 1984 696 2053 ἰσοτιμίαν
734 1984 995 2054 ἑκατέρου
1025 1984 1218 2052 γένους
1244 1983 1520 2050 διδάσκει,
1560 1981 1697 2036 ἀλλὰ

152 2072 388 2124 πολιτείαν
445 2073 812 2142 ὁμοιότροπον
869 2074 1159 2143 μαρτυρεῖ·
1222 2072 1523 2141 τηνικαῦτα
1587 2072 1696 2143 γάρ

153 2164 306 2233 ὥσπερ
344 2164 450 2216 οὐδ’
496 2164 549 2217 οἱ
592 2164 854 2232 ἄγγελοι,
887 2163 1061 2227 οὕτως
1105 2163 1227 2216 οὐδὲ
1268 2162 1327 2216 τὸ
1356 2163 1699 2235 ἀνθρώπινον

153 2258 275 2322 γένος
300 2257 472 2327 γάμου
502 2258 602 2309 καὶ
633 2256 960 2326 σωματικῆς
990 2255 1210 2327 ὁμιλίας
1237 2256 1543 2326 δεήσονται.
1575 2256 1698 2309 Ἔτι

153 2350 196 2401 δὲ
228 2349 360 2403 οὐδὲν
406 2349 615 2403 κωλύει
670 2350 766 2403 καὶ
812 2349 938 2412 τοὺς
996 2347 1319 2419 ἀνθρώπους
1378 2347 1698 2416 ίσαγγέλους

153 2444 332 2513 δνταςῆ
369 2443 544 2514 βραχύ
596 2462 647 2496 τι
682 2443 815 2513 παρ’
848 2443 1045 2505 αὐτοὺς
1099 2442 1524 2513 ἠλαττωμένους
1574 2441 1697 2511 μεί-

154 2534 273 2599 ζονος
302 2538 595 2591 ἀπολαύειν
635 2538 831 2607 δώρου,
867 2539 996 2589 ὅταν
1026 2537 1075 2589 οί
1128 2536 1227 2606 μὲν
1257 2537 1551 2607 ἀσωμάτου
1597 2535 1701 2604 φύ-

155 2644 262 2689 σεως
313 2627 570 2697 τυχόντες
635 2627 729 2681 καὶ
786 2627 887 2697 τῆς
944 2627 1152 2691 οἰκείας
1215 2625 1700 2694 ἀποστατήσαντες

152 2719 277 2789 δόξης
308 2722 395 2773 καὶ
423 2718 586 2784 ἀξίας
616 2719 1035 2789 ἀμεταμέλητον
1068 2717 1397 2789 συντηροῦσι
1418 2719 1517 2787 τὴν
1547 2717 1699 2769 πτῶ-

155 2827 234 2875 σιν,
282 2814 433 2883 ἡμεῖς
479 2813 541 2865 δὲ
598 2815 660 2866 τὸ
712 2812 934 2865 ἔλαττον
983 2812 1210 2865 ἐκείνων
1259 2812 1319 2876 ἐξ
1369 2811 1539 2881 αὐτῆς
1598 2809 1701 2877 τῆς

154 2905 361 2968 πλάσεως
383 2906 646 2969 λαὸόντες
674 2905 762 2959 διὰ
792 2907 890 2975 τὴν
926 2906 1062 2976 πρὸς
1090 2905 1151 2958 τὸ
1184 2904 1346 2974 σῶμα
1374 2906 1697 2973 συνάφειαν,

154 2990 247 3048 εἶτα
270 2998 358 3066 τῆς
382 2997 611 3066 ὲντολῆς
638 2995 1073 3067 παραρῤυέντες,
1111 2994 1172 3047 οὐ
1216 2993 1481 3064 φιλοῦμεν
1516 2993 1700 3064 μένειν

152 3087 197 3138 ἐν
218 3086 283 3156 τῷ
308 3086 588 3159 πτώματι,
622 3087 711 3139 διά
737 3086 1027 3156 μετανοίας
1058 3085 1113 3137 δὲ
1141 3086 1366 3137 ἐκείνων
1396 3084 1505 3138 τῶν
1532 3086 1702 3136 ἐκπε-

155 3179 319 3231 σόντων
342 3179 440 3251 τὴν
480 3179 643 3248 λῆξιν
679 3178 1008 3232 καταλαϐεῖν
1040 3178 1365 3247 σπεύδομεν,
1403 3178 1494 3230 καί
1524 3193 1587 3244 γε
1631 3174 1700 3229 δι’

1804 607 1884 652 tes
1921 606 2167 651 evectum
2216 599 2281 652 ad
2335 599 2585 653 dextram
2632 597 2816 654 Patris
2876 600 3182 655 consedere
3239 599 3394 669 fecit,

1802 688 2063 759 angelicae
2086 688 2303 742 scilicet
2342 689 2592 757 dignitati
2635 698 2822 744 nostra
2856 702 3048 745 natura
3079 695 3391 759 anteposita

1800 790 1905 833 est.
1945 779 2225 844 Quatenus
2256 780 2385 833 item
2418 780 2655 836 innotuit
2686 781 3034 850 Principatus
3067 792 3118 836 et
3148 781 3396 840 Potesta-

1801 871 1939 926 tibus
1983 875 2037 927 in
2071 874 2369 928 cretestibus
2414 891 2503 941 per
2536 875 2830 930 Ecclesium
2866 878 3007 946 (qua:
3053 887 3108 930 et
3144 877 3197 931 in
3228 879 3395 931 Chri-

1805 976 1950 1019 stmn
1995 966 2227 1020 credens
2266 966 2530 1035 populus)
2578 966 2927 1034 multiformis
2965 969 3228 1035 sapientia
3270 969 3393 1039 Dei,

1801 1074 1959 1126 quam
1985 1059 2215 1111 exhibuit
2246 1059 2299 1112 in
2340 1057 2555 1113 Christo
2586 1059 2715 1113 Jesu
2762 1058 2809 1123 i,
2836 1068 3063 1116 eatenus
3100 1061 3263 1115 etiam
3297 1076 3397 1131 ge-

1804 1166 1905 1205 nus
1953 1150 2249 1204 humanum
2286 1151 2492 1220 primas
2542 1151 2748 1207 retulit.
2785 1151 2972 1207 Tertio
3016 1154 3159 1221 quod
3194 1152 3284 1207 illo
3313 1154 3398 1206 in-

1804 1259 1969 1314 super
2004 1260 2229 1301 munere
2266 1261 2329 1299 ex
2378 1245 2746 1300 muniﬁcentia
2793 1246 2979 1301 donati
3010 1246 3197 1309 simus
3236 1258 3294 1300 ut
3329 1247 3397 1301 iis

1804 1337 2057 1392 fruamur
2118 1338 2306 1400 rebus,
2341 1338 2395 1392 in
2435 1352 2572 1407 quas
2619 1338 2936 1393 desiderant
2978 1338 3156 1408 angeli
3191 1340 3397 1407 prospi-

1803 1446 1929 1485 cere
1966 1430 2024 1483 κ.
2072 1429 2356 1496 Quatenus
2396 1432 2563 1485 etiam
2606 1430 2855 1499 utrisque
2906 1430 3073 1500 lapsis
3102 1433 3313 1485 Adamo
3339 1442 3396 1487 et

1803 1524 2122 1591 angelorum
2206 1524 2510 1586 ordinibus,
2564 1523 2713 1579 illius
2772 1527 2903 1591 (non
2972 1524 3101 1579 item
3166 1525 3385 1595 horum)

1804 1624 2083 1683 assumpta
2131 1623 2350 1678 natura,
2399 1614 2629 1667 salutem
2661 1615 2860 1669 attulit.
2895 1617 3073 1684 Atque
3114 1616 3240 1671 hinc
3272 1617 3391 1673 cla-

1806 1723 1925 1761 rum
1959 1717 2064 1771 est,
2102 1706 2298 1775 majori
2333 1707 2544 1761 honore
2592 1707 2811 1776 dignm
2857 1722 2980 1763 esse
3010 1708 3253 1764 habitam
3294 1724 3394 1762 na-

1806 1812 1984 1854 turam
2024 1810 2290 1853 nostram.
2323 1800 2477 1864 Quod
2512 1809 2692 1853 autem
2721 1800 2774 1853 in
2808 1802 3221 1856 resurrectione
3252 1801 3394 1856 sicut

2626 1907 2731 1946 non
2765 1891 2818 1945 id
2868 1891 3155 1961 utriusque
3181 1895 3396 1961 generis

1809 1984 2175 2053 aequalitatem
2225 1984 2442 2048 edocet,
2494 1985 2589 2038 sed
2646 1982 2890 2038 assimile
2938 1983 3203 2037 duntaxat
3266 1984 3392 2038 vitae

1805 2094 1977 2149 genus
2029 2085 2346 2132 attestatur.
2384 2075 2543 2131 Tunc
2590 2075 2762 2140 enim,
2802 2076 3258 2144 quemadmodum
3289 2091 3395 2130 an-

1806 2170 1909 2239 geli
1950 2184 2058 2223 uon
2106 2170 2373 2240 indigent,
2419 2169 2501 2225 sic
2551 2183 2725 2237 neque
2768 2183 2940 2240 genus
2970 2170 3263 2225 humanum
3290 2187 3393 2225 nu-

1807 2262 1936 2331 ptiis
1992 2269 2086 2316 aut
2133 2276 2429 2332 corporum
2490 2275 2791 2329 congressu
2842 2262 3127 2333 indigebit.
3187 2263 3395 2319 Praeter

1808 2356 1933 2419 ista,
1985 2352 2120 2408 nihil
2170 2353 2421 2422 prohibet
2469 2353 2718 2409 homines
2758 2354 2969 2424 angelis
3013 2355 3272 2423 aequales,
3308 2358 3393 2411 vel

1807 2447 2205 2516 paulominusm
2231 2446 2300 2499 ab
2342 2446 2452 2500 illis
2475 2446 2771 2502 diminutos
2805 2446 2979 2514 majus
3016 2446 3232 2517 aliquod
3260 2464 3394 2503 cnn-

1808 2539 1961 2606 sequi
1995 2552 2213 2602 munus,
2245 2537 2462 2607 quando
2505 2539 2724 2605 quidem
2760 2538 2860 2603 illi,
2892 2538 2984 2608 qui
3022 2540 3270 2608 corporis
3293 2556 3394 2594 ex-

1809 2639 2016 2699 pertem
2059 2638 2309 2681 naturam
2353 2628 2637 2683 consecuti
2683 2638 2835 2694 sunt,
2869 2629 2956 2683 ubi
3001 2630 3232 2683 semele
3265 2646 3396 2699 pro-

1808 2721 1928 2789 prio
1975 2722 2181 2774 honore
2210 2731 2269 2773 et
2308 2720 2482 2789 gloria
2532 2721 2882 2786 exciderunt,
2921 2723 2976 2776 in
3005 2738 3107 2776 suo
3130 2722 3391 2790 deinceps

1809 2826 1936 2864 casn
1992 2811 2111 2864 sine
2154 2811 2474 2879 pmnitentia
2530 2821 2860 2866 remanent:
2920 2826 3023 2865 nos
3079 2827 3229 2884 vero,
3264 2828 3390 2866 cum

1810 2900 2126 2955 inferiorem
2183 2901 2290 2957 illis
2341 2902 2709 2956 conditionem
2764 2916 2832 2955 ex
2898 2902 3130 2969 ipsamet
3181 2905 3394 2972 origine

1810 3002 1994 3047 nostra
2032 2992 2276 3063 (propter
2312 2996 2557 3063 corporis
2600 2994 3065 3063 conjunctionem)
3113 2995 3386 3062 acceperi-

1811 3102 1952 3149 mus,
2018 3098 2347 3155 prazceptum
2409 3087 2608 3140 deinde
2665 3087 3013 3156 transgressi,
3051 3087 3104 3140 in
3151 3087 3393 3155 peccatis

1810 3174 2021 3232 haerere
2052 3178 2328 3243 nolumus,
2365 3178 2457 3231 sed
2512 3179 2726 3231 illorum
2777 3179 2869 3247 qui
2920 3178 3241 3233 exciderunt
3268 3192 3393 3233 sor--

153 3269 415 3341 ὑπερϐολὴν
440 3270 759 3341 φιλοτιμίας
792 3270 886 3323 τὸν
918 3271 1152 3339 οὐρανὸν
1179 3270 1276 3323 καὶ
1308 3268 1407 3340 τὴν
1434 3268 1529 3321 τοῦ
1562 3267 1700 3320 Θεοῦ

1810 3279 1938 3334 tem,
1990 3284 2086 3339 per
2134 3271 2515 3339 paenitentiam
2572 3286 2900 3339 recuperare
2956 3270 3263 3325 studemus.
3325 3269 3395 3326 Ει

157 3360 391 3428 βασιλείαν
420 3365 544 3418 ἀντὶ
571 3362 668 3415 τοῦ
698 3361 1028 3433 παραδείσου
1056 3360 1698 3433 κατακληροδοτούμεθα.

206 3635 406 3699 Τούτοις
436 3637 843 3707 ὲπιλυσάμενος
873 3637 933 3690 sb
962 3636 1317 3706 ζητούμενον,
1352 3636 1430 3697 εἰς
1455 3634 1703 3688 ἀνάπτυ-

156 3728 217 3790 ξιν
239 3733 437 3802 πρόεισι
473 3734 573 3802 τῆς
610 3731 929 3802 παραϐολῆς
958 3732 992 3800 ἦ
1042 3748 1125 3793 τις
1155 3730 1248 3782 τὸν
1294 3728 1561 3799 νεώτερον
1603 3727 1703 3780 καὶ

153 3822 327 3875 ἄσωτον
364 3824 476 3877 υίδν
522 3824 742 3876 καὶτὸν
779 3823 1149 3893 πρεσϐύτερον
1193 3821 1310 3892 ἅμα
1351 3820 1445 3873 τοῦ
1496 3819 1703 3889 πατρὸς

154 3913 349 3982 εἰσάγει,
379 3917 474 3968 καὶ
500 3915 569 3968 τά
599 3916 721 3967 κατ’
748 3915 946 3977 αὐτοὺς
982 3913 1302 3973 διατίθεται,
1332 3912 1422 3964 καί
1447 3927 1580 3979 φησι
1612 3910 1704 3961 τὸν

156 4007 232 4073 μὲν
256 4008 620 4080 πρεσϐύτερον
660 4008 774 4061 υἱὸν
802 4009 903 4070 τὰς
934 4005 1236 4075 ἀγγελικάς
1264 4001 1702 4074 παραδειγματί-

154 4096 243 4159 (sui
271 4101 521 4172 δυνάμεις
552 4102 753 4171 (χρόνῳ
783 4100 892 4171 γὰρ
934 4101 1031 4153 καὶ
1060 4099 1250 4169 τρόπῳ
1300 4098 1393 4150 τοῦ
1429 4096 1701 4167 ἡμετέρου

154 4188 313 4254 γένους
337 4195 397 4245 τὸ
428 4192 724 4265 πρεσϐεῖον
755 4191 917 4245 αὗται
951 4189 1254 4261 φέρονται),
1275 4190 1366 4241 τὸν
1405 4189 1460 4241 δὲ
1494 4187 1703 4241 ἄσωτον

154 4281 198 4332 τὸ
219 4284 545 4355 ἀνθρώπινον
572 4285 752 4354 γένος,
780 4283 993 4354 πατέρα
1015 4284 1072 4337 δὲ
1111 4283 1203 4335 τὸν
1229 4281 1572 4351 Δημιουργὺν
1607 4280 1703 4334 καὶ

154 4374 394 4445 Δεσπότην
423 4377 667 4430 πάντων.
697 4375 824 4447 [657
854 4374 947 4444 IL]
986 4376 1027 4426 Τ
1032 4374 1059 4426 ὸ
1098 4373 1155 4425 δὲ
1185 4374 1584 4427 ἀποδυσπετεῖν
1612 4373 1702 4425 τὸν

156 4469 488 4540 πρεσϐύτερον
524 4470 642 4522 υἱὸν
670 4470 763 4521 ἐπὶ
794 4471 861 4539 τῇ
891 4467 1191 4537 ἀνακλήσει
1220 4468 1314 4519 καὶ
1334 4464 1581 4530 δεξιώσει
1605 4465 1701 4517 τοῦ

154 4560 384 4632 νεωτέρου
410 4602 425 4623 ,
470 4561 546 4632 μὴ
584 4562 685 4632 τῆς
718 4559 1024 4630 ἁγγελικῆς
1069 4559 1168 4629 μὲν
1203 4554 1345 4611 εἶναι
1372 4560 1532 4610 τοῦτο
1560 4555 1700 4625 γνώ·

157 4666 240 4717 μης
261 4650 303 4681 ⁸⁵⁸
329 4654 360 4723 ἢ
389 4653 707 4717 διαθέσεως,
753 4651 1261 4722 κατασχηματίζειν
1302 4650 1359 4701 δὲ
1393 4649 1492 4720 τὴν
1522 4668 1702 4720 παρα-

156 4739 287 4812 ϐολὴν
308 4744 498 4809 ταῦτα,
528 4746 591 4798 τὸ
622 4743 853 4815 μέγεθος
897 4744 995 4813 τῆς
1033 4741 1355 4812 εὐεργεσίας
1398 4742 1703 4794 ἐπιδεικνυ-

156 4833 315 4904 μένην,
364 4839 443 4892 ὅτι
496 4836 769 4908 τοσαύτης
823 4837 962 4906 μετὰ
1022 4835 1295 4905 τοσαύτην
1348 4834 1617 4888 ἁσωτείαν
1656 4833 1702 4865 ⁸⁷

154 4927 401 4996 ἀπήλαυσε
450 4931 552 5002 τῆς
607 4930 919 5000 φιλοτιμίας
960 4930 989 4981 ὁ
1032 4928 1241 4991 ἄσωτος
1291 4926 1437 4989 υίὸς,
1477 4927 1560 4979 ὅτι
1605 4927 1701 4979 καὶ

156 5015 269 5086 αὑτὴ
298 5022 359 5071 ἂν
390 5023 423 5091 ὴ
468 5021 578 5074 τῶν
605 5021 855 5089 ἀγγέλων
887 5018 1063 5083 τάξις,
1094 5019 1255 5087 εἴπερ
1282 5014 1350 5088 ἦν
1394 5021 1451 5070 ὲν
1482 5021 1546 5087 τῇ
1576 5018 1699 5070 τού-

154 5121 243 5159 των
269 5111 417 5179 φύσει
452 5114 514 5166 τὸ
546 5114 978 5178 ὲπιδασκαίνειν,
1019 5112 1378 5184 ἐδυσχέρανεν
1402 5109 1447 5141 ³⁸
1491 5111 1557 5163 ἂν
1606 5113 1701 5164 καὶ

155 5198 233 5251 οὐκ
259 5202 480 5276 ἀνεκτὴν
511 5206 753 5277 ἡγήσατο
781 5204 878 5277 τὴν
904 5205 1001 5274 τῆς
1027 5204 1340 5273 φιλοτιμίας
1367 5204 1700 5274 ὑπερϐολήν.

159 5286 245 5340 1Ιοῦ
292 5294 396 5364 γὰρ
452 5296 638 5364 ὅμοιον
688 5298 814 5359 τοὺς
863 5295 1058 5358 αὐτούς
1108 5310 1169 5345 τε
1217 5292 1431 5364 χαίρειν
1486 5295 1581 5347 ἐπὶ
1622 5296 1704 5348 ἐνὶ

157 5379 433 5457 ἁμαρτωλῷ
458 5388 826 5458 μετανοοῦντι,
854 5390 949 5441 καὶ
981 5386 1295 5457 βασκαίνειν
1316 5388 1480 5440 πάλιν
1505 5406 1703 5459 πατρι-

217 5518 230 5592 _l
264 5521 453 5592 Ephes.
485 5541 565 5589 ιιι,
606 5528 688 5580 10.
767 5526 792 5565 ιι
824 5524 843 5577 1
873 5524 1020 5580 Petr.
1071 5543 1106 5586 t.
1144 5524 1226 5577 12.
1303 5522 1321 5561 ι
1356 5526 1550 5581 Matth.
1598 5542 1711 5580 χχιι

158 5594 179 5622 ³³
208 5587 326 5647 an".
363 5611 446 5659 xv,
486 5587 711 5667 “seqq
837 5606 862 5632 "
890 5596 1024 5651 an.
1060 5613 1112 5661 ι,
1150 5596 1239 5648 i5.

1733 5571 1746 5594 ,
1800 5530 1901 5596 50;
1937 5527 2072 5586 Luc.
2121 5546 2212 5597 xx,
2254 5530 2343 5587 '56.

1804 3376 1935 3416 vero
1989 3376 2087 3430 per
2158 3362 2601 3430 exsuperantiam
2671 3360 2915 3433 [divinae]
2975 3359 3391 3423 muniﬁcentiae,

1806 3455 2002 3510 emtum
2064 3470 2129 3509 ac
2182 3454 2275 3509 Dei
2318 3470 2543 3525 regnum
2596 3470 2696 3524 pro
2756 3456 3014 3524 paradiso
3072 3454 3393 3509 haereditate

1804 3560 2100 3599 cerntmus.

1875 3639 1965 3694 57.
2002 3637 2097 3691 llis
2117 3638 2207 3691 illa
2234 3638 2513 3707 proﬂigata
2531 3638 2934 3707 qutestione,atl
2956 3639 3394 3708 explanationem

1804 3730 2080 3799 parabolae
2116 3730 2431 3800 aggreditur
2459 3739 2511 3795 ιι,
2544 3747 2663 3798 qin
2703 3729 2977 3799 juuiurem
3017 3744 3082 3785 ac
3109 3734 3392 3802 prodigum

1807 3825 1998 3887 lilium,
2034 3832 2089 3877 et
2119 3825 2390 3877 seniorem
2416 3822 2577 3877 simul
2612 3837 2732 3876 cum
2764 3834 2915 3891 patre
2948 3825 3173 3889 inducit,
3217 3836 3272 3880 et
3302 3843 3399 3880 eo-

1812 3933 1931 3971 rum
1989 3918 2278 3971 historiam
2340 3916 2415 3969 ita
2490 3916 2712 3982 digerit.
2777 3915 2833 3971 ln
2886 3918 3101 3971 seniore
3155 3919 3230 3973 ait
3284 3918 3395 3973 lilio

1804 4009 2020 4063 ostendi
2072 4008 2350 4078 angelicas
2406 4008 2680 4076 potentias
2731 4010 2878 4076 (nam
2931 4020 2984 4064 et
3036 4019 3282 4077 tempore
3336 4022 3394 4064 et

1806 4102 1989 4163 modo,
2025 4110 2213 4154 nostro
2244 4101 2428 4168 generi
2455 4100 2717 4170 dignitate
2741 4098 3050 4169 praestant),
3084 4100 3138 4153 in
3168 4100 3397 4169 prodigo

1806 4208 1935 4246 vero
1969 4193 2261 4246 humanum
2286 4208 2458 4263 genus
2486 4211 2499 4247 :
2531 4192 2588 4246 in
2616 4202 2771 4259 patre
2799 4191 3118 4246 Creatorem
3148 4192 3389 4245 universi

1804 4301 1871 4341 ac
1896 4287 2184 4341 Dominum
2216 4288 2621 4356 reprzesentari.
2659 4286 2860 4357 200b
2886 4285 3224 4356 ludignatum
3260 4300 3391 4339 vero

1805 4380 2079 4435 seniorem
2110 4381 2282 4434 tilium
2320 4379 2665 4435 revocatione
2700 4389 2756 4434 et
2796 4378 3028 4448 benigna
3066 4377 3393 4432 tractatione

1804 4474 2060 4543 junioris,
2127 4490 2233 4528 non
2281 4474 2383 4529 hoc
2429 4475 2690 4543 angelicae
2719 4488 2841 4529 esse
2889 4472 3091 4527 mentis
3130 4481 3227 4526 aut
3259 4472 3390 4527 alle-

1806 4563 2024 4627 ctionis,
2063 4566 2159 4618 sed
2186 4562 2495 4632 parabolam
2532 4565 2657 4628 ista,
2693 4577 2802 4632 quo
2829 4561 3076 4617 henelicii
3109 4563 3388 4631 magnitu-

1727 4645 1780 4704 D
1807 4656 1989 4709 dinem
2014 4655 2269 4721 declaret,
2299 4656 2373 4709 ita
2409 4654 2687 4725 ellingere.
2721 4654 2989 4720 Quoniam
3023 4662 3234 4707 tantum
3265 4663 3386 4721 post

1808 4754 1917 4799 tam
1952 4745 2222 4814 insignem
2272 4746 2752 4815 intemperantiam
2810 4746 3067 4815 prodigus
3122 4743 3210 4797 ille
3242 4744 3386 4798 lilius

1804 4845 2064 4906 expertus
2094 4846 2178 4889 est
2222 4836 2637 4904 benignitatem.
2679 4848 2737 4889 ut
2770 4836 2884 4904 ipse
2912 4849 3128 4904 quoque
3160 4835 3389 4903 angelo-

1805 4944 1924 4982 rum
1955 4930 2110 4993 ordo,
2137 4929 2182 4982 si
2219 4928 2516 4982 invidentia
2545 4929 2596 4981 in
2632 4930 2824 4982 horum
2854 4938 3104 4981 naturain
3139 4930 3387 4991 caderet,

1806 5022 2121 5090 indignatus
2150 5022 2335 5089 utique
2366 5019 2582 5085 fuisset,
2615 5036 2789 5089 neque
2824 5019 3162 5073 tolerabilem
3197 5030 3387 5087 putas-

1808 5124 1891 5169 set
1939 5121 2147 5167 tantam
2212 5114 2602 5169 benevolentiae
2638 5112 3090 5191 magnitudinem.
3146 5110 3390 5177 Qucum-

1812 5208 1881 5259 do
1910 5208 2053 5261 enim
2089 5206 2292 5276 alioqui
2343 5216 2770 5261 consentaneum
2809 5206 2901 5270 sit,
2948 5202 3120 5261 laetari
3168 5204 3386 5259 eosdem

1811 5311 1978 5366 super
2042 5312 2151 5351 uno
2220 5304 2509 5366 peccatore
2579 5298 2959 5366 penitentiam
3013 5303 3277 5366 agente0,
3334 5302 3391 5346 et

1811 5404 2025 5443 rursum
2058 5389 2325 5455 invidere,
2353 5388 2498 5459 quod
2531 5390 2890 5449 amantissimi
2922 5391 3094 5460 patris
3128 5387 3391 5457 amplexi-

2450 5531 2666 5623 'f'l’sal.
2729 5548 2849 5598 vm,
2886 5534 2940 5599 6;
3004 5530 3181 5585 lli-br;
3225 5541 3283 5587 ιι,
3332 5526 3385 5579 7.

1418 5713 1652 5770 VARl/E
1686 5712 2095 5769 LECTIONES.

240 5798 280 5829 ⁸³
309 5802 385 5856 ὅτι
429 5806 556 5877 περ]
618 5808 753 5880 ὅπερ
802 5825 883 5878 pr.
931 5809 1019 5862 A:
1066 5809 1141 5870 ὡς
1200 5822 1349 5863 corr.
1426 5809 1471 5840 δι’
1502 5808 1726 5877 γνώμης
1762 5808 1922 5863 τοῦτο
1979 5826 2041 5873 ς’.

164 5881 300 5923 samo
322 5890 377 5936 τ.

2145 5807 2188 5837 ⁸⁷
2217 5806 2457 5859 ἀσωτίαν
2500 5826 2557 5869 ς.
2661 5810 2706 5841 ⁸⁸
2759 5809 3118 5878 ἐδυσχέραναν
3144 5840 3211 5849 --
3246 5808 3383 5879 igit-
