4014 6400
617 385 724 449 803

618 495 717 548 bus
753 491 1008 561 dignatus
1060 490 1250 546 esset?
1299 489 1404 543 Sed
1443 490 1587 544 enim
1638 488 1761 543 talis
1813 489 2193 558 paralsolarnm
2223 499 2266 550 Α

618 584 768 640 ﬂctio
816 598 939 639 esse
968 581 1105 638 solet
1147 598 1163 636 :
1205 598 1305 639 nec
1334 582 1479 637 enim
1508 597 1572 637 ea
1603 581 1802 647 solum,
1835 596 1954 650 quae
1986 590 2082 635 aut
2107 580 2193 634 fa-

619 687 703 731 cta
734 686 828 730 aut
855 676 1035 729 futura
1074 682 1202 730 sunt
1232 673 1691 743 complectuntur,
1721 672 1815 727 sed
1844 682 1899 727 et
1924 671 2035 735 illa,
2073 686 2194 741 qua:

617 770 886 825 curiosius
936 768 1202 839 quispiam
1251 780 1438 821 eorum
1490 764 1872 820 commovendi
1916 765 2050 828 vim,
2102 773 2196 819 aut

612 861 1035 929 iucunditatem,
1106 867 1202 911 aut
1276 854 1750 926 consequentiam,
1808 862 1904 910 aut
1960 855 2195 924 denique

618 948 952 1019 adipiscendi
1000 947 1321 1003 facilitatem
1357 957 1521 1016 utque
1550 944 1842 999 utilitatem
1896 952 2193 1000 contexen-

617 1045 706 1108 do,
754 1042 1093 1111 adiungeret.
1140 1039 1464 1094 Parabolam
1500 1052 1717 1107 quoque
1749 1047 1968 1091 centum
2009 1036 2191 1091 ovium

616 1137 683 1189 ad
716 1135 1030 1203 angelorum
1068 1143 1124 1188 et
1162 1133 1440 1187 hominum
1492 1140 1740 1184 naturam
1787 1128 1971 1185 refert.
2008 1128 2195 1185 Memi-

615 1228 699 1281 nit
728 1227 958 1280 aliarum
996 1227 1162 1280 etiam
1208 1224 1480 1295 parabolae
1513 1224 1579 1277 de
1608 1222 1719 1276 lilio
1760 1222 1989 1292 prodigo
2016 1221 2194 1292 expli-

613 1320 915 1385 catiouum,
957 1319 1051 1372 sed
1082 1319 1284 1387 quibus
1323 1316 1579 1371 omnibus
1615 1316 1933 1384 pra'dictam
1964 1323 2193 1385 antepo-

614 1414 717 1477 nit,
767 1428 931 1482 quam
987 1411 1137 1465 varia
1182 1410 1385 1477 ingenii
1439 1409 1807 1463 ostentatione
1861 1408 2194 1462 concinnare

613 1504 814 1558 studet.
870 1503 993 1557 llaec
1039 1502 1332 1571 septimum
1371 1502 1542 1572 ipsius
1566 1510 1620 1557 et
1662 1501 2000 1555 tricesimum
2033 1507 2195 1570 caput

611 1596 860 1650 studiose
887 1604 1105 1649 tramat.

683 1689 774 1743 58.
799 1686 1175 1757 Ροιτοιιυαιτίι
1198 1686 1476 1742 tricesimo
1487 1695 1681 1742 octavo
1696 1686 1902 1757 capite:
1918 1684 2193 1752 Quomodo

608 1798 702 1852 pro
717 1782 962 1834 omnibus
980 1790 1218 1833 mortuus
1235 1796 1343 1833 esse
1354 1778 1592 1833 Christus
1604 1778 1832 1845 dicatur,
1847 1794 1964 1832 cum
1979 1778 2190 1832 nonnisi

610 1873 791 1926 multis
805 1870 1049 1927 wtatibus
1063 1879 1342 1940 postquam
1355 1870 1567 1939 inﬁnita
1584 1869 1850 1924 hominum
1862 1871 2133 1939 progenies
2144 1878 2191 1922 et
2224 1853 2266 1908 Β

609 1972 735 2016 nata
758 1971 807 2015 et
833 1976 1041 2014 rursum
1061 1968 1224 2013 morte
1256 1958 1429 2013 deleta
1454 1970 1611 2022 esset,
1638 1958 1999 2026 Redemptoris
2016 1961 2194 2013 incar-

609 2056 752 2107 natio
776 2052 1003 2108 evenerit
1022 2050 1242 2105 ?Nodus
1257 2061 1437 2106 autem
1468 2052 1545 2106 sic
1568 2051 1880 2107 dissolvitur
1904 2068 1918 2105 :
1944 2051 2192 2107 multisin

606 2144 746 2200 locis
768 2160 981 2199 sarcam
998 2144 1340 2213 Scripturam
1362 2142 1664 2208 testificari,
1682 2145 1950 2212 quomodo
1969 2153 2095 2199 tunc
2114 2142 2196 2198 vi-

605 2235 883 2301 ventibus,
910 2235 1098 2289 eodem
1138 2236 1306 2290 etiam
1340 2236 1429 2300 iis,
1471 2236 1565 2305 qui
1597 2236 1737 2304 apud
1774 2234 1980 2291 inferos
2009 2245 2189 2302 erant,

607 2343 703 2397 per
730 2328 1008 2382 Christum
1033 2328 1463 2397 redemptionem
1494 2327 1737 2383 venisse.
1768 2326 1908 2381 Nam
1935 2329 2192 2400 princeps

605 2420 980 2487 apostolorum
1006 2421 1083 2473 ait
1107 2436 1123 2474 :
1160 2418 1225 2473 In
1253 2419 1352 2473 hoc
1374 2420 1512 2473 enim
1540 2428 1785 2473 mortuus
1805 2429 1905 2485 est,
1929 2429 1979 2474 et
2015 2436 2195 2473 resur-

606 2514 766 2577 rexit,
810 2521 867 2566 ut
890 2523 937 2567 et
960 2523 1290 2566 mortuorum
1345 2522 1391 2567 et
1442 2512 1678 2567 vivorum
1714 2514 2014 2567 dominetur
2044 2524 2091 2570 ι).
2118 2512 2186 2566 Et

607 2619 839 2658 rursus:
874 2602 975 2658 liis
996 2605 1087 2674 qui
1124 2606 1179 2657 in
1210 2619 1422 2657 carcere
1460 2612 1612 2657 erant
1659 2603 1933 2673 spiritibus
1984 2604 2191 2658 septiens

607 2697 916 2765 praedicavit
938 2707 992 2761 (ι,
1026 2706 1083 2749 ιιι
1099 2695 1415 2765 judicentur
1444 2697 1656 2765 quidem
1684 2714 1863 2761 carne,
1886 2697 2067 2751 vivant
2093 2713 2193 2750 au-

607 2798 710 2842 tem
736 2788 944 2856 Spiritu
976 2799 1023 2843 τ.
1054 2788 1171 2843 Hoc
1201 2799 1307 2851 est,
1350 2797 1409 2841 ut
1465 2788 1670 2852 iideles,
1710 2790 1802 2857 qui
1859 2800 2081 2861 propter
2106 2789 2190 2843 in-

606 2881 922 2936 ﬁdelitatem
973 2895 1128 2934 suam
1179 2890 1499 2949 peccatores
1564 2890 1965 2944 remanserant,
2035 2880 2194 2934 dam-

606 2982 809 3028 nentur
834 3011 849 3036 ,
885 2972 1045 3041 quasi
1101 2970 1262 3043 plane
1314 2986 1444 3025 caro
1484 2969 1639 3033 iacti,
1672 2980 1726 3023 et
1763 2970 1960 3025 divulsi
2004 2986 2033 3024 a
2067 2968 2192 3040 Spi-

605 3069 735 3121 ritu.
805 3066 1083 3135 Quotquot
1148 3074 1331 3118 autem
1391 3062 1555 3115 etiam
1599 3062 1739 3131 apud
1781 3062 2004 3125 inferos,
2031 3061 2193 3116 Citri-

605 3167 694 3213 sto
716 3157 830 3227 (qui
886 3157 1001 3225 ipsa
1056 3164 1178 3210 erat
1231 3154 1469 3226 iustitia)
1524 3154 1897 3218 crediderunt,
1959 3153 2189 3222 spiritali

606 3248 797 3305 laetitia
846 3247 1219 3318 perfruantur.
1286 3247 1426 3302 Illud
1491 3248 1705 3318 igitur:
1765 3241 1835 3298 Ut
1885 3244 2195 3314 judicentur

606 3359 787 3408 carne,
825 3344 891 3396 de
929 3340 1225 3397 incredulis
1291 3341 1497 3396 dictum
1568 3340 1823 3395 aliirmat.
1887 3342 1959 3395 At
2008 3340 2191 3395 illud:

616 3436 801 3491 Vivant
830 3436 1057 3503 Spiritu,
1078 3436 1145 3489 de
1162 3435 1532 3489 credentibus.
1566 3434 1735 3490 Porro
1774 3434 1849 3489 ita
1880 3447 2191 3487 sermonem

607 3528 868 3592 instituit,
903 3536 964 3583 ut
1002 3526 1160 3597 quasi
1202 3527 1268 3581 de
1300 3541 1408 3583 uno
1461 3528 1646 3595 aliquo
1699 3525 1847 3597 loqui
1888 3525 2141 3579 videatur
2174 3540 2190 3589 ;

605 3622 736 3692 quia
767 3620 982 3675 etiamsi
1029 3635 1136 3673 non
1167 3618 1357 3674 eadem
1390 3620 1464 3675 sit
1505 3619 1666 3690 201
1692 3636 1724 3672 a
1768 3617 2107 3673 credentium
2139 3623 2196 3671 et

607 3712 1012 3769 incredulorum
1042 3712 1305 3777 conditio,
1342 3713 1393 3766 in
1427 3728 1592 3766 unum
1644 3722 1824 3765 tamen
1892 3708 2194 3763 inferorum

608 3808 859 3861 ordinem
892 3805 1244 3874 colliguntur.
1270 3806 1451 3875 Atque
1508 3805 1583 3858 ita
1647 3803 1811 3857 etiam
1846 3802 1911 3856 de
1956 3815 2065 3855 uno
2098 3814 2193 3856 eo-

608 3901 841 3967 demque
881 3912 1111 3968 corpore
1166 3907 1436 3967 aegrotare
1461 3896 1604 3952 idem
1643 3905 1700 3950 et
1762 3896 1944 3949 valere
2010 3896 2195 3951 dicere

609 4008 920 4066 possumus,
951 3994 1246 4049 secundum
1281 3992 1443 4045 aliam
1512 3988 1770 4043 nimirum
1820 3998 1983 4056 atque
2029 3985 2191 4041 aliam

604 4092 689 4145 sui
728 4098 958 4159 partem.
992 4084 1464 4153 Quemadmodum
1525 4089 1709 4135 autem
1774 4077 2011 4148 aliquem
2071 4078 2194 4148 igne

607 4183 858 4240 damnari
889 4191 1051 4253 atque
1086 4181 1266 4251 puniri
1307 4180 1560 4245 dicimus,
1593 4180 1673 4234 sic
1730 4186 1787 4233 et
1827 4192 1983 4232 sacra
2040 4176 2192 4232 Scri-

607 4290 769 4345 ptura
800 4274 965 4330 dicit:
999 4272 1067 4327 Ut
1076 4273 1392 4342 judicentur
1430 4286 1608 4325 carne.
1649 4270 1986 4326 Gravissima
2045 4270 2191 4324 enim

608 4382 770 4438 poena
808 4376 893 4421 est
919 4364 1180 4437 (maxime
1206 4363 1625 4417 resurrectionis
1680 4362 1942 4432 tempore)
1974 4360 2193 4431 quando

609 4476 673 4514 ea
718 4456 1085 4512 delectatione
1119 4453 1477 4524 perfruuntur
1504 4452 1661 4521 justi,
1721 4467 1845 4521 quae
1892 4452 2188 4507 humanam

605 4566 824 4605 omnem
864 4556 1112 4619 superat,
1145 4556 1202 4601 et
1231 4546 1435 4615 Spiritu
1462 4546 1669 4611 vivunt,
1692 4545 2033 4614 peccantium
2062 4555 2189 4600 tunc
2222 4537 2265 4592 Ι)

608 4641 1010 4698 multitudinem
1050 4640 1104 4694 in
1138 4639 1279 4693 nuda
1316 4651 1504 4701 carne,
1541 4646 1596 4690 et
1627 4638 1743 4692 sine
1798 4635 1905 4691 ulla
1946 4636 2183 4707 spiritali

607 4738 803 4808 gratia,
835 4736 1001 4792 vitam
1038 4748 1192 4789 suam
1244 4732 1296 4787 in
1358 4740 1624 4787 aeternum
1675 4729 1979 4800 transigere
2024 4739 2188 4800 atque

607 4838 916 4883 conterere.
942 4825 1143 4882 Verum
1195 4832 1252 4879 et
1317 4823 1478 4878 aliam
1523 4822 1648 4878 licet
1674 4822 1798 4877 huic
1849 4825 1996 4878 dicto
2056 4824 2188 4877 dare

603 4921 1068 4991 explanationem.
1119 4916 1211 4970 Ait
1263 4918 1408 4972 enim
1457 4917 1675 4971 divinus
1732 4914 1975 4971 Paulus:
2017 4914 2185 4986 Cujus

606 5029 735 5080 opus
765 5015 980 5075 arserit,
1020 5010 1398 5064 detrimentum
1422 5009 1659 5078 patietur
1680 5022 1699 5072 ,°
1722 5008 1832 5077 ipse
1869 5017 2042 5061 autem
2065 5005 2181 5060 sal-

605 5102 839 5166 vabitur,
868 5103 945 5156 sic
969 5111 1148 5155 tamen
1176 5101 1329 5169 quasi
1349 5112 1443 5167 per
1487 5098 1679 5167 ignem.
1707 5093 1777 5149 Et
1834 5096 2185 5165 uniuscujus-

602 5213 703 5267 que
762 5211 911 5265 opus,
959 5196 1116 5265 quale
1155 5196 1246 5260 sit,
1299 5192 1439 5261 ignis
1486 5188 1726 5259 probabit
1755 5195 1805 5243 '.
1836 5188 1904 5243 Et
1951 5203 2020 5243 ne
2063 5189 2187 5258 quis

606 5290 908 5352 existimet,
937 5285 1394 5357 quemadmodum
1418 5290 1728 5354 peccatum,
1754 5281 1835 5337 sic
1864 5290 1919 5335 et
1954 5295 2184 5351 peccan-

606 5396 714 5438 tem
742 5380 1196 5436 concremandum
1224 5386 1386 5446 atque
1415 5373 1872 5438 consumendum,
1891 5380 2181 5442 propterea

602 5474 755 5529 addit
789 5491 805 5528 :
841 5481 901 5527 ut
925 5471 972 5527 si
1011 5484 1179 5541 opera
1212 5469 1441 5523 ardeant
1487 5476 1653 5537 atque
1694 5465 2032 5535 dispareant,
2072 5478 2182 5520 non

675 5600 705 5642 ι)
731 5589 894 5647 Rom.
924 5602 1042 5655 ιιν,
1066 5586 1122 5643 9.
1196 5594 1227 5636 (ι
1256 5584 1278 5640 l
1320 5582 1473 5640 Petr.
1502 5592 1589 5650 ιιι,
1634 5583 1721 5640 19.
1801 5591 1825 5623 ι’
1862 5582 1995 5641 ibid.
2029 5597 2104 5649 tv,
2135 5582 2190 5635 li.

1760 378 2026 439 PHOTII
2064 376 2568 439 PATPJARCH/E
2611 377 2721 440 ΟΡ.

2298 489 2411 541 κῶν
2453 489 2761 560 ἀξιουμένῳ
2814 486 3179 559 σπλάγχνων;
3212 486 3349 543 ἀλλά
3392 488 3497 561 γὰρ
3537 490 3750 547 τοιοῦτον
3788 499 3816 567 ἠ

2293 581 2583 646 διάπλασις
2601 582 2711 635 τῶν
2735 580 3085 653 παραϐολῶν·
3114 580 3175 635 οὐ
3198 583 3306 654 γάρ
3330 581 3399 635 τὰ
3418 584 3663 652 γεγονότα
3686 586 3818 657 μόνον

2295 674 2705 746 ἢγενησόμενα
2750 675 3234 745 διαλαμϐάνουσιν,
3279 674 3417 729 άλλά
3460 676 3551 729 καὶ
3585 676 3618 730 ἀ
3658 677 3716 731 ἀν
3752 696 3819 745 τις

2296 768 2745 838 συνυφηνάμενος
2770 768 3167 839 ἐναργέστερον
3202 767 3384 821 αὐτῶν
3408 768 3467 821 τὸ
3500 770 3821 841 καταπληκτι-

2294 860 2391 915 κὸν
2416 860 2449 931 ἢ
2488 861 2549 913 τὸ
2576 860 2769 931 ὴδῦνον
2794 859 2827 931 ἢ
2852 861 2914 913 τὸ
2937 860 3231 913 ἀκόλουθον
3269 858 3302 930 ἢ
3336 860 3516 924 ἁπλῶς
3542 860 3601 913 τὸ
3628 862 3821 931 εὐπάρθ-

2294 954 2382 1007 δον
2410 956 2757 1026 παραστήσει
2794 956 2891 1008 καὶ
2919 954 3215 1023 ὠφέλιμον.
3262 954 3372 1008 Kal
3408 952 3514 1006 τῶν
3562 960 3605 1024 ρ’
3645 954 3693 1007 δὲ
3717 973 3823 1025 προ·

2296 1045 2478 1101 ϐάτων
2505 1045 2605 1117 τὴν
2635 1046 2955 1117 παραϐολὴν
2987 1046 3069 1109 είς
3101 1061 3165 1098 τε
3191 1046 3319 1108 τοὺς
3344 1045 3604 1113 ἀγγέλους
3640 1046 3721 1099 καὶ
3745 1046 3822 1116 τὴν

2294 1140 2644 1212 ἀνθρωπίνην
2669 1138 2934 1210 ἀναφέρει
2959 1138 3142 1208 φύσιν.
3171 1137 3517 1207 Μνημονεύει
3540 1137 3593 1191 δὲ
3619 1138 3824 1209 περὶτῆς

2295 1230 2611 1303 παραϐολῆς
2643 1229 2738 1284 τοῦ
2788 1228 2999 1283 ἀσώτου
3048 1230 3144 1283 καὶ
3187 1228 3392 1298 ἑτέρων
3433 1227 3590 1281 τινῶν
3627 1227 3825 1280 ἀναπτύ-

2296 1322 2455 1389 ξεων,
2484 1314 2561 1375 ὧν
2590 1322 2690 1390 τὴν
2719 1320 3127 1393 προειρημένην
3156 1321 3387 1374 ἀπασῶν
3417 1318 3706 1391 προκρίνει,
3730 1320 3826 1371 πολ-

2294 1410 2407 1474 λοῖς
2428 1410 2598 1482 αὐτὴν
2620 1409 2666 1443 ⁸⁸
2706 1412 3025 1483 συγκροτῶν
3052 1410 3455 1481 ἀγωνίσμασιν.
3499 1411 3651 1463 Ἀλλά
3686 1409 3825 1464 ταῦτα

2296 1504 2399 1575 μὲν
2428 1504 2580 1577 αὑτῷ
2608 1504 2703 1559 καὶ
2732 1504 2793 1558 τὸ
2820 1504 2865 1569 ζ’
2892 1506 2988 1560 καὶ
3012 1503 3058 1559 λ’
3088 1504 3381 1569 σπουδάζει
3415 1504 3712 1575 κεφάλαια..

2366 1680 2441 1734 Τό
2471 1680 2528 1734 δὲ
2564 1680 2647 1752 λη’
2680 1680 2853 1752 ζητεῖ,
2898 1682 3033 1749 Πῶς
3062 1681 3216 1751 ὑπὲρ
3275 1681 3522 1735 ,πάντων
3549 1679 3828 1736 ἀποθανεῖν

2296 1772 2426 1845 [330
2475 1771 2569 1844 [1.]
2630 1771 2870 1841 λέγεται
2919 1776 2952 1827 ό
3006 1772 3286 1842 Χριστὸς,
3336 1771 3591 1838 πολλοῖς
3634 1771 3825 1842 γενεαῖς

2294 1867 2572 1934 ὕστερον,
2607 1866 2708 1935 ἀφ’
2740 1862 2812 1922 οὗ
2840 1867 3075 1936 μυρίων
3103 1867 3278 1937 γένος
3313 1868 3632 1937 ἀνθρώπων
3659 1867 3758 1936 ἔφυ
3779 1883 3827 1919 τε

2296 1961 2395 2015 καὶ
2422 1962 2644 2016 κατέδυ
2670 1961 2751 2027 τῷ
2788 1963 3043 2028 θανάτῳ,
3074 1962 3185 2031 τῆς
3210 1963 3363 2017 κατὰ
3383 1964 3491 2017 τὸν
3511 1962 3735 2031 Σωτῆρα
3758 1978 3830 2031 τε·

2292 2052 2630 2122 γενημένης
2658 2054 2999 2123 οἰκονομίας
3024 2071 3044 2120 ;
3081 2054 3194 2107 Kal
3222 2053 3502 2107 ὲπιλύεται
3537 2052 3595 2106 τὸ
3616 2052 3828 2123 ζήτημα,

2294 2145 2369 2211 ὼς
2404 2145 2672 2218 πολλαχοῦ
2689 2146 3124 2217 διαμαρτύρεται
3148 2147 3182 2214 ἡ
3209 2145 3423 2216 Γραφὴ,
3452 2145 3511 2198 ὃν
3537 2146 3723 2212 τρόπον
3741 2148 3831 2207 τοῖς

2291 2239 2547 2309 τηνικάδε
2595 2238 2770 2305 ζῶσι,
2812 2239 2905 2291 τὸν
2956 2238 3120 2292 αὑτὸν
3179 2238 3277 2291 καὶ
3324 2240 3438 2302 τοῖς
3482 2240 3540 2291 ὲν
3587 2236 3733 2309 ᾍδου
3763 2235 3831 2289 διὰ

2293 2329 2529 2401 Χριστοῦ
2556 2330 2655 2401 τὴν
2682 2330 3065 2402 ἀπολύτρωσιν
3096 2331 3529 2400 παραγενέσθαι.
3565 2330 3716 2397 Λέγει
3742 2328 3830 2397 γὰρ

2292 2427 2321 2479 ὁ
2346 2424 2453 2477 τῶν
2480 2422 2738 2493 μαθητῶν
2758 2426 3074 2493 κορυφαῖος,
3098 2423 3201 2489 Εἰς
3217 2423 3397 2477 τοῦτο
3417 2424 3463 2455 ⁸⁸
3488 2422 3593 2492 γὰρ
3608 2422 3831 2476 ἀπέθανε

2294 2514 2394 2568 καὶ
2424 2514 2673 2581 ἀνέστη,
2697 2514 2797 2567 ἵνα
2813 2513 2911 2567 καὶ
2936 2513 3167 2582 νεκρῶν
3187 2515 3283 2568 καὶ
3309 2513 3540 2575 ζώντων
3561 2514 3829 2582 κυριεύσῃ.

2294 2606 2408 2660 Kal
2441 2605 2625 2659 πάλινο
2660 2606 2789 2671 Τοῖς
2812 2605 2857 2637 ⁸¹
2890 2605 2961 2660 ἐν
2981 2604 3230 2674 φυλακῇ
3271 2606 3585 2675 πορευθεὶς
3613 2604 3833 2672 ἐκήρυξε

2294 2698 2663 2767 πνεύμασιν,
2700 2698 2801 2751 ἵνα
2831 2698 2875 2731 δ’
2940 2696 3187 2763 κριθῶσι
3214 2697 3332 2767 μὲν
3375 2697 3576 2767 σαρκὶ,
3620 2695 3742 2758 ζῶσι
3780 2694 3835 2747 δὲ

2294 2789 2610 2857 πνεύματι,
2638 2791 2938 2851 τουτέστιν,
2982 2789 3128 2853 ὅπως
3160 2790 3210 2842 oi
3248 2791 3347 2861 μὲν
3381 2791 3597 2845 ἄπιστοι
3643 2790 3727 2842 καὶ
3766 2786 3835 2840 διὰ

2293 2882 2452 2937 τοῦτο
2504 2884 2819 2956 ἁμαρτωλοὶ
2864 2884 3237 2955 μεμενηκότες
3295 2883 3711 2953 κατακριθῶσιν,
3759 2882 3834 2935 ἅτε

2292 2977 2356 3048 δὴ
2381 2976 2692 3049 ὁλοκλήρως
2718 2977 2855 3047 σάρξ
2884 2978 3169 3046 γεγονότες
3197 2978 3290 3032 καὶ
3311 2976 3739 3048 διχοτομηθέντες
3758 2972 3832 3026 τοῦ

2294 3068 2651 3139 πνεύματος,
2706 3068 2823 3122 ὅσοι
2863 3070 2919 3122 δὲ
2959 3068 3060 3122 κᾶν
3107 3070 3166 3121 ὲν
3203 3068 3369 3140 ᾍδου
3423 3067 3639 3141 Χριστῷ
3674 3069 3731 3137 τῇ
3772 3065 3835 3118 δι-

2296 3160 2559 3232 καιοσύνῃ
2593 3161 3033 3226 πεπιστεύκασι,
3064 3161 3165 3231 τῆς
3193 3160 3577 3231 πνευματικῆς
3604 3154 3836 3229 εὐφροσύ-

2294 3270 2393 3321 νης
2422 3252 2772 3307 ἀπολαύωσιν
2788 3254 2855 3307 ⁸³.
2886 3253 2959 3306 Τὸ
2987 3248 3080 3306 οὖν
3111 3254 3249 3308 Ἵνα
3271 3253 3517 3322 κριθῶσι
3544 3251 3710 3321 σαρκὶ
3736 3249 3839 3318 περὶ

2293 3343 2402 3397 τῶν
2429 3344 2849 3414 ἀπιστησάντων
2870 3343 3122 3415 εἰρῆσθαί
3142 3361 3296 3413 φησι,
3320 3343 3385 3397 τὸ
3412 3344 3470 3398 δὲ
3502 3343 3654 3399 Ζώσι
3690 3341 3839 3395 πνεύ-

2288 3454 2431 3505 ματι
2476 3437 2605 3508 περὶ
2654 3436 2763 3490 τῶν
2797 3441 3262 3492 πεπιστευκότων.
3327 3437 3420 3502 Ὦς
3468 3437 3598 3509 περὶ
3649 3435 3752 3498 ἐνὸς
3792 3432 3839 3483 δὲ

2295 3528 2597 3597 φαντασίαν
2627 3528 3000 3599 παρεχόμενον
3031 3528 3299 3600 προφέρει
3328 3528 3423 3583 τὸν
3454 3528 3631 3598 λόγον,
3654 3527 3729 3580 ὅτι
3754 3524 3839 3577 κᾶν

2294 3619 2547 3690 διάφορος
2583 3620 2821 3692 ἑκατέρα
2853 3622 3034 3692 μερὶς,
3067 3620 3177 3674 τῶν
3206 3637 3265 3675 τε
3310 3619 3741 3676 πεπιστευκότων
3761 3616 3839 3670 καὶ

2294 3712 2405 3767 τῶν
2437 3712 2880 3784 ἀπιστησάντων,
2911 3712 3028 3767 ἀλλ’
3070 3708 3164 3767 οῦν
3208 3715 3290 3778 είς
3324 3712 3384 3767 ἓν
3445 3709 3839 3782 συγκεφαλαιοῦο

2294 3822 2385 3859 ται
2407 3808 2455 3839 ⁸⁵
2485 3806 2547 3859 τδ
2592 3806 2702 3861 τῶν
2745 3806 3119 3877 καταχθονίων
3163 3806 3375 3878 τάγμα.
3420 3806 3577 3862 Οὕτω
3622 3805 3741 3875 γοῦν
3767 3802 3841 3857 καὶ

2296 3900 2427 3963 περὶ
2461 3897 2714 3967 σώματος
2745 3898 2863 3960 ἑνὸς
2902 3901 3078 3952 νοσεῖν
3100 3898 3163 3952 τὸ
3191 3899 3324 3953 αὐτὸ
3358 3899 3455 3953 καὶ
3495 3897 3741 3967 ὑγιαίνειν
3767 3894 3840 3947 λέ-

2294 4006 2413 4059 γειν
2441 3990 2719 4061 δυνάμεθα
2743 4031 2759 4059 ,
2810 3990 2932 4045 κατ’
2984 3990 3113 4046 ἀλλο
3152 3991 3320 4063 μέρος
3352 3992 3451 4047 καὶ
3485 3991 3612 4048 ἀλλο
3648 3988 3732 4045 τοῦ
3757 3987 3842 4042 sib-

2298 4101 2490 4155 ματος.
2526 4084 2744 4157 Ὠσπερ
2789 4085 2848 4139 δέ
2883 4103 3065 4158 φαμεν
3106 4086 3201 4140 τὸν
3228 4086 3381 4141 δεῖνα
3409 4089 3546 4158 πυρὶ
3593 4084 3839 4157 κρίνεσθαι

2295 4178 2391 4231 καὶ
2435 4176 2798 4243 κολάζεσθαι,
2834 4178 2980 4233 οῦτω
3020 4178 3169 4249 λέγει
3202 4179 3299 4234 καὶ
3324 4180 3387 4234 τὸ
3439 4181 3584 4252 ἱερὸν
3612 4180 3837 4249 γράμμα,

2297 4269 2422 4323 Ἵνα
2452 4269 2696 4337 κριθῶσι
2725 4268 2928 4337 σαρκί·
2954 4268 3189 4338 μεγίστη
3223 4268 3333 4339 γάρ
3362 4268 3616 4332 κόλασις,
3647 4267 3733 4320 καὶ
3759 4263 3841 4332 μά-

2295 4359 2455 4419 λι,στά
2491 4378 2557 4429 γε
2604 4361 2748 4415 κατὰ
2784 4359 2878 4413 τὸν
2910 4359 3012 4430 τῆς
3056 4360 3411 4423 ἀναστάσεως
3458 4359 3666 4430 καιρὸν,
3702 4355 3839 4425 ἡνίκα

2293 4451 2395 4521 τὴν
2426 4450 2565 4519 ὑπὲρ
2595 4449 2884 4521 ἄνθρωπον
2913 4450 3125 4521 τρυφὴν
3154 4450 3437 4521 τρυφῶσιν
3471 4452 3521 4503 oi
3548 4449 3733 4502 δίκαιοι
3763 4443 3839 4497 καὶ

2294 4542 2568 4611 πνεύματι
2626 4540 2796 4607 ζῶσι,
2852 4542 2978 4595 τότε
3018 4542 3081 4595 τὸ
3119 4542 3229 4595 τῶν
3279 4542 3620 4614 ἁμαρτωλῶν
3667 4536 3840 4606 πλῆθος

2296 4633 2462 4705 σαρκὶ
2487 4632 2616 4704 ψιλῇ
2653 4632 2751 4687 καὶ
2786 4636 2970 4705 πάσης
2995 4635 3375 4705 πνευματικῆς
3402 4630 3783 4704 κεχωρισμένον
3802 4626 3838 4657 ³³

2294 4725 2517 4796 χάριτος
2545 4726 2637 4779 τὸν
2687 4725 2803 4796 βίον
2832 4725 2901 4780 δι’
2934 4726 3133 4790 αἰῶνος
3163 4726 3540 4792 ἐξαναλίσκειν
3583 4724 3670 4779 καὶ
3699 4735 3839 4773 κατα-

2293 4818 2598 4889 τρίϐεσθαι.
2634 4820 2791 4872 Ἔστι
2841 4819 3024 4890 μέντοι
3066 4819 3163 4873 καὶ
3210 4819 3407 4891 ἑτέραν
3455 4818 3732 4873 ἀποδοῦναι
3763 4808 3839 4864 τοῦ

2296 4909 2463 4981 ῥητοῦ
2491 4910 2839 4979 διασάφησιν.
2887 4909 2947 4963 ’0
2977 4909 3119 4973 θεῖός
3165 4926 3300 4979 φησι
3330 4909 3565 4974 Παῦλος,
3597 4902 3673 4961 Οὖ
3703 4916 3839 4964 τινος

2292 5003 2361 5056 τὸ
2400 5002 2579 5071 ἔργον
2602 5001 3084 5069 κατακαήσεται,
3133 5000 3583 5070 ζημιωθήσεται,
3620 4997 3735 5070 1640
3761 4990 3835 5061 R.]

2292 5092 2477 5160 αὐτὸς
2498 5092 2567 5145 δὲ
2602 5095 2963 5161 σωθήσεται,
2987 5093 3177 5160 οὕτως
3206 5091 3273 5146 δὲ
3296 5093 3377 5158 ὡς
3404 5092 3505 5146 διὰ
3528 5092 3728 5159 πυρός’
3756 5081 3835 5137 καὶ

2291 5186 2555 5241 ἑκάστου
2586 5186 2652 5239 τὸ
2685 5185 2865 5256 ἔργον
2901 5187 3113 5241 ὁποῖόν
3136 5187 3290 5254 ἐστι,
3324 5186 3391 5239 τὸ
3435 5186 3556 5254 πῦρ
3591 5180 3727 5238 αὐτὸ
3756 5177 3838 5230 60-

2292 5278 2552 5349 κιμάσει.
2592 5278 2705 5331 Kal
2740 5276 2827 5331 ἵνα
2860 5278 2935 5348 μή
2972 5294 3058 5339 τις
3103 5278 3297 5348 νομίσῃ
3339 5276 3527 5347 ῶσπερ
3565 5276 3659 5344 τὴν
3684 5272 3836 5339 ἀμαρ-

2290 5372 2433 5435 τίαν,
2469 5370 2614 5424 οὕτω
2668 5369 2766 5424 καὶ
2819 5369 2909 5422 τὸν
2956 5368 3417 5440 ὲξαμαρτήσαντα
3473 5360 3836 5423 κατακαίεσθαι

2292 5464 2388 5518 καὶ
2407 5463 2490 5529 εἰς
2520 5463 2833 5533 ἀφανισμὸν
2852 5464 3074 5532 χωρεῖν,
3112 5462 3311 5530 ἐπάγει
3344 5463 3419 5526 ὡς
3444 5464 3494 5514 εἰ
3524 5461 3614 5514 καὶ
3638 5457 3704 5511 τά
3723 5454 3835 5525 ἔργα

2373 5587 2397 5615 ³
2428 5578 2595 5636 lCor.
2629 5595 2713 5647 ιιι,
2736 5579 2928 5635 15-15.

1889 5697 2121 5753 VARUE
2148 5694 2556 5752 LECTIONES.

668 5792 905 5866 “atme
945 5808 999 5849 In
1033 5808 1142 5865 mg.
1184 5792 1437 5866 liabetA.
1478 5791 1673 5866 "isi;
1725 5788 2094 5866 roiico]_i_tom.
2130 5788 2336 5866 slv,_9.
2416 5789 2459 5821 δι
2491 5776 2627 5866 eois]
2676 5786 2696 5841 i
2739 5786 2887 5843 Petr.
2939 5800 3032 5866 ιιι,
3088 5782 3176 5840 i9.
3265 5786 3310 5819 “
3339 5781 3452 5859 ἵνα]
3497 5781 3630 5841 ibid.
3675 5793 3739 5842 tv,
3785 5770 3830 5827 ϐ.

598 5864 648 5899 ⁸⁸
680 5861 1027 5922 ἀπολαῦωσιν
1073 5861 1220 5922 corr.
1254 5865 1296 5921 Δ
1334 5861 1735 5921 εάπολαύουσιν
1774 5880 1836 5928 ς.

1915 5862 1963 5895 ⁸⁸
1995 5858 2386 5931 κεφαλαιοῦται
2420 5877 2481 5924 ς’.
2558 5858 3064 5931 ’δίκιχωρισμένων
3095 5875 3157 5923 ς.
