4014 6398
190 371 281 434 805
1241 368 1764 431 BIBLIOTHECA.
1804 369 2053 431 —COD.
2092 370 2373 434 CCXXII.
3309 381 3418 447 806

188 475 563 545 κατακαήσεται
592 474 690 529 καὶ
720 475 1167 549 ἀφανισθήσεται,
1206 480 1323 536 ἀλλ’
1364 481 1527 542 αύτδς
1558 483 1587 534 6
1625 480 1727 549 τῆς

1838 484 2010 530 tamen
2048 477 2224 544 ipsum
2256 485 2602 545 peccatorem
2630 494 2735 534 una
2773 481 3188 552 dispariturum.
3228 488 3418 547 Salua-

182 568 431 641 ἀμαρτίας
463 566 699 636 ἐργάτης
730 567 790 620 οὐ
823 570 1372 640 συναφανισθήσεται·
1418 573 1724 643 σωθήσεται

1838 567 1983 621 bitur
2003 585 2143 632 vero,
2172 570 2279 624 hoc
2299 579 2408 631 est.
2433 583 2711 640 perpetua
2741 577 2981 631 manebit
3034 594 3207 647 paenae
3237 599 3417 638 reser-

181 662 244 724 δὲ,
275 658 510 711 τουτέστι
541 657 785 726 διαμενεῖ
808 661 874 729 τῇ
915 660 1152 729 διηνεκεῖ
1177 661 1397 717 κολάσει
1426 665 1725 736 συντηρούο

1838 671 2002 714 ratus.
2019 660 2089 712 At
2104 675 2171 714 ne
2186 660 2334 726 illud,
2360 658 2679 730 Saluabitur,
2693 666 2937 722 videatur
2954 670 3135 726 dicere
3148 677 3415 743 sectariis,

181 736 342 823 μενος.
390 749 507 802 Ἵνα
551 749 609 802 δὲ
642 749 699 801 τὸ
750 750 1086 817 σωθήσεται
1112 752 1185 825 μὴ
1223 754 1360 828 ’δόξῃ
1404 755 1581 824 λέγειν
1612 758 1727 820 τοῖς

1838 751 1975 820 ιιιοεί
2003 763 2225 820 peccato
2251 768 2511 825 expenso,
2537 769 2878 827 peccatorum
2903 762 3129 831 quilibet
3163 767 3227 819 ad
3246 765 3420 832 justo-

179 838 515 911 αίρετίζουσιν
537 838 613 901 ὡς
638 842 737 911 τῆς
771 840 1045 912 ἁμαρτίας
1069 843 1467 916 δαπανωμένης
1497 847 1593 900 καὶ
1619 847 1728 900 τῶν

1838 857 1945 896 rum
1968 852 2130 912 atque
2153 844 2481 901 salvatorum
2510 860 2715 910 coetum
2734 854 3105 924 adjungendus
3123 861 3419 926 esset(ces-

179 926 491 999 ἁμαρτωλῶν
520 926 877 993 ἕκαστοςτοῦ
905 933 1070 1002 χοροῦ
1102 935 1212 988 τῶν
1241 936 1468 990 δικαίων
1501 937 1596 990 καὶ
1618 936 1728 989 τῶν

1838 940 1983 985 tante
2012 933 2285 990 nimirum
2307 952 2487 1004 paena,
2510 956 2574 995 ac
2599 946 2870 999 communi
2894 947 3144 1001 omnibus
3168 949 3420 1005 libertate

180 1020 477 1088 σωζομένων
502 1022 814 1091 γενήσεται,
841 1023 942 1093 τῆς
964 1024 1063 1091 μὲν
1088 1026 1362 1090 κολάσεως
1388 1029 1724 1099 παυομένης,

1838 1022 2148 1093 proposita),
2180 1035 2302 1093 post
2330 1026 2477 1093 illud,
2518 1028 2839 1100 Saluabitur,
2864 1035 3032 1103 addit,
3051 1040 3193 1106 quod
3229 1056 3418 1095 eorum

178 1112 261 1181 τῆς
285 1110 328 1161 6‘
348 1109 701 1175 ἀπολαύσεως
726 1113 913 1183 κοινῆς
939 1115 1110 1169 ἅπασι
1139 1117 1360 1187 προτιθε
1369 1118 1560 1186 μένης,
1591 1120 1728 1188 μετά

1838 1116 2153 1169 sententiam
2213 1118 2554 1175 manifestius
2598 1126 2845 1179 evertit:
2899 1127 2990 1183 Sic
3040 1140 3214 1184 tamen
3266 1137 3419 1201 quasi

1827 1219 1924 1272 per
1958 1208 2150 1277 ignem,
2194 1208 2246 1263 id
2307 1220 2410 1277 est,
2467 1213 2534 1267 ab
2596 1214 2735 1283 ignis
2791 1231 2946 1285 paena
2985 1236 3091 1275 non
3134 1223 3416 1281 liberatus.

1831 1296 2004 1351 Aﬂine
2044 1299 2207 1369 igitur
2240 1309 2296 1355 et
2337 1302 2469 1357 illud
2499 1314 2602 1368 est,
2646 1309 2789 1375 quod
2811 1310 2877 1364 de
2906 1312 2971 1365 iis
3024 1313 3287 1379 diximus,
3319 1318 3411 1384 qui

1835 1390 1976 1456 apud
2007 1391 2213 1446 inferos
2236 1391 2459 1450 Christo
2497 1398 2723 1452 credere
2758 1399 3070 1459 noluerunt.
3102 1405 3217 1461 Hoc
3241 1407 3416 1472 enim,

1833 1493 1890 1537 ut
1904 1482 2219 1552 judicentur
2242 1502 2424 1552 carne,
2460 1497 2515 1543 et
2539 1504 2660 1559 qua:
2706 1504 3036 1562 sequuntur,
3066 1497 3307 1555 indicare
3331 1501 3418 1556 vi-

1834 1578 1995 1632 detur
2017 1574 2296 1645 iudicatos
2334 1580 2555 1648 quidem
2596 1581 2742 1651 ipsos
2804 1600 2929 1641 esse
2977 1586 3045 1642 ad
3096 1592 3308 1658 eadem,
3348 1595 3418 1649 ad

180 1661 293 1714 Ἵνα
321 1660 566 1728 κριθῶσι
594 1662 770 1730 σαρκὶ
790 1704 805 1729 ,
836 1666 932 1717 κα)⁸
967 1665 1118 1733 ἐξῆς,
1143 1666 1206 1720 τδ
1225 1668 1483 1740 κριθῆναι
1509 1670 1609 1739 μὲν
1637 1671 1734 1724 aiio

1838 1682 1955 1737 qua:
1986 1682 2115 1724 caro
2149 1667 2383 1738 judicari
2409 1686 2474 1725 ac
2513 1673 2865 1731 condemnari
2890 1679 3066 1745 solet;
3106 1684 3199 1737 sed
3236 1685 3419 1739 vivere

178 1754 285 1817 τοὺς
326 1754 550 1806 τοιαῦτα
589 1748 676 1807 οἷα
719 1757 932 1823 πέφυκε
983 1757 1270 1825 κρίνεσθαι
1308 1759 1483 1830 σάρξ,
1528 1760 1629 1831 ζῇν
1675 1762 1732 1817 δὲ

1838 1760 2213 1825 nihilominus,
2270 1776 2376 1817 non
2419 1770 2677 1833 tanquam
2754 1773 3127 1841 corruptibilis
3166 1791 3317 1843 caro,
3362 1785 3420 1832 et

178 1850 305 1919 ὅμως
324 1849 420 1919 οὐχ
449 1843 543 1904 οἷα
571 1848 902 1922 φθειρομένη
934 1851 1070 1923 σὰρξ
1095 1855 1189 1906 καὶ
1213 1856 1282 1925 τῇ
1314 1854 1577 1927 βαρύτητι
1605 1856 1729 1910 λυο-

1838 1867 1953 1922 quae
1980 1868 2263 1923 poenarum
2286 1855 2553 1923 gravitate
2586 1858 2851 1927 solvatur,
2887 1877 3073 1918 verum
3093 1865 3188 1931 ita,
3209 1876 3268 1923 ut
3293 1883 3414 1923 cum

182 1942 295 2011 μένη
318 1940 422 1992 τῶν
452 1939 751 2005 κολάσεων,
784 1940 1126 2013 ἀνωλέθρους
1162 1940 1283 2013 [551
1321 1943 1418 2015 Η.]
1456 1945 1514 1998 δὲ
1544 1947 1609 2015 τῇ
1640 1944 1732 1998 δυ-

1838 1952 2086 2012 expertes
2133 1943 2387 2001 interitus
2441 1960 2539 2017 per
2594 1951 2773 2005 sancti
2831 1952 3069 2021 Spiritus
3117 1960 3415 2025 potentiam

179 2033 316 2099 νάμει
363 2032 758 2103 συνεχομένους
832 2030 928 2086 τοῦ
992 2032 1140 2086 θείου
1216 2035 1569 2106 Πνεύματος,
1637 2039 1733 2094 καὶ

1838 2044 2247 2101 conserventur,
2305 2036 2748 2108 incorruptibiles
2811 2041 2863 2095 in
2911 2056 3167 2114 perpetua
3218 2064 3403 2118 poena,

180 2123 463 2194 ἀφθάρτους
512 2123 776 2195 ἀφθάρτῳ
824 2124 1047 2178 κολάσει
1086 2125 1187 2197 τὴν
1236 2127 1595 2200 ἀτελεύτητον
1636 2132 1734 2185 καὶ

1838 2134 2107 2180 carentem
2144 2124 2250 2179 ﬁne
2288 2136 2341 2182 et
2363 2127 2693 2183 laboriosam
2726 2132 2889 2187 vitam
2921 2136 3140 2204 degunt.
3174 2138 3264 2193 Sic
3316 2141 3418 2194 hn-

180 2216 406 2268 ἐπίπονον
438 2216 591 2287 ζωὴν
631 2215 969 2281 διανύοντας.
1027 2216 1166 2270 Ἀλλ’
1208 2221 1242 2291 ἡ
1294 2219 1396 2291 μὲν
1435 2222 1530 2277 τοῦ
1564 2224 1730 2295 ῥητοῦ

1838 2215 1915 2285 ius
1955 2215 2064 2271 loci
2087 2216 2397 2286 explanatio
2430 2230 2689 2291 tanquam
2732 2237 2830 2289 per
2882 2225 3269 2296 digressionem
3310 2241 3417 2284 tra-

180 2308 475 2379 διασάφησις
499 2310 578 2371 ὡς
602 2312 659 2362 ἐν
688 2311 1052 2382 παρεκϐάσει·
1077 2314 1105 2366 6
1135 2312 1193 2366 δὲ
1220 2313 1422 2378 σκοπὸς
1450 2310 1518 2387 ἦν
1548 2333 1732 2387 παρα.

1838 2311 2035 2359 ctatur.
2086 2303 2399 2377 Praecipuus
2452 2313 2596 2366 enim
2669 2328 2866 2382 scopus
2925 2328 3047 2371 erat
3102 2320 3413 2389 ostendere,

184 2400 349 2469 στῆσαι
374 2400 447 2463 ὡς
475 2400 576 2453 καὶ
610 2400 749 2471 ὑπὲρ
788 2399 1008 2465 ζώντων
1036 2405 1129 2455 καὶ
1157 2404 1298 2475 ὑπὲρ
1323 2405 1433 2459 τῶν
1466 2407 1527 2471 ἐξ
1561 2408 1733 2478 Ἀδάμ

1838 2410 1938 2448 ιιοιι
1971 2410 2139 2466 super
2193 2400 2331 2454 vivis
2383 2402 2663 2469 duntaxat,
2719 2421 2907 2460 verum
2949 2417 3003 2460 et
3054 2423 3219 2479 super
3284 2412 3412 2466 olim

182 2491 324 2544 πάλαι
349 2491 663 2545 τεθνεώτων
684 2493 712 2544 6
736 2493 912 2558 κοινὸς
933 2496 1214 2567 Δεσπότης
1238 2498 1332 2551 καὶ
1360 2498 1553 2571 Σωτὴρ
1577 2500 1732 2571 ἡμῶν

1838 2489 2068 2542 mortuis
2102 2488 2299 2544 Adami
2350 2495 2586 2562 posteris
2639 2512 2983 2553 communem
3034 2501 3318 2557 Dominum
3354 2521 3417 2559 ac

181 2582 359 2653 ὑπέστη
392 2583 484 2636 τὸν
532 2584 784 2649 θάνατον,
820 2587 914 2640 καὶ
960 2586 1029 2640 δι’
1071 2588 1237 2642 αὐτοῦ
1277 2590 1312 2660 ἠ
1354 2591 1601 2662 σωτηρία
1640 2592 1733 2646 καὶ

1838 2576 2172 2634 Salvatorem
2200 2583 2435 2639 subiisse
2484 2596 2737 2651 mortem,
2760 2591 3098 2661 salutemque
3115 2609 3210 2664 per
3240 2596 3415 2664 ipsum

182 2673 478 2742 κηρύττεται
512 2678 651 2728 πᾶσι
699 2676 793 2729 xal
835 2677 1187 2747 βραϐεύεται.
1239 2680 1404 2735 Ἀλλά
1433 2681 1500 2734 δι’
1530 2678 1604 2735 ὧν
1634 2682 1732 2752 μὲν

1838 2668 2090 2725 omnibus
2160 2674 2469 2741 praedicari,
2508 2686 2563 2732 et
2618 2681 2762 2733 velut
2833 2685 3155 2740 certaminis
3220 2688 3416 2757 2016

180 2764 304 2833 αὐτῷ
347 2767 821 2831 κατασκευάζεται
865 2770 927 2822 τὸ
969 2774 1355 2844 προκείμενον,
1406 2775 1465 2827 τὸ
1519 2777 1735 2846 πρῶτον

1838 2762 2117 2832 praemium
2155 2764 2413 2820 conferri.
2466 2768 2603 2823 Illud
2653 2785 2783 2839 ergo
2815 2773 3048 2842 primum
3096 2790 3284 2831 eorum
3324 2797 3417 2834 ar-

182 2856 367 2926 είρηται
392 2856 500 2910 τῶν
537 2858 1004 2929 ἐπιχειρημάτων.

1838 2862 2223 2923 gumentorutn
2253 2870 2346 2923 per
2360 2872 2478 2925 qua:
2508 2861 2725 2928 probari
2763 2864 2881 2915 haec
2923 2869 3197 2919 sententia
3220 2878 3415 2937 potest.

236 2944 482 3016 Δεύτερον
506 2947 569 2999 δέ
600 2965 765 3018 φησιν
790 2948 865 3014 ὡς
895 2951 944 3003 εἰ
966 2953 1090 3016 τοὺς
1111 2952 1251 3027 ὑπὲρ
1275 2956 1477 3028 ἀρετῆς
1507 2957 1734 3027 μισθοὺς

1909 2943 2164 2999 Secundo
2197 2946 2361 3017 igitur
2390 2948 2512 3004 loco
2546 2950 2625 3004 sic
2647 2965 3062 3022 argumentatur
3090 2958 3181 3013 :Si
3204 2964 3418 3017 virtutis

182 3035 261 3089 καὶ
290 3042 586 3107 στεφάνους
621 3041 654 3111 ἡ
695 3041 995 3107 ἀνάστασις
1043 3046 1316 3115 προξενεῖ,
1353 3051 1381 3101 6
1415 3049 1470 3102 δὲ
1503 3049 1736 3120 σταυρὸς

1838 3036 2057 3105 praemia
2094 3052 2158 3091 ac
2190 3052 2424 3094 coronas
2452 3045 2780 3098 resurrectio
2798 3049 3075 3112 conciliat,
3126 3066 3255 3105 crux
3289 3069 3418 3109 vero

183 3128 264 3198 τὴν
292 3130 609 3195 ἀνάστασιν,
663 3135 760 3185 καὶ
807 3134 977 3205 χωρὶς
1021 3136 1190 3205 αὐτῆς
1241 3139 1340 3192 οὐκ
1374 3140 1521 3192 ἐστιν
1553 3141 1733 3195 αὐτῶν

1838 3125 2445 3195 resurrectionetn,qua
2488 3131 2605 3184 sine
2633 3132 2769 3186 nihil
2814 3134 2938 3188 boni
2985 3140 3240 3209 consequi
3268 3145 3419 3210 quis-

184 3192 344 3273 ούδένα
378 3221 485 3275 τῶν
534 3192 758 3291 ἀγαθῶν
788 3192 994 3295 τυχεῖν,
1027 3192 1186 3296 δῆλάᾷ
1219 3228 1294 3291 ὡς
1344 3231 1483 3301 ὑπὲρ
1516 3192 1735 3286 πάντων

1838 3217 1981 3283 piam
2031 3226 2231 3284 potest,
2260 3228 2468 3272 certum
2501 3231 2583 3274 est
2620 3220 2895 3279 Christum
2924 3242 3021 3295 pro
3066 3232 3243 3286 salttte
3302 3248 3422 3287 om—

185 3312 317 3380 ἡμῶν
340 3314 435 3383 τῆς
464 3314 746 3385 σωτηρίας
771 3318 799 3369 6
825 3318 1058 3388 Χριστὸς
1080 3319 1157 3389 τῷ
1179 3321 1394 3392 θανάτῳ
1421 3325 1737 3394 παρέδωκεν

1839 3307 1986 3360 nium
2025 3316 2270 3362 nostrum
2310 3312 2471 3365 morti
2502 3315 2737 3383 seipsum
2798 3319 3107 3376 tradidisse.
3147 3322 3273 3378 Post
3304 3330 3421 3382 haec

185 3402 370 3455 ἑαυτόν.
413 3402 605 3456 Ταῦτα
640 3403 811 3458 εἰπὼν
842 3405 1117 3474 λογοθετεί
1152 3412 1245 3462 καὶ
1272 3410 1484 3463 διαπλοῖ
1515 3413 1613 3475 τὴν
1642 3414 1737 3465 Δε-

1842 3398 1989 3453 illam
2012 3399 2235 3455 Domini
2269 3406 2620 3469 sententiam,
2647 3409 2913 3464 rationem
2939 3420 3294 3483 reposcendo,
3322 3435 3421 3474 ex-

188 3493 424 3564 σποτικὴν
453 3494 643 3567 φωνὴν
679 3495 778 3565 τὴν
811 3496 1098 3565 λέγουσαν,
1133 3502 1254 3553 Οὐκ
1272 3500 1314 3530 ⁸⁷
1346 3496 1538 3570 ἦλθον
1561 3500 1737 3555 καλέ-

1838 3491 2043 3560 planat,
2076 3507 2196 3563 quae
2229 3493 2400 3547 dicit:
2432 3492 2555 3550 Non
2594 3501 2709 3553 veni
2762 3518 2946 3557 vocare
2961 3505 3269 3574 justos,sed
3301 3528 3420 3579 pec-

186 3595 271 3632 σαι
305 3582 595 3651 δικαίους,
654 3585 792 3639 ἀλλ’
838 3587 1227 3655 ἁμαρτωλοὺς
1265 3590 1352 3655 εἰς
1393 3588 1734 3658 μετάνοιαν.

1839 3594 2039 3638 catores
2080 3585 2151 3638 ad
2190 3588 2548 3655 paenitentiam
2579 3589 2599 3626 ι
2633 3602 2937 3663 ;negatque
2985 3598 3097 3651 hac
3133 3599 3205 3652 ita
3233 3618 3355 3656 esse
3388 3620 3418 3658 a

188 3670 277 3723 Καί
304 3691 461 3745 φησιν
496 3675 577 3737 ὡς
615 3673 736 3745 οὐχὶ
773 3676 997 3747 διαιρῶν
1030 3680 1109 3740 εἰς
1149 3677 1505 3749 ἁμαρτωλοὺς
1535 3679 1630 3731 καὶ
1658 3680 1737 3732 δι-

1841 3671 2128 3731 Salvatore
2158 3681 2530 3746 pronuntiata,
2566 3684 2722 3751 quasi
2777 3689 3084 3741 universam
3135 3691 3418 3750 hominum

188 3765 351 3828 καίους
406 3767 468 3820 τὸ
516 3768 630 3821 τῶν
690 3768 994 3840 ἀνθρώπων
1045 3769 1250 3839 πλῆθος
1295 3771 1324 3824 6
1354 3771 1545 3842 Σωτὴρ
1581 3771 1737 3825 τοῦτο

1840 3765 2238 3820 multitudinem
2294 3768 2345 3822 in
2394 3781 2708 3839 peccatores
2750 3785 2804 3828 et
2857 3776 3034 3843 justos
3082 3781 3420 3852 distinguere

190 3854 477 3924 ἐφθέγξατο.
526 3859 778 3927 Μάχεται
821 3860 930 3929 γὰρ
961 3860 993 3929 ἠ
1022 3858 1250 3930 τοιαύτη
1285 3859 1492 3914 διάνοια
1543 3864 1637 3913 καὶ
1670 3864 1734 3931 τῇ

1840 3854 2095 3910 voluisse.
2139 3856 2352 3928 Pugnat
2399 3861 2567 3927 enim,
2604 3864 2798 3933 inquit,
2836 3867 3141 3937 hujusmndi
3202 3892 3415 3943 sensus,

190 3941 502 4018 Θεοπνεύστῳ
552 3948 740 4019 Γραφῇ
799 3949 896 4002 καὶ
944 3949 1082 4020 αὐτῇ
1126 3951 1193 4020 τῇ
1242 3948 1354 4002 τῶν
1399 3953 1737 4020 πραγμάτων

1840 3959 1943 3998 non
1972 3960 2093 4000 cum
2139 3952 2314 4004 sacris
2346 3962 2555 4006 tantum
2584 3954 2931 4021 Litteris,sed
2980 3978 3102 4016 cum
3135 3968 3248 4034 ipsa
3277 3986 3415 4037 quo-

1839 4049 1944 4103 que
1968 4050 2153 4092 rerum
2176 4050 2392 4094 natura.
2427 4043 2562 4098 Nam
2582 4046 2830 4117 inprimis
2846 4057 3146 4110 communis
3167 4058 3418 4115 Salvator

1838 4144 2048 4198 omnes,
2068 4145 2171 4185 non
2190 4133 2401 4202 aliquos
2416 4145 2645 4205 tantum,
2666 4144 2959 4210 praemissis
2986 4152 3220 4216 caeteris,
3243 4163 3298 4205 et
3323 4169 3419 4222 ap-

176 1202 228 1255 τὸ
251 1202 580 1267 Σωθήσεται
614 1203 832 1272 ἐπάγει,
861 1205 957 1276 τὴν
995 1207 1220 1278 γνώμην
1253 1209 1432 1263 αὐτῶν
1470 1210 1730 1280 ἐμφανῶς

180 1294 570 1364 καταστρέφων,
595 1296 782 1363 οὕτως
801 1298 869 1350 δὲ
892 1298 968 1364 ὠς
998 1299 1096 1353 διὰ
1119 1301 1334 1369 πυρὸς,
1363 1305 1609 1356 τουτέστι
1632 1307 1731 1375 τῆς

179 1384 252 1436 διὰ
276 1385 439 1456 πυρὸς
476 1388 751 1457 τιμωρίας
784 1389 884 1441 οὐκ
911 1390 1303 1462 ἀπολυόμενος.
1340 1394 1731 1465 Παραπλήσιον

178 1476 332 1529 τοίνυν
370 1479 488 1529 ἐστὶ
515 1479 610 1531 καὶ
636 1481 775 1551 ὅπερ
812 1483 1028 1551 εἴρηται
1057 1485 1186 1553 περὶ
1225 1484 1334 1538 τῶν
1362 1487 1422 1539 ἐν
1464 1487 1625 1558 ’ᾼδου
1655 1487 1730 1558 μὴ

180 1570 568 1625 πιστευσάντων
610 1572 686 1641 τῷ
736 1572 974 1642 Χριστῷ.
1022 1574 1276 1629 Βούλεται
1303 1578 1412 1648 γὰρ
1444 1577 1637 1648 δηλοῦν
1669 1579 1733 1632 τὸ

190 4035 341 4102 φύσει.
384 4040 494 4093 Καὶ
542 4041 651 4111 γὰρ
700 4040 916 4111 πρῶτον
945 4042 1044 4112 μὲν
1075 4042 1324 4108 ἅπαντας
1350 4045 1379 4097 6
1408 4044 1586 4107 κοινὸς
1621 4045 1736 4097 Σω‹

189 4127 293 4197 τὴρ,
329 4131 419 4184 καὶ
458 4132 585 4200 οὐχὶ
603 4133 647 4165 ⁸⁸
690 4133 816 4197 τοὺς
852 4134 953 4205 μὲν
997 4136 1125 4197 τοὺς
1156 4136 1202 4189 δ’
1233 4134 1316 4200 οὒ,
1345 4136 1530 4190 ἐκάλει
1563 4153 1621 4189 τε
1646 4137 1739 4191 καὶ

190 4217 271 4286 τῆς
314 4222 585 4291 σωτηρίας
634 4222 931 4276 ἀπολαύειν
969 4223 1163 4291 ἐδίδου,
1200 4225 1335 4279 ἀλλά
1364 4226 1459 4280 καὶ
1488 4228 1671 4297 κοινὴν
1691 4227 1737 4260 ⁸⁸

191 4308 271 4377 τὴν
306 4312 653 4368 διδασκαλίαν
703 4316 960 4371 ἐποιεῖτο.
1012 4318 1124 4372 Kal
1168 4318 1231 4371 τδ
1287 4319 1629 4390 κηρυχθῆναι
1678 4322 1739 4375 τὺ

196 4398 498 4472 Εὐαγγέλιον
540 4408 598 4459 ἐν
645 4406 750 4477 ὅλῳ
806 4407 886 4478 τῷ
939 4411 1130 4480 κόσμῳ
1163 4410 1263 4481 τὴν
1295 4411 1578 4483 διαστολὴν
1633 4412 1740 4466 τῶν

1840 4221 2099 4291 pellahat,
2134 4235 2189 4279 et
2219 4228 2590 4297 redemptione
2614 4232 2817 4302 perfrui
2844 4240 3199 4309 concedebat,
3215 4221 3417 4299 doctri-

1841 4328 1964 4367 nam
2024 4314 2225 4389 [suam]
2287 4321 2539 4391 omnibus
2594 4340 2714 4380 esse
2777 4342 3117 4385 communem
3181 4334 3412 4391 volebat.

1840 4402 2200 4477 Evangelium
2228 4424 2443 4481 quoque
2484 4417 2829 4481 praedicatum
2862 4433 2982 4474 esse
3007 4422 3059 4475 in
3106 4432 3218 4478 toto
3236 4436 3414 4479 terra-

194 4492 506 4563 ἁμαρτωλῶν
529 4498 634 4551 ἀπὸ
661 4498 771 4551 τῶν
802 4500 1027 4555 δικαίων
1051 4502 1371 4572 ἀνατρέπει.
1403 4506 1511 4558 Καὶ
1535 4508 1563 4558 6
1591 4506 1737 4559 Παῦ-

1846 4511 1965 4550 rum
1996 4498 2148 4565 orbe,
2174 4514 2522 4570 peccatorum
2577 4506 2725 4561 illam
2755 4525 2784 4562 a
2810 4510 2971 4577 justis
3024 4513 3412 4573 discretionem

193 4581 266 4661 λρς
297 4604 441 4659 φησί’
478 4589 708 4656 Πάντες
727 4592 769 4623 ⁸ο
798 4586 887 4657 εἷς
917 4593 1105 4659 ἐσμεν
1124 4594 1193 4647 ἐν
1220 4595 1474 4662 Χριστῷ.
1505 4598 1614 4651 Kal
1645 4600 1737 4670 τῆς

1843 4589 2059 4656 penitus
2117 4593 2344 4646 evertit.
2393 4593 2593 4651 Paulus
2657 4598 2785 4653 item
2849 4602 2959 4657 ait:
3000 4601 3191 4658 Omnes
3252 4624 3412 4662 unum

197 4682 409 4750 σαγήνης
427 4682 467 4713 ⁶¹
505 4683 539 4753 ἡ
566 4684 853 4754 παραϐολὴ
873 4685 933 4737 τὸ
966 4686 1145 4740 κοινὸν
1172 4687 1283 4739 τῶν
1312 4689 1391 4751 είς
1420 4688 1593 4760 θήραν
1623 4692 1747 4745 συλ-

195 4763 595 4842 λαμϐανομένων
630 4774 921 4844 κηρύττει·
971 4777 1095 4829 οὐδὲ
1139 4778 1250 4849 γάρ
1296 4779 1416 4832 οὐδὲ
1464 4781 1649 4853 ἐκείνη
1677 4786 1746 4837 τά

200 4858 282 4922 μὲν
319 4861 556 4933 θηρεύει,
591 4865 660 4918 τά
692 4866 748 4918 δὲ
777 4866 836 4917 ού
860 4868 1208 4936 μεταδιώκει,
1240 4870 1357 4923 ἀλλ’
1390 4871 1527 4941 ὁμοῦ
1563 4874 1738 4926 πάντα

196 4949 254 4999 τὰ
279 4956 681 5021 προσπίπτοντα
731 4958 1039 5027 σαγηνεύει.
1078 4960 1188 5013 Kal
1223 4962 1256 5029 ἡ
1307 4961 1499 5016 σινδὼν
1521 4964 1565 4995 ⁶¹
1599 4966 1632 5035 η
1660 4964 1740 5036 τῷ

200 5038 363 5113 Πέτρῳ
400 5046 777 5117 ὑποδειχθεῖσα
825 5049 924 5119 τὴν
984 5050 1170 5121 κοινὴν
1225 5050 1423 5120 κλῆσιν
1487 5054 1741 5108 ἀπάντων

199 5128 498 5205 ὑπογράφει,
543 5139 655 5192 ἀλλ’
682 5140 801 5208 ούχὶ
823 5141 867 5173 ⁸⁸
906 5140 1015 5192 τῶν
1058 5141 1383 5209 ἀκαθάρτων
1420 5145 1602 5214 μόνον,
1630 5147 1739 5200 τῶν

199 5216 245 5270 δὲ
274 5226 515 5297 καθαρῶν
556 5232 756 5286 οὐκέτι.
794 5233 922 5299 Καὶ,
972 5232 1150 5299 Τέλος
1167 5235 1212 5266 ⁸⁸
1269 5238 1457 5306 νόμου
1486 5238 1739 5307 Χριστὸς

1839 4692 2021 4729 sumus
2055 4678 2110 4731 in
2149 4677 2361 4734 Christo
2383 4690 2437 4737 ιι.
2495 4683 2606 4740 lmo
2653 4696 2709 4741 et
2751 4689 3003 4757 parabola
3072 4693 3139 4747 de
3174 4707 3415 4765 sagena'

1840 4780 2182 4823 communem
2200 4783 2487 4842 captorum
2518 4779 2883 4835 conditionem
2900 4784 3205 4844 denuntiat.
3231 4790 3416 4861 Neque

1839 4857 1984 4911 enim
2015 4858 2130 4913 haec
2151 4860 2288 4916 alios
2313 4864 2531 4931 quidem
2556 4871 2954 4941 complectitur,
2991 4877 3127 4933 alios
3152 4895 3282 4935 vero
3309 4857 3413 4937 non

1841 4949 2190 5017 persequitur
2222 4968 2238 5018 ;
2287 4955 2383 5007 sed
2409 4968 2598 5012 omnes
2623 4974 2847 5028 prorsus
2867 4978 3130 5038 quotquot
3152 4973 3413 5042 incidunt,

1844 5038 2041 5093 irretit.
2079 5041 2171 5096 Sic
2192 5051 2248 5097 et
2282 5043 2448 5102 Petro
2476 5056 2755 5106 ostensum
2800 5054 3023 5113 linteum
3058 5069 3086 5097 ι
3113 5038 3417 5118 communi;

1848 5140 1930 5184 ter
1960 5146 2149 5187 onmes
2205 5136 2503 5205 appellatos
2542 5140 2812 5212 designat,
2860 5162 2966 5202 non
3022 5152 3261 5220 impuros
3322 5172 3414 5209 sn-

1845 5220 1950 5289 los,
2007 5223 2250 5280 exclusis
2325 5229 2518 5299 puris:
2566 5229 2946 5308 Finisquoque
2985 5238 3113 5311 legis
3133 5244 3413 5302 Christus:

268 5433 485 5491 ‘Matth.
522 5441 694 5506 11,15.
769 5451 798 5480 ιι
828 5439 987 5494 Rom.
1018 5451 1117 5505 xu,
1156 5435 1190 5493 5
1219 5454 1234 5507 ;
1269 5436 1447 5492 Gaiat.
1470 5452 1555 5506 nl,
1580 5437 1670 5493 38.

1838 5438 1988 5495 latth.
2027 5458 2151 5513 xm,
2186 5447 2272 5502 67.
2350 5452 2519 5511 1‘Act.
2555 5472 2608 5521 χ,
2640 5460 2722 5515 Η.

1468 5594 1699 5654 VARle
1736 5597 2143 5661 LECTIONES.

210 5800 347 5872 σαψ]
390 5800 574 5859 natm.
603 5820 723 5875 lttl,
745 5805 837 5861 47.

270 5728 309 5761 ⁸⁸
340 5728 481 5852 οὐΕ
506 5731 629 5787 Cor.
688 5749 772 5797 ιιι,
814 5733 900 5791 15.
961 5736 1008 5770 ³⁷
1040 5733 1162 5807 οὐκ]
1210 5734 1399 5794 Matth.
1436 5753 1512 5803 ιι,
1539 5739 1628 5796 15.
1701 5742 1748 5775 ⁵⁸
1777 5742 1877 5796 οὐκ
1908 5760 1969 5808 ς.
2047 5746 2094 5778 ⁶⁹
2123 5750 2288 5852 κοινῇ⁸

277 5800 346 5852 v.1
478 5803 574 5852 llh.
603 5820 722 5852 xm-
745 5805 836 5852 47-
940 5807 985 5839 ⁶²
1018 5808 1051 5852 ἡ
1076 5805 1236 5852 σινδ-“Ι
1259 5808 1379 5852 Ant-
1421 5824 1474 5852 ι-
1511 5810 1596 5852 IL
1679 5810 1725 5844 σο
1750 5814 1868 5852 ηδμιι
1903 5817 1934 5852 Δ
1982 5833 1996 5845 -
2030 5816 2091 5852 m'.
2128 5834 2167 5852 .-

940 5807 985 5839 ss
1018 5805 1381 5881 1331,95,]Act.
1421 5824 1477 5878 x,
1511 5810 1600 5866 Η.
1679 5810 1725 5844 ⁸³
1750 5814 1873 5884 οὐχὶ
1896 5805 1939 5867 Ᾱ
1981 5833 1996 5870 z
2030 5816 2091 5870 ού
2128 5834 2185 5881 ς.

2291 5754 2752 5854 ιςλιιίἷι
2786 5759 2943 5854 [ωηῇ
2979 5780 3077 5833 κη’
3109 5766 3167 5823 5'
3243 5767 3283 5799 ﬂ
3308 5774 3412 5838 τῆς

2336 5822 2513 5894 τέλος]
2570 5822 2752 5883 ιὶυιιι.⁴
2790 5846 2843 5898 ι,
2892 5832 2955 5888 4.
