3924 6436
564 385 667 449 8οἸ

1726 377 1995 439 PHOTII
2035 375 2543 437 PATRIARCHIE
2577 376 2684 437 CP;
3703 378 3777 440 803

572 497 642 550 ad
666 493 938 566 justitiam
973 492 1114 545 omni
1137 489 1374 544 credenti
1405 497 1436 538 1
1469 502 1577 544 non
1608 490 1990 559 peccatoribus
2031 497 2152 540 tan-

2264 490 2345 554 εἰς
2387 488 2787 555 δικαιοσύνην
2832 489 3009 543 ,παντὶ
3051 484 3132 553 τῷ
3165 487 3537 551 πιστεύοντι,
3578 488 3677 560 οὐχὶ
3699 499 3779 559 τοῖς

566 601 705 645 tum.
730 587 931 641 Verum
979 586 1122 640 idem
1158 599 1375 637 rursum
1411 583 1489 638 ait
1520 598 1538 637 :
1578 583 1875 650 prtedicaro
1904 597 1965 637 se
1988 596 2155 635 voca-

569 684 638 738 tis
664 680 869 736 Jud:eis
900 687 1067 748 atque
1090 675 1316 739 Graacis,
1359 675 1635 730 Christum
1660 674 1753 728 Dei
1807 673 2064 726 virtutem
2101 679 2156 725 et

568 777 663 831 Dei
718 772 1045 842 sapientiam
1080 780 1127 823 ³.
1189 769 1520 837 lterumque,
1578 767 1860 833 Quomodo
1912 780 2018 819 non
2056 781 2154 833 pu-

570 884 740 938 gnare
771 867 861 920 illa
900 862 1237 920 videamur?
1275 861 1338 914 in
1372 860 1509 913 uiam
1537 860 1770 929 gentium
1797 875 1857 911 ne
1896 859 2155 919 abieritis,

566 972 612 1013 et
650 960 703 1012 in
740 958 1005 1011 civitatem
1060 953 1529 1008 Samaritanorum
1573 966 1636 1004 ne
1676 952 1996 1003 intraveritis
2021 950 2156 1003 ?sed

564 1052 743 1122 potius
784 1051 858 1103 ite
922 1046 992 1101 ad
1043 1062 1159 1100 oves
1209 1061 1326 1113 qua:
1385 1044 1652 1114 perierunt
1702 1044 1887 1096 domus
1916 1041 2154 1097 Israela.

568 1142 846 1210 Quatenus
886 1139 1059 1204 enim,
1089 1136 1501 1207 quiperierant,
1552 1149 1683 1189 oves
1720 1143 1898 1200 erant,
1928 1134 2158 1204 justitize

568 1236 791 1289 omnino
824 1244 879 1288 et
908 1231 1097 1287 virtuti
1130 1231 1421 1284 viciniores
1480 1237 1662 1293 erant,
1708 1242 1871 1296 quam
1909 1227 2158 1284 Samari-

575 1326 688 1379 tani
716 1337 881 1395 atque
911 1330 1122 1393 gentes.
1156 1320 1453 1389 Quomodo
1489 1319 1619 1374 item
1654 1318 1797 1376 ﬁlios
1847 1330 2003 1376 antea
2040 1335 2161 1376 esse

569 1417 846 1472 satiandos
890 1416 1081 1469 edocet
1113 1410 1167 1477 δ,
1195 1426 1258 1465 ac
1287 1420 1399 1464 tum
1452 1425 1572 1480 qua:
1599 1423 1889 1482 supersunt
1933 1413 2160 1468 canibus

568 1509 802 1578 relinqui
829 1508 852 1560 ?
883 1507 990 1561 Sed
1030 1514 1085 1559 et
1110 1504 1408 1574 discipulos
1441 1506 1735 1574 colligens:
1776 1505 1841 1559 in
1870 1523 2163 1577 quamcun-

568 1618 667 1670 que
692 1602 787 1663 ait,
829 1601 1094 1653 civitatem
1127 1608 1217 1652 aut
1247 1599 1530 1653 castellum
1554 1600 1900 1665 intraveritis,
1929 1600 2160 1654 interro-

568 1705 709 1766 gate,
731 1694 851 1763 quis
887 1693 942 1746 in
971 1708 1032 1746 ea
1090 1693 1282 1761 dignus
1336 1692 1403 1745 sit
1437 1690 1566 1763 (non
1596 1691 1718 1762 quis
1749 1691 1819 1744 sit
1859 1694 2158 1761 peccator),

568 1798 615 1841 et
646 1786 717 1839 ibi
738 1794 967 1851 manete,
987 1786 1151 1839 donec
1174 1785 1296 1838 inde
1332 1785 1532 1838 exeatis
1568 1795 1627 1838 ε.
1651 1783 1763 1837 Hoc
1792 1784 1921 1838 item
1961 1799 2163 1855 purpu-

568 1882 711 1933 raria
735 1879 828 1933 illa
882 1879 1080 1933 mulier
1135 1894 1241 1932 non
1282 1878 1562 1947 ignorans,
1587 1876 1851 1930 Barnabas
1888 1890 1951 1931 ac
1992 1875 2161 1930 Paulo

566 1972 703 2032 dixit
735 1988 749 2025 :
774 1972 971 2042 202a
1000 1970 1364 2040 Sijudicastis
1395 1986 1477 2023 me
1500 1969 1729 2038 ﬁdelem,
1752 1980 1963 2022 manete
2015 1967 2160 2038 apud

568 2090 650 2128 me
676 2066 819 2124 d.Et
844 2069 1045 2121 dictum
1088 2064 1217 2120 illud
1264 2063 1550 2133 apostolis,
1588 2063 1676 2132 qui
1742 2062 1959 2116 virtutis
2005 2070 2162 2117 erant

568 2181 795 2222 norma:
832 2162 990 2216 Vobis
1020 2165 1201 2215 datum
1238 2172 1311 2215 est
1339 2177 1488 2214 nosse
1539 2160 1808 2230 mysteria,
1838 2157 1944 2211 illis
1986 2168 2160 2210 autem

569 2277 673 2313 non
715 2269 789 2312 est
831 2258 1083 2320 datume,
1110 2254 1365 2309 nimirum
1416 2253 1669 2323 indignis.
1708 2250 1803 2305 llis
1850 2251 2011 2319 igitur
2045 2264 2163 2303 om-

570 2352 733 2406 nibus
758 2351 868 2418 jam
927 2349 1107 2409 dictis,
1146 2347 1419 2415 quomodo
1462 2360 1571 2398 non
1629 2344 1952 2412 repugnabit
2013 2342 2160 2396 clare

572 2442 708 2498 illud
745 2459 758 2495 :
794 2438 922 2494 Non
946 2440 1059 2492 veni
1102 2453 1289 2491 vocare
1338 2437 1539 2506 justas,
1584 2434 1675 2488 sed
1729 2443 2045 2503 peccatores.
2100 2430 2158 2485 Si

570 2534 697 2603 quis
716 2533 779 2585 de
799 2531 1077 2585 hominum
1121 2528 1390 2581 divisione
1419 2526 1473 2580 in
1507 2526 1689 2595 justus
1721 2537 1774 2581 et
1803 2527 2031 2595 injustas
2060 2526 2161 2579 hu-

568 2626 654 2696 ius
680 2624 780 2679 luci
815 2622 1143 2676 sententiam
1181 2619 1438 2689 accipiat.
1480 2618 1684 2673 Adhtec
1723 2633 1872 2684 vero,
1897 2620 1941 2673 si
1983 2619 2161 2689 justus

571 2736 679 2773 non
717 2717 948 2781 vocavit,
981 2724 1299 2785 peccatores
1331 2721 1513 2766 autem
1545 2727 1653 2767 non
1714 2714 2004 2767 accedunt.
2028 2712 2159 2766 0m-

573 2810 807 2864 nisenim
830 2809 923 2878 qui
954 2806 1092 2861 male
1133 2807 1264 2875 agit,
1324 2806 1435 2859 odit
1483 2804 1675 2868 lucem,
1708 2815 1755 2858 et
1780 2820 1886 2857 non
1924 2807 2060 2858 venit
2089 2804 2159 2858 ad

573 2905 739 2958 lucem
774 2903 816 2957 ί.
855 2904 960 2957 Et:
1022 2901 1201 2955 Malus
1230 2903 1384 2955 homo
1430 2900 1494 2953 de
1538 2899 1711 2953 cordis
1745 2899 1830 2952 sui
1859 2899 1999 2951 malo
2044 2898 2158 2952 tlte-

574 3013 735 3050 sauro
770 2995 969 3065 profert
1020 2995 1163 3048 mala
1194 2997 1239 3049 ε.
1278 2995 1409 3048 Item
1441 3011 1455 3047 :
1490 2991 1708 3057 Quoties
1758 2991 1902 3045 volui
1939 3007 2158 3060 congre-

571 3106 693 3161 gare
721 3090 859 3158 ﬁlios
913 3100 1046 3153 tuos,
1092 3097 1139 3142 et
1201 3087 1418 3142 noluisti
1448 3086 1500 3141 ιι.
1565 3083 1645 3151 Si,
1690 3085 1936 3154 inquam,
1982 3085 2158 3154 justus

2258 582 2609 655 ἁμαρτωλοῖς
2642 582 2862 653 μόνοις.
2930 582 3094 637 Ἀλλὰ
3142 583 3237 636 καὶ
3290 582 3456 645 αὐτὸς
3494 582 3648 635 πάλιν
3685 591 3782 657 φησι

2259 674 2381 746 [GM
2419 672 2529 746 R.]
2562 673 2862 744 κηρύσσειν
2880 673 2926 706 ⁵⁵
2955 674 3068 736 τοῖς
3098 672 3319 743 κλητοῖς
3361 672 3629 735 Ἰουδαίοις
3649 691 3697 727 τε
3716 680 3784 733 καὶ

2259 768 2489 839 Ἕλλησι
2543 767 2781 839 Χριστὸν
2835 766 2973 821 Θεοῦ
3028 767 3261 837 δύναμιν
3311 767 3408 821 καὶ
3456 766 3591 820 Θεοῦ
3622 770 3785 837 σοφίαν.

2258 860 2430 912 Πάλιν
2473 859 2530 913 δὲ
2558 860 2678 922 πῶς
2718 860 2781 913 οὐ
2830 860 2971 925 δόξει
2993 861 3037 892 ⁸⁸
3071 859 3339 930 μάχεσθαι
3374 859 3459 926 τὸ,
3493 862 3595 926 Εὶς
3617 860 3653 891 ⁸⁷
3682 862 3787 915 ὁδὸν

2256 953 2450 1007 ἐθνῶν
2494 952 2581 1024 μὴ
2630 954 2933 1022 ἀπέλθητε
2954 997 2969 1019 ,
3000 954 3102 1010 καὶ
3133 956 3218 1021 εις
3252 956 3435 1009 πόλιν
3470 954 3789 1023 Σαμαρειτῶν

2256 1048 2341 1117 μὴ
2391 1048 2775 1118 εἰσέρχησθε,
2819 1049 3151 1118 πορεύεσθε
3188 1048 3257 1102 δὲ
3294 1049 3444 1118 πρὸς
3475 1048 3551 1102 τὰ
3583 1050 3790 1117 πρόεατο

2260 1142 2334 1195 τὰ
2371 1140 2731 1195 ἀπολωλότα
2766 1142 2939 1197 οικου
2979 1141 3261 1209 Ἰσραήλ;
3299 1141 3471 1197 Ὅσον
3514 1144 3621 1211 γὰρ
3644 1141 3697 1195 ἂν
3714 1143 3790 1196 ἀπ’

2261 1232 2451 1287 ολὼλει
2488 1234 2560 1288 τὰ
2582 1234 2864 1305 πρόϐατα,
2903 1234 3249 1305 δικαιοσύνης
3284 1233 3487 1305 μᾶλλον
3519 1234 3614 1286 καὶ
3640 1235 3793 1304 ἀρετῆς

2262 1327 2535 1399 ἐγγύτερα
2587 1328 2806 1390 πάντως
2846 1328 2955 1380 τῶν
2997 1328 3355 1398 Σαμαρειτῶν
3412 1327 3510 1379 καὶ
3576 1325 3793 1395 Ἑλλήνων

2265 1420 2582 1490 ἐτύγχανον.
2610 1421 2734 1483 Πῶς
2763 1419 2826 1473 δὲ
2853 1419 2949 1473 καὶ
2983 1419 3050 1473 τὰ
3076 1406 3246 1473 τέκνα
3266 1420 3311 1451 ⁸⁸
3343 1419 3454 1472 δεῖν
3478 1418 3794 1488 χορτασθῆναι

2264 1513 2533 1583 πρότερον
2568 1510 2996 1583 διεμαρτύρατο,
3041 1513 3137 1565 καὶ
3166 1512 3235 1566 τά
3260 1511 3495 1583 περιττά
3517 1512 3629 1573 τοῖς
3668 1528 3794 1563 κυνα-

2267 1605 2405 1676 ρίοις
2444 1605 2869 1670 ὑπολείπεσθαη
2902 1604 3038 1659 ἀλλὰ
3077 1604 3322 1667 καὶτοὺς
3355 1603 3606 1673 μαθητὰς
3632 1602 3798 1655 διατάτ-

2265 1713 2397 1765 των,
2421 1701 2527 1764 Εις
2543 1696 2681 1765 ἡνί’
2700 1698 2797 1763 ἂν,
2823 1698 2978 1768 φησὶ,
3004 1696 3242 1763 πόλινῆ
3274 1695 3482 1765 κώμην
3508 1695 3799 1762 εἰσέλθητε,

2266 1788 2595 1853 ἐξετάσατε
2623 1790 2717 1854 τίς
2746 1788 2918 1842 ἐστιν
2939 1788 3009 1840 ἐν
3040 1785 3196 1855 αὐτῇ
3224 1787 3416 1852 ἄξιος,
3448 1785 3574 1855 οὐχὶ
3603 1786 3678 1848 τίς
3694 1786 3802 1837 ἐστιν

2268 1883 2593 1954 ἁμαρτωλὸς
2611 1925 2627 1949 ,
2674 1881 2855 1936 κάκεῖ
2877 1881 3124 1951 μείνατε
3144 1878 3257 1945 ἕως
3281 1878 3568 1946 ἐξέλθητε
3596 1879 3801 1932 ἐκεῖθεν.

2268 1978 2340 2030 Ὃ
2378 1977 2472 2030 καὶ
2509 1977 2542 2047 ὴ
2584 1974 3013 2047 πορφυρόπωλις
3044 1973 3217 2027 εἰδυῖα
3258 1975 3373 2035 τοῖς
3401 1972 3535 2042 περὶ
3566 1972 3805 2042 Βαρνὰδαν

2268 2070 2365 2125 καὶ¹
2395 2069 2609 2125 Παῦλον
2641 2069 2850 2137 ἔλεγεν,
2882 2070 2953 2121 Ei
2974 2067 3018 2099 '°
3054 2066 3203 2140 [5'52
3246 2066 3351 2139 1L]
3386 2066 3614 2131 πιστὴν
3641 2082 3706 2134 με
3732 2082 3804 2118 xe-

2267 2165 2511 2233 κρίκατε
2553 2160 2635 2228 τῷ
2666 2161 2885 2230 Κυρίῳ,
2925 2162 3171 2230 μείνατε
3203 2160 3355 2227 πρός
3390 2175 3489 2228 με.
3524 2158 3631 2211 Καὶ
3663 2157 3717 2211 τὸ
3742 2158 3807 2210 λέ-

2266 2275 2385 2327 γειν
2435 2258 2534 2329 μὲν
2581 2257 2720 2329 πρὸς
2767 2257 2899 2319 τοὺς
2951 2253 3305 2318 ἀποστόλους,
3363 2253 3416 2307 οἵ
3469 2269 3611 2315 τινες
3648 2251 3808 2321 ἀρετῆς

2269 2351 2515 2422 ὑπῆρχον
2558 2349 2813 2413 κανόνες,
2862 2346 3032 2416 Ὑμῖν
3048 2346 3093 2379 ⁷⁸
3129 2345 3365 2399 δέδοται
3394 2343 3615 2413 γνῶναι
3643 2342 3705 2396 τὰ
3725 2362 3812 2412 pv-

2267 2442 2509 2511 στήρια,
2552 2442 2809 2506 ἐκείνοις
2830 2439 2898 2493 δὲ
2921 2440 2994 2494 οὐ
3034 2437 3294 2502 δέδοται,
3334 2437 3580 2508 δηλονότι
3612 2438 3713 2499 τοῖς
3736 2437 3807 2487 ἁν-

2267 2529 2460 2593 αξξοις.
2493 2529 2719 2592 Τούτοις
2754 2522 2848 2582 οὖν
2875 2529 2992 2591 τοῖς
3020 2528 3339 2599 εἰρημένοις
3376 2527 3551 2581 ἅπασι
3589 2526 3697 2588 πῶς
3735 2526 3812 2577 οὐκ

2265 2623 2638 2677 άντιπεσεῖται
2684 2621 2959 2693 λαμπρῶς
2989 2620 3071 2687 τὸ,
3094 2621 3217 2673 Οὐκ
3244 2615 3437 2689 ἦλθον
3475 2618 3715 2672 καλέσαι
3744 2617 3811 2670 δι-

2268 2720 2481 2786 καίους
2511 2718 2649 2772 ἀλλ’
2698 2714 3124 2787 ἁμαρτωλοὺς,
3173 2715 3229 2767 εἴ
3256 2732 3339 2778 τις
3392 2713 3721 2785 ὲπιμερίζων
3743 2714 3814 2765 τὸν

2268 2811 2558 2882 ἄνθρωπον
2599 2811 2679 2873 εἰς
2706 2808 3052 2880 ἁμαρτωλῶν
3097 2809 3193 2861 καὶ
3226 2807 3453 2861 δικαίων
3479 2808 3676 2875 τάγμα,
3700 2806 3815 2859 οὕτω

2265 2905 2367 2973 τὴν
2397 2902 2492 2955 τοῦ
2544 2900 2709 2973 ῥητοῦ
2748 2902 2992 2956 διάνοιαν
3045 2900 3411 2972 ἐκλαμϐάνεις
3443 2900 3523 2953 ἔτι
3554 2900 3610 2954 δὲ
3642 2903 3685 2952 ei
3714 2901 3817 2962 τοὺς

2269 2996 2370 3068 μὲν
2400 2995 2647 3057 δικαίους
2674 2995 2736 3047 ού
2764 2994 3054 3064 κέκληκεν,
3082 2996 3130 3048 οἱ
3150 2993 3206 3047 δὲ
3235 2991 3555 3063 ἁμαρτωλοὶ
3591 2993 3650 3045 ού
3680 3009 3816 3060 προσ-

2268 3092 2520 3161 ἐρχονται
2565 3088 2721 3159 (Πᾶς
2742 3091 2784 3120 ⁷¹
2815 3088 2928 3158 γὰρ
2959 3092 2992 3143 ὁ
3036 3086 3109 3143 τὰ
3142 3088 3349 3157 φαῦλα
3389 3087 3662 3153 πράττων
3684 3085 3823 3155 μισεῖ

576 3198 684 3236 non
712 3182 947 3245 vocavit,
978 3188 1298 3249 peccatores
1333 3190 1514 3232 autem
1552 3175 1781 3242 resilire,
1811 3190 1974 3246 quam
2001 3190 2159 3230 aece-

2269 3183 2337 3235 τὸ
2372 3180 2498 3250 φῶς
2524 3181 2623 3234 καὶ
2660 3182 2771 3235 οὐκ
2790 3180 3026 3249 ἔρχεται
3051 3181 3202 3248 πρὸς
3229 3181 3296 3232 τὸ
3325 3177 3473 3249 φῶς,
3498 3181 3613 3233 καί·
3658 3178 3713 3231 '0
3730 3194 3818 3231 πο-

575 3275 704 3327 dere
750 3271 1228 3343 (quemadmodum
1262 3270 1519 3339 diximus)
1551 3269 1880 3334 maluerunt,
1933 3268 2159 3338 quibus-

2268 3275 2518 3343 νηρύς⁷³
2545 3272 2857 3341 ἅνθρωπος
2885 3275 2955 3327 ἐκ
3000 3272 3107 3327 τοῦ
3157 3273 3425 3344 πονηροῦ
3464 3272 3572 3341 τῆς
3606 3273 3822 3342 καρδίας

573 3380 700 3417 nam
762 3363 1114 3432 prmdicatum
1187 3371 1271 3416 est
1343 3360 1741 3430 Evangelium?
1795 3360 1976 3430 Atque
2024 3359 2159 3414 idem

2267 3367 2455 3423 αὑτοῦ
2479 3366 2790 3434 θησαυροῦ
2824 3363 3107 3419 ἐκϐάλλει
3129 3367 3202 3421 τὰ
3222 3368 3487 3433 πονηρά·
3524 3368 3635 3421 καί·
3652 3365 3822 3420 110σὰ-

573 3457 707 3511 mihi
735 3455 847 3523 jam
882 3472 911 3509 e
943 3454 1110 3508 factis
1147 3468 1361 3525 quoque
1398 3454 1531 3523 ipsis
1559 3455 1814 3508 observa.
1868 3452 2159 3522 Oportebat

2268 3479 2365 3527 κις
2383 3462 2429 3493 ’⁷⁵
2472 3461 2750 3529 ἠθέλησα
2812 3460 3186 3529 συναγαγεῖν
3248 3462 3320 3514 τὰ
3362 3462 3545 3513 τέκνα
3583 3477 3710 3524 σου,
3743 3458 3824 3511 καὶ

573 3550 669 3605 Dei
698 3547 923 3601 Matrem
961 3547 1015 3601 in
1054 3557 1195 3600 terra
1236 3561 1359 3601 esse
1392 3564 1405 3601 :
1447 3561 1567 3599 eam
1620 3546 1853 3607 vocavit,
1873 3559 1994 3613 quae
2050 3559 2159 3597 om-

2268 3557 2380 3609 οὐκ
2412 3554 2789 3623 ἠθέλησας),
2846 3554 2893 3605 εἰ
2924 3549 3020 3606 οὗν
3053 3554 3178 3613 τοὺς
3239 3553 3339 3623 μὲν
3380 3554 3623 3616 δικαίους
3663 3554 3719 3605 οὐ
3753 3552 3825 3604 κέ-

576 3643 737 3696 nihus
786 3640 1086 3694 virtutibus
1147 3640 1282 3693 alias
1349 3654 1540 3693 omnes
1591 3648 1894 3707 superaret.
1948 3636 2159 3691 Patrem

2278 3647 2503 3717 κληκεν,
2538 3647 2589 3700 οἱ
2628 3648 2685 3700 δὲ
2730 3645 3047 3716 ἁμαρτωλοὶ
3089 3644 3153 3698 τὸ
3181 3645 3521 3717 ἀποσκιρτᾷν
3555 3645 3643 3698 τοῦ
3676 3661 3826 3714 προσα

574 3736 884 3804 oportebat,
908 3744 962 3787 et
998 3732 1196 3788 fratres
1254 3747 1415 3802 Super
1451 3742 1651 3786 terram
1690 3732 1970 3785 nominare
2017 3746 2159 3796 eum,

2271 3744 2445 3805 ιέναι,
2507 3742 2760 3812 καθάπερ
2818 3741 3065 3815 εἴρηται,
3128 3742 3652 3811 προτετιμήκασιτδ,
3704 3741 3827 3793 τίσιν

573 3830 667 3899 qui
700 3828 816 3883 sine
849 3838 1005 3897 patre
1030 3836 1194 3881 esset.
1231 3826 1347 3882 Non
1383 3840 1412 3878 e
1458 3824 1960 3891 latronibushos,et
1992 3845 2159 3886 mere-

2269 3836 2552 3907 ἐκηρύχθη
2604 3836 2667 3888 τὸ
2715 3836 3009 3905 κήρυγμα;
3053 3833 3126 3887 Σὺ
3178 3834 3235 3887 δέ
3279 3852 3369 3904 μοι
3417 3836 3515 3888 καὶ
3553 3833 3641 3885 ἀπ’
3669 3830 3826 3885 αὐτῶν

578 3921 831 3984 tricibus,
863 3919 1178 3988 deligendos
1218 3919 1451 3987 putavit,
1487 3919 1582 3973 sed
1615 3921 1705 3988 qui
1737 3919 1945 3988 justitia
1994 3923 2159 3976 collu-

2268 3932 2378 3986 τῶν
2404 3931 2749 4005 πραγμάτων
2775 3929 2990 3983 σκόπει.
3030 3928 3181 3980 Ἔδει
3230 3927 3444 3999 μητέρα
3476 3926 3609 3980 Θεοῦ
3640 3928 3722 3979 ἐπὶ
3740 3926 3825 3994 γῆς

571 4030 783 4075 ccrent.
814 4020 965 4074 Talis
1007 4018 1229 4086 Joscph,
1281 4017 1416 4071 tales
1458 4026 1511 4070 et
1550 4015 1667 4084 ejus
1709 4015 1885 4069 liberi.
1934 4015 2159 4070 Jacohus

2269 4021 2559 4092 γενέσθαι’
2595 4023 2695 4089 τὴν
2746 4020 2936 4073 πασῶν
2968 4020 3173 4082 πάσαις
3199 4019 3425 4090 ἀρεταῖς
3458 4016 3827 4090 ύπερανελθοῦο

572 4130 705 4170 vero
735 4115 786 4167 in
817 4122 1077 4183 quantum
1100 4112 1318 4165 virtutis
1346 4112 1572 4179 gradum
1597 4112 1951 4173 ascendisset,
1992 4126 2159 4181 quan-

2271 4133 2370 4169 σαν
2424 4114 2704 4168 ἐκάλεσεν.
2740 4113 2889 4165 Ἔδει
2932 4112 3145 4182 πατέρα
3193 4112 3289 4163 καὶ
3318 4109 3585 4177 ἀδελφοὺς
3617 4111 3699 4161 ἐπὶ
3742 4107 3829 4175 γῆς

2268 4209 2536 4278 ὀνομάσαι
2574 4207 2664 4259 τὸν
2694 4206 2945 4275 ἀπάτορα
2964 4223 2976 4237 ο
3005 4206 3107 4257 οὐκ
3133 4205 3197 4256 ὲκ
3225 4204 3335 4256 τῶν
3363 4202 3579 4274 λῃστῶν
3605 4204 3687 4256 καὶ
3714 4217 3827 4268 :09-

2270 4302 2379 4355 νῶν
2407 4300 2631 4363 τούτους
2656 4299 2963 4364 ἐξελέξατο,
2992 4298 3133 4351 ἀλλὰ
3153 4298 3279 4362 τοὺς
3301 4298 3358 4349 ὲν
3389 4296 3693 4365 δικαιοσύνῃ
3727 4293 3829 4345 διει-

577 4217 804 4276 tamque
836 4208 902 4260 de
930 4218 989 4258 se
1016 4205 1323 4275 opinionem
1361 4204 1502 4273 apud
1555 4201 1865 4257 Judacorum
1909 4202 2164 4272 populum

572 4301 893 4361 etcitasset,
928 4296 1012 4352 vel
1076 4296 1189 4352 sola
1247 4295 1365 4365 ejus
1418 4295 1708 4365 appellatio
1739 4295 1955 4350 clamat.
1988 4296 2165 4365 ipsum

575 4393 722 4446 enim
754 4391 987 4461 populus
1015 4398 1238 4457 propter
1261 4388 1484 4441 virtutis
1516 4388 1967 4458 magnitudinem,
2003 4399 2159 4457 atque

2268 4394 2607 4463 λάμποντας.
2643 4392 2903 4454 Τοιοῦτος
2928 4390 3038 4462 γὰρ
3080 4390 3280 4461 Ἰωσήφ
3303 4390 3426 4443 τε⁷⁶
3461 4390 3553 4442 καὶ
3588 4390 3635 4442 οἱ
3661 4386 3823 4439 τούτου

574 4483 772 4556 agendi
820 4498 945 4536 cum
982 4481 1094 4536 Deo
1145 4482 1451 4536 libertatem
1488 4481 1695 4535 Obilam
1754 4482 1888 4551 (57),
1922 4482 2023 4537 hoc
2058 4492 2159 4545 est,

2270 4485 2481 4547 παῖδες.
2528 4484 2585 4536 Ὁ
2609 4483 2665 4536 δὲ
2711 4480 2967 4544 Ἰάκωὸος
2996 4480 3080 4549 ἐφ’
3105 4482 3230 4533 ὅσον
3262 4479 3466 4551 ἀρετῆς
3495 4479 3623 4548 ὕψος
3648 4475 3823 4544 ἀνῆλθε

568 4578 834 4648 populum
868 4576 1201 4641 prtesidium,
1227 4584 1273 4626 et
1300 4575 1675 4647 protectionem
1706 4573 1992 4627 vocabant.
2023 4571 2159 4626 Rur-

2267 4581 2365 4634 xa‘t
2392 4578 2515 4632 τίνα
2556 4578 2815 4648 παρεῖχεν
2856 4574 3127 4645 ὑπόληψιν
3157 4573 3235 4643 τῷ
3263 4573 3373 4626 τῶν
3416 4574 3674 4627 Ἰουδαίων
3698 4568 3821 4635 λαῷ,

570 4685 719 4732 sum,
746 4668 927 4723 Verbo
965 4681 1302 4737 przecurrere
1352 4666 1591 4733 oportuit
1635 4664 2071 4720 Prazcursorem:
2112 4674 2159 4721 el

2268 4673 2365 4726 nat
2394 4674 2428 4743 ἡ
2471 4669 2665 4739 κλῆσις
2699 4668 2938 4735 ἁναδοᾷ·
2974 4666 3239 4720 ὠὸλίαν⁷⁷
3271 4665 3383 4737 γὰρ
3412 4665 3573 4719 αὑτὸν
3600 4665 3653 4717 τὸ
3694 4661 3825 4727 πλῆ-

566 4765 664 4834 qui
700 4762 981 4834 prophetis
1002 4767 1051 4825 ο,
1080 4758 1444 4828 omnibusque
1472 4760 1608 4813 adeo
1640 4758 1950 4812 hominibus
1995 4755 2159 4824 major

2272 4765 2365 4828 00;
2391 4764 2476 4818 διὰ
2507 4764 2567 4816 τὸ
2588 4765 2684 4831 τῆς
2714 4763 2917 4833 ἀρετῆς
2947 4761 3177 4831 μέγεθος
3207 4762 3301 4816 καὶ
3329 4762 3431 4833 τὴν
3459 4760 3590 4830 πρὸς
3612 4759 3665 4810 τὸ
3683 4756 3826 4808 Θεῖον

568 4865 744 4919 esset,
805 4850 1393 4922 prarcurrit.0portuit
1456 4861 1512 4905 et
1570 4860 1760 4905 testem
1814 4849 2021 4915 oﬂerri,
2068 4850 2158 4918 qui

2270 4852 2612 4924 παρρησίαν,
2666 4849 2913 4903 τουτέστι
2960 4850 3253 4919 περιοχὴν
3308 4851 3403 4905 καὶ
3456 4850 3678 4915 σκέπην
3726 4843 3828 4897 τοῦ

567 4950 690 5019 ejus
721 4948 950 5018 gloriam
975 4954 1290 5002 testaretur.
1310 4942 1622 4998 Simeonem
1657 4943 1836 4998 itaoue
1869 4951 1923 5003 et
1945 4944 2158 4997 Annam

2267 4945 2425 5000 λαοῦ
2506 4942 2918 5013 κατωνόμαζον.
2980 4942 3150 4996 Πάλιν
3207 4942 3314 4995 ἔδει
3369 4942 3687 5015 προδραμεῖν
3736 4936 3825 4990 τοῦ

1124 5094 1147 5120 κ
1178 5082 1194 5135 1
1225 5081 1352 5135 Cor.
1384 5096 1420 5143 I,
1444 5080 1535 5133 24.
1648 5092 1672 5120 ιι
1701 5079 1889 5135 Matth.
1917 5096 1971 5145 Χ,
1998 5080 2051 5145 5,
2094 5083 2149 5136 6.

2264 5096 2274 5122 ³
2306 5082 2499 5136 Matth.
2565 5098 2654 5144 xv,
2689 5081 2779 5135 26.
2872 5092 2893 5119 ο
2918 5080 3107 5136 Matth.
3137 5095 3192 5144 Χ,
3226 5079 3312 5133 11.
3391 5080 3417 5120 ἀ
3456 5082 3575 5135 Act.
3604 5093 3705 5139 xtl,
3746 5075 3825 5126 15.

1194 5150 1398 5207 fJoan.
1466 5166 1546 5217 ιιι,
1589 5152 1680 5204 20.
1762 5151 2002 5204 Hlatth.
2049 5154 2255 5218 xu,55.
2331 5153 2574 5207 hMatth.
2626 5169 2758 5207 xxnI
2817 5151 2908 5205 '57.

1842 5264 2077 5323 γΑιιιΑι
2120 5266 2525 5322 LECTIONES.

644 5094 673 5135 γ
704 5086 864 5141 Rom.
897 5100 952 5150 ιι,
989 5083 1044 5138 4.

575 5170 603 5199 ε
628 5157 821 5211 Matth.
860 5171 981 5219 xm,
1025 5155 1110 5209 11.

2018 5385 2186 5457 θεῖς]
2236 5386 2434 5457 Matth.
2485 5400 2542 5449 Χ,
2578 5384 2632 5439 5.
2779 5384 2855 5457 “cdt
2887 5384 3057 5457 τέκνα
3100 5385 3207 5457 δεῖν
3314 5401 3327 5435 :
3368 5385 3529 5457 τέκνα
3556 5379 3831 5457 δεῖν-τὸς.

2838 5456 2881 5485 ⁷¹
2906 5454 3059 5525 ὑμῖν]
3094 5455 3291 5510 Matth.
3325 5472 3443 5517 XIII,
3477 5455 3558 5507 Η.
3631 5453 3671 5480 ⁷¹
3700 5445 3831 5525 figi

3442 5528 3483 5557 "
3513 5540 3567 5574 τε
3617 5520 3730 5575 add.
3762 5520 3831 5567 Λ.

647 5391 695 5421 ⁸⁸
733 5386 1058 5459 κηρύσσειν]
1113 5385 1135 5439 ι
1168 5385 1296 5459 Cor.
1335 5401 1374 5450 I,
1607 5383 1818 5459 f‘ﬁégn
1874 5403 1933 5450 ς.

576 5460 730 5514 locus
763 5454 847 5514 est
875 5454 1070 5511 Matth:
1114 5472 1204 5519 xv,
1233 5458 1349 5528 26._
1406 5457 1562 5528 “isi;
1592 5454 1684 5528 ἦν]
1731 5454 1921 5511 Matth.
1956 5474 2010 5518 κ,
2054 5456 2147 5528 Η.
2172 5454 2246 5528 "ff
2270 5455 2341 5527 εὶ]
2372 5460 2495 5511 Act.
2534 5456 2741 5528 nudi}

573 5530 732 5585 Jnan.
780 5544 861 5588 III,
901 5528 993 5582 20.
1070 5529 1117 5558 ⁷³
1152 5524 1352 5595 ὁπονλ
1418 5525 1589 5581 Math.
1618 5524 1846 5591 'xil,55.
1919 5528 1965 5558 7‘
1994 5526 2149 5596 ποσ.Ι
2203 5524 2377 5597 Matt—II
2451 5543 2613 5597 χχιιι,
2643 5526 2734 5597 57.
2811 5526 2857 5557 ’⁸
2890 5524 3226 5597 τετιμήκασι
3280 5527 3343 5578 Α.

575 5602 621 5634 ⁷⁷
651 5598 881 5673 osum]
914 5600 1037 5653 libri
1080 5597 1199 5652 Ἰὼϐ
1236 5598 1381 5654 λίαν.
1418 5598 1492 5653 cf.
1529 5598 1739 5654 Suieer.
1773 5598 1835 5661 lt.
1864 5612 1916 5651 ν.
1945 5597 2016 5652 cf.
2044 5598 2331 5653 Fabricius
2357 5596 2424 5653 Β.
2450 5596 2547 5651 Gr.
2575 5611 2616 5653 t.
2651 5596 2719 5651 Χ.
2754 5614 2808 5669 p.
2839 5596 2943 5651 748
2972 5599 3060 5651 ed.
3092 5599 3305 5653 llarlcs.

2078 5715 2311 5774 NUTIE.

646 5840 758 5915 (57)
793 5840 1093 5898 Conﬁrmat
1119 5836 1314 5895 Euseb.
1345 5837 1437 5893 lib.
1462 5851 1522 5898 II,
1554 5849 1674 5901 cap.
1708 5833 1800 5901 2:3,
1855 5850 1919 5888 ex
1958 5833 2279 5905 llegesippo.
2320 5833 2586 5890 Vitiatum
2623 5850 2752 5905 ergo
2781 5835 2869 5890 hic
2888 5836 3169 5906 exemplar
3197 5835 3445 5890 Grtecum
3476 5829 3693 5895 corrige.
