4014 6400
278 354 390 419 309
1335 350 1860 415 BIBLIOTHECA.
1905 378 1973 389 ——
2012 355 2174 415 con.
2214 356 2492 418 ccxxu.
3412 366 3519 433 810

272 470 449 537 Λόγου
480 466 800 539 Πρόδρομον
822 481 841 501 ο
868 467 899 522 δ
930 466 1133 539 μείζων
1163 467 1457 538 προφητῶν
1497 469 1594 521 καὶ
1626 467 1842 522 πάντων

1959 470 2180 525 vocavit
2206 472 2255 511 ιο
2279 481 2326 525 P.
2356 469 2728 540 ﬁiscipulosne
2757 472 2949 543 legisse
2973 475 3215 545 oportuit
3237 477 3263 532 τ
3284 480 3520 548 optimos

269 558 576 630 ἀνθρώπων
624 558 934 631 προτρέχει.
974 558 1154 621 ,Ἔδει
1218 559 1474 630 μάρτυρα
1527 560 1627 629 τῆς
1680 559 1842 614 αὐτοῦ

1960 562 2145 629 utique
2178 560 2381 631 delegit
2407 578 2422 615 :
2451 560 2575 617 Scio
2604 564 2764 631 enim,
2810 564 3004 633 inquit,
3028 582 3159 635 quos
3208 567 3451 639 elegerint
3466 580 3519 626 «ι.

271 651 645 722 προδαλέσθαι
665 652 714 684 ’⁸
764 652 926 721 δόξης
948 664 964 681 ⁶
993 650 1086 705 τὸν
1114 651 1345 722 Συμεὼν
1387 651 1482 706 καὶ
1508 652 1610 721 τὴν
1648 653 1842 705 ’Ἄνναν

1951 651 2293 725 [Oportebat]
2350 666 2619 709 mortuum
2678 656 3006 711 resuscitare
3054 658 3518 733 [Bethanienseml

268 742 548 797 ἐκάλεσεν.
578 742 727 798 Ἔδει
760 742 1011 813 μαθητὰς
1041 742 1372 813 προσλαϐεῖν
1402 760 1418 775 ·
1440 744 1568 805 τοὺς
1592 742 1848 813 ἀρίστους

267 835 503 903 λογάδας
526 836 757 890 τίθεται·
790 831 996 890 οῖδα-τ’
1038 836 1174 907 γάρ.
1202 835 1392 906 φησὶν,
1419 835 1529 901 οὓς
1559 834 1845 899 ἐξελεξά-

262 941 411 993 μην.
465 922 605 996 [ἔδει
623 922 701 995 ⁸⁸]
733 924 928 995 νεκρὸν
958 925 1171 994 ἐγείραι
1198 924 1326 995 [τὸν
1354 925 1420 977 ἐκ
1464 923 1736 993 Βηθανίας
1754 924 1798 955 ⁸¹
1826 922 1845 994 ]

264 1018 521 1089 Λάζαρον
540 1018 623 1050 δ”
680 1016 796 1071 ἀλλ’
852 1017 914 1082 ἐξ
965 1016 1297 1087 εὐσεϐούσης
1356 1015 1628 1082 οἰκίαςη,
1693 1016 1751 1068 ὲν

265 1108 471 1179 Μάρθα
494 1108 588 1163 και
607 1095 817 1179 Μαρία,
844 1109 913 1172 ἃς
933 1109 1033 1180 τὴν
1056 1108 1265 1178 ἀγαθὴν
1289 1106 1615 1171 ἐκλέξασθαι
1645 1105 1840 1177 μερίδα

1948 742 2213 798 Lazarum
2247 754 2290 799 τ.
2318 743 2423 800 Sed
2453 761 2575 802 eum
2627 748 2841 803 nonnisi
2872 762 2938 802 ex
2992 749 3078 817 pia
3113 752 3293 817 domo,
3320 752 3373 806 in
3414 768 3520 821 qua

1949 833 2158 890 Martha
2198 846 2253 890 et
2296 836 2486 903 Maria,
2516 852 2677 906 quam
2737 838 2930 895 bonam
2971 848 2995 877 ι
3027 839 3257 910 elegisse
3312 848 3519 910 partem

1949 926 2129 980 divina
2175 927 2545 995 pronuntiavit
2576 929 2869 985 sententia.
2904 930 2979 982 Ex
3010 930 3259 999 gentibus
3305 945 3520 1000 quoque

1950 1017 2133 1071 vocari
2164 1016 2376 1086 aliquos
2398 1020 2668 1089 oportuit:
2687 1020 2893 1090 primus
2910 1022 3149 1075 omnium
3189 1022 3475 1078 Cornelius
3493 1023 3513 1059 ι

1948 1117 2198 1173 vocatur,
2224 1109 2316 1179 qui
2347 1118 2583 1178 quantus
2605 1110 2804 1164 virtute
2820 1110 3006 1178 (etiam
3024 1121 3149 1165 ante
3174 1111 3521 1179 baptismum)

263 1202 325 1255 τὸ
374 1200 523 1255 θετον
562 1201 812 1272 ἀπέφηνε
860 1201 1141 1271 ψήφισμα.
1199 1199 1290 1264 Ἓξ
1346 1198 1516 1252 ἐθνῶν
1545 1198 1656 1251 ἔδει
1703 1197 1840 1268 κλη-

1948 1197 2135 1264 fuerit,
2168 1214 2341 1255 sacrae
2366 1200 2659 1269 loquuntur
2686 1200 2922 1256 Litterae.
2974 1200 3133 1255 Cruci
3162 1212 3190 1239 ιι
3230 1200 3520 1270 alligantur

263 1292 455 1363 θῆναι·
493 1292 719 1364 ἀπαρχὴ
758 1292 867 1347 τῶν
916 1293 1099 1353 ¹ἄλλων
1146 1292 1177 1343 ό
1210 1290 1511 1363 Κορνήλιος
1556 1289 1834 1344 καλεῖται·

1947 1290 2051 1345 duo
2070 1290 2308 1346 latrones
2337 1310 2352 1346 :
2378 1292 2471 1348 sed
2502 1308 2598 1348 cur
2624 1309 2767 1348 unus
2816 1292 3008 1348 melior
3063 1293 3372 1363 paradisum
3417 1292 3521 1349 sibi

262 1385 389 1448 ὅσος
418 1384 480 1439 δὲ
520 1385 621 1457 τὴν
665 1385 864 1456 ἀρετὴν
900 1385 1000 1438 καὶ
1048 1383 1155 1452 πρὸ
1208 1382 1302 1438 τοῦ
1334 1383 1728 1453 βαπτίσματος,
1774 1380 1836 1435 τὸ

1947 1383 2133 1451 aperit;
2154 1382 2347 1453 292i;
2356 1384 2695 1454 blasphemus
2711 1394 2921 1451 contra,
2933 1396 2987 1439 et
3003 1384 3203 1452 peccati
3222 1384 3522 1439 indelebilia

262 1481 411 1550 ἱερὸν
438 1480 801 1553 ἀνακηρύττει
828 1480 1087 1552 γράμμα.
1108 1478 1473 1548 Σταυροῦνται
1492 1477 1589 1531 δύο
1624 1474 1841 1551 λῃσταίθ

1947 1486 2164 1546 gestans
2191 1480 2432 1544 vulnera,
2468 1494 2533 1534 ex
2561 1493 2717 1549 paena
2750 1481 2801 1534 in
2832 1479 3226 1535 damnationem
3267 1478 3519 1534 mittitur.

258 1577 377 1630 ἀλλ’
395 1578 428 1629 ὁ
454 1576 553 1646 μὲν
573 1574 870 1646 εὐγνώμων
897 1573 1110 1642 ἀνοίγει
1132 1572 1232 1627 ςτδν
1249 1574 1299 1610 ⁸⁵
1325 1573 1669 1645 παράδεισον,
1690 1569 1972 1644 [θυαμ
1986 1571 2044 1626 δὲ
2075 1572 2411 1646 βλασφημῶν
2438 1576 2645 1647 καὶτῆς
2666 1576 2939 1648 ἁμαρτίας
2958 1576 3313 1642 ἀνεξάλειπτα
3342 1574 3522 1646 φέρων

260 1671 638 1741 τά-στίγματα
660 1673 742 1735 είς
765 1671 922 1742 δίκην
954 1672 1019 1723 ἐκ
1050 1671 1341 1743 ,τιμωρίας
1369 1669 1800 1742 παραπέμπεται
1816 1670 1886 1723 ⁸⁸.

333 1762 500 1817 Οὕτω
542 1763 685 1817 κατά
730 1764 838 1816 πᾶν
882 1762 1037 1826 (Ova;
1068 1763 1163 1816 καὶ
1217 1764 1374 1831 γένος
1413 1764 1510 1818 καὶ
1560 1762 1838 1825 πολιτείας

2013 1759 2106 1815 Sic
2133 1758 2187 1813 in
2214 1757 2359 1812 omni
2381 1758 2543 1813 etiam
2564 1758 2802 1821 natione,
2835 1768 2945 1813 tum
2994 1758 3196 1813 fatnilia
3239 1767 3295 1813 et
3316 1770 3519 1827 genere

264 1855 469 1925 ίδίωμα
492 1855 619 1918 τοὺς
648 1855 767 1908 κατ’
793 1854 995 1926 ἀρετὴν
1029 1853 1147 1907 εστι
1180 1852 1380 1924 μᾶλλον
1408 1852 1656 1924 βιοῦντας
1684 1853 1837 1924 όρᾷν,

254 1947 293 2017 ἢ
321 1946 457 2009 τοὺς
498 1944 758 1999 τάναντία
812 1945 1243 2011 σπουδάζοντας,
1278 1945 1376 1998 καὶ
1421 1944 1717 2015 κληθέντας
1747 1942 1842 1996 καὶ

254 2037 715 2110 ιπροσδραμόντας
763 2039 858 2091 καὶ
886 2037 1359 2109 ἀκολουθήσαντας
1394 2036 1473 2108 τῷ
1522 2036 1837 2090 καλέσαντι.

259 2131 324 2184 Εί
353 2131 415 2184 δὲ
451 2131 516 2184 σὺ
558 2131 766 2203 πόρνην
798 2132 894 2184 καὶ
926 2128 1169 2201 τελώνην
1216 2132 1396 2203 είπῃς,
1429 2129 1699 2184 κάκείνων
1726 2129 1841 2183 ίσοι

255 2224 369 2275 τῶν
392 2222 688 2292 διατριϐῶν
709 2222 805 2276 καὶ
838 2222 1253 2294 πολιτευμάτων
1280 2227 1407 2286 τοὺς
1436 2222 1646 2293 βραχὺν
1687 2239 1843 2275 σπιν-

254 2313 412 2384 θῆρά
458 2330 584 2367 τινα
620 2315 719 2384 τῆς
748 2313 1095 2385 ἀνθρωπίνης
1121 2313 1405 2383 εὐγενείας
1440 2313 1570 2385 [555
1593 2312 1693 2384 Η.]
1716 2313 1843 2366 δια-

260 2403 542 2467 σώζοντας
580 2404 900 2476 προσελθεῖν
933 2405 1189 2459 καλοῦντι
1232 2404 1314 2476 τῷ
1357 2404 1569 2475 Σωτῆρι
1589 2443 1605 2469 ,
1638 2403 1733 2457 καὶ
1760 2403 1843 2457 δι-

256 2497 441 2560 καίως
462 2497 511 2527 ⁸⁸
557 2496 695 2568 πρός
744 2512 810 2564 γε
838 2496 901 2550 τὸ
930 2496 1147 2567 πλῆθος
1184 2496 1292 2551 τῶν
1333 2496 1407 2567 μὴ
1440 2492 1841 2566 προσελθόντων

259 2586 451 2650 ἀξίους
484 2587 580 2641 καὶ
620 2585 937 2657 νομίζεσθαι
966 2588 1064 2649 καὶ
1096 2586 1485 2658 ὀνομάζεσθαι.
1520 2586 1633 2640 Ποῦ
1661 2586 1842 2640 τοίνυν

258 2678 376 2731 τῶν
406 2678 748 2750 ἁμαρτωλῶν
776 2680 810 2750 ἡ
861 2679 1075 2749 κλῆσις,
1105 2681 1196 2734 ὅτε
1225 2680 1424 2751 πόρναι
1473 2678 1568 2732 καὶ
1614 2676 1842 2737 τελῶναι

260 2772 359 2824 καὶ
388 2771 590 2844 λῃσταὶ
624 2770 860 2842 ὁρῶνται
887 2772 1087 2826 ἐκεῖνοι
1118 2772 1278 2842 μόνον
1327 2770 1705 2841 ἀσπασάμενοι
1742 2768 1842 2841 τὴν

256 2864 538 2934 σωτήριον
568 2862 776 2934 κλῆσιν,
806 2864 861 2918 οἱ
880 2864 993 2917 ητιῖιν
1021 2864 1354 2936 όμοτεχνῶν,
1384 2863 1463 2928 ὡς
1508 2865 1566 2916 tv
1592 2860 1835 2933 τοσούτῳ

258 2954 451 3008 κακῶν
480 2954 655 3024 βάθει,
702 2956 853 3026 ὅμως
897 2955 1214 3028 προεῖχον⁶⁷
1248 2957 1307 3008 ὲν
1355 2956 1471 3017 τοῖς
1525 2953 1840 3023 ἀμείνοσινς

258 3047 386 3100 οὐδὲ
436 3048 612 3101 ἐκεῖνο
652 3047 710 3105 δὲ
758 3047 1048 3118 παρελθεῖν
1088 3048 1318 3101 δίκαιον.
1374 3045 1451 3099 Τὸ
1503 3045 1694 3115 τάγμα
1729 3042 1843 3098 τῶν

1950 1852 2042 1923 qui
2076 1864 2143 1905 ex
2183 1849 2383 1904 virtute
2415 1850 2658 1904 viverent
2699 1850 2941 1904 videmus
2975 1851 3177 1916 vocari,
3212 1861 3515 1911 accurrere,

1944 1951 2336 2010 vocantemque
2349 1942 2499 2011 sequi
2531 1942 2706 2010 potius
2736 1956 2893 2010 quam
2928 1941 3320 2009 quicontrariis
3341 1951 3522 1995 essent

1946 2035 2112 2090 dediti
2149 2032 2365 2088 studiis.
2394 2032 2543 2099 Quod
2574 2033 2621 2086 si
2650 2042 2703 2085 ttt
2731 2032 3086 2100 prostibulum
3126 2032 3254 2085 mihi
3290 2043 3379 2085 aut
3417 2048 3518 2101 pu-

1947 2126 2221 2181 blicanum
2249 2124 2484 2193 aliquem
2533 2124 2845 2188 adduxeris,
2876 2125 3039 2179 etiam
3098 2124 3241 2178 illoc
3292 2136 3520 2179 numero

1946 2220 2092 2274 scias
2109 2226 2272 2286 atque
2291 2216 2483 2271 ordine
2501 2218 2567 2272 ad
2590 2225 2870 2271 vocantem
2893 2215 3229 2271 Salvatorem
3258 2216 3519 2271 accedere

1946 2309 2039 2381 qui
2073 2310 2323 2379 exiguam
2350 2309 2543 2363 saltem
2585 2299 2837 2363 huinanai
2892 2307 3191 2363 nobilitatis
3226 2304 3518 2362 scintiham

1947 2402 2267 2465 retinerent,
2302 2409 2361 2454 ut
2399 2400 2594 2454 merito
2619 2414 2728 2469 prae
2751 2399 3092 2455 multitudine
3121 2413 3226 2453 non
3257 2400 3520 2454 acceden-

1946 2492 2081 2546 tium
2131 2491 2197 2544 ad
2255 2489 2443 2555 Deum,
2486 2488 2634 2556 digni
2692 2487 3205 2559 habeanturatque
3247 2488 3517 2544 dicantur.

1950 2581 2049 2637 Ubi
2089 2590 2172 2635 est
2200 2579 2361 2649 igitur
2388 2589 2729 2648 peccatorum
2761 2581 2991 2644 vocatio,
3019 2580 3234 2650 quando
3268 2593 3299 2634 e
3339 2592 3520 2635 mere-

1947 2673 2193 2735 tricibus,
2220 2671 2521 2742 publicanis
2550 2681 2605 2724 et
2633 2670 2932 2726 latronibus
2988 2670 3155 2726 hosce
3197 2671 3341 2726 solos
3378 2671 3517 2726 divi-

1945 2779 2071 2819 nam
2130 2777 2253 2819 esse
2291 2763 2630 2818 vocationem
2694 2763 3030 2831 amplexatos
3086 2763 3351 2830 videmus,
3423 2763 3518 2833 qui

1948 2856 2091 2911 inter
2117 2865 2402 2912 consortes
2433 2856 2769 2926 (quanquam
2805 2855 3007 2925 ingenti
3032 2855 3085 2909 in
3126 2855 3393 2910 malorum
3413 2856 3514 2911 ba-

1949 2946 2157 3017 rathro)
2179 2948 2393 3001 caeteris
2421 2956 2597 3001 tamen
2628 2946 2910 3000 meliorum
2946 2962 3128 3001 rerum
3180 2947 3360 3001 studio
3383 2960 3523 3018 pra-

1948 3039 2186 3094 stabant.
2206 3037 2388 3108 Neque
2416 3050 2546 3093 vero
2577 3037 2704 3091 illud
2739 3035 3017 3106 praeterire
3058 3036 3141 3091 fas
3190 3045 3289 3090 est.
3326 3034 3520 3090 Decem

262 3136 554 3207 παρθένων
580 3139 613 3209 η
644 3138 808 3202 δεκάς
842 3138 1232 3209 διελάμϐανεν·
1274 3137 1388 3199 ἀλλ’
1421 3137 1479 3191 αί
1517 3137 1618 3209 μὲν
1653 3137 1841 3207 φρόνι-

1947 3140 2065 3187 erat
2124 3130 2414 3186 admodum
2454 3130 2721 3199 virginum
2762 3129 3087 3185 ctetus:sed
3123 3128 3336 3184 nonnisi
3366 3127 3522 3197 quin-

262 3245 355 3299 μοι
408 3229 503 3284 τοῦ
537 3232 824 3300 νυμφῶνος
868 3230 1256 3294 ἀπολαύουσιν,
1292 3230 1352 3287 al
1410 3228 1469 3283 δὲ
1506 3228 1689 3301 μωραὶ
1734 3228 1844 3282 ἀπ-

260 3319 599 3376 ελαύνονται.
642 3322 754 3375 Καὶ
784 3322 813 3375 ό
855 3322 914 3375 τὸ
941 3321 1144 3391 ἔνδυμα
1178 3321 1276 3377 τοῦ
1303 3321 1485 3392 γάμου
1527 3321 1605 3392 μὴ
1634 3320 1842 3390 φορῶν,

261 3410 374 3463 τῶν
399 3410 575 3469 ἄλλων
607 3412 877 3482 μενόντων
903 3414 965 3466 ὲν
994 3416 1062 3483 τῇ
1098 3414 1205 3487 ίδίᾳ
1241 3415 1416 3481 τάξει,
1446 3412 1610 3477 αὐτὸς
1640 3411 1842 3473 ὲκδάλ-

261 3500 416 3553 λεται
440 3502 630 3571 μόνος.
659 3503 815 3567 Τίνες
858 3503 917 3557 δὲ
956 3506 1051 3559 καὶ
1078 3506 1172 3560 ὑπ’
1200 3505 1448 3575 ἀγγέλων
1477 3506 1535 3561 ὲν
1562 3508 1629 3577 τῇ
1656 3504 1844 3558 τελευ-

262 3591 394 3659 ταίᾳ
421 3596 522 3662 τῆς
563 3594 802 3663 κρίσεως
834 3596 1019 3667 ἡμέρᾳ
1046 3599 1126 3661 είς
1148 3598 1460 3667 ἀπάντησιν
1494 3596 1589 3651 τοῦ
1636 3596 1839 3669 Κυρίου

265 3683 826 3753 παραλαμϐάνονταις
871 3688 905 3757 ἢ
944 3687 1102 3758 δῆλον
1128 3688 1211 3753 ὡς
1256 3691 1305 3743 oi
1334 3690 1552 3755 δίκαιοι,
1593 3688 1706 3744 ἀλλ’
1742 3689 1841 3760 οὐχ

260 3773 380 3829 oi”
414 3776 757 3847 ἀμαρτωλοί;
782 3780 833 3833 τί
859 3780 952 3835 οὖν
978 3782 1094 3837 ἐστι
1124 3782 1185 3835 τὸ
1215 3784 1338 3837 οὐκ
1366 3778 1560 3853 ἦλθον
1580 3781 1838 3843 καλέσαι

261 3865 555 3933 δικαίους,
594 3867 734 3921 ἀλλ’
771 3870 1159 3938 ἁμαρτωλούς
1177 3887 1195 3934 ;
1222 3872 1497 3925 τουτέστιν
1536 3870 1682 3925 ἅπαν
1704 3871 1749 3905 ⁸⁸
1778 3871 1841 3925 τὸ

262 3956 608 4025 ἀνθρώπινον
633 3960 810 4027 γένος,
832 3964 933 4032 τῆς
961 3962 1227 4033 ἀκριὸοῦς
1255 3963 1346 4019 καὶ
1372 3962 1583 4025 τελείας
1608 3962 1841 4033 διαμαρ-

261 4048 456 4113 τόντας
486 4049 833 4122 δικαιοσύνης
857 4092 875 4116 ,
900 4050 1063 4124 ἦλθον
1090 4054 1319 4111 καλέσαι
1347 4055 1442 4108 καὶ
1472 4054 1841 4121 ἐπαναγαγεῖν

261 4140 403 4206 πρὸς
457 4142 671 4214 ἐκείνην
723 4143 823 4213 τὴν
867 4144 1021 4215 λῆξιν
1046 4142 1115 4219 ἦς
1148 4145 1584 4217 κατωλίσθησαν.
1634 4146 1697 4198 Εί
1728 4144 1841 4216 γὰρ

261 4232 361 4285 καὶ
402 4232 672 4304 διαφορὰν
703 4236 1150 4309 πρδςάλλήλους,
1175 4238 1317 4295 κατά
1344 4238 1445 4309 τὴν
1472 4235 1744 4291 πολιτείαν
1778 4236 1841 4289 τὸ

259 4322 418 4389 γένος
451 4324 606 4391 ἡμῶν
638 4324 874 4394 ἔχουσιν,
895 4328 944 4380 οί
979 4327 1080 4398 μὲν
1108 4330 1458 4401 ἐκτοπώτερα
1484 4327 1833 4399 βεϐιωκότες,

260 4412 310 4464 oi
360 4410 417 4463 δὲ
464 4414 826 4484 ἀνεκτότερα,
875 4417 1025 4485 ὅμως
1076 4418 1253 4482 οὐδεὶς
1319 4420 1486 4490 χωρὶς
1541 4418 1836 4488 ἁμαρτίαςο

1950 3235 2056 3291 que
2079 3223 2368 3291 prudentes
2394 3221 2634 3291 Sponsali
2688 3220 2925 3276 thalamo
2980 3220 3251 3286 fruuntur,
3284 3219 3522 3289 quinque

1948 3314 2111 3369 fatuae
2143 3314 2474 3384 repelluntur
2504 3313 2555 3367 ν.
2607 3311 2698 3368 Sic
2722 3312 2814 3367 ille
2845 3311 2937 3382 qui
2987 3311 3283 3381 nuptialem
3308 3321 3519 3366 vestem

1948 3421 2060 3460 non
2088 3404 2368 3470 attulerat,
2400 3403 2613 3460 caeteris
2635 3418 2793 3459 suum
2820 3404 3048 3473 quisque
3095 3402 3273 3457 locum
3327 3410 3517 3456 tenen-

1946 3497 2116 3563 tibus,
2151 3496 2299 3552 solus
2326 3497 2540 3566 eiicitur
2566 3509 2616 3552 κ.
2650 3496 2883 3564 Quinam
2938 3508 3069 3550 vero
3125 3492 3194 3549 ab
3231 3492 3421 3563 angelo
3463 3493 3519 3548 in

1945 3597 2193 3643 extremo
2210 3588 2397 3656 judicii
2422 3588 2506 3642 die
2524 3597 2813 3642 occursum
2843 3586 3052 3642 Domini
3076 3594 3430 3642 assumuntur
3449 3591 3479 3634 1
3495 3583 3523 3639 2

1947 3677 2283 3747 Nonnejnsti
2305 3688 2360 3734 et
2426 3692 2531 3733 non
2607 3676 2960 3748 peccatores?
2992 3676 3132 3746 Quid
3197 3677 3362 3747 igitur
3415 3674 3518 3730 sibi

1946 3771 2063 3825 vult
2089 3772 2251 3825 illud:
2284 3769 2406 3824 Non
2431 3772 2544 3826 veni
2589 3789 2771 3827 vocare
2789 3774 2989 3841 justas,
3016 3773 3108 3826 sed
3137 3785 3430 3841 peccatores
3453 3769 3519 3824 τί

1947 3859 2062 3916 Hoc
2094 3876 2153 3917 es
2171 3870 2211 3926 ι,
2234 3862 2379 3932 quod
2403 3860 2472 3916 ab
2501 3862 2710 3933 integra
2729 3875 2889 3933 atque
2911 3862 3147 3931 perfecta
3186 3862 3391 3932 iustitia
3421 3876 3520 3915 ex-

1946 3956 2159 4011 ciderat
2193 3956 2487 4011 humanum
2513 3972 2703 4028 genus,
2739 3968 2988 4013 vocatum
3041 3957 3187 4023 veni,
3224 3968 3279 4010 et
3315 3957 3367 4010 in
3399 3972 3519 4010 eam

1946 4058 2166 4111 sortem,
2198 4050 2509 4115 educturus,
2569 4066 2730 4120 quam
2782 4050 3059 4104 amiserat.
3093 4049 3207 4104 Etsi
3226 4049 3365 4101 enim
3400 4049 3521 4101 vit.e

1947 4154 2145 4210 genere
2194 4141 2352 4197 valde
2405 4142 2548 4196 inter
2600 4157 2660 4197 se
2718 4142 2967 4197 homines
3011 4142 3084 4197 illi
3125 4140 3394 4207 dilferanl,
3428 4140 3519 4209 qni

1947 4232 2290 4287 indecentius
2341 4233 2596 4299 vixerint,
2675 4235 2875 4306 quique
2931 4234 3320 4301 continentius,
3366 4248 3523 4288 nemo

1948 4333 2126 4378 tamen
2155 4332 2231 4381 .‘st
2257 4325 2373 4380 sine
2400 4335 2644 4395 peccato.
2675 4326 2953 4382 Consonat
2979 4327 3109 4383 huic
3142 4328 3331 4392 menti,
3357 4326 3522 4381 etiam

1950 4418 2067 4482 ipsa
2136 4419 2416 4473 sententiae
2452 4419 2786 4482 enuntiatio,
2844 4420 2962 4475 sine
3002 4420 3233 4475 articulo
3302 4419 3525 4473 relativo

263 4501 490 4573 Συνᾴδει
521 4503 579 4557 δὲ
620 4507 687 4576 τῇ
732 4506 942 4578 διανοίᾳ
972 4508 1156 4581 ταύτῃ
1182 4511 1272 4563 καὶ
1294 4511 1441 4579 αὐτὴ
1470 4511 1504 4580 ἡ
1538 4510 1633 4564 τοῦ
1677 4507 1841 4579 ῥητοῦ

1948 4508 2178 4577 prolata.
2201 4506 2337 4562 Nam
2362 4509 2407 4563 si
2427 4509 2653 4563 dixisset
2678 4527 2693 4564 :
2716 4507 2843 4563 Non
2864 4510 2976 4564 veni
2999 4526 3182 4565 vocare
3201 4511 3397 4579 justas,
3430 4506 3521 4563 sed

262 4597 543 4667 προφορά,
595 4596 724 4652 ἄνευ
781 4599 875 4652 τοῦ
919 4601 1252 4671 ἀναφορικοῦ
1311 4602 1515 4673 ἄρθρου
1570 4617 1841 4677 προφερο-

1947 4604 2087 4671 ipsos
2141 4615 2458 4672 pecratores,
2510 4604 2734 4659 lorsitan
2790 4604 2878 4658 illa
2908 4605 3091 4675 opinio
3119 4604 3294 4659 locum
3328 4602 3528 4657 habere

270 4686 431 4757 μένη.
458 4687 523 4741 El
550 4688 659 4760 γὰρ
691 4689 876 4759 ἔλεγεν
903 4707 919 4723 ο
945 4693 1069 4747 οὐκ
1086 4689 1277 4761 ἦλθον
1300 4693 1553 4747 καλέσαι
1575 4692 1720 4757 τοὺς
1753 4692 1842 4747 δι-

1955 4704 2191 4765 poterat,
2220 4712 2338 4766 qum
2370 4707 2686 4766 peccatores
2708 4708 2962 4750 vocatum
2993 4696 3231 4759 venisse,
3282 4709 3385 4748 non
3430 4709 3525 4747 au-

266 4779 476 4845 κοίους
505 4820 521 4845 ,
554 4780 719 4835 ἀλλὰ
743 4782 882 4849 τοὺς
916 4782 1305 4852 ἁμαρτωλοὺς
1324 4824 1339 4845 ,
1375 4784 1515 4851 τάχα
1546 4784 1612 4838 ἂν
1635 4782 1781 4853 εἶχεν
1813 4784 1842 4853 ἡ

1951 4786 2271 4855 temjustos,
2302 4788 2578 4854 npinatnr.
2602 4789 2673 4842 At
2694 4803 2814 4841 cum
2848 4803 2949 4842 vox
2975 4788 3089 4841 hazc
3118 4784 3363 4841 absolute
3410 4786 3528 4839 sine

264 4869 489 4924 ὑπόνοια
553 4870 740 4944 χώραν
785 4877 819 4945 η
863 4876 985 4939 τοὺς
1034 4873 1397 4945 ἁμαρτωλοὺς
1454 4874 1556 4944 μὲν
1622 4874 1842 4929 καλέσαι

1956 4875 2220 4929 relatione
2260 4877 2468 4946 prolata
2492 4878 2585 4944 sit,
2612 4879 2831 4931 omnino
2865 4878 3223 4947 periculosam
3275 4892 3337 4932 ac
3367 4876 3525 4931 (alla-

262 4961 558 5032 νομίζουσα
580 5006 597 5030 ,
624 4965 807 5019 οὐκέτι
841 4966 899 5019 δὲ
933 4967 1061 5030 τοὺς
1084 4965 1331 5030 δικαίους
1350 4980 1364 4995 ·
1400 4964 1460 5018 τὸ
1485 4965 1542 5019 δὲ
1579 4966 1842 5020 άπόλυτον

1958 4981 2076 5019 cem
2102 4967 2241 5022 hanc
2266 4983 2387 5024 esse
2415 4969 2722 5039 Opinionem
2774 4971 3128 5025 demonstrat.
3180 4970 3295 5024 Hoc
3350 4980 3530 5024 autem

266 5052 364 5122 τῆς
394 5057 581 5125 φωνῆς
596 5057 642 5088 ’⁸
685 5059 778 5110 καὶ
814 5057 988 5128 χωρὶς
1016 5059 1295 5129 ἀναφορᾶς
1328 5054 1613 5128 προελθεῖν
1651 5073 1842 5110 παντες

1957 5068 2013 5111 et
2033 5058 2249 5111 divinus
2276 5059 2365 5115 ille
2388 5059 2585 5114 Paulus
2624 5061 2930 5126 conﬁrmat,
2976 5078 3095 5115 cum
3132 5062 3243 5115 ait:
3293 5060 3545 5115 Christus

262 5140 366 5207 λῶς
389 5147 681 5216 ἀποφαίνει
711 5148 809 5219 τὴν
842 5148 1099 5203 ὑπόνοιαν
1128 5149 1424 5221 σφαλεράν.
1455 5146 1628 5207 Τοῦτο
1652 5147 1711 5203 δὲ
1741 5147 1837 5201 καὶ

1955 5149 2091 5202 venit
2123 5149 2175 5201 in
2205 5150 2343 5203 hunc
2365 5152 2614 5205 mundum
2638 5162 2939 5220 peccatores
2966 5153 3135 5206 salvos
3161 5154 3336 5221 facere
3362 5170 3376 5207 :
3400 5169 3502 5223 quo
3520 5180 3547 5191 -

333 5283 424 5337 διν
446 5284 669 5359 Luc._‘t_t,
701 5286 791 5352 25,
828 5286 918 5341 36.
940 5285 1155 5359 siioan.
1191 5287 1389 5359 simis,
1454 5296 1490 5359 _'
1508 5285 1664 5345 Joan.
1696 5285 1806 5359 rt,l
1835 5299 1989 5357 seqq.
2053 5285 2249 5359 _'_an.
2279 5302 2337 5350 x,
2360 5289 2457 5359 42.
2528 5289 2547 5325 ί
2572 5291 2805 5359 Act.x.l
2836 5307 2988 5359 seqq.
3062 5299 3093 5327 ιι
3123 5288 3255 5347 Luc.
3288 5291 3549 5358 xxm,29

267 5361 318 5407 et
348 5370 463 5426 seq.
538 5365 567 5394 ν
591 5356 783 5411 Matth.
810 5371 933 5423 xxv,
962 5358 987 5412 l
1019 5373 1176 5428 seqq.
1274 5371 1297 5398 ι
1320 5357 1509 5415 Matth.
1536 5357 1920 5426 xxn,.-l.seqq.
2008 5356 2275 5411 Yl'l‘hess.
2302 5374 2376 5421 tv,
2398 5358 2485 5413 16.
2564 5358 2793 5417 llMatth.
2822 5379 2895 5429 Ix,
2917 5356 3006 5417 15.

1576 5494 1811 5551 vanus:
1850 5468 2256 5551 LECTIONES.

334 5589 378 5621 "
403 5590 801 5667 προϐάλλεσθαι
830 5610 927 5667 g_._
970 5592 1014 5624 "
1045 5586 1185 5667 οἶδα]
1212 5590 1366 5647 Ioan.
1397 5607 1518 5667 λιιι,
1551 5591 1624 5667 8,.Δ
1674 5592 1863 5667 ξίξδει
1890 5606 2001 5667 om.
2217 5593 2399 5667 "‘st
2434 5596 2497 5648 ὲκ
2526 5594 2792 5667 βηθανίας
2816 5613 2927 5653 om.
2958 5597 2998 5652 C
3029 5605 3083 5652 et
3114 5613 3195 5665 pr.
3226 5600 3289 5653 A.
3367 5600 3540 5653 ⁸¹Λά.

270 5656 424 5724 ζαρον
445 5656 554 5717 om.
582 5678 662 5729 pr.
687 5664 733 5715 Α
762 5678 776 5714 :
813 5661 1062 5732 Λάζαρον
1095 5656 1284 5733 ἡγὲιρε
1309 5679 1386 5716 rc.
1413 5666 1477 5715 Α.
1506 5656 1511 5657 ⁷
1580 5662 1628 5693 ⁸³
1662 5661 1777 5715 ἀλλ’
1802 5660 1863 5724 ἐξ
1905 5663 2089 5714 auct-:6.
2118 5662 2294 5726 οίκίας
2324 5680 2433 5718 οιη.
2465 5656 2600 5719 ΑΟ.⁵
2648 5664 2693 5696 ⁸⁵
2716 5656 2805 5718 τὸν
2830 5683 2938 5720 orn.
2970 5669 3034 5721 A.
3110 5656 3156 5699 ⁵⁵
3180 5668 3456 5736 πέμπεται
3476 5688 3538 5733 ς.

268 5728 311 5758 ⁸⁸
337 5730 555 5771 δινηῖιήρ
579 5732 832 5771 Solimus:
864 5751 875 5763 -
900 5733 1141 5771 Χονηίωιρ
1165 5752 1204 5771 r-
1299 5732 1343 5766 87
1374 5734 1661 5771 ρηηκςΐνηυ
1690 5750 1730 5771 r-
1837 5732 1884 5764 .3
1912 5732 2010 5771 m'iv
2029 5730 2102 5771 nn
2147 5733 2266 5771 Illud
2298 5734 2418 5771 Λιίνδ
2515 5736 2562 5769 ³3
2584 5734 2729 5771 κει-πυ
2750 5744 2799 5771 nl
2836 5738 2991 5771 nnnln
3020 5748 3139 5771 nncl
3178 5738 3303 5771 apm‘t-
3326 5738 3424 5771 anJ
3483 5741 3506 5771 Α

271 5730 311 5758 ιι
337 5730 555 5795 δικαίως
579 5732 833 5791 Scltmws
862 5751 876 5786 :
900 5730 1141 5796 δικαίους
1165 5730 1238 5799 ς(
1299 5732 1343 5766 81
1366 5734 1661 5803 ,προσεῖχον
1690 5750 1751 5797 ς.
1837 5732 1884 5764 ⁸⁸
1912 5732 2013 5804 οὐχ
2029 5730 2103 5804 οἱ]
2145 5733 2266 5790 libri
2298 5734 2439 5805 οὐχί,
2515 5736 2562 5769 sa
2584 5734 2729 5790 ἅπαν
2749 5744 2804 5792 ει
2834 5738 2991 5806 Ρωιο
3018 5748 3144 5807 pos,
3178 5730 3303 5804 τοῦς
3324 5738 3446 5797 add.
3473 5730 3538 5797 Α.

271 5798 314 5831 ⁸⁸
348 5800 441 5871 τῆς
464 5800 669 5873 φωνῆς]
698 5804 897 5858 rectius
921 5802 1019 5871 τὴν
1045 5806 1248 5877 φωνήν.
2178 5820 2181 5823 ›
2226 5816 2231 5817 ν
2289 5808 2325 5839 ι,
2476 5814 2488 5823 μ
2544 5820 2551 5826 .

476 5888 743 5953 ΡΑΤιτοι..
789 5891 907 5971 Gtt.
950 5894 1109 5955 Clll.
3092 5895 3168 5963 26
