4014 6448
499 382 600 449 811

1647 367 1910 430 ΡΗΟΤῙΙ
1948 364 2456 429 ΡΑΤΗῙΛΒΟΗᾹΞ
2487 364 2594 426 CP.

3635 361 3731 426 812

500 474 617 556 iam
652 495 856 569 primus
895 508 991 564 ego
1044 505 1163 547 sum
1193 488 1300 544 ενι).
1333 486 1399 541 Et
1431 500 1646 543 rursum
1680 504 1696 541 :
1726 484 1945 541 Causati
1985 499 2077 537 suo

2178 481 2208 569 ό
2232 480 2519 546 Θεσπέσιος
2539 480 2753 545 Παῦλος
2784 478 3194 554 ἐπισφραγίζει,
3218 477 3414 549 λέγων·
3440 478 3729 569 Χριστὸς¹

505 607 622 646 mus
649 586 868 643 Iudaeos
884 595 931 640 et
951 592 1126 655 gentes
1168 597 1370 645 omnes,
1392 579 1487 635 sub
1502 588 1715 650 peccato
1742 594 1852 632 esse
1877 575 2075 647 203a

502 684 636 738 sicut
668 679 919 748 scriptum
952 686 1027 730 est
1057 672 1213 730 :Non
1240 682 1314 728 est
1335 673 1518 744 justus
1541 671 1837 741 quisquam,
1871 685 1975 723 non
2001 678 2079 722 est

504 770 824 839 intelligens.
849 780 956 821 non
982 773 1057 819 est
1109 764 1376 833 requirens
1417 761 1584 815 Deum
1607 770 1655 814 ε.
1692 759 1884 813 Omnes
1938 760 2077 812 enim

503 868 870 931 peccaverunt,
897 865 947 913 et
997 865 1147 927 egent
1181 854 1351 927 gloria
1399 852 1495 908 Dei
1522 853 1572 906 ἀ.
1603 850 1882 919 llludque:
1920 847 2076 903 Venit

503 954 764 1009 Dominus
785 968 1043 1024 quaerere,
1071 961 1119 1005 et
1138 948 1342 1003 salvum
1366 946 1538 1016 facere
1566 944 1705 1015 quod
1746 944 1973 1013 perierat
2006 952 2031 981 ο
2060 957 2076 1008 ;

504 1043 573 1098 de
618 1053 731 1098 toto
778 1042 1037 1097 nimirum
1084 1040 1365 1094 hominum
1416 1049 1617 1106 genere
1659 1033 1878 1098 dicitur,
1931 1030 2077 1103 quod

504 1134 671 1189 etiam
696 1133 1127 1204 supplementum
1174 1130 1319 1186 illius
1349 1127 1649 1185 centenarii
1674 1125 2077 1182 rationabilium

503 1226 687 1284 ovium
716 1226 1001 1296 designat:
1050 1222 1503 1292 quemadmodum
1550 1228 1607 1275 et
1647 1220 1901 1274 drachma
1934 1218 1951 1256 ί
1989 1216 2077 1271 illa

504 1336 611 1378 una
636 1336 667 1376 e
695 1320 880 1375 decem
923 1316 1173 1373 sordibus
1198 1316 1410 1369 obruta.
1442 1311 1577 1367 Huic
1616 1310 1815 1366 etenim
1842 1307 2075 1381 [generi]

506 1428 654 1469 mors
686 1410 973 1481 imperavit
1006 1409 1054 1471 κ,
1075 1406 1229 1476 juxta
1270 1406 1517 1459 eumdem
1566 1404 1781 1458 beatum
1828 1401 2077 1467 Paulum,

492 1517 613 1557 .non
648 1499 971 1571 quibusdam
1018 1506 1247 1561 tantum,
1290 1506 1347 1550 et
1371 1494 1691 1564 quibusdam
1722 1509 1852 1559 non,
1883 1493 1975 1548 sed
2009 1492 2078 1547 ab

503 1593 713 1647 Adamo
744 1604 916 1660 usque
953 1588 1021 1643 ad
1052 1586 1276 1652 Mosem,
1324 1588 1377 1641 in
1427 1588 1622 1656 quibus
1656 1586 1876 1641 luerunt
1921 1584 2076 1651 Abel,

504 1693 668 1753 atque
696 1683 861 1747 Enos,
886 1690 941 1736 et
983 1679 1189 1749 reliqua
1218 1680 1320 1734 sub
1356 1679 1474 1750 lege
1505 1677 1784 1749 justorum
1836 1692 1901 1732 ac
1953 1691 2079 1745 pro-

502 1774 784 1846 phetarum
834 1771 1141 1826 multitudo.
1199 1772 1278 1825 Ac
1338 1786 1551 1825 rursum
1620 1769 1760 1825 idem
1790 1768 2077 1824 charitatis

2174 568 2366 643 ἦλθεν
2404 574 2492 638 είς
2533 571 2642 627 τὸν
2678 572 2914 643 κόσμον
2952 570 3340 643 ἁμαρτωλοὺς
3402 570 3625 637 σῶσαι,
3657 568 3735 629 ὧν

2177 663 2411 732 πρῶτός
2456 664 2576 734 ειμι
2626 663 2765 736 ἐγὼ.
2808 663 2924 718 Kal.
2980 663 3149 719 πάλιν
3192 666 3245 717 Π
3250 663 3736 733 ροῃτιασάμεθαη

2193 755 2527 823 Ἰουδαίους
2566 756 2666 810 καὶ
2705 756 3022 823 Ἕλληνας
3052 756 3288 823 πάντας
3321 755 3425 825 ὑφ’
3463 757 3739 826 ἁμαρτίαι·

2177 842 2357 915 εἶναι,
2400 849 2600 915 καθὼς
2643 849 2969 919 γέγραπται
2989 886 3006 912 ,
3036 849 3151 904 οὐκ
3179 849 3312 904 ἐστι
3341 848 3577 914 δίκαιος
3612 849 3741 903 οὐδὲ

2176 936 2285 1007 εἷς,
2342 941 2455 995 οὐκ
2506 940 2681 995 ἐστιν
2709 943 2742 995 ό
2771 938 3024 1007 συνιὼν,
3073 942 3185 996 οὐκ
3216 940 3391 995 ἐστιν
3428 943 3463 995 ό
3501 940 3742 1008 ἐκζητῶν

2176 1032 2283 1084 τὸν
2321 1032 2503 1085 Θεόν·
2535 1030 2759 1098 πάντες
2774 1030 2819 1063 ’⁸
2850 1030 2962 1099 γὰρ
2995 1029 3267 1101 ἥμαρτον
3300 1032 3400 1085 καί
3427 1032 3739 1101 ὑστεροῦν-

2175 1139 2271 1176 ται
2311 1121 2423 1190 τῆς
2456 1122 2644 1191 δόξης
2695 1122 2804 1176 τοῦ
2848 1120 3023 1177 Θεοῦ.
3071 1122 3184 1176 Καὶ
3229 1121 3315 1187 τὸ,
3384 1123 3439 1174 '0
3476 1124 3742 1191 Κύριοι-³⁸

2177 1209 2326 1283 ἦλθε
2353 1211 2600 1281 ζητῆσαι
2631 1213 2729 1267 καὶ
2762 1213 2958 1270 σῶσαι
3015 1213 3084 1269 τὸ
3129 1213 3447 1280 ἀπολωλὸς
3471 1252 3486 1277 ,
3515 1214 3743 1285 δηλονότι

2175 1305 2311 1375 περὶ
2359 1306 2483 1358 ὅλου
2526 1304 2623 1358 τοῦ
2667 1305 3009 1376 ἀνθρωπείου
3068 1306 3257 1374 γένους
3311 1306 3561 1376 είρηται’
3596 1307 3623 1359 ὅ
3658 1307 3744 1360 καὶ

2176 1397 2555 1467 ἁναπλήρωμα
2594 1397 2694 1467 τῆς
2730 1397 2839 1451 τῶν
2880 1396 3118 1466 λογικῶν
3144 1399 3439 1465 προϐάτων
3469 1398 3745 1451 ἑκατοντά-

2177 1488 2266 1552 δος
2294 1495 2521 1551 νοεῖται,
2542 1486 2737 1559 ὥσπερ
2765 1489 2861 1543 καὶ
2879 1490 2915 1559 ἡ
2942 1490 3360 1560 καταχωσθεῖσα
3382 1488 3631 1559 δραχμὴ,
3655 1488 3745 1559 μία

2177 1580 2314 1635 οὖσα
2332 1578 2441 1635 τῶν
2460 1580 2597 1635 δέκα
2623 1578 2905 1652 δραχμῶν.
2934 1580 3044 1633 Καὶ
3057 1580 3168 1650 γὰρ
3188 1578 3393 1649 ταύτης
3409 1578 3743 1633 ἐϐασίλευσεν

2178 1675 2208 1728 ὁ
2252 1673 2507 1739 θάνατος,
2549 1674 2695 1728 κατὰ
2750 1673 2844 1728 τὸν
2897 1671 3063 1726 αὐτὸν
3109 1672 3399 1726 Θεσπέσιον
3428 1670 3662 1739 Παῦλον,
3688 1670 3742 1724 ὠ

2182 1765 2349 1820 τινῶν
2376 1766 2495 1837 μὲν,
2521 1765 2684 1819 τινῶν
2730 1764 2778 1818 δ’
2803 1763 2887 1831 οὓ,
2919 1763 3055 1819 ἀλλὰ
3094 1764 3204 1818 ἀπὸ
3246 1764 3423 1833 Ἀδὰμ
3455 1746 3745 1834 καὶμέχρι

499 1877 700 1933 preco,
726 1863 1047 1917 etincensus
1073 1869 1287 1915 amator
1322 1878 1336 1915 :
1365 1860 1719 1930 Diligentibus
1764 1858 1952 1922 Deum,
1992 1858 2074 1913 in-

2178 1857 2487 1923 Μωῦσέως,
2518 1850 2593 1912 ὧν
2626 1853 2695 1930 ἧν
2732 1857 3033 1912 ’Δϐελσκαὶ
3066 1856 3235 1921 Ἐνὼς
3265 1857 3360 1911 καὶ
3393 1858 3424 1910 ὁ
3444 1855 3628 1920 λοιπὸς
3647 1856 3746 1908 τῶν

500 1953 641 2025 quit,
668 1952 847 2007 omnia
877 1961 1225 2019 cooperantur
1246 1952 1301 2005 in
1327 1952 1540 2017 bonum,
1565 1952 1632 2005 iis
1653 1952 1743 2022 qui
1786 1950 2073 2005 secundum

498 2046 824 2115 propositum
853 2044 1022 2099 vocali
1040 2052 1161 2096 sunt
1184 2040 1235 2098 ιι.
1270 2042 1335 2099 Et
1357 2053 1479 2111 post
1502 2043 1649 2099 haec:
1686 2043 1829 2108 Quos
1859 2043 2074 2111 prwsci-

500 2142 595 2205 sit,
621 2138 783 2193 etiam
812 2137 1243 2207 prtedeslinaut'l:
1278 2145 1326 2191 et
1361 2152 1489 2207 quos
1525 2138 1948 2206 prmdestinaoit,
1973 2137 2072 2192 hos

500 2237 551 2285 et
574 2228 771 2283 vocavit
798 2235 886 2292 ;et
914 2242 1044 2297 quos
1095 2225 1317 2291 vocavit,
1348 2228 1508 2281 etiam
1549 2225 1886 2296 justiﬁcaoit,
1920 2238 2074 2296 atque

499 2319 815 2392 gloriﬁcauit
846 2319 890 2374 ί.
917 2317 1048 2374 Item
1082 2336 1098 2374 :
1127 2318 1303 2389 Elegit
1328 2324 1422 2373 nos
1478 2329 1600 2373 ante
1640 2320 1821 2373 mundi
1875 2323 2070 2375 consti-

502 2412 826 2467 talionemt.
859 2409 977 2467 Non
1021 2410 1197 2466 solum
1249 2426 1315 2465 ex
1378 2409 1602 2476 Juda-is,
1649 2412 1746 2467 sed
1792 2414 1955 2468 etiam
2004 2427 2069 2467 ex

501 2504 774 2573 gentibus.
831 2502 1105 2557 Rursum:
1138 2499 1343 2556 Electio
1392 2512 1672 2557 consecuta
1724 2513 1802 2557 est
1835 2518 1856 2558 :
1898 2504 2074 2559 cwteri

501 2611 620 2649 vero
654 2594 904 2649 σπαταιὶ
932 2604 1052 2648 sunt
1085 2593 1133 2647 ιι.
1160 2593 1246 2660 Ει,
1283 2592 1386 2658 Qui
1430 2604 1505 2647 est
1549 2592 1797 2649 Salvator
1840 2596 2072 2651 omnium

501 2688 794 2750 hominum,
822 2686 1051 2740 maxime
1105 2685 1344 2754 ﬁdelium
1381 2684 1399 2724 ι
1431 2704 1448 2754 ;
1482 2696 1539 2739 ιιι
1592 2688 1861 2743 inlinitum
1909 2688 2075 2745 fuerit

501 2778 630 2834 talia
659 2778 743 2834 vel
784 2778 1117 2833 numerando
1147 2792 1454 2834 recensere.
1504 2780 1628 2835 Haec
1674 2782 1762 2835 ubi
1796 2783 2075 2839 studiosus

500 2871 590 2927 ille
615 2872 849 2941 scriptor
875 2870 1319 2928 honoriﬁcentius
1371 2873 1649 2940 discernit,
1686 2886 1742 2931 et
1797 2877 2073 2934 tricesimo

499 2972 694 3022 octavo
726 2963 888 3036 capiti
914 2964 1073 3020 linem
1106 2964 1352 3036 imponit.

572 3223 660 3280 39.
693 3224 845 3291 Eam,
876 3238 995 3294 qua:
1025 3224 1077 3279 in
1109 3224 1283 3280 sacris
1308 3222 1610 3296 Scripturis
1635 3226 1919 3283 videbatur
1946 3243 2073 3287 esse
2098 3194 2145 3255 ο

504 3315 820 3380 dissensio,
885 3316 1101 3369 curiose
1162 3316 1409 3385 inquirit,
1463 3330 1627 3388 atque
1677 3330 2074 3390 perscrutatur.

506 3405 729 3462 Dubitat
783 3407 952 3472 enim,
999 3412 1271 3477 quomodo
1323 3409 1583 3469 Dominus
1638 3414 1691 3467 in
1748 3429 1845 3469 sua
1902 3415 2077 3483 patria

503 3500 659 3569 signa
686 3498 867 3554 facere
898 3515 1002 3554 non
1034 3512 1237 3570 posset,
1265 3501 1491 3569 Propter
1515 3506 1930 3561 incredulitatem
1964 3506 2080 3561 illo-

504 3606 624 3645 rum
646 3598 709 3655 ω,
745 3604 1071 3659 rursumque
1095 3591 1160 3645 ad
1195 3592 1507 3649 incusantes
1532 3598 1673 3664 quod
1692 3596 1942 3666 discipuli
1964 3598 2075 3653 da:-

505 3682 750 3737 monium
797 3697 902 3736 non
942 3681 1250 3751 eiecissent,
1285 3685 1497 3755 culpam
1536 3689 1588 3741 in
1640 3701 1965 3747 accusantes
1991 3705 2078 3746 re-

507 3769 731 3828 ferendo
760 3773 958 3828 dixerit
987 3791 1002 3829 :
1032 3772 1261 3841 Pr0pter
1298 3777 1725 3833 incredulitatem
1774 3790 2001 3835 vestram
2024 3789 2074 3838 ⁸³.

504 3863 640 3919 Cum
680 3879 970 3935 germanus
1020 3866 1179 3935 hujus
1226 3868 1521 3937 discipulus
1545 3868 1759 3933 fPaulus
1802 3872 2078 3928 contradi-

505 3966 594 4013 cat
627 3973 642 4010 :
677 3957 841 4025 Signa
879 3958 1037 4023 enim,
1082 3939 1278 4028 inquit,
1311 3959 1633 4028 inﬁdelibus,
1667 3978 1769 4016 non
1809 3973 1983 4017 autem
2014 3964 2080 4033 ﬁ-

506 4049 711 4103 delibus
738 4056 785 4104 ο.
815 4048 999 4105 Nodos
1044 4051 1113 4105 ab
1146 4051 1236 4105 illo
1279 4052 1357 4106 sic
1418 4053 1735 4108 dissolvitur
1765 4094 1781 4119 ,
1832 4066 1891 4109 ut
1935 4056 2080 4113 dicat

506 4142 757 4203 universe
783 4143 1002 4213 quidem
1055 4152 1111 4197 et
1159 4144 1521 4198 communiter
1567 4157 1785 4216 pr0pter
1833 4148 2077 4205 iulideles

505 4235 814 4307 prodigiosa
852 4234 1004 4303 signa
1055 4235 1197 4300 lieri,
1243 4251 1350 4305 quo
1374 4237 1486 4292 haec
1512 4238 1663 4308 ipsos
1690 4254 1757 4295 eo
1785 4242 2077 4308 adducant,

507 4336 565 4382 ut
590 4327 885 4381 salubriter
914 4325 1270 4396 acquiescant
1302 4328 1375 4394 ei,
1405 4329 1497 4398 qui
1529 4339 1585 4384 et
1634 4330 1949 4386 admiranda
1990 4332 2077 4386 illa

503 4428 707 4490 patrat,
742 4428 800 4473 et
838 4427 1015 4474 mente
1043 4418 1158 4486 jam
1205 4428 1366 4473 antea
1412 4420 1480 4475 ab
1510 4421 1616 4477 illis
1645 4432 1945 4493 praeceptus
1972 4435 2077 4480 est.

2176 1949 2236 2003 ἐν
2264 1949 2343 2020 τῷ
2366 1949 2517 2021 νόμῳ
2538 1948 2764 2004 δικαίων
2791 1950 2885 2004 καὶ
2917 1947 3215 2021 προφητῶν
3245 1948 3429 2019 χορός.
3457 1945 3625 2002 Πάλιν
3647 1945 3700 1999 δὲ
3719 1946 3745 1998 ό

2175 2041 2339 2105 αὐτὸς
2361 2041 2462 2111 τῆς
2496 2041 2715 2112 ἀγάπης
2745 2040 2842 2094 καὶ
2878 2040 3056 2111 κῆρυξ
3088 2040 3186 2094 καὶ
3206 2039 3476 2111 διάπυρος
3497 2038 3742 2109 ἐραστὴς,

2177 2132 2367 2200 Τοῖς-’⁵
2379 2132 2656 2203 ἀγαπῶσι
2670 2133 2779 2189 τόν
2795 2135 2966 2199 Θεὸν,
2981 2133 3137 2203 φησὶ,
3154 2132 3351 2186 πάντα
3370 2130 3653 2200 συνεργεῖ
3665 2133 3745 2196 εἰς

2173 2224 2240 2279 τὸ
2255 2226 2501 2296 ἀγαθὸν,
2516 2225 2641 2292 τοῖς
2655 2224 2805 2280 κατὰ
2817 2227 3109 2294 πρόθεσιν
3123 2229 3239 2292 κνιη
3247 2224 3361 2291 τοῖς
3384 2220 3584 2280 οὖσιν.
3601 2218 3744 2277 Εἶταο

2179 2318 2298 2383 οῦς
2322 2319 2611 2389 προέγνω,
2648 2319 2746 2373 καὶ
2770 2316 3339 2391 προώρισε·[6451ῐ.]
3377 2318 3603 2382 καιοῦς
3619 2331 3745 2386 προ-

2174 2409 2373 2479 ώρισε,
2398 2412 2652 2477 τούτους
2693 2411 2789 2466 καί
2812 2410 3092 2466 ἐκάλεσεο
3114 2412 3214 2466 καὶ
3232 2410 3341 2477 οὓς
3372 2409 3630 2464 ἐκάλεσε
3655 2408 3743 2462 καὶ

2173 2502 2488 2558 ἐδικαίωσε
2520 2503 2619 2557 καὶ
2653 2504 2931 2567 ἐδόξασε.
2956 2504 3090 2571 Καὶ,
3134 2503 3496 2570 Ἔξελέεατο
3514 2503 3561 2537 ³⁸
3598 2501 3743 2573 ἡμᾶς

2174 2595 2296 2651 ἀπὸ
2324 2595 2667 2665 καταϐολῆς
2690 2597 2922 2666 κόσμου
2947 2596 3009 2650 οὐ
3042 2596 3203 2667 μόνον
3229 2597 3289 2664 ἐξ
3331 2596 3601 2653 Ἰουδαίων
3620 2594 3742 2649 ἀλλὰ

2176 2688 2273 2742 καὶ
2307 2688 2433 2760 [554
2454 2686 2554 2760 Η.]
2588 2687 2648 2753 ἐξ
2663 2688 2833 2742 ἐθνῶν
2852 2702 2867 2720 ⁸
2893 2690 3009 2755 καὶ,
3047 2688 3108 2743 Ἠ
3126 2689 3348 2759 ἐκλογὴ
3368 2692 3415 2722 ’⁷
3440 2689 3740 2758 ἐπέτυχεν,

2175 2783 2230 2835 οἱ
2257 2780 2327 2833 δὲ
2352 2780 2554 2835 λοιποὶ
2578 2780 3007 2849 ἐπωρώθησαν.
3032 2782 3165 2847 Kal,
3188 2782 3297 2849 ’⁸ος
3312 2783 3357 2815 ⁸⁸
3387 2782 3523 2836 ἐστι
3553 2780 3743 2849 Σωτὴρ

2176 2871 2421 2925 πάντων
2443 2872 2790 2940 ἀνθρώπων,
2831 2872 3108 2941 μάλιστα
3130 2872 3383 2927 πιστῶν.
3415 2875 3527 2927 Καὶ
3551 2873 3740 2939 ἀδιεξό-

2174 2964 2362 3016 δευτον
2394 2964 2461 3018 ἂν
2485 2963 2570 3035 εἴη
2607 2964 2675 3019 τὰ
2702 2964 2930 3019 τοιαῦτα
2965 2964 3157 3037 φέρειν
3179 2968 3261 3030 είς
3287 2964 3546 3035 ἀριθμόν.
3573 2964 3743 3019 Ταῦτα

2175 3053 2583 3125 φιλοτιμότερον
2606 3056 2635 3109 ό
2662 3054 2948 3124 φιλόπονος
2966 3058 3013 3090 ⁹⁹
3036 3052 3191 3122 οὗτος
3219 3057 3574 3128 συγγραφεὺς
3598 3054 3741 3109 ἐπελ-

2179 3146 2289 3200 θὼν
2316 3148 2414 3201 καὶ
2437 3148 2516 3219 τῷ
2536 3148 2617 3218 λη’
2642 3149 2817 3219 πέρας
2846 3149 3122 3221 ἐπιτίθησι
3147 3144 3456 3223 κεφαλαίῳ.

2250 3239 2341 3293 Ἐν
2367 3240 2425 3293 δὲ
2446 3240 2523 3310 τῷ
2552 3240 2630 3293 λθ¹
2659 3242 2758 3311 τὴν
2783 3241 3049 3296 δοκοῦσαν
3076 3242 3135 3296 ἐν
3159 3245 3273 3307 τοῖς
3336 3244 3507 3314 ἱεροῖς
3536 3240 3741 3311 Λογίοις

2178 3332 2482 3401 διαφωνίαν
2515 3332 2972 3406 πολυπραγμονεί
2999 3335 3095 3390 καὶ
3124 3336 3414 3391 διευθύνει.
3461 3337 3743 3407 Ἐπαπορεί

2178 3422 2288 3495 γὰρ
2318 3424 2436 3489 πῶς
2463 3427 2492 3480 ὁ
2516 3426 2614 3497 μὲν
2647 3428 2855 3500 Κύριος
2907 3430 2967 3483 ἐν
2995 3432 3062 3501 τῇ
3089 3430 3222 3502 .ίδίᾳ
3277 3430 3505 3502 πατρίδι
3553 3431 3740 3500 σημεῖα

2178 3517 2356 3569 ποιεῖν
2376 3516 2477 3570 οὐκ
2504 3517 2739 3587 ἠδύνατο
2764 3519 2865 3575 διὰ
2886 3521 3002 3590 τὴν
3019 3522 3314 3577 ἀπιστίαν
3337 3522 3461 3577 τῶν
3483 3517 3553 3577 ἐν
3576 3521 3739 3588 αὐτῇ,

2178 3607 2274 3659 καὶ
2298 3607 2461 3662 πάλιν
2489 3609 2627 3680 πρὸς
2647 3611 2775 3675 τοὺς
2796 3611 3167 3681 ἐγκαλοῦντας
3194 3614 3277 3667 ὃτι
3305 3616 3352 3669 οἱ
3387 3613 3626 3686 μαθηταὶ
3650 3613 3739 3666 οὐκ

2178 3698 2434 3765 ἐξέϐαλον
2466 3702 2528 3756 τὸ
2554 3703 2851 3774 δαιμόνιον,
2874 3706 2974 3776 τὴν
2998 3707 3181 3761 αἰτίαν
3207 3708 3289 3771 εἰς
3317 3708 3445 3772 τοὺς
3468 3706 3740 3777 ἐγκαλοῦν-

2178 3811 2279 3860 τας
2306 3795 2599 3869 ἀναφέρων
2623 3797 2752 3867 ἔφη,
2780 3798 2882 3853 Διὰ
2898 3802 2914 3831 ¹
2936 3799 3053 3867 τὴν
3071 3800 3363 3854 ἀπιστίαν
3384 3802 3571 3870 ὑμῶν.
3619 3800 3671 3854 '0
3689 3797 3740 3852 δέ

2178 3904 2243 3956 γε
2262 3887 2455 3942 τούτου
2494 3890 2719 3959 γνήσιος
2749 3890 3001 3963 μαθητὴς
3023 3892 3240 3957 Παῦλος
3272 3897 3535 3950 τάναντία
3564 3894 3702 3963 λέγει
3722 3908 3737 3923 ·

2184 3979 2263 4033 Τὰ
2284 3982 2305 4013 ³
2344 3980 2456 4051 γὰρ
2493 3981 2735 4051 σημεῖα,
2776 3985 2933 4055 φησι,
2965 3984 3092 4051 τοῖς
3123 3986 3426 4054 ἀπίστοις,
3457 3988 3589 4059 οὐχί
3629 3986 3739 4052 τοῖς

2179 4073 2601 4130 πιστεύουσιν.
2658 4074 2770 4129 Kal
2807 4076 3088 4131 ἐπιλὺεται
3116 4078 3177 4132 τὸ
3225 4079 3496 4152 ἀπόρημα
3518 4122 3531 4146 ,
3561 4080 3737 4147 λέγων,

2178 4162 2256 4225 ὡς
2288 4163 2571 4237 Καθολικῷ
2597 4166 2697 4237 μὲν
2720 4166 2816 4222 καὶ
2844 4169 3008 4241 κοινῷ
3033 4170 3177 4241 λόγῳ
3194 4170 3263 4225 τὰ
3289 4176 3492 4243 σημεῖα
3520 4173 3603 4227 διὰ
3626 4157 3740 4233 τοῦς

2180 4254 2447 4319 ἀπίστους
2474 4260 2945 4330 τερατουργεϊται,
2967 4260 3126 4330 ἄγειν
3153 4263 3353 4327 αὐτοὺς
3378 4266 3459 4329 είς
3492 4266 3739 4335 σωτήριον

2182 4346 2359 4401 πειθὼ
2391 4348 2486 4402 τοῦ
2520 4348 3066 4424 θαυματουργοῦντος
3098 4356 3503 4426 προνοουμένου
3530 4359 3551 4388 '°
3605 4354 3736 4409 ἐκεί-

2180 4455 2295 4502 νοις
2326 4439 2509 4508 μέντοι
2552 4441 2727 4495 ταῦτα
2769 4444 3196 4515 προϐάλλεσθαι,
3236 4446 3285 4499 οἳ
3334 4448 3396 4500 τὸ
3455 4448 3739 4517 ἐπιτήδειον

503 4508 617 4563 lllis
647 4516 827 4562 tamen
859 4506 989 4564 solis
1029 4509 1145 4564 lucc
1172 4507 1383 4574 offerri,
1408 4508 1499 4578 qui
1523 4524 1644 4564 cum
1667 4510 2075 4579 ohtemperandi

2185 4529 2287 4599 τῆς
2316 4506 2560 4603 ὗπακοῆς
2578 4506 3033 4607 ἀντιπαρέχονται
3052 4539 3148 4591 καὶ
3295 4540 3389 4593 ἀπ’
3413 4506 3737 4606 αὐτῶνσώφέ-

503 4601 742 4657 studium
774 4616 869 4655 sua
898 4616 963 4655 ex
998 4610 1153 4670 parte
1186 4600 1439 4665 aderant,
1473 4601 1637 4656 etiam
1670 4612 1979 4658 nascentem
2010 4620 2077 4659 ex

506 4692 591 4748 eis
622 4691 914 4746 utilitatem
944 4692 995 4746 in
1025 4705 1088 4747 se
1120 4691 1431 4747 admittant.
1478 4690 1613 4747 Nam
1638 4708 1777 4763 quos
1799 4708 1866 4749 ex
1898 4684 2079 4751 incre-

503 4784 647 4839 dulis
696 4796 889 4855 sponte
932 4799 1030 4840 sua
1089 4799 1262 4841 caseos
1316 4787 1384 4841 ad
1438 4785 1874 4857 supernaturalia
1914 4800 2079 4855 opera

503 4878 777 4943 novimus,
818 4878 903 4933 his
936 4878 1091 4949 signa
1120 4878 1240 4934 sine
1270 4877 1375 4933 ulla
1415 4878 1669 4935 Numinis
1713 4879 2075 4948 providentia,

505 4980 558 5026 et
610 4984 746 5025 vane
774 4970 954 5025 oblata
1000 4972 1272 5028 videnlur.
1329 4972 1516 5041 itaque
1545 4981 1602 5027 et
1653 4971 1947 5027 incredulis
1990 4971 2080 5026 illa

502 5060 699 5132 203i:
727 5062 974 5132 proponi,
1006 5072 1063 5117 et
1087 5063 1274 5118 eadem
1307 5077 1498 5120 rursus
1536 5077 1639 5117 non
1676 5061 1899 5133 pr0poni
1929 5076 2083 5130 opor.

505 5164 622 5209 tere
650 5194 666 5219 ,
691 5164 1112 5211 consentaneum
1167 5171 1575 5227 congruumque
1620 5158 1906 5235 [videtur].
1949 5164 2081 5221 illud

2186 4620 2337 4675 λειαν
2363 4623 2749 4695 είσοικίζονται
2775 4643 2791 4659 σ
2824 4628 2981 4693 ὅσους
3008 4629 3067 4683 δὲ
3086 4631 3197 4684 τῶν
3224 4631 3470 4686 ἀπίστων
3498 4631 3737 4691 ἑκουσίως

2188 4711 2325 4784 πρὸς
2357 4712 2427 4766 τὰ
2452 4715 2562 4769 τῶν
2583 4715 2760 4787 ἔργων
2790 4718 3049 4791 ὑπερφυῆ
3094 4721 3507 4792 τυφλώττοντας
3535 4721 3739 4776 ἐπιστά-

2191 4804 2355 4875 μεθα,
2391 4805 2605 4869 τούτοις
2634 4810 2668 4879 ἡ
2696 4809 2805 4862 τῶν
2838 4814 3079 4881 σημείων
3124 4815 3364 4886 προϐολὴ
3418 4815 3738 4890 ἀπρονόητόν

2184 4913 2245 4950 τε
2267 4898 2362 4951 καὶ
2394 4898 2647 4969 μάταιον.
2683 4901 2847 4956 Ὥστε
2870 4903 3103 4970 καὶτοῖς
3147 4906 3398 4973 ἀπίστοις
3426 4911 3497 4964 τὰ
3553 4908 3737 4981 σημεῖα

2186 4988 2573 5060 προϐάλλεται,
2614 4993 2709 5048 καὶ
2740 4994 2877 5065 πρὸς
2903 4994 2965 5049 τὸ
2990 4996 3066 5067 μὴ
3086 4996 3196 5051 δεῖν
3224 5000 3410 5065 αὐτοῖς
3437 5003 3603 5056 ταῦτα
3620 5017 3739 5073 προ·

2189 5081 2408 5135 ϐάλλειν
2442 5083 2733 5155 σύμφωνόν
2763 5104 2823 5140 τε
2854 5088 2952 5142 καὶ
3005 5092 3347 5162 ἐναρμόνιον,
3399 5095 3463 5148 τὸ
3518 5094 3632 5165 μὲν,
3665 5094 3738 5147 ὄτι

2189 5170 2257 5225 δι’
2284 5172 2464 5230 αὐτῶν
2491 5173 2592 5247 τὴν
2629 5178 2904 5251 σωτηρίαν
2952 5182 3317 5255 κερδαίνουσι,
3379 5187 3441 5241 τὸ
3487 5188 3562 5256 δέ,
3622 5185 3739 5240 διότι

576 5290 654 5385 ὀξ
677 5288 938 5385 ΙοΤίιιι..ι).
963 5291 1094 5385 15.-.
1129 5293 1349 5385 «ηιξοωὶ
1377 5296 1550 5385 {p.10
1578 5298 1977 5385 seqq.m‘ibid.
2009 5304 2077 5383 ἓξ)

2178 5307 2292 5385 fs_al._
2309 5324 2433 5385 3m,
2465 5310 2533 5385 19
2548 5322 2602 5367 ct
2632 5313 2776 5370 Psal.
2817 5317 2991 5382 κυνί.
3073 5328 3097 5359 e
3122 5318 3251 5373 Luc.
3279 5320 3500 5385 nx,10.
3578 5319 3597 5358 τ
3619 5319 3734 5373 Luc.

503 5361 754 5442 euq-4,3.
834 5363 1118 5442 ﬁliorum,
1161 5366 1251 5442 id.
1307 5361 1793 5442 _hl{ortt._\[tti,'18
1818 5385 1971 5442 seqq.

504 5440 544 5469 η·
576 5431 765 5492 Matth.
796 5449 916 5498 snt,
947 5434 1035 5489 58.
1109 5441 1139 5473 ³
1170 5435 1362 5492 Matth.
1392 5438 1634 5505 xvn,i9.

2055 5376 2071 5415 ί
2097 5375 2243 5456 ibid.
2270 5379 2361 5436 19.
2434 5391 2454 5433 ι
2484 5382 2688 5456 Epltes.
2715 5402 2752 5453 ι,
2775 5385 2831 5442 4.
2904 5375 2936 5427 Ῑι
2966 5387 3125 5445 Rom.
3158 5405 3213 5455 ιι,
3238 5393 3291 5446 7.
3353 5375 3535 5446 1"lim.
3562 5406 3631 5456 tv,
3658 5386 3736 5441 l0.

1711 5448 1736 5477 °
1766 5441 1787 5497 Ι
1819 5441 2061 5510 (Ζοιίχιν,
2095 5444 2189 5501 22.

1758 5582 1767 5623 τ
1786 5578 2017 5635 VARI/ﬁ
2059 5580 2463 5641 LECTIONES.

505 5735 553 5767 "
584 5735 731 5807 τοῖς]
765 5735 922 5799 Rotu,
947 5748 1063 5789 vnt.
1101 5735 1188 5789 l8.
1265 5735 1311 5766 “
1340 5735 1609 5810 ἐξελέξᾞ

505 5804 553 5858 Δ
582 5819 597 5859 :
628 5803 914 5875 φιλότιμος
939 5821 1000 5869 ς.
1079 5806 1095 5838 ί
1123 5803 1233 5879 διὰ]
1252 5804 1446 5865 Matth.
1478 5824 1609 5879 xvn,

580 5662 624 5695 ⁰¹
657 5660 920 5807 Χριστὸς]
953 5661 1100 5718 Tim.
1126 5678 1164 5724 t.
1200 5664 1288 5719 15.
1368 5665 1415 5697 θ’
1444 5665 1667 5741 προῃτ.]
1710 5666 1870 5729 Rom.
1898 5687 1981 5737 tu,
2016 5673 2105 5727 10.
2181 5675 2227 5708 ’³
2263 5675 2491 5748 πάντες]
2519 5676 2677 5734 Rom.
2718 5693 2805 5743 tn,
2832 5678 2927 5737 25.
2998 5678 3048 5711 ⁸⁵
3079 5680 3109 5733 ὁ
3133 5678 3360 5753 Κύριος]
3377 5679 3506 5736 Luc.
3537 5672 3735 5741 nx,”-

584 5735 703 5807 τοῖς
738 5732 922 5807 ⁸Ποιιι,
947 5734 1231 5807 νιιι.1ᾼ8.η
1253 5735 1311 5807 ff
1340 5734 1574 5807 ἐξελέξ.]
1601 5737 1797 5807 Ephes.
1827 5757 1867 5806 ι,
1896 5741 1951 5797 4.
2016 5744 2063 5775 ’⁷
2100 5745 2133 5807 ὴ
2160 5744 2304 5807 iam
2339 5746 2496 5804 Rom.
2531 5748 2680 5807 xt.7.
2738 5750 2787 5785 ⁸⁸
2814 5748 2896 5807 ὃς]
2927 5747 3114 5807 ιτιω.
3142 5765 3214 5807 tv.
3245 5752 3331 5807 10.
3405 5752 3453 5787 θ’
3480 5748 3735 5807 φιλόπονος

814 5743 922 5875 ἃς..
947 5734 1188 5838 νιιι.¹18.
1265 5735 1311 5766 σο
1340 5734 1797 5867 ἐξελέεμιξηιεε.
1827 5757 1867 5806 ι,
1896 5734 1976 5797 4.·
2016 5744 2063 5775 ιτ
2100 5744 2304 5815 ὴὲκλ.]
2339 5734 2496 5804 norit:
2531 5748 2680 5818 χι,7.
2720 5734 2948 5840 ’σιἰςχι
2971 5747 3114 5807 Tim.
3142 5734 3360 5809 m'tol‘
3405 5734 3736 5824 οῖφιλιπὸνος

887 5819 914 5868 ς
939 5821 1000 5869 ς.
1123 5803 1233 5879 διὰ]
1252 5804 1446 5865 Matth.
1478 5824 1609 5879 xvn,
1674 5810 1728 5868 9.
1803 5814 1823 5845 ³
1850 5812 1942 5883 τὰ]
1973 5811 2141 5871 lCor.
2168 5831 2280 5887 xw,
2304 5814 2395 5873 22.
