3924 6414
521 417 624 483 815

1672 407 1936 472 ΡΗΟΤῙΙ
1974 405 2480 468 PA'I‘RIARCIIIE
2505 404 2617 466 (ΣΡ.

3670 395 3762 461 816

525 533 780 596 Salvator
823 541 1011 598 pacem
1055 525 1293 593 mittere,
1334 538 1454 596 qum
1502 539 1626 580 cum
1653 524 1834 578 animo
1881 537 1944 578 ea
1975 536 2099 576 con-

2206 519 2340 574 Θεὸν
2369 517 2480 572 τῶν
2513 513 2883 570 εὐσεϐούντων
2912 527 3182 581 συναφεια
3204 510 3284 574 είς
3316 509 3472 581 μῖσος
3524 506 3618 562 καὶ
3647 508 3760 576 φθό-

520 622 746 688 sentire,
776 638 894 692 qua:
923 621 1170 690 corporis
1198 627 1346 686 sunt,
1379 617 1527 686 facit,
1557 616 1809 688 quodque
1855 614 2098 668 deterius

519 727 623 782 est,
663 713 904 769 melioris
939 713 1166 767 arbitrio
1202 711 1448 779 subjicit.
1480 708 1653 775 Quam
1688 707 1905 776 quidem
1933 703 2092 758 nobis

520 809 771 880 praebuit,
796 823 918 861 cum
953 805 1138 860 rebelli
1166 815 1366 860 nostra:
1391 813 1595 858 natura)
1624 800 1902 871 pacilicam
1928 799 2099 853 deita-

523 915 633 958 tem
671 901 963 973 copulavit.
1004 899 1158 967 Quod
1189 911 1244 954 et
1271 900 1490 954 divinus
1513 898 1708 953 Paulus
1736 897 1938 960 docuit.
1973 911 2097 950 cum

523 994 632 1048 ait:
658 994 797 1048 Nam
823 994 962 1063 quod
991 992 1311 1059 impossibile
1337 1002 1449 1046 erat
1481 991 1602 1061 legi,
1637 991 1691 1043 in
1720 1006 1821 1060 quo
1849 988 2096 1058 inﬁrma-

521 1086 675 1138 batur
727 1101 821 1153 per
869 1077 1100 1149 carnem,
1175 1083 1310 1137 Deus
1359 1082 1559 1136 Filium
1600 1100 1755 1136 suum
1795 1083 2004 1136 mittens
2041 1084 2099 1138 in

520 1175 925 1231 similitudinem
955 1174 1130 1226 carnis
1159 1173 1382 1239 peccati,
1407 1183 1454 1226 et
1480 1174 1543 1225 de
1574 1183 1786 1239 peccato
1825 1174 2098 1226 damnavit

524 1277 795 1336 peccatum
829 1267 880 1318 in
910 1281 1066 1320 carne
1095 1278 1143 1318 κ.
1176 1264 1248 1319 Ut
1281 1263 1391 1331 jam
1442 1274 1566 1333 apte
1607 1264 1672 1318 de
1714 1265 1902 1317 eadem
1929 1279 1987 1317 re
2016 1265 2098 1318 di—

523 1371 716 1414 catur:
752 1357 852 1412 Ubi
888 1359 1025 1412 cnim
1051 1358 1339 1412 abundavit
1363 1357 1634 1418 delictum,
1654 1355 2099 1424 superabundavit

521 1451 691 1518 gratia
713 1459 761 1502 γ.
792 1449 1156 1515 Quamobrem
1209 1459 1264 1501 et
1319 1448 1706 1516 redemptionis
1735 1459 1932 1501 nostrae
1973 1463 2100 1516 per-

2204 627 2297 664 νον
2326 608 2422 664 καὶ
2446 609 2608 679 φόνον
2629 608 2668 640 ⁸⁸
2712 607 2838 670 τοὺς
2889 603 3108 666 ἀσεϐεῖς
3162 601 3533 672 διεκύμαινεν.
3577 594 3764 655 Ἦλθεν

2202 698 2298 756 οὖν
2319 704 2346 756 ὁ
2372 701 2561 772 Σωτὴρ
2590 699 2816 771 εἰρήνην
2843 696 3045 766 βαλεῖν,
3077 695 3198 764 ἥτις
3228 695 3497 764 σύμφωνα
3537 693 3606 762 τῇ
3629 689 3763 762 ψυχῇ

2203 794 2274 848 τά
2293 790 2389 846 τοῦ
2422 791 2677 862 σώματος
2711 787 2972 844 ἀποτελεῖ
3008 789 3103 841 καὶ
3132 787 3455 851 ὑποτάσσει,
3499 782 3560 836 τὸ
3601 785 3766 852 χεῖρον

2203 885 2316 949 τοῖς
2338 883 2431 938 τοῦ
2456 884 2764 954 κρείττονος
2784 881 3092 953 βουλήμασι
3117 880 3182 933 η.
3229 879 3339 932 Καὶ
3372 876 3620 948 παρέσχε
3650 877 3767 929 ταύ-

2202 994 2326 1048 την,
2350 976 2559 1040 ἐνώσας
2589 977 2745 1046 ἡμῶν
2770 978 2838 1046 τῇ
2872 972 3162 1027 στασιώδει
3193 971 3357 1040 φύσει
3391 969 3490 1039 τὴν
3526 969 3769 1039 εἰρήναρ-

2201 1089 2301 1145 χον
2341 1071 2595 1142 θεότητα.
2629 1069 2800 1123 Τοῦτο
2823 1069 2879 1122 δὲ
2902 1067 2998 1120 καὶ
3051 1069 3078 1120 ὁ
3110 1065 3399 1125 Θεσπέσιος
3442 1063 3656 1125 Παῦλος
3689 1063 3770 1116 ὲκ-

2202 1165 2448 1220 διδάσκει
2473 1164 2668 1231 λέγων,
2706 1162 2776 1216 Τὸ
2803 1162 2843 1193 ⁸⁷
2879 1161 2988 1230 γὰρ
3011 1159 3316 1214 ἀδύνατον
3340 1156 3449 1210 τοῦ
3475 1155 3685 1224 νόμου,
3711 1155 3771 1208 ἐν

2203 1251 2513 1326 ᾦὴσθένει
2541 1253 2639 1308 διὰ
2667 1253 2779 1322 τῆς
2812 1253 3066 1320 σαρκὸς,
3126 1254 3160 1305 ό
3214 1249 3361 1316 Θεὸς
3412 1247 3520 1301 τὸν
3568 1247 3770 1301 ἑαυτοῦ

2213 1349 2353 1401 Υίὸν
2393 1347 2635 1415 πέμψας
2680 1346 2749 1398 ἐν
2815 1345 3132 1414 ὁμοιώματι
3194 1342 3423 1411 σαρκὸς
3473 1341 3768 1410 ἁμαρτίας,

2203 1440 2299 1494 καὶ
2332 1440 2466 1509 περὶ
2489 1438 2799 1510 ἁμαρτίας,
2857 1437 3168 1504 κατέκρινε
3219 1435 3334 1503 τὴν
3367 1433 3665 1503 ἁμαρτίαν
3712 1433 3772 1484 ἐν

523 1537 720 1593 fectum
754 1555 784 1592 a
821 1539 984 1593 verbo
1006 1553 1163 1607 opus,
1190 1537 1471 1606 justitiam
1505 1537 1624 1600 Dei,
1653 1536 2016 1605 etjudicinm,
2048 1546 2099 1590 et

2205 1538 2279 1608 τῇ
2299 1538 2504 1606 σαρκί.
2546 1536 2631 1599 Ὠς
2658 1535 2921 1605 ἁρμόζειν
2947 1533 3221 1602 ὲτέαύτῆς
3249 1531 3509 1599 λέγεσθαι
3537 1529 3622 1594 τὸ,
3644 1522 3771 1582 Οὖ¹⁸

521 1627 942 1685 misericordiam
978 1645 1132 1683 sacra
1183 1629 1472 1699 Scriptura
1526 1630 1784 1697 praedicat
1820 1646 1834 1682 :
1871 1629 2099 1698 utjusto

2205 1628 2703 1700 γὰρέπλεόνασεν
2730 1627 2765 1693 ἠ
2811 1626 3087 1693 ἁμαρτία,
3131 1621 3771 1691 ὺπερεπερίσσευσενη

515 1719 722 1794 judicio
763 1723 879 1787 Dei,
923 1725 1014 1793 qui
1065 1725 1206 1777 inter
1260 1723 1556 1777 rationales
1605 1734 1889 1778 creaturas
1938 1722 2039 1775 soli
2072 1737 2099 1775 e

2205 1725 2244 1791 ἡ
2279 1722 2471 1793 χάρις.
2504 1721 2597 1774 Διὸ
2631 1720 2726 1772 καὶ
2757 1719 2857 1790 τὴν
2878 1718 3004 1770 καθ’
3034 1718 3178 1788 ἡμᾶς
3223 1716 3316 1769 τοῦ
3347 1716 3528 1783 Λόγου
3573 1716 3768 1768 οίκονοο

522 1815 634 1869 luto
671 1814 917 1868 fabricati
949 1814 1217 1879 suut,soli
1249 1815 1411 1868 etiam
1447 1824 1596 1868 tanto
1634 1815 1839 1868 honore
1869 1825 1924 1868 et
1958 1815 2099 1867 incf-

2209 1815 2340 1884 μίαν
2376 1812 2728 1880 δικαιοσύνην
2747 1807 2882 1862 Θεοῦ
2911 1808 3004 1861 καὶ
3035 1808 3218 1878 κρίσιν
3250 1808 3342 1860 καὶ
3373 1807 3524 1859 ἔλεον
3553 1805 3618 1858 τὸ
3645 1805 3772 1876 ἱερὸν

522 1905 674 1961 fabili
699 1871 1249 1976 misericordia'digni
1284 1907 1452 1960 habiti
1482 1908 1612 1961 sint.
1640 1906 1922 1961 Indicabat
1954 1907 2098 1961 idem

2205 1871 2568 1976 ἀνακηρύττει
2608 1871 2869 1975 Γράμμα,
2899 1901 2974 1965 ὡς
3027 1871 3215 1970 δικαίᾳ
3265 1899 3448 1970 κρίσει
3507 1896 3604 1951 τοῦ
3652 1871 3773 1950 Θεοῦ

523 2007 577 2051 et
610 2013 705 2066 per
736 1996 932 2052 Oscam
965 1999 1153 2053 dicens
1187 2015 1201 2052 :
1251 1997 1521 2065 Sponsabo
1550 2009 1598 2053 te
1631 1999 1760 2051 milii
1789 1998 1843 2051 in
1863 2000 2099 2067 justitia,

2205 1998 2402 2068 μόνους
2429 1995 2537 2048 τῶν
2563 1994 2800 2062 λογικῶν
2833 1992 2912 2062 τῷ
2969 1989 3126 2062 πηλῷ
3182 1988 3539 2052 συνδεθέντας
3592 1987 3773 2058 μόνους

526 2090 580 2141 in
611 2088 1002 2153 misericordia,
1029 2097 1074 2142 et
1101 2088 1156 2140 in
1179 2088 1599 2142 miserationibus
1621 2098 1666 2144 ⁸.
1697 2089 1840 2144 Mille
1868 2091 1992 2144 item
2012 2090 2099 2145 alii

2205 2086 2299 2141 καὶ
2323 2085 2424 2156 τῆς
2437 2084 2706 2155 τοσαύτης
2731 2081 3036 2151 ἀξιωθῆναι
3059 2079 3373 2150 φιλοτιμίας
3400 2075 3610 2132 καὶτοῦ
3629 2078 3774 2130 ἀνεκ-

519 2193 692 2233 sacra:
747 2177 1045 2245 Scriptum
1092 2176 1196 2232 loci
1235 2177 1511 2246 clamant,
1542 2179 1610 2232 ob
1660 2179 1839 2234 carnis
1889 2180 2099 2235 vincula

2205 2179 2444 2249 φράστου
2469 2175 2678 2238 ἐλέους.
2709 2174 2930 2244 Ἐδήλου
2951 2173 3006 2224 δὲ
3024 2172 3118 2225 καὶ
3130 2170 3219 2224 διὰ
3233 2169 3326 2223 τοῦ
3358 2169 3523 2241 Ὠσηὲ
3539 2169 3608 2235 ’⁸,
3625 2170 3774 2236 Μνη-

522 2268 1002 2322 commiseratione
1061 2266 1280 2336 dignum
1336 2283 1456 2322 esse
1517 2268 1757 2323 habitum
1804 2269 2098 2324 humanum

2205 2269 2531 2338 στεύσομαί
2554 2284 2629 2322 σε
2642 2264 2879 2336 ἐμαυτῷ
2901 2265 2969 2332 ²¹,
2988 2264 3182 2332 λέγων,
3208 2263 3279 2316 ὲν
3304 2261 3662 2328 δικαιοσύνῃ
3685 2259 3772 2313 καί

519 2374 714 2430 genus,
750 2367 804 2412 et
839 2373 936 2428 pro
969 2373 1178 2412 annexa
1209 2359 1364 2413 nobis
1393 2362 1638 2426 materia,
1669 2361 2097 2418 incarnationem

2205 2364 2276 2418 ἐν
2301 2363 2450 2427 ἐλέῳ
2512 2361 2613 2416 καὶ
2644 2357 2992 2428 οὶκτιρμοῒς.
3047 2356 3159 2410 Καὶ
3201 2355 3388 2425 μυρίοι
3445 2353 3598 2422 λόγοι
3639 2350 3772 2406 ἄλλοι

515 2465 692 2514 suam,
719 2461 1027 2518 caateraque
1057 2465 1119 2503 ex
1160 2465 1225 2503 ea
1254 2448 1494 2519 profecm
1521 2449 1663 2506 bona
1684 2452 1922 2508 vicissim
1951 2454 2106 2510 nobis

517 2540 802 2593 Dominum
821 2541 1088 2595 donasse:
1117 2537 1440 2594 Recordatus
1463 2551 1561 2606 est.
1580 2543 1958 2613 inquitDavid,
1985 2562 2108 2616 quo-

517 2630 665 2682 niam
708 2627 876 2696 pulvis
897 2645 1075 2683 sumus
1102 2637 1145 2682 '.
1178 2628 1245 2684 Et
1273 2648 1288 2684 :
1328 2628 1592 2695 Quoniam
1615 2650 1921 2689 carosumus
1952 2635 2004 2690 δ.
2043 2635 2109 2692 Et

513 2718 614 2774 Job
652 2738 666 2775 :
702 2718 962 2773 Memento
1003 2719 1143 2788 quod
1184 2720 1320 2774 sicut
1360 2721 1526 2775 lutum
1564 2721 1751 2791 feceris
1780 2735 1932 2780 inec.

2205 2456 2344 2526 ἱεροὶ
2363 2456 2408 2487 ³³
2445 2451 2879 2522 διακεκράγασιν
2906 2451 2988 2504 ὃτι
3020 2448 3110 2502 διὰ
3131 2447 3240 2501 τῶν
3259 2445 3476 2518 δεσμῶν
3502 2445 3600 2514 τῆς
3655 2461 3774 2513 σαρ-

2204 2548 2299 2610 κὸς
2325 2545 2676 2618 συμπαθείας
2703 2544 2765 2596 τὸ
2789 2541 3133 2613 ἀνθρώπινον
3185 2537 3394 2612 ἠξιώθη
3457 2537 3639 2608 γένος,
3688 2536 3773 2589 καὶ

2202 2637 2327 2691 ἀντὶ
2363 2635 2568 2706 ταύτης
2605 2635 2704 2703 τῆς
2731 2631 3105 2704 συναφθείσης
3130 2631 3260 2702 ἡμῖν
3291 2629 3427 2698 ὕλης
3481 2627 3580 2699 τὴν
3629 2629 3771 2682 ἐναν-

2204 2728 2488 2800 θρώπησιν
2519 2723 2686 2780 αὐτοῦ
2720 2725 2816 2780 καὶ
2831 2725 2901 2778 τά
2921 2725 2990 2778 δι’
3011 2724 3182 2794 αὐτῆς
3200 2721 3382 2791 ἀγαθά
3397 2720 3772 2776 ἀνταπέδωκεν

514 2815 650 2884 ἡμῖν
699 2814 978 2885 ὁΚυριος.
1035 2813 1339 2884 Ἐμνήσθη
1390 2814 1439 2846 ³³
1473 2817 1621 2887 γὰρ,
1676 2820 1839 2890 φησὶν
1892 2821 1921 2874 6
1973 2819 2158 2886 Δαϐὶδ,
2200 2822 2291 2877 ὅτι
2338 2821 2489 2893 χοῦς
2544 2821 2756 2892 ἐσμεν,
2811 2817 2913 2875 καὶ
2975 2817 3133 2871 ὅτι¹⁶
3185 2815 3345 2885 σάρξ
3403 2815 3632 2886 ἐσμενο
3687 2807 3774 2866 καὶ

513 2906 640 2982 [556
680 2905 775 2980 [-1.]
807 2909 836 2961 6
874 2905 993 2961 Ἰὼϐ
1020 2908 1090 2974 ’⁸,
1121 2907 1448 2979 Μνήσθητι
1477 2910 1568 2964 ὅτι
1603 2914 1804 2980 πηλόν
1835 2930 1912 2983 με
1940 2911 2240 2984 ἔπλασας.

593 3020 840 3074 Alteram
866 3018 1061 3074 deinde
1093 3028 1201 3074 tam
1235 3020 1450 3092 egregie
1484 3021 1723 3077 humano
1758 3027 1942 3092 generi
1976 3037 2104 3092 pro-

2280 3021 2550 3094 Δευτέραν
2589 3021 2634 3076 δ’
2663 3021 2729 3074 ἄν
2761 3037 2847 3085 τις
2871 3019 3054 3073 αἰτίαν
3096 3016 3230 3087 φαίη
3259 3015 3360 3085 τῆς
3412 3014 3547 3086 περὶ
3599 3011 3659 3066 τὺ
3690 3011 3771 3067 ἀν·

515 3112 800 3183 spicientis
840 3125 986 3166 cura:
1039 3111 1180 3166 banc
1231 3111 1401 3168 fuisse
1428 3127 1650 3168 causam
1688 3114 1925 3178 dixeris,
1955 3117 2098 3183 quod

2205 3116 2479 3190 θρώπινον
2504 3113 2778 3186 τοσαύτης
2805 3112 3090 3183 προνοίας,
3112 3111 3188 3174 ὡς
3204 3109 3300 3163 ἀπ’
3331 3109 3509 3179 ἀρχῆς
3553 3106 3583 3159 6
3623 3107 3764 3162 ma-

519 3218 862 3274 uequaquam
909 3218 939 3256 a
983 3202 1253 3273 principio
1300 3203 1564 3261 Conditor
1615 3216 1866 3261 naturam
1907 3207 2102 3276 perfe-

519 3309 686 3362 ctam,
735 3295 1196 3368 quemadmodum
1229 3296 1458 3365 angelis,
1488 3297 1685 3371 Ξοωι
1737 3299 1812 3354 ita
1846 3311 1902 3354 et
1929 3299 2104 3354 homi-

517 3385 688 3441 nibus
721 3385 1008 3448 tribuerit;
1073 3387 1170 3441 sed
1217 3386 1446 3441 modicis
1498 3388 1878 3458 progressibus
1920 3389 2101 3458 perfe-

520 3479 758 3534 ctionem
794 3477 1010 3532 tandem
1043 3479 1302 3548 consequi
1349 3479 1601 3535 voluerit.
1635 3480 1999 3546 Quamobrem
2045 3491 2102 3537 et.

517 3586 621 3638 pro
652 3569 876 3624 virtutis
912 3570 1155 3639 praemio,
1186 3579 1241 3625 et
1267 3585 1368 3639 pro
1408 3570 1673 3626 molestiis
1715 3571 1956 3629 toleratis
1979 3588 2103 3644 per-

517 3661 812 3719 fectionem
845 3661 1143 3730 rependit':
1178 3663 1308 3734 quin
1339 3674 1394 3718 et
1422 3663 1662 3733 medium
1693 3675 1924 3721 mortem
1959 3666 2102 3720 inter

523 3763 689 3824 atque
725 3751 1191 3809 immortalitatem
1220 3756 1398 3825 ipsum
1427 3756 1750 3821 constituit;
1788 3756 2102 3813 alterutrius

521 3848 761 3918 eligendi
816 3849 955 3904 facta
980 3857 1298 3919 potestate;
1330 3863 1452 3903 cum
1485 3849 1705 3904 interim
1739 3848 1938 3919 angeli,
1961 3858 2017 3904 et
2053 3850 2098 3904 si

523 3941 652 4012 quid
673 3941 818 3995 aliud
841 3941 1054 3995 ratione
1079 3939 1367 4010 przedi‘tum
1391 3949 1444 3992 et
1468 3943 1843 4009 incorporeum
1863 3936 2098 4012 [uspiam

523 4031 763 4106 exsistit]
805 4047 872 4088 ex
928 4033 1046 4101 ipso
1087 4047 1212 4086 mox
1267 4040 1391 4085 ortu
1452 4042 1659 4084 natura;
1711 4029 2098 4100 perfectionem

525 4125 704 4194 adepti
740 4125 869 4178 sint.
905 4123 1057 4178 Unde
1100 4134 1153 4177 et
1192 4123 1360 4176 David
1406 4123 1484 4176 ait
1518 4140 1532 4176 :
1587 4122 1836 4177 Potentes
1887 4123 2098 4189 virtute,

521 4213 771 4282 facientes
818 4215 1028 4267 verbum
1063 4213 1208 4266 illius
1231 4211 1282 4282 ά,
1319 4214 1418 4267 hoc
1459 4223 1543 4268 est
1576 4229 1591 4267 :
1630 4213 2098 4278 Quemadmodum

521 4320 616 4359 eos
647 4305 781 4358 nihil
813 4304 1181 4367 materiatuni,
1215 4304 1294 4357 uti
1347 4319 1467 4368 nos,
1497 4303 1582 4358 vel
1615 4303 1870 4358 deorsum
1909 4303 2096 4370 trahit,

519 4396 606 4450 ve’l
637 4395 879 4464 impedit,
935 4397 1006 4450 ita
1054 4397 1183 4459 Cito,
1219 4407 1274 4450 et
1319 4397 1526 4466 absque
1557 4411 1708 4450 mura
1738 4394 1890 4465 jussa
1930 4396 2095 4462 perﬁ-

517 4487 691 4540 ciunt.
720 4486 981 4556 Erigebat
1008 4501 1136 4556 ergo
1163 4485 1435 4542 inelfabiie
1468 4486 1562 4541 Dei
1595 4485 1913 4556 iustumque
1947 4486 2096 4554 judi-

518 4579 689 4644 cium,
721 4586 779 4631 ut
826 4577 1162 4646 imperfectis
1206 4578 1427 4647 quidem
1461 4579 1480 4646 (
1512 4591 1619 4646 quo
1645 4586 1888 4646 tempore
1920 4578 2094 4647 placi-

2204 3227 2337 3279 στης
2365 3209 2466 3262 οὐκ
2495 3205 2760 3276 αὐτοτελῆ
2806 3205 2908 3276 τὴν
2955 3205 3141 3273 φύσιν,
3186 3201 3443 3272 καθάπερ
3501 3199 3769 3268 ἀγγέλοις,

2199 3302 2456 3357 οὕτωκαὶ
2496 3301 2577 3372 τῷ
2605 3298 2934 3373 ἀνθρωπίνῳ
2951 3298 3101 3367 γένει
3131 3295 3463 3367 παρέσχετο,
3495 3293 3628 3348 ἀλλά
3658 3295 3774 3356 ταῖς

2201 3396 2350 3450 κατά
2383 3393 2582 3466 μικρὸν
2607 3392 2916 3464 προκοπαῖς
2950 3391 3045 3444 τοῦ
3077 3387 3288 3442 τελείου
3342 3386 3630 3458 τυγχάνειν
3682 3386 3769 3439 εὑ-

2200 3488 2430 3559 δόκησεν
2447 3503 2462 3520 ·
2491 3485 2574 3541 διδ
2598 3485 2692 3540 καὶ
2717 3484 2918 3555 ἀρετῆς
2947 3478 3112 3544 ἆθλον
3146 3482 3237 3534 καὶ
3259 3480 3630 3542 κακοπαθείας
3647 3481 3768 3534 ἀντ-

2201 3580 2426 3651 άμειψιν
2477 3580 2579 3650 τὴν
2623 3576 2935 3646 τελειότητα
2984 3573 3186 3629 δίδωσι.
3245 3571 3374 3645 [649
3409 3570 3502 3642 R.]
3553 3571 3656 3626 Καὶ
3704 3568 3764 3641 δὴ

2205 3675 2304 3726 καὶ
2339 3671 2504 3742 μέσον
2533 3669 2766 3724 θανάτου
2797 3669 2894 3721 καὶ
2915 3666 3217 3729 ἀθανασίας
3265 3664 3432 3718 αὐτὸν
3463 3663 3631 3730 ἔθετο,
3677 3663 3765 3732 τῆς

2204 3761 2343 3832 πρὸς
2369 3760 2632 3831 ἑκάτερον
2657 3759 2926 3830 αἱρέσεως
2951 3757 3236 3826 ἀναφήνας
3272 3756 3487 3827 κύριον.
3521 3754 3761 3825 ιἌγγελοι
3843 3745 3872 3791 ’-

2202 3852 2281 3919 δὲ,
2312 3852 2407 3905 καὶ⁵
2434 3851 2488 3905 εῐ
2513 3868 2566 3905 τι
2594 3849 2724 3906 ἀλλο
2742 3848 2962 3917 λογικὸν
3010 3849 3105 3902 καὶ
3140 3847 3456 3927 ἁρώματον,
3497 3846 3557 3911 ἐξ
3609 3845 3763 3915 αὐτῆς

2203 3943 2435 4016 προόδου
2471 3942 2536 3995 τὸ
2575 3944 2634 3996 ὲν
2664 3943 2730 4013 τῇ
2765 3941 2930 4011 φύσει
2968 3940 3173 3993 τέλειον
3227 3938 3627 4011 ἐκληρώσαντο.
3679 3937 3761 3990 Διὺ

2197 4039 2296 4090 καὶ
2322 4037 2417 4089 6“
2467 4033 2630 4088 Δαϐίδ
2678 4050 2838 4104 φησι,
2870 4031 3189 4086 Aurata!"
3247 4033 3426 4099 ίσχύτ
3469 4031 3759 4095 nomine;

2209 4123 2317 4177 τὸν
2346 4123 2538 4193 λόγον
2564 4120 2774 4188 αὑτοῦ,
2807 4119 3086 4174 τουτέστιν
3116 4119 3166 4174 οῖ
3195 4120 3242 4153 ³³
3284 4120 3476 4190 μηδενὶ
3517 4119 3620 4172 τῶν
3661 4119 3759 4172 ὑλι-

2201 4213 2341 4280 κῶν,
2377 4212 2626 4283 καθάπερ
2651 4212 2835 4284 ἡμεῖς,
2869 4211 3262 4281 καθελκόμενοί
3287 4228 3346 4264 τε
3399 4212 3494 4265 καὶ
3517 4211 3755 4281 συμποδι-

2201 4307 2444 4377 ζόμενοι,
2473 4305 2616 4358 οὕτω
2641 4305 2729 4358 διὰ
2759 4304 2974 4374 ταχέων
3028 4305 3125 4357 καὶ
3159 4302 3332 4374 χωρίς
3385 4319 3532 4366 τινος
3580 4301 3755 4371 μελλή-

2205 4414 2341 4460 σεως
2377 4389 2643 4467 πληροῦσι
2695 4395 2756 4448 τὺ
2809 4393 3188 4464 κελευόμενον.
3238 4393 3353 4463 Τῆς
3395 4392 3493 4446 οὖν
3539 4393 3752 4464 ἀρρήτου

2201 4483 2598 4553 δικαιοκρισίας
2627 4477 2695 4554 ἦν
2723 4481 2816 4534 τοῦ
2838 4481 2973 4534 Θεοῦ
3011 4485 3124 4546 τοῖς
3156 4481 3256 4552 μὲν
3278 4481 3523 4547 ἀτελέσι,
3558 4481 3667 4535 καθ’
3695 4479 3748 4532 ὃν

2200 4573 2496 4643 ἐδοκίμασε
2523 4573 2568 4604 ³⁸
2597 4571 2811 4642 καιρὸν,
2831 4573 2895 4625 τὸ
2913 4573 3097 4626 λεῖπον
3137 4572 3558 4644 ἀναπληρῶσαι,
3601 4570 3682 4635 οὓς
3707 4569 3746 4622 6‘

519 4675 632 4719 tum
680 4665 847 4736 esset)
904 4665 1049 4735 quod
1092 4667 1283 4721 deerat
1323 4665 1624 4735 suppleret,
1670 4679 1810 4733 quos
1855 4679 1984 4721 vero
2027 4665 2097 4720 ab

2205 4666 2297 4718 ἀπ’
2325 4663 2505 4736 ἀρχῆς
2529 4663 2771 4726 τελείους
2809 4663 3108 4734 ὑπέστησε,
3145 4665 3222 4735 μὴ
3249 4665 3351 4735 τῆς
3397 4664 3588 4734 ὁμοίας
3634 4677 3745 4734 προ·

517 4754 675 4812 initio
733 4760 1007 4823 perfectos
1067 4755 1414 4819 reddidisset,
1467 4769 1576 4809 non
1620 4754 1784 4810 simili
1835 4755 1921 4810 bis
1966 4771 2098 4810 cura

2205 4757 2353 4820 νοίας
2379 4755 2632 4821 ἀξιῶσαι,
2663 4755 2799 4808 ἀλλά
2826 4758 2953 4820 τοὺς
2979 4756 3078 4827 μὲν
3122 4751 3204 4820 οἷς
3242 4757 3545 4827 προέλαϐον
3592 4756 3745 4828 tigna!-

516 4846 832 4916 provideret
853 4864 866 4901 :
889 4848 983 4902 sed
1003 4861 1070 4900 ex
1095 4846 1350 4915 aequitate
1366 4844 1660 4913 iudicaret,
1682 4862 1806 4901 cum
1835 4848 1935 4903 bos
1965 4862 2099 4902 con-

2205 4849 2350 4914 σθαι,
2379 4849 2503 4912 τοὺς
2548 4849 2605 4901 δὲ
2636 4842 2712 4901 ὧν
2768 4849 3147 4918 ἐστερήθησαν
3199 4849 3655 4921 ἀναπληρωθῆναι
3692 4845 3744 4900 τὺ

525 4948 707 4994 tentos
741 4940 848 4995 illis
879 4937 1088 5011 [rebus]
1115 4953 1237 4994 esse
1268 4937 1492 5000 debere,
1517 4952 1658 5008 quas
1689 4937 1907 5008 ipsimet
1936 4954 2099 4995 occu-

2205 4940 2489 5010 ὑστέρημα
2522 4940 2829 4994 δικαιῶσαι.
2853 4941 2971 4993 Καὶ
2995 4941 3103 4993 τῶν
3151 4941 3402 5010 ἀγγέλων
3429 4943 3484 4996 δὲ
3516 4943 3622 4995 ὅσοι
3664 4955 3742 4992 πε-

520 5041 770 5102 passent,
803 5041 914 5085 tum
963 5033 1070 5086 illis
1102 5046 1292 5085 earum
1327 5045 1508 5086 rerum
1556 5029 1802 5086 defectus
1840 5033 2098 5102 supplen-

2205 5031 2515 5094 πτώκασιν,
2542 5033 2602 5085 ού
2619 5033 2718 5102 τῆς
2741 5032 2872 5104 ὕλης
2890 5032 3260 5104 κατασπώσης
3287 5034 3411 5088 οὐδὲ
3430 5035 3524 5089 τοῦ
3551 5033 3742 5106 σαρκίον

517 5125 637 5188 dos,
671 5123 872 5192 quibus
898 5123 1196 5191 aliquando
1233 5121 1433 5191 privati
1495 5119 1750 5175 fuissent.
1803 5120 2096 5177 Enimvero

2205 5119 2586 5192 μεθέλκοντος,
2616 5121 2713 5192 τῆς
2754 5122 3129 5192 προαιρέσεως
3175 5121 3232 5175 δὲ
3287 5122 3352 5176 τὸ
3405 5123 3601 5194 φαῦλον
3646 5122 3740 5173 tio-

518 5223 787 5283 quotquot
817 5229 882 5267 ex
916 5213 1124 5282 angelis
1152 5212 1288 5280 lapsi
1317 5221 1462 5275 sunt,
1496 5225 1604 5265 non
1651 5209 1685 5264 ii
1729 5213 1955 5267 materia
2008 5213 2094 5267 div

2205 5213 2396 5284 μένης,
2419 5213 2520 5282 τῆς
2542 5215 2746 5277 οἰκείας
2791 5213 2951 5285 δόξης
2985 5215 3425 5286 κατηνέχθησαν.
3485 5217 3662 5287 Ἡμεῖς
3697 5210 3740 5264 δὲ

527 5306 790 5373 vellente,
835 5320 1008 5374 neque
1053 5319 1217 5358 carne
1265 5303 1595 5369 retraltente,
1645 5303 1737 5354 sed
1771 5305 1998 5359 arbitrio
2041 5306 2093 5359 id

2205 5302 2298 5356 τοῦ
2330 5319 2388 5354 τε
2418 5303 2646 5374 σαρκίου
2677 5304 3016 5377 διοχλούντος
3057 5308 3154 5359 καὶ
3179 5307 3294 5360 τῶν
3333 5308 3545 5361 ἐκεῖθεν
3587 5303 3741 5359 παθῶν

587 5395 612 5442 δέ
645 5403 779 5455 Rom
813 5417 932 5463 xui,
960 5400 1015 5455 '5.
1093 5395 1314 5456 J‘Rbm.
1355 5385 1528 5466 v,'90.
1608 5403 1632 5434 ³
1672 5394 1832 5453 Osce.
1877 5416 1940 5469 ιι,
1990 5399 2076 5457 19.

2205 5410 2216 5438 ι
2253 5396 2400 5453 Psal.
2447 5412 2543 5466 cu,
2589 5399 2678 5454 14.
2788 5400 2819 5442 ιι
2851 5399 2996 5458 Psal.
3029 5418 3238 5467 Lxxvu,
3273 5403 3364 5458 M.
3403 5415 3488 5472 ,τοο
3515 5402 3612 5458 Job
3634 5400 3744 5467 κθ.

527 5469 652 5511 6D.-

588 5473 734 5528 Psal.
762 5487 858 5538 cu,
883 5472 973 5526 20.
1695 5542 1718 5553 ἀ

1788 5560 2026 5620 VARIAS
2059 5560 2099 5614 L

2205 5557 2473 5613 TIONES.

579 5662 625 5739 1’
651 5661 808 5730 φόνον
851 5659 1205 5739 Ama“??-
1283 5659 1328 5691 "
1359 5658 1690 5739 βουλεύμασι
1731 5679 1842 5739 ςο--
1879 5657 1948 5739 .1’
1982 5651 2573 5739 =P.T*Pi.,!‘°".‘:.""'v
2749 5647 2912 5739 “3°51
2968 5655 3128 5739 Βοηι·
3159 5673 3210 5739 Ϋ;
3245 5658 3347 5739 .90:
3457 5663 3503 5698 "
3535 5663 3743 5739 ἤπξρπξ·

518 5723 1062 5807 ρξάῑάξυσενρτοᾏε
1097 5723 1626 5807 ὐὲερεπεὲίπρεξέάεγ
1661 5723 1758 5794 cf
1798 5731 1844 5761 ²⁰
1879 5723 2279 5807 ἶίξσηὲ1.¹¹.ν..¹ἑ);
2356 5723 3111 5807 ²¹ηῖεμαξίτιῖδΑτὲνᾳῖτῷςι
3166 5730 3211 5761 ’⁸
3245 5730 3487 5807 ischia--
3547 5723 3743 5807 “iiut-

518 5790 642 5874 σθη]
673 5803 813 5884 Psal.
846 5790 942 5884 cu.
979 5805 1066 5858 14.
1141 5790 1309 5855 “Beat
1341 5790 1444 5870 ὅτι]
1497 5799 1635 5854 l’sal.
1670 5790 1846 5867 cxvu,
1879 5801 1969 5854 Ui.
1997 5790 2008 5796 ⁷
2041 5790 2091 5826 ⁵⁵
2131 5790 2277 5862 Ἰὼϐ]
2311 5807 2365 5858 x,
2401 5790 2467 5848 9.‘
2532 5795 2576 5827 ³⁸
2610 5790 2639 5847 6
2696 5810 2806 5851 0m.
2844 5799 2910 5852 Λ.
2973 5790 3056 5834 "'-
3083 5790 3332 5873 δυνατοὶ]
3373 5790 3526 5862 Ῥέα.
3555 5790 3645 5872 cu;
3667 5790 3741 5858 9.0.

518 5875 564 5905 ³³
627 5871 701 5944 οἳ]
734 5874 858 5930 ltbrt
909 5869 1018 5929 οία.
1095 5874 1141 5904 ²⁹
1166 5871 1458 5942 ἐδοκίμαζε
1494 5885 1554 5932 ς.
