4014 6408
200 374 295 445 817

1239 386 1765 449 BIBLIOTHECA.
1804 414 1875 425 -
1901 389 2067 453 COD.
2096 392 2378 453 CCXXII.

3320 372 3453 463 818‘

200 497 748 567 ὕτογαργαλιζόντων,
776 502 915 572 πρὸς
944 503 1011 555 τὰ
1054 500 1223 554 πλείω
1254 502 1365 555 τῶν
1418 502 1755 574 ἁμαρτημά-

1873 507 2016 575 quod
2058 506 2256 561 malum
2289 515 2406 561 erat
2448 508 2701 579 eligente,
2728 506 2796 565 de
2831 524 2925 563 sua
2957 508 3125 581 gloria
3156 509 3428 568 deturbati

197 605 295 641 των
329 586 388 640 οὔ
427 588 479 641 τί
507 606 567 657 γε
596 591 857 655 ἑκούσιοι,
875 595 923 645 εἰ
956 594 1057 653 καὶ,
1081 593 1157 665 μὴ
1180 594 1241 646 τὸ
1266 594 1386 647 ὅλον
1411 595 1659 648 ἀκούσιοι
1680 596 1748 661 ³ο,

198 679 617 750 καταπίπτομεν.
647 684 759 737 Καὶ
788 685 897 757 γὰρ
925 685 985 738 τὸ
1013 685 1288 756 δαιμόνιον
1334 686 1523 755 φῦλον,
1563 688 1612 740 εἰ
1660 687 1754 741 καὶ

199 772 300 820 τοῖς
326 769 548 839 αἵμασιν
571 773 759 842 ἣδεται
785 776 878 828 καὶ
908 779 1021 839 τοῖς
1057 776 1145 833 διὰ
1194 776 1396 848 σαρκὸς
1423 778 1606 847 διαίρει
1648 778 1755 831 πά-

200 856 355 923 θεσιν,
389 860 505 912 ἀλλ’
542 856 634 915 οὖν
684 864 835 917 οὐδὲν
866 864 1073 920 τούτων
1124 867 1185 920 οὐ
1223 866 1384 938 μόνον
1432 868 1755 939 αὐτουργεῖν

197 948 343 1017 φύσιν
371 951 471 1003 οὐκ
499 952 710 1023 ἔλαχεν,
743 956 858 1009 ἀλλ’
884 957 991 1009 οὐδ’
1022 958 1203 1010 αἰτίαν
1232 958 1445 1013 οἴκοθεν
1479 958 1592 1028 ἔχει
1615 959 1753 1030 πρὸς

195 1041 225 1094 ἃ
250 1041 321 1113 μὴ
346 1042 504 1111 θέμις
547 1045 949 1116 ὑποσύρουσαν.
977 1046 1117 1102 Οὔτε
1151 1049 1261 1118 γὰρ
1289 1048 1442 1117 ξίφος
1496 1049 1632 1102 ὠθεῖ
1664 1050 1755 1103 διὰ

195 1135 284 1205 τῆς
312 1134 494 1199 δεξιᾶς
538 1137 675 1207 πρὸς
707 1139 806 1208 τὴν
858 1140 1096 1211 σφαγὴν,
1157 1141 1281 1194 οὔτε
1326 1141 1538 1212 γάμους
1591 1143 1756 1206 αὐτὸς

196 1227 385 1299 ὁμιλῶν
406 1231 472 1299 τῇ
527 1231 802 1300 μοιχαλίδι
852 1233 979 1295 τοὺς
1024 1233 1398 1305 ἀνθρωπίνους
1444 1233 1753 1305 διορύσσει’

195 1316 299 1370 ἀλλ’
329 1318 450 1371 οὐδὲ
484 1320 655 1391 θυμὸς
686 1322 847 1376 αὑτὸν
880 1325 1128 1387 κολάζειν
1183 1327 1429 1397 ἀδίκημα
1477 1330 1616 1399 πρὸς
1655 1329 1757 1399 τὴν

199 1414 400 1481 σφαγὴν
426 1415 680 1481 συνωθεῖ,
716 1416 776 1468 οὐ
804 1416 911 1488 μὴν
946 1412 1077 1472 ὀὐδὲ
1117 1423 1438 1492 σωματικῆς
1468 1422 1608 1491 ἔρως
1660 1421 1755 1491 μί-

196 1500 337 1565 ξεως.
390 1502 586 1573 Ἡμεῖς
617 1506 673 1559 δὲ
698 1506 961 1572 πολλάκις
988 1510 1083 1563 καὶ
1112 1504 1187 1565 ὧν
1245 1511 1345 1583 τὴν
1389 1513 1600 1584 αἵρεσιν
1634 1512 1757 1582 βδε-

124 1651 133 1665 ,
197 1592 508 1664 λυττόμεθα,
563 1599 631 1669 τῇ
666 1599 808 1671 ῥοπῇ
867 1601 969 1671 τῆς
1013 1599 1146 1671 ὕλης
1176 1604 1492 1675 νικηθέντες
1524 1604 1757 1677 ἐργαζό-

199 1684 344 1755 μεθα,
381 1690 475 1740 καὶ
493 1688 668 1762 βραχύ
700 1710 750 1746 τι
786 1693 924 1765 πρὸς
946 1694 1036 1748 τὸν
1069 1694 1164 1749 τοῦ
1196 1697 1389 1767 νήφειν
1412 1698 1566 1752 τόνον
1592 1699 1759 1752 ὑπεν-

1854 610 2001 654 sunt.
2032 598 2143 655 Nos
2167 610 2359 656 contra
2383 612 2438 655 et
2461 616 2626 657 carne
2653 601 3079 665 interturbante.
3112 614 3167 659 et
3190 604 3335 658 natis
3363 620 3445 658 e1-

1853 705 1918 747 ea
1942 692 2326 749 aﬂectionibus
2348 692 2713 757 titillantibus,
2732 693 2799 746 ad
2826 693 3085 763 pleraque
3103 694 3296 750 delicta
3324 711 3430 761 non

1855 796 2049 853 sponte
2079 785 2346 851 volentes,
2378 786 2472 841 sed
2508 802 2607 840 nec
2637 785 2862 841 omnino
2890 785 3069 850 inviti,
3102 763 3428 841 delabimur.

1857 878 2174 935 Daemonutn
2219 878 2364 933 enim
2406 894 2601 949 genus,
2646 878 2869 937 tametsi
2902 877 3171 949 sanguine
3195 876 3431 932 delecte-

1859 980 1967 1035 tur,
2010 978 2066 1025 et
2109 970 2323 1027 carneis
2375 971 2605 1039 gaudeat
2653 968 3058 1033 affectionibus,
3123 983 3228 1022 non
3272 968 3433 1021 modo

1859 1073 2039 1119 tamen
2070 1078 2192 1119 eam
2235 1074 2488 1119 naturam
2520 1078 2632 1119 non
2654 1062 2885 1131 accepit,
2920 1072 2981 1116 ut
3013 1061 3306 1128 quidquam
3336 1060 3432 1112 lto-

1858 1170 1978 1209 rmn
2009 1154 2270 1223 perﬁcere
2293 1169 2394 1224 per
2425 1169 2485 1210 se
2510 1153 2704 1224 possit,
2739 1155 2849 1207 sed
2873 1164 3049 1217 neque
3086 1148 3251 1202 ullam
3278 1163 3344 1201 ex
3373 1161 3434 1199 se

1858 1248 2293 1316 proliciscentem
2322 1262 2545 1302 causam
2579 1246 2743 1301 habet
2780 1259 2902 1313 qua:
2934 1245 3000 1296 ad
3032 1241 3186 1295 nefas
3226 1240 3428 1295 trahat.

1858 1339 2045 1410 Neque
2073 1339 2219 1393 enim
2247 1338 2489 1408 gladium
2523 1339 2717 1393 dextra
2747 1336 2928 1391 vibrat
2971 1334 3038 1389 ad
3069 1334 3293 1397 caedem,
3335 1346 3433 1386 ne-

1858 1447 1964 1504 que
2010 1432 2226 1503 nuptias
2275 1432 2540 1487 humanas
2595 1446 2721 1484 cum
2768 1412 3012 1483 adultera
3066 1438 3435 1479 consuescens

1859 1524 2047 1580 violat.
2105 1524 2212 1579 Sed
2262 1537 2365 1578 nec
2389 1522 2670 1577 iracundia
2711 1522 2889 1590 ipsum
2922 1517 3170 1588 impellit,
3193 1518 3339 1570 czede
3376 1526 3436 1568 ut

1860 1625 2143 1686 acceptam
2194 1613 2456 1684 iniuriam
2484 1613 2747 1677 vindicet,
2768 1624 2943 1679 neque
2973 1624 3249 1675 corporeae
3280 1622 3436 1661 com-

1860 1708 2134 1765 mistionis
2180 1722 2356 1762 amor.
2379 1704 2495 1761 Nos
2539 1719 2671 1760 vero
2700 1719 2868 1774 saepe,
2910 1702 3155 1757 materiae
3202 1700 3438 1769 pondere

416 1784 528 1880 τοῖς
582 1784 814 1880 πάθεσιν
867 1784 1390 1859 ἁνδραποδιζόμεθα.
1441 1789 1604 1843 Ὅθεν
1664 1792 1759 1843 καὶ

1873 1800 2095 1866 incitati,
2123 1814 2187 1854 ea
2217 1811 2458 1869 .quoque
2501 1804 2899 1865 perpetramus,
2946 1807 3067 1862 qua:
3106 1800 3300 1859 sponte
3342 1791 3435 1842 de-

200 1869 393 1936 Παῦλος
414 1873 569 1940 ἐϐόα,
609 1871 754 1929 Οἶδα
778 1876 821 1908 ³⁸
852 1877 941 1932 ὅτι
971 1880 1083 1932 οὐκ
1135 1858 1290 1933 οἰκεῖ
1319 1881 1392 1934 ἐν
1416 1880 1567 1951 ἐμοὶ,
1596 1899 1755 1937 τουτ-

1873 1902 2130 1948 testemur
2153 1858 2383 1961 eligere,
2411 1898 2575 1956 atque
2599 1858 2674 1942 ad
2708 1858 2892 1942 breve
2908 1858 3200 1939 admodum
3228 1891 3440 1950 tempus

198 1962 331 2016 ἐστιν
353 1966 411 2019 ὲν
439 1970 508 2036 τῇ
545 1968 712 2037 σαρκί
742 1986 867 2038 μου,
899 1969 967 2024 τὸ
1009 1970 1234 2040 ἀγαθόν
1256 1989 1274 2006 -
1330 1974 1393 2026 τὸ
1427 1974 1537 2044 γὰρ
1561 1975 1760 2032 θέλειν

200 2056 532 2125 παράκειταί
542 2079 665 2129 μοι,
682 2062 777 2114 καὶ
798 2063 926 2131 ἑξῆς
948 2078 962 2093 ⁶
992 2065 1087 2118 καὶ
1105 2065 1290 2132 πάλιν,
1316 2069 1398 2121 Οὐ
1414 2068 1527 2137 γὰρ
1545 2067 1578 2123 ὃ
1608 2068 1763 2125 θέλω

200 2149 330 2204 ποιῶ
378 2151 631 2221 ἀγαθὸν,
664 2155 803 2210 ἀλλ’
844 2156 876 2209 ὃ
922 2158 994 2211 οὐ
1021 2156 1196 2223 θέλω,
1237 2159 1415 2213 τοῦτο
1468 2160 1758 2229 πράσσω.

200 2240 420 2308 Εἰκότως
446 2240 547 2298 οὖν
569 2247 666 2300 καὶ
694 2246 869 2301 πλείω
897 2248 1004 2301 τῶν
1024 2250 1338 2320 δαιμονίων,
1363 2254 1549 2323 φησὶν,
1582 2254 1764 2326 ἁμαρ-

201 2333 431 2400 τάνοντες
455 2376 471 2403 ,
513 2335 850 2411 συγγνώμης
876 2341 1034 2412 ἡμεῖς
1071 2342 1188 2395 ἀλλ’
1221 2344 1321 2396 οὐκ
1340 2345 1539 2399 ἐκεῖνοι
1560 2347 1765 2417 τυγχά-

202 2442 386 2483 νουσιν.

268 2692 381 2746 Ἔτι
410 2694 467 2747 δὲ
499 2695 614 2749 οὐδ’
639 2698 794 2761 εἴτις
826 2697 963 2770 δοίη,
985 2701 1142 2774 φησὶ,
1168 2701 1328 2772 φύσιν
1354 2701 1603 2773 ἀγγέλων
1632 2704 1764 2758 ἀνα-

202 2782 366 2838 λαὸεῖν
387 2786 478 2840 τὸν
510 2788 671 2858 ἡμῶν
692 2791 922 2863 Σωτῆρα
963 2794 1060 2847 καὶ
1092 2795 1393 2867 Λυτρωτὴν
1426 2796 1522 2850 ἐπὶ
1541 2800 1608 2869 τῇ
1638 2797 1766 2855 τού-

202 2890 296 2928 των
312 2880 579 2951 σωτηρίᾳ,
604 2881 756 2937 οὐδὲν
794 2882 860 2937 ἂν
894 2884 1082 2956 κέρδος
1117 2888 1182 2941 ἐκ
1211 2888 1311 2958 τῆς
1342 2889 1637 2958 συναφείας
1667 2890 1766 2945 αὐ-

1860 1982 2174 2041 sobrietatis
2213 1980 2547 2037 contentioni
2588 1979 2868 2043 cedentes,
2925 1991 3117 2030 rursus
3168 1974 3240 2028 ab
3303 1972 3436 2027 all‘e-

1816 2114 1823 2119 σ
1860 2076 2039 2131 ctibus
2059 2074 2260 2129 nostris
2281 2071 2479 2140 captivi
2498 2070 2838 2126 abducimur.
2862 2067 3015 2122 Unde
3036 2074 3090 2119 et
3115 2066 3311 2119 Paulus
3329 2063 3412 2116 cla

1861 2162 2062 2217 ntabat.
2096 2160 2221 2215 Scio
2272 2161 2404 2229 quia
2461 2174 2570 2212 non
2622 2157 2824 2211 habitat
2873 2156 2930 2208 in
2976 2170 3079 2217 me,
3115 2156 3214 2206 hoc
3248 2162 3346 2215 est,
3382 2152 3439 2203 in

1860 2270 2019 2308 carne
2040 2270 2175 2316 mea,
2204 2252 2417 2307 bonum.
2452 2250 2595 2305 Nam
2623 2250 2750 2304 velle
2776 2248 2987 2317 adjacet
3025 2247 3211 2310 mihiG,
3233 2256 3287 2298 et
3317 2259 3440 2311 qua:

1865 2356 2217 2415 sequuntur:
2258 2344 2607 2413 iterumque:
2644 2339 2769 2396 Non
2819 2341 2959 2395 enim
3006 2338 3144 2408 quod
3183 2337 3300 2390 volo
3347 2336 3440 2387 bo-

1863 2457 2012 2505 num,
2048 2440 2145 2494 hoc
2187 2439 2356 2508 [ac-io,
2396 2434 2667 2505 sedquod
2705 2433 2826 2488 nolo
2859 2430 3108 2505 [malum]
3145 2430 3240 2483 hoc
3270 2444 3368 2499 ago
3392 2428 3438 2481 ί.

1865 2532 2058 2589 nerito
2104 2532 2287 2602 igitur,
2340 2529 2445 2585 etsi
2493 2528 2647 2598 plura
2696 2540 2862 2596 quam
2909 2524 3205 2585 dremones,
3243 2520 3438 2587 inquit,

1863 2636 2173 2695 peccemus,
2224 2635 2326 2675 nos
2386 2619 2603 2673 veniam
2655 2627 3095 2685 consequemur,
3144 2625 3283 2665 non.
3316 2608 3441 2678 ipsi.

1933 2711 2183 2781 Amplius
2201 2724 2355 2775 vero,
2375 2720 2555 2777 neque
2588 2706 2635 2762 si
2678 2703 3013 2760 concesserit
3036 2700 3330 2769 quispiam,
3362 2698 3442 2749 in-

1865 2807 2005 2877 quit,
2058 2801 2258 2873 305a
2290 2809 2536 2856 nostrum
2567 2796 2909 2852 Salvatorem
2934 2809 2998 2848 ac
3022 2792 3445 2858 Bedemptorem

1868 2896 2185 2966 angelorum
2212 2902 2465 2949 naturam
2502 2904 2604 2959 pro
2642 2888 2860 2943 illorum
2897 2885 3073 2941 salute
3115 2881 3445 2950 suscepisse,

204 2971 298 3061 τοῖς
325 2972 565 3071 ἀπήντα.
606 2973 846 3071 Ἀνάγκη
878 2976 980 3046 μὲν
1011 2978 1121 3049 γὰρ
1152 2980 1254 3033 οὐκ
1297 2980 1364 3033 ἂν
1393 2981 1593 3045 αὐτοὺς
1631 2999 1768 3051 μετ-

1873 2988 2221 3045 commodum
2254 2986 2389 3057 ipsis
2426 2984 2595 3041 ullum
2641 2996 2706 3036 es
2740 2980 2843 3035 hac
2878 2976 3139 3031 aiﬁnitate
3167 2972 3443 3029 obveniat.

203 3058 340 3163 ῆγεν,
363 3058 555 3124 ὥσπερ
576 3058 697 3111 οὐδὲ
720 3061 845 3125 τοὺς
863 3062 1205 3132 ἀνθρώπους,
1231 3065 1339 3117 ἀπὸ
1360 3064 1454 3117 τοῦ
1475 3061 1768 3137 πτώματος

1873 3082 1992 3145 Non
2036 3080 2186 3136 enim
2230 3077 2530 3133 necessitas
2575 3074 2747 3143 ipsos,
2795 3077 2854 3124 ut
2886 3083 3064 3138 neque
3102 3064 3379 3126 homines,
3417 3078 3448 3115 a

210 3151 380 3257 ista?)
410 3152 664 3222 κρεῖττον
685 3168 699 3181 ⁸
753 3153 845 3207 τὸν
894 3154 949 3206 δὲ
982 3154 1205 3226 θεοφιλῆ
1252 3157 1349 3210 καὶ
1377 3156 1603 3230 ἄριστον
1651 3159 1765 3229 βίον

1873 3177 2025 3244 lapsu
2059 3173 2129 3228 ad
2170 3171 2451 3227 meliorem
2497 3175 2702 3223 statum
2732 3163 3027 3220 transferat
3060 3174 3077 3214 :
3117 3159 3212 3214 sed
3241 3158 3443 3226 optima

205 3241 384 3313 πρᾶξις
412 3244 618 3314 ἀρίστη
644 3244 739 3296 καὶ
768 3244 952 3308 νεῦσις
979 3248 1061 3309 εἰς
1090 3248 1245 3310 Θεὸν,
1282 3250 1420 3320 ὅπερ
1447 3251 1565 3303 ἐστὶ
1586 3250 1768 3315 πίστις

206 3334 548 3404 ἁκηλὶδωτος,
584 3338 1007 3404 κατασκευάζει,
1039 3332 1115 3395 ὧν
1147 3341 1281 3410 ἡμῖν
1319 3340 1618 3413 εἰσηγητὴς
1669 3340 1767 3396 καὶ

205 3427 511 3493 διδάσκαλος
537 3431 564 3482 ὁ
598 3431 907 3501 σαρκωθεὶς
944 3432 1282 3503 ἐχρημάτισε
1321 3433 1517 3502 Λόγος.
1548 3434 1770 3487 Τούτων

208 3517 256 3569 δὲ
279 3521 561 3592 οὐδέτερον
591 3520 726 3591 πρὸς
762 3519 1371 3594 [55711.],διδασκαλὶαν
1400 3527 1496 3577 καὶ
1535 3525 1773 3599 μάθησιν

207 3612 431 3683 (ᾔδεισαν
459 3616 574 3684 γὰρ
610 3616 798 3683 σαφῶς
827 3615 1108 3686 ἑκάτερον)
1137 3616 1216 3687 τῷ
1244 3616 1352 3670 τῶν
1373 3618 1619 3689 ἀγγέλων
1638 3635 1767 3673 συν-

208 3708 363 3760 ετέλει
414 3710 606 3777 γένει’
639 3707 699 3771 ἐξ
724 3707 894 3778 αὐτῆ,
921 3708 1029 3780 γὰρ
1062 3710 1403 3781 παραγωγῆς
1435 3711 1535 3780 τὴν
1564 3710 1772 3767 τούτων

210 3795 338 3868 εἶχον
359 3802 586 3870 γνῶσιν.
615 3803 690 3855 Οὐ
722 3805 854 3875 γὰρ,
900 3803 1089 3876 ὥσπερ
1119 3807 1300 3876 ἡμεῖς,
1352 3807 1460 3860 τῶν
1509 3809 1772 3863 τοιούτων

211 3890 401 3955 ὲπιδεὲς
429 3894 493 3946 τὸ
552 3893 864 3973 ἀσώματον.
901 3897 1011 3949 Καὶ
1065 3897 1174 3967 γὰρ
1231 3899 1326 3951 καὶ
1375 3898 1467 3952 τὸν
1518 3900 1645 3953 Υἱὸν
1678 3878 1783 3955 τοῦ.

211 3981 330 4034 Θεοῦ
360 3984 532 4055 σαρκὶ
562 3986 806 4056 παρόντα
835 3987 1090 4055 δαίμονες
1107 3988 1498 4059 ἐπεγίνωσκον,
1531 3994 1626 4045 καὶ
1650 4008 1773 4063 κρι-

211 4071 296 4143 τὴν
328 4077 419 4128 καὶ
454 4076 791 4149 βασανιστὴν
815 4080 908 4131 καὶ
941 4081 1220 4150 Δεσπότην
1246 4083 1633 4154 ἁνεκήρυττον.
1666 4085 1778 4138 Καὶ

213 4162 266 4213 τὸ
284 4163 418 4235 ἱερὸν
440 4168 479 4219 Γ
489 4169 684 4240 ράμμα
715 4172 987 4243 μαρτυρεῖ
1004 4170 1181 4239 λέγον,
1201 4172 1285 4241 Σὺ
1304 4174 1349 4206 ³³
1365 4175 1666 4240 πιστεύεις
1689 4174 1783 4228 ὅτι

217 4254 343 4321 Bede
361 4256 516 4321 ἐστι,
540 4260 639 4312 καὶ
660 4262 731 4314 τὰ
762 4260 1039 4331 δαιμόνια
1062 4264 1422 4317 πιστεύουσι
1476 4263 1577 4317 καὶ
1604 4267 1782 4332 φρίσ-

214 4356 416 4400 σουσν
457 4347 589 4421 [652
626 4349 717 4423 IL]
746 4352 841 4405 καὶ
862 4352 1123 4424 ἀλλαχοῦ,
1161 4353 1271 4407 Τὸν
1286 4355 1408 4424 μὲν
1436 4354 1479 4386 ³³
1520 4356 1781 4423 Χριστὸν

215 4431 354 4506 οἶδα,
386 4442 487 4493 καὶ
515 4443 623 4495 τὸν
658 4444 909 4498 Παῦλον
928 4446 1256 4516 ἐπίσταμαι
1276 4464 1291 4476 ν
1336 4446 1418 4501 σὺ
1451 4446 1520 4500 δὲ
1564 4450 1658 4514 τίς
1686 4445 1744 4502 εἷ
1760 4464 1780 4513 ;

1871 3284 2098 3342 quaeque
2124 3265 2389 3338 operatio,
2409 3270 2573 3332 atque
2598 3271 2903 3331 propensus
2922 3256 2979 3310 in
3006 3257 3174 3309 Deum
3208 3251 3445 3311 animus,

1871 3363 2018 3433 quod
2048 3369 2134 3416 est
2164 3360 2302 3414 ﬁdes
2334 3354 2706 3420 immaculata,
2737 3359 2944 3421 gratam
2984 3349 3093 3402 Deo
3124 3346 3293 3399 vitam
3323 3356 3451 3411 pro-

1873 3457 2110 3522 bamque
2164 3449 2350 3515 eilicit,
2410 3462 2645 3517 quorum
2698 3443 3019 3512 nobisidux
3054 3450 3112 3494 et
3148 3444 3452 3508 praeceptor

1874 3545 2114 3603 Verbum
2154 3544 2507 3597 incarnatum
2552 3538 2676 3603 fuit,
2709 3550 2833 3591 cum
2872 3546 3062 3587 eorum
3105 3539 3286 3584 tamen
3312 3540 3451 3580 neu—

1876 3649 2024 3709 trum
2059 3637 2127 3691 ad
2165 3634 2394 3706 angelici
2433 3630 2649 3702 generis
2676 3628 2784 3699 (cui
2821 3627 2937 3681 haec
2970 3626 3086 3692 ipsa
3121 3621 3257 3676 satis
3295 3628 3454 3673 erant

1873 3725 2115 3798 cognita)
2168 3723 2585 3779 instructionem
2638 3727 2803 3784 atque
2848 3713 3154 3768 doctrinam
3182 3709 3455 3764 conduceo

1876 3831 1992 3887 ret;
2022 3818 2116 3886 qui
2148 3817 2215 3869 ab
2259 3815 2373 3883 ipsa
2419 3811 2503 3868 sui
2536 3806 2897 3879 productione
2938 3804 3130 3857 horum
3165 3799 3454 3857 scientiam

1878 3896 2216 3966 habuissent.
2245 3904 2431 3974 Neque
2456 3904 2627 3965 enim,
2662 3904 2736 3968 ut;
2762 3915 2881 3963 nos,
2912 3898 3110 3952 talibus
3145 3892 3457 3961 incorporei

1880 4002 2147 4070 indigent.
2176 3996 2394 4052 Etenim
2426 3995 2521 4049 Dei
2567 3992 2765 4047 Filium
2814 3992 2868 4045 in
2916 4002 3082 4043 carne
3129 3996 3457 4054 prtesenlem

1879 4096 2149 4149 daemones
2170 4089 2564 4161 agnoscebant,
2593 4095 2648 4140 et
2683 4083 2922 4153 judicent
2950 4094 3072 4136 eum
3114 4092 3332 4147 pinnam
3377 4077 3463 4128 in-

1881 4188 2167 4248 ferentem,
2191 4198 2257 4239 ac
2279 4181 2565 4238 Dominum
2598 4176 3032 4247 praedicabant‘.
3060 4173 3128 4228 Et
3157 4185 3327 4227 sacrae
3356 4171 3461 4223 hoc

1891 4287 2106 4337 testatae
2132 4277 2349 4330 Litterae
2378 4275 2530 4327 aiunt
2562 4290 2577 4326 :
2608 4270 2688 4324 Tu
2724 4269 2895 4323 credis
2914 4267 3160 4337 quoniam
3197 4263 3333 4317 Deus
3356 4271 3459 4325 est,

1882 4371 2037 4425 etiam
2064 4371 2331 4423 dwmones
2377 4364 2620 4430 credunt,
2652 4370 2702 4416 et
2732 4352 3203 4414 contremiscunth.
3230 4357 3469 4407 Iterum~

1884 4477 1992 4532 que
2020 4460 2189 4515 alibi:
2209 4459 2391 4514 Jesum
2417 4458 2553 4521 navi,
2592 4464 2641 4509 et
2676 4452 2909 4506 Paulum
2926 4452 3034 4504 scio
3058 4465 3076 4503 :
3103 4460 3159 4501 tu
3190 4462 3311 4501 vero
3346 4445 3465 4514 quis

217 4527 269 4592 ἐξ
293 4523 364 4583 ὧν
393 4534 558 4604 δῆλον
590 4534 671 4586 ὅτι
697 4535 757 4587 τὸ
791 4534 1069 4606 δαιμόνιον
1097 4537 1264 4606 φῦλον
1299 4538 1360 4591 οὺ
1390 4540 1550 4607 μόνον
1574 4539 1691 4609 ᾔδει
1720 4557 1768 4592 τε

1887 4552 2009 4607 esi?
2037 4551 2192 4606 Unde
2226 4550 2361 4604 satis
2397 4557 2568 4617 patet,
2606 4545 2910 4599 daemonum
2933 4542 3205 4595 nationem
3240 4552 3347 4591 non
3379 4551 3468 4589 so-

217 4620 296 4673 τὸν
325 4623 453 4678 Θεὸν
478 4627 577 4679 καὶ
614 4627 872 4681 ἐδεδοίκει
919 4630 1015 4682 καὶ
1044 4629 1254 4695 ἔσεϐεν,
1313 4630 1452 4684 ἀλλὰ
1502 4633 1596 4685 καὶ
1652 4634 1782 4696 τοὺς

219 4714 415 4771 ἐκείνου
449 4720 708 4788 γνησίους
742 4720 1114 4790 θεραπευτάς.

279 4807 465 4862 Δίτίαν
498 4810 555 4862 δὲ
584 4811 681 4881 τῆς
719 4813 929 4881 ἀφάτου
982 4811 1419 4883 φιλανθρωπίας,
1446 4812 1785 4867 ὲπισύναπτε

222 4897 306 4950 καὶ
351 4900 576 4971 ταύτην.
613 4902 773 4971 Ἡμῖν
830 4903 929 4973 μὲν
981 4904 1189 4972 ἀνοίγει
1233 4904 1323 4956 τὸν
1353 4904 1581 4973 οὐρανὸν
1630 4901 1787 4957 οὔπω

222 4990 465 5058 γεγονότα
495 4990 657 5062 βατὺν
687 4994 805 5046 οὐδὲ
838 4993 1027 5047 θεατόν
1047 5008 1060 5022 ⁸
1092 4995 1150 5057 ὃς
1182 4996 1278 5047 καὶ
1318 4994 1583 5064 οὐρανῶν,
1604 4990 1782 5064 οἶμαι,

228 5078 458 5146 βασιλεία
491 5083 981 5155 προσαγορεύεται.
1015 5086 1173 5139 Κατὰ
1200 5089 1312 5156 γὰρ
1344 5087 1435 5139 τὸν
1461 5086 1603 5141 θεῖον
1634 5088 1784 5140 Παῦ-

228 5169 325 5237 λον,
346 5174 813 5229 Ἐνεκαὶνισεγ³δ
838 5176 986 5245 ἡμῖν
1015 5176 1160 5230 ὁδὸν
1181 5177 1538 5246 πρόσφατον
1568 5178 1665 5232 καὶ
1685 5177 1789 5238 ζῶ-

230 5279 338 5316 σαν
361 5284 373 5294 ·
418 5268 532 5333 καὶ,
570 5272 693 5324 Οὐκ
711 5270 756 5300 ³⁵
786 5271 873 5335 εἰς
912 5270 1293 5343 χειροποίητα
1318 5270 1456 5341 ἅγια
1476 5271 1788 5341 εἰσῆλθεν,

231 5352 356 5407 ἀλλ’
384 5360 470 5425 εὶς
494 5361 681 5435 αὑτὸν
728 5360 839 5415 τὸν
871 5364 1154 5431 οὐρανὸν,
1200 5363 1319 5418 νῦν
1346 5364 1793 5435 ἐμφανισθῆναι

1892 4647 2000 4703 lum
2029 4646 2173 4702 scire
2204 4644 2396 4705 Deum,
2421 4654 2659 4710 euntque
2686 4646 2948 4698 metuere,
2981 4643 3037 4691 et
3061 4631 3335 4696 venerari,
3367 4629 3466 4684 sed

1890 4750 1944 4795 et
1974 4750 2263 4807 germanos
2298 4734 2419 4801 ejus
2459 4732 2720 4787 cultores.

1962 4832 2135 4887 Porro
2167 4827 2462 4883 inetl'abilis
2502 4826 2554 4878 in
2589 4823 2840 4877 homines
2878 4820 3082 4874 amoris
3113 4816 3207 4870 Dei
3243 4827 3469 4869 causam

1892 4934 1947 4978 et
1980 4922 2124 4976 hanc
2145 4918 2413 4987 adjungit.
2460 4913 2629 4968 Nobis
2653 4908 2880 4984 [inquit]
2915 4910 3256 4963 inaccessum
3280 4915 3468 4967 antea,

1896 5012 2208 5079 neminique
2233 5008 2413 5061 adhuc
2437 5006 2613 5059 visum
2639 5005 2838 5058 emtum
2864 4999 3032 5070 (quod
3055 4997 3317 5051 caelorum
3340 5006 3472 5065 puto

1897 5116 2114 5171 regnum
2155 5097 2411 5171 appellat)
2458 5094 2657 5165 aperit.
2705 5091 2839 5146 Nam
2897 5090 3194 5147 secundum
3253 5087 3468 5142 beatum

1898 5194 2124 5248 Paulum
2155 5210 2169 5245 :
2202 5190 2444 5245 Initiavit
2478 5186 2629 5240 nobis
2659 5185 2797 5239 viam
2820 5199 3029 5246 novam,
3063 5191 3111 5234 et
3150 5184 3401 5235 viventem
3430 5177 3469 5230 ι.

1899 5284 1968 5337 Ει
1994 5299 2009 5337 :
2044 5280 2167 5337 Non
2193 5281 2248 5335 in
2268 5277 2577 5345 manufesta
2594 5283 2779 5330 sancta
2806 5272 3074 5339 introivit,
3098 5272 3189 5326 sed
3217 5272 3270 5329 in
3301 5270 3469 5337 ipsum

1900 5374 2110 5441 cretum,
2129 5381 2185 5427 ut
2208 5379 2461 5443 appareat
2486 5383 2624 5423 nunc
2650 5363 2817 5421 vultui
2846 5362 2942 5417 Dei
2976 5379 3071 5431 pro
3116 5362 3265 5419 nobis
3286 5361 3337 5414 ι.
3367 5359 3475 5412 Et:

302 5481 323 5508 ε
351 5470 501 5528 Rom.
535 5440 743 5539 $1.18.
812 5476 1090 5534 ‘ibid.l9.
1153 5477 1635 5547 3Matth.v1n,29.
1698 5480 1858 5542 Hac.
1885 5489 2052 5555 11,19.
2096 5440 2116 5529 ri
2145 5440 2512 5553 Act.xrx,l5.
2584 5480 2599 5532 i
2632 5475 2980 5543 llebr.x,‘20.
3046 5473 3259 5529 lillcbt‘.
3287 5489 3359 5538 IX.
3384 5471 3456 5537 “24

896 5625 937 5644 ¹μ

1490 5641 1732 5701 VARUE
1767 5643 2178 5707 LECTIONES.

308 5759 718 5842 ³⁰Λδξκούσξρνςε
746 5761 995 5842 __‘_‘_oi6a]
1024 5765 1179 5842 lieni.
1210 5782 1303 5825 \‘tt.
1341 5769 1426 5825 ~18.
1501 5770 1546 5803 ³¹
1583 5767 1672 5842 σὺ]
1695 5767 1808 5825 Jac.
1849 5783 1911 5836 tt,
1948 5768 2030 5826 l9.
2106 5768 2151 5800 ³³
2188 5766 2279 5819 τὸν
2311 5763 2434 5837 μὲν]
2457 5764 2576 5819 Act.
2604 5778 2716 5827 tux,
2754 5750 2840 5816 15.
2941 5757 2984 5791 ³⁸
3010 5752 3267 5823 ἐνεκαένξ
3310 5750 3457 5806 Hebr

230 5836 295 5917 ,λιι
353 5831 441 5900 30.
530 5835 722 5907 ωοδκ]
746 5836 872 5893 ibid.
909 5831 1108 5906 ιχζει,
