3924 6418
485 405 595 476 819
1072 434 1073 437 ‘
1635 407 1837 468 ΡΠοΤ
1842 405 1899 467 ῐΙ
1938 405 2086 465 ΡΑΤᾸ

2194 402 2442 463 lRCHzE
2479 406 2589 465 cp.
3634 403 3733 477 820

407 566 411 581 μ
490 524 591 584 Ubi
621 539 919 595 νηπίω-σοι’
956 522 1229 594 protrahi:
1273 522 1508 578 introivit
1556 521 1799 578 Christus
1825 521 1869 577 ι.
1903 520 2086 577 Ιιιιιιο.

2194 515 2234 581 ᾤ
2260 516 2558 585 προσώπῳ
2577 516 2683 571 τοῦ
2707 514 2855 572 Θεοῦ
2892 515 3047 585 ὑπὲρ
3070 513 3242 587 ἡμῶν
3264 530 3282 549 ⁸
3315 515 3431 583 καὶ,
3471 514 3670 571 Ὅπου
3688 516 3731 551 ³⁸

485 617 655 690 igitur
692 617 837 673 viam
886 615 1169 680 revelavit,
1216 616 1305 668 ad.
1335 629 1498 684 quam
1530 624 1589 668 ut
1627 613 1782 667 nobis
1816 612 2056 682 praeiret,

2194 609 2499 681 ῑρόὸρομος
2525 608 2679 679 ὑπὲρ
2724 608 2896 680 ἡμῶν
2922 607 3171 679 εἰσῆλθε
3206 612 3482 679 Χριστός.
3523 608 3735 680 Ταύτην

433 721 439 739 ε
481 708 709 779 ju’stitia:
739 705 1018 777 exemplar
1060 702 1185 769 fuit,
1215 719 1322 772 quo
1355 703 1648 772 aliquando
1680 703 1882 768 edocti,
1912 700 2057 755 desi-

2195 697 2258 751 ὗν
2282 700 2384 768 τὴν
2411 699 2531 754 ὁδὸν
2558 702 2693 770 ἡμίν
2722 698 3055 769 ἀνεκάλυψε,
3092 702 3189 755 καὶ
3215 700 3421 773 ταύτης
3443 700 3575 771 ἡμῖν
3605 699 3734 752 καθ-

489 801 646 856 derio
679 800 1118 864 accenderemur,
1155 811 1327 867 eoque
1353 795 1568 850 accensi
1628 794 1694 848 ad
1751 807 1865 847 rem
1911 793 2060 848 desi-

2194 789 2475 860 ιγήσασθαι
2503 789 2852 861 δικαιοσύνης
2870 790 3147 857 ἀπόδειξις
3172 786 3264 862 ἦν,
3285 790 3364 856 ὡς
3388 790 3453 845 ἂν
3477 789 3736 861 μαθόντες

490 894 733 948 deratam
770 905 1224 961 praepararentur.
1257 886 1484 957 Angelis
1530 900 1662 940 vero
1706 884 1901 939 cmlum
1948 884 2061 952 jam

2196 880 2609 952 πιποθήσωμεν,
2644 882 2983 953 ποθήσαντες
3014 882 3071 936 δὲ
3124 882 3262 954 πρὸς
3297 881 3360 936 τὸ
3407 880 3734 951 ποθούμενος.

454 944 467 1047 δ
492 985 617 1038 inde
641 999 670 1038 ο
697 944 965 1053 principio
998 992 1186 1037 notum
1216 979 1343 1043 fuit,
1366 988 1529 1048 atque
1553 985 1832 1033 testatum.
1850 976 2063 1032 Nostra:

2194 944 2731 1045 παρασκευαξὼμεθα.
2763 944 2886 1038 ’ἱόῖς
2931 944 2987 1027 δέ
3045 944 3301 1044 ἀγγέλοις
3354 944 3639 1044 γνώριμος
3675 967 3737 1041 ἦν

458 1064 754 1145 praeterea
798 1073 1116 1140 coniunctus
1143 1079 1349 1125 naturae
1395 1067 1851 1124 resurrectionem
1886 1068 2061 1133 nobis,

2194 1066 2263 1116 επ⁸
2293 1064 2470 1139 ἀρχῆς
2501 1065 2593 1120 καὶ
2618 1067 2699 1131 είς
2751 1065 2953 1135 γνῶσιν
2986 1066 3224 1137 ἠγμένος
3269 1068 3297 1119 ό
3335 1064 3589 1134 οὐρανός.
3625 1062 3741 1117 Ἔτι

489 1176 545 1222 et
588 1164 1048 1235 incorruptionem
1086 1174 1251 1232 atque
1276 1160 1747 1214 immortalitatem
1779 1173 1874 1228 per
1906 1172 2063 1214 suam

2195 1155 2223 1208 ὲ
2274 1157 2370 1210 καὶ
2411 1159 2546 1228 ἡμῖν
2604 1158 2703 1230 μὲν
2764 1158 2864 1229 τὴν
2916 1158 3211 1212 ἀνάστασιν
3261 1156 3485 1221 ἑνωθεὶς
3534 1157 3636 1211 καὶ
3689 1157 3744 1211 τὸ

493 1252 954 1308 resurrectionem
1000 1251 1241 1305 donavit.
1271 1248 1648 1317 lncorporeum
1696 1262 1826 1302 vero
1870 1262 2063 1317 genus,

2194 1246 2453 1321 ἱφθαρτον
2492 1251 2589 1305 καὶ
2634 1251 2903 1307 ἀθάνατον
2950 1250 3040 1308 διὰ
3071 1253 3172 1323 τῆς
3216 1250 3424 1313 οἰκείας
3455 1249 3742 1321 χαρίζεται

493 1358 615 1398 cum
651 1344 721 1399 sit
754 1343 1078 1407 immortale,
1114 1343 1215 1396 hac
1245 1356 1349 1396 non
1382 1341 1586 1410 indiget
1636 1340 1832 1410 gratia.
1865 1338 2063 1394 Nostra

2194 1338 2521 1403 ιναστάσεως
2541 1356 2556 1371 ·
2609 1340 2671 1393 τὸ
2698 1340 2756 1394 δὲ
2781 1338 3071 1409 ἀσώματον
3122 1339 3312 1409 γένος,
3362 1338 3632 1392 ἀθάνατον
3663 1335 3741 1402 ὃν,

497 1433 722 1504 insuper
745 1449 905 1489 causa
936 1434 988 1487 in
1018 1450 1185 1489 carne
1214 1434 1620 1503 peregrinatus,
1651 1448 1679 1486 a
1712 1431 1935 1497 diaboli,
1960 1446 2068 1501 qua

2194 1433 2272 1499 τῆς
2304 1431 2564 1503 τοιαύτης
2602 1432 2849 1497 ἀνενδεὲς
2891 1431 3135 1503 χάριτος.
3181 1430 3292 1484 Καὶ
3342 1430 3409 1484 δι’
3442 1430 3594 1501 ἡμᾶς
3648 1428 3743 1500 μὲν

498 1528 837 1591 tenebamur,
872 1526 1157 1597 tyrannide
1195 1541 1294 1580 nos
1322 1524 1597 1591 liberavit,
1639 1525 1704 1580 de
1740 1524 2060 1594 principati-

2194 1523 2517 1593 ,πιδημήσας
2569 1525 2733 1595 σαρκὶ
2794 1525 2895 1595 τῆς
2946 1523 3287 1595 κατεχούσης
3348 1522 3444 1578 τοῦ
3497 1522 3743 1577 διαϐόλου

495 1618 649 1673 busm
694 1618 1032 1687 triumphans
1076 1627 1131 1672 et
1177 1618 1539 1689 potestatibus
1581 1615 1634 1671 in
1680 1630 1842 1670 cruce
1876 1657 1892 1680 ,
1942 1616 2067 1670 data

2194 1616 2485 1686 ;υραννίδος
2516 1616 2879 1686 ἠλευθέρωσε,
2923 1616 3025 1682 τὰς
3048 1616 3224 1688 ἀρχὰς
3249 1614 3628 1689 θριαμϐεύσας
3654 1615 3744 1669 καὶ

494 1712 624 1766 item
675 1710 832 1765 nobis
892 1720 1163 1779 potestate
1226 1709 1471 1766 calcandi
1541 1724 1758 1765 omnem
1810 1709 2067 1764 virtutem

2194 1706 2270 1772 τὰς
2303 1708 2551 1772 ἐξουσίας
2584 1710 2641 1761 ἐν
2673 1708 2752 1779 τῷ
2783 1707 3021 1780 σταυρῷ,
3057 1709 3152 1762 καὶ
3180 1707 3409 1779 δύναμιν
3436 1709 3574 1778 ἡμῖν
3597 1724 3743 1777 χαρι-

494 1800 704 1856 inimici
730 1809 781 1853 ιι.
818 1797 915 1854 Ubi
947 1799 992 1855 si
1021 1800 1210 1855 horum
1234 1799 1786 1865 subiissetnaturam,
1805 1813 2065 1868 quosnam

2194 1799 2407 1871 ξάμενος
2430 1802 2612 1855 πᾶσαν
2639 1799 2739 1873 τὴν
2759 1799 2854 1853 τοῦ
2885 1798 3081 1870 ἐχθροῦ
3114 1798 3342 1868 δύναμιν
3371 1798 3740 1851 καταπατεῖν·

492 1890 928 1947 όεειτυιίεεειοῖ
980 1890 1070 1947 Del
1103 1890 1300 1961 quibus
1344 1859 1785 1962 triumphasset‘l
1823 1859 2065 1958 'Qualem

2194 1890 2220 1944 ί
2249 1859 2311 1945 δὲ
2333 1859 2434 1961 την
2457 1892 2681 1945 ἐκείνων
2696 1859 2877 1944 ’ὑπέδυ
2910 1859 3095 1959 ξύσιν,
3124 1859 3277 1953 τίνας
3302 1888 3369 1943 ἂν
3393 1889 3745 1958 κατήργησε;

493 1977 625 2035 item
654 1978 976 2049 quibusdam
1005 1987 1332 2050 potestatem
1356 1980 1615 2046 dedisset,
1650 1990 1747 2035 aut
1770 1980 1822 2034 in
1854 1980 2026 2051 quos?

2194 1982 2330 2036 τοίαν
2380 1982 2438 2035 δὲ
2479 1983 2579 2053 τὴν
2631 1982 2878 2049 ἐξουσίαν
2910 1982 3051 2036 τίσιν
3098 1980 3270 2036 ἐδίδου
3328 1981 3427 2036 καὶ
3469 1979 3621 2037 κατά
3671 1980 3745 2034 τί·

2169 2091 2276 2128 νων
2296 2090 2311 2141 ;

2238 2165 2426 2237 Χωρὶς
2449 2164 2507 2219 δὲ
2527 2164 2636 2218 τῶν
2662 2165 2709 2217 εί
2717 2183 2783 2234 ρη
2793 2164 2994 2235 μένων,
3012 2165 3146 2236 ἡμῖν
3171 2163 3269 2236 μὲν
3292 2162 3553 2217 πεσοῦσιν
3580 2161 3750 2225 οὐδεὶς

494 2246 607 2304 lum
654 2248 920 2318 reliquum
970 2248 1072 2302 l'uit
1112 2248 1409 2317 exemplar,
1438 2250 1581 2319 quod
1628 2250 1874 2305 eamdem
1909 2261 2070 2303 natu-

2194 2252 2237 2329 ᾖν
2258 2256 2625 2326 ὑπογραμμδς
2656 2255 2752 2325 τὴν
2779 2253 2946 2325 αὐτὴν
2975 2252 3159 2324 λαχὼν
3196 2251 3359 2322 φύσιν
3389 2248 3749 2322 διορθώσεως,

496 2354 614 2395 ram
647 2339 913 2409 integram
945 2340 1227 2397 retineret.
1256 2341 1326 2395 At
1351 2340 1518 2412 lapsis
1545 2340 1883 2398 daemonibus
1913 2341 2073 2397 innu-

2194 2348 2285 2412 rei;
2307 2348 2364 2402 δὲ
2386 2345 2704 2400 πεπτωκόσι
2728 2345 2837 2399 τῶν
2864 2344 3135 2415 δαιμόνων
3162 2342 3331 2415 μυρία
3358 2341 3627 2423 τάγματα
3649 2339 3750 2393 τῶν

496 2432 787 2489 merabiles
837 2432 1194 2489 nihilominus
1226 2434 1675 2504 iucorporeorum
1721 2436 1870 2491 acies
1916 2436 2072 2491 inva-

2194 2437 2483 2508 ισωμάτων
2534 2436 2821 2509 ἀτρέπτως
2866 2435 3138 2506 ἑστηκότα
3176 2434 3486 2504 πρόκειται,
3522 2432 3625 2486 καὶ
3662 2447 3751 2484 πο-

495 2524 636 2580 riate
657 2524 991 2591 consistunt,
1022 2540 1144 2597 qua;
1171 2535 1226 2580 et
1253 2526 1452 2582 divinae
1482 2526 1846 2584 ordinationis
1885 2542 2073 2585 exem-

2194 2530 2380 2594 ιιτείας
2430 2527 2615 2583 ἐνθέου
2667 2527 3025 2599 παράδειγμα
3077 2526 3206 2580 ὄντα
3260 2525 3356 2579 καὶ
3410 2522 3752 2596 διορθώσεως

497 2612 642 2683 plum
676 2651 694 2680 ,
753 2622 812 2668 et
854 2630 1128 2685 nunquam
1179 2616 1332 2671 ﬂexae
1396 2617 1740 2673 rectitudinis
1796 2619 2071 2689 specimen

2194 2620 2425 2687 ὶκλινοῦς
2471 2619 2841 2684 ύποτύπωσις.
2877 2619 3078 2689 Διόπερ
3134 2618 3164 2671 ό
3213 2620 3392 2673 πάντα
3433 2616 3619 2699 σοφῶς
3662 2613 3751 2669 καὶ

497 2705 845 2760 exhiberem.
879 2705 1223 2776 Quapropter
1247 2709 1341 2778 qui
1366 2709 1550 2763 omnia
1586 2710 1881 2779 sapienter,
1914 2722 1969 2767 et
1990 2728 2076 2768 su-

2194 2717 2317 2787 5πὲρ
2362 2715 2522 2784 λόγον
2555 2714 2954 2784 προνοούμενος
2980 2713 3075 2765 καὶ
3112 2710 3368 2783 πράττων
3410 2708 3540 2771 Θεὸς
3576 2706 3749 2777 ἡμῶν.

500 2810 596 2862 pra
619 2810 782 2866 quam
806 2796 914 2851 dici
939 2807 1134 2867 potest,
1156 2799 1402 2869 providet
1430 2814 1494 2855 ac
1522 2799 1656 2855 facit
1677 2800 1822 2857 Deus
1848 2818 1948 2857 nos
1961 2813 2072 2872 ter,

2194 2808 2213 2859 ἰ·
2232 2804 2327 2861 τοῦ
2371 2803 2506 2859 Θεοῦ
2537 2804 2729 2873 Λόγος,
2757 2802 2856 2873 τῆς
2892 2801 2990 2873 μὲν
3036 2798 3385 2871 ἀνθρωπίνης
3418 2797 3637 2867 φύσεως
3670 2795 3751 2849 τὸν

500 2887 703 2957 Deique
732 2887 984 2955 Verbum,
1019 2906 1140 2944 cum
1170 2891 1283 2960 jam
1314 2891 1549 2946 humana
1585 2900 1783 2948 natura
1818 2893 2073 2966 prolapsa

2194 2898 2390 2953 ἱλισθον
2458 2895 2775 2965 ὑποστάσης
2844 2896 2938 2949 καὶ
3002 2893 3485 2965 προσλαμϐάνεται
3548 2890 3754 2957 ταύτην

498 2986 665 3046 esset,
699 2996 803 3035 non
834 2980 974 3036 hanc
997 2982 1174 3038 solum
1215 2999 1284 3039 ex
1336 2983 1550 3039 infinita
1592 3000 1692 3042 sua
1726 2986 1785 3041 in
1822 2987 2075 3043 homines

2194 2991 2402 3063 ὶρρήτῳ
2452 2984 2865 3058 φιλανθρωπίας
2899 2985 3104 3056 μέτρῳ,
3152 2984 3247 3038 καὶ
3292 2982 3361 3037 δι’
3388 2980 3562 3050 αὐτῆς
3618 2979 3753 3031 πᾶσι

498 3070 704 3126 amoris
724 3070 775 3125 vi
797 3072 1049 3137 assumit,
1067 3075 1161 3128 sed
1184 3089 1281 3144 per
1300 3088 1419 3129 eam
1440 3090 1657 3146 quoque
1675 3077 1952 3143 omnibus,
1973 3077 2065 3148 qui

2194 3083 2293 3143 rei;
2320 3079 2582 3151 όμοφυέσι
2629 3080 2731 3148 τήν
2764 3094 2823 3131 τε
2856 3076 3141 3147 διόρθωσιν
3175 3074 3271 3128 καὶ
3316 3072 3415 3145 τὴν
3447 3070 3756 3141 ἀφθαρσίαν

498 3159 739 3229 ejusdem
757 3171 960 3217 natura:
974 3170 1180 3227 essent,
1198 3164 2076 3236 correctionem,incorruptionem

2194 3172 2281 3226 καὶ
2310 3171 2381 3224 τὰ
2406 3168 2577 3241 μυρία
2605 3168 2889 3240 χαρέζεται
2916 3167 3117 3235 ἀγαθὰ,
3143 3165 3238 3219 τοῦ
3268 3165 3325 3218 δὲ
3355 3161 3630 3232 δαιμονίου
3654 3157 3756 3229 φύ-

502 3207 738 3229 .,___----
757 3207 960 3217 .._-_-..
977 3207 1180 3227 ----..-,
1200 3207 1281 3218 ν...
1296 3207 1311 3218 .
1325 3207 1758 3231 --...,...,...,.....ν.
1773 3207 1790 3222 .
1805 3207 2076 3236 "rum..."

495 3247 669 3307 utalia
682 3250 782 3304 ista
803 3247 1213 3305 innumerabilia
1233 3251 1370 3305 bona
1388 3251 1616 3321 largitur
1637 3270 1652 3308 :
1674 3269 1796 3309 cum
1816 3256 2078 3313 daemonis

2194 3207 2281 3226 ηε...
2321 3207 2381 3224 ...ι
2406 3207 2577 3241 νην...
2607 3207 2889 3240 "pq..."
2916 3207 3117 3235 ...μνη
3153 3207 3237 3219 η-
3269 3207 3325 3218 η
3356 3207 3626 3232 "ur-.-"
3662 3207 3724 3229 ἶ-

2194 3265 2274 3317 λου
2296 3262 2357 3317 ού
2381 3258 2600 3333 μὲνοῦν
2625 3259 2747 3313 οῦτε
2774 3259 2987 3313 δικαίαν
3014 3255 3138 3310 οὔτε
3168 3255 3554 3327 συμφέρουσαν
3582 3251 3756 3322 κρίνει

562 2156 758 2228 2051»
790 2156 869 2213 Ad
905 2158 1020 2213 haec
1056 2172 1184 2213 vero
1217 2173 1338 2214 cum
1378 2173 1479 2214 nos
1541 2157 1674 2228 lapsi
1707 2173 1914 2223 sumus,
1950 2158 2071 2213 nul-

500 3349 685 3397 tameu
712 3357 885 3413 genus
920 3357 1205 3399 assumere
1253 3357 1430 3413 neque
1467 3344 1699 3415 justum,
1733 3361 1907 3418 neque
1951 3349 2081 3405 utile

503 3448 627 3489 esse
649 3433 876 3503 iudicet.
904 3433 997 3490 Sic
1032 3434 1102 3490 40
1137 3443 1192 3491 et
1215 3436 1359 3506 quod
1384 3437 1630 3507 sequitur
1656 3452 1820 3510 caput
1853 3442 1922 3498 ab
1953 3458 2079 3513 spe-

502 3525 739 3581 culativo
769 3538 825 3582 et
848 3528 1087 3583 studiose
1118 3528 1385 3598 scriptore
1410 3528 1703 3586 clauditur.

572 3617 666 3674 42.
699 3616 993 3688 lnvestigat
1031 3618 1172 3673 unde
1204 3621 1360 3676 nobis
1398 3635 1429 3674 e
1460 3622 1731 3677 deteriore
1772 3624 1824 3677 in
1867 3624 2079 3693 melius,

500 3718 559 3765 et
585 3719 773 3764 contra
830 3710 898 3762 ad
954 3710 1192 3766 deterius
1234 3726 1265 3765 e
1303 3712 1513 3767 meliori
1554 3714 1784 3769 mutatio
1829 3725 1937 3769 tam
1971 3716 2082 3770 fre-

502 3814 702 3871 quens,
731 3802 903 3865 varia,
935 3816 999 3856 ac
1034 3818 1171 3872 pene
1214 3806 1476 3860 continua
1506 3810 1739 3863 exsistat
1773 3826 1788 3865 :
1823 3811 2083 3883 incorpo-

505 3892 615 3948 reis
648 3907 799 3958 vero,
826 3894 948 3949 aliis
971 3896 1168 3949 bonum
1202 3897 1274 3951 sit
1300 3899 1657 3965 immutabile.
1695 3901 1819 3957 aliis
1872 3904 2084 3959 vitium?

504 3982 741 4042 Causam
770 3985 970 4054 reddit,
1011 3989 1156 4058 quod
1191 3989 1246 4044 in
1277 3992 1435 4047 nobis
1456 4007 1578 4047 cum
1607 3994 1777 4049 animi
1808 3996 2084 4053 inclinatio

507 4077 565 4133 iu
606 4077 931 4133 alterutram
951 4090 1158 4146 partem
1185 4081 1520 4149 connitatur,
1544 4084 1616 4139 ob
1638 4086 1893 4156 subjectae
1920 4099 2086 4144 mate-

509 4170 606 4227 ria:
651 4169 852 4227 ﬂuxum
902 4181 1064 4241 atque
1103 4173 1525 4244 vacillationem,
1551 4176 1641 4231 illa
1676 4178 1967 4249 aliquando
1999 4197 2087 4235 ra-

504 4259 708 4319 tionem
740 4274 985 4332 superet,
1009 4265 1278 4319 interdum
1304 4265 1471 4321 etiam
1509 4279 1838 4339 superetur:
1878 4271 1932 4326 iu
1956 4272 2083 4338 illis,

507 4353 578 4409 ad
602 4369 743 4425 quos
773 4369 1115 4426 nequaquam
1151 4360 1377 4415 materia
1420 4359 1665 4429 irrepere
1704 4372 1902 4432 potest,
1946 4364 2086 4419 ratio

503 4444 619 4502 sola
647 4444 700 4501 in
724 4456 967 4503 actiones
1000 4462 1189 4504 omnes
1244 4448 1529 4520 imperium
1567 4451 1832 4507 obtlneat.
1882 4453 2086 4520 Quam-

2181 3357 2284 3427 τὴν
2314 3352 2640 3426 πρόσληψιν.
2692 3350 2850 3407 Οὕτω
2888 3350 2987 3422 μὲν
3016 3349 3110 3404 οῦν
3135 3348 3230 3403 καὶ
3267 3347 3329 3401 τὸ
3354 3346 3448 3401 ἐπὶ
3479 3343 3652 3416 τούτῳ
3680 3342 3756 3413 τῷ

2183 3446 2536 3519 φιλοθεάμονι
2566 3443 2661 3499 καὶ
2702 3441 3108 3512 σπουδαιολόγῳ
3151 3440 3309 3512 ἀνδρὶ
3340 3437 3615 3494 διανύεται
3660 3453 3755 3489 κε-

2185 3540 2437 3610 φάλαιον.

2268 3631 2356 3684 Ἐν
2389 3629 2446 3682 δὲ
2491 3627 2570 3701 τῷ
2602 3625 2692 3699 μβ⁰
2743 3628 2896 3696 ζητεῖ
2926 3626 3091 3680 πόθεν
3122 3625 3254 3696 ἡμῖν
3308 3622 3409 3694 μὲν
3455 3621 3519 3674 ἐκ
3559 3636 3618 3673 τε
3662 3617 3755 3673 τοῦ

2186 3724 2431 3796 χείρονος
2463 3725 2543 3788 εἰς
2589 3721 2651 3775 τὸ
2682 3724 2931 3793 κρεῖττον
2954 3720 3049 3773 καὶ
3078 3717 3217 3789 πρὸς
3245 3716 3306 3770 τὸ
3331 3718 3511 3787 χεῖρον
3535 3711 3639 3768 ἀπὸ
3662 3709 3752 3765 τοῦ

2187 3816 2499 3887 κρείττονος
2532 3815 2567 3886 ἡ
2596 3811 2868 3885 μεταϐολὴ
2910 3810 3006 3863 καὶ
3036 3807 3207 3881 πολλὴ
3239 3808 3333 3862 καὶ
3372 3805 3626 3875 διάερορος
3666 3802 3756 3855 καὶ

2190 3906 2390 3979 μικροῦ
2423 3904 2673 3975 συνεχὴς,
2702 3903 2814 3957 τῶν
2853 3902 2910 3956 δὲ
2945 3900 3252 3970 ἀσωμάτων
3294 3898 3470 3965 γενῶν
3521 3896 3631 3959 τοῖς
3663 3892 3755 3965 μὲν

2186 3998 2247 4051 τὸ
2295 3996 2460 4050 καλὸν
2490 3993 2896 4066 ἀμετάϐλητον,
2933 3992 3045 4052 τοῖς
3076 3988 3133 4041 δὲ
3162 3988 3222 4041 τὸ
3266 3986 3493 4057 φαῦλον.
3534 3985 3642 4038 Καὶ
3678 3982 3756 4035 τί·

2188 4089 2346 4162 θησιν
2368 4088 2549 4143 αἰτίαν
2570 4088 2702 4158 ἡμῖν
2733 4086 2831 4157 μὲν
2858 4086 2958 4156 τῆς
2985 4082 3071 4153 ἐφ’
3100 4083 3338 4153 ἑκάτερα
3367 4080 3753 4147 στασιαζούσης

2189 4180 2364 4255 ῥοπῆς
2386 4179 2485 4250 τῆς
2514 4177 2643 4252 [558
2673 4176 2768 4250 Η.]
2811 4174 3265 4246 ύποϐεϐλημένης
3296 4172 3430 4243 ὕλης
3460 4171 3523 4225 τὸ
3569 4168 3752 4241 ροὦδές

2186 4292 2245 4329 τε
2292 4274 2389 4328 καὶ
2422 4272 2829 4343 εύπαράφορον,
2868 4267 3000 4322 ποτὲ
3034 4267 3133 4337 μὲν
3166 4267 3259 4321 τοῦ
3315 4263 3582 4336 λογισμοῦ
3632 4276 3753 4331 κρα-

2187 4363 2384 4418 τοῦσαν
2404 4362 2473 4428 ³⁷,
2493 4360 2625 4415 ποτὲ
2647 4359 2705 4413 δὲ
2721 4357 3122 4431 κρατουμένην.
3141 4357 3229 4410 Ἐν
3258 4356 3489 4417 ἐκείνοις
3510 4354 3567 4407 δὲ
3596 4352 3750 4423 μηδα-

2192 4455 2309 4527 μῶς
2353 4454 2453 4525 τῆς
2510 4451 2643 4521 ὕλης
2704 4450 3060 4523 παρείσδυσιν
3108 4446 3383 4517 λαϐούσης
3425 4448 3455 4501 ό
3508 4441 3750 4513 λογισμὸς

504 4536 692 4594 obrem
720 4538 937 4595 illorum
969 4541 1188 4611 quidem
1225 4556 1410 4610 casus,
1437 4544 1528 4614 qui
1570 4554 1762 4615 sponte
1805 4555 1862 4602 et
1911 4547 2086 4617 impe-

2194 4547 2356 4619 μόνος
2389 4545 2497 4600 τῶν
2558 4542 2815 4615 πράξεων
2862 4542 2976 4612 ἔχει
3012 4541 3073 4594 τὸ
3126 4539 3351 4607 κράτος.
3388 4538 3480 4590 Διὸ
3523 4536 3633 4589 τῶν
3660 4532 3747 4604 μὲν

507 4629 682 4685 rantis
708 4645 899 4687 revera
930 4647 1082 4688 more
1121 4634 1187 4688 ad
1212 4633 1453 4691 deterius
1494 4635 1696 4706 delapsi
1731 4648 1880 4705 sunt,
1907 4638 1967 4693 ﬁt
1989 4639 2089 4695 im-

509 4722 875 4790 medicabilis,
913 4739 1034 4778 cum
1065 4725 1199 4779 nihil
1229 4726 1526 4796 quidquam
1553 4730 1605 4781 in
1636 4741 1698 4783 se
1726 4728 1956 4785 validius
1993 4732 2090 4785 ha-

505 4810 695 4879 beant,
723 4816 870 4885 quod
911 4818 993 4871 sui
1021 4817 1165 4887 juris
1191 4828 1451 4881 mentem,
1479 4817 1591 4887 jam
1622 4834 1689 4874 ex
1721 4835 1779 4875 se
1808 4819 2086 4888 ﬂuentem,

507 4907 576 4962 ad
602 4906 657 4963 id
685 4908 828 4979 quod
867 4908 1132 4977 deterius,
1168 4920 1383 4967 revocet
1426 4928 1441 4967 :
1472 4913 1929 4982 quemadmodum
1964 4915 2089 4970 aliis

507 5011 719 5068 contra,
744 5002 835 5070 qui
865 5011 1059 5069 sponte
1087 5018 1151 5059 ac
1175 5003 1349 5059 libere
1376 5019 1618 5061 amorem
1669 5006 1881 5061 honesti
1929 5006 2087 5061 acce-

518 5100 735 5161 perunt,
771 5093 921 5146 nullo
962 5093 1109 5149 ﬂuxu
1154 5097 1433 5150 turbatum
1475 5096 1607 5152 illud
1644 5111 1833 5153 eorum
1873 5096 2087 5152 deside-

511 5182 653 5239 rium
684 5195 1062 5242 conservatur.
1086 5186 1221 5244 Cum
1255 5204 1357 5245 nos
1384 5189 1605 5244 interim
1646 5188 1811 5257 πριιιιί
1845 5188 2089 5259 duplices

508 5278 760 5347 quidam,
777 5295 841 5336 ac
869 5293 1156 5352 pr0pterea
1177 5282 1347 5336 etiam
1378 5281 1521 5338 male
1542 5281 1901 5338 admissorum
1924 5281 2093 5351 pinni-

512 5371 679 5427 tentia
709 5371 882 5438 ducti,
916 5388 1022 5431 non
1055 5373 1203 5443 ipsos
1239 5382 1497 5441 tanquam
1520 5372 1728 5429 alienos
1754 5373 2087 5430 incusemus.

589 5530 609 5572 ι
663 5530 832 5587 llcbr.
875 5548 948 5597 vt,
987 5532 1079 5594 '20.
1154 5531 1425 5593 mColoss.
1455 5529 1635 5599 ".15.
1713 5543 1741 5573 ιι
1778 5531 1911 5589 Luc.
1947 5547 2002 5601 κ,
2038 5533 2127 5589 19.

2189 4638 2456 4701 ἑκουσίως
2498 4637 2590 4690 καὶ
2638 4634 2713 4698 ὼς
2752 4632 2968 4703 ἀληθῶς
3021 4629 3503 4701 αὐτοκρατορικῶς
3545 4628 3668 4700 πρὸς
3688 4622 3745 4676 τὸ

2190 4734 2372 4802 χεῖρον
2402 4726 2812 4797 ἀπενεχθέντων
2843 4726 2875 4788 ἡ
2901 4722 3111 4785 πτῶσις
3156 4722 3375 4784 ἀνίατος
3408 4720 3634 4789 γίνεται,
3656 4716 3745 4768 οὐκ

2190 4824 2425 4894 ἐχόντων
2447 4818 2636 4889 ἕτερόν
2670 4834 2723 4871 τι
2756 4818 3007 4888 κρεῖττον
3055 4814 3112 4867 ὲν
3141 4813 3377 4875 ἑαυτοῖς,
3414 4811 3443 4863 ὃ
3477 4810 3572 4881 τὴν
3608 4808 3747 4861 αύτο-

2187 4914 2449 4968 δέσποτον
2481 4910 2711 4982 γνώμην
2759 4907 2932 4978 αὐτὴν
2963 4906 3051 4975 ὑφ’
3077 4904 3280 4974 ἑαυτῆς
3329 4902 3596 4975 ρεύσασαν
3623 4896 3746 4964 πρὸς

2189 5006 2251 5060 τὸ
2280 5008 2459 5077 χεῖρον
2486 5002 2650 5058 πάλιν
2693 5000 3110 5056 ἀνακαλέσοιτοο
3141 4997 3329 5067 ὥσπερ
3365 4994 3434 5050 αὖ
3469 4993 3620 5048 πάλιν
3645 4991 3747 5051 τοῖς

2191 5096 2457 5158 ἑκουσίως
2487 5094 2584 5148 καὶ
2612 5092 2929 5163 αὐτονόμως
2970 5091 3064 5144 τὸν
3101 5088 3282 5161 ἔρωτα
3313 5088 3406 5141 τοῦ
3436 5083 3632 5155 ἀγαθοῦ
3657 5081 3745 5133 λα-

2191 5188 2379 5243 ϐοῦσιν
2402 5186 2531 5261 [655
2561 5185 2656 5259 [1.]
2686 5183 3111 5257 ἀπαράτρεπτος
3141 5183 3171 5235 ό
3217 5180 3380 5245 πόθος
3407 5179 3565 5234 sua"
3598 5173 3743 5247 μηδε-

2197 5284 2327 5353 μιᾶς
2352 5284 2481 5353 ροἦς
2507 5278 2892 5350 ἐνοχλούμενος
2919 5274 3265 5340 διασώζεται.
3283 5272 3477 5342 Ἡμεῖς
3500 5270 3553 5323 δὲ
3574 5266 3741 5353 ὥσπερ

2191 5347 2372 5430 διπλοί
2424 5347 2572 5436 τινές
2600 5347 2819 5443 ’ἐσμενι
2877 5368 2957 5423 διδ
3013 5367 3108 5422 καὶ
3170 5361 3624 5437 μεταμεληθέντες
3667 5347 3745 5417 οἷς

2240 5540 2265 5568 °
2298 5532 2319 5588 ι
2350 5530 2479 5588 Cur.
2513 5545 2575 5593 tt,
2601 5528 2655 5584 6.

1792 5687 2032 5747 VARle
2083 5685 2492 5746 LECTIONES.

590 5842 636 5881 ³⁸
665 5838 826 5914 ὅπου]
861 5840 991 5899 ibid.
1028 5857 1104 5911 Vl,
1137 5840 1224 5899 20.
1274 5843 1349 5917 .37
1398 5840 1517 5912 lege
1550 5835 1863 5911 κρατούσης
1906 5866 1956 5878 -
1984 5833 2387 5907 κρατουμένης.

2481 5833 2525 5867 ³⁵
2553 5829 2695 5901 ὑπὲρ
2728 5846 2789 5896 ς.
