4014 6464
302 440 395 509 821

1353 448 1875 512 BIBLIOTHECA.
1914 435 2164 513 —-c‘oo.
2202 447 2482 515 CCXXII.

3430 462 3547 526 822.

302 554 709 626 ἁμαρτάνομεν,
752 555 827 620 ώς
878 557 1099 629 ἑτέρους
1144 558 1371 625 ἑαυτοὺς
1417 557 1856 632 ὲπίμεμφόμεθα.

1966 556 2082 614 Duo
2102 573 2232 616 vero
2264 560 2353 617 ubi
2387 567 2644 632 pugnant,
2671 568 2727 617 et
2753 559 2808 617 bi
2842 563 3038 634 partim
3074 565 3376 636 vincentes,
3398 585 3528 640 par-

298 645 401 699 Δύο
431 645 488 698 δὲ
526 645 869 717 μαχομένων,
895 649 990 702 καί¹
1027 650 1235 705 τούτων
1262 651 1369 706 άνά
1402 652 1566 723 μέρος
1605 650 1869 724 κρατούν-

294 754 406 791 των
431 755 493 791 τε
516 738 611 792 καὶ
638 741 1048 811 κρατοῦμένων,
1069 742 1185 807 πῶς
1212 742 1280 797 ἂν
1301 743 1335 814 ἢ
1354 743 1425 798 τά
1452 743 1547 797 τοῦ
1575 745 1869 816 πτώματος

296 830 453 899 σχοίη
483 830 546 883 τὸ
590 831 1001 905 ἀμετάϐλητονς
1048 836 1110 889 οὐ
1152 837 1311 906 μόνον
1354 837 1411 892 δὲ
1449 837 1544 892 ἐπὶ
1586 836 1696 891 τῶν
1726 838 1868 908 πρά-

295 919 455 987 ξεων,
478 924 535 976 αϊ
559 924 620 976 τὸ
640 925 923 980 ἐπαινετὸν
944 927 977 999 ἢ
1004 926 1066 981 τὸ
1085 928 1282 998 ψεκτὸν
1310 930 1586 1002 φέρουσιν,
1605 934 1689 1002 ἐφ’
1710 932 1866 1004 ἡμῶν

296 1012 641 1084 ἡμεταϐολὴ
691 1017 783 1070 καὶ⁸
830 1018 863 1089 ἡ
921 1018 1215 1091 παλίῤῥοια
1240 1022 1297 1075 τὸ
1348 1023 1548 1093 κράτος
1599 1025 1698 1077 οὐκ
1751 1024 1866 1096 ἔχει

296 1105 791 1175 ἀνανταγώνιστον,
810 1108 947 1164 ἀλλά
974 1112 1068 1165 καὶ
1088 1113 1181 1165 ἐπὶ
1209 1114 1317 1166 τῶν
1336 1114 1510 1169 ἄλλων
1532 1117 1693 1186 ἡμῶν
1715 1118 1799 1170 ὲνε
1809 1135 1867 1188 ρ-

294 1196 461 1264 γειῶν
504 1199 599 1252 καὶ
653 1201 1017 1273 παθημάτων.
1051 1204 1189 1259 Οὔτε
1224 1207 1333 1277 γὰρ
1363 1207 1453 1261 διὰ
1483 1208 1681 1272 παντὸς
1730 1209 1865 1263 καθ-

294 1286 459 1355 ῆσθαι
507 1288 632 1343 οὔτε
681 1292 934 1347 ἵστασθαι
973 1296 1270 1365 δυνάμεθα,
1308 1298 1525 1362 ἀτονίας
1566 1299 1728 1363 εὐθὺς
1763 1299 1866 1369 τῆς

293 1380 435 1432 κατά
458 1380 560 1451 τὴν
592 1381 756 1450 φύσιν
786 1385 1050 1456 ἐκατέρου
1069 1391 1135 1459 τῇ
1163 1389 1434 1462 ὑπερϐολῇ
1468 1393 1860 1465 συνεπομένης.

294 1471 405 1523 Καὶ
435 1473 596 1543 δῆλον
628 1476 807 1541 τοῦτο,
839 1478 914 1542 ώς
941 1477 1032 1533 διὰ
1058 1481 1158 1551 τὴν
1185 1482 1242 1534 ὲν
1280 1485 1412 1552 ἡμῖν
1443 1485 1551 1537 τῶν
1585 1487 1862 1557 στοιχείων

290 1559 556 1649 διαφοράν
586 1582 648 1619 τε
691 1570 785 1621 καὶ
810 1568 992 1641 μάχην
1036 1572 1347 1642 συμϐαίνει.
1373 1576 1482 1628 Καὶ
1512 1576 1620 1648 γὰρ
1662 1576 1723 1630 τὺ
1763 1578 1863 1649 μὲν

291 1647 493 1721 θερμὸν
537 1654 636 1726 τὴν
661 1649 774 1710 ἄνω
805 1659 989 1729 χώραν
1018 1660 1225 1726 διώκει,
1253 1664 1312 1717 τὸ
1356 1664 1412 1718 δὲ
1436 1647 1635 1733 γεῶδες
1686 1647 1862 1737 βρίθει

288 1759 348 1793 τε
376 1744 473 1796 καὶ
498 1748 859 1813 συγκαθέλκει
888 1751 1024 1822 πρὸς
1044 1752 1139 1821 τὴν
1159 1757 1278 1824 γῆν.
1312 1756 1421 1809 Καὶ
1444 1757 1662 1810 ἐπὶτῶν
1685 1759 1859 1813 ἄλλων

287 1833 344 1887 δὲ
375 1836 487 1887 τῶν
521 1839 919 1909 παραπλησίων
957 1843 1239 1910 ὡσαύτως.
1281 1849 1348 1899 Ἀ
1379 1848 1472 1900 ἐπὶ
1499 1848 1596 1919 τῆς
1631 1851 1858 1921 ἀσωμά-

284 1942 379 1977 του
412 1928 457 1958 ³⁸
490 1928 591 1981 οὐκ
638 1930 751 2000 ἔχει
796 1931 980 2003 χώραν
1008 1934 1240 2003 φύσεως,
1271 1936 1385 1990 ἀλλ’
1412 1937 1600 2010 ὥσπερ
1634 1943 1692 1994 ἐν
1727 1944 1857 2013 ἡμῖν

284 2013 345 2067 τὸ
378 2019 626 2072 ποικίλον
678 2021 771 2075 καὶ
806 2024 1174 2096 πολύμορφον,
1216 2028 1389 2093 οὕτως
1440 2023 1499 2084 ὲν
1526 2032 1755 2096 ἐκείνοις
1795 2033 1856 2086 τὸ

282 2105 569 2164 ἀποίκιλον
622 2112 718 2166 καὶ
774 2116 1048 2184 μονοειδὲς
1098 2118 1504 2191 ὲγκαθίδρυται.
1536 2122 1700 2177 Ὅθεν
1744 2127 1858 2187 τοῖς

286 2198 481 2265 ἁπλοῖς
515 2202 614 2273 μὲν
635 2204 730 2258 καὶ
772 2208 1101 2277 μονοειδέσιν
1124 2211 1410 2267 ἀκολουθεῖ
1444 2214 1505 2268 τὸ
1534 2215 1856 2271 δυσαλλοίω-

282 2292 376 2345 τόν
402 2310 465 2346 τε
492 2294 588 2347 καὶ
617 2295 1080 2369 δυσμετάϐλητον,
1112 2305 1226 2368 τοῖς
1250 2305 1309 2357 δὲ
1335 2306 1608 2371 συνθέτοις
1630 2309 1664 2379 ὴ
1693 2326 1858 2379 μετα-

284 2381 417 2453 ϐολὴ
456 2384 550 2437 καὶ
576 2384 883 2452 ἀλλοίωσις.
920 2388 991 2444 Τὸ
1018 2390 1075 2443 δὲ
1106 2390 1153 2424 ⁸ο
1205 2393 1280 2464 μὴ
1325 2394 1502 2466 πάντη
1536 2397 1756 2462 πάντως
1794 2399 1857 2453 τὸ

282 2474 664 2547 ἀμετάϐλητον
696 2480 792 2534 καὶ
826 2482 1185 2538 ἀναλλοίωτον
1217 2487 1351 2558 μηδὲ
1393 2490 1451 2542 ὲν
1478 2492 1599 2554 ταῖς
1628 2491 1857 2562 ἀσωμά-

281 2584 394 2631 τοις
424 2568 639 2633 οὐσίαις
674 2572 903 2643 ὁρᾶσθαι
943 2574 1189 2649 (καὶγὰρ
1233 2579 1538 2653 μετεϐλήθη
1570 2583 1631 2636 τὸ
1667 2584 1855 2655 δαιμό-

286 2677 400 2713 νιον
425 2662 536 2714 ἀπὸ
561 2662 657 2715 τοῦ
692 2665 999 2735 κρείττονος
1038 2670 1120 2733 εἰς
1157 2670 1216 2723 τὸ
1250 2672 1453 2743 χεῖρον)
1482 2676 1657 2729 ἐκεῖνο
1677 2677 1743 2731 ἄν
1770 2696 1855 2740 τις

284 2750 418 2817 ἴσως
452 2757 872 2826 προφασίσαιτο,
905 2761 985 2813 ὅτι
1017 2761 1112 2815 καὶ
1156 2764 1288 2816 αὐτὸ
1326 2764 1387 2818 τὸ
1428 2763 1718 2835 ἀσώματον
1761 2770 1853 2825 ὲκ-

278 2844 491 2916 τροπῆς
530 2863 591 2901 τε
640 2848 736 2902 καὶ
783 2850 1125 2917 ἀλλοιώσεως
1157 2855 1379 2927 ἤρξατο.
1422 2860 1517 2913 Ἐκ
1558 2860 1634 2932 μὴ
1687 2862 1855 2919 ὄντων

279 2936 391 3008 γὰρ
416 2940 499 3003 εἰς
526 2939 589 2994 τὸ
623 2936 882 2997 εἶναικαὶ
933 2946 1064 2999 αὐτὸ
1102 2950 1379 3022 παρήχθη,
1437 2952 1543 3007 κάν
1580 2955 1683 3027 τῆς
1712 2957 1856 3011 κατά

275 3028 378 3097 τὴν
416 3031 550 3101 ὕλην
606 3035 927 3107 συμπλοκῆς
966 3038 1258 3112 ἐλευθέραν
1293 3042 1416 3114 ἔσχε
1457 3044 1557 3116 τὴν
1598 3046 1851 3120 ὓπαρξιν.

277 3121 437 3192 Τάχα
466 3124 515 3177 δ’
546 3124 613 3179 ἂν
645 3127 741 3180 καὶ
778 3129 866 3182 διὰ
892 3131 992 3201 τὴν
1025 3133 1154 3201 μίαν
1181 3135 1387 3207 ταύτην
1417 3138 1689 3211 ἐκτροπὴν
1725 3142 1854 3211 μίαν

1967 650 2062 705 tim
2092 651 2219 706 victi
2253 669 2268 707 :
2302 653 2574 722 quomodo
2598 653 2656 708 in
2682 653 2768 709 his
2796 663 2891 709 aut
2928 655 3176 722 victoria,
3213 669 3308 731 aut
3341 661 3526 731 lapsus

1967 740 2319 799 immutabilis
2354 745 2465 801 sit?
2494 744 2680 833 Neque
2726 760 2854 802 vero
2904 747 3077 802 solum
3127 749 3180 804 in
3227 752 3530 807 actionibus

1965 837 2035 894 iis
2062 852 2182 908 qua:
2217 835 2428 892 laudem
2458 846 2552 892 aut
2591 837 3046 907 vituperationem
3082 852 3382 909 merentur,
3418 858 3533 898 mu-

1964 931 2101 986 tatio
2125 938 2180 985 et
2212 929 2453 985 refluxus
2492 929 2545 984 in
2573 929 2734 986 nobis
2768 930 3058 1003 imperium
3086 930 3206 988 sine
3236 948 3535 1005 repugnan-

1966 1023 2037 1077 tia
2079 1036 2184 1077 non
2214 1020 2379 1076 habet
2408 1038 2425 1077 :
2456 1020 2557 1078 sed
2593 1021 2649 1077 in
2689 1022 2813 1078 aliis
2858 1037 3077 1093 quoque
3106 1024 3310 1079 nostris
3338 1040 3532 1094 opera-

1964 1115 2202 1169 tionibus
2230 1122 2394 1185 atque
2418 1112 2818 1172 affectionibus.
2842 1115 2976 1170 Nam
3009 1131 3185 1189 neque
3207 1132 3426 1188 semper
3446 1133 3531 1172 sc-

1960 1206 2113 1271 dere,
2140 1221 2313 1276 neque
2333 1220 2546 1261 rursum
2568 1216 2716 1261 stare
2746 1221 3053 1277 possumus,
3078 1225 3200 1263 cum
3224 1224 3348 1265 mox
3371 1209 3529 1279 juxta
3552 1224 3555 1229 '

1962 1293 2279 1349 alterutrius
2310 1304 2560 1348 naturam
2591 1294 2789 1350 virium
2821 1296 3069 1352 remissio
3090 1296 3170 1370 [in
3193 1296 3307 1369 his]
3328 1313 3525 1353 exces-

1962 1400 2079 1441 sum
2126 1386 2322 1458 zosa
2383 1396 2765 1455 consequatur.
2807 1387 2961 1455 Quod
2999 1404 3095 1459 per
3137 1389 3528 1446 elementorum

1961 1475 2016 1531 in
2042 1477 2197 1532 nobis
2220 1477 2541 1532 varietatem
2573 1487 2630 1534 et
2656 1493 2895 1547 pugnam
2928 1480 3244 1548 contingere
3286 1490 3526 1537 constat.

1960 1568 2125 1624 Calor
2161 1568 2306 1624 enim
2365 1569 2431 1624 ad
2483 1585 2679 1640 supera
2730 1570 2958 1638 impellit
3012 1588 3027 1626 :
3079 1580 3351 1627 terrenum
3398 1588 3529 1628 vero

1960 1662 2102 1732 quod
2126 1670 2230 1727 est,
2256 1661 2509 1717 deorsum
2532 1661 2727 1731 vergit,
2753 1672 2914 1732 atque
2941 1664 3008 1717 ad
3033 1672 3231 1719 terram
3259 1664 3525 1732 detrahit;

1959 1752 2203 1821 atquein
2246 1750 2514 1805 similibus
2560 1750 2681 1806 aliis
2729 1752 2795 1805 ad
2840 1752 3090 1808 eumdem
3139 1755 3354 1809 modum
3408 1770 3529 1825 qua:

1960 1860 2092 1899 sane
2118 1844 2177 1897 in
2194 1844 2530 1912 iucorporeis
2557 1845 2767 1899 naturis
2792 1843 2966 1898 locum
2992 1860 3099 1899 non
3125 1846 3394 1901 obtinent.
3419 1847 3527 1902 Sed

1959 1936 2414 2002 quemadmodum
2473 1937 2526 1988 in
2582 1935 2736 1989 nobis
2792 1934 3072 1998 varietas,
3136 1936 3529 2007 multiplexque

1958 2027 2155 2095 forma,
2215 2028 2295 2083 sic
2320 2028 2374 2081 in
2413 2027 2549 2097 ipsis
2584 2028 2718 2081 nihil
2749 2029 2981 2091 varium,
3017 2038 3073 2082 at
3115 2044 3219 2083 una
3268 2039 3525 2099 perpetua

1958 2118 2131 2173 forma
2162 2118 2386 2172 residet.
2408 2117 2566 2173 Unde
2592 2118 2864 2187 simplices
2890 2118 2989 2173 hos
3026 2128 3188 2188 atque
3210 2119 3511 2175 unifortnes

1958 2212 2088 2265 illud
2119 2210 2493 2280 consequitur,
2534 2219 2591 2263 ut
2629 2209 2847 2264 alterari
2880 2219 3045 2278 atque
3073 2212 3268 2265 mutari
3302 2212 3519 2267 nonnisi

1957 2302 2243 2360 difﬁculter
2280 2302 2517 2373 possint.
2573 2302 2869 2371 composita
2908 2318 3039 2358 vero
3078 2303 3374 2360 comitatur
3407 2318 3526 2357 mu-

1958 2395 2091 2449 tatio
2120 2403 2286 2464 atque
2322 2391 2594 2447 alteratio.
2640 2392 2792 2457 Quod
2837 2400 3014 2446 autem
3056 2408 3162 2447 non
3201 2393 3377 2448 omnis
3408 2409 3526 2449 om-

1956 2487 2086 2542 nino
2127 2484 2538 2540 immutabilitas
2585 2499 2651 2538 ne
2690 2484 2758 2538 ab
2803 2482 3135 2553 incorporeis
3176 2485 3396 2554 quidem
3432 2499 3528 2538 na-

1959 2580 2094 2634 turis
2150 2577 2342 2633 abesse
2381 2578 2629 2630 videatur
2677 2575 2908 2638 (daemon
2949 2576 3093 2629 enim
3156 2590 3223 2629 ex
3270 2576 3413 2629 bono
3469 2574 3523 2628 in

1957 2671 2156 2726 malum
2214 2677 2454 2724 mutatus
2507 2667 2613 2737 est)
2642 2666 2771 2720 illud
2822 2668 2961 2720 forte
3006 2667 3205 2736 aliquis
3243 2676 3524 2736 praetexat,

1959 2763 2101 2834 quod
2142 2763 2255 2833 ipsa
2293 2774 2507 2831 quoque
2541 2759 2863 2827 incorporea
2895 2768 3087 2811 natura
3117 2773 3181 2814 ex
3229 2758 3528 2811 mutatione

1957 2867 2118 2924 atque
2166 2852 2489 2908 alteratione
2536 2850 2750 2905 Initium
2801 2849 3115 2920 sumpserit.
3166 2848 3299 2903 Nam
3343 2864 3374 2903 e
3420 2864 3525 2902 non

1956 2944 2344 3003 exsistentibus
2392 2953 2448 2998 et
2491 2942 2605 3011 ipsa
2656 2943 2915 3011 producta
2952 2949 3054 3005 est,
3089 2940 3303 2994 tametsi
3340 2954 3369 2992 a
3407 2954 3526 2992 ma-

1958 3038 2106 3093 teriae
2133 3034 2511 3091 commistione
2540 3032 2764 3087 liberam
2803 3032 2966 3087 habet
2989 3029 3421 3085 subsistentiam.
3447 3030 3527 3084 Ac

1958 3129 2182 3183 forsitan
2221 3127 2387 3182 etiam
2423 3126 2491 3181 ob
2531 3125 2744 3179 unicam
2779 3123 3152 3189 mutationem,
3187 3136 3349 3176 unam
3390 3136 3529 3191 quo-

278 3214 375 3305 καὶ
392 3215 559 3305 αὐτοὶ
582 3218 684 3289 τὴν
713 3220 850 3291 πρὸς
869 3221 929 3274 τὸ
954 3223 1157 3292 φαῦλον
1184 3226 1284 3295 τῆς
1314 3227 1540 3305 γνώμης
1567 3230 1851 3288 ἀλλοίωσιν

1962 3236 2068 3291 que
2098 3220 2195 3291 ipsi
2231 3218 2430 3273 mentis
2468 3217 2612 3271 illam
2642 3215 2695 3269 in
2732 3212 2928 3269 malum
2958 3212 3307 3267 mutationem
3336 3222 3526 3267 osten-

277 3304 650 3372 ἐπεδείξαντο.
675 3310 861 3366 Ταῦτα
891 3314 1059 3367 εἰπὼν
1089 3318 1116 3370 ὁ
1147 3317 1403 3391 θεοσεϐὴς
1433 3304 1589 3387 οὗτος
1618 3322 1660 3355 ⁴¹
1693 3342 1853 3396 φρον-

274 3395 421 3487 τίσιν
453 3397 628 3470 ἱεραῖς
645 3402 930 3473 ἀνειμένος
963 3406 1104 3477 ἀνὴρ
1132 3407 1550 3482 Μἐπιρραπίζει
1571 3414 1670 3486 τὴν
1709 3395 1853 3487 Ὦρι-

274 3486 472 3556 τένους
508 3491 638 3562 περ)⁵
681 3492 948 3563 δαιμόνων
989 3499 1083 3551 καὶ
1137 3501 1383 3570 ἀγγέλων
1416 3504 1508 3557 καὶ
1549 3486 1853 3578 ἀνθρώπων

274 3580 373 3633 καὶ
399 3584 652 3655 ἀστέρων
682 3587 776 3640 καὶ
802 3588 904 3658 τῆς
938 3589 1104 3662 ἄλλης
1139 3594 1426 3665 δρωμένης
1461 3598 1693 3662 κτίσεως
1723 3600 1851 3653 δυσ-

276 3672 413 3744 σεϐῆ
443 3690 507 3728 τε
555 3676 651 3730 καὶ
687 3678 915 3751 ἀνόητον
947 3683 1041 3736 καὶ
1081 3683 1395 3758 πολυπλανῆ
1436 3688 1727 3763 φλυαρίαν,
1757 3693 1852 3747 καὶ

273 3764 433 3829 τέλος
462 3768 742 3841 ἐπιτίθησι
764 3773 857 3825 καὶ
884 3774 961 3845 τῷ
989 3774 1035 3845 β’
1068 3776 1161 3830 καὶ
1195 3784 1247 3846 μ’
1269 3780 1566 3851 κεφαλαίῳ.

358 3855 451 3909 Ἐν
480 3856 538 3911 δὲ
565 3859 643 3930 τῷ
697 3861 823 3932 ἑξῆς
849 3861 941 3914 δύο
969 3864 1140 3917 ταῦτα
1186 3866 1357 3938 ζητεῖ,
1384 3868 1441 3921 ἓν
1478 3870 1575 3939 μὲν
1594 3871 1683 3925 διά
1710 3871 1763 3926 τί
1793 3877 1849 3927 αί

275 3946 435 4034 άτιαι
466 3951 562 4002 καὶ
585 3955 770 4024 νοεραὶ
798 3954 1079 4024 δυνάμεις,
1115 3958 1217 4011 ὅσα
1249 3976 1312 4028 γε
1347 3962 1378 4032 ἡ
1391 3962 1507 4031 μῶν
1547 3965 1627 4028 είς
1649 3967 1850 4034 γνῶσιν

274 4032 380 4110 ἧκε
410 4041 504 4093 καὶ
530 4042 580 4095 οί
602 4045 842 4115 χρησμοὶ
866 4046 1273 4115 ἐξεπαίδευσαν,
1292 4051 1351 4103 τὸ
1372 4054 1535 4105 καλὸν
1559 4032 1851 4129 ἀπ’νάρχῆς

276 4131 443 4202 μέχρι
481 4132 670 4198 τέλους
690 4136 1075 4207 ἀμετάϐλητον
1097 4138 1384 4205 σώζουσιν,
1424 4140 1612 4215 ὥσπερ
1650 4148 1706 4199 αἱ
1750 4164 1849 4200 πο-

272 4223 439 4293 νηραὶ
484 4225 584 4294 τὴν
633 4228 863 4282 κακίανο
900 4230 1028 4302 [559
1057 4230 1154 4303 Η.]
1192 4232 1286 4285 καὶ
1318 4233 1408 4287 διά
1436 4233 1490 4287 τί
1521 4236 1732 4290 πολλῶν
1758 4239 1851 4291 ἀν-

273 4313 513 4383 θρώπων
549 4317 850 4386 μελλόντων
888 4324 1235 4392 κολάζεσθαι,
1264 4329 1334 4382 τὸ
1365 4329 1485 4399 πῦρ
1512 4331 1556 4364 ⁸³
1585 4332 1784 4404 ἔφησεν
1819 4336 1848 4388 ὁ

273 4406 468 4479 Σωτὴρ
499 4408 853 4479 ἡτοιμάσθαι
881 4414 963 4481 τῷ
1009 4417 1268 4486 διαϐόλῳ
1297 4423 1395 4475 καὶ
1434 4425 1555 4491 τοῖς
1572 4426 1847 4495 ἀγγέλοις

273 4498 482 4554 αὐτοῦ.
512 4501 624 4555 Καὶ
651 4504 786 4574 πρὸς
825 4507 923 4577 μὲν
960 4509 1061 4579 τὴν
1090 4512 1312 4583 πρώτην
1336 4514 1563 4586 ζήτησιν
1604 4519 1689 4587 ἐφ’
1721 4520 1848 4573 ἐκα-

1954 3314 2171 3367 derunt.
2200 3311 2323 3364 lla-c
2355 3309 2444 3363 ubi
2476 3309 2596 3377 pius
2620 3308 2729 3373 ille,
2759 3317 2809 3361 et
2843 3307 3015 3361 sacris
3062 3305 3149 3359 vir
3194 3304 3389 3359 studiis
3433 3303 3528 3358 de-

1956 3405 2101 3459 ditus
2141 3401 2348 3465 retulit,
2380 3398 2629 3470 Origenis
2680 3398 2746 3452 de
2783 3397 3085 3459 daemoniis,
3145 3396 3375 3463 angelis,
3428 3395 3529 3449 lto-

1954 3494 2215 3561 minibus,
2243 3490 2430 3556 astris,
2470 3490 2701 3558 aliisque
2744 3488 2849 3543 sub
2888 3496 3163 3557 aspectum
3207 3485 3527 3541 cadentibus

1952 3586 2192 3644 conditis
2241 3583 2404 3639 rebus
2447 3582 2662 3651 impias,
2722 3581 2970 3643 stolidas,
3015 3588 3072 3636 et
3101 3578 3309 3634 erroris
3335 3578 3525 3649 plenas

1955 3695 2131 3751 nugas
2172 3676 2410 3745 refellit;
2429 3676 2616 3746 sicque
2644 3675 2806 3730 tinem
2836 3671 3260 3744 quadragesimo
3283 3671 3527 3727 secundo

1952 3773 2116 3843 capiti
2144 3769 2394 3841 imponit.

2020 3861 2110 3918 43.
2163 3858 2218 3915 lu
2242 3857 2487 3929 sequenti
2511 3856 2705 3913 deinde
2729 3855 2909 3925 capite
2934 3854 3001 3909 de
3034 3854 3119 3908 his
3149 3852 3357 3908 duobus
3376 3865 3527 3922 qua:-

1950 3955 2045 4012 rit.
2078 3952 2345 4017 Primum,
2378 3964 2478 4005 cur
2503 3958 2708 4004 sancta:
2731 3956 2787 4002 et
2817 3946 3179 4015 intelligibiles
3224 3953 3523 4015 potestates

1952 4046 2131 4120 (quod
2154 4044 2371 4115 quidem
2418 4040 2751 4103 noverimus,
2801 4046 2963 4105 atque
2997 4053 3028 4092 e
3082 4038 3253 4091 sacris
3308 4034 3528 4090 Litteris

1951 4135 2320 4208 didicerimus)
2339 4137 2418 4192 sic
2436 4136 2688 4189 virtutem
2704 4132 2772 4186 ab
2792 4130 2944 4185 initio
2960 4130 3024 4184 ad
3040 4139 3338 4185 extremum
3357 4140 3529 4198 usque

1952 4228 2341 4288 immutabilem
2386 4225 2678 4288 retineant,
2709 4220 3162 4292 quemadmodum
3212 4218 3532 4288 improbita-

1954 4334 2060 4379 tem
2092 4318 2557 4390 malignze?Quam
2582 4316 2711 4370 item
2740 4311 2811 4369 ob
2831 4327 3073 4377 causam,
3101 4327 3225 4366 cum
3254 4310 3406 4366 multi
3434 4327 3521 4365 es-

1949 4424 2068 4472 sent
2093 4412 2336 4469 homines
2359 4407 2637 4480 puniendi,
2661 4407 2833 4476 ignem
2862 4404 3008 4461 dicat
3040 4406 3287 4460 Salvator
3314 4403 3524 4460 diabolo

1951 4506 2223 4577 etangelis
2241 4504 2355 4574 ejus
2392 4511 2641 4571 paratum
2670 4512 2718 4555 ι).
2785 4502 2965 4572 Atque
3015 4502 3082 4555 ad
3135 4500 3362 4569 primam
3404 4497 3527 4569 qui-

273 4590 333 4643 τέ
342 4608 440 4661 ρας
470 4593 689 4663 μερίδος
709 4638 723 4660 ,
748 4597 846 4667 τῆς
870 4616 931 4651 τε
959 4579 1279 4675 ἀγγελικῆς,
1310 4579 1473 4677 φημὶ,
1497 4609 1592 4662 καὶ
1615 4579 1714 4681 της
1739 4613 1853 4667 δαι-

1958 4601 2076 4655 dem
2120 4597 2495 4667 quaesﬁonem,
2553 4604 2783 4662 utraque
2842 4593 2894 4646 in
2944 4602 3099 4662 parte
3147 4589 3523 4662 (angelorum,

277 4683 489 4751 μονίας,
512 4686 570 4739 τὸ
598 4687 806 4743 ἁπλοῦν
837 4691 1081 4749 αἰτιᾶται
1114 4698 1210 4751 καὶ
1239 4698 1534 4755 ἀσύνθετον
1564 4703 1658 4756 καὶ
1689 4704 1848 4758 ἀποί-

278 4772 446 4866 κιλον,
476 4777 569 4831 καὶ
590 4777 677 4833 διά
705 4780 862 4835 τοῦτο
892 4774 1039 4856 πρὸςέ
1065 4788 1134 4842 τά
1171 4790 1525 4861 ἀντικείμενα
1558 4794 1653 4863 τῆς
1679 4812 1850 4866 μετα-

278 4864 439 4935 ϐολῆς
471 4868 801 4941 ἐνυπάρχειν
844 4875 1027 4940 αὐτοῖς
1055 4878 1117 4932 τὸ
1162 4880 1567 4952 άπαράδεκτον.
1597 4864 1740 4956 Πρὸς
1788 4886 1848 4941 δὲ
1901 4872 1906 4877 ”

278 4956 372 5026 τὴν
396 4958 657 5030 δευτέραν
713 4964 962 5035 ζήτησιν,
1009 4970 1093 5022 ὅτι
1124 4970 1213 5025 διά
1253 4972 1412 5027 τοῦτο
1455 4976 1566 5046 πῦρ
1612 4976 1692 5045 τῷ
1731 4978 1850 5032 δια-

281 5046 417 5120 σόλῳ
450 5052 543 5103 καὶ
586 5054 699 5116 τοῖς
741 5055 996 5125 ἀγγέλοις
1022 5060 1188 5114 αὐτοῦ
1209 5061 1257 5094 ⁸⁵
1285 5064 1613 5136 ἡτοιμάσθαι
1639 5067 1848 5139 γέγρα-

281 5152 430 5204 πται,
462 5139 580 5193 ἀλλ’
610 5142 732 5212 οὐχὶ
759 5146 869 5209 τοῖς
901 5146 1234 5219 ἀνθρώποις,
1261 5151 1449 5224 ἐπειδὴ
1475 5156 1535 5207 ὲν
1580 5156 1714 5226 ἡμῖν
1750 5156 1852 5227 μὲν

278 5228 373 5283 οὐκ
401 5230 664 5304 ἀδόκητον
685 5234 730 5268 ⁸⁸
766 5236 875 5291 ἀπὸ
901 5237 997 5293 τοῦ
1038 5241 1282 5313 χείρονος
1324 5243 1418 5299 ἐπὶ
1453 5247 1514 5300 τὸ
1543 5250 1790 5319 κρεῖττον
1813 5250 1847 5319 ή

284 5323 570 5396 μεταδολὴ,
610 5319 758 5381 οὗτοι
792 5328 850 5382 δὲ
894 5330 1089 5404 ¹γνώμῃ
1144 5335 1485 5408 παρέσχοντο
1542 5339 1601 5393 τὸ
1630 5338 1851 5393 ἀνέλπι-

285 5427 423 5467 στον.
461 5415 574 5487 Τὴν
607 5418 907 5491 εἰρημένην
930 5422 989 5477 δὲ
1020 5422 1116 5479 τοῦ
1145 5426 1400 5501 Σωτῆρος
1434 5430 1619 5503 φωνὴν
1642 5430 1762 5503 ἅμα
1786 5448 1847 5485 τε

379 5560 409 5603 P
437 5551 628 5610 Matth.
660 5570 787 5624 xxv,
817 5557 908 5614 41.

1951 4689 2193 4759 inquam,
2260 4693 2313 4739 et
2361 4683 2704 4754 daemonum)
2761 4680 3046 4755 [naturas]
3100 4681 3525 4751 simplicitatem,

1951 4796 2071 4850 quae
2100 4794 2277 4848 neque
2300 4776 2598 4846 composita
2632 4790 2810 4845 neque
2836 4777 2986 4830 varia
3015 4776 3108 4840 sit,
3134 4776 3187 4829 in
3221 4790 3382 4831 causa
3407 4791 3530 4831 esse

1950 4871 2145 4943 ponit;
2175 4883 2241 4923 ac
2275 4883 2371 4938 per
2399 4868 2501 4921 hoc
2529 4881 2649 4922 eam
2676 4880 2889 4936 quoque
2944 4866 3052 4920 vim
3105 4866 3174 4922 iis
3226 4866 3427 4929 inesse,
3470 4877 3531 4923 ut

1952 4961 2230 5033 oppositas
2282 4958 2600 5014 mutationis
2652 4957 2894 5011 rationes
2925 4956 3202 5026 suscipere
3232 4969 3525 5027 nequeant.

1955 5056 2035 5111 Ad
2087 5053 2313 5109 alteram
2369 5063 2532 5120 porro
2560 5048 2912 5119 quaestionem
2958 5048 3247 5118 respondet
3277 5065 3293 5104 :
3322 5047 3539 5104 Idcirco

1957 5148 2135 5216 ignem
2169 5141 2382 5198 diabolo
2429 5140 2652 5210 ejusque
2690 5137 2915 5208 angelis,
2958 5153 3064 5193 non
3117 5148 3297 5194 autem
3353 5139 3532 5194 homi-

1955 5239 2116 5295 nibus
2144 5242 2528 5308 przeparatum,
2573 5230 2761 5297 scribi,
2795 5231 3053 5300 quoniam
3104 5230 3159 5285 in
3211 5231 3370 5286 nobis
3422 5244 3531 5284 non

1956 5330 2233 5398 inopinata
2288 5326 2418 5381 site
2448 5323 2590 5377 malo
2641 5322 2695 5377 in
2742 5321 2937 5376 melius
2972 5321 3224 5387 mutatio,
3272 5336 3395 5375 cum
3454 5319 3532 5374 illi

1955 5422 2276 5476 conﬁrmata
2303 5430 2401 5473 sua
2424 5413 2727 5480 voluntate,
2775 5410 2975 5467 nullam
3005 5411 3072 5467 de
3114 5426 3177 5467 se
3215 5426 3367 5482 spem
3405 5409 3533 5463 relio

1580 5670 1815 5727 VARIA'J
1855 5669 2265 5727 LECTIONES.

352 5805 720 5877 "demptde
754 5810 819 5875 Α,
840 5805 1145 5877 αὐτομάτου
1173 5826 1234 5872 ς.
1309 5808 1355 5840 ⁸ο
1378 5807 1437 5860 τὸ
1466 5807 1555 5877 δὲ]

292 5873 352 5941 Δ,
379 5870 597 5943 οὗτοςο
618 5881 757 5951 ἀνὴρ
786 5870 986 5937 exteri.

1609 5808 1839 5879 fortasse
1858 5807 1968 5879 leg,
1988 5805 2192 5879 τοῦδε.

1096 5878 1141 5909 ⁸³
1173 5879 1233 5931 τὸ
1262 5877 1393 5950 πῦρ]
1429 5874 1619 5935 Matth.
1653 5895 1780 5945 xxv,
1810 5878 1897 5934 .il.
1920 5874 1941 5879 ⁷
1982 5878 2028 5910 ⁸⁸
2056 5875 2220 5931 αὑτοῦ
2245 5892 2356 5931 om.
2400 5877 2465 5930 A.
2540 5876 2585 5908 ⁸⁵
2626 5874 2888 5944 ἀδόκητος
2928 5890 2981 5937 ς’.

2298 5805 2340 5837 ⁸⁸
2372 5800 2525 5868 οὗτος
2556 5802 2756 5857 delevit
2785 5805 2851 5857 A.
2928 5800 2974 5833 δ’
2998 5797 3159 5872 ἀνὴρ]
3201 5793 3354 5865 οὗτος
3401 5796 3529 5873 ili!
