3924 6394
507 366 610 431 823

1592 448 1593 451 η
1650 385 1915 447 ΡΗΟΤΙΙ
1948 386 2452 449 PATRIABCHIE
2475 386 2585 449 (ΞΡ.

3653 379 3753 447 824

502 495 667 550 quam
694 478 943 538 fecerint.
982 482 1303 543 Pratdictam
1343 504 1479 563 ergo
1502 490 1803 556 Salvatorls
1846 506 2055 552 senten-

2170 497 2324 551 λύσιν
2363 497 2561 567 ἀπάγει
2614 496 2715 566 τῆς
2745 494 3005 565 δευτέρας
3042 492 3299 564 ἀπορίας,
3344 490 3442 546 καὶ
3492 491 3743 565 δεύτερον
3778 532 3781 537 ν

508 580 635 627 tiam
694 574 855 629 simul
886 576 1079 647 20θὸ
1111 594 1209 648 pro
1256 581 1528 641 solutione
1580 585 1936 645 dubitationis
1980 602 2071 645 sea

501 666 691 719 condar
719 666 897 733 εὔει-ι,
946 678 1001 723 et
1044 670 1205 726 simul
1252 688 1349 742 pro
1380 675 1555 732 altero
1582 688 1926 748 argumento,
1965 694 2076 750 quo

502 756 808 811 dmmonum
841 768 1095 815 naturam
1141 766 1345 820 e‘malo
1381 782 1490 822 non
1540 771 1741 825 mutari
1779 785 1939 840 posse
1988 787 2075 827 os-

506 853 783 903 tendatur.
1946 912 1949 913 ν

567 938 700 996 Post
739 940 853 998 hare
879 944 1055 1015 capite
1104 946 1175 1001 44
1206 949 1502 1016 excutitur,
1551 965 1657 1021 qua
1689 952 1757 1008 de
1779 967 1942 1009 causa
1975 955 2069 1025 qui

497 1035 927 1102 regenerationis
981 1036 1197 1093 lavacro
1244 1039 1481 1109 tingendi
1537 1046 1822 1110 accedunt,
1855 1045 2071 1103 Satanae

496 1130 552 1175 et
572 1124 831 1190 operibus
851 1126 968 1195 ejus
1001 1128 1251 1183 nuntium
1296 1133 1572 1187 remittant
1604 1153 1617 1189 :
1650 1152 1757 1189 non
1805 1138 1930 1193 item
1970 1140 2068 1193 ho-

498 1212 733 1269 minibus
763 1214 1043 1283 improbis,
1076 1229 1375 1289 eorumque
1396 1224 1743 1279 actionibus?
1776 1227 2069 1285 Enimvero

495 1301 539 1356 si
566 1318 672 1359 non
717 1309 1020 1362 daemonum
1077 1317 1303 1375 naturae,
1355 1315 1448 1367 sed
1498 1317 1751 1384 operibus
1801 1318 2068 1375 duntaxat

475 1409 705 1459 ’eorum,
741 1408 995 1467 tanquam
1032 1401 1212 1465 malis,
1250 1406 1649 1471 rcuuutiemus,
1687 1410 1803 1477 pari
1852 1413 2067 1469 ratione

494 1490 782 1556 oportebat
828 1490 1106 1545 hominum
1163 1508 1270 1547 non
1307 1504 1512 1552 naturae
1541 1500 1778 1568 quidem,
1823 1512 1879 1557 at
1918 1515 2067 1561 certe

492 1577 754 1643 operibus
782 1582 1112 1637 renuntiare.
1143 1582 1262 1638 Non
1295 1586 1441 1640 enim
1486 1593 1627 1657 quod
1665 1591 2065 1660 majora,-_dilli—

494 1667 707 1732 ciliora,
734 1684 797 1724 ac
824 1685 987 1741 supra
1013 1684 1261 1731 naturam
1295 1688 1541 1735 nostram
1565 1683 1869 1741 daemonum
1894 1703 2063 1759 opera

491 1758 621 1824 sint,
648 1770 795 1817 recte
817 1763 1084 1833 quispiam
1118 1783 1216 1837 pro
1247 1769 1606 1829 dubitationis
1651 1758 1943 1835 solutione
1978 1782 2061 1837 di-

492 1850 651 1907 xerit.
687 1852 822 1908 Nam
850 1860 1179 1914 contrarium
1232 1863 1410 1930 potius
1465 1864 1567 1920 hoc
1615 1867 1789 1936 ipsum
1840 1872 2061 1927 dubium

490 1952 695 2010 auget:
731 1944 776 1999 si
798 1946 1013 2015 quidem
1045 1949 1132 2003 Illa
1166 1953 1432 2021 quispiam
1464 1970 1533 2009 ne
1573 1958 1843 2024 admittat,
1874 1962 2066 2031 depre-

489 2043 661 2099 cetur,
691 2050 796 2091 non
832 2052 951 2107 quae
979 2038 1158 2095 facere
1211 2043 1352 2099 nullo
1408 2047 1568 2101 modo
1623 2053 1813 2117 possit,
1873 2056 1968 2109 sed
1998 2057 2065 2112 ad

488 2134 609 2188 qua:
638 2123 847 2193 agenda
876 2128 1195 2195 prapendet.
1248 2128 1423 2199 Ipsam
1459 2134 1626 2202 igitur
1667 2136 2061 2198 dubitationem

486 2212 569 2266 sic
595 2210 707 2267 fere
738 2214 1020 2274 instituit:
1063 2219 1218 2290 cujus
1258 2223 1395 2279 hanc
1447 2226 1670 2296 subjicit
1711 2228 2059 2291 solutionem.

486 2298 723 2357 Primam
752 2306 993 2375 quidem,
1022 2310 1163 2377 quod
1186 2311 1457 2368 daemones
1481 2316 1798 2386 resipiscere
1817 2335 1923 2375 non
1938 2338 2063 2391 pos-

484 2391 596 2447 sint
624 2411 639 2448 :
670 2397 816 2464 quod
848 2400 1034 2468 utique
1078 2400 1237 2471 longe
1284 2405 1502 2474 gravius
1537 2418 1700 2478 atque
1732 2412 2058 2468 abominan-

485 2483 610 2540 dum
644 2489 815 2558 magis
843 2501 1131 2562 est,quam
1167 2494 1273 2549 alia
1298 2497 1464 2554 multo
1492 2503 1743 2569 graviora
1788 2516 2009 2573 peccata
2038 2526 2053 2563 :

482 2578 575 2631 sed
600 2593 723 2648 quae
747 2580 817 2635 ab
836 2582 1163 2650 hominibus,
1180 2588 1273 2655 qui
1303 2603 1401 2658 per
1426 2594 1803 2661 paenitentiam
1831 2598 1884 2653 in
1911 2601 2053 2655 viam

482 2672 665 2727 reduci
694 2673 923 2742 possint,
952 2677 1384 2734 committuntur.
1406 2682 1646 2739 Alteram
1671 2687 1882 2758 deinde,
1912 2695 2055 2760 quod

478 2759 733 2817 ab'initio
784 2764 1057 2833 Salvator,
1102 2776 1158 2822 et
1201 2772 1516 2828 securitatis
1573 2786 1771 2833 nostra:
1808 2759 2052 2850 curator,

480 2854 771 2909 terminum
831 2856 1243 2914 inimicitiarum
1306 2861 1684 2930 immobilem,
1753 2868 2050 2926 daemonem

477 2946 620 3002 inter
667 2957 724 3003 et
776 2950 1027 3007 homines
1080 2954 1395 3021 prazlixerit,
1447 2966 1507 3010 ut
1555 2960 1818 3018 adversus
1874 2963 2049 3034 ipsum

475 3039 655 3094 odium
682 3040 987 3098 immortale
1016 3045 1160 3100 inter
1186 3048 1397 3118 seipsos
1418 3064 1725 3118 servantes,
1773 3070 2048 3126 nunquam

474 3122 704 3192 amplius
758 3124 994 3181 oblatam
1047 3128 1117 3183 ab
1171 3130 1288 3198 ipso
1357 3132 1602 3188 fraudem
1662 3122 2043 3208 excipiamus:

474 3216 923 3282 quemadmodum
956 3218 1119 3273 etiam
1147 3220 1346 3290 singuli
1394 3225 1482 3291 qui
1512 3227 1882 3295 baptizantur,
1935 3240 2049 3285 tan-

472 3320 635 3375 quam
670 3304 949 3362 fateantur
977 3325 1037 3365 se
1068 3311 1134 3367 ad
1168 3313 1218 3368 id
1250 3329 1420 3385 usque
1452 3326 1664 3387 tempus
1702 3336 1824 3375 cum
1872 3324 2049 3393 primo

472 3413 571 3453 suo
605 3410 827 3469 parente
860 3402 1067 3458 Adanio
1114 3405 1374 3476 deceptos
1411 3408 1599 3473 fuisse,
1648 3423 1793 3467 recte
1844 3428 1909 3468 ac
1959 3431 2049 3469 sa-

471 3490 682 3560 pienter
713 3491 766 3545 in
795 3501 1072 3557 posterum
1098 3497 1404 3568 deceptoris
1426 3502 1685 3556 amicitim
1709 3504 2046 3559 renuntiant.

470 3583 549 3639 De
572 3585 881 3640 hominibus
907 3594 1110 3651 autem,
1162 3590 1375 3645 tametsi
1404 3591 1649 3662 improbe
1676 3595 1880 3663 vivant,
1909 3594 2046 3652 nihil

472 3677 580 3731 tale
602 3676 886 3743 Dominus,
910 3679 1039 3748 quin
1080 3681 1262 3745 potius
1291 3685 1630 3739 contrarium
1655 3687 1875 3757 penitus
1900 3707 2043 3762 pra:-

469 3768 637 3837 cepit.
664 3766 742 3823 Ac
780 3769 848 3824 de
870 3771 1143 3827 sexcentis
1179 3771 1232 3827 id
1255 3788 1425 3844 genus
1450 3774 1598 3843 aliis,
1633 3791 1754 3846 quae
1782 3779 1871 3836 hic
1896 3798 2045 3839 com-

468 3872 775 3915 memorare
799 3868 1065 3930 poteram,
1100 3878 1265 3917 unum
1296 3863 1426 3920 illud
1447 3878 1478 3919 e
1503 3868 1744 3924 maxime
1790 3886 2045 3930 necessa-

467 3951 587 4018 riis,
648 3952 792 4021 quod
845 3955 1100 4009 charitati
1153 3966 1355 4011 mutuae
1393 3959 1732 4028 prospiciens
1785 3964 2044 4025 Ecclesiae

467 4043 551 4099 lex
580 4044 774 4115 (quam
808 4044 954 4102 mille
981 4048 1155 4103 modis
1180 4048 1459 4118 improbus
1491 4051 1704 4107 daemon
1734 4055 2044 4118 discindere

466 4134 731 4205 conatur)
755 4135 904 4190 omni
946 4151 1067 4190 eam
1104 4137 1191 4190 via
1215 4151 1280 4192 ac
1325 4140 1591 4208 sapientia
1622 4157 1949 4212 componere
1977 4163 2042 4204 ac

464 4235 787 4276 conservare
807 4221 984 4289 jubet.
1052 4222 1234 4292 Quare
1283 4241 1466 4296 neque
1515 4229 1663 4296 ipsos
1722 4233 2039 4303 improbos,

468 4312 701 4381 proximi
733 4328 857 4368 cum
883 4314 993 4369 sint
1015 4324 1066 4379 ει,
1098 4332 1195 4387 pro
1218 4321 1572 4375 exsecrandis
1616 4324 1841 4389 habere,
1874 4339 2039 4397 atque

2170 587 2525 661 ἐπιχείρημα,
2570 586 2699 661 [656
2742 584 2832 659 IL]
2879 586 2948 640 δι’
2999 578 3062 639 οὗ
3112 585 3173 638 τὸ
3221 582 3603 655 ἀμετάϐλητον
3646 583 3748 638 ἀπὸ

2171 680 2370 745 κακίας
2396 680 2495 751 τῆς
2525 677 2807 750 δαιμονίας
2841 675 3213 730 ἐπιδείκνυται
3250 676 3490 745 φύσεως.

2238 943 2364 995 Ἐπί
2392 942 2446 995 δὲ
2474 942 2684 1007 τούτοις
2718 944 2775 996 ἐν
2819 941 2897 1013 τῷ
2932 943 3015 1013 μδ⁹
3046 941 3327 1014 κεφαλαίῳ
3372 940 3744 1014 διερευνᾶται,

2168 1034 2311 1098 τίνος
2334 1036 2493 1106 χάριν
2521 1034 2570 1088 οί
2609 1032 2687 1105 τῷ
2722 1031 2931 1104 λουτρῷ
2978 1036 3078 1104 τῆς
3125 1032 3549 1100 παλιγγενεσίας
3574 1048 3747 1103 προσ-

2169 1127 2453 1196 ερχόμενοι
2476 1125 2553 1197 τῷ
2582 1126 2681 1196 μὲν
2714 1125 2933 1196 Σατανᾷ
2960 1124 3055 1177 καὶ
3085 1125 3196 1187 τοῖς
3218 1123 3400 1194 ἔργοις
3418 1122 3582 1177 αὑτοῦ
3614 1124 3749 1177 ἀποο

2166 1217 2482 1281 τάσσονται,
2517 1218 2702 1271 οὐκέτι
2739 1217 2796 1270 δὲ
2854 1217 2948 1271 καὶ
3003 1218 3114 1280 τοῖς
3150 1220 3407 1287 πονηροῖς
3440 1215 3749 1288 ἀνθρώποις

2166 1309 2263 1362 καὶ
2294 1312 2415 1374 ταῖς
2441 1308 2647 1363 τούτων
2674 1309 2909 1381 πράξεσι
2931 1324 2946 1339 ’
2984 1309 3166 1363 καίτοι
3199 1324 3289 1377 γε,
3334 1310 3385 1362 εἰ
3421 1308 3499 1379 μὴ
3530 1310 3598 1378 τῇ
3639 1307 3749 1361 τῶν

2164 1401 2439 1471 δαιμόνων
2474 1401 2632 1473 ούσίςι
2664 1402 2802 1455 ἀλλὰ
2836 1404 2951 1465 τοῖς
2983 1401 3166 1471 ἔργοις
3200 1398 3380 1453 αὐτῶν
3410 1399 3486 1463 ώς
3520 1399 3749 1470 φαύλοις

2164 1492 2611 1566 ἀποτασσόμεθα,
2668 1495 2836 1566 ἐχρῆν
2874 1494 2969 1547 καὶ
2999 1495 3066 1565 τῇ
3126 1491 3235 1546 τῶν
3291 1490 3597 1563 ἀνθρώπων
3651 1492 3749 1563 μὲν

2163 1584 2323 1656 οὐσίᾳ
2353 1585 2428 1657 μὴ
2484 1584 2909 1652 ἀποτάσσεσθαι,
2936 1587 3049 1648 τοῖς
3095 1582 3279 1655 ἔργοις
3305 1583 3350 1637 δ’
3390 1584 3573 1640 αὐτῶν
3609 1585 3748 1637 ἀπο-

2162 1678 2480 1733 τάσσεσθαι.
2509 1678 2582 1731 Οὐ
2612 1678 2721 1748 γὰρ
2747 1678 2830 1730 ὅτι
2861 1675 3090 1745 μείζονα
3132 1675 3229 1728 καὶ
3256 1672 3617 1747 χαλεπώτερα
3655 1676 3748 1728 καὶ

2167 1769 2309 1841 ὑπὲρ
2341 1770 2441 1841 τὴν
2471 1771 2629 1842 ἡμῶν
2673 1768 2839 1841 φύσιν
2870 1770 2942 1823 τὰ
2969 1770 3076 1823 τῶν
3104 1769 3377 1840 δαιμόνων
3405 1768 3564 1841 ἔργα,
3590 1768 3749 1821 τοῦτο

2168 1860 2234 1915 ἀν
2262 1878 2345 1924 τις
2377 1861 2533 1915 λύσιν
2562 1860 2679 1933 θείη
2722 1860 2816 1914 τοῦ
2851 1862 3207 1933 ἀπορήματος
3227 1876 3241 1891 ο
3280 1859 3590 1914 τούναντίον
3639 1859 3746 1929 γὰρ

2170 1952 2373 2021 μᾶλλον
2411 1952 2633 2016 αὐξάνει
2669 1952 2731 2004 τὺ
2763 1952 2988 2020 ἄπορον,
3025 1953 3183 2021 εἴπερ
3214 1950 3401 2004 ἐκεῖνά
3439 1969 3524 2015 τις
3567 1952 3748 2021 ἀμαρ-

2163 2045 2345 2098 τάνειν
2391 2044 2714 2115 ἀπεύχεται,
2754 2044 2853 2114 ούχ
2908 2044 2945 2098 ἃ
2987 2044 3123 2114 μηδὲ
3157 2043 3422 2114 πράττειν
3474 2042 3743 2111 πέφυκεν,

2163 2136 2280 2190 ἀλλ’
2309 2133 2384 2190 ὧν
2429 2138 2510 2200 εἰς
2563 2135 2662 2207 τὴν
2695 2135 2898 2206 πρᾶξιν
2943 2135 3338 2206 καταφέρεται.
3371 2135 3484 2206 Τὴν
3514 2136 3615 2206 μὲν
3653 2128 3745 2187 οὖν

2162 2229 2402 2300 ἀπορίαν
2436 2227 2579 2281 οὓτω
2627 2229 2939 2297 συγκροτεῖ.
2985 2226 3157 2281 Λύσιν
3186 2226 3243 2279 δὲ
3283 2226 3481 2295 ἐπάγει
3520 2224 3744 2296 πρώτην

2164 2321 2262 2390 μὲν
2314 2320 2375 2373 τὸ
2412 2321 2520 2373 τῶν
2560 2320 2833 2389 δαιμόνων
2879 2319 3271 2389 ἀμετανόητον,
3305 2318 3445 2389 ὅπερ
3503 2318 3623 2369 ἐστὶ
3653 2319 3744 2370 καὶ

2163 2412 2273 2465 τῶν
2300 2412 2435 2465 πολὺ
2483 2411 2584 2482 μὲν
2616 2411 3016 2484 χαλεπωτέρων
3051 2410 3490 2482 ἁμαρτημάτων,
3530 2409 3742 2479 ἀνθρώ-

2159 2520 2282 2568 ποις
2310 2502 2367 2557 δὲ
2406 2504 2834 2575 πραττομένων,
2885 2504 2982 2557 ἀτε
3023 2501 3087 2572 δὴ
3143 2501 3403 2571 μετανοίᾳ
3458 2500 3741 2570 μεθοδεύε-

2159 2595 2281 2649 σθαι
2314 2594 2662 2663 δυναμένων,
2714 2595 2836 2649 λίαν
2866 2592 3169 2666 βαρύτερόν
3213 2610 3274 2646 τε
3320 2593 3413 2645 καὶ
3457 2591 3742 2662 βδελυκτο-

2154 2705 2335 2756 τερον.
2363 2688 2637 2759 Δευτέραν
2666 2685 2745 2751 δὲ,
2777 2688 2852 2750 di;
2879 2688 2975 2739 ἀπ’
3010 2686 3187 2756 ἀρχῆς
3211 2687 3239 2739 ὁ
3282 2685 3474 2756 Σωτὴρ
3510 2684 3609 2737 καὶ
3646 2683 3740 2753 τῆς

2154 2781 2454 2850 ἀσφαλείας
2506 2780 2665 2852 ἡμῶν
2707 2779 3015 2851 προνοητὴς
3058 2778 3183 2849 ὅρον
3230 2776 3427 2848 ἔχθρας
3473 2776 3751 2857 ἀμετακίοι

2154 2891 2315 2943 νητον
2350 2873 2555 2943 μεταξὺ
2585 2874 2681 2925 τοῦ
2711 2890 2771 2925 τε
2791 2871 3039 2924 διαϐόλου
3063 2870 3157 2923 καὶ
3185 2869 3343 2940 ἡμῶν
3373 2867 3635 2939 ἐπήξατο,
3662 2867 3737 2930 ὡς

2156 2965 2223 3020 ἂν
2251 2967 2353 3038 τὴν
2388 2968 2525 3037 πρὸς
2553 2963 2717 3018 αὑτὸν
2747 2963 2952 3035 ἔχθραν
2982 2963 3262 3033 ἀκήρατον
3284 2963 3343 3015 ἐν
3386 2962 3602 3025 ἑαυτοῖς
3624 2961 3737 3014 δια-

2156 3059 2425 3124 σώζοντες
2455 3058 2656 3130 μηκέτι
2681 3056 2806 3128 περ’
2828 3054 2994 3108 αὑτοῦ
3023 3053 3445 3124 προσαγομένην
3465 3052 3568 3123 τὴν
3594 3052 3739 3105 ἀπά-

2072 3180 2116 3237 C
2150 3168 2251 3220 την
2281 3150 2647 3221 εἰσδεξώμεθα
2679 3149 2747 3203 ⁸⁸.
2785 3147 2877 3201 Διὸ
2907 3148 3001 3201 καὶ
3029 3144 3137 3201 τῶν
3165 3143 3553 3215 φωτιζομένων
3577 3144 3738 3197 ἔκασ-

2151 3259 2264 3308 τος,
2285 3241 2473 3312 ὥσπερ
2490 3239 2770 3312 ὁμολογῶν
2787 3242 2854 3311 τῇ
2878 3238 2972 3293 τοῦ
2992 3239 3336 3309 προπάτορος
3359 3237 3547 3310 ἀπάτῃ
3578 3237 3737 3307 μέχρι

2149 3336 2272 3386 τότε
2314 3332 2656 3403 συνέχεσθαι,
2682 3332 2862 3396 καλῶς
2881 3349 2940 3385 τε
2960 3334 3054 3385 καὶ
3073 3331 3347 3401 θεοσόφως
3373 3331 3433 3383 τὸ
3456 3329 3644 3385 λοιπὸν
3670 3330 3734 3400 τῇ

2152 3425 2287 3495 πρὸς
2317 3426 2525 3479 ἐκεῖνον
2556 3424 2922 3478 ἀποτάσσεται
2945 3422 3115 3493 φιλίᾳ.
3158 3422 3283 3477 Ἐπὶ
3312 3423 3370 3476 δὲ
3390 3422 3502 3476 τῶν
3527 3422 3735 3490 ἀνθρώ·

2151 3533 2294 3581 πων,
2322 3516 2427 3569 κᾶν
2478 3518 2714 3588 πονηρίᾳ
2739 3516 2974 3579 συζῶσιν
2996 3558 3009 3582 ,
3036 3516 3188 3569 οὐδὲν
3225 3513 3487 3577 τοιοῦτον,
3518 3514 3609 3566 ἵνα
3662 3511 3733 3583 μὴ

2152 3606 2298 3675 λέγω
2320 3608 2432 3660 πᾶν
2450 3606 2823 3672 τούναντίον,ὀ
2846 3608 3122 3677 Δεσπότης
3136 3606 3414 3661 ἐκέλευσε.
3430 3606 3542 3659 Καὶ
3569 3606 3733 3676 μυρία

2150 3700 2250 3768 μὲν
2277 3697 2423 3752 ἐστιν
2439 3700 2611 3752 είπεῖν
2632 3698 2725 3752 καὶ
2747 3696 2882 3753 ἄλλα
2902 3738 2917 3762 ,
2950 3697 3007 3749 ἒν
3028 3697 3086 3749 δὲ
3118 3697 3227 3749 τῶν
3264 3695 3727 3763 ἀναγκαιοτάτων,

2145 3790 2219 3854 ώς
2256 3790 2356 3861 τῆς
2384 3791 2465 3853 εἰς
2486 3788 2748 3862 ἀλλήλους
2781 3789 3001 3860 ἀγάπης
3016 3790 3045 3842 ό
3062 3790 3161 3859 τῇς
3193 3785 3520 3858 Ἐκκλησίας
3537 3784 3729 3855 θεσμδς

2150 3882 2583 3953 προνοούμενος,
2628 3884 2696 3954 ἥν
2750 3881 3130 3952 μυριοτρόπως
3152 3882 3181 3934 ό
3209 3876 3445 3951 πονηρὸς
3500 3876 3728 3946 διασπᾷν

2141 3973 2445 4042 ἐπείγεται,
2481 3974 2633 4046 πάσῃ
2671 3973 2880 4045 μεθόδῳ
2936 3973 3032 4026 καὶ
3090 3970 3253 4042 σοφίᾳ
3300 3971 3625 4039 συγκροτεῖν
3667 3983 3725 4019 τε

2141 4064 2344 4136 ταύτην
2376 4065 2471 4117 καὶ
2503 4065 2747 4135 συνέχειν
2793 4062 3092 4134 νομοθετεῖ.
3125 4061 3217 4115 Διδ
3231 4059 3351 4116 οὐδὲ
3377 4061 3578 4122 αὐτοὺς
3607 4058 3725 4120 τοὺς

2145 4157 2385 4226 φαύλους
2407 4156 2711 4225 ὁμοφύλους
2737 4156 2897 4219 ὄντας
2928 4152 3309 4225 βδελύττεσθαι
3331 4152 3429 4206 καὶ
3443 4153 3623 4222 μισεῖν
3641 4151 3719 4219 ti,

2139 4250 2200 4303 τὸ
2222 4248 2489 4303 ἀνάπαλιν
2522 4249 2580 4301 δὲ
2607 4249 2856 4319 στέργειν
2887 4264 2950 4300 τε
3002 4246 3096 4299 καὶ
3120 4246 3316 4315 φιλεῖν,
3342 4246 3446 4315 ὅση
3478 4244 3717 4313 δύναμις,

2140 4342 2229 4395 ναὶ
2248 4340 2313 4411 δὴ
2347 4340 2441 4393 καὶ
2454 4340 2496 4372 ’⁸⁷
2523 4338 2792 4409 κάθαρσιν
2811 4336 3044 4411 [5ιοΗ.]
3076 4337 3175 4408 μὲν
3198 4338 3298 4407 τῆς
3315 4335 3587 4406 πονηρίας
3628 4332 3717 4385 καὶ

465 4404 590 4464 odio
618 4418 739 4461 esse
772 4407 1035 4475 permittit
1064 4424 1079 4462 :
1108 4408 1203 4463 sed
1248 4420 1461 4477 contra,
1520 4415 1700 4481 quoad
1755 4416 1874 4486 ejus
1921 4420 2039 4475 ﬁeri

2158 4404 2440 4503 δεραπείαν
2491 4404 2750 4495 ἐπινοεῖν,
2781 4404 3300 4504 προσλαμϐάνεσθαι
3348 4404 3453 4491 δὲ,
3480 4424 3595 4479 ἀλλ’
3624 4424 3716 4475 οὐκ

463 4505 661 4564 potest,
691 4508 893 4553 amare‘
928 4498 1082 4567 jubet
1129 4510 1293 4570 atque
1328 4504 1571 4574 diligere.
1629 4507 1742 4561 lmo
1795 4524 1924 4564 vero
1969 4511 2038 4566 de

2158 4498 2508 4581 ὶπωθεῖσθαι.
2556 4525 2665 4577 Καὶ
2704 4521 2864 4576 τοῦτο
2914 4520 3126 4584 Παῦλος
3162 4520 3207 4551 ⁸⁸
3242 4519 3381 4590 μετά
3410 4517 3522 4571 τῶν
3550 4515 3713 4570 ἄλλων

462 4590 741 4659 purganda
780 4590 1130 4660 curandaque
1169 4594 1373 4647 malitia
1407 4596 1670 4665 cogitare,
1701 4598 1927 4669 illosque
1971 4604 2037 4656 ad

2158 4621 2424 4690 παραινεῖ,
2477 4617 2536 4681 ὃς
2582 4617 2677 4670 καὶ
2722 4617 2835 4679 τοῖς
2881 4614 3158 4677 Ἰουδαίοις
3211 4613 3288 4676 ώς
3343 4610 3595 4672 Ἰουδαῖος
3624 4604 3710 4658 καὶ

460 4693 521 4734 se
556 4694 797 4743 sumere,
831 4681 979 4736 nullo
1016 4693 1196 4738 autem
1230 4686 1390 4740 modo
1434 4689 1717 4757 repellere,
1772 4694 2035 4762 praecipit.

2158 4681 2257 4775 τοῖς
2290 4709 2549 4779 Ἕλλησιν
2588 4708 2632 4740 ⁸⁸
2689 4706 2764 4771 ὡς
2815 4706 3017 4775 Ἕλλην
3066 4704 3162 4757 καὶ
3214 4703 3326 4764 τοῖς
3387 4701 3605 4771 ἀνόμοις
3636 4694 3709 4756 ώς

460 4770 712 4841 Idemque
736 4772 934 4828 Paulus
956 4775 1098 4830 inter
1118 4775 1221 4831 alia
1246 4789 1428 4832 monet
1447 4819 1463 4843 ,
1505 4779 1595 4849 qui
1620 4778 1819 4835 Judacis
1840 4783 2037 4854 207a

2158 4770 2343 4870 hope;
2373 4770 2467 4852 xui
2493 4800 2608 4862 τοῖς
2636 4770 2771 4852 πᾶσι
2820 4797 2888 4850 τά
2913 4770 3092 4852 πάντα
3110 4793 3350 4864 ἐγένετο,
3382 4792 3473 4845 ἴνα
3504 4788 3707 4850 πάντως

460 4872 718 4933 tanquam
753 4863 991 4931 Iudaeus,
1024 4876 1079 4921 ct
1111 4868 1363 4923 omnibus
1394 4871 1574 4924 omnia
1604 4870 1780 4927 factus
1827 4884 1929 4942 est,
1978 4888 2036 4931 ut
2143 4863 2295 4951 τινάς
2323 4884 2496 4961 σώσῃ,

460 4955 681 5010 omnino
704 4955 913 5025 aliquos
946 4959 1129 5013 salvos
1158 4956 1365 5016 faceret
1388 4971 1437 5017 τ.

532 5044 686 5111 Quod
715 5047 759 5101 si
792 5062 821 5099 a
870 5051 1252 5118 peccatoribus
1274 5051 1549 5122 justorum
1583 5065 1758 5112 cmtus
1803 5056 1928 5113 inde
1968 5058 2037 5112 ab

2210 5062 2273 5115 Εί
2300 5062 2358 5115 δὲ
2396 5063 2507 5125 τοῖς
2540 5060 2883 5133 ἁμαρτωλοῖς
2918 5060 2948 5112 ὁ
2999 5060 3107 5113 τῶν
3151 5058 3377 5114 δικαίων
3427 5052 3705 5156 χορὸς-ἀπ’

461 5136 618 5191 initio
656 5139 708 5192 in
748 5139 893 5195 hunc
922 5156 1092 5211 usque
1123 5143 1265 5197 diem
1300 5144 1672 5213 abstinuisset,
1711 5148 1836 5217 quis
1858 5149 2042 5205 salvus

2158 5154 2313 5224 ὶρχῆς
2369 5154 2532 5225 μέχρι
2584 5152 2680 5206 νῦν
2716 5152 3078 5217 ἀπετάσσετο,
3106 5151 3189 5215 τίς
3232 5152 3300 5205 ἂν
3330 5150 3540 5219 ἐσώθης
3588 5145 3701 5207 Πῶς

460 5229 647 5282 esset?
692 5230 975 5295 Quomodo
1013 5233 1246 5289 mundus
1279 5248 1477 5303 sagena
1515 5244 1707 5305 captus
1741 5248 1913 5305 esset,
1966 5240 2038 5307 si,

464 5333 589 5373 cum
634 5334 950 5391 peccatores
1010 5324 1146 5379 nihil
1206 5325 1433 5382 invicem
1488 5328 1736 5384 utilitatis
1784 5328 2036 5399 afferant,

536 5504 561 5543 ι]
601 5494 791 5552 Matth.
840 5515 890 5563 v,
947 5500 1038 5565 44,
1073 5499 1163 5554 45.
1245 5500 1317 5555 τι
1356 5500 1483 5556 Cor.
1510 5518 1585 5567 Ix,
1612 5503 1703 5559 29.

2137 5245 2182 5299 δ’
2220 5246 2290 5299 ἂν
2325 5246 2354 5298 ὁ
2392 5244 2595 5314 κόσμος
2629 5243 2992 5316 ὲσαγηνεύθη,
3025 5243 3134 5295 τῶν
3168 5243 3267 5314 μὲν
3298 5241 3517 5312 φαύλων
3547 5239 3701 5305 ἀλλή-

2138 5334 2261 5398 λους
2289 5334 2442 5387 οὐδὲν
2467 5332 2845 5403 ὠφελούντων,
2872 5331 2984 5387 τῶν
3010 5331 3057 5386 δ’
3083 5330 3318 5402 ἀγαθῶν
3347 5331 3564 5393 τούτους
3588 5327 3701 5399 βδε-

1740 5638 1970 5695 VARle
2004 5640 2419 5699 LECTIONES.

538 5745 584 5775 ⁸⁸
612 5744 958 5829 εἰσδεξόμελθα
990 5766 1050 5812 ς.
1130 5750 1168 5781 ⁵⁷
1206 5750 1287 5803 ναὶ
1320 5749 1384 5821 δὴ
1418 5752 1513 5805 καὶ
1551 5754 1592 5806 Α
1625 5770 1636 5807 :
1672 5753 1762 5809 καί
1786 5754 1849 5826 δὴ
1890 5773 1946 5819 ς,
2027 5756 2067 5789 ³³
2099 5754 2335 5829 Παῦλος]
2381 5758 2401 5813 l
2458 5756 2588 5822 Cor,
2645 5774 2721 5824 Ix,
2753 5758 2846 5816 20.

465 5816 667 5897 ἄνομος
705 5818 826 5870 add.
866 5819 912 5881 ᾼ

2952 5760 2998 5793 ⁸⁸
3031 5766 3122 5818 καὶ
3186 5765 3295 5827 τοῖς
3348 5760 3591 5833 Ἕλλησιν
3610 5778 3693 5843 ’τ
