4014 6406
228 356 334 425 825

1262 364 1789 431 BIBLIOTHECA.
1828 394 1899 405 ·--
1935 370 2101 434 COD.
2132 372 2415 434 CCXXII.

3382 376 3493 441 826

226 466 581 543 λυσσομένων
605 488 665 526 τε
699 472 796 527 καὶ
823 472 1296 546 ἀποπεμπόντωνς
1337 475 1502 533 Ἀλλά
1531 478 1626 532 καὶ
1672 479 1706 550 ή
1738 477 1815 550 τῷ

1919 477 2039 547 iusti
2072 483 2291 550 insuper
2324 482 2445 538 illos
2462 487 2883 539 exsecrarentur
2905 496 2972 539 ac
3006 482 3341 553 rejicerent?
3388 482 3498 540 Sed

229 562 423 633 Πέτρῳ
450 558 645 618 σινδὼν
677 558 931 634 ὀφθεῖσα,
966 566 1063 620 καὶ
1096 567 1314 638 πλήρης
1344 568 1604 641 καθαρῶν
1629 588 1688 624 τε
1717 572 1812 625 καὶ

226 648 559 719 ἀκαθάρτων
606 648 762 716 ζώων
818 651 1161 724 ὑπάρχουσα,
1215 656 1316 725 τὴν
1366 660 1812 731 συναναστροφὴν

228 731 436 804 μᾶλλον
486 737 585 790 καί⁵
640 738 944 811 πρόσληψιν
980 742 1090 795 τῶν
1138 743 1381 811 φαύλων,
1442 746 1557 801 ἀλλ’
1604 749 1665 802 οὐ
1712 751 1812 819 τὴν

226 828 587 899 ἀποστροφὴν
637 830 980 904 ὑπῃνίττετο.
1023 833 1087 888 Et
1140 837 1198 890 δὲ
1235 839 1355 909 τῆν’
1388 841 1610 912 ἀγάπην
1667 841 1811 897 οὕτω

222 920 507 990 πανταχοῦ
528 920 624 974 τοῦ
661 924 797 978 Θεοῦ
837 926 1012 997 Λόγου
1046 931 1467 1000 νομοθετοῦντος
1501 935 1599 989 καὶ
1627 936 1810 1008 πάσης

220 1009 397 1081 ἄλλης
428 1012 635 1086 ἀρετῆς
665 1016 1038 1090 ὑπερέχουσαν
1069 1022 1160 1077 διὰ
1200 1024 1310 1080 τῶν
1353 1026 1521 1080 αὑτοῦ
1551 1027 1809 1099 μαθητῶν

220 1102 572 1170 ἀναϐοῶντος
592 1107 742 1179 ὅμως
759 1111 1033 1181 πολεμίως
1055 1116 1192 1187 πρὸς
1214 1117 1440 1182 ἑαυτοὺς
1461 1117 1805 1189 διακείμεθα,

221 1196 325 1289 καί
350 1199 556 1269 μικροῦ
589 1199 682 1253 τὸν
731 1202 959 1273 πλησίον
1012 1206 1264 1276 ἕκαστος,
1312 1209 1420 1262 κᾶν
1470 1209 1692 1282 ἄριστος
1746 1210 1806 1289 ᾗ.

221 1287 409 1360 φθόνῳ
466 1291 785 1364 κακίςομεν,
840 1296 952 1351 ἔσθ’
1001 1298 1090 1352 ὅτε
1114 1299 1172 1352 δὲ
1216 1301 1310 1355 καὶ
1360 1287 1804 1374 ἐπιϐουλεύομεν,

223 1378 356 1452 [657
397 1380 494 1456 11.]
537 1386 587 1438 εί
633 1387 891 1459 τοιαύτης
941 1391 1199 1462 ἀφορμῆς
1242 1393 1609 1465 ἐδραξάμεθα,
1662 1395 1807 1465 λέγω

219 1473 289 1544 δὴ
316 1472 414 1527 τοῦ
443 1477 559 1541 τοῖς
586 1483 842 1550 πονηροῖς
862 1476 927 1535 ὲκ
952 1483 1273 1552 νομοθεσίας
1300 1503 1361 1538 τε
1395 1487 1490 1540 καὶ
1514 1486 1805 1557 ὁμολογίας

219 1565 657 1635 ἀποτάσσεσθαι,
692 1569 804 1639 ἐγὼ
838 1573 938 1642 μὲν
981 1572 1042 1639 ἐξ
1077 1569 1152 1629 ὧν
1188 1577 1301 1648 ὁρῶ
1339 1578 1403 1630 τὸ
1441 1579 1801 1651 ἀνθρώπινον,

219 1661 477 1725 καὶτοὺς
508 1662 808 1734 εὐεργέτας
842 1666 1005 1736 φημὶ,
1036 1668 1157 1722 ἐπεὶ
1195 1668 1325 1734 τούς
1350 1668 1415 1739 γέ
1454 1687 1506 1724 τι
1554 1671 1805 1741 παραλυ-

219 1750 488 1818 ποῦντας,
522 1754 627 1807 κᾶν
655 1754 877 1820 δικαίως
912 1757 1071 1811 τοῦτο
1104 1760 1409 1829 πράττωσι,
1471 1762 1693 1825 πάντως
1735 1762 1803 1818 ἂν

221 1843 479 1908 ἐκτόπως
520 1845 822 1916 ἑμισοῦμέν
859 1866 921 1902 τε
972 1849 1070 1903 καὶ
1100 1821 1581 1924 ἀπεστρεφόμεθα,
1621 1821 1717 1909 ἆτε
1740 1854 1807 1922 δὴ
1836 1821 1881 1879 Β

218 1936 648 2008 παρακάλυμμα
674 1938 775 2010 τῆς
796 1939 1063 2012 φθονερᾶς
1089 1942 1316 2014 γνώμης
1349 1946 1444 1999 καὶ
1472 1944 1575 2015 τῆς
1608 1944 1809 2017 πολλῆς

218 2026 311 2095 ἐφ’
357 2023 439 2092 οἷς
486 2028 755 2101 μισοῦμεν
799 2032 1066 2105 ἀλλήλους
1093 2036 1358 2106 αἰσχύνης
1388 2036 1486 2109 τὴν
1533 2031 1685 2093 θείαν
1713 2040 1803 2091 ἐν-

216 2117 390 2189 τολὴν
437 2120 868 2193 προϐαλλόμενοι
914 2124 1010 2179 καὶ
1067 2128 1366 2199 συνήγορον
1411 2126 1648 2199 ἔχοντες,
1711 2131 1806 2183 καὶ

216 2209 326 2261 οὐκ
358 2207 428 2263 ἂν
451 2211 571 2266 οὐδὲ
607 2213 770 2284 μέχρι
798 2214 1034 2271 θανάτου
1063 2216 1164 2289 τὴν
1202 2218 1338 2291 πρὸς
1372 2220 1501 2284 τοὺς
1534 2221 1810 2285 τοιούτους

219 2300 430 2373 ἔχθραν
450 2303 792 2376 διελυόμεθα,
822 2307 926 2361 κᾶν
948 2308 1039 2363 τὸν
1064 2309 1216 2382 ἥλιον
1253 2311 1328 2381 μὴ
1352 2311 1591 2367 ὲπιδύειν
1618 2314 1713 2367 ἐπὶ
1735 2313 1812 2385 τῷ

218 2395 595 2467 παροργισμῷ
650 2398 806 2469 ἡμῶν
860 2398 964 2469 τῆς
1023 2402 1365 2474 Δεσποτικῆς
1415 2403 1813 2475 νομοθετούσης

220 2485 588 2557 ἀγαθότητος,
621 2490 717 2542 καὶ
738 2489 833 2543 τοῦ
877 2490 1095 2563 Πατρὸς
1134 2492 1383 2564 μιμητὰς
1418 2494 1813 2563 ἀποφαίνοντος

219 2578 283 2630 ὲν
310 2578 395 2648 τῷ
424 2580 561 2633 πᾶσι
595 2582 693 2635 καὶ
741 2584 856 2645 τοῖς
913 2583 1133 2654 μισοῦσι
1187 2586 1458 2655 χρηστοὺς
1496 2578 1659 2650 εἶναι,
1714 2588 1814 2654 Ὃς

216 2670 439 2739 βρέχει
476 2669 525 2702 ⁸⁸
563 2672 661 2726 ἐπὶ
684 2671 958 2739 δικαίους
980 2673 1080 2728 καί
1115 2675 1368 2742 ἀδίκους
1412 2674 1513 2729 καί
1560 2676 1816 2732 ἀνατέλο

218 2764 323 2815 ,πει
358 2764 468 2815 τὸν
492 2762 671 2831 ἥλιον
695 2763 884 2819 αὐτοῦ
910 2766 1004 2834 ἐφ’
1032 2765 1331 2835 ἑκατέραν
1350 2769 1565 2837 ὁμοίως
1578 2769 1814 2839 μερίδα.

219 2853 286 2905 Et
331 2853 394 2907 δὲ
436 2849 506 2925 ἦν
540 2856 934 2927 νενομισμένον
958 2859 1073 2921 τοῖς
1100 2860 1359 2929 πονηροῖς
1383 2859 1492 2912 τῶν
1512 2860 1817 2929 ἀνθρώπων

218 2946 361 3009 τοὺς
400 2944 806 3019 φωτιζομένους
833 2950 1264 3017 ἀποτάσσεσθαι,
1302 2951 1395 3006 καὶ
1424 2952 1562 3024 γυνὴ
1593 2953 1661 3007 ἂν
1688 2953 1819 3007 ταύ-

220 3059 330 3114 της
381 3042 481 3113 τῆς
531 3042 787 3116 ἀφορμῆς
822 3045 1098 3118 λαὸομένη
1128 3046 1223 3101 τοῦ
1255 3047 1448 3119 ἀνδρὸς
1490 3047 1815 3119 διεσχίζετο,

1915 582 1970 628 et
1999 573 2141 642 quod
2180 574 2342 630 Petro
2362 575 2538 631 visum
2564 586 2643 631 est
2668 576 2895 631 linteum
2924 587 2969 640 ε,
2998 577 3151 644 puris
3192 588 3357 646 atque
3400 578 3530 633 im-.

1915 664 2068 731 puris
2088 665 2456 721 animantilms
2473 668 2713 739 plenum,
2747 666 2814 721 ad
2845 668 3295 723 consuetudinem
3322 669 3502 737 patius

1912 754 2088 811 malos
2115 759 2492 826 assumendus,
2520 775 2680 827 quam
2707 759 3046 828 repellendos
3076 760 3344 830 designat.
3378 761 3500 815 Jam

1911 846 1959 903 si
2001 857 2111 904 tum
2132 850 2316 917 etiam,
2350 852 2568 920 quando
2602 852 2931 907 charitatem
2964 853 3099 908 adeo
3132 853 3227 906 Dei
3252 849 3498 907 Verbum

1912 941 2115 1011 ubique
2178 943 2441 1013 imperat,
2466 954 2522 1000 et
2553 945 2808 1002 omnibus
2838 945 2961 1000 aliis
3008 945 3301 1001 virtutibus
3333 944 3504 1012 majo-

1912 1046 2026 1087 rem
2048 1048 2145 1102 per
2170 1048 2301 1090 suos
2329 1046 2625 1092 sectatores
2645 1035 2905 1101 clamitat,
2927 1036 3107 1091 hostili
3130 1045 3310 1092 tamen
3333 1036 3420 1090 alii
3450 1036 3504 1090 in

1910 1124 2045 1179 alios
2078 1127 2261 1181 animo
2301 1143 2509 1196 sumus,
2548 1138 2602 1184 et
2629 1128 2744 1185 fere
2766 1130 3135 1199 unusquisque
3170 1128 3500 1199 proximum,

1912 1219 2124 1273 tametsi
2149 1219 2387 1290 Optimus
2420 1221 2512 1284 sit,
2542 1236 2637 1289 per
2708 1222 2964 1275 invidiam
3025 1221 3291 1288 laedimus,
3341 1230 3506 1290 atque

1908 1309 2184 1366 interdum
2212 1313 2379 1366 etiam
2398 1314 2445 1369 ei
2477 1312 2704 1369 insidias
2736 1328 2993 1381 paramus
3025 1331 3040 1369 :
3073 1315 3177 1369 hac
3202 1314 3381 1367 oblata
3408 1327 3506 1367 oc-

1906 1405 2125 1460 casione
2154 1404 2238 1474 (ut
2272 1404 2483 1459 scilicet
2523 1404 2807 1473 improbis,
2869 1419 2933 1459 ex
2970 1404 3089 1472 lege
3132 1416 3299 1474 atque
3345 1411 3505 1472 pacto

1907 1484 2126 1554 nuntius
2157 1497 2514 1553 remittendus
2540 1497 2646 1567 sit)
2673 1496 2926 1563 equidem
2947 1505 3207 1566 quantum
3222 1496 3504 1551 hominum

1907 1606 2091 1648 mores
2119 1589 2419 1660 perspicio,
2443 1589 2589 1659 ipsos
2616 1603 2830 1659 quoque
2869 1587 3141 1642 beneﬁcos
3175 1586 3230 1641 in
3262 1599 3384 1652 nos,
3411 1584 3504 1654 qui

1905 1685 2068 1740 modo
2084 1683 2318 1754 aliquam
2335 1682 2579 1747 molestia
2589 1682 2826 1749 ni,etiam
2837 1679 2983 1748 juste
3000 1679 3256 1734 all’errent
3270 1677 3505 1733 absurde

1908 1776 2097 1847 utique
2126 1785 2181 1832 et
2224 1776 2538 1831 indecenter
2584 1774 2891 1829 odissemus
2935 1782 3098 1841 atque
3126 1784 3504 1847 aversarentur

1910 1866 2304 1938 (velamentum
2366 1866 2621 1921 nimirum
2685 1863 2860 1919 noxiae
2918 1863 3077 1932 hujus
3125 1861 3421 1916 voluntatis
3450 1871 3507 1916 et

1908 1959 2178 2030 probrosi
2232 1958 2382 2013 illius
2457 1971 2567 2026 quo
2611 1956 2845 2011 invicem
2932 1955 3309 2026 prosequimur
3391 1952 3500 2005 odii

1908 2052 2153 2106 divinum
2208 2058 2540 2119 praeceptum
2579 2047 2922 2116 objicientes,
2987 2058 3043 2102 et
3097 2056 3354 2116 tanquam
3408 2060 3506 2113 pro

1909 2142 2172 2197 advocato
2216 2138 2525 2212 habentes)
2560 2155 2625 2196 ac
2668 2154 2846 2209 neque
2875 2139 2940 2193 ad
2971 2150 3277 2193 extremum
3333 2150 3506 2205 usque

1910 2232 2160 2301 spiritum
2215 2230 2401 2287 odium
2460 2230 2515 2287 in
2575 2231 2711 2286 tales
2769 2245 3005 2299 unquam
3072 2229 3500 2297 deponeremus,

1911 2324 2122 2377 etiamsi
2163 2322 2333 2378 solem
2361 2338 2466 2378 non
2501 2323 2751 2379 occidere
2798 2336 2959 2391 super
3012 2319 3354 2375 iracundiam
3405 2333 3505 2372 no-

1912 2426 2080 2472 stram
2114 2415 2323 2471 Domini
2367 2415 2585 2471 bonitas
2627 2415 2903 2484 praecipiat
2939 2415 2982 2478 ί,
3027 2424 3192 2483 atque
3225 2425 3323 2481 per
3350 2409 3506 2465 beni-

1915 2507 2174 2577 gnitatem
2205 2521 2331 2576 erga
2373 2521 2585 2571 omnes,
2634 2507 2797 2560 etiam
2847 2505 3136 2569 inimicos,
3186 2501 3369 2557 Patris
3418 2500 3503 2556 sui

1917 2596 2231 2654 imitatores
2250 2598 2367 2653 l'ore
2395 2597 2788 2666 declaret,qui
2828 2596 2961 2666 pluit
3015 2610 3173 2661 super
3220 2594 3397 2663 justas
3452 2599 3505 2646 et

1915 2692 2164 2761 iniustos,
2220 2702 2267 2745 et
2301 2690 2466 2745 solem
2516 2705 2668 2744 suum
2711 2689 2842 2742 oriri
2876 2688 3005 2757 facit
3040 2701 3196 2754 super
3228 2687 3410 2751 bonos,
3454 2693 3505 2737 et

1918 2786 2087 2840 malos
2106 2790 2160 2838 ιι.
2194 2783 2266 2839 Ει
2308 2797 2434 2839 vero
2466 2781 2511 2837 si
2544 2781 2661 2851 lege
2704 2782 2980 2836 decretum
3018 2779 3178 2843 roret,
3211 2785 3272 2832 ut
3323 2776 3487 2845 bapti-
3518 2792 3521 2853 ξ

1921 2877 2077 2932 zandi
2118 2877 2292 2931 malos
2322 2874 2572 2930 homines
2618 2873 2840 2928 omnino
2862 2873 3044 2926 valere
3067 2870 3324 2939 juberent
3354 2867 3501 2936 :jam

1919 2975 1977 3024 et
2004 2982 2138 3023 uxor
2164 2966 2267 3021 hoe
2316 2965 2498 3020 colore
2534 2979 2567 3017 a
2621 2964 2736 3017 viro
2781 2963 3105 3024 discederet,
3168 2968 3226 3014 et
3284 2958 3367 3013 vir
3434 2956 3504 3012 ab

1918 3072 2108 3123 uxore,
2152 3056 2293 3112 ﬁlius
2319 3071 2349 3109 a
2382 3064 2555 3125 patre,
2592 3069 2622 3107 a
2673 3062 2845 3107 matre
2875 3051 3003 3115 lilia,
3033 3065 3065 3105 a
3116 3049 3336 3105 domino
3383 3063 3521 3117 ser-q

225 3136 330 3189 καὶ
364 3134 624 3204 γυναικὸς
653 3137 683 3189 6
723 3136 887 3207 ἀνὴρ,
940 3137 1152 3208 πατρός
1182 3156 1242 3191 τε
1281 3141 1309 3193 6
1337 3139 1451 3202 υίὸς
1484 3139 1581 3193 καὶ
1613 3138 1818 3211 μητρὸς

1924 3164 2043 3204 vus.
2071 3147 2435 3205 Cunﬁrmaret
2465 3147 2609 3202 enim
2659 3146 2850 3199 horum
2892 3143 3123 3213 quilibet
3151 3156 3212 3196 se
3242 3156 3342 3196 suo
3380 3130 3522 3195 curn

218 3225 258 3296 ἡ
312 3224 566 3297 θυγάτηρ
632 3227 729 3280 καὶ
769 3225 958 3291 δοῦλος
1002 3227 1266 3281 δεσπότου
1293 3243 1307 3257 ·
1344 3229 1665 3300 ἐστηρίζετο
1711 3228 1820 3299 γὰρ

222 3319 298 3371 ἂν
349 3316 586 3382 ἕκαστος
636 3317 843 3373 τούτων
891 3320 959 3389 τῇ
992 3318 1127 3390 πρὸς
1150 3319 1283 3372 Θεὸν
1311 3321 1493 3393 οἰκείᾳ
1536 3319 1818 3392 ὁμολογίᾳ,

222 3410 331 3463 καὶ
388 3410 551 3479 νόμον
597 3410 806 3464 ἐτίθετο
842 3411 1033 3465 τοῦτον
1088 3412 1447 3482 ἀπαράϐατον
1504 3411 1582 3483 τῷ
1633 3412 1822 3484 οἰκείῳ

225 3502 509 3573 θελήματι
542 3502 951 3573 βεϐαιούμενον.
994 3502 1094 3556 Διὰ
1130 3501 1307 3557 ταῦτα
1356 3505 1538 3559 τοίνυν
1584 3506 1661 3579 τῷ
1705 3509 1823 3562 δια-

226 3596 385 3664 ϐόλῳ
419 3595 580 3663 μόνον
622 3596 716 3650 καὶ
741 3598 855 3660 τοῖς
889 3595 1189 3666 δαιμονίοις
1221 3597 1317 3650 καὶ
1348 3599 1462 3660 τοῖς
1492 3597 1699 3652 τούτων
1728 3599 1823 3671 ἐρ-

224 3705 362 3757 γοις
394 3687 617 3757 φεύγειν
655 3705 716 3741 τε
747 3688 842 3741 καὶ
870 3688 1253 3758 βδελύττεσθαι
1286 3690 1381 3743 καὶ
1421 3690 1824 3745 ἀποτάττεσθαι

225 3779 721 3852 προστεταγμεθα,
758 3780 1018 3850 ἀμέτοχοι
1047 3781 1149 3851 τῆς
1173 3781 1402 3835 ἐκείνων
1454 3781 1685 3853 γνώμης
1732 3783 1824 3839 διὰ

226 3874 448 3937 παντὸς
479 3873 886 3946 συπηρηθῆναι
924 3872 1319 3942 ὁμολογοῦντές
1346 3891 1408 3926 τε
1457 3875 1553 3927 καὶ
1596 3875 1825 3946 εὐχόμε-

226 3986 345 4034 νοι,
372 3968 462 4023 διὰ
493 3969 591 4039 τὴν
618 3968 797 4022 αὐτῶν
828 3967 966 4039 πρὸς
1016 3968 1086 4021 τὰ
1136 3967 1319 4037 φαῦλα
1370 3967 1565 4038 ἀκλινῆ
1618 3986 1681 4023 τε
1731 3970 1827 4024 καὶ

228 4060 577 4131 ἀμετάθετον
609 4060 784 4132 ῥοπὴν
820 4061 915 4115 καὶ
945 4061 1035 4115 διὰ
1063 4060 1124 4113 τὸ
1153 4059 1317 4130 κόρον
1347 4058 1458 4113 τῶν
1491 4059 1828 4131 ἁμαρτημά-

229 4171 353 4207 των
383 4152 460 4223 μὴ
496 4152 769 4224 δέχεσθαι.
823 4152 1101 4221 Ἀλλήλοις
1128 4151 1209 4214 δὲ,
1253 4150 1357 4205 κᾶν
1388 4150 1729 4221 ἀνθρώπινον
1765 4148 1824 4225 ᾖ,

234 4246 353 4301 κᾶν
385 4247 466 4309 είς
498 4245 560 4300 τὸ
606 4246 762 4301 Θεῖον
813 4245 1070 4317 διαδαίνῃ
1118 4245 1165 4277 ⁵⁸
1222 4244 1284 4298 τὸ
1335 4244 1667 4316 ἁμάρτημα,
1727 4245 1829 4298 οὐκ

233 4337 427 4404 ὀξεῖαν
465 4339 560 4390 καὶ
588 4338 866 4407 ἀπότομον
894 4337 995 4407 τὴν
1033 4337 1217 4409 κρίσιν
1258 4337 1447 4410 φέρειν
1492 4336 1783 4406 ὀφείλομεν
1808 4350 1824 4366 ⁸

235 4428 579 4500 λυμαντικόν
600 4447 660 4482 τε
682 4432 791 4502 γὰρ
815 4429 977 4483 τοῦτο
999 4430 1101 4499 τῆς
1123 4429 1369 4500 ἐμφύτου
1400 4428 1536 4502 πρὸς
1563 4427 1827 4500 ἀλλήλους

238 4523 505 4596 στοργῆς,
536 4521 625 4577 διὰ
652 4521 754 4593 τὴν
787 4520 1208 4592 συνηρτημένην
1241 4519 1377 4592 ὕλην
1412 4520 1492 4591 τῷ
1529 4518 1698 4589 γένει,
1729 4519 1826 4572 καὶ

237 4617 326 4670 ὅτι
355 4613 619 4668 πεσοῦσιν
652 4613 808 4677 ἐλπὶς
847 4610 1188 4683 διορθώσεως
1215 4610 1571 4665 ὑπολείπεται
1619 4610 1686 4666 ⁸⁸.
1734 4609 1829 4663 Διὸ

237 4708 335 4762 καὶ
363 4707 434 4762 ἀν
460 4723 549 4770 τις
573 4706 674 4776 μὲν
702 4705 861 4778 λέγῃ,
891 4706 1015 4759 Οὐκ
1044 4702 1162 4773 ειμι
1190 4704 1321 4759 καθ’
1343 4702 1456 4757 ἕνα
1480 4702 1601 4755 τῶν
1621 4700 1828 4771 δαιμό-

237 4816 383 4865 νων,
412 4798 535 4871 [ΞΗ
575 4796 675 4870 Η.]
726 4797 961 4870 ἐπείπερ
1011 4795 1271 4868 ἀλήθειάν
1328 4809 1517 4865 φησιν,
1557 4792 1661 4848 οὐκ
1699 4792 1830 4847 ἀπό-

242 4892 475 4964 ϐλητοςο
526 4893 557 4945 6
603 4891 663 4945 δὲ
714 4890 858 4945 κατὰ
900 4889 994 4945 τὸν
1053 4891 1352 4959 Φαρισαῖον
1396 4888 1465 4920 δ”
1505 4886 1830 4951 ἀλαζονευό-

246 5001 406 5059 μενος
435 4986 535 5041 καὶ
552 4987 630 5049 ὡς
657 4986 687 5040 6
705 4984 945 5055 τελώνης
977 4981 1054 5054 μὴ
1084 4978 1223 5036 εἶναι
1264 4979 1623 5052 μεγαλαυχῶν
1663 4996 1830 5033 κατα.-

241 5080 489 5147 κρίνεται
514 5086 532 5107 δ
565 5077 693 5132 οὔτε
735 5076 844 5149 γὰρ
867 5076 1031 5138 αὐτὸς
1056 5076 1086 5127 6
1119 5075 1408 5144 ἱστάμενος
1452 5074 1501 5126 εί
1553 5071 1631 5144 μὴ
1672 5071 1829 5126 πέσοι

243 5173 427 5244 δῆλον,
470 5171 600 5226 οὔτε
642 5172 674 5224 6
725 5169 1035 5233 πεπτωκὼς
1076 5171 1128 5223 εί
1188 5169 1261 5241 μὴ
1318 5170 1598 5239 στήσεται.
1644 5164 1832 5232 Χωρὶς

244 5264 300 5320 δὶ
324 5266 441 5320 τῶν
480 5264 795 5337 εἰρημένων
826 5264 1049 5318 κάκεῖνο
1080 5260 1410 5333 θεωρητέον,
1437 5261 1517 5324 ώς
1549 5258 1741 5331 ἐπειδὴ
1769 5258 1833 5313 τὸ

250 5357 349 5427 μὲν
381 5355 664 5426 δαιμόνιον
695 5354 862 5425 φῦλον
894 5354 1292 5427 ἀμετανόητον,
1328 5354 1492 5424 ἡμεῖς
1527 5351 1585 5405 δὲ
1612 5352 1701 5405 διὰ
1734 5369 1831 5422 με-

248 5450 465 5516 τανοίας
491 5450 569 5524 τῷ
601 5449 937 5521 βαπτίσματι
970 5447 1261 5521 πρόσιμεν,
1296 5446 1366 5502 δι’
1384 5439 1461 5501 ὧν
1487 5448 1601 5509 τοῖς
1620 5445 1829 5516 ἀμετα-

1923 3243 2036 3298 Deo
2060 3242 2195 3297 inito
2220 3250 2401 3311 pacto,
2430 3239 2712 3310 legemque
2751 3238 2894 3292 hanc
2917 3237 3021 3292 sibi
3053 3234 3278 3305 propria
3311 3232 3509 3288 volun-

1923 3343 2035 3389 tate
2083 3332 2495 3388 corroboratam
2529 3345 2803 3398 nunquam
2848 3326 3355 3398 transgrediendum
3395 3334 3510 3380 sta-

1924 3433 2118 3482 tueret.
2165 3423 2278 3480 Has
2317 3424 2482 3496 igitur
2506 3424 2576 3479 ob
2606 3436 2800 3477 causas
2825 3420 3000 3474 solum
3027 3417 3303 3474 diabolum
3343 3426 3509 3485 atque

1922 3516 2215 3584 daemonia,
2255 3526 2521 3572 eteorum
2575 3530 2740 3585 opera
2785 3513 3042 3583 jubemur
3101 3510 3313 3582 fugere,
3346 3522 3508 3564 exse-

1922 3613 2088 3678 crari,
2141 3609 2421 3682 repellere,
2462 3624 2527 3664 ac
2548 3623 2647 3663 nos
2681 3622 2776 3676 per
2805 3606 2987 3661 omnia
3029 3604 3252 3667 liberos,
3288 3617 3356 3658 ne
3384 3615 3508 3657 cum

1924 3704 1993 3759 iis
2022 3705 2351 3768 sentiamus,
2381 3715 2733 3763 conservare,
2767 3699 3090 3769 proﬁtentes
3118 3707 3282 3766 atque
3318 3705 3512 3766 Optau-

1928 3808 2034 3862 tes,
2083 3805 2303 3867 propter
2330 3810 2517 3851 eorum
2555 3794 2623 3849 ad
2649 3793 2847 3847 malum
2881 3790 3270 3847 immutabilem
3294 3798 3349 3844 et
3373 3788 3514 3842 irre-

1924 3890 2228 3945 vocabilem
2283 3886 2720 3948 inclinationem,
2781 3893 2835 3939 et
2869 3884 2995 3953 quia
3052 3882 3247 3952 207D
3276 3880 3514 3951 peccatis

1926 3996 2035 4036 non
2078 3981 2366 4044 satiantur,
2415 3977 2636 4035 eosdem
2685 3991 2784 4030 nos
2824 3974 3046 4037 minime
3094 3973 3404 4026 admittere.
3450 3972 3511 4025 In

1928 4086 2030 4127 nos
2062 4080 2251 4126 mutuo
2281 4085 2431 4136 vero,
2461 4070 2577 4125 sive
2604 4068 2657 4122 in
2689 4066 2961 4121 hominem
2988 4064 3104 4119 sive
3133 4062 3186 4117 in
3218 4063 3386 4117 Deum
3417 4061 3514 4115 ad-

1928 4162 2154 4216 missum
2184 4172 2466 4229 peccatum
2502 4157 2593 4222 sit,
2623 4157 2853 4210 celerem
2917 4162 2975 4208 et
3028 4154 3314 4220 abruptam
3369 4149 3515 4204 ferre

1928 4254 2253 4310 sententiam
2289 4266 2398 4307 non
2436 4251 2699 4305 debemus
2729 4247 2983 4321 (noxium
3010 4246 3154 4301 enim
3176 4243 3303 4298 illud
3327 4243 3514 4300 innato

1930 4345 2087 4401 nobis
2121 4343 2293 4400 amori
2326 4351 2515 4398 mutuo
2571 4355 2693 4397 esse
2747 4340 3102 4409 solet),.tum
3140 4336 3282 4406 quod
3342 4348 3514 4405 genus

1936 4439 2253 4493 universum
2299 4449 2330 4489 a
2364 4433 2592 4490 materia
2634 4432 2960 4501 dependeat,
3005 4440 3117 4484 tum
3167 4428 3332 4485 etiam
3386 4427 3512 4497 quia

1938 4524 2103 4596 lapsis
2121 4540 2246 4594 spes
2276 4522 2645 4578 restitutionis
2672 4522 2849 4575 adhuc
2889 4520 3099 4589 reliqua
3123 4527 3229 4573 est.
3284 4517 3439 4573 Unde
3462 4515 3511 4570 si

1922 4618 2046 4687 quis
2071 4615 2313 4671 dixerit:
2348 4613 2527 4686 Egone
2571 4615 2653 4668 vel
2702 4629 2866 4667 unum
2906 4611 3205 4666 daemonem
3250 4608 3511 4662 imitando

1922 4723 2153 4778 sequor:
2185 4707 2231 4762 si
2263 4706 2485 4777 quidem
2508 4720 2698 4761 verum
2725 4704 2881 4768 dicit,
2920 4717 3024 4757 non
3052 4710 3138 4758 est
3155 4699 3506 4768 rejiciendus,

1924 4802 2037 4866 sin,
2070 4808 2133 4854 ut
2165 4798 2257 4855 ille
2288 4798 2622 4864 Pharisams,
2652 4811 2775 4853 sese
2819 4796 3060 4865 jactitet,
3108 4804 3166 4851 et
3213 4793 3512 4849 Publicano

1928 4907 2037 4948 non
2100 4905 2223 4947 esse
2274 4889 2506 4946 similem
2563 4889 2856 4960 superbius
2912 4887 3195 4959 glorietur,
3228 4886 3275 4942 is
3329 4885 3516 4955 utique

1930 4985 2221 5039 damnatur
2254 4990 2301 5037 ν.
2328 4981 2514 5051 Neque
2538 4980 2683 5036 enim
2712 4988 2949 5045 constat,
2988 4994 3055 5033 an
3084 4977 3177 5032 ille
3205 4976 3299 5046 qui
3333 4976 3519 5031 stabat

1926 5073 2039 5146 jam
2068 5087 2178 5128 non
2218 5072 2530 5128 deciderit:
2561 5085 2739 5140 neque
2802 5082 2984 5124 annon
3031 5068 3105 5124 sit
3142 5074 3522 5131 surrecturus,

1931 5169 2021 5239 qui
2051 5166 2344 5223 ceciderat.
2378 5164 2585 5220 Praeter
2624 5178 2686 5219 ea
2715 5177 2866 5229 vero,
2899 5174 3021 5232 qua:
3051 5159 3166 5229 jam
3197 5158 3341 5213 dicta
3364 5167 3521 5220 sunt,

1931 5261 2096 5315 etiam
2152 5256 2284 5311 illud
2343 5254 2826 5320 considerandum,
2885 5251 3144 5323 quoniam
3192 5247 3515 5321 paenitentia

1937 5350 2061 5405 duci
2116 5350 2389 5404 dzemoues
2419 5360 2528 5401 non
2587 5353 2846 5415 possunt;
2916 5359 3015 5401 nos
3046 5357 3175 5398 vero
3208 5355 3311 5412 pep
3338 5337 3515 5410 paeni-

1940 5443 2161 5498 tentiam
2184 5441 2251 5496 ad
2277 5440 2605 5511 baptismum
2640 5441 2974 5507 accedimus,
3014 5452 3081 5495 ex
3121 5451 3188 5494 eo
3212 5434 3361 5510 quod
3404 5434 3513 5490 im-

330 5598 353 5629 ι
382 5587 502 5645 Act.
525 5605 583 5654 τ,
606 5586 669 5643 ll
698 5602 851 5658 seqq.
928 5586 953 5621 ι
991 5584 1192 5657 Ephes.
1225 5601 1278 5641 tv
1299 5626 1315 5652 ,
1342 5584 1433 5640 26.
1495 5595 1524 5625 ιι
1554 5581 1710 5638 Matt.
1740 5596 1794 5646 ν,

1956 5587 1988 5619 τ
2023 5577 2153 5634 Luc.
2197 5590 2353 5642 xvut,
2385 5576 2419 5633 9
2443 5590 2596 5647 seqq.

1562 5717 1801 5774 VARIAS
1850 5714 2257 5772 LECTIONES.

332 5817 613 5896 ’θβρέχει1
641 5818 829 5877 Matth.
868 5836 918 5889 v,
957 5820 1043 5876 45.
1122 5818 1165 5851 ⁸¹
1198 5816 1413 5889 διαϐαίη
1448 5834 1533 5889 ς..
1581 5816 1624 5849 ⁸³
1658 5812 2011 5870 ἀπολείπεται
2045 5829 2106 5879 ς.
2180 5812 2247 5844 ⁸³⁵
2272 5810 2363 5867 τὸν
2403 5808 2566 5883 Φαρ.ἶ
2626 5808 2762 5868 Luc.
2805 5826 2960 5879 xvm,
2994 5809 3081 5866 ιι.

2157 5904 2219 5911 ...ιη
