3924 6392
561 360 668 427 8'27

1682 367 1967 430 ίΡΗΟΤΙῙ
2007 369 2139 430 PA'I

2240 370 2510 431 meum
2539 371 2651 434 CP.
3686 372 3775 461 εις

560 475 953 545 paenitentibus
1038 478 1432 548 renuntiamus,
1493 482 1870 552 paenitentiam
1935 484 2139 539 omnint

2256 484 2461 557 νοήτως
2491 484 2704 557 ἔχουσιν
2734 485 3158 561 ἀποτασσόμεθα
3178 528 3194 555 ,
3239 488 3340 563 τὴν
3373 491 3639 564 μενάνοιαν
3661 505 3767 559 πάν-

563 566 676 623 Deo
704 569 976 637 spondere
1010 585 1111 626 nos
1136 581 1381 642 apparet.
1436 571 1505 627 Et
1536 588 1664 628 vero
1692 575 1782 644 qui
1818 575 2153 630 daemonibus

559 656 635 711 ob
701 658 751 711 id
810 658 953 727 quod
1012 674 1117 714 non
1175 662 1541 729 resipiscam,
1605 664 1956 729 renuntiavit,
2013 679 2151 733 quo-

564 751 725 804 modo
762 752 807 807 is
866 769 971 808 non
1040 753 1455 825 impaenitendae
1512 758 1744 828 primum
1775 759 2153 813 renuntiavit?

557 842 665 909 Qui
704 844 865 899 etiam
922 847 1118 915 prioris
1175 864 1295 904 suae
1340 851 1593 920 nequitia:
1642 861 1804 920 atque
1855 851 2150 922 impietatis

564 935 774 989 veniam
826 938 980 1006 petit,
1034 942 1304 1009 quomodo
1348 942 1394 996 is
1436 942 1765 1006 hominibus,
1812 943 1904 1013 qui
1954 945 2147 1000 iisdem

558 1027 786 1082 obnoxii
826 1040 952 1084 sunt
986 1034 1350 1099 passionibus,
1405 1035 1650 1089 eamdem
1674 1050 1834 1104 quam
1880 1052 1979 1106 per
2036 1054 2149 1107 pte-

567 1115 854 1172 nitentiam
904 1131 1229 1177 consecutus
1276 1133 1361 1179 est
1399 1124 1851 1192 misericordiam,
1902 1128 2148 1185 sceluse—

562 1206 683 1261 rit?

638 1298 818 1369 Atque
852 1301 951 1357 ista
970 1303 1186 1372 quidem
1224 1304 1325 1360 hoc
1374 1307 1551 1375 capite
1581 1308 1890 1379 complexus
1923 1320 2027 1367 est.
2063 1311 2150 1366 in-

558 1396 646 1473 ter
680 1404 799 1459 quae
836 1390 962 1447 illud
987 1394 1148 1447 etiam
1187 1396 1262 1449 ait
1317 1413 1416 1450 nos
1450 1397 1503 1451 in
1548 1401 1946 1456 resurrectione
1978 1415 2146 1473 anger

557 1467 719 1533 ‘icam
751 1481 914 1535 vitam
948 1493 1184 1550 acturos,
1223 1502 1326 1541 non
1363 1488 1475 1557 jam
1537 1490 1770 1558 amplius
1820 1492 1888 1545 ad
1944 1493 2143 1546 malum

555 1570 725 1625 ullum
761 1589 981 1642 pronos,
1022 1577 1116 1631 sed
1171 1579 1221 1632 in
1269 1581 1537 1634 constanti
1578 1590 1721 1635 statu
1763 1584 2142 1651 confirmatos;

558 1682 667 1721 uno
705 1668 759 1722 id
792 1670 1005 1738 quidem
1038 1687 1102 1725 ex
1148 1688 1338 1729 natura
1369 1677 1667 1739 consecuti,
1703 1679 1796 1732 sed
1828 1688 1957 1735 utet
1983 1696 2147 1749 ange-

562 1760 742 1816 lorum
780 1766 933 1829 ordo,
980 1766 1177 1820 virtute
1199 1768 1370 1821 sancti
1406 1768 1661 1837 Spiritus.
1690 1770 1914 1834 Eadem,
1949 1773 2139 1842 inquit,

559 1856 769 1910 ratione
802 1860 963 1913 etiam
998 1860 1124 1914 illud
1174 1861 1305 1915 dicit
1341 1880 1355 1916 :
1393 1860 1498 1927 Qui
1542 1862 1719 1917 minor
1763 1872 1834 1917 est
1893 1865 1950 1919 in
1984 1882 2140 1933 regno

554 1954 828 2016 caelorum,
878 1954 1051 2023 major
1081 1963 1155 2008 est
1190 1954 1395 2008 Joanne
1439 1954 1681 2025 Baptista
1704 1969 1753 2023 ι,
1789 1959 1913 2026 quia
1937 1959 2143 2014 scilicet

555 2059 670 2115 pra:
696 2044 1021 2099 abundantia
1055 2047 1241 2115 gratim
1258 2046 1522 2114 spiritalis
1564 2050 1756 2102 mutari
1784 2048 2013 2117 amplius
2048 2065 2141 2104 ne-

556 2136 692 2206 quit.
724 2135 950 2202 Quando
981 2139 1121 2191 enim
1160 2139 1415 2207 majorem
1474 2137 1737 2194 Joannem
1796 2140 1935 2194 inter
1986 2149 2142 2197 natos

560 2230 841 2285 mulierum
867 2231 1173 2299 appellavit,
1196 2231 1283 2297 qui
1310 2229 1361 2283 in
1380 2230 1616 2299 Spiritus
1633 2228 1804 2285 saneti
1825 2231 1978 2286 donis
1993 2234 2135 2287 veri-

559 2330 645 2374 tas
672 2328 773 2385 est,
805 2318 1065 2373 Conditor
1098 2332 1160 2373 ac
1187 2318 1444 2371 Dominus
1476 2326 1688 2383 uoster,
1730 2333 1849 2372 cum
1889 2320 2047 2388 hujus
2080 2330 2135 2374 ct

556 2407 753 2462 futura:
776 2408 900 2462 vitae
929 2407 1286 2462 diﬂ'erentiam
1321 2408 1629 2462 ostenderet
1658 2423 1673 2461 :
1706 2408 1814 2464 Etsi
1853 2425 2016 2470 nunc.
2038 2410 2134 2472 ait,

554 2500 892 2570 spiritalibus
916 2499 1070 2553 donis
1102 2498 1273 2567 major
1295 2508 1379 2552 est
1410 2498 1736 2563 Przucnrsor,
1770 2508 1917 2554 tanta
1957 2510 2133 2556 tamen

550 2596 661 2653 erit
694 2597 746 2650 in
784 2594 960 2648 futura
992 2593 1100 2646 vita
1137 2592 1330 2646 harum
1367 2606 1545 2645 rerum
1583 2592 1632 2645 itt
1674 2591 1864 2645 melius
1897 2606 2138 2647 commu-

555 2689 709 2753 tatio,
734 2697 986 2756 tantaque
1013 2684 1247 2754 Spiritus
1271 2685 1447 2751 copia,
1473 2692 1531 2737 ut
1564 2684 1655 2752 qtti
1690 2683 1796 2738 illis
1834 2685 2012 2738 minor
2032 2693 2136 2753 est,

555 2779 815 2847 ampliora
845 2779 982 2833 dona
1001 2785 1392 2832 consecuturus
1407 2775 1497 2842 sit,
1519 2790 1679 2844 quam
1708 2773 1797 2845 qtii
1826 2775 1913 2830 hic
1935 2777 2136 2845 majora

554 2880 899 2940 acceperunt.
954 2868 1053 2935 Qui
1096 2868 1238 2921 enim
1271 2868 1358 2922 hic
1392 2867 1642 2937 degebat,
1689 2868 1899 2922 etiamsi
1970 2867 2139 2935 majus

551 2963 681 3033 quid
698 2970 841 3016 esset
863 2970 1208 3023 consecutus,
1227 2959 1465 3012 nondum
1492 2969 1669 3013 tamen
1690 2959 1919 3014 habebat
1942 2961 2136 3013 immu-

555 3054 897 3120 tabilitatem;
923 3053 1013 3123 qui
1049 3066 1176 3105 vero
1203 3052 1253 3105 in
1272 3052 1533 3105 caelorum
1559 3066 1732 3123 regno
1761 3051 1956 3113 minor,
1991 3051 2136 3119 quis-

553 3146 675 3217 quis
703 3145 920 3201 tandem
958 3145 1047 3199 ille
1081 3143 1276 3207 fuerit,
1312 3145 1454 3211 quod
1486 3141 1606 3195 tulit
1639 3143 1866 3205 bonum,
1898 3143 1948 3196 id
1975 3141 2133 3196 simul
2160 3172 2204 3235 C

556 3236 749 3291 stabile
765 3243 818 3290 et
839 3250 1111 3304 nunquam
1133 3234 1478 3288 adimendum
1503 3232 1643 3299 tulit,
1673 3230 1801 3287 nttlli
1823 3230 2136 3287 mutationis

553 3328 855 3385 inﬁrmitati
886 3326 1171 3382 obnoxius.

626 3506 823 3579 208a
844 3506 1047 3573 Quinto
1064 3517 1118 3561 et
1135 3508 1547 3579 quadragesimo
1570 3510 1745 3580 capite
1774 3512 1826 3568 in
1846 3528 1965 3569 eam
1993 3516 2138 3573 venit

553 3602 942 3672 quaestionem:
977 3598 1255 3666 Quomodo
1295 3601 1369 3656 illi
1408 3601 1551 3668 duo,
1592 3604 1681 3673 qui
1701 3605 1857 3674 primi
1892 3606 1945 3661 in
1983 3617 2136 3663 utro—

552 3708 660 3763 que
686 3690 996 3763 [rationalis
1021 3690 1307 3764 creatum]
1337 3707 1535 3763 genere
1564 3689 1763 3749 conditi
1803 3694 1975 3761 fuere,
2020 3699 2137 3751 dia-

552 3781 708 3836 bolus
751 3781 1015 3842 etAdam,
1053 3780 1235 3834 statim
1289 3796 1317 3833 a
1360 3781 1635 3837 creatione
1685 3785 2039 3842 ceciderunt?
2071 3787 2138 3843 Et

549 3872 817 3926 Adamutn
855 3872 1070 3940 quidem
1122 3871 1362 3926 omnium
1391 3872 1471 3926 sui
1509 3875 1724 3941 generis
1755 3875 1986 3944 primum
2018 3894 2138 3936 esse

550 3963 852 4027 conditum,
905 3962 1103 4017 nemini
1157 3962 1397 4018 dubium.
1439 3962 1593 4029 Quod
1636 3974 1763 4021 vero
1800 3976 1854 4021 et
1896 3969 2139 4028 diabolus

557 4069 813 4127 tanquam
849 4056 956 4108 dux
990 4055 1383 4123 antesignanus
1414 4054 1690 4117 ceciderit.
1729 4059 1867 4127 apud
1900 4058 2019 4127 Job,
2055 4062 2138 4116 in-

549 4148 692 4218 quit,
724 4144 962 4218 [legitur]
996 4145 1111 4199 Hoc
1140 4154 1214 4197 est
1240 4144 1556 4213 principium
1578 4147 1858 4201 creationis
1898 4147 2135 4219 Domini,

550 4240 769 4309 factum,
808 4248 861 4290 ut
889 4236 1197 4289 illuderetur
1228 4239 1291 4288 ab
1313 4237 1509 4306 angelis
1534 4238 1646 4307 ejus
1666 4246 1717 4293 1.
1744 4240 1810 4293 Et
1830 4240 2088 4306 prOpheta
2117 4260 2132 4296 ε

552 4331 825 4396 Quomodo
854 4329 1039 4383 cecidit
1065 4328 1294 4394 Lucifer,
1322 4330 1579 4399 quimane
1604 4333 1896 4386 oriebaturz
1919 4333 1943 4386 ’ί
1973 4332 2133 4389 Luci-

550 4419 632 4475 fer
658 4420 819 4484 enim,
853 4433 975 4473 cum
1014 4428 1157 4472 motu
1189 4419 1419 4487 quodam
1451 4435 1549 4475 suo
1563 4421 1914 4490 propinquior
1938 4422 2007 4475 sit
2032 4437 2138 4476 cte-

2169 1830 2216 1890 B

2251 592 2360 639 τως
2394 577 2513 648 Θεῷ
2555 577 3050 650 καθομολογοῦντες
3103 581 3453 654 δεικνύμεθα.
3503 587 3603 642 Καὶ
3631 594 3655 645 6
3682 600 3768 662 τοῖς

2252 667 2556 738 δαιμονίοις
2583 668 2671 723 διὰ
2698 670 2761 723 τὸ
2797 671 2948 740 σφῶν
3000 673 3340 743 ἀμετάθετον
3378 675 3769 753 ἀποτασσόμενος

2253 761 2371 824 πῶς
2403 762 2524 832 οὐχὶ
2548 761 2624 833 τῷ
2664 763 2982 834 ἀμεταθέτῳ
3009 766 3227 836 πρῶτος
3265 767 3427 832 αὐτὸς
3475 770 3769 847 ἀπετάξατος

2251 853 2363 906 Καὶ
2391 852 2420 905 ό
2449 854 2550 924 τῆς
2591 856 2867 926 προτέρας
2899 855 3067 910 αὐτοῦ
3113 860 3382 929 πονηρίας
3432 860 3526 914 καὶ
3564 862 3771 934 ἀσεϐείας

2253 944 2583 1016 συγγνώμην
2612 945 2780 1000 αἰτῶν
2820 947 2937 1010 πῶς
2966 945 3034 1002 ἂν
3060 950 3175 1012 τοῖς
3197 950 3579 1019 όμοιοπαθέσιν
3602 955 3773 1027 ἀνθρώ.

2249 1050 2394 1099 ποις,
2447 1035 2508 1088 ὃν
2552 1035 2686 1089 αὐτὸ
2731 1034 2819 1090 διὰ
2868 1037 3157 1107 μετανοίας
3216 1038 3399 1109 ἔσχεν,
3451 1038 3773 1099 ἀποκλείσειεν

2246 1124 2398 1179 ἔλεον
2420 1142 2435 1193 ;

2318 1302 2485 1358 Ἀλλὰ
2530 1302 2701 1360 ταῦτα
2744 1305 2844 1376 μὲν
2881 1306 2977 1361 καὶ
3007 1307 3065 1360 ὲν
3091 1306 3169 1379 τῷ
3220 1308 3451 1380 παρόντι
3492 1310 3742 1383 κεφαλαίῳ
3762 1331 3774 1346 ο

2238 1394 2305 1448 ’ἐν
2342 1390 2425 1458 οἷς
2461 1395 2556 1448 καί
2581 1413 2745 1466 φησιν
2769 1397 2846 1460 ὡς
2872 1399 2929 1451 ἐν
2961 1400 3026 1469 τῇ
3054 1400 3350 1453 ἀναστάσει
3392 1399 3484 1453 τὸν
3533 1400 3777 1469 ἀγγελικδν

2248 1486 2561 1557 βιωσόμεθα
2592 1486 2727 1556 βίον,
2777 1488 2976 1558 μηκέτι
3018 1489 3155 1561 πρός
3193 1507 3246 1541 τι
3290 1489 3399 1542 τῶν
3453 1488 3662 1557 φαύλων
3705 1493 3778 1546 ὲκ,

2244 1580 2537 1645 κλίνοντες,
2561 1581 2676 1634 ἀλλ’
2703 1582 2761 1635 ἐν
2787 1583 2864 1653 τῷ
2896 1584 3151 1655 ἀτρέπτῳ
3180 1585 3581 1658 στηριζόμενοι,
3608 1588 3661 1640 ού
3697 1588 3777 1658 φύ-

2246 1687 2326 1723 σει
2350 1670 2506 1725 τοῦτο
2533 1672 2888 1743 κτησάμενοι,
2927 1678 2991 1745 τῇ
3022 1675 3077 1728 δὲ
3105 1676 3199 1728 τοῦ
3228 1677 3547 1745 Πνεύματος
3568 1677 3777 1749 δυνάμει,

2244 1761 2433 1833 ὥσπερ
2475 1763 2568 1817 καὶ
2603 1764 2734 1817 αὐτὸ
2782 1764 2842 1817 τὸ
2879 1765 2986 1819 τῶν
3016 1767 3266 1834 ἀγγέλων
3302 1768 3578 1838 σύστημα.
3627 1770 3776 1843 Ταύτῃ

2242 1851 2325 1904 τοί
2354 1868 2486 1922 φησι
2538 1854 2631 1907 καὶ
2680 1853 2762 1919 τὸ,
2834 1854 2889 1907 ’0
2925 1857 3272 1925 μικρότερος
3311 1858 3380 1911 ἐν
3409 1857 3487 1927 τῇ
3529 1859 3780 1927 ,βασιλείᾳ

2243 1944 2361 1998 τῶν
2417 1946 2691 2014 οὐρανῶν
2732 1945 2946 2017 μείζων
2991 1948 3163 2003 ἐστίν
3208 1950 3503 2016 Ἰωάννου,
3547 1950 3663 2022 [660
3706 1954 3779 2026 8.]

2242 2036 2487 2089 τουτέστι
2518 2040 2584 2107 τῇ
2614 2036 2751 2105 πρὸς
2791 2037 2854 2091 τὸ
2904 2037 3174 2109 ἄτρεπτον
3211 2039 3459 2112 δαψιλείᾳ
3511 2040 3603 2094 τοῦ
3646 2043 3779 2095 livet!»

2246 2140 2431 2192 ματος.
2478 2125 2695 2194 Ἐπειδὴ
2728 2125 2836 2197 γὰρ
2892 2127 3118 2197 μείζονα
3166 2129 3255 2181 τὸν
3300 2130 3559 2200 Ἰωάννην
3591 2133 3645 2184 ἐν
3683 2149 3780 2200 γενς

2241 2217 2422 2283 νητοίς
2448 2218 2722 2284 γυναικῶν
2749 2216 2854 2289 [ἐν]
2882 2220 2996 2281 τοῖς
3021 2219 3113 2274 τοῦ
3136 2220 3451 2290 Πνεύματος
3476 2221 3536 2293 [ἡ
3566 2222 3778 2295 ἀλήθεια]

2241 2305 2576 2375 χαρίσμασιν
2595 2309 2622 2360 ὁ
2651 2309 2827 2371 κοινὸς
2844 2311 3186 2382 Δημιουργὸς
3207 2313 3298 2365 καὶ
3322 2314 3597 2385 Δεσπότης
3618 2314 3778 2386 ἔφησε,

2238 2394 2453 2459 δεικνὺς
2485 2396 2545 2449 τὸ
2594 2397 2850 2469 διάφορον
2896 2400 2996 2469 τῆς
3030 2401 3333 2472 μελλούσης
3366 2404 3509 2473 πρὸς
3539 2404 3633 2473 τὴν
3661 2423 3779 2475 παρ⁹

2238 2486 2405 2540 οὖσαν
2437 2486 2580 2559 ζωὴν
2618 2491 3007 2555 καταστάσεως
3036 2494 3201 2562 φησὶν
3223 2494 3318 2558 ὡς,
3347 2497 3397 2548 εί
3440 2496 3538 2549 καὶ
3570 2495 3656 2548 νῦν
3691 2501 3782 2560 τοῖς

2238 2582 2630 2650 πνευματικοῖς
2659 2582 2961 2652 χαρίσμασι
3001 2584 3202 2653 μείζων
3239 2586 3385 2639 ἐστὶν
3416 2589 3445 2639 6
3474 2587 3779 2658 Πρόδρομος,

2238 2669 2355 2723 ἀλλ’
2384 2669 2477 2723 οὖν
2509 2671 2741 2743 τοσαύτη
2777 2691 2862 2737 τις
2896 2674 3049 2728 ἔσται
3080 2676 3219 2728 κατὰ
3263 2678 3322 2729 τὸ
3375 2677 3570 2746 μέλλον
3622 2682 3651 2749 ἡ
3694 2679 3783 2731 τῶν

2238 2765 2524 2834 παρόντων
2558 2765 2827 2836 μεταϐολὴ
2859 2768 2996 2838 πρὸς
3024 2768 3084 2821 τὸ
3115 2769 3335 2838 ἄμεινον
3370 2770 3466 2822 καὶ
3500 2772 3533 2839 ἠ
3564 2770 3781 2839 δαψίλεια

2236 2854 2331 2908 τοῦ
2374 2855 2709 2925 Πνεύματος,
2743 2857 2818 2921 ὡς
2850 2860 2943 2911 καὶ
2974 2859 3064 2912 τὸν
3103 2860 3279 2913 ἐκεῖσε
3340 2861 3662 2931 μικρότερον
3693 2862 3784 2915 τῶν

2237 2944 2472 2997 ἐνταῦθα
2511 2945 2572 2998 τὸ
2615 2946 2800 3016 μεῖζον
2837 2948 3070 3017 ἐχόντων
3100 2949 3683 3020 μεγαλοπρεπεστέρας
3708 2968 3783 3003 τυ-

2236 3036 2351 3105 χεῖν
2382 3035 2611 3108 δωρεᾶς.
2645 3038 2758 3090 Καὶ
2781 3039 2892 3108 γὰρ
2921 3042 2949 3092 6
2986 3040 3082 3109 μὲν
3112 3039 3367 3105 ἐνταῦθα,
3402 3041 3509 3096 κᾶν
3529 3041 3590 3095 τὸ
3627 3042 3786 3113 μεῖζον

2236 3123 2401 3198 εἶχεν,
2448 3128 2549 3181 οὐκ
2598 3123 2711 3200 εἶχε
2755 3130 2815 3183 τὸ
2836 3132 3105 3200 ἄτρεπτον
3134 3147 3151 3162 ⁸
3186 3134 3214 3185 ὁ
3247 3133 3302 3185 δὲ
3344 3134 3405 3187 ὲν
3449 3136 3521 3204 τῇ
3567 3133 3787 3204 βασιλείᾳ

2234 3218 2344 3270 τῶν
2396 3219 2642 3288 οὐρανῶν
2698 3221 3041 3291 μικρότερος,
3092 3223 3240 3284 ὅστις
3281 3220 3401 3274 ποτ’
3447 3222 3522 3275 ἂν
3564 3218 3620 3294 ᾖ,
3669 3222 3789 3291 ὅπερ

2234 3308 2302 3363 ἂν
2343 3309 2536 3381 ἔφερεν
2563 3309 2787 3378 ἀγαθὸν,
2819 3312 3186 3380 ἀναφαίρετον
3228 3313 3652 3382 συνεπεφέρετο,
3699 3329 3787 3382 μη-

2234 3400 2421 3470 δαμῶς
2440 3400 2722 3473 άρῤωστίᾳ
2738 3405 2947 3473 τροπῆς
2978 3402 3349 3473 ὑποκείμενος.

2319 3494 2408 3549 Ἑν
2435 3495 2493 3548 δὲ
2521 3495 2598 3565 τῷ
2624 3501 2704 3564 με’
2732 3495 3010 3566 κεφαλαίῳ
3040 3497 3120 3556 είς
3158 3496 3405 3561 ἐξέτασιν
3434 3497 3563 3566 ἄγει
3604 3497 3714 3559 sui»;
3746 3496 3787 3549 οί

2234 3585 2328 3639 δύο
2369 3587 2429 3640 ὲν
2451 3587 2695 3658 ἑκατέρῳ
2726 3587 2873 3656 γένει
2929 3587 3367 3658 πρωτόπλαστοι,
3401 3590 3431 3643 ὅ
3460 3606 3526 3643 τε
3569 3588 3791 3649 διάϐολος

2237 3677 2332 3731 καὶ
2357 3678 2385 3731 6
2414 3678 2606 3745 Ἀδὰμ,
2649 3679 2853 3741 εὐθέως
2876 3677 3192 3743 κτισθέντες
3220 3678 3504 3744 ἐξέπεσον.
3545 3680 3685 3732 Ἀλλ’
3722 3680 3790 3732 ὃτι

2242 3770 2342 3840 μὲν
2385 3771 2414 3823 ὁ
2465 3770 2640 3839 ’Δδὰμ
2670 3769 2778 3823 τῶν
2817 3772 2875 3823 εν
2894 3770 2973 3840 τῷ
3003 3770 3151 3839 αύτῷ
3181 3770 3309 3823 εῖδει
3360 3769 3792 3841 πρωτόπλαστος,

2237 3861 2396 3931 δῆλον
2427 3877 2443 3893 ο
2483 3861 2565 3915 ὅτι
2615 3861 2672 3914 δὲ
2718 3861 2811 3914 καὶ
2856 3861 2887 3913 6
2919 3861 3185 3926 διάϐολος,
3213 3863 3272 3916 ὲν
3314 3861 3572 3934 τῷξΊὼϐ
3625 3877 3791 3931 φησιν,

2240 3953 2429 4024 ὥσπερ
2464 3955 2493 4007 6
2532 3955 2837 4025 στρατηγὸς
2869 3955 3264 4026 πρωτοστάτης
3294 3955 3627 4018 πεπτωκὼς,
3675 3951 3793 4008 τοῦ·

2238 4047 2307 4101 τό
2367 4047 2541 4101 ἐστιν
2590 4046 2748 4116 ἀρχὴ
2794 4049 3015 4115 Κυρίου
3070 4046 3426 4117 πλάσματος
3488 4047 3793 4115 πεποιημέ-

2237 4158 2349 4195 νον
2366 4143 2454 4207 εἰς
2480 4141 2545 4195 τὸ
2586 4142 3046 4203 καταπαίζεσθαι
3078 4143 3199 4197 ὑπὸ
3232 4142 3352 4197 τῶν
3390 4142 3670 4213 ἀγγέλων
3708 4142 3797 4195 ait-

2236 4231 2366 4286 τοῦ.
2423 4233 2532 4285 Καὶ
2559 4233 2587 4285 6
2622 4233 2935 4303 προφήτης,
2966 4232 3101 4300 Πῶς
3138 4233 3360 4288 ἔπεσεν
3409 4238 3443 4289 ὁ
3480 4236 3792 4304 ἑωσφόρος.

2238 4327 2271 4380 ὀ
2316 4325 2469 4393 πρωῒ
2531 4326 2922 4390 ἁνατέλλωνς
2978 4326 3039 4380 Ὀ
3092 4327 3199 4398 γὰρ
3249 4329 3552 4400 ἑωσφόρος,
3600 4330 3693 4382 az:
3740 4327 3795 4397 δὴ

2237 4416 2555 4486 πλησιάζων
2606 4417 2748 4471 κατά
2784 4435 2904 4471 τινα
2948 4419 3176 4488 πορείαν
3224 4419 3426 4488 μᾶλλον
3478 4420 3596 4473 τῶν
3638 4419 3797 4473 ἄλλων

549 4510 684 4565 teris
713 4509 911 4575 stellis,
960 4509 1165 4577 primus
1191 4519 1275 4564 est
1294 4525 1503 4564 aurorae
1528 4511 1765 4565 nuntius.
1813 4508 1967 4577 Quod
2007 4528 2129 4581 pro-

2240 4508 2500 4578 ἁστέρων,
2533 4508 2748 4579 πρῶτός
2779 4510 2930 4563 ἐστιν
2977 4510 3131 4579 ἡλίου
3179 4510 3400 4580 κῆρυξ·
3447 4511 3477 4564 ὃ
3525 4511 3794 4577 ἀναλόγως

549 4604 796 4673 portione
817 4603 1049 4672 quadam
1079 4602 1205 4657 olim
1237 4602 1289 4656 in
1314 4604 1605 4667 diabolum,
1640 4616 1885 4674 respectu
1910 4608 2130 4677 spirita-

2240 4600 2378 4671 ἔχειν
2418 4598 2548 4653 ποτὲ
2575 4600 2667 4652 τὸν
2698 4599 2943 4654 διάϐολον
2974 4601 3349 4671 αἰνιττόμενον
3381 4601 3441 4655 τὸ
3464 4600 3650 4669 λόγιον
3677 4600 3796 4670 πρὸς

551 4694 618 4748 lis
667 4692 1073 4761 jnstitiae’Solis
1132 4694 1471 4759 convenisse,
1503 4696 1783 4750 obscurius
1849 4697 2127 4767 Scriptura

2240 4691 2325 4744 τὸν
2354 4690 2541 4761 νοητὸν
2571 4692 2670 4760 τῆς
2702 4687 3053 4761 δικαιοσύνης
3086 4692 3240 4763 ἥλιόν
3281 4710 3469 4762 φησιν.
3507 4693 3653 4748 Ἀλλ’
3676 4693 3795 4760 ὅπερ

552 4786 771 4842 indicat.
810 4785 916 4841 Sed
947 4786 1085 4855 quod
1116 4786 1225 4856 jam
1263 4786 1482 4853 agitur:
1518 4787 1653 4852 Etsi,
1688 4788 1878 4857 inquit,
1906 4790 2130 4849 minime

2240 4782 2540 4852 πρόκειται,
2572 4782 2622 4835 εί
2667 4782 2757 4835 καὶ
2782 4782 3043 4854 λυπηρὸν,
3074 4785 3208 4854 φησὶ
3231 4826 3246 4849 ,
3278 4784 3340 4837 τὸ
3371 4785 3643 4855 ἑκατέρας
3696 4781 3800 4835 κτί-

549 4878 842 4949 jucundum
860 4887 1123 4933 creatura:
1152 4878 1449 4947 utriusque,
1473 4890 1578 4934 tam
1608 4880 1951 4949 intelligibilis
1968 4899 2129 4954 quam

2240 4889 2397 4936 σεως,
2429 4873 2528 4942 τῆς
2553 4889 2614 4925 τε
2638 4872 2835 4942 νοητῆς
2862 4874 3076 4942 καὶτῆς
3104 4873 3444 4944 μετεχούσης
3468 4874 3588 4928 τῶν
3626 4872 3800 4941 αἰσθήο⁸

550 4983 673 5037 qna:
701 4982 954 5023 sensuum
1006 4964 1269 5036 particeps
1295 4981 1402 5031 est,
1438 4970 1821 5040 primogenitos
1851 4974 1903 5028 in
1937 4973 2128 5030 interi-

2240 4979 2390 5023 σεων.
2424 4964 2553 5026 τοὺς
2591 4966 2961 5033 πρωτογενεῖς
2989 4963 3070 5027 είς
3102 4964 3318 5018 ὄλισθον
3362 4966 3649 5029 ἐκπεσεῖν,
3699 4964 3800 5016 ἀλλ’

555 5071 666 5116 tum
706 5062 918 5115 ruisse:
951 5062 1180 5129 posteris
1213 5071 1388 5114 tamen
1415 5062 1666 5117 omnibus
1707 5063 1917 5118 illorum
1953 5065 2133 5136 lapsus

2240 5049 2322 5109 >ὗν
2372 5055 2485 5116 τοῖς
2522 5053 2650 5122 ἑξῆς
2694 5053 2904 5107 ἅπασαι
2932 5053 2994 5106 τὸ
3021 5053 3247 5109 ἐκείνων
3277 5055 3479 5125 πτῶμα
3536 5055 3673 5126 [542
3718 5052 3801 5123 Η.]

554 5150 611 5206 in
651 5152 1011 5206 communiter
1041 5150 1173 5206 utile
1199 5151 1478 5221 exemplar
1495 5152 1831 5221 proponitur,
1857 5155 2122 5222 praeconis

2240 5146 2556 5216 κοινωφελὲς
2586 5145 2942 5216 παράδειγμα
2994 5147 3304 5217 πρόκειται,
3351 5149 3606 5220 κήρυκος
3661 5147 3804 5213 δίκην

556 5257 708 5302 more
758 5242 1090 5307 exclamans,
1120 5257 1369 5312 magnum
1399 5252 1459 5297 ut
1491 5243 1875 5301 incolumitatis
1903 5261 2014 5302 sua:
2036 5262 2145 5303 (ιιι-ν

558 5350 672 5390 ram
695 5347 906 5407 gerant.
940 5351 1007 5391 ne
1039 5346 1131 5391 aut
1153 5350 1274 5391 cum
1303 5335 1421 5390 istis
1442 5335 1494 5392 in
1522 5336 1707 5391 eadem
1727 5337 1964 5393 incidant
1987 5339 2125 5395 mala

555 5436 650 5482 aut
678 5427 862 5481 talium
887 5436 1034 5483 certe
1055 5441 1234 5481 rerum
1259 5441 1445 5481 amore
1472 5435 1779 5493 teneantur,
1798 5441 1895 5498 per
1921 5444 2059 5497 quas
2075 5429 2127 5483 in

558 5520 851 5589 perniciem
882 5520 1079 5591 aliquis
1112 5528 1235 5574 ruat
1268 5538 1281 5574 :
1315 5520 1407 5574 sed
1439 5518 1584 5573 omni
1611 5518 1769 5574 modo
1801 5520 2053 5600 omnique
2077 5521 2128 5577 vi

559 5608 999 5673 inobedientlam,
1018 5611 1265 5681 quodque
1294 5626 1387 5679 per
1414 5610 1555 5666 illam
1575 5608 1927 5665 committitur
1943 5625 2133 5680 pecca-

560 5709 673 5755 tunt
697 5710 1046 5757 exsecrentur
1065 5720 1078 5756 :
1096 5700 1307 5772 quando
1326 5716 1438 5772 ipsa
1456 5716 1668 5774 quoque
1683 5699 1972 5756 creationis
1990 5702 2129 5756 velut

631 5820 659 5849 ι
688 5810 870 5868 Matth.
899 5829 957 5878 tt,
991 5814 1043 5869 2.
1123 5823 1149 5863 .'
1175 5813 1291 5873 Job.
1322 5832 1385 5870 x1.
1433 5813 1515 5881 l-i,
1540 5829 1642 5867 sec.
1673 5809 1835 5866 LXX.

2234 5236 2552 5308 ἁναφωνοῦν
2599 5236 2804 5307 πολλῆς
2858 5237 3162 5307 ἀσφαλείας
3215 5238 3363 5309 ἔχειν
3397 5239 3686 5312 πρόνοιαν,
3736 5237 3803 5308 μὴ

2233 5334 2348 5397 τοῖς
2377 5333 2558 5397 αὐτοῖς
2589 5335 2936 5404 περιπεσεῖν,
2975 5334 3110 5406 μηδὲ
3143 5335 3393 5405 στέργειν
3419 5335 3483 5387 δι’
3516 5327 3598 5387 ὧν
3626 5334 3693 5387 άν
3733 5345 3807 5391 τις

2235 5424 2591 5495 όλισθήσειεν,
2646 5423 2782 5478 ἀλλὰ
2829 5427 2993 5479 παντὶ
3039 5425 3227 5497 τρόπῳ
3259 5427 3354 5480 καὶ
3382 5426 3537 5495 πάσῃ
3586 5423 3807 5491 δυνάμει

2235 5516 2336 5586 τὴν
2365 5516 2650 5589 παρακοὴν
2683 5516 2779 5571 καὶ
2810 5517 2911 5587 τὴν
2950 5516 3020 5572 δι’
3058 5518 3234 5587 αὐτῆς
3275 5516 3558 5588 ἁμαρτίαν
3600 5514 3809 5587 βδελύτ-

2237 5606 2444 5675 τεσθαι,
2490 5606 2544 5660 εἴ
2585 5625 2648 5676 γε
2689 5607 2785 5661 καὶ
2814 5607 2953 5662 αὐτὰ
2977 5610 3077 5679 τῆς
3108 5608 3488 5678 ,δημιουργίας
3534 5608 3609 5662 τά
3655 5604 3807 5659 οἱονεὶ

2241 5698 2418 5771 βάθρα
2473 5698 2569 5753 καί⁹
2614 5698 2840 5770 θεμέλια
2874 5698 2948 5771 μὴ
2985 5700 3084 5771 τῆς
3110 5697 3338 5771 δεούσης
3371 5697 3603 5763 ἑαυτοὺς
3647 5693 3806 5765 ἀξιώ-

1910 5822 1930 5849 ῖ
1957 5812 2058 5868 lsa.
2098 5829 2210 5881 xu,
2247 5814 2328 5868 l2.
