4014 6458
270 420 382 487 829

272 548 469 596 σαντες
495 531 772 604 προσοχῆς
808 533 903 589 ἐπὶ
934 534 1186 592 τοσοῦτον
1220 535 1269 571 ⁸³
1287 552 1304 573 ο
1325 538 1374 573 ⁸⁸
1392 539 1722 614 ὡλὶσθησαν.
1745 546 1845 597 Δια

266 622 434 677 τοῦτο
462 621 573 693 γάρ
595 624 692 678 καὶ
711 623 744 676 ὁ
768 626 933 694 σοφὸς
965 626 1123 698 ἡμῶν
1149 628 1396 701 πλάστης
1414 633 1510 687 καὶ
1537 634 1846 706 «possm-th;

269 715 411 782 πρὸς
459 717 839 790 σωφρονισμὸν
868 719 980 773 τῶν
1017 720 1157 791 μετὰ
1202 723 1375 777 ταῦτα
1430 725 1650 779 πάντων
1703 742 1846 796 παρ-

265 809 472 862 αυτίκα
489 810 584 863 καὶ
605 810 713 883 πρὸ
736 808 932 882 καιροῦ
948 813 1147 883 τρόπον
1169 815 1290 868 τινὰ
1312 816 1557 887 ἐκατέρῳ
1580 818 1847 890 προσάγει

262 899 371 970 τὴν
402 900 643 966 κόλασιν,
679 902 772 956 τὸν
804 903 904 974 μὲν
931 903 1011 975 τῷ
1044 903 1223 977 θνητῴ
1253 907 1647 975 καταδικάσας,
1680 909 1758 980 τῷ
1788 910 1845 963 δὲ

262 988 373 1060 τὴν
402 988 586 1063 χώραν
613 992 856 1063 ἀμείψας
892 996 988 1049 καὶ
1021 996 1144 1049 ἀντὶ
1163 996 1265 1066 τῆς
1295 998 1408 1052 ἄνω
1434 1000 1527 1052 καὶ
1567 1000 1849 1072 μακαρίας

261 1080 556 1153 διατριϐῆς
605 1083 667 1137 τὸ
722 1085 912 1148 σκότος
970 1087 1217 1152 ἀντιδοὺς
1260 1091 1357 1143 καὶ⁵
1402 1089 1496 1143 τὸν
1548 1091 1844 1163 τάρταρον,

263 1172 520 1245 ἐκατέρῳ
566 1175 731 1228 πάθει
765 1177 1103 1247 κατάλληλον
1141 1179 1380 1250 κεράσας
1427 1181 1491 1234 τὸ
1530 1182 1844 1251 φάρμακον.

278 1263 339 1317 '0
376 1266 476 1335 μὲν
508 1265 619 1337 γάρ
648 1265 823 1337 Ἀδάμ
859 1268 992 1330 Θεὸς
1038 1268 1259 1324 ἔσεσθαι
1303 1269 1534 1340 νομίσας
1581 1273 1674 1324 καὶ
1720 1272 1849 1335 τοὺς

264 1354 586 1425 ὀφθαλμοὺς
615 1358 802 1428 φέρειν
838 1358 1222 1429 ἀνεῳγμένους
1257 1361 1351 1414 καὶ
1380 1360 1583 1429 γνῶσιν
1620 1360 1851 1430 πλουτῆ-

270 1462 364 1500 σαι
406 1446 452 1478 ⁵⁷
502 1446 599 1500 τοῦ
646 1446 816 1501 καλοῦ
855 1466 914 1502 τε
958 1448 1183 1503 καὶτοῦ
1234 1450 1497 1522 πονηροῦ,
1550 1451 1743 1520 θνητός
1787 1469 1848 1505 τε

266 1536 488 1609 ἐδείχθη
512 1538 608 1591 καὶ
626 1539 965 1611 πολυπαθὴς,
989 1541 1084 1593 καὶ
1107 1542 1303 1612 μικροῦ
1318 1541 1735 1611 τυφλώττουσαν
1754 1544 1849 1597 καὶ

265 1630 650 1695 παντοδαπῶς
692 1631 917 1699 ἀγνοίας
948 1633 1153 1704 μεστὴν
1186 1637 1349 1704 φύσιν
1377 1635 1645 1706 ἠνέγκατο
1676 1651 1690 1666 ⁶
1714 1639 1742 1690 ό
1792 1636 1849 1690 δὲ

263 1721 361 1772 τὸν
409 1722 456 1752 ⁸⁸
512 1720 702 1792 θρόνον
748 1724 829 1787 είς
871 1725 965 1776 τὸν
1001 1725 1232 1796 οὐρανὸν
1262 1728 1329 1797 τῇ
1362 1727 1638 1799 φαντασίᾳ
1679 1727 1850 1792 τιθεὶς

1276 427 1803 496 BIBLIOTHECA.
1842 458 1913 470 -
1949 433 2114 497 COD.
2130 432 2443 496 CCXXIII.

3429 432 3537 500 830

1948 540 2295 599 fundamenta
2324 556 2390 597 ac
2415 541 2595 607 bases,
2620 539 2746 597 dum
2785 550 3048 610 quantum
3075 549 3389 612 oportuerat
3430 543 3536 601 sibi

1946 649 2053 690 non
2075 634 2377 700 attendunt,
2411 643 2518 687 tam
2542 633 2773 702 turpiter
2801 632 2964 703 lapsa;
2987 643 3133 689 sunt.
3172 634 3309 688 Nam
3333 642 3387 688 et
3403 647 3531 702 pro-

1948 734 2133 797 pterea
2156 726 2375 796 sapiens
2401 726 2680 781 hominum
2708 725 2974 781 formator
3010 736 3179 795 atque
3214 735 3436 780 curator
3462 727 3530 781 ad

1950 817 2114 871 totius
2148 815 2925 885 posteritatisemendationem
2956 817 3161 877 statim,
3183 826 3237 870 et
3267 816 3532 885 quodam-

1950 910 2108 966 modo
2149 920 2277 964 ante
2314 919 2524 980 tempus
2555 909 2771 978 utrique
2800 922 3014 978 pmnam
3056 908 3272 977 inﬂigit,
3301 908 3535 963 alterunt

1947 1000 2161 1068 quidem
2187 1009 2360 1054 morte
2387 1000 2687 1055 damnando
2716 1017 2731 1053 :
2764 1000 2920 1055 alteri
2943 1015 3073 1055 vero
3108 1000 3284 1054 locum
3321 1014 3538 1067 permu-

1951 1086 2127 1152 tando,
2143 1096 2198 1139 et
2217 1102 2314 1154 pro
2333 1102 2526 1158 supera
2541 1089 2807 1158 beataque
2823 1088 2954 1155 vita,
2969 1088 3220 1144 tenebras
3244 1087 3536 1155 rependen-

1948 1179 2018 1231 do
2051 1192 2113 1231 ac
2143 1176 2674 1247 Tartarum.utrique
2702 1177 2835 1234 vitio
2874 1178 3016 1246 quod
3046 1177 3353 1240 conveniat,
3373 1177 3538 1231 misto

1949 1269 2263 1336 pbaruiaco.
2301 1270 2464 1323 Deum
2502 1270 2646 1324 enim
2686 1268 2920 1337 aliquem
2963 1268 3080 1324 fore
3114 1282 3175 1322 se
3194 1268 3365 1323 Adam
3390 1266 3541 1323 arbi-

1951 1369 2145 1424 tratus,
2174 1371 2503 1431 apertosque
2533 1371 2871 1431 gestaturum
2897 1359 3105 1427 oculos,
3133 1369 3189 1415 et
3224 1359 3347 1414 boni
3389 1359 3539 1413 insu-

1950 1469 2046 1525 per
2076 1468 2139 1508 ac
2169 1452 2300 1506 mali
2340 1452 2646 1521 cognitione
2680 1452 2962 1506 ditandum
2995 1469 3010 1505 :
3047 1450 3289 1506 mortalis
3330 1449 3537 1521 [subito

1950 1556 2006 1601 et
2062 1545 2227 1600 variis
2292 1544 2631 1613 passionibns
2676 1542 2942 1597 obnoxius
2968 1557 3090 1597 esse
3131 1542 3553 1597 demonstratusr

1951 1646 2054 1703 est,
2109 1645 2429 1691 occazcatam
2472 1634 2642 1690 ferme
2665 1651 2731 1690 ac
2782 1634 2953 1711 varia.
2984 1634 3289 1705 ignorantia
3320 1633 3534 1704 plenam

1952 1740 2200 1784 naturam
2232 1728 2480 1783 sortitus.
2530 1727 2630 1793 Qui
2658 1742 2786 1782 vero
2825 1730 3008 1783 animo
3030 1727 3143 1797 jam
3182 1732 3436 1781 thronum
3480 1726 3535 1781 in

264 1813 363 1866 καὶ
408 1814 593 1884 ὅμοιος
620 1814 701 1884 τῷ
749 1813 989 1886 ’Υψίστῳ
1028 1816 1325 1885 γενόμενος
1356 1818 1462 1871 ὑπὸ
1510 1822 1614 1890 γῆν
1659 1835 1718 1873 τε
1769 1819 1844 1873 δι-

1948 1823 2085 1879 calo
2110 1821 2421 1887 collocarat,
2452 1820 2551 1891 ipsi
2580 1835 2796 1890 quoque
2821 1820 3101 1875 Altissimo
3140 1816 3333 1873 similis
3361 1816 3537 1872 factus

265 1896 444 1968 καίως
467 1904 666 1977 ἐρρίφη
704 1905 799 1959 καὶ
846 1907 974 1969 τοὺς
1026 1908 1359 1980 ταρταρίους
1403 1908 1571 1962 ὑπέδυ
1620 1910 1843 1979 μυχοὺς,

267 1996 367 2049 καὶ
394 1997 617 2065 γέγονεν
641 1998 827 2059 αὐτοῖς
865 1998 897 2067 ἡ
927 1999 1204 2067 ἀπληστία
1230 2000 1447 2071 καὶτῆς
1477 2002 1536 2052 ἐν
1560 1995 1641 2064 οἷς
1669 2000 1849 2073 ὑπῆρ-

263 2104 365 2158 χον
418 2089 760 2159 συμμετρίας
814 2091 1152 2153 ἀπόπτωσις.
1204 2091 1480 2162 ’ἰατρικῆς
1544 2092 1603 2146 δὲ
1658 2092 1848 2161 σοφίας

264 2179 364 2229 καὶ
384 2179 445 2230 τὸ
461 2178 793 2250 προσφέρειν
812 2183 925 2243 τοῖς
947 2179 1217 2244 ἐναντίοις
1260 2181 1331 2234 τὰ
1355 2182 1575 2236 ἐναντία
1618 2182 1843 2250 ἰάματα.

262 2267 388 2341 [661
436 2269 529 2341 Ιὶ.]
565 2271 705 2325 Ἀλλ’
737 2276 797 2325 ἐν
824 2273 1038 2337 τούτοις
1072 2273 1171 2344 μὲν
1208 2274 1287 2344 τῷ
1327 2275 1612 2345 ίερομαθεί
1640 2292 1700 2328 τε
1752 2277 1848 2330 καὶ

258 2361 619 2434 φιλοθεάμονι
665 2365 728 2418 τὸ
759 2370 802 2417 ε’
832 2365 925 2419 καὶ
960 2364 1013 2434 μ’
1037 2365 1098 2419 τὸ
1140 2366 1317 2437 πέρας
1360 2367 1700 2441 ἀποφέρεται
1751 2384 1847 2421 κε-

253 2454 518 2524 φάλαιον.

977 2552 1180 2619 ΣΚΓ’.Ῐ

249 2641 555 2710 Διοδώρου
604 2641 942 2699 ἐπισκόπου
1000 2645 1231 2713 Ταρσοῦ
1276 2644 1426 2700 κατὰ
1463 2646 1843 2715 εἱμαρμένης.

336 2731 687 2805 Ἀνεγνώσθη
704 2734 953 2799 ,βιϐλίον
981 2736 1250 2807 Διοδώρου
1287 2736 1333 2769 ⁵⁹
1367 2738 1672 2791 ἐπισκόπου
1703 2740 1847 2811 Tap-

252 2820 365 2875 σοῦ
392 2823 545 2876 κατὰ
576 2823 956 2892 εἱμαρμένης,
989 2827 1047 2879 ἐν
1080 2825 1259 2894 λόγοις
1292 2826 1392 2897 μὲν
1427 2833 1500 2898 η’,
1530 2827 1845 2897 κεφαλαίοις

248 2917 316 2971 δὲ
342 2914 390 2983 γ’
416 2917 511 2970 καὶ
531 2921 595 2971 ν’.
626 2917 785 2970 Ἔστι
813 2919 914 2987 μὲν
929 2917 1022 2983 οζιν
1038 2919 1097 2972 ὲν
1115 2918 1328 2981 τούτοις
1356 2917 1600 2973 εὐσεϐῶν
1627 2920 1655 2972 ὁ
1680 2920 1844 2990 ἀνὴρ.

251 3009 359 3062 καὶ
406 3007 529 3061 οὐδὲ
576 3008 707 3080 περὶ
738 3008 841 3079 τὴν
868 3008 1028 3076 δόξαν
1065 3010 1161 3063 τοῦ
1208 3008 1340 3063 Υίοῦ
1370 3009 1466 3064 τοῦ
1500 3010 1662 3075 Θεοῦ,
1697 3012 1763 3081 ἢν
1811 3012 1843 3081 ἠ

248 3099 359 3153 τοῦ
415 3099 715 3171 Νεστορίου
753 3099 927 3156 λύσσα
980 3100 1396 3173 διασπαράττει,
1435 3101 1804 3173 σφαλλόμενος
1826 3117 1840 3133 ·

1951 1914 2141 1969 merito
2152 1916 2252 1969 sub
2273 1925 2475 1968 terram
2492 1910 2731 1979 deiectus
2746 1910 3035 1965 Tartareas
3051 1923 3319 1964 cavernas
3342 1906 3534 1964 snbiit.

1948 2004 2025 2061 lta
2069 2007 2121 2062 bi
2153 2021 2247 2075 per
2306 2004 2667 2060 insatiabilem
2717 2002 3071 2073 cupiditatem
3128 2000 3197 2055 ab
3226 2014 3293 2054 eo
3338 1998 3391 2053 in
3427 2013 3536 2069 quo

1946 2106 2102 2154 erant
2140 2097 2405 2153 bonorum
2446 2103 2870 2166 temperamento
2930 2093 3280 2157 exciderunt;
3340 2089 3535 2146 medici

1948 2204 2076 2245 vero
2096 2189 2355 2258 sapientis
2382 2187 2480 2241 fuit
2510 2184 2799 2241 contrariis
2819 2198 3091 2254 opponere
3116 2182 3390 2237 contraria
3419 2195 3537 2236 me-

1947 2281 2273 2336 dicamenta.
2301 2277 2499 2332 Verum
2527 2279 2579 2332 in
2614 2279 2700 2332 bis
2729 2291 3006 2332 sacrarum
3049 2273 3139 2330 ille
3176 2288 3356 2328 rerum
3393 2272 3537 2344 peri-

1949 2382 2055 2435 tus,
2087 2380 2140 2425 et
2187 2369 2657 2439 contemplationis
2715 2381 2907 2422 amans
2930 2368 3164 2436 scriptor
3203 2366 3449 2435 quintum
3479 2372 3535 2419 et

1947 2461 2421 2534 quadragesimum
2454 2470 2619 2529 caput
2656 2458 2910 2513 absolvit.

2485 2551 2680 2623 2031;
2713 2550 2986 2607 CCXXIII.

2144 2645 2409 2700 Diodorus
2438 2644 2591 2698 Tarsi
2620 2645 2889 2712 episcopus
2931 2642 3127 2697 Contra
3159 2641 3353 2710 fatum.

2018 2738 2240 2795 Lectum
2265 2746 2351 2791 est
2386 2736 2617 2790 Diodori
2646 2734 2758 2805 (58)
2795 2734 3036 2805 episcopi
3062 2732 3354 2787 Tarsensis
3385 2730 3534 2801 Opus

1946 2830 2193 2883 adversus
2234 2827 2433 2897 fatum,
2471 2826 2622 2880 libris
2655 2836 2799 2889 octo,
2838 2840 2903 2879 ac
2960 2825 3133 2879 tribus
3175 2840 3337 2893 supra
3368 2823 3533 2892 quin-

1946 2922 2202 2991 quaginta
2237 2920 2505 2989 capitibns
2531 2918 2865 2974 distinctum.
2899 2916 3105 2984 Quibus
3148 2919 3200 2971 in
3238 2917 3390 2973 libris
3412 2917 3534 2985 pius

1945 3009 2163 3079 quidem
2188 3016 2271 3062 est
2318 3006 2406 3061 hic
2426 3006 2685 3075 scriptor,
2718 3021 2894 3076 neque
2939 3006 2990 3059 in
3021 3021 3140 3059 eam
3174 3016 3379 3061 sectam
3410 3005 3528 3073 (59)

1945 3102 2013 3157 de
2048 3101 2137 3156 Dei
2186 3097 2342 3162 Filio,
2371 3113 2533 3179 quem
2563 3097 2974 3166 impiaNestorii
3006 3098 3188 3153 rabies
3236 3098 3527 3163 dissecuit,

248 3194 377 3255 τοῖς
414 3190 473 3244 δέ
504 3192 935 3263 ἐπιχειρήμασιν
972 3191 1088 3246 ἔστι
1124 3191 1225 3264 μὲν
1279 3185 1361 3257 οἷς
1411 3191 1588 3264 ὀρθῶς
1633 3210 1695 3246 τε
1747 3195 1840 3247 καὶ

1947 3194 2245 3251 aberraudo
2290 3176 2557 3246 deﬂectit.
2608 3190 2811 3245 Verum
2880 3190 2934 3245 in
2993 3192 3363 3261 argumentis,
3424 3192 3529 3248 etsi

250 3282 476 3353 εὐφυῶς
508 3282 811 3348 ἐπιϐάλλει,
844 3282 1139 3355 διελέγχων
1180 3284 1312 3347 τοὺς
1352 3283 1453 3356 τὴν
1497 3283 1842 3356 εἱμαρμένην

250 3376 607 3441 δοξάζοντας,
638 3376 755 3429 ἐστι
777 3375 833 3429 δὲ
858 3376 996 3430 ὅπου
1042 3376 1179 3448 πρὸς
1226 3376 1385 3447 μόνον
1425 3376 1488 3428 τὸ
1517 3377 1842 3446 φαινόμενον

247 3469 357 3523 τὸν
386 3468 574 3537 ἀγῶνα
608 3468 787 3539 φέρει,
820 3469 915 3521 καὶ
945 3469 1080 3540 μηδὲ
1110 3469 1300 3538 σαφῶς
1337 3468 1399 3521 τὸ
1425 3469 1534 3522 τῶν
1567 3469 1839 3523 ἐναντίων

249 3559 571 3632 ἐξακριϐῶν
623 3561 826 3631 δόγμα.
885 3561 1051 3614 Ὅθεν
1100 3561 1365 3624 πολλάκις
1423 3563 1525 3616 οὐκ
1578 3562 1839 3624 ἐκείνοις,

248 3653 403 3723 πρὸς
445 3650 540 3715 οὓς
583 3654 613 3706 ό
651 3652 912 3723 πόλεμος,
952 3652 1070 3706 ἀλλ’
1125 3654 1333 3723 ἑτέροις
1386 3652 1589 3724 μᾶλλον
1637 3653 1844 3719 δόξειεν

248 3743 332 3800 ἂν
372 3744 754 3816 διαμάχεσθαι.
807 3745 955 3817 Πλὴν
991 3746 1020 3800 ὅ
1058 3763 1122 3816 γε
1157 3745 1458 3817 εὐγνώμων
1505 3745 1701 3817 κριτὴς
1743 3746 1844 3817 οὐχ

250 3834 408 3907 ὑπὲρ
437 3829 514 3890 ῶν
543 3835 645 3889 οὐκ
677 3834 952 3906 εὐστόχως
978 3834 1197 3908 ἐνιαχοῦ
1239 3835 1466 3908 φέρεται
1512 3835 1844 3907 μωμήσαιτο

252 3923 334 3979 ἄν
358 3940 373 3956 ·
427 3925 569 3997 ὑπὲρ
595 3919 672 3979 ὧν
724 3926 782 3979 δὲ
831 3923 1125 3989 σπουδάζει
1170 3925 1268 3996 τὴν
1297 3927 1344 3958 ⁶⁰
1375 3925 1475 3996 τῆς
1502 3923 1845 3995 εἱμαρμένης

254 4016 472 4089 πλάνην
501 4018 878 4086 κατενεγκεῖν,
914 4018 1010 4070 καὶ
1041 4016 1118 4080 ὡς
1145 4017 1247 4072 οὐκ
1274 4016 1335 4069 ἐν
1356 4016 1563 4086 ὀλίγοις
1587 4017 1710 4070 κατ’
1748 4016 1846 4069 αὐ-

251 4109 361 4181 τῆς
408 4110 706 4178 εὐδοκιμεῖ,
747 4109 838 4162 τὸν
879 4109 1051 4180 ἄνδρα
1093 4109 1263 4180 τιμῆς
1290 4109 1387 4163 καὶ
1416 4109 1642 4181 χάριτος
1693 4108 1844 4173 ἄξιον

251 4201 611 4271 ἀνομολογεῖν
633 4202 751 4254 ἐστι
788 4200 999 4263 δίκαιος
1027 4201 1096 4254 ⁸⁸.
1130 4199 1225 4253 Ἐν
1253 4201 1438 4270 μέντοι
1472 4217 1536 4268 γε
1557 4199 1637 4272 τῷ
1666 4206 1715 4254 α’
1744 4200 1844 4254 καὶ

251 4300 305 4346 ν’
341 4292 639 4364 κεφαλαίῳ,
691 4294 808 4365 ἅμα
853 4293 954 4365 τὴν
1001 4293 1102 4364 τῆς
1143 4293 1488 4365 εἱμαρμένης
1538 4293 1845 4348 κατασείων

249 4383 436 4452 δόξαν,
496 4386 591 4439 καὶ
642 4385 742 4457 τὴν
774 4387 1110 4458 Βαρδισάνου
1168 4386 1643 4457 συνεπιρῤαπίζει.
1684 4385 1838 4457 Δῦτη

251 4476 317 4530 δὲ
358 4478 641 4549 ἡμιμανής
672 4478 756 4541 τίς
800 4477 918 4533 ἐστι
960 4478 1055 4532 καὶ
1090 4479 1362 4549 ἡμίτομος
1385 4494 1403 4512 ο
1436 4478 1537 4550 τὴν
1574 4478 1674 4550 μὲν
1723 4477 1835 4548 γὰρ

250 4567 435 4639 ψυχὴν
462 4570 806 4641 εἱμαρμένης
843 4587 904 4623 τε
934 4569 1029 4624 καὶ
1074 4570 1174 4640 τῆς
1217 4568 1521 4640 λεγομένης
1549 4569 1832 4637 γενεθλια-

251 4658 444 4731 λογίας
467 4660 759 4733 ἐλευθέραν
806 4660 1058 4725 ἀπολύει,
1106 4658 1391 4732 συντηρῶν
1427 4659 1569 4733 αὐτῇ
1615 4660 1676 4714 τὸ
1701 4660 1835 4715 αὑτ-

1942 3289 2185 3357 qnazdam
2238 3295 2385 3339 recte
2426 3283 2559 3339 satis
2600 3296 2665 3339 ac
2706 3283 2928 3337 dextere
2967 3283 3210 3350 adhibet,
3256 3283 3381 3338 dum
3432 3284 3530 3340 fati

1941 3376 2249 3433 laudatores
2275 3383 2568 3446 oppugnat,
2618 3374 2762 3431 alias
2784 3384 2835 3428 ta
2848 3390 2968 3429 men
2999 3390 3178 3442 neque
3199 3376 3334 3431 satis
3356 3375 3527 3445 clare,

1944 3482 2119 3538 neque
2148 3467 2285 3523 satis
2316 3477 2574 3522 accurate
2621 3466 3056 3521 adversariorum
3108 3463 3304 3535 dogma
3335 3480 3528 3534 perse-

1942 3569 2123 3621 cutus,
2158 3574 2222 3613 ea
2252 3571 2568 3628 oppugnare
2608 3556 2943 3628 aggreditur,
2984 3569 3104 3624 quae
3128 3555 3365 3625 speciem
3389 3554 3531 3611 dun-

1944 3656 2093 3704 taxat
2144 3647 2414 3715 dogmatis
2472 3662 2584 3716 prae
2616 3660 2678 3702 se
2730 3645 2928 3701 ferant.
2980 3645 3111 3699 lude
3153 3660 3529 3715 saepenumero

1943 3755 2050 3796 non
2085 3755 2209 3796 cum
2244 3738 2371 3803 illis,
2415 3737 2741 3807 quibuscum
2784 3745 3063 3791 certamen
3119 3736 3383 3805 suscepit,
3431 3735 3527 3791 sed

1941 3847 2065 3887 cum
2114 3831 2238 3885 aliis
2297 3830 2479 3899 potius
2522 3828 2847 3898 quibusdam
2902 3840 3146 3896 pugnare
3206 3835 3519 3882 censeatur.

1942 3922 2265 3991 Quanquam
2315 3920 2452 3975 bene
2498 3918 2742 3974 sentiens
2785 3917 3011 3980 arbiter,
3060 3932 3166 3971 non
3197 3918 3266 3972 ob
3292 3918 3344 3972 id
3381 3920 3528 3987 quod

1941 4013 2122 4069 minus
2148 4011 2386 4067 feliciter
2414 4010 2613 4065 alicubi
2649 4009 2789 4065 hanc
2823 4023 2934 4062 rem
2963 4017 3108 4078 agat,
3141 4009 3526 4077 reprehensum

1941 4120 2064 4161 eum
2096 4104 2223 4159 velit
2260 4121 2274 4158 :
2304 4118 2426 4158 cum
2456 4118 2521 4157 ex
2564 4116 2630 4157 eo
2672 4101 2867 4155 saltem
2933 4101 3109 4154 honor
3160 4100 3234 4153 illi
3271 4110 3321 4155 et
3350 4101 3527 4169 gratia

1940 4195 2138 4251 merito
2162 4194 2451 4257 debeatur,
2491 4191 2637 4262 quod
2668 4206 2774 4247 non
2799 4191 3041 4255 sine,sua
3076 4191 3129 4245 in
3161 4190 3346 4245 inultis
3371 4192 3529 4247 laude

1941 4287 2213 4363 [noxium]
2246 4288 2314 4342 de
2346 4287 2459 4341 fato
2494 4301 2739 4341 errorem
2798 4285 3108 4356 opprimere
3154 4285 3429 4339 Inoliatur.
3465 4266 3526 4339 In

1944 4381 2121 4451 primo
2143 4377 2363 4449 qnidem
2393 4388 2544 4433 certe
2570 4385 2627 4432 et
2645 4377 3103 4446 quinquagesimo
3131 4376 3330 4445 capite,
3363 4373 3527 4430 simul

1943 4474 2070 4528 dum
2096 4471 2189 4527 fati
2217 4469 2525 4541 opinionem
2566 4468 2845 4533 convellit,
2880 4469 3047 4524 etiam
3078 4465 3524 4537 Bardisanist60)

1940 4565 2266 4622 sententiam
2303 4561 2496 4617 refellit
2524 4577 2539 4614 :
2572 4575 2691 4631 qua:
2728 4560 2844 4630 ipsa
2908 4571 2967 4614 ut
2992 4575 3023 4615 e
3055 4559 3280 4614 dimidio
3330 4558 3399 4613 ab
3431 4557 3525 4611 illa

1950 4656 2174 4719 refecta,
2209 4658 2281 4709 ita
2310 4653 2446 4709 senti
2483 4652 2674 4707 insana
2710 4651 3015 4707 etiamnum
3062 4649 3348 4706 remansit.
3386 4646 3522 4703 Nam

1546 4857 1784 4914 VARUE
1818 4851 2240 4915 LECTIONES.

322 4998 466 5033 ⁸³·⁵⁶
487 4995 711 5052 τοεοῦτο
731 5015 791 5063 ς.
867 4996 912 5031 ³⁷
942 4995 1066 5053 libri
1096 4994 1400 5050 πλουτίσαι.
1475 4995 1521 5027 ⁸⁸
1552 4995 1647 5048 τὸν
1672 5005 1794 5065 post
1822 4994 1903 5057 εἱς
1936 4992 2061 5047 add.
2095 4990 2160 5045 Δ.
2237 4989 2281 5020 ⁸³
2310 4982 2636 5054 ΘεοδώρονΔ
2665 4999 2704 5047 ς
2734 4999 2750 5039 :
2779 4981 2876 5037 sed
2903 4970 3009 5053 mg.
3040 4982 3084 5035 Α
3108 4998 3198 5053 γρ.
3226 4978 3521 5053 Διοδώρου,

252 5067 328 5135 ὡς
360 5068 572 5144 προῖὼν
613 5069 890 5141 εὑρήσεις.

968 5069 1014 5101 ⁸⁸
1045 5066 1146 5140 τὴν
1191 5066 1315 5123 add.
1350 5069 1417 5122 A.
1493 5066 1535 5098 “
1571 5066 1782 5120 δίκαιον
1816 5082 1879 5131 ς.

1775 5176 2009 5239 NOTAE.

324 5304 443 5375 (58)
468 5302 761 5358 Diodorum
794 5303 976 5373 potius
999 5317 1162 5375 quam
1200 5300 1536 5375 Theodorum
1563 5298 1839 5375 appellare

251 5369 455 5458 placuit
477 5391 500 5458 Δι
524 5389 648 5429 cum
676 5369 818 5458 quod
849 5383 968 5458 post
994 5369 1172 5458 paulo
1208 5388 1248 5455 α.
1275 5369 1838 5458 ,Ριιοιίομεὶεςᾲηοηιίῖ

254 5438 435 5521 iretur,
470 5454 587 5521 tum
610 5438 752 5521 quod
780 5438 966 5521 suidas
994 5438 1253 5521 Tarsensi
1275 5442 1403 5497 huic
1423 5440 1677 5521 episcopo
1693 5438 1838 5521 κατά

2008 5295 2124 5369 (59)
2164 5291 2447 5369 Obquam
2475 5287 2617 5345 male
2644 5286 2921 5343 audivisse
2954 5302 3118 5358 supra
3145 5284 3349 5342 indicat
3379 5287 3521 5344 Plio-

1939 5361 2049 5424 tius
2075 5361 2197 5420 cbd.
2244 5361 2370 5419 102.

2005 5437 2119 5509 (60)
2153 5433 2331 5488 Habes
2360 5446 2483 5509 eam
2526 5428 2665 5509 apud
2690 5426 2889 5483 Euseb.
2918 5426 3014 5509 _l_ib.
3044 5441 3098 5509 ιν
3132 5427 3209 5480 De
3227 5438 3518 5509 praeparet.

251 5496 710 5586 i5¥pb§agav£ai
725 5496 1554 5586 inﬂexamherdsman;
1584 5496 1724 5580 opus
1751 5518 1837 5565 at—
1931 5496 2113 5586 ευᾰηρξ
2144 5520 2266 5586 cap.
2294 5503 2520 5586 νιιιλρο
2556 5496 2667 5586 ipsa
2701 5514 2871 5586 ξρετε
2916 5496 3211 5586 [tardissim
3233 5498 3521 5586 [legendus

254 5565 1399 5653 tribiIat.rldétittrﬁtﬁit7argumentuiuli:
1412 5565 1833 5653 Cbry'so'stomus
1931 5565 2147 5653 Euseb;
2166 5565 2270 5653 lib.
2296 5571 2536 5653 milia}:
2556 5565 2676 5653 (Ξκιρ-
2700 5568 2802 5631 9-3;
2828 5568 2893 5653 ἐξ.
2922 5565 3142 5653 lliergn.
3161 5568 3214 5653 i‘l‘l
3231 5565 3516 5653 Catalogg.

253 5636 355 5708 ὲὲξὶ
376 5636 1097 5718 silium—iliisﬁeﬂl'iaiofet
1131 5636 1351 5708 lion—mi
1385 5636 1468 5707 in
1514 5636 1637 5720 cap.
1675 5666 1718 5717 t,
1762 5652 1833 5720 ad
1936 5636 2434 5720 ςαρ.45;1ᾚυθριις
2479 5642 2571 5694 lib-
2596 5637 2929 5720 4.1330235;
2962 5637 3149 5720 et-lib.
3176 5636 3233 5720 2.,
3257 5653 3377 5705 cap.

259 5724 458 5785 Timet.
484 5727 681 5781 Euseb.
716 5733 826 5780 toto
870 5724 1104 5792 Ιὶιποννι.
1143 5724 1216 5777 De
1266 5731 1554 5792 prwparat.
1585 5719 1829 5792 indage}.

260 5795 446 5871 Cicero
471 5795 784 5871 Dediviuat.
811 5803 864 5871 ct
880 5795 963 5871 ρο
995 5790 1485 5871 u_t_o.__Alcxander
1506 5790 1828 5863 Aphrodisi-

262 5872 354 5922 ωε
375 5865 694 5932 Favorinus,
723 5867 862 5939 apud
881 5861 1035 5937 liget.
1068 5861 1206 5927 XIV,
1231 5877 1349 5935 cap.
1383 5878 1419 5918 ι.

1937 5705 2387 5788 B.'Atigustiiiiis,
2419 5712 2613 5788 haeres.
2650 5705 2854 5788 35;"
2888 5705 3155 5788 iipipban.
3196 5705 3389 5763 haeres.
3418 5707 3516 5777 l0;

1938 5777 2264 5847 'l'heod'oret.
2297 5784 2391 5841 lib.
2427 5797 2464 5851 ι,
2502 5778 2703 5837 "mret.
2747 5777 2920 5848 fabul.
