3924 6432
486 391 588 459 831

1614 391 1881 457 ΡΙΙΟΤΙΙ
1922 392 2089 455 ΡΑΤΙ

2194 390 2429 451 ΒΟΙΙἉΕ
2457 392 2567 451 CP.
3623 393 3715 460 832

481 513 584 563 etsi
616 508 854 563 animam
875 509 1095 577 quidem
1121 508 1310 569 alato.
1344 519 1398 564 et
1430 525 1460 564 a
1495 509 1740 563 natalitia
1781 506 2060 563 notatione
2087 556 2089 563 ι

2194 504 2442 572 ξούσιον,
2500 504 2795 559 ὑποτάττει
2855 504 2914 557 δὲ
2966 505 3034 575 τῇ
3087 502 3295 573 ταύτης
3374 502 3623 572 διοικήσει
3660 510 3715 565 τδ

482 614 604 667 quae
634 601 851 664 dicitur,
895 600 1120 655 liberam
1164 603 1432 667 dimittit,
1488 602 1697 656 arbitrii
1755 602 2059 655 libertatem

481 688 562 743 illi
598 691 993 755 conservando,
1051 706 1247 758 corpus
1283 702 1488 754 tamen,
1538 701 1594 747 et
1625 704 1968 759 quacunque
1993 690 2064 745 ad

478 798 682 851 corpus
721 792 990 852 spectant,
1020 783 1130 837 l'ato
1160 783 1507 851 gubernanda
1546 783 1784 851 subiicit.
1812 781 2060 846 Divitias,

484 874 732 943 inquam,
792 884 1111 941 egestatem,
1163 875 1432 933 morbum,
1466 874 1670 935 vitam,
1728 880 1981 938 mortem,
2011 880 2068 925 et

481 978 608 1031 qua:
650 964 701 1015 iu
754 974 938 1016 nostra
985 980 1091 1016 non
1130 973 1255 1017 sunt
1297 970 1608 1030 potestate:
1649 974 1827 1029 eaque
1877 962 2061 1015 omnia

485 1053 583 1110 fati
618 1071 739 1109 esse
772 1056 962 1112 all'erta
999 1058 1183 1109 tradit.
1215 1054 1353 1124 Ergo
1405 1055 1551 1109 hunc
1584 1055 1860 1108 studiosus
1888 1054 1977 1107 ille
2012 1063 2068 1109 et

491 1148 694 1203 sciendi
727 1151 955 1216 cupidus
986 1150 1252 1219 Dipdorus
1276 1148 1422 1202 clare
1462 1162 1528 1202 ac
1565 1148 1744 1202 valide
1770 1147 2066 1211 convincit,

488 1242 660 1294 verbo
700 1239 919 1308 quidem
985 1240 1216 1291 mediam
1275 1239 1538 1291 duntaxat
1592 1238 1800 1291 erroris
1857 1248 2066 1305 partem

492 1331 816 1398 praedicare,
837 1346 893 1385 re
916 1338 1093 1384 autem
1120 1330 1233 1397 ipsa
1261 1340 1427 1382 totum
1450 1327 1773 1382 conﬁrmare
1796 1340 1811 1381 :
1834 1328 2072 1397 quando-

491 1423 716 1491 quidem
745 1421 990 1490 plurimaa
1019 1423 1265 1487 corporis
1286 1421 1401 1473 sive
1422 1420 1737 1475 allectiones
1763 1434 1859 1487 per
1875 1420 2070 1473 animae

493 1515 904 1584 Operatiouem,
972 1515 1431 1580 cooperationem,
1487 1522 1580 1568 aut
1642 1514 1809 1568 etiam
1866 1521 2074 1567 naturae

492 1600 846 1667 consensum,
875 1602 1125 1657 accidere
1150 1603 1328 1656 solent
1366 1617 1431 1656 ac
1468 1602 1674 1670 perlici.

567 1693 753 1749 Primo
786 1694 948 1762 igitur
974 1692 1112 1745 libro
1138 1703 1258 1761 post
1302 1693 1407 1748 alia
1459 1694 1529 1747 de
1568 1694 1682 1747 fato
1729 1694 1921 1759 relata,
1956 1701 2069 1747 tum

498 1786 645 1841 unde
673 1794 778 1839 tam
813 1786 981 1840 libere
1008 1786 1203 1855 agendi
1255 1785 1536 1840 audaciam
1570 1802 1728 1842 error
1753 1787 2071 1855 sumpserit,

2174 596 2337 665 σῶμα
2387 597 2484 650 καὶ
2530 597 2598 650 τὰ
2645 596 2774 667 περὶ
2805 594 2869 648 τὸ
2900 594 3082 664 σῶμα,
3114 592 3347 647 πλοῦτον
3388 593 3454 661 δή
3503 595 3545 625 ⁶¹
3593 612 3717 668 φημι

2170 688 2270 742 καὶ
2323 689 2519 742 πενίαν
2565 687 2662 741 καί⁸
2700 687 2854 741 νόσον
2895 687 2991 739 καὶ
3041 686 3187 756 ζωὴν
3224 687 3321 740 καὶ
3371 685 3591 740 θάνατον
3638 694 3719 745 καὶ

2171 762 2274 833 ὅσα
2298 781 2399 833 οὐκ
2426 781 2515 849 ἐφ’
2550 781 2703 848 ἡμῖν,
2738 780 2834 833 καί⁸
2861 778 3036 831 ταῦτα
3062 777 3241 831 πάντα
3268 777 3368 846 τῆς
3408 778 3723 851 εἱμαρμένης

2173 870 2314 942 ἔργα
2350 871 2686 941 δογματίζει.
2726 872 2822 923 Ὃν
2862 871 2907 902 ⁸³
2937 871 2966 921 ὁ
2999 868 3303 939 φιλομαθὴς
3333 870 3427 922 καὶ
3466 871 3722 936 σπουδαῖος

2173 962 2439 1033 Διόδωρος
2469 961 2657 1031 σαφῶς
2685 960 2812 1033 [545
2844 960 2939 1033 ΙΙ.]
2968 978 3028 1013 τε
3064 961 3159 1014 καὶ
3191 960 3455 1028 γενναίως
3485 961 3722 1032 διελέγχει

2174 1056 2319 1125 λόγῳ
2374 1054 2476 1124 μὲν
2528 1053 2799 1123 ἡμίτομον
2847 1053 2947 1120 τὴν
2998 1054 3098 1121 τῆς
3156 1052 3499 1121 εἱμαρμένης
3541 1052 3726 1123 πλάνην

2174 1146 2502 1218 κηρύττειν,
2549 1145 2696 1217 ἔργῳ
2743 1144 2801 1198 δὲ
2857 1146 3177 1214 συγκροτεῖν
3230 1145 3332 1211 τὴν
3378 1144 3545 1214 ὅλην,
3591 1148 3729 1215 εἴπερ

2176 1238 2273 1291 καὶ
2300 1238 2370 1292 τὰ
2397 1238 2630 1291 πλεῖστα
2655 1237 2764 1290 τῶν
2795 1237 3125 1306 σωματικῶν
3152 1235 3342 1288 παθῶν
3365 1253 3424 1288 τε
3454 1236 3549 1291 καὶ
3576 1234 3729 1305 ἔργων

2176 1328 2263 1382 διὰ
2286 1328 2384 1399 τῆς
2417 1328 2659 1399 ψυχικῆς
2685 1328 2968 1398 ἐνεργείας
3003 1344 3063 1380 τε
3092 1328 3187 1379 καὶ
3218 1326 3561 1395 συνεργείας,
3590 1329 3670 1379 ναί
3692 1328 3731 1360 ⁸⁸

2177 1419 2243 1488 δὴ
2278 1420 2374 1473 καὶ
2404 1418 2755 1490 συμπαθείας
2783 1418 2977 1472 εἴωθεν
3013 1418 3433 1490 ὲπισυμὸαίνειν
3483 1417 3578 1471 καὶ
3618 1417 3732 1471 ἀπο-

2176 1510 2470 1567 τελεῖσθαι.

2182 1698 2193 1728 σ.
2250 1694 2341 1746 Ἐν
2371 1693 2470 1763 μὲν
2501 1687 2596 1748 οὖν
2624 1693 2702 1766 τῷ
2729 1698 2778 1747 α’
2815 1648 3128 1766 λόγῳὴᾶλλα
3166 1694 3229 1746 τέ
3256 1710 3380 1747 τινα
3407 1693 3540 1763 περί
3564 1693 3735 1765 εἰμαρ-

2186 1786 2353 1856 μένης
2396 1786 2642 1850 διελθὼν,
2684 1786 2779 1839 καί⁵
2815 1787 2940 1840 ὅθεν
2975 1786 3100 1856 ἔσχε
3133 1788 3234 1853 τὴν
3260 1787 3466 1856 τόλμαν
3506 1787 3538 1852 ἡ
3580 1786 3735 1857 πλάνη

500 1876 765 1930 adversus
789 1892 909 1930 eam
943 1877 1175 1946 insurgit
1227 1876 1562 1945 opinionem,
1605 1892 1724 1944 qua:
1764 1878 2076 1931 universum

2194 1876 2710 1947 παρρησιάσασθαι,
2778 1876 2875 1928 καὶ
2939 1876 3081 1929 κατά
3136 1877 3234 1945 τῆς
3284 1874 3555 1944 λεγούσης
3602 1874 3738 1945 δόξης

500 1963 609 2017 hoc
630 1971 753 2016 ortu
789 1979 976 2017 carere
1005 1964 1203 2018 asserit
1235 1963 1411 2032 (putat
1434 1965 1579 2018 enim
1603 1978 1669 2017 ex
1695 1964 1795 2018 hac
1825 1965 2082 2032 opinione

501 2052 630 2108 illud
665 2068 880 2122 quoque
921 2055 988 2107 de
1035 2056 1144 2107 fato
1182 2053 1500 2123 ﬁgmentum
1542 2053 1787 2124 conﬁari)
1839 2055 2084 2123 libroque

505 2141 630 2197 huic
657 2144 745 2210 ,ita
778 2146 937 2199 linem
972 2145 1216 2212 imponit,
1251 2155 1306 2198 ut
1340 2160 1407 2199 ne
1461 2146 1512 2199 in
1544 2144 1716 2199 altero
1757 2144 1975 2214 quidem
2013 2145 2082 2200 ab

502 2237 694 2292 eadem
726 2253 906 2308 pugna
929 2240 1176 2293 desistat.

577 2414 939 2484 Quamobrem
963 2419 1172 2474 decimo
1197 2428 1317 2488 post
1340 2419 1453 2474 haec
1473 2421 1675 2489 capite,
1689 2431 1798 2476 tam
1822 2421 2083 2477 mundum

506 2506 708 2574 ipSum,
749 2524 910 2578 quam
949 2512 1001 2564 in
1037 2527 1102 2566 eo
1126 2512 1412 2579 degentem
1455 2513 1729 2567 hominem
1766 2522 1946 2567 ortmn
1988 2514 2084 2568 ba-

510 2600 641 2655 bere
675 2602 1076 2668 demonstrans,
1116 2604 1220 2659 hoc
1257 2604 1365 2658 fere
1414 2608 1572 2659 modo
1621 2605 1688 2659 ad
1738 2615 2085 2675 argumenta—

510 2692 718 2748 tionem
750 2694 1085 2761 aggreditur.
1117 2694 1591 2765 Quandoquidem,
1624 2698 1718 2760 ait,
1768 2697 2081 2767 singulatim

510 2783 787 2838 hominum
812 2784 1010 2854 209a
1039 2786 1234 2855 singuli
1278 2788 1611 2858 corruptioni
1659 2796 1823 2857 atque
1856 2803 2089 2858 genera-

511 2874 646 2929 tioni
677 2877 895 2932 obnoxii
924 2886 1071 2940 sunt,
1106 2879 1452 2934 manifestum
1505 2895 1639 2936 sane
1670 2881 1840 2950 ipsam
1871 2896 2088 2950 quoque

511 2966 707 3022 horum
740 2978 991 3025 naturam
1025 2972 1091 3024 ad
1133 2971 1366 3025 similem
1424 2974 1591 3043 redigi
1643 2973 2087 3038 dissolutionem,

511 3068 568 3113 et
599 3059 811 3114 nonnisi
842 3061 893 3115 in
928 3062 1061 3116 solis
1088 3079 1155 3116 ex
1188 3079 1246 3119 se
1276 3073 1466 3120 mutuo
1496 3066 1940 3120 successionibus
1965 3083 2092 3137 per-

511 3148 734 3205 durare.
768 3151 954 3221 Neque
1004 3154 1149 3206 enim
1190 3155 1333 3222 quod
1368 3166 1491 3209 ortu
1542 3167 1723 3220 caret,
1766 3156 1890 3211 inde
1933 3173 2086 3211 suam

515 3240 719 3297 habere
764 3241 1334 3311 incorruptibilitatem
1392 3254 1589 3312 potesr,
1635 3246 1787 3313 quod
1829 3262 1993 3299 unum
2032 3247 2086 3301 in

515 3331 744 3389 alterius
795 3334 972 3387 locum
1030 3335 1327 3390 identidem
1391 3339 1685 3391 succedere
1736 3339 2093 3407 cogitemus:

516 3424 609 3478 sed
631 3426 773 3494 quod
802 3427 850 3479 id
875 3441 970 3494 per
988 3427 1248 3496 seipsum,
1275 3438 1436 3496 atque
1456 3443 1523 3482 ex
1547 3440 1761 3484 suamet
1793 3429 2095 3486 subsisten-

521 3517 619 3578 tia,
661 3517 766 3573 tale
799 3518 889 3572 sit.
930 3518 1100 3575 Porro
1129 3521 1383 3573 mundum
1416 3536 1632 3592 quoque
1663 3521 1838 3591 ipsum
1890 3525 2095 3579 habere

516 3622 725 3674 Ortum,
774 3627 842 3665 ex
874 3612 939 3666 iis
971 3622 1059 3666 est
1095 3614 1464 3681 manifestum,
1524 3616 1665 3684 quod
1713 3631 1833 3683 quae
1877 3616 1929 3670 in
1982 3618 2099 3687 ipso

521 3712 670 3765 sunt,
707 3702 868 3772 ignis,
900 3720 1062 3773 aqua,
1099 3714 1263 3769 terra,
1295 3721 1408 3769 aer,
1439 3717 1622 3759 ortum
1672 3707 1931 3763 habeant.
1972 3709 2100 3766 Haec

519 3795 665 3849 enim
717 3796 956 3863 quotidie
1009 3798 1367 3863 particulatim
1417 3808 1472 3851 et
1525 3811 1973 3867 corrumpuntur,
2044 3814 2100 3857 et

522 3886 837 3955 gignuntur.
872 3885 1105 3941 Rursum
1144 3901 1323 3944 autem
1374 3891 1518 3959 quod
1568 3902 1715 3945 terra
1770 3896 2100 3963 corruptibi-

522 3978 594 4034 lis
632 3980 722 4043 sit,
752 3995 816 4033 οι
857 3980 921 4033 iis
950 3983 1289 4050 perspicuum
1324 3984 1526 4050 evadit,
1565 3988 1711 4055 quod
1759 3988 1873 4041 sive
1912 3968 2097 4053 homo,

528 4069 647 4124 sive
680 4070 786 4124 alia
824 4072 1076 4126 animalia
1129 4086 1568 4144 corrumpantur,
1607 4078 1659 4130 in
1716 4086 1917 4132 terram
1954 4094 2104 4143 ,con-

528 4171 830 4242 vertantur.
864 4161 998 4216 Nam
1049 4166 1190 4233 quod
1234 4164 1350 4221 haec
1382 4166 1433 4218 in
1480 4166 1623 4220 illam
1655 4179 2102 4236 corrumpantur,

527 4262 852 4322 argumento
884 4256 1070 4324 utique
1101 4265 1206 4322 est,
1242 4272 1307 4311 ex
1342 4257 1431 4313 illa
1474 4259 1589 4327 ipsa
1634 4269 1893 4329 corrupta
1924 4272 2103 4315 ortum

529 4358 688 4397 Suum
737 4344 890 4398 initio
931 4346 1230 4415 accepisse.
1274 4347 1426 4401 Adde
1468 4349 1610 4415 quod
1654 4349 1951 4401 etiamnum
1987 4348 2106 4402 aui-

528 4437 734 4490 mantia
774 4436 1031 4505 pleraque
1073 4454 1141 4492 ex
1192 4440 1295 4492 hac
1334 4453 1489 4492 versa
1530 4447 1693 4505 atque
1723 4446 1980 4506 corrupta
2022 4440 2106 4505 gi-

2183 1969 2303 2022 τόδε
2328 1969 2389 2021 τὸ
2418 1970 2529 2021 πᾶν
2558 1968 2825 2036 ἀγένητον
2858 1969 2902 2000 ⁸⁸
2941 1963 3081 2020 εἶναι
3116 1967 3534 2035 διανιστάμενος
3572 1967 3737 2036 (οἴεται

2181 2061 2292 2130 γὰρ
2326 2062 2392 2113 ἐκ
2425 2060 2523 2129 τῆς
2569 2059 2892 2129 ὑπολήψεως
2937 2060 3037 2128 τῆς
3095 2058 3186 2110 τὸν
3239 2058 3446 2127 κόσμον
3501 2046 3741 2127 ἀγένητον

2182 2153 2465 2224 ποιούσης,
2516 2154 2726 2207 ἐκεῖθεν
2769 2154 2863 2206 καὶ
2911 2152 2973 2205 τὸ
3004 2152 3105 2220 τῆς
3141 2152 3487 2221 εἱμαρμένης
3532 2166 3741 2220 συγκρο-

2186 2246 2402 2299 τείσθαι
2436 2245 2688 2315 πλάσμα)
2720 2244 2954 2313 περατοῖ
2990 2243 3080 2295 τὸν
3108 2242 3155 2294 α’
3201 2241 3379 2309 λόγον,
3438 2241 3539 2294 καὶ
3582 2240 3639 2293 ἐν
3678 2238 3743 2310 τῷ

2189 2336 2232 2408 β’
2258 2336 2351 2390 τοῦ
2382 2336 2549 2391 αὐτοῦ
2580 2335 2656 2407 μὴ
2703 2335 3074 2405 ἀφιστάμενος
3105 2332 3517 2403 ἀγωνίσματος.

2257 2429 2347 2481 Διὸ
2397 2429 2495 2481 καὶ
2535 2429 2593 2480 ὲν
2637 2427 2716 2495 τῷ
2772 2423 2804 2479 ι’
2836 2424 3119 2495 κεφαλαίῳ
3144 2424 3371 2491 γενητὸν
3402 2417 3549 2475 εἶναι
3574 2422 3660 2474 τόν
3694 2437 3745 2473 τε

2187 2522 2392 2591 κόσμον
2425 2520 2519 2572 καὶ
2552 2519 2647 2572 τὸν
2674 2521 2732 2571 ὲν
2770 2516 2919 2587 αὐτῷ
2966 2516 3255 2585 ἄνθρωπον
3310 2515 3623 2575 ἐπιδεικνὺς
3660 2505 3745 2567 ὧδέ

2187 2629 2306 2674 πως
2330 2609 2600 2664 εἰσϐάλλει
2643 2609 2781 2680 πρὸς
2814 2607 2913 2678 τὴν
2955 2607 3298 2677 ἐπιχείρησιν
3321 2623 3335 2636 ο
3397 2604 3576 2667 Ἐπεὶ,
3608 2603 3745 2673 φησὶ,

2187 2700 2298 2756 τῶν
2324 2698 2468 2753 κατὰ
2493 2698 2657 2767 μέρος
2679 2696 2982 2768 ἀνθρώπων
3009 2696 3239 2757 ἕκαστος
3263 2694 3507 2763 φθαρτός
3534 2694 3644 2746 ἐστι
3668 2693 3745 2744 καὶ

2188 2791 2435 2862 γενητὸς,
2469 2791 2627 2861 δῆλον
2658 2789 2733 2851 ὡς
2766 2791 2862 2842 καὶ
2885 2791 2917 2857 ἡ
2942 2787 3148 2841 τούτων
3176 2785 3339 2853 φύσις
3358 2786 3439 2849 εἰς
3464 2784 3564 2853 τὴν
3581 2782 3750 2852 ὁμοίαν

2189 2884 2383 2953 ἄγεται
2414 2882 2588 2948 λύσιν,
2618 2884 2677 2934 ὲν
2726 2880 2917 2951 μόναις
2960 2882 3083 2942 ταῖς
3129 2877 3189 2942 ἐξ
3232 2877 3478 2947 ἀλλήλων
3507 2875 3751 2943 διαδοχαῖς

2189 2975 2518 3045 διαμένουσα
2538 2990 2553 3004 ·
2585 2973 2645 3027 τὸ
2666 2973 2773 3044 γὰρ
2804 2972 3071 3040 ἀγένητον
3090 2972 3191 3023 οὐκ
3220 2971 3277 3021 ὲν
3295 2969 3340 3001 ⁸³
3361 2969 3636 3038 διαδοχαῖς
3656 2969 3751 3018 tnt-

2191 3068 2479 3139 νοούμενον
2531 3066 2645 3137 ἔχει
2697 3065 2758 3120 τὸ
2805 3066 3106 3133 ἄφθαρτον,
3135 3062 3273 3119 ἀλλά
3314 3060 3437 3115 καθ’
3474 3058 3633 3113 ἑαυτὸ
3678 3058 3754 3110 καὶ

2192 3161 2335 3214 κατά
2362 3160 2460 3229 τὴν
2482 3160 2623 3212 ἰδίαν
2648 3156 3098 3211 ὑπόστασιν.”’οτι
3114 3156 3172 3208 δὲ
3192 3157 3221 3207 ὁ
3244 3154 3451 3224 κόσμος
3471 3151 3752 3222 γενητὸς-⁸⁷,

2193 3254 2351 3325 δῆλον
2403 3252 2463 3316 ἐξ
2500 3247 2575 3305 ὧν
2609 3251 2703 3305 καί
2731 3250 2799 3303 τὰ
2835 3252 2893 3303 ὲν
2920 3249 3069 3319 αὐτῷ
3099 3250 3326 3318 γενητὰ,
3368 3246 3482 3316 πῦρ
3509 3244 3603 3298 καὶ
3633 3242 3758 3311 ὕδωρ

2195 3347 2290 3399 καί⁸
2319 3345 2391 3415 γῆ
2434 3346 2528 3399 καὶ
2555 3345 2662 3413 ἀήρ
2684 3360 2699 3374 ·
2730 3342 2827 3396 καὶ
2866 3343 2976 3412 γὰρ
3021 3340 3193 3393 ταῦτα
3245 3337 3399 3408 παρὰ
3434 3335 3601 3405 μέρος
3645 3332 3758 3386 καθ’

2196 3435 2436 3505 ἑκάστην
2461 3435 2557 3487 καὶ
2581 3433 2866 3502 φθείρεται
2901 3432 2996 3484 καὶ
3026 3430 3254 3498 γίνεται.
3291 3428 3419 3500 [664
3453 3425 3545 3496 IL]
3580 3420 3760 3476 Ὀτιδὲ

2196 3528 2363 3581 πάλιν
2391 3528 2424 3595 ἡ
2451 3526 2523 3595 γῆ
2545 3524 2783 3595 φθαρτὴ,
2803 3523 2962 3593 δῆλον
2989 3523 3047 3587 ἐξ
3072 3516 3147 3573 ὦν
3177 3522 3257 3582 εἰς
3280 3520 3383 3588 γῆν
3410 3518 3507 3570 καὶ
3533 3520 3559 3569 ὁ
3578 3514 3760 3583 ἀνθρω-

2197 3638 2301 3684 πος
2326 3619 2422 3673 καὶ
2446 3618 2515 3672 τὰ
2537 3618 2672 3672 ἄλλα
2698 3616 2806 3670 τῶν
2828 3615 2983 3678 ζώων
3006 3613 3340 3683 φθειρόμενα
3365 3608 3758 3680 μεταϐάλλεται·

2197 3715 2259 3769 τὸ
2284 3715 2393 3784 γὰρ
2419 3713 2499 3775 εἰς
2524 3710 2730 3780 ταύτην
2757 3709 3076 3779 φθείρεσθαι
3107 3705 3382 3769 ἀπόδειξίς
3405 3703 3521 3755 ἐστι
3544 3699 3635 3753 τοῦ
3650 3700 3690 3729 ⁸³
3708 3701 3760 3750 ὲκ

2198 3807 2404 3874 ταύτης
2432 3802 2732 3877 φθαρείσης
2760 3800 2883 3852 κατ’
2913 3797 3089 3869 ἀρχὰς
3119 3792 3294 3849 ταῦτα
3329 3792 3605 3861 γενέσθαι.
3636 3786 3761 3877 Πλὴν

2200 3896 2295 3949 καὶ
2329 3895 2425 3946 νῦν
2461 3876 2549 3943 ἔτι
2572 3889 2643 3944 τὰ
2663 3892 2706 3922 θ’
2739 3887 2912 3941 πολλὰ
2941 3886 3051 3940 τῶν
3076 3884 3232 3949 ζώων
3261 3883 3470 3951 ταύτης
3517 3876 3761 3949 τρεπομέ-

2200 4002 2299 4055 νης
2324 3984 2417 4036 καὶ
2448 3979 2817 4053 φθειρομένης
2845 3977 3058 4047 γίνεταί
3104 3994 3165 4028 τε
3210 3977 3305 4028 καὶ
3336 3973 3672 4026 συνίσταται.
3703 3965 3763 4018 Ti

2202 4076 2260 4131 δὲ
2291 4076 2627 4146 τρεπόμενον
2664 4074 2713 4126 εἰ
2746 4072 2839 4126 καὶ
2873 4071 2947 4141 μὴ
2979 4068 3247 4139 πρόδηλον
3279 4065 3395 4136 εἶχε
3426 4066 3523 4133 τὴν
3556 4058 3759 4131 φθορὰν,

2204 4167 2323 4231 πῶς
2372 4167 2441 4220 ἂν
2472 4168 2560 4236 εῑη
2589 4165 2887 4234 ἀγένητον;
2929 4161 3117 4233 Τροπὴ
3149 4160 3260 4229 γὰρ
3309 4159 3460 4211 πᾶσα
3507 4153 3598 4207 τοῦ
3642 4149 3763 4204 κατὰ

2205 4260 2366 4331 φύσιν
2407 4257 2859 4331 προϋπάρχοντος
2910 4256 3005 4309 καὶ
3055 4253 3294 4322 μάλιστα
3332 4250 3435 4319 τῆς
3489 4244 3761 4315 ἀγενησίας

2204 4352 2545 4420 καθέστηκεν
2572 4349 2869 4410 ἔκπτωσις.
2900 4347 2962 4399 Εἰ
2999 4345 3056 4399 δὲ
3086 4341 3155 4415 ἦν
3186 4343 3451 4413 ἀγένητον
3480 4338 3761 4406 ἄνθρωπος,

2205 4444 2326 4507 πῶς
2376 4442 2484 4496 ὑπὸ
2528 4442 2629 4513 τῆς
2674 4439 2944 4509 γενέσεως
2992 4440 3112 4508 ἦτοι
3161 4437 3259 4506 τῆς
3313 4431 3651 4504 εἱμαρμένης
3696 4427 3760 4478 δι-

528 4539 791 4599 guuntur,
824 4541 877 4583 et
908 4530 1055 4583 limit.
1098 4532 1249 4595 Quod
1297 4540 1476 4583 autem
1522 4530 1880 4594 convertitur,
1933 4533 2089 4585 etiam

2203 4534 2445 4607 ῳκεῖτ’⁷⁰
2474 4536 2577 4601 av;
2622 4534 2697 4587 Τὸ
2723 4537 2835 4604 γὰρ
2863 4532 3129 4601 ἀγένητον
3159 4531 3222 4582 οὐ
3254 4525 3429 4581 δεῖταί
3462 4539 3603 4585 τινος
3628 4518 3763 4574 ἁλλο-

529 4619 574 4675 si
612 4618 751 4674 forte
785 4621 962 4675 minus
992 4620 1153 4674 fuerit
1181 4620 1465 4675 manifesta
1487 4620 1606 4689 ejus
1630 4622 1928 4691 corruptio,
1971 4638 2105 4692 quo—

2211 4624 2361 4695 τρίου
2400 4625 2539 4695 πρὸς
2574 4624 2673 4695 τὴν
2712 4624 2850 4677 ἰδίαν
2889 4621 3171 4674 σύστασιν.

533 4716 695 4771 modo
755 4717 805 4770 id
872 4728 993 4771 ortu
1048 4732 1239 4771 carere
1271 4717 1476 4786 possit?
1523 4717 1788 4783 Quoniam
1855 4721 2038 4774 omnis
2106 4721 2338 4777 mutatio
2382 4721 2499 4791 ejus
2537 4721 2680 4791 quod
2733 4730 2888 4775 antea
2936 4734 3033 4774 sua
3104 4727 3293 4771 natura
3347 4711 3658 4772 exsistebat,
3693 4704 3761 4759 vel

535 4812 773 4865 maxime
806 4812 859 4866 in
878 4826 1042 4866 causa
1069 4826 1189 4866 esse
1216 4811 1373 4878 solet,
1405 4826 1502 4867 cur
1536 4813 1587 4865 id
1614 4822 1734 4867 ortu
1762 4828 1867 4869 non
1927 4823 2098 4869 creat.
2136 4831 2255 4871 4am
2289 4818 2335 4873 si
2369 4828 2525 4873 ortus
2555 4819 2735 4872 onmis
2775 4832 2972 4886 expers
3026 4814 3219 4868 fuisset
3270 4811 3504 4865 hominis
3572 4816 3761 4867 natura,

535 4903 805 4973 quomodo
830 4918 951 4957 eam
994 4911 1089 4956 aut
1127 4905 1344 4969 genesis
1368 4913 1461 4959 aut
1510 4903 1681 4959 fatum
1727 4906 2258 4976 dispensaret?Nam
2288 4910 2433 4981 quod
2463 4920 2586 4968 ortu
2638 4918 2810 4975 caret,
2868 4909 3092 4964 alterius
3171 4918 3515 4974 nequaquam
3558 4899 3761 4967 indiget,

536 5010 595 5054 ut
626 5001 906 5056 subsistat.

617 5092 671 5147 Si
722 5094 843 5161 quis
890 5102 1075 5147 autem
1118 5092 1232 5162 ipsa
1300 5106 1482 5147 rerum
1524 5092 1821 5154 ,eVidentia
1873 5102 2118 5161 coactus,
2193 5079 2197 5083 ’

538 5185 763 5240 forsitan
790 5182 1046 5247 fateatur,
1077 5196 1196 5239 orta
1231 5186 1447 5255 quidem
1497 5200 1623 5241 esse
1664 5200 1785 5241 cum
1817 5189 2118 5255 terrestria,

538 5289 653 5335 tum
696 5280 944 5348 aquatica
972 5290 1026 5335 et
1056 5295 1213 5333 aerea
1248 5298 1262 5334 :
1299 5279 1397 5335 scd
1453 5280 1600 5335 illam
1635 5288 1813 5335 tamen
1851 5282 2116 5351 genesim,

541 5385 639 5439 per
666 5384 829 5438 quam
868 5370 983 5426 bzec
1015 5370 1403 5440 perﬁciantur,
1455 5387 1618 5429 cursu
1672 5387 1773 5427 suo
1798 5372 2115 5428 continuam

540 5462 857 5529 quamdam,
908 5472 966 5519 et
1006 5475 1160 5520 ortus
1218 5474 1497 5535 expertem
1550 5464 1959 5536 corruptionem
2001 5463 2117 5522 elli-

2286 5093 2351 5147 Εἰ
2378 5093 2436 5146 δέ
2463 5109 2550 5156 τις
2578 5091 2684 5146 ὑπὸ
2711 5092 2813 5162 τῆς
2837 5090 2947 5144 τῶν
2973 5089 3322 5160 πραγμάτων,
3343 5088 3624 5157 ἐναργείας
3663 5085 3765 5155 βια-

2215 5182 2441 5255 ζόμενος
2483 5182 2736 5253 ὁμολογεῖ
2770 5180 2971 5251 γενητά
3005 5180 3104 5250 μὲν
3133 5175 3371 5232 εἶναιτὰ
3417 5180 3507 5232 ἐπὶ
3549 5178 3648 5246 γῆς
3690 5174 3767 5225 καὶ

2214 5275 2488 5348 θαλάττης
2517 5276 2612 5329 καὶ
2640 5274 2709 5327 τὰ
2738 5275 2797 5326 ὲν
2825 5273 2981 5345 ἀέρι,
3011 5273 3113 5344 τὴν
3138 5272 3194 5325 δὲ
3223 5273 3399 5325 ταῦτα
3427 5267 3767 5324 ἀποτελοῦσαν

2213 5370 2428 5441 γένεσιν
2462 5368 2763 5440 τρέχουσαν
2791 5368 3013 5438 διηνεκῆ
3042 5365 3214 5438 φορὰν
3231 5365 3284 5397 ἰ’
3308 5366 3403 5419 καὶ
3430 5364 3676 5433 ἀγένητον
3702 5362 3768 5411 ὲνο

2212 5463 2417 5533 εργεῖν,
2444 5459 2538 5513 καὶ
2561 5456 2891 5529 ἐργάζεσθαι
2918 5458 2989 5512 τὰ
3016 5457 3391 5530 προειρημένα
3414 5456 3578 5511 πάντα
3600 5450 3766 5511 ἀϊδίως

1826 5615 2061 5673 VARUE
2103 5614 2514 5675 LECTlONES.

544 5724 1029 5804 ’δ’δὴΑςδὲς.

546 5806 706 5875 νητὸς
739 5803 809 5847 ὲ-
833 5806 1065 5878 γεννητά
1094 5823 1154 5870 ς’.
1231 5808 1275 5838 ⁵⁸
1300 5803 1418 5875 τοῦ]
1456 5803 1579 5860 libri
1616 5803 1694 5857 τό.

1106 5736 1153 5767 ⁸³
1182 5734 1240 5789 ὃν
1277 5733 1536 5791 Schnttus
1566 5748 1580 5787 :
1611 5730 1730 5786 libri
1758 5725 1857 5786 ὧν.
1930 5730 1977 5762 ⁸⁵
2007 5732 2095 5783 val.
2124 5730 2166 5783 Λ
2195 5748 2208 5786 :
2238 5728 2332 5781 καί
2366 5746 2424 5793 ς.
2503 5727 2547 5757 ⁸⁵
2589 5726 2884 5795 ἀγέννητον
2913 5725 2978 5778 Α.

1773 5804 1817 5835 69
1845 5801 1911 5855 rit
1940 5817 2047 5857 om.
2084 5803 2148 5857 Λ.
2226 5801 2272 5832 ⁷⁰
2323 5798 2444 5853 libri
2476 5797 2741 5865 διοικεῐτ’,
2788 5807 2838 5853 et
2865 5796 3025 5868 paulo
3053 5803 3177 5866 post
3215 5798 3342 5851 ἀπ).

3084 5725 3129 5756 ⁸⁸
3156 5726 3211 5776 ἐν
3233 5724 3280 5775 Λ
3307 5741 3322 5782 :
3356 5726 3420 5781 ἂν
3452 5742 3506 5786 ς.
3574 5720 3620 5752 ⁸⁷
3654 5733 3764 5786 γενο

3418 5742 3506 5789 νς.
3575 5742 3612 5752 ν’
3654 5742 3760 5786 γενε

3418 5797 3459 5827 "
3484 5792 3671 5863 φθορὰν
3703 5803 3760 5853 ς.
