4014 6402
191 398 302 462 833
1216 392 1743 455 BIBLIOTHECA.
1786 415 1849 426 -
1888 389 2052 451 COD.
2077 390 2394 452 CCXXIII.
3344 396 3454 463 834

189 515 287 569 καὶ
305 509 588 580 ἀγένητον,
604 504 835 562 αὐτόθεν
850 506 963 579 ἔχει
990 507 1082 561 τὸν
1101 505 1345 577 ἔλεγχον.
1361 507 1437 558 Οὐ
1453 504 1564 575 γὰρ
1585 499 1698 557 οἶόν
1718 520 1780 556 τε
1798 552 1799 555 η

1898 516 2026 565 :ero,
2068 501 2287 571 illaque,
2317 518 2439 572 quae
2471 499 2585 570 iam
2646 501 2907 571 diximus,
2958 507 3141 562 omnia
3192 522 3455 581 perpetuo

189 607 332 664 αὐτά
351 607 450 676 μὲν
482 600 625 657 εἶναι
653 602 859 670 γενητά
888 600 985 654 καὶ
1009 601 1111 653 οὐκ
1129 599 1297 664 ἀΐδια,
1317 596 1490 651 ἀΐδιον
1509 596 1567 649 δὲ
1587 594 1768 649 αὐτῶν

1898 594 2072 650 ειείιιο
2120 603 2246 648 ortu
2284 594 2525 663 cperari,
2576 594 2666 649 bic
2699 604 2909 651 suamet
2956 598 3132 667 ipsius
3179 603 3451 656 sententia

188 702 289 771 τὴν
323 698 615 770 διοίκησιν.
644 696 727 749 Τὰ
756 694 864 764 γὰρ
885 693 1019 747 ὄντα
1054 709 1141 757 τις
1183 691 1486 762 συγκρατεί
1516 689 1613 743 καὶ
1640 689 1771 742 διοι-

1898 684 2232 757 edarguitur.
2255 685 2369 741 Non
2410 685 2557 741 enim
2589 686 2705 740 ﬁeri
2732 696 2912 757 potest
2955 699 3014 743 ut
3042 690 3159 744 base
3185 693 3373 747 eadem
3397 702 3459 746 et

192 791 298 850 κεί,
328 789 397 841 τὰ
423 787 479 841 δὲ
507 787 608 841 οὐκ
625 786 755 840 ὅντα
780 785 1045 855 πρότερον
1073 785 1219 837 ποιεῖ
1240 784 1361 855 μὲν,
1383 777 1504 835 εἶτα
1533 780 1773 851 κυϐερνᾷ

1898 789 1992 833 prta
2023 790 2080 834 et
2113 793 2222 834 non
2250 780 2581 849 sempiterna
2606 780 2735 848 sint,
2767 790 2823 835 et
2856 789 3038 837 tamen
3063 786 3450 853 sempiternam

189 880 286 933 καὶ
318 879 551 932 διοικεῖο
584 878 647 931 οὐ
702 877 809 948 μὴν
857 876 964 943 πρὸ
1014 875 1111 929 τοῦ
1160 874 1415 943 γενέσθαι
1455 874 1649 929 διοικεῖ
1680 872 1775 928 καὶ

1898 872 2166 926 nimittant
2224 872 2711 943 dispensationem.
2768 872 2902 928 Nam
2966 889 3028 929 ea
3072 876 3288 944 quidem
3334 892 3459 943 qua:

190 971 439 1043 κυϐερνᾷ
463 971 531 1024 τά
568 970 643 1040 μὴ
672 969 821 1036 ὄντα,
849 965 970 1024 εἶτα
997 969 1340 1040 δημιουργεῖ.

1898 963 2142 1018 :xsistunt
2168 963 2309 1019 tueri
2340 963 2607 1032 quispiam
2636 978 2703 1020 ac
2731 966 3046 1035 dispensare
3074 975 3299 1037 potest:
3333 984 3458 1039 qua!

189 1077 325 1115 vero
359 1074 463 1115 non
493 1059 785 1122 exsistunt,
815 1058 1050 1122 primum
1098 1058 1253 1123 facit,
1280 1070 1355 1112 ac
1400 1066 1511 1110 tum
1543 1055 1758 1110 demum
1800 1052 2066 1121 gubernat
2116 1063 2282 1124 atque
2330 1053 2649 1124 dispensat:
2683 1072 2790 1112 non
2842 1067 3021 1112 autem
3082 1060 3255 1128 prius,
3329 1076 3452 1131 quae

192 1169 302 1210 non
334 1161 484 1217 sunt,
514 1151 792 1219 diepensat
822 1159 985 1218 atque
1030 1149 1313 1219 gubernat,
1344 1162 1409 1201 ac
1434 1147 1628 1201 deinde
1663 1144 1854 1198 eadem
1884 1153 2054 1199 creat.

260 1243 477 1316 Γενητά
494 1243 559 1296 ’δέ
592 1260 725 1312 φησι
748 1245 819 1295 τὰ
843 1246 1082 1313 στοιχεῖα
1110 1243 1206 1294 καὶ
1234 1241 1295 1305 ἐξ
1320 1235 1394 1295 ὧν
1421 1241 1614 1310 ὁρᾶται
1644 1236 1748 1292 καθ
1765 1237 1780 1259 ’

1944 1237 2140 1293 Ortum
2170 1247 2350 1292 autem
2395 1238 2596 1293 habere
2645 1239 2810 1293 etiam
2852 1240 3142 1305 elementa,
3172 1242 3257 1297 vel
3285 1257 3351 1298 ex
3384 1260 3449 1299 eo

193 1338 438 1405 ἑκάστην
487 1334 733 1406 ἀλλήλων
786 1334 1046 1405 δεόμεναο
1092 1334 1153 1387 τὸ
1204 1334 1316 1403 γὰρ
1367 1332 1633 1401 ἀγένητον
1684 1329 1778 1383 καὶ

1898 1326 2056 1390 locet,
2082 1329 2226 1397 quod
2260 1336 2449 1382 mutuo
2478 1330 2593 1384 haec
2623 1332 2866 1400 quotidie
2889 1316 3134 1388 subsidio
3163 1350 3323 1404 egere
3370 1337 3455 1390 vi-

189 1428 465 1497 ἀτρεπτον
501 1428 595 1480 καὶ
628 1426 894 1488 ἀνενδεές.
928 1428 1107 1478 Δεῖται
1137 1425 1195 1478 δὲ
1228 1425 1297 1477 τὰ
1328 1426 1569 1494 στοιχεῖα
1612 1422 1777 1492 ἀλλή-

1898 1421 2119 1475 Ieamus.
2166 1422 2433 1488 Quoniam
2460 1425 2603 1492 quod
2656 1434 2777 1478 ortu
2824 1435 2996 1489 caret,
3047 1427 3189 1481 idem
3241 1444 3457 1499 quoque

192 1518 302 1571 λων
341 1518 437 1571 καὶ
468 1520 548 1580 εἰς
586 1518 647 1570 τὸ
672 1517 802 1589 [544
825 1516 919 1588 Η.]
957 1516 1227 1579 σώζεσθαι
1258 1518 1462 1579 καὶοείς
1486 1516 1549 1568 τὸ
1582 1514 1777 1579 σώζειν

1898 1512 2211 1567 mmutabile
2262 1523 2343 1568 est
2367 1522 2422 1568 et
2447 1514 2644 1569 nullius
2668 1516 2939 1586 indigens.
2979 1516 3151 1572 Porro
3212 1520 3454 1589 indigent

189 1607 261 1661 τὰ
292 1609 354 1661 ὲν
386 1607 569 1669 αὐτοῖς
604 1606 740 1670 ζῶα.
762 1606 819 1657 '0
850 1605 907 1657 δὲ
933 1606 1139 1674 κόσμος
1180 1604 1302 1667 ὅλος
1345 1603 1589 1674 γενητὸς,
1619 1600 1679 1665 ἐξ
1703 1594 1777 1654 ὧν

1898 1612 2077 1656 mutuo
2107 1601 2399 1669 elementa,
2432 1618 2537 1657 non
2567 1605 2741 1658 solum
2782 1616 2843 1659 ut
2883 1606 2993 1673 ipsa
3020 1619 3328 1677 serventur,
3363 1626 3458 1663 ve-

194 1701 290 1754 καὶ
324 1698 575 1761 σύνθεσις
609 1700 822 1767 ὁρᾶται,
856 1696 915 1761 ἐξ
948 1695 1179 1765 οὐρανοῦ
1213 1696 1311 1748 καὶ
1338 1696 1441 1765 γῆς
1468 1695 1562 1747 καί
1590 1694 1699 1746 τῶν
1720 1694 1780 1746 ἐν

1898 1708 2005 1747 rum
2049 1693 2214 1748 etiam
2265 1703 2323 1747 ut
2377 1695 2717 1760 animantia,
2754 1710 2874 1764 quae
2930 1698 2983 1751 in
3049 1700 3180 1767 ipsis
3224 1693 3453 1771 degunt;

197 1788 356 1859 μέσῳ
389 1786 767 1856 συγκείμενος.
805 1786 868 1839 Εἰ
914 1787 1026 1856 γὰρ
1067 1787 1160 1839 καὶ
1205 1785 1393 1855 ὤσπερ
1436 1784 1713 1854 ὀφθαλμὸς
1743 1784 1777 1854 ἢ

1898 1796 2224 1840 :onservent.
2254 1785 2512 1841 Mundnm
2547 1788 2611 1841 ad
2647 1787 2763 1842 haec
2804 1798 2972 1841 totum
3028 1790 3231 1847 habere
3277 1804 3456 1851 ertum

193 1880 413 1949 κεφαλὴ
447 1878 542 1933 τοῦ
587 1879 774 1932 λοιποῦ
824 1879 1096 1949 σώματος,
1125 1877 1298 1941 οὕτως
1339 1879 1368 1930 ὁ
1400 1877 1626 1947 οὐρανὸς
1669 1876 1780 1931 τῶν

1898 1885 2109 1946 ιρρδῖει
2138 1892 2207 1932 ex
2239 1892 2325 1942 eo,
2364 1879 2507 1946 quod
2547 1878 2694 1932 hunc
2722 1882 3249 1949 eoagmentatiouem
3267 1897 3458 1951 quam-

193 1972 486 2043 κοσμικῶν
516 1971 797 2042 στοιχείων
841 1972 904 2025 τὸ
934 1970 1279 2040 τιμιώτατον,
1317 1970 1431 2023 ἀλλ’
1465 1966 1560 2022 οὖν
1589 1970 1780 2041 ὥσπερ

1902 1969 2003 2019 lam
2022 1981 2144 2020 esse
2166 1966 2521 2036 percipimus,
2553 1984 2584 2021 e
2625 1967 2783 2032 caelo,
2822 1978 2987 2035 terra,
3012 1984 3312 2040 eorumque
3338 1987 3462 2043 qua?

194 2063 415 2134 κεφαλὴ
458 2064 553 2118 καὶ
582 2063 859 2133 ὀφθαλμὸς
879 2103 894 2127 ,
924 2062 1029 2117 κᾶν
1072 2063 1421 2132 τιμιώτατον,
1459 2062 1783 2131 ὁμοιοπαθεῖ

1898 2072 1936 2109 ηη
1971 2057 2160 2110 borum
2210 2057 2388 2111 medio
2447 2066 2578 2110 sunt
2621 2066 2977 2113 constantem.
3029 2059 3096 2113 Et
3129 2075 3258 2115 vero
3299 2061 3367 2127 si,
3402 2071 3461 2115 ut

195 2156 274 2223 τῷ
303 2153 483 2223 λοιπῷ
516 2152 751 2223 σώματι,
797 2152 942 2206 οὕτω
983 2153 1079 2206 καὶ
1111 2153 1342 2224 οὐρανὸς
1370 2154 1438 2222 γῇ
1490 2154 1583 2206 καὶ
1630 2152 1782 2205 ὕδατι

1898 2147 2073 2202 )culus
2111 2147 2195 2201 vel
2226 2158 2394 2217 caput
2436 2149 2488 2203 in
2523 2148 2735 2219 reliquo
2766 2164 3011 2218 corpore,
3047 2152 3127 2207 sic
3164 2162 3221 2207 et
3259 2152 3456 2207 coelum

195 2247 296 2299 καὶ
329 2246 455 2317 ἀέρι
484 2245 578 2297 καὶ
617 2247 731 2307 τοίς
779 2246 836 2296 ὲν
866 2243 1017 2312 αὐτῷ
1043 2244 1305 2314 φθαρτοῖς
1350 2243 1552 2297 ἅπασιν
1598 2245 1783 2313 ὁμοιο-

197 2335 385 2407 παθὴς
412 2338 672 2407 ὑπάρχων
694 2336 791 2405 τὴν
817 2336 1000 2405 κοινὴν
1022 2335 1228 2406 φθορὰν
1242 2336 1310 2389 »οὐ
1333 2336 1606 2405 διέφυγεν.
1623 2336 1784 2389 Ἀλλά

198 2433 313 2497 γὰρ
347 2428 465 2492 πῶς
495 2429 564 2481 τὰ
604 2426 1086 2497 διοικούμενανύπό
1117 2426 1682 2498 γενέσεωςάγένητα;
1712 2427 1786 2480 ’Ἡ

199 2521 327 2582 πῶς
359 2520 429 2572 τὰ
457 2521 537 2582 εἰς
560 2518 621 2572 τὸ
648 2512 789 2572 εἶναι
831 2518 1034 2589 ἑτέρων
1078 2518 1153 2589 μὴ
1191 2518 1450 2589 δεηθέντα
1483 2519 1565 2581 εἰς
1595 2520 1785 2589 χρείαν

199 2608 376 2682 ἦλθεν
419 2610 706 2681 ἀλλοτρίας
730 2610 1077 2681 διοικήσεως,
1110 2609 1207 2662 καὶ
1238 2608 1445 2680 ταύτης
1498 2609 1600 2663 οὐκ
1650 2611 1788 2676 ἀγα·

200 2701 350 2769 θῆςς
380 2700 445 2752 Τί
486 2700 542 2752 δὲ
575 2699 687 2752 ἀπὸ
711 2698 807 2752 τοῦ
832 2699 1152 2753 διοικεῖσθαι
1196 2702 1450 2769 κρεῖττον
1478 2698 1589 2766 ἕξει
1620 2712 1787 2769 προσκ-

200 2792 381 2859 ούσης
409 2790 594 2853 αὐτοῖς
610 2789 939 2859 ἀγενησίας;
967 2789 1160 2843 Καίτοι
1194 2789 1371 2859 τροπὴ
1400 2791 1551 2843 πᾶσα
1572 2789 1790 2858 φύσεως

202 2883 483 2952 ἀγενήτου
533 2881 710 2951 φθορά
750 2883 846 2935 καὶ¹
892 2880 1148 2947 ἔκστασις
1175 2881 1365 2945 οὐσίας
1393 2881 1650 2952 ἀνάρχου.
1680 2882 1793 2936 Καὶ

205 2974 335 3036 πῶς
364 2974 563 3043 ἡνεγκε
592 2972 662 3026 τὰ
689 2972 933 3043 ἀγένητα
956 2972 1061 3025 ὑπὸ
1086 2973 1355 3042 γενέσεως
1374 2974 1421 3004 ⁷³
1470 2973 1792 3028 διοικεῖσθαι

1883 2238 2028 2292 inter
2042 2238 2221 2291 mundi
2240 2246 2420 2307 partes
2436 2238 2840 2308 dignissimum:
2861 2239 3461 2310 omnino,quemadmo-

1880 2329 2010 2385 dum
2042 2339 2203 2398 caput
2238 2336 2296 2383 et
2325 2330 2536 2390 oculus.
2573 2338 2632 2384 et
2656 2330 2701 2385 si
2736 2330 3050 2398 dignissima
3091 2344 3202 2399 pra:
3246 2330 3463 2385 caeteris

1885 2422 2154 2485 membra,
2183 2420 2372 2477 iisdem
2400 2435 2521 2475 cum
2546 2421 2758 2489 reliquo
2789 2434 3016 2490 corpore
3035 2422 3466 2490 permotionibus

1885 2509 2270 2579 subjiciuntur,
2293 2512 2373 2565 sic
2398 2513 2561 2565 etiam
2588 2513 2784 2566 coelum
2813 2513 2981 2582 (quod
3004 2514 3193 2568 iisdem
3226 2514 3466 2569 motibus

1885 2614 2009 2654 cum
2043 2611 2214 2666 terra,
2247 2603 2439 2673 2096
2473 2618 2610 2672 aqua
2640 2648 2653 2669 ,
2688 2619 2855 2668 aere,
2882 2614 2937 2659 et
2964 2608 3216 2661 omnibus
3246 2622 3368 2676 qua:
3409 2607 3465 2660 in

1889 2706 1958 2749 eo
1992 2702 2121 2750 sunt
2148 2695 2594 2763 corruptibilibus
2641 2696 2936 2752 obnoxium
2961 2696 3076 2771 est)
3117 2714 3465 2755 communem

1890 2799 2237 2855 nequaquam
2262 2785 2447 2857 eﬁ‘ugit
2482 2788 2885 2856 corruptionem
2912 2789 3148 2843 :etenim
3171 2789 3465 2858 quomodo.

1890 2892 2013 2947 quae
2043 2893 2072 2931 a
2102 2878 2317 2945 genesis
2353 2878 2755 2947 dispensatione
2781 2880 3035 2949 pendent,
3068 2889 3192 2934 ortu
3221 2887 3466 2947 careant,

1892 2970 1977 3023 vel
2005 2970 2279 3038 quomodo
2312 2984 2432 3040 quae
2461 2970 2527 3024 ad
2567 2972 2939 3026 exsistendum
2977 2971 3205 3024 aliorum
3247 2982 3352 3024 non
3383 2971 3469 3024 iu-

204 3068 317 3121 οὑκ
347 3066 441 3118 ἐπὶ
469 3064 533 3119 τὸ
560 3064 869 3136 σωθῆναιτ³
896 3066 1081 3129 αὐτοῖς
1125 3065 1188 3118 τὸ
1230 3066 1515 3137 ἀγένητον,
1562 3066 1679 3119 ἀλλ’
1703 3068 1795 3120 ἐπὶ

1898 3061 2207 3129 diguerunt,
2251 3057 2366 3127 jam
2420 3060 2631 3128 alienae,
2667 3069 2723 3116 et
2780 3061 2997 3130 quidem
3040 3074 3146 3114 non
3192 3061 3346 3115 bona:
3391 3059 3473 3114 di-

205 3160 271 3213 τδ
306 3157 687 3227 φυλαχθῆναι;
720 3156 784 3209 Εί
821 3156 879 3210 δέ
908 3166 999 3220 τις
1025 3157 1288 3228 ἀγένητον
1315 3158 1462 3226 λέγοι
1487 3158 1675 3212 αὐτῶν
1696 3159 1796 3229 τὴν

1900 3152 2265 3221 spensatiunis
2294 3160 2575 3220 «cperunt
2621 3153 2899 3224 indigere?
2936 3152 3073 3219 Quid
3103 3167 3230 3207 vero
3264 3166 3331 3205 ex
3369 3153 3472 3206 hac

204 3250 448 3324 τροπὴν,
463 3250 527 3303 τὸ
550 3251 766 3305 πάντων
790 3248 1194 3321 ἀδυνατώτερον
1214 3251 1424 3319 εἰσάγει
1444 3266 1459 3282 ·
1484 3251 1662 3322 τροπὴ
1684 3250 1794 3322 γάρ

1898 3240 2296 3308 dispensatione
2349 3242 2700 3297 emolumenti
2753 3244 2989 3312 capient,
3053 3243 3097 3297 si
3142 3244 3253 3312 jam
3303 3253 3469 3297 antea

207 3344 395 3405 πάθος
418 3341 565 3395 ἐστὶν
594 3341 919 3412 ἀρχόμενον,
952 3342 1049 3394 καὶ
1079 3342 1179 3395 οὐκ
1209 3341 1275 3397 ἀν
1300 3359 1385 3407 τις
1412 3343 1558 3396 εἴποι
1583 3344 1795 3415 τροπὴν

207 3438 477 3505 ἄναρχον.
506 3433 617 3487 Καὶ
663 3432 946 3504 συντόμως
988 3434 1187 3496 εἰπεῖν,
1218 3431 1329 3485 τῶν
1374 3433 1656 3503 στοιχείων
1702 3434 1801 3487 καὶ

208 3528 330 3582 τῶν
381 3526 440 3592 ἐξ
485 3526 665 3581 αὐτῶν
714 3526 869 3591 ζώων
913 3543 973 3578 τε
1022 3526 1115 3579 καὶ
1166 3526 1434 3596 σωμάτων
1461 3527 1495 3596 ή
1525 3526 1802 3593 πάνσοφος

209 3620 421 3689 τροπὴ.
448 3619 543 3672 καὶ
572 3618 683 3672 τῶν
725 3618 1020 3689 σχημάτων
1063 3616 1157 3671 καὶ
1201 3617 1509 3688 χρωμάτων
1555 3616 1652 3671 καὶ
1691 3615 1802 3671 τῶν

211 3708 401 3764 ἄλλων
433 3709 737 3778 ποιοτήτων
765 3711 800 3778 ἠ
824 3706 1044 3778 ποικίλη
1076 3707 1310 3778 διαφορά
1346 3706 1507 3778 μόνον
1534 3705 1656 3777 οὐχὶ
1685 3723 1801 3774 φω-

214 3802 324 3871 νὴν
367 3802 564 3872 ἀφίησι
592 3801 729 3872 μήτε
759 3800 1027 3871 ἀγένητον
1054 3801 1201 3870 μήτε
1228 3799 1532 3866 αὐτόματον
1560 3801 1802 3869 νομίζειν

215 3894 320 3947 τὸν
363 3893 569 3963 κόσμον
591 3934 608 3959 ,
642 3894 768 3964 μήτ’
795 3888 862 3948 αὖ
894 3892 1251 3961 ἀπρονόητον,
1290 3890 1418 3962 {665
1444 3888 1536 3962 IL]
1584 3890 1716 3944 Θεὸν
1748 3890 1805 3944 δὲ

216 3986 411 4048 αὐτοῖς
434 3986 531 4039 καὶ
555 3985 617 4039 τὸ
639 3981 778 4038 εἶναι
807 3984 902 4039 καὶ
920 3984 980 4037 τὸ
1004 3979 1065 4038 εὖ
1095 3979 1234 4037 εἶναι
1263 3983 1681 4054 παρασχόμενον
1711 4001 1807 4038 σα-

218 4078 346 4147 φῶς
374 4078 575 4132 ειδέναι
604 4079 701 4132 καὶ
724 4078 1065 4141 ἁδιστάκτως
1089 4075 1441 4132 ἐπίστασθαι.

1897 3344 2021 3389 ortu
2053 3336 2347 3389 carebant?
2369 3334 2561 3390 Omnis
2586 3336 2803 3405 quippe
2850 3346 3057 3390 naturae
3082 3345 3203 3389 ortu
3233 3335 3473 3389 carentis

1896 3428 2150 3494 mutatio,
2190 3428 2467 3497 corruptio
2502 3437 2604 3492 est,
2630 3439 2804 3497 atque
2839 3429 3064 3484 amissio
3103 3428 3249 3484 illius
3291 3429 3471 3483 exsis-

1896 3520 2105 3585 tentite,
2122 3534 2243 3589 qua:
2268 3520 2536 3588 principio
2557 3522 2797 3575 carebat.
2816 3518 3099 3587 Quomodo
3116 3520 3257 3576 item
3292 3519 3473 3590 posuit

1896 3626 1961 3671 ea
1992 3626 2113 3682 quae
2134 3622 2263 3667 ortu
2280 3622 2470 3666 carent
2491 3626 2519 3664 a
2544 3612 2763 3681 genesis
2779 3612 3186 3681 dispensatione
3214 3611 3473 3681 pendere,

1899 3720 2009 3761 non
2030 3715 2100 3762 ut
2129 3708 2210 3761 eis
2243 3708 2474 3762 donetur
2494 3707 2593 3761 illa
2624 3718 2777 3761 ortus
2800 3723 2995 3777 expers
3027 3718 3240 3774 natura,
3283 3708 3376 3763 sed
3415 3715 3476 3762 ut

1899 3809 2265 3853 conservetur
2307 3798 2649 3870 [duntaxat].
2672 3799 2735 3854 'Si
2764 3800 2901 3868 quis
2925 3814 3055 3854 vero
3075 3802 3476 3855 dixeriteorum

1898 3893 2255 3946 mutationem
2311 3902 2432 3946 ortu
2488 3906 2700 3957 carere,
2757 3893 2918 3946 etiam
2972 3893 3071 3947 hoc
3114 3892 3295 3958 infert,
3330 3892 3475 3962 quod

1894 3985 2129 4039 minime
2178 3983 2419 4038 omnium
2484 3983 2603 4038 ﬁeri
2654 3994 2850 4052 pctest.
2888 3984 3112 4038 Mutatio
3149 3986 3291 4039 enim
3325 3985 3477 4055 ejus-

1896 4078 2049 4131 modi
2108 4076 2605 4145 quaedam-all‘ectio
2638 4086 2759 4141 est,
2794 4091 2913 4146 quae
2949 4078 3273 4147 principium
3309 4078 3473 4133 habet

220 4179 282 4223 et
331 4168 508 4224 nullus
552 4183 785 4237 unquam
820 4168 1021 4224 dixerit
1064 4167 1417 4224 mutationem
1467 4181 1589 4224 esse
1654 4168 1772 4225 sine
1811 4168 2097 4239 principio.
2128 4167 2403 4235 Quinimo,
2434 4176 2494 4223 ut
2548 4168 2783 4224 breviter
2826 4170 2997 4223 dicam
3025 4210 3040 4233 ,
3075 4178 3127 4224 et
3178 4170 3475 4223 elemento-

223 4272 372 4322 rum,
416 4266 471 4313 et
513 4273 634 4327 qua:
665 4257 794 4327 ipsis
824 4258 961 4313 ﬁunt
1007 4271 1131 4313 cum
1187 4257 1570 4325 animantium,
1623 4268 1735 4314 tum
1789 4274 2080 4329 corporum
2128 4260 2525 4329 sapientissima
2578 4260 2843 4326 mutatio,
2908 4262 3199 4333 ﬁgurarum
3242 4264 3307 4317 ad
3362 4264 3477 4318 haec

226 4361 394 4417 atque
414 4349 677 4415 colorum,
704 4358 760 4404 et
791 4348 1120 4419 reliquarum
1177 4348 1503 4418 qualitatum
1545 4350 1695 4405 varia
1749 4350 2077 4418 diﬂ‘erentia,
2134 4360 2340 4405 tantum
2374 4367 2494 4407 non
2560 4354 2775 4418 clamat,
2822 4356 2917 4409 Tne
2967 4362 3058 4408 aut
3105 4364 3224 4409 ortu
3289 4372 3479 4412 carere

227 4442 517 4508 mundum,
557 4450 651 4497 aut
692 4454 903 4498 natura:
928 4452 1123 4513 sponte
1162 4442 1429 4499 exsistere
1475 4454 1637 4514 atque
1685 4446 1802 4500 sine
1839 4445 2176 4515 providentia
2225 4459 2346 4500 esse
2404 4454 2682 4516 putemus,
2729 4447 2823 4502 sed
2867 4447 2997 4502 illud
3034 4448 3183 4503 clare
3224 4450 3483 4506 sciamus.

230 4544 288 4587 et
331 4533 630 4588 indubitate
700 4544 981 4589 teneamus
1042 4534 1212 4589 Deum
1264 4535 1416 4590 hisce
1465 4536 1716 4589 omnibus
1760 4545 1984 4601 etesse,
2014 4546 2070 4592 et
2103 4539 2241 4593 bene
2267 4551 2389 4592 esse
2412 4537 2623 4609 largiri.

300 4627 456 4696 Τάχα
500 4624 557 4678 δὲ
605 4622 809 4694 γενητὰ
841 4624 942 4694 μὲν
966 4623 1039 4678 τὰ
1066 4622 1202 4677 ἀλλα
1244 4624 1508 4693 φήσουσι,
1543 4623 1711 4694 μόνην
1754 4624 1801 4677 δὲ

1988 4625 2190 4681 Verum
2222 4625 2350 4680 illud
2376 4625 2612 4681 forsitan
2643 4625 2853 4695 dicent;
2892 4636 3090 4682 caetera
3139 4629 3354 4696 quidem
3386 4640 3479 4686 0r-

212 4718 329 4790 .τὴν
378 4716 490 4769 τῶν
538 4715 755 4785 ἄστρων
804 4714 968 4783 φύσιν
1005 4711 1102 4768 καὶ
1145 4714 1298 4768 θέσιν
1346 4714 1629 4783 ἀγένητον.
1647 4714 1808 4769 Ἀλλά

231 4810 448 4881 πρῶτον
472 4808 582 4879 «μὲν
602 4808 752 4869 τίνος
774 4802 847 4877 ἦν
874 4807 908 4875 ἡ
931 4806 1145 4875 γένεσις
1169 4805 1301 4875 πρὶν
1325 4805 1579 4872 γενέσθαι
1600 4804 1807 4873 ταῦτας

235 4905 332 4966 Τίς
360 4902 422 4955 δὲ
452 4902 483 4954 ὁ
508 4901 581 4953 τά
610 4901 848 4969 στοιχεῖα
877 4898 1324 4969 δημιουργήσας;
1359 4898 1429 4950 Ἦ
1475 4897 1661 4967 ἕτερος
1708 4897 1809 4967 μὲν

235 4992 429 5057 οὐδεὶς,
463 4990 604 5044 αὐτὰ
640 4989 698 5043 δὲ
738 4988 925 5043 ἑαυτά.
961 4989 1035 5042 'Ib
1071 4989 1128 5041 δὲ
1157 4988 1421 5058 ἀγένητον
1446 4986 1569 5041 οὕτε
1600 4987 1809 5059 τροπὴν

237 5082 557 5150 αυθαίρετον
598 5080 665 5135 ἂν
701 5081 968 5151 ὑποσταίη
982 5081 1061 5113 ’δ’
1094 5081 1229 5134 πᾶσι
1278 5081 1375 5150 μὲν
1408 5081 1517 5151 γὰρ
1564 5080 1718 5149 φίλον
1748 5080 1810 5133 τὸ

238 5174 378 5229 κατά
427 5172 612 5243 φύσιν,
656 5173 890 5242 μάλιστα
928 5173 991 5226 δὲ
1038 5174 1104 5243 τῇ
1164 5174 1412 5243 ἀγενήτῳ
1460 5173 1659 5243 φύσει·
1690 5173 1815 5228 οὔτε

238 5265 324 5333 ὑφ’
353 5265 547 5335 ἑτέρου
601 5264 676 5334 μὴ
706 5264 1047 5335 ·βουλόμενον
1093 5265 1258 5319 πάθοι
1277 5281 1293 5295 °
1335 5265 1594 5319 ἁὸίαστον
1620 5266 1728 5337 γὰρ
1756 5267 1817 5320 τὸ

241 5360 510 5427 κρεῖττον,
549 5359 798 5427 κρεῖττον
825 5357 882 5410 δὲ
911 5358 1174 5427 ἁγενήτου
1202 5357 1388 5421 οὐσίας
1409 5359 1583 5413 οὐδέν.
1615 5360 1737 5423 Ιιῶς
1759 5360 1816 5412 δ’

239 5448 305 5501 ἂν
330 5448 402 5501 τὰ
434 5447 660 5519 μηδαμῆ
686 5448 950 5519 μηδαμῶς
976 5448 1217 5517 γένοιντο
1237 5448 1362 5518 δίχα
1382 5448 1476 5502 τοῦ
1500 5450 1813 5518 ποιοῦντος;

241 5538 367 5603 Πῶς
391 5540 451 5593 δὲ
482 5540 576 5593 τὸν
600 5540 737 5594 Θεὸν
766 5539 973 5610 ταύτην
997 5540 1098 5610 τὴν
1129 5540 1282 5609 ἰσχὺν
1312 5541 1675 5610 ἀφαιροῦντες
1711 5543 1811 5595 αὑ-

243 5634 353 5697 τοῖς
384 5632 554 5689 ἑαυτά
597 5632 861 5703 προάγειν
893 5634 958 5685 ὲκ
1006 5631 1083 5702 μὴ
1126 5630 1297 5684 όντων
1345 5631 1705 5702 περιάπτουσι
1751 5633 1815 5685 τὸ

1900 4728 2028 4773 tum
2064 4718 2266 4773 habere
2292 4718 2495 4785 omnia,
2529 4718 2621 4773 sed
2651 4718 2822 4774 solam
2862 4719 3143 4774 stellarum
3176 4722 3291 4778 sive
3321 4734 3483 4779 natu-

1906 4823 2054 4873 ram,
2089 4810 2205 4865 sive
2224 4810 2545 4880 positionem
2572 4818 2694 4865 ortu
2720 4826 2928 4866 carere.
2956 4811 3027 4866 At
3050 4814 3226 4881 primo
3255 4831 3270 4869 :
3299 4815 3486 4884 cujus-

1912 4915 2040 4954 nam
2061 4901 2133 4956 sit
2152 4900 2366 4972 genesis
2389 4899 2835 4978 illa,fpriusquam
2859 4901 3056 4972 aliquid
3087 4903 3284 4960 factum
3301 4910 3445 4964 esset
3459 4908 3486 4962 ?

1908 4992 2050 5059 Quis
2073 5006 2204 5046 vero
2232 4992 2503 5047 elementa
2551 4993 2825 5048 creasset?
2857 5006 2927 5047 an
2964 4994 3114 5050 alios
3152 5010 3336 5063 nemo,
3386 4999 3484 5055 sed

1910 5085 2032 5139 haec
2102 5082 2257 5152 ipsa?
2311 5081 2507 5140 Verum
2575 5087 2718 5155 quod
2790 5095 2910 5141 ortu
2958 5096 3150 5153 'creat,
3208 5103 3481 5158 nunquam

1910 5185 2104 5245 sponte
2131 5190 2226 5229 sua
2294 5176 2648 5232 mutationem
2699 5178 2861 5232 ullam
2920 5179 3127 5234 subeat.
3172 5177 3307 5234 Nam
3360 5197 3482 5236 cum

1910 5267 2163 5323 omnibus
2206 5267 2337 5322 illud
2376 5281 2590 5339 gratum
2648 5284 2769 5325 esse
2798 5271 2957 5337 solet,
2997 5272 3139 5342 quod
3184 5275 3483 5328 secundum

1911 5358 2030 5427 ejus
2080 5368 2329 5413 naturam
2378 5371 2482 5425 est,
2520 5370 2633 5415 tum
2695 5361 2769 5417 illi
2810 5364 3042 5419 maxime
3084 5374 3329 5443 naturae,
3365 5381 3487 5436 quae

1910 5462 2034 5506 ortu
2056 5463 2263 5507 careat.
2300 5453 2487 5522 Neque
2520 5469 2649 5510 vero
2680 5455 2820 5521 haec,
2860 5456 2905 5513 si
2938 5456 3087 5523 nolit,
3126 5459 3192 5512 ab
3222 5458 3327 5514 alio
3357 5474 3488 5528 quo-

1886 5544 2065 5623 ,piam
2094 5543 2203 5612 pati
2258 5558 2346 5599 res
2372 5544 2479 5598 ulla
2541 5546 2732 5613 possit.
2775 5545 3039 5612 Quoniam
3073 5548 3214 5616 quod
3250 5549 3483 5603 validius
3545 5533 3573 5590 ί

1920 5646 2024 5703 est,
2054 5637 2107 5690 vi
2139 5636 2282 5690 nulla
2317 5634 2576 5708 [minore]
2615 5638 2731 5707 cogi
2771 5648 2965 5707 queat,
2993 5650 3047 5695 et
3072 5655 3203 5697 sane
3228 5641 3362 5697 nihil
3390 5641 3482 5697 illa

1497 5748 1736 5807 VARUE
1774 5752 2185 5810 LECTIONES.

323 5844 365 5877 ⁷⁸
399 5843 521 5902 libri
553 5842 882 5913 γεννήσεως.
907 5843 1000 5925 px"
1034 5840 1295 5935 σωθῆναι]
1326 5841 1543 5914 δοθῆναι
1599 5844 1881 5901 Scbottus.

1986 5848 2029 5879 7'
2065 5847 2129 5902 ἂν
2179 5847 2507 5920 ὑποσταίηΔ
2560 5870 2572 5904 :
2620 5851 2983 5915 ὑποσταίεις.
