3924 6392
564 380 672 445 8³⁵
715 378 719 383 ,

1624 426 1629 431 .
1713 370 1980 436 ΡΗΟΤΙῙ
2018 368 2527 433 PATRIARCHB
2559 370 2672 436 (ΣΡ.

3705 375 3788 443 836

564 501 757 547 natura
784 487 1038 555 validius,
1059 502 1180 560 quae
1211 494 1389 544 ortum
1420 484 1628 543 nullum
1658 486 1842 544 liabet.
1876 486 2127 554 QBOIIIOdt

2254 485 2495 558 κράτος;
2541 487 2603 541 El
2634 484 2694 542 δὲ
2721 484 2816 544 καὶ
2846 484 2988 543 αὑτὰ
3013 488 3349 561 προαγαγεῐν
3389 487 3614 560 ίσχνσεν
3654 487 3792 547 ἑαυτὰ

564 581 717 645 item,
748 594 870 650 quae
908 578 1060 634 nullo
1111 592 1345 649 prorsus
1395 577 1553 634 modo
1600 586 1749 642 sunt,
1789 577 1907 633 sine
1950 576 2145 647 opilice

563 670 681 726 fleri
712 671 959 740 possint?
986 679 1078 724 aut
1103 670 1374 740 quomodo
1401 669 1513 725 Deo
1531 669 1674 725 hanc
1689 668 1797 723 vim
1815 666 2142 733 auferentes,

563 762 666 817 sibi
721 762 1002 816 vindicare
1083 760 1396 816 facultatem
1449 775 1567 815 eam
1604 770 1850 831 possunt,
1877 767 1938 815 ut
1964 760 2143 830 seipsa

562 853 883 920 producam.
924 868 1045 923 quae
1089 862 1249 907 antea
1287 866 1397 906 non
1419 850 1790 907 exsistebant?
1815 849 1874 906 Si
1906 865 2036 906 vero
2058 865 2144 907 se-

562 943 790 1010 metipsa
847 944 1147 1011 producere
1200 948 1489 1011 potd‘erunt
1531 940 1660 1009 quin
1717 943 1845 997 item
1877 958 1907 997 ε
1949 942 2141 1013 seipsis

564 1033 912 1102 dispensandi
964 1034 1045 1089 sui
1082 1033 1391 1088 facultatem
1438 1042 1791 1102 acceperunt,
1824 1034 1917 1089 sed
1966 1036 2138 1093 aliena

563 1139 697 1179 cura
744 1141 881 1195 opus
920 1128 1261 1182 habuerunt?
1292 1129 1455 1184 Multo
1482 1130 1626 1185 enim
1672 1118 1814 1186 factu
1870 1131 2138 1190 diﬂicilius

564 1221 670 1277 est,
703 1214 939 1283 primum
972 1217 1174 1285 aliquid
1209 1218 1347 1283 fieri,
1386 1235 1550 1288 quam
1598 1230 1882 1291 postquam
1934 1224 2133 1280 factum

565 1305 743 1359 fuerit
784 1321 1125 1375 permanere.
1150 1308 1430 1373 Quomodo
1459 1312 1625 1381 igitur
1643 1316 1784 1382 quod
1804 1324 1920 1369 erat
1948 1316 2137 1372 dilllci-

564 1396 672 1451 lius
697 1396 751 1469 la
780 1413 898 1453 sese
945 1400 1301 1474 babuerunt,]
1352 1406 1495 1472 quod
1532 1415 1717 1460 autem
1768 1406 2000 1473 facilius,
2034 1425 2137 1463 non

568 1487 855 1554 haberent,
913 1491 1015 1544 nisi
1071 1498 1139 1545 ab
1184 1492 1291 1547 alio
1334 1496 1707 1564 accepissent?
1759 1497 1826 1553 Et
1869 1500 2138 1569 quomodo

562 1579 775 1647 genesis
799 1588 1020 1643 terram,
1061 1597 1268 1651 aerem,
1315 1596 1369 1640 et
1401 1588 1502 1642 alia
1530 1605 1652 1659 quae
1697 1606 1801 1645 non
1838 1592 1983 1655 fecit,
2014 1593 2132 1647 dis-

559 1677 771 1737 pensat.
812 1669 1127 1727 Cmrditoris
1165 1677 1306 1730 enim
1372 1693 1568 1735 munus
1600 1689 1683 1735 est
1722 1681 1884 1737 etiam
1918 1684 2134 1754 dispen-

559 1757 724 1823 satio,
752 1774 874 1814 cum
907 1776 1013 1817 non
1045 1764 1218 1820 solum
1246 1768 1486 1823 omnium
1515 1786 1636 1843 quae
1668 1772 1737 1827 ab
1764 1774 1879 1843 ipso
1916 1776 2130 1831 condita

558 1857 686 1903 sunt
729 1860 977 1907 naturam
1013 1856 1175 1921 norit,
1213 1873 1394 1914 rerum
1423 1860 1585 1915 etiam
1636 1878 1757 1932 qua:
1790 1865 2130 1935 potissimum

560 1940 771 1995 ratione
817 1948 1148 2013 conservari,
1171 1958 1225 2004 et
1256 1952 1626 2031 undewrnrsus
1641 1955 1850 2026 21,οα
1875 1957 2130 2014 confundi

558 2042 790 2102 queant,
817 2042 982 2104 atque
1005 2043 1302 2110 corrumpi.
1334 2042 1390 2096 Si
1415 2043 1504 2111 qui
1552 2060 1714 2115 porro
1747 2049 2001 2113 audeant,
2022 2050 2132 2105 ele-

560 2131 872 2177 mentorum
917 2139 1137 2196 quoque
1163 2131 1491 2187 creationem
1522 2133 1633 2189 fato
1662 2136 1919 2203 tribuere,
1946 2140 2129 2195 dicant

557 2209 720 2265 velim
766 2213 943 2279 nobis,
971 2216 1253 2287 qualenam
1302 2230 1529 2283 astrum.
1566 2226 1630 2278 ad
1668 2240 1826 2281 suum
1854 2229 1903 2282 in
1947 2232 2131 2285 zodia-

554 2315 682 2357 cum
730 2305 990 2361 circulum
1025 2310 1348 2379 ingressum,
1387 2323 1593 2370 terram.
1612 2318 1936 2386 perfecerit?
1967 2322 2134 2390 Quale

556 2393 723 2448 etiam
757 2411 961 2462 aerem,
1018 2399 1103 2454 vel
1155 2401 1355 2471 ignem,
1422 2405 1506 2460 vel
1553 2411 1786 2478 aquam?
1842 2412 2036 2467 Verum
2080 2415 2131 2469 id

557 2497 836 2553 nunquam
858 2488 1115 2555 dixerint,
1166 2494 1377 2551 etiamsi
1412 2499 1646 2556 maxime
1675 2502 1909 2571 amplius
1940 2508 2131 2573 nugari

556 2576 747 2632 velint.
794 2577 1062 2637 Praeterea
1096 2584 1165 2650 si,
1206 2587 1346 2653 quod
1394 2588 1521 2643 facit
1554 2593 1788 2661 genesis.
1823 2610 1928 2649 non
1967 2599 2132 2655 semel

555 2665 707 2733 facit,
771 2670 866 2724 sed
903 2674 1092 2727 eadem
1145 2678 1341 2745 sa-pius
1406 2690 1527 2749 post
1581 2691 1879 2753 temporum
1931 2688 2133 2757 aliquot

555 2759 826 2814 curricula
857 2765 1072 2832 repetit,
1117 2769 1407 2824 ostendant
1441 2772 1600 2827 nobis
1663 2776 1859 2844 saepius
1890 2793 2010 2834 esse
2048 2779 2133 2835 fa-

564 2861 684 2906 ctas
707 2853 904 2909 multas
942 2857 1178 2927 integras
1207 2872 1399 2928 terras,
1437 2865 1635 2921 multas
1658 2868 1904 2939 integras
1938 2886 2128 2940 aquas,

555 2943 726 2998 multa
772 2947 977 3017 integra
1017 2952 1209 3016 maria,
1242 2956 1386 3011 unde
1421 2959 1586 3012 etiam
1631 2963 1862 3016 mundos
1889 2963 2131 3022 infinitos

554 3037 918 3095 constituant.
960 3042 1038 3096 Ac
1082 3048 1531 3113 quemadmodum
1580 3051 1683 3107 boe
1722 3053 1838 3109 fieri
1880 3070 1985 3110 non
2031 3072 2129 3128 po-

2158 1824 2206 1884 B

2242 578 2337 635 διὰ
2360 578 2415 632 τί
2448 578 2524 650 μὴ
2556 578 2649 632 καὶ
2675 577 2738 632 τὸ
2763 578 3085 633 διοικεῖσθαι
3108 577 3323 633 οἴκοθεν
3353 578 3653 650 παρέσχεν,
3682 580 3793 636 ἀλλὰ

2241 672 2344 743 τῆς
2376 671 2567 741 ἑτέρου
2595 670 2925 742 κηδεμονίας
2948 670 3143 742 ἐδεήθη
3168 686 3183 736 ;
3221 670 3297 725 Τδ
3321 670 3433 741 γάρ
3452 672 3704 740 γενέσθαι
3720 673 3794 727 τοῦ

2241 760 2517 832 διαμένειν
2549 760 2842 830 γενόμενον
2874 758 3056 832 πολλῷ
3079 759 3523 831 δυσχερέστερον.
3549 763 3676 825 Πῶς
3703 759 3793 833 οὖν,

2241 850 2272 904 δ
2318 851 2420 921 μὲν
2469 846 2540 922 ἦν
2584 850 3028 923 δυσχερέστερον,
3061 851 3141 915 είς
3193 852 3394 923 πρᾶξιν
3421 854 3671 922 ἤνεγκεν,
3704 854 3795 909 ὁδὶ

2243 943 2446 1016 ῥᾴδιον,
2476 943 2576 997 οὑκ
2604 942 2670 997 ἂν
2698 942 2813 1013 ιχοι
2862 942 2938 1014 μὴ
2971 944 3101 1013 παρ’
3130 943 3319 1015 ἑτέρου
3354 943 3571 1011 λαϐών;
3606 945 3731 1008 Πῶς
3751 946 3797 1000 δὲ

2240 1034 2337 1088 καὶ
2384 1035 2419 1105 ὴ
2464 1032 2678 1101 γένεσις
2720 1036 2825 1106 γῆν
2853 1051 2915 1089 τε
2945 1037 3040 1089 καὶ
3069 1036 3207 1109 ἀέρα
3240 1037 3434 1091 καὶτὰ
3463 1037 3618 1104 ἀλλα,
3655 1038 3696 1092 ἃ
3736 1042 3796 1111 μὴ

2241 1126 2542 1198 πεποίηκε,
2574 1126 2805 1193 διοικεί;
2836 1129 3038 1199 Ἔργον
3064 1130 3175 1201 γὰρ
3202 1130 3299 1184 τοῦ
3329 1132 3688 1203 πεποιηκότος
3722 1136 3797 1187 ul

2236 1220 2300 1274 τὸ
2327 1220 2569 1283 διοικεῖν.
2602 1221 2682 1275 ὅτι
2712 1222 2807 1276 καὶ
2840 1223 3001 1293 μόνος
3026 1225 3136 1277 τῶν
3169 1225 3369 1279 ἑαυτοῦ
3395 1227 3795 1298 δημιουργημά-

2237 1329 2345 1365 των
2388 1314 2489 1382 τὴν
2515 1313 2675 1382 φύσιν
2708 1310 2835 1378 οἶδε,
2880 1314 2974 1369 καὶ
3006 1316 3157 1380 ὅπως
3197 1317 3302 1387 μὲν
3346 1321 3619 1388 κρατοῐτο,
3649 1318 3796 1372 πόθεν

2202 1468 2207 1480 ι
2236 1401 2292 1453 δὲ
2324 1404 2607 1472 συγκέοιτο
2639 1404 2732 1457 καὶ
2762 1403 3146 1476 διαφθείροιτο.
3182 1405 3245 1459 El
3279 1406 3337 1460 δὲ
3364 1407 3694 1479 τολμήσαιεν
3720 1409 3796 1461 καὶ

2236 1492 2345 1545 τῶν
2376 1494 2653 1563 στοιχείων
2678 1496 2777 1567 τὴν
2805 1496 3163 1566 δημιουργίαν
3187 1497 3447 1550 ἀνάπτειν
3460 1498 3504 1528 ⁷⁸
3528 1499 3594 1567 τῇ
3621 1498 3796 1568 εἱμαρ-

2242 1584 2397 1655 μένῃ,
2432 1584 2686 1659 [διεμι]
2720 1586 3028 1657 λεγέτωσαν
3067 1589 3202 1657 ἡμῖν
3228 1590 3375 1651 ποῖος
3409 1589 3506 1658 μὲν
3531 1588 3706 1658 ἀστὴρ
3730 1590 3795 1652 είς

2234 1676 2353 1731 τόδε
2381 1678 2442 1731 τὸ
2470 1676 2660 1743 ζώδιον
2691 1678 2949 1733 εἰσελθὼν
2971 1680 3266 1734 ἀπετέλεσε
3301 1680 3400 1752 τὴν
3426 1681 3552 1751 γῆν,
3580 1684 3730 1744 ποῖος
3748 1682 3793 1735 δὲ

2235 1770 2326 1823 τὸν
2358 1773 2499 1840 ἀέρα
2526 1771 2559 1844 ἢ
2588 1771 2650 1825 τὸ
2675 1771 2787 1845 πῦρ
2815 1772 2848 1843 ἢ
2877 1775 2937 1826 τδ
2963 1772 3127 1843 ὕδωρ.
3144 1772 3284 1826 Ἀλλ’
3313 1773 3415 1826 οὑκ
3436 1773 3503 1827 ἂν
3528 1774 3699 1844 ἔχοιεν
3723 1772 3795 1827 λέ-

2235 1879 2373 1931 γειν,
2404 1864 2453 1917 εί
2486 1863 2583 1917 καὶ
2621 1862 2786 1917 πλέον
2807 1863 2993 1934 ληρεῖν
3024 1864 3410 1937 μελετήσωσιν.
3433 1862 3640 1928 Ἀλλως
3664 1882 3723 1917 τε
3747 1866 3793 1918 δι

2236 1955 2285 2008 εί
2315 1955 2412 2026 οὑχ
2435 1953 2583 2019 ἅπαξ
2606 1957 2751 2009 ποιεῖ
2778 1954 2807 2008 ὃ
2830 1957 2979 2009 ποιεῖ
3001 1957 3033 2028 ἡ
3060 1956 3294 2024 γένεσις,
3322 1955 3584 2018 πολλάκις
3606 1956 3663 2009 δὲ
3684 1955 3792 2008 ri"

2234 2046 2375 2101 αὑτά
2401 2047 2546 2100 κατά
2568 2063 2719 2111 τινας
2745 2047 2953 2118 χρόνων
2982 2048 3282 2118 περιόδους,
3298 2048 3659 2103 δεικνύτωσαν
3678 2050 3793 2118 ἡμῖν

2235 2137 2492 2202 πολλάκις
2530 2138 2630 2208 μὲν
2665 2140 3039 2211 γεγενημένας
3070 2140 3272 2205 πολλάς
3318 2141 3576 2212 όλότητας
3613 2141 3789 2209 γαιῶν,

2234 2227 2436 2293 πολλάς
2482 2229 2540 2283 δὲ
2587 2227 2814 2299 ὑδάτων,
2844 2230 3049 2296 πολλὰς
3075 2232 3135 2287 δὲ
3163 2232 3469 2296 θαλασσῶν,
3510 2234 3569 2299 ἐξ
3604 2228 3677 2287 ὧν
3712 2237 3791 2289 καὶ

2233 2319 2474 2390 κόσμους
2518 2320 2781 2392 ἀπείρους
2810 2323 3195 2394 συστήσουσιν.
3214 2324 3376 2377 Ἀλλὰ
3411 2325 3520 2396 μὴν
3548 2326 3791 2380 ἀδύνατον

2231 2411 2391 2465 τοῦτο
2411 2427 2429 2445 ⁸
2459 2411 2720 2468 ἀδύνατον
2756 2413 2865 2485 ἄρα
2908 2416 3003 2469 καὶ
3030 2414 3090 2469 τὸ
3118 2414 3268 2482 ἅπαξ
3293 2416 3391 2486 τὴν
3422 2418 3635 2485 γένεσιν
3664 2418 3721 2470 ἓν
3743 2434 3790 2471 τι

2229 2504 2343 2559 τῶν
2374 2507 2653 2576 στοιχείων
2678 2510 3034 2578 προαγαγεῖν.
3063 2506 3128 2563 El
3153 2508 3210 2562 δὲ
3239 2510 3303 2563 ὲκ
3340 2511 3540 2577 μανίας
3582 2511 3659 2573 είς
3699 2527 3788 2579 μαο

2231 2597 2353 2652 νίαν
2382 2599 2814 2669 μεταπίπτοντες
2845 2600 2951 2654 ὑπὸ
2998 2600 3134 2654 Θεοῦ
3186 2602 3286 2670 μὲν
3334 2602 3786 2673 δημιουργηθῆναι

2233 2690 2392 2757 φαῖεν
2413 2687 2481 2741 τά
2510 2691 2772 2758 στοιχεῖα,
2800 2689 2905 2742 ὑπὸ
2929 2689 2987 2743 δὲ
3011 2690 3111 2761 τῆς
3137 2692 3404 2759 γενέσεως
3429 2694 3688 2762 ἀγενήτου
3708 2693 3788 2745 καὶ

2232 2781 2402 2848 αὑτῆς
2429 2779 2616 2851 ὥσπερ
2635 2780 2696 2833 τὸ
2720 2781 2877 2834 Θεῖον
2897 2780 3064 2852 οὑσης
3090 2782 3430 2843 διοικεῖσθαι.
3454 2784 3785 2855 ἐκδηλότερον

2230 2872 2410 2925 αὑτῶν
2456 2871 2556 2942 τὴν
2603 2871 2789 2927 ἄνοιαν
2827 2871 3199 2942 στηλιτεύουσι
3217 2875 3283 2927 ⁷⁷.
3331 2874 3431 2927 Διά
3481 2874 3535 2927 τί
3589 2875 3693 2944 γὰρ
3731 2877 3786 2928 τὸ

2231 2963 2384 3016 Θείον
2411 2962 2627 3030 ἀτάκτῳ
2656 2966 2866 3032 γενέσει
2885 2965 2947 3018 τὸ
2976 2966 3173 3019 οίκείον
3199 2964 3436 3018 ὑπέϐαλε
3465 2964 3783 3036 δημιούργη-

2234 3072 2309 3125 μα
2335 3072 2353 3122 ;
2384 3049 2514 3124 Ἆρ’
2538 3054 2617 3117 ὡς
2645 3054 2808 3117 αὐτὸς
2837 3053 2938 3108 οὑκ
2962 3053 3100 3125 έχων
3146 3053 3248 3125 τὴν
3288 3054 3385 3109 τοῦ
3436 3058 3681 3128 προνοεῖν
3708 3074 3782 3110 σο-

557 3137 682 3194 test,
728 3130 799 3185 ita
835 3148 934 3188 nec
960 3133 1115 3200 illud,
1153 3147 1211 3191 ut
1254 3139 1334 3194 vel
1370 3143 1537 3197 semel
1574 3147 1788 3212 genesis
1818 3163 1982 3203 unum
2023 3151 2120 3206 ali-

2229 3146 2388 3216 φίαν;
2420 3145 2532 3200 Καὶ
2572 3144 2657 3208 τίς
2702 3144 2768 3199 ἂν
2810 3145 3023 3214 ἐνέγκοι
3061 3145 3125 3199 τὸ
3168 3145 3472 3217 δύσφημον,
3501 3148 3587 3212 τίς
3637 3148 3692 3202 δὲ
3727 3148 3781 3203 τὸ

551 3221 699 3289 quod
769 3223 1099 3281 elementum
1163 3232 1503 3298 produxerit.
1544 3234 1663 3290 Jam
1712 3238 1755 3293 si
1799 3240 1865 3293 de
1917 3242 2126 3297 insania

555 3310 610 3365 in
642 3311 908 3369 insaniam
955 3316 1284 3388 delabeutes,
1323 3338 1353 3376 a
1387 3322 1498 3379 Deo
1523 3327 1958 3396 quidem'creata
2006 3347 2128 3390 esse

551 3402 790 3458 dixerint
815 3405 1105 3475 elementa,
1158 3426 1341 3468 verum
1371 3415 1485 3471 haec
1512 3419 1581 3474 ab
1611 3434 1675 3474 ea
1710 3423 1891 3490 genesi
1921 3424 2129 3494 dispen-

548 3493 694 3557 sari,
722 3509 844 3564 qua:
885 3512 1041 3567 aeque
1104 3515 1168 3556 ac
1234 3504 1373 3560 Deus
1418 3505 1536 3577 ipse
1600 3520 1753 3566 ortus
1792 3493 2124 3585 expersisit,

554 3582 724 3636 multo
749 3583 915 3639 etiam
947 3589 1286 3647 manifestius
1331 3597 1623 3652 amentiam
1675 3614 1830 3656 suam
1862 3582 2121 3673 produnt.

549 3671 826 3738 Quorsum
870 3678 1014 3733 enim
1067 3679 1208 3739 Deus
1232 3687 1479 3743 ordinem
1508 3692 1717 3747 nullout
1747 3671 1983 3752 serv—anti
2031 3713 2125 3768 ge-

556 3765 674 3856 nesi
709 3778 977 3836 ,ereatum
1009 3786 1039 3826 a
1076 3788 1136 3828 se
1166 3789 1303 3844 opus
1329 3778 1624 3848 subjiciat?
1675 3782 1757 3838 An
1804 3787 1947 3856 quod
2001 3765 2116 3845 ean

552 3854 669 3925 ipse
711 3859 1031 3928 sapientiam
1059 3879 1165 3920 non
1198 3867 1417 3933 habeat,
1444 3886 1549 3939 qua
1606 3874 1678 3929 illi
1708 3854 2022 3946 provideat?
2050 3882 2121 3936 At

564 3946 691 4015 (uis
745 3949 886 4006 lianc
943 3954 1127 4009 tulerit
1176 3957 1750 4034 blaspliemiatu‘iquis
1798 3972 2122 4027 amentiam?

566 4038 789 4093 creandi
821 4041 1037 4108 quidem
1068 4047 1364 4113 potentiam
1398 4050 1597 4106 habere
1623 4053 1812 4121 Deum,
1844 4063 2122 4127 providen-

555 4129 646 4184 tize
677 4146 781 4185 non
832 4132 1036 4190 habere
1084 4146 1316 4206 tantum,
1365 4153 1626 4209 quantmn
1674 4146 1980 4205 inordinata
2028 4152 2119 4208 illa

545 4221 765 4293 genesis
797 4224 897 4278 sibi
929 4229 1207 4294 rapuerit?
1238 4232 1376 4296 Quin
1399 4245 1454 4287 et
1486 4236 1753 4292 infinitum
1779 4252 1976 4309 praeter
2006 4244 2119 4299 haec

544 4315 904 4370 absurdorum
940 4331 1169 4372 examen
1218 4325 1590 4391 consequitur.
1612 4325 1808 4382 Verum
1829 4331 1898 4397 si,
1928 4346 2118 4401 quem-

546 4408 838 4462 admodum
896 4409 1140 4466 bonitate
1200 4427 1297 4467 sua
1320 4413 1647 4489 [creaturas]
1690 4419 1817 4474 fecit
1846 4423 2004 4487 Deus,
2032 4424 2113 4479 sic

545 4510 601 4554 et
639 4500 927 4568 providet:
964 4514 1422 4570 supervacaneum
1459 4518 1608 4560 certe
1659 4522 1723 4563 ac
1771 4510 1991 4566 stultum
2030 4523 2114 4567 est
2137 4490 2191 4550 D

543 4590 740 4659 hocde
762 4592 875 4647 fato
903 4593 1020 4647 sive
1039 4593 1222 4665 genesi
1251 4609 1638 4654 commentum.
1671 4602 1952 4668 Quomodo
1981 4605 2111 4661 item

532 4686 819 4755 isinegortu
853 4686 1050 4741 coelum
1092 4702 1214 4753 esse
1260 4689 1449 4757 poesit,
1494 4694 1927 4762 quandoquidem
1962 4713 2113 4753 eom-

541 4776 702 4845 positi
744 4778 964 4847 inmundi,
1005 4792 1167 4847 quem
1220 4781 1457 4849 undique
1501 4783 1689 4854 cingit,
1742 4801 1867 4855 pars
1897 4790 2013 4844 est?
2057 4800 2114 4846 at

540 4871 684 4938 quod
738 4880 916 4924 ortum
963 4872 1166 4925 nullum
1206 4873 1389 4939 habet,
1434 4874 1484 4928 id
1511 4892 1685 4945 neque
1705 4879 1924 4950 cingere
1951 4884 2111 4951 quid-

540 4976 701 5032 quam
724 4977 901 5033 neque
926 4963 1157 5018 aliorum
1198 4964 1349 5020 locus
1383 4980 1507 5021 esse
1539 4970 1730 5035 possit,
1761 4973 1856 5026 sed
1878 4987 2001 5027 cum
2038 4974 2108 5029 ab

540 5048 648 5115 liis,
692 5060 802 5105 tum
837 5054 906 5125 ab
935 5052 1059 5108 aliis
1088 5051 1465 5111 allectionibus
1482 5060 1733 5114 omnibus
1751 5060 1979 5116 liberum
2002 5074 2113 5123 est.

538 5137 678 5205 Quin
702 5140 785 5211 vel
808 5142 1021 5213 exp-ipsa
1058 5157 1245 5198 eorum
1275 5160 1438 5215 quam
1462 5148 1775 5218 confingunt
1804 5154 2105 5221 liypotbesi,

2227 3235 2473 3306 ἀνόητον,
2506 3236 2867 3308 δημιουργίας
2898 3238 2999 3304 μὲν
3026 3239 3226 3308 κράτος
3261 3239 3426 3309 ἔχειν,
3459 3241 3707 3309 προνοίας
3726 3241 3779 3294 δὲ

2229 3328 2355 3400 μηδ’
2380 3329 2505 3381 ὅσον
2550 3330 2583 3397 ἡ
2629 3328 2864 3391 ἄτακτος
2895 3330 3113 3399 ἥρπασε
3159 3330 3410 3399 γένεσις;
3456 3334 3567 3387 Kal
3608 3333 3782 3405 μυρίος

2225 3418 2383 3481 ἄλλος
2410 3418 2578 3489 ἑσμὸς
2611 3420 2980 3490 ἀτοπημάτων
3006 3422 3216 3476 ἕπεται.
3248 3422 3311 3476 Εί
3359 3423 3410 3476 δ’
3433 3423 3625 3495 ὥσπερ
3660 3426 3778 3494 ἀγα-

2227 3511 2412 3582 θότητι
2439 3512 2696 3583 ἐποίησεν
2726 3516 2755 3567 ὁ
2784 3514 2940 3579 Θεὸς,
2972 3513 3114 3568 οὑτω
3156 3515 3252 3570 καὶ
3297 3518 3540 3587 προνοεῖ,
3572 3515 3774 3591 περιττή

2226 3603 2319 3656 καὶ
2346 3604 2550 3673 ματαία
2581 3605 2617 3675 ἡ
2647 3605 3351 3677 ἐπίνοιατῆςείμαρμένης
3376 3608 3495 3678 ἦτοι
3523 3609 3618 3679 τῆς
3645 3609 3775 3675 γενέ·

2226 3711 2385 3756 σεως.
2418 3694 2543 3761 Πῶς
2570 3697 2627 3750 δὲ
2661 3698 2924 3769 ἀγένητος
2952 3700 2981 3752 ό
3005 3698 3255 3769 οὐρανὸς,
3283 3698 3377 3753 τοῦ
3412 3700 3663 3754 συνθέτου
3691 3700 3771 3754 κό-

2224 3810 2362 3861 σμου
2395 3791 2561 3863 μέρος
2592 3791 2850 3860 ὑπάρχων
2874 3792 2969 3844 καὶ
2999 3791 3229 3863 περιοχή
3253 3808 3268 3856 ;
3296 3790 3371 3845 Τδ
3397 3790 3509 3860 γὰρ
3532 3792 3773 3860 ἀγένητον

2221 3885 2343 3939 οὕτε
2377 3884 2604 3955 περιοχή
2642 3900 2726 3946 τις
2766 3882 2889 3936 οὑτε
2918 3884 3082 3947 τόπος
3112 3884 3316 3955 ἑτέρων
3361 3883 3430 3938 ἂν
3479 3886 3589 3957 εἴη,
3618 3885 3771 3938 καθα-

2224 3977 2372 4048 ρεύει
2397 3975 2454 4028 δὲ
2481 3975 2588 4029 τῶν
2619 3973 2880 4028 τοιούτων
2906 3991 2965 4028 τε
2993 3980 3087 4028 καὶ
3120 3975 3309 4029 παθῶν
3341 3976 3769 4033 ἀπάντων.Ἀλλά

2220 4067 2317 4121 καὶ
2366 4066 2426 4131 ἐξ
2482 4066 2653 4135 αὑτῆς
2704 4066 2885 4120 αὑτῶν
2915 4067 3016 4138 τῆς
3047 4067 3423 4140 πλαττομένης
3484 4069 3770 4132 ὑποθέσεως

2218 4159 2378 4228 δῆλον
2408 4158 2484 4222 ὼς
2516 4157 2641 4212 οὔτε
2689 4159 2718 4212 ὁ
2764 4158 2994 4227 οὐρανὸς
3021 4157 3145 4212 οὔτε
3177 4160 3226 4212 οἱ
3257 4161 3487 4232 ἀστέρες
3514 4162 3767 4231 ἀγένητοι.

2218 4253 2327 4305 Kal
2356 4252 2466 4323 γάρ
2497 4251 2625 4315 τοὺς
2652 4250 2748 4321 μὲν
2777 4251 2957 4305 αὑτῶν
2984 4251 3347 4320 ἁγαθοποιοὺς
3390 4254 3519 4317 τοὺς
3541 4255 3597 4308 δὲ
3621 4270 3769 4308 κακο-

2217 4342 2406 4402 ποιοὺς
2453 4340 2690 4407 λέγουσι,
2728 4339 2854 4412 [668
2880 4340 2975 4413 R.)
3019 4343 3114 4396 καὶ
3160 4342 3341 4408 οἴκους
3371 4344 3567 4408 ἄλλους
3612 4344 3769 4405 ἄλλοις

2216 4432 2588 4504 ἀφορίζουσιν,
2621 4434 2679 4484 ὲν
2703 4426 2785 4496 οἷς
2810 4433 3087 4503 γινόμενοι
3129 4434 3281 4488 ἄλλοι
3313 4435 3413 4505 μὲν
3439 4435 3765 4495 κακύνοντσι,

2215 4524 2249 4595 ἢ
2282 4523 2442 4577 πλέον
2466 4523 2497 4593 ἦ
2527 4524 2621 4577 καὶ
2649 4523 2707 4589 ἐξ
2737 4523 3075 4594 ἀγαθότητος
3093 4524 3397 4595 τραπέντες
3418 4526 3502 4589 εἰς
3525 4524 3763 4587 κάκωσιν,

2212 4616 2262 4667 οἱ
2288 4615 2346 4669 δὲ
2375 4614 2685 4667 τούναντίον
2716 4614 2749 4684 ἢ
2786 4617 2924 4685 πρὸς
2949 4614 3267 4685 ἀγαθότητα
3294 4616 3458 4669 κακοὶ
3488 4615 3635 4679 ὅντες
3655 4629 3763 4684 μετ-

2212 4703 2538 4775 εϐλήθησαν,
2566 4703 2600 4774 ἢ
2634 4703 2795 4758 πλέον
2822 4706 2923 4773 τῆς
2952 4704 3227 4775 προτέρας
3249 4702 3631 4775 ὴγαθὺνθησαν
3648 4705 3766 4773 ἁγα-

2213 4796 2456 4867 θὸτητος.
2489 4795 2603 4850 Καὶ
2633 4794 2751 4858 πῶς
2779 4795 2847 4849 ἂν
2873 4795 2931 4847 ἐν
2957 4796 3166 4858 τούτοις
3194 4795 3360 4865 νοηθῇ
3402 4795 3437 4867 ἦ
3483 4796 3545 4851 τὸ
3580 4792 3767 4855 ἀπαθὲς

2213 4889 2246 4959 ἢ
2279 4886 2340 4940 τὸ
2368 4886 2574 4940 ἁπλοῦν
2595 4887 2629 4957 ἢ
2653 4884 2716 4939 τὸ
2735 4886 3027 4939 ἀσύνθετον
3055 4886 3090 4956 ἢ
3119 4886 3182 4939 τὸ
3206 4886 3475 4958 ἀγένητον
3502 4889 3593 4942 καὶ
3614 4884 3765 4957 μυρία

2213 4975 2383 5041 ἄλλα;
2432 4976 2520 5028 Ἐν
2550 4970 2631 5039 οἷς
2660 4976 2754 5030 καὶ
2795 4976 2823 5028 ὁ
2866 4974 3117 5046 δεύτερος
3143 4976 3298 5047 αὑτῷ
3331 4976 3765 5049 συναπαρτίζετσι

2212 5065 2370 5132 λόγος
2400 5066 2495 5119 καὶ
2534 5064 2606 5118 τά
2632 5065 2764 5119 δέκα
2803 5066 3090 5135 κεφάλαια,
3119 5065 3519 5139 τελευτήσαντα
3560 5071 3652 5139 μὲν
3694 5068 3762 5129 είς

2220 5159 2282 5210 τὸ
2308 5163 2380 5222 κ’,
2413 5157 2586 5229 ἀρχὴν
2613 5158 2672 5210 δὲ
2696 5159 2758 5212 τὸ
2788 5156 2817 5210 ι’
2846 5160 3212 5229 ποιησάμενα.

530 5232 669 5297 satis
706 5244 957 5303 apparet,
985 5235 1209 5289 omnino
1235 5251 1412 5306 neque
1465 5239 1685 5307 coelum,
1732 5258 1906 5312 neque
1937 5245 2119 5303 stellas
2147 5259 2267 5303 ortu
2299 5263 2509 5305 carere.
2549 5251 2759 5305 Etenim
2818 5253 3081 5320 quasdam
3118 5269 3304 5308 earum
3358 5268 3483 5309 esse
3515 5251 3765 5308 benefica:

529 5320 742 5395 volunt,
765 5326 1028 5413 quasdam
1048 5340 1241 5381 rursus
1267 5328 1544 5385 maleficus
1568 5330 1793 5399 faciunt,
1818 5336 2112 5406 domosque
2139 5340 2260 5396 aliis
2286 5341 2422 5395 alias
2439 5341 2769 5408 attribuunt,
2801 5344 2854 5397 in
2882 5344 3080 5413 quibus
3126 5344 3253 5399 dum
3318 5354 3609 5408 versentur,
3651 5342 3760 5394 alia:

540 5413 620 5468 vel
653 5410 1002 5483 maligniores
1021 5421 1187 5484 'liant,
1209 5420 1293 5474 vel
1321 5432 1471 5476 certe
1489 5439 1556 5477 ex
1591 5426 1838 5497 benignis
1869 5431 2118 5502 malignae
2149 5438 2405 5499 evadant,
2454 5437 2571 5492 alia:
2646 5448 2833 5494 contra
2876 5410 2960 5493 vel
3008 5439 3077 5494 ad
3125 5440 3529 5497 beneﬁcentiam
3594 5435 3757 5508 (matr

533 5502 817 5583 suntsint)
853 5508 1193 5593 delabantur,
1226 5511 1312 5567 vel
1366 5512 1713 5585 benigniores
1741 5536 1902 5588 quam
1938 5531 2099 5578 antea
2144 5526 2462 5583 reddantur.
2493 5527 2774 5595 Quomodo
2803 5542 2936 5598 ergo
2960 5530 3026 5586 de
3059 5529 3144 5588 his
3176 5530 3286 5604 ,νει
3347 5538 3521 5590 mento
3562 5502 3754 5593 οοηεὲνί

1819 5682 2053 5740 VARI/{'3
2083 5685 2488 5745 LECTIONES.

637 5775 684 5808 "
723 5777 914 5832 ἅπτειν
940 5784 1004 5834 Α.
1082 5784 1124 5816 ⁷⁸
1146 5785 1212 5840 τὰ
1238 5798 1285 5839 et
1318 5788 1455 5845 infra
1494 5791 1685 5858 ἄλλους
1713 5797 1834 5853 add.
1861 5800 1926 5852 Α.

3438 5790 3530 5808 ..ι-δ

2037 5802 2081 5833 ⁷⁷
2122 5802 2463 5873 στηλιτεύσου
2472 5821 2521 5857 σι
2545 5822 2603 5870 ς.
