4014 6402
188 376 292 443 837

1214 362 1747 430 BIBLIOTHECA.
1786 384 1854 402 ν-
1885 359 2051 421 COD.
2073 357 2397 422 CCXXIII.

3353 360 3461 425 838

184 494 381 565 possit,
425 485 848 561 perturbationis
868 496 942 542 ea
972 497 1097 555 esse
1124 479 1398 556 expertia,
1425 486 1522 534 aut
1549 472 1838 546 simplicia,
1875 480 1970 528 aut
2030 470 2411 565 incomposita,
2469 482 2566 529 aut
2648 471 2767 529 sine
2821 480 2974 539 ortu,
3042 470 3258 543 aliaque
3300 484 3472 541 prape

184 564 433 642 inﬁnita?
490 580 591 636 Ubi
645 580 863 635 demum
921 576 1193 635 secundus
1242 574 1383 630 liber
1446 569 1770 633 absolvitur,
1804 578 2019 636 unaque
2064 564 2253 621 decem
2294 564 2386 622 illa
2420 565 2598 637 capita
2636 565 2787 637 (61),
2828 580 2951 639 quae
3003 580 3036 622 a
3098 566 3312 624 decimo
3359 566 3473 623 ini-

183 678 260 732 tio
286 677 454 732 ducto
488 674 540 728 in
565 672 889 728 vicesimum
916 684 1087 743 usque
1115 668 1456 741 pertingant.

250 768 348 824 'Ev
379 768 439 821 δὲ
467 758 545 838 τῷ
577 766 748 838 τρίτῳ
775 764 1037 837 πειρᾶται
1085 761 1186 833 μὲν
1213 759 1306 815 διά
1345 776 1407 814 τε
1446 757 1545 812 τοῦ
1569 761 1656 811 κα¹
1686 773 1779 811 κε-

1890 806 1897 807 ,
1951 746 2136 805 Tertio
2199 746 2399 805 deinde
2453 746 2593 802 libro
2651 757 2885 802 conatur
2927 745 3145 818 quidem
3204 747 3474 803 vicesimo

177 861 416 931 φαλαίου
445 860 540 915 καὶ
568 859 661 912 τοῦ
694 857 801 931 κβ’,
829 858 920 911 καὶ
947 855 1055 927 μὴν
1080 855 1178 910 καὶ
1205 852 1301 908 τοῦ
1322 853 1373 922 γ’
1392 853 1489 907 καὶ
1516 857 1566 907 κ’
1591 849 1688 905 καὶ
1709 849 1773 915 δ’,

176 953 433 1023 ἐλέγχειν
464 952 591 1015 τοὺς
618 950 708 1004 τὸν
738 947 966 1021 οὐρανὸν
1016 945 1306 1020 σφαιρικὸν
1330 943 1775 1017 ὑποτιθεμένους,

174 1046 243 1097 οὐ
275 1044 468 1114 μέντοι
497 1059 565 1111 γε
597 1041 685 1096 διὰ
712 1041 821 1095 τῶν
854 1043 1007 1112 ἰσχὺν
1039 1041 1274 1112 ἑχόντων
1303 1038 1357 1093 οί
1383 1038 1597 1109 ἔλεγχοι
1637 1035 1776 1107 πρό-

177 1153 313 1190 εισι.
352 1137 427 1188 Τὸ
451 1133 741 1203 σφαιρικὸν
774 1135 831 1189 δὲ
868 1134 929 1189 οὐ
967 1133 1219 1205 βούλεται
1246 1132 1549 1202 συγχωρεῖν
1575 1129 1655 1200 τῷ
1685 1128 1779 1182 οὐ⁶

182 1228 364 1299 ρανῷ,
392 1226 532 1282 διότι
563 1226 777 1299 νομίζει
802 1226 904 1299 τὴν
925 1224 1273 1299 εἱμαρμένην
1302 1225 1368 1279 ὲκ
1393 1223 1497 1295 τῆς
1517 1222 1777 1294 τοιαύτης

177 1319 509 1389 εἰσάγεσθαι
541 1319 765 1382 θέσεως.
795 1318 991 1375 Καίτοι
1031 1316 1263 1390 οὐδεμία
1303 1317 1462 1371 τοῦτο
1504 1314 1778 1382 ἀπόδειξις

177 1411 537 1477 ὲκϐιάζεταν
566 1410 628 1464 οὐ
658 1410 789 1482 γὰρ,
819 1410 873 1464 εί
900 1426 965 1479 γε
1016 1408 1305 1481 σφαιρικδς
1338 1408 1368 1462 ό
1399 1407 1648 1480 οὐρανὸς,
1682 1406 1779 1462 καὶ

174 1500 245 1555 τὸ
268 1504 376 1573 τῆς
409 1500 756 1574 εἱμαρμένης
782 1500 843 1567 ὲξ
877 1499 1123 1571 ἀνάγκης
1154 1497 1493 1554 συνίσταται.

252 1679 333 1733 Τδ
356 1679 415 1733 δὲ
442 1678 521 1734 κε’
544 1678 640 1733 καὶ
664 1678 720 1745 ς’
744 1678 1044 1749 κεφάλαιον
1073 1676 1319 1742 εὐσεϐεῖς
1346 1677 1445 1749 μὲν
1470 1675 1775 1749 προϐάλλει

174 1789 275 1828 ται
296 1771 521 1841 λόγους,
548 1770 683 1842 πρὸς
713 1770 939 1840 ἔλεγχον
967 1769 1025 1825 δὲ
1052 1772 1154 1840 τῆς
1185 1769 1555 1842 προκειμένης
1582 1768 1779 1824 ὑποθέ-

178 1879 330 1923 σεως
357 1860 457 1931 τὴν
506 1860 659 1931 ἰσχὺν
706 1858 769 1912 οὐ
813 1857 937 1912 λίαν
985 1856 1589 1926 ἐπιδεικνυμένους.Ἐν
1615 1852 1778 1926 δὲτῷ

173 1955 268 2021 κζ’
293 1955 457 2023 δόξας
502 1954 840 2026 προθέμενος
889 1951 1021 2025 περί
1060 1969 1123 2007 τε
1164 1951 1399 2024 οὐρανοῦ
1440 1950 1537 2007 καὶ
1579 1950 1690 2005 τῶν
1719 1950 1778 2005 ὲν

173 2048 340 2120 αὐτῷ
368 2047 636 2118 ἀστέρων,
662 2045 730 2111 ἃς
775 2044 926 2116 λέγει
959 2045 1068 2100 τῶν
1111 2043 1584 2116 ἀστρολογούντων
1614 2038 1776 2107 εἶναι,

1885 842 2083 912 primo,
2120 842 2382 905 secundo,
2422 839 2582 896 tertio
2605 847 2661 894 et
2712 846 2909 909 quarto
2957 838 3227 907 capitibus
3279 852 3473 908 repre-

1886 933 2124 989 hendere
2149 948 2245 989 eos
2299 932 2389 1003 qui
2439 930 2640 987 caelum
2692 944 2814 986 esse
2858 929 3142 1000 globosum
3200 938 3474 994 statuunt,

1885 1024 2081 1095 21οὸ
2116 1024 2210 1079 sed
2255 1021 2517 1092 ejusmodi
2566 1036 2911 1091 nequaquam
2951 1021 3287 1092 argumentis
3314 1021 3472 1075 adhi-

1884 1117 2037 1180 bitis,
2117 1131 2245 1185 qua:
2289 1115 2649 1187 redarguendi
2710 1115 2818 1169 vim
2868 1115 3127 1171 habeant.
3182 1114 3476 1170 Globosam

1883 1222 2020 1262 vero
2050 1206 2283 1264 formam
2343 1208 2484 1265 ccelo
2516 1208 2819 1265 concedere
2881 1219 3169 1278 pr0pterea
3229 1218 3478 1275 recusat,

1884 1302 2029 1370 quod
2061 1297 2232 1355 fatum
2261 1316 2329 1354 ex
2375 1300 2468 1355 tali
2508 1301 2775 1371 positione
2852 1300 3041 1354 induci
3085 1308 3256 1370 putet,
3299 1315 3476 1369 quan-

1884 1409 2048 1463 quam
2088 1392 2229 1447 nnlla
2277 1392 2330 1447 id
2373 1394 2766 1449 demonstratio
2803 1401 3116 1462 extorquet.
3144 1391 3260 1446 Non
3303 1393 3475 1455 enim,

1884 1481 1930 1537 si
1955 1481 2150 1537 cmluut
2198 1481 2474 1554 globusqu
2503 1484 2593 1549 sit,
2632 1499 2757 1539 mox
2799 1483 2966 1538 etiam
3014 1482 3182 1536 fatum
3225 1495 3478 1537 necessa-

1885 1570 1969 1627 rio
2012 1572 2253 1642 ponitur.
2326 1630 2327 1635 η

1955 1662 2126 1719 Ροι·ιο
2175 1663 2495 1720 vicesimum
2532 1663 2781 1734 quintum
2816 1673 2872 1719 et
2901 1674 3113 1720 sextum
3145 1664 3320 1734 fcaput
3352 1663 3479 1735 pias

1884 1754 2131 1810 continet
2194 1754 2459 1820 rationes,
2520 1755 2617 1810 sed
2673 1769 2794 1825 quae
2858 1756 2926 1810 ad
2992 1758 3475 1825 reprehensionem

1884 1846 2141 1915 subjecta:
2174 1846 2497 1917 hypotbesis
2526 1849 2693 1901 robur
2718 1863 2824 1901 non
2862 1847 2999 1902 adeo
3026 1863 3278 1916 magnum
3330 1864 3475 1919 pra:-

1885 1937 2085 1994 ferant.
2115 1939 2358 2008 Septimo
2380 1930 2573 1994 dehinc
2601 1952 2657 1995 et
2696 1940 2958 1994 vicesimo
2993 1941 3058 1994 de
3097 1940 3255 2004 cmlo,
3295 1941 3473 2011 deque

1883 2030 2001 2100 ejus
2031 2031 2223 2097 stellis,
2273 2032 2626 2102 opinionibus
2683 2032 2843 2102 (quas
2891 2031 3294 2102 astrologorum
3350 2046 3479 2089 esse

174 2140 311 2194 οὔτε
344 2137 546 2203 ταύτας
594 2136 724 2211 [546
763 2136 858 2209 Η.]
905 2136 1213 2209 ἀκιϐδήλως
1262 2136 1515 2207 προάγει,
1541 2134 1637 2189 καὶ⁸
1682 2133 1783 2198 τὰς

1887 2123 1987 2194 ait)
2018 2123 2217 2188 allatis,
2273 2133 2328 2180 et
2356 2140 2461 2179 non
2514 2124 2652 2180 satis
2695 2125 2843 2192 ipsas
2883 2124 3097 2179 sincere
3145 2126 3384 2190 adducit,
3419 2133 3479 2180 et

175 2233 306 2285 κατ’
343 2229 526 2284 αὐτῶν
568 2228 947 2300 ἐπιχειρήσεις
996 2225 1119 2281 οὐτε
1179 2225 1567 2290 ἀποδεικτικὰς
1589 2263 1607 2290 ,
1653 2224 1783 2280 ἀλλ’

178 2320 311 2376 οὐδὲ
347 2320 438 2375 διὰ
466 2319 562 2376 τοῦ
592 2317 822 2373 πιθανοῦ
854 2317 1099 2373 δείκνυσι
1124 2316 1447 2389 προῖούσας.
1475 2316 1551 2370 Τὸ
1592 2315 1650 2369 δὲ
1694 2329 1783 2388 κη’

180 2413 328 2486 πρὸς
351 2412 453 2476 τὰς
477 2411 647 2476 αὐτὰς
676 2411 1034 2482 ἐνιστάμενον
1064 2408 1220 2475 δόξας
1265 2410 1332 2464 δι’
1365 2409 1482 2463 τσου
1531 2408 1629 2480 μὲν
1672 2407 1783 2461 τῶν

180 2504 523 2572 ἀποδείξεων
561 2503 869 2568 διαπίπτει,
894 2501 955 2555 οὐ
992 2500 1179 2573 μέντοι
1208 2518 1273 2571 γε
1298 2501 1393 2554 καὶ
1419 2499 1514 2553 τοῦ
1549 2497 1782 2553 πιθανοῦ

178 2593 575 2667 διαμαρτάνει.
595 2594 685 2647 Ἐν
717 2592 775 2647 δὲ
805 2592 884 2663 τῷ
916 2592 998 2646 κθ¹
1039 2591 1197 2661 φησι,
1240 2589 1359 2654 πῶς
1390 2588 1490 2661 τὴν
1520 2589 1649 2658 ὃλην
1680 2588 1784 2659 γῆν

180 2690 264 2752 είς
294 2688 389 2741 ἶσα
415 2687 561 2759 μέρη
590 2687 702 2748 τοῖς
733 2684 943 2738 δώδεκα
973 2681 1436 2753 καταμερίζοντες
1463 2679 1696 2745 ζωδίοις,
1716 2678 1785 2733 τά

186 2782 294 2853 μὲν
329 2783 599 2853 τμήματα
630 2780 731 2849 τῆς
774 2777 881 2849 γῆς
912 2776 1009 2831 καὶ
1045 2776 1171 2839 τούς
1220 2778 1279 2847 ὲν
1308 2775 1490 2838 αὐτοῖς
1520 2773 1678 2843 δῆλον
1707 2773 1786 2827 oi-

182 2874 427 2937 κοῦντας
452 2875 535 2938 είς
573 2873 808 2927 ἕκαστον
855 2868 1255 2941 ἀφωρισμένως
1300 2866 1631 2939 ἀναφέρουσι
1674 2864 1785 2918 τῶν

184 2967 430 3032 ζωδίων,
463 2965 559 3020 καὶ
588 2962 917 3018 ὑποκεῖσθαι
954 2960 1056 3033 μὲν
1087 2959 1159 3013 τὰ
1182 2959 1282 3030 τῆς
1307 2960 1413 3029 γῆς
1445 2959 1587 3030 μέρη
1607 2995 1624 3020 ,
1657 2958 1783 3011 ἐπι-

182 3054 412 3110 κεῖσθαι
452 3054 511 3109 δὲ
551 3053 661 3109 τῶν
705 3052 914 3118 ζωδίων
952 3053 1184 3107 ἕκαστον
1230 3050 1386 3122 δίκην
1436 3050 1668 3121 νεφέλης
1716 3052 1783 3123 τῇ

184 3146 555 3218 ἀφωρισμένη
593 3144 762 3218 μοίρᾳ
812 3144 917 3215 τῆς
968 3145 1073 3214 γῆς
1106 3142 1609 3215 ὲποχούμενον.Ἐν
1633 3143 1787 3213 κινή-

185 3258 277 3295 σει
304 3239 418 3311 γὰρ
445 3238 564 3294 κατ’
597 3239 795 3301 αὐτοὺς
820 3240 1063 3307 διηνεκεῖ
1082 3238 1177 3291 τοῦ
1200 3237 1456 3307 οὐρανίου
1488 3235 1653 3290 πόλου
1690 3253 1786 3304 φεο

186 3330 451 3404 ρομένου,
477 3331 571 3385 καὶ
596 3330 1128 3401 συμπεριαγομένων
1153 3328 1304 3399 αὐτῷ
1323 3327 1433 3382 τῶν
1459 3327 1524 3399 ιβ’
1551 3326 1783 3394 ζωδίων,

1885 2233 2013 2289 qua:
2037 2228 2230 2274 contra
2275 2218 2496 2275 easdem
2547 2219 2757 2290 profert
2805 2228 3146 2289 argumenta,
3186 2234 3251 2274 ea
3297 2233 3477 2288 neque

1882 2312 2291 2367 demonstrandi
2320 2296 2431 2367 vim
2460 2313 2662 2368 habere
2687 2327 2863 2382 neque
2885 2312 3076 2368 saltem
3102 2312 3248 2368 veris
3273 2312 3473 2367 similia

1882 2419 2187 2477 proponere
2215 2403 2484 2460 videntur.
2506 2402 2626 2457 Jant
2672 2403 2989 2459 vicesimum
3022 2415 3274 2459 octavum
3313 2412 3475 2475 caput

1883 2499 2147 2554 adversus
2196 2496 2416 2553 easdem
2462 2495 2747 2565 opiniones
2783 2497 3094 2567 insurgens,
3125 2497 3476 2567 persimilem

1884 2592 2105 2660 quidem
2143 2589 2551 2646 demonstrandi
2594 2590 2866 2645 rationem
2900 2591 3195 2655 delabitur,
3234 2591 3329 2645 sed
3366 2605 3475 2645 non

1885 2685 1959 2739 ita
2032 2683 2196 2738 etiam
2268 2682 2401 2735 illud
2434 2756 2437 2761 η
2472 2681 2536 2735 ad
2598 2681 2882 2735 verisimili
2930 2684 3166 2737 aberrat.
3217 2682 3472 2736 Proximo

1884 2786 2065 2831 autem
2119 2772 2291 2830 refert
2357 2771 2722 2849 [Astrologos]
2786 2784 2988 2828 terram
3043 2773 3356 2829 universam
3418 2776 3472 2829 in

1884 2867 2171 2924 duodecim
2215 2875 2621 2939 aequaspartes
2672 2879 2774 2936 pro
2810 2864 2929 2934 pari
2971 2865 3252 2936 signorum
3309 2866 3475 2920 code-

1896 2960 2061 3015 stium
2096 2973 2325 3013 numero
2352 2957 2669 3031 partientes,
2706 2956 2949 3027 singulas
2992 2966 3151 3011 terrae
3179 2957 3475 3024 sectiones,

1887 3068 1996 3105 una
2044 3066 2164 3106 cum
2204 3066 2389 3106 earum
2441 3049 2654 3115 incolis,
2692 3049 2766 3103 ita
2817 3050 3038 3105 definite
3071 3049 3269 3119 cuique
3316 3051 3476 3119 signo

1885 3145 2218 3210 attribuere,
2264 3154 2327 3198 ιιι
2382 3152 2543 3198 terra:
2593 3143 2838 3212 partibus
2907 3141 3165 3209 subjectis
3225 3140 3474 3211 singula,

1894 3233 2102 3288 zodiaci
2133 3232 2285 3303 signa
2313 3231 2649 3303 incumbant,
2693 3243 2855 3301 atque
2881 3231 3057 3286 instar
3077 3231 3287 3286 nebula:
3310 3247 3478 3300 supra

1887 3324 2167 3379 definitam
2201 3334 2361 3380 teme
2398 3334 2610 3393 partem
2649 3324 3004 3381 devehantur.
3035 3324 3107 3377 At
3147 3337 3270 3378 cum
3312 3324 3475 3377 etiam

185 3423 457 3479 ἀδύνατον
478 3422 541 3476 τὸ
566 3422 698 3476 αὐτὸ
722 3423 821 3492 τῆς
849 3422 953 3493 γῆς
982 3421 1071 3475 διὰ
1099 3420 1300 3485 παντὸς
1321 3420 1537 3491 ἐπέχειν
1562 3420 1783 3493 τμῆμα,

1888 3431 1954 3472 ex
1982 3416 2198 3487 illorum
2247 3416 2541 3487 sententia,
2580 3425 2838 3486 perpetuo
2868 3415 3067 3481 cmlum
3097 3424 3244 3470 motu
3273 3416 3480 3471 feratur

187 3516 337 3571 ἀλλά
361 3515 700 3587 παραλλάξει
739 3515 843 3586 μὲν
890 3513 1034 3568 κατὰ
1079 3514 1179 3584 τὴν
1224 3514 1448 3583 πορείαν
1477 3513 1573 3567 τοῦ
1620 3513 1783 3567 πόλου

1892 3523 2109 3580 unaque
2135 3525 2256 3564 cum
2289 3508 2407 3577 ipso
2430 3520 2485 3569 et
2509 3508 2795 3562 duodecim
2822 3508 2972 3578 signa
2999 3508 3439 3578 circutnagantur
3459 3549 3478 3577 ,

187 3610 428 3663 ἕκαστον
455 3605 646 3673 ζώδιον
676 3607 858 3660 πάντα
894 3606 968 3659 τὰ
1005 3606 1271 3676 τμήματα
1299 3605 1401 3675 τῆς
1431 3605 1531 3675 γῆς
1551 3645 1567 3669 ,
1597 3604 1788 3658 ἄλλοτε

190 3700 298 3771 μὲν
329 3700 416 3753 ἐπ’
451 3699 717 3769 ἀνατολῆς
747 3698 819 3762 ⁷⁸,
858 3696 1047 3750 ἄλλοτε
1086 3696 1143 3750 δὲ
1173 3698 1267 3750 ἐπὶ
1294 3696 1448 3749 δύσιν
1466 3735 1481 3759 ,
1512 3696 1703 3750 ἄλλοτε
1731 3696 1789 3750 δὲ

187 3792 292 3846 ἐπὶ
317 3791 667 3863 μεσημϐρίαν
695 3793 762 3862 τῇ
789 3789 1019 3862 οὐρανίᾳ
1048 3789 1263 3858 κινήσει
1290 3787 1787 3859 συμπεριδινούμε-

189 3904 312 3951 νον,
343 3884 443 3940 καὶ
489 3886 591 3939 οὐκ
638 3886 724 3954 ἐφ’
753 3884 834 3937 ἑνί
860 3902 967 3938 τινι
999 3883 1410 3954 στηριζόμενον.
1428 3881 1519 3947 Ἐξ
1543 3876 1604 3937 οὐ
1644 3900 1787 3952 συμ-

192 3977 376 4032 ϐαίνει
406 3977 514 4031 τῶν
541 3975 807 4041 ζωδίων⁷⁰
838 3975 1071 4031 ἕκαστον
1094 3975 1247 4030 οὐδὲν
1279 3970 1444 4046 ἧττον
1474 3974 1540 4028 τὸ
1570 3975 1781 4044 ἀφωρι-

193 4069 396 4139 σμένον
426 4068 527 4136 τῆς
554 4070 658 4139 γῆς
690 4067 911 4139 ἐπέχειν
954 4070 1151 4139 τμῆμα
1179 4066 1212 4139 ἢ
1241 4065 1303 4119 τὸ
1342 4065 1787 4138 ἀλλότριον.⁹Λλ-

194 4160 306 4226 ὶως
330 4178 391 4215 τε
438 4161 495 4215 δὲ
537 4162 587 4214 εί
617 4160 738 4215 κατ’
766 4161 963 4225 αὐτοὺς
994 4162 1028 4231 ἡ
1058 4160 1132 4230 γῆ
1166 4160 1393 4230 κέντρου
1428 4161 1523 4215 καὶ
1557 4160 1785 4230 σημείου

194 4251 357 4319 λόγον
398 4252 589 4321 ἐπέχει
624 4251 761 4324 πρὸς
804 4251 899 4304 τὸν
943 4250 1193 4322 οὐρανὸν,
1231 4252 1325 4304 καὶ
1351 4250 1461 4304 τῶν
1491 4250 1696 4314 ζωδίων
1731 4250 1790 4303 ἓν

196 4343 483 4400 ὁποιονοῦν
504 4342 581 4414 τῷ
602 4360 662 4398 τε
690 4343 887 4399 πλάτει
907 4346 1004 4397 καὶ
1027 4343 1195 4414 μήκει
1219 4343 1622 4398 πολλαπλάσιόν
1641 4344 1788 4416 εστιν

198 4435 393 4507 αὐτῆς,
424 4434 542 4498 πῶς
568 4428 679 4487 οἷόν
719 4433 780 4487 τέ
823 4436 971 4488 ἐστιν
1013 4433 1245 4489 ἕκαστον
1273 4436 1383 4489 τῶν
1410 4433 1791 4504 δωδεκατημο-

203 4527 331 4600 ρίων
365 4526 471 4597 τῆς
506 4527 606 4597 γῆς
639 4524 854 4597 ἑκάστῳ
879 4525 990 4580 τῶν
1034 4525 1242 4589 ζωδίων
1273 4528 1570 4599 ἰσομοιρεῖν
1600 4543 1659 4580 τε
1695 4526 1790 4581 καὶ

203 4618 741 4689 συμπαρατείνεσθαι
768 4617 864 4672 καὶ
893 4617 981 4673 διὰ
1007 4617 1167 4673 τοῦτο
1199 4620 1298 4689 τὴν
1330 4618 1607 4674 οἱκείωσιν
1643 4618 1788 4690 ἔχειν

199 4712 335 4782 πρὸς
367 4710 531 4777 αὐτό;
558 4709 669 4763 Καὶ
696 4710 819 4763 τότε
849 4710 957 4763 οὐδ’
980 4710 1154 4781 αὐτῆς
1180 4712 1308 4782 ὅλης
1330 4713 1666 4784 οἰκουμένης
1689 4713 1789 4785 τῆς

1880 3603 2008 3665 fieri
2042 3601 2191 3657 nullo
2222 3601 2382 3656 modo
2412 3616 2570 3670 posse
2604 3599 2812 3672 [docet]
2840 3610 2899 3654 ιιι
2923 3600 3168 3654 catndent
3205 3600 3293 3654 illa
3322 3612 3482 3656 terra:

1890 3693 2183 3750 sectionem
2222 3703 2486 3763 perpetuo
2514 3693 2819 3759 obtineant,
2846 3692 2939 3748 sed
2973 3693 3353 3762 pertransibit,
3379 3695 3481 3762 ait,

1883 3785 2041 3856 juxta
2074 3786 2194 3840 coeli
2240 3799 2587 3855 progressum
2644 3800 2834 3841 omnes
2880 3797 3042 3842 terra:
3085 3788 3356 3843 sectiones
3402 3789 3480 3842 si-

1888 3893 2053 3948 gnum
2082 3878 2379 3948 quodlibet,
2406 3878 2532 3932 dum
2563 3878 2698 3932 alias
2728 3880 2795 3932 ad
2825 3888 3028 3948 ortum,
3048 3881 3186 3937 alias
3217 3884 3286 3937 ad
3317 3897 3481 3939 occa-

1880 3985 2007 4029 sum
2054 3970 2208 4035 solis,
2245 3969 2486 4041 aliasque
2523 3972 2590 4025 ad
2637 3970 2921 4025 meridiem
2956 3988 3063 4028 una
3112 3990 3235 4029 cuin
3269 3975 3478 4030 caelesti

1889 4068 2038 4116 motu
2074 4060 2485 4131 circumagitur,
2515 4070 2571 4116 et
2602 4077 2873 4133 nunquam
2902 4065 2953 4118 in
2985 4080 3089 4119 una
3131 4067 3307 4136 aliqua
3357 4083 3477 4123 sec-

1891 4150 2038 4207 tione
2105 4153 2272 4207 fixnm
2308 4164 2510 4219 manet.
2564 4154 2717 4211 Unde
2751 4156 2808 4209 fit
2840 4164 2899 4210 ut
2930 4157 3135 4225 singula
3171 4159 3322 4229 signa
3368 4174 3476 4217 non

1891 4246 2072 4301 minus
2094 4244 2238 4301 illam
2269 4245 2371 4301 sibi
2410 4246 2692 4302 delinitam
2736 4258 2896 4303 terra:
2931 4252 3227 4308 sectionem
3263 4261 3473 4321 regant,

1889 4351 2049 4404 quam
2078 4337 2335 4393 alienam.
2366 4338 2536 4405 Adde,
2568 4338 2614 4393 si
2638 4340 2934 4397 secundmn
2950 4359 3136 4397 eorum
3166 4345 3473 4414 opinionem

1890 4442 2035 4483 terra
2065 4428 2238 4485 centri
2270 4444 2335 4485 ac
2386 4432 2571 4500 puncti
2619 4433 2884 4489 rationem
2922 4436 3084 4489 habet
3136 4437 3203 4490 ad
3250 4436 3472 4500 circium,

1888 4529 1945 4575 et
1984 4520 2265 4591 quodlibet
2315 4523 2598 4591 zodiacum
2626 4524 2837 4593 signum
2882 4539 3004 4579 cunt
3033 4525 3471 4589 latitudine,tutn

1888 4611 2227 4684 longitudine
2258 4614 2448 4671 multis
2474 4616 2722 4685 partibus
2754 4627 2859 4682 est,
2906 4632 3065 4686 quam
3098 4617 3209 4683 illa,
3246 4616 3420 4686 majus
3452 4635 3468 4672 :

1889 4704 1983 4775 qui
2018 4703 2136 4760 fieri
2191 4705 2416 4760 omnino
2462 4715 2657 4774 potest.
2705 4716 2762 4761 ut
2799 4706 3053 4775 quaelibet
3097 4706 3469 4762 duodenarum

203 4800 322 4874 τῆς,
352 4801 502 4857 κατά
527 4801 586 4855 δὲ
608 4801 674 4855 τὸ
707 4802 977 4869 πλεῖστον,
998 4802 1061 4856 τὸ
1094 4804 1192 4873 μὲν
1218 4803 1307 4856 διὰ
1338 4803 1620 4875 καύματος
1644 4806 1705 4859 τὸ
1725 4805 1782 4858 δὲ

1888 4806 2047 4853 terra:
2079 4798 2315 4867 partium
2339 4798 2618 4868 signorum
2679 4799 2901 4854 cuilibet
2934 4815 2996 4853 ex
3045 4813 3199 4869 aequo
3240 4814 3471 4868 reSpon-

203 4894 286 4949 διὰ
326 4894 542 4965 ψύχους
586 4893 915 4965 ὑπερϐολὴν,
946 4893 1251 4968 ἀνθρώπων
1301 4894 1471 4965 οὐσης
1503 4896 1784 4965 ἀοικήτου,

204 4986 292 5041 καὶ
312 4984 601 5047 παντελῶς
633 4983 729 5039 ἀπ’
756 4984 935 5055 ἀρχῆς
967 4986 1380 5057 ἁφωρισμένης.
1412 4985 1479 5040 El
1503 4986 1562 5041 δὲ
1593 4987 1670 5058 μὴ
1694 5005 1786 5041 το-

207 5076 377 5141 πικῶς
405 5075 517 5129 τῶν
547 5075 649 5146 τῆς
678 5074 787 5145 γῆς
812 5075 1121 5147 τμημάτων
1148 5076 1220 5130 τὰ
1243 5076 1412 5140 ζὼδια
1440 5080 1664 5148 κρατεῖν
1687 5077 1788 5132 λέ-

208 5182 369 5235 γοιεν,
406 5165 545 5237 μηδὲ
592 5164 892 5235 σωματικῷ
923 5165 1145 5236 μεγέθει
1176 5165 1317 5220 κατά
1353 5166 1415 5220 τὸ
1445 5166 1592 5238 ἔχειν
1621 5167 1791 5237 αὐτῆς

209 5259 263 5312 τὸ
292 5257 663 5331 πλάτος,[669
690 5256 787 5331 IL]
820 5257 955 5312 ἀλλὰ
967 5258 1013 5291 ⁸ο
1048 5260 1290 5328 φυσικῶς
1314 5259 1525 5331 χαίρειν
1554 5259 1784 5314 ἕκαστον

208 5348 309 5403 τῶν
339 5348 550 5414 cur.th
578 5347 795 5419 ἑκάστῳ
839 5349 1000 5420 μέρει
1042 5348 1144 5419 τῆς
1172 5349 1274 5420 γῆς
1294 5390 1308 5415 ,
1346 5349 1615 5420 περιττῶς
1648 5348 1787 5421 πρὸς

1886 4890 2031 4953 deat,
2059 4900 2225 4959 atque
2253 4892 2666 4953 coextendatur,
2703 4905 2767 4945 ac
2799 4901 3082 4960 propterea
3114 4893 3276 4947 etiam
3298 4890 3473 4946 aﬂini-

1885 4988 2051 5035 tatem
2089 4980 2234 5035 illam
2266 4996 2389 5035 cum
2416 4996 2484 5035 eo
2514 4981 2767 5051 liabeatZ
2790 4981 3098 5038 Praesertim
3138 4999 3262 5039 cum
3294 5000 3470 5055 neque

1889 5082 2032 5135 terra
2058 5073 2311 5127 universa
2338 5072 2412 5128 sit
2437 5073 2770 5139 habitabilis,
2795 5074 2887 5128 sed
2912 5088 3010 5143 pro
3033 5075 3268 5130 maxima
3291 5086 3469 5147 parte.

1888 5179 2000 5235 prae
2032 5162 2199 5219 nimio
2228 5163 2425 5234 partim
2483 5164 2684 5230 calore,
2722 5164 2923 5234 partim
2970 5165 3191 5235 frigore,
3236 5168 3469 5224 habitari

1891 5258 1961 5312 ab
1998 5255 2313 5312 hominibus
2342 5265 2594 5326 nequeat,
2632 5257 2701 5311 ab
2726 5257 2939 5315 caeteris
2977 5259 3104 5315 item
3152 5269 3311 5317 terrm
3347 5276 3471 5332 par-

1895 5346 2045 5403 tibus
2067 5343 2182 5413 jam
2208 5344 2343 5401 inde
2379 5360 2411 5399 a
2445 5346 2711 5417 principio
2740 5347 2958 5418 penitus
3009 5349 3287 5443 distin.eta.
3317 5350 3471 5418 Quod

1500 5484 1741 5542 VARIIE
1786 5482 2195 5543 BECTIONES.

275 5578 321 5611 "
349 5576 641 5650 ἀνατολῆς]
672 5576 782 5634 imo
810 5577 1096 5651 ἀνατολὴν.
1172 5579 1216 5611 ⁷³
1247 5577 1453 5646 ζὼδων,
1471 5588 1531 5633 ιιι
1561 5578 1720 5644 solet,
1755 5577 1783 5630 Δ

1897 5575 1943 5608 ⁸⁸
1970 5574 2105 5629 ἀλλὰ
2154 5572 2292 5645 μηδὲ
2322 5589 2450 5643 φυσ.
2474 5590 2535 5638 ς.

283 5811 394 5885 (ιι)
420 5811 661 5871 Ἕνδεκα
689 5809 993 5883 legendum,
1027 5818 1088 5868 ut
1117 5810 1354 5870 calculus
1377 5811 1645 5882 quadret:
1672 5716 2278 5881 nigeilbifinsequenti
2322 5810 2640 5868 vicesimum
2666 5820 2828 5883 caput
2863 5810 3090 5869 Pbotius
3135 5811 3398 5871 omiserit.
