3924 6398
567 388 677 455 839
1724 376 1990 439 PlIOTlI
2026 370 2538 437 PATRIARCHE
2574 373 2686 434 ep.
3728 368 3815 436 εω

563 505 610 559 si
643 518 749 559 non
779 501 991 556 ratione
1031 498 1172 557 situs
1191 495 1418 570 singulis
1458 505 1617 551 terra:
1644 492 1976 549 sectionibus
1995 491 2145 560 signa

2252 487 2320 543 τὰ
2347 489 2605 561 σχήματα
2624 486 2735 542 τῶν
2756 484 2968 553 (ollim;
2987 485 3083 540 καὶ
3111 484 3218 557 γῆς
3242 484 3449 550 τόπους
3471 483 3814 555 ἀπονέμουσι.

565 595 835 664 imperare
853 590 1110 655 dixerim,
1136 603 1312 658 neque
1335 588 1543 643 ratione
1573 598 1849 654 corporea:
1876 582 2145 652 magnitu-

2251 580 2381 643 ταῖς
2413 578 2515 649 μὲν
2539 577 2636 631 τοῦ
2664 577 2927 648 καρκίνον
2963 576 3155 648 χηλαῖς
3187 576 3381 647 ἐξοχάς
3419 593 3573 639 τινας
3614 577 3718 631 καὶ
3743 577 3819 632 ἑκ-

567 686 727 747 dinis,
744 684 897 753 quasi
917 694 1073 737 terra?
1089 683 1342 736 nimirum
1360 680 1593 734 habeant
1609 673 2037 744 amplitudinem,
2057 672 2145 728 sed

2253 669 2443 731 τάσεις
2472 667 2631 731 ἐκτὸς
2652 666 2751 721 τοῦ
2778 666 2904 721 ὅλου
2952 667 3244 737 μεγέθους,
3269 669 3385 731 τοῖς
3408 666 3467 722 δὲ
3504 666 3603 720 τοῦ
3635 667 3818 739 ταύρου

564 793 744 847 neque
772 776 974 846 211a
998 773 1207 828 ratione
1228 782 1435 827 natura:
1452 771 1684 837 gaudere
1710 764 1951 837 singulas
1977 762 2145 833 signi-

2257 761 2455 832 κέρασι
2486 759 2583 814 καὶ
2624 760 2741 822 τοῖς
2780 758 2943 813 ποσὶν
2973 758 3195 832 ἑτέρους
3218 758 3300 829 τῷ
3324 760 3428 831 τῆς
3460 758 3679 830 φύσεως
3712 762 3821 830 σχήο

572 869 672 923 feri
711 880 893 938 partes
938 866 1166 937 singulis
1195 874 1353 919 terrae
1386 862 1651 932 partibus,
1697 860 1894 913 frustra
1928 854 2145 910 omnino

2260 866 2392 921 ματι
2420 848 2861 922 παραπλησίους.

566 960 722 1031 juxta
758 961 960 1032 figuras
1001 963 1301 1031 signorum,
1325 956 1486 1010 etiam
1519 964 1674 1008 terra:
1704 954 1821 1007 loca
1841 948 2174 1005 distribuunt
2210 961 2226 1000 :
2260 951 2321 999 ut
2373 958 2498 1001 cum
2544 942 2728 998 cancri
2780 941 2952 1005 chelis
3008 941 3126 997 sive
3164 942 3457 1014 forcipibus
3532 942 3821 1000 eminentes

566 1055 829 1126 quasdam
880 1065 1042 1124 atque
1099 1060 1450 1122 exporrectas
1501 1057 1655 1102 extra
1707 1047 1873 1101 totius
1943 1045 2139 1097 molem
2176 1049 2357 1110 partes
2389 1038 2829 1096 attribuunt-.et
2857 1038 2998 1093 tauri
3028 1053 3244 1094 rursum
3300 1039 3558 1099 cornibus
3614 1053 3684 1094 ac
3741 1054 3819 1108 pe-

568 1147 728 1203 dibus
755 1147 861 1200 alia
893 1147 1139 1216 quaedam
1194 1146 1331 1207 loca,
1368 1156 1488 1212 quae
1527 1141 1748 1210 propius
1787 1139 1854 1193 ad
1914 1132 2225 1192 naturalem
2254 1133 2448 1187 borum
2485 1132 2714 1203 figuram
2756 1132 3043 1188 accedant.

648 1241 849 1296 Adhzec
878 1238 971 1311 [si]
1009 1238 1215 1309 singula
1261 1236 1505 1308 signiferi
1533 1236 1685 1306 signa
1722 1234 1950 1304 singulis
1982 1242 2142 1287 terra:

2314 1228 2438 1281 Ἔτι
2462 1227 2531 1294 ,δὲ
2561 1228 2611 1283 εί
2642 1226 2823 1299 χαίρει
2860 1226 2971 1283 τῶν
3013 1226 3223 1291 ζωδῑων
3260 1226 3501 1287 ἕκαστον
3560 1227 3804 1295 φυσικῶς

570 1330 926 1392 sectionibus,
957 1332 1031 1382 ita
1079 1338 1283 1381 natura:
1310 1327 1522 1381 ratione
1555 1326 1845 1394 gaudeant,
1881 1333 1940 1377 ut
1968 1332 2024 1377 et
2054 1321 2145 1375 la:-

2247 1320 2461 1391 ἑκάστῳ
2504 1320 2658 1392 μέρει
2698 1319 2803 1390 τῆς
2846 1319 2973 1389 γῆς,
3003 1318 3101 1373 καὶ
3150 1317 3385 1389 βλάπτει
3430 1318 3532 1386 μὲν
3559 1317 3822 1387 αὒτῆςτὰ

573 1425 706 1479 dant
736 1420 852 1491 ejus
876 1430 1059 1491 partes
1090 1435 1155 1475 ac
1191 1418 1407 1480 vitieut,
1456 1419 1536 1472 vel
1571 1428 1729 1471 terrae
1761 1416 2016 1482 motibus,
2062 1413 2145 1470 vel

2248 1412 2390 1483 μέρη
2420 1414 2516 1466 καὶ
2542 1411 2800 1481 ἀφανίζει
2838 1410 2872 1482 ἢ
2910 1413 3153 1481 σεισμοῖς
3174 1410 3221 1443 ⁸⁸
3254 1410 3287 1481 ἢ
3321 1409 3589 1481 πολέμοις
3619 1408 3657 1479 ἢ
3692 1426 3814 1479 πυρ-

571 1516 750 1573 bellis.
774 1514 854 1566 vel
880 1511 1018 1581 ignis
1040 1510 1458 1573 vastationibus,
1486 1509 1568 1562 vel
1599 1507 1910 1569 sterilitate,
1936 1508 2145 1576 quoties

2249 1503 2545 1575 πολήσεσιν
2590 1504 2625 1575 ἢ
2689 1503 2946 1573 ἀφορίαις
2996 1501 3299 1558 ηκακοποιοῦ
3351 1501 3620 1570 φανέντος
3680 1500 3822 1553 “gn

574 1604 869 1672 tualignum
918 1602 1133 1671 aliquod
1184 1604 1333 1655 sidus
1383 1609 1629 1669 apparet,
1661 1609 1713 1657 et
1744 1610 1931 1655 contra
1964 1600 2145 1670 juveni

2251 1596 2501 1668 ἀστέρος,
2531 1595 2735 1665 ὡφελεῖ
2760 1594 2817 1648 δὲ
2848 1593 2916 1647 τὰ
2957 1593 3194 1663 μέγιστα
3220 1591 3330 1646 τῶν
3373 1591 3729 1661 ἀγαθοποιῶν
3759 1609 3825 1645 τι-

572 1696 829 1758 maxime,
884 1693 1241 1761 agricultura,
1288 1691 1663 1757 mdiftcatione,
1714 1693 1979 1757 ubertate,
2026 1691 2145 1744 dum

2250 1704 2343 1750 νος
2382 1689 2464 1752 είς
2497 1688 2631 1741 αὐτὸ
2672 1688 3001 1759 ἐρχομένου,
3030 1686 3343 1757 γηπονίαις,
3380 1686 3697 1757 εὖφορίαις,
3724 1686 3819 1751 πῶς

572 1780 865 1849 benignum
900 1780 1119 1846 aliquod
1165 1780 1317 1833 sidus
1349 1780 1415 1831 ad
1450 1794 1544 1833 eas
1575 1778 1855 1845 defertur;
1885 1778 2145 1847 quomodo

2252 1779 2359 1831 είσι
2385 1780 2541 1831 τόποι
2559 1778 2645 1832 διὰ
2675 1778 2876 1848 κρύους
2904 1776 2938 1848 ἥ
2966 1777 3203 1840 θάλπους
3229 1776 3534 1848 ὑπερϐολὴν
3563 1777 3663 1830 διά
3702 1793 3821 1829 παν.

571 1872 759 1925 adhaec
808 1871 923 1923 loca
969 1871 1215 1939 quaedam
1261 1872 1625 1937 reperiuntur,
1662 1886 1780 1939 «lure
1814 1872 1882 1925 ob
1926 1870 2145 1924 nimium

2248 1871 2343 1934 τὸς
2398 1871 2619 1925 πάντων
2669 1870 2889 1941 ἔρημοι,
2944 1869 3034 1923 καὶ
3083 1868 3206 1922 οὔτε
3262 1868 3599 1937 ἀγαθοποιὸς
3653 1868 3821 1931 αὐτοῖς

572 1962 687 2016 sive
730 1960 925 2031 frigus,
954 1961 1073 2015 sive
1105 1963 1338 2013 calorem
1370 1962 1594 2014 omnino
1628 1961 1843 2014 deserta
1892 1970 2145 2029 perpetuo

2249 1961 2438 2029 ἀφεῖλε
2492 1961 2593 2033 τὴν
2638 1962 2900 2032 ἐρημίαν,
2935 1962 3178 2032 παρέσχε
3206 1960 3264 2015 δὲ
3290 1960 3391 2031 τὴν
3437 1960 3745 2030 εὐκρασίαν
3763 1959 3820 2025 ⁸³,

572 2061 861 2107 remanent
904 2070 917 2106 :
962 2068 1137 2122 neque
1196 2051 1280 2105 vel
1334 2050 1633 2107 beneficum
1685 2052 1904 2119 aliquod
1942 2062 2145 2104 astrum

2250 2053 2372 2107 οὔτε
2400 2054 2530 2117 τοὺς
2558 2054 2888 2123 οίκησίμους
2918 2054 3117 2116 τόπους
3138 2050 3433 2115 κακοποιὸς
3450 2050 3644 2114 «οὐδεὶς
3672 2051 3820 2119 ἐπεμ-

573 2144 787 2198 sublata
840 2144 1140 2199 solitudine
1175 2144 1488 2211 temperiem
1538 2144 1689 2199 hisce
1725 2144 1924 2205 attulit,
1961 2145 2044 2196 vel
2082 2144 2145 2198 ad

2248 2144 2453 2197 σαίνων
2499 2143 2610 2197 τῶν
2666 2144 2875 2208 ζωδίων
2912 2144 2995 2207 είς
3025 2142 3263 2213 παντελῆ
3298 2141 3533 2213 Ξρημίαν
3557 2142 3661 2194 καὶ
3693 2142 3820 2209 ἀφα-

574 2236 902 2291 babitabiles
951 2236 1098 2290 locos
1141 2238 1429 2306 malignum
1482 2237 1694 2304 sigmnu
1740 2237 2060 2302 ascendens,
2095 2238 2146 2291 iu

572 2344 779 2382 meram
811 2343 907 2383 eos
930 2328 1276 2382 solitudinem
1312 2344 1376 2383 ac
1407 2331 1709 2383 vastitatem
1760 2329 2007 2398 redegit?
2036 2328 2147 2383 Etsi

571 2422 715 2474 enim
742 2422 829 2474 bie
859 2422 1187 2491 contigerint
1217 2421 1509 2490 aliquando
1536 2423 1832 2488 eluviones,
1864 2420 1945 2476 vel
1984 2436 2147 2490 gran-

572 2513 761 2566 dinum
806 2523 899 2566 aut
934 2512 1217 2566 fulminum
1246 2512 1409 2573 ictus.
1439 2514 1640 2581 quibus
1685 2526 1746 2565 ea
1782 2526 1900 2580 quia
1934 2511 1987 2565 in
2016 2512 2147 2580 ipsis

573 2612 719 2666 sunt,
751 2604 988 2672 perirent
1014 2620 1026 2657 :
1064 2613 1305 2658 attamen
1334 2603 1648 2674 συμμετρία
1672 2619 1857 2657 rursus
1886 2603 2002 2658 haec
2028 2603 2146 2657 loca

571 2694 640 2746 ad
685 2696 982 2749 naturalem
1018 2695 1321 2750 ubertatem
1353 2696 1592 2760 reduxit,
1628 2712 1749 2749 cum
1785 2696 1889 2750 illis
1914 2696 2147 2751 desertis

572 2799 845 2852 nunquam
894 2786 1111 2854 aliquod
1156 2785 1420 2840 hactenus
1462 2784 1587 2839 Mix
1620 2796 1826 2841 astrum
1862 2785 2144 2856 profuerit.

572 2874 680 2929 Sed
704 2884 897 2929 natura
935 2877 1189 2930 nimirum
1225 2878 1454 2943 obtinet,
1485 2892 1607 2930 cum
1656 2877 1708 2930 in
1740 2877 2143 2941 solitudinibus,

572 2978 682 3019 tmn
734 2967 1076 3037 ubicunque,
1110 2985 1214 3023 non
1259 2969 1448 3025 eadem
1486 2970 1573 3023 illa
1626 2972 1786 3024 rebus
1831 2969 2079 3025 omnibus
2114 2985 2144 3023 a

571 3058 680 3113 Deo
715 3061 902 3127 indita,
935 3072 991 3115 ut
1036 3078 1210 3128 neque
1244 3061 1419 3130 pluvia
1449 3061 1522 3115 ibi
1551 3061 1766 3116 decidat
1793 3063 1883 3116 ubi
1919 3077 2015 3130 per
2047 3078 2144 3116 na-

569 3155 744 3200 turam
778 3162 885 3200 non
941 3146 1106 3209 solet.
1154 3163 1329 3216 neque
1377 3150 1593 3203 nivibus
1627 3165 1863 3218 unquam
1917 3150 2005 3203 illa
2055 3165 2146 3203 ca-

2248 2237 2439 2306 νισμδν
2492 2234 2933 2306 μετεσκεύασενς
2964 2236 3014 2289 εί
3045 2235 3156 2305 γὰρ
3184 2234 3279 2288 καὶ
3306 2233 3548 2303 γένοιντο
3572 2233 3713 2306 [547
3738 2234 3817 2307 ιι]

2248 2328 2626 2397 κατακλυσμοὶ
2655 2327 2691 2397 ἢ
2729 2327 2971 2397 χαλάζης
3025 2327 3060 2398 ἢ
3116 2326 3396 2397 κεραυνῶν
3433 2326 3615 2396 βολαὶ,
3666 2328 3733 2380 τὰ
3771 2330 3823 2380 ὲν

2248 2420 2434 2481 αὐτοῖς
2483 2418 2861 2488 ἀφανίζοντες,
2888 2419 3008 2472 ἀλλ’
3038 2420 3071 2489 ἡ
3099 2420 3416 2490 συμμετρία
3461 2419 3634 2473 πάλιν
3664 2420 3748 2482 εἰς
3770 2420 3821 2474 τὺ

2247 2514 2393 2567 κατά
2418 2512 2580 2581 φύσιν
2604 2512 2834 2583 εὔφορον
2863 2512 3059 2576 αὐτοὺς
3084 2512 3423 2584 ἐπανήγαγε.
3448 2513 3592 2576 Τοὺς
3616 2514 3686 2567 δὲ
3708 2514 3824 2583 ἱρή-

2252 2622 2383 2676 μους
2404 2606 2605 2668 τόπους
2648 2605 2803 2658 οὔπω
2834 2622 2920 2669 τις
2952 2604 3232 2675 ὠφέλησεν
3258 2605 3594 2673 ἀγαθοποιὺς
3625 2606 3817 2676 ἀστὴρ,

2249 2697 2365 2752 ἀλλ’
2398 2699 2433 2770 ἡ
2471 2698 2634 2767 φύσις
2671 2699 2866 2769 κρατεὶ
2914 2698 3009 2750 καὶ
3034 2698 3094 2751 ἐν
3120 2698 3380 2769 ἕρημίαις
3416 2698 3512 2753 καὶ
3538 2698 3816 2768 πανταχοῦ

2252 2791 2403 2860 παρά
2453 2789 2591 2843 Θεοῦ
2620 2792 2732 2853 τοῖς
2766 2789 2886 2843 οῦσι
2924 2789 3200 2861 διαφόρως
3225 2789 3469 2855 δοθεῖσα,
3496 2790 3593 2843 καὶ
3620 2789 3740 2843 οὔτ’
3759 2790 3818 2842 ἃν

2247 2880 2402 2944 ὑετὸς
2448 2879 2802 2951 κατενεχθείη
2832 2881 2967 2933 ὅπου
3010 2882 3085 2950 μὴ
3121 2880 3390 2948 πέφυκεν,
3427 2878 3543 2932 οὒτ’
3573 2879 3645 2933 ἂν
3685 2896 3822 2950 νιφε-

2244 2971 2357 3024 τῶν
2409 2970 2755 3040 ἀπαλλαγείη
2811 2971 2881 3024 τὰ
2928 2972 3016 3025 διὰ
3058 2971 3259 3035 παντὸς
3292 2971 3529 3041 φέροντα
3578 2969 3819 3043 κρυμοὺς

2243 3061 2488 3133 ἀγρίους.
2533 3064 2596 3116 Εἰ
2620 3062 2677 3114 δὲ
2702 3062 2835 3115 αὐτὸ
2874 3063 2976 3132 τῆς
3002 3062 3114 3117 τῶν
3145 3062 3326 3115 τόπων
3355 3061 3576 3132 φύσεως
3601 3061 3674 3115 τὸ
3694 3064 3821 3133 ἀμε-

2243 3154 2510 3226 τάϐλητον
2556 3154 2758 3225 δεῖγμα
2791 3154 3130 3223 λαμϐάνουσι
3183 3152 3277 3206 τοῦ
3334 3155 3548 3224 χαίρειν
3593 3153 3821 3207 ἕκαστον

565 3247 742 3303 reant,
777 3254 1116 3308 quaecunque
1153 3241 1409 3293 innnania
1446 3241 1555 3310 pati
1606 3236 1808 3310 frigora
1844 3256 2145 3296 consueve-

2247 3248 2440 3312 ζὼδιον
2471 3246 2690 3315 ἑκάστῳ
2718 3246 2874 3317 μέρει
2901 3248 3029 3315 γῆς,
3067 3248 3126 3299 at
3154 3245 3265 3298 ἀπὸ
3292 3244 3564 3316 εὐφοριῶν
3585 3247 3673 3309 είς
3698 3247 3824 3313 ἀφο-

567 3342 713 3382 runt.
744 3330 895 3395 Quod
945 3334 990 3384 si
1037 3332 1129 3400 qui
1168 3330 1396 3385 forsitan
1450 3330 1847 3386 immutabilem
1894 3332 2035 3386 hunc
2088 3332 2139 3386 in

2248 3340 2369 3412 ρίας
2402 3338 2697 3409 μεταϐολαὶ
2747 3339 2843 3393 καὶ
2878 3340 2925 3391 οἱ
2955 3338 3173 3408 σεισμοὶ
3214 3338 3279 3391 τὸ
3311 3337 3606 3408 λεγόμενον
3638 3338 3820 3399 αὐτοῖς

565 3423 805 3477 locorum
846 3432 1039 3477 natura
1086 3424 1333 3478 ordinem
1368 3437 1469 3493 pro
1514 3423 1720 3478 iudicio
1764 3435 1929 3494 atque
1982 3440 2145 3491 argu-

2247 3432 2466 3495 ἀσθενὲς
2497 3430 2864 3501 διελέγχουσι·
2896 3429 3007 3484 τῶν
3062 3430 3161 3502 μὲν
3194 3429 3303 3500 γὰρ
3357 3430 3583 3497 ἀγαθῶν
3641 3432 3822 3485 τόπων

565 3531 755 3576 mento
785 3526 1089 3581 assumant,
1136 3520 1280 3587 quod
1318 3516 1528 3586 singula
1566 3514 1811 3586 signiferi
1846 3518 2000 3587 signa
2032 3517 2145 3573 sin-

2247 3523 2504 3586 πολλάκις
2550 3520 2822 3593 ἠφανίσθη
2847 3521 2908 3574 τὸ
2941 3519 3230 3592 εὔκρατον,
3256 3521 3446 3574 τῶνδὲ
3476 3522 3710 3591 ἐρήμων
3742 3521 3821 3573 οὒς

563 3613 704 3677 gulis
746 3621 907 3665 terrae
936 3610 1182 3679 partibus
1212 3610 1525 3677 gaudeant:
1556 3617 1704 3663 certe
1748 3608 2043 3663 fertilitatis
2091 3609 2143 3663 in

2247 3608 2521 3663 Βεπώποτε
2569 3608 2881 3679 μετεθλήθη
2911 3608 2973 3660 τὸ
3004 3608 3196 3679 ἄγριον
3245 3610 3339 3662 καὶ
3386 3611 3673 3681 ἀοίκητον.
3704 3611 3821 3664 Τῶν

565 3704 913 3757 sterilitatem
941 3702 1416 3766 commutationes,
1449 3712 1717 3769 terraeque
1745 3700 1916 3770 ipsius
1941 3708 2141 3766 motus,

2247 3700 2345 3771 μὲν
2377 3699 2469 3753 οῦν
2500 3702 2559 3752 ἐν
2610 3697 2687 3769 τῷ
2716 3699 2759 3752 λ’
2789 3699 3071 3769 κεφαλαίῳ
3112 3700 3221 3752 ὅσα
3245 3699 3307 3751 τὸ
3356 3700 3657 3753 ἀκόλουθόν
3708 3717 3821 3763 πως

567 3796 893 3851 imbecillum
923 3810 1047 3851 esse
1074 3795 1265 3848 horum
1297 3803 1677 3864 argumentum
1717 3793 1849 3847 satis
1882 3800 2137 3862 arguunt.

2247 3791 2389 3863 μετά
2420 3792 2512 3845 τοῦ
2546 3789 2773 3845 πιθανοῦ
2806 3786 2942 3860 εἶχε,
3002 3790 3175 3844 ταῦτὰ
3221 3792 3335 3845 ἐστι
3355 3807 3371 3822 ο
3398 3791 3508 3845 τῶν
3546 3792 3592 3846 δ’
3644 3792 3816 3845 ἄλλων

563 3883 697 3938 Nam
724 3887 823 3940 etsi
853 3886 1086 3940 felicium
1114 3886 1354 3940 locorum
1386 3895 1873 3954 temperamentum
1900 3897 2139 3953 persaepe

2247 3884 2314 3937 τὰ
2368 3882 2468 3953 μὲν
2495 3885 2607 3946 τοῖς
2656 3881 2991 3953 προλαόοῦσι
3022 3882 3339 3950 κεφαλαίοις
3368 3884 3721 3954 προείρηται,
3755 3883 3817 3936 τά

562 3978 809 4046 perierit,
862 3978 1213 4033 solitudinum
1252 3986 1432 4030 tamen
1466 3975 1840 4031 inhabitabilis
1869 3976 2138 4045 asperitas

2247 3974 2303 4028 δὲ
2358 3975 2500 4028 κατά
2538 3973 2599 4026 τὸ
2641 3972 2967 4044 φαινόμενον
2997 3974 3197 4044 μᾶλλον
3228 3974 3323 4027 καὶ
3349 3976 3676 4030 ἐπιπόλαιον
3739 3976 3815 4028 δι-

564 4083 837 4135 nunquam
874 4068 1156 4120 immutata
1203 4075 1311 4121 est.
1346 4064 1467 4120 Hzec
1521 4065 1684 4136 igitur
1715 4066 1801 4121 illa
1839 4076 1967 4121 sunt
2015 4080 2138 4135 quae

2247 4063 2598 4123 εσκεύασται.

562 4157 837 4211 tricesimo
879 4158 1057 4225 capite
1100 4156 1176 4210 ita
1220 4167 1541 4222 tractantur,
1578 4167 1636 4211 ut
1690 4160 2136 4226 consequentiam
2176 4159 2418 4229 aliquam
2471 4165 2529 4209 et
2580 4154 3018 4225 probabilitatem
3080 4156 3337 4220 habeant,
3402 4168 3597 4211 caetera
3663 4172 3811 4225 vero,

560 4249 759 4318 partim
788 4249 1056 4318 capitibus
1101 4248 1243 4302 dicta
1278 4258 1403 4303 sunt
1436 4251 1890 4317 praecedentibus,
1938 4254 2134 4321 partim
2178 4254 2231 4308 in
2269 4252 2504 4321 speciem
2533 4250 2793 4304 duntaxat
2817 4252 3140 4304 exteriorem
3178 4250 3438 4303 instructa
3469 4251 3743 4306 videntur.

631 4344 701 4396 At
727 4342 901 4411 primo
944 4351 998 4395 et
1035 4342 1312 4397 tricesimo
1357 4345 1539 4412 capite
1584 4346 1984 4416 astrologorum
2017 4349 2137 4417 opi-

2326 4348 2414 4400 Ἐν
2439 4346 2494 4400 δὲ
2522 4343 2600 4414 τῷ
2625 4344 2708 4397 λα’
2733 4344 2985 4414 διαπορεῖ
3013 4343 3114 4415 τὴν
3137 4343 3248 4397 τῶν
3283 4344 3625 4415 ἀστρολόγων
3653 4346 3810 4413 δόξαν

558 4434 779 4486 nionem
822 4432 1174 4493 labefactans,
1220 4434 1291 4487 ita
1324 4434 1556 4501 quaerit:
1587 4433 1700 4487 Cur
1733 4436 1941 4491 zodiaci
1978 4438 2133 4507 signa

2247 4435 2505 4499 itaoafwv,
2541 4434 2635 4487 καί
2684 4450 2839 4503 φησι·
2875 4433 2976 4486 Διά
3002 4434 3056 4487 τί
3106 4434 3216 4503 γὰρ
3270 4434 3439 4499 ζὼδια
3490 4437 3673 4501 οἴκους
3701 4439 3808 4491 τῶν

554 4525 853 4577 errantium
886 4523 1167 4577 stellarum
1195 4526 1383 4579 domos
1414 4525 1724 4594 appellant?
1749 4526 1832 4580 An
1863 4528 1989 4596 quia
2022 4529 2136 4585 haac

2247 4526 2516 4598 τλανήτων
2544 4525 2841 4591 καλοῦσινς
2875 4521 2966 4596 ἆρ’
2996 4526 3081 4578 ὅτι
3111 4526 3358 4594 πέπηγεν
3373 4527 3423 4557 ⁸⁸
3449 4528 3508 4579 ἐν
3541 4528 3614 4599 τῷ
3641 4530 3806 4598 οὐρα-

557 4615 610 4669 in
662 4614 803 4669 caelo
849 4616 950 4668 lixa
984 4615 1156 4669 sunt?
1205 4615 1346 4685 Ergo
1402 4626 1673 4685 quotquot
1720 4618 1971 4674 similiter
2026 4620 2131 4673 lixa

2247 4617 2341 4688 νῷ;
2391 4616 2487 4671 καὶ
2526 4616 2730 4680 πάντες
2783 4616 2893 4686 ἀρα
2945 4616 2996 4669 ol
3043 4616 3247 4687 ὁμοίως
3292 4620 3601 4687 πεπηγότες
3663 4615 3806 4674 οἶκοι

556 4715 776 4760 tuanent
822 4716 994 4769 astra,
1026 4706 1263 4773 ipsorum
1294 4722 1448 4775 atque
1490 4709 1683 4764 domus
1716 4710 1939 4764 fuerint.
1974 4709 2128 4778 Non;

2247 4707 2505 4760 ἱσονται⁸⁸
2532 4706 2758 4761 τούτων.
2808 4706 2945 4761 Ἀλλ’
2977 4708 3059 4761 ὅτι
3111 4707 3385 4763 κινοῦνται
3424 4710 3801 4782 οί.πλάνητες;

552 4798 647 4849 sed
678 4797 805 4863 quia
849 4811 952 4849 non
987 4796 1292 4850 errantium
1333 4798 1613 4852 stellarum
1648 4801 1907 4870 quaelibet
1934 4800 2132 4870 gaudet

2247 4797 2323 4850 ιαὶ
2349 4796 2499 4851 οὕτω
2525 4798 2688 4851 πάλιν
2715 4798 2918 4862 πάντες
2950 4800 3000 4851 οί
3023 4801 3342 4870 πεπηγότες
3361 4799 3507 4858 οἶκοι
3534 4805 3597 4859 ἀν
3610 4806 3809 4861 αὐτῶν

552 4890 750 4958 2ιιῡ
792 4899 1031 4944 errante.
1066 4888 1207 4956 Quin
1247 4890 1408 4959 igitur
1449 4901 1504 4946 et
1558 4891 1787 4961 planetas
1843 4892 2125 4963 signorum

2247 4890 2417 4959 ιίησαν
2462 4889 2714 4953 είκότως.
2756 4889 2897 4943 Ἀλλ’
2949 4890 3030 4944 ὅτι
3079 4892 3190 4946 τῶν
3248 4893 3507 4950 ἀπλανῶν
3573 4898 3809 4960 ἕκαστος

554 4982 759 5035 zodiaci
820 4982 1013 5036 domus
1076 4982 1459 5051 appellantur?
1516 4982 1799 5048 Quomodo
1841 4998 1947 5036 non
2002 4984 2128 5037 item

2247 4980 2408 5049 ίαίρει
2444 4980 2521 5050 τῷ
2552 4980 2785 5050 πλάνητι
2821 4998 2837 5048 ;
2869 4981 2960 5035 διὰ
2991 4981 3045 5035 τί
3081 4979 3177 5037 οὖν
3216 4984 3290 5054 μὴ
3326 4986 3423 5040 καὶ
3451 4988 3502 5039 oi
3531 4988 3808 5058 πλάνητες

550 5076 744 5126 domus
783 5073 1013 5127 invicem
1048 5082 1172 5127 sunt
1220 5073 1450 5127 benefici
1487 5074 1844 5142 prosperique
1875 5073 2127 5142 planetae,

2247 5068 2368 5124 ιῖκοι
2405 5070 2517 5123 τῶν
2546 5070 2755 5135 ζωδίων
2784 5088 2800 5137 ;
2832 5072 2951 5137 πῶς
2984 5074 3043 5128 δὲ
3074 5075 3151 5146 μὴ
3176 5075 3427 5146 ἀλλήλων
3469 5073 3597 5131 οἴκοι
3632 5079 3805 5131 πάλιν

549 5173 605 5217 et
636 5163 869 5218 malefici
898 5182 912 5218 :
952 5165 1062 5218 imo
1090 5173 1146 5216 et
1174 5179 1295 5234 qua:
1322 5165 1423 5219 sibi
1458 5174 1650 5218 mutuo
1681 5164 1967 5217 familiaria
2002 5175 2129 5219 sunt

2247 5162 2278 5213 ii
2313 5161 2631 5229 ἀγαθοποιοὶ
2654 5162 2924 5232 πλάνητες
2946 5166 3042 5219 καὶ
3068 5169 3119 5223 oi
3156 5170 3465 5236 κακοποιοὶ,
3502 5170 3587 5225 καὶ
3618 5171 3712 5223 ἔτι
3736 5171 3806 5225 τὰ

549 5256 761 5309 zodiaci
816 5256 989 5325 signa.
1020 5254 1088 5308 iSi
1148 5268 1276 5308 vero
1331 5265 1640 5325 propterea,
1692 5256 1833 5325 quod
1886 5256 2039 5325 signa
2092 5271 2127 5312 e

2247 5252 2474 5323 ιλλήλοις
2507 5250 2766 5323 χαίροντα
2784 5254 2830 5286 ⁸⁸
2858 5253 2969 5308 τῶν
3005 5254 3250 5326 (molunt;
3280 5260 3331 5313 εί
3368 5260 3415 5313 δ’
3442 5262 3527 5313 ὅτι
3573 5260 3649 5312 τὰ
3700 5261 3807 5329 μὲν

552 5347 740 5402 multis
794 5356 1188 5423 cpmponantur
1240 5348 1433 5410 stellis,
1479 5362 1602 5400 cum
1654 5348 1849 5417 singuli
1896 5349 2123 5417 planetae

2247 5344 2385 5397 ’ώδια
2420 5344 2704 5412 σύγκειται
2742 5346 2807 5398 ὲκ
2831 5346 3060 5413 πολλῶν,
3095 5349 3325 5415 ἕκαστος
3356 5351 3415 5404 δὲ
3442 5351 3545 5403 τῶν
3575 5350 3807 5421 πλανή-

547 5442 710 5494 unius
746 5438 959 5508 generis
1003 5438 1143 5503 sint;
1184 5453 1310 5492 mox
1348 5439 1513 5493 etiam
1544 5438 1840 5508 quamlibet
1890 5440 2119 5493 lixarum

2247 5453 2334 5488 των
2372 5436 2679 5507 μονοειδὴς,
2713 5438 2809 5492 καὶ
2851 5441 3091 5512 ἑκάστην
3124 5442 3372 5496 σύνθεσιν
3398 5443 3503 5496 τῶν
3530 5442 3807 5495 ἀπλανῶν

1839 5608 2073 5673 VARIE
2118 5618 2409 5675 LECTION
2420 5621 2525 5677 ES.

615 5738 656 5769 ⁸¹
684 5738 862 5808 ﬂante
898 5739 1142 5804 σεισμοῖς
1188 5751 1300 5791 om.
1336 5738 1400 5788 Α.
1507 5736 1552 5768 “
1575 5734 1668 5787 τοῦ
1701 5752 1810 5808 om.
1852 5736 1918 5792 C.
2037 5737 2082 5770 ⁸³
2113 5736 2384 5808 ἀκρασίαν
2412 5755 2472 5803 ς.
2572 5736 2619 5769 ⁸⁸
2668 5736 2756 5807 ἀρ’
2812 5736 2905 5792 οῦν
2956 5737 3039 5793 ὅτι
3085 5756 3146 5805 ς.
3256 5741 3300 5775 ⁸⁵
3319 5742 3513 5796 ἔσονται
3541 5767 3622 5780 -
3654 5731 3815 5793 οἶκοι

2572 5736 2619 5769 ⁸⁸
2668 5736 2756 5807 ἀρ’
2812 5736 2905 5792 οῦν
2956 5737 3039 5793 ὅτι
3085 5756 3146 5805 ς.

538 5807 667 5865 add.
705 5806 813 5867 AC.
889 5809 935 5842 ⁸⁶
964 5810 1221 5879 χαίροντα
1256 5818 1311 5863 et
1349 5822 1471 5861 mox
1507 5808 1631 5870 τοὺς
1654 5806 1753 5862 add
1785 5809 1848 5860 Α.

2037 5737 2082 5770 ⁸³
2113 5736 2384 5808 ἀκρασίαν
2412 5755 2472 5803 ς.
