4014 6422
276 435 378 497 841

1315 409 1836 490 nIB'LIO'rIIECA.
1862 454 1932 463 ——
1967 429 2129 489 con.
2162 428 2470 488 CCXXIII.

3418 429 3526 498 842

270 551 420 608 οἷκον
473 551 749 621 ὀφείλουσι
793 553 967 604 ποιεῖν
1002 549 1115 604 τῶν
1143 548 1430 618 πλανήτων
1455 564 1467 574 ·
1507 547 1706 608 πολλὰς
1737 547 1845 618 γὰρ

1965 549 2231 600 stellarum
2281 548 2734 616 compositionem
2796 549 3135 618 planetarum
3188 551 3526 608 constituere

269 646 340 700 ἄν
383 663 467 709 τις
505 645 659 715 εὖροι
712 642 1010 708 συνθέσεις,
1043 640 1325 712 βουληθεὶς
1363 638 1566 705 ζητεῖν,
1616 638 1849 691 καὶτῶν

272 738 452 792 ἄλλων
482 735 759 790 ἀπλανῶν.
796 737 857 788 Et
881 734 937 786 δὲ
967 735 1048 788 ὅτι
1095 732 1228 803 μόνα
1253 730 1323 784 τά
1357 732 1522 795 ζώδια
1575 732 1688 792 τοῖς
1719 730 1850 782 πλά-

269 845 432 897 νησιν
467 828 549 887 είς
580 827 650 880 τά
682 825 1103 896 ἀποτελέσματα
1151 825 1422 894 συνεργεῖ,
1452 821 1539 875 διὰ
1559 823 1612 874 τί
1641 822 1716 892 μὴ
1755 821 1850 874 καὶ

265 923 313 972 oi
349 920 625 988 πλάνητες
653 912 791 971 οἴκοι
823 917 931 970 τῶν
965 916 1172 980 ζωδίων
1203 916 1591 985 συνεργοῦντες
1626 913 1808 976 αὐτοῖς
1834 931 1848 978 ;

268 1014 318 1064 εί
349 1011 406 1064 δὲ
436 1009 572 1063 διότι
604 1010 703 1073 τὰς
742 1010 853 1062 τῶν
887 1009 1094 1072 ζωδίων
1143 1006 1424 1078 ἐνεργείας
1471 1005 1564 1058 καὶ
1613 1006 1851 1074 ἀκύρους

269 1103 370 1154 καὶ
417 1103 664 1169 ἐνεργεῖς
705 1100 960 1154 δύνανται
1019 1099 1216 1163 ποιεῖν,
1261 1096 1390 1169 [672
1430 1095 1522 1168 IL]
1575 1095 1689 1159 πῶς
1728 1095 1853 1163 οὐχὶ

269 1195 374 1246 καὶ
400 1192 646 1263 ἀλλήλων
683 1188 821 1244 οἶκοί
856 1194 983 1250 εἰσι,
1019 1193 1132 1250 τοῖς
1171 1189 1421 1258 ἀλλήλων
1450 1185 1852 1255 ἀποτελέσμασι

269 1285 368 1335 καὶ
398 1283 565 1351 κῦρος
591 1283 683 1336 καὶ
707 1281 1002 1335 κατάλυσιν
1031 1281 1286 1347 ἐπάγειν,
1313 1278 1387 1340 ὥς
1422 1295 1609 1346 φασιν,
1645 1277 1852 1346 ίσχύον-

275 1389 394 1438 reg;
426 1373 543 1436 πῶς
575 1374 631 1426 δὲ
669 1375 804 1443 μόνα
837 1373 906 1426 τὰ
936 1372 1101 1435 ζώδια
1129 1374 1242 1433 τοῖς
1272 1369 1512 1438 πλάνησι
1561 1370 1848 1438 συνεργεῖ;

269 1461 387 1532 ἆρα
417 1463 647 1533 μάταιός
701 1465 849 1515 ἐστιν
896 1465 924 1515 6
969 1462 1153 1524 λοιπὸς
1202 1462 1310 1513 τῶν
1341 1459 1600 1513 ἀπλανῶν
1649 1459 1851 1530 χορός;

269 1555 392 1616 πῶς
433 1555 491 1606 δὲ
531 1555 658 1617 τοὺς
701 1553 979 1622 πλάνητας
1030 1553 1384 1622 ἀγαθοποιείν
1410 1552 1506 1605 καὶ
1539 1553 1852 1604 κακοποιεῖν

270 1645 412 1708 ὅλως
441 1644 701 1698 δύνασθαί
735 1660 934 1712 φασιν;
965 1640 1075 1714 ἆρα
1115 1643 1202 1696 διὰ
1235 1643 1295 1694 τὸ
1327 1641 1595 1696 κινεῖσθαι
1617 1658 1631 1707 ;
1657 1640 1854 1694 οὐκοῦν

270 1736 382 1788 τῶν
412 1735 476 1804 ιβ’
510 1735 715 1800 ζωδίων
751 1735 908 1789 οὐδὲν
947 1733 1070 1788 οὔτε
1109 1734 1502 1802 ἀγαθοποιήσει
1529 1731 1654 1785 οὔτε
1682 1749 1851 1784 κακο-

270 1827 523 1894 ποιήσει’
565 1826 678 1879 ἀλλ’
716 1825 837 1877 ούδέ
883 1841 969 1887 τις
1005 1824 1164 1887 ἄλλος
1217 1823 1326 1877 τῶν
1368 1823 1646 1877 ἀπλανῶν.
1689 1824 1752 1874 Ei
1795 1822 1852 1875 δὲ

1955 639 2174 691 domum
2207 639 2460 707 astrologi
2490 651 2778 708 coguntur.
2808 641 3001 696 Multas
3023 642 3191 706 enim,
3229 643 3320 712 qui
3378 643 3531 698 inve-

1954 730 2160 799 stigare
2187 729 2334 792 velit,
2383 731 2545 784 etiam
2585 731 2813 785 aliarum
2846 732 3076 787 lixarum
3111 733 3532 801 compositiones

1954 821 2206 888 reperiat.
2228 819 2324 874 Sin
2361 822 2504 891 quod
2551 823 2709 876 nulla:
2745 834 2941 893 praeter
2986 823 3192 879 zodiaci
3241 825 3395 890 signa
3425 840 3529 877 una

1955 927 2076 966 cum
2123 911 2356 979 planetis
2394 912 2621 968 effectus
2665 912 2863 969 fatales
2889 923 3226 984 operentur,
3273 930 3374 968 cur
3423 929 3529 967 non

1952 1013 2006 1054 et
2030 1002 2258 1071 planetae
2285 1003 2482 1058 domus
2510 1013 2638 1058 sunt
2670 1006 2946 1074 signorum
2972 1005 3302 1071 ccclestium,
3337 1019 3532 1075 quctn-

1954 1093 2243 1147 admodum
2297 1109 2422 1147 cum
2485 1094 2590 1149 illis
2619 1111 2722 1148 una
2758 1097 3092 1163 operantur?
3123 1095 3220 1150 Sin
3250 1095 3389 1150 forte
3416 1085 3568 1164 pro-l

1955 1194 2142 1252 pterea
2181 1185 2324 1252 quod
2358 1185 2637 1252 signorum
2681 1187 2986 1242 caelestium
3028 1189 3374 1257 operationes
3406 1201 3535 1254 pos-

1955 1276 2066 1330 sint
2096 1277 2326 1344 planetae
2354 1287 2446 1331 aut
2493 1279 2699 1343 irritas,
2742 1289 2835 1333 aut
2861 1279 3110 1335 efﬁcaces
3145 1279 3345 1341 facere,
3397 1291 3536 1346 quo-

1955 1369 2116 1422 modo
2149 1383 2256 1422 non
2286 1370 2450 1424 etiam
2487 1369 2716 1423 aliorum
2751 1371 2841 1425 alii
2875 1372 3066 1425 domus
3095 1382 3242 1436 sunt,
3268 1368 3531 1439 quemad-

1955 1461 2175 1514 modum
2208 1469 2425 1514 mutuos
2446 1458 2697 1525 effectus,
2726 1471 2786 1515 ut
2827 1462 2902 1516 illi
2935 1461 3198 1524 fatentur,
3230 1471 3284 1515 et
3310 1469 3456 1514 ratos
3479 1467 3536 1512 et

1955 1551 2142 1606 irritos
2174 1552 2401 1606 reddere
2430 1553 2668 1619 queunt?
2707 1550 2988 1617 Quomodo
3037 1552 3164 1604 item
3213 1550 3327 1604 sola
3362 1547 3535 1618 signi-

1955 1644 2058 1699 feri
2101 1637 2253 1714 signa
2295 1644 2533 1714 planetis
2575 1647 2978 1716 cooperantur?
3012 1644 3149 1700 Num
3207 1660 3534 1713 supervaca.

1956 1751 2092 1790 nens
2119 1745 2201 1790 est
2230 1734 2472 1805 reliquus
2517 1736 2748 1790 lixarum
2781 1738 2989 1792 coetus!
3026 1737 3307 1803 Quomodo
3342 1737 3533 1791 adhaec

1957 1826 2204 1895 planetas
2250 1836 2341 1881 aut
2400 1828 2646 1898 Ebenigne
2700 1829 2903 1895 facere,
2972 1838 3065 1882 aut
3123 1843 3322 1882 nocere
3367 1841 3530 1896 posse

270 1917 432 1982 διότι,
461 1917 619 1988 φησὶ,
645 1916 714 1970 δι’
742 1917 921 1971 αὐτῶν
948 1916 1341 1987 πορεύονταιοὶ
1367 1915 1658 1986 πλάνητες,
1681 1914 1861 1983 πολλῷ

1965 1918 2261 1973 asserunt?
2298 1933 2364 1972 an
2393 1897 2615 1988 propter
2662 1931 2867 1974 motum
2894 1921 2916 1973 ?
2945 1917 3160 1972 Nullum
3208 1919 3369 1987 igitur
3399 1933 3429 1972 e
3454 1931 3528 1971 χιι

273 2005 482 2074 μᾶλλον
541 2007 597 2060 αἱ
649 2004 818 2069 ζῶναι
876 2006 973 2059 καὶ
1025 2008 1074 2060 ot
1121 2006 1217 2059 τοῦ
1271 2006 1434 2078 ἀέρος
1465 2007 1647 2066 τόποι,
1679 2006 1746 2058 δι’
1778 1999 1854 2060 ὧν

271 2095 543 2158 ὁδεύουσι,
581 2095 676 2149 τοῦ
729 2095 1040 2150 καλοποιείν
1088 2096 1184 2150 καὶ
1239 2098 1556 2149 κακοποιεῖν
1621 2095 1853 2166 δύναμιν

273 2185 492 2249 ἕξουσιν
513 2202 527 2217 ·
554 2186 785 2255 ούρανοῦ
816 2185 946 2256 γὰρ,
976 2187 1036 2240 ὲν
1067 2179 1112 2254 ᾧ
1147 2187 1198 2240 οἱ
1229 2187 1520 2256 πλάνητες,
1569 2187 1852 2257 οὐμενοῦν,

271 2277 356 2341 ὥς
383 2295 515 2346 φασι
543 2318 560 2344 ,
618 2277 797 2350 πολλῷ
843 2278 1136 2346 κατωτέρω
1160 2279 1311 2342 ὄντες
1338 2279 1436 2349 οὐχ
1471 2281 1756 2334 ἅπτονται.
1790 2281 1855 2332 Τί

273 2368 332 2421 δὲ
372 2369 434 2437 δή
474 2386 604 2422 ποτε
640 2371 837 2441 σελήνη
893 2371 993 2441 μὲν
1034 2371 1098 2424 τὸ
1133 2370 1414 2441 μειοῦσθαι
1473 2371 1569 2426 καὶ
1607 2370 1856 2436 αὐξάνειν

274 2459 563 2530 ὑπομένει,
595 2461 705 2514 τῶν
723 2461 770 2514 δ’
795 2461 971 2516 ἄλλων
1003 2462 1292 2534 πλανήτων
1317 2463 1724 2534 προποδισμοὺς
1762 2463 1857 2516 καὶ

274 2555 621 2622 στηριγμοὺς
646 2554 742 2606 καὶ
783 2554 1187 2624 ἀναποδισμοὺς
1215 2555 1552 2625 είσάγοντες,
1576 2555 1727 2627 ἥλιον
1757 2557 1855 2608 καὶ

272 2643 514 2714 σελήνην
541 2645 640 2716 τῆς
669 2644 927 2717 τοιαύτης
957 2645 1084 2717 [348
1112 2645 1206 2718 IL]
1237 2647 1608 2716 παλιντρόπου
1649 2647 1858 2716 πλάνης

275 2735 599 2806 ἐλευθέρους
650 2737 849 2804 ὲῶσιν;
891 2739 988 2792 καὶ
1037 2740 1084 2790 εί
1146 2738 1490 2808 μικροφανὴς
1543 2741 1572 2792 ὁ
1620 2739 1855 2809 Κρόνος,

274 2825 490 2895 μείζων
523 2879 539 2907 ,
579 2827 684 2892 ὥς,
719 2846 850 2898 φασι
889 2871 904 2895 ,
944 2829 1053 2884 τῶν
1106 2831 1287 2885 ἀλλων
1339 2832 1601 2903 ὑπάρχων
1654 2831 1858 2902 πλανή-

276 2935 409 2982 των,
458 2920 538 2972 ὅτι
585 2920 792 2975 τούτων
860 2920 1130 2992 ἀνώτερον
1188 2922 1460 2994 διατρέχει
1519 2922 1739 2988 κύκλον,
1770 2922 1859 2976 διὰ

274 3011 335 3063 τί
371 3009 572 3081 μείζων
604 3013 632 3065 6
662 3013 814 3081 ἥλιος
847 3013 947 3082 τῆς
983 3014 1235 3084 σελήνης,
1263 3015 1535 3086 τετάρτην
1562 3014 1660 3069 ἀπ’
1687 3013 1859 3086 αὐτῆς

273 3101 463 3173 ζώνην
486 3102 762 3168 ὲλαύνωνς
790 3104 959 3176 έχρῆν
993 3104 1103 3174 γὰρ
1133 3105 1297 3159 αὑτὸν
1319 3105 1502 3176 πολλῷ
1536 3104 1741 3176 ταύτης
1770 3122 1858 3175 μι-

277 3195 541 3267 κρότερον
569 3194 884 3266 φαίνεσθαι.
912 3196 1078 3250 Ὥστε
1106 3197 1284 3249 πάντα
1313 3197 1484 3268 ψευδῆ
1513 3197 1607 3250 καὶ
1645 3196 1858 3250 πεπλα-

280 3289 481 3357 σμένα,
521 3289 556 3344 ἀ
598 3290 696 3360 τῆς
742 3289 1101 3361 ἀστρολογίας
1151 3291 1201 3341 οί
1262 3289 1418 3342 πόνοι
1481 3288 1861 3360 κρατύνουσιν.

277 3381 442 3434 Οῦτω
479 3381 578 3453 μὲν
613 3378 708 3436 οὖν
737 3382 830 3435 καὶ
857 3382 919 3434 τὸ
941 3381 1022 3436 λα’
1054 3381 1373 3449 κεφάλαιον.

1960 2010 2067 2064 illis
2102 2009 2311 2065 zodiaci
2345 2009 2516 2081 signis
2553 2025 2869 2080 prosperum
2914 2012 3019 2064 erit
3070 2010 3156 2063 vel
3199 2010 3482 2064 adversum
3513 2027 3526 2061 :

1957 2104 2050 2158 sed
2080 2117 2256 2172 neque
2280 2104 2384 2158 alia
2423 2103 2531 2158 ulla
2559 2121 2662 2158 non
2701 2118 2893 2158 errans
2920 2105 3100 2159 stella.
3144 2103 3238 2157 Sin
3272 2105 3413 2167 ideo,
3445 2103 3531 2157 in-

1958 2195 2097 2262 quit,
2137 2196 2277 2262 quod
2311 2209 2407 2262 per
2460 2195 2552 2249 illa
2589 2197 2915 2264 gradiuntur
2943 2195 3191 2264 planetae,
3222 2194 3330 2261 jam
3362 2195 3531 2248 multo

1958 2284 2144 2352 potius
2178 2286 2292 2339 sive
2313 2300 2482 2352 zona’,
2523 2286 2636 2339 sive
2665 2287 2805 2339 aeris
2836 2285 2920 2339 illa
2963 2286 3099 2349 loca,
3141 2300 3238 2354 per
3282 2299 3402 2352 quae
3438 2284 3528 2337 isti

1958 2377 2300 2447 gradiuntur,
2332 2379 2473 2432 hanc
2519 2380 2658 2432 bene
2690 2387 2784 2431 aut
2813 2379 2952 2432 male
2979 2379 3169 2446 agendi
3207 2385 3526 2445 potestatem

1958 2467 2254 2522 habebunt.
2305 2467 2490 2539 Neque
2534 2470 2677 2524 enim
2720 2471 2833 2524 luec
2927 2470 3262 2538 planetarum
3307 2467 3528 2532 caelum,

1958 2572 2081 2613 cum
2131 2560 2300 2613 multo
2347 2559 2457 2613 sint
2497 2558 2580 2628 (ut
2633 2559 2808 2622 aiunt)
2853 2558 3135 2624 inferiora,
3187 2558 3528 2625 contingunt.

1958 2649 2228 2716 Quorsum
2267 2652 2482 2706 tandem
2511 2651 2638 2706 luna
2674 2651 2841 2704 minui
2871 2662 3034 2720 atque
3087 2650 3270 2720 augeri
3312 2657 3533 2721 potest:

1958 2751 2168 2796 etcum
2220 2753 2539 2797 caelat-orum
2592 2741 2934 2812 planetarum
2987 2756 3329 2811 progressus,
3361 2750 3538 2796 status

1964 2835 2126 2899 fixos,
2157 2849 2222 2888 ac
2255 2834 2714 2906 retrogressiones
2747 2835 3042 2901 adducant,
3072 2835 3240 2890 solem
3269 2845 3451 2890 tamen
3483 2843 3539 2890 et

1959 2924 2141 2979 lunam
2166 2925 2233 2979 ab
2275 2924 2378 2978 hoc
2410 2924 2726 2992 retrogrado
2748 2937 2938 2980 errore
2972 2923 3174 2980 liberos
3208 2925 3400 2980 sinunt
3424 2924 3449 2978 i
3471 2923 3542 2978 Et

1959 3015 2006 3072 si
2050 3031 2249 3087 parvus
2284 3016 2376 3087 qui
2417 3017 2630 3072 videtur
2683 3015 2972 3081 Saturnus,
3029 3015 3152 3071 aliis
3201 3025 3383 3071 tamen
3453 3013 3542 3087 (ut

1961 3109 2136 3175 aiunt)
2183 3107 2354 3177 major
2392 3117 2478 3162 est
2527 3108 2778 3177 planetis,
2825 3123 2893 3164 eo
2951 3111 3094 3179 quod
3144 3123 3240 3177 per
3291 3108 3538 3162 altiorem

1963 3200 2149 3253 orbem
2177 3197 2528 3262 obambulet;
2575 3211 2672 3252 cur
2703 3197 2877 3268 major
2929 3197 3056 3253 luna
3112 3212 3274 3267 quam
3319 3196 3421 3262 sol,
3447 3189 3542 3264 qui

1971 3299 2167 3359 quarto
2191 3303 2353 3356 supra
2406 3288 2548 3341 illam
2581 3289 2713 3343 orbe
2743 3288 2988 3343 decurrit
3013 3287 3037 3341 ‘l
3063 3287 3352 3356 oportebat
3395 3287 3542 3342 enim

1977 3381 2152 3450 ipsum
2182 3381 2351 3434 multo
2376 3379 2466 3434 illa
2513 3380 2774 3435 minorem
2800 3395 3082 3450 apparere.
3133 3379 3314 3447 Quare
3360 3380 3545 3437 omnia

281 3477 417 3531 falsa
458 3487 584 3532 sunt
613 3489 775 3547 atque
801 3478 1056 3544 conficta,
1086 3492 1205 3548 qua:
1227 3479 1629 3549 astrologorum
1644 3477 1862 3547 scriptis
1893 3485 2232 3532 astruuntur.
2271 3474 2364 3530 Sic
2401 3476 2616 3545 quidem
2649 3476 2880 3545 primum
2918 3487 2971 3530 et
3002 3477 3332 3532 tricesimum
3381 3486 3548 3549 caput

282 3569 602 3626 absolvitur.

357 3666 432 3719 T6
446 3665 502 3720 δὲ
526 3664 605 3736 λβ¹
620 3666 664 3699 ⁸⁷
683 3667 836 3720 οὐδὲν
867 3665 976 3721 τῶν
995 3667 1218 3739 ἀληθῶν
1241 3669 1376 3739 πρὸς
1391 3666 1724 3739 ἀνατροπὴν,
1749 3665 1860 3720 οὐδ’

283 3761 410 3814 ὅσον
439 3762 520 3825 είς
553 3762 614 3815 τὸ
649 3763 994 3831 φαινόμενον,
1045 3763 1385 3832 ἀναγράφει·
1421 3761 1536 3816 ἀλλ’
1572 3763 1698 3815 ὅσον
1726 3762 1860 3832 ὁρᾶ-

282 3871 375 3907 ται
421 3854 700 3907 κάνταῦθα
738 3855 863 3917 τοὺς
913 3855 1213 3924 λογισμοὺς
1250 3854 1491 3908 εὐσεϐῶν
1525 3855 1554 3906 6
1595 3853 1755 3924 ἀνὴρ,
1779 3869 1866 3905 το-

291 3945 480 3998 σοῦτον
519 3945 631 4016 ἔχει
670 3946 732 3999 τὸ
760 3947 970 4012 ἄτονον,
1006 3947 1107 3998 ὅσα
1149 3963 1214 4014 γε
1252 3945 1390 4017 πρὸς
1429 3945 1529 4015 τὴν
1557 3944 1866 4013 άνασκευὴν

287 4040 388 4108 τῆς
422 4038 652 4110 πλάνης.
704 4039 816 4093 Καὶ
855 4040 917 4092 τὸ
967 4039 1152 4108 τρίτον
1178 4039 1234 4092 δὲ
1279 4039 1373 4092 καὶ
1409 4036 1733 4107 τριακοστὸν
1767 4038 1866 4107 τῆς

288 4132 457 4201 αὐτῆς
503 4133 618 4184 ἐστι
668 4133 811 4186 κατὰ
848 4131 946 4203 τὴν
972 4130 1200 4202 δύναμιν
1233 4130 1406 4193 ἰδέας·
1435 4129 1470 4183 ἃ
1494 4128 1603 4200 γὰρ
1637 4129 1717 4192 είς
1741 4129 1871 4182 ἀναν-

293 4223 502 4292 τροπὴν
525 4223 887 4293 προϐάλλεται
918 4223 1011 4277 τοῦ
1049 4222 1123 4294 μὴ
1161 4223 1395 4291 σφαῖραν
1421 4216 1562 4273 εἶναι
1585 4220 1679 4272 τὸν
1703 4218 1870 4289 οὐρα-

292 4315 404 4380 νὺν,
435 4315 591 4368 κοινά
639 4315 704 4368 ἂν
757 4317 1093 4386 ἀπορήματα
1142 4314 1228 4384 εἴη
1287 4313 1380 4368 καὶ
1423 4312 1564 4382 πρὸς
1592 4311 1716 4373 τοὺς
1747 4313 1872 4381 ἡμι-

294 4407 552 4478 σφαίριον
581 4407 742 4461 αὐτὸν
796 4407 1045 4470 τιθέντας
1089 4407 1122 4477 ἦ
1168 4406 1426 4478 καμάραν
1452 4405 1486 4475 ἡ
1517 4422 1568 4456 τι
1604 4403 1733 4458 ἄλλο
1764 4402 1872 4455 τῶν

294 4499 696 4570 παραπλησίων
726 4501 1042 4572 σχημάτων.
1083 4499 1171 4554 Ἐν
1193 4493 1273 4562 οἷς
1299 4499 1394 4552 καὶ
1423 4500 1450 4550 6
1475 4497 1661 4569 τρίτος
1688 4495 1867 4563 λόγος.

377 4765 469 4820 Ἐν
518 4764 573 4817 δὲ
623 4764 702 4836 τῷ
730 4764 774 4819 δ’
809 4763 908 4834 μὲν
935 4764 1101 4835 λόγῳ,
1132 4764 1176 4817 λ’
1205 4764 1262 4817 δὲ
1309 4763 1350 4816 δ’
1388 4762 1671 4833 κεφαλαίῳ
1716 4763 1810 4815 καὶ
1836 4767 1875 4814 ε’

299 4857 393 4912 καὶ
423 4862 499 4924 ς’,
527 4857 746 4922 διέξεισι
766 4856 938 4910 ταῦτα
960 4873 975 4887 ·
1009 4855 1140 4909 Ἀπὸ
1167 4856 1268 4926 τῆς
1295 4855 1560 4924 διαφορᾶς
1583 4854 1652 4924 ἣν
1683 4854 1795 4924 ἔχει
1816 4853 1878 4905 τὸ

298 4950 616 5020 οἰκούμενον
644 4948 785 5020 πρὸς
814 4949 877 5002 τὸ
918 4948 1173 5020 ἀοίκητον
1207 4949 1300 5001 καὶ
1319 4948 1388 5019 ἢν
1411 4946 1547 5017 πρὸς
1573 4946 1777 5014 ἄλληλα
1809 4947 1878 4999 τὰ

301 5042 543 5113 κλίματα
591 5041 800 5111 έχουσι,
845 5040 947 5111 τὴν
992 5039 1306 5110 ἀνατροπὴν
1339 5038 1436 5110 τῆς
1468 5037 1734 5106 γενέσεως
1757 5038 1877 5107 ἦτοι

301 5135 396 5205 τῆς
424 5134 764 5205 εἱμαρμένης
793 5136 1048 5188 ποιεῖται.
1082 5134 1217 5205 Φησὶ
1247 5133 1378 5205 γάρ,
1413 5131 1544 5184 ποία
1578 5129 1684 5182 τῶν
1707 5129 1870 5182 ἀστέ-

311 5241 415 5293 ρων
460 5225 754 5295 ἐργάζεται
801 5225 1016 5295 κίνησις
1064 5225 1162 5296 τὴν
1211 5225 1309 5295 μὲν
1340 5224 1597 5295 ἀοίκητον
1631 5216 1770 5275 εἷναι
1803 5220 1872 5273 δι’

309 5312 613 5383 ὑπερὸολὴν
652 5313 878 5383 ψύχους,
906 5316 1005 5386 τὴν
1048 5315 1104 5368 δὲ
1131 5315 1199 5369 δι’
1231 5313 1540 5386 ὑπερϐολὴν
1568 5312 1871 5382 καύματος,

309 5406 401 5458 καὶ
430 5405 532 5476 τὴν
567 5407 664 5476 μὲν
703 5408 792 5460 διὰ
834 5408 1035 5470 παντὸς
1084 5408 1236 5478 μόλις
1264 5405 1535 5460 οίκεῖσθαι
1563 5403 1874 5474 τηκομένην

308 5493 382 5562 τῷ
416 5497 678 5565 καύματι,
706 5497 806 5568 τὴν
842 5498 898 5551 δὲ
932 5497 1206 5567 δυσχερῶς
1235 5497 1435 5567 ὁμοίως
1464 5494 1789 5563 οίκουμένην
1807 5492 1876 5558 ⁸⁸,

311 5583 403 5636 ἅτε
430 5585 493 5656 δὴ
525 5586 762 5655 συνεχῶς
789 5586 1115 5656 νειφομένην
1132 5586 1175 5618 ⁸⁸
1212 5586 1305 5639 καὶ
1334 5588 1399 5654 τῇ
1433 5583 1528 5636 τοῦ
1558 5582 1760 5654 κρύους
1786 5581 1880 5632 ὲκ-

315 5673 498 5746 θηριου
508 5678 673 5748 μένην
695 5677 979 5747 ἀγριότητι
1001 5695 1014 5743 ;
1043 5677 1130 5730 διὰ
1155 5676 1208 5730 τί
1232 5676 1288 5730 δὲ
1316 5677 1498 5738 αὐτοῖς
1523 5675 1584 5727 ού
1610 5671 1881 5742 μεταόάλ-

2026 3662 2272 3718 Alterum
2323 3673 2454 3715 vero
2487 3675 2648 3730 supra
2694 3661 3028 3716 tricesimum
3079 3661 3213 3716 nihil
3286 3663 3356 3718 ad
3405 3663 3548 3719 refu-

1960 3754 2153 3809 tandos
2183 3753 2525 3807 adversarios
2552 3750 2726 3814 affert,
2751 3752 2901 3820 quod
2923 3752 3034 3805 veri
3054 3752 3292 3819 speciem
3317 3753 3542 3809 habeat.

1966 3844 2074 3901 Sed
2132 3859 2296 3914 quam
2369 3845 2490 3912 pius
2543 3845 2595 3899 in
2645 3846 2760 3900 suis
2789 3845 3295 3901 ratiocinationibus
3321 3857 3548 3916 apparet

1967 3939 2058 3994 hic
2085 3939 2188 4002 vir,
2215 3947 2323 3992 tam
2369 3937 2534 3992 etiam
2569 3936 2736 4006 (quod
2779 3936 2972 3991 saltem
3008 3938 3074 3992 ad
3100 3941 3307 3993 erroris
3332 3939 3543 3994 refuta-

1969 4029 2168 4084 tionem
2183 4029 2394 4098 attinet)
2428 4028 2736 4098 languidum
2765 4030 3014 4084 eumdem
3035 4030 3243 4085 videas.
3279 4030 3399 4086 Jam
3434 4041 3543 4086 ter-

1968 4121 2100 4175 tium
2129 4130 2184 4176 et
2204 4120 2536 4175 tricesimum
2567 4128 2731 4188 caput
2754 4119 2994 4186 ejusdem
3016 4130 3124 4185 est,
3157 4123 3333 4191 quoad
3358 4121 3546 4177 etlica-

1967 4212 2107 4266 ciam
2139 4210 2348 4265 format.
2385 4210 2516 4277 Quae
2542 4210 2687 4265 enim
2733 4209 2806 4264 ibi
2844 4211 2910 4264 ad
2960 4209 3306 4266 refutandum
3345 4215 3543 4268 ccelum

1969 4316 2092 4356 esse
2126 4301 2415 4356 rotundum
2446 4299 2622 4363 affert,
2655 4301 2866 4372 212a
2896 4316 3207 4358 communes
3245 4317 3368 4356 esse
3401 4301 3578 4374 dim-4

1969 4392 2199 4447 cultates
2234 4402 2438 4462 queant
2487 4393 2748 4446 adversus
2791 4406 2906 4458 eos,
2941 4393 3033 4461 qui
3073 4393 3547 4462 hemisphaericum

1974 4481 2111 4535 illud
2143 4497 2266 4536 esse
2317 4492 2584 4547 statuunt,
2616 4482 2702 4536 vel
2725 4482 2952 4537 fornicis
2988 4484 3040 4537 in
3078 4484 3292 4538 modum
3326 4499 3544 4548 cavum,

1980 4573 2062 4628 vel
2099 4573 2336 4627 similem
2375 4573 2424 4627 ei
2460 4572 2694 4642 aliquam
2736 4573 2964 4628 formam
3016 4575 3278 4630 tribuunt.
3333 4574 3437 4631 Ubi
3492 4587 3550 4633 et
3636 4595 3645 4606 κ

1905 4653 1947 4706 Ῑ)
1982 4665 2172 4720 tertius
2198 4664 2334 4720 liber
2362 4665 2577 4720 desinit.

2043 4757 2249 4825 Quarto
2288 4759 2485 4813 dehinc
2509 4757 2666 4823 libro,
2690 4757 2868 4827 capite
2889 4771 3016 4812 vero
3035 4759 3309 4814 tricesimo
3331 4769 3547 4827 quarto,

1972 4849 2161 4920 quinto
2188 4858 2243 4904 et
2280 4861 2453 4915 sexto,
2502 4850 2617 4904 hac
2674 4849 2788 4903 fere
2847 4858 3066 4906 tractat.
3137 4850 3179 4902 E
3211 4851 3547 4922 diversitate,

1974 4955 2095 5010 qua:
2125 4954 2250 4994 cum
2281 4939 2426 4993 inter
2454 4937 2811 4994 habitabilem
2838 4940 2986 4993 orbis
3027 4949 3237 5008 partem
3271 4950 3432 5010 atque
3469 4944 3551 4995 in-

1976 5028 2347 5091 habitabilem,
2389 5036 2502 5082 tum
2553 5029 2694 5083 inter
2726 5029 2839 5098 ipsa
2900 5030 3132 5084 invicem
3182 5031 3401 5086 climata
3470 5049 3554 5087 re-

1967 5120 2192 5190 peritur,
2259 5119 2498 5174 refutare
2544 5120 2764 5190 genesin
2807 5120 2922 5175 sive
2977 5121 3146 5175 fatum
3207 5124 3550 5191 aggreditur.

1970 5211 2228 5277 Quisnam
2253 5212 2396 5266 enim
2449 5221 2718 5266 astrorum
2749 5214 2836 5268 ille
2864 5224 3040 5268 motus
3093 5225 3198 5279 est,
3236 5217 3553 5282 interrOgat,

1972 5317 2080 5373 quo
2111 5303 2193 5370 fit,
2247 5312 2308 5357 ut
2335 5303 2502 5358 altera
2536 5304 2758 5374 quidem
2791 5315 2949 5360 terra:
2968 5321 3093 5376 pars
3139 5309 3210 5361 ob
3255 5308 3424 5376 frigus
3475 5310 3548 5361 ni-

1977 5396 2163 5461 mium,
2211 5395 2380 5450 altera
2439 5399 2509 5452 ob
2555 5398 2948 5453 intolerabilem
3027 5400 3260 5453 calorem
3321 5393 3556 5453 habitari

1976 5488 2199 5542 omnino
2247 5489 2530 5556 nequeat?
2561 5505 2884 5560 rursumque
2919 5492 3023 5545 alia
3067 5493 3151 5545 vel
3192 5503 3450 5561 perpetuo
3486 5492 3556 5545 li-

1989 5594 2251 5646 quescens
2276 5581 2478 5645 calore,
2511 5582 2596 5636 vel
2622 5583 2859 5636 assiduis
2911 5597 3171 5651 percussa
3225 5583 3465 5645 nivibus,
3506 5595 3562 5637 et

1993 5672 2211 5740 frigoris
2247 5673 2542 5740 asperitate
2571 5674 2714 5727 velut
2741 5674 2988 5741 ell'erata,
3017 5675 3229 5729 nonnisi
3274 5675 3562 5729 difﬁculter

1574 5782 1811 5838 VARUE
1841 5781 2246 5840 LECTIO‘NES.

387 5883 429 5915 ⁸⁷
459 5881 535 5951 λβ¹
569 5884 610 5934 Δ
639 5897 651 5931 :
682 5880 932 5950 δεύτερον
965 5899 1024 5945 ς.
1100 5881 1145 5912 ⁸⁸
1176 5879 1522 5950 οἰκουμένην]
1554 5889 1769 5950 praestat
1815 5877 2104 5929 οἰκεῖσθαι.
2181 5878 2225 5908 ⁶⁹
2258 5877 2554 5945 νιφομένην
2584 5893 2643 5940 ς.

630 5976 903 6038 Parnm.
946 5976 1063 6034 (in.
1111 5977 1261 6035 CIII.
