4014 6458
260 438 381 503 8ί5
1310 440 1839 505 BIBLIOTHECA.

1942 465 1949 475 -
1978 440 2141 502 COD.
2176 442 2489 504 CCXXIII.
3406 445 3512 511 846

256 550 539 607 ma).th
583 550 693 607 ἀπὸ
732 551 892 618 ποίας
936 553 1203 623 γενέσεως
1234 555 1267 626 ἠ
1299 556 1460 623 φύσις
1490 555 1840 623 εύρίσκεταις

1943 564 2194 623 perantes
2224 565 2279 611 et
2309 557 2576 621 subditos,
2608 570 2785 627 aegros
2810 564 2974 627 atque
3005 571 3192 625 sanos,
3224 564 3280 615 et
3310 570 3511 619 caetera

222 641 403 698 ἔθεον
426 644 524 715 μὲν
552 640 647 699 οὖν
676 646 944 715 τοσαύτην
976 646 1235 719 διαφοράν
1279 650 1375 703 καὶ
1424 647 1624 721 μυρίαν
1677 646 1840 717 ἄλλην

1947 647 2147 716 ubique
2183 648 2473 717 reperias:
2508 648 2640 718 quin
2691 664 2822 719 ergo
2866 652 3032 706 etiam
3073 651 3270 723 ubique
3318 654 3514 723 pluvia:

221 749 228 785 ι
254 735 591 807 κεχαρίσθαι
612 740 679 807 τῇ
701 740 770 808 γῇ
795 738 861 791 δι’
894 738 1041 809 ἡμᾶς
1063 740 1449 810 ὁμολογοῦντες
1480 740 1810 810 εύσεϐοὖμεν
1827 755 1840 770 ο

255 828 614 898 εἱμαρμένην
629 828 677 861 ’⁸
722 829 781 883 δὲ
822 829 909 883 διά
952 830 1109 884 τοῦτο
1149 832 1398 902 τεχνίτας
1447 832 1719 897 πλάττειν,
1756 831 1845 884 ἵνα

1945 749 2001 794 et
2046 739 2358 805 ariditates,
2410 750 2466 795 et
2518 755 2856 811 quaecunque
2904 751 3062 797 antea
3119 758 3515 801 commemora-

1938 830 2165 899 rvimus?
2212 829 2330 884 Jam
2360 830 2481 885 auri
2511 831 2811 899 metallum,
2844 834 3077 904 argenti,
3123 835 3270 898 aeris,
3305 838 3511 901 stanni,

253 921 579 990 χρήσωνται
609 922 732 984 ταῖς
764 918 939 986 ὕλαις,
979 921 1091 976 οὔτ’
1130 924 1197 978 ἂν
1241 926 1403 995 ήμείς
1448 922 1696 994 εἴποιμεν
1720 921 1843 974 οὕτε

252 1009 455 1080 ἔτερος
484 1009 543 1063 εὖ
574 1012 811 1083 φρονῶν.
847 1012 966 1065 Ἔτι
1015 1012 1072 1066 δὲ
1114 1014 1164 1066 εί
1201 1014 1372 1084 κλίμα
1400 1014 1629 1067 ἕκαστον
1656 1013 1845 1082 διαμέ-

250 1116 347 1153 νει
384 1100 606 1172 μυρίαις
635 1103 756 1165 ταῖς
786 1101 923 1172 πρὸς
951 1102 1156 1174 ἄλληλα
1199 1104 1482 1173 διαφοραῖς
1528 1106 1636 1156 ἀπὸ
1678 1121 1846 1157 κατα-

251 1190 431 1262 ϐολῆς
460 1192 691 1257 κτίσεως
726 1193 1122 1264 κοσμούμενον,
1155 1195 1251 1248 καὶ
1294 1194 1560 1266 ἀκίνητον
1589 1194 1685 1249 ἀπ’
1712 1196 1845 1249 αίῶ-

249 1299 357 1345 νος
390 1282 624 1353 ’ἐστηκεν
671 1283 778 1337 ὑπὸ
796 1284 842 1316 ⁹⁹
879 1282 1022 1337 τῶν¹
1062 1285 1164 1354 τῆς
1189 1284 1458 1353 γενέσεως
1500 1284 1839 1355 μεταϐολῶν,

249 1373 455 1427 οὐδέν’
488 1372 856 1445 βλαπτόμενον
881 1374 1026 1446 (οὔτε
1065 1376 1173 1447 γὰρ
1218 1376 1530 1448 παλίρῤοιαι
1570 1376 1845 1447 Θαλάσσης

248 1466 608 1536 ἐπαύθησαν,
638 1467 698 1519 οὐ
727 1467 900 1537 πυρὸς
926 1466 1183 1522 άσδεστοι
1214 1472 1411 1537 πηγαὶ,
1436 1472 1497 1523 ού
1520 1469 1676 1533 ζώων
1710 1470 1842 1524 εκά-

249 1573 398 1610 στου
425 1556 691 1627 κλίματος
711 1557 988 1627 διαφοραὶ,
1027 1557 1087 1611 ού
1143 1559 1352 1629 μυρίων
1384 1558 1560 1611 ἄλλων
1592 1558 1844 1628 ἑτερότη-

251 1666 360 1713 τες
387 1650 799 1720 άμετάὁλητοι),
848 1650 1122 1703 τοσούτων
1171 1653 1512 1721 πραγμάτων
1571 1651 1669 1721 τῆς
1713 1650 1843 1722 παρ’

253 1739 452 1803 αὐτοῖς
475 1738 496 1770 ⁸
530 1738 798 1805 γενέσεως
835 1737 1272 1809 ἀπηλλαγμένων
1324 1739 1444 1803 πῶς
1501 1739 1653 1793 οὐδὲν
1713 1739 1843 1793 ἀνευ

251 1830 480 1900 ταύτης
508 1826 635 1882 οὔτε
681 1828 927 1898 γίνεσθαι
974 1828 1224 1898 λέγουσιν
1254 1827 1378 1883 οὕτε
1419 1829 1695 1901 διαμένειν
1716 1829 1841 1884 οὔτε

1944 919 2172 991 plumbi,
2220 922 2305 976 vel
2358 931 2680 977 caaterorum
2749 923 3142 980 metallicorum
3212 921 3428 991 natura,
3483 942 3515 981 a
3567 918 3571 955 ³

1945 1010 2087 1079 quali
2123 1012 2337 1065 tandem
2364 1012 2547 1080 genesi
2575 1022 2692 1066 orta
2734 1012 3047 1083 reperitur?
3114 1013 3295 1081 itaque
3348 1012 3515 1068 Deum

1943 1102 2162 1171 quidem
2197 1112 2251 1158 et
2278 1103 2419 1158 hanc
2449 1114 2678 1171 tantam,
2711 1112 2767 1160 et
2795 1104 2931 1159 alias
2962 1102 3382 1159 innumerabiles
3416 1119 3515 1156 va-

1945 1194 2164 1250 rietates
2189 1203 2373 1250 nostra
2399 1195 2739 1264 potissimum
2768 1211 2930 1251 causa
2960 1204 3121 1251 terra:
3149 1196 3517 1265 impertivisse

1944 1287 2032 1356 pie
2068 1285 2305 1341 fatemur
2342 1305 2357 1341 :
2392 1302 2423 1341 a
2456 1288 2569 1343 fato
2594 1304 2722 1345 vero
2748 1298 3036 1359 propterea
3061 1287 3247 1345 fabros
3277 1289 3517 1345 artiﬁces

1949 1375 2148 1439 creari,
2179 1391 2289 1446 quo
2321 1376 2506 1432 mundi
2536 1377 2698 1449 hujus
2735 1378 2901 1435 rebus
2933 1380 3010 1434 uti
3044 1380 3278 1451 possint,
3316 1380 3370 1435 id
3423 1394 3519 1435 ne-

1943 1480 2050 1536 que
2099 1481 2198 1520 nos
2244 1466 2580 1534 dixerimus,
2647 1482 2821 1537 neque
2902 1468 3042 1523 alius
3094 1479 3239 1524 recte
3274 1471 3519 1526 sentiens

1945 1560 2253 1628 quisquam.
2288 1558 2489 1615 Praeter
2531 1560 2633 1615 ista
2658 1601 2673 1624 ,
2708 1562 2755 1617 si
2795 1558 3002 1630 singula
3033 1560 3251 1616 climata
3305 1577 3518 1631 permao

1946 1659 2095 1716 nent,
2148 1651 2418 1706 sexcentis
2483 1650 2628 1707 inter
2668 1665 2729 1707 se
2779 1650 3095 1706 dill‘ereutiis
3144 1652 3256 1719 jam
3311 1653 3436 1707 inde
3486 1667 3517 1706 a

1943 1741 2160 1796 condito
2174 1742 2305 1797 orbe
2332 1752 2611 1811 exornata,
2634 1751 2689 1797 et
2718 1740 2847 1797 nihil
2874 1757 2903 1797 a
2934 1757 3190 1813 geneseos
3211 1743 3520 1800 mutationi-

1944 1834 2047 1890 bus
2066 1835 2215 1899 laesa,
2236 1834 2530 1889 immobilia
2546 1850 2773 1906 prorsus
2793 1836 2863 1891 ab
2885 1845 3087 1890 aeterno
3118 1835 3520 1891 constituerunt

250 1921 613 1988 διοικεῖσθαις
641 1920 915 1992 πυθοίμην
944 1919 988 1975 δ’
1037 1919 1105 1975 ἂν
1132 1921 1313 1976 αὐτῶν
1337 1921 1533 1993 ἡδέως,
1555 1921 1686 1976 ποία
1715 1922 1838 1993 δρό-

1945 1923 2073 1995 (non
2103 1924 2247 1978 enim
2281 1933 2378 1980 aut
2412 1924 2607 1980 alterni
2638 1924 2812 1980 ﬂuxus
2845 1923 3029 1991 maris,
3078 1934 3169 1980 aut
3197 1926 3335 1995 ignis
3364 1926 3520 1980 inex-

252 2031 371 2085 μου
395 2014 608 2085 κίνησις
635 2014 715 2075 είς
734 2011 796 2066 τὸ
816 2008 955 2067 εῖναι
974 2012 1074 2087 τὴν
1093 2013 1269 2086 ἀρχὴν
1295 2013 1536 2084 παρέσχε
1552 2015 1673 2076 ταῖς
1689 2012 1842 2085 βοτά-

253 2125 405 2171 ναις,
426 2108 540 2169 τοῖς
560 2106 768 2175 φυτοῖς,
800 2107 912 2169 τοῖς
933 2100 1091 2170 ζώοις
1109 2120 1125 2171 ;
1151 2106 1235 2159 δεῖ
1253 2104 1361 2177 γάρ
1383 2105 1615 2159 ἑκάστου
1634 2105 1839 2160 τούτων

254 2198 553 2267 φαίνεσθαι
576 2199 675 2271 τὴν
689 2198 787 2270 τῆς
804 2196 1070 2267 γενέσεως
1094 2196 1267 2269 ὥραν,
1290 2199 1379 2251 ὅτε
1396 2197 1505 2252 ἀπὸ
1519 2199 1626 2268 γῆς
1641 2198 1841 2253 ἐπλάτ-

253 2307 441 2351 τοντο,
470 2288 597 2362 [6'76
625 2289 715 2363 R.]
739 2291 833 2344 καὶ
865 2290 1057 2361 ἑτέραν
1090 2291 1187 2362 μὲν
1219 2288 1358 2344 εἶναι
1383 2289 1645 2359 φοίνικος,
1672 2288 1841 2361 άλλην

252 2383 321 2436 δὲ
353 2383 547 2451 συκῆς,
572 2382 672 2437 καὶ
697 2381 861 2448 κυνὸς
894 2383 1206 2448 ἰδιάζουσαν
1231 2384 1325 2437 καὶ
1345 2383 1596 2455 καμήλου
1616 2400 1631 2416 ο
1658 2384 1720 2437 ού
1739 2384 1840 2456 τὴν

250 2474 437 2543 αὐτὴν
471 2474 661 2538 ἵππου,
689 2476 1039 2547 περιστερᾶς,
1065 2472 1389 2545 ἀνθρώπων,
1413 2474 1509 2529 καὶ
1535 2474 1645 2528 τῶν
1664 2474 1838 2530 ἀλλων

252 2566 486 2636 ὁμοίως.
521 2568 617 2621 “Av
645 2569 743 2639 μὲν
763 2562 858 2621 οὖν
889 2567 1054 2638 ἔχωσι
1083 2552 1279 2637 λέγειν
1302 2567 1397 2622 διά
1419 2567 1473 2623 τί
1504 2569 1579 2640 μὴ
1619 2571 1714 2623 καὶ
1744 2567 1839 2624 νῦν

255 2659 380 2712 ἀπὸ
407 2659 511 2728 γῆς
532 2659 555 2691 ⁸
580 2660 614 2731 ἡ
643 2660 859 2729 γένεσις
890 2661 1114 2715 πλάττει
1159 2661 1227 2715 τά
1273 2661 1665 2732 προειρημένα,
1695 2661 1839 2714 διδα-

259 2748 549 2801 σκέτωσαν
571 2762 587 2777 ⁸
616 2748 768 2802 οὐδὲν
796 2748 905 2819 γάρ
941 2747 1087 2816 ἅπαξ
1117 2749 1147 2802 ὁ
1178 2749 1278 2819 τῆς
1327 2749 1595 2818 γενέσεως
1641 2750 1838 2814 κύκλος

255 2840 608 2905 ἀποτελέσει,
634 2841 694 2894 τὸ
722 2841 766 2895 δ’
793 2841 924 2895 αὐτὸ
950 2844 1094 2895 ποιεῖ
1118 2841 1398 2906 πολλάκις.
1443 2841 1546 2896 Διά
1585 2843 1639 2895 τί
1658 2842 1715 2897 δὲ
1737 2840 1837 2916 τὴν

260 2931 372 3001 μὲν
403 2929 577 3003 ἀρχὴν
614 2930 713 2985 οὐκ
759 2931 827 2985 ἂν
854 2927 923 3003 ἦν
949 2930 984 2986 ἃ
1013 2932 1287 3004 προήχθη,
1322 2931 1398 3005 μὴ
1440 2934 1549 2987 άπὸ
1570 2934 1675 3005 γῆς
1702 2934 1839 2987 πλαο

259 3024 488 3091 σθέντα,
525 3022 652 3095 [350
675 3023 766 3095 Η.]
801 3023 941 3094 μετὰ
971 3023 1030 3077 δὲ
1053 3023 1227 3078 ταῦτα
1257 3024 1412 3079 οὐδὲν
1434 3024 1501 3080 ἂν
1525 3026 1703 3080 αὐτῶν
1730 3027 1839 3080 άπὸ

258 3118 374 3187 γῆς
404 3116 743 3187 βλαστήσεις,
774 3116 864 3171 διά
891 3115 949 3170 δὲ
976 3119 1074 3187 τῆς
1104 3116 1163 3183 ἐξ
1191 3117 1434 3189 ἀλλήλων
1455 3114 1707 3189 διαδοχῆς
1729 3118 1837 3172 ab-

1940 2014 2123 2069 stincti
2174 2014 2355 2071 fontes
2391 2024 2485 2070 aut
2516 2015 2832 2069 animalium
2873 2016 2924 2069 in
2951 2016 3177 2087 singulis
3214 2015 3521 2072 climatibus

1941 2104 2262 2163 diﬁcrentia:
2291 2116 2386 2163 aut
2417 2106 2536 2162 alia:
2567 2106 3010 2172 innumerabiles,
3032 2106 3126 2161 sed
3159 2107 3519 2162 immutabile:

1938 2211 2123 2252 rerum
2165 2197 2513 2253 alterationes
2543 2210 2781 2267 unquam
2822 2196 3121 2268 cessarunt)
3154 2217 3168 2252 :
3198 2205 3276 2252 tot
3303 2197 3519 2251 interim

1940 2289 2102 2345 rebus
2134 2304 2230 2359 per
2259 2289 2428 2359 ipsam
2459 2290 2697 2359 genesim
2733 2288 3053 2353 immutatis,
3108 2288 3379 2358 quomodo
3403 2289 3524 2343 sine

1939 2382 2045 2437 hac
2063 2391 2158 2436 aut
2185 2380 2300 2437 fieri
2328 2381 2621 2451 quidquam
2637 2390 2729 2437 aut
2760 2395 3079 2451 permanere
3108 2390 3203 2435 aut
3229 2382 3519 2449 gubernari

1938 2489 2099 2545 posse
2147 2474 2395 2545 negant?
2427 2473 2680 2531 Libenter
2721 2482 2898 2529 autem
2932 2475 2999 2528 ab
3050 2474 3130 2529 eis
3177 2473 3519 2543 quaesierim.

1939 2565 2237 2636 qualisnam
2286 2566 2428 2622 forte
2481 2566 2737 2622 curriculi
2776 2577 2954 2621 motus
2983 2566 3185 2629 herbis,
3228 2565 3426 2635 plantis
3464 2576 3525 2619 et

1940 2657 2303 2713 animantibus
2353 2658 2742 2714 exsistentibus
2781 2658 3098 2728 principium
3129 2656 3340 2712 dederit
3372 2672 3387 2711 :
3422 2658 3521 2711 de-

1941 2756 2289 2811 monstranda
2325 2756 2469 2811 enim
2522 2756 2788 2827 geniturae
2825 2754 3016 2808 horum
3047 2752 3310 2822 cujusque
3361 2752 3519 2813 liora,

1940 2861 2042 2916 qua
2068 2860 2099 2901 e
2149 2854 2292 2900 terra
2330 2845 2703 2901 formabatur:
2736 2854 2792 2900 et
2810 2844 2969 2899 aliam
3005 2844 3222 2913 quidem
3256 2855 3379 2897 esse
3404 2842 3521 2912 pal-

1940 2957 2060 3007 mae,
2107 2941 2267 2995 aliam
2319 2942 2474 3003 ficus,
2516 2940 2666 2994 canis
2722 2939 2848 2993 item
2889 2953 3040 2992 suam
3067 2951 3189 2993 esse
3216 2938 3519 3011 propriam,

1939 3033 2297 3103 similiterque
2338 3030 2538 3102 213a
2589 3031 2802 3096 cameli,
2838 3044 3011 3100 neque
3065 3027 3315 3085 eamdem
3371 3027 3518 3082 illam

1940 3140 2066 3182 esse
2117 3125 2263 3195 equi,
2303 3123 2591 3187 columba,
2644 3129 2740 3176 aut
2787 3119 3088 3180 hominum.
3140 3125 3196 3172 et
3241 3116 3297 3171 id
3348 3128 3520 3184 genus

260 3212 459 3277 (erat;
501 3209 683 3281 ἢπῶς
715 3208 777 3263 τὸ
821 3207 1161 3279 κυριώτατον
1211 3210 1305 3262 καὶ
1351 3211 1836 3281 άναγκαιότατονή

1946 3217 2204 3271 aliorum.
2244 3214 2301 3268 Si
2330 3229 2463 3283 ergo
2508 3221 2734 3282 possunt
2768 3212 2971 3275 dicere,
3005 3225 3104 3264 cur
3158 3224 3266 3263 non
3294 3217 3349 3262 et
3372 3221 3516 3261 nunc

262 3304 484 3373 γένεσις
505 3303 603 3356 ούκ
633 3301 854 3373 ἔχουσα,
893 3301 1038 3370 λέγω
1076 3300 1140 3373 δὴ
1166 3300 1230 3354 τὸ
1260 3302 1368 3356 άπὸ
1402 3302 1506 3373 γῆς
1540 3301 1746 3356 πλάσαι
1769 3302 1839 3355 τά

264 3395 472 3458 πάντα,
504 3393 597 3446 τοῦ
634 3394 965 3464 συγκρατεῖν
984 3391 1079 3445 καὶ
1121 3391 1407 3447 ἀποτελεῖν
1437 3394 1531 3447 καὶ
1558 3393 1841 3462 ἀφανίζειν

265 3485 391 3539 ἐστὶ
420 3486 581 3556 κυρία
605 3501 621 3552 ;
651 3483 733 3538 ἔτι
762 3484 821 3538 δὲ
844 3485 892 3537 εί
911 3485 932 3516 ⁸
958 3484 1067 3539 ἀπὸ
1093 3484 1191 3554 τῆς
1218 3485 1362 3540 κατά
1384 3484 1484 3556 τὴν
1509 3484 1660 3556 ὥραν
1689 3487 1844 3557 ἀκρι-

266 3578 401 3642 ϐοῦς
438 3577 786 3646 ἐπιγνώσεως
815 3578 1028 3649 ἑκάστῳ
1055 3577 1167 3630 τῶν
1202 3577 1502 3647 γινομένων
1527 3577 1595 3631 τά
1623 3578 1841 3648 συμϐη-

270 3666 473 3735 σόμενα
483 3664 752 3733 λέγουσιν,
766 3663 1056 3735 ἀνθρώπῳ,
1072 3681 1145 3735 φη
1154 3665 1237 3734 μὶ,
1256 3666 1351 3718 καὶ
1368 3664 1451 3735 βοῒ
1461 3666 1550 3718 καὶ
1561 3665 1735 3738 ὀρνέῳ
1747 3666 1842 3720 ml

271 3757 441 3826 πλοίῳ
462 3757 557 3809 καὶ
585 3755 756 3820 πόλει,
774 3757 869 3809 καὶ
897 3756 1116 3811 πάντων
1141 3751 1216 3811 ὧν
1243 3758 1341 3829 τὴν
1360 3757 1668 3829 πρόγνωσιν
1697 3758 1841 3829 ἔχειν

274 3848 660 3920 ίσχυρίζονται,
675 3847 793 3912 πῶς
817 3848 922 3919 γῆς
946 3849 1041 3903 καὶ
1057 3849 1332 3920 θαλάσσης
1346 3851 1547 3904 καὶτοῦ
1571 3853 1730 3923 ἀέρος
1741 3853 1841 3907 οὐκ

270 3941 471 4006 εἰδότες
494 3940 603 3995 τῶν
628 3940 896 4011 γενέσεων
920 3940 1047 4006 τοὺς
1084 3943 1331 4013 καιροὺς,
1360 3942 1431 3996 τὰ
1457 3942 1608 4014 πάθη
1634 3944 1841 3998 τούτων

256 4028 366 4088 ικαὶ
397 4034 495 4098 τὰς
523 4033 769 4106 κινήσεις
794 4035 888 4088 καὶ
926 4033 1027 4097 τάς
1057 4034 1363 4105 μεταϐολάς
1408 4034 1841 4104 ἐπαγγέλλονται

268 4124 479 4194 λέγειν;
513 4126 607 4179 καὶ
637 4124 754 4190 πῶς
789 4124 889 4178 οὐκ
921 4124 987 4179 ἀν
1026 4142 1111 4189 τις
1138 4124 1320 4191 αὐτοῖς
1348 4127 1693 4196 ἀπιστήσειε,
1724 4126 1841 4193 πῶς

267 4218 321 4271 δὲ
354 4218 456 4271 οὐκ
489 4216 555 4271 ἂν
591 4217 771 4271 αὐτῶν
815 4217 1215 4287 ἁποστραφεῖεν
1243 4218 1341 4290 τὴν
1390 4218 1627 4290 ἄμετρον
1652 4218 1843 4284 ἀλαζο-

267 4311 445 4376 νείαν;
472 4308 593 4362 οὐδὲ
622 4307 729 4378 γὰρ
754 4307 865 4361 τῶν
890 4308 1031 4360 κατά
1056 4308 1219 4378 μέρος
1243 4309 1502 4363 ἁπάντων
1531 4309 1840 4374 ἰδιαζούσας

268 4401 562 4473 παρέξουσι
609 4398 706 4462 τάς
752 4398 1016 4466 γενέσεις.
1054 4400 1161 4452 Καὶ
1193 4401 1300 4469 μὴν
1341 4401 1630 4455 ἀκόλουθον
1652 4402 1841 4455 τοσαύ-

264 4511 361 4556 τας
386 4488 527 4545 εἷναι
555 4491 821 4560 γενέσεων
857 4489 1138 4561 διαφοράς,
1164 4491 1266 4545 ὅσα
1300 4493 1368 4545 τά
1405 4491 1537 4562 γένη
1564 4492 1671 4545 τῶν
1702 4509 1837 4564 προ-

1942 3323 1974 3363 e
2000 3319 2142 3363 terra
2188 3307 2401 3377 genesis
2431 3304 2625 3360 formet
2660 3303 2938 3374 praedicta,
2968 3302 3198 3357 doceant
3222 3314 3340 3355 nos.
3374 3298 3520 3353 Nihil

1941 3400 2108 3464 enim,
2153 3397 2297 3469 quod
2325 3398 2493 3453 semel
2534 3399 2793 3452 duntaxat
2825 3411 2923 3466 per
2955 3408 3220 3464 geneseos
3248 3391 3512 3447 ambitum

1945 3492 2276 3560 perﬁciatur,
2321 3489 2416 3544 sed
2444 3489 2586 3544 idem
2621 3487 2785 3543 etiam
2814 3502 2956 3557 saepe
2986 3484 3169 3542 ellicit.
3233 3483 3344 3539 Cur
3373 3486 3521 3537 insu-

1942 3598 2040 3652 per
2070 3582 2139 3637 ab
2160 3581 2316 3637 initio
2337 3579 2553 3650 quidem
2584 3594 2691 3636 non
2714 3588 2906 3635 essent
2934 3593 3055 3648 quae
3080 3577 3339 3647 producta
3370 3584 3518 3638 sunt,

1943 3672 2047 3727 nisi
2103 3687 2134 3727 e
2182 3682 2327 3727 terra
2383 3671 2617 3726 formata
2658 3668 2934 3725 fuissent:
2989 3676 3111 3739 post
3154 3674 3337 3723 autem
3381 3663 3518 3719 nihil

1941 3767 2135 3820 horum
2174 3778 2206 3819 ο
2252 3773 2393 3818 terra
2428 3760 2734 3832 germinare
2763 3760 2955 3830 possit.
2990 3758 3085 3814 sed
3122 3773 3220 3828 per
3270 3765 3520 3812 mutuam

1941 3856 2137 3913 debeat
2167 3854 2572 3909 successionem
2598 3850 2907 3906 conservari
2930 3848 2954 3903 ?
2977 3849 3086 3901 Aut
3109 3848 3379 3914 quomodo
3395 3862 3518 3902 cum

1941 3963 2059 4019 quae
2100 3945 2317 4017 propria
2369 3944 2713 4012 maximeque
2762 3940 3066 3995 necessaria
3112 3947 3257 4004 sunt,
3307 3938 3521 4009 genesis

1943 4057 2045 4096 non
2076 4041 2273 4095 habeat
2293 4038 2423 4109 (vim
2456 4037 2601 4091 illam
2631 4046 2761 4105 puto
2782 4032 3047 4089 formandi
3075 4048 3106 4089 e
3138 4042 3281 4088 terra
3312 4032 3519 4102 omnia)

1942 4130 2300 4188 conservandi
2347 4126 2599 4202 [tamen],
2629 4125 2967 4196 perficiendi,
3005 4134 3167 4192 atque
3206 4123 3517 4178 destruendi

1941 4235 2133 4295 potens
2162 4222 2233 4276 sit
2258 4219 2283 4273 ?
2311 4218 2578 4273 Praeterea
2603 4217 2649 4272 si
2679 4231 2743 4272 ex
2774 4224 3025 4271 accurata
3044 4214 3133 4269 illa
3160 4214 3304 4268 hora:
3336 4211 3521 4282 cogni-

1943 4318 2108 4381 tione,
2138 4311 2368 4383 singulis
2392 4323 2511 4380 quaa
2536 4309 2828 4379 gignuntur
2854 4316 3110 4363 eventura
3139 4305 3401 4367 referunt,
3422 4306 3520 4358 ho-

1942 4406 2098 4470 mini,
2156 4404 2399 4473 inquam,
2453 4408 2507 4453 et
2538 4399 2713 4467 bovi,|
2728 4398 2814 4452 avi
2842 4406 3009 4466 atque
3033 4397 3181 4459 navi,
3237 4396 3356 4451 urbi
3387 4396 3517 4449 item

1941 4507 1996 4554 et
2023 4497 2234 4554 caeteris
2257 4493 2532 4556 omnibus,
2561 4506 2792 4561 quorum
2814 4489 3287 4560 pmcognitionem
3315 4487 3519 4541 habere

264 4583 571 4655 αγομένων.
602 4581 728 4646 Πῶς
779 4581 890 4653 γὰρ
937 4581 1004 4634 ἂν
1031 4581 1066 4651 ἡ
1094 4581 1252 4651 αὑτηὶ
1277 4580 1370 4634 τοῦ
1397 4581 1596 4653 δρόμου
1625 4583 1837 4650 γένεσις

1942 4606 2001 4648 se
2019 4598 2303 4645 asserunt:
2324 4586 2423 4660 [at]
2444 4600 2549 4656 qua
2576 4585 2783 4638 ratione
2812 4597 2933 4638 cum
2958 4592 3138 4642 terrae,
3164 4581 3353 4643 maris,
3374 4579 3519 4633 aeris

266 4676 404 4730 κύνα
428 4676 520 4729 καὶ
557 4674 749 4729 λέοντα
780 4674 1074 4746 ἐργάσαιτο
1096 4672 1117 4703 ⁸
1153 4677 1252 4726 καὶ
1292 4672 1580 4743 ἄνθρωπον
1622 4675 1717 4727 καὶ
1756 4674 1839 4728 ίπ-

1942 4678 2194 4749 genitura:
2223 4686 2462 4745 tempora
2506 4688 2612 4727 non
2649 4672 2919 4732 noverint,
2940 4670 3131 4723 horum
3176 4666 3514 4732 affectiones,

267 4785 386 4833 πον,
414 4766 542 4830 τοὺς
577 4762 830 4819 τοσοῦτον
878 4763 1125 4835 ἀλλήλων
1169 4762 1613 4829 διαλλάττοντας;
1647 4765 1765 4828 πῶς
1792 4766 1837 4818 δ’

1942 4785 1997 4824 ac
2050 4769 2334 4827 motiones,
2368 4764 2809 4831 mutationesque
2837 4761 3159 4816 denuntiare
3203 4772 3262 4814 se
3292 4757 3520 4827 promit-

267 4861 331 4915 ἂν
363 4859 454 4928 εἴη
490 4857 734 4912 ποικιλία
781 4856 1111 4928 χρωμάτων,
1148 4855 1463 4925 σχημάτων,
1512 4855 1835 4925 ποιοτήτων.

1942 4860 2102 4915 lunt?
2143 4857 2412 4927 quomodo
2456 4856 2578 4924 quis
2628 4854 2747 4910 istis
2789 4854 2994 4918 credat,
3030 4860 3124 4907 aut
3154 4865 3260 4921 qua
3308 4850 3520 4906 ratione

270 4953 345 5022 μὴ
382 4950 565 5005 πάντα
596 4947 847 5019 ποικίλης
888 4947 1153 5016 γενέσεως
1201 4944 1592 5015 ἀποτελούσης,
1633 4945 1709 5009 ὥς
1742 4964 1835 5014 φα-

1942 4948 2356 5007 immoderatam
2393 4947 2631 5014 ipsorum
2667 4946 3034 5016 arrogantiam
3060 4959 3165 4999 non
3191 4952 3473 4999 aversetur
3492 4944 3520 4999 ἳ

267 5059 389 5108 om;
420 5040 483 5093 οὐ
532 5038 660 5109 μίαν
710 5037 768 5091 δὲ
811 5037 1045 5107 ἑχόντων
1091 5035 1292 5106 πρᾶξιν
1336 5035 1370 5105 ἢ
1427 5034 1599 5099 πάθος
1637 5035 1697 5088 ἓν
1728 5036 1839 5089 τῶν

1944 5055 2215 5109 nunquam
2230 5038 2375 5093 enim
2398 5036 2708 5108 singulatim
2728 5036 2969 5091 omnium
2989 5036 3246 5091 exhibere
3266 5034 3516 5104 proprias

268 5134 525 5187 ἁπάντων
558 5127 944 5200 ἀνθρώπωντῆ
976 5126 1162 5180 ἵππων
1188 5127 1325 5179 ὅλων
1350 5126 1384 5196 ἢ
1408 5125 1627 5197 χοίρων,
1649 5128 1709 5179 ού
1744 5128 1840 5197 μέ-

268 5224 452 5293 γεθος,
470 5222 532 5275 οὺ
554 5221 739 5292 τάχος,
759 5219 859 5272 οὐκ
890 5219 1069 5288 ίσχὺν,
1094 5218 1155 5271 ού
1188 5216 1394 5288 φωνὴν,
1417 5217 1575 5287 δῆλον
1615 5217 1691 5281 ὼς
1719 5218 1841 5287 οὐχὶ

274 5317 398 5387 μίαν
424 5313 689 5384 γενέσεως
720 5311 914 5384 ῥοπὴν,
942 5312 1078 5365 άλλὰ
1098 5309 1361 5373 τοσαύτας
1396 5310 1839 5381 ἀναγκασθήσον-

269 5425 357 5461 ται
381 5407 585 5475 λέγειν,
619 5405 720 5475 ὅση
764 5404 992 5457 καὶτῶν
1032 5402 1476 5473 ἀποτελουμένων
1511 5404 1544 5473 ή
1582 5402 1833 5471 διαφορά,

271 5502 331 5555 οὐ
366 5501 528 5575 μόνον
560 5496 712 5563 ζώων
750 5496 1021 5567 χερσαίων
1050 5496 1145 5549 καὶ
1174 5494 1394 5565 πτηνῶν
1430 5494 1525 5549 καὶ
1577 5493 1833 5565 ἐνύδρων,

1940 5133 2223 5205 genituras
2266 5138 2541 5199 poterunt.
2568 5128 2636 5184 Et
2674 5142 2804 5183 vero
2835 5127 2999 5183 etiam
3046 5141 3385 5196 consequens
3432 5134 3517 5179 est

1944 5234 2022 5279 tot
2060 5236 2182 5277 esse
2208 5221 2579 5291 geniturarum
2610 5218 2964 5285 dill‘erentias,
2995 5226 3129 5289 quot
3160 5226 3286 5274 sunt
3324 5232 3515 5271 eorum

1941 5327 2061 5382 qua:
2115 5312 2488 5380 producuntur
2536 5322 2752 5379 genera.
2806 5307 2940 5363 Nam
3010 5309 3280 5379 quomodo
3324 5309 3513 5361 eadem

1943 5403 2196 5459 curriculi
2225 5404 2438 5474 genesis
2468 5416 2657 5456 canem
2688 5410 2743 5457 et
2770 5400 2980 5456 leonem
3019 5401 3302 5471 producat,
3337 5399 3513 5454 homi-

1946 5510 2065 5551 nem
2103 5496 2228 5550 item
2263 5506 2320 5550 ct
2355 5509 2557 5565 equum
2592 5503 2875 5563 tantopere
2924 5494 3064 5549 inter
3107 5509 3166 5549 se
3201 5493 3516 5562 discrepan-

1534 5668 1771 5724 νΑΒιΑεῑ
1801 5666 2204 5727 LECTIONES.

344 5794 387 5827 ⁸⁸
418 5794 722 5866 εἱμαρμένη
748 5796 812 5846 Α.
877 5792 933 5866 A"
967 5789 1095 5861 ὑπὸ]
1125 5788 1421 5866 Ιὶιιςὶάπό..
1498 5784 1515 5818 ¹
1547 5785 1799 5866 τῶνράςιι.
1831 5788 1895 5841 Δ.

278 5864 300 5895 ⁸
324 5867 369 5916 tl
396 5857 515 5921 add.
544 5857 609 5920 λζ
681 5857 1031 5934 ⁸ἰξργάσατο
1064 5857 1125 5924 (Ξ.
1200 5858 1219 5891 ⁷
1252 5857 1556 5929 ἀνθρώπων
1578 5858 1700 5913 add.
1732 5858 1796 5914 Α.

1994 5790 2013 5819 ¹
2047 5788 2198 5844 οὐδὲν
2224 5791 2267 5843 Α
2302 5804 2317 5845 :
2350 5790 2411 5844 ού
2448 5807 2507 5855 ς.
2617 5789 2833 5861 ἀὐτῆς
2868 5805 2927 5855 ς.
3034 5790 3054 5821 ⁸
3078 5787 3183 5841 ama
3204 5789 3301 5859 τῆς
3329 5786 3429 5857 γῆς
3452 5803 3510 5853 ς.
